4090 6456
601 438 697 491 ΠΙ

1262 432 1530 490 EUSEBII
1568 430 2041 491 CESARIENSIS
2079 430 2227 487 OPP.
2272 431 2452 488 PARS
2488 431 2575 489 Ill.
2616 464 2687 477 —
2723 430 3134 488 EXEGETICA.

3748 434 3853 491 I72

602 579 621 611 ι
659 557 833 612 Nolite
866 562 1055 623 putare
1079 552 1221 622 quod
1248 553 1492 608 venerim
1524 566 1710 622 pacem
1754 552 1967 606 mittere
1997 565 2140 617 supei

2261 552 2426 606 αὑτοῦ
2458 552 2727 620 λέγοντος,
2762 570 2781 602 ι
2811 552 2903 624 Μὴ
2936 552 3217 623 νομίσητε,
3255 552 3338 605 δτι
3370 546 3534 623 ἦλθον
3561 553 3744 625 βαλεῖν
3770 560 3850 611 εί-

598 660 828 703 terram.
861 662 968 701 non
1004 646 1122 700 veni
1154 659 1340 714 pacem
1370 645 1604 709 mittere,
1636 646 1729 699 sed
1765 644 2000 715 gladium
2033 645 2101 700 ".
2133 664 2152 698 ι

595 743 815 797 Gladius
841 750 1020 796 autem
1051 748 1173 795 erat
1198 740 1422 794 verbum
1454 738 1567 793 oris
1622 737 1758 807 ejus.
1808 753 1917 807 quo
1960 747 2157 792 terram

593 842 647 886 et
673 842 916 886 terrenos
964 844 1170 893 eorum,
1216 828 1309 899 qui
1341 829 1393 883 in
1421 828 1591 897 ipsum
1639 828 2005 893 crediderant,
2032 843 2157 883 sen-

592 938 687 978 sus
717 924 783 978 de
816 923 992 977 medio
1025 921 1262 976 tollebat.
1316 939 1335 972 ι
1366 919 1437 974 Ει
1466 921 1519 973 in
1551 920 1743 988 spiritu
1772 936 1868 985 per
1906 921 2044 976 labia
2074 921 2157 974 in-

592 1015 821 1069 terllcict
872 1013 1111 1082 impium.
1154 1029 1173 1063 ι
1218 1009 1509 1064 lnterliciet
1557 1010 1806 1078 impium,
1855 1010 2045 1064 atheos
2093 1024 2158 1065 ac

592 1106 782 1176 impios
811 1105 1077 1158 daemones
1102 1102 1156 1156 in
1186 1100 1377 1171 spiritu
1416 1101 1702 1169 increpans
1722 1112 1777 1156 et
1810 1102 1999 1172 procul
2034 1101 2153 1157 abi-

591 1214 723 1268 gens
752 1199 917 1253 verbo
947 1212 1043 1266 per
1068 1196 1207 1249 labia
1241 1195 1410 1263 ipsius
1435 1192 1685 1263 prola’to;
1734 1194 1807 1247 ita
1845 1204 1904 1248 ut
1934 1195 2006 1247 illi
2036 1193 2155 1248 cla-

590 1302 735 1347 ment
768 1302 821 1345 et
860 1291 1061 1351 dicant,
1101 1308 1119 1340 ι
1152 1287 1288 1357 Quid
1313 1284 1466 1340 nobis
1508 1296 1563 1341 et
1601 1288 1721 1349 tibi.
1751 1286 1850 1341 Fili
1883 1285 2021 1340 Dei‘.’
2064 1301 2154 1340 ve-

589 1383 715 1438 nisti
763 1391 889 1438 ante
947 1391 1157 1447 tempus
1187 1392 1437 1450 torquere
1492 1394 1608 1433 nos.
1665 1376 1923 1431 Novimus
1953 1385 2004 1430 te
2029 1377 2153 1447 quis

585 1480 679 1544 sis,
711 1485 933 1531 sanctus
957 1476 1049 1529 Dei
1081 1475 1145 1529 ⁸⁷.
1177 1493 1195 1526 ι

656 1568 821 1623 Vens.
852 1568 906 1623 5.
948 1584 967 1618 ι
993 1567 1057 1620 I-Jt
1098 1566 1202 1620 erit
1236 1564 1446 1635 iustitia
1496 1564 1712 1633 cinctus
1744 1562 1956 1616 lumbos
1999 1575 2145 1624 suos,

584 1669 639 1716 et
672 1661 903 1716 veritate
932 1657 1350 1715 eircumvolutus
1381 1656 1549 1711 latera
1578 1670 1694 1710 sua.
1731 1675 1749 1708 ι
1779 1653 2145 1720 Quemadmo-

584 1753 711 1806 dum
756 1750 898 1806 enim
944 1764 1034 1804 rex
1067 1764 1200 1803 zona
1241 1763 1426 1813 aurea,
1475 1756 1531 1803 et
1573 1746 1842 1817 lapidibus
1895 1746 2147 1815 pretiosis

584 1842 960 1913 praecingitur,
991 1841 1068 1895 sic
1108 1848 1161 1894 et
1200 1840 1247 1893 ei
1281 1840 1372 1908 qui
1424 1840 1475 1893 in
1521 1839 1796 1908 prophetia
1836 1837 2011 1892 fertur
2049 1852 2144 1891 zo-

2269 645 2436 716 ρήνην
2484 645 2577 697 ἐπὶ
2606 644 2703 714 τὴν
2732 643 2854 714 γῆν·
2888 647 2989 698 οὐκ
3019 640 3183 714 ἦλθον
3216 643 3396 715 βαλεῖν
3427 648 3672 720 είρήνην,
3711 650 3850 707 ἀλλά

2267 735 2561 805 μάχαιραν.
2600 754 2617 785 ι
2643 734 2899 805 Μάχαιρα
2922 733 2978 787 δὲ
3006 729 3074 805 ἦν
3101 736 3130 787 ό
3149 732 3305 803 λόγος
3328 734 3423 789 τοῦ
3453 737 3719 809 στόματος
3753 743 3850 796 αὐ.

2263 825 2379 891 τοῦ,
2407 823 2473 877 δι’
2497 816 2558 877 οὗ
2585 824 2685 896 τὴν
2716 824 2820 894 γῆν
2852 824 2946 877 καὶ
2970 822 3037 876 τὰ
3068 821 3245 897 γεώδη
3286 828 3610 899 φρονήματα
3635 830 3746 903 τῶν
3768 835 3850 896 εις

2262 916 2423 968 αὐτὸν
2460 915 2899 968 πεπιστευκότων
2927 914 3139 987 ἀνῄρει.
3178 934 3199 966 ι
3245 918 3355 971 Kal
3384 919 3443 972 ἐν
3472 919 3849 991 πνεύματιδιά

2262 1007 2482 1077 χειλέων
2535 1007 2713 1061 ἀνελεῖ
2754 1007 2943 1078 ἀσεϐῆ.
2989 1026 3007 1059 ι
3036 992 3259 1061 ’Ἄνελεῖ
3280 1009 3461 1065 τοίνυν
3492 1012 3687 1083 ἀσεϐῆ,
3733 1019 3848 1077 τοῖς

2260 1097 2441 1162 ἀθέοις
2475 1099 2567 1151 καὶ
2591 1096 2811 1152 ἀσεϐέσι
2839 1098 3087 1177 δαίμοσιν
3120 1100 3390 1170 ἐπιτιμῶν
3435 1102 3518 1173 τῷ
3550 1103 3844 1175 πνεύματι,

2261 1190 2355 1244 καὶ
2383 1188 2599 1262 μακρὰν
2619 1188 2816 1253 αὐτοὺς
2839 1188 3080 1242 ἐλαύνων
3104 1187 3181 1259 τῷ
3200 1187 3290 1244 διὰ
3304 1191 3413 1244 τῶν
3431 1192 3653 1262 χειλέων
3678 1193 3846 1247 αὑτοῦ

2261 1281 2651 1353 προφερομένιμ
2678 1280 2840 1351 λόγῳ⁸
2876 1282 2952 1346 ὠς
2981 1280 3109 1352 βοᾷν
3145 1282 3463 1351 αύτοὺςκκαὶ
3494 1283 3690 1352 λέγειν’
3720 1302 3740 1335 t
3780 1284 3845 1343 Τί

2258 1373 2389 1445 ἡμῖν
2421 1377 2533 1437 κα)⁵⁷
2568 1376 2670 1441 σοι,
2706 1373 2803 1428 Υίὶ
2830 1374 2924 1427 τοῦ
2950 1374 3119 1439 Θεοῦ;
3168 1369 3332 1445 ἦλθες
3371 1375 3478 1446 πρὸ
3511 1376 3705 1449 καιροῦ
3749 1375 3845 1447 βα-

2259 1466 2471 1521 σανίσαι
2497 1468 2662 1548 ἡμᾶς.
2689 1467 2923 1538 Οίδαμέν
2948 1484 3007 1520 σε
3035 1468 3119 1531 τίς
3151 1461 3219 1532 εἴ,
3254 1468 3282 1520 ὁ
3310 1466 3463 1535 ἀγιος
3495 1467 3589 1539 τοῦ
3618 1467 3781 1523 Θεοῦ.
3816 1486 3837 1521 ι

2332 1574 2351 1607 ι
2375 1559 2485 1611 Kal
2504 1557 2654 1611 ἔσται
2676 1558 2988 1631 δικαιοσύνῃ
3012 1558 3317 1630 ὲζωσμένος
3330 1558 3428 1631 τὴν
3458 1560 3629 1630 ὀσφὺν
3650 1560 3841 1649 aerei,

2254 1646 2348 1702 καὶ
2381 1648 2609 1722 ἀληθείᾳ
2633 1649 2917 1721 είλημένος
2942 1649 3041 1715 τὰς
3082 1648 3321 1721 πλευρὰς
3359 1650 3550 1708 αὑτοῦ.
3580 1671 3599 1704 ι
3629 1646 3844 1724 Ὥσπερ

2253 1740 2362 1812 γὰρ
2395 1740 2649 1813 βασιλεὺς
2680 1741 2821 1815 ζώνῃ
2843 1745 3019 1813 χρυσῇ
3050 1742 3143 1795 καὶ
3163 1741 3328 1806 λίθοις
3362 1741 3677 1800 πολυτελέσι
3702 1743 3843 1811 ζών-

2252 1848 2430 1896 νυται,
2447 1832 2539 1887 τὸν
2561 1833 2723 1888 αὐτὸν
2737 1833 2939 1907 τρόπον
2966 1834 3063 1887 καὶ
3084 1833 3163 1905 τῷ
3182 1836 3645 1908 προφητευομένῳ
3661 1835 3841 1909 ζώνην

586 1911 709 1990 nam
743 1930 1266 2000 assignatjustitiam
1299 1941 1354 1985 et
1375 1931 1683 1985 veritatem.
1706 1928 1800 1985 His
1821 1930 1947 1985 item
1982 1929 2140 1985 Verbi

2247 1924 2496 1996 ἀφορίζει
2525 1925 2622 2006 τὴν
2648 1924 2995 1997 δκαιοσύνην
3037 1926 3132 1980 καὶ
3169 1926 3266 1999 τὴν
3290 1924 3567 1998 ἀλήθειαν.
3602 1928 3839 1983 Δυνατὸν

581 2026 754 2081 deitas
786 2025 1005 2095 intelligi
1046 2022 1243 2095 petest.
1289 2024 1407 2094 Ipse
1432 2024 1627 2094 quippe
1666 2031 1785 2076 erat
1812 2022 2050 2089 justitia,
2085 2030 2144 2075 ut

581 2120 741 2176 docet
766 2117 1053 2187 Apostolus
1103 2118 1187 2173 his
1234 2118 1433 2181 verbis,
1482 2136 1501 2168 ‹
1528 2114 1627 2182 Qui
1661 2114 1835 2169 factus
1865 2124 1949 2169 est
1989 2114 2143 2169 nobis

581 2212 845 2280 sapientia
875 2226 903 2263 a
947 2210 1075 2270 Deo.
1110 2210 1315 2278 iustitia
1346 2222 1564 2278 quoque
1594 2214 1647 2260 et
1676 2204 2059 2266 sanctiﬁcatio,
2090 2213 2143 2257 et

545 2292 880 2369 ‘redemptio
902 2298 967 2352 ⁸⁸.
998 2318 1015 2350 ι
1056 2298 1171 2366 Ipse
1203 2311 1417 2367 quoque
1454 2293 1713 2349 Servator
1738 2294 1791 2348 in
1829 2292 2144 2364 Evangeliis

579 2388 781 2443 dixisse
797 2388 1071 2451 scribitur,
1096 2406 1115 2440 ι
1146 2386 1256 2456 Ego
1282 2400 1401 2443 sum
1422 2385 1534 2449 lux,
1553 2385 1823 2439 et'veritas
1839 2394 1894 2439 et
1912 2386 2015 2436 vita
2038 2385 2137 2437 ⁸⁸.»

579 2479 704 2534 I'Itec
750 2481 935 2550 igitur,
972 2478 1171 2534 veritas
1199 2478 1408 2533 scilicet
1441 2486 1498 2531 et
1534 2475 1747 2543 iustitia
1782 2476 1920 2545 ejus,
1950 2476 2041 2545 qui
2074 2492 2139 2529 ex

577 2572 759 2626 radice
804 2571 973 2627 Jessar.
1013 2570 1312 2641 prodierat,
1372 2569 1818 2638 constringebant
1867 2568 2040 2622 latera
2087 2577 2141 2622 et

577 2663 787 2719 lumbos
813 2665 869 2717 in
906 2662 1051 2732 regio
1089 2670 1143 2715 et
1190 2659 1410 2715 militari
1452 2660 1636 2715 habitu
1664 2700 1679 2727 ,
1716 2672 1966 2713 sermone
2026 2657 2142 2725 ejus

576 2767 764 2811 contra
791 2754 1029 2811 occultos
1050 2764 1103 2810 et
1144 2750 1441 2809 invisibiles
1477 2753 1659 2807 hostes
1693 2758 2009 2822 apparatum
2042 2749 2138 2804 de-

575 2849 836 2905 olarante.

644 3024 807 3081 Vens.
841 3025 894 3080 6.
943 3044 961 3077 ι
990 3024 1059 3080 Ει
1094 3025 1253 3080 simul
1306 3031 1490 3094 pascet
1538 3008 1694 3093 lupus
1719 3038 1843 3079 cum
1880 3036 2042 3093 agno,
2082 3033 2138 3079 et

572 3117 771 3186 pardus
801 3132 923 3171 cum
952 3116 1105 3171 haedo
1142 3117 1427 3171 accubabit
1450 3133 1465 3170 :
1492 3125 1546 3170 et
1576 3116 1796 3180 vitulus,
1830 3126 1884 3169 et
1929 3126 2137 3182 taurus,

571 3218 626 3263 et
654 3212 735 3264 leo
763 3208 924 3264 simul
953 3218 1205 3277 pascent,
1235 3217 1289 3262 et
1326 3221 1459 3278 puer
1485 3209 1742 3277 parvulus
1772 3216 1896 3278 aget
1925 3223 2052 3265 eos:
2082 3216 2137 3263 et

2246 2015 2302 2068 δὲ
2330 2016 2417 2069 διὰ
2453 2015 2656 2069 τούτων
2686 2017 2781 2070 καὶ
2818 2016 2916 2089 τὴν
2966 2017 3193 2088 θεότητα
3232 2017 3328 2071 τοῦ
3361 2019 3537 2087 Λόγου
3576 2019 3834 2074 νοεῖσθαι·

2245 2108 2406 2171 αὐτὸς
2423 2107 2532 2180 γὰρ
2559 2103 2627 2179 ἦν
2656 2110 2689 2181 ή
2717 2107 3054 2180 δικαιοσύνη,
3073 2108 3149 2173 ὡς
3172 2109 3411 2164 διδάσκει
3440 2110 3614 2180 λέγων
3634 2114 3664 2166 ό
3680 2113 3838 2167 ’Λπό-

2247 2200 2451 2263 στολος·
2487 2219 2505 2252 ι
2530 2197 2645 2264 "Oc
2675 2201 2906 2273 ἐγενήθη
2941 2203 3073 2273 ἡμῖν
3108 2202 3270 2271 σοφία
3298 2203 3407 2256 ἀπὸ
3430 2203 3589 2267 Θεοῦ,
3622 2204 3835 2259 δικαιο-

2247 2291 2380 2361 σύνη
2408 2308 2467 2344 τε
2508 2293 2602 2346 καὶ
2632 2294 2917 2364 ἁγιασμὸς,
2945 2296 3037 2348 καὶ
3056 2293 3448 2367 ἀπολύτρωσις.
3484 2315 3503 2347 ι
3542 2296 3651 2349 Kal
3673 2297 3836 2362 αὐτὸς

2243 2381 2301 2434 δὲ
2328 2385 2356 2435 ὁ
2379 2382 2568 2455 Σωτὴρ
2602 2387 2659 2438 ἐν
2703 2384 3059 2453 Εὑαγγελίοις
3108 2386 3350 2457 εἰρηκὼς
3393 2388 3831 2461 ἀναγέγραπται,

2250 2493 2268 2526 ι
2312 2474 2452 2544 Ἐγώ
2490 2478 2604 2547 είμι
2632 2476 2693 2529 τὸ
2721 2476 2854 2547 φῶς,
2878 2478 2973 2533 καὶ
3000 2481 3032 2549 ἡ
3059 2478 3306 2551 ἀλήθεια,
3331 2482 3426 2534 κα)⁵
3446 2482 3478 2552 ἡ
3502 2480 3637 2553 ζωή.
3679 2502 3698 2534 ι
3726 2476 3834 2535 Ab-

2242 2581 2331 2617 ται
2366 2566 2545 2620 τοίνυν
2574 2569 2606 2639 ἡ
2632 2566 2860 2639 ἀλήθεια
2901 2570 2994 2623 καὶ
3023 2572 3056 2641 η
3099 2569 3417 2645 δικαιοσύνη
3458 2572 3549 2626 τὸν
3579 2576 3643 2627 ὲκ
3675 2574 3835 2648 ῥίζης

2256 2657 2451 2712 Ἰεσσαὶ
2482 2676 2873 2731 περιεσφιγγον
2895 2662 3132 2735 πλευράς
3163 2666 3257 2719 καὶ
3290 2666 3462 2736 ὀσφῦν
3492 2668 3550 2721 ὲν
3566 2667 3835 2741 βασιλικῷ

2242 2750 2334 2803 καὶ
2381 2751 2441 2803 ὲν
2490 2752 2866 2825 στρατιωτικῷ
2916 2757 3176 2826 σχήματι,
3201 2757 3262 2811 τὸ
3290 2757 3432 2811 κατά
3467 2758 3577 2812 τῶν
3607 2761 3835 2829 ἀφανῶν

2242 2841 2334 2894 καὶ
2365 2841 2612 2912 ἀοράτων
2652 2842 2927 2897 πολεμίων
2969 2846 3303 2919 παράστημα
3331 2848 3497 2902 αὑτοῦ
3534 2850 3833 2920 ἐμφαίνον-

2240 2947 2332 2993 τος
2355 2930 2449 2983 τοῦ
2483 2930 2667 2998 λόγου.

2318 3040 2336 3073 ι
2374 3023 2482 3075 Και
2533 3023 3049 3097 συμϐοσκηθήσεται
3096 3026 3261 3093 λύκος
3311 3030 3449 3100 μετά
3492 3032 3677 3103 ἀρνὸς,
3734 3034 3831 3089 καὶ

2240 3114 2507 3187 πάρδαλις
2538 3120 3009 3173 συναναπαύσεται
3052 3123 3246 3193 ἐρίφῳ
3278 3125 3373 3177 καὶ
3411 3128 3702 3197 μοσχάριον
3734 3129 3829 3181 καὶΙ

2239 3209 2437 3279 ταῦρος
2486 3210 2580 3263 καὶ
2630 3209 2764 3265 λέων
2800 3212 2915 3281 ἅμα
2966 3213 3417 3286 βοσκηθήσονται,
3466 3218 3561 3271 xal
3613 3220 3829 3273 παιδίον

572 3301 669 3357 bos
695 3311 748 3358 et
777 3316 937 3355 ursus
965 3314 1070 3353 una
1107 3311 1418 3369 pascentur,
1451 3308 1505 3354 et
1540 3298 1701 3361 catuli
1732 3315 1917 3353 eorum
1976 3299 2134 3354 simul

2245 3274 2433 3374 μικρὸν
2464 3302 2819 3367 ἇξειαύτούς⁸
2841 3274 2939 3358 καὶ
2962 3274 3087 3376 βοῦς
3108 3274 3204 3360 καί
3248 3274 3450 3380 ἄρκτος
3478 3311 3593 3381 ἅμα
3627 3311 3828 3385 βοσκη-

572 3402 753 3456 erunt,
805 3401 862 3447 et
906 3391 989 3447 leo
1038 3390 1190 3459 quasi
1248 3391 1343 3443 bos
1384 3390 1633 3446 comedet
1681 3389 1883 3460 paleas.
1932 3409 1950 3443 ›
1997 3388 2132 3458 Lupi

570 3486 786 3554 quidem
810 3486 950 3539 inter
978 3482 1223 3537 homines
1260 3476 1384 3535 sunt
1410 3480 1512 3534 viri
1541 3496 1763 3552 rapaces
1789 3501 1801 3537 :
1833 3498 1861 3535 ο
1893 3483 2132 3553 nequitia

570 3588 700 3629 vero
733 3588 828 3629 sua
855 3572 1192 3641 resipiscent,
1242 3571 1316 3625 ita
1361 3580 1420 3625 ut
1463 3586 1584 3626 cum
1641 3572 1792 3641 agnis
1820 3570 2038 3627 mitibus
2081 3584 2137 3626 et

569 3664 866 3722 mansuetis
894 3678 1083 3719 eorum
1112 3661 1306 3715 animae
1338 3661 1437 3717 sub
1470 3677 1575 3717 uno
1599 3662 1849 3718 Ecclesiae
1878 3664 2005 3719 ovili
2037 3663 2134 3718 de-

568 3767 717 3831 gant.
750 3757 854 3813 Alii
883 3773 1014 3814 vero
1048 3760 1203 3828 longe
1231 3758 1598 3823 immaniores,
1630 3768 1791 3830 atque
1837 3761 2132 3815 vehemen-

571 3862 657 3906 ter
687 3848 895 3905 en‘erati
925 3850 1044 3913 viri,
1071 3850 1203 3903 nibil
1228 3864 1257 3903 a
1298 3848 1483 3919 pardis
1508 3850 1901 3919 discrepantes,
1941 3850 2133 3906 bellua:

570 3941 902 4003 ferocitatem
932 3941 1282 4008 deponentes,
1313 3954 1421 3993 una
1447 3954 1566 3993 cum
1596 3939 1762 3993 haedis
1785 3940 2133 4010 simpliciori-

566 4035 666 4088 bus
692 4048 756 4089 ac
786 4032 1086 4087 mitioribus
1109 4030 1871 4086 accubabunt.Aliiveroleoui
1892 4032 2132 4088 moribus

564 4140 826 4199 perquam
860 4125 1087 4186 similes,
1115 4123 1486 4180 crudelitatem
1515 4133 1568 4180 et
1594 4126 1943 4179 voracitatem
1972 4142 2128 4180 suam

562 4226 863 4281 «nutantes,
891 4232 993 4271 una
1024 4232 1146 4271 cum
1181 4215 1482 4270 infantibus
1524 4216 1780 4269 Ecclesiae
1811 4232 2003 4272 recens
2040 4233 2131 4272 or-

562 4309 656 4372 tis,
688 4311 840 4377 quasl
878 4318 1064 4362 taurus
1092 4317 1148 4362 et
1176 4307 1374 4362 vitulus
1414 4317 1660 4377 pascent,
1693 4308 1879 4363 eodem
1910 4310 2031 4365 cibo
2060 4326 2125 4366 ex

564 4402 759 4455 divinis
810 4398 1101 4469 Scripturis
1145 4398 1313 4467 petito
1358 4407 1589 4453 utentes.
1650 4398 1802 4464 Quod
1858 4404 1900 4455 si
1939 4403 2127 4457 videas

562 4495 740 4565 regios
771 4494 913 4548 viros
942 4493 1201 4561 dignitate
1228 4500 1281 4545 et
1312 4491 1628 4559 praestantia
1669 4491 1721 4544 in
1758 4493 1863 4547 hac
1897 4493 2001 4547 vita
2027 4509 2121 4548 or-

2237 3394 2516 3467 θήσονται,
2577 3397 2671 3450 καὶ
2705 3398 2822 3469 ἅμα
2876 3399 2946 3453 τὰ
2992 3401 3181 3454 παιδία
3234 3403 3414 3456 αὐτῶν
3452 3404 3685 3471 ἔσονται,
3732 3409 3826 3462 καὶ

2234 3486 2371 3540 λέων
2400 3489 2477 3552 ὠς
2503 3488 2629 3558 βοῦς
2669 3492 2901 3560 φάγεται
2942 3491 3141 3563 ἄχυρα.
3187 3513 3207 3546 ι
3244 3495 3413 3549 Λύκοι
3443 3497 3540 3567 μὲν
3570 3493 3662 3552 οὖν
3690 3500 3740 3552 οἱ
3766 3501 3825 3552 ἐν

2233 3580 2536 3654 ἀνθρώποις
2554 3584 2903 3654 άρπακτικοί·
2926 3585 3288 3655 μεταϐαλοῦσι
3311 3587 3369 3641 δὲ
3381 3589 3479 3661 τῆς
3497 3590 3821 3665 μοχθηρίας,

2230 3670 2307 3735 ὼς
2353 3672 2491 3742 μετά
2542 3673 2723 3745 ἀρνῶν
2768 3674 2991 3746 ἡμέρων
3024 3675 3117 3728 καὶ
3147 3678 3340 3748 πράων
3366 3678 3464 3742 τὰς
3491 3680 3668 3750 ψυχάς
3718 3681 3822 3735 ὑτὼ

2234 3762 2361 3833 μίαν
2399 3764 2725 3835 Ἐκκλησίαν
2755 3764 3136 3836 ἀγελάζεσθαι.
3160 3767 3343 3822 Ἀλλοι
3358 3769 3415 3823 δὲ
3442 3769 3709 3844 ὠμότεροι
3726 3774 3822 3826 καὶ

2232 3854 2434 3925 σφόδρα
2473 3856 2885 3927 ἀπηγριωμένα
2917 3858 3129 3930 ἀνδρες,
3178 3859 3334 3914 οὐδὲν
3364 3862 3679 3934 παρδάλεων
3706 3866 3822 3919 δια-

2231 3946 2504 4017 φέροντες,
2543 3947 2603 4000 τὸ
2634 3948 2725 4001 τοῦ
2760 3948 2925 4021 θηρὸς
2957 3949 3185 4021 φοϐερὸν
3220 3951 3577 4024 ἀποθέμενοι,
3607 3953 3821 4026 ἐρίφοις

2229 4036 2346 4107 ἅμα
2378 4040 2487 4099 τοῖς
2512 4038 2897 4113 ἁπλουστέροις
2914 4040 3008 4093 καὶ
3033 4042 3439 4120 ἀκεραιοτέροις
3473 4048 3818 4101 συναναπαύ-

2230 4146 2435 4183 σονται.
2478 4131 2588 4183 Καὶ
2636 4131 2810 4186 λέοντι
2841 4134 2898 4187 δὲ
2945 4136 3073 4200 τοὺς
3113 4139 3352 4208 τρόπους
3384 4142 3817 4211 παρεικασμένοι

2227 4220 2394 4285 ἄλλοι,
2423 4220 2482 4274 τὸ
2511 4221 2801 4293 ὠμόθυμον
2832 4229 2926 4281 καὶ
2964 4229 3299 4302 σαρκοϐόρον
3332 4228 3465 4302 ἦθος
3487 4231 3817 4300 ἐναλλάξαν-

2226 4330 2336 4378 τες,
2363 4312 2497 4383 ὁμοῦ
2526 4320 2637 4381 τοῖς
2665 4319 2722 4371 ὲν
2754 4324 2818 4393 τῇ
2854 4320 3150 4394 Ἐκκλησία
3179 4327 3440 4392 νεογνοῖς,
3464 4324 3655 4398 ὥσπερ
3684 4325 3818 4380 ταῦ-

2230 4420 2321 4473 ρος
2362 4406 2455 4458 καὶ⁸
2498 4407 2714 4478 μόσχος,
2754 4411 3335 4485 βοσκηθήσονταιμτῆς
3378 4415 3552 4486 αὐτῆς
3587 4417 3653 4468 ἐκ
3705 4416 3817 4470 τῶν

2227 4495 2384 4551 θείων
2413 4498 2584 4566 λόγων
2629 4504 3059 4575 μεταληψόμενοι
3090 4508 3295 4578 τροφῆς
3349 4507 3483 4578 (17).
3535 4508 3598 4561 El
3628 4508 3686 4562 δὲ
3718 4510 3815 4562 καὶ

562 4588 820 4654 ιιοιοε,ἱιι
871 4584 1106 4641 Ecclesia
1157 4582 1249 4638 Dei
1299 4598 1421 4637 cum
1484 4584 1810 4652 pauperibus
1840 4599 1903 4639 ex
1941 4586 2121 4638 inllma

2245 4587 2536 4655 Ξασιλικούς
2562 4611 2688 4646 ποτε
2711 4594 2927 4665 ἄνδρας,
2957 4596 3226 4668 ἀξιώματι
3255 4600 3348 4651 καὶ
3378 4601 3671 4671 ὑπεροχαῖς
3691 4603 3815 4663 ταῖς

560 4682 714 4750 plebe
749 4688 1123 4749 congregatos,
1170 4693 1236 4733 ne
1278 4678 1545 4731 cuncteris
1594 4677 1778 4731 dicere
1822 4679 1984 4731 etiam
2022 4678 2124 4733 hac

2245 4682 2372 4735 ιιατά
2384 4684 2471 4735 τὸν
2503 4685 2613 4754 βίον
2634 4690 3050 4759 τετιμημένους,
3081 4690 3295 4744 θεάσοιο
3320 4691 3377 4743 ὲν
3404 4694 3470 4763 τῇ
3516 4692 3812 4764 Ἐκκλησία

562 4773 774 4827 ratione
830 4770 1103 4839 itnpletam
1157 4784 1276 4823 esse
1304 4768 1671 4838 Scripturam.
1701 4768 1904 4824 Omnes
1942 4771 2127 4839 itaque

2245 4773 2324 4825 τοῦ
2349 4774 2504 4841 Θεοῦ,
2540 4778 2676 4847 μετά
2706 4782 2951 4852 πενήτων
2985 4781 3078 4835 καὶ
3114 4782 3348 4837 εὐτελῶν
3385 4785 3809 4855 συναγομένους,

556 4867 665 4934 jam
694 4872 1017 4918 memoratos
1045 4862 1218 4930 lupos,
1244 4875 1436 4929 agnos,
1488 4861 1705 4929 pardos,
1757 4860 1959 4925 haedos,
2011 4861 2123 4915 leo-

2245 4865 2311 4934 μὴ
2332 4865 2476 4918 ὄκνει
2501 4868 2680 4936 λέγειν
2715 4871 2807 4923 καὶ
2834 4871 2977 4926 οὕτω
3008 4873 3398 4945 πεπληρῶσθαι
3432 4875 3529 4946 τὴν
3560 4876 3599 4928 Γ
3605 4879 3805 4950 ραφήν.

560 4973 677 5023 nes,
736 4955 930 5008 vitulos
982 4966 1037 5008 et
1095 4963 1306 5015 tauros,
1371 4965 1427 5005 ut
1486 4952 1703 5017 dicitur,
1754 4967 1887 5021 puer
1950 4952 2128 5009 iulans

2245 4955 2447 5019 Πάντας
2491 4958 2671 5013 τοίνυν
2714 4960 2849 5032 όμοῦ
2883 4963 3010 5026 τοὺς
3056 4964 3419 5028 ἀποδοθέντας
3464 4964 3664 5029 λύκους
3714 4970 3810 5022 καὶ

560 5060 699 5119 aget.
746 5048 877 5103 Illud
910 5057 1087 5101 autem
1144 5062 1164 5095 ι
1196 5053 1335 5112 aget,
1369 5062 1389 5096 ι
1438 5044 1595 5112 quasi
1645 5061 1663 5095 ι
1697 5045 2067 5115 congregabit,
2100 5064 2119 5097 ι

2245 5047 2419 5119 ἱρνας,
2450 5051 2545 5103 καὶ
2568 5052 2885 5123 παρδάλεις,
2916 5055 3010 5107 καὶ¹
3042 5054 3282 5126 ἐρίφους,
3312 5057 3407 5108 καὶ
3448 5056 3687 5124 λέοντας,
3715 5060 3808 5113 καὶ

558 5145 756 5198 dictum
778 5152 880 5196 est.
927 5137 1083 5206 Quod
1139 5137 1252 5207 ipsa
1299 5150 1357 5189 re
1406 5145 1614 5205 gestum
1663 5138 1970 5206 perspicere
2002 5136 2126 5192 licet

2245 5141 2479 5211 ιόσχους,
2506 5144 2599 5197 καὶ
2626 5144 2876 5216 ταύρους,
2912 5148 3121 5201 παιδίον
3142 5150 3334 5221 νήπιον
3361 5148 3510 5215 ἄξειν
3533 5149 3807 5206 λέλεκταιε

558 5237 645 5299 iis,
668 5234 758 5303 qui
786 5232 1074 5302 praesulum
1104 5228 1298 5283 multos
1324 5229 1509 5281 vident
1543 5228 1596 5281 in
1631 5227 1870 5282 Ecclesia
1897 5228 2140 5294 Christi,‘

2245 5233 2299 5285 Γὸ
2319 5235 2395 5297 δὲ,
2438 5254 2456 5286 ι
2488 5234 2626 5301 ἄξει,
2670 5257 2688 5289 ι
2719 5240 2839 5291 ἀντὶ
2869 5240 2982 5303 τοῦ,
3013 5262 3030 5293 ι
3072 5241 3306 5307 συνάξει,
3345 5262 3363 5293 ι
3403 5242 3639 5311 λέγεται.
3678 5245 3807 5315 Ἔρ-

555 5327 624 5379 ob
677 5324 841 5380 animi
891 5322 1293 5389 simplicitatem
1339 5327 1392 5373 et
1440 5320 1831 5385 innocentiam,
1878 5320 2008 5374 nihil
2052 5322 2120 5375 ab

2245 5342 2305 5395 τῳ
2338 5327 2393 5380 δὲ
2445 5328 2560 5382 ἐστι
2619 5331 2953 5402 παραλαϐεῖν
3005 5336 3098 5387 καὶ
3139 5334 3315 5396 τοῦτο,
3364 5335 3605 5406 ὁρῶντας
3634 5337 3694 5389 ὲν
3736 5341 3805 5409 τῇ

555 5417 849 5473 infantibus
878 5415 1185 5481 discrepare
1214 5432 1230 5468 :
1258 5411 1361 5467 etsi
1396 5420 1575 5465 tamen
1608 5410 1847 5479 praefecti
1889 5412 1998 5466 sint
2025 5428 2118 5467 eo-

2245 5415 2532 5490 Ἐκκλησίᾳ
2564 5421 2795 5492 Χριστοῦ
2835 5424 2960 5486 τοὺς
3000 5423 3282 5485 πλείστους
3308 5422 3417 5476 τῶν
3445 5426 3806 5496 προεστώτων

556 5524 694 5573 rum,
734 5509 823 5575 qui
864 5507 928 5560 ab
958 5506 1101 5561 omni
1133 5519 1333 5574 genere
1391 5506 1444 5558 in
1485 5520 1648 5557 unum
1696 5512 2115 5573 congregantur.

2245 5509 2293 5560 it'
2318 5510 2596 5582 ἁπλότητα
2622 5512 2795 5583 ψυχῆς
2818 5516 2911 5567 καὶ
2945 5516 3179 5568 ἀκακίαν
3202 5514 3353 5567 οὐδὲν
3378 5517 3587 5587 νηπίων
3612 5517 3804 5588 διαφέ-

554 5602 683 5654 Cum
708 5616 866 5670 porro
897 5600 993 5666 ait,
1051 5618 1069 5651 ι
1098 5599 1166 5653 Ει
1192 5602 1291 5653 bos
1326 5611 1383 5653 et
1413 5614 1569 5652 ursus
1610 5607 1898 5668 pascentur
1958 5596 2119 5651 simul

2245 5616 2436 5665 zovrag'
2466 5604 2614 5674 ὅμως
2640 5606 2682 5657 δ’
2711 5602 2803 5659 οὖν
2839 5607 3177 5678 ἡγουμένους
3210 5606 3316 5660 τῶν
3343 5608 3451 5661 ἀπὸ
3479 5609 3681 5674 παντὸς
3709 5611 3803 5680 γέ-

624 5717 669 5748 “
700 5715 885 5771 Matth.
913 5733 971 5783 ι,
997 5716 1087 5771 54.
1160 5715 1204 5747 ⁸⁷
1237 5712 1428 5770 Matth.
1460 5728 1582 5779 vm,
1621 5712 1705 5767 29.
1795 5711 1842 5742 “
1874 5711 2039 5766 lCor.
2074 5711 2210 5778 1,50.
2289 5715 2333 5745 "
2359 5714 2516 5772 Joan‘.
2545 5733 2656 5785 xiv,
2680 5717 2712 5773 6

582 5834 729 5956 l(l7)
772 5831 920 5957 "Illuc
968 5833 1099 5889 item
1158 5830 1356 5897 locum,
1409 5830 1596 5902 paucis
1656 5830 1975 5899 immutatis,
2016 5831 2270 5901 exprimit
2325 5834 2705 5904 Hieronymus,
2774 5857 2792 5890 ι
2824 5838 2977 5907 Quod
3005 5838 3250 5908 qumidie
3297 5839 3577 5897 cernimus
3609 5840 3664 5895 in
3700 5839 3794 5896 Ec-

598 5921 733 5957 csla.
759 5922 778 5956 D
813 5919 843 5957 ε
870 5918 919 5957 C.

547 5918 706 5960 CICSISI
718 5944 733 5961 ι
759 5922 778 5956 Ι
813 5918 919 5959 εις.
