4090 6430
198 508 296 568 ΓΞ
1157 499 1665 565 COMMENTARIA
1708 495 1779 555 ΙΝ

1901 494 2080 555 “AM.
2123 532 2189 542 —
2227 495 2384 557 CAP.
2424 494 2520 558 ῙΙ.

3402 492 3505 555 ΓΜ

195 643 314 691 νονς
332 625 483 681 κατά
503 624 568 680 τὸ
587 625 722 681 αὐτὸ
744 625 1144 697 συναγομένων.
1165 625 1350 680 Είπων
1369 623 1450 691 δὲ,
1481 641 1500 675 ι
1533 620 1648 676 Καὶ
1675 617 1798 691 βοῦς

1911 627 1968 672 et
1993 634 2100 674 una
2129 625 2292 674 erunt
2317 617 2482 674 catuli
2514 626 2730 682 eorum,
2754 629 2778 670 s
2815 613 2906 671 hic
2933 623 3151 685 quoque
3181 621 3500 668 mansueto-

196 719 285 773 καὶ
320 720 532 791 ἄρκτος
567 719 998 791 βοσκηθήσονται
1023 719 1163 790 ἀμα,
1194 719 1290 773 καὶ
1323 709 1442 790 ἅμα
1475 716 1697 770 ἔσονται
1731 713 1804 766 τά

197 811 381 865 παιδία
411 811 626 875 αὐτῶν,
657 829 685 862 νι
717 810 995 865 κάνταῦθα
1020 811 1240 882 ἡμέρων
1277 827 1337 864 τε
1393 808 1486 864 καὶ⁵
1514 810 1596 872 είς
1621 825 1806 878 γεωρ-

197 904 316 975 γίαν
337 905 528 975 ψυχῆς
557 905 885 975 ἐπιτηδείων
929 905 1160 978 ἀνδρῶν,
1195 904 1288 958 καὶ
1311 903 1488 957 ἀλλων
1509 903 1807 974 ἀπηγριω-

199 998 370 1068 μένων
411 1000 534 1059 τοῖς
579 997 829 1067 τρόποις,
875 998 973 1070 τὴν
1006 998 1095 1050 ἐπὶ
1123 996 1185 1050 τὸ
1206 996 1338 1050 αὐτὸ
1375 995 1663 1051 κοινωνίαν
1687 995 1807 1075 δια-

196 1089 414 1161 γράφει.
476 1089 556 1143 Σὺ
589 1083 685 1143 οὖν
733 1088 1001 1143 πλουσίων
1039 1107 1096 1142 τε
1124 1086 1216 1142 καὶ
1244 1089 1512 1158 πενήτων,
1545 1083 1807 1158 πονηρῶν

195 1199 250 1236 τε
281 1183 375 1235 καὶ
402 1180 637 1249 ἀγαθῶν
663 1178 861 1247 παῖδας
884 1182 1024 1254 ὀρῶν
1056 1182 1559 1254 συγκρατουμένους
1579 1181 1674 1235 tati.
1701 1179 1806 1252 τῆς

208 1271 561 1343 Ἑκκλησίας,
625 1271 1001 1344 μαρτυρήσεις
1050 1272 1116 1343 τῇ
1177 1272 1485 1344 προφητείᾳ
1540 1271 1800 1346 φησάσῃ,

203 1383 220 1416 ι
250 1367 358 1420 Καὶ
377 1364 508 1436 ἅμα
523 1364 595 1418 τά
624 1364 814 1420 παιδία
839 1363 1019 1419 αύτῶν
1045 1364 1280 1419 ἔσονται.
1315 1385 1335 1417 ι
1385 1365 1444 1419 Ὀ
1466 1366 1806 1439 σαρκοϐόρος

195 1455 366 1509 τοίνυν
397 1456 508 1528 τὴν
533 1453 698 1526 φύσιν
725 1456 882 1520 λέων,
907 1456 1130 1528 ἀχύροις
1151 1457 1484 1529 τρεφόμενος
1516 1458 1803 1530 ποηφάγου

197 1544 330 1610 (dioto
371 1547 564 1618 δίκην,
616 1547 904 1619 ἄνθρωπος
930 1546 997 1600 ἀν
1039 1549 1124 1618 είη
1157 1547 1322 1602 πάλιν
1373 1547 1650 1622 θηριώδης
1705 1549 1802 1604 καὶ

195 1637 433 1708 ἀπηνὴς,
463 1637 596 1710 ψιλῇ
654 1641 721 1709 τῇ
763 1638 904 1706 λέξει
967 1638 1065 1709 τῆς
1099 1639 1250 1702 θείας
1307 1632 1513 1712 χαίρων
1552 1641 1799 1714 Γραφῆς.

206 1727 266 1786 ’θ
294 1733 396 1802 μὲν
428 1732 540 1804 γὰρ
591 1731 872 1786 λανθάνων
902 1734 960 1786 tv
1008 1731 1319 1806 ἀποκρύφῳ
1360 1733 1504 1798 νοῦς.
1546 1735 1710 1798 αὐτὸς
1735 1734 1802 1789 ἂν

194 1822 274 1895 είη
304 1825 334 1877 ό
367 1824 552 1896 πυρὸς
571 1820 666 1878 καὶ
692 1825 722 1876 ό
741 1823 927 1895 ψυχῶν
947 1825 1213 1897 τρόφιμος
1246 1810 1424 1895 λόγος’
1457 1828 1491 1897 ή
1523 1825 1583 1880 δὲ
1611 1826 1802 1880 τοῦτον

195 1916 606 1990 περιδάλλουσα
630 1916 774 1982 λέξις
803 1917 865 1971 τὸ
896 1917 1121 1989 ἄχυρον.

1911 727 2055 778 rum,
2088 721 2142 767 et
2177 711 2245 765 ad
2277 711 2476 765 animat
2505 709 2900 782 agriculturam
2951 706 3285 763 idoneorum
3327 704 3503 760 homio

1911 817 2064 867 num,
2118 801 2463 868 aliorumque
2514 801 2766 855 moribus
2815 796 3192 860 eleratorum,
3251 809 3500 850 commu-
3577 837 3580 842 .

1909 894 2127 949 nionem
2160 891 2442 949 describit.
2501 892 2582 948 Tu
2635 906 2769 962 ergo
2817 891 2907 961 qui
2949 890 3175 946 divitum
3206 897 3261 944 et
3297 902 3473 958 paupe

1909 1002 2054 1055 rum,
2104 985 2476 1057 improborum
2527 995 2584 1040 et
2627 985 2896 1040 bonorum
2960 982 3101 1038 filios
3147 984 3200 1039 in
3256 983 3496 1039 Ecclesia

1909 1082 2168 1136 collectos
2221 1081 2388 1144 vides,
2469 1078 2770 1149 prophetiae
2825 1077 3200 1131 testimonium
3262 1075 3496 1139 reddes.

1909 1188 2030 1244 quae
2058 1174 2157 1239 ait,
2203 1193 2221 1225 ι
2251 1171 2316 1228 Et
2338 1171 2498 1228 simul
2536 1169 2704 1225 catuli
2730 1183 2923 1226 eorum
2952 1176 3134 1223 erunt.
3180 1183 3200 1219 ι
3231 1163 3342 1221 Leo
3391 1166 3497 1222 itas

1909 1281 2015 1337 que
2065 1277 2257 1321 natura
2295 1265 2639 1328 carnivarus,
2690 1263 2868 1317 instar
2921 1258 3180 1315 animalis
3222 1259 3497 1315 berbivorl

1909 1359 2060 1430 palea
2104 1360 2367 1425 nutritus,
2410 1358 2537 1428 jure
2603 1355 2878 1411 habeatur
2917 1367 3018 1423 pro
3062 1351 3284 1407 homine
3322 1349 3497 1406 [ει-θοι

1906 1469 1969 1510 ac
1997 1454 2316 1516 inhumano,
2351 1452 2442 1522 qni
2479 1452 2640 1506 nn‘dae
2689 1447 2888 1503 divina
2925 1447 3224 1516 Scriptura
3269 1443 3493 1502 lectioni

1906 1548 2158 1619 gaudeat.
2211 1546 2279 1598 At
2319 1545 2461 1599 enim
2507 1558 2660 1598 mens
2702 1542 2754 1596 in
2793 1539 3025 1595 occulto
3064 1538 3264 1605 latens,
3313 1538 3492 1608 ipsum

1908 1640 2144 1695 triticum
2177 1653 2240 1692 ac
2254 1637 2481 1692 verbum
2517 1634 2804 1688 animabus
2821 1630 3032 1687 alendis
3055 1642 3280 1700 aptum;
3308 1629 3493 1685 littera

1906 1749 2033 1789 rero
2079 1742 2313 1787 rventem
2364 1740 2422 1786 et
2473 1741 2694 1786 sensum
2763 1725 3156 1796 complectens,
3205 1724 3364 1796 palea
3411 1720 3498 1778 ιιι·

1903 1829 2031 1885 erit.
2059 1819 2066 1826 ’

265 1971 287 2061 .s
321 2010 441 2064 Καὶ
493 1971 720 2064 παιδίον
745 1971 1086 2081 νήπιονῆὲῖπὶν
1110 2011 1374 2084 τρωγλῶν
1408 2012 1672 2074 ἀσπίδων,
1709 2013 1798 2066 καὶ

1978 2004 2144 2062 Vens.
2185 2007 2240 2063 8.
2275 2025 2294 2060 ι
2326 2003 2392 2063 Et
2417 2021 2552 2076 puer
2591 2003 2772 2060 infans
2805 2005 2857 2059 in
2895 2002 3164 2059 foramina
3217 2000 3490 2074 aspldum,

191 2099 280 2152 ιπὶ
305 2101 504 2172 κοίτην
551 2099 794 2170 ἐκγόνων
838 2101 1080 2155 ἀσπίδων
1117 2103 1218 2173 τὴν
1254 2106 1413 2174 χεῖρα
1452 2103 1722 2158 ὲπιὸαλεῖ.
1777 2121 1798 2156 r

192 2187 344 2262 τάχα
377 2191 438 2244 δὲ
467 2189 717 2263 τρῶγλαι
741 2192 834 2243 καὶ
862 2193 1036 2244 κοῖται
1065 2191 1314 2245 ἀσπίδων
1343 2193 1566 2245 καὶτῶν
1591 2191 1804 2255 τούτοις

192 2280 556 2353 γεννημάτων
589 2276 702 2334 εἷεν
717 2280 783 2334 ἂν
797 2282 891 2335 καὶ
918 2281 984 2336 τὰ
1000 2280 1231 2352 σώματα
1256 2282 1367 2336 τῶν
1397 2283 1503 2336 ὑπὸ
1528 2283 1803 2354 δαιμόνων

192 2371 622 2441 ἐνοχλουμένων,
656 2366 738 2434 οἷς
784 2371 1176 2442 δμφωλεύοντα
1226 2374 1297 2427 τά
1349 2375 1658 2446 ἑρπυστικά
1707 2377 1803 2428 καὶ

194 2459 373 2514 ίοσόλα
395 2459 692 2532 πνεύματα
709 2462 1040 2528 ὲκοιτάζετο,
1058 2462 1336 2535 τρώγλαις
1355 2464 1543 2537 ὥσπερ
1562 2469 1676 2529 τοῖς
1705 2465 1800 2520 τοῦ

192 2548 446 2620 σώματος
475 2549 855 2623 αἰσθητηρίοις
869 2551 1146 2624 χρώμενα.
1185 2554 1367 2608 Ταῦτα
1394 2555 1450 2609 δὲ
1479 2557 1539 2609 τὸ
1560 2556 1800 2630 Χριστοῦ

191 2642 428 2705 παιδίον,
472 2643 620 2714 ἀνήρ
649 2661 732 2707 τις
761 2643 965 2709 ἁπλοῦς
995 2646 1088 2699 καὶ
1115 2645 1214 2717 τὴν
1246 2649 1446 2701 κακίαν
1491 2650 1797 2721 νηπιάζιον,

189 2734 253 2804 τῇ
278 2732 377 2786 τοῦ
410 2735 670 2806 Σωτῆρος
697 2735 1001 2792 ἀπελαῦνον
1029 2738 1281 2808 δυνάμει,
1317 2740 1414 2812 τὴν
1444 2743 1600 2814 χεῖρα
1631 2737 1798 2794 αὑτοῦ

190 2825 475 2898 ἐπιτίθησι
534 2827 700 2898 μηδὲν
742 2833 1060 2884 κακοποιεῖν
1112 2831 1439 2903 δυναμένοις
1474 2834 1561 2886 διὰ
1603 2835 1694 2888 τὸν
1732 2836 1799 2888 ὲκ

192 2914 352 2988 ῥίζης
419 2918 625 2972 Ἰεσσαὶ
678 2919 1025 2991 προελθόντασ
1059 2921 1117 2986 δς
1177 2922 1425 2988 ἐξουσίαν
1477 2927 1648 2980 ἐδίδου
1682 2930 1799 2991 τοῖς

190 3008 355 3062 αὑτοῦ
396 3009 638 3074 παιδίοις
671 3014 860 3064 πατεῖν
907 3013 1093 3067 ἐπάνω
1145 3013 1323 3084 ὄφεων
1352 3019 1445 3071 καί⁵
1495 3020 1795 3091 σκορπίων,

190 3101 280 3153 καὶ
312 3101 410 3154 ἐπὶ
441 3104 622 3155 πᾶσαν
651 3103 749 3174 τὴν
769 3104 999 3177 δύναμιν
1022 3105 1118 3159 τοῦ
1149 3107 1368 3178 ἐχθροῦ.

263 3210 283 3244 ι
324 3193 439 3246 Καὶ
473 3183 538 3247 οὐ
585 3195 660 3266 μὴ
715 3199 1165 3268 κακοποιήσουσι,
1197 3201 1320 3255 οὐδὲ
1361 3202 1436 3274 μὴ
1476 3203 1824 3276 δυνήσονται.

187 3283 456 3340 ἀπολέσαι
511 3285 704 3340 οὐδένα
747 3289 840 3343 ἐπὶ
870 3291 932 3345 τὸ
969 3291 1094 3365 δρος
1120 3294 1183 3346 τὸ
1207 3297 1376 3363 ’ἅγιόν
1410 3313 1525 3351 σου.
1569 3319 1586 3350 ι
1622 3300 1794 3354 Τοῦτο

187 3375 242 3429 δέ
265 3378 383 3430 ιστι
407 3377 471 3430 τὸ
499 3377 630 3449 apo;
662 3379 721 3432 τὸ
747 3381 842 3434 καὶ
885 3381 976 3436 διά
1001 3353 1110 3438 ιὼς,
1144 3353 1456 3458 ἔμπροσθεν
1488 3389 1796 3462 δεδηλωμέ-
1823 3353 1865 3410 (⁵

186 3481 296 3532 ναν,
325 3468 432 3520 οὐκ
477 3467 612 3523 ἀλλο
634 3487 684 3522 τι
709 3469 769 3522 ὃν
805 3471 900 3525 τοῦ
938 3474 1266 3544 ἐπουρανίου
1309 3479 1402 3532 καὶ
1436 3480 1794 3548 εύαγγελικοῦ

186 3556 368 3626 λόγου,
400 3560 492 3628 ἐφ’
524 3551 586 3613 οὖ
618 3561 646 3615 ό
674 3557 823 3627 οἶκος
852 3563 945 3617 τοῦ
987 3566 1148 3630 Θεοῦ,
1174 3567 1270 3621 καὶ
1295 3569 1329 3640 ἡ
1365 3571 1663 3642 Ἐκκλησία
1694 3573 1794 3626 αύ-

185 3651 278 3705 τοῦ
299 3653 678 3724 ᾠκοδόμηται.
709 3655 825 3711 Ἵνα
839 3658 971 3726 γοῦν
996 3663 1070 3732 μή
1099 3678 1186 3724 τις
1208 3661 1271 3715 τὸ
1303 3663 1536 3720 ἐνταῦθα
1570 3667 1797 3737 λεγόμε-

185 3760 274 3796 νον
317 3743 448 3815 ὅρος
481 3743 684 3819 νομίσῃ
706 3742 844 3802 εἶναι
870 3750 932 3803 τὸ
963 3751 1023 3805 ὲν
1056 3751 1213 3823 μέρει
1242 3754 1446 3822 γωνίας
1461 3757 1562 3826 τῆς
1590 3758 1796 3812 Παλαι-

187 3835 376 3908 στίνης
417 3837 700 3903 Ἰουδαίοις
747 3841 1176 3915 ὑπειλημμένον,
1228 3847 1482 3919 διασαφεῖ
1522 3851 1622 3924 τὴν
1674 3851 1794 3906 διά-

185 3942 336 3980 νοιαν
366 3927 498 3999 ἑξῆς
538 3928 836 4004 ἐπιφέρων·
866 3952 884 3984 ι
938 3935 1065 3987 Ὅτι
1095 3937 1405 4009 ἐνεπλήσθη
1443 3942 1474 4012 ή
1526 3941 1794 4012 σύμπασα

185 4018 258 4089 γῆ
283 4019 378 4073 τοῦ
406 4020 620 4088 γνῶναι
647 4021 738 4077 τὸν
769 4023 996 4097 Κύριον,
1031 4027 1108 4092 ὡς
1147 4027 1292 4102 ὓδωρ
1319 4031 1454 4086 πολὺ
1481 4034 1794 4088 κατακαλύ-

183 4108 285 4178 ψαι
330 4110 639 4175 θαλάσσαςο
676 4133 694 4164 ι
730 4114 872 4168 οὕτω
907 4120 1190 4189 σημαίνων
1235 4121 1332 4194 τὴν
1365 4125 1485 4178 καθ’
1515 4127 1645 4198 ὅλης
1695 4129 1796 4199 τῆς

184 4201 522 4272 οἰκουμένης
555 4202 848 4277 ἱδρυμένην
898 4208 1226 4280 Ἐκκλησίαν
1263 4213 1422 4278 Θεοῦ,
1463 4219 1558 4271 καὶ
1591 4219 1692 4291 τὴν
1737 4220 1796 4273 tv

186 4292 324 4364 αὐτῇ
352 4297 777 4366 κηρυττομένην
801 4299 1000 4370 εὐσεϐῆ
1023 4303 1248 4370 γνῶσιν,
1275 4307 1376 4377 τὴν
1399 4311 1506 4362 πᾶν
1535 4311 1597 4363 τὸ
1618 4312 1796 4382 άλμυ-

189 4382 282 4454 ρον
310 4384 412 4455 τῆς
447 4385 657 4448 κακίας
692 4387 784 4440 τοῦ
829 4388 967 4459 βίου,
999 4391 1190 4467 ὥσπερ
1225 4395 1404 4469 πολλῷ
1450 4400 1528 4471 τῷ
1561 4402 1796 4474 ῥεύματι

187 4478 666 4562 κατακλύζουσαν,
716 4483 810 4534 καὶ
850 4483 1032 4538 πᾶσαν
1070 4485 1250 4559 ψυχῆς
1303 4491 1608 4565 μοχθηρίαν
1657 4496 1790 4548 ἀπο-

191 4567 593 4642 καθαίρουσαν.

261 4767 280 4800 ι
323 4749 438 4804 Καὶ
473 4750 634 4805 ἔσται
667 4751 726 4804 tv
761 4753 944 4829 ἐκείνῃ
970 4756 1036 4828 τῇ
1073 4756 1258 4830 ἡμέρᾳ
1287 4758 1319 4830 ἡ
1352 4758 1475 4832 ῥίζα
1516 4761 1612 4816 τοῦ
1652 4765 1786 4817 Ἰεσ·

190 4843 294 4908 σαὶ,
321 4844 420 4896 καὶ
448 4846 480 4897 ό
529 4844 888 4916 ἀνιστάμενος
920 4849 1107 4920 ἄρχειν
1143 4851 1330 4904 ἐθνῶν⁸
1363 4854 1450 4906 ἐπ’
1481 4855 1631 4925 αὐτῷ
1658 4856 1788 4927 ἔθνη

187 4930 452 4988 ὶλπιοῦσι-
486 4936 588 4987 καὶ
619 4935 828 5011 ἐσταιή
874 4941 1182 5006 ἀνάπαυσις
1231 4945 1394 4999 αὑτοῦ
1424 4950 1580 5020 τιμή.
1619 4968 1634 4998 ι
1702 4949 1789 5001 Ἐν

185 5025 362 5097 δκείνῃ
393 5022 495 5080 οὖν
534 5029 604 5098 τῇ
635 5028 837 5101 ἡμέρα,
876 5032 1036 5104 δῆλον
1067 5034 1124 5087 δὲ
1155 5035 1237 5088 ὅτι
1280 5038 1421 5091 κατὰ
1453 5041 1544 5092 τὸν
1570 5057 1786 5111 προφη-

181 5117 478 5188 τευόμενον
525 5119 738 5190 χρόνον,
772 5116 926 5190 οὗτος
977 5126 1139 5190 αὐτὸς
1168 5129 1232 5181 ὲκ
1264 5130 1363 5199 τῆς
1389 5133 1545 5203 ῥίζης
1587 5133 1789 5186 Ἰεσσαὶ⁸

183 5203 656 5281 ἀναστησόμενος,
689 5214 824 5280 μετά
837 5213 899 5268 τὸ
921 5216 1236 5289 ἀναστῆναι,
1263 5220 1504 5291 δηλονότι
1530 5225 1669 5296 μετὰ
1689 5224 1789 5295 τὴν

183 5297 243 5351 ἐκ
262 5299 484 5371 νεκρῶν
517 5299 834 5369 ἀνάστασιν,
869 5307 969 5360 οὐκ
1006 5310 1269 5364 Ἰουδαίων
1320 5313 1472 5366 ἔσται
1503 5316 1785 5385 βασιλεὺς,

180 5388 295 5442 οὐδὲ
323 5389 529 5462 ὥσπερ
547 5390 718 5456 αὐτὸς
748 5397 776 5448 ὁ
795 5395 956 5449 Δαυῖδ
989 5399 1040 5451 oi
1062 5415 1118 5452 τε
1139 5400 1326 5454 τούτου
1365 5403 1621 5476 διάδοχοι,
1654 5407 1786 5477 βρα-

180 5481 330 5550 χείας
375 5482 534 5545 τινὸς
568 5484 771 5550 γωνίας
797 5490 1082 5559 κρατήσει,
1119 5489 1220 5561 τῆς
1249 5493 1292 5546 δ’
1329 5495 1649 5567 ἁπανταχοῦ
1683 5499 1786 5568 γῆς

177 5573 346 5643 ἄρξει.
381 5574 480 5628 Διὸ
507 5575 766 5645 οὐδαμῶς
812 5578 1041 5634 θάνατον
1076 5582 1383 5655 ὑπογράφει
1424 5590 1615 5642 αὑτοῦ·
1649 5592 1786 5645 ἀνά-

178 5683 376 5721 παυσιν
400 5669 464 5722 δὲ
491 5669 776 5740 ὀνομάζει,
804 5675 897 5726 καὶ
926 5673 1103 5742 δόξαν,
1135 5678 1229 5730 καὶ
1260 5683 1445 5752 τιμήν.
1480 5683 1654 5736 Τοῦτο
1677 5684 1787 5753 γάρ

174 5755 239 5832 ἦν
270 5762 332 5817 τδ
379 5762 549 5827 τέλος
599 5763 703 5833 τῆς
739 5767 832 5821 τοῦ
877 5769 1129 5841 Σωτῆρος
1343 5778 1422 5840 είς
1457 5775 1786 5848 ἀνθρώπους

169 5853 516 5927 οἰκονομίας
575 5852 608 5906 δ
759 5859 852 5910 καὶ
884 5858 1048 5922 αὐτὸς
1077 5863 1106 5914 ό
1135 5861 1328 5935 Σωτὴρ
1358 5866 1517 5938 ήμῶν
1543 5869 1786 5930 δεικνὺς,

169 5938 352 6015 Dtch
378 5946 446 6001 δν
464 5946 540 6017 τῇ
565 5945 706 6016 πρὸς
729 5947 817 6003 τὸν
846 5949 1063 6022 Πατέρα
1088 5951 1239 6023 εὐχῇο
1268 5971 1286 6006 ι
1328 5956 1530 6028 Πάτερ,
1563 5958 1790 6025 δόξασόν

1906 2107 1961 2154 et
1991 2099 2042 2152 in
2085 2098 2286 2153 cubilia
2335 2098 2572 2152 ﬁliorum
2630 2096 2880 2165 aspidttm
2939 2109 3156 2150 manum
3198 2093 3428 2164 injiciet.
3467 2109 3487 2146 ι

1907 2189 2198 2246 Foramina
2233 2199 2290 2246 et
2330 2191 2529 2246 cubilia
2564 2191 2817 2260 aspidum
2849 2204 2914 2244 ac
2949 2189 3236 2260 progenies
3275 2201 3496 2250 eorum.

1907 2281 2142 2339 fortasse
2183 2296 2419 2352 corpora
2469 2281 2678 2337 fuerint
2719 2297 2909 2337 eorum
2944 2281 3035 2350 qui
3078 2297 3108 2335 a
3151 2281 3496 2336 daemonibus

1907 2377 2211 2445 agitantur,
2245 2376 2336 2431 ubi
2368 2391 2469 2432 ceu
2501 2376 2556 2430 in
2588 2375 2829 2432 latibulis
2859 2383 2913 2428 et
2956 2373 3126 2428 foveis
3162 2373 3387 2443 reptiles
3415 2372 3492 2428 illi

1904 2480 1959 2524 et
1993 2468 2245 2523 venenati
2277 2468 2502 2539 spiritus
2532 2467 2756 2530 cubant,
2789 2467 3072 2536 corporeis
3111 2466 3370 2520 sensibus
3394 2477 3496 2520 ceu

1904 2561 2267 2617 foraminibus
2297 2570 2531 2615 utentes.
2591 2559 2698 2614 Hos
2747 2574 2914 2628 porro
2965 2573 3098 2628 puer
3149 2558 3378 2622 Christi,
3415 2560 3501 2614 vir

1902 2658 2084 2728 quivis
2111 2657 2340 2728 simplex
2372 2667 2429 2712 et
2458 2657 2667 2710 malitia
2699 2655 2908 2718 infans,
2943 2655 3250 2710 Saivatoris
3295 2654 3500 2711 virtute

1907 2750 2200 2820 depellens,
2240 2765 2461 2804 manuni
2495 2751 2648 2804 su’am
2697 2749 2768 2805 iis
2806 2748 3006 2817 injicit,
3059 2748 3196 2804 nihil
3237 2748 3364 2804 mali
3404 2750 3493 2803 in¢

1903 2843 2050 2900 ferre
2078 2845 2409 2905 valentibus.
2437 2854 2659 2912 propter
2700 2843 2938 2914 eumqui
2985 2859 3048 2899 ex
3094 2842 3278 2897 radice
3320 2841 3493 2898 Jessat

1900 2937 2125 3008 prodiit,
2183 2939 2276 3008 qui
2324 2947 2647 3007 potestatem
2704 2937 2829 2992 iiiiis
2863 2939 2975 2993 suis
3044 2937 3194 2991 dedit
3241 2934 3489 2991 calcandl

1899 3046 2063 3101 supra
2111 3044 2397 3102 serpentes
2445 3041 2500 3088 et
2559 3035 2907 3102 scorpiones,
2949 3040 3006 3085 et
3049 3045 3210 3102 supra
3268 3045 3489 3086 omnem

1899 3121 2156 3173 virtutem
2192 3120 2419 3174 inimici.

1971 3210 2136 3267 Vens.
2164 3212 2218 3267 9.
2283 3230 2302 3262 ι
2331 3211 2396 3267 Et
2424 3226 2530 3267 non
2579 3212 2875 3277 nocebunt,
2928 3226 3028 3267 nec
3077 3219 3334 3281 poterunt
3361 3226 3487 3280 per-

1899 3305 2032 3358 dere
2069 3319 2400 3374 qnemquatn
2459 3305 2512 3359 in
2564 3314 2752 3360 monte
2804 3314 2999 3360 sancto
3058 3313 3171 3358 tuo.
3210 3323 3228 3355 ι
3279 3303 3378 3359 Hic
3407 3311 3493 3358 est

1903 3412 2060 3450 mons
2105 3397 2194 3452 ille
2236 3396 2490 3467 superius
2549 3408 2905 3462 memoratus,
2961 3411 3064 3452 nec
3123 3395 3285 3461 alius,
3325 3411 3492 3466 quam

1899 3486 2123 3542 caeleste
2150 3498 2204 3542 et
2237 3489 2612 3559 evangelicum
2643 3488 2893 3555 verbum,
2924 3488 2978 3542 in
3008 3503 3116 3557 quo
3157 3490 3354 3544 domus
3395 3487 3490 3540 Dei

1897 3588 1953 3634 et
1991 3580 2232 3634 Ecclesia
2265 3579 2383 3648 ejus
2414 3581 2684 3634 aedificata
2728 3589 2834 3634 est.
2891 3580 2969 3636 Ne
3015 3581 3141 3651 quis
3184 3580 3354 3652 igitur
3407 3581 3498 3635 hic

1898 3676 2264 3724 memoratum
2297 3679 2559 3736 montem,
2587 3671 2735 3724 illum
2772 3673 3004 3726 aestimet
3029 3686 3172 3736 esse,
3214 3689 3377 3744 quem
3400 3672 3498 3724 Ju-

1898 3763 2000 3817 dati
2055 3764 2375 3831 opinantur.
2427 3765 2476 3817 in
2539 3763 2740 3833 angulo
2783 3763 3092 3828 Puimstinte,
3131 3765 3321 3830 situm,
3367 3767 3498 3821 dicti

1899 3865 2136 3910 mentem
2167 3856 2404 3924 explicat
2465 3871 2529 3910 ac
2587 3855 2889 3925 subjungit,
2939 3875 2956 3907 ι
2989 3855 3128 3922 Quia
3170 3857 3372 3926 repleta
3409 3867 3497 3911 est

1900 3951 2152 4004 universa
2235 3960 2381 4004 terra
2444 3950 2755 4020 cognitione
2810 3951 3044 4015 Domini,
3117 3951 3190 4005 ita
3243 3962 3301 4004 ut
3352 3966 3493 4018 aqua

1899 4043 2066 4096 multa
2097 4043 2312 4114 operiat
2348 4045 2559 4100 maria:
2597 4064 2615 4097 ι
2658 4045 2736 4098 sic
2777 4043 3028 4099 indicans
3066 4044 3365 4098 Ecclesium
3395 4042 3491 4096 Dei

1897 4152 1996 4205 per
2027 4144 2202 4190 totum
2225 4137 2415 4190 orbein
2448 4136 2776 4199 stabilitate,
2827 4137 3082 4205 piamque
3111 4137 3491 4207 cognitionem

1898 4231 1952 4285 in
1998 4228 2086 4282 illa
2146 4229 2529 4298 praedicatam,
2574 4245 2697 4298 qua!
2735 4240 2906 4282 totatn
2950 4229 3207 4300 nequitia:
3266 4226 3492 4295 hujusce

1899 4324 2024 4378 vita
2074 4321 2408 4392 salsuginem
2451 4335 2550 4377 ceu
2587 4337 2781 4392 magno
2815 4338 3083 4392 aquarum
3115 4321 3284 4377 ﬂuctu
3329 4321 3494 4376 inun-

1897 4416 2014 4478 det,
2053 4423 2108 4468 et
2143 4422 2308 4469 totam
2337 4413 2532 4468 anima:
2563 4415 2867 4484 nequitiam
2895 4423 3186 4484 expurget.

1971 4760 2138 4816 Vens.
2168 4759 2257 4814 10.
2305 4776 2325 4810 ι
2359 4759 2424 4814 Et
2447 4760 2551 4816 erit
2581 4760 2633 4814 in
2670 4759 2756 4815 die
2784 4757 2871 4814 illa
2905 4755 3058 4813 radix
3088 4755 3279 4824 Jessae,
3309 4768 3367 4814 et
3391 4758 3492 4829 qui

1899 4857 2143 4925 exsurgit
2187 4854 2462 4924 imperare
2495 4855 2788 4926 gentibus:
2824 4853 2876 4906 in
2914 4853 3032 4922 ipso
3065 4862 3256 4923 gentes
3303 4851 3496 4920 sper:i-

1900 4948 2078 5002 bunt:
2120 4957 2176 5001 et
2229 4947 2336 5002 erit
2386 4947 2600 5016 requies
2649 4946 2766 5011 ejus
2820 4945 3011 5000 honor.
3041 4964 3058 4996 ι
3117 4945 3171 4998 in
3217 4944 3308 5000 illa
3360 4961 3498 5015 ergo

1900 5041 2008 5103 die,
2056 5049 2114 5094 ut
2147 5039 2323 5110 palam
2371 5050 2487 5102 est,
2520 5039 2572 5092 in
2609 5049 2855 5108 lempore
2891 5053 2919 5091 a
2959 5037 3241 5108 prophetia
3279 5046 3490 5101 notato,

1897 5132 1988 5189 hic
2019 5133 2134 5202 ipse
2166 5134 2260 5202 qui
2295 5147 2361 5186 ex
2399 5133 2582 5186 radice
2609 5130 2778 5186 Jessae
2811 5141 3164 5186 surrecturus
3197 5140 3304 5194 est,
3345 5142 3494 5199 post-

1895 5241 2064 5296 quam
2107 5225 2446 5289 surrexerit,
2495 5226 2545 5277 id
2590 5234 2708 5287 est,
2745 5234 2866 5293 post
2916 5224 3376 5278 resurrectionem
3426 5239 3493 5279 ex

1895 5321 2150 5380 mortuis,
2201 5331 2305 5369 non
2358 5315 2668 5371 Iudaeorum
2720 5332 2814 5370 rex
2865 5317 3002 5380 erit,
3056 5331 3232 5385 neque
3271 5317 3496 5385 perinde

1894 5417 2058 5475 atque
2091 5407 2258 5460 David
2287 5405 2515 5476 ejusque
2556 5421 2926 5468 successores,
2965 5407 3019 5459 in
3057 5421 3226 5475 parvo
3254 5409 3491 5475 quodam

1892 5499 2092 5569 angulo
2137 5498 2447 5567 imperabit,
2491 5499 2584 5553 sed
2623 5499 2674 5552 in
2719 5499 3030 5553 universam
3067 5510 3269 5553 terram
3321 5500 3496 5569 impe—

1893 5591 2032 5643 rium
2063 5590 2346 5645 obtinebit.
2379 5589 2560 5655 Quare
2591 5606 2855 5660 nusquam
2884 5592 3002 5660 ejus
3034 5601 3261 5646 mortem
3290 5592 3494 5659 scripto

1893 5681 2077 5744 tradit,
2102 5680 2197 5736 sed
2233 5681 2481 5750 requiem
2516 5693 2691 5749 vacat,
2721 5683 2948 5752 gloriam
2982 5692 3036 5736 et
3069 5683 3353 5736 honorem.
3388 5681 3490 5738 Hic

1891 5773 2090 5846 quippe
2131 5773 2443 5829 Servatoris
2479 5775 2650 5830 nostri
2685 5790 2814 5844 erga
2869 5775 3118 5828 homines
3167 5774 3490 5828 (econo'miat

1892 5865 2015 5921 ﬁnis
2066 5875 2185 5920 erat
2235 5886 2250 5921 :
2301 5867 2442 5934 quod
2509 5868 2625 5936 ipse
2692 5865 2954 5922 Servator
3017 5866 3222 5920 indicat
3275 5866 3327 5919 in
3385 5879 3482 5918 sua

1893 5961 1960 6018 ad
2008 5959 2224 6017 Patrem
2279 5960 2528 6018 oratione
2573 5961 2661 6018 bis
2697 5958 2924 6018 verbis:
2964 5974 2984 6010 ι
3015 5957 3198 6022 Pater,
3244 5955 3484 6026 gioriﬂca
