4100 6456
632 460 735 517 175

1260 453 1532 512 ευεεθιι
1570 401 2051 512 έΛΕΞΔΒΙΕΝΞΙΒ
2085 452 2236 511 οιδι».
2278 452 2458 511 PARS
2493 451 2583 509 ιιι.
2619 482 2691 498 -ν
2729 449 3148 509 ΕΧΕΕΕἸΊΟΑ.

3781 457 3885 513 176

629 588 716 629 me
760 570 931 643 gloria
978 583 1139 639 quam
1192 567 1392 633 habui,
1436 576 1731 637 antequam
1778 568 2008 623 mundus
2056 574 2197 623 esset

2302 583 2365 637 με
2394 568 2462 639 τῇ
2492 563 2621 640 δόξῃ
2652 557 2853 639 ᾖεῖχον
2886 564 2993 636 πρὸ
3033 562 3129 619 τοῦ
3160 561 3252 618 τὸν
3297 562 3504 634 κόσμον
3526 557 3694 633 εἶναι,
3733 570 3884 643 παρὰ

630 665 770 736 apud
809 673 883 720 te.
909 682 930 717 ι

696 757 859 812 Vm.
893 737 981 811 it’.
1016 774 1035 807 ι
1063 753 1132 810 Et
1166 752 1274 809 erit
1301 751 1355 806 in
1384 750 1471 808 die
1513 750 1635 815 illa,
1667 749 1883 818 adiiciet
1934 749 2196 805 Dominus

627 851 910 907 ostendere
958 851 1173 903 nianum
1222 856 1404 905 suam.
1448 842 1517 897 ad
1578 844 1857 897 zelandum
1922 842 2196 897 residuum

626 941 844 1012 populi,
895 939 1037 1010 quod
1088 938 1334 993 relictum
1395 934 1557 990 fuerit
1602 936 1670 988 ab
1707 932 1982 1005 Assyriis,
2029 943 2081 987 et
2132 933 2200 988 ab

625 1032 858 1105 Egypto
880 1042 933 1087 et
959 1047 989 1086 ιι
1022 1028 1337 1100 Babylonia,
1367 1036 1423 1081 et
1461 1026 1530 1080 ab
1565 1024 1866 1093 Ethiopia,
1895 1033 1951 1079 et
1978 1022 2046 1077 ab
2076 1024 2201 1078 Ela-

627 1128 795 1188 mitis,
836 1123 984 1179 etab
1025 1132 1148 1176 ortu
1191 1119 1339 1184 solis,
1380 1128 1433 1172 et
1468 1131 1536 1173 ex
1581 1117 1801 1171 Arabia.
1845 1115 1983 1182 Quia
2036 1115 2201 1183 igitur

625 1218 885 1289 propheta
926 1228 1073 1278 eum,
1098 1213 1190 1282 qui
1219 1226 1283 1266 ex
1321 1211 1500 1266 radice
1541 1206 1709 1264 lassa:
1758 1216 1944 1278 surget
1981 1208 2049 1262 ad
2098 1208 2202 1261 im-

628 1310 921 1378 perandum
950 1306 1218 1376 gentibus,
1250 1303 1706 1365 vaticinatus‘est,
1736 1300 2064 1370 ailjecitqne,
2094 1317 2112 1351 ι
2146 1300 2199 1354 in

626 1416 750 1457 eum
791 1408 975 1471 gentes
1004 1397 1324 1469 sperabunt;
1355 1413 1376 1448 ι
1400 1393 1699 1455 Iudaicum
1736 1392 1864 1448 item
1900 1405 2072 1459 genus
2107 1406 2204 1446 ne-

628 1494 866 1551 cessario
906 1501 1170 1548 memorat
1217 1496 1277 1546 iir
1316 1488 1603 1559 praesenti;
1658 1500 1730 1541 ne
1778 1485 1901 1555 quis
1954 1485 2202 1555 suspica-

632 1600 784 1645 retur
807 1602 956 1652 eum,
987 1587 1078 1658 qui
1110 1585 1163 1641 in
1198 1582 1484 1656 prophetia
1528 1578 1721 1645 fertur,
1762 1578 1957 1650 populo
1987 1592 2055 1631 ex
2094 1578 2201 1632 cir-

629 1682 963 1741 cumcisione
1013 1678 1148 1735 nihil
1187 1675 1439 1753 utilitatis
1492 1673 1783 1743 allaturum
1851 1685 1991 1728 esse.
2033 1670 2201 1726 Docet

630 1776 833 1845 itaque,
879 1788 986 1845 quo
1022 1782 1179 1842 pacto
1223 1788 1241 1822 ι
1273 1770 1327 1823 in
1371 1767 1458 1822 die
1502 1767 1623 1830 illa;
1650 1783 1669 1817 ι
1708 1765 1761 1821 id
1801 1772 1916 1829 est,
1963 1774 2202 1836 tempore

630 1871 891 1922 adventus
933 1866 1024 1936 qui
1058 1865 1107 1919 in
1137 1860 1391 1916 vaticinio
1418 1859 1756 1922 enuntiatur,
1794 1874 1813 1909 ι
1844 1856 2060 1924 adiiciet
2093 1855 2199 1910 Do-

536 2014 541 2019 ,
630 1957 811 2012 minus
850 1923 1133 2015 ostendere
1165 1966 1380 2007 manum
1425 1966 1604 2015 suam,
1634 1950 1701 2003 ad
1734 1923 2017 2003 zelandnm
2063 1946 2198 2001 resi.
2229 1923 2271 1984 Β

630 2048 794 2104 duum
826 2046 1026 2118 populi.
1053 2065 1071 2098 ι
1103 2044 1209 2101 Pro
1234 2059 1340 2114 quo
1380 2041 1571 2113 Aquila
1595 2079 1610 2107 ,
1647 2058 1665 2091 ι
1703 2038 1957 2106 Adjiciet,
2001 2037 2196 2108 inquit,

630 2140 888 2196 Dominus
926 2137 1165 2194 sectme
1195 2150 1409 2191 manum
1445 2148 1621 2195 suam,
1666 2132 1730 2186 ad
1777 2129 2059 2187 zelandum
2116 2144 2201 2184 re-

632 2233 845 2288 siduum
892 2230 1075 2303 populi
1124 2230 1288 2294 sui;s
1329 2227 1710 2300 Symmachus,
1761 2242 1779 2277 ι
1808 2221 2041 2293 Adjiciet
2090 2219 2199 2276 Do—

634 2324 813 2380 minus
846 2321 1082 2379 secundo
1127 2333 1343 2375 manum
1382 2332 1560 2383 suam,
1588 2318 1654 2371 ad
1687 2314 2074 2403 possidendum
2114 2327 2203 2368 re-

632 2418 848 2472 siduum
880 2413 1059 2486 populi
1086 2411 1190 2470 sui.
1216 2430 1236 2465 ι
1270 2411 1734 2479 Quemadmodum
1770 2409 1916 2464 enim
1944 2406 2199 2463 alilictum

632 2507 913 2566 Judaicum
942 2503 1193 2576 populum
1222 2502 1388 2558 semel
1416 2502 1484 2557 ab
1516 2502 1868 2572 oppressione
1914 2499 2202 2563 liberavit,

638 2612 799 2654 manu
846 2611 946 2653 sua
978 2593 1303 2649 mirabilium
1351 2590 1623 2648 ellectrice
1672 2607 1768 2661 per
1820 2590 2052 2662 Moysem
2101 2602 2200 2643 ex-

639 2699 831 2745 tensa:
861 2702 967 2759 qua
1000 2702 1163 2741 manu
1201 2685 1459 2756 stupenda
1504 2684 1589 2738 illa
1624 2684 1866 2754 prodigia
1900 2682 1953 2737 in
1984 2680 2201 2751 Ξκιριὶ

636 2780 859 2852 regione
902 2779 1099 2845 edidit;
1144 2779 1335 2833 eodem
1383 2777 1540 2831 modo
1589 2775 1784 2829 iterum
1829 2772 2048 2844 adjiciet
2096 2787 2204 2826 ma-

636 2890 764 2931 num
797 2888 971 2936 suam,
1012 2872 1165 2944 quasi
1198 2872 1434 2927 secunda
1469 2883 1586 2923 vnce
1620 2866 1955 2923 mirabilibus
1981 2865 2202 2921 edendis

633 2966 885 3037 operibus
914 2964 1058 3021 illam
1104 2977 1365 3029 movens;
1400 2971 1455 3017 ut
1496 2962 1767 3016 residuum
1806 2958 1987 3031 populi
2026 2956 2202 3027 possi-

635 3059 776 3121 deat,
804 3072 868 3112 ac
901 3057 1137 3112 studiese
1178 3064 1480 3112 conservet.
1530 3051 1665 3107 Nam
1701 3054 1814 3107 sive
1860 3051 1913 3105 in
1955 3049 2205 3122 Assyrio.

640 3167 755 3206 rum
805 3150 1065 3221 regione,
1109 3150 1225 3204 sive
1272 3149 1325 3202 in
1373 3146 1635 3219 Egypto,
1694 3146 1744 3200 in
1798 3144 2099 3216 Babylone,
2148 3143 2202 3197 in

2299 660 2401 714 σοί.
2446 679 2466 712 s

2372 770 2391 802 ε
2424 750 2539 805 Καὶ
2565 749 2719 806 ἔσται
2746 752 2811 822 τῇ
2842 748 3029 822 ἡμέρᾳ
3057 749 3266 824 ἐκείνῃ,
3293 751 3594 824 προσθήσει
3618 754 3649 807 ό
3681 752 3890 826 Κύριος

2297 841 2392 898 τοῦ
2423 842 2591 908 δείξαι
2623 841 2723 915 τὴν
2765 843 2923 914 χεῖρα
2968 840 3156 907 αὑτοῦ,
3209 842 3304 898 τοῦ
3343 844 3584 917 ζηλῶσαι
3608 845 3672 900 τὸ
3710 863 3887 901 κατα.

2297 936 2512 1006 λειφθὲν
2546 935 2840 990 ὑπόλοιπον
2880 933 2976 989 τοῦ
3016 934 3170 1000 λαοῦ,
3216 937 3247 990 δ
3289 936 3357 992 ἂν
3394 938 3729 1012 καταλειφθῇ
3778 938 3891 995 ἀπὺ

2297 1029 2408 1084 τῶν
2454 1028 2759 1100 Ἀσσυρίων
2800 1029 2899 1084 καὶ
2935 1029 3044 1084 ἀπὸ
3079 1030 3386 1099 Αἰγύπτου,
3413 1033 3509 1087 καὶ
3562 1032 3671 1088 ἀπδ
3702 1031 3888 1087 Βαϐυ-

2298 1121 2513 1188 λωνίας,
2556 1120 2651 1174 καὶ
2679 1119 2787 1174 ἀπὸ
2813 1120 3116 1185 Δίθιοπίας,
3150 1121 3247 1175 καὶ
3282 1122 3607 1195 Ἑλαμιτῶν,
3638 1124 3733 1179 καὶ
3775 1116 3891 1178 ἀπὸ

2298 1211 2449 1284 ἡλίου
2490 1209 2785 1274 ἀνατολῶν,
2822 1210 2916 1264 καὶ
2954 1208 3014 1275 ἐξ
3068 1209 3342 1281 Ἀραϐίας.
3387 1231 3406 1265 ι
3453 1212 3668 1286 Ἐπειδὴ
3707 1212 3890 1268 τοίνυν

2298 1305 2390 1360 τὸν
2422 1303 2780 1375 ἀνιστάμενον
2808 1306 2875 1358 ὲκ
2909 1302 3064 1376 ρίζης
3105 1303 3304 1357 Ἰεσσαὶ
3354 1303 3542 1377 ἄρξειν
3572 1305 3681 1359 τῶν
3714 1304 3888 1361 ὶθνῶν

2300 1397 2583 1453 ἐθέσπισεν
2607 1398 2637 1450 δ
2666 1396 2971 1468 προφήτης,
2997 1394 3093 1449 καὶ
3120 1396 3420 1467 ἐπήγαγεν,
3453 1397 3535 1451 δτι
3571 1417 3590 1451 ι
3634 1396 3888 1471 έπάὐτῷ

2300 1490 2428 1563 ῑθνη
2472 1489 2769 1544 ὶλπιοῦσινο
2804 1507 2823 1542 ι
2860 1487 3179 1557 ἀναγκαίως
3203 1489 3298 1543 καὶ
3328 1488 3423 1543 τοῦ
3464 1490 3759 1546 Ἰουδαῖκοῦ
3793 1490 3890 1561 τέο

2299 1598 2427 1646 νους
2476 1581 2748 1653 μέμνηται
2793 1578 2883 1633 διὰ
2929 1577 3023 1633 τοῦ
3072 1578 3457 1651 προκειμένου,
3512 1582 3649 1654 πρὸς
3694 1581 3757 1637 τὺ
3810 1582 3888 1655 μὴ

2300 1673 2587 1729 ὑπολαϐεῖν
2610 1672 2699 1727 τὸν
2720 1669 3194 1746 προφητευόμενον
3247 1672 3413 1746 μηδὲν
3450 1673 3755 1746 ὠφελήσειν
3794 1673 3889 1729 τδν

2299 1771 2365 1824 έκ
2386 1767 2687 1841 περιτομῆς
2716 1767 2864 1822 λαόν.
2904 1766 3155 1821 Διδάσκει
3186 1767 3390 1834 τοίνυν,
3419 1766 3496 1832 ώς
3517 1769 3575 1824 έν
3608 1771 3674 1841 τῇ
3706 1769 3891 1843 ἡμέρᾳ

2303 1862 2507 1935 εκείνη.
2544 1860 2822 1916 τουτέστιν
2854 1861 2912 1915 έν
2944 1860 3022 1932 τῷ
3065 1859 3243 1933 χρόνῳ
3277 1860 3380 1931 τῆς
3423 1862 3744 1932 ιπιφανειας
3787 1863 3889 1918 τοῦ

2300 1954 2710 2026 θεσπιζομένου,
2736 1971 2755 2006 ι
2798 1952 3095 2026 προσθήσει
3120 1952 3324 2025 Κύριος
3342 1952 3439 2007 τοῦ
3464 1953 3634 2019 δεῖξαι
3654 1953 3754 2027 τὴν
3782 1955 3892 2027 χει-

2303 2064 2369 2119 ρα
2402 2045 2590 2111 αὐτοῦ,
2627 2044 2723 2099 τοῦ
2766 2043 3008 2116 ζηλῶσαι
3049 2043 3110 2097 τὸ
3152 2042 3510 2114 καταλειφθὲν
3541 2044 3636 2099 τοῦ
3668 2044 3819 2101 λαοῦ.
3863 2062 3891 2098 ε

2312 2131 2605 2195 ’Δνθόὗςδ
2661 2138 2760 2210 μὲν
2806 2134 3063 2202 Ἀκύλας,
3113 2154 3132 2187 ι
3167 2136 3517 2209 Προσθήσει,
3564 2135 3725 2209 φησι,
3775 2135 3894 2192 Κύ-

2301 2249 2417 2307 ριος
2437 2230 2686 2304 δεύτερον
2710 2231 2807 2302 τὴν
2842 2230 3000 2302 χεῖρα
3028 2227 3217 2293 αὐτοῦ,
3246 2227 3343 2282 τοῦ
3376 2227 3617 2301 ζηλῶσαι
3654 2229 3717 2283 τὸ
3750 2229 3891 2285 ὑπό-

2301 2324 2510 2394 λειμμα
2535 2320 2629 2375 τοῦ
2651 2319 2783 2374 λαοῦ
2817 2317 3003 2374 αὐτοῦ·
3046 2337 3067 2371 ι
3100 2318 3206 2373 ὁδὶ
3233 2315 3549 2389 Σύμμαχος,
3586 2335 3605 2371 ι
3643 2316 3892 2390 Προσθή-

2303 2432 2387 2469 σει
2414 2413 2619 2487 Κύριος
2658 2414 2723 2467 ὲκ
2749 2411 3005 2484 δευτέρου
3035 2409 3135 2483 τὴν
3169 2413 3326 2482 χεῖρα
3374 2408 3541 2464 αὐτοῦ
3582 2408 3893 2481 κτήσασθαι

2302 2508 2364 2563 τὸ
2411 2507 2724 2578 ὑπόλειμμα
2752 2503 2846 2558 τοῦ
2892 2502 3024 2559 λαοῦ
3058 2500 3245 2559 αὑτοῦ.
3287 2520 3308 2555 s
3354 2502 3566 2575 Ὠσπερ
3603 2502 3714 2577 γὰρ
3740 2502 3894 2571 απαξ

2304 2598 2433 2653 ποτὶ
2470 2600 2528 2652 ιν
2555 2596 2818 2667 Δίγύπτῳ
2850 2593 3323 2667 καταπονούμενον
3343 2593 3436 2648 τὸν
3464 2593 3574 2649 τῶν
3618 2594 3891 2650 Ἰουδαίων

2302 2692 2427 2747 λαὸν
2454 2689 2795 2763 ἠλευθέρωσε
2809 2689 2911 2761 τῆς
2940 2688 3259 2753 κακώσεως,
3279 2689 3379 2760 τὴν
3405 2691 3566 2761 χεῖρα
3590 2686 3758 2743 αὑτοῦ
3790 2686 3894 2761 τὴν

2303 2804 2379 2840 πα
2387 2784 2725 2859 ραδοξοποιὸν
2740 2786 2828 2841 διά
2847 2783 3127 2848 Μωῦσέως
3155 2784 3627 2857 προστησάμενος,
3640 2781 3708 2836 δι’
3725 2772 3797 2856 ῆς
3816 2780 3890 2837 τά

2303 2878 2581 2952 παράδοξα
2595 2877 2848 2950 θαύματα
2859 2877 3153 2951 εἰργάσατο
3168 2877 3261 2931 tari
3275 2876 3375 2948 τῆς
3389 2876 3665 2947 Αἰγύπτου
3683 2876 3889 2949 χώρας*

2302 2972 2393 3026 τὸν
2421 2972 2584 3026 αὑτὸν
2620 2971 2824 3042 τρόπον
2858 2970 3156 3044 προσθήσει
3189 2969 3350 3024 πάλιν
3385 2968 3486 3040 τὴν
3509 2971 3668 3041 χεῖρα
3698 2966 3889 3033 αὐτοῦ,

2304 3059 2494 3133 ὥσπερ
2508 3063 2572 3115 ὲκ
2586 3060 2841 3133 δευτέρου
2866 3058 3032 3115 κινῶν
3051 3060 3221 3131 αὐτὴν
3242 3058 3331 3115 διά
3352 3057 3669 3131 παραδόξων
3688 3057 3892 3132 ιργων,

2305 3151 2445 3225 ὑπὲρ
2469 3152 2563 3207 τοῦ
2591 3151 2919 3223 κτήσασθαι,
2938 3152 3035 3206 καὶ
3052 3151 3291 3223 ζηλωτὸν
3320 3150 3619 3225 ποιῆσαιτδ
3641 3152 3896 3207 καταλει-

636 3244 936 3312 Ᾰῧιὶιῑορίε,
965 3243 1018 3296 in
1057 3241 1405 3296 Elamitarum
1438 3248 1602 3303 terra,
1628 3255 1692 3294 ac
1724 3238 1777 3293 in
1808 3236 2030 3307 reliquis
2053 3234 2201 3291 orbis

2307 3241 2437 3312 φθὰν
2468 3242 2562 3297 τοῦ
2595 3242 2747 3297 λαοῦ.
2780 3241 2906 3298 Εῐτε
2927 3242 3038 3316 γὰρ
3057 3245 3115 3296 έν
3138 3246 3203 3315 τῇ
3230 3243 3338 3297 τῶν
3379 3243 3680 3317 ’Δσσυρίων
3713 3244 3890 3319 χώρᾳ,

636 3337 882 3409 partibus
907 3350 975 3392 ex
1016 3334 1235 3391 Judaica
1267 3344 1424 3407 gente
1466 3334 1686 3404 quidam
1719 3331 1947 3403 dispersi
1974 3339 2197 3387 essent:

634 3444 701 3483 ex
726 3444 913 3483 eorum
944 3441 1168 3483 numero
1192 3441 1286 3481 eos
1322 3425 1411 3496 qui
1446 3426 1499 3480 in
1525 3423 1803 3481 Christum
1830 3423 2201 3487 crediderunt,

635 3536 700 3575 ac
739 3520 1032 3575 secundum
1083 3518 1403 3575 electionem
1456 3518 1644 3586 gratia:
1692 3517 1970 3573 residuum
2018 3513 2202 3571 ell'ecti

634 3621 781 3677 sunt,
811 3610 979 3681 gloria
1027 3607 1336 3666 afﬁciendos
1372 3620 1428 3665 et
1454 3609 1696 3665 studiose
1740 3616 2039 3664 servandos
2080 3621 2202 3663 esse

632 3703 836 3758 dictum
880 3709 984 3757 est.
1029 3700 1182 3769 Quod
1227 3715 1358 3756 sane
1398 3699 1528 3771 ipsis
1568 3701 1824 3770 operibus
1869 3699 2201 3756 declaratum

624 3802 756 3849 est:
788 3807 914 3847 nam
946 3807 1040 3863 per
1065 3790 1358 3861 discipulos
1395 3800 1449 3847 et
1482 3792 1753 3861 apostolos
1784 3791 1976 3862 ipsius,
2010 3807 2075 3848 ac
2104 3807 2201 3862 per

633 3887 772 3942 alios
802 3900 871 3942 ex
913 3884 1131 3948 Judazis,
1175 3884 1265 3955 qui
1303 3883 1502 3940 Christi
1550 3885 1769 3940 verbum
1815 3894 2202 3953 susceperunt,

634 3980 878 4037 Ecclesia
915 3978 1008 4034 Dei
1048 3977 1341 4035 constituta
1379 3987 1502 4034 est:
1534 3992 1634 4048 per
1658 3992 1753 4034 eos
1784 3977 1915 4033 item
1961 3976 2203 4033 Ecclesia

636 4076 874 4144 gentium
904 4073 1145 4128 omnium
1193 4070 1425 4135 coaluit,
1471 4086 1537 4126 ac
1577 4070 1843 4125 universis
1892 4069 2206 4126 nationibus

637 4163 987 4235 Evangelium
1032 4164 1293 4225 traditum
1331 4164 1423 4217 est
1458 4180 1473 4217 :
1522 4163 1631 4217 Deo
1675 4162 1867 4233 signis,
1918 4163 2203 4233 prodigiis,

637 4256 911 4325 variisque
953 4254 1240 4310 virtutibus
1268 4268 1332 4309 ac
1377 4253 1579 4324 Spiritu
1622 4263 1810 4309 sancto
1855 4268 1955 4323 per
1997 4254 2204 4324 gratia-

633 4362 755 4403 rum
805 4346 1097 4413 divisiones
1147 4346 1512 4401 testimonium
1570 4362 1726 4401 suum
1799 4347 2051 4404 addente.
2098 4346 2206 4403 Eos

635 4448 815 4494 autem
849 4439 941 4508 qui
994 4438 1215 4494 verbum
1264 4438 1332 4492 ab
1364 4437 1470 4494 illis
1522 4440 1869 4508 praedicatum
1919 4452 2201 4506 accepere,

638 4532 739 4587 sub
780 4530 945 4587 tutela
993 4546 1090 4586 sua
1145 4530 1287 4586 Deus
1330 4532 1571 4587 studiose
1616 4530 1793 4597 fovet,
1834 4540 1889 4587 et
1938 4531 2205 4601 gloriosos

637 4626 778 4695 apud
804 4640 998 4699 omnes
1029 4624 1209 4681 elllcit.

710 4807 872 4864 Vsus.
898 4806 985 4863 12.
1030 4825 1050 4860 ι
1079 4806 1147 4861 Ει
1175 4806 1373 4862 levabit
1414 4807 1626 4877 signum
1658 4805 1711 4863 in
1751 4816 1959 4877 gentes,
1989 4817 2046 4862 et
2074 4822 2205 4861 con-

633 4902 880 4972 gregsbit
922 4898 1157 4969 perditos
1188 4897 1371 4965 Israel,
1402 4908 1457 4954 et
1488 4900 1761 4970 dispersos
1805 4898 1940 4955 Juda
1976 4914 2203 4968 congre-

632 4994 781 5065 gahit
822 5006 891 5048 ex
935 5000 1165 5062 quatuor
1212 4992 1311 5047 alis
1363 4999 1541 5047 teme.
1585 4992 1652 5047 Et
1715 4991 1986 5048 auleretur
2050 4992 2203 5047 zelus

633 5086 930 5158 prraim,
993 5094 1050 5140 et
1116 5084 1318 5140 inimici
1392 5083 1531 5139 Juda
1608 5084 1878 5153 peribunt.
1943 5084 2199 5155 Ephraim

634 5195 739 5234 non
784 5178 1119 5235 aemulabitur
1162 5175 1389 5241 ludam,
1436 5187 1492 5233 et
1541 5175 1710 5231 ludas
1762 5191 1869 5231 non
1919 5176 2204 5233 tribulabit

634 5270 951 5342 Ephraim.»
995 5269 1130 5325 Nam
1179 5268 1377 5325 Christi
1430 5268 1678 5339 discipuli
1732 5268 1796 5324 iis
1831 5269 1923 5339 qui
1970 5284 2036 5324 ex
2088 5268 2200 5323 cir-

632 5364 963 5419 cumcisione
1002 5369 1178 5425 erant,
1210 5361 1382 5432 primo
1412 5360 1788 5431 praedicantes,
1818 5377 1883 5416 ex
1921 5362 2053 5432 ipsis
2085 5376 2199 5427 eos,

632 5456 723 5525 qui
758 5454 1124 5520 crediderunt,
1158 5462 1555 5523 congregarunt
1583 5452 1637 5507 in
1672 5451 1909 5508 Ecclesia
1946 5451 2148 5509 Christi
2182 5473 2196 5509 :

632 5546 724 5615 qui
770 5550 904 5601 sane
933 5544 1061 5601 olim
1094 5546 1387 5615 perierant,
1431 5552 1492 5597 ut
1540 5542 1797 5599 Servatur
1829 5542 2069 5599 declarat
2113 5544 2203 5598 his

635 5638 832 5705 verbis,
863 5656 883 5690 ι
910 5637 989 5694 lte
1011 5639 1077 5693 ad
1102 5651 1252 5702 oves,
1280 5651 1398 5707 quae
1418 5634 1694 5706 perierunt
1715 5622 1903 5691 domus
1920 5636 2161 5690 Israel".
2178 5654 2199 5687 ι

634 5728 761 5785 Hac
817 5744 974 5800 porro
1021 5729 1272 5786 fecerunt
1324 5729 1379 5786 in
1438 5737 1674 5800 quatuor
1724 5726 1825 5785 alis
1862 5726 1975 5785 sive
2028 5726 2203 5800 plagis

701 5910 748 5945 ὀ
787 5908 986 5966 Matth:
1004 5924 1063 5975 ιι,
1090 5909 1141 5963 ϐ.

2307 3336 2417 3390 εἴτε
2446 3337 2503 3388 ὲν
2528 3334 2809 3407 Αίγύπτφ,
2838 3335 2946 3388 εῐτε
2980 3338 3037 3389 ιν
3065 3334 3364 3399 Βαϐυλῶνι,
3396 3335 3511 3390 εἴτε
3538 3328 3891 3411 ὲνΑίθιοπίᾳ,

2304 3425 2412 3480 εἴτε
2436 3427 2494 3480 ιν
2518 3429 2584 3499 τῇ
2610 3429 2678 3499 γῇ
2696 3427 2822 3493 τῶν,
2836 3427 3156 3499 Ἐλαμιτῶν,
3181 3427 3290 3482 είτε
3310 3432 3375 3502 τῇ
3396 3429 3557 3503 λοιπῇ
3572 3430 3891 3506 οίκουμένῃ,

2302 3518 2688 3591 διεσπαρμένοι
2715 3519 2859 3583 τινὲς
2884 3513 3026 3591 ἦσαν
3056 3518 3149 3574 τοῦ
3215 3520 3487 3577 Ἰουδαίων
3528 3521 3733 3593 ιθνους·
3767 3522 3896 3578 τού-

2302 3626 2410 3663 των
2424 3608 2601 3663 αὐτῶν
2616 3610 2741 3673 τοὺς
2764 3610 2845 3673 είς
2874 3609 2966 3665 τὸν
2989 3608 3225 3681 Χριστὸν
3256 3613 3712 3679 πεπιστευκότας,
3737 3612 3895 3686 λείμ-

2308 3718 2384 3772 μα
2414 3701 2534 3755 κατ’
2568 3699 2797 3772 ἐκλογὴν
2840 3700 3064 3773 χάριτος
3111 3700 3460 3773 γενομένους,
3505 3701 3751 3767 δοξάσειν
3794 3703 3894 3757 καὶ

2305 3793 2553 3865 ποιήσειν
2579 3792 2853 3864 ζηλωτοὺς
2880 3793 3115 3865 εἴρηται.
3146 3795 3213 3847 Ὀ
3250 3793 3315 3866 δὴ
3349 3796 3442 3849 καὶ
3473 3794 3655 3869 ἔργοις
3678 3796 3895 3871 ἐδηλοῦ-

2304 3902 2384 3939 το·
2419 3885 2507 3938 διά
2528 3886 2639 3957 γὰρ
2665 3884 2773 3939 τῶν
2804 3885 2969 3940 αὐτοῦ
3004 3884 3263 3958 μαθητῶν
3295 3888 3391 3942 καὶ
3412 3889 3746 3957 ἀποστόλων,
3779 3890 3894 3947 τῶν

2304 3993 2365 4030 τε
2391 3975 2595 4032 λοιπῶν
2621 3976 2731 4031 τῶν
2748 3977 2808 4042 ἑξ
2840 3976 3109 4032 Ἰουδαίων
3138 3979 3231 4033 τὸν
3255 3981 3493 4053 Χριστοῦ
3526 3981 3681 4051 λόγον
3705 3999 3893 4057 παρα-

2305 4067 2662 4139 δεδεγμένων,
2692 4070 2726 4140 ἡ
2770 4070 3064 4142 Ἐκκλησία
3107 4072 3202 4127 τοῦ
3231 4073 3369 4128 Θεοῦ
3410 4074 3663 4145 συνέστη,
3711 4076 3809 4130 καὶ
3857 4076 3894 4149 ἡ

2321 4161 2614 4233 Ἐκκλησία
2639 4162 2748 4217 τῶν
2773 4161 2942 4219 ἐθνῶν
2959 4165 3215 4221 ἀπάντων
3229 4167 3297 4221 δι’
3326 4167 3504 4221 αὐτῶν
3530 4165 3894 4240 ἀπετελέσθη,

2306 4251 2401 4307 καὶ
2430 4252 2492 4307 τδ
2523 4252 2853 4323 Εὑαγγέλιον
2900 4256 3032 4309 πᾶσι
3075 4256 3327 4312 διεδίδοτο
3364 4260 3478 4324 τοῖς
3526 4258 3724 4324 ἔθνεσι,
3761 4276 3896 4315 συν-

2307 4342 2806 4415 επιμαρτυροῦντος
2828 4342 2922 4399 τοῦ
2951 4344 3087 4399 Θεοῦ
3114 4347 3380 4418 σημείοις,
3413 4350 3508 4403 καὶ
3539 4348 3754 4422 τέρασι,
3790 4351 3894 4407 καὶ

2307 4434 2577 4499 ποικίλαις
2602 4436 2884 4507 δυνάμεσι,
2919 4436 3013 4491 καὶ
3040 4437 3362 4510 Πνεύματος
3391 4442 3548 4510 ἁγίου
3578 4448 3892 4515 μερισμοῑςο

2306 4528 2400 4592 οὒς
2432 4530 2524 4582 καὶ
2554 4529 2827 4603 ζηλωτοὺς
2854 4533 2883 4585 ό
2911 4532 3043 4597 Θεὸς
3069 4534 3264 4599 ἐποίει,
3296 4537 3389 4589 καὶ
3422 4536 3577 4610 παρὰ
3601 4538 3769 4593 πᾶσιν
3798 4540 3894 4595 ιν-

2239 4629 2281 4684 D
2308 4620 2511 4687 δόξους,
2543 4624 2667 4687 τοὺς
2697 4624 2806 4679 ,τὸν
2847 4626 3354 4699 καταγγελλόμενον
3393 4628 3487 4682 ὑπ’
3529 4630 3709 4685 αὐτῶν
3731 4630 3896 4705 λόγον

2313 4713 2801 4798 παραδεχομένους.

2388 4828 2406 4859 ι
2432 4807 2545 4861 Kal.
2563 4808 2698 4879 ἀρετ
2741 4815 2967 4883 σημεῖον
2999 4815 3080 4878 είς
3102 4813 3173 4869 τὰ
3202 4814 3353 4888 έθνη,
3386 4817 3480 4872 καὶ
3518 4816 3735 4886 συνάξει
3765 4820 3897 4886 τοὺς

2282 4895 2675 4968 ’ἀπολομένους
2720 4900 2955 4973 Ἰσραὴλ,
2991 4905 3086 4957 καὶ
3111 4906 3237 4969 τοὺς
3256 4904 3687 4980 διεσπαρμένους
3723 4907 3898 4963 Ἰούὼ

2312 4988 2526 5055 συνάξει
2568 4992 2634 5045 ὲκ
2678 4992 3098 5065 τῶν.τεσσάρων
3142 4997 3429 5070 πτερύγων
3471 4999 3572 5070 τῆς
3601 4999 3728 5071 γῆς.
3781 5002 3899 5061 Καὶ

2308 5081 2733 5157 ἀφαιρεθήσεται
2759 5086 2787 5138 ὁ
2821 5086 2984 5155 ζῆλος
3010 5087 3269 5160 Ἐφραῒμ,
3297 5092 3391 5145 καὶ⁴
3412 5092 3463 5145 οἱ
3490 5092 3676 5166 ἐχθροὶ
3721 5092 3898 5149 Ἰούδα

2306 5173 2650 5228 ἀπολοῦνται.
2691 5174 2933 5247 Ἐφραίμ
2962 5178 3023 5231 ού
3050 5176 3280 5249 ζηλώσει
3314 5179 3532 5249 Ἰούδαν,
3557 5181 3652 5235 καὶ
3693 5180 3898 5249 Ἰούδας

2305 5265 2364 5317 οὐ
2414 5264 2589 5335 θλίψει
2649 5266 2908 5339 Ἐφρατμ.
2940 5287 2959 5320 ι
3016 5268 3257 5341 Πρώτοις
3308 5271 3417 5344 γάρ
3448 5271 3814 5343 κηρύττοντες
3841 5276 3898 5328 οἱ

2308 5358 2542 5431 Χριστοῦ
2578 5359 2815 5431 μαθηταὶ
2837 5363 2947 5425 τοῖς
2973 5362 3037 5416 ὲκ
3068 5364 3389 5435 περιτομῆς,
3416 5366 3648 5437 συνῆγον
3678 5368 3807 5434 τοὺς
3834 5369 3897 5438 ἐξ

2310 5452 2487 5505 αὐτῶν
2513 5454 2943 5518 πεπιστευκότας
2960 5456 3038 5519 είς
3052 5454 3149 5527 τὴν
3169 5455 3263 5509 τοῦ
3284 5457 3520 5529 Χριστοῦ
3538 5459 3892 5529 Ἐκκλησίαν,

2309 5544 2475 5599 πάλαι
2501 5545 2662 5611 ὄντας
2700 5546 3089 5619 ἀπολομένους,
3119 5548 3241 5603 καθ’
3276 5549 3305 5603 δ
3336 5550 3615 5604 ἐδίδασκεν
3640 5550 3670 5603 ὁ
3702 5552 3898 5626 Σωτὴρ

2307 5638 2500 5709 λέγων·
2534 5659 2553 5692 ι
2583 5640 2886 5711 Πορεύεσθε
2925 5642 3062 5715 πρὸς
3092 5641 3161 5696 τά
3192 5642 3441 5715 πρόόατα
3475 5642 3546 5697 τὰ
3574 5643 3897 5701 ἀπολωλότα

2307 5731 2457 5786 οἴκου
2498 5731 2733 5806 Ἰσραήλ.
2774 5752 2793 5787 ι
2822 5733 3007 5792 Ταῦτα
3031 5733 3088 5790 δὲ
3110 5732 3377 5808 ἔπραττον
3392 5735 3451 5793 έν
3481 5738 3601 5804 ταῖς
3629 5736 3896 5814 τέσσαρσι
