  <div class='ocr_page' id='page_1' title='image "/cluster/home/n/w/nwhite01/storage/ocr_20150623/24/uva.x004246623/104.png"; bbox 0 0 4100 6426; ppageno 0'>
   <div class='ocr_carea' id='block_1_1' title="bbox 218 433 315 491">
    <p class='ocr_par' dir='ltr' id='par_1_1' title="bbox 218 433 315 491">
     <span class='ocr_line' id='line_1_1' title="bbox 218 433 315 491; baseline -0.01 0"><span class='ocrx_word' id='word_1_1' title='bbox 218 433 315 491; x_wconf 76' lang='grc' dir='ltr'><strong>ΓΠ</strong></span> 
     </span>
    </p>
   </div>
   <div class='ocr_carea' id='block_1_2' title="bbox 1193 426 2545 489">
    <p class='ocr_par' dir='ltr' id='par_1_2' title="bbox 1193 426 2545 489">
     <span class='ocr_line' id='line_1_2' title="bbox 1193 426 2545 489; baseline -0.001 0"><span class='ocrx_word' id='word_1_2' title='bbox 1193 429 1700 489; x_wconf 71' lang='lat' dir='ltr'><strong>COMMENTARIA</strong></span> <span class='ocrx_word' id='word_1_3' title='bbox 1740 428 1806 484; x_wconf 81' lang='lat' dir='ltr'><strong>IN</strong></span> <span class='ocrx_word' id='word_1_4' title='bbox 1851 427 2109 486; x_wconf 71' lang='lat' dir='ltr'><strong>ISAIAN.</strong></span> <span class='ocrx_word' id='word_1_5' title='bbox 2149 463 2217 472; x_wconf 91' lang='lat'><strong>—</strong></span> <span class='ocrx_word' id='word_1_6' title='bbox 2254 430 2410 486; x_wconf 74' lang='lat' dir='ltr'><strong>CAP.</strong></span> <span class='ocrx_word' id='word_1_7' title='bbox 2449 426 2545 487; x_wconf 74' lang='lat' dir='ltr'><strong>XI.</strong></span> 
     </span>
    </p>
   </div>
   <div class='ocr_carea' id='block_1_3' title="bbox 3417 424 3518 480">
    <p class='ocr_par' dir='ltr' id='par_1_3' title="bbox 3417 424 3518 480">
     <span class='ocr_line' id='line_1_3' title="bbox 3417 424 3518 480; baseline 0.02 -2"><span class='ocrx_word' id='word_1_8' title='bbox 3417 424 3518 480; x_wconf 67' lang='grc' dir='ltr'><strong>ΓΒ</strong></span> 
     </span>
    </p>
   </div>
   <div class='ocr_carea' id='block_1_4' title="bbox 217 544 1826 628">
    <p class='ocr_par' dir='ltr' id='par_1_4' title="bbox 217 547 1824 628">
     <span class='ocr_line' id='line_1_4' title="bbox 217 547 1824 628; baseline -0.004 -19"><span class='ocrx_word' id='word_1_9' title='bbox 217 547 443 626; x_wconf 70' lang='grc' dir='ltr'>πτέρυξι</span> <span class='ocrx_word' id='word_1_10' title='bbox 475 555 583 627; x_wconf 86' lang='grc' dir='ltr'>τῆς</span> <span class='ocrx_word' id='word_1_11' title='bbox 638 557 769 628; x_wconf 73' lang='grc' dir='ltr'>γῆς,</span> <span class='ocrx_word' id='word_1_12' title='bbox 795 555 1169 626; x_wconf 66' lang='grc' dir='ltr'><strong>διατρέχοντες</strong></span> <span class='ocrx_word' id='word_1_13' title='bbox 1197 551 1464 624; x_wconf 80' lang='grc' dir='ltr'>ἀνατολήν</span> <span class='ocrx_word' id='word_1_14' title='bbox 1508 552 1604 606; x_wconf 81' lang='grc' dir='ltr'>καὶ</span> <span class='ocrx_word' id='word_1_15' title='bbox 1649 549 1824 614; x_wconf 90' lang='grc' dir='ltr'>δύσιν,</span> 
     </span>
    </p>
   </div>
   <div class='ocr_carea' id='block_1_5' title="bbox 1932 544 3519 628">
    <p class='ocr_par' dir='ltr' id='par_1_5' title="bbox 1935 544 3519 616">
     <span class='ocr_line' id='line_1_5' title="bbox 1935 544 3519 616; baseline -0.007 -10"><span class='ocrx_word' id='word_1_16' title='bbox 1935 560 2132 606; x_wconf 66' lang='lat' dir='ltr'><strong>terrae:</strong></span> <span class='ocrx_word' id='word_1_17' title='bbox 2167 549 2446 607; x_wconf 87' lang='lat' dir='ltr'><strong>Orientem</strong></span> <span class='ocrx_word' id='word_1_18' title='bbox 2491 558 2549 604; x_wconf 90' lang='lat' dir='ltr'><strong>et</strong></span> <span class='ocrx_word' id='word_1_19' title='bbox 2579 545 2948 610; x_wconf 72' lang='lat' dir='ltr'><strong>Occidentem.</strong></span> <span class='ocrx_word' id='word_1_20' title='bbox 2985 544 3425 616; x_wconf 69' lang='lat' dir='ltr'><strong>Septentrionem</strong></span> <span class='ocrx_word' id='word_1_21' title='bbox 3465 554 3519 596; x_wconf 88' lang='lat' dir='ltr'><strong>et</strong></span> 
     </span>
    </p>
   </div>
   <div class='ocr_carea' id='block_1_6' title="bbox 216 640 1825 717">
    <p class='ocr_par' dir='ltr' id='par_1_6' title="bbox 216 640 1825 717">
     <span class='ocr_line' id='line_1_6' title="bbox 216 640 1825 717; baseline -0.003 -19"><span class='ocrx_word' id='word_1_22' title='bbox 216 643 411 716; x_wconf 69' lang='grc' dir='ltr'>ἄρκτον</span> <span class='ocrx_word' id='word_1_23' title='bbox 459 645 562 698; x_wconf 74' lang='grc' dir='ltr'>καὶ</span> <span class='ocrx_word' id='word_1_24' title='bbox 620 644 994 717; x_wconf 78' lang='grc' dir='ltr'>μεσημϐρίαν.</span> <span class='ocrx_word' id='word_1_25' title='bbox 1036 645 1280 716; x_wconf 83' lang='grc' dir='ltr'>Πρώτοις</span> <span class='ocrx_word' id='word_1_26' title='bbox 1315 645 1414 715; x_wconf 75' lang='grc' dir='ltr'>μὲν</span> <span class='ocrx_word' id='word_1_27' title='bbox 1468 640 1561 698; x_wconf 80' lang='grc' dir='ltr'>οὖν</span> <span class='ocrx_word' id='word_1_28' title='bbox 1598 643 1825 706; x_wconf 73' lang='grc' dir='ltr'>ἐκείνοις</span> 
     </span>
    </p>
   </div>
   <div class='ocr_carea' id='block_1_7' title="bbox 219 723 1827 807">
    <p class='ocr_par' dir='ltr' id='par_1_7' title="bbox 219 723 1827 807">
     <span class='ocr_line' id='line_1_7' title="bbox 219 723 1827 807; baseline -0.001 -19"><span class='ocrx_word' id='word_1_29' title='bbox 219 734 568 805; x_wconf 74' lang='grc' dir='ltr'><strong>μετεδίδοσαν</strong></span> <span class='ocrx_word' id='word_1_30' title='bbox 600 737 701 791; x_wconf 82' lang='grc' dir='ltr'><strong>τοῦ</strong></span> <span class='ocrx_word' id='word_1_31' title='bbox 727 736 1084 807; x_wconf 81' lang='grc' dir='ltr'>εὐαγγελικοῦ</span> <span class='ocrx_word' id='word_1_32' title='bbox 1116 736 1299 806; x_wconf 81' lang='grc' dir='ltr'><strong>λόγου,</strong></span> <span class='ocrx_word' id='word_1_33' title='bbox 1340 723 1532 790; x_wconf 76' lang='grc' dir='ltr'>ἔπειτα</span> <span class='ocrx_word' id='word_1_34' title='bbox 1576 738 1687 798; x_wconf 79' lang='grc' dir='ltr'>τοῖς</span> <span class='ocrx_word' id='word_1_35' title='bbox 1716 735 1827 787; x_wconf 74' lang='grc' dir='ltr'>λοι-ο</span> 
     </span>
    </p>
   </div>
   <div class='ocr_carea' id='block_1_8' title="bbox 216 825 1826 900">
    <p class='ocr_par' dir='ltr' id='par_1_8' title="bbox 216 825 1826 900">
     <span class='ocr_line' id='line_1_8' title="bbox 216 825 1826 900; baseline -0.001 -20"><span class='ocrx_word' id='word_1_36' title='bbox 216 830 332 890; x_wconf 74' lang='grc' dir='ltr'>κοῖς</span> <span class='ocrx_word' id='word_1_37' title='bbox 361 827 582 882; x_wconf 67' lang='grc' dir='ltr'>ἔθνεσιν</span> <span class='ocrx_word' id='word_1_38' title='bbox 610 828 938 900; x_wconf 72' lang='grc' dir='ltr'>ἐκήρυττον.</span> <span class='ocrx_word' id='word_1_39' title='bbox 972 828 1062 882; x_wconf 84' lang='grc' dir='ltr'>Διδ</span> <span class='ocrx_word' id='word_1_40' title='bbox 1095 828 1360 882; x_wconf 86' lang='grc' dir='ltr'>λέλεκται·</span> <span class='ocrx_word' id='word_1_41' title='bbox 1401 848 1419 880; x_wconf 92' lang='grc' dir='ltr'><strong>ι</strong></span> <span class='ocrx_word' id='word_1_42' title='bbox 1457 828 1569 883; x_wconf 77' lang='grc' dir='ltr'><strong>Καὶ</strong></span> <span class='ocrx_word' id='word_1_43' title='bbox 1609 825 1826 891; x_wconf 79' lang='grc' dir='ltr'><strong>συνάξει</strong></span> 
     </span>
    </p>
   </div>
   <div class='ocr_carea' id='block_1_9' title="bbox 214 919 1826 994">
    <p class='ocr_par' dir='ltr' id='par_1_9' title="bbox 214 919 1826 994">
     <span class='ocr_line' id='line_1_9' title="bbox 214 919 1826 994; baseline -0.001 -21"><span class='ocrx_word' id='word_1_44' title='bbox 214 919 332 981; x_wconf 73' lang='grc' dir='ltr'>τοὺς</span> <span class='ocrx_word' id='word_1_45' title='bbox 391 919 763 985; x_wconf 74' lang='grc' dir='ltr'><strong>ἀπολωλότας</strong></span> <span class='ocrx_word' id='word_1_46' title='bbox 803 921 1038 994; x_wconf 81' lang='grc' dir='ltr'>Ἰσραὴλ,</span> <span class='ocrx_word' id='word_1_47' title='bbox 1089 921 1183 975; x_wconf 79' lang='grc' dir='ltr'>καὶ</span> <span class='ocrx_word' id='word_1_48' title='bbox 1229 922 1356 985; x_wconf 73' lang='grc' dir='ltr'>τοὺς</span> <span class='ocrx_word' id='word_1_49' title='bbox 1395 921 1826 992; x_wconf 84' lang='grc' dir='ltr'><strong>διεσπαρμένους</strong></span> 
     </span>
    </p>
   </div>
   <div class='ocr_carea' id='block_1_10' title="bbox 226 1011 1827 1084">
    <p class='ocr_par' dir='ltr' id='par_1_10' title="bbox 226 1011 1827 1084">
     <span class='ocr_line' id='line_1_10' title="bbox 226 1011 1827 1084; baseline 0.001 -21"><span class='ocrx_word' id='word_1_50' title='bbox 226 1011 412 1064; x_wconf 85' lang='grc' dir='ltr'>Ἰούδα.</span> <span class='ocrx_word' id='word_1_51' title='bbox 463 1031 484 1064; x_wconf 79' lang='lat' dir='ltr'><strong>a</strong></span> <span class='ocrx_word' id='word_1_52' title='bbox 521 1011 626 1076; x_wconf 84' lang='grc' dir='ltr'>Τίς</span> <span class='ocrx_word' id='word_1_53' title='bbox 649 1012 710 1066; x_wconf 80' lang='grc' dir='ltr'>δὲ</span> <span class='ocrx_word' id='word_1_54' title='bbox 755 1014 1029 1084; x_wconf 77' lang='grc' dir='ltr'>συνάξειῆ</span> <span class='ocrx_word' id='word_1_55' title='bbox 1076 1015 1104 1067; x_wconf 78' lang='grc'><strong>6</strong></span> <span class='ocrx_word' id='word_1_56' title='bbox 1142 1013 1498 1076; x_wconf 78' lang='grc' dir='ltr'>ἀποστολικδς</span> <span class='ocrx_word' id='word_1_57' title='bbox 1523 1013 1702 1084; x_wconf 82' lang='grc' dir='ltr'>χορὸς,</span> <span class='ocrx_word' id='word_1_58' title='bbox 1733 1012 1766 1083; x_wconf 77' lang='grc' dir='ltr'><strong>ἢ</strong></span> <span class='ocrx_word' id='word_1_59' title='bbox 1797 1015 1827 1065; x_wconf 86' lang='grc' dir='ltr'><strong>ό</strong></span> 
     </span>
    </p>
   </div>
   <div class='ocr_carea' id='block_1_11' title="bbox 214 1099 1828 1174">
    <p class='ocr_par' dir='ltr' id='par_1_11' title="bbox 214 1099 1828 1174">
     <span class='ocr_line' id='line_1_11' title="bbox 214 1099 1828 1174; baseline -0.001 -20"><span class='ocrx_word' id='word_1_60' title='bbox 214 1099 276 1154; x_wconf 83' lang='grc' dir='ltr'><strong>δι’</strong></span> <span class='ocrx_word' id='word_1_61' title='bbox 304 1101 486 1155; x_wconf 77' lang='grc' dir='ltr'>αὐτῶν</span> <span class='ocrx_word' id='word_1_62' title='bbox 519 1104 937 1174; x_wconf 78' lang='grc' dir='ltr'><strong>κηρυττόμενος</strong></span> <span class='ocrx_word' id='word_1_63' title='bbox 963 1105 1028 1156; x_wconf 73' lang='grc' dir='ltr'>ὲκ</span> <span class='ocrx_word' id='word_1_64' title='bbox 1057 1101 1212 1172; x_wconf 76' lang='grc' dir='ltr'>ῥίζης</span> <span class='ocrx_word' id='word_1_65' title='bbox 1249 1103 1484 1167; x_wconf 75' lang='grc' dir='ltr'>Ἰεσσαίς</span> <span class='ocrx_word' id='word_1_66' title='bbox 1519 1101 1828 1173; x_wconf 82' lang='grc' dir='ltr'>Συνήγοντό</span> 
     </span>
    </p>
   </div>
   <div class='ocr_carea' id='block_1_12' title="bbox 217 1191 1827 1264">
    <p class='ocr_par' dir='ltr' id='par_1_12' title="bbox 217 1191 1827 1264">
     <span class='ocr_line' id='line_1_12' title="bbox 217 1191 1827 1264; baseline 0.001 -21"><span class='ocrx_word' id='word_1_67' title='bbox 217 1207 272 1243; x_wconf 86' lang='grc' dir='ltr'><strong>τε</strong></span> <span class='ocrx_word' id='word_1_68' title='bbox 317 1192 424 1244; x_wconf 78' lang='grc' dir='ltr'>ὑπὸ</span> <span class='ocrx_word' id='word_1_69' title='bbox 491 1193 635 1264; x_wconf 86' lang='grc' dir='ltr'>μίαν</span> <span class='ocrx_word' id='word_1_70' title='bbox 692 1194 1061 1264; x_wconf 83' lang='grc' dir='ltr'>Ἐκκλησίαν,</span> <span class='ocrx_word' id='word_1_71' title='bbox 1109 1193 1292 1247; x_wconf 80' lang='grc' dir='ltr'>οὐκέτι</span> <span class='ocrx_word' id='word_1_72' title='bbox 1342 1191 1650 1258; x_wconf 80' lang='grc' dir='ltr'><strong>διεστῶτες,</strong></span> <span class='ocrx_word' id='word_1_73' title='bbox 1705 1191 1827 1246; x_wconf 78' lang='grc' dir='ltr'>οὐδὲ</span> 
     </span>
    </p>
   </div>
   <div class='ocr_carea' id='block_1_13' title="bbox 216 1283 1432 1359">
    <p class='ocr_par' dir='ltr' id='par_1_13' title="bbox 216 1283 1432 1359">
     <span class='ocr_line' id='line_1_13' title="bbox 216 1283 1432 1359; baseline 0.002 -21"><span class='ocrx_word' id='word_1_74' title='bbox 216 1283 597 1357; x_wconf 75' lang='grc' dir='ltr'>ἀφωρισμέναι</span> <span class='ocrx_word' id='word_1_75' title='bbox 635 1287 910 1359; x_wconf 84' lang='grc' dir='ltr'>ἀλλήλων,</span> <span class='ocrx_word' id='word_1_76' title='bbox 940 1287 1015 1352; x_wconf 85' lang='grc' dir='ltr'><strong>ὡς</strong></span> <span class='ocrx_word' id='word_1_77' title='bbox 1044 1288 1106 1341; x_wconf 83' lang='grc' dir='ltr'>τὸ</span> <span class='ocrx_word' id='word_1_78' title='bbox 1146 1287 1432 1359; x_wconf 89' lang='grc' dir='ltr'>πρότερον.</span> 
     </span>
    </p>
   </div>
   <div class='ocr_carea' id='block_1_14' title="bbox 288 1379 1828 1452">
    <p class='ocr_par' dir='ltr' id='par_1_14' title="bbox 288 1379 1828 1452">
     <span class='ocr_line' id='line_1_14' title="bbox 288 1379 1828 1452; baseline 0.003 -23"><span class='ocrx_word' id='word_1_79' title='bbox 288 1396 306 1429; x_wconf 91' lang='grc' dir='ltr'><strong>ι</strong></span> <span class='ocrx_word' id='word_1_80' title='bbox 350 1380 466 1433; x_wconf 80' lang='grc' dir='ltr'>Καὶ</span> <span class='ocrx_word' id='word_1_81' title='bbox 520 1381 969 1452; x_wconf 84' lang='grc' dir='ltr'>πετασθήσονται</span> <span class='ocrx_word' id='word_1_82' title='bbox 1013 1383 1071 1434; x_wconf 76' lang='grc' dir='ltr'>ὲν</span> <span class='ocrx_word' id='word_1_83' title='bbox 1115 1380 1322 1444; x_wconf 79' lang='grc' dir='ltr'>πλοίοις</span> <span class='ocrx_word' id='word_1_84' title='bbox 1358 1380 1694 1450; x_wconf 78' lang='grc' dir='ltr'>ἀλλοφύλων,</span> <span class='ocrx_word' id='word_1_85' title='bbox 1732 1379 1828 1434; x_wconf 85' lang='grc' dir='ltr'><strong>θά-</strong></span> 
     </span>
    </p>
   </div>
   <div class='ocr_carea' id='block_1_15' title="bbox 218 1468 1822 1544">
    <p class='ocr_par' dir='ltr' id='par_1_15' title="bbox 218 1468 1822 1544">
     <span class='ocr_line' id='line_1_15' title="bbox 218 1468 1822 1544; baseline 0.002 -23"><span class='ocrx_word' id='word_1_86' title='bbox 218 1468 413 1524; x_wconf 84' lang='grc' dir='ltr'>λασσαν</span> <span class='ocrx_word' id='word_1_87' title='bbox 436 1472 567 1542; x_wconf 72' lang='grc' dir='ltr'>ἅμα</span> <span class='ocrx_word' id='word_1_88' title='bbox 595 1472 1082 1544; x_wconf 85' lang='grc' dir='ltr'>προνομεύσουσιν.</span> <span class='ocrx_word' id='word_1_89' title='bbox 1121 1495 1144 1526; x_wconf 70' lang='grc' dir='ltr'><strong>ι</strong></span> <span class='ocrx_word' id='word_1_90' title='bbox 1191 1473 1386 1543; x_wconf 81' lang='grc' dir='ltr'>Ἐχρῆν</span> <span class='ocrx_word' id='word_1_91' title='bbox 1403 1472 1582 1525; x_wconf 87' lang='grc' dir='ltr'>τοίνυν</span> <span class='ocrx_word' id='word_1_92' title='bbox 1604 1473 1822 1537; x_wconf 82' lang='grc' dir='ltr'>αὐτοὺς,</span> 
     </span>
    </p>
   </div>
   <div class='ocr_carea' id='block_1_16' title="bbox 216 1561 1826 1636">
    <p class='ocr_par' dir='ltr' id='par_1_16' title="bbox 216 1561 1826 1636">
     <span class='ocr_line' id='line_1_16' title="bbox 216 1561 1826 1636; baseline 0.002 -21"><span class='ocrx_word' id='word_1_93' title='bbox 216 1562 280 1615; x_wconf 73' lang='grc' dir='ltr'><strong>τὰ</strong></span> <span class='ocrx_word' id='word_1_94' title='bbox 311 1561 440 1635; x_wconf 69' lang='grc' dir='ltr'>ἔθνη</span> <span class='ocrx_word' id='word_1_95' title='bbox 461 1564 960 1636; x_wconf 83' lang='grc' dir='ltr'>περινοστοῦντας,</span> <span class='ocrx_word' id='word_1_96' title='bbox 997 1564 1215 1628; x_wconf 82' lang='grc' dir='ltr'>πάντως</span> <span class='ocrx_word' id='word_1_97' title='bbox 1242 1582 1344 1617; x_wconf 91' lang='grc' dir='ltr'><strong>που</strong></span> <span class='ocrx_word' id='word_1_98' title='bbox 1389 1565 1484 1618; x_wconf 78' lang='grc' dir='ltr'>καὶ</span> <span class='ocrx_word' id='word_1_99' title='bbox 1510 1566 1577 1635; x_wconf 82' lang='grc' dir='ltr'>τῇ</span> <span class='ocrx_word' id='word_1_100' title='bbox 1615 1562 1705 1617; x_wconf 79' lang='grc' dir='ltr'><strong>διὰ</strong></span> <span class='ocrx_word' id='word_1_101' title='bbox 1728 1563 1826 1618; x_wconf 81' lang='grc' dir='ltr'>θα.-</span> 
     </span>
    </p>
   </div>
   <div class='ocr_carea' id='block_1_17' title="bbox 216 1646 1827 1727">
    <p class='ocr_par' dir='ltr' id='par_1_17' title="bbox 216 1646 1827 1727">
     <span class='ocr_line' id='line_1_17' title="bbox 216 1646 1827 1727; baseline 0.001 -21"><span class='ocrx_word' id='word_1_102' title='bbox 216 1650 414 1723; x_wconf 78' lang='grc' dir='ltr'>λάσσης</span> <span class='ocrx_word' id='word_1_103' title='bbox 455 1655 781 1727; x_wconf 84' lang='grc' dir='ltr'>χρήσασθαι</span> <span class='ocrx_word' id='word_1_104' title='bbox 814 1655 1032 1726; x_wconf 75' lang='grc' dir='ltr'>πορεία.</span> <span class='ocrx_word' id='word_1_105' title='bbox 1074 1655 1286 1725; x_wconf 81' lang='grc' dir='ltr'>Ὠσπερ</span> <span class='ocrx_word' id='word_1_106' title='bbox 1326 1650 1421 1708; x_wconf 80' lang='grc' dir='ltr'>οὖν</span> <span class='ocrx_word' id='word_1_107' title='bbox 1452 1655 1760 1726; x_wconf 82' lang='grc' dir='ltr'>ίπτάμενοι,</span> 
     </span>
    </p>
   </div>
   <div class='ocr_carea' id='block_1_18' title="bbox 215 1744 1828 1819">
    <p class='ocr_par' dir='ltr' id='par_1_18' title="bbox 215 1744 1828 1819">
     <span class='ocr_line' id='line_1_18' title="bbox 215 1744 1828 1819; baseline 0.002 -23"><span class='ocrx_word' id='word_1_108' title='bbox 215 1744 372 1814; x_wconf 83' lang='grc' dir='ltr'>τάχος</span> <span class='ocrx_word' id='word_1_109' title='bbox 409 1747 507 1798; x_wconf 77' lang='grc' dir='ltr'>καὶ</span> <span class='ocrx_word' id='word_1_110' title='bbox 564 1746 661 1801; x_wconf 81' lang='grc' dir='ltr'>τὸν</span> <span class='ocrx_word' id='word_1_111' title='bbox 711 1746 801 1800; x_wconf 73' lang='grc' dir='ltr'><strong>διὰ</strong></span> <span class='ocrx_word' id='word_1_112' title='bbox 841 1746 1111 1819; x_wconf 77' lang='grc' dir='ltr'>θαλάττης</span> <span class='ocrx_word' id='word_1_113' title='bbox 1148 1746 1350 1818; x_wconf 85' lang='grc' dir='ltr'>δρόμον</span> <span class='ocrx_word' id='word_1_114' title='bbox 1383 1747 1619 1818; x_wconf 78' lang='grc' dir='ltr'>διήνυον·</span> <span class='ocrx_word' id='word_1_115' title='bbox 1642 1747 1718 1811; x_wconf 87' lang='grc' dir='ltr'>ὼς</span> <span class='ocrx_word' id='word_1_116' title='bbox 1767 1748 1828 1800; x_wconf 84' lang='grc' dir='ltr'>ὲν</span> 
     </span>
    </p>
   </div>
   <div class='ocr_carea' id='block_1_19' title="bbox 221 1833 1826 1910">
    <p class='ocr_par' dir='ltr' id='par_1_19' title="bbox 221 1833 1826 1910">
     <span class='ocr_line' id='line_1_19' title="bbox 221 1833 1826 1910; baseline 0.002 -22"><span class='ocrx_word' id='word_1_117' title='bbox 221 1833 408 1906; x_wconf 82' lang='grc' dir='ltr'>βραχεῖ</span> <span class='ocrx_word' id='word_1_118' title='bbox 433 1838 624 1910; x_wconf 86' lang='grc' dir='ltr'>χρόνῳ</span> <span class='ocrx_word' id='word_1_119' title='bbox 661 1836 936 1902; x_wconf 82' lang='grc' dir='ltr'>πλείστοις</span> <span class='ocrx_word' id='word_1_120' title='bbox 969 1837 1145 1892; x_wconf 77' lang='grc' dir='ltr'>ἔθνεσι</span> <span class='ocrx_word' id='word_1_121' title='bbox 1178 1838 1240 1891; x_wconf 81' lang='grc' dir='ltr'><strong>τὸ</strong></span> <span class='ocrx_word' id='word_1_122' title='bbox 1277 1838 1612 1908; x_wconf 82' lang='grc' dir='ltr'>Εὐαγγέλιον</span> <span class='ocrx_word' id='word_1_123' title='bbox 1648 1837 1826 1910; x_wconf 84' lang='grc' dir='ltr'>κηρύ-</span> 
     </span>
    </p>
   </div>
   <div class='ocr_carea' id='block_1_20' title="bbox 1935 639 3520 714">
    <p class='ocr_par' dir='ltr' id='par_1_20' title="bbox 1935 639 3520 714">
     <span class='ocr_line' id='line_1_20' title="bbox 1935 639 3520 714; baseline -0.007 -16"><span class='ocrx_word' id='word_1_124' title='bbox 1935 645 2651 714; x_wconf 78' lang='lat' dir='ltr'><strong>Meridiem&#39;percurrentes.</strong></span> <span class='ocrx_word' id='word_1_125' title='bbox 2698 639 2809 697; x_wconf 90' lang='lat' dir='ltr'><strong>Illis</strong></span> <span class='ocrx_word' id='word_1_126' title='bbox 2837 642 3020 711; x_wconf 87' lang='lat' dir='ltr'><strong>itaque</strong></span> <span class='ocrx_word' id='word_1_127' title='bbox 3065 639 3243 711; x_wconf 78' lang='lat' dir='ltr'><strong>primo</strong></span> <span class='ocrx_word' id='word_1_128' title='bbox 3287 650 3520 704; x_wconf 77' lang='lat' dir='ltr'><strong>evange-</strong></span> 
     </span>
    </p>
   </div>
   <div class='ocr_carea' id='block_1_21' title="bbox 1932 727 3518 798">
    <p class='ocr_par' dir='ltr' id='par_1_21' title="bbox 1932 727 3518 798">
     <span class='ocr_line' id='line_1_21' title="bbox 1932 727 3518 798; baseline -0.005 -10"><span class='ocrx_word' id='word_1_129' title='bbox 1932 733 2098 790; x_wconf 92' lang='lat' dir='ltr'><strong>licum</strong></span> <span class='ocrx_word' id='word_1_130' title='bbox 2145 737 2370 791; x_wconf 77' lang='lat' dir='ltr'><strong>verbum</strong></span> <span class='ocrx_word' id='word_1_131' title='bbox 2431 733 2810 796; x_wconf 83' lang='lat' dir='ltr'><strong>tradiderunt,</strong></span> <span class='ocrx_word' id='word_1_132' title='bbox 2863 730 3062 788; x_wconf 85' lang='lat' dir='ltr'><strong>deinde</strong></span> <span class='ocrx_word' id='word_1_133' title='bbox 3112 727 3335 798; x_wconf 85' lang='lat' dir='ltr'><strong>reliquis</strong></span> <span class='ocrx_word' id='word_1_134' title='bbox 3383 740 3518 794; x_wconf 89' lang='lat' dir='ltr'><strong>gen-</strong></span> 
     </span>
    </p>
   </div>
   <div class='ocr_carea' id='block_1_22' title="bbox 1935 816 3520 898">
    <p class='ocr_par' dir='ltr' id='par_1_22' title="bbox 1935 816 3520 898">
     <span class='ocr_line' id='line_1_22' title="bbox 1935 816 3520 898; baseline -0.007 -16"><span class='ocrx_word' id='word_1_135' title='bbox 1935 829 2079 882; x_wconf 79' lang='lat' dir='ltr'><strong>tibus</strong></span> <span class='ocrx_word' id='word_1_136' title='bbox 2125 828 2509 898; x_wconf 63' lang='lat' dir='ltr'><strong>praedicarunt.</strong></span> <span class='ocrx_word' id='word_1_137' title='bbox 2563 828 2926 896; x_wconf 82' lang='lat' dir='ltr'><strong>Quamobrem</strong></span> <span class='ocrx_word' id='word_1_138' title='bbox 2972 824 3178 879; x_wconf 89' lang='lat' dir='ltr'><strong>dictum</strong></span> <span class='ocrx_word' id='word_1_139' title='bbox 3228 829 3348 884; x_wconf 89' lang='lat' dir='ltr'><strong>est,</strong></span> <span class='ocrx_word' id='word_1_140' title='bbox 3405 839 3424 869; x_wconf 87' lang='grc' dir='ltr'><strong>ι</strong></span> <span class='ocrx_word' id='word_1_141' title='bbox 3457 816 3520 872; x_wconf 84' lang='grc' dir='ltr'>Ει</span> 
     </span>
    </p>
   </div>
   <div class='ocr_carea' id='block_1_23' title="bbox 1931 909 3512 991">
    <p class='ocr_par' dir='ltr' id='par_1_23' title="bbox 1931 909 3512 991">
     <span class='ocr_line' id='line_1_23' title="bbox 1931 909 3512 991; baseline -0.006 -17"><span class='ocrx_word' id='word_1_142' title='bbox 1931 921 2286 990; x_wconf 68' lang='lat' dir='ltr'><strong>congregahit</strong></span> <span class='ocrx_word' id='word_1_143' title='bbox 2331 922 2569 991; x_wconf 89' lang='lat' dir='ltr'><strong>perditos</strong></span> <span class='ocrx_word' id='word_1_144' title='bbox 2620 920 2816 981; x_wconf 85' lang='lat' dir='ltr'><strong>Israel,</strong></span> <span class='ocrx_word' id='word_1_145' title='bbox 2865 926 2922 972; x_wconf 88' lang='lat' dir='ltr'><strong>et</strong></span> <span class='ocrx_word' id='word_1_146' title='bbox 2975 915 3248 984; x_wconf 85' lang='lat' dir='ltr'><strong>dispersos</strong></span> <span class='ocrx_word' id='word_1_147' title='bbox 3296 909 3512 966; x_wconf 64' lang='grc' dir='ltr'>ιωιω..</span> 
     </span>
    </p>
   </div>
   <div class='ocr_carea' id='block_1_24' title="bbox 1932 1003 3518 1082">
    <p class='ocr_par' dir='ltr' id='par_1_24' title="bbox 1932 1003 3518 1082">
     <span class='ocr_line' id='line_1_24' title="bbox 1932 1003 3518 1082; baseline -0.006 -18"><span class='ocrx_word' id='word_1_148' title='bbox 1932 1011 2065 1078; x_wconf 85' lang='lat' dir='ltr'><strong>Quis</strong></span> <span class='ocrx_word' id='word_1_149' title='bbox 2097 1014 2467 1082; x_wconf 87' lang='lat' dir='ltr'><strong>congregabit,</strong></span> <span class='ocrx_word' id='word_1_150' title='bbox 2516 1014 2617 1067; x_wconf 91' lang='lat' dir='ltr'><strong>nisi</strong></span> <span class='ocrx_word' id='word_1_151' title='bbox 2669 1010 3000 1082; x_wconf 74' lang='lat' dir='ltr'><strong>apostolicus</strong></span> <span class='ocrx_word' id='word_1_152' title='bbox 3033 1007 3258 1069; x_wconf 90' lang='lat' dir='ltr'><strong>chorus,</strong></span> <span class='ocrx_word' id='word_1_153' title='bbox 3309 1005 3427 1059; x_wconf 84' lang='lat' dir='ltr'><strong>sive</strong></span> <span class='ocrx_word' id='word_1_154' title='bbox 3475 1003 3518 1056; x_wconf 87' lang='lat' dir='ltr'><strong>ls</strong></span> 
     </span>
    </p>
   </div>
   <div class='ocr_carea' id='block_1_25' title="bbox 1931 1094 3520 1171">
    <p class='ocr_par' dir='ltr' id='par_1_25' title="bbox 1931 1094 3520 1171">
     <span class='ocr_line' id='line_1_25' title="bbox 1931 1094 3520 1171; baseline -0.005 -15"><span class='ocrx_word' id='word_1_155' title='bbox 1931 1105 2022 1171; x_wconf 89' lang='lat' dir='ltr'><strong>qui</strong></span> <span class='ocrx_word' id='word_1_156' title='bbox 2053 1102 2122 1157; x_wconf 89' lang='lat' dir='ltr'><strong>ab</strong></span> <span class='ocrx_word' id='word_1_157' title='bbox 2161 1105 2268 1158; x_wconf 83' lang='lat' dir='ltr'><strong>illis</strong></span> <span class='ocrx_word' id='word_1_158' title='bbox 2294 1106 2647 1170; x_wconf 62' lang='lat' dir='ltr'><strong>praedicatur,</strong></span> <span class='ocrx_word' id='word_1_159' title='bbox 2675 1119 2738 1158; x_wconf 76' lang='lat' dir='ltr'><strong>ex</strong></span> <span class='ocrx_word' id='word_1_160' title='bbox 2778 1102 2962 1157; x_wconf 84' lang='lat' dir='ltr'><strong>radice</strong></span> <span class='ocrx_word' id='word_1_161' title='bbox 3009 1097 3176 1154; x_wconf 67' lang='lat' dir='ltr'><strong>Jessae</strong></span> <span class='ocrx_word' id='word_1_162' title='bbox 3220 1095 3414 1152; x_wconf 73' lang='lat' dir='ltr'><strong>ortus?</strong></span> <span class='ocrx_word' id='word_1_163' title='bbox 3463 1094 3520 1149; x_wconf 92' lang='lat' dir='ltr'><strong>lu</strong></span> 
     </span>
    </p>
   </div>
   <div class='ocr_carea' id='block_1_26' title="bbox 1932 1191 3520 1266">
    <p class='ocr_par' dir='ltr' id='par_1_26' title="bbox 1932 1191 3520 1266">
     <span class='ocr_line' id='line_1_26' title="bbox 1932 1191 3520 1266; baseline -0.004 -16"><span class='ocrx_word' id='word_1_164' title='bbox 1932 1211 2037 1250; x_wconf 91' lang='lat' dir='ltr'><strong>una</strong></span> <span class='ocrx_word' id='word_1_165' title='bbox 2076 1211 2241 1266; x_wconf 89' lang='lat' dir='ltr'><strong>porro</strong></span> <span class='ocrx_word' id='word_1_166' title='bbox 2272 1195 2515 1253; x_wconf 83' lang='lat' dir='ltr'><strong>Ecclesia</strong></span> <span class='ocrx_word' id='word_1_167' title='bbox 2552 1206 2681 1251; x_wconf 89' lang='lat' dir='ltr'><strong>tunc</strong></span> <span class='ocrx_word' id='word_1_168' title='bbox 2710 1193 3208 1266; x_wconf 69' lang='lat' dir='ltr'><strong>congregabantur,</strong></span> <span class='ocrx_word' id='word_1_169' title='bbox 3241 1206 3346 1245; x_wconf 88' lang='lat' dir='ltr'><strong>non</strong></span> <span class='ocrx_word' id='word_1_170' title='bbox 3379 1191 3520 1244; x_wconf 89' lang='lat' dir='ltr'><strong>ultra</strong></span> 
     </span>
    </p>
   </div>
   <div class='ocr_carea' id='block_1_27' title="bbox 1932 1287 2933 1360">
    <p class='ocr_par' dir='ltr' id='par_1_27' title="bbox 1932 1287 2933 1360">
     <span class='ocr_line' id='line_1_27' title="bbox 1932 1287 2933 1360; baseline -0.002 -18"><span class='ocrx_word' id='word_1_171' title='bbox 1932 1287 2129 1352; x_wconf 84' lang='lat' dir='ltr'><strong>dissiti,</strong></span> <span class='ocrx_word' id='word_1_172' title='bbox 2161 1303 2336 1358; x_wconf 88' lang='lat' dir='ltr'><strong>neque</strong></span> <span class='ocrx_word' id='word_1_173' title='bbox 2364 1290 2622 1360; x_wconf 85' lang='lat' dir='ltr'><strong>separati,</strong></span> <span class='ocrx_word' id='word_1_174' title='bbox 2657 1299 2712 1342; x_wconf 91' lang='lat' dir='ltr'><strong>ut</strong></span> <span class='ocrx_word' id='word_1_175' title='bbox 2752 1298 2933 1341; x_wconf 90' lang='lat' dir='ltr'><strong>antea.</strong></span> 
     </span>
    </p>
   </div>
   <div class='ocr_carea' id='block_1_28' title="bbox 2005 1370 3523 1444">
    <p class='ocr_par' dir='ltr' id='par_1_28' title="bbox 2005 1370 3523 1444">
     <span class='ocr_line' id='line_1_28' title="bbox 2005 1370 3523 1444; baseline -0.005 -11"><span class='ocrx_word' id='word_1_176' title='bbox 2005 1376 2168 1434; x_wconf 75' lang='lat' dir='ltr'><strong>Vsus.</strong></span> <span class='ocrx_word' id='word_1_177' title='bbox 2199 1379 2287 1432; x_wconf 75' lang='grc' dir='ltr'>ιι.</span> <span class='ocrx_word' id='word_1_178' title='bbox 2353 1396 2371 1430; x_wconf 89' lang='grc' dir='ltr'><strong>ι</strong></span> <span class='ocrx_word' id='word_1_179' title='bbox 2408 1378 2474 1433; x_wconf 83' lang='grc' dir='ltr'>Ει</span> <span class='ocrx_word' id='word_1_180' title='bbox 2533 1379 2792 1434; x_wconf 81' lang='lat' dir='ltr'><strong>volabunt</strong></span> <span class='ocrx_word' id='word_1_181' title='bbox 2839 1379 2891 1432; x_wconf 92' lang='lat' dir='ltr'><strong>in</strong></span> <span class='ocrx_word' id='word_1_182' title='bbox 2942 1375 3169 1430; x_wconf 79' lang='lat' dir='ltr'><strong>navibus</strong></span> <span class='ocrx_word' id='word_1_183' title='bbox 3219 1370 3523 1444; x_wconf 79' lang='lat' dir='ltr'><strong>allophylo-</strong></span> 
     </span>
    </p>
   </div>
   <div class='ocr_carea' id='block_1_29' title="bbox 1933 1465 3526 1540">
    <p class='ocr_par' dir='ltr' id='par_1_29' title="bbox 1933 1465 3526 1540">
     <span class='ocr_line' id='line_1_29' title="bbox 1933 1465 3526 1540; baseline -0.004 -16"><span class='ocrx_word' id='word_1_184' title='bbox 1933 1485 2086 1534; x_wconf 88' lang='lat' dir='ltr'><strong>rum,</strong></span> <span class='ocrx_word' id='word_1_185' title='bbox 2143 1485 2295 1525; x_wconf 87' lang='lat' dir='ltr'><strong>mare</strong></span> <span class='ocrx_word' id='word_1_186' title='bbox 2327 1470 2491 1525; x_wconf 82' lang='lat' dir='ltr'><strong>simul</strong></span> <span class='ocrx_word' id='word_1_187' title='bbox 2540 1471 2947 1540; x_wconf 71' lang='lat' dir='ltr'><strong>praedabuntur.</strong></span> <span class='ocrx_word' id='word_1_188' title='bbox 2980 1486 2999 1521; x_wconf 75' lang='grc' dir='ltr'><strong>ι</strong></span> <span class='ocrx_word' id='word_1_189' title='bbox 3059 1465 3312 1538; x_wconf 92' lang='lat' dir='ltr'><strong>Oportuit</strong></span> <span class='ocrx_word' id='word_1_190' title='bbox 3358 1465 3526 1535; x_wconf 92' lang='lat' dir='ltr'><strong>igitur</strong></span> 
     </span>
    </p>
   </div>
   <div class='ocr_carea' id='block_1_30' title="bbox 1930 1559 3522 1636">
    <p class='ocr_par' dir='ltr' id='par_1_30' title="bbox 1930 1559 3522 1636">
     <span class='ocr_line' id='line_1_30' title="bbox 1930 1559 3522 1636; baseline -0.006 -17"><span class='ocrx_word' id='word_1_191' title='bbox 1930 1579 2063 1627; x_wconf 90' lang='lat' dir='ltr'><strong>eos,</strong></span> <span class='ocrx_word' id='word_1_192' title='bbox 2124 1574 2411 1635; x_wconf 79' lang='lat' dir='ltr'><strong>postquam</strong></span> <span class='ocrx_word' id='word_1_193' title='bbox 2475 1573 2666 1636; x_wconf 88' lang='lat' dir='ltr'><strong>gentes</strong></span> <span class='ocrx_word' id='word_1_194' title='bbox 2730 1563 3164 1630; x_wconf 81' lang='lat' dir='ltr'><strong>circumquaque</strong></span> <span class='ocrx_word' id='word_1_195' title='bbox 3234 1559 3522 1618; x_wconf 84' lang='lat' dir='ltr'><strong>adierant.</strong></span> 
     </span>
    </p>
   </div>
   <div class='ocr_carea' id='block_1_31' title="bbox 1931 1651 3527 1722">
    <p class='ocr_par' dir='ltr' id='par_1_31' title="bbox 1931 1651 3527 1722">
     <span class='ocr_line' id='line_1_31' title="bbox 1931 1651 3527 1722; baseline -0.006 -9"><span class='ocrx_word' id='word_1_196' title='bbox 1931 1658 2097 1713; x_wconf 86' lang='lat' dir='ltr'><strong>etiam</strong></span> <span class='ocrx_word' id='word_1_197' title='bbox 2134 1660 2301 1712; x_wconf 88' lang='lat' dir='ltr'><strong>maris</strong></span> <span class='ocrx_word' id='word_1_198' title='bbox 2352 1657 2546 1712; x_wconf 87' lang='lat' dir='ltr'><strong>itinera</strong></span> <span class='ocrx_word' id='word_1_199' title='bbox 2587 1656 2827 1711; x_wconf 91' lang='lat' dir='ltr'><strong>emetiri.</strong></span> <span class='ocrx_word' id='word_1_200' title='bbox 2856 1654 3021 1722; x_wconf 81' lang='lat' dir='ltr'><strong>Quasi</strong></span> <span class='ocrx_word' id='word_1_201' title='bbox 3070 1651 3317 1706; x_wconf 79' lang='lat' dir='ltr'><strong>volantes</strong></span> <span class='ocrx_word' id='word_1_202' title='bbox 3359 1651 3527 1722; x_wconf 89' lang='lat' dir='ltr'><strong>igitur</strong></span> 
     </span>
    </p>
   </div>
   <div class='ocr_carea' id='block_1_32' title="bbox 1933 1741 3526 1817">
    <p class='ocr_par' dir='ltr' id='par_1_32' title="bbox 1933 1741 3526 1817">
     <span class='ocr_line' id='line_1_32' title="bbox 1933 1741 3526 1817; baseline -0.002 -18"><span class='ocrx_word' id='word_1_203' title='bbox 1933 1762 2094 1817; x_wconf 92' lang='lat' dir='ltr'><strong>quam</strong></span> <span class='ocrx_word' id='word_1_204' title='bbox 2125 1745 2377 1801; x_wconf 81' lang='lat' dir='ltr'><strong>celeriter</strong></span> <span class='ocrx_word' id='word_1_205' title='bbox 2420 1761 2643 1802; x_wconf 86' lang='lat' dir='ltr'><strong>cursum</strong></span> <span class='ocrx_word' id='word_1_206' title='bbox 2691 1746 2858 1800; x_wconf 82' lang='lat' dir='ltr'><strong>maris</strong></span> <span class='ocrx_word' id='word_1_207' title='bbox 2907 1741 3304 1810; x_wconf 79' lang='lat' dir='ltr'><strong>conﬁciebant,</strong></span> <span class='ocrx_word' id='word_1_208' title='bbox 3349 1742 3424 1796; x_wconf 87' lang='lat' dir='ltr'><strong>ita</strong></span> <span class='ocrx_word' id='word_1_209' title='bbox 3469 1750 3526 1796; x_wconf 89' lang='lat' dir='ltr'><strong>ut</strong></span> 
     </span>
    </p>
   </div>
   <div class='ocr_carea' id='block_1_33' title="bbox 1933 1835 3525 1910">
    <p class='ocr_par' dir='ltr' id='par_1_33' title="bbox 1933 1835 3525 1910">
     <span class='ocr_line' id='line_1_33' title="bbox 1933 1835 3525 1910; baseline -0.004 -17"><span class='ocrx_word' id='word_1_210' title='bbox 1933 1838 2084 1893; x_wconf 81' lang='lat' dir='ltr'><strong>brevi</strong></span> <span class='ocrx_word' id='word_1_211' title='bbox 2116 1838 2542 1908; x_wconf 88' lang='lat' dir='ltr'><strong>quamplurimis</strong></span> <span class='ocrx_word' id='word_1_212' title='bbox 2578 1839 2833 1910; x_wconf 77' lang='lat' dir='ltr'><strong>gentibus</strong></span> <span class='ocrx_word' id='word_1_213' title='bbox 2870 1835 3221 1906; x_wconf 83' lang='lat' dir='ltr'><strong>Evangelium</strong></span> <span class='ocrx_word' id='word_1_214' title='bbox 3262 1835 3525 1904; x_wconf 58' lang='lat' dir='ltr'><strong>praedici-</strong></span> 
     </span>
    </p>
   </div>
   <div class='ocr_carea' id='block_1_34' title="bbox 169 1914 1826 2001">
    <p class='ocr_par' dir='ltr' id='par_1_34' title="bbox 169 1927 1825 2001">
     <span class='ocr_line' id='line_1_34' title="bbox 169 1927 1825 2001; baseline 0.003 -21"><span class='ocrx_word' id='word_1_215' title='bbox 169 1952 182 1967; x_wconf 84' lang='lat'><strong>-</strong></span> <span class='ocrx_word' id='word_1_216' title='bbox 215 1927 316 1994; x_wconf 80' lang='grc' dir='ltr'>ξαι.</span> <span class='ocrx_word' id='word_1_217' title='bbox 361 1930 477 1982; x_wconf 80' lang='grc' dir='ltr'><strong>Καὶ</strong></span> <span class='ocrx_word' id='word_1_218' title='bbox 507 1929 646 1982; x_wconf 84' lang='grc' dir='ltr'>ποτὲ</span> <span class='ocrx_word' id='word_1_219' title='bbox 685 1929 785 1999; x_wconf 82' lang='grc' dir='ltr'>μὲν</span> <span class='ocrx_word' id='word_1_220' title='bbox 816 1929 1090 2001; x_wconf 81' lang='grc' dir='ltr'>διέτρεχον</span> <span class='ocrx_word' id='word_1_221' title='bbox 1124 1930 1318 2001; x_wconf 75' lang='grc' dir='ltr'>πεζῆς,</span> <span class='ocrx_word' id='word_1_222' title='bbox 1353 1931 1483 1983; x_wconf 84' lang='grc' dir='ltr'>ποτὲ</span> <span class='ocrx_word' id='word_1_223' title='bbox 1512 1931 1570 1983; x_wconf 78' lang='grc' dir='ltr'>δὲ</span> <span class='ocrx_word' id='word_1_224' title='bbox 1612 1931 1702 1984; x_wconf 81' lang='grc' dir='ltr'>διὰ</span> <span class='ocrx_word' id='word_1_225' title='bbox 1727 1931 1825 1986; x_wconf 85' lang='grc' dir='ltr'>θα-</span> 
     </span>
    </p>
   </div>
   <div class='ocr_carea' id='block_1_35' title="bbox 1932 1914 3524 2001">
    <p class='ocr_par' dir='ltr' id='par_1_35' title="bbox 1937 1929 3524 2001">
     <span class='ocr_line' id='line_1_35' title="bbox 1937 1929 3524 2001; baseline -0.002 -17"><span class='ocrx_word' id='word_1_226' title='bbox 1937 1940 2076 1985; x_wconf 90' lang='lat' dir='ltr'><strong>rent.</strong></span> <span class='ocrx_word' id='word_1_227' title='bbox 2107 1930 2174 1985; x_wconf 82' lang='lat' dir='ltr'><strong>Et</strong></span> <span class='ocrx_word' id='word_1_228' title='bbox 2215 1946 2349 1986; x_wconf 83' lang='lat' dir='ltr'><strong>sane</strong></span> <span class='ocrx_word' id='word_1_229' title='bbox 2396 1932 2554 1986; x_wconf 91' lang='lat' dir='ltr'><strong>modo</strong></span> <span class='ocrx_word' id='word_1_230' title='bbox 2601 1931 2850 2001; x_wconf 85' lang='lat' dir='ltr'><strong>pedibus,</strong></span> <span class='ocrx_word' id='word_1_231' title='bbox 2883 1931 3044 1984; x_wconf 87' lang='lat' dir='ltr'><strong>modo</strong></span> <span class='ocrx_word' id='word_1_232' title='bbox 3080 1929 3218 1984; x_wconf 88' lang='lat' dir='ltr'><strong>mari</strong></span> <span class='ocrx_word' id='word_1_233' title='bbox 3257 1929 3359 1982; x_wconf 91' lang='lat' dir='ltr'><strong>iter</strong></span> <span class='ocrx_word' id='word_1_234' title='bbox 3401 1943 3524 1999; x_wconf 82' lang='lat' dir='ltr'><strong>age-</strong></span> 
     </span>
    </p>
   </div>
   <div class='ocr_carea' id='block_1_36' title="bbox 215 2013 1827 2096">
    <p class='ocr_par' dir='ltr' id='par_1_36' title="bbox 215 2013 1827 2096">
     <span class='ocr_line' id='line_1_36' title="bbox 215 2013 1827 2096; baseline 0.002 -22"><span class='ocrx_word' id='word_1_235' title='bbox 215 2019 439 2091; x_wconf 77' lang='grc' dir='ltr'>λὰσσηςο</span> <span class='ocrx_word' id='word_1_236' title='bbox 486 2013 595 2075; x_wconf 67' lang='grc' dir='ltr'>οὒκ</span> <span class='ocrx_word' id='word_1_237' title='bbox 637 2021 918 2086; x_wconf 87' lang='grc' dir='ltr'>Ἰουδαίοις</span> <span class='ocrx_word' id='word_1_238' title='bbox 965 2021 1237 2096; x_wconf 80' lang='grc' dir='ltr'>χρώμενοι</span> <span class='ocrx_word' id='word_1_239' title='bbox 1271 2023 1658 2095; x_wconf 78' lang='grc' dir='ltr'>κυϐερνήταις,</span> <span class='ocrx_word' id='word_1_240' title='bbox 1711 2023 1827 2078; x_wconf 76' lang='grc' dir='ltr'>ἀλλ’</span> 
     </span>
    </p>
   </div>
   <div class='ocr_carea' id='block_1_37' title="bbox 215 2113 1831 2190">
    <p class='ocr_par' dir='ltr' id='par_1_37' title="bbox 215 2113 1831 2190">
     <span class='ocr_line' id='line_1_37' title="bbox 215 2113 1831 2190; baseline 0.004 -24"><span class='ocrx_word' id='word_1_241' title='bbox 215 2113 472 2185; x_wconf 75' lang='grc' dir='ltr'>ἀνδράσιν</span> <span class='ocrx_word' id='word_1_242' title='bbox 503 2114 668 2169; x_wconf 69' lang='grc' dir='ltr'>οὔπω</span> <span class='ocrx_word' id='word_1_243' title='bbox 702 2115 795 2169; x_wconf 78' lang='grc' dir='ltr'>τὸν</span> <span class='ocrx_word' id='word_1_244' title='bbox 834 2117 1069 2188; x_wconf 83' lang='grc' dir='ltr'>Χριστὸν</span> <span class='ocrx_word' id='word_1_245' title='bbox 1120 2118 1635 2190; x_wconf 81' lang='grc' dir='ltr'>παραδεδεγμένοις.</span> <span class='ocrx_word' id='word_1_246' title='bbox 1670 2120 1831 2174; x_wconf 83' lang='grc' dir='ltr'>Κατά</span> 
     </span>
    </p>
   </div>
   <div class='ocr_carea' id='block_1_38' title="bbox 213 2206 1831 2284">
    <p class='ocr_par' dir='ltr' id='par_1_38' title="bbox 213 2206 1831 2284">
     <span class='ocr_line' id='line_1_38' title="bbox 213 2206 1831 2284; baseline 0.004 -24"><span class='ocrx_word' id='word_1_247' title='bbox 213 2206 368 2278; x_wconf 67' lang='grc' dir='ltr'>τοῦτο</span> <span class='ocrx_word' id='word_1_248' title='bbox 395 2207 457 2261; x_wconf 74' lang='grc' dir='ltr'>δὲ</span> <span class='ocrx_word' id='word_1_249' title='bbox 495 2209 594 2262; x_wconf 84' lang='grc' dir='ltr'>καὶ</span> <span class='ocrx_word' id='word_1_250' title='bbox 625 2209 734 2280; x_wconf 77' lang='grc' dir='ltr'>τὴν</span> <span class='ocrx_word' id='word_1_251' title='bbox 761 2208 1032 2265; x_wconf 80' lang='grc' dir='ltr'>θάλασσαν</span> <span class='ocrx_word' id='word_1_252' title='bbox 1045 2211 1432 2284; x_wconf 83' lang='grc' dir='ltr'>ὲπρονόμευον,</span> <span class='ocrx_word' id='word_1_253' title='bbox 1461 2211 1602 2266; x_wconf 79' lang='grc' dir='ltr'>οὕτω</span> <span class='ocrx_word' id='word_1_254' title='bbox 1630 2213 1831 2284; x_wconf 84' lang='grc' dir='ltr'>σημαί-</span> 
     </span>
    </p>
   </div>
   <div class='ocr_carea' id='block_1_39' title="bbox 215 2302 1830 2378">
    <p class='ocr_par' dir='ltr' id='par_1_39' title="bbox 215 2302 1830 2378">
     <span class='ocr_line' id='line_1_39' title="bbox 215 2302 1830 2378; baseline 0.004 -24"><span class='ocrx_word' id='word_1_255' title='bbox 215 2317 395 2365; x_wconf 82' lang='grc' dir='ltr'>νοντος</span> <span class='ocrx_word' id='word_1_256' title='bbox 433 2303 538 2356; x_wconf 80' lang='grc' dir='ltr'><strong>τοῦ</strong></span> <span class='ocrx_word' id='word_1_257' title='bbox 572 2302 742 2371; x_wconf 84' lang='grc' dir='ltr'>λόγου</span> <span class='ocrx_word' id='word_1_258' title='bbox 783 2303 881 2368; x_wconf 79' lang='grc' dir='ltr'><strong>τὰς</strong></span> <span class='ocrx_word' id='word_1_259' title='bbox 909 2305 1128 2375; x_wconf 83' lang='grc' dir='ltr'>νήσους,</span> <span class='ocrx_word' id='word_1_260' title='bbox 1160 2304 1228 2367; x_wconf 75' lang='grc' dir='ltr'>ἃς</span> <span class='ocrx_word' id='word_1_261' title='bbox 1275 2307 1333 2358; x_wconf 74' lang='grc' dir='ltr'>ὲν</span> <span class='ocrx_word' id='word_1_262' title='bbox 1379 2305 1594 2377; x_wconf 82' lang='grc' dir='ltr'>παρόδῳ</span> <span class='ocrx_word' id='word_1_263' title='bbox 1619 2305 1830 2378; x_wconf 83' lang='grc' dir='ltr'>διερχό-</span> 
     </span>
    </p>
   </div>
   <div class='ocr_carea' id='block_1_40' title="bbox 218 2393 1821 2469">
    <p class='ocr_par' dir='ltr' id='par_1_40' title="bbox 218 2393 1821 2469">
     <span class='ocr_line' id='line_1_40' title="bbox 218 2393 1821 2469; baseline 0.006 -25"><span class='ocrx_word' id='word_1_264' title='bbox 218 2407 389 2461; x_wconf 85' lang='grc' dir='ltr'>μενοι,</span> <span class='ocrx_word' id='word_1_265' title='bbox 419 2393 558 2458; x_wconf 78' lang='grc' dir='ltr'>τοὺς</span> <span class='ocrx_word' id='word_1_266' title='bbox 586 2396 648 2448; x_wconf 70' lang='grc' dir='ltr'><strong>εν</strong></span> <span class='ocrx_word' id='word_1_267' title='bbox 678 2394 873 2458; x_wconf 82' lang='grc' dir='ltr'>αὐταῖς</span> <span class='ocrx_word' id='word_1_268' title='bbox 914 2397 980 2467; x_wconf 76' lang='grc' dir='ltr'>τῇ</span> <span class='ocrx_word' id='word_1_269' title='bbox 1017 2396 1270 2469; x_wconf 78' lang='grc' dir='ltr'>σωτηρίῳ</span> <span class='ocrx_word' id='word_1_270' title='bbox 1305 2396 1714 2452; x_wconf 78' lang='grc' dir='ltr'>καθυπέταττον</span> <span class='ocrx_word' id='word_1_271' title='bbox 1741 2399 1821 2454; x_wconf 81' lang='grc' dir='ltr'>δι-</span> 
     </span>
    </p>
   </div>
   <div class='ocr_carea' id='block_1_41' title="bbox 215 2481 513 2556">
    <p class='ocr_par' dir='ltr' id='par_1_41' title="bbox 215 2481 513 2556">
     <span class='ocr_line' id='line_1_41' title="bbox 215 2481 513 2556; baseline 0.013 -20"><span class='ocrx_word' id='word_1_272' title='bbox 215 2481 513 2556; x_wconf 63' lang='grc' dir='ltr'>δασκαλίᾳ.</span> 
     </span>
    </p>
   </div>
   <div class='ocr_carea' id='block_1_42' title="bbox 287 2578 1828 2654">
    <p class='ocr_par' dir='ltr' id='par_1_42' title="bbox 287 2578 1828 2654">
     <span class='ocr_line' id='line_1_42' title="bbox 287 2578 1828 2654; baseline 0.006 -26"><span class='ocrx_word' id='word_1_273' title='bbox 287 2595 306 2628; x_wconf 88' lang='grc' dir='ltr'><strong>ι</strong></span> <span class='ocrx_word' id='word_1_274' title='bbox 344 2578 462 2632; x_wconf 74' lang='grc' dir='ltr'><strong>Καὶ</strong></span> <span class='ocrx_word' id='word_1_275' title='bbox 514 2579 646 2643; x_wconf 73' lang='grc' dir='ltr'>τοὺς</span> <span class='ocrx_word' id='word_1_276' title='bbox 687 2578 783 2647; x_wconf 82' lang='grc' dir='ltr'>ἀφ’</span> <span class='ocrx_word' id='word_1_277' title='bbox 823 2579 976 2649; x_wconf 81' lang='grc' dir='ltr'>ήλίου</span> <span class='ocrx_word' id='word_1_278' title='bbox 1038 2582 1335 2648; x_wconf 86' lang='grc' dir='ltr'>ἀνατολῶν,</span> <span class='ocrx_word' id='word_1_279' title='bbox 1362 2585 1458 2637; x_wconf 76' lang='grc' dir='ltr'>καὶ</span> <span class='ocrx_word' id='word_1_280' title='bbox 1501 2583 1828 2654; x_wconf 88' lang='grc' dir='ltr'>Ἰδουμαίαν,</span> 
     </span>
    </p>
   </div>
   <div class='ocr_carea' id='block_1_43' title="bbox 217 2669 1826 2749">
    <p class='ocr_par' dir='ltr' id='par_1_43' title="bbox 217 2669 1826 2749">
     <span class='ocr_line' id='line_1_43' title="bbox 217 2669 1826 2749; baseline 0.006 -28"><span class='ocrx_word' id='word_1_281' title='bbox 217 2669 312 2722; x_wconf 75' lang='grc' dir='ltr'>καὶ</span> <span class='ocrx_word' id='word_1_282' title='bbox 367 2671 468 2723; x_wconf 67' lang='grc' dir='ltr'>επὶ</span> <span class='ocrx_word' id='word_1_283' title='bbox 533 2671 720 2726; x_wconf 75' lang='grc' dir='ltr'>Μωὰδ</span> <span class='ocrx_word' id='word_1_284' title='bbox 776 2673 992 2746; x_wconf 86' lang='grc' dir='ltr'>πρῶτον</span> <span class='ocrx_word' id='word_1_285' title='bbox 1052 2675 1153 2739; x_wconf 84' lang='grc' dir='ltr'>τὰς</span> <span class='ocrx_word' id='word_1_286' title='bbox 1218 2679 1408 2749; x_wconf 81' lang='grc' dir='ltr'>χεῖρας</span> <span class='ocrx_word' id='word_1_287' title='bbox 1454 2677 1826 2731; x_wconf 73' lang='grc' dir='ltr'>επιδαλοῦσιν.</span> 
     </span>
    </p>
   </div>
   <div class='ocr_carea' id='block_1_44' title="bbox 221 2761 1830 2842">
    <p class='ocr_par' dir='ltr' id='par_1_44' title="bbox 221 2761 1830 2842">
     <span class='ocr_line' id='line_1_44' title="bbox 221 2761 1830 2842; baseline 0.007 -28"><span class='ocrx_word' id='word_1_288' title='bbox 221 2761 281 2815; x_wconf 87' lang='grc' dir='ltr'><strong>οι</strong></span> <span class='ocrx_word' id='word_1_289' title='bbox 331 2763 444 2816; x_wconf 74' lang='grc' dir='ltr'>υίοὶ</span> <span class='ocrx_word' id='word_1_290' title='bbox 509 2764 744 2836; x_wconf 84' lang='grc' dir='ltr'>’Δμμὼν</span> <span class='ocrx_word' id='word_1_291' title='bbox 805 2767 1010 2840; x_wconf 84' lang='grc' dir='ltr'>πρῶτοι</span> <span class='ocrx_word' id='word_1_292' title='bbox 1054 2767 1480 2824; x_wconf 84' lang='grc' dir='ltr'>ὑπακούσονται.</span> <span class='ocrx_word' id='word_1_293' title='bbox 1548 2790 1568 2823; x_wconf 73' lang='grc' dir='ltr'><strong>ι</strong></span> <span class='ocrx_word' id='word_1_294' title='bbox 1625 2771 1830 2842; x_wconf 86' lang='grc' dir='ltr'>Προνο-</span> 
     </span>
    </p>
   </div>
   <div class='ocr_carea' id='block_1_45' title="bbox 225 2849 1829 2933">
    <p class='ocr_par' dir='ltr' id='par_1_45' title="bbox 225 2849 1829 2933">
     <span class='ocr_line' id='line_1_45' title="bbox 225 2849 1829 2933; baseline 0.007 -28"><span class='ocrx_word' id='word_1_295' title='bbox 225 2849 522 2921; x_wconf 83' lang='grc' dir='ltr'>μεύσουσιν</span> <span class='ocrx_word' id='word_1_296' title='bbox 555 2850 673 2922; x_wconf 83' lang='grc' dir='ltr'>οὗν,</span> <span class='ocrx_word' id='word_1_297' title='bbox 707 2857 893 2927; x_wconf 76' lang='grc' dir='ltr'>φησὶν,</span> <span class='ocrx_word' id='word_1_298' title='bbox 932 2861 980 2912; x_wconf 90' lang='grc' dir='ltr'><strong>οί</strong></span> <span class='ocrx_word' id='word_1_299' title='bbox 1027 2859 1262 2932; x_wconf 79' lang='grc' dir='ltr'>Χριστοῦ</span> <span class='ocrx_word' id='word_1_300' title='bbox 1297 2861 1540 2933; x_wconf 71' lang='grc' dir='ltr'>μαθηταὶ</span> <span class='ocrx_word' id='word_1_301' title='bbox 1572 2863 1668 2916; x_wconf 77' lang='grc' dir='ltr'>καὶ</span> <span class='ocrx_word' id='word_1_302' title='bbox 1701 2865 1829 2927; x_wconf 79' lang='grc' dir='ltr'>τοὺς</span> 
     </span>
    </p>
   </div>
   <div class='ocr_carea' id='block_1_46' title="bbox 223 2942 1828 3023">
    <p class='ocr_par' dir='ltr' id='par_1_46' title="bbox 223 2942 1828 3023">
     <span class='ocr_line' id='line_1_46' title="bbox 223 2942 1828 3023; baseline 0.007 -26"><span class='ocrx_word' id='word_1_303' title='bbox 223 2942 315 3012; x_wconf 80' lang='grc' dir='ltr'>ἀφ’</span> <span class='ocrx_word' id='word_1_304' title='bbox 341 2945 498 3016; x_wconf 78' lang='grc' dir='ltr'>ἡλίου</span> <span class='ocrx_word' id='word_1_305' title='bbox 551 2947 856 3003; x_wconf 68' lang='grc' dir='ltr'>ανατολῶνο</span> <span class='ocrx_word' id='word_1_306' title='bbox 903 2951 1240 3023; x_wconf 71' lang='grc' dir='ltr'>ἱστοροῦνται</span> <span class='ocrx_word' id='word_1_307' title='bbox 1273 2953 1404 3022; x_wconf 82' lang='grc' dir='ltr'>γοῦν</span> <span class='ocrx_word' id='word_1_308' title='bbox 1457 2972 1601 3019; x_wconf 85' lang='grc' dir='ltr'>τινες</span> <span class='ocrx_word' id='word_1_309' title='bbox 1648 2955 1828 3009; x_wconf 79' lang='grc' dir='ltr'>αὐτῶν</span> 
     </span>
    </p>
   </div>
   <div class='ocr_carea' id='block_1_47' title="bbox 229 3035 1825 3118">
    <p class='ocr_par' dir='ltr' id='par_1_47' title="bbox 229 3035 1825 3118">
     <span class='ocr_line' id='line_1_47' title="bbox 229 3035 1825 3118; baseline 0.008 -30"><span class='ocrx_word' id='word_1_310' title='bbox 229 3035 388 3108; x_wconf 82' lang='grc' dir='ltr'>μέχρι</span> <span class='ocrx_word' id='word_1_311' title='bbox 417 3037 524 3109; x_wconf 84' lang='grc' dir='ltr'>τῆς</span> <span class='ocrx_word' id='word_1_312' title='bbox 571 3039 806 3111; x_wconf 85' lang='grc' dir='ltr'>Περσῶν</span> <span class='ocrx_word' id='word_1_313' title='bbox 857 3042 952 3096; x_wconf 77' lang='grc' dir='ltr'>καὶ</span> <span class='ocrx_word' id='word_1_314' title='bbox 994 3043 1170 3100; x_wconf 80' lang='grc' dir='ltr'>Ἰνδῶν</span> <span class='ocrx_word' id='word_1_315' title='bbox 1207 3045 1576 3116; x_wconf 82' lang='grc' dir='ltr'>διεληλυθέναι</span> <span class='ocrx_word' id='word_1_316' title='bbox 1621 3047 1825 3118; x_wconf 86' lang='grc' dir='ltr'>χώρας.</span> 
     </span>
    </p>
   </div>
   <div class='ocr_carea' id='block_1_48' title="bbox 239 3129 1828 3215">
    <p class='ocr_par' dir='ltr' id='par_1_48' title="bbox 239 3129 1828 3215">
     <span class='ocr_line' id='line_1_48' title="bbox 239 3129 1828 3215; baseline 0.009 -33"><span class='ocrx_word' id='word_1_317' title='bbox 239 3129 454 3203; x_wconf 79' lang='grc' dir='ltr'>Ἐπειδὴ</span> <span class='ocrx_word' id='word_1_318' title='bbox 483 3132 542 3187; x_wconf 69' lang='grc' dir='ltr'>δὲ</span> <span class='ocrx_word' id='word_1_319' title='bbox 565 3133 788 3189; x_wconf 75' lang='grc' dir='ltr'>ἐδόκουν</span> <span class='ocrx_word' id='word_1_320' title='bbox 831 3137 975 3191; x_wconf 86' lang='grc' dir='ltr'><strong>κατά</strong></span> <span class='ocrx_word' id='word_1_321' title='bbox 1005 3140 1132 3204; x_wconf 73' lang='grc' dir='ltr'>τοὺς</span> <span class='ocrx_word' id='word_1_322' title='bbox 1154 3141 1381 3212; x_wconf 83' lang='grc' dir='ltr'>χρόνους</span> <span class='ocrx_word' id='word_1_323' title='bbox 1414 3142 1510 3195; x_wconf 78' lang='grc' dir='ltr'>τοῦ</span> <span class='ocrx_word' id='word_1_324' title='bbox 1545 3143 1828 3215; x_wconf 80' lang='grc' dir='ltr'>προφήτου</span> 
     </span>
    </p>
   </div>
   <div class='ocr_carea' id='block_1_49' title="bbox 237 3218 1828 3307">
    <p class='ocr_par' dir='ltr' id='par_1_49' title="bbox 237 3218 1828 3307">
     <span class='ocr_line' id='line_1_49' title="bbox 237 3218 1828 3307; baseline 0.009 -35"><span class='ocrx_word' id='word_1_325' title='bbox 237 3218 547 3292; x_wconf 79' lang='grc' dir='ltr'>Ἰδουμαῖοι,</span> <span class='ocrx_word' id='word_1_326' title='bbox 583 3225 682 3280; x_wconf 80' lang='grc' dir='ltr'>καὶ</span> <span class='ocrx_word' id='word_1_327' title='bbox 714 3227 1028 3294; x_wconf 70' lang='grc' dir='ltr'>Μωαϐῖται,</span> <span class='ocrx_word' id='word_1_328' title='bbox 1074 3232 1168 3284; x_wconf 74' lang='grc' dir='ltr'>καὶ</span> <span class='ocrx_word' id='word_1_329' title='bbox 1217 3232 1571 3303; x_wconf 76' lang='grc' dir='ltr'>Ἀμμανῖται,</span> <span class='ocrx_word' id='word_1_330' title='bbox 1604 3234 1674 3286; x_wconf 82' lang='grc' dir='ltr'>τὰ</span> <span class='ocrx_word' id='word_1_331' title='bbox 1699 3237 1828 3307; x_wconf 72' lang='grc' dir='ltr'>περὶ</span> 
     </span>
    </p>
   </div>
   <div class='ocr_carea' id='block_1_50' title="bbox 226 3311 1832 3396">
    <p class='ocr_par' dir='ltr' id='par_1_50' title="bbox 226 3311 1832 3396">
     <span class='ocr_line' id='line_1_50' title="bbox 226 3311 1832 3396; baseline 0.011 -33"><span class='ocrx_word' id='word_1_332' title='bbox 226 3311 320 3381; x_wconf 77' lang='grc' dir='ltr'>τὴν</span> <span class='ocrx_word' id='word_1_333' title='bbox 352 3312 621 3372; x_wconf 85' lang='grc' dir='ltr'>Ἰουδαίαν</span> <span class='ocrx_word' id='word_1_334' title='bbox 657 3318 928 3391; x_wconf 78' lang='grc' dir='ltr'>’Δραδικά</span> <span class='ocrx_word' id='word_1_335' title='bbox 948 3320 1099 3394; x_wconf 70' lang='grc' dir='ltr'>ἔθνη,</span> <span class='ocrx_word' id='word_1_336' title='bbox 1127 3323 1365 3392; x_wconf 71' lang='grc' dir='ltr'>πολέμια</span> <span class='ocrx_word' id='word_1_337' title='bbox 1395 3325 1492 3378; x_wconf 74' lang='grc' dir='ltr'>καὶ</span> <span class='ocrx_word' id='word_1_338' title='bbox 1519 3325 1689 3396; x_wconf 73' lang='grc' dir='ltr'>ἐχθρὰ</span> <span class='ocrx_word' id='word_1_339' title='bbox 1703 3343 1832 3394; x_wconf 86' lang='grc' dir='ltr'>τυγ-</span> 
     </span>
    </p>
   </div>
   <div class='ocr_carea' id='block_1_51' title="bbox 223 3402 1830 3490">
    <p class='ocr_par' dir='ltr' id='par_1_51' title="bbox 223 3402 1830 3490">
     <span class='ocr_line' id='line_1_51' title="bbox 223 3402 1830 3490; baseline 0.011 -35"><span class='ocrx_word' id='word_1_340' title='bbox 223 3402 406 3472; x_wconf 79' lang='grc' dir='ltr'>χάνειν</span> <span class='ocrx_word' id='word_1_341' title='bbox 433 3406 533 3460; x_wconf 68' lang='grc' dir='ltr'>τοῖ’)</span> <span class='ocrx_word' id='word_1_342' title='bbox 583 3411 723 3480; x_wconf 83' lang='grc' dir='ltr'>παρ’</span> <span class='ocrx_word' id='word_1_343' title='bbox 776 3410 1061 3477; x_wconf 85' lang='grc' dir='ltr'>Ἰουδαίους</span> <span class='ocrx_word' id='word_1_344' title='bbox 1090 3416 1429 3486; x_wconf 80' lang='grc' dir='ltr'>τιμωμένου,</span> <span class='ocrx_word' id='word_1_345' title='bbox 1484 3417 1574 3471; x_wconf 85' lang='grc' dir='ltr'><strong>διά</strong></span> <span class='ocrx_word' id='word_1_346' title='bbox 1602 3419 1704 3490; x_wconf 81' lang='grc' dir='ltr'><strong>τήν</strong></span> <span class='ocrx_word' id='word_1_347' title='bbox 1737 3419 1830 3473; x_wconf 77' lang='grc' dir='ltr'><strong>ἔκ-</strong></span> 
     </span>
    </p>
   </div>
   <div class='ocr_carea' id='block_1_52' title="bbox 223 3499 1832 3573">
    <p class='ocr_par' dir='ltr' id='par_1_52' title="bbox 223 3499 1832 3573">
     <span class='ocr_line' id='line_1_52' title="bbox 223 3499 1832 3573; baseline 0.01 -24"><span class='ocrx_word' id='word_1_348' title='bbox 223 3510 383 3552; x_wconf 68' lang='grc' dir='ltr'>ωπον</span> <span class='ocrx_word' id='word_1_349' title='bbox 413 3499 602 3554; x_wconf 84' lang='grc' dir='ltr'>αὐτῶν</span> <span class='ocrx_word' id='word_1_350' title='bbox 632 3500 1102 3573; x_wconf 75' lang='grc' dir='ltr'>είδωλολατρείανο</span> <span class='ocrx_word' id='word_1_351' title='bbox 1139 3508 1367 3572; x_wconf 84' lang='grc' dir='ltr'>είκότως</span> <span class='ocrx_word' id='word_1_352' title='bbox 1418 3509 1621 3564; x_wconf 88' lang='grc' dir='ltr'>τούτων</span> <span class='ocrx_word' id='word_1_353' title='bbox 1654 3511 1832 3564; x_wconf 72' lang='grc' dir='ltr'>αὐτῶν</span> 
     </span>
    </p>
   </div>
   <div class='ocr_carea' id='block_1_53' title="bbox 223 3582 1831 3668">
    <p class='ocr_par' dir='ltr' id='par_1_53' title="bbox 223 3582 1831 3668">
     <span class='ocr_line' id='line_1_53' title="bbox 223 3582 1831 3668; baseline 0.011 -30"><span class='ocrx_word' id='word_1_354' title='bbox 223 3582 482 3656; x_wconf 78' lang='grc' dir='ltr'>ὀνομαστὶ</span> <span class='ocrx_word' id='word_1_355' title='bbox 534 3591 767 3662; x_wconf 81' lang='grc' dir='ltr'>μνήμην</span> <span class='ocrx_word' id='word_1_356' title='bbox 799 3594 827 3646; x_wconf 93' lang='grc' dir='ltr'><strong>ό</strong></span> <span class='ocrx_word' id='word_1_357' title='bbox 851 3593 1009 3663; x_wconf 89' lang='grc' dir='ltr'>λόγος</span> <span class='ocrx_word' id='word_1_358' title='bbox 1052 3597 1373 3668; x_wconf 70' lang='grc' dir='ltr'>ἐποιήσατο,</span> <span class='ocrx_word' id='word_1_359' title='bbox 1413 3600 1489 3665; x_wconf 87' lang='grc' dir='ltr'>ὡς</span> <span class='ocrx_word' id='word_1_360' title='bbox 1524 3602 1619 3654; x_wconf 79' lang='grc' dir='ltr'>καὶ</span> <span class='ocrx_word' id='word_1_361' title='bbox 1652 3602 1831 3655; x_wconf 79' lang='grc' dir='ltr'>αὐτῶν</span> 
     </span>
    </p>
   </div>
   <div class='ocr_carea' id='block_1_54' title="bbox 227 3681 1832 3768">
    <p class='ocr_par' dir='ltr' id='par_1_54' title="bbox 227 3681 1832 3768">
     <span class='ocr_line' id='line_1_54' title="bbox 227 3681 1832 3768; baseline 0.011 -36"><span class='ocrx_word' id='word_1_362' title='bbox 227 3681 686 3752; x_wconf 70' lang='grc' dir='ltr'>παραδεξομένων</span> <span class='ocrx_word' id='word_1_363' title='bbox 734 3685 834 3758; x_wconf 85' lang='grc' dir='ltr'><strong>τήν</strong></span> <span class='ocrx_word' id='word_1_364' title='bbox 867 3687 972 3742; x_wconf 78' lang='grc' dir='ltr'><strong>ὑπὸ</strong></span> <span class='ocrx_word' id='word_1_365' title='bbox 998 3689 1109 3744; x_wconf 90' lang='grc' dir='ltr'><strong>τῶν</strong></span> <span class='ocrx_word' id='word_1_366' title='bbox 1136 3691 1450 3748; x_wconf 74' lang='grc' dir='ltr'>ἀποστόλων</span> <span class='ocrx_word' id='word_1_367' title='bbox 1490 3695 1832 3768; x_wconf 81' lang='grc' dir='ltr'>κηρυχθησο-</span> 
     </span>
    </p>
   </div>
   <div class='ocr_carea' id='block_1_55' title="bbox 229 3776 742 3848">
    <p class='ocr_par' dir='ltr' id='par_1_55' title="bbox 229 3776 742 3848">
     <span class='ocr_line' id='line_1_55' title="bbox 229 3776 742 3848; baseline 0.012 -19"><span class='ocrx_word' id='word_1_368' title='bbox 229 3776 391 3848; x_wconf 79' lang='grc' dir='ltr'>μένην</span> <span class='ocrx_word' id='word_1_369' title='bbox 423 3779 742 3835; x_wconf 77' lang='grc' dir='ltr'>εὐσέϐειαν.</span> 
     </span>
    </p>
   </div>
   <div class='ocr_carea' id='block_1_56' title="bbox 296 3871 1817 3950">
    <p class='ocr_par' dir='ltr' id='par_1_56' title="bbox 296 3871 1817 3950">
     <span class='ocr_line' id='line_1_56' title="bbox 296 3871 1817 3950; baseline 0.008 -28"><span class='ocrx_word' id='word_1_370' title='bbox 296 3886 315 3921; x_wconf 90' lang='grc' dir='ltr'><strong>ι</strong></span> <span class='ocrx_word' id='word_1_371' title='bbox 361 3871 474 3924; x_wconf 79' lang='grc' dir='ltr'><strong>Καὶ</strong></span> <span class='ocrx_word' id='word_1_372' title='bbox 502 3871 793 3944; x_wconf 75' lang='grc' dir='ltr'>ἐρημώσει</span> <span class='ocrx_word' id='word_1_373' title='bbox 831 3875 1034 3948; x_wconf 81' lang='grc' dir='ltr'>Κύριος</span> <span class='ocrx_word' id='word_1_374' title='bbox 1075 3877 1176 3950; x_wconf 81' lang='grc' dir='ltr'>τὴν</span> <span class='ocrx_word' id='word_1_375' title='bbox 1207 3878 1484 3934; x_wconf 78' lang='grc' dir='ltr'>θάλασσαν</span> <span class='ocrx_word' id='word_1_376' title='bbox 1510 3880 1817 3950; x_wconf 73' lang='grc' dir='ltr'>Αἰγύπτου,</span> 
     </span>
    </p>
   </div>
   <div class='ocr_carea' id='block_1_57' title="bbox 228 3962 1829 4042">
    <p class='ocr_par' dir='ltr' id='par_1_57' title="bbox 228 3962 1829 4042">
     <span class='ocr_line' id='line_1_57' title="bbox 228 3962 1829 4042; baseline 0.008 -28"><span class='ocrx_word' id='word_1_377' title='bbox 228 3963 318 4015; x_wconf 73' lang='grc' dir='ltr'>καὶ</span> <span class='ocrx_word' id='word_1_378' title='bbox 344 3962 604 4018; x_wconf 76' lang='grc' dir='ltr'>ἐπιϐαλεϊ</span> <span class='ocrx_word' id='word_1_379' title='bbox 658 3965 764 4036; x_wconf 80' lang='grc' dir='ltr'><strong>τὴν</strong></span> <span class='ocrx_word' id='word_1_380' title='bbox 812 3971 972 4040; x_wconf 81' lang='grc' dir='ltr'>χεῖρα</span> <span class='ocrx_word' id='word_1_381' title='bbox 1019 3969 1185 4024; x_wconf 79' lang='grc' dir='ltr'>αὑτοῦ</span> <span class='ocrx_word' id='word_1_382' title='bbox 1219 3971 1313 4025; x_wconf 74' lang='grc' dir='ltr'><strong>ἐπὶ</strong></span> <span class='ocrx_word' id='word_1_383' title='bbox 1353 3971 1444 4027; x_wconf 77' lang='grc' dir='ltr'>τὸν</span> <span class='ocrx_word' id='word_1_384' title='bbox 1488 3974 1738 4042; x_wconf 84' lang='grc' dir='ltr'>ποταμὸν</span> <span class='ocrx_word' id='word_1_385' title='bbox 1771 3974 1829 4027; x_wconf 78' lang='grc' dir='ltr'>ἐν</span> 
     </span>
    </p>
   </div>
   <div class='ocr_carea' id='block_1_58' title="bbox 225 4054 1830 4136">
    <p class='ocr_par' dir='ltr' id='par_1_58' title="bbox 225 4054 1830 4136">
     <span class='ocr_line' id='line_1_58' title="bbox 225 4054 1830 4136; baseline 0.007 -30"><span class='ocrx_word' id='word_1_386' title='bbox 225 4054 495 4126; x_wconf 78' lang='grc' dir='ltr'>πνεύματι</span> <span class='ocrx_word' id='word_1_387' title='bbox 531 4056 720 4128; x_wconf 83' lang='grc' dir='ltr'>βιαίῳ.</span> <span class='ocrx_word' id='word_1_388' title='bbox 767 4076 786 4109; x_wconf 74' lang='grc' dir='ltr'><strong>ι</strong></span> <span class='ocrx_word' id='word_1_389' title='bbox 822 4059 1100 4129; x_wconf 68' lang='grc' dir='ltr'>Αἴγυπτον</span> <span class='ocrx_word' id='word_1_390' title='bbox 1141 4063 1247 4133; x_wconf 78' lang='grc' dir='ltr'>μὲν</span> <span class='ocrx_word' id='word_1_391' title='bbox 1285 4063 1383 4134; x_wconf 80' lang='grc' dir='ltr'>τὴν</span> <span class='ocrx_word' id='word_1_392' title='bbox 1425 4063 1693 4136; x_wconf 68' lang='grc' dir='ltr'>αἰσθητὴν</span> <span class='ocrx_word' id='word_1_393' title='bbox 1721 4065 1830 4118; x_wconf 89' lang='grc' dir='ltr'><strong>τῶν</strong></span> 
     </span>
    </p>
   </div>
   <div class='ocr_carea' id='block_1_59' title="bbox 225 4146 1830 4226">
    <p class='ocr_par' dir='ltr' id='par_1_59' title="bbox 225 4146 1830 4226">
     <span class='ocr_line' id='line_1_59' title="bbox 225 4146 1830 4226; baseline 0.008 -27"><span class='ocrx_word' id='word_1_394' title='bbox 225 4146 536 4216; x_wconf 72' lang='grc' dir='ltr'>Αἰγυπτίων</span> <span class='ocrx_word' id='word_1_395' title='bbox 557 4149 754 4224; x_wconf 84' lang='grc' dir='ltr'>χώραν</span> <span class='ocrx_word' id='word_1_396' title='bbox 787 4151 1082 4222; x_wconf 83' lang='grc' dir='ltr'>ἀναγκαῖον</span> <span class='ocrx_word' id='word_1_397' title='bbox 1114 4155 1432 4226; x_wconf 74' lang='grc' dir='ltr'>ὁμολογεῖνο</span> <span class='ocrx_word' id='word_1_398' title='bbox 1469 4156 1746 4213; x_wconf 81' lang='grc' dir='ltr'>θάλασσαν</span> <span class='ocrx_word' id='word_1_399' title='bbox 1772 4158 1830 4212; x_wconf 70' lang='grc' dir='ltr'>δὲ</span> 
     </span>
    </p>
   </div>
   <div class='ocr_carea' id='block_1_60' title="bbox 229 4239 1830 4323">
    <p class='ocr_par' dir='ltr' id='par_1_60' title="bbox 229 4239 1830 4323">
     <span class='ocr_line' id='line_1_60' title="bbox 229 4239 1830 4323; baseline 0.007 -31"><span class='ocrx_word' id='word_1_400' title='bbox 229 4239 396 4310; x_wconf 73' lang='grc' dir='ltr'>αὐτῆς</span> <span class='ocrx_word' id='word_1_401' title='bbox 424 4243 518 4295; x_wconf 81' lang='grc' dir='ltr'>καὶ</span> <span class='ocrx_word' id='word_1_402' title='bbox 549 4242 809 4314; x_wconf 78' lang='grc' dir='ltr'>ποταμὸν</span> <span class='ocrx_word' id='word_1_403' title='bbox 845 4243 1226 4317; x_wconf 84' lang='grc' dir='ltr'>ἀλληγορικῶς</span> <span class='ocrx_word' id='word_1_404' title='bbox 1281 4248 1624 4319; x_wconf 75' lang='grc' dir='ltr'>ἐκδέχεσθαι·</span> <span class='ocrx_word' id='word_1_405' title='bbox 1685 4251 1830 4323; x_wconf 70' lang='grc' dir='ltr'>ᾇπερ</span> 
     </span>
    </p>
   </div>
   <div class='ocr_carea' id='block_1_61' title="bbox 224 4335 1829 4414">
    <p class='ocr_par' dir='ltr' id='par_1_61' title="bbox 224 4335 1829 4414">
     <span class='ocr_line' id='line_1_61' title="bbox 224 4335 1829 4414; baseline 0.007 -28"><span class='ocrx_word' id='word_1_406' title='bbox 224 4335 383 4404; x_wconf 75' lang='grc' dir='ltr'>φησὶν</span> <span class='ocrx_word' id='word_1_407' title='bbox 430 4335 902 4406; x_wconf 64' lang='grc' dir='ltr'>ἐρημωθήσεσθαι</span> <span class='ocrx_word' id='word_1_408' title='bbox 944 4338 1088 4393; x_wconf 82' lang='grc' dir='ltr'>κατὰ</span> <span class='ocrx_word' id='word_1_409' title='bbox 1125 4340 1253 4404; x_wconf 82' lang='grc' dir='ltr'>τοὺς</span> <span class='ocrx_word' id='word_1_410' title='bbox 1313 4343 1829 4414; x_wconf 84' lang='grc' dir='ltr'>προφητευομένους</span> 
     </span>
    </p>
   </div>
   <div class='ocr_carea' id='block_1_62' title="bbox 224 4421 1827 4508">
    <p class='ocr_par' dir='ltr' id='par_1_62' title="bbox 224 4421 1827 4508">
     <span class='ocr_line' id='line_1_62' title="bbox 224 4421 1827 4508; baseline 0.007 -31"><span class='ocrx_word' id='word_1_411' title='bbox 224 4423 467 4496; x_wconf 81' lang='grc' dir='ltr'>χρόνους,</span> <span class='ocrx_word' id='word_1_412' title='bbox 498 4427 560 4480; x_wconf 80' lang='grc' dir='ltr'>ὲν</span> <span class='ocrx_word' id='word_1_413' title='bbox 608 4421 697 4491; x_wconf 75' lang='grc' dir='ltr'><strong>οἷς</strong></span> <span class='ocrx_word' id='word_1_414' title='bbox 743 4427 1078 4503; x_wconf 87' lang='grc' dir='ltr'>προσθήσειν</span> <span class='ocrx_word' id='word_1_415' title='bbox 1125 4431 1342 4505; x_wconf 72' lang='grc' dir='ltr'>εἴρηται</span> <span class='ocrx_word' id='word_1_416' title='bbox 1394 4437 1422 4487; x_wconf 85' lang='grc' dir='ltr'><strong>ό</strong></span> <span class='ocrx_word' id='word_1_417' title='bbox 1479 4434 1687 4508; x_wconf 81' lang='grc' dir='ltr'>Κύριος</span> <span class='ocrx_word' id='word_1_418' title='bbox 1732 4435 1827 4489; x_wconf 78' lang='grc' dir='ltr'>τοῦ</span> 
     </span>
    </p>
   </div>
   <div class='ocr_carea' id='block_1_63' title="bbox 223 4512 1829 4598">
    <p class='ocr_par' dir='ltr' id='par_1_63' title="bbox 223 4512 1829 4598">
     <span class='ocr_line' id='line_1_63' title="bbox 223 4512 1829 4598; baseline 0.007 -30"><span class='ocrx_word' id='word_1_419' title='bbox 223 4512 390 4581; x_wconf 78' lang='grc' dir='ltr'>δεῐξαι</span> <span class='ocrx_word' id='word_1_420' title='bbox 423 4516 525 4589; x_wconf 78' lang='grc' dir='ltr'>τὴν</span> <span class='ocrx_word' id='word_1_421' title='bbox 547 4520 718 4590; x_wconf 78' lang='grc' dir='ltr'>χεῖρα</span> <span class='ocrx_word' id='word_1_422' title='bbox 742 4518 928 4574; x_wconf 78' lang='grc' dir='ltr'>αὑτοῦ.</span> <span class='ocrx_word' id='word_1_423' title='bbox 975 4521 1042 4575; x_wconf 81' lang='grc' dir='ltr'><strong><em>Ἥ</em></strong></span> <span class='ocrx_word' id='word_1_424' title='bbox 1082 4522 1194 4593; x_wconf 82' lang='grc' dir='ltr'><strong>γὰρ</strong></span> <span class='ocrx_word' id='word_1_425' title='bbox 1226 4524 1513 4598; x_wconf 82' lang='grc' dir='ltr'>προσθήκη</span> <span class='ocrx_word' id='word_1_426' title='bbox 1565 4543 1829 4598; x_wconf 85' lang='grc' dir='ltr'>προγενο-</span> 
     </span>
    </p>
   </div>
   <div class='ocr_carea' id='block_1_64' title="bbox 1933 2021 3525 2096">
    <p class='ocr_par' dir='ltr' id='par_1_64' title="bbox 1933 2021 3525 2096">
     <span class='ocr_line' id='line_1_64' title="bbox 1933 2021 3525 2096; baseline -0.002 -18"><span class='ocrx_word' id='word_1_427' title='bbox 1933 2024 2100 2090; x_wconf 91' lang='lat' dir='ltr'><strong>bant;</strong></span> <span class='ocrx_word' id='word_1_428' title='bbox 2152 2039 2259 2079; x_wconf 93' lang='lat' dir='ltr'><strong>non</strong></span> <span class='ocrx_word' id='word_1_429' title='bbox 2314 2021 2518 2080; x_wconf 66' lang='lat' dir='ltr'><strong>Iudaeis</strong></span> <span class='ocrx_word' id='word_1_430' title='bbox 2569 2023 3024 2096; x_wconf 81' lang='lat' dir='ltr'><strong>gubernatoribus</strong></span> <span class='ocrx_word' id='word_1_431' title='bbox 3075 2023 3189 2088; x_wconf 86' lang='lat' dir='ltr'><strong>usi,</strong></span> <span class='ocrx_word' id='word_1_432' title='bbox 3235 2021 3332 2077; x_wconf 90' lang='lat' dir='ltr'><strong>sed</strong></span> <span class='ocrx_word' id='word_1_433' title='bbox 3368 2021 3525 2086; x_wconf 79' lang='lat' dir='ltr'><strong>viris,</strong></span> 
     </span>
    </p>
   </div>
   <div class='ocr_carea' id='block_1_65' title="bbox 1932 2115 3526 2188">
    <p class='ocr_par' dir='ltr' id='par_1_65' title="bbox 1932 2115 3526 2188">
     <span class='ocr_line' id='line_1_65' title="bbox 1932 2115 3526 2188; baseline -0.001 -18"><span class='ocrx_word' id='word_1_434' title='bbox 1932 2118 2023 2187; x_wconf 89' lang='lat' dir='ltr'><strong>qui</strong></span> <span class='ocrx_word' id='word_1_435' title='bbox 2073 2119 2311 2172; x_wconf 90' lang='lat' dir='ltr'><strong>nondum</strong></span> <span class='ocrx_word' id='word_1_436' title='bbox 2364 2117 2644 2174; x_wconf 91' lang='lat' dir='ltr'><strong>Christum</strong></span> <span class='ocrx_word' id='word_1_437' title='bbox 2679 2128 3054 2188; x_wconf 80' lang='lat' dir='ltr'><strong>susceperant.</strong></span> <span class='ocrx_word' id='word_1_438' title='bbox 3105 2115 3220 2171; x_wconf 79' lang='lat' dir='ltr'><strong>Hac</strong></span> <span class='ocrx_word' id='word_1_439' title='bbox 3261 2129 3388 2171; x_wconf 81' lang='lat' dir='ltr'><strong>vero</strong></span> <span class='ocrx_word' id='word_1_440' title='bbox 3441 2131 3526 2169; x_wconf 77' lang='lat' dir='ltr'><strong>m-</strong></span> 
     </span>
    </p>
   </div>
   <div class='ocr_carea' id='block_1_66' title="bbox 1932 2212 3526 2283">
    <p class='ocr_par' dir='ltr' id='par_1_66' title="bbox 1932 2212 3526 2283">
     <span class='ocr_line' id='line_1_66' title="bbox 1932 2212 3526 2283; baseline 0.001 -16"><span class='ocrx_word' id='word_1_441' title='bbox 1932 2213 2078 2267; x_wconf 93' lang='lat' dir='ltr'><strong>tione</strong></span> <span class='ocrx_word' id='word_1_442' title='bbox 2119 2213 2284 2268; x_wconf 90' lang='lat' dir='ltr'><strong>etiam</strong></span> <span class='ocrx_word' id='word_1_443' title='bbox 2338 2214 2512 2270; x_wconf 87' lang='lat' dir='ltr'><strong>maria</strong></span> <span class='ocrx_word' id='word_1_444' title='bbox 2561 2213 2978 2283; x_wconf 71' lang='lat' dir='ltr'><strong>pra-dabantur;</strong></span> <span class='ocrx_word' id='word_1_445' title='bbox 3018 2214 3104 2270; x_wconf 90' lang='lat' dir='ltr'><strong>his</strong></span> <span class='ocrx_word' id='word_1_446' title='bbox 3150 2212 3526 2283; x_wconf 80' lang='lat' dir='ltr'><strong>signiﬁcantur</strong></span> 
     </span>
    </p>
   </div>
   <div class='ocr_carea' id='block_1_67' title="bbox 1932 2306 3527 2380">
    <p class='ocr_par' dir='ltr' id='par_1_67' title="bbox 1932 2306 3527 2380">
     <span class='ocr_line' id='line_1_67' title="bbox 1932 2306 3527 2380; baseline 0.001 -19"><span class='ocrx_word' id='word_1_447' title='bbox 1932 2306 2126 2362; x_wconf 87' lang='lat' dir='ltr'><strong>insul</strong></span> <span class='ocrx_word' id='word_1_448' title='bbox 2159 2323 2391 2377; x_wconf 88' lang='lat' dir='ltr'><strong>quarum</strong></span> <span class='ocrx_word' id='word_1_449' title='bbox 2431 2307 2640 2363; x_wconf 86' lang='lat' dir='ltr'><strong>incolas</strong></span> <span class='ocrx_word' id='word_1_450' title='bbox 2668 2309 2795 2363; x_wconf 89' lang='lat' dir='ltr'><strong>dum</strong></span> <span class='ocrx_word' id='word_1_451' title='bbox 2829 2307 2882 2360; x_wconf 93' lang='lat' dir='ltr'><strong>in</strong></span> <span class='ocrx_word' id='word_1_452' title='bbox 2914 2318 3235 2363; x_wconf 78' lang='lat' dir='ltr'><strong>transcursu</strong></span> <span class='ocrx_word' id='word_1_453' title='bbox 3268 2322 3527 2380; x_wconf 79' lang='lat' dir='ltr'><strong>peragra-</strong></span> 
     </span>
    </p>
   </div>
   <div class='ocr_carea' id='block_1_68' title="bbox 1933 2399 3043 2472">
    <p class='ocr_par' dir='ltr' id='par_1_68' title="bbox 1933 2399 3043 2472">
     <span class='ocr_line' id='line_1_68' title="bbox 1933 2399 3043 2472; baseline 0 -18"><span class='ocrx_word' id='word_1_454' title='bbox 1933 2409 2074 2467; x_wconf 89' lang='lat' dir='ltr'><strong>reut,</strong></span> <span class='ocrx_word' id='word_1_455' title='bbox 2105 2399 2338 2456; x_wconf 81' lang='lat' dir='ltr'><strong>salutari</strong></span> <span class='ocrx_word' id='word_1_456' title='bbox 2367 2401 2631 2457; x_wconf 76' lang='lat' dir='ltr'><strong>doctrina:</strong></span> <span class='ocrx_word' id='word_1_457' title='bbox 2661 2400 3043 2472; x_wconf 71' lang='lat' dir='ltr'><strong>subiiciebant.</strong></span> 
     </span>
    </p>
   </div>
   <div class='ocr_carea' id='block_1_69' title="bbox 2009 2577 3529 2649">
    <p class='ocr_par' dir='ltr' id='par_1_69' title="bbox 2009 2577 3529 2649">
     <span class='ocr_line' id='line_1_69' title="bbox 2009 2577 3529 2649; baseline 0 -17"><span class='ocrx_word' id='word_1_458' title='bbox 2009 2598 2028 2632; x_wconf 94' lang='grc' dir='ltr'><strong>ι</strong></span> <span class='ocrx_word' id='word_1_459' title='bbox 2062 2579 2128 2634; x_wconf 83' lang='lat' dir='ltr'><strong>Et</strong></span> <span class='ocrx_word' id='word_1_460' title='bbox 2152 2594 2248 2636; x_wconf 82' lang='lat' dir='ltr'><strong>eos</strong></span> <span class='ocrx_word' id='word_1_461' title='bbox 2280 2580 2372 2649; x_wconf 91' lang='lat' dir='ltr'><strong>qui</strong></span> <span class='ocrx_word' id='word_1_462' title='bbox 2413 2589 2544 2635; x_wconf 91' lang='lat' dir='ltr'><strong>sunt</strong></span> <span class='ocrx_word' id='word_1_463' title='bbox 2574 2581 2642 2634; x_wconf 88' lang='lat' dir='ltr'><strong>ab</strong></span> <span class='ocrx_word' id='word_1_464' title='bbox 2671 2589 2794 2635; x_wconf 90' lang='lat' dir='ltr'><strong>ortu</strong></span> <span class='ocrx_word' id='word_1_465' title='bbox 2830 2578 2982 2644; x_wconf 90' lang='lat' dir='ltr'><strong>solis,</strong></span> <span class='ocrx_word' id='word_1_466' title='bbox 3011 2588 3067 2634; x_wconf 92' lang='lat' dir='ltr'><strong>et</strong></span> <span class='ocrx_word' id='word_1_467' title='bbox 3103 2577 3396 2635; x_wconf 69' lang='lat' dir='ltr'><strong>Idumaeam</strong></span> <span class='ocrx_word' id='word_1_468' title='bbox 3424 2598 3438 2635; x_wconf 90' lang='lat'>:</span> <span class='ocrx_word' id='word_1_469' title='bbox 3475 2589 3529 2633; x_wconf 88' lang='lat' dir='ltr'><strong>et</strong></span> 
     </span>
    </p>
   </div>
   <div class='ocr_carea' id='block_1_70' title="bbox 1933 2671 3527 2744">
    <p class='ocr_par' dir='ltr' id='par_1_70' title="bbox 1933 2671 3527 2744">
     <span class='ocr_line' id='line_1_70' title="bbox 1933 2671 3527 2744; baseline 0.002 -19"><span class='ocrx_word' id='word_1_470' title='bbox 1933 2671 1986 2726; x_wconf 92' lang='lat' dir='ltr'><strong>in</strong></span> <span class='ocrx_word' id='word_1_471' title='bbox 2024 2671 2179 2726; x_wconf 72' lang='lat' dir='ltr'><strong>Moab</strong></span> <span class='ocrx_word' id='word_1_472' title='bbox 2214 2674 2393 2743; x_wconf 92' lang='lat' dir='ltr'><strong>primo</strong></span> <span class='ocrx_word' id='word_1_473' title='bbox 2431 2688 2626 2729; x_wconf 88' lang='lat' dir='ltr'><strong>manus</strong></span> <span class='ocrx_word' id='word_1_474' title='bbox 2660 2672 2924 2743; x_wconf 88' lang='lat' dir='ltr'><strong>injicient.</strong></span> <span class='ocrx_word' id='word_1_475' title='bbox 2955 2671 3076 2728; x_wconf 82' lang='lat' dir='ltr'><strong>Filii</strong></span> <span class='ocrx_word' id='word_1_476' title='bbox 3105 2671 3337 2727; x_wconf 79' lang='lat' dir='ltr'><strong>Ammon</strong></span> <span class='ocrx_word' id='word_1_477' title='bbox 3367 2672 3527 2744; x_wconf 88' lang='lat' dir='ltr'><strong>primi</strong></span> 
     </span>
    </p>
   </div>
   <div class='ocr_carea' id='block_1_71' title="bbox 1932 2764 3528 2836">
    <p class='ocr_par' dir='ltr' id='par_1_71' title="bbox 1932 2764 3528 2836">
     <span class='ocr_line' id='line_1_71' title="bbox 1932 2764 3528 2836; baseline 0 -16"><span class='ocrx_word' id='word_1_478' title='bbox 1932 2766 2259 2820; x_wconf 63' lang='lat' dir='ltr'><strong>obedient.»</strong></span> <span class='ocrx_word' id='word_1_479' title='bbox 2307 2765 2726 2830; x_wconf 68' lang='lat' dir='ltr'><strong>Prmdahuntur,</strong></span> <span class='ocrx_word' id='word_1_480' title='bbox 2775 2765 2972 2836; x_wconf 90' lang='lat' dir='ltr'><strong>inquit,</strong></span> <span class='ocrx_word' id='word_1_481' title='bbox 3015 2764 3219 2821; x_wconf 87' lang='lat' dir='ltr'><strong>Christi</strong></span> <span class='ocrx_word' id='word_1_482' title='bbox 3273 2764 3528 2836; x_wconf 86' lang='lat' dir='ltr'><strong>discipuli</strong></span> 
     </span>
    </p>
   </div>
   <div class='ocr_carea' id='block_1_72' title="bbox 1931 2860 3530 2932">
    <p class='ocr_par' dir='ltr' id='par_1_72' title="bbox 1931 2860 3530 2932">
     <span class='ocr_line' id='line_1_72' title="bbox 1931 2860 3530 2932; baseline -0.001 -18"><span class='ocrx_word' id='word_1_483' title='bbox 1931 2860 2100 2914; x_wconf 86' lang='lat' dir='ltr'><strong>etiam</strong></span> <span class='ocrx_word' id='word_1_484' title='bbox 2131 2874 2226 2915; x_wconf 88' lang='lat' dir='ltr'><strong>eos</strong></span> <span class='ocrx_word' id='word_1_485' title='bbox 2257 2861 2348 2930; x_wconf 85' lang='lat' dir='ltr'><strong>qui</strong></span> <span class='ocrx_word' id='word_1_486' title='bbox 2380 2861 2450 2914; x_wconf 90' lang='lat' dir='ltr'><strong>ab</strong></span> <span class='ocrx_word' id='word_1_487' title='bbox 2481 2871 2605 2914; x_wconf 89' lang='lat' dir='ltr'><strong>ortu</strong></span> <span class='ocrx_word' id='word_1_488' title='bbox 2639 2861 2771 2916; x_wconf 85' lang='lat' dir='ltr'><strong>solis</strong></span> <span class='ocrx_word' id='word_1_489' title='bbox 2820 2872 2983 2914; x_wconf 86' lang='lat' dir='ltr'><strong>sunt:</strong></span> <span class='ocrx_word' id='word_1_490' title='bbox 3020 2869 3280 2915; x_wconf 90' lang='lat' dir='ltr'><strong>narratur</strong></span> <span class='ocrx_word' id='word_1_491' title='bbox 3323 2861 3530 2932; x_wconf 83' lang='lat' dir='ltr'><strong>quippe</strong></span> 
     </span>
    </p>
   </div>
   <div class='ocr_carea' id='block_1_73' title="bbox 1930 2951 3527 3021">
    <p class='ocr_par' dir='ltr' id='par_1_73' title="bbox 1930 2951 3527 3021">
     <span class='ocr_line' id='line_1_73' title="bbox 1930 2951 3527 3021; baseline 0.001 -18"><span class='ocrx_word' id='word_1_492' title='bbox 1930 2964 2120 3004; x_wconf 90' lang='lat' dir='ltr'><strong>eorum</strong></span> <span class='ocrx_word' id='word_1_493' title='bbox 2173 2952 2436 3020; x_wconf 85' lang='lat' dir='ltr'><strong>quosdam</strong></span> <span class='ocrx_word' id='word_1_494' title='bbox 2489 2967 2664 3021; x_wconf 88' lang='lat' dir='ltr'><strong>usque</strong></span> <span class='ocrx_word' id='word_1_495' title='bbox 2708 2953 2774 3005; x_wconf 92' lang='lat' dir='ltr'><strong>ad</strong></span> <span class='ocrx_word' id='word_1_496' title='bbox 2824 2951 3110 3006; x_wconf 79' lang='lat' dir='ltr'><strong>Persarum</strong></span> <span class='ocrx_word' id='word_1_497' title='bbox 3160 2960 3215 3008; x_wconf 90' lang='lat' dir='ltr'><strong>et</strong></span> <span class='ocrx_word' id='word_1_498' title='bbox 3268 2951 3527 3008; x_wconf 89' lang='lat' dir='ltr'><strong>ludorum</strong></span> 
     </span>
    </p>
   </div>
   <div class='ocr_carea' id='block_1_74' title="bbox 1933 3041 3529 3114">
    <p class='ocr_par' dir='ltr' id='par_1_74' title="bbox 1933 3041 3529 3114">
     <span class='ocr_line' id='line_1_74' title="bbox 1933 3041 3529 3114; baseline 0.001 -19"><span class='ocrx_word' id='word_1_499' title='bbox 1933 3042 2212 3110; x_wconf 86' lang='lat' dir='ltr'><strong>regionem</strong></span> <span class='ocrx_word' id='word_1_500' title='bbox 2267 3052 2605 3112; x_wconf 85' lang='lat' dir='ltr'><strong>penetrasse.</strong></span> <span class='ocrx_word' id='word_1_501' title='bbox 2657 3041 2797 3111; x_wconf 88' lang='lat' dir='ltr'><strong>Quia</strong></span> <span class='ocrx_word' id='word_1_502' title='bbox 2850 3058 2985 3099; x_wconf 77' lang='lat' dir='ltr'><strong>vero</strong></span> <span class='ocrx_word' id='word_1_503' title='bbox 3037 3045 3315 3114; x_wconf 62' lang='lat' dir='ltr'><strong>prophetae</strong></span> <span class='ocrx_word' id='word_1_504' title='bbox 3368 3041 3529 3110; x_wconf 79' lang='lat' dir='ltr'><strong>hujus</strong></span> 
     </span>
    </p>
   </div>
   <div class='ocr_carea' id='block_1_75' title="bbox 1936 3133 3529 3206">
    <p class='ocr_par' dir='ltr' id='par_1_75' title="bbox 1936 3133 3529 3206">
     <span class='ocr_line' id='line_1_75' title="bbox 1936 3133 3529 3206; baseline 0.003 -19"><span class='ocrx_word' id='word_1_505' title='bbox 1936 3142 2205 3206; x_wconf 88' lang='lat' dir='ltr'><strong>tempore,</strong></span> <span class='ocrx_word' id='word_1_506' title='bbox 2259 3133 2509 3197; x_wconf 64' lang='lat' dir='ltr'><strong>Idumaei,</strong></span> <span class='ocrx_word' id='word_1_507' title='bbox 2562 3135 2810 3191; x_wconf 77' lang='lat' dir='ltr'><strong>Moabita-</strong></span> <span class='ocrx_word' id='word_1_508' title='bbox 2861 3144 2916 3190; x_wconf 91' lang='lat' dir='ltr'><strong>et</strong></span> <span class='ocrx_word' id='word_1_509' title='bbox 2958 3136 3306 3200; x_wconf 70' lang='lat' dir='ltr'><strong>Ammouitae,</strong></span> <span class='ocrx_word' id='word_1_510' title='bbox 3341 3146 3529 3205; x_wconf 73' lang='lat' dir='ltr'><strong>gentes</strong></span> 
     </span>
    </p>
   </div>
   <div class='ocr_carea' id='block_1_76' title="bbox 1938 3217 3528 3298">
    <p class='ocr_par' dir='ltr' id='par_1_76' title="bbox 1938 3217 3528 3298">
     <span class='ocr_line' id='line_1_76' title="bbox 1938 3217 3528 3298; baseline 0.001 -18"><span class='ocrx_word' id='word_1_511' title='bbox 1938 3225 2042 3280; x_wconf 77' lang='lat' dir='ltr'><strong>illa:</strong></span> <span class='ocrx_word' id='word_1_512' title='bbox 2097 3217 2578 3293; x_wconf 68' lang='lat' dir='ltr'><strong>Arabica3,circa</strong></span> <span class='ocrx_word' id='word_1_513' title='bbox 2634 3225 2874 3282; x_wconf 70' lang='lat' dir='ltr'><strong>Judaeam</strong></span> <span class='ocrx_word' id='word_1_514' title='bbox 2933 3229 3157 3298; x_wconf 67' lang='lat' dir='ltr'><strong>positae,</strong></span> <span class='ocrx_word' id='word_1_515' title='bbox 3209 3227 3418 3282; x_wconf 89' lang='lat' dir='ltr'><strong>inimici</strong></span> <span class='ocrx_word' id='word_1_516' title='bbox 3475 3238 3528 3282; x_wconf 89' lang='lat' dir='ltr'><strong>et</strong></span> 
     </span>
    </p>
   </div>
   <div class='ocr_carea' id='block_1_77' title="bbox 1938 3317 3528 3390">
    <p class='ocr_par' dir='ltr' id='par_1_77' title="bbox 1938 3317 3528 3390">
     <span class='ocr_line' id='line_1_77' title="bbox 1938 3317 3528 3390; baseline 0.001 -16"><span class='ocrx_word' id='word_1_517' title='bbox 1938 3320 2122 3375; x_wconf 82' lang='lat' dir='ltr'><strong>hostes</strong></span> <span class='ocrx_word' id='word_1_518' title='bbox 2155 3322 2480 3376; x_wconf 84' lang='lat' dir='ltr'><strong>videbantur</strong></span> <span class='ocrx_word' id='word_1_519' title='bbox 2504 3336 2625 3378; x_wconf 89' lang='lat' dir='ltr'><strong>esse</strong></span> <span class='ocrx_word' id='word_1_520' title='bbox 2666 3321 2775 3374; x_wconf 90' lang='lat' dir='ltr'><strong>Deo</strong></span> <span class='ocrx_word' id='word_1_521' title='bbox 2819 3335 2988 3390; x_wconf 86' lang='lat' dir='ltr'><strong>penes</strong></span> <span class='ocrx_word' id='word_1_522' title='bbox 3013 3317 3231 3385; x_wconf 67' lang='lat' dir='ltr'><strong>Jndaros</strong></span> <span class='ocrx_word' id='word_1_523' title='bbox 3261 3320 3432 3385; x_wconf 92' lang='lat' dir='ltr'><strong>culto,</strong></span> <span class='ocrx_word' id='word_1_524' title='bbox 3457 3323 3528 3376; x_wconf 90' lang='lat' dir='ltr'><strong>ob</strong></span> 
     </span>
    </p>
   </div>
   <div class='ocr_carea' id='block_1_78' title="bbox 1936 3409 3530 3481">
    <p class='ocr_par' dir='ltr' id='par_1_78' title="bbox 1936 3409 3530 3481">
     <span class='ocr_line' id='line_1_78' title="bbox 1936 3409 3530 3481; baseline 0.002 -19"><span class='ocrx_word' id='word_1_525' title='bbox 1936 3409 2230 3464; x_wconf 87' lang='lat' dir='ltr'><strong>absurdam</strong></span> <span class='ocrx_word' id='word_1_526' title='bbox 2287 3427 2456 3480; x_wconf 84' lang='lat' dir='ltr'><strong>quam</strong></span> <span class='ocrx_word' id='word_1_527' title='bbox 2525 3411 2781 3466; x_wconf 75' lang='lat' dir='ltr'><strong>fovebant</strong></span> <span class='ocrx_word' id='word_1_528' title='bbox 2836 3409 3239 3478; x_wconf 78' lang='lat' dir='ltr'><strong>idololatriam;</strong></span> <span class='ocrx_word' id='word_1_529' title='bbox 3289 3409 3414 3481; x_wconf 83' lang='lat' dir='ltr'><strong>jure</strong></span> <span class='ocrx_word' id='word_1_530' title='bbox 3463 3426 3530 3466; x_wconf 86' lang='lat' dir='ltr'><strong>ac</strong></span> 
     </span>
    </p>
   </div>
   <div class='ocr_carea' id='block_1_79' title="bbox 1935 3505 3526 3572">
    <p class='ocr_par' dir='ltr' id='par_1_79' title="bbox 1935 3505 3526 3572">
     <span class='ocr_line' id='line_1_79' title="bbox 1935 3505 3526 3572; baseline 0.001 -14"><span class='ocrx_word' id='word_1_531' title='bbox 1935 3505 2134 3560; x_wconf 89' lang='lat' dir='ltr'><strong>merito</strong></span> <span class='ocrx_word' id='word_1_532' title='bbox 2169 3505 2204 3558; x_wconf 92' lang='lat' dir='ltr'><strong>ii</strong></span> <span class='ocrx_word' id='word_1_533' title='bbox 2253 3506 2575 3559; x_wconf 86' lang='lat' dir='ltr'><strong>nominatim</strong></span> <span class='ocrx_word' id='word_1_534' title='bbox 2627 3514 3156 3567; x_wconf 88' lang='lat' dir='ltr'><strong>commemorantur,</strong></span> <span class='ocrx_word' id='word_1_535' title='bbox 3205 3512 3395 3572; x_wconf 89' lang='lat' dir='ltr'><strong>utpote</strong></span> <span class='ocrx_word' id='word_1_536' title='bbox 3430 3505 3526 3572; x_wconf 88' lang='lat' dir='ltr'><strong>qui</strong></span> 
     </span>
    </p>
   </div>
   <div class='ocr_carea' id='block_1_80' title="bbox 1935 3598 3531 3673">
    <p class='ocr_par' dir='ltr' id='par_1_80' title="bbox 1935 3598 3531 3673">
     <span class='ocr_line' id='line_1_80' title="bbox 1935 3598 3531 3673; baseline -0.001 -17"><span class='ocrx_word' id='word_1_537' title='bbox 1935 3603 2077 3672; x_wconf 92' lang='lat' dir='ltr'><strong>piam</strong></span> <span class='ocrx_word' id='word_1_538' title='bbox 2127 3600 2448 3673; x_wconf 86' lang='lat' dir='ltr'><strong>religionem</strong></span> <span class='ocrx_word' id='word_1_539' title='bbox 2491 3601 2561 3656; x_wconf 88' lang='lat' dir='ltr'><strong>ab</strong></span> <span class='ocrx_word' id='word_1_540' title='bbox 2591 3599 2852 3672; x_wconf 85' lang='lat' dir='ltr'><strong>apostolis</strong></span> <span class='ocrx_word' id='word_1_541' title='bbox 2882 3598 3314 3654; x_wconf 84' lang='lat' dir='ltr'><strong>aununtiandam</strong></span> <span class='ocrx_word' id='word_1_542' title='bbox 3341 3612 3531 3654; x_wconf 81' lang='lat' dir='ltr'><strong>susce-</strong></span> 
     </span>
    </p>
   </div>
   <div class='ocr_carea' id='block_1_81' title="bbox 1933 3694 2246 3767">
    <p class='ocr_par' dir='ltr' id='par_1_81' title="bbox 1933 3694 2246 3767">
     <span class='ocr_line' id='line_1_81' title="bbox 1933 3694 2246 3767; baseline 0.003 -16"><span class='ocrx_word' id='word_1_543' title='bbox 1933 3694 2080 3767; x_wconf 90' lang='lat' dir='ltr'><strong>pturi</strong></span> <span class='ocrx_word' id='word_1_544' title='bbox 2115 3697 2246 3752; x_wconf 84' lang='lat' dir='ltr'><strong>sint.</strong></span> 
     </span>
    </p>
   </div>
   <div class='ocr_carea' id='block_1_82' title="bbox 2007 3864 3529 3927">
    <p class='ocr_par' dir='ltr' id='par_1_82' title="bbox 2007 3864 3529 3927">
     <span class='ocr_line' id='line_1_82' title="bbox 2007 3864 3529 3927; baseline -0.003 -5"><span class='ocrx_word' id='word_1_545' title='bbox 2007 3867 2177 3925; x_wconf 72' lang='lat' dir='ltr'><strong>Vens.</strong></span> <span class='ocrx_word' id='word_1_546' title='bbox 2211 3868 2298 3924; x_wconf 81' lang='lat' dir='ltr'><strong>l5.</strong></span> <span class='ocrx_word' id='word_1_547' title='bbox 2339 3887 2358 3920; x_wconf 89' lang='grc' dir='ltr'><strong>ι</strong></span> <span class='ocrx_word' id='word_1_548' title='bbox 2389 3868 2457 3923; x_wconf 87' lang='lat' dir='ltr'><strong>Et</strong></span> <span class='ocrx_word' id='word_1_549' title='bbox 2493 3877 2770 3924; x_wconf 80' lang='lat' dir='ltr'><strong>desertum</strong></span> <span class='ocrx_word' id='word_1_550' title='bbox 2826 3867 3014 3927; x_wconf 79' lang='lat' dir='ltr'><strong>reddet</strong></span> <span class='ocrx_word' id='word_1_551' title='bbox 3068 3864 3330 3920; x_wconf 87' lang='lat' dir='ltr'><strong>Dominus</strong></span> <span class='ocrx_word' id='word_1_552' title='bbox 3377 3877 3529 3919; x_wconf 85' lang='lat' dir='ltr'><strong>mare</strong></span> 
     </span>
    </p>
   </div>
   <div class='ocr_carea' id='block_1_83' title="bbox 1932 3957 3526 4034">
    <p class='ocr_par' dir='ltr' id='par_1_83' title="bbox 1932 3957 3526 4034">
     <span class='ocr_line' id='line_1_83' title="bbox 1932 3957 3526 4034; baseline -0.004 -17"><span class='ocrx_word' id='word_1_553' title='bbox 1932 3961 2158 4034; x_wconf 64' lang='lat' dir='ltr'><strong>Egypti</strong></span> <span class='ocrx_word' id='word_1_554' title='bbox 2187 3981 2202 4018; x_wconf 88' lang='lat'><strong>:</strong></span> <span class='ocrx_word' id='word_1_555' title='bbox 2237 3970 2292 4016; x_wconf 90' lang='lat' dir='ltr'><strong>et</strong></span> <span class='ocrx_word' id='word_1_556' title='bbox 2338 3961 2547 4032; x_wconf 85' lang='lat' dir='ltr'><strong>iujiciet</strong></span> <span class='ocrx_word' id='word_1_557' title='bbox 2583 3975 2802 4013; x_wconf 89' lang='lat' dir='ltr'><strong>manum</strong></span> <span class='ocrx_word' id='word_1_558' title='bbox 2833 3974 2987 4013; x_wconf 86' lang='lat' dir='ltr'><strong>suam</strong></span> <span class='ocrx_word' id='word_1_559' title='bbox 3020 3972 3185 4026; x_wconf 88' lang='lat' dir='ltr'><strong>super</strong></span> <span class='ocrx_word' id='word_1_560' title='bbox 3219 3957 3418 4011; x_wconf 83' lang='lat' dir='ltr'><strong>ﬂumen</strong></span> <span class='ocrx_word' id='word_1_561' title='bbox 3472 3958 3526 4011; x_wconf 89' lang='lat' dir='ltr'><strong>in</strong></span> 
     </span>
    </p>
   </div>
   <div class='ocr_carea' id='block_1_84' title="bbox 1931 4048 3526 4124">
    <p class='ocr_par' dir='ltr' id='par_1_84' title="bbox 1931 4048 3526 4124">
     <span class='ocr_line' id='line_1_84' title="bbox 1931 4048 3526 4124; baseline -0.005 -14"><span class='ocrx_word' id='word_1_562' title='bbox 1931 4057 2128 4124; x_wconf 86' lang='lat' dir='ltr'><strong>spiritu</strong></span> <span class='ocrx_word' id='word_1_563' title='bbox 2174 4055 2550 4110; x_wconf 65' lang='lat' dir='ltr'><strong>vehementi.»</strong></span> <span class='ocrx_word' id='word_1_564' title='bbox 2605 4051 2903 4122; x_wconf 67' lang='lat' dir='ltr'><strong>Egyptum</strong></span> <span class='ocrx_word' id='word_1_565' title='bbox 2958 4050 3211 4121; x_wconf 79' lang='lat' dir='ltr'><strong>quidem,</strong></span> <span class='ocrx_word' id='word_1_566' title='bbox 3270 4048 3526 4104; x_wconf 87' lang='lat' dir='ltr'><strong>sensilem</strong></span> 
     </span>
    </p>
   </div>
   <div class='ocr_carea' id='block_1_85' title="bbox 1933 4141 3528 4219">
    <p class='ocr_par' dir='ltr' id='par_1_85' title="bbox 1933 4141 3528 4219">
     <span class='ocr_line' id='line_1_85' title="bbox 1933 4141 3528 4219; baseline -0.006 -17"><span class='ocrx_word' id='word_1_567' title='bbox 1933 4148 2082 4202; x_wconf 89' lang='lat' dir='ltr'><strong>illam</strong></span> <span class='ocrx_word' id='word_1_568' title='bbox 2110 4145 2496 4219; x_wconf 66' lang='lat' dir='ltr'><strong>Egyptiorum</strong></span> <span class='ocrx_word' id='word_1_569' title='bbox 2541 4145 2818 4216; x_wconf 88' lang='lat' dir='ltr'><strong>regionem</strong></span> <span class='ocrx_word' id='word_1_570' title='bbox 2847 4155 2970 4198; x_wconf 85' lang='lat' dir='ltr'><strong>esse</strong></span> <span class='ocrx_word' id='word_1_571' title='bbox 3009 4141 3324 4197; x_wconf 86' lang='lat' dir='ltr'><strong>necessario</strong></span> <span class='ocrx_word' id='word_1_572' title='bbox 3354 4141 3528 4196; x_wconf 81' lang='lat' dir='ltr'><strong>conli-</strong></span> 
     </span>
    </p>
   </div>
   <div class='ocr_carea' id='block_1_86' title="bbox 1932 4233 3527 4305">
    <p class='ocr_par' dir='ltr' id='par_1_86' title="bbox 1932 4233 3527 4305">
     <span class='ocr_line' id='line_1_86' title="bbox 1932 4233 3527 4305; baseline -0.005 -12"><span class='ocrx_word' id='word_1_573' title='bbox 1932 4240 2153 4294; x_wconf 90' lang='lat' dir='ltr'><strong>tendum</strong></span> <span class='ocrx_word' id='word_1_574' title='bbox 2209 4249 2331 4305; x_wconf 88' lang='lat' dir='ltr'><strong>est;</strong></span> <span class='ocrx_word' id='word_1_575' title='bbox 2383 4237 2477 4292; x_wconf 87' lang='lat' dir='ltr'><strong>sed</strong></span> <span class='ocrx_word' id='word_1_576' title='bbox 2523 4251 2674 4292; x_wconf 91' lang='lat' dir='ltr'><strong>mare</strong></span> <span class='ocrx_word' id='word_1_577' title='bbox 2719 4244 2774 4289; x_wconf 89' lang='lat' dir='ltr'><strong>et</strong></span> <span class='ocrx_word' id='word_1_578' title='bbox 2819 4233 3018 4289; x_wconf 79' lang='lat' dir='ltr'><strong>ﬂumen</strong></span> <span class='ocrx_word' id='word_1_579' title='bbox 3065 4234 3184 4304; x_wconf 84' lang='lat' dir='ltr'><strong>ejus</strong></span> <span class='ocrx_word' id='word_1_580' title='bbox 3231 4233 3527 4302; x_wconf 87' lang='lat' dir='ltr'><strong>allegorice</strong></span> 
     </span>
    </p>
   </div>
   <div class='ocr_carea' id='block_1_87' title="bbox 1931 4324 3528 4399">
    <p class='ocr_par' dir='ltr' id='par_1_87' title="bbox 1931 4324 3528 4399">
     <span class='ocr_line' id='line_1_87' title="bbox 1931 4324 3528 4399; baseline -0.004 -13"><span class='ocrx_word' id='word_1_581' title='bbox 1931 4329 2289 4399; x_wconf 81' lang='lat' dir='ltr'><strong>accipienda:</strong></span> <span class='ocrx_word' id='word_1_582' title='bbox 2331 4345 2450 4399; x_wconf 77' lang='lat' dir='ltr'><strong>qua:</strong></span> <span class='ocrx_word' id='word_1_583' title='bbox 2491 4329 2543 4382; x_wconf 94' lang='lat' dir='ltr'><strong>in</strong></span> <span class='ocrx_word' id='word_1_584' title='bbox 2581 4338 2827 4398; x_wconf 89' lang='lat' dir='ltr'><strong>tempore</strong></span> <span class='ocrx_word' id='word_1_585' title='bbox 2873 4342 2902 4380; x_wconf 90' lang='lat' dir='ltr'><strong>a</strong></span> <span class='ocrx_word' id='word_1_586' title='bbox 2949 4325 3235 4396; x_wconf 82' lang='lat' dir='ltr'><strong>prophetia</strong></span> <span class='ocrx_word' id='word_1_587' title='bbox 3283 4324 3528 4380; x_wconf 85' lang='lat' dir='ltr'><strong>indicato</strong></span> 
     </span>
    </p>
   </div>
   <div class='ocr_carea' id='block_1_88' title="bbox 1932 4419 3528 4492">
    <p class='ocr_par' dir='ltr' id='par_1_88' title="bbox 1932 4419 3528 4492">
     <span class='ocr_line' id='line_1_88' title="bbox 1932 4419 3528 4492; baseline -0.002 -16"><span class='ocrx_word' id='word_1_588' title='bbox 1932 4422 2196 4477; x_wconf 77' lang='lat' dir='ltr'><strong>vastauda</strong></span> <span class='ocrx_word' id='word_1_589' title='bbox 2240 4422 2356 4477; x_wconf 82' lang='lat' dir='ltr'><strong>fore</strong></span> <span class='ocrx_word' id='word_1_590' title='bbox 2391 4423 2498 4476; x_wconf 86' lang='lat' dir='ltr'><strong>ait:</strong></span> <span class='ocrx_word' id='word_1_591' title='bbox 2548 4423 2767 4492; x_wconf 82' lang='lat' dir='ltr'><strong>quando</strong></span> <span class='ocrx_word' id='word_1_592' title='bbox 2797 4420 3058 4475; x_wconf 89' lang='lat' dir='ltr'><strong>Dominus</strong></span> <span class='ocrx_word' id='word_1_593' title='bbox 3095 4419 3414 4488; x_wconf 84' lang='lat' dir='ltr'><strong>adjecturus</strong></span> <span class='ocrx_word' id='word_1_594' title='bbox 3445 4420 3528 4474; x_wconf 87' lang='lat' dir='ltr'><strong>di-</strong></span> 
     </span>
    </p>
   </div>
   <div class='ocr_carea' id='block_1_89' title="bbox 1931 4513 3524 4583">
    <p class='ocr_par' dir='ltr' id='par_1_89' title="bbox 1931 4513 3524 4583">
     <span class='ocr_line' id='line_1_89' title="bbox 1931 4513 3524 4583; baseline -0.002 -12"><span class='ocrx_word' id='word_1_595' title='bbox 1931 4518 2097 4577; x_wconf 91' lang='lat' dir='ltr'><strong>citur,</strong></span> <span class='ocrx_word' id='word_1_596' title='bbox 2128 4524 2187 4570; x_wconf 92' lang='lat' dir='ltr'><strong>ut</strong></span> <span class='ocrx_word' id='word_1_597' title='bbox 2235 4518 2492 4569; x_wconf 87' lang='lat' dir='ltr'><strong>ostendat</strong></span> <span class='ocrx_word' id='word_1_598' title='bbox 2528 4530 2750 4570; x_wconf 88' lang='lat' dir='ltr'><strong>manum</strong></span> <span class='ocrx_word' id='word_1_599' title='bbox 2784 4529 2962 4569; x_wconf 88' lang='lat' dir='ltr'><strong>suam.</strong></span> <span class='ocrx_word' id='word_1_600' title='bbox 3011 4513 3222 4569; x_wconf 84' lang='lat' dir='ltr'><strong>Etenim</strong></span> <span class='ocrx_word' id='word_1_601' title='bbox 3267 4513 3524 4583; x_wconf 86' lang='lat' dir='ltr'><strong>adjectio,</strong></span> 
     </span>
    </p>
   </div>
   <div class='ocr_carea' id='block_1_90' title="bbox 229 4606 1826 4690">
    <p class='ocr_par' dir='ltr' id='par_1_90' title="bbox 229 4606 1824 4690">
     <span class='ocr_line' id='line_1_90' title="bbox 229 4606 1824 4690; baseline 0.009 -30"><span class='ocrx_word' id='word_1_602' title='bbox 229 4606 408 4678; x_wconf 82' lang='grc' dir='ltr'>μένοις</span> <span class='ocrx_word' id='word_1_603' title='bbox 439 4610 774 4682; x_wconf 83' lang='grc' dir='ltr'>πράγμασιν</span> <span class='ocrx_word' id='word_1_604' title='bbox 803 4611 964 4683; x_wconf 74' lang='grc' dir='ltr'>Ξτερα</span> <span class='ocrx_word' id='word_1_605' title='bbox 1017 4616 1353 4688; x_wconf 77' lang='grc' dir='ltr'>ὁμοιότροπα</span> <span class='ocrx_word' id='word_1_606' title='bbox 1398 4619 1824 4690; x_wconf 66' lang='grc' dir='ltr'>ἐπιγενήσεσθαι</span> 
     </span>
    </p>
   </div>
   <div class='ocr_carea' id='block_1_91' title="bbox 1932 4606 3528 4690">
    <p class='ocr_par' dir='ltr' id='par_1_91' title="bbox 1932 4606 3528 4678">
     <span class='ocr_line' id='line_1_91' title="bbox 1932 4606 3528 4678; baseline -0.002 -16"><span class='ocrx_word' id='word_1_607' title='bbox 1932 4608 2038 4678; x_wconf 88' lang='lat' dir='ltr'><strong>iam</strong></span> <span class='ocrx_word' id='word_1_608' title='bbox 2077 4609 2314 4678; x_wconf 84' lang='lat' dir='ltr'><strong>peractis</strong></span> <span class='ocrx_word' id='word_1_609' title='bbox 2349 4609 2510 4662; x_wconf 85' lang='lat' dir='ltr'><strong>rebus</strong></span> <span class='ocrx_word' id='word_1_610' title='bbox 2541 4608 2644 4661; x_wconf 86' lang='lat' dir='ltr'><strong>alia</strong></span> <span class='ocrx_word' id='word_1_611' title='bbox 2680 4607 2882 4663; x_wconf 87' lang='lat' dir='ltr'><strong>similia</strong></span> <span class='ocrx_word' id='word_1_612' title='bbox 2917 4606 3161 4661; x_wconf 84' lang='lat' dir='ltr'><strong>addenda</strong></span> <span class='ocrx_word' id='word_1_613' title='bbox 3199 4621 3324 4661; x_wconf 81' lang='lat' dir='ltr'><strong>esse</strong></span> <span class='ocrx_word' id='word_1_614' title='bbox 3356 4607 3528 4677; x_wconf 80' lang='lat' dir='ltr'><strong>signi-</strong></span> 
     </span>
    </p>
   </div>
   <div class='ocr_carea' id='block_1_92' title="bbox 225 4698 1822 4785">
    <p class='ocr_par' dir='ltr' id='par_1_92' title="bbox 225 4698 1822 4785">
     <span class='ocr_line' id='line_1_92' title="bbox 225 4698 1822 4785; baseline 0.008 -31"><span class='ocrx_word' id='word_1_615' title='bbox 225 4698 390 4773; x_wconf 75' lang='grc' dir='ltr'>δηλοτ.</span> <span class='ocrx_word' id='word_1_616' title='bbox 422 4703 600 4757; x_wconf 81' lang='grc' dir='ltr'>Πάλαι</span> <span class='ocrx_word' id='word_1_617' title='bbox 629 4703 734 4774; x_wconf 83' lang='grc' dir='ltr'>μὲν</span> <span class='ocrx_word' id='word_1_618' title='bbox 775 4700 868 4759; x_wconf 83' lang='grc' dir='ltr'>οὖν</span> <span class='ocrx_word' id='word_1_619' title='bbox 901 4707 992 4760; x_wconf 72' lang='grc' dir='ltr'><strong>ἐπὶ</strong></span> <span class='ocrx_word' id='word_1_620' title='bbox 1025 4709 1304 4774; x_wconf 82' lang='grc' dir='ltr'>Μωῦσέως</span> <span class='ocrx_word' id='word_1_621' title='bbox 1348 4712 1382 4783; x_wconf 81' lang='grc' dir='ltr'><strong>ή</strong></span> <span class='ocrx_word' id='word_1_622' title='bbox 1417 4712 1540 4785; x_wconf 78' lang='grc' dir='ltr'>χεὶρ</span> <span class='ocrx_word' id='word_1_623' title='bbox 1573 4711 1670 4766; x_wconf 80' lang='grc' dir='ltr'>τοῦ</span> <span class='ocrx_word' id='word_1_624' title='bbox 1705 4715 1822 4767; x_wconf 86' lang='grc' dir='ltr'><strong>Κυ-</strong></span> 
     </span>
    </p>
   </div>
   <div class='ocr_carea' id='block_1_93' title="bbox 228 4793 1823 4877">
    <p class='ocr_par' dir='ltr' id='par_1_93' title="bbox 228 4793 1823 4877">
     <span class='ocr_line' id='line_1_93' title="bbox 228 4793 1823 4877; baseline 0.008 -30"><span class='ocrx_word' id='word_1_625' title='bbox 228 4793 341 4862; x_wconf 85' lang='grc' dir='ltr'>ρίου</span> <span class='ocrx_word' id='word_1_626' title='bbox 365 4793 610 4866; x_wconf 74' lang='grc' dir='ltr'>εξήγαγε</span> <span class='ocrx_word' id='word_1_627' title='bbox 633 4795 765 4860; x_wconf 76' lang='grc' dir='ltr'>τοὺς</span> <span class='ocrx_word' id='word_1_628' title='bbox 784 4799 932 4864; x_wconf 81' lang='grc' dir='ltr'>υἱοὺς</span> <span class='ocrx_word' id='word_1_629' title='bbox 949 4800 1166 4873; x_wconf 75' lang='grc' dir='ltr'>Ἰσραὴλ</span> <span class='ocrx_word' id='word_1_630' title='bbox 1184 4801 1243 4866; x_wconf 79' lang='grc' dir='ltr'>ἐξ</span> <span class='ocrx_word' id='word_1_631' title='bbox 1260 4803 1537 4872; x_wconf 76' lang='grc' dir='ltr'>Αἰγύπτου</span> <span class='ocrx_word' id='word_1_632' title='bbox 1557 4823 1570 4835; x_wconf 77' lang='grc'><strong>”</strong></span> <span class='ocrx_word' id='word_1_633' title='bbox 1590 4807 1823 4877; x_wconf 80' lang='grc' dir='ltr'>διήγαγε</span> 
     </span>
    </p>
   </div>
   <div class='ocr_carea' id='block_1_94' title="bbox 223 4881 1824 4968">
    <p class='ocr_par' dir='ltr' id='par_1_94' title="bbox 223 4881 1824 4968">
     <span class='ocr_line' id='line_1_94' title="bbox 223 4881 1824 4968; baseline 0.007 -30"><span class='ocrx_word' id='word_1_634' title='bbox 223 4881 278 4938; x_wconf 80' lang='grc' dir='ltr'>δι</span> <span class='ocrx_word' id='word_1_635' title='bbox 331 4886 434 4957; x_wconf 78' lang='grc' dir='ltr'>τὴν</span> <span class='ocrx_word' id='word_1_636' title='bbox 471 4885 759 4941; x_wconf 82' lang='grc' dir='ltr'>θάλασσαν</span> <span class='ocrx_word' id='word_1_637' title='bbox 806 4888 904 4960; x_wconf 78' lang='grc' dir='ltr'>τὴν</span> <span class='ocrx_word' id='word_1_638' title='bbox 942 4891 1233 4965; x_wconf 81' lang='grc' dir='ltr'>Ἐρυθρὰν,</span> <span class='ocrx_word' id='word_1_639' title='bbox 1269 4897 1364 4948; x_wconf 76' lang='grc' dir='ltr'>καὶ</span> <span class='ocrx_word' id='word_1_640' title='bbox 1414 4897 1712 4968; x_wconf 71' lang='grc' dir='ltr'>εἰσήγαγεν</span> <span class='ocrx_word' id='word_1_641' title='bbox 1743 4898 1824 4962; x_wconf 81' lang='grc' dir='ltr'><strong>είς</strong></span> 
     </span>
    </p>
   </div>
   <div class='ocr_carea' id='block_1_95' title="bbox 221 4976 1824 5060">
    <p class='ocr_par' dir='ltr' id='par_1_95' title="bbox 221 4976 1824 5060">
     <span class='ocr_line' id='line_1_95' title="bbox 221 4976 1824 5060; baseline 0.01 -32"><span class='ocrx_word' id='word_1_642' title='bbox 221 4976 319 5049; x_wconf 77' lang='grc' dir='ltr'>τὴν</span> <span class='ocrx_word' id='word_1_643' title='bbox 346 4977 453 5049; x_wconf 80' lang='grc' dir='ltr'>γῆν</span> <span class='ocrx_word' id='word_1_644' title='bbox 476 4977 581 5048; x_wconf 83' lang='grc' dir='ltr'>τῆς</span> <span class='ocrx_word' id='word_1_645' title='bbox 604 4981 962 5050; x_wconf 72' lang='grc' dir='ltr'>ἐπαγγελίας,</span> <span class='ocrx_word' id='word_1_646' title='bbox 993 4985 1092 5056; x_wconf 83' lang='grc' dir='ltr'>τὴν</span> <span class='ocrx_word' id='word_1_647' title='bbox 1125 4981 1290 5040; x_wconf 79' lang='grc' dir='ltr'>οὖσαν</span> <span class='ocrx_word' id='word_1_648' title='bbox 1324 4987 1640 5060; x_wconf 79' lang='grc' dir='ltr'>ἀλλοφύλων</span> <span class='ocrx_word' id='word_1_649' title='bbox 1683 4991 1824 5060; x_wconf 84' lang='grc' dir='ltr'>πρό-</span> 
     </span>
    </p>
   </div>
   <div class='ocr_carea' id='block_1_96' title="bbox 223 5071 1824 5155">
    <p class='ocr_par' dir='ltr' id='par_1_96' title="bbox 223 5071 1824 5155">
     <span class='ocr_line' id='line_1_96' title="bbox 223 5071 1824 5155; baseline 0.007 -33"><span class='ocrx_word' id='word_1_650' title='bbox 223 5083 406 5142; x_wconf 70' lang='grc' dir='ltr'><strong>τερον⁸</strong></span> <span class='ocrx_word' id='word_1_651' title='bbox 436 5071 558 5126; x_wconf 77' lang='grc' dir='ltr'>νυνὶ</span> <span class='ocrx_word' id='word_1_652' title='bbox 589 5071 652 5126; x_wconf 66' lang='grc' dir='ltr'>δὲ</span> <span class='ocrx_word' id='word_1_653' title='bbox 701 5074 799 5126; x_wconf 68' lang='grc' dir='ltr'>καὶ</span> <span class='ocrx_word' id='word_1_654' title='bbox 844 5073 930 5128; x_wconf 68' lang='grc' dir='ltr'>διὰ</span> <span class='ocrx_word' id='word_1_655' title='bbox 953 5076 1048 5130; x_wconf 82' lang='grc' dir='ltr'>τοῦ</span> <span class='ocrx_word' id='word_1_656' title='bbox 1086 5078 1150 5131; x_wconf 79' lang='grc' dir='ltr'>ὲκ</span> <span class='ocrx_word' id='word_1_657' title='bbox 1194 5078 1350 5150; x_wconf 75' lang='grc' dir='ltr'>ῥίζης</span> <span class='ocrx_word' id='word_1_658' title='bbox 1389 5081 1589 5137; x_wconf 79' lang='grc' dir='ltr'>Ἰεσσαὶ</span> <span class='ocrx_word' id='word_1_659' title='bbox 1616 5082 1651 5153; x_wconf 83' lang='grc' dir='ltr'><strong>ή</strong></span> <span class='ocrx_word' id='word_1_660' title='bbox 1681 5080 1824 5155; x_wconf 82' lang='grc' dir='ltr'>αὐτὴ</span> 
     </span>
    </p>
   </div>
   <div class='ocr_carea' id='block_1_97' title="bbox 225 5161 1826 5245">
    <p class='ocr_par' dir='ltr' id='par_1_97' title="bbox 225 5161 1826 5245">
     <span class='ocr_line' id='line_1_97' title="bbox 225 5161 1826 5245; baseline 0.008 -31"><span class='ocrx_word' id='word_1_661' title='bbox 225 5162 342 5235; x_wconf 76' lang='grc' dir='ltr'>χεὶρ</span> <span class='ocrx_word' id='word_1_662' title='bbox 361 5161 459 5217; x_wconf 82' lang='grc' dir='ltr'>τοῦ</span> <span class='ocrx_word' id='word_1_663' title='bbox 493 5163 731 5235; x_wconf 74' lang='grc' dir='ltr'>Κυρίου,</span> <span class='ocrx_word' id='word_1_664' title='bbox 760 5166 1076 5240; x_wconf 78' lang='grc' dir='ltr'>προσθήκην</span> <span class='ocrx_word' id='word_1_665' title='bbox 1098 5169 1320 5239; x_wconf 85' lang='grc' dir='ltr'>ἀγαθῶν</span> <span class='ocrx_word' id='word_1_666' title='bbox 1343 5173 1665 5245; x_wconf 78' lang='grc' dir='ltr'>ποιουμένη,</span> <span class='ocrx_word' id='word_1_667' title='bbox 1693 5175 1826 5239; x_wconf 80' lang='grc' dir='ltr'>τοὺς</span> 
     </span>
    </p>
   </div>
   <div class='ocr_carea' id='block_1_98' title="bbox 226 5251 1823 5338">
    <p class='ocr_par' dir='ltr' id='par_1_98' title="bbox 226 5251 1823 5338">
     <span class='ocr_line' id='line_1_98' title="bbox 226 5251 1823 5338; baseline 0.01 -31"><span class='ocrx_word' id='word_1_668' title='bbox 226 5251 560 5321; x_wconf 77' lang='grc' dir='ltr'>ἀποστόλους</span> <span class='ocrx_word' id='word_1_669' title='bbox 597 5254 698 5312; x_wconf 80' lang='grc' dir='ltr'>τοῦ</span> <span class='ocrx_word' id='word_1_670' title='bbox 727 5255 1000 5330; x_wconf 75' lang='grc' dir='ltr'>Σωτῆρος,</span> <span class='ocrx_word' id='word_1_671' title='bbox 1027 5265 1125 5317; x_wconf 72' lang='grc' dir='ltr'>καὶ</span> <span class='ocrx_word' id='word_1_672' title='bbox 1152 5265 1278 5328; x_wconf 87' lang='grc' dir='ltr'>τοὺς</span> <span class='ocrx_word' id='word_1_673' title='bbox 1305 5265 1550 5338; x_wconf 83' lang='grc' dir='ltr'>κήρυκας</span> <span class='ocrx_word' id='word_1_674' title='bbox 1587 5267 1683 5322; x_wconf 81' lang='grc' dir='ltr'><strong>τοῦ</strong></span> <span class='ocrx_word' id='word_1_675' title='bbox 1716 5284 1823 5322; x_wconf 89' lang='grc' dir='ltr'>σω-</span> 
     </span>
    </p>
   </div>
   <div class='ocr_carea' id='block_1_99' title="bbox 224 5347 1823 5425">
    <p class='ocr_par' dir='ltr' id='par_1_99' title="bbox 224 5347 1823 5425">
     <span class='ocr_line' id='line_1_99' title="bbox 224 5347 1823 5425; baseline 0.008 -23"><span class='ocrx_word' id='word_1_676' title='bbox 224 5347 411 5420; x_wconf 68' lang='lat' dir='ltr'><strong>ﬂlpr</strong></span> <span class='ocrx_word' id='word_1_677' title='bbox 439 5348 808 5420; x_wconf 81' lang='grc' dir='ltr'>Εὑαγγελίου,</span> <span class='ocrx_word' id='word_1_678' title='bbox 843 5351 1126 5418; x_wconf 87' lang='grc' dir='ltr'>Ἰουδαίους</span> <span class='ocrx_word' id='word_1_679' title='bbox 1159 5355 1321 5419; x_wconf 84' lang='grc' dir='ltr'>δντας</span> <span class='ocrx_word' id='word_1_680' title='bbox 1351 5359 1446 5412; x_wconf 74' lang='grc' dir='ltr'>καὶ</span> <span class='ocrx_word' id='word_1_681' title='bbox 1463 5357 1524 5425; x_wconf 69' lang='grc' dir='ltr'><strong>ἐξ</strong></span> <span class='ocrx_word' id='word_1_682' title='bbox 1550 5359 1823 5414; x_wconf 87' lang='grc' dir='ltr'>Ἰουδαίων</span> 
     </span>
    </p>
   </div>
   <div class='ocr_carea' id='block_1_100' title="bbox 225 5437 1822 5519">
    <p class='ocr_par' dir='ltr' id='par_1_100' title="bbox 225 5437 1822 5519">
     <span class='ocr_line' id='line_1_100' title="bbox 225 5437 1822 5519; baseline 0.008 -26"><span class='ocrx_word' id='word_1_683' title='bbox 225 5437 604 5514; x_wconf 71' lang='grc' dir='ltr'>ὁρμωμένους,</span> <span class='ocrx_word' id='word_1_684' title='bbox 654 5441 934 5508; x_wconf 66' lang='grc' dir='ltr'>ἑπιδόξους</span> <span class='ocrx_word' id='word_1_685' title='bbox 987 5445 1084 5500; x_wconf 78' lang='grc' dir='ltr'>καὶ</span> <span class='ocrx_word' id='word_1_686' title='bbox 1132 5445 1405 5519; x_wconf 74' lang='grc' dir='ltr'>ζηλωτοὺς</span> <span class='ocrx_word' id='word_1_687' title='bbox 1453 5453 1631 5506; x_wconf 63' lang='grc' dir='ltr'>ἐποίει</span> <span class='ocrx_word' id='word_1_688' title='bbox 1697 5452 1822 5506; x_wconf 78' lang='grc' dir='ltr'>καθ’</span> 
     </span>
    </p>
   </div>
   <div class='ocr_carea' id='block_1_101' title="bbox 223 5530 1823 5616">
    <p class='ocr_par' dir='ltr' id='par_1_101' title="bbox 223 5530 1823 5616">
     <span class='ocr_line' id='line_1_101' title="bbox 223 5530 1823 5616; baseline 0.007 -30"><span class='ocrx_word' id='word_1_689' title='bbox 223 5530 347 5606; x_wconf 82' lang='grc' dir='ltr'>δλης</span> <span class='ocrx_word' id='word_1_690' title='bbox 370 5534 475 5606; x_wconf 83' lang='grc' dir='ltr'>τῆς</span> <span class='ocrx_word' id='word_1_691' title='bbox 521 5534 879 5606; x_wconf 73' lang='grc' dir='ltr'>οἰκουμένης,</span> <span class='ocrx_word' id='word_1_692' title='bbox 922 5537 984 5591; x_wconf 75' lang='grc' dir='ltr'>οὐ</span> <span class='ocrx_word' id='word_1_693' title='bbox 1036 5538 1146 5610; x_wconf 72' lang='grc' dir='ltr'>μὴν</span> <span class='ocrx_word' id='word_1_694' title='bbox 1177 5538 1314 5610; x_wconf 73' lang='grc' dir='ltr'>ἀλλὰ</span> <span class='ocrx_word' id='word_1_695' title='bbox 1369 5543 1464 5597; x_wconf 77' lang='grc' dir='ltr'>καὶ</span> <span class='ocrx_word' id='word_1_696' title='bbox 1512 5544 1604 5598; x_wconf 67' lang='grc' dir='ltr'><strong>ἐπ’</strong></span> <span class='ocrx_word' id='word_1_697' title='bbox 1647 5544 1823 5616; x_wconf 81' lang='grc' dir='ltr'>αὐτῆς</span> 
     </span>
    </p>
   </div>
   <div class='ocr_carea' id='block_1_102' title="bbox 221 5625 1820 5708">
    <p class='ocr_par' dir='ltr' id='par_1_102' title="bbox 221 5625 1820 5708">
     <span class='ocr_line' id='line_1_102' title="bbox 221 5625 1820 5708; baseline 0.006 -28"><span class='ocrx_word' id='word_1_698' title='bbox 221 5625 518 5698; x_wconf 76' lang='grc' dir='ltr'>Αίγύπτου,</span> <span class='ocrx_word' id='word_1_699' title='bbox 562 5626 708 5681; x_wconf 69' lang='grc' dir='ltr'>ἔνθα</span> <span class='ocrx_word' id='word_1_700' title='bbox 732 5627 1009 5700; x_wconf 81' lang='grc' dir='ltr'>παρῄεσαν</span> <span class='ocrx_word' id='word_1_701' title='bbox 1034 5631 1348 5701; x_wconf 84' lang='grc' dir='ltr'>ἀκωλύτως,</span> <span class='ocrx_word' id='word_1_702' title='bbox 1392 5636 1622 5708; x_wconf 81' lang='grc' dir='ltr'>μηδενὸς</span> <span class='ocrx_word' id='word_1_703' title='bbox 1645 5638 1820 5708; x_wconf 64' lang='grc' dir='ltr'>ιμπο-</span> 
     </span>
    </p>
   </div>
   <div class='ocr_carea' id='block_1_103' title="bbox 214 5717 1821 5802">
    <p class='ocr_par' dir='ltr' id='par_1_103' title="bbox 214 5717 1821 5802">
     <span class='ocr_line' id='line_1_103' title="bbox 214 5717 1821 5802; baseline 0.006 -27"><span class='ocrx_word' id='word_1_704' title='bbox 214 5717 314 5775; x_wconf 68' lang='grc' dir='ltr'>διῖιν</span> <span class='ocrx_word' id='word_1_705' title='bbox 339 5722 532 5788; x_wconf 74' lang='grc' dir='ltr'>αὐτοῖς</span> <span class='ocrx_word' id='word_1_706' title='bbox 583 5719 880 5791; x_wconf 79' lang='grc' dir='ltr'>γινομένου</span> <span class='ocrx_word' id='word_1_707' title='bbox 900 5739 916 5754; x_wconf 75' lang='grc' dir='ltr'><strong>ο</strong></span> <span class='ocrx_word' id='word_1_708' title='bbox 968 5725 1064 5778; x_wconf 67' lang='lat' dir='ltr'><strong>zeal.</strong></span> <span class='ocrx_word' id='word_1_709' title='bbox 1110 5725 1331 5798; x_wconf 81' lang='grc' dir='ltr'>διῄεσαν</span> <span class='ocrx_word' id='word_1_710' title='bbox 1375 5730 1469 5784; x_wconf 68' lang='grc' dir='ltr'><strong>ἐπὶ</strong></span> <span class='ocrx_word' id='word_1_711' title='bbox 1500 5729 1821 5802; x_wconf 83' lang='grc' dir='ltr'>καθαιρέσει</span> 
     </span>
    </p>
   </div>
   <div class='ocr_carea' id='block_1_104' title="bbox 211 5810 1820 5894">
    <p class='ocr_par' dir='ltr' id='par_1_104' title="bbox 211 5810 1820 5894">
     <span class='ocr_line' id='line_1_104' title="bbox 211 5810 1820 5894; baseline 0.004 -25"><span class='ocrx_word' id='word_1_712' title='bbox 211 5813 307 5885; x_wconf 79' lang='grc' dir='ltr'>τῆς</span> <span class='ocrx_word' id='word_1_713' title='bbox 336 5810 749 5887; x_wconf 71' lang='grc' dir='ltr'>Αἰγυπτιακῆς</span> <span class='ocrx_word' id='word_1_714' title='bbox 791 5815 1249 5889; x_wconf 83' lang='grc' dir='ltr'>είδωλολατρείας.</span> <span class='ocrx_word' id='word_1_715' title='bbox 1311 5822 1420 5875; x_wconf 77' lang='grc' dir='ltr'><strong>Καὶ</strong></span> <span class='ocrx_word' id='word_1_716' title='bbox 1462 5823 1511 5876; x_wconf 92' lang='grc' dir='ltr'><strong>οί</strong></span> <span class='ocrx_word' id='word_1_717' title='bbox 1565 5821 1666 5894; x_wconf 85' lang='grc' dir='ltr'>μὲν</span> <span class='ocrx_word' id='word_1_718' title='bbox 1722 5823 1820 5876; x_wconf 69' lang='grc' dir='ltr'><strong>ἐπὶ</strong></span> 
     </span>
    </p>
   </div>
   <div class='ocr_carea' id='block_1_105' title="bbox 208 5904 1817 5988">
    <p class='ocr_par' dir='ltr' id='par_1_105' title="bbox 208 5904 1817 5988">
     <span class='ocr_line' id='line_1_105' title="bbox 208 5904 1817 5988; baseline 0.005 -27"><span class='ocrx_word' id='word_1_719' title='bbox 208 5905 485 5981; x_wconf 63' lang='lat' dir='ltr'><strong>metu;</strong></span> <span class='ocrx_word' id='word_1_720' title='bbox 540 5904 808 5978; x_wconf 59' lang='grc' dir='ltr'>ἐξῄεσαν,</span> <span class='ocrx_word' id='word_1_721' title='bbox 854 5906 1143 5978; x_wconf 78' lang='grc' dir='ltr'>φεύγοντες</span> <span class='ocrx_word' id='word_1_722' title='bbox 1195 5910 1284 5967; x_wconf 85' lang='grc' dir='ltr'>τὸν</span> <span class='ocrx_word' id='word_1_723' title='bbox 1309 5913 1505 5988; x_wconf 73' lang='grc' dir='ltr'>Φαραὼ</span> <span class='ocrx_word' id='word_1_724' title='bbox 1555 5915 1650 5969; x_wconf 73' lang='grc' dir='ltr'>καὶ</span> <span class='ocrx_word' id='word_1_725' title='bbox 1689 5914 1817 5980; x_wconf 79' lang='grc' dir='ltr'>τοὺς</span> 
     </span>
    </p>
   </div>
   <div class='ocr_carea' id='block_1_106' title="bbox 1934 4699 3525 4773">
    <p class='ocr_par' dir='ltr' id='par_1_106' title="bbox 1934 4699 3525 4773">
     <span class='ocr_line' id='line_1_106' title="bbox 1934 4699 3525 4773; baseline -0.004 -15"><span class='ocrx_word' id='word_1_726' title='bbox 1934 4705 2079 4758; x_wconf 79' lang='lat' dir='ltr'><strong>licat.</strong></span> <span class='ocrx_word' id='word_1_727' title='bbox 2108 4701 2248 4758; x_wconf 90' lang='lat' dir='ltr'><strong>Olim</strong></span> <span class='ocrx_word' id='word_1_728' title='bbox 2282 4702 2504 4772; x_wconf 91' lang='lat' dir='ltr'><strong>quidem</strong></span> <span class='ocrx_word' id='word_1_729' title='bbox 2539 4700 2742 4773; x_wconf 79' lang='lat' dir='ltr'><strong>Moysis</strong></span> <span class='ocrx_word' id='word_1_730' title='bbox 2790 4711 3032 4770; x_wconf 84' lang='lat' dir='ltr'><strong>tempore</strong></span> <span class='ocrx_word' id='word_1_731' title='bbox 3065 4715 3264 4754; x_wconf 88' lang='lat' dir='ltr'><strong>manus</strong></span> <span class='ocrx_word' id='word_1_732' title='bbox 3312 4699 3525 4753; x_wconf 87' lang='lat' dir='ltr'><strong>Domini</strong></span> 
     </span>
    </p>
   </div>
   <div class='ocr_carea' id='block_1_107' title="bbox 1935 4777 3525 4866">
    <p class='ocr_par' dir='ltr' id='par_1_107' title="bbox 1935 4777 3525 4866">
     <span class='ocr_line' id='line_1_107' title="bbox 1935 4777 3525 4866; baseline -0.002 -15"><span class='ocrx_word' id='word_1_733' title='bbox 1935 4799 2076 4853; x_wconf 79' lang='lat' dir='ltr'><strong>ﬁlios</strong></span> <span class='ocrx_word' id='word_1_734' title='bbox 2118 4797 2282 4852; x_wconf 90' lang='lat' dir='ltr'><strong>Israel</strong></span> <span class='ocrx_word' id='word_1_735' title='bbox 2313 4797 2507 4852; x_wconf 80' lang='lat' dir='ltr'><strong>eduxit</strong></span> <span class='ocrx_word' id='word_1_736' title='bbox 2537 4811 2603 4851; x_wconf 79' lang='lat' dir='ltr'><strong>ex</strong></span> <span class='ocrx_word' id='word_1_737' title='bbox 2645 4777 2908 4866; x_wconf 57' lang='lat' dir='ltr'><strong>Egypt&#39;o,</strong></span> <span class='ocrx_word' id='word_1_738' title='bbox 2947 4809 3044 4863; x_wconf 91' lang='lat' dir='ltr'><strong>per</strong></span> <span class='ocrx_word' id='word_1_739' title='bbox 3089 4809 3240 4849; x_wconf 80' lang='lat' dir='ltr'><strong>mare</strong></span> <span class='ocrx_word' id='word_1_740' title='bbox 3282 4791 3525 4848; x_wconf 79' lang='lat' dir='ltr'><strong>Rubrum</strong></span> 
     </span>
    </p>
   </div>
   <div class='ocr_carea' id='block_1_108' title="bbox 1932 4886 3526 4957">
    <p class='ocr_par' dir='ltr' id='par_1_108' title="bbox 1932 4886 3526 4957">
     <span class='ocr_line' id='line_1_108' title="bbox 1932 4886 3526 4957; baseline -0.001 -13"><span class='ocrx_word' id='word_1_741' title='bbox 1932 4892 2174 4946; x_wconf 78' lang='lat' dir='ltr'><strong>traisire</strong></span> <span class='ocrx_word' id='word_1_742' title='bbox 2207 4891 2354 4956; x_wconf 76' lang='lat' dir='ltr'><strong>fecit,</strong></span> <span class='ocrx_word' id='word_1_743' title='bbox 2388 4900 2445 4945; x_wconf 92' lang='lat' dir='ltr'><strong>et</strong></span> <span class='ocrx_word' id='word_1_744' title='bbox 2494 4891 2712 4945; x_wconf 80' lang='lat' dir='ltr'><strong>induxit</strong></span> <span class='ocrx_word' id='word_1_745' title='bbox 2762 4891 2813 4942; x_wconf 95' lang='lat' dir='ltr'><strong>iu</strong></span> <span class='ocrx_word' id='word_1_746' title='bbox 2861 4897 3067 4943; x_wconf 89' lang='lat' dir='ltr'><strong>terram</strong></span> <span class='ocrx_word' id='word_1_747' title='bbox 3119 4886 3526 4957; x_wconf 82' lang='lat' dir='ltr'><strong>promissionis,</strong></span> 
     </span>
    </p>
   </div>
   <div class='ocr_carea' id='block_1_109' title="bbox 1931 4980 3526 5056">
    <p class='ocr_par' dir='ltr' id='par_1_109' title="bbox 1931 4980 3526 5056">
     <span class='ocr_line' id='line_1_109' title="bbox 1931 4980 3526 5056; baseline -0.005 -16"><span class='ocrx_word' id='word_1_748' title='bbox 1931 5000 2052 5056; x_wconf 84' lang='lat' dir='ltr'><strong>quae</strong></span> <span class='ocrx_word' id='word_1_749' title='bbox 2083 4986 2232 5055; x_wconf 85' lang='lat' dir='ltr'><strong>prius</strong></span> <span class='ocrx_word' id='word_1_750' title='bbox 2269 4983 2664 5056; x_wconf 80' lang='lat' dir='ltr'><strong>allaphylorum</strong></span> <span class='ocrx_word' id='word_1_751' title='bbox 2689 4993 2827 5038; x_wconf 85' lang='lat' dir='ltr'><strong>erat.</strong></span> <span class='ocrx_word' id='word_1_752' title='bbox 2857 4980 3012 5037; x_wconf 82' lang='lat' dir='ltr'><strong>Nunc</strong></span> <span class='ocrx_word' id='word_1_753' title='bbox 3041 4989 3220 5035; x_wconf 89' lang='lat' dir='ltr'><strong>autem</strong></span> <span class='ocrx_word' id='word_1_754' title='bbox 3253 4995 3351 5050; x_wconf 90' lang='lat' dir='ltr'><strong>per</strong></span> <span class='ocrx_word' id='word_1_755' title='bbox 3377 4995 3526 5044; x_wconf 90' lang='lat' dir='ltr'><strong>eum,</strong></span> 
     </span>
    </p>
   </div>
   <div class='ocr_carea' id='block_1_110' title="bbox 1933 5074 3525 5150">
    <p class='ocr_par' dir='ltr' id='par_1_110' title="bbox 1933 5074 3525 5150">
     <span class='ocr_line' id='line_1_110' title="bbox 1933 5074 3525 5150; baseline -0.005 -18"><span class='ocrx_word' id='word_1_756' title='bbox 1933 5083 2026 5150; x_wconf 82' lang='lat' dir='ltr'><strong>qui</strong></span> <span class='ocrx_word' id='word_1_757' title='bbox 2066 5094 2133 5134; x_wconf 80' lang='lat' dir='ltr'><strong>ex</strong></span> <span class='ocrx_word' id='word_1_758' title='bbox 2163 5079 2349 5135; x_wconf 87' lang='lat' dir='ltr'><strong>radice</strong></span> <span class='ocrx_word' id='word_1_759' title='bbox 2394 5076 2564 5133; x_wconf 62' lang='lat' dir='ltr'><strong>Iesse</strong></span> <span class='ocrx_word' id='word_1_760' title='bbox 2605 5078 2838 5148; x_wconf 91' lang='lat' dir='ltr'><strong>prodiit,</strong></span> <span class='ocrx_word' id='word_1_761' title='bbox 2888 5077 3003 5147; x_wconf 89' lang='lat' dir='ltr'><strong>ipsa</strong></span> <span class='ocrx_word' id='word_1_762' title='bbox 3045 5074 3260 5129; x_wconf 88' lang='lat' dir='ltr'><strong>Domini</strong></span> <span class='ocrx_word' id='word_1_763' title='bbox 3310 5088 3525 5138; x_wconf 83' lang='lat' dir='ltr'><strong>manus,</strong></span> 
     </span>
    </p>
   </div>
   <div class='ocr_carea' id='block_1_111' title="bbox 1935 5165 3522 5238">
    <p class='ocr_par' dir='ltr' id='par_1_111' title="bbox 1935 5165 3522 5238">
     <span class='ocr_line' id='line_1_111' title="bbox 1935 5165 3522 5238; baseline -0.007 -10"><span class='ocrx_word' id='word_1_764' title='bbox 1935 5174 2201 5228; x_wconf 91' lang='lat' dir='ltr'><strong>bonorum</strong></span> <span class='ocrx_word' id='word_1_765' title='bbox 2223 5172 2592 5228; x_wconf 86' lang='lat' dir='ltr'><strong>accessionem</strong></span> <span class='ocrx_word' id='word_1_766' title='bbox 2620 5170 2878 5235; x_wconf 77' lang='lat' dir='ltr'><strong>aﬂ&#39;erens,</strong></span> <span class='ocrx_word' id='word_1_767' title='bbox 2902 5167 3176 5238; x_wconf 83' lang='lat' dir='ltr'><strong>apostolos</strong></span> <span class='ocrx_word' id='word_1_768' title='bbox 3201 5165 3522 5227; x_wconf 80' lang='lat' dir='ltr'><strong>Salvatoris,</strong></span> 
     </span>
    </p>
   </div>
   <div class='ocr_carea' id='block_1_112' title="bbox 1932 5255 3527 5332">
    <p class='ocr_par' dir='ltr' id='par_1_112' title="bbox 1932 5255 3527 5332">
     <span class='ocr_line' id='line_1_112' title="bbox 1932 5255 3527 5332; baseline -0.008 -12"><span class='ocrx_word' id='word_1_769' title='bbox 1932 5269 1988 5320; x_wconf 86' lang='lat' dir='ltr'><strong>et</strong></span> <span class='ocrx_word' id='word_1_770' title='bbox 2019 5264 2275 5318; x_wconf 77' lang='lat' dir='ltr'><strong>salutaris</strong></span> <span class='ocrx_word' id='word_1_771' title='bbox 2306 5262 2587 5332; x_wconf 79' lang='lat' dir='ltr'><strong>Evangelii</strong></span> <span class='ocrx_word' id='word_1_772' title='bbox 2619 5274 2900 5331; x_wconf 74' lang='lat' dir='ltr'><strong>praecones</strong></span> <span class='ocrx_word' id='word_1_773' title='bbox 2935 5259 3193 5329; x_wconf 87' lang='lat' dir='ltr'><strong>ipsosque</strong></span> <span class='ocrx_word' id='word_1_774' title='bbox 3222 5255 3438 5312; x_wconf 69' lang='lat' dir='ltr'><strong>Judaeos</strong></span> <span class='ocrx_word' id='word_1_775' title='bbox 3470 5265 3527 5308; x_wconf 73' lang='grc' dir='ltr'><strong>ιιι</strong></span> 
     </span>
    </p>
   </div>
   <div class='ocr_carea' id='block_1_113' title="bbox 1931 5348 3524 5426">
    <p class='ocr_par' dir='ltr' id='par_1_113' title="bbox 1931 5348 3524 5426">
     <span class='ocr_line' id='line_1_113' title="bbox 1931 5348 3524 5426; baseline -0.008 -14"><span class='ocrx_word' id='word_1_776' title='bbox 1931 5373 1997 5412; x_wconf 79' lang='lat' dir='ltr'><strong>ex</strong></span> <span class='ocrx_word' id='word_1_777' title='bbox 2028 5353 2230 5412; x_wconf 67' lang='lat' dir='ltr'><strong>Judaeis</strong></span> <span class='ocrx_word' id='word_1_778' title='bbox 2257 5353 2554 5426; x_wconf 80' lang='lat' dir='ltr'><strong>profectos,</strong></span> <span class='ocrx_word' id='word_1_779' title='bbox 2582 5353 2847 5424; x_wconf 81' lang='lat' dir='ltr'><strong>gloriosos</strong></span> <span class='ocrx_word' id='word_1_780' title='bbox 2867 5359 2921 5406; x_wconf 92' lang='lat' dir='ltr'><strong>et</strong></span> <span class='ocrx_word' id='word_1_781' title='bbox 2951 5349 3300 5406; x_wconf 66' lang='lat' dir='ltr'><strong>amulatione</strong></span> <span class='ocrx_word' id='word_1_782' title='bbox 3326 5348 3524 5416; x_wconf 74' lang='lat' dir='ltr'><strong>dignos</strong></span> 
     </span>
    </p>
   </div>
   <div class='ocr_carea' id='block_1_114' title="bbox 1933 5438 3525 5522">
    <p class='ocr_par' dir='ltr' id='par_1_114' title="bbox 1933 5438 3525 5522">
     <span class='ocr_line' id='line_1_114' title="bbox 1933 5438 3525 5522; baseline -0.008 -17"><span class='ocrx_word' id='word_1_783' title='bbox 1933 5465 2030 5522; x_wconf 90' lang='lat' dir='ltr'><strong>per</strong></span> <span class='ocrx_word' id='word_1_784' title='bbox 2074 5460 2245 5504; x_wconf 87' lang='lat' dir='ltr'><strong>totum</strong></span> <span class='ocrx_word' id='word_1_785' title='bbox 2284 5445 2725 5522; x_wconf 56' lang='lat' dir='ltr'><strong>orbem.ell&#39;ecit;</strong></span> <span class='ocrx_word' id='word_1_786' title='bbox 2769 5445 2878 5498; x_wconf 90' lang='lat' dir='ltr'><strong>imo</strong></span> <span class='ocrx_word' id='word_1_787' title='bbox 2905 5442 3069 5498; x_wconf 90' lang='lat' dir='ltr'><strong>etiam</strong></span> <span class='ocrx_word' id='word_1_788' title='bbox 3103 5442 3156 5496; x_wconf 88' lang='lat' dir='ltr'><strong>iu</strong></span> <span class='ocrx_word' id='word_1_789' title='bbox 3196 5439 3313 5510; x_wconf 90' lang='lat' dir='ltr'><strong>ipsa</strong></span> <span class='ocrx_word' id='word_1_790' title='bbox 3355 5438 3525 5510; x_wconf 64' lang='lat' dir='ltr'><strong>Egy-</strong></span> 
     </span>
    </p>
   </div>
   <div class='ocr_carea' id='block_1_115' title="bbox 1932 5532 3517 5615">
    <p class='ocr_par' dir='ltr' id='par_1_115' title="bbox 1932 5532 3517 5615">
     <span class='ocr_line' id='line_1_115' title="bbox 1932 5532 3517 5615; baseline -0.009 -17"><span class='ocrx_word' id='word_1_791' title='bbox 1932 5555 2049 5615; x_wconf 84' lang='lat' dir='ltr'><strong>pto,</strong></span> <span class='ocrx_word' id='word_1_792' title='bbox 2076 5557 2185 5611; x_wconf 91' lang='lat' dir='ltr'><strong>quo</strong></span> <span class='ocrx_word' id='word_1_793' title='bbox 2219 5540 2391 5595; x_wconf 89' lang='lat' dir='ltr'><strong>libere</strong></span> <span class='ocrx_word' id='word_1_794' title='bbox 2421 5539 2523 5604; x_wconf 91' lang='lat' dir='ltr'><strong>illi,</strong></span> <span class='ocrx_word' id='word_1_795' title='bbox 2553 5539 2772 5593; x_wconf 88' lang='lat' dir='ltr'><strong>nemine</strong></span> <span class='ocrx_word' id='word_1_796' title='bbox 2811 5537 3088 5599; x_wconf 84' lang='lat' dir='ltr'><strong>obstante,</strong></span> <span class='ocrx_word' id='word_1_797' title='bbox 3119 5532 3481 5603; x_wconf 87' lang='lat' dir='ltr'><strong>peragrabaut</strong></span> <span class='ocrx_word' id='word_1_798' title='bbox 3500 5569 3517 5594; x_wconf 91' lang='lat'><strong>,</strong></span> 
     </span>
    </p>
   </div>
   <div class='ocr_carea' id='block_1_116' title="bbox 1934 5622 3522 5706">
    <p class='ocr_par' dir='ltr' id='par_1_116' title="bbox 1934 5622 3522 5706">
     <span class='ocr_line' id='line_1_116' title="bbox 1934 5622 3522 5706; baseline -0.009 -16"><span class='ocrx_word' id='word_1_799' title='bbox 1934 5645 1989 5690; x_wconf 88' lang='lat' dir='ltr'><strong>et</strong></span> <span class='ocrx_word' id='word_1_800' title='bbox 2038 5634 2106 5690; x_wconf 89' lang='lat' dir='ltr'><strong>ad</strong></span> <span class='ocrx_word' id='word_1_801' title='bbox 2154 5632 2532 5706; x_wconf 63' lang='lat' dir='ltr'><strong>[Egyptiacam</strong></span> <span class='ocrx_word' id='word_1_802' title='bbox 2575 5628 2939 5687; x_wconf 88' lang='lat' dir='ltr'><strong>idololatriam</strong></span> <span class='ocrx_word' id='word_1_803' title='bbox 2987 5627 3340 5683; x_wconf 78' lang='lat' dir='ltr'><strong>evertendam</strong></span> <span class='ocrx_word' id='word_1_804' title='bbox 3375 5622 3522 5677; x_wconf 90' lang='lat' dir='ltr'><strong>ultro</strong></span> 
     </span>
    </p>
   </div>
   <div class='ocr_carea' id='block_1_117' title="bbox 1931 5719 3520 5803">
    <p class='ocr_par' dir='ltr' id='par_1_117' title="bbox 1931 5719 3520 5803">
     <span class='ocr_line' id='line_1_117' title="bbox 1931 5719 3520 5803; baseline -0.013 -14"><span class='ocrx_word' id='word_1_805' title='bbox 1931 5735 2181 5803; x_wconf 90' lang='lat' dir='ltr'><strong>citroque</strong></span> <span class='ocrx_word' id='word_1_806' title='bbox 2231 5731 2605 5803; x_wconf 80' lang='lat' dir='ltr'><strong>permeabant.</strong></span> <span class='ocrx_word' id='word_1_807' title='bbox 2633 5729 2710 5782; x_wconf 82' lang='lat' dir='ltr'><strong>Ac</strong></span> <span class='ocrx_word' id='word_1_808' title='bbox 2758 5724 2835 5780; x_wconf 90' lang='lat' dir='ltr'><strong>illi</strong></span> <span class='ocrx_word' id='word_1_809' title='bbox 2869 5726 3088 5794; x_wconf 81' lang='lat' dir='ltr'><strong>quidem</strong></span> <span class='ocrx_word' id='word_1_810' title='bbox 3127 5719 3327 5790; x_wconf 73' lang='lat' dir='ltr'><strong>Moysts</strong></span> <span class='ocrx_word' id='word_1_811' title='bbox 3374 5726 3520 5771; x_wconf 91' lang='lat' dir='ltr'><strong>tem-</strong></span> 
     </span>
    </p>
   </div>
   <div class='ocr_carea' id='block_1_118' title="bbox 1930 5810 3518 5896">
    <p class='ocr_par' dir='ltr' id='par_1_118' title="bbox 1930 5810 3518 5896">
     <span class='ocr_line' id='line_1_118' title="bbox 1930 5810 3518 5896; baseline -0.009 -18"><span class='ocrx_word' id='word_1_812' title='bbox 1930 5838 2086 5896; x_wconf 89' lang='lat' dir='ltr'><strong>pore,</strong></span> <span class='ocrx_word' id='word_1_813' title='bbox 2123 5822 2391 5891; x_wconf 77' lang='lat' dir='ltr'><strong>fugientes</strong></span> <span class='ocrx_word' id='word_1_814' title='bbox 2430 5817 2773 5873; x_wconf 88' lang='lat' dir='ltr'><strong>Pharaonem</strong></span> <span class='ocrx_word' id='word_1_815' title='bbox 2803 5825 2858 5871; x_wconf 89' lang='lat' dir='ltr'><strong>et</strong></span> <span class='ocrx_word' id='word_1_816' title='bbox 2885 5812 3198 5885; x_wconf 65' lang='lat' dir='ltr'><strong>Egyptios,</strong></span> <span class='ocrx_word' id='word_1_817' title='bbox 3227 5810 3518 5874; x_wconf 81' lang='lat' dir='ltr'><strong>exierunt;</strong></span> 
     </span>
    </p>
   </div>
   <div class='ocr_carea' id='block_1_119' title="bbox 1932 5899 3514 5990">
    <p class='ocr_par' dir='ltr' id='par_1_119' title="bbox 1932 5899 3514 5990">
     <span class='ocr_line' id='line_1_119' title="bbox 1932 5899 3514 5990; baseline -0.015 -15"><span class='ocrx_word' id='word_1_818' title='bbox 1932 5913 2188 5990; x_wconf 80' lang='lat' dir='ltr'><strong>discipuli</strong></span> <span class='ocrx_word' id='word_1_819' title='bbox 2230 5922 2412 5971; x_wconf 78' lang='lat' dir='ltr'><strong>autem</strong></span> <span class='ocrx_word' id='word_1_820' title='bbox 2447 5909 2653 5968; x_wconf 78' lang='lat' dir='ltr'><strong>Christi</strong></span> <span class='ocrx_word' id='word_1_821' title='bbox 2692 5906 2923 5980; x_wconf 85' lang='lat' dir='ltr'><strong>ingressi</strong></span> <span class='ocrx_word' id='word_1_822' title='bbox 2955 5915 3081 5963; x_wconf 84' lang='lat' dir='ltr'><strong>sunt</strong></span> <span class='ocrx_word' id='word_1_823' title='bbox 3118 5905 3173 5960; x_wconf 91' lang='lat' dir='ltr'><strong>in</strong></span> <span class='ocrx_word' id='word_1_824' title='bbox 3222 5899 3514 5971; x_wconf 65' lang='lat' dir='ltr'><strong>Egyptum</strong></span> 
     </span>
    </p>
   </div>
  </div>
