4100 6438
594 363 697 420 479

1257 360 1527 419 EUSEBII
1564 362 2043 421 CESARIENSIS
2082 362 2228 420 OPP.
2271 362 2452 419 PARS
2490 361 2574 418 Ill.
2614 392 2687 404 —-
2720 356 3131 417 EXEGETICA.

3742 359 3846 414 "0

591 479 870 549 spontanei
920 479 1176 536 salutaris
1212 480 1364 535 verbi
1407 496 1702 552 prazcones.
1752 482 1863 540 lllis
1916 494 2142 555 tempore

2262 480 2620 549 Αἰγυπτίους·
2659 478 2710 532 οἱ
2761 478 2818 531 δέ
2873 472 3112 548 Χριστοῦ
3169 471 3408 545 μαθηταί
3456 470 3713 543 εἰσῄεσαν
3762 475 3843 536 εἰς

588 571 789 641 Moysis
849 586 1001 627 mare
1064 570 1249 626 seosili
1307 587 1455 627 more
1498 573 1785 640 divisum,
1833 591 1971 646 aqua
2026 592 2152 633 vero

585 660 827 731 λεπριῆ
872 661 1109 717 ﬂuminis
1140 662 1192 717 in
1239 664 1549 733 sanguinem
1582 674 1786 718 mutata
1826 676 1938 732 est;
1972 675 2025 719 at
2060 668 2152 721 bo-

588 772 779 811 norum
810 756 1047 811 accessio
1074 758 1384 811 memoratis
1428 758 1770 825 temporibus
1816 756 1980 823 facta,
2017 760 2149 813 mari

585 850 800 918 quidem
831 848 1082 920 Egyptio
1113 849 1493 913 vastationem,
1539 848 1742 904 ﬂumini
1792 867 1919 906 vero
1962 868 2149 907 eorum

584 951 883 994 extremam
932 941 1230 995 siccitatem
1282 941 1545 1007 minatur;
1582 952 1639 995 ut
1685 944 1959 1011 Evangelii
2011 960 2150 1012 prae-

584 1046 745 1088 cones
790 1032 937 1087 nullo
987 1033 1144 1087 obice
1190 1032 1573 1103 Egyptiornm
1614 1038 1864 1107 regiones
1914 1039 2148 1091 circnm-

583 1135 735 1192 eant,
765 1139 827 1180 ac
871 1124 1159 1179 multorum
1194 1128 1405 1195 quidem
1444 1129 1668 1183 deorum
1710 1132 2148 1199 superstitionem

580 1225 856 1281 evertant;
889 1216 982 1270 Dei
1016 1224 1197 1269 autem
1226 1218 1315 1285 qui
1344 1233 1505 1287 supra
1529 1220 1707 1273 omnia
1736 1231 1840 1284 est,
1868 1231 1921 1276 et
1949 1220 2148 1276 Christi

581 1305 700 1373 ejus
724 1322 790 1360 ex
832 1306 1016 1363 radice
1044 1306 1208 1361 Jessae
1238 1310 1575 1378 prodeuntis,
1618 1312 1865 1366 notitiam
1912 1314 2146 1368 tradant.

580 1399 989 1453 Observandum
1032 1408 1209 1453 autem
1258 1411 1340 1455 est
1376 1416 1482 1471 quo
1522 1412 1680 1471 pacto
1729 1419 1833 1457 non
1876 1404 2145 1473 regionem

579 1491 824 1563 Egypti,
863 1494 956 1547 sed
987 1510 1133 1548 mare
1180 1502 1488 1549 vastaturus
1534 1511 1657 1550 esse
1709 1496 1971 1552 Dominus
1998 1499 2146 1553 dica-

584 1594 689 1645 tur,
721 1587 999 1653 Scriptura
1029 1587 1299 1654 copiosam
1335 1586 1654 1641 idololatriae
1694 1591 2013 1645 varietatem
2067 1592 2149 1646 his

580 1676 870 1731 indicante.
905 1676 1008 1730 Pro
1054 1677 1144 1731 illo
1175 1687 1379 1741 autem,
1426 1697 1443 1730 r
1478 1678 1757 1733 Desertum
1796 1680 1957 1735 laoiet
2007 1681 2145 1735 Deus

581 1781 731 1823 mare
756 1767 1003 1838 Egypti;
1030 1788 1049 1820 ι
1088 1779 1197 1823 tres
1224 1769 1316 1823 alii
1352 1770 1602 1825 similiter
1626 1770 1963 1833 interpretati
1993 1782 2138 1838 sunt,

2259 575 2529 642 Αἰγυπτον
2568 570 2856 641 αὐτόμολοι
2904 568 3146 639 κήρυκες
3199 565 3291 619 τοῦ
3337 567 3607 638 σωτηρίου
3648 567 3833 635 λόγου.

2268 666 2379 717 Καὶ
2400 666 2511 726 τοῖς
2543 661 2642 731 μὲν
2661 662 2753 714 ἐπὶ
2769 657 3044 719 Μωῦσέως
3060 655 3287 728 διῄρητο
3318 660 3351 729 ἡ
3378 657 3624 712 θάλασσα
3648 658 3844 727 αἰσθη-

2256 755 2362 820 τῶς
2381 773 2392 787 ·
2425 756 2485 809 τὸ
2504 755 2560 808 δὲ
2591 754 2735 825 ὕδωρ
2749 754 2844 806 τοῦ
2875 752 3173 821 Αἰγυπτίου
3205 752 3449 823 ποταμοῦ
3484 751 3843 824 μετεϐάλλετο

2253 850 2333 913 εἰς
2365 841 2503 919 αἷμα
2521 863 2535 877 ο
2562 847 2595 918 ἡ
2620 846 2677 899 δὲ
2700 846 2808 898 τῶν
2833 844 3050 913 ἀγαθῶν
3078 843 3362 916 προσθήκη
3394 845 3486 898 ἐπὶ
3509 844 3618 897 τῶν
3645 843 3840 913 δηλου-

2255 942 2435 1012 μένων
2470 938 2676 1011 χρόνων
2710 941 2775 1009 τῇ
2813 939 2911 1009 μὲν
2948 937 3190 1009 θαλάσσῃ
3231 937 3468 1007 ἐρημίαν
3509 935 3723 989 ἀπειλεί
3769 939 3838 1007 τῇ

2254 1032 2544 1103 Αἰγυπτίᾳ,
2578 1030 2657 1102 τῷ
2703 1032 2759 1084 δὲ
2816 1030 3046 1102 ποταμῷ
3082 1029 3260 1083 αὐτῶν
3305 1029 3541 1099 παντελῆ
3571 1028 3835 1097 ἔκλειψιν,

2256 1127 2395 1199 πρὸς
2428 1126 2489 1179 τὸ
2518 1125 2638 1196 δίχα
2669 1124 2813 1187 τινὸς
2846 1122 3169 1194 κωλύματος
3214 1120 3309 1174 τοῦ
3351 1123 3621 1193 σωτηρίου
3653 1121 3838 1188 Εὐαγ-

2254 1219 2435 1289 γελίου
2485 1218 2731 1288 κήρυκας
2778 1214 3083 1286 περιελθεῖν
3134 1215 3235 1277 τὰς
3280 1214 3595 1282 Αἰγυπτίων
3627 1211 3839 1283 χώρας,

2252 1309 2347 1362 καὶ
2375 1306 2684 1378 ἀνατροπὴν
2721 1307 2819 1377 μὲν
2845 1306 2944 1375 τῆς
2978 1304 3239 1360 πολυθέου
3286 1303 3465 1358 αὐτῶν
3502 1305 3836 1374 δεισιδαιμο-

2250 1401 2371 1463 νίας
2415 1396 2775 1470 ἐργάσασθαι,
2817 1396 2913 1451 τοῦ
2940 1397 3118 1449 δὲέπί
3171 1396 3387 1449 πάντων
3433 1396 3568 1449 Θεοῦ
3600 1396 3693 1449 καὶ
3738 1395 3838 1449 τοῦ

2250 1492 2485 1564 Χριστοῦ
2506 1490 2690 1554 αὐτοῦ,
2713 1490 2805 1542 τοῦ
2827 1492 2891 1543 ἐκ
2922 1489 3288 1559 ρίζηςἹεσσαί
3316 1488 3689 1559 προελθόντος,
3722 1507 3801 1543 πα

2253 1584 2500 1654 ραδοῦναι
2548 1582 2644 1653 τὴν
2676 1580 2895 1649 γνῶσιν.
2951 1579 3267 1651 Θεωρητέον
3311 1579 3369 1633 δὲ
3406 1581 3554 1645 ὅπως
3610 1581 3670 1634 οὐ
3727 1581 3829 1650 τὴν

2248 1675 2432 1749 χώραν
2464 1674 2761 1743 Αἰγύπτου.
2796 1672 2933 1737 ἀλλά
2971 1674 3070 1744 τὴν
3100 1672 3374 1727 θάλασσαν
3406 1673 3576 1743 αὐτῆς
3606 1674 3830 1742 λέγεται

2247 1771 2276 1821 ὁ
2322 1769 2525 1840 Κύριος
2573 1766 2903 1839 ἐρημώσειν,
2936 1765 3026 1819 τοῦ
3075 1765 3175 1835 τῆς
3222 1765 3666 1837 εἰδωλολατρείας
3700 1766 3837 1839 πλή-

583 1859 701 1913 «Et
771 1860 1244 1915 anathematizauit
1314 1862 1579 1917 Dominus
1666 1863 1923 1933 linguam
1981 1865 2142 1920 maris

2248 1860 2373 1923 θους
2396 1838 2535 1913 οὕτω
2565 1838 2913 1929 δηλουμένου.
2956 1857 3099 1910 Ἀντί
3139 1857 3321 1927 μέντοι
3350 1857 3469 1921 τοῦ,
3509 1875 3528 1908 ι
3578 1838 3835 1929 Ἐρημώὲ

580 1954 824 2027 ὧεγρῑὶ.
853 1975 871 2006 ι
924 1953 978 2009 Si
1028 1956 1207 2025 itaque
1261 1956 1479 2010 malitia:
1522 1955 1681 2024 hujus
1725 1961 1850 2012 vitae
1893 1958 2148 2014 colluvies

580 2049 719 2102 mari
751 2057 1112 2118 comparatur,
1137 2048 1257 2102 vide
1287 2063 1467 2101 annon
1498 2051 1691 2105 merito
1725 2052 2008 2103 atheorum
2047 2053 2149 2105 im-

577 2142 901 2213 piorumque
940 2140 1210 2194 hominum
1240 2140 1475 2209 linguam
1507 2142 1596 2210 qui
1627 2141 1754 2195 olim
1790 2142 1955 2195 Deum
1995 2144 2147 2212 igno—

578 2235 795 2300 rabant,
825 2242 881 2286 ut
910 2234 988 2288 sic
1022 2234 1232 2289 Pharao
1264 2234 1594 2299 declarabat,
1625 2254 1643 2285 ι
1674 2235 1787 2290 Non
1814 2236 1933 2289 novi
1966 2236 2141 2289 Domi-

578 2342 726 2391 num,
753 2335 805 2380 et
846 2323 1007 2380 Israel
1060 2341 1163 2378 non
1210 2326 1502 2389 dimittam,
1536 2345 1554 2377 ι
1595 2327 2147 2381 anathematizatnrus

578 2421 835 2474 Dominus
858 2433 980 2475 esse
1010 2420 1218 2473 dicatur
1239 2419 1530 2473 secundum
1559 2428 1666 2472 tres
1698 2419 2053 2487 interpretes;
2088 2430 2144 2473 ut

576 2525 643 2563 ne
672 2509 809 2563 ultra
857 2507 1173 2579 Egyptiaca
1222 2508 1400 2577 lingua
1456 2508 1855 2565 superstitionis
1900 2525 2141 2565 errorem

575 2598 993 2664 conﬁrmarent;
1026 2599 1119 2653 sed
1167 2598 1375 2666 eloquia
1416 2598 1504 2652 Dei
1560 2600 1824 2666 proferre,
1869 2616 1932 2654 ac
1956 2600 2144 2669 jnrare

576 2692 631 2745 in
666 2692 881 2745 nomine
926 2691 1134 2745 Domini
1183 2689 1417 2745 Sahaoth
1463 2690 1786 2757 ediscerent,
1821 2695 1962 2764 quod
1997 2694 2144 2749 l‘utu-

572 2801 691 2839 rum
721 2799 842 2839 esse
878 2785 931 2838 in
967 2785 1316 2854 sequentibus
1346 2800 1525 2838 sermo
1558 2786 1820 2839 declarat.
1850 2787 1939 2840 Sic
1982 2803 2144 2856 porro

572 2878 1030 2930 anathematizata
1098 2886 1183 2930 est
1235 2876 1537 2947 Egyptiaci
1594 2884 1758 2933 maris
1822 2880 2038 2947 lingua,
2088 2890 2144 2935 ut

572 2967 958 3036 malignorum,
988 2983 1124 3036 quos
1164 2969 1241 3022 illi
1275 2970 1547 3034 colebant,
1581 2971 1878 3025 daemonum
1901 2973 2141 3027 .oracula

572 3060 793 3131 penitus
827 3062 1087 3125 silerent,
1134 3062 1618 3130 divinationesque,
1659 3078 1723 3119 ac
1774 3064 1930 3120 maia:
1975 3078 2138 3130 artes,

2250 1968 2329 2003 σει
2364 1951 2566 2023 Κύριος
2595 1951 2692 2021 τὴν
2714 1950 2985 2004 θάλασσαν
3003 1947 3303 2017 Αἰγύπτου,
3330 1968 3347 1999 ι
3367 1950 3415 2001 οἰ
3440 1952 3589 2021 τρεῖς
3610 1949 3832 2020 συμφὼ-

2246 2060 2351 2106 νως
2377 2042 2547 2105 οὕτως
2576 2043 2929 2113 ἡρμήνευσαν
2948 2057 2961 2071 ’
3002 2058 3021 2091 ι
3056 2040 3165 2092 Ka‘t
3194 2039 3581 2113 ἀναθεματίσει
3626 2042 3833 2109 Κύριος

2244 2133 2343 2203 τὴν
2395 2134 2643 2202 γλῶσσαν
2692 2132 2965 2202 θαλάσσης
3022 2130 3325 2199 Αἰγύπτου.
3380 2149 3398 2184 ι
3445 2132 3509 2185 Εἰ
3534 2132 3718 2186 τοίνυν
3761 2133 3834 2187 τὰ

2246 2224 2426 2295 πλήθη
2456 2226 2555 2295 τῆς
2598 2226 2797 2287 κακίας
2825 2224 2919 2277 τοῦ
2956 2224 3072 2295 βίου
3124 2224 3367 2296 θαλάσσῃ
3413 2225 3833 2297 παρεικάζεται,

2245 2317 2345 2387 ὅρα
2396 2318 2445 2368 εί
2490 2317 2729 2384 εὐλόγως
2752 2316 2849 2386 τὴν
2902 2316 3009 2369 τῶν
3040 2316 3213 2371 ἀθέων
3244 2318 3336 2370 καὶ
3369 2314 3582 2370 ἀσεϐῶν
3620 2317 3835 2389 ἀνδρῶν

2244 2409 2516 2477 γλῶσσαν,
2543 2408 2650 2460 τῶν
2681 2408 2848 2462 πάλαι
2869 2409 2959 2461 τὸν
2984 2410 3117 2463 Θεὸν
3146 2409 3504 2478 ἀγνοούντων,
3530 2411 3605 2475 ὡς
3638 2410 3832 2482 ἐδήλου

2242 2502 2416 2569 λέγων
2448 2501 2476 2552 ὁ
2526 2499 2745 2572 Φαραὼ,
2800 2518 2819 2551 ι
2859 2501 2973 2555 Οὐκ
3023 2499 3140 2558 οἶδα
3194 2504 3285 2556 τὸν
3320 2504 3546 2576 Κύριον,
3602 2501 3833 2555 καὶτὸν

2256 2594 2470 2667 Ἰσραὴλ
2495 2596 2596 2649 οὐκ
2629 2596 2991 2662 ἐξαποστελῶ,
3036 2617 3054 2649 ι
3072 2598 3492 2669 ἀναθεματίσειν
3516 2598 3607 2652 τὸν
3625 2597 3835 2669 Κύρων

2242 2688 2461 2754 λέγεται
2515 2687 2657 2741 κατὰ
2702 2688 2832 2751 τοὺς
2879 2692 3029 2761 τρεῖς
3071 2690 3441 2761 ἐρμηνευτάς·
3496 2691 3584 2744 ἶνα
3632 2691 3832 2761 μηκέτι

2242 2777 2462 2851 γλώσσῃ
2485 2780 2552 2849 τῇ
2576 2778 2851 2850 Αἰγυπτίᾳ
2869 2778 2966 2850 τὴν
2992 2779 3356 2851 δεισιδαίμονα
3385 2779 3591 2851 πλάνην
3626 2778 3835 2851 κρατύ-

2242 2884 2394 2931 νωσι,
2414 2867 2625 2936 μάθωσι
2649 2868 2703 2921 δέ
2729 2868 2910 2923 λαλεῖν
2932 2870 2999 2923 τά
3020 2869 3116 2924 τοῦ
3136 2870 3269 2925 Θεοῦ
3300 2872 3477 2941 λόγια,
3493 2873 3585 2925 καὶ
3608 2871 3835 2943 ὀμνύειν

2243 2962 2300 3013 ἐν
2333 2958 2411 3029 τῷ
2437 2960 2657 3030 ὀνόματι
2685 2962 2903 3033 Κυρίου
2934 2962 3160 3016 Σαϐαὼθ
3184 2981 3197 2995 ⁸
3233 2964 3262 3017 ὃ
3292 2964 3355 3035 δὴ
3384 2964 3587 3037 προῖὼν
3618 2966 3647 3017 ὁ
3673 2964 3833 3033 λόγος

2243 3050 2461 3105 ἔσεσθαι
2485 3052 2749 3117 θεσπίζει.
2781 3052 2938 3107 Οὕτω
2966 3054 3023 3106 δὲ
3051 3055 3543 3127 ἀνατεθεμάτισται
3580 3056 3683 3127 τῆς
3734 3059 3832 3110 Αί-

574 3168 713 3221 quas
767 3156 1225 3225 praestigiatorum
1281 3171 1443 3223 opera
1498 3157 1863 3217 exercebant.
1921 3173 2142 3225 prorsus

2245 3143 2511 3225 γυπτίας.
2534 3142 2809 3214 θαλάσσης
2848 3147 2880 3215 ἡ
2916 3144 3156 3213 γλῶσσα,
3187 3146 3264 3209 ὼς
3304 3145 3684 3216 ἀποσιωπῆσαι
3719 3147 3831 3201 τῶν

573 3254 854 3299 cessarent
882 3263 896 3299 :
926 3261 1044 3314 qum
1075 3247 1253 3300 omnia
1286 3248 1501 3315 impleta
1553 3259 1677 3303 sunt
1710 3260 1830 3317 post
1876 3251 2138 3317 praedica-

572 3335 771 3389 tionem
822 3336 1189 3406 evangelicam
1248 3337 1515 3409 Egyptiis
1562 3340 1781 3398 lactant.
1837 3343 1961 3397 Inde
2010 3358 2139 3398 vero

568 3428 732 3482 etiam
784 3444 949 3496 penes
984 3444 1081 3483 nos
1133 3440 1243 3483 tota
1299 3446 1508 3494 eorum,
1555 3432 1645 3500 qui
1680 3434 1820 3503 apud
1855 3433 2138 3505 Egyptios

569 3520 643 3573 dii
698 3522 1168 3588 existimabantur,
1219 3524 1487 3577 exstincta
1553 3526 1728 3580 virtus
1787 3536 1923 3581 est:
1972 3539 2136 3598 atque

569 3611 810 3664 omnium
844 3611 1208 3681 improborum
1248 3624 1303 3669 et
1335 3616 1648 3678 atheornm,
1693 3618 1783 3685 qni
1832 3634 1927 3686 per
1967 3629 2134 3675 totum

570 3703 756 3757 orbem
816 3701 1135 3775 Egyptiaco
1215 3705 1445 3761 similem
1534 3708 1852 3765 idololatriae
1932 3728 2135 3768 morem

573 3796 950 3862 sectabantur,
1018 3796 1146 3851 illud
1217 3799 1345 3853 olim
1416 3802 1698 3857 exundans
1762 3812 1818 3857 et
1884 3804 2139 3861 ﬂuctibus

576 3888 837 3954 agitatum
902 3903 1086 3954 mare,
1147 3898 1443 3947 extremam
1505 3906 1723 3962 passum
1777 3901 1860 3947 est
1910 3896 2136 3949 vastita-

574 3988 703 4039 tem.

2245 3236 2376 3305 παρ’
2407 3234 2580 3303 αὐτῆς
2608 3234 2776 3289 πάλαι
2810 3235 3135 3307 τιμωμένων
3166 3239 3418 3309 πονηρῶν
3455 3238 3727 3308 δαιμόνων
3756 3237 3828 3291 τά

2240 3328 2547 3397 χρηστήρια
2593 3327 2685 3379 καὶ
2732 3326 2801 3379 τὰ
2850 3330 3116 3397 μαντεῖα’
3152 3328 3400 3383 λελύσθαι
3436 3329 3492 3383 δὲ
3514 3328 3693 3383 αὐτῶν
3732 3331 3828 3384 καὶ

2238 3418 2339 3481 τὰς
2365 3417 2430 3471 δι’
2458 3419 2665 3491 ἀνδρῶν
2690 3420 2904 3490 γοήτων
2934 3421 3291 3491 κακοτεχνίας
3312 3440 3324 3454 ·
3358 3422 3393 3475 ἃ
3435 3422 3498 3495 δὴ
3530 3423 3707 3476 πάντα
3756 3423 3825 3476 δι’

2240 3512 2416 3581 ἔργων
2464 3512 2765 3584 ἐπληροῦτο
2802 3510 2940 3582 μετὰ
2968 3513 3029 3565 τὸ
3064 3515 3324 3585 κήρυγμα
3365 3513 3426 3567 τὸ
3468 3514 3826 3583 εὐαγγελικδν

2238 3603 2298 3656 τὸ
2322 3604 2589 3675 κηρυχθέν
2615 3605 2951 3672 Αἰγυπτίοις.
2989 3604 3080 3669 Ἐξ
3104 3607 3328 3660 ἐκείνων
3353 3606 3408 3658 δέ
3434 3606 3527 3660 καὶ
3555 3609 3634 3670 εἰς
3675 3609 3827 3678 ἡμᾶς

2240 3695 2434 3759 αὐτοὺς
2480 3696 2588 3749 τῶν
2620 3696 2747 3767 παρ’
2798 3696 3118 3764 Αἰγυπτίοις
3165 3697 3568 3767 νενομισμένων
3614 3695 3754 3750 θεῶν
3789 3697 3826 3767 ἡ

2240 3790 2389 3841 πᾶσα
2420 3788 2647 3859 δύναμις
2678 3788 2912 3859 ἀπέσϐη,
2945 3789 3039 3841 καὶ
3062 3788 3278 3842 πάντων
3311 3790 3367 3843 δέ
3388 3790 3495 3844 τῶν
3516 3788 3690 3843 ἀθέων
3722 3790 3820 3844 καὶ

2240 3880 2514 3933 δυσσεϐῶν
2559 3881 2769 3953 ἀνδρῶν
2799 3880 2908 3935 τῶν
2934 3881 3054 3935 καθ’
3080 3881 3209 3952 ὅλης
3238 3882 3337 3952 τῆς
3363 3881 3690 3953 οἰκουμένης
3727 3884 3826 3935 Αἰ-

2239 3971 2645 4042 γυπτιαξόντων
2688 3976 2827 4028 κατά
2879 3976 2970 4028 τὸν
2999 3978 3181 4047 ὅμοιον
3223 3978 3324 4046 τῆς
3383 3976 3825 4049 εἰδωλολατρείας

2238 4064 2436 4134 τρόπον
2474 4066 2506 4135 ή
2542 4066 2672 4119 ποτὲ
2702 4066 3106 4139 πλημμυροῦσα
3158 4069 3253 4121 καὶ
3306 4070 3691 4140 κυματουμένη
3721 4069 3823 4123 θά-

2239 4155 2408 4209 λασσα
2439 4156 2536 4226 τὴν
2572 4158 2807 4227 ἐσχάτην
2842 4158 3109 4212 πέπονθεν
3140 4160 3393 4230 ἐρημίαν.

651 4260 761 4315 «Et
797 4261 1005 4332 injiciet
1053 4279 1270 4318 manum
1316 4280 1465 4320 suam
1516 4266 1566 4318 in
1614 4267 1810 4321 ﬂumen
1848 4267 1902 4321 in
1943 4267 2136 4335 spiritu

2317 4269 2335 4299 ι
2373 4251 2481 4303 Καὶ
2522 4250 2774 4307 ἐπιϐαλεῖ
2798 4251 2897 4322 τὴν
2930 4256 3089 4324 χεῖρα
3128 4252 3295 4306 αὑτοῦ
3329 4254 3419 4307 ἐπὶ
3458 4254 3549 4308 τὸν
3574 4257 3824 4326 ποταμὸν

571 4354 909 4417 vehementi,
964 4364 1018 4409 et
1074 4358 1340 4424 percutiet
1395 4367 1598 4427 septeni
1658 4360 1896 4420 canales.
1947 4361 2022 4415 ita
2081 4373 2139 4416 ut

574 4454 849 4499 transeant
876 4460 969 4515 per
1001 4445 1127 4499 illud
1158 4446 1435 4501 calceati.»
1471 4448 1732 4516 Spiritum
1764 4451 2137 4505 vehementem

2240 4342 2297 4394 ἐν
2328 4342 2595 4412 πνεύματι
2652 4343 2832 4415 βιαίῳ,
2882 4344 2976 4398 καὶ
3030 4346 3258 4412 πατάξει
3311 4346 3451 4399 ἐπτά
3506 4347 3820 4418 φάραγγας,

2241 4433 2379 4486 ὥστε
2411 4435 2831 4506 διαπορεύεσθαι
2878 4437 3043 4491 αὑτὸν
3081 4439 3137 4489 ἐν
3172 4438 3501 4509 ὑποδήμασι.
3540 4458 3559 4492 ι
3597 4441 3823 4511 Πνεῦμα

574 4531 705 4597 dicit
728 4546 873 4595 eum,
902 4532 991 4601 qui
1023 4536 1228 4602 primus
1257 4534 1631 4606 Egyptiorum
1666 4554 1888 4606 regnum
1918 4542 2132 4606 evertit,

2244 4526 2414 4595 βίαιον
2444 4524 2563 4581 εἷπε
2595 4530 2684 4582 τὸν
2714 4532 2930 4600 πρῶτον
2956 4531 3254 4585 καθελόντα
3284 4532 3382 4603 τὴν
3410 4533 3684 4603 βασιλείαν
3710 4535 3824 4589 τῶν

575 4624 941 4677 Romanorum
976 4625 1182 4679 ducem.
1212 4627 1426 4695 Septem
1457 4644 1585 4684 vero
1612 4632 1849 4695 canales,
1878 4632 1921 4686 si
1958 4634 2140 4687 animo

572 4716 943 4783 perpenderis,
974 4717 1052 4770 sic
1081 4717 1364 4785 intelliges,
1389 4719 1515 4773 olim
1546 4722 1764 4789 quidem
1800 4721 1959 4775 unius
1988 4722 2138 4777 ﬂuvii

574 4808 869 4861 maximum
908 4808 1117 4861 alveum
1152 4808 1338 4872 fuisse,
1366 4827 1471 4880 quo
1499 4811 1717 4883 [Egypti
1754 4813 1900 4882 regia
1935 4813 2140 4867 indica-

572 4897 730 4949 hatnr
756 4912 771 4951 :
801 4911 861 4949 ea
912 4912 1039 4952 vero
1088 4901 1340 4954 omnibus
1373 4901 1576 4955 circum
1616 4903 1863 4972 gentibus
1904 4905 2140 4973 impera-

571 4984 664 5040 bat
693 5006 705 5041 :
741 4987 827 5040 illa
859 4998 1037 5043 autem
1073 4991 1245 5045 soluta
1292 5002 1343 5045 et
1377 5006 1588 5057 eversa,
1620 4996 1880 5061 quosdam
1924 4998 2139 5067 regulos

575 5078 628 5131 in
666 5090 845 5145 partes
878 5081 1221 5136 distributam
1253 5099 1372 5138 eam
1409 5085 1749 5143 obtinuisse:
1786 5104 2013 5158 quorum
2048 5089 2136 5143 alii

574 5174 789 5243 quidem
830 5174 1054 5245 Libycas
1090 5190 1269 5245 partes
1323 5178 1809 5243 administrabant;
1845 5181 1935 5235 alii
1982 5198 2139 5252 sepa-

573 5264 730 5317 ratim
754 5263 1105 5320 Thebmorum
1141 5276 1365 5332 tractus,
1396 5269 1483 5322 alii
1516 5269 1801 5340 Egyptum
1831 5282 1885 5326 et
1907 5273 2140 5328 Alexan-

572 5354 765 5408 driam.
797 5356 863 5409 Et
906 5372 971 5411 ex
1010 5358 1093 5411 his
1142 5359 1224 5413 alii
1259 5360 1474 5428 quidem
1516 5359 1856 5427 praefecturis
1892 5367 2137 5419 exornati

574 5454 720 5509 sum,
748 5448 940 5515 quibus
972 5450 1305 5517 publicarum
1333 5461 1387 5504 et
1419 5451 1759 5520 politicarum
1796 5470 1973 5508 rerum
2009 5471 2139 5509 cura

574 5539 881 5592 concredita
916 5539 1043 5606 fuit;
1071 5543 1158 5595 alii
1190 5559 1320 5597 vero
1353 5544 1669 5598 bellicorum
1697 5548 1943 5601 ordinum
1975 5548 2139 5603 duces

573 5629 746 5696 eﬂ'ccti
780 5653 792 5687 :
825 5644 877 5687 et
907 5635 959 5689 hi
992 5651 1180 5691 omnes
1209 5654 1236 5690 a
1271 5637 1460 5703 majori
1511 5648 1779 5705 potestate
1820 5640 1884 5695 ad
1934 5658 2138 5697 memo-

571 5736 716 5778 ratas
766 5725 1056 5795 dignitates
1102 5730 1308 5793 evecti;
1365 5737 1548 5795 postea
1596 5744 1723 5784 vero
1759 5734 1821 5784 ad
1872 5734 2136 5802 privatam

576 5818 935 5873 conditionem
969 5819 1193 5885 redacti,
1230 5820 1505 5874 canalibus
1536 5819 1655 5887 iure
1681 5823 1859 5880 collati
1892 5835 2036 5893 sunt,
2074 5828 2138 5881 ad

2241 4621 2551 4688 Αἰγυπτίων
2594 4624 2879 4692 Ῥωμαίων
2899 4623 3156 4696 ἄρχοντα.
3196 4626 3294 4679 Διὰ
3320 4626 3377 4680 δὲ
3404 4628 3511 4680 τῶν
3530 4628 3667 4682 ἐπτά
3712 4647 3823 4699 φα-

2243 4710 2458 4781 ράγγων
2475 4712 2689 4783 νοήσεις
2737 4714 3039 4783 ἐπιστήσας
3067 4715 3158 4767 τὸν
3198 4717 3342 4777 νοῦν,
3386 4718 3461 4781 ὼς
3498 4719 3664 4773 πάλαι
3720 4720 3823 4791 μὲν

2240 4803 2357 4865 ἐνὸς
2393 4805 2635 4873 ποταμοῦ
2666 4805 2845 4876 ῥεῦμα
2877 4805 3154 4875 μέγιστον,
3184 4807 3250 4860 δι’
3279 4802 3340 4861 οὗ
3387 4811 3448 4863 τὸ
3496 4812 3595 4883 τῆς
3656 4812 3825 4881 Αἰγύο

2239 4913 2372 4947 πτου
2410 4894 2676 4967 βασίλειον
2707 4888 2983 4969 ἐδηλοῦτο,
3006 4898 3113 4951 τῶν
3146 4900 3337 4954 αὐτόθι
3383 4902 3598 4957 πάντων
3648 4902 3823 4958 ἐθνῶν

2239 4990 2459 5061 ἐκράτει
2481 5010 2493 5021 “
2528 4991 2897 5061 παταχθέντος
2938 4993 2994 5045 δὲ
3040 4995 3249 5047 ἐκείνου
3280 4998 3372 5050 καί
3401 4997 3671 5062 λυθέντος,
3723 5017 3820 5069 με·-

2241 5084 2379 5155 ρικοί
2408 5101 2549 5148 τινες
2592 5085 2851 5153 ἄρχοντες
2896 5086 3073 5139 αὐτῶν
3118 5088 3259 5141 κατά
3282 5090 3505 5162 χρόνους
3553 5090 3818 5161 ἡγοῦντοι

2238 5179 2283 5228 οἱ
2320 5177 2414 5246 μὲν
2444 5177 2513 5229 τὰ
2542 5177 2753 5229 Λιϐύων
2775 5178 3048 5241 διέποντες
3080 5180 3241 5249 μέρη,
3269 5182 3317 5233 οἰ
3341 5181 3396 5235 δὲ
3422 5184 3821 5255 ἀφωρισμένως

2237 5268 2305 5320 τὰ
2352 5270 2624 5343 Θηϐαίων,
2671 5271 2721 5322 οἰ
2772 5269 2828 5322 δὲ
2876 5271 3046 5340 αὐτῆς
3101 5273 3377 5341 Αἰγύπτου
3422 5278 3514 5328 καὶ
3572 5277 3821 5342 Ἀλεξανη

2237 5363 2434 5433 δρείας.
2470 5366 2581 5417 Καὶ
2625 5365 2829 5417 τούτων
2876 5367 2924 5417 oi
2982 5366 3078 5435 μέν
3113 5366 3430 5435 ἡγεμονίαις
3471 5369 3817 5440 τετίμηνται,

2236 5455 2344 5507 τῶν
2363 5454 2668 5525 δημοτικῶν
2715 5456 2807 5508 καὶ
2859 5456 3155 5508 πολιτικῶν
3182 5457 3522 5529 πραγμάτων
3566 5462 3817 5531 ἐγκεχει-

2240 5548 2484 5616 ρισμένοι
2516 5546 2614 5617 τὴν
2648 5547 2933 5618 φροντίδα·
2990 5548 3039 5599 οἱ
3086 5547 3143 5600 δὲ
3195 5550 3595 5620 ἀφωρισμένως
3655 5552 3822 5606 πάλιν

2238 5638 2342 5689 τῶν
2375 5639 2777 5707 στρατιωτικῶν
2804 5638 3167 5711 καθηγοῦνται
3192 5641 3517 5710 ταγμάτων·
3559 5644 3652 5696 καί
3674 5639 3819 5697 οὗτοι

2242 5731 2436 5794 πάντες
2470 5731 2575 5783 ὑπὸ
2613 5732 2709 5801 τῆς
2750 5732 2994 5801 μείζονος
3033 5730 3281 5795 ἐξουσίας
3313 5734 3406 5786 ἐπὶ
3434 5733 3532 5796 τὰς
3562 5734 3820 5805 δηλωθεί-

2242 5840 2335 5885 σας
2368 5822 2539 5895 ἀρχὰς
2586 5825 2972 5895 προαγόμενοιι
3022 5826 3251 5879 κᾶπειτα
3294 5826 3679 5893 ἰδιωτεύοντες,
3716 5829 3821 5898 φά..
