4100 6430
201 427 289 483 IS!
1181 427 1686 485 COMMENTARIA
1722 425 1790 481 IN
1833 423 2096 484 ISAIAM.
2139 456 2208 467 —-
2247 427 2402 483 CAP.
2443 427 2557 484 XII.
3425 433 3521 488 182

198 546 382 614 ραγξιν
414 546 667 611 είκότως
709 546 1160 618 παρεδλήθησαν,
1193 548 1271 611 ὡς
1301 549 1360 599 ἐν
1395 547 1697 618 παραθέσει
1727 543 1816 598 τοῦ

1927 548 2400 616 comparationem
2477 545 2716 602 ﬂuminis
2774 547 2918 616 apud
2977 547 3096 604 illos
3151 563 3516 616 exundantis,

195 639 360 692 παλαι
384 638 871 710 πλημμυροῦντος
897 638 1084 701 αὐτοῖς
1111 639 1383 709 ποταμοῦ,
1427 639 1571 705 λέγω
1723 634 1816 689 τοῦ

1927 640 2059 708 regii
2093 640 2237 705 dico,
2265 641 2409 709 quod
2456 655 2673 695 onmem
2719 654 2824 693 una
2864 639 3191 711 Egyptum,
3236 656 3300 697 ac
3357 643 3520 698 simul

197 729 494 798 βασιλείου,
531 730 598 792 δς
624 730 695 800 δὴ
729 729 827 800 τὴν
877 730 1060 782 πᾶσαν
1113 727 1329 798 ἀθρόως
1365 729 1537 799 αὐτην
1564 745 1624 780 τε
1663 726 1821 795 Δίγυ-

199 839 324 874 πτον
356 822 455 874 καὶ⁵
495 819 575 874 τὰ
633 822 783 890 ἀμφὶ
827 819 1038 891 ταύτην
1090 818 1219 890 ἔθνη
1265 821 1347 872 ἐνὶ
1390 819 1624 890 ῥεύματι
1667 834 1821 890 περιρ

196 914 381 977 ἐκλυξε
406 930 419 942 ·

196 1009 347 1059 ὅλων.

265 1116 284 1149 1
317 1099 431 1152 Καὶ
462 1097 634 1151 ἔσται
664 1098 836 1162 δίοδος
868 1096 946 1168 τῷ
979 1095 1404 1165 καταλειφθέντι
1451 1114 1552 1167 μου
1601 1095 1716 1166 λαῷ
1763 1097 1822 1146 ἐν

199 1191 490 1262 Αἰγύπτῳ·
556 1193 661 1244 καὶ
716 1192 865 1244 ἔσται
899 1189 976 1258 τῷ
1017 1188 1240 1259 Ἰσραὴλ
1287 1188 1364 1252 ὡς
1406 1192 1438 1258 ἠ
1495 1189 1682 1258 ἡμέρα
1733 1190 1824 1241 ὅτε

200 1282 423 1352 ἐξῆλθεν
483 1284 554 1336 ἐκ
592 1285 703 1355 γῆς
756 1283 1064 1352 Αἰγύπτου·
1106 1302 1124 1334 ι
1167 1282 1244 1346 ὡς
1306 1280 1478 1351 βατὴν
1530 1275 1673 1332 εἶναι
1727 1279 1824 1332 τοῦ

200 1375 378 1429 λοιποῦ
420 1377 528 1446 τὴν
587 1375 870 1445 Αἴγυπτον
897 1379 1008 1439 τοῖς
1045 1365 1140 1428 τοῦ
1186 1372 1435 1445 Χριστοῦ
1486 1373 1826 1442 [εὐαγγέλιον

201 1471 556 1538 κηρύττουσι,
615 1469 848 1541 μηδενὸς
889 1468 1141 1540 ἐμποδὼν
1189 1468 1382 1530 αὐτοῖς
1438 1467 1822 1536 ἐνισταμένου.

203 1560 318 1631 μηδ’
365 1561 695 1615 ἐπιϐαίνειν
743 1561 1064 1626 κωλύοντος.
1103 1560 1312 1630 Διόπερ
1348 1559 1424 1621 ὡς
1466 1559 1666 1629 μηκέτι
1703 1577 1827 1611 συν-

199 1652 440 1724 εστώσης
455 1655 564 1725 τῆς
578 1653 894 1723 Αἰγυπτίων
918 1653 1228 1724 βασιλείας,
1257 1650 1335 1714 ὼς
1354 1650 1410 1702 δὲ
1443 1651 1542 1720 τῆς
1573 1649 1821 1720 δαιμονιο

200 1746 298 1815 κῆς
366 1748 669 1818 ἐνεργείας
725 1746 823 1816 τῆς
873 1749 934 1800 ἐν
994 1747 1180 1809 αὐτοῖς
1243 1741 1712 1814 ἀποσϐεσθείσης,
1761 1743 1824 1796 τὸ

201 1841 460 1910 κηρυγμα
491 1843 562 1894 τὸ
608 1841 966 1911 εύαγγελικὺν
1010 1840 1106 1892 ἐπὶ
1138 1837 1341 1908 σχολῆς
1397 1835 1586 1900 αὐτοῖς
1637 1839 1820 1908 ἐπηγ-

202 1930 440 1999 γέλλετο.

476 915 589 986 μιᾷ
646 914 875 985 δυνάμει
924 912 1182 984 βασιλικῇ
1237 912 1666 985 κατακρατούσῃ
1698 913 1808 965 τῶν

735 2018 1136 2074 ΚΕΦΔΛΑΙΟΝ
1197 2021 1300 2077 lB'.

270 2133 288 2166 1
328 2114 448 2168 Καὶ
484 2115 737 2186 ἐρεῖς.ἐν
781 2116 844 2184 τῇ
881 2113 1066 2183 ἡμέρᾳ.
1117 2112 1334 2185 ἐκείνῃ·
1393 2113 1689 2183 Εὑλογήσω
1735 2127 1816 2175 σε,

199 2206 422 2277 Κύριε.»
453 2206 691 2278 (18)”Ως
733 2205 842 2276 γὰρ
874 2207 904 2258 ό
928 2203 1205 2266 Μωῦσέως
1221 2205 1349 2268 λαὸς
1378 2205 1527 2276 διέϐη
1566 2205 1695 2258 ποτέ
1721 2205 1819 2273 τὴν

211 2297 484 2368 Ἐρυθρὰν
523 2297 812 2352 Θάλασσαν
852 2295 927 2360 ὼς
965 2294 1053 2348 διὰ
1109 2295 1319 2366 ξηρᾶς·
1382 2294 1499 2349 εἶτα
1543 2297 1682 2366 μετὰ
1719 2297 1819 2367 τὴν

197 2387 363 2441 δίοδον
389 2388 497 2459 τὴν
531 2388 685 2460 ᾠδὴν
725 2383 864 2465 ᾗσαν
915 2387 1189 2454 λέγοντες,
1229 2407 1247 2437 1
1291 2389 1548 2459 ᾊσωμεν
1582 2387 1660 2458 τῷ
1709 2390 1820 2440 Κυ-

201 2479 315 2550 ρίφν
352 2477 595 2543 ἱνδόξως
639 2477 750 2550 γὰρ
782 2478 1128 2544 δεδόξασται·
1181 2496 1198 2527 ι
1256 2477 1346 2530 τὸν
1397 2480 1561 2532 αὑτὸν
1617 2479 1819 2550 τρόπον

201 2573 293 2625 καὶ
318 2573 368 2624 οἱ
395 2571 886 2642 προφητευόμενοι
942 2571 1038 2624 τοῦ
1089 2571 1343 2642 Σωτῆρος
1388 2570 1547 2640 ήμῶν
1588 2571 1818 2638 εὐαγγε-

200 2662 397 2727 λισταὶ,
425 2665 593 2717 αὐτοὶ
623 2663 786 2725 ὄντες
811 2665 860 2716 oi
882 2663 946 2716 ἐκ
972 2663 1068 2716 τοῦ
1100 2666 1301 2728 παντὸς
1336 2664 1604 2717 Ἰουδαίων
1632 2664 1817 2730 ἔθνους

199 2755 680 2827 περιλειφθέντες,
733 2753 1012 2808 ἀκώλυτον
1068 2755 1385 2825 ποιούμενοι
1439 2756 1530 2807 τὸν
1589 2756 1815 2826 δρόμον,

201 2849 294 2902 καὶ
321 2851 516 2901 πᾶσαν
561 2846 940 2919 διατρέχοντες
986 2847 1084 2920 τὴν
1136 2848 1448 2915 Αἰγυπτίων
1480 2848 1687 2919 χώραν,
1727 2853 1820 2905 καὶ

213 2939 499 3002 Ἰουδαίοις
544 2938 653 3008 μὲν
702 2937 1069 3008 κηρύττοντες
1111 2939 1174 2992 τὸ
1228 2939 1561 3008 Εὐαγγέλιον
1607 2942 1665 2994 ἐν
1701 2945 1819 3006 ταῖς

203 3034 562 3099 συναγωγαῖς
656 3031 860 3094 αὐτῶν,
903 3031 1203 3103 ἐκκλησίας
1256 3031 1313 3084 δέ
1379 3032 1620 3104 Χριστοῦ
1690 3051 1814 3087 συν-

202 3123 465 3187 ιστῶντες
489 3124 562 3175 ἐκ
578 3123 683 3191 τῆς
714 3122 822 3175 τῶν
847 3123 1022 3176 ἐθνῶν
1055 3125 1412 3195 ἐπιστροφῆς,
1441 3125 1624 3178 καινὸν
1642 3122 1817 3197 ᾆσμα,

203 3217 461 3289 ἐμφερῶς
492 3221 614 3281 τοῖς
653 3219 748 3272 ἐπὶ
775 3219 1076 3284 Μωῦσέως,
1115 3218 1567 3292 ἐδίδασκοφᾷδειν
1583 3223 1710 3284 τοὺς
1751 3223 1815 3276 δι’

202 3311 376 3364 αὐτῶν
399 3310 850 3382 ὠφελουμένους.
876 3312 1046 3365 Τοῦτο
1059 3313 1118 3366 δὲ
1143 3307 1211 3382 ἦν
1242 3312 1302 3366 τὸ
1328 3313 1684 3385 προφωνηθὲν
1712 3317 1818 3370 ὑπὸ

203 3401 293 3456 τοῦ
325 3403 570 3474 Κυρίου,
631 3403 936 3473 φάσκοντος
972 3405 1059 3458 διὰ
1103 3403 1198 3456 τοῦ
1252 3405 1594 3476 προφητικοῦ
1623 3407 1811 3475 λόγου·

205 3511 229 3545 1
266 3495 379 3548 Καὶ
401 3495 562 3568 ἐρεῖς
594 3497 656 3549 ἐν
683 3498 751 3566 τῇ
791 3497 973 3569 ἡμέρα
1011 3497 1229 3568 ἐκείνῃ·
1266 3499 1558 3570 Εὑλογὴσω
1587 3518 1667 3563 σε,
1708 3503 1816 3555 Κύ-

205 3599 307 3656 ριε,
333 3585 478 3639 διότι
534 3585 820 3656 ὠργίσθης
868 3603 979 3656 μοι,
1012 3587 1106 3640 καὶ
1147 3587 1497 3662 ἀπέστρεψας
1520 3591 1610 3643 τὸν
1644 3591 1816 3662 θυμόν

203 3695 322 3744 σου,
351 3681 452 3733 καὶ
489 3678 742 3749 ἦλέησάς
775 3695 862 3748 με.
901 3699 918 3730 i

279 3790 298 3822 1
347 3771 486 3825 Ἰδοὺ
523 3773 555 3824 ὁ
587 3770 727 3834 Θεός
755 3787 878 3840 μου,
913 3772 1106 3844 Σωτήρ
1152 3791 1275 3844 μου.
1318 3773 1595 3839 πεποιθὼς
1622 3775 1814 3847 ἔσομαι

204 3863 286 3915 ἐπ’
315 3863 500 3933 αὐτῷ,
530 3862 630 3915 καὶ
657 3862 722 3914 οὐ
759 3861 1140 3934 φοδηθήσομαι
1163 3882 1175 3894 ·
1209 3864 1340 3918 διότι
1371 3868 1402 3936 ἡ
1435 3865 1562 3930 δόξα
1595 3885 1695 3937 μου
1721 3869 1815 3922 καὶ

202 3957 234 4025 ἡ
263 3954 484 4016 αἴνεσίς
521 3970 630 4023 μου
648 3952 872 4024 Κύριος,
895 3955 987 4006 καὶ
1006 3955 1224 4021 ἐγένετό
1253 3973 1340 4026 μοι
1367 3958 1448 4020 εἰς
1481 3959 1809 4029 σωτηρίαν,›

202 4047 296 4098 καὶ
329 4045 366 4100 ἃ
393 4043 768 4116 παρακατιὼν
801 4045 1034 4100 ἐνταῦθα
1053 4043 1291 4110 διέξεισι.
1327 4046 1400 4100 Τὸ
1424 4047 1574 4115 γοῦν,
1593 4068 1610 4099 1
1647 4048 1817 4118 ὼργίυ

203 4136 341 4208 σθης
401 4154 525 4208 μοι.
563 4155 584 4187 ι
625 4135 1016 4207 ἐξομολόγησιν
1066 4137 1350 4210 προτέρων
1400 4139 1814 4211 ἁμαρτημάτων

203 4227 580 4298 παρίστησιν·
618 4219 698 4280 ὧν
731 4227 894 4280 ἕνεκα
939 4226 1074 4280 Θεοῦ
1107 4228 1277 4299 ὀργῆς
1325 4224 1465 4300 ἦσαν
1517 4231 1656 4294 ἄξιοι
1708 4231 1815 4303 πρὸ

202 4319 300 4389 τῆς
332 4319 619 4392 σωτηρίου
655 4317 904 4388 κλήσεως
938 4319 988 4370 οἱ
1019 4319 1336 4387 Αἰγύπτιοι·
1372 4321 1434 4374 τὸ
1463 4322 1541 4385 δέ,
1597 4341 1614 4373 1
1680 4322 1812 4375 Ἀπ-

205 4411 489 4484 έστρεψας
519 4412 616 4464 τὸν
649 4410 821 4480 θυμόν
853 4427 944 4463 σου
972 4413 1067 4464 ἀπ’
1093 4413 1250 4484 ἐμοῦ,
1285 4414 1378 4468 καὶ
1404 4416 1641 4486 ὴλέησάς
1677 4433 1765 4484 με,
1788 4434 1808 4467 ι

205 4504 303 4574 τὴν
332 4504 482 4577 μετὰ
517 4503 622 4574 τὴν
661 4501 852 4574 κλῆσιν
889 4504 1224 4576 δωρηθεῐσαν
1244 4509 1426 4571 αὐτοῖς
1458 4509 1651 4576 ἄφεσιν
1705 4507 1814 4558 τῶν

1922 743 2120 801 gentes
2175 733 2618 803 circumpositas,
2665 749 2772 787 uno
2817 735 2974 788 alveo
3023 735 3354 803 inundabat,
3408 751 3515 790 una

1926 822 2076 892 regis
2147 833 2418 892 potestate
2478 824 2532 882 in
2601 826 2885 879 universos
2972 825 3308 882 dominatum
3375 827 3518 884 obti-

1924 925 2114 969 nente.

2000 1095 2164 1152 Vatis.
2199 1095 2282 1154 16.
2316 1115 2335 1146 1
2368 1095 2432 1152 Et
2459 1097 2563 1152 erit
2596 1097 2859 1152 transitus
2889 1096 3149 1152 derelicto
3175 1097 3371 1168 populo
3399 1114 3520 1153 meo

1927 1188 1981 1242 in
2017 1187 2255 1258 Egypto
2289 1207 2302 1242 :
2335 1198 2390 1242 et
2433 1190 2540 1243 erit
2585 1188 2790 1256 lsraeli,
2819 1189 2973 1260 quasi
3023 1190 3158 1256 dies,
3197 1206 3301 1260 qua
3349 1194 3521 1245 exivit

1925 1292 1992 1332 ex
2039 1277 2306 1348 Aigypto;
2335 1298 2351 1329 ι
2391 1280 2462 1333 ita
2513 1292 2570 1333 ut
2616 1281 2871 1351 deinceps
2915 1280 3188 1353 Egyptus
3239 1283 3517 1356 Evangelii

1924 1370 2133 1425 Christi
2179 1373 2524 1442 praeconibus
2559 1374 2742 1442 pervia
2787 1374 2891 1440 sit,
2941 1375 3087 1430 nullo
3129 1377 3382 1431 obstante
3429 1379 3512 1432 vel

1928 1462 2237 1530 ingressum
2309 1463 2664 1532 prohibente.
2731 1464 3107 1536 Quapropter,
3167 1477 3352 1537 utpote
3401 1469 3512 1538 jam

1924 1554 2144 1608 sublato
2192 1552 2572 1626 Egyptiorum
2621 1571 2808 1626 regno,
2858 1573 2923 1612 ac
2976 1561 3274 1614 dzetnonica
3325 1575 3517 1630 opera-

1927 1645 2078 1700 tione
2125 1647 2266 1716 apud
2317 1647 2468 1716 ipsos
2495 1649 2797 1717 exstincta,
2838 1651 3153 1724 evangelica
3204 1654 3521 1724 praedicatio

1925 1736 2112 1807 quiete
2145 1737 2595 1792 annuntiabatur.

2528 2006 2760 2064 CAPUT
2800 2008 2912 2064 XII.

1996 2095 2231 2152 VsnsJ.
2277 2097 2373 2152 «Et
2406 2101 2555 2156 dices
2583 2101 2636 2156 in
2666 2102 2751 2156 die
2795 2103 2906 2166 illa,
2943 2103 3267 2161 Beueilicam
3299 2117 3368 2173 te,
3411 2106 3518 2164 Do-

1923 2189 2090 2245 mine.
2115 2209 2133 2242 ι
2163 2190 2637 2258 Quemadmodum
2675 2197 2820 2251 enim
2854 2197 3053 2270 Mnysis
3095 2201 3322 2269 populus
3365 2217 3516 2258 mare

1924 2280 2201 2348 Rubrum,
2235 2287 2390 2352 quasi
2444 2301 2540 2356 per
2573 2288 2803 2352 aridatn,
2832 2291 2960 2343 olim
2991 2292 3205 2362 trajecit
3246 2311 3259 2348 :
3298 2309 3362 2350 ac
3397 2303 3517 2364 post

1925 2376 2236 2441 transitum,
2273 2381 2548 2434 canticum
2581 2381 2848 2436 canebant
2881 2383 3151 2450 dicentes,
3190 2388 3517 2443 1(Iantemus

1925 2467 2178 2532 Domino,
2231 2471 2470 2541 gloriose
2503 2473 2650 2526 enim
2695 2474 3032 2543 gloriﬁcatus
3087 2477 3274 2532 est";
3336 2480 3414 2533 sic
3463 2490 3516 2534 et

1922 2562 2275 2629 evangelista:
2304 2562 2606 2619 Salvatoris
2651 2568 2822 2620 nostri
2876 2567 2966 2636 qui
3012 2568 3064 2621 in
3116 2571 3400 2640 prophetia
3437 2569 3516 2626 fs-

1925 2665 2155 2720 ruutur,
2214 2656 2375 2712 iidem
2431 2658 2532 2727 ipsi
2586 2660 2837 2714 videlicet
2877 2662 2967 2729 qui
3020 2678 3086 2716 ex
3139 2672 3248 2716 tota
3285 2664 3513 2720 Judatca

1921 2759 2080 2819 gente
2124 2751 2294 2804 relicti
2350 2752 2597 2817 fuerant,
2646 2769 2768 2808 cum
2814 2755 2961 2807 nullo
3007 2758 3260 2812 obstante
3290 2775 3512 2815 cursum

1921 2856 2080 2893 suum
2115 2843 2433 2908 perlicerent
2455 2886 2470 2910 ,
2503 2858 2567 2898 sc
2615 2856 2784 2899 totam
2811 2845 3193 2917 Egyptiurum
3235 2852 3511 2920 regionem

1922 2932 2321 3001 pervaderent,
2349 2935 2550 2990 Judaris
2576 2939 2795 3008 quidem
2829 2939 3180 3010 Evangelium
3212 2945 3513 3013 pradican-

1924 3031 2002 3074 tes
2034 3023 2087 3076 in
2128 3028 2446 3093 synagogis,
2496 3039 2558 3080 ex
2589 3029 2829 3097 gentium
2865 3045 2996 3084 vero
3029 3033 3385 3086 conversione
3416 3033 3513 3086 Ec-

1921 3111 2116 3167 clesias
2169 3113 2374 3168 Christi
2434 3118 2869 3181 constituentes;
2945 3121 3222 3174 canticum
3283 3136 3507 3184 novum,

1924 3205 2146 3272 perinde
2183 3216 2346 3275 atque
2401 3207 2473 3260 illi
2533 3220 2775 3278 tempore
2817 3209 3046 3281 Moysis,
3097 3226 3296 3268 canere
3347 3214 3511 3267 doce-

1923 3301 2054 3350 bant
2083 3312 2210 3364 eos,
2238 3300 2330 3366 qui
2357 3313 2521 3366 Opera
2561 3314 2656 3354 sua
2706 3301 2940 3355 fructum
2975 3313 3368 3373 perceperant;
3408 3305 3510 3359 hoc

1921 3389 2130 3445 scilicet
2185 3391 2455 3444 canticum
2490 3392 2620 3446 olim
2654 3409 2683 3446 a
2716 3394 2946 3449 Domino
2991 3409 3087 3463 per
3131 3398 3511 3465 propheticum

1919 3497 2226 3538 sermonem
2278 3485 2743 3551 prmtntutiatum:
2784 3505 2802 3537 1
2842 3487 2905 3541 Et
2949 3487 3099 3543 dices
3145 3488 3197 3542 in
3251 3489 3343 3544 die
3398 3489 3508 3552 illa,

1919 3577 2244 3632 Benedicam
2281 3588 2350 3642 te,
2385 3578 2634 3645 Domine,
2672 3580 2931 3649 quoniam
2967 3584 3143 3636 iratus
3173 3598 3234 3637 es
3269 3583 3425 3649 mihi,
3453 3566 3509 3639 et

1918 3671 2161 3724 avertisti
2196 3669 2433 3725 furorem
2483 3683 2660 3738 tuum,
2691 3682 2746 3727 et
2778 3673 3036 3729 misertus
3063 3691 3122 3729 es
3158 3677 3312 3729 mihi.
3341 3695 3360 3729 ι

1992 3762 2158 3819 Vsus.
2189 3765 2244 3820 2.
2279 3785 2295 3814 1
2325 3766 2461 3821 Ecce
2495 3766 2635 3822 Deus
2666 3785 2853 3834 meus,
2887 3769 3130 3824 salvator
3161 3787 3334 3838 mens,
3365 3770 3508 3824 lidu-

1919 3857 2058 3911 ciam
2111 3857 2324 3912 habebo
2372 3859 2422 3912 in
2479 3859 2599 3924 illo,
2647 3870 2700 3916 et
2736 3878 2842 3916 non
2880 3864 3080 3918 timebo
3120 3882 3132 3916 :
3171 3864 3298 3932 quia
3331 3862 3504 3930 gloria

1920 3962 2035 3999 mea
2085 3956 2141 4002 et
2188 3946 2307 4002 laus
2339 3965 2455 4003 tnea
2494 3950 2794 4016 Datuinus,
2831 3962 2884 4006 et
2930 3951 3106 4007 factus
3140 3963 3223 4009 est
3262 3953 3394 4007 mihi
3451 3953 3504 4008 in

1917 4039 2170 4106 salutem,
2198 4058 2216 4092 ι
2255 4048 2310 4097 et
2345 4058 2466 4110 qua:
2501 4043 2602 4098 sub
2638 4044 2748 4097 haec
2781 4047 3150 4115 prosequitur.
3182 4045 3318 4099 Illud
3346 4060 3505 4116 ergo,

1923 4134 2136 4189 1iratus
2185 4150 2246 4190 es
2299 4136 2451 4199 mihi,
2482 4155 2502 4188 ι
2560 4138 2916 4206 pristinorum
2974 4150 3320 4207 peccatorum
3370 4154 3504 4193 cou-

1919 4221 2208 4280 l‘essionem
2251 4227 2471 4280 exhibet
2518 4242 2530 4280 :
2587 4242 2820 4296 quorum
2873 4243 3032 4282 causa
3082 4227 3329 4299 Aigyptii
3381 4239 3509 4285 ante

1917 4317 2212 4372 salutarem
2253 4320 2593 4375 vocationem
2656 4321 2733 4375 ira
2787 4319 2877 4373 Dei
2935 4321 3080 4391 (ligni
3132 4330 3332 4387 erant;
3374 4317 3507 4376 illud

1917 4417 2119 4467 autem.
2152 4425 2171 4459 1
2199 4408 2456 4463 Avertisti
2492 4410 2725 4465 furorem
2758 4421 2908 4464 tuum
2953 4427 2982 4464 a
3013 4427 3096 4465 me
3118 4452 3132 4475 ,
3165 4421 3218 4466 et
3249 4414 3506 4469 misertus

1918 4516 1978 4555 es
2014 4502 2202 4565 mihi,»
2245 4514 2591 4572 peccatorum
2623 4507 3019 4572 remissionem,
3052 4508 3157 4562 illis
3187 4519 3309 4578 post
3343 4525 3504 4565 voca-

203 4592 640 4671 ἆμαρτημάτων
677 4596 952 4666 σημαίνει.
985 4598 1049 4651 Ἡ
1077 4599 1186 4669 γὰρ
1214 4601 1373 4672 χάρις
1400 4602 1490 4653 καὶ
1521 4602 1554 4670 ἡ
1586 4599 1813 4670 ἀλήθεια

1923 4592 2122 4646 tionem
2179 4609 2514 4659 concessam,
2567 4595 2856 4665 signiﬁcat.
2906 4595 3038 4652 Nam
3075 4601 3249 4668 gratia
3282 4611 3337 4655 et
3364 4602 3504 4656 veri-

207 4690 295 4742 διὰ
331 4691 513 4760 Ἰησοῦ
539 4687 785 4760 Χριστοῦ
815 4689 1080 4760 γενομένη
1137 4693 1230 4742 καὶ
1260 4693 1442 4755 αὐτοῖς
1474 4691 1812 4758 Αἰγυπτίοις,

210 4783 300 4835 καὶ⁵
341 4786 484 4836 πᾶσι
513 4785 636 4844 τοίς
687 4781 780 4833 τὸν
816 4781 941 4834 Υἰὸν
995 4781 1092 4834 τοῦ
1135 4782 1269 4835 Θεοῦ
1301 4784 1812 4854 παραδεδεγμένοις.

209 4875 430 4945 δεσμῶν
481 4873 646 4927 λύσιν
701 4873 797 4925 καὶ
860 4872 1144 4945 ἁμαρτιῶν
1203 4875 1549 4946 συγχώρησιν
1610 4876 1815 4946 ἐδωρή-

214 4984 363 5021 σατο.

286 5079 306 5111 1
354 5059 471 5114 Καὶ
500 5057 814 5127 ἀντλήσατε
850 5055 993 5132 ὕδωρ
1045 5057 1162 5127 μετ’
1208 5057 1544 5128 εὐφροσυνης
1587 5061 1652 5111 ἐκ
1700 5059 1809 5112 τῶν

213 5153 410 5224 πηγῶν
447 5151 546 5206 τοῦ
576 5149 884 5220 Σωτηρίου.
921 5171 937 5203 ι
966 5151 1132 5203 Πάλιν
1159 5149 1529 5220 ἁλληγορικῶς
1578 5151 1811 5204 ἐνταῦθα

215 5243 594 5318 παραδεκτέον
630 5240 694 5293 τὸ
729 5239 870 5312 ὕδωρ
903 5242 1124 5304 καὶτὰς
1159 5241 1340 5310 πηγὰς
1375 5241 1466 5293 τοῦ
1508 5241 1806 5314 Σωτηρέου.

216 5339 447 5409 Νοήσεις
477 5338 538 5390 δέ
570 5333 753 5388 ταῦτα
780 5333 941 5385 αὐτοῦ
974 5335 1220 5400 λέγοντος
1246 5334 1337 5386 τοῦ
1375 5335 1653 5404 Σωτῆρος·
1695 5354 1711 5384 1
1749 5335 1814 5386 Ei’

215 5446 295 5492 tt;
325 5429 478 5500 διψᾷ,
509 5423 772 5498 ἐρχέσθω
797 5424 930 5494 πρὸς
977 5426 1064 5494 μὲ,
1102 5426 1195 5478 καὶ
1225 5427 1452 5478 πινέτω·
1484 5427 1512 5476 ὁ
1540 5425 1811 5478 πιστεύων

216 5525 291 5583 εἰς
319 5523 440 5594 ἐμὲ,
468 5540 487 5572 1
516 5517 712 5579 καθὼς
731 5513 929 5586 εἶπενὴ
961 5518 1174 5588 Γραφὴ,
1203 5537 1218 5568 ι
1249 5518 1480 5587 ποταμοὶ
1499 5520 1560 5569 ὲκ
1583 5518 1681 5587 τῆς
1699 5536 1812 5570 κοι-

215 5619 331 5684 λίας
362 5621 537 5678 σῦτοῦ
564 5620 857 5692 ῥεύσουσιν
879 5617 1064 5680 ὓδατος
1097 5616 1310 5680 ζῶντος.
1366 5638 1381 5665 ι
1417 5617 1594 5684 "nam".
1634 5617 1811 5669 τοίνυν

284 5738 325 5769 ’¹
357 5739 541 5795 Exod.
579 5751 676 5797 xv,
721 5736 766 5788 I.
847 5735 886 5763 ⁷³
922 5734 1077 5790 Joan.
1112 5749 1216 5796 \‘tt,
1252 5735 1340 5788 37.

1920 4692 2001 4736 tas
2039 4699 2134 4752 per
2166 4681 2351 4738 Jesunt
2378 4685 2653 4740 Christum
2683 4690 2850 4755 facta,
2879 4707 3004 4746 cum
3040 4692 3168 4759 ipsis
3197 4691 3498 4762 Egyptiis,

1917 4785 2028 4826 tum
2061 4777 2315 4830 omnibus
2362 4777 2446 4839 iis,
2476 4778 2565 4846 qtti
2610 4777 2804 4833 Filiutn
2845 4780 2934 4834 Dei
2971 4793 3345 4851 susceperant,
3380 4784 3502 4837 vin-

1913 4867 2155 4922 culorum
2192 4870 2541 4939 solutionem,
2583 4885 2638 4928 et
2671 4886 3017 4932 Deecatorutu
3054 4878 3263 4930 veniam
3293 4878 3460 4933 dedit.

1993 5049 2152 5108 Vens.
2184 5054 2236 5106 '5.
2275 5072 2292 5103 1
2327 5055 2388 5107 Et
2421 5056 2638 5110 haurite
2665 5071 2861 5126 aquam
2890 5073 3012 5112 eum
3045 5059 3244 5127 gaudio
3275 5075 3342 5115 ex
3383 5059 3503 5114 fon-

1922 5143 2062 5198 tibus
2088 5144 2375 5199 Salutaris.
2409 5166 2427 5198 ι
2475 5147 2599 5201 llaec
2643 5148 2796 5210 item,
2825 5159 2932 5202 tam
2980 5167 3146 5219 aqua,
3187 5167 3350 5221 quam
3385 5152 3500 5206 fon-

1921 5246 1998 5292 tes
2023 5235 2308 5302 Salutaris,
2344 5240 2632 5308 allegorice
2661 5254 2786 5296 sunt
2811 5243 3144 5310 accipienda.
3185 5243 3310 5299 llaac
3334 5260 3499 5308 porro

1920 5331 2195 5401 intelligas
2248 5334 2362 5402 ipso
2394 5335 2683 5388 Servatore
2734 5338 2972 5398 dicente,
3024 5354 3042 5384 1
3077 5334 3132 5388 Si
3181 5337 3304 5402 quis
3357 5322 3503 5400 sitit,-

1919 5425 2100 5484 yeniat
2146 5427 2212 5478 ad
2251 5443 2352 5488 me,
2391 5439 2439 5483 et
2491 5428 2634 5481 bibat
2677 5446 2691 5482 :
2736 5429 2826 5496 qui
2880 5429 3052 5482 credit
3095 5430 3145 5482 in
3185 5446 3325 5493 me,»
3359 5432 3501 5485 sicut

1923 5521 2053 5574 dicit
2116 5519 2416 5588 Scriptura.
2461 5542 2478 5572 1
2520 5522 2737 5576 ﬂumina
2785 5521 2850 5573 de
2915 5529 3104 5573 ventre
3163 5521 3284 5590 ejus
3330 5521 3498 5575 ﬂuent

1920 5627 2074 5682 aqua:
2118 5615 2252 5670 vivae
2295 5615 2401 5668 τ’.»
2439 5614 2636 5670 Fontes
2689 5615 2852 5684 igitur
2884 5612 3167 5704 Salutaris,
3214 5627 3495 5668 sermones

287 5885 395 5954 (l8)
452 5883 590 5941 Haec
657 5891 786 5936 item
847 5877 1239 5948 ll‘eronytttm,
1298 5880 1385 5934 sed
1446 5880 1661 5934 brevius
1717 5885 1993 5946 expromt.
