4100 6450
642 489 739 544 183

1278 481 1542 539 EUSEBII
1585 477 2062 538 CESARIENSIS
2104 477 2252 535 OPP.
2295 476 2475 531 PARS
2512 475 2596 529 Ill.
2637 506 2703 518 --
2742 470 3145 531 ESEGETICA.

3775 467 3874 523 184

637 600 929 672 evangelici
992 609 1152 668 sunt,
1217 613 1280 656 ex
1353 599 1553 672 Spiritu
1613 607 1800 659 sancto
1862 612 1957 653 ceu
2012 597 2177 653 imbre

2304 594 2587 671 £11?me
2619 594 2766 665 λόγοι
2796 593 2930 647 εἰσὶν
2958 587 3322 660 εὐαγγελικώ,
3349 586 3409 654 ἐξ
3446 586 3601 656 ἁγίου
3631 584 3865 659 Πνεύμα-

633 708 833 750 eiulqu

705 783 871 840 Vua.
901 784 956 846 ι.
988 783 1041 839 5;
1099 802 1117 834 ι
1146 782 1210 836 Et
1236 781 1384 836 dices
1422 781 1473 835 in
1509 780 1594 835 die
1638 780 1761 845 illa,
1793 778 2018 850 Hymnis
2057 780 2200 834 cele-

632 872 784 927 brate
818 874 1120 937 Dominum,
1159 871 1387 927 clamate
1437 887 1633 926 nomen
1664 872 1780 939 ejus
1825 889 1839 926 :
1885 871 2197 925 annuntiate

562 934 571 953 Ι
633 964 884 1033 gentibus
924 962 1153 1032 gloriosa
1203 960 1336 1031 ejus.
1376 959 1697 1015 Mementote
1751 963 2002 1029 quoniam
2049 960 2197 1014 exal-

635 1064 804 1107 tutum
858 1063 942 1108 est
996 1067 1189 1107 nomen
1245 1050 1381 1121 ejus.
1434 1050 1659 1122 Hymnis
1693 1052 1961 1106 celebrate
2003 1066 2192 1106 nomen

633 1144 861 1209 Domini,
894 1143 1017 1212 quia
1051 1143 1267 1198 excelsa
1300 1143 1427 1197 fecit
1458 1162 1469 1197 :
1503 1141 1819 1198 annuntiate
1851 1142 1965 1198 haec
1995 1144 2045 1199 in
2074 1144 2196 1197 uni-

629 1250 782 1291 versa
825 1245 990 1289 terra.
1022 1254 1040 1287 ι
1073 1235 1226 1300 Illud,
1266 1252 1285 1285 ι
1319 1234 1486 1296 dices,
1521 1251 1539 1287 ι
1589 1235 1813 1287 chorum
1837 1234 2193 1304 evangelista-

629 1344 749 1383 rum
777 1327 1077 1383 Salvatoris
1110 1326 1277 1382 nostri
1306 1324 1606 1394 compellat.
1636 1323 1690 1378 In
1716 1324 1827 1389 illa,
1863 1326 2054 1395 inqmt,
2083 1326 2189 1388 die,

629 1418 840 1473 scilicet
888 1427 1131 1487 tempore
1162 1418 1213 1471 in
1250 1416 1529 1485 prophetia
1570 1417 1892 1488 signiﬁcato,
1930 1427 1985 1472 tu
2018 1431 2190 1486 praeco

628 1507 888 1561 salutaris
934 1506 1239 1576 Evangelii,
1299 1504 1568 1577 Egyptiis
1614 1508 1704 1575 qui
1750 1508 2188 1577 praedicationem

627 1598 983 1668 susceperint,
1032 1598 1199 1661 dices,
1245 1613 1263 1646 ι
1295 1595 1518 1667 Hymnis
1563 1598 1830 1653 celebrate
1880 1598 2184 1663 Dominum,

631 1690 866 1744 clamate
919 1688 1120 1743 nomini
1171 1687 1416 1752 Domini,
1468 1674 1884 1743 annuntiate‘in
1938 1691 2186 1758 gentibus

626 1781 857 1843 gloriosa
910 1782 1023 1850 ejus
1060 1797 1075 1832 :
1111 1790 1441 1841 mementote
1478 1779 1731 1847 quoniam
1769 1780 2065 1834 exaltatum
2104 1791 2186 1834 est

626 1885 817 1924 nomen
851 1869 983 1937 ejus.
1016 1888 1035 1921 ι
1080 1868 1203 1922 Haec
1230 1869 1424 1938 quippe
1469 1878 1546 1932 tu,
1577 1869 1777 1923 chorus
1834 1868 2179 1938 apostolicus,

2304 701 2393 749 τος
2422 683 2871 756 ἀνωμδρωμένοι.

2379 795 2398 829 ι
2440 778 2548 831 Καὶ
2573 779 2717 847 ἐρεῖς
2747 776 2805 829 ὲν
2827 775 2893 845 τῆ
2924 772 3105 845 ἡμέρᾳ
3130 771 3341 843 ἐκείνηο
3370 770 3617 842 ’Υμνεῖτε
3642 769 3870 842 Κύριον,

2302 862 2461 935 βοᾶτε
2491 864 2553 918 τὸ
2581 865 2751 935 ὄνομα
2779 863 2965 925 αὐτοῦ,
3020 862 3376 931 άναγγείλατε
3424 863 3536 925 τοῖς
3582 859 3758 913 ἔθνεσι
3800 860 3871 915 τά

2300 955 2485 1021 ἔνδοξα
2533 956 2720 1020 αὑτοῦ,
2782 954 3169 1027 μιμνήσκεσθε,
3226 955 3307 1007 ὅτι
3353 953 3538 1024 ὑψώθη
3594 951 3655 1004 τὸ
3698 952 3870 1023 θνομα

2302 1047 2487 1102 αὑτοῦ.
2526 1048 2832 1119 ’Υμνήσατε
2860 1049 2919 1101 τὸ
2939 1048 3105 1117 ὄνομα
3129 1046 3455 1116 Κυρίου,ὂτι
3476 1046 3652 1117 ὑψηλὰ
3682 1046 3868 1117 ἐποίη-

2301 1154 2422 1190 σεν·
2459 1138 2815 1206 ἀναγγείλατε
2872 1138 3045 1192 ταῦτα
3083 1140 3141 1190 ὲν
3190 1138 3337 1209 πάσῃ
3376 1140 3442 1208 τῇ
3488 1141 3580 1209 γῇ.
3618 1156 3637 1188 ι
3668 1137 3741 1190 Τὸ
3786 1136 3866 1199 δὲ,

2303 1245 2321 1278 ι
2367 1231 2531 1299 ἐρεῖς,
2572 1248 2590 1279 ι
2644 1232 2955 1298 προσφωνεί
2998 1228 3077 1299 τῷ
3118 1227 3261 1299 χορῷ
3317 1228 3423 1281 τῶν
3466 1226 3866 1297 εὑαγγελιστῶν

2296 1319 2388 1373 τοῦ
2420 1321 2671 1393 Σωτῆρος
2705 1320 2881 1391 ἡμῶν.
2926 1320 3016 1373 Ἐν
3047 1321 3249 1392 ἐκείνῃ,
3277 1322 3429 1391 φησὶ,
3457 1324 3521 1392 τῇ
3554 1307 3754 1392 ἡμέρᾳ,
3776 1320 3866 1391 δην

2293 1413 2424 1485 λαδὴ
2464 1416 2519 1467 ὲν
2548 1414 2623 1484 τῷ
2657 1415 3135 1486 προφητευομένῳ,
3172 1414 3315 1485 ἐρεῖς
3353 1415 3438 1475 σὺ,
3472 1417 3500 1467 6
3544 1411 3717 1485 κήρυξ
3767 1411 3865 1465 τοῦ

2294 1499 2561 1575 σωτηρίου
2612 1504 2965 1573 Εὑαγγελίου,
2993 1507 3103 1568 τοῖς
3138 1504 3197 1556 τὺ
3245 1504 3506 1575 κήρυγμα
3556 1501 3864 1575 παραδεξα-

2296 1594 2479 1663 μένοις
2500 1594 2834 1662 Αἰγυπτίοις.
2868 1613 2884 1645 ι
2920 1594 3169 1664 ’Υμνεϊτε
3197 1593 3419 1665 Κύριον,
3455 1593 3613 1664 βοᾶτε
3641 1593 3719 1664 τῷ
3747 1591 3864 1645 ὀνό-

2292 1696 2421 1748 ματι
2448 1679 2651 1752 Κυρίου
2674 1697 2686 1708 ·
2745 1681 3102 1749 ἀναγγείλατε
3133 1682 3191 1733 έν
3234 1684 3344 1744 τοῖς
3370 1680 3545 1734 ἔθνεσι
3571 1682 3639 1735 τά
3676 1681 3865 1747 ἔνδοξα

2288 1772 2479 1825 αὐτοῦ’
2517 1774 2919 1849 μιμνήσκεσθε,
2945 1775 3026 1826 ὅτι
3061 1774 3246 1845 ὑψώθη
3294 1773 3356 1826 τὸ
3403 1773 3571 1843 ὄνομα
3610 1774 3794 1829 αὐτοῦ.
3837 1794 3859 1827 ι

2288 1863 2472 1916 Ταῦτα
2499 1863 2608 1934 γάρ
2632 1863 2721 1929 σὺ,
2740 1865 2767 1915 6
2800 1863 2959 1934 χορὸς
2984 1865 3013 1916 6
3048 1863 3420 1927 ἀποστολικὸς,
3447 1864 3711 1916 διδάσκων
3733 1865 3865 1930 τοὺς

626 1974 746 2014 cum
804 1959 1096 2029 discipulos
1140 1958 1356 2013 docebis
1398 1968 1539 2021 tuos,
1574 1959 1833 2025 proferes,
1872 1958 2177 2028 praecipiens

2290 1955 2395 2007 ὑπὸ
2427 1955 2487 2007 σὲ
2523 1955 3014 2026 μαθητευομένους,
3046 1956 3209 2026 ἐρεῖς,
3258 1954 3649 2026 παραγγέλλων
3678 1956 3864 2020 αὑτοῖς

626 2048 751 2111 Illis,
788 2058 847 2101 ut
875 2064 941 2102 ne
972 2048 1204 2111 sileant;
1251 2047 1342 2101 sed
1394 2046 1641 2101 salutaris
1681 2046 1921 2102 beneﬁcii
1956 2049 2185 2117 gratiam

623 2140 875 2194 omnibus
903 2140 1243 2202 annuntient,
1276 2138 1611 2207 clamentque
1636 2148 1692 2191 ut
1733 2138 2037 2195 audiantur.

697 2231 857 2288 Vens.
894 2230 947 2286 6.
991 2249 1009 2282 ι
1040 2231 1312 2286 Exsultate
1355 2240 1409 2285 et
1452 2230 1747 2295 betamini,
1793 2232 1883 2299 qui
1931 2232 2186 2287 habitatis

625 2321 778 2387 Sion,
824 2322 947 2389 quia
999 2322 1262 2376 exaltatus
1311 2331 1394 2376 est
1432 2332 1650 2376 sanctus
1700 2320 1859 2376 Israel
1911 2322 1965 2376 in
2010 2325 2183 2379 medio

620 2412 756 2480 ejus.
779 2430 797 2462 ι
829 2410 946 2466 Jam
974 2411 1212 2479 pluribus
1240 2412 1492 2465 traditum
1518 2422 1601 2466 est
1629 2411 1845 2466 Sionem
1875 2429 1994 2470 esse
2017 2429 2183 2469 evan-

622 2501 846 2569 gelicum
877 2502 1120 2565 verbum,
1156 2502 1207 2555 in
1242 2517 1351 2571 quo
1382 2501 1628 2557 Ecclesia
1658 2502 1750 2556 Dei
1779 2503 2039 2556 zeditlcata
2076 2513 2178 2558 est.

622 2592 883 2658 Quoniam
927 2592 1088 2662 igitur
1138 2603 1356 2647 sanctus
1393 2593 1556 2647 Israel
1603 2595 1654 2646 in
1702 2594 1874 2649 medio
1922 2594 2179 2651 Ecclesiae

621 2684 890 2739 exaltatus
928 2694 1037 2750 est;
1082 2686 1225 2756 jure,
1278 2686 1468 2754 inquit.
1515 2687 1785 2741 exsultate
1833 2698 1887 2742 et
1920 2688 2177 2744 Iaetamini

620 2776 708 2843 qui
744 2776 793 2829 in
823 2776 907 2830 illa
959 2779 1111 2841 estis,
1142 2787 1324 2846 utpote
1370 2777 1457 2845 qui
1516 2787 1763 2832 sanctum
1792 2778 1947 2833 Israel
1981 2780 2031 2834 in
2067 2796 2178 2835 me-

620 2868 707 2921 dio
739 2878 973 2922 vestrum
1020 2869 1289 2933 habeatis;
1337 2869 1631 2923 secundum
1665 2870 2074 2938 promissionem
2110 2872 2178 2927 ab

618 2960 733 3027 ipso
786 2958 983 3013 factam
1022 2960 1105 3015 his
1139 2962 1338 3023 verbis,
1378 2980 1395 3012 ι
1427 2959 1527 3015 Ubi
1575 2962 1697 3026 duo,
1747 2961 1831 3015 vel
1894 2973 2006 3017 tres
2056 2977 2180 3017 con-

618 3051 819 3120 gregati
865 3051 1065 3106 fuerint
1097 3052 1149 3106 in
1202 3054 1420 3107 nomine
1468 3067 1606 3119 meo,
1652 3052 1760 3108 illic
1798 3068 1913 3108 sum
1962 3056 2013 3108 in
2064 3069 2177 3108 me-

617 3142 703 3197 dio
731 3157 916 3197 eorum
938 3143 1002 3195 ⁷³.
1037 3162 1055 3195 ι

1200 3234 1429 3290 CAPUT
1459 3235 1593 3295 XIII.

688 3320 853 3378 Vens.
900 3323 953 3388 1,
998 3323 1049 3377 ε.
1119 3323 1351 3389 «Visio,
1403 3340 1563 3394 quam
1619 3325 1753 3380 vidit
1815 3326 1982 3381 Isaias
2032 3327 2173 3384 ﬁlius

592 3416 800 3479 ‘Amos,
848 3426 1035 3471 contra
1064 3416 1416 3489 Babylonem.
1464 3415 1632 3487 Super
1688 3427 1923 3473 montem
1966 3433 2175 3489 campe-

615 3516 782 3561 strem
830 3505 1003 3561 levate
1058 3508 1309 3578 signum,
1371 3511 1603 3563 exaltate
1657 3523 1839 3563 vocem
1898 3510 2073 3579 ipsis:
2110 3526 2174 3566 ne

616 3598 875 3662 timeatis,
910 3599 1168 3653 advocate
1192 3600 1626 3667 manu,.aperite,
1652 3601 1943 3669 principes.
1973 3621 1990 3653 ι
2026 3602 2172 3657 Vat-i-

614 3685 936 3742 cinatus'ea
984 3703 1103 3757 qua:
1156 3688 1209 3742 in
1265 3690 1496 3743 adventu
1542 3689 1742 3743 Christi
1792 3690 1974 3745 futura
2026 3701 2170 3758 sunt,

616 3776 756 3833 aliud
800 3778 899 3832 init
940 3790 1313 3847 argumentum
1346 3791 1531 3833 contra
1564 3780 1889 3852 Babylonem
1928 3800 1942 3836 :
1982 3783 2174 3837 deinde

616 3869 904 3924 secundum
946 3871 1095 3924 addit
1127 3872 1191 3924 de
1225 3871 1547 3937 Philistais;
1581 3882 1762 3939 postea
1798 3876 2017 3929 tertium
2043 3889 2173 3929 ροη-

616 3970 698 4013 tra
732 3959 1069 4015 Moabitidem
1097 4000 1113 4025 ,
1164 3963 1287 4016 hinc
1336 3974 1521 4018 contra
1570 3962 1913 4028 Damascum,
1958 3976 2013 4019 et
2054 3976 2173 4033 post

616 4052 729 4105 bare
766 4052 1006 4121 sequitur
1046 4055 1180 4109 visio
1213 4053 1462 4125 Egypti;
1507 4064 1717 4125 sextum
1772 4055 1982 4120 deinde,
2037 4058 2171 4111 visio

617 4140 878 4204 Idumam,
912 4143 1010 4195 suh
1040 4142 1173 4204 hzec,
1197 4142 1488 4211 assumptio
1513 4143 1723 4197 Arabiae.
1747 4160 1763 4210 ;
1790 4160 1951 4213 quam
1974 4147 2173 4216 excipit

618 4230 753 4283 visio
786 4231 941 4285 vallis
965 4231 1115 4297 Sion,
1155 4233 1368 4287 demum
1406 4233 1540 4287 visio
1566 4231 1714 4304 Tyri.
1758 4234 1850 4287 Ha!
1886 4250 2046 4303 porro
2074 4239 2168 4290 de-

614 4337 730 4376 cem
785 4324 1079 4391 prophetize
1128 4333 1312 4379 mutuo
1367 4325 1662 4387 cohaerent,
1722 4324 1786 4378 de
1850 4325 2171 4398 alienigenis

615 4412 864 4480 gentibus
906 4412 1143 4485 prolatae,
1196 4413 1520 4483 quibuscum
1558 4414 1746 4475 vallem
1791 4414 1972 4471 Sionis
2022 4432 2171 4471 com-

614 4504 888 4572 plectitur,
924 4519 1043 4558 cum
1092 4506 1412 4577 alienigenis
1438 4507 1720 4563 Iudaicum
1757 4513 1883 4565 Item
1916 4509 2168 4578 populum

2293 2045 2366 2116 μὴ
2402 2048 2613 2115 σιωπᾷν
2636 2063 2649 2078 ·
2675 2046 3017 2115 ἐξαγγέλλειν
3033 2046 3089 2100 δὲ
3112 2050 3223 2110 τοῖς
3252 2050 3385 2100 πᾶσι
3414 2048 3505 2101 καὶ
3534 2049 3612 2111 εἰς
3633 2047 3863 2113 ἑξάχουν

2290 2151 2413 2187 στον
2448 2135 2576 2206 βοᾷν
2606 2136 2703 2207 τῆς
2738 2135 3002 2207 σωτηρίου
3034 2137 3349 2208 εὐεργεσίας
3376 2137 3475 2208 τὴν
3499 2137 3678 2208 χάριν.

2365 2245 2385 2277 ι
2441 2226 2791 2296 Ἀγαλλιᾶσθε
2840 2229 2931 2281 καὶ
2975 2228 3349 2300 εὐφραίνεσθε,
3382 2231 3431 2283 οἱ
3475 2246 3861 2295 κατοικουντες

2286 2314 2440 2378 Σιὼν,
2460 2317 2541 2369 ὅτι
2567 2315 2751 2387 ὑψώθη
2774 2320 2802 2371 6
2830 2319 2984 2385 ἅγιος
3010 2318 3101 2371 τοῦ
3140 2320 3353 2391 Ἰσραὴλ
3378 2323 3434 2373 ἑν
3453 2321 3600 2391 μέσῳ
3629 2321 3817 2390 αὐτῆς.
3835 2342 3854 2373 ι

2288 2405 2425 2475 Ἤδη
2468 2406 2525 2459 δὲ
2562 2408 2649 2460 διὰ
2695 2408 2956 2460 πλειόνων
3007 2407 3145 2461 Σιὼν
3178 2410 3411 2481 ἀπεδόθη
3446 2413 3475 2464 6
3506 2411 3861 2479 εὑαγγελικὺς

2283 2494 2458 2565 λόγος,
2512 2497 2596 2567 ἐφ’
2641 2492 2701 2551 οὗ
2754 2500 2787 2570 ἠ
2826 2500 3120 2571 Ἐκκλησία
3160 2501 3253 2554 τοῦ
3303 2502 3437 2555 θεοῦ
3488 2502 3854 2574 ᾠκοδόμηται.

2295 2587 2445 2639 Ἐπεὶ
2498 2588 2677 2640 τοίνυν
2728 2590 2757 2640 6
2800 2590 2953 2658 ἆγιος
3005 2590 3100 2643 τοῦ
3141 2592 3354 2664 Ἰσραὴλ
3398 2592 3582 2663 ὑψώθη
3617 2596 3673 2646 ὲν
3705 2594 3860 2667 μέσῳ

2278 2678 2377 2747 τῆς
2447 2679 2788 2750 Ἐκκλησίας,
2850 2682 3073 2747 εἰκότως
3145 2684 3490 2752 ἀγαλλιᾶσθε,
3547 2685 3702 2756 φησὶ,
3763 2686 3860 2742 καὶ

2283 2768 2662 2839 εὐφραίνεσθε,
2694 2774 2740 2824 οἱ
2778 2773 2835 2826 ἐν
2861 2775 2999 2844 αὐτῇ
3025 2792 3038 2805 ο
3071 2775 3164 2828 ἆτε
3188 2776 3250 2846 δὴ
3283 2777 3445 2846 μέσον
3465 2778 3626 2830 αὑτὸν
3640 2778 3859 2848 ἔχοντες

2278 2861 2371 2913 τὸν
2427 2862 2578 2930 ἆγιον
2631 2862 2725 2916 τοῦ
2784 2865 3016 2937 Ἰσραὴλ,
3068 2850 3207 2919 κατά
3262 2868 3359 2937 τὴν
3415 2868 3741 2937 ἐπαγγελίαν
3784 2870 3858 2942 ἢν

2281 2952 2444 3015 αὐτὸς
2478 2954 2767 3025 πεποίηται
2794 2958 3001 3027 φήσαςο
3044 2977 3062 3008 ι
3100 2960 3272 3011 Ὅπου
3315 2959 3421 3011 είσὶ
3452 2959 3547 3012 δύο
3578 2960 3673 3013 καὶ
3704 2962 3855 3031 spei;

2281 3047 2610 3116 συνηγμένοι
2655 3049 2712 3101 ἐν
2761 3049 2838 3119 τῷ
2867 3050 3088 3120 ὀνόματί
3129 3068 3253 3122 μου,
3296 3053 3411 3106 ἐκεῖ
3454 3055 3570 3125 είμι
3603 3056 3663 3107 ὲν
3702 3055 3854 3128 μέσῳ

2276 3153 2472 3190 αυτων.
2507 3156 2523 3189 Ι

2790 3231 3184 3285 ΚΕΦΑΛΑΙΟΝ
3224 3232 3320 3287 Il‘.

2356 3338 2375 3370 ι
2422 3322 2650 3392 Ὀρασις
2694 3323 2759 3391 ἣν
2790 3317 2929 3375 εἶδεν
2965 3325 3189 3387 Ἡσαΐας
3216 3324 3328 3388 υίὸς
3364 3326 3544 3397 Ἀμὼς
3567 3328 3710 3381 κατά
3744 3328 3851 3383 Ba-

2277 3411 2534 3477 συλῶνος.
2572 3414 2687 3466 Ἐπ’
2722 3415 2879 3485 ὅρους
2929 3414 3144 3467 πεδινοῦ
3185 3416 3352 3486 ἄρατε
3406 3421 3651 3489 σημεῖον,
3704 3420 3853 3491 ὑψώ-

2276 3520 2403 3557 σατε
2430 3504 2527 3575 τὴν
2563 3506 2743 3576 φωνὴν
2780 3508 2991 3567 αὐτοῖς·
3030 3507 3104 3579 μὴ
3153 3509 3422 3577 φοϐεῖσθε,
3473 3512 3850 3583 παρακαλεῖτε

2272 3596 2338 3663 τῇ
2407 3595 2570 3665 χειρὶ,
2626 3596 2893 3660 ἀνοίξατε,
2930 3598 2980 3649 oi
3029 3598 3306 3668 ἄρχοντες.
3356 3620 3374 3652 ι
3426 3603 3535 3656 Καὶ
3596 3604 3733 3675 μετά
3778 3604 3852 3660 τὰ

2273 3684 2629 3738 θεσπισθέντα
2658 3686 2723 3738 τὰ
2751 3688 2842 3739 ἐπὶ
2875 3688 2973 3757 τῆς
3001 3690 3297 3759 παρουσίας
3325 3692 3417 3744 τοῦ
3462 3695 3696 3764 Χριστοῦ
3751 3713 3842 3765 γι-

2272 3776 2543 3847 νησόμενα
2568 3778 2758 3847 ἑτέρας
2796 3780 3020 3848 ἄρχεται
3055 3781 3359 3847 ὑποθέσεως
3384 3784 3484 3854 τῆς
3510 3787 3649 3839 κατά
3676 3788 3851 3842 Βαϐυ-

2273 3865 2468 3929 λῶνος*
2503 3863 2601 3918 εἷθ’
2632 3868 2756 3937 ἑξῆς
2780 3870 3035 3941 δευτέραν
3084 3873 3263 3945 τίθησι
3308 3876 3406 3945 τὴν
3436 3876 3562 3947 περὶ
3596 3878 3702 3930 τῶν
3736 3880 3845 3933 Φυ-

2272 3957 2546 4011 λιστιαίων
2580 3974 2593 3987 ·
2631 3960 2748 4029 μεθ’
2781 3961 2846 4031 ἣν
2884 3962 3064 4032 τρίτον
3103 3964 3221 4020 ἐστὶ
3244 3966 3304 4019 τὸ
3334 3967 3477 4021 κατὰ
3502 3969 3600 4038 τῆς
3630 3971 3850 4024 Μωαϐί-

2270 4047 2411 4112 τιδος
2437 4066 2449 4079 ⁸
2478 4046 2596 4101 εἶτα
2627 4053 2720 4103 καὶ
2758 4053 2818 4104 τὸ
2851 4054 2991 4107 κατὰ
3020 4057 3331 4127 Δαμασκοῦ,
3375 4061 3465 4113 καὶ
3494 4062 3631 4131 μετά
3670 4062 3845 4118 ταῦτα

2270 4138 2463 4203 ὅρασις
2512 4140 2820 4208 Αίγύπτου·
2858 4140 2958 4197 εἷθ’
3012 4146 3167 4200 ἕκτον
3214 4149 3277 4199 τὸ
3310 4150 3492 4220 ὅραμα
3538 4152 3637 4221 τῆς
3689 4154 3845 4207 Ἰδου-

2276 4230 2471 4300 μαίας·
2534 4232 2723 4285 έπειτα
2770 4233 2960 4306 λῆμμα
3013 4242 3078 4308 τῇ
3134 4239 3394 4311 Ἀραϐίᾳο
3448 4235 3492 4309 ᾧ
3544 4243 3731 4297 ἕπεται
3780 4243 3845 4299 τδ

2272 4321 2458 4391 ὅραμα
2484 4322 2583 4391 τῆς
2616 4324 2895 4395 φάραγγος
2922 4327 3059 4381 Σιών
3080 4347 3093 4359 ·
3131 4332 3222 4382 καὶ
3251 4333 3343 4385 ἐπὶ
3372 4335 3505 4386 πᾶσι
3554 4335 3614 4388 τὸ
3661 4336 3845 4407 ὅραμα

2274 4415 2467 4486 Τύρου.
2505 4417 2643 4469 Δέκα
2678 4417 2735 4469 δὲ
2778 4411 2937 4471 αὗται
2994 4421 3085 4483 καζι
3138 4425 3480 4493 συνημμέναι
3517 4428 3843 4496 τυγχάνουσι

2276 4509 2599 4575 προφητεῖαι
2622 4509 2748 4578 περὶ
2780 4509 2889 4562 τῶν
2930 4510 3239 4581 ἀλλοφύλων
3273 4513 3463 4579 ἐθνῶν,
3485 4510 3571 4577 αἷς
3600 4518 3693 4569 καὶ
3742 4517 3844 4590 τὴν

612 4609 861 4649 evocans.
899 4594 1007 4650 Cur
1053 4609 1228 4651 autem
1258 4598 1446 4651 horum
1482 4609 1689 4652 tantum
1713 4601 1865 4667 quasi
1913 4616 1977 4654 ex
2026 4611 2169 4654 sorte

2281 4598 2534 4667 φάραγγα
2596 4598 2733 4651 Σιὼν
2764 4603 3211 4674 συμπεριείληφε,
3236 4608 3349 4668 τοῖς
3392 4606 3705 4676 ἀλλοφύλοις
3747 4611 3843 4665 καὶ.

612 4688 844 4754 quadam
880 4689 1157 4754 meminit,
1189 4690 1412 4743 aliarum
1458 4706 1585 4745 vero
1636 4694 1875 4761 gentium
1922 4693 2174 4747 minimc?

615 4776 1024 4843 Respondemus
1075 4778 1245 4831 nullas
1298 4780 1429 4833 alias
1478 4789 1603 4833 tunc
1659 4780 1915 4849 temporis
1962 4780 2175 4835 Judaeu-

615 4878 733 4916 runt
790 4864 981 4933 populo
1035 4865 1256 4919 infestas
1304 4865 1488 4931 fuisse,
1526 4869 1627 4923 nisi
1660 4884 1821 4937 supra
1853 4872 2169 4933 recensitas.

613 4971 732 5025 quae
785 4954 1097 5023 frequenter
1143 4966 1330 5011 contra
1381 4959 1503 5013 illos
1561 4961 1959 5032 iusurgebant:
2012 4963 2173 5019 modo

613 5046 832 5113 quidem
873 5043 1263 5117 Jernsolymam
1312 5049 1627 5115 expilantes,
1670 5055 1825 5107 modo
1867 5068 2054 5109 eorum
2088 5070 2173 5110 re-

613 5136 821 5203 gionem
852 5146 1148 5192 vastantes.
1196 5138 1554 5203 Quamobrem
1586 5156 1701 5206 eos,
1730 5143 1818 5212 qui
1850 5146 2171 5199 obsideban-

613 5238 721 5292 tur,
759 5229 1064 5283 necessario
1101 5228 1376 5299 Scriptura
1405 5232 1561 5287 docet
1590 5248 1649 5287 ea
1672 5275 1686 5299 ,
1722 5251 1845 5304 quae
1871 5236 2172 5291 obsidenti-

612 5319 714 5373 bus
756 5328 1012 5374 eventura
1055 5330 1227 5375 eraut.
1278 5322 1409 5392 Ipsis
1445 5339 1574 5377 vero
1606 5339 1727 5379 cum
1764 5327 2047 5381 scientiam
2079 5343 2175 5397 per

614 5408 885 5464 Christum
910 5412 1321 5478 conciliandam,
1348 5424 1459 5469 tum
1487 5414 1753 5470 bonorum
1782 5420 2165 5486 promissiones

613 5502 895 5556 annuntiat
928 5521 941 5556 :
977 5504 1331 5573 omnibusque
1372 5505 1667 5561 universim
1721 5509 1785 5563 de
1826 5510 2032 5580 judicio
2068 5512 2161 5567 Dei

614 5592 771 5647 verba
804 5593 950 5653 facit.
984 5610 1168 5673 omnes
1202 5597 1444 5651 homines
1469 5600 1753 5654 cohortans
1777 5602 1843 5653 ad
1876 5601 1962 5670 pie
1984 5604 2163 5657 viven-

614 5681 760 5749 dum,
796 5682 887 5737 Dei
916 5685 1195 5739 tribunalis
1228 5699 1510 5743 memores.
1552 5686 1785 5743 Primam
1813 5688 1974 5760 igitur
2002 5690 2157 5746 visio-

682 5858 727 5891 "
756 5858 943 5915 Matth.
973 5875 1125 5929 xvnt,
1156 5860 1245 5918 ΞΟ.

2273 4689 2360 4740 τὸν
2404 4688 2510 4739 τῶν
2546 4689 2813 4743 Ἰουδαίων
2864 4694 3204 4761 συγκαλέσας
3239 4694 3385 4749 λαόν.
3421 4697 3485 4749 Τί
3533 4698 3731 4769 δήποτε
3782 4700 3843 4754 δι

2271 4778 2472 4832 τούτων
2499 4780 2676 4849 μόνων
2701 4779 2889 4851 ὥσπερ
2913 4784 3376 4854 ἀποκληρωτικῶς
3401 4787 3691 4857 μέμνηται,
3718 4789 3842 4859 οὐχὶ

2271 4870 2326 4921 δὲ
2363 4870 2455 4922 καὶ
2503 4870 2701 4941 ἐτέρων
2736 4872 2943 4938 ὲθνῶν;
2984 4875 3266 4945 Ἐροῦμεν,
3293 4877 3374 4929 ὅτι
3423 4878 3639 4935 οὐδένες
3687 4880 3840 4934 ἄλλοι

2272 4962 2392 5014 κατ’
2423 4964 2596 5015 ὲκεῑνο
2621 4964 2815 5034 καιροῦ
2848 4965 3219 5035 παρηνόχλουν
3242 4970 3355 5031 τοῖς
3392 4968 3662 5033 Ἰουδαίοις
3713 4971 3745 5041 ἢ
3787 4974 3839 5026 oi

2273 5053 2717 5123 καταλεχθέντες,
2755 5057 2994 5125 συνεχῶς
3023 5058 3205 5121 αὑτοῖς
3238 5062 3656 5131 ἐπανιστάμενοι
3678 5080 3690 5091 ·
3742 5064 3840 5116 καὶ

2272 5146 2401 5197 ποτε
2430 5146 2526 5216 μὲν
2554 5146 2652 5217 τὴν
2695 5146 3047 5218 Ἰερουσαλὴμ
3084 5149 3432 5220 πορθοῦντες,
3466 5152 3595 5205 ποτὲ
3632 5154 3689 5206 δὲ
3736 5157 3839 5226 τὴν

2273 5236 2453 5309 χώραν
2472 5239 2648 5292 αὐτῶν
2681 5239 2954 5311 δῃοῦντες.
2993 5241 3185 5313 Διόπερ
3211 5243 3239 5295 6
3283 5243 3439 5311 λόγος
3460 5247 3583 5310 τοὺς
3613 5247 3839 5318 πολιορ-

2273 5328 2569 5399 κουμένους
2600 5332 2918 5399 ἀναγκαίως
2954 5334 3198 5386 ἐδίδασκε
3228 5334 3295 5388 τὰ
3319 5335 3703 5406 συμϐησόμενα
3724 5342 3839 5403 τοῖς

2274 5419 2455 5482 αὐτοῖς
2489 5421 2855 5492 πολιορκοῦσι.
2891 5425 3093 5479 Γνῶσιν
3122 5427 3178 5479 δὲ
3226 5429 3409 5490 αὐτοῖς
3446 5428 3543 5499 τὴν
3575 5429 3664 5483 διὰ
3696 5432 3837 5489 Χριν

2272 5511 2398 5563 στοῦ
2420 5512 2514 5565 καὶ
2539 5514 2761 5581 ἀγαθῶν
2800 5518 3129 5585 ἐπαγγελίας
3156 5518 3592 5588 εὐαγγελίζεταυ
3630 5540 3839 5593 κηρυτ-

2270 5618 2351 5655 τει
2391 5621 2448 5656 τε
2478 5604 2775 5669 καθολικῶς
2824 5611 2935 5672 τοῖς
2975 5612 3107 5663 πᾶσι
3139 5612 3228 5664 τὸν
3273 5614 3398 5683 περὶ
3431 5613 3530 5682 τῆς
3576 5615 3667 5667 τοῦ
3697 5616 3835 5669 Θεοῦ

2276 5694 2506 5764 κρίσεως
2531 5695 2704 5764 λόγον,
2735 5700 3053 5771 προτρέπων
3091 5702 3333 5766 ἅπαντας
3372 5701 3690 5775 ἀνθριὶιπους
3720 5704 3834 5759 Oso-
