4100 6428
190 446 283 501 185
1163 451 1688 530 COMMEHTABIA
1725 455 1794 512 IN
1836 455 2099 512 ISAIAM.
2155 489 2211 499 —
2251 457 2406 514 CAP.
2448 456 2589 516 XIII.
3411 465 3515 521 186

188 560 355 624 σεϐῶς
382 559 516 632 ζῇν,
555 563 664 616 τοῦ
687 565 1070 636 δικαιωτηρίου
1104 566 1197 619 τοῦ
1220 565 1369 619 Θεοῦ
1402 568 1812 638 μεμνημένους.

1926 587 2047 625 nem
2094 570 2251 627 eﬂ‘ert
2299 585 2496 628 contra
2543 573 2919 646 Babylonem,
2967 588 3254 649 postquam
3297 582 3350 636 in
3400 584 3519 654 ipso

189 651 413 742 Πρὼτην
468 649 571 709 οὖν
622 657 810 726 τίθησι
861 657 958 727 τὴν
1008 657 1150 711 κατά
1199 657 1532 722 Βαϐυλῶνος
1591 661 1808 731 ὅρασιν,

1926 663 2048 717 libri
2080 663 2307 718 exordio
2345 665 2612 720 visionem
2660 680 2857 724 contra
2890 668 3194 727 Jerusalem
3250 649 3522 742 pramise-

187 741 465 814 προειπὼν
513 745 580 798 ἐν
631 746 780 817 ἀρχῇ
817 747 914 818 τῆς
960 746 1089 818 ὅλης
1147 747 1336 818 βίϐλου
1389 747 1490 819 τὴν
1535 748 1679 801 κατά
1714 751 1811 820 τῆς

1926 765 2030 810 rat.
2063 754 2199 822 Quia
2226 758 2372 811 enim
2406 757 2552 811 nulla
2580 770 2666 814 est
2698 777 3066 830 personarum
3099 741 3344 835 acceptio
3375 771 3520 838 apud

197 834 588 908 Ἰερουσαλήμ.
655 839 872 911 Ἐπειδὴ
906 843 1015 913 γὰρ
1065 842 1140 912 μή
1191 843 1310 894 ἑστι
1375 844 1812 916 προσωποληψία

1926 849 2119 911 Deum,
2167 864 2195 902 a
2230 850 2636 907 contribulibus
2677 855 2798 907 suis
2823 869 3007 916 orsus,
3045 856 3097 909 in
3147 834 3369 911 eosdem
3400 834 3522 911 rur-

191 927 335 998 παρὰ
368 928 451 998 τῷ
482 929 641 1000 Θεῷ,
679 931 778 983 ἀπ’
815 932 992 986 αὐτῶν
1043 930 1246 1004 ἤρξατο
1273 931 1392 985 τῶν
1433 935 1676 997 οἰκείων,
1717 938 1813 991 καὶ

1926 959 2037 996 sum
2067 957 2378 996 sermonem
2411 947 2691 999 convertit
2717 963 2732 1011 ;
2759 946 3083 1017 alienigenis
3113 963 3244 1001 vero
3270 951 3522 1018 gentilms

191 1021 262 1082 είς
293 1020 504 1085 αὐτοὺς
532 1023 716 1076 πάλιν
742 1023 1066 1096 ἀναστρέφει
1100 1024 1189 1078 τὸν
1214 1024 1383 1093 λόγον
1403 1042 1414 1052 '
1445 1026 1554 1079 τῶν
1571 1027 1629 1079 δὲ
1656 1027 1813 1080 ἀλλο-

1926 1037 2250 1109 Babylonem
2297 1041 2604 1109 praemittit.
2646 1039 2813 1110 Regia
2845 1048 3025 1093 autem
3059 1039 3145 1094 illa
3175 1041 3520 1114 Assyriorum

190 1111 365 1180 φύλων
389 1111 579 1166 ἐθνῶν
604 1113 716 1183 τὴν
764 1113 1052 1167 Βαϐυλῶνα
1096 1115 1423 1186 προτάσσει.
1453 1115 1714 1187 Βασιλικὴ
1755 1117 1812 1172 δὲ

1926 1134 2052 1188 urbs
2087 1143 2240 1199 erat,
2289 1137 2527 1188 maxima
2578 1143 2746 1202 atque
2803 1135 3204 1203 potentissima.
3261 1111 3526 1197 Dicuntur

190 1200 324 1272 αὕτη
345 1204 461 1256 τῶν
494 1205 823 1277 ’Δσσυρίων
851 1205 1024 1268 πόλις,
1055 1207 1283 1277 μεγίστη
1312 1208 1414 1259 και⁵
1436 1207 1809 1280 δυνατωτάτη.

1926 1240 2088 1294 porro
2129 1226 2343 1296 Assyrii
2393 1225 2556 1292 primi
2611 1200 2857 1278 omnium
2892 1225 3015 1280 orbi
3051 1226 3348 1298 imperasse
3381 1241 3523 1288 totos

191 1293 453 1363 Λέγονται
489 1295 555 1348 δὲ
597 1295 883 1367 Ἀσσύριοι
927 1298 1131 1368 πρῶτοι
1160 1297 1260 1367 τῆς
1289 1299 1626 1369 οἰκουμένης
1675 1317 1812 1370 κρα-

1926 1293 2072 1371 mille
2103 1327 2158 1371 et
2202 1293 2480 1373 trecentos
2526 1333 2743 1380 annos.
2791 1334 2967 1388 usque
3013 1322 3082 1374 ad
3123 1293 3220 1376 eos
3249 1323 3338 1392 qui
3366 1322 3522 1380 Jeru-

190 1385 346 1453 τῆσαι
382 1386 474 1452 ἐφ’
502 1384 663 1448 ὅλοις
692 1386 883 1455 χιλίοις
927 1388 1021 1439 καὶ
1075 1388 1416 1458 τριακοσίοις
1458 1390 1602 1442 ἔτεσι
1650 1391 1813 1460 μέχρι

1926 1411 2194 1479 solymam
2221 1410 2581 1474 obsederunt,
2615 1424 2680 1462 ac
2707 1408 3027 1465 Iudaeorum
3057 1413 3311 1482 papulnm
3344 1417 3521 1482 capti-

199 1476 294 1526 τῶν
327 1476 798 1548 πολιορκούντων
845 1479 944 1547 τὴν
983 1479 1365 1550 Ἰερουσαλὴμ,
1411 1481 1506 1533 καὶ
1536 1481 1645 1533 τῶν
1679 1483 1810 1534 Ἰου-

1926 1476 2047 1553 vum
2097 1499 2448 1553 abduxerunt
2493 1499 2546 1552 in
2601 1499 2881 1566 regionem
2925 1476 3382 1571 suam.'Prupter
3412 1476 3519 1559 boc

191 1564 353 1619 δαίων
415 1567 517 1620 τὸν
571 1568 712 1622 λαὸν
770 1568 1114 1639 αἰχμάλωτον
1188 1571 1509 1639 ἀγαγόντων
1576 1575 1658 1636 είς
1710 1574 1810 1645 τὴν

1926 1590 2066 1644 enim
2111 1588 2458 1659 Assyriorum
2515 1564 2766 1656 facinus,
2813 1601 2932 1645 nec‘
2955 1593 3047 1646 diu
3101 1564 3289 1663 postea
3321 1607 3514 1650 eorum

194 1657 371 1710 αὐτῶν
433 1656 662 1729 χώραν.
707 1659 834 1711 Ἐπὶ
877 1658 1050 1730 ταύτῃ
1096 1660 1208 1731 γάρ
1244 1663 1307 1731 τῇ
1353 1662 1465 1722 τῶν
1509 1663 1810 1733 Ἀσσυρίων

193 1747 408 1818 πράξει,
449 1749 668 1803 αὐτίκα
697 1750 796 1803 καὶ
813 1750 909 1802 οὐκ
933 1753 1015 1815 είς
1046 1751 1288 1824 μακρὰν,
1320 1753 1380 1806 τὸ
1407 1755 1609 1825 κράτος
1630 1754 1810 1808 αὐτῶν

195 1843 495 1913 κατελύθη.

265 1953 283 1985 ι
338 1934 661 1999 ’Δνοίξατε,
715 1937 766 1988 oi
798 1936 1076 2006 ἄρχοντες.
1115 1955 1134 1989 ι
1166 1937 1353 1992 Ταῦτα
1403 1938 1462 1992 δὲ
1512 1939 1568 1993 τὸ
1623 1942 1679 1994 ὲν
1738 1941 1814 2012 τῷ

1999 1952 2018 1985 ι
2050 1933 2273 2002 Aperite
2297 1934 2591 2003 principes.
2624 1952 2642 1985 ι
2673 1932 2811 2003 {Hmc
2845 1947 3009 2000 porro
3033 1932 3272 2003 Spiritus
3296 1934 3517 1988 divinus

194 2027 448 2098 προφήτῃ
476 2026 724 2097 Πνεῦμα
755 2025 892 2080 θεῖον
923 2030 989 2081 ὲκ
1017 2028 1311 2099 προσώπου
1344 2029 1440 2083 τοῦ
1475 2032 1612 2083 Θεοῦ
1640 2033 1813 2101 Λόγου

1931 2029 1983 2082 in
2021 2029 2282 2096 propheta
2331 2027 2601 2082 exsistens
2632 2043 2696 2083 es
2746 2042 2978 2098 persona
3030 2028 3122 2081 Dei
3173 2024 3335 2081 Verbi
3388 2043 3516 2098 pro-

195 2118 488 2189 προφέρει.
530 2120 708 2182 Αὐτὸς
735 2122 916 2174 τοίνυν
945 2123 974 2173 ό
1001 2123 1507 2195 παρακελευόμενος
1537 2128 1648 2188 τοῖς
1677 2127 1814 2197 ἀμφ’

1927 2119 2050 2174 fert.
2079 2119 2218 2174 ldetn
2256 2120 2420 2188 igitur
2458 2120 2575 2187 ipse
2599 2128 2684 2174 est
2721 2119 2812 2189 qui
2857 2118 3066 2188 angelis
3107 2117 3517 2172 circumstanti-

195 2208 353 2260 αὐτὸν
378 2211 653 2278 ἀγγέλοις
687 2209 900 2277 ἀνοῖξαι
931 2212 1102 2284 θύρας
1134 2214 1551 2283 κεκλεισμένας,
1586 2217 1678 2269 καὶ
1714 2235 1818 2270 πσ-

1935 2212 2039 2266 bus
2061 2212 2330 2282 pmcipit,
2362 2221 2421 2264 ut
2453 2210 2671 2265 clausas
2700 2220 2887 2279 portas
2909 2211 3180 2279 aperiant,
3205 2223 3270 2264 ac
3289 2209 3519 2276 jubeant

197 2301 650 2371 ρακελεύσασθαι
687 2306 803 2366 τοῖς
838 2304 985 2357 ἔνδον
1029 2301 1146 2359 οὖσι
1197 2307 1479 2378 προϊέναι,
1517 2310 1674 2378 ἥκειν
1721 2311 1816 2363 καὶ⁵

1926 2319 2018 2359 eos
2049 2305 2140 2374 qui
2171 2305 2311 2359 intra
2351 2316 2480 2360 sunt
2503 2305 2740 2376 prodire,
2769 2305 3029 2358 accedere
3055 2318 3112 2358 et
3145 2303 3409 2359 festinare
3446 2305 3517 2357 ad

197 2393 454 2448 σπεύδειν
483 2395 579 2448 ἐπὶ
599 2396 710 2462 τὴν
731 2395 839 2448 τῶν
861 2396 1074 2449 ἀσεϐῶν
1096 2398 1387 2470 τιμωρίαν.
1432 2394 1600 2469 υίμαι
1632 2401 1688 2453 δὲ
1727 2401 1816 2454 διὰ

1926 2397 2220 2466 impiorum
2247 2398 2596 2467 supplicium.
2630 2395 2868 2452 Estiino
2896 2407 3077 2451 autem
3104 2397 3190 2451 bis
3219 2394 3516 2465 signiﬁcari

194 2490 401 2540 τούτων
440 2488 752 2560 δηλοῦσθαι
779 2487 876 2558 τὴν
912 2490 1302 2562 ἀφωρισμένην
1343 2493 1462 2554 ταῖς
1504 2493 1816 2562 ἀντικειμέ-

1926 2491 2194 2545 ultionem
2221 2505 2344 2560 qua
2377 2491 2707 2545 adversariis
2757 2491 3125 2559 potestatibus
3159 2489 3464 2544 destinatur
3498 2506 3514 2542 :

195 2594 312 2642 ναις
338 2580 650 2651 δυνάμεσιν
671 2597 685 2610 ·
718 2581 779 2633 ὲν
897 2581 1086 2653 ῶσπερ
1121 2582 1176 2634 ὲν
1201 2581 1562 2654 δεσμωτηρίῳ
1598 2583 1816 2656 καθειρ-

1926 2585 1976 2637 in
2003 2599 2106 2653 qua
2147 2598 2246 2638 ceu
2278 2586 2331 2638 in
2363 2599 2585 2640 carcere
2615 2583 3032 2639 concluduntur.
3077 2580 3215 2635 Num
3251 2581 3392 2636 forte
3427 2581 3516 2636 illa

198 2672 400 2751 γμέναι
434 2674 802 2744 τυγχάνουσι.
828 2673 940 2727 Καὶ
969 2675 1178 2744 μήποτε
1215 2673 1352 2745 αὕτη
1390 2676 1537 2728 ἐστὶν
1563 2678 1596 2746 ἡ
1623 2677 1816 2730 καλου-

1926 2677 2090 2730 fuerit
2120 2676 2377 2747 abyssus,
2421 2687 2480 2731 ut
2513 2687 2764 2739 vocatur,
2811 2691 2977 2745 quam
3024 2675 3356 2730 draconibus
3398 2673 3516 2744 ple-

202 2762 336 2835 μένη
363 2763 635 2828 ἄϐυσσος,
665 2764 1136 2836 ὲμπεπληρῶσθαι
1156 2764 1213 2818 δὲ
1237 2766 1548 2836 δρακόντων
1573 2767 1815 2823 διδάσκει

1926 2785 2052 2824 nam
2089 2771 2164 2824 ait
2199 2769 2483 2837 Scriptura
2524 2770 2611 2824 bis
2637 2769 2844 2832 verbis,
2891 2788 2908 2818 ι
2943 2767 3216 2822 Dracones
3246 2776 3304 2823 et
3325 2781 3519 2821 omnes

199 2855 227 2905 ό
253 2856 484 2924 φάσκων
515 2855 712 2923 λόγος,
747 2875 765 2906 ι
802 2856 1104 2926 Δράκοντες
1134 2858 1228 2910 καὶ
1271 2860 1441 2910 πᾶσαι
1485 2859 1749 2926 “uacat;
1789 2881 1808 2914 ι

1926 2861 2104 2932 abyssi
2127 2860 2220 2912 ⁷δῖ
2251 2879 2269 2912 ι
2327 2858 2481 2915 Unde
2521 2870 2577 2913 et
2607 2857 2949 2913 Salvatorem
2993 2860 3263 2926 rogabant
3312 2857 3518 2911 damo-

1921 1682 2207 1752 itnperium
2249 1681 2487 1737 solutum
2523 1691 2624 1738 est.

203 2947 365 3001 Ὅθεν
398 2950 498 3003 καὶ
538 2948 641 3002 τόν
689 2948 917 3020 Σωτῆρα
949 2951 1293 3021 παρεκάλουν
1337 2953 1384 3005 oi
1417 2952 1702 3023 δαίμονες,
1739 2953 1814 3026 μὴ

207 3039 420 3109 πέμψαι
449 3042 682 3104 αὐτοὺς,
707 3041 942 3110 όπηνίκα
971 3041 1125 3110 ἔλεγε
1155 3043 1236 3105 τὸ,
1271 3061 1289 3094 ι
1320 3038 1527 3107 Ἦλθες
1554 3044 1660 3115 πρὸ
1691 3063 1814 3097 και-

208 3132 302 3202 ροῦ
339 3132 648 3203 βασανίσαι
685 3133 850 3203 ἡμᾶς.
890 3153 908 3183 ι
945 3133 1018 3186 Οὐ
1058 3134 1168 3204 γὰρ
1200 3134 1430 3203 ἠγνόουν
1467 3136 1659 3207 καιρόν
1691 3153 1817 3192 τινα

205 3224 423 3278 ἔσεσθαι
448 3227 648 3288 αὐτοῖς
676 3225 773 3294 τῆς
796 3225 876 3288 είς
913 3225 1012 3296 τὴν
1040 3224 1276 3280 ἄϐυσσον
1310 3225 1668 3298 καθείρξεως.

1924 2968 2044 3016 nes,
2080 2968 2148 3008 ne
2178 2967 2238 3008 se
2278 2951 2371 3006 illo
2416 2951 2679 3017 mitteret,
2741 2965 2866 3004 cum
2912 2950 3191 3013 dicebant,
3257 2967 3276 3000 ι
3308 2946 3518 3001 Venisti

1924 3056 2050 3100 ante
2080 3058 2293 3114 tempus
2326 3056 2580 3114 torquere
2601 3059 2699 3098 nos
2719 3045 2786 3096 ".
2823 3061 2840 3095 ι
2872 3041 2986 3098 Νοη
3018 3043 3344 3113 ignorabant
3371 3043 3516 3096 enim

1927 3137 2165 3192 futurum
2209 3149 2419 3208 tempus
2467 3153 2591 3194 esse
2633 3153 2741 3207 quo
2806 3137 2859 3191 in
2910 3139 3110 3206 abysso
3156 3135 3518 3191 concludendi

1924 3240 2099 3284 erant.

275 3335 296 3368 ι
343 3315 490 3384 Ἐγὼ
517 3317 811 3370 συντάσσω
837 3318 930 3370 καὶ
954 3317 1067 3386 ἐγὼ
1091 3317 1211 3386 ἄγω
1240 3319 1461 3382 αὐτούς.
1502 3337 1522 3369 ι
1568 3320 1726 3383 Τίνες
1757 3320 1813 3374 δέ

2000 3321 2165 3378 Vens.
2207 3322 2262 3380 5.
2309 3342 2327 3374 ι
2355 3323 2466 3392 Ego
2495 3322 2693 3376 ordino
2721 3331 2777 3377 et
2799 3335 2900 3389 ego
2927 3322 3068 3376 duco
3095 3333 3209 3377 eos.
3228 3337 3246 3370 ι
3284 3318 3516 3386 Quinam

207 3407 340 3461 τίσιν
383 3402 535 3463 οὗτοι
593 3407 728 3478 ἑξῆς
772 3409 1068 3480 παρίστησι
1110 3409 1390 3479 διασαφῶν
1456 3413 1554 3464 καὶ
1608 3412 1812 3480 λέγων·

216 3515 234 3548 ι
280 3500 542 3569 Γίγαντες
591 3498 848 3571 ἔρχονται
888 3501 1170 3571 πληρῶσαι
1194 3502 1286 3554 τὸν
1318 3501 1490 3572 θυμόν
1523 3521 1659 3573 μου,
1694 3505 1819 3574 χαί-

209 3604 396 3662 μντες
446 3592 570 3663 ἀμα
621 3593 719 3644 καὶ
764 3591 1096 3663 ὑϐρίζοντες.
1158 3613 1176 3644 ι
1229 3593 1547 3665 Συμφὼνως
1596 3595 1653 3648 δὲ
1703 3600 1817 3660 τοῖς

216 3679 636 3752 Ἐϐδομήκοντα
663 3681 1010 3752 ήρμήνευσεν
1035 3682 1064 3734 ό
1092 3681 1385 3738 Θεοδοτίων
1410 3682 1582 3737 εἰπών
1604 3701 1617 3716 ο
1651 3704 1668 3734 ι
1707 3685 1816 3738 Καί

206 3787 269 3839 γε
308 3773 555 3828 ἐκάλεσα
614 3772 744 3835 τοὺς
770 3772 1030 3842 γίγαντάς
1064 3790 1194 3844 μου·
1244 3794 1262 3826 ι
1306 3777 1334 3828 ό
1360 3776 1419 3830 δὲ
1455 3777 1688 3839 Ἀκύλας
1725 3777 1817 3830 irai.

206 3867 235 3916 ό
273 3865 579 3938 Σύμμαχος
615 3865 740 3918 ἀντὶ
773 3865 886 3930 τοῦ,
931 3885 948 3917 ι
995 3866 1277 3936 γίγαντας,
1332 3887 1452 3920 ι--ι
1479 3869 1742 3932 δυνατοὺς
1791 3886 1810 3921 ι

208 3959 592 4030 ὴρμήνευσαν.
627 3957 789 4012 Οὕτω
815 3959 870 4013 δὲ
910 3959 1062 4013 καλεί
1105 3961 1204 4024 τὰς
1230 3961 1615 4033 τιμωρητικάς
1656 3961 1817 4015 δυνά-

213 4068 351 4121 μεις,
391 4052 462 4106 δι’
504 4045 584 4105 ῶν
637 4050 711 4104 τά
736 4049 835 4120 τῆς
880 4053 1023 4106 κατά
1063 4053 1173 4106 τῶν
1218 4053 1433 4111 ἀσεϐῶν
1476 4055 1647 4125 ὀργῆς
1680 4055 1818 4127 πλη-

211 4144 428 4216 ροῦται.
470 4145 856 4216 Ἐπιχαίρουσι
883 4147 1043 4200 κακοί
1075 4166 1241 4212 τινες,
1270 4144 1418 4203 οὗτοι
1446 4151 1496 4201 oi
1533 4151 1817 4222 λεγόμενοι

210 4239 490 4308 γίγαντες,
523 4238 724 4310 ὥσπερ
749 4241 817 4292 τά
854 4243 972 4294 κατ’
1006 4242 1172 4312 εύχάς
1201 4243 1534 4314 πράττοντες
1557 4261 1569 4273 “
1599 4245 1818 4316 χαίρον-

208 4347 298 4395 τες
323 4332 422 4384 ἐπὶ
445 4331 526 4403 τῷ
554 4329 806 4402 ὑϐρίζειν
829 4334 922 4387 καὶ
947 4333 1196 4400 κολάζειν
1217 4336 1344 4400 τοὺς
1370 4336 1610 4403 ἀσεϐεῖς,
1632 4337 1728 4390 ἀτε
1751 4338 1815 4393 δὴ

213 4421 284 4493 μὴ
319 4421 543 4491 ἔχοντες
573 4421 858 4490 σπλάγχνα
885 4424 1202 4496 οἰκτιρμῶν.

285 4531 303 4562 ι
336 4510 499 4582 Φωνὴ
527 4510 705 4564 ἐθνῶν
740 4511 946 4566 πολλῶν
977 4515 1070 4567 ἐπὶ
1099 4515 1207 4568 τῶν
1236 4515 1432 4587 ὀρέων,
1457 4516 1618 4587 όμοία
1645 4516 1816 4570 ἐθνῶν

212 4604 448 4658 ⁴ιιιολλῶν.
499 4603 664 4674 Φωνὴ
705 4602 966 4672 βασιλέων
998 4605 1092 4659 καὶ⁸
1141 4606 1311 4660 ἐθνῶν
1356 4609 1732 4678 συνηγμένων.
1791 4629 1810 4662 ι

213 4698 276 4750 Oi
307 4697 603 4768 μέλλοντες
642 4695 766 4747 τότε
806 4699 870 4768 τῇ
903 4697 1148 4769 τιμωρίᾳ
1196 4698 1589 4768 παραδίδοσθαι
1633 4700 1818 4768 φωνὰς
1852 4681 1894 4735 D

212 4789 512 4860 ἀφήσουσι,
543 4787 618 4840 τά
642 4788 850 4840 ἑαυτῶν
877 4789 1360 4861 ἐξομολογούμενοι
1391 4791 1539 4844 κακά
1557 4809 1570 4822 ·
1597 4792 1732 4862 ὁμοῦ
1761 4793 1818 4846 δὲ

215 4882 306 4934 καὶ
338 4880 486 4934 κατά
516 4879 720 4932 ταύτὸν
746 4880 815 4932 τά
841 4881 967 4952 ἔθνη
1001 4883 1196 4949 πάντα,
1231 4884 1326 4938 καὶ
1352 4887 1402 4937 oi
1427 4885 1633 4938 τούτων
1663 4885 1818 4956 βασι-

213 4972 346 5038 λεῖς,
391 4975 528 5045 μίαν
572 4971 674 5042 τὴν
716 4972 882 5044 αὐτὴν
924 4975 1265 5029 ἀποδώσουσι
1312 4977 1518 5048 φωνὴν,
1558 4979 1819 5049 ὀλοφυρό-

220 5080 370 5133 μενοι
407 5063 512 5125 τὰς
554 5060 769 5114 ἑαυτῶν
808 5065 1110 5137 συμφοράς.
1153 5066 1214 5119 Οί
1247 5067 1303 5120 δὲ
1342 5068 1600 5140 ἀνωτέρω
1631 5068 1823 5136 γίγαν-

213 5165 303 5216 τες
390 5148 799 5222 ὀνομασθέντες
874 5153 1174 5226 ὁπλομάχοι
1231 5157 1468 5214 ἐνταῦθα
1537 5159 1819 5228 λέγονται,

217 5244 437 5317 μακρὰν
463 5245 631 5305 ὄντες
666 5243 851 5306 πάλαι,
877 5246 970 5297 καὶ
994 5244 1182 5318 ῶσπερ
1216 5251 1274 5303 ἐν
1295 5249 1566 5320 θεμελίοις
1607 5251 1702 5304 τοῦ
1729 5255 1820 5305 οὐ·

216 5338 378 5411 ρανοῦ
405 5335 926 5405 ἀποκεκλεισμένοι
955 5339 1068 5405 οὓς,
1102 5342 1191 5394 ὅτε
1225 5341 1411 5416 καιρὸς
1445 5343 1622 5411 καλεῖ,
1654 5362 1820 5416 προσ-

211 5430 395 5483 τάττει
419 5425 697 5501 ἔρχεσθαι
721 5428 750 5480 ό
773 5428 880 5481 τῶν
909 5430 1043 5485 ὅλων
1073 5433 1263 5505 κριτὴς
1291 5435 1382 5488 ἐπὶ
1406 5434 1490 5506 τῷ
1526 5436 1822 5506 καταφθεῖ-

221 5538 304 5594 ραι
332 5524 526 5576 πᾶσαν
562 5517 670 5589 τὴν
693 5518 802 5571 τῶν
829 5522 1013 5576 κακῶν
1035 5523 1374 5596 οἰκουμένην,
1405 5527 1550 5598 μετά
1572 5529 1665 5580 τὸν
1693 5529 1819 5598 ἀφο-

216 5613 402 5683 ρισμὸν
438 5609 560 5663 τῶν
594 5606 844 5661 δικαίων.
891 5612 1040 5666 Ἐπεὶ
1083 5613 1174 5666 καὶ
1213 5615 1271 5666 ὲν
1307 5619 1419 5680 τοῖς
1461 5616 1817 5687 Εὑαγγελίοις

209 5710 235 5762 ό
274 5709 399 5773 Υἱὸς
432 5704 538 5760 τοῦ
591 5701 888 5774 ἀνθρώπου
935 5706 1237 5781 καθήμενος
1277 5711 1371 5765 ἐπὶ
1420 5711 1616 5781 θρόνου
1662 5712 1815 5785 δόξης

268 5891 315 5924 ’⁸
356 5889 516 5946 Paul.
582 5900 818 5952 csum,
857 5887 907 5942 'I.
982 5889 1024 5922 "
1062 5885 1249 5945 Matth.
1282 5906 1405 5961 vin,
1443 5890 1541 5949 ‘29.

1925 3417 1961 3471 ii
2021 3420 2131 3471 sint
2173 3416 2274 3472 sub
2321 3417 2436 3470 lucc
2490 3415 2732 3469 declarat
2781 3414 2865 3468 his
2922 3411 3125 3476 verbis,
3204 3428 3224 3462 ι
3255 3410 3519 3482 Gigantes

1926 3511 2147 3564 veniunt
2196 3509 2264 3562 ad
2307 3507 2642 3577 implendum
2688 3504 2928 3560 furorem
2971 3520 3176 3566 meum,
3217 3504 3519 3574 gaudentes

1924 3601 2084 3656 simul
2117 3611 2170 3656 et
2199 3599 2565 3655 contumelias
2594 3598 2914 3655 inferentes.
2948 3618 2966 3652 ι
2999 3596 3306 3652 Tlieodotio
3333 3607 3515 3651 autem

1925 3693 2149 3764 perinde
2188 3706 2251 3744 ac
2293 3688 2437 3745 LXX
2487 3693 2567 3744 sic
2627 3687 3020 3758 interpretatus
3068 3695 3172 3748 est,
3230 3704 3247 3738 ι
3275 3685 3342 3740 Ει
3386 3699 3520 3740 vero

1943 3785 2129 3838 vocavi
2157 3786 2407 3854 gigantes
2441 3795 2626 3843 meos;
2650 3799 2670 3832 ι
2709 3781 2902 3850 Aquila
2938 3791 3121 3834 autem
3162 3787 3217 3833 et
3259 3776 3516 3850 Symma-

1925 3879 2079 3942 cbus,
2106 3892 2205 3946 pro
2232 3878 2344 3941 illo,
2386 3893 2405 3927 ι
2432 3875 2705 3946 gigantes,
2737 3893 2756 3926 ι
2801 3873 3142 3943 interpretati
3175 3882 3322 3936 sunt,
3352 3889 3372 3923 ι
3402 3870 3517 3926 for-

1929 3981 2029 4025 tes.
2061 3989 2081 4022 ι
2116 3969 2209 4025 Sic
2234 3984 2400 4040 porro
2427 3977 2589 4021 vocat
2621 3967 2845 4023 ultrices
2878 3969 3126 4031 virtutes,
3156 3965 3314 4034 queis
3350 3964 3430 4018 ira
3462 3972 3519 4018 et

1926 4061 2063 4114 ultio
2103 4070 2294 4113 contra
2322 4058 2520 4129 impios
2547 4070 2858 4112 exercetur.
2907 4056 3158 4112 Gaudent
3200 4055 3372 4122 igitur
3402 4069 3518 4108 ina-

1929 4152 2056 4221 ligni
2099 4152 2344 4220 quidam,
2381 4152 2628 4220 gigantes
2673 4151 2846 4204 vocati
2874 4189 2889 4214 ,
2927 4149 3083 4219 quasi
3118 4161 3230 4201 rem
3263 4161 3362 4215 pro
3389 4157 3518 4201 voto

1926 4251 2110 4311 agant,
2144 4242 2196 4295 in
2231 4242 2566 4296 contumelia
2593 4250 2650 4296 et
2695 4243 2962 4310 supplicio
3005 4240 3184 4308 impiis
3232 4237 3517 4294 inferendo

1928 4333 2072 4400 lati;
2107 4344 2294 4404 utpote
2323 4335 2416 4403 qui
2444 4333 2654 4389 viscera
2694 4335 3087 4389 misericordia:
3113 4348 3221 4388 non
3255 4334 3515 4388 habeant.

2002 4510 2164 4566 Vatis.
2205 4511 2260 4565 ι.
2309 4528 2328 4562 ι
2359 4511 2472 4565 Vns
2503 4512 2742 4581 gentium
2777 4511 3067 4566 multarum
3116 4511 3168 4564 in
3220 4510 3519 4577 montibus,

1926 4607 2120 4660 similis
2147 4606 2399 4675 gentibus
2436 4606 2638 4658 multis.
2688 4606 2798 4660 Vos
2832 4621 3018 4674 regum
3035 4615 3088 4658 et
3115 4606 3357 4676 gentium
3389 4620 3518 4661 con-

1926 4709 2347 4768 gregatarum.»
2413 4697 2514 4762 Qui
2579 4707 2707 4751 tunc
2770 4697 3038 4766 supplicio
3087 4697 3334 4751 tradendi
3368 4706 3515 4761 sunt,

1926 4805 2088 4845 voces
2150 4789 2426 4856 emittent,
2496 4789 2636 4843 mala
2694 4805 2790 4844 sua
2851 4793 3211 4844 coulileutes:
3247 4788 3518 4858 simulque

1925 4881 2116 4935 eodem
2146 4890 2392 4948 tempore
2418 4890 2609 4948 gentes
2625 4896 2816 4936 omnes
2842 4889 2899 4936 et
2930 4896 3118 4935 earum
3145 4894 3323 4949 reges,
3354 4895 3515 4932 unam

1925 4984 1980 5026 et
2009 4972 2258 5026 eamdem
2293 4974 2501 5025 dabunt
2531 4987 2720 5027 vocem
2750 5013 2766 5038 ,
2805 4973 3145 5027 calamitates
3173 4986 3302 5026 suas
3325 4971 3517 5040 lugen-

1926 5073 2030 5118 tes.
2057 5063 2134 5118 llli
2176 5078 2306 5118 vero
2338 5065 2584 5133 praedicti
2633 5066 2902 5136 gigantes,
2943 5065 3033 5120 hic
3070 5065 3272 5118 armati
3312 5064 3510 5119 dicun-

1929 5167 2035 5218 tur,
2064 5157 2155 5224 qui
2189 5157 2317 5211 olim
2360 5157 2552 5227 procul
2595 5169 2774 5227 erant,
2807 5168 2861 5213 et
2883 5157 3042 5227 quasi
3069 5158 3124 5211 in
3149 5157 3275 5212 celi
3314 5157 3513 5211 {nuda-

1927 5251 2127 5305 mentis
2170 5250 2387 5315 inclusi,
2415 5267 2553 5321 quos
2584 5253 2673 5306 ubi
2705 5262 2918 5321 tempus
2963 5260 3174 5316 evocat,
3201 5252 3356 5322 jubet
3393 5251 3516 5304 uni-

1925 5358 2206 5399 versorum
2253 5344 2418 5413 judex
2478 5343 2760 5408 accedere,
2811 5354 2871 5397 ut
2922 5353 3093 5398 totum
3134 5342 3512 5413 improborum

1925 5433 2143 5498 orbem,
2196 5443 2319 5502 post
2360 5433 2632 5502 justorum
2694 5433 3155 5504 segregationem,
3204 5436 3507 5489 destruant.

1925 5525 2376 5596 Quandoquidem
2451 5536 2506 5580 et
2557 5526 2611 5579 in
2685 5525 2992 5595 Evangeliis
3041 5523 3210 5579 Fi‘lius
3267 5526 3509 5579 bominis

1925 5622 2126 5676 sedens
2155 5621 2208 5673 in
2240 5620 2436 5673 tbrono
2460 5617 2645 5687 gloria:
2677 5633 2808 5683 suae,
2846 5633 2942 5673 eos
2968 5619 3058 5687 qui
3088 5633 3118 5671 a
3151 5619 3359 5671 dextris
3382 5629 3511 5672 sunt

1933 5713 2153 5786 primos
2176 5712 2242 5770 ad
2266 5718 2515 5783 paratum
2558 5711 2690 5784 ipsis
2731 5727 2953 5782 regnum
2999 5722 3126 5767 ante
3161 5711 3509 5767 constitutio-
