4100 6424
528 486 537 495 μ
616 401 722 465 m

1287 390 1556 450 EUSEBll
1592 380 2064 447 CESABIENSIS
2101 375 2250 437 OPP.
2291 371 2472 430 PARS
2508 368 2603 425 111.
2635 398 2708 417 -υ
2748 360 3159 423 EXEGETICA.

3763 351 3871 406 188

620 541 740 582 nem
763 522 969 588 mundi,
987 527 1143 576 vocat
1173 536 1187 573 :
1214 518 1412 588 quibus
1441 514 1731 582 assumptis
1753 519 1807 564 et
1825 510 1892 563 ad
1912 505 2177 577 promissa

2290 492 2446 551 αὑτοῦ
2476 493 2605 554 τοὺς
2642 504 2711 546 εκ
2748 486 2937 551 δεξιῶν
2978 497 3230 552 πρωτους
3268 478 3360 530 επὶ
3395 474 3492 546 τὴν
3526 472 3869 544 ἡτοιμασμέ-

2460 586 2468 588 ~
2544 585 2565 588 λέ
2634 580 2649 588 ο
2757 580 2771 588 -
2826 580 2838 588 -
3032 575 3040 586 -
3239 572 3267 588 ο
3299 570 3393 588 -.~,
3432 568 3636 588 __1_--_..
3673 563 3863 588 --_\-r_

613 616 883 677 deductis,
939 614 992 668 in
1031 611 1265 680 reliquas
1316 616 1510 677 gentes
1558 621 1588 661 a
1628 600 1867 660 sinistris
1907 605 2174 668 repertas,

614 710 755 780 ignis
786 704 1141 762 comminatio
1170 701 1426 757 infertur.

684 963 919 1027 Vsas.6,
941 965 995 1017 7.
1020 980 1039 1013 ι
1069 959 1296 1022 Ulnlate,
1338 970 1505 1027 prope
1545 954 1687 1009 enim
1734 952 1846 1007 dies
1872 950 2107 1013 Domini,
2126 959 2180 1005 et

616 1059 874 1116 contritio
905 1072 933 1109 a
965 1054 1194 1108 Domino
1238 1053 1435 1105 veniet.
1478 1050 1705 1117 Propter
1733 1046 1834 1099 hoc
1858 1044 2036 1099 omnis
2066 1059 2179 1095 ma.

617 1169 721 1210 nus
740 1150 1091 1209 dissolvetur,
1141 1156 1193 1200 et
1221 1142 1396 1198 omnis
1438 1141 1615 1193 anima
1647 1136 1883 1221 ltominis
1914 1136 2177 1190 formida-

617 1248 736 1302 bit:
776 1242 1140 1297 turbabuntur
1172 1235 1368 1305 legati,
1416 1243 1472 1287 et
1515 1231 1731 1286 dolores
1768 1230 1913 1299 ipsos
1947 1243 2181 1299 occupa-

615 1340 768 1399 bunt,
793 1333 950 1404 quasi
991 1329 1228 1385 mulieris
1268 1323 1643 1396 parturientis.
1670 1341 1689 1375 ι
1736 1320 1980 1376 Nondum
2022 1334 2177 1387 ergo,

625 1428 721 1493 ait,
761 1429 965 1480 instant
992 1438 1053 1475 ea
1079 1436 1195 1490 qna:
1223 1420 1275 1472 in
1303 1415 1723 1471 comminatione
1768 1413 2050 1472 feruntur;
2083 1410 2178 1463 sed

613 1517 1011 1588 quamprimum
1069 1521 1289 1565 ventura
1345 1517 1491 1563 sunt.
1552 1507 1733 1572 Quare
1794 1511 2181 1574 praevertentes

616 1610 729 1673 illa,
771 1605 930 1669 fletu,
991 1601 1242 1656 lamentis
1290 1609 1345 1654 et
1398 1597 1607 1651 ululatu
1657 1595 1824 1649 Deum
1880 1594 2178 1662 placantes,

617 1700 754 1753 mala
792 1696 1021 1751 avertite
1053 1710 1081 1746 a
1115 1693 1267 1749 vobis
1294 1706 1309 1745 :
1332 1688 1552 1759 jamjam
1590 1688 1737 1743 enim
1778 1685 2035 1755 praedicta
2062 1684 2179 1737 dies

2278 604 2375 659 νην
2413 585 2593 645 αὐτοῖς
2630 580 2908 649 βασιλείαν
2952 575 3058 647 προ
3092 570 3397 640 καταϐολῆς
3431 568 3638 636 κόσμου
3672 563 3863 617 καλεῖ·

2275 657 2350 734 ὧν
2382 672 2850 748 παραληφθέντων
2884 669 2975 723 καὶ
3004 664 3361 735 εἰσαχθέντων
3391 660 3482 713 ἐπὶ
3504 658 3604 728 τὴν
3633 657 3869 738 ἐπαγγε-

2277 768 2416 830 λίαν,
2448 746 2541 818 ἑπὶ
2576 780 2648 817 τα
2684 762 2846 816 λοιπά
2875 759 3001 830 ἑθνη
3033 756 3099 808 τά
3134 758 3192 808 ἑν
3231 756 3343 816 τοῖς
3376 750 3684 822 ἀριστεροῖς
3712 746 3868 817 σύρει

2279 856 2556 930 θησόμενα
2588 858 2622 925 ἡ
2650 854 2847 923 ἀπειλὴ
2878 850 2973 904 τοῦ
3002 847 3173 919 πυρὸς
3208 844 3573 915 ἐξενήνεκται.

2354 969 2375 1002 ι
2435 947 2746 1011 Ὀλολύζετε
2766 963 2779 976 ’
2812 945 2977 1012 ἑγγὺς
3001 940 3110 1010 γάρ
3146 937 3329 1010 ἡμέρα
3351 932 3578 1004 Κυρίου,
3605 930 3698 984 καὶ
3738 944 3870 981 συν-

2278 1040 2439 1111 τριϐὴ
2473 1035 2623 1107 παρά
2655 1034 2747 1088 τοῦ
2789 1030 2992 1101 Κυρίου
3035 1025 3175 1097 ῆξει.
3227 1022 3325 1075 Διά
3359 1021 3516 1075 τοῦτο
3554 1019 3703 1069 πᾶσα
3740 1016 3867 1086 χεὶρ

2280 1106 2669 1199 ἐκλυθήσεται,
2700 1124 2795 1178 καὶ
2845 1123 2993 1173 πᾶσα
3040 1116 3186 1187 ψυχὴ
3239 1110 3527 1182 ἀνθρώπου
3560 1106 3821 1160 δειλιάσει
3847 1122 3864 1136 ’

2279 1197 2715 1293 ταραχθήσονται
2744 1216 2794 1267 οί
2831 1209 3105 1284 πρέσϐεις,
3134 1208 3227 1260 καὶ
3266 1204 3453 1266 ὠδῖνες
3487 1201 3683 1263 αὐτοὺς
3714 1197 3872 1264 ἑξου-

2283 1290 2385 1377 σιν,
2432 1290 2810 1379 ὡςίγυναικὸς
2858 1302 3169 1371 τικτούσης.
3223 1317 3240 1350 ι
3292 1296 3458 1351 Οὔπω
3506 1290 3620 1359 οὖν,
3672 1292 3865 1363 φησιν,

2281 1406 2481 1475 ἐπέστη
2532 1403 2599 1457 τά
2647 1397 3022 1472 ήπειλημένα’
3072 1393 3252 1465 μέλλει
3301 1390 3358 1443 δὲ
3399 1390 3523 1441 ὅσον
3554 1385 3723 1439 οὔπω.
3770 1384 3872 1435 Διὸ

2282 1474 2665 1569 προλαϐόντες,
2713 1487 2974 1558 κλαυθμῷ
3000 1485 3096 1539 καὶ
3129 1483 3334 1554 θρήνῳ,
3375 1480 3469 1533 καὶ
3506 1478 3731 1569 ὀλολυγῇ
3772 1474 3870 1541 ἑξ-

2285 1567 2576 1645 ιλῖεώσασθε
2595 1584 2665 1638 τὰ
2688 1582 2895 1636 ἑαυτῶν
2913 1577 3076 1632 κακά·
3108 1574 3287 1645 μέλλει
3313 1570 3421 1643 γάρ
3448 1572 3481 1642 ή
3504 1567 3871 1641 προλεχθεῖσα

2282 1683 2466 1755 ήμέρα
2514 1680 2611 1748 τῆς
2644 1675 2813 1747 ὀργῆς
2836 1672 2929 1726 τοῦ
2960 1667 3095 1722 Θεοῖ
3118 1664 3461 1735 ἐφίστασθαι.
3497 1662 3567 1714 Ἦ
3603 1659 3872 1732 πρέσϐεις

618 1798 711 1850 ira
758 1794 851 1848 Dei
897 1789 1125 1846 aﬂutnra
1173 1796 1277 1843 est.
1327 1785 1555 1855 Legatos
1597 1790 1774 1835 autem
1822 1780 1908 1833 hic
1950 1776 2181 1833 fortasse

2290 1752 2516 1828 ενταῦθα
2542 1769 2695 1824 καλεῖ
2719 1767 2844 1829 τοὺς
2870 1759 3303 1837 προϊσταμένους
3324 1756 3429 1809 τῶν
3448 1753 3548 1823 τῆς
3571 1752 3871 1822 ἀθεότητος

614 1896 772 1940 vocat
799 1899 915 1947 eos,
941 1882 1029 1951 qui
1053 1880 1215 1934 dictis
1244 1877 1523 1931 atheornm
1544 1874 1950 1944 patrocinantur
1978 1889 1993 1924 :
2022 1880 2183 1939 atque

2290 1867 2487 1933 λόγων,
2519 1862 2615 1917 καὶ
2658 1860 2783 1921 τοὺς
2822 1852 3222 1928 πρεσϐεύοντας
3258 1848 3397 1921 ὑπὲρ
3442 1847 3545 1916 τῆς
3584 1842 3875 1898 εἰδωλολα-

615 1993 709 2031 eos
745 1976 838 2046 qui
868 1971 1186 2029 idololatriae
1221 1982 1462 2022 errorem
1496 1967 1739 2028 tuentur,
1772 1977 1979 2018 necnon
2002 1960 2186 2015 docto-

619 2086 707 2124 res
724 2069 1005 2122 atheornm
1029 2072 1083 2116 et
1116 2061 1402 2128 impiorum
1439 2059 1750 2129 dogmatum
1775 2092 1794 2121 ,
1827 2069 1964 2125 quos
1994 2068 2184 2107 recen—

614 2159 718 2213 sita
751 2154 932 2210 omnia
974 2149 1247 2206 invadent.

685 2247 849 2301 Vsus.
888 2242 1078 2298 10-12.
1124 2258 1143 2291 ι
1174 2238 1308 2294 Nam
1340 2235 1513 2291 stella:
1546 2231 1691 2298 caeli,
1726 2232 1891 2288 Orion
1920 2239 1974 2286 et
2004 2230 2186 2285 omnis

612 2346 839 2393 ornatus
861 2335 1003 2400 creli,
1033 2334 1206 2388 lucem
1239 2345 1344 2386 non
1380 2329 1585 2382 dabunt
1606 2367 1623 2391 ,
1655 2334 1719 2379 et-
1742 2323 2187 2377 obtenebrabitur

615 2427 731 2481 sole
760 2426 970 2480 oriente
993 2464 1008 2488 ,
1043 2431 1097 2477 et
1127 2422 1251 2476 luna
1301 2434 1407 2472 non
1438 2417 1583 2472 dabit
1612 2413 1951 2483 splendorem
2004 2428 2182 2469 suum.

619 2522 685 2574 Et
710 2516 976 2573 mandabo
1005 2515 1121 2569 orbi
1152 2514 1404 2567 universo
1448 2508 1588 2564 mala
1614 2548 1629 2572 ,
1663 2518 1717 2562 et
1750 2507 1931 2574 impiis
1962 2513 2183 2576 peccata

617 2624 829 2664 eorum.
857 2606 925 2661 Et
948 2606 1164 2675 perdam
1207 2603 1457 2669 iniuriam
1496 2600 1803 2667 iniquorum
1822 2606 1877 2652 et
1905 2605 2185 2650 contume-

617 2700 745 2753 liam
783 2698 1138 2768 superborum
1175 2692 1494 2761 deprimam.
1529 2709 1547 2742 ι
1591 2690 1800 2745 Etenim
1842 2703 2186 2743 consumma-

621 2790 781 2845 tionis
804 2798 1045 2857 tempore
1078 2800 1254 2855 neque
1295 2784 1396 2847 sol,
1439 2798 1612 2853 neque
1642 2781 1806 2847 luna,
1843 2795 2017 2850 neque
2052 2778 2185 2834 stel-

618 2882 701 2944 lae,
737 2880 824 2944 iis,
861 2880 951 2949 qui
982 2877 1323 2948 castigationi
1356 2885 1411 2929 et
1442 2873 1704 2942 supplicio
1748 2873 1992 2927 tradendi
2022 2880 2148 2926 sunt
2170 2912 2185 2937 ,

619 2973 800 3043 impiis
845 2971 1020 3026 lucem
1068 2984 1221 3024 suam
1272 2968 1498 3021 dabunt.
1553 2965 1869 3019 aninaria
1916 2973 2097 3018 autem
2156 2978 2185 3017 a

620 3064 923 3121 ministerio
954 3078 1051 3118 suo
1089 3071 1267 3115 amota
1321 3059 1388 3112 ad
1445 3057 1606 3111 aliam
1643 3056 2030 3125 melioremque
2063 3069 2188 3110 sor-

624 3171 730 3212 tem
781 3155 1105 3217 transibunt,
1155 3149 1310 3219 quasi
1368 3149 1835 3221 regenerationem
1891 3146 2183 3216 quamdam
2213 3179 2257 3237 ε

617 3257 971 3306 consecutura
993 3283 1009 3308 ,
1078 3258 1250 3311 neque
1290 3240 1427 3295 ultra
1458 3254 1750 3311 corporum
1801 3237 2031 3293 vanitati
2065 3252 2186 3293 ser-

622 3336 826 3394 vientis
848 3350 863 3401 ;
894 3334 987 3390 sed
1012 3332 1242 3387 liberata
1262 3344 1292 3383 a
1313 3332 1574 3384 servitute
1596 3329 1979 3398 corruptionis,
1999 3344 2188 3383 secun-

620 3433 749 3485 dum
776 3424 1127 3496 apostolicum
1164 3424 1411 3478 verbum.
1451 3421 1660 3477 Caelum
1690 3423 1871 3491 itaque
1904 3424 2061 3477 Vocat
2094 3433 2189 3477 aut

625 3521 878 3577 caelestes
935 3526 1249 3588 potestates,
1306 3524 1399 3569 aut
1452 3516 1623 3585 ipsam
1683 3524 2032 3579 creaturam,
2084 3530 2187 3569 una

626 3628 749 3668 cum
802 3612 909 3665 Deo
963 3610 1331 3680 indignantem
1383 3622 1547 3677 super
1594 3607 1826 3670 insania,
1882 3604 2188 3677 arrogantia

625 3713 682 3757 et
710 3701 1004 3770 impietate.

695 3875 858 3930 Vsus.
898 3876 985 3939 15,
1028 3875 1115 3929 ιι.
1160 3893 1180 3927 ι
1211 3874 1275 3928 Et
1320 3879 1479 3928 erunt
1526 3872 1726 3927 residui
1762 3872 1917 3941 quasi
1965 3871 2181 3926 damula

625 3971 875 4041 fugiens,
910 3979 966 4025 et
1002 3970 1155 4039 quasi
1189 3970 1308 4025 ovis
1344 3982 1535 4023 errans
1600 3976 1651 4022 et
1684 3982 1792 4025 non
1818 3968 1922 4021 erit
1946 3967 2036 4036 qui
2071 3980 2195 4019 con-

614 4072 834 4133 ‘greget,
864 4063 935 4116 ita
962 4071 1020 4117 ut
1046 4063 1209 4117 homo
1240 4066 1305 4118 ad
1333 4061 1584 4132 pepulum
1615 4076 1770 4115 suum
1795 4069 2146 4114 convertatur
2175 4078 2187 4114 :

627 4167 683 4209 et
742 4157 902 4210 homo
958 4154 1026 4210 ad
1095 4157 1370 4225 regionem
1437 4170 1587 4208 suam
1657 4153 1901 4223 fugiet.»
1966 4153 2195 4223 Fugient

627 4245 826 4315 quippe
858 4246 917 4310 ii,
961 4254 1020 4301 ut
1065 4246 1345 4301 dexterum
1377 4244 1658 4314 quidpiam
1694 4253 2073 4313 assequantur,
2110 4243 2197 4297 vel

628 4350 687 4393 ut
715 4337 1017 4407 perfugium
1052 4339 1192 4409 apud
1226 4338 1537 4408 quempiam
1579 4352 1645 4391 ex
1688 4336 1832 4391 notis
1865 4338 2143 4393 inveniant
2176 4350 2193 4391 :

627 4433 718 4488 sed
753 4448 858 4487 non
899 4431 1173 4486 invenient
1202 4450 1217 4485 :

2285 1955 2467 2027 τρείας
2500 1952 2730 2022 πλάνης,
2766 1948 2891 2011 τούς
2923 1962 2985 1999 τε
3026 1942 3376 2003 διδασκάλους
3404 1939 3511 1993 τῶν
3552 1938 3726 1993 ἀθέων
3769 1935 3876 1990 καὶ

2286 2046 2495 2101 ἀσεϐῶν
2532 2043 2839 2113 δογμάτων,
2879 2037 2973 2102 οὒς
3006 2032 3387 2109 μετελεύσεται
3423 2030 3493 2085 τά
3522 2028 3878 2101 κατηριθμη-

2289 2138 2425 2210 μένα
2460 2137 2658 2189 πάντα.

2363 2247 2381 2280 ι
2421 2230 2484 2281 υἱ
2524 2226 2633 2297 γὰρ
2664 2223 2892 2294 ἀστέρες
2922 2222 3015 2275 τοῦ
3043 2216 3294 2292 οὐρανοῦ,
3334 2215 3429 2271 καλ⁵
3455 2216 3484 2268 δ
3528 2210 3739 2284 Ὠρίων,
3772 2211 3877 2263 καὶ

2285 2320 2393 2381 πᾶς
2422 2318 2450 2370 ό
2486 2316 2689 2386 κόσμος
2720 2313 2812 2367 τοῦ
2854 2309 3108 2383 ούρανοῦ,
3138 2308 3200 2362 τὸ
3233 2307 3348 2377 φῶς
3380 2306 3440 2358 οὐ
3479 2302 3741 2366 δώσουσι,
3774 2301 3877 2355 καὶ

2286 2409 2701 2480 σκοτισθήσεται
2730 2406 2821 2460 τοῦ
2857 2406 3007 2477 ήλίου
3043 2403 3442 2466 ἀνατέλλοντος,
3478 2400 3574 2454 καὶ
3604 2400 3637 2470 ἡ
3671 2397 3875 2470 σελήνη

2282 2506 2345 2557 ού
2386 2502 2547 2557 δώσει
2585 2500 2644 2555 τὸ
2681 2500 2884 2570 φέγγος
2925 2495 3117 2568 αὐτῆς.
3162 2498 3275 2551 Kal
3313 2493 3631 2564 ἑντελοῦμαι
3682 2493 3749 2561 τῇ
3793 2492 3877 2544 οι-

2286 2594 2522 2665 κουμένῃ
2553 2593 2650 2665 ὅλῃ
2684 2591 2861 2654 κακὰ,
2904 2591 2997 2643 καὶ
3044 2591 3159 2651 τοῖς
3200 2585 3424 2641 ἀσεϐέσι
3464 2583 3562 2647 τάς
3600 2580 3877 2652 ἁμαρτίας

2284 2683 2493 2738 αὐτῶνθ
2532 2682 2626 2735 καὶ
2666 2680 2850 2733 ἀπολῶ
2881 2678 3038 2748 ὓϐριν
3074 2678 3312 2748 ἀνόμων,
3346 2675 3441 2729 καὶ
3488 2673 3644 2745 ὓϐριν
3703 2672 3879 2742 ὑπερ-

2286 2762 2507 2845 ηφάνων
2533 2771 2871 2827 ταπεινώσω.
2916 2789 2935 2823 ι
2975 2770 3133 2824 Κατά
3174 2770 3283 2840 γάρ
3315 2767 3406 2821 τὸν
3423 2766 3526 2837 τῆς
3563 2763 3880 2827 συντελείας

2287 2867 2476 2938 καιρὸν
2506 2864 2618 2918 οὔθ’
2652 2868 2680 2918 ὁ
2725 2864 2896 2934 ἥλιος,
2928 2860 3040 2916 οὔθ’
3080 2862 3113 2932 ή
3154 2860 3372 2930 σελήνη,
3408 2855 3520 2911 οὗθ’
3561 2858 3609 2909 oi
3644 2854 3879 2925 ἀστέρες

2285 2960 2399 3021 τοῖς
2433 2955 2652 3009 κολάσει
2683 2956 2777 3009 καὶ
2808 2954 3046 3025 τιμωρίᾳ
3081 2948 3612 3021 παραδοθησομένοις
3650 2946 3877 3000 ἀσεϐέσι

2286 3050 2348 3104 τὸ
2377 3048 2584 3103 ἑαυτῶν
2612 3047 2727 3117 φῶς
2760 3048 2821 3101 ού
2856 3045 3105 3100 δώσουσι.
3141 3041 3581 3103 Μεταϐάλλοντες
3610 3038 3667 3092 δὲ
3697 3038 3793 3091 καὶ
3823 3039 3881 3089 οἱ

2290 3142 2574 3214 φωστῆρες
2624 3140 2734 3193 ἀπὸ
2775 3139 2875 3209 τῆς
2930 3136 3138 3190 ἑαυτῶν
3175 3134 3481 3205 ὑπηρεσίας
3536 3133 3631 3184 ἐπὶ
3679 3128 3877 3201 ἑτέραν

2289 3234 2477 3306 ἥξουσι
2511 3232 2795 3303 κρείττονα
2826 3227 3001 3299 λῆξιν,
3037 3227 3227 3297 ὥσπερ
3267 3224 3409 3289 τινὸς
3455 3222 3875 3291 παλιγγενεσίας

2287 3324 2633 3394 τευξόμενοι,
2670 3324 2764 3375 καὶ
2814 3321 3010 3392 μηκέτι
3055 3319 3154 3389 μὲν
3186 3320 3252 3387 τῇ
3297 3316 3405 3370 τῶν
3438 3315 3706 3387 σωμάτων
3750 3314 3875 3369 δου-

2287 3416 2534 3479 λεύοντες
2571 3415 2911 3486 ματαιότητι,
2943 3410 3229 3483 ἐλευθερού
3240 3427 3388 3483 μενοι
3412 3409 3469 3463 δὲ
3492 3409 3601 3463 ἀπὸ
3626 3409 3727 3478 τῆς
3752 3407 3877 3462 δου-

2288 3510 2435 3572 λείας
2487 3509 2589 3579 τῆς
2645 3507 2881 3579 φθορᾶς,
2936 3504 3081 3559 κατὰ
3142 3503 3234 3556 τὸν
3288 3500 3640 3555 ἀποστολικὸν
3695 3499 3875 3568 λόγον.

2290 3598 2530 3670 Οὐρανὸν
2573 3596 2861 3668 τοιγαροῦν
2891 3595 3042 3664 λέγει
3088 3593 3121 3665 ἦ
3162 3593 3261 3656 τὰς
3292 3592 3550 3665 οὐρανίας
3593 3592 3874 3661 δυνάμεις,

2290 3690 2325 3761 ἢ
2366 3692 2459 3742 καὶ
2506 3689 2679 3760 αὐτὴν
2715 3688 2814 3759 τὴν
2860 3686 3037 3739 κτίσιν
3083 3683 3594 3753 συναγανακτοῦσαν
3622 3680 3703 3753 τῷ
3754 3681 3879 3753 Θεῷ

2291 3783 2385 3836 ἐπὶ
2417 3781 2665 3852 ἀπονοίᾳ,
2707 3782 2801 3834 καὶ
2833 3779 3141 3850 ἀλαζονείᾳ,
3181 3776 3276 3830 καὶ
3303 3775 3569 3845 ἀθεότητι.

2369 3894 2388 3926 ι
2440 3873 2552 3928 Kal
2587 3872 2799 3927 ἔσονται
2838 3872 2887 3924 οί
2932 3868 3417 3939 καταλελειμμένοι
3466 3867 3542 3930 ὡς
3595 3866 3881 3939 δορκάδιον

2295 3966 2514 4037 φεῦγον,
2546 3964 2640 4017 καὶ
2669 3963 2745 4027 ὡς
2772 3962 3042 4036 πρόϐατον
3078 3958 3452 4031 πλανώμενον,
3479 3960 3574 4012 καὶ
3596 3959 3698 4011 οὐκ
3719 3956 3881 4011 ἔσται

2294 4061 2323 4112 ό
2371 4058 2655 4125 συνάγωνε
2711 4056 2851 4109 ὥστε
2911 4053 3196 4126 ἄνθρωπον
3246 4053 3327 4116 είς
3381 4051 3472 4104 τὸν
3524 4050 3652 4104 λαὸν
3705 4048 3882 4103 αὐτοῦ

2297 4145 2735 4218 ἀποστραφῆναι,
2784 4144 2877 4198 καὶ
2909 4143 3194 4215 ἄνθρωπος
3238 4144 3317 4204 είς
3359 4140 3457 4211 τὴν
3494 4137 3679 4211 χώραν
3710 4138 3882 4190 αὐτοῦ

2299 4238 2571 4309 φεύξεται.
2618 4256 2635 4288 ι
2672 4235 2961 4300 Φεύξονται
2997 4236 3095 4307 μὲν
3124 4235 3232 4305 γὰρ
3263 4233 3314 4285 οἱ
3354 4231 3667 4301 φεύγοντες,
3701 4230 3883 4297 δεξιοῦ

2295 4349 2438 4395 τινος
2471 4333 2673 4401 τυχεῖν,
2713 4330 2746 4401 ἢ
2788 4328 3104 4399 καταφυγὴν
3146 4325 3411 4398 εὑράσθαι
3447 4323 3597 4395 παρά
3624 4342 3731 4378 τινι
3769 4324 3881 4377 τῶν

2296 4423 2606 4495 γνωρίμων,
2640 4423 2701 4476 οὐ
2737 4422 2841 4493 μὴν
2873 4422 3199 4492 εὑρήσουσιο

701 4524 863 4579 Vns.
908 4524 995 4578 15.
1039 4542 1058 4575 ι
1088 4522 1203 4578 Νοη
1253 4521 1358 4576 erit
1407 4520 1550 4575 enim
1595 4520 1686 4590 qni
1735 4528 2026 4591 congregat
2077 4536 2189 4576 eos.

2372 4535 2390 4567 ι
2430 4516 2543 4569 Οὐκ
2584 4515 2735 4568 ἔσται
2767 4513 2875 4583 γὰρ
2917 4514 2947 4564 ό
2994 4512 3240 4577 συνάγων
3288 4509 3504 4572 αὐτούς.
3550 4510 3647 4571 ’ος
3672 4508 3781 4579 γάρ
3816 4508 3887 4561 ἂν

630 4615 764 4669 Nam
799 4615 891 4684 qui
922 4625 1112 4683 captus
1156 4614 1339 4678 fuerit,
1370 4613 1726 4683 opprimetur,
1763 4622 1820 4666 et
1843 4612 1935 4680 qui
1967 4626 2195 4682 congre-

630 4706 737 4775 gati
776 4712 923 4767 sunt,
974 4704 1150 4773 gladio
1194 4705 1406 4757 cadent.
1443 4720 1461 4753 ι
1506 4700 1785 4768 Quamvis,
1844 4702 1953 4764 ait,
2006 4716 2192 4755 eorum

631 4793 847 4862 quidam
886 4793 1009 4862 fuga
1041 4793 1269 4848 salutem
1296 4792 1552 4861 consequi
1583 4800 1872 4854 conentur,
1906 4789 1959 4843 hi
1983 4803 2196 4859 quoque

632 4892 789 4951 captu
817 4883 1003 4938 faciles
1032 4892 1211 4944 erunt,
1246 4897 1348 4935 non
1372 4881 1545 4936 damis
1564 4880 1819 4949 perfectis
1850 4880 2191 4942 salientibus,

633 4989 755 5040 qua:
789 4973 959 5027 levem
1008 4974 1353 5042 velocemque
1405 4987 1624 5027 cursum
1661 4972 1898 5038 habent,
1949 4971 2195 5037 similes;

633 5065 725 5120 sed
757 5064 1004 5120 damulis.

707 5154 872 5207 Vsus.
912 5154 999 5207 16.
1043 5154 1154 5207 «ΕΙ.
1195 5152 1333 5208 filios
1374 5168 1560 5209 eorum
1608 5154 1912 5223 discerpent
1951 5155 2002 5209 in
2062 5168 2198 5209 con-

638 5253 821 5311 specto
853 5256 1061 5307 eorum,
1105 5253 1159 5297 et
1204 5245 1397 5297 domus
1428 5259 1615 5297 eorum
1652 5246 1959 5309 vastabunt,
1996 5254 2052 5298 et
2080 5258 2198 5298 mu-

638 5336 794 5388 lieres
830 5349 1014 5387 eormn
1047 5335 1341 5390 habebunt.
1375 5356 1393 5387 ι
1440 5335 1672 5390 Perinde
1715 5350 1878 5404 atque
1906 5338 2052 5391 viros
2077 5352 2197 5405 sup-

641 5424 798 5493 plicio
827 5423 1067 5489 affectos,
1107 5426 1364 5479 mulieres
1392 5441 1605 5495 quoque
1648 5426 1981 5495 irreligiosas
2011 5434 2067 5480 et
2097 5426 2197 5479 im-

641 5516 774 5579 pias.
819 5530 939 5584 quae
990 5517 1191 5587 prolem
1224 5517 1544 5581 ediderant,
1594 5517 1814 5585 paribus
1864 5518 2199 5573 cruciatibus

643 5606 1391 5678 allicientzquemadmodum
1448 5619 1505 5664 et
1553 5608 1691 5662 filios
1736 5623 1922 5664 eorum
1973 5610 2198 5677 impios,

642 5712 869 5765 quorum
916 5701 1128 5762 animm,
1182 5710 1440 5767 quantum
1493 5700 1559 5757 ad
1608 5717 1816 5769 mores,
1884 5704 2198 5773 parentibus

650 5790 848 5847 malitia
887 5791 1085 5847 similes
1110 5798 1253 5846 sunt.

2300 4604 2433 4675 ἁλῷ,
2463 4603 2851 4676 ὴττηθήσεται,
2898 4600 2994 4654 καὶ
3027 4600 3220 4662 οἵτινες
3249 4599 3577 4670 συνηγμένοι
3608 4598 3737 4660 εἰσὶ,
3785 4614 3884 4649 πε-

2303 4696 2518 4749 σοῦνται
2553 4694 2817 4765 μαχαίρᾳ.
2858 4710 2876 4742 ι
2914 4688 3032 4742 Κάν
3062 4706 3205 4752 τινες
3233 4684 3346 4752 οὖν,
3385 4687 3571 4758 φησὶν,
3609 4687 3668 4738 ἐν
3697 4687 3884 4750 αὐτοῖς

2301 4784 2607 4857 πειραθεῖεν
2641 4786 2785 4853 φυγῇ
2817 4782 2917 4853 τὴν
2948 4780 3223 4851 σωτηρίαν
3256 4777 3585 4850 πορίσασθαι
3607 4793 3621 4807 ο
3662 4778 3759 4830 καὶ
3789 4773 3883 4830 οὗ·

2299 4896 2380 4933 τοι
2415 4877 2670 4930 εὐάλωτοι
2697 4877 3035 4946 γενήσονται,
3069 4875 3129 4927 οὐ
3158 4872 3369 4943 δόρκοις
3397 4871 3622 4934 τελείοις
3656 4872 3882 4940 ἀποπη-

2302 4968 2452 5031 δῶσι,
2488 4966 2687 5036 κοῦφόν
2722 4984 2780 5018 τε
2820 4966 2915 5019 καὶ
2956 4967 3126 5035 ταχὺν
3159 4963 3500 5035 ποιουμένοις
3548 4961 3638 5016 τὸν
3679 4962 3884 5035 δρόμον

2303 5061 2561 5125 ἐοικότες,
2596 5058 2733 5111 ἀλλά
2762 5057 3082 5129 δορκαδίοις.

2379 5174 2396 5205 ι
2444 5153 2555 5206 Kal
2592 5152 2661 5204 τὰ
2698 5151 2863 5204 τέκνα
2895 5150 3072 5203 αὐτῶν
3117 5146 3367 5220 ρήξουσιν
3403 5144 3630 5200 ἐνώπιον
3678 5149 3883 5213 αὐτῶν,

2303 5246 2393 5299 καὶ
2430 5246 2527 5309 τάς
2563 5244 2738 5305 οἰκίας
2782 5241 2963 5296 αὐτῶν
3008 5239 3459 5312 προνομεύσουσι,
3506 5239 3601 5291 καὶ⁵
3641 5240 3741 5303 τὰς
3785 5259 3884 5309 γυ-

2303 5340 2494 5399 ναῖκας
2523 5335 2701 5390 αὐτῶν
2727 5335 2955 5399 ἕξουσιν.
2994 5352 3011 5385 ι
3053 5334 3282 5403 Ὁμοίως
3307 5330 3415 5400 γὰρ
3444 5329 3552 5400 ἀρα
3567 5334 3689 5394 ίτοῖς
3724 5333 3884 5385 κολα-

2306 5429 2551 5500 ζομένοις
2583 5426 2807 5497 ἀνδράσι
2857 5428 2947 5479 καὶ
2995 5425 3092 5489 τὰς
3134 5423 3336 5477 τούτων
3377 5424 3641 5491 γυναῖκας
3686 5424 3883 5488 ἀθέους

2309 5522 2402 5573 καὶ
2431 5520 2646 5583 ἀσεϐεῖς
2680 5520 2773 5573 καὶ
2808 5518 2904 5581 τάς
2937 5517 3268 5587 γειναμένας
3298 5518 3418 5579 ταῖς
3465 5515 3610 5577 ῐσαις
3640 5513 3877 5571 ὑποϐάῖ-

2306 5612 2454 5665 λουσι
2480 5611 2768 5681 τιμωρίαις
2786 5652 2800 5677 ,
2832 5610 3018 5681 ὥσπερ
3045 5605 3139 5662 οὖν
3168 5610 3261 5663 καὶ
3288 5608 3357 5661 τά
3386 5608 3550 5660 τέκνα
3588 5606 3769 5660 αὐτῶν
3815 5608 3883 5662 τὰ

2306 5704 2498 5772 ἀσεϐῆ,
2521 5702 2615 5766 τάς
2635 5702 2861 5765 οἰκείας,
2894 5704 2985 5755 καὶ
3006 5705 3070 5772 τῇ
3098 5701 3207 5756 τῶν
3234 5702 3448 5773 τρόπων
3474 5697 3655 5753 αὐτῶν
3679 5699 3881 5773 μοχθη-

2313 5796 2401 5869 ρίᾳ
2430 5794 2857 5862 ἐξοικειωθείπας
2884 5796 2974 5849 καὶ
3004 5796 3473 5867 παρομοιωθείσας
3496 5790 3691 5863 ψυχάς.
