4100 6418
143 51 162 66 π
192 49 252 60 *οσ-

1147 357 1678 416 COMMENTARIA
1715 358 1787 414 ΙΝ
1827 358 2089 414 ISAIAM.
2132 389 2198 400 —
2244 359 2405 415 CAP.
2446 357 2584 414 xm.

3404 356 3512 415 ιω

250 488 269 522 ι
331 473 468 528 Ἰδοὺ
519 476 794 549 ὶπεγερῶ
830 475 954 546 ὑμῖν
998 475 1124 540 τοὺς
1167 477 1413 547 Μήδους,
1455 476 1506 528 οῐ
1554 478 1612 528 ού
1648 477 1790 544 λογί-

1986 477 2154 532 Vsus.
2199 477 2288 532 l7.
2339 497 2359 531 ι
2390 477 2529 534 Ecce
2581 474 2859 532 suscitabo
2923 476 3081 532 vobis
3138 475 3347 542 Medos,
3411 478 3502 546 qui

181 561 352 628 ζονται
384 567 696 638 ἀργύριον,
731 567 851 622 οὐδὲ
884 569 1103 638 χρυσίου
1135 569 1327 639 χρείαν
1361 569 1570 638 ἔχουσι,
1602 568 1799 633 τοξεύ-

186 672 319 726 ματα
357 657 686 712 νεανίσκων
726 659 1094 731 συντρίψουσι.
1145 679 1166 712 ι
1220 659 1381 728 Μέγα
1424 658 1525 730 μὲν
1552 659 1663 732 γὰρ
1695 661 1797 712 a6-

179 749 282 811 τοῖς
313 748 410 801 ἐπὶ
446 752 582 814 ταῖς
612 750 855 816 τοξείαις
883 752 941 804 τὸ
971 752 1221 823 φύσημα,
1249 752 1346 804 καὶ
1369 752 1430 804 τὸ
1452 751 1711 822 εὐτεχνὶς
1740 753 1802 804 ὲν

181 839 380 905 τούτοις
419 843 728 898 ποιοῦνται
767 846 894 917 περὶ
928 845 1122 899 πολλοῦ
1143 863 1155 876 ·
1195 845 1314 898 ἀλλ’
1344 846 1550 915 ἥττους
1581 846 1801 900 ἔσονται

179 929 279 984 τῶν
316 932 562 1005 ἐχθρῶν.
617 935 863 1008 Σκληροὶ
897 936 951 989 δὲ
991 937 1132 990 οὕτω
1175 936 1269 992 καὶ
1311 935 1800 1007 ἀφιλοικτίρμονες

181 1022 224 1074 oi
252 1025 638 1094 νενικηκότες,
671 1026 751 1091 ὡς
788 1028 918 1099 μηδὲ
949 1028 1047 1098 τῆς
1082 1029 1321 1097 ἐλεεινῆς
1360 1026 1582 1097 ἡλικίας
1627 1025 1800 1095 φειδὼ

181 1115 446 1170 ποιεῖσθαί
486 1135 645 1171 τινα.
685 1118 781 1189 Τῷ
813 1120 866 1173 δὲ
900 1121 1158 1190 φάσκοντι
1209 1120 1376 1190 λόγῳ,
1411 1138 1429 1171 ι
1496 1121 1630 1173 Ἰδοὺ
1668 1121 1800 1173 ὲπε-

179 1207 316 1278 γερῶ
344 1208 480 1280 ὑμῖν
509 1211 650 1274 τοὺς
686 1211 926 1282 Μήδους,
967 1231 984 1263 ι
1037 1216 1307 1284 μαρτυρεῖ
1351 1213 1511 1284 ήτῆς
1552 1214 1797 1285 ἱστορίας

180 1303 413 1369 ικϐασις,
460 1306 838 1378 ἀνάγραπτος
873 1304 1005 1361 οὖσα
1052 1308 1202 1379 παρὰ
1246 1311 1362 1371 τοῖς
1421 1308 1693 1378 Ἐλλήνων
1725 1308 1796 1360 τὰ

178 1394 452 1451 Χαλδαῖκὰ
498 1399 605 1453 καὶ
645 1400 722 1452 τὰ
763 1400 1096 1472 Ἀσσυριακὰ
1137 1399 1646 1471 συγγραψαμένοις,
1683 1403 1798 1463 τοῖς

177 1503 230 1539 τε
261 1489 325 1541 τὰ
371 1489 616 1560 Μηδικὰ
667 1491 1033 1562 ίστορηκόσιν·
1079 1486 1151 1545 ὧν
1198 1493 1292 1545 καὶ
1341 1494 1504 1563 ἡμεῖς
1532 1493 1796 1555 πλείστας

177 1580 549 1654 ἁνελεξάμεθα
572 1585 891 1658 μαρτυρίας
914 1587 970 1637 ὲν
999 1587 1111 1649 τοῖς
1140 1585 1455 1656 πονηθεῖσιν
1484 1587 1619 1656 ἡμῖν
1647 1587 1794 1654 Χρο-

1909 580 2198 640 argentum
2233 586 2339 627 non
2375 581 2592 636 curant,
2620 584 2719 625 nec
2750 584 2887 625 auro
2909 585 3048 639 opus
3089 569 3315 634 habent,
3343 583 3507 623 arcus

1902 661 2169 732 iuvenum
2218 672 2527 718 conterent.
2565 680 2583 713 ι
2635 661 2862 730 Magnus
2904 661 3126 731 quidem
3165 661 3271 716 illis
3321 670 3499 714 tumor

1906 755 2051 808 inest
2097 757 2168 810 ob
2211 757 2506 823 sagittandi
2545 756 2797 826 peritiam
2825 795 2842 819 ,
2894 769 3059 824 quam
3105 763 3280 807 artem
3331 753 3506 822 pluris

1905 848 2151 914 faciunt,
2202 849 2296 904 sed
2358 851 2596 905 inimicis
2654 850 2944 905 inferiores
3005 855 3192 902 erunt.
3253 844 3506 902 Victores

1905 956 2069 1010 porro
2101 950 2250 994 tanta
2277 943 2478 997 duritie
2506 956 2559 997 et
2587 944 2930 996 immanitate
2972 949 3171 1003 erunt,
3203 949 3261 993 ut
3289 954 3357 992 ne
3381 941 3505 1008 qui-

1901 1034 2025 1087 dem
2055 1042 2255 1088 tenerae
2278 1045 2333 1088 et
2361 1037 2427 1090 ad
2459 1036 2897 1090 misericordiam
2924 1035 3162 1088 moventi
3198 1034 3346 1087 aetati
3375 1048 3503 1102 par-

1901 1133 2049 1179 cant.
2106 1123 2243 1180 Huic
2293 1138 2486 1180 autem
2528 1128 2710 1191 dicto,
2783 1145 2801 1178 ι
2833 1127 2973 1182 Ecce
3017 1127 3298 1181 suscitabo
3345 1124 3503 1178 vobis

1900 1216 2113 1280 Medos.
2145 1238 2164 1271 ι
2199 1220 2315 1288 ipse
2346 1220 2587 1273 historia:
2610 1229 2839 1275 eventus
2885 1219 3258 1276 testimonium
3297 1217 3450 1271 addit
3481 1228 3499 1270 :

1899 1326 2022 1378 qua:
2054 1311 2276 1365 historia
2300 1313 2440 1381 apud
2467 1311 2708 1374 Gravcos.
2742 1313 2833 1381 qui
2855 1311 3173 1375 Cbaldaica,
3198 1309 3492 1380 Assyriaca

1899 1413 1955 1454 et
2029 1401 2234 1456 Medica
2313 1405 2653 1473 scripserunt
2722 1403 3326 1473 reperiturzquorum
3399 1417 3501 1456 nos

1900 1494 2071 1548 multa
2111 1496 2420 1550 testimonia
2456 1495 2776 1565 collegimus
2820 1497 2872 1550 in
2921 1494 3200 1550 Chronicis
3233 1509 3359 1566 quae
3385 1495 3502 1549 edi-

1897 1586 2099 1640 dimus.
2159 1585 2297 1640 Medi
2356 1588 2537 1658 itaque
2587 1588 2935 1658 Assyriorum
2974 1589 3264 1657 imperium
3294 1597 3503 1641 everte-

177 1674 358 1741 νικοῖς
382 1679 830 1749 συγγράμμασι.
889 1679 1174 1732 Φαίνονται
1231 1679 1412 1732 τοίνυν
1458 1677 1646 1748 Μῆδοι
1691 1678 1790 1748 τὴν

1901 1689 2028 1732 runt
2056 1696 2070 1732 :
2103 1677 2224 1733 illos
2254 1693 2386 1734 vero
2418 1680 2520 1734 sibi
2565 1679 2796 1747 subjecit
2826 1679 3024 1749 Cyrus,
3063 1679 3274 1750 primus
3303 1677 3500 1733 Persa-

187 1767 489 1839 ’Δσσυρίων
516 1769 857 1834 καθελόντες
884 1771 1080 1842 ἀρχήν·
1112 1770 1337 1835 τούτους
1361 1789 1419 1824 τε
1452 1770 1638 1842 Κῦρος
1666 1771 1790 1823 ύπο-

1900 1786 2018 1824 rum
2050 1785 2162 1830 rex.
2201 1771 2295 1840 qui
2338 1770 2650 1827 Judzeorum
2694 1773 3070 1843 captivitatem
3112 1771 3321 1825 dimisit
3353 1788 3367 1824 :
3405 1771 3500 1824 de-

176 1859 329 1927 τάξας
356 1865 386 1915 ὁ
420 1863 673 1934 Περσῶν
703 1863 955 1934 βασιλεὺς
991 1864 1228 1936 πρῶτος,
1264 1866 1294 1918 ό
1333 1865 1425 1917 καὶ
1459 1865 1560 1931 τὴν
1588 1866 1790 1934 αίχμαο

1896 1861 2084 1931 ditque
2121 1860 2325 1918 Iudaeis
2362 1881 2459 1932 pro
2500 1864 2670 1919 lubito
2714 1865 2768 1918 in
2804 1865 3081 1935 regionem
3127 1877 3284 1917 suam
3333 1862 3501 1918 remi-

176 1951 364 2007 λωσίαν
402 1954 524 2008 τῶν
572 1956 854 2009 Ἰουδαίων
885 1957 1062 2020 ἀνείςο
1111 1957 1206 2011 καὶ
1239 1956 1360 2020 δοὺς
1395 1956 1646 2021 ἐξουσίαν
1674 1959 1787 2020 τοῖς

175 2043 413 2101 θέλουσιν
449 2048 651 2102 αὐτῶν
677 2050 761 2112 είς
789 2051 885 2121 τὴν
919 2050 1122 2103 οἰκείαν
1157 2048 1439 2104 ἐπανιέναι
1470 2047 1788 2124 χώραν,καὶ

174 2138 477 2210 ἀνεγείρειν
514 2139 618 2194 τὸν
652 2140 784 2193 ναὸν
811 2140 901 2194 τοῦ
938 2141 1090 2195 Θεοῦ.
1209 2139 1212 2142 ’

243 2250 262 2281 ι
295 2231 408 2284 Καὶ
440 2232 612 2286 ἔσται
647 2232 928 2296 Βαϐυλὼν,
950 2233 985 2304 ἡ
1027 2233 1270 2288 καλεῖται
1306 2232 1514 2298 ἔνδοξος
1546 2234 1657 2286 ἀπὸ
1687 2233 1785 2304 βα-

175 2320 362 2389 σιλέως
389 2324 722 2388 Χαλδαίων,
755 2325 814 2378 ὃν
839 2325 1039 2398 τρόπον
1069 2325 1439 2397 κατέστρεψεν
1472 2329 1501 2379 ό
1531 2327 1663 2390 Θεὸς
1691 2327 1788 2380 Σό-

175 2415 306 2486 δομα
366 2416 468 2470 καὶ
535 2416 841 2488 Γόμορρα,
901 2417 964 2470 ού
1025 2417 1488 2487 κατοικηθήσεται
1553 2419 1631 2480 είς
1695 2417 1786 2470 τὸν

174 2504 354 2558 sitim.
402 2524 424 2558 ι
480 2506 782 2576 ’Λοίκητος
818 2506 874 2560 δὲ
914 2505 1009 2559 καὶ
1054 2505 1334 2569 παντελῶς
1378 2507 1583 2577 ἕρημος
1616 2507 1785 2560 είσέτι

175 2596 264 2650 καὶ
292 2595 390 2651 νῦν
423 2599 638 2669 ὁρᾶται
669 2600 704 2669 ἡ
753 2597 1010 2651 Βαϐυλών
1030 2615 1043 2627 ο
1092 2598 1370 2670 μάρτυρες
1412 2599 1469 2650 δὲ
1499 2599 1703 2651 τούτων
1734 2599 1786 2652 el

175 2690 233 2742 ικ
263 2688 372 2741 τῶν
405 2688 605 2743 τόπων
641 2689 869 2742 ἐκείνων
905 2688 1040 2760 πρὸς
1079 2689 1228 2760 ἡμᾶς
1267 2689 1673 2760 ἀφικνούμενοι.

242 2797 262 2830 ι
318 2779 447 2833 Οὐδ’
498 2779 568 2833 οὑ
620 2778 700 2848 μὴ
751 2778 1066 2832 εἰσέλθωσιν
1112 2781 1193 2841 είς
1225 2779 1395 2851 αὐτὴν
1439 2780 1529 2833 διὰ
1573 2781 1786 2836 πολλῶν

174 2869 390 2937 γενεῶν,
427 2870 546 2924 οὐδ’
575 2870 644 2923 οὐ
691 2869 766 2940 μὴ
810 2868 1089 2924 διέλθωσιν
1133 2870 1304 2941 αὐτὴν
1347 2871 1617 2941 Ἄραϐες,
1663 2872 1784 2926 οὐδὲ

176 2962 432 3031 ποιμένες
461 2962 532 3014 οὐ
583 2959 662 3032 μὴ
693 2959 1114 3014 ἀναπαύσωνται
1145 2962 1204 3013 ὲν
1239 2961 1399 3032 αὐτῇ.
1445 2982 1463 3014 ι
1505 2961 1663 3016 Οὕτω
1691 2964 1786 3035 ϐη-

175 3050 473 3123 λουμένων,
505 3054 591 3116 ὡς
618 3048 797 3122 οἶμαι,
831 3051 940 3106 τῶν
971 3054 1102 3123 παρ’
1129 3055 1261 3125 ἡμῖν
1299 3053 1648 3124 καλουμένων
1683 3057 1789 3111 Σα-

177 3145 447 3216 ρακηνῶν,
486 3145 570 3208 οἶ,
599 3143 702 3208 τὰς
744 3146 1131 3216 πραγματείας
1178 3147 1527 3220 ποιούμενοι,
1558 3151 1653 3204 καὶ
1697 3152 1784 3204 ἐπ’

176 3235 339 3306 αὐτῆς
366 3235 712 3298 Βαϐυλῶνος
731 3236 791 3288 τὸ
814 3237 1041 3290 παλαιὸν
1063 3239 1533 3307 ὲσκηνοποιοῦντο.
1559 3243 1793 3307 Φευκτὺς

175 3325 225 3379 ἃ
253 3325 395 3380 οὕτω
423 3328 530 3382 καὶ
561 3330 679 3391 τοῖς
710 3329 952 3402 ὁμόροις,
983 3332 1076 3384 καὶ
1113 3334 1228 3394 τοῖς
1252 3331 1312 3396 ἐξ
1344 3332 1533 3398 ἔθνους
1573 3335 1790 3407 μακροῦ

179 3419 598 3490 περινοστοῦσιν
649 3419 852 3492 αὐτὴν,
905 3422 982 3486 ὼς
1041 3423 1178 3494 μηδὲ
1230 3426 1498 3496 ποιμένας
1553 3429 1681 3491 τοὺς
1733 3427 1792 3493 ἐξ

189 3507 438 3580 Ἀράϐων
475 3510 874 3581 κατανεμῆσαί
912 3528 965 3565 τι
1015 3512 1125 3566 τῶν
1167 3514 1314 3567 ίδίων
1355 3515 1691 3587 θρεμμάτων
1733 3519 1790 3571 ὲν

177 3599 330 3672 αὐτῇ,
364 3601 460 3654 διά
510 3617 600 3654 τοι
635 3600 700 3653 τὸ
746 3602 1076 3685 ἠρημῶσθαι
1112 3604 1414 3670 παντελῶς.
1481 3607 1678 3660 ’ἰστέον
1709 3608 1787 3673 δὲ,

175 3689 249 3741 ὅτι
278 3690 347 3743 τὰ
387 3689 744 3763 Σαρακηνῶν
777 3691 926 3763 ἔθνη,
956 3695 1053 3746 καλ⁵
1089 3695 1284 3765 μέχρις
1330 3696 1502 3766 αὐτῆς
1534 3697 1791 3768 διήκοντα

176 3779 267 3850 τῆς
310 3779 630 3853 Ἀσσυρίων
670 3781 765 3833 καὶ
797 3782 896 3852 τὴν
947 3784 1208 3837 ἐσωτάτω
1238 3787 1513 3858 νεμόμενα
1558 3787 1787 3859 ἔρημον,

179 3871 421 3943 ⁵Δραϐας
450 3869 755 3944 ὀνομάζει·
792 3873 1010 3942 γείτονα
1038 3875 1152 3946 γὰρ
1185 3875 1370 3946 έχουσι
1401 3878 1501 3949 τὴν
1542 3879 1790 3949 Ἀράϐων

183 3963 380 4036 χώραν.

247 4075 264 4108 ι
297 4057 409 4111 Καὶ
455 4054 877 4111 ἀναπαύσονται
919 4059 1040 4112 ἐκεῖ
1085 4057 1284 4132 θηρία·
1337 4063 1430 4117 καὶ
1463 4063 1788 4136 ἐμπλησθή-

177 4159 354 4197 σονται
385 4146 446 4198 αἱ
482 4144 662 4198 οἰκίαι
692 4145 825 4216 ἧχου
844 4164 858 4176 ⁶
895 4149 987 4201 καὶ
1015 4150 1428 4208 ἀναπαύσονται
1462 4157 1576 4208 ὲκεί
1610 4156 1791 4226 σειρῆο

177 4252 279 4299 νες,
314 4238 412 4291 καὶ¹
437 4236 707 4307 δαιμόνια
736 4239 854 4291 ἐκεῖ
882 4241 1238 4312 όρχήσονται,
1276 4247 1369 4300 καὶ
1409 4246 1788 4320 ὀνοκένταυροι

177 4329 285 4382 ἐκεῖ
324 4332 801 4402 κατοικήσουσιν·
845 4333 942 4386 καὶ
989 4338 1478 4407 νοσσοποιήσουσιν
1527 4342 1694 4411 ἐχῖνοι
1731 4344 1790 4395 ὲν
1819 4403 1830 4406 _

177 4425 279 4487 τοῖς
319 4423 501 4488 οἴκοις
543 4421 750 4487 αὐτῶν,
803 4426 939 4497 ταχὺ
991 4427 1214 4501 ἔρχεται
1249 4433 1343 4485 καὶ
1388 4434 1450 4485 ού
1497 4435 1720 4504 χρονιεῖ.
1763 4453 1782 4486 ι

178 4513 291 4567 Τῶν
328 4516 431 4588 μὲν
462 4511 565 4570 οὖν
595 4516 824 4587 ἡμέριον
852 4520 946 4572 καὶ
979 4520 1218 4589 λογικῶν
1253 4521 1407 4586 ζώων
1443 4525 1650 4596 ἔρημον
1688 4544 1789 4582 κα-

175 4611 448 4681 ταστήσας
505 4609 608 4680 τὴν
632 4610 968 4679 ὧαϐυλῶνα,
1013 4615 1168 4670 οὐδὲν
1202 4619 1447 4690 οἰκήσειν
1493 4619 1741 4684 θεσπίζει
1767 4639 1783 4653 ο

177 4699 332 4774 θηρία
366 4704 432 4757 δέ
483 4719 617 4756 τινα
661 4703 835 4775 ἄδηλα
865 4708 1000 4778 ἡμῖν
1050 4708 1146 4761 καὶ
1196 4709 1473 4778 ἄγνωστα,
1522 4712 1785 4784 δαίμονάς

175 4811 317 4860 τινας
339 4797 445 4851 καὶ
476 4795 774 4866 πνεύματά
797 4816 916 4852 τινα
948 4799 1136 4871 ἀπηνῆ
1159 4801 1255 4854 καὶ
1279 4805 1533 4878 ἀνήμερα
1561 4805 1784 4861 ἔσεσθαι

178 4885 228 4936 ιν
256 4887 392 4958 αὐτῇ
453 4902 615 4956 φησι.
666 4885 754 4938 Διὸ
803 4888 921 4941 ἀντὶ
961 4890 1082 4955 τοῦ,
1135 4910 1152 4942 ι
1181 4893 1365 4962 θηρία,
1393 4913 1412 4947 ι
1442 4915 1460 4945 ι
1484 4897 1650 4950 σείειν
1677 4915 1693 4946 ι
1738 4900 1787 4952 οἱ

177 4975 343 5033 λοιποὶ
372 4978 726 5051 ἑρμηνευταὶ
753 4979 1082 5034 ἐκδεδὼκασι
1104 4999 1116 5012 °
1148 4983 1245 5036 καὶ
1271 4986 1391 5040 ἀντὶ
1413 4987 1527 5053 τοῦ,
1559 5008 1577 5040 ι
1608 4991 1790 5060 σειρῆ-

178 5086 277 5134 νες,
315 5091 333 5122 ι
368 5092 388 5123 ι
440 5069 982 5144 στρουθοκαμήλους,
1023 5094 1040 5124 ι
1069 5076 1325 5145 εἰρήκασι
1347 5096 1360 5110 ·
1397 5081 1491 5132 καὶ
1517 5081 1642 5134 ἀντὶ
1665 5082 1784 5147 τοῦ,

185 5184 200 5210 ε
234 5161 650 5232 όνοκένταυροι,
695 5178 713 5211 ι
757 5181 773 5210 ι
815 5161 998 5226 σείειν,
1041 5184 1058 5214 ι
1101 5166 1439 5238 ἀνέγραψαν,
1471 5171 1609 5243 αὐτῇ
1647 5190 1785 5245 χρη-

182 5253 394 5324 σάμενοι
543 5251 789 5322 Ἐϐραῖδι
833 5259 983 5326 φωνῇ
1015 5255 1108 5308 διὰ
1133 5258 1196 5310 τὸ
1232 5258 1427 5333 ἄδηλον
1460 5263 1560 5332 τῆς
1604 5267 1785 5337 ἑρμη-

178 5344 330 5409 νείας·
362 5344 514 5400 ἀλλὰ
550 5343 650 5397 καὶ
675 5346 812 5410 ἀντὶ,
843 5347 1086 5417 «ἐχίνων,
1105 5350 1336 5420 »ὁμοίως
1350 5357 1400 5408 oi
1434 5360 1579 5427 τρεῖς
1609 5360 1788 5429 ἑρμη-

179 5440 370 5501 νευταὶ,
409 5458 430 5490 ι
466 5435 767 5506 σειρῆνας,
805 5458 823 5489 ι
851 5442 1206 5510 ἡρμήνευσαν
1231 5459 1244 5471 °
1295 5448 1440 5519 τάχα
1455 5467 1556 5502 που
1585 5448 1679 5504 διὰ
1728 5452 1789 5505 τὸ

173 5528 448 5604 ’ἀπατηλὸν
472 5529 592 5583 τῶν
621 5529 876 5584 τοιούτων
898 5532 1192 5604 δαιμόνων.
1239 5536 1393 5594 Ἐπεὶ
1421 5542 1552 5612 παρ’
1589 5541 1788 5615 ’Ἐλλη-

183 5635 254 5672 σιν
294 5619 584 5695 ήδύφωνοί
630 5636 773 5683 τιν-ς
807 5618 964 5677 αὗται
995 5626 1093 5679 καὶ
1128 5628 1400 5703 ἁπατηλοὶ
1451 5632 1786 5701 γεγενῆσθαι

183 5716 640 5784 μνημονεύονται.
689 5731 708 5762 ι
756 5714 904 5784 Ταχὺ
948 5716 1188 5788 ἔρχεται,
1241 5723 1334 5776 καὶ
1382 5723 1442 5774 οὐ
1491 5727 1722 5795 χρονιεῖ.
1764 5749 1781 5780 ι

182 5805 342 5874 Ἅπας
358 5827 421 5880 γε
459 5807 582 5880 μὴν
627 5806 717 5858 καὶ
750 5806 1098 5879 νομιζόμενος
1132 5813 1281 5882 παρὰ
1315 5815 1628 5887 ἀνθρώποις
1685 5837 1790 5890 μα-

1819 4575 1864 4630 D

1896 1952 2087 2020 grandi
2114 1968 2179 2008 ac
2222 1954 2405 2023 templi
2443 1955 2533 2009 Dei
2562 1956 2910 2009 restaurandi
2938 1953 3280 2010 facultatem.

1970 2221 2133 2275 Vens.
2176 2219 2266 2276 i9.
2314 2239 2332 2272 ι
2363 2219 2428 2274 Et
2481 2219 2585 2274 erit
2637 2218 2906 2290 Babylon,
2961 2234 3082 2288 qua:
3127 2227 3356 2272 vocatur
3385 2217 3499 2288 glo-

1893 2315 2036 2370 riosa
2080 2330 2108 2368 a
2161 2330 2290 2384 rege
2336 2313 2742 2377 Clialdasorum,
2795 2313 3257 2383 quemadmodum
3298 2311 3500 2367 evertit

1895 2409 2035 2464 Deus
2069 2407 2366 2464 SodOmam
2395 2418 2447 2460 et
2478 2405 2845 2462 Gomorrbam
2865 2450 2880 2473 ,
2909 2423 3018 2462 non
3058 2407 3406 2462 habitabitur
3437 2408 3494 2461 iu

1893 2502 2174 2558 saeculum.
2206 2520 2225 2554 ι
2281 2498 2586 2554 lnbabitata
2619 2511 2672 2555 et
2704 2501 2976 2556 hactenus
3016 2501 3231 2554 deserta
3267 2510 3351 2554 est
3391 2496 3500 2552 Ba-

1897 2595 2080 2666 bylon,
2124 2608 2287 2660 quam
2321 2610 2435 2648 rem
2473 2591 2841 2648 testificantur
2878 2593 2973 2664 qui
3006 2608 3076 2648 ex
3119 2592 3254 2649 locis
3289 2592 3398 2647 illls
3429 2594 3500 2646 ad

1893 2700 1992 2740 nos
2033 2685 2280 2738 veniunt.

1970 2796 1988 2828 ι
2015 2775 2134 2831 Non
2189 2777 2570 2847 ingredientur
2613 2776 2667 2830 in
2705 2790 2825 2830 eam
2875 2791 2971 2846 per
3015 2776 3215 2830 multas
3263 2789 3499 2847 genera-

1893 2867 2094 2930 tiones,
2150 2881 2330 2936 neque
2380 2867 2694 2920 transibunt
2737 2880 2834 2935 per
2881 2880 3003 2919 eam
3040 2865 3284 2928 Arabes,
3320 2880 3498 2932 neque

1890 2975 2141 3033 pastores
2200 2961 2552 3029 requiescent
2612 2960 2668 3014 in
2733 2975 2820 3014 ea.
2871 2978 2890 3013 ι
2955 2959 3123 3025 Queis
3176 2958 3498 3029 significan-

1893 3061 2002 3116 tur,
2042 3061 2100 3104 ut
2129 3051 2376 3114 estimo,
2425 3051 2484 3115 ii,
2521 3051 2613 3120 qui
2667 3051 2809 3122 apud
2852 3064 2951 3104 nos
2987 3049 3248 3105 Saraceni
3295 3064 3499 3104 vocan-

1894 3155 2002 3208 tur,
2039 3142 2133 3212 qui
2171 3145 2602 3214 negmistionem
2633 3153 2923 3207 exercent,
2969 3152 3026 3198 et
3069 3142 3123 3196 in
3165 3143 3282 3212 ipsa
3311 3143 3494 3214 Baby-

1821 3215 1863 3274 ο
1897 3236 2019 3288 loue
2071 3234 2202 3288 olim
2267 3235 2501 3289 tentoria
2562 3238 2857 3305 ponebant.
2892 3233 3079 3304 Usque
3126 3235 3264 3289 adeo
3310 3242 3496 3289 autem

1891 3342 2084 3397 perosa
2121 3335 2242 3381 erat
2274 3337 2386 3381 tum
2422 3329 2621 3383 vicinis
2646 3367 2661 3392 ,
2717 3337 2832 3381 tum
2870 3327 3189 3396 longinquis
3239 3337 3296 3381 ct
3337 3342 3497 3398 pere-

1891 3420 2244 3490 grinantibus
2279 3420 2569 3490 gentibus,
2601 3429 2659 3474 ut
2701 3435 2768 3474 ne
2811 3431 3061 3489 pastores
3097 3419 3318 3489 quidem
3354 3419 3496 3474 Ara-

1890 3509 2018 3564 bum
2080 3523 2278 3580 pecora
2338 3523 2436 3564 sua
2500 3510 2611 3565 illic
2659 3510 2917 3580 pascendi
2979 3525 3148 3566 causa
3205 3509 3492 3573 ducerent,

1890 3605 2019 3676 quia
2090 3606 2310 3676 penitus
2369 3607 2586 3660 deserta
2641 3614 2696 3659 et
2751 3604 2955 3659 inculta
3004 3612 3142 3660 erat.
3195 3600 3492 3657 Sciendum

1890 3705 2073 3751 autem
2125 3705 2213 3750 est
2265 3693 2673 3750 Saracenorum
2734 3704 2954 3764 gentes,
3010 3708 3134 3763 qua:
3188 3706 3363 3761 usque
3423 3691 3492 3746 ad

1892 3789 2064 3859 ipsam
2096 3789 2448 3859 Assyriorum
2483 3796 2687 3842 terram
2726 3787 3068 3856 pertingant,
3119 3795 3287 3854 atque
3343 3785 3490 3840 inte-

1892 3883 2095 3936 riorem
2130 3881 2482 3935 solitudinem
2514 3880 2782 3941 incolunt.
2811 3880 3026 3932 Arabas
3066 3879 3156 3933 bic
3181 3879 3491 3949 nominari:

1889 3989 2016 4029 nam
2045 3973 2290 4026 Arabum
2322 3972 2600 4040 regionem
2647 3971 2941 4026 finitimam
2977 3970 3205 4026 habent.

1962 4065 2130 4121 Vens.
2169 4065 2264 4132 Si,
2304 4063 2398 4122 22.
2466 4063 2577 4118 «Et
2635 4064 2980 4118 accubabunt
3037 4064 3108 4118 ibi
3163 4065 3388 4129 besttte;
3437 4074 3494 4119 et

1890 4158 2252 4230 replebuntur
2280 4158 2480 4211 domus
2505 4158 2710 4212 sonitu.
2746 4157 2812 4210 Et
2851 4157 3199 4227 requiescent
3243 4157 3315 4210 ibi
3351 4162 3492 4211 sire-

1890 4266 2012 4315 nes,
2075 4259 2133 4304 et
2181 4250 2453 4304 daamouia
2488 4249 2562 4303 ibi
2627 4249 2930 4314 saltabunt,
2981 4248 3340 4303 onocentauri
3380 4247 3496 4303 illic

1890 4341 2224 4398 babitabunt
2254 4359 2268 4394 :
2304 4352 2360 4396 et
2396 4341 2755 4396 nidificabunt
2815 4341 3086 4399 beriuacii
3137 4341 3190 4396 in
3241 4342 3498 4396 domibus

1889 4449 2102 4496 eorum.
2150 4433 2260 4488 cito
2308 4432 2510 4498 veniet,
2556 4440 2760 4487 etnon
2819 4432 3076 4486 tardabit.
3110 4450 3128 4483 ι
3193 4431 3492 4500 Postquam

1896 4534 2312 4581 mansuetorum
2355 4533 2411 4578 et
2467 4525 2875 4579 rationabilium
2917 4524 3236 4578 animalium
3263 4539 3493 4579 vacuam

1896 4620 2234 4692 Babylonem
2277 4620 2670 4682 constituerat,
2719 4635 2747 4672 a
2798 4618 2947 4672 nullo
2985 4617 3337 4673 habitandam
3373 4634 3496 4674 esse

1896 4713 2264 4778 vaticinatur;
2315 4711 2412 4765 sed
2461 4712 2727 4780 quasdam
2761 4710 2977 4781 ignotas
3011 4713 3173 4766 nobis
3217 4711 3397 4776 feras,
3441 4721 3499 4765 et

1899 4806 2179 4859 daemones
2207 4802 2480 4874 quosdam
2511 4803 2850 4873 spiritusque
2871 4802 3124 4858 crudeles
3150 4814 3204 4858 et
3228 4805 3498 4860 immanes

1900 4897 1976 4952 ibi
2018 4895 2240 4953 futuros
2272 4909 2395 4950 esse
2421 4894 2516 4948 ait.
2551 4895 2734 4962 Quare
2758 4912 2856 4966 pro
2883 4896 2974 4951 illo
3010 4915 3028 4948 ι
3058 4897 3266 4959 bestim,
3293 4915 3312 4948 ι
3367 4896 3495 4951 reli-

1898 4991 1990 5061 qui
2026 4991 2381 5058 interpretes,
2444 5009 2463 5041 ι
2489 4991 2593 5046 siin
2624 5009 2643 5042 ›
2700 4990 3026 5055 ediderunt;
3058 4998 3113 5045 et
3163 4990 3282 5043 loco
3324 4989 3496 5049 illius,

1901 5103 1919 5136 ι
1943 5085 2176 5148 sirenes,
2204 5102 2223 5135 ι
2257 5103 2276 5136 ‹
2303 5083 2815 5148 strutbocamelos,o
2840 5083 3133 5146 dixerunt;
3169 5097 3230 5136 ac
3258 5097 3356 5152 pro
3383 5081 3495 5146 illo,

1911 5194 1930 5226 ι
1957 5175 2336 5236 onocentauri,
2371 5183 2505 5240 ειυς
2546 5176 2692 5241 siim,
2719 5195 2736 5228 ι
2781 5177 2909 5230 item
2960 5175 3303 5241 interpretati
3346 5187 3496 5237 sunt,

1897 5268 2014 5336 ipsa
2047 5267 2129 5322 usi
2170 5264 2441 5322 Hebraica
2479 5282 2633 5330 voce,
2680 5267 2750 5321 ob
2803 5268 3148 5336 signiﬁcatus
3190 5268 3495 5322 obscurita-

1897 5370 2027 5423 tem,
2065 5363 2176 5414 imo
2209 5360 2377 5414 etiam
2429 5376 2531 5428 pro
2578 5379 2596 5410 ι
2629 5359 2946 5422 berinaciis,
2996 5369 3107 5412 tres
3167 5360 3497 5427 interpretes

1895 5453 2140 5522 pariter,
2201 5469 2221 5503 ι
2254 5453 2464 5506 sirencs
2495 5492 2509 5512 ,
2551 5470 2570 5502 ι
2649 5449 3006 5504 reddiderunt
3055 5469 3069 5504 :
3122 5452 3377 5507 fortassis
3425 5453 3496 5507 ob

1897 5547 2088 5600 talium
2115 5545 2425 5599 dtemonum
2461 5544 2914 5599 fraudulentiam.
2947 5543 3079 5597 Nam
3108 5547 3248 5612 apud
3274 5546 3496 5601 Grazcos

1897 5638 2118 5692 Sirenes
2193 5637 2493 5691 dulcisonze
2553 5646 2608 5692 et
2664 5635 2887 5691 fallaces
2951 5635 3118 5689 fuisse
3170 5647 3491 5690 narrantur.

1907 5747 1924 5779 ι
1955 5726 2078 5780 Cito
2115 5725 2319 5787 veniet,
2365 5736 2419 5778 et
2453 5739 2562 5780 non
2593 5727 2850 5782 tardabit.
2888 5745 2905 5776 ι
2967 5724 3207 5791 Quodvis
3259 5736 3493 5791 tempus,

1902 5820 2119 5879 etiamsi
2156 5818 2532 5890 longissimum
2573 5819 2714 5890 apud
2764 5819 3013 5877 homines
3068 5833 3187 5872 esse
3246 5825 3491 5886 putetur,
