4100 6458
631 431 727 488 ⁸9³

1294 422 1559 480 EUSEBII
1596 420 2071 477 CESARIENSIS
2110 417 2193 475 ΟΡ

2297 417 2474 473 pass
2513 415 2602 473 Ill.
2641 447 2709 457 —
2748 412 3157 496 exsomnes.

3779 406 3880 465 l9!

630 542 1005 598 brevissimum
1040 550 1216 595 tamen
1260 540 1399 608 apud
1461 538 1625 592 Deum
1661 536 1900 604 iudicem
1946 534 2193 590 habetur.

2301 531 2560 601 κρότατος
2582 524 2717 583 εἶναι
2738 528 2925 599 χρόνος
2948 525 3284 596 βραχύτατος
3312 521 3463 594 παρά
3481 519 3559 592 τῷ
3577 518 3875 592 Θεῷκριτῇ

630 634 840 690 Etenim
877 631 1022 687 mille
1046 632 1170 685 anni
1197 631 1248 684 in
1282 639 1577 697 conspectu
1605 628 1745 697 ejus,
1790 638 2045 695 tanquam
2077 625 2195 679 dies

633 728 888 778 hesterna
929 712 1264 793 repetantur,
1296 731 1350 775 et
1388 731 1643 790 tanquam
1675 719 1917 775 custodia
1939 720 1990 773 in
2017 728 2191 772 nocte.

631 818 881 878 Attamen
937 832 1039 869 nou
1076 823 1196 883 post
1237 813 1434 866 multas
1464 827 1730 866 annorum
1778 811 2030 879 periodos
2061 812 2197 863 vati-

630 908 832 960 cinium
868 907 1140 975 impletum
1189 914 1272 959 est
1300 924 1312 959 :
1345 905 1611 975 siquidem
1666 903 1901 975 Babylon
1947 905 2048 957 sub
2084 902 2195 959 Mc-

634 1002 820 1053 dorum
849 998 1070 1068 imperio
1096 1012 1257 1067 supra
1299 1006 1593 1051 memorata
1620 1010 1871 1066 perpessa
1902 1006 2008 1049 est.

1195 1088 1423 1144 CAPUT
1493 1086 1632 1143 XIV.

704 1181 868 1238 Vsus.
912 1181 963 1246 l,
1002 1180 1060 1235 2.
1110 1198 1129 1229 ι
1159 1178 1226 1233 Ει
1258 1179 1604 1233 miserebitur
1632 1178 1890 1232 Dominus
1914 1176 2103 1243 Jacob,
2143 1189 2198 1233 et

630 1274 791 1343 eliget
840 1274 1090 1329 lsraelem
1130 1284 1227 1333 :et
1278 1273 1626 1342 requiescent
1673 1272 1725 1326 in
1775 1282 1919 1326 terra
1966 1288 2085 1339 sua,
2146 1281 2200 1326 et

631 1368 833 1421 advena
857 1367 1173 1435 adiungetur
1199 1365 1313 1429 eis,
1342 1375 1395 1418 et
1420 1364 1745 1433 adjnngctur
1774 1364 1953 1418 domui
1987 1362 2179 1420 Jacob.

634 1457 696 1511 Et
725 1456 991 1525 accipient
1012 1472 1106 1511 eos
1133 1466 1340 1526 gentes,
1367 1463 1422 1509 et
1448 1456 1703 1510 inducent
1730 1456 1781 1508 in
1807 1455 1981 1509 locum
2006 1470 2159 1509 suum
2182 1472 2194 1508 :

629 1560 684 1603 et
706 1550 1054 1620 possidebunt
1081 1559 1137 1602 et
1171 1548 1682 1617 multiplicabuntur
1713 1562 1877 1618 super
1902 1559 2100 1602 terram
2143 1549 2196 1603 in

630 1656 816 1695 servos
858 1651 913 1693 et
947 1640 1192 1702 ancillas.
1253 1650 1305 1694 et
1361 1648 1517 1692 erunt
1566 1640 1766 1706 captivi
1826 1640 1917 1707 qui
1959 1642 2202 1708 captivos

630 1739 887 1800 ceperant
915 1746 1029 1794 eos,
1062 1742 1117 1786 et
1144 1731 1443 1784 dominatui
1481 1746 1671 1793 eorum
1707 1731 2060 1797 subjicientur
2109 1734 2197 1800 qui

629 1823 1329 1878 dominatumobtinuerant
1360 1825 1411 1877 in
1435 1818 1549 1878 e'os.
1579 1842 1599 1875 ι
1654 1822 2062 1894 Cousequenter
2082 1826 2197 1895 igi-

630 1924 714 1968 tur
744 1927 969 1984 postea,
993 1932 1111 1986 qua;
1142 1927 1330 1971 contra
1380 1916 1702 1987 Babylonem
1737 1919 1879 1972 dicta
1916 1928 2081 1985 sunt,
2112 1923 2196 1977 bis

627 2000 840 2059 Judaici
873 2007 1051 2075 pepuli
1083 2022 1148 2060 ex
1181 2008 1394 2061 inimica
1420 2017 1564 2060 terra
1602 2009 1652 2062 in
1682 2006 1979 2063 Jerusalem
2013 2027 2199 2067 rever-

628 2097 853 2158 sionem.
891 2114 1012 2165 qua:
1039 2101 1138 2152 sub
1179 2100 1320 2169 Cyro
1359 2101 1609 2170 contigit,
1658 2101 1931 2171 significat
1962 2120 1976 2156 :
2008 2104 2199 2157 decla-‘

628 2203 756 2242 rans
783 2190 901 2244 fore
935 2191 1095 2267 utiili
1124 2205 1246 2260 post
1286 2192 1518 2245 reditum
1554 2194 1605 2245 in
1647 2196 1869 2262 regione
1909 2209 2005 2249 sua
2042 2197 2197 2266 quie-

626 2288 802 2344 scant,
833 2290 887 2334 et
914 2282 1120 2336 advena
1150 2283 1281 2351 ipsis
1319 2283 1665 2352 adiungatur.
1716 2286 1820 2341 Pro
1859 2286 1950 2341 illo
1992 2298 2193 2352 autem,

630 2387 651 2421 ι
674 2371 901 2438 advena,
929 2392 949 2424 ι
979 2372 1169 2443 reliqui
1199 2378 1543 2441 interpretes,
1585 2396 1604 2430 ι
1632 2378 1938 2449 proseiytus
1967 2398 1986 2431 ι
2024 2382 2196 2436 inter-

627 2464 821 2532 pretati
853 2474 996 2521 sunt.
1041 2464 1136 2521 Sic
1177 2470 1321 2523 enim
1354 2471 1428 2525 ait
1465 2488 1559 2527 eos
1614 2475 1665 2527 in
1732 2485 1873 2527 terra
1925 2489 2021 2528 sua
2080 2490 2192 2530 rem

627 2567 885 2623 prospere
939 2568 1204 2628 gesturos,
1267 2572 1326 2616 ut
1373 2565 1533 2617 etiam
1574 2564 1891 2635 alienigenae
1953 2568 2191 2637 ipsorum

629 2643 941 2710 religionem
974 2648 1383 2719 amplectantur,
1413 2668 1479 2708 ac
1502 2656 1758 2727 proselyti
1796 2657 1950 2725 llant,
1984 2660 2193 2717 domui-

624 2745 731 2806 que
754 2734 924 2792 Jacob
954 2737 1303 2808 adjiciantur.

693 2995 864 3053 Vsus.
901 2998 954 3061 5.
997 2997 1051 3053 ι.
1099 3018 1117 3049 ι
1146 2999 1211 3056 Et
1241 3002 1346 3057 erit
1394 3001 1445 3056 in
1493 3002 1580 3058 die
1622 3004 1709 3059 illa
1761 3008 2108 3077 requiescere
2142 3022 2193 3068 te

626 3087 797 3145 faciet
832 3091 973 3145 Deus
1006 3106 1036 3145 a
1069 3094 1256 3147 dolore
1286 3103 1377 3160 tuo
1400 3104 1453 3149 et
1485 3097 1552 3149 ab
1582 3097 1661 3150 ira
1695 3108 1780 3152 tua
1802 3139 1817 3162 ,
1850 3109 1905 3153 et
1942 3118 1972 3153 a
2018 3103 2191 3157 servi-

626 3192 738 3238 tute
757 3190 849 3238 tua
877 3184 1031 3249 dura,
1060 3200 1163 3255 qua
1194 3188 1461 3240 servivisti
1485 3188 1564 3243 eis
1588 3205 1603 3241 :
1625 3199 1678 3245 et
1706 3206 1887 3245 sumes
1914 3191 2185 3259 planctum

2296 622 2618 690 λελόγισται.
2655 621 2816 674 Χίλια
2849 614 2942 673 οὖν
2980 618 3076 689 ἐτη
3111 616 3343 670 ἐνώπιον
3380 613 3545 667 αὐτοῦ
3578 612 3653 675 ὼς
3698 612 3879 683 ἡμέρα

2297 710 2329 778 ἡ
2356 708 2481 778 χθὲς
2504 708 2831 776 λελόγισται,
2854 706 2949 760 καὶ
2976 705 3051 768 ὡς
3079 704 3293 776 φυλακὴ
3321 706 3378 758 ὲν
3404 702 3575 757 νυκτί.
3607 701 3769 755 Ἀλλά
3784 707 3880 755 και

2296 804 2395 855 οὐκ
2431 802 2509 865 είς
2541 802 2784 871 μακροὺς
2825 800 2934 854 τῶν
2966 799 3173 871 χρόνων
3207 797 3438 861 κύκλους
3473 796 3573 866 τῆς
3600 794 3880 859 ἐκϐάσεως

2296 894 2366 946 τά
2391 892 2748 946 θεσπισθέντα
2774 892 2953 962 ἔτυχε,
2976 890 3044 944 τά
3076 888 3458 962 προρρηθέντα
3482 886 3758 958 παθούσης
3775 885 3879 957 τῆς

2299 987 2614 1052 Βαϐυλῶνος
2645 988 2737 1041 ἐπὶ
2771 988 2868 1058 τῆς
2902 987 3101 1058 Μήδων
3128 985 3323 1055 ἀρχῆς.

2830 1076 3224 1130 ΚΕΦΑΛΑΙΟΝ
3249 1077 3344 1128 ιΔν.

2330 1230 2349 1234 _
2374 1189 2393 1222 ι
2443 1169 2554 1223 Καὶ
2596 1170 2809 1240 ἐλεήσει
2852 1168 3055 1240 Κύριος
3092 1168 3183 1221 τὸν
3228 1166 3440 1225 Ἰακὼϐ,
3474 1166 3567 1220 καὶ
3601 1166 3881 1233 ἑκλέξεται

2299 1263 2378 1315 ἔτι
2411 1263 2500 1316 τὸν
2544 1261 2781 1333 Ἰσραὴλ,
2818 1263 2913 1315 καὶ
2945 1260 3349 1314 ἀναπαύσονται
3397 1260 3486 1312 ἐπὶ
3514 1260 3610 1329 τῆς
3644 1258 3748 1328 γῆς
3779 1258 3881 1310 αὺ-

2298 1354 2427 1419 τῶν,
2459 1354 2554 1408 καὶ⁵
2584 1355 2612 1406 6
2636 1352 2872 1425 γειώρας
2900 1352 3329 1427 προστεθήσεται
3356 1350 3494 1423 πρὸς
3526 1350 3720 1412 αὐτούς
3739 1366 3751 1379 ο
3785 1350 3882 1402 καὶ

2302 1446 2733 1517 προστεθήσεται
2767 1446 2905 1517 πρὸς
2936 1446 3027 1499 τὸν
3051 1441 3198 1498 οἷκον
3238 1444 3449 1497 Ἰακώϐ.
3482 1444 3591 1496 Καὶ
3618 1442 3881 1513 λήψονται

2301 1533 2495 1596 αὐτοὺς
2520 1533 2668 1599 ἔθνη,
2699 1534 2791 1586 καὶ
2816 1533 3121 1600 είσάξουσιν
3152 1535 3229 1595 εἰς
3249 1532 3340 1587 τὸν
3369 1533 3531 1586 τόπον
3555 1532 3751 1597 αὐτῶν,
3783 1532 3885 1585 καὶ

2302 1625 2949 1695 κατακληρονομήσουσι,
2996 1625 3090 1678 καὶ
3136 1625 3598 1695 πληθυνθήσονται
3642 1626 3733 1677 ἐπὶ
3782 1624 3884 1696 τῆς

2302 1715 2403 1785 γῆς
2433 1716 2508 1777 εἰς
2540 1714 2759 1777 δούλους
2791 1715 2887 1768 καὶ
2922 1714 3132 1779 δούλας.
3169 1716 3264 1769 καὶ
3297 1714 3506 1767 ἔσονται
3545 1714 3883 1785 αἰχμάλωτοι

2303 1808 2352 1858 οἰ
2384 1806 2925 1877 αἰχμαλωτεύσαντες
2969 1810 3187 1872 αὐτοὺς,
3220 1809 3315 1861 καὶ
3352 1807 3798 1880 κυριευθὴσονται
3832 1810 3885 1861 οἱ

2305 1897 2689 1969 κυριεύσαντες
2729 1898 2945 1961 αὐτούς.
2986 1918 3004 1950 ι
3059 1899 3389 1963 Ἀκολούθως
3423 1899 3601 1952 τοίνυν
3638 1897 3777 1969 μετά
3812 1897 3888 1950 ea

2300 1987 2667 2058 προλεχθέντα
2712 1988 2855 2041 κατά
2891 1988 2990 2057 τῆς
3018 1986 3369 2051 Βαϐυλῶνος,
3400 1986 3488 2041 διά
3532 1985 3738 2039 τούτων
3780 1983 3886 2056 τὴν

2298 2084 2390 2136 ἐπὶ
2423 2083 2607 2154 Κύρου
2640 2085 2936 2154 γενομένην
2968 2082 3303 2154 ἐπιστροφὴν
3330 2081 3424 2135 τοῦ
3454 2081 3565 2135 τῶν
3605 2079 3883 2134 Ἰουδαίων

2296 2174 2426 2229 λαοῦ
2452 2176 2549 2245 τὴν
2572 2175 2679 2228 ἀπὸ
2702 2177 2799 2245 τῆς
2831 2176 3096 2244 πολεμίας
3121 2177 3215 2230 επὶ
3240 2174 3340 2246 τὴν
3392 2173 3749 2248 Ἰερουσαλὴμ
3780 2190 3887 2245 ση-

2300 2268 2498 2339 μαίνει,
2529 2266 2815 2330 διδάσκων,
2858 2267 2934 2330 ὼς
2978 2268 3379 2321 ἀναπαύσονται
3418 2267 3510 2320 ἐπὶ
3541 2268 3640 2338 τῆς
3668 2267 3885 2323 ἑαυτῶν

2296 2355 2477 2428 χώρας
2503 2355 2886 2420 ἐπανελθόντες
2905 2397 2919 2419 ,
2954 2357 3048 2409 καὶ
3080 2356 3156 2420 ὼς
3198 2357 3226 2407 6
3248 2355 3483 2426 γειώρας
3519 2355 3886 2427 προστεθήσε-

2294 2464 2382 2499 ται
2420 2448 2619 2510 αὐτοῖς.
2668 2450 2813 2500 ’Λντὶ
2854 2447 2911 2501 δὲ
2941 2447 3058 2512 τοῦ,
3110 2467 3129 2499 ι
3169 2450 3198 2501 6
3239 2446 3496 2519 γειώρας,
3551 2466 3570 2499 ι
3611 2449 3659 2501 oi
3695 2445 3885 2502 λοιποὶ

2294 2540 2657 2611 ἑρμηνευταὶ,
2697 2558 2716 2591 ι
2775 2541 2804 2592 6
2853 2541 3191 2611 προσήλυτος
3239 2560 3257 2593 ι
3298 2542 3666 2612 ήρμήνευσαν.
3718 2538 3885 2603 οὕτω

2294 2631 2402 2702 γὰρ
2444 2627 2502 2685 εὖ
2545 2631 2772 2703 πράξειν
2796 2635 2991 2697 αὐτοὺς
3026 2634 3120 2687 ἐπὶ
3165 2633 3264 2703 τῆς
3299 2633 3505 2687 ἑαυτῶν
3544 2633 3645 2703 γῆς
3686 2649 3879 2703 φησιν,

2294 2722 2369 2783 ὼς
2403 2723 2497 2776 καὶ
2534 2721 2862 2791 ἀλλοφύλους
2902 2723 3320 2794 ἀντιποιηθῆναι
3347 2724 3446 2794 τῆς
3489 2722 3664 2777 αὐτῶν
3700 2722 3882 2776 θεοσε-

2295 2814 2466 2877 ϐείας,
2511 2813 2765 2883 γενέσθαι
2808 2832 2866 2867 τε
2910 2814 3315 2888 προσηλύτους,
3369 2816 3463 2869 καὶ
3509 2814 3879 2887 προστεθῆναι

2294 2905 2370 2976 τῷ
2394 2906 2524 2975 οἴκῳ
2564 2904 2777 2959 Ἰακώϐ.

2373 3016 2391 3047 ι
2434 2998 2543 3050 Kal.
2563 2997 2715 3049 ἔσται
2750 3000 2808 3049 ὲν
2846 2998 2913 3068 τῇ
2951 2997 3134 3068 ἡμέρα
3178 2996 3395 3067 ἐκείνῃ,
3431 2994 3733 3049 ἀναπαύσει
3766 2995 3878 3048 K6-

2296 3089 2411 3160 ριὸς
2452 3107 2510 3142 σε
2546 3089 2656 3143 ἀπὸ
2682 3090 2779 3160 τῆς
2808 3090 3001 3161 ὀδύνης
3037 3090 3130 3143 καὶ
3160 3089 3253 3142 τοῦ
3297 3088 3470 3159 θυμοῦ
3514 3088 3739 3150 σουνκαὶ
3772 3089 3877 3160 τῆς

2293 3182 2534 3245 δουλείας
2563 3198 2655 3233 σου
2699 3181 2795 3251 τῆς
2850 3180 3092 3250 σκληρᾶς
3110 3221 3125 3242 ,
3153 3176 3221 3252 ἦς
3259 3179 3580 3244 ὲδούλευσας
3605 3220 3619 3244 ,
3650 3180 3838 3244 αὐτοῖς
3858 3198 3872 3212 ο

625 3274 769 3328 hunc
819 3290 982 3343 super
1036 3254 1216 3345 regem
1276 3275 1603 3347 Babylonis:
1640 3300 1660 3332 ι
1713 3297 1836 3335 nam
1897 3254 2075 3337 liersre
2135 3294 2189 3338 et

2297 3276 2389 3327 καὶ
2433 3274 2580 3347 λήψῃ
2625 3274 2713 3327 τὸν
2758 3273 2953 3344 θρῆνον
3000 3272 3187 3325 τοῦτον
3236 3273 3327 3325 ἐπὶ
3376 3272 3595 3342 βασιλέα
3632 3272 3877 3327 Βαϐυλῶ-

622 3359 799 3425 Medi,
862 3362 1210 3434 Assyriorum
1272 3366 1497 3435 imperio
1560 3379 1615 3423 et
1687 3372 1820 3439 ipsis
1880 3372 2193 3443 Babyloniis

622 3449 681 3506 iu
707 3451 1025 3508 servitutem
1055 3458 1311 3526 redactis,
1341 3476 1436 3517 eos
1464 3478 1573 3518 sua:
1612 3464 1801 3520 ditioni
1839 3468 2187 3537 subegerunt.

699 3628 865 3686 Vitas.
906 3632 1020 3688 5-8.
1067 3654 1087 3687 ι
1113 3635 1179 3695 Et
1204 3637 1353 3693 dices
1378 3639 1431 3693 in
1475 3639 1564 3695 die
1596 3640 1680 3695 illa
1708 3683 1723 3708 ,
1758 3642 2037 3709 Quomodo
2077 3661 2194 3701 ces-

625 3724 766 3777 savit
824 3737 1065 3793 exactor,
1120 3738 1176 3785 et
1226 3734 1459 3786 cessavit
1510 3734 1873 3790 sollicitator?
1924 3734 2192 3793 Contrivit

628 3812 889 3871 Dominus
928 3818 1113 3885 iugum
1169 3834 1558 3890 peccatorum,
1607 3822 1794 3895 jugnm
1844 3828 2188 3895 principum,

627 3909 941 3976 percutiens
974 3921 1190 3978 gentem
1243 3914 1347 3977 ira.
1388 3917 1542 3986 plaga
1597 3917 1906 3973 insnnabili.
1964 3917 2191 3974 Ferieus

622 4004 837 4061 gentem
869 3996 1021 4067 plaga
1052 3999 1166 4064 ine,
1207 4016 1311 4055 non
1340 4005 1615 4072 pepercit;
1640 4006 1906 4073 requievit
1934 4008 2023 4076 qui
2051 4023 2189 4062 con-

626 4089 767 4144 ﬁdit.
815 4089 1006 4146 Omnis
1059 4102 1203 4148 terra
1243 4094 1440 4149 clamat
1478 4112 1601 4151 cum
1660 4099 1869 4153 laetitia.
1923 4102 1990 4155 Et
2042 4102 2186 4171 ligna

624 4180 815 4237 Libani
844 4183 1020 4238 laetata
1061 4196 1185 4240 sunt
1209 4202 1372 4257 super
1410 4198 1461 4241 te
1484 4229 1499 4254 ,
1531 4198 1584 4241 et
1613 4192 1809 4245 cedrus
1837 4191 2027 4247 Libani
2068 4212 2080 4246 :
2120 4210 2186 4248 ex

621 4290 732 4345 quo
786 4284 840 4330 tu
895 4276 1224 4343 dormivisti,
1284 4294 1389 4333 non
1443 4281 1688 4335 ascendit
1747 4284 1836 4352 qui
1884 4288 2187 4341 succideret

620 4387 739 4428 nos.
770 4390 789 4425 ι
824 4372 980 4429 Cedri
1021 4374 1185 4443 igitur
1210 4385 1263 4430 et
1289 4376 1445 4443 pinus
1472 4378 1762 4431 secundum
1797 4378 2181 4449 Symmachum

618 4480 833 4543 rursum
894 4467 1203 4536 allegorice,
1273 4477 1533 4538 tyrannos
1586 4470 1850 4537 quosdam
1916 4476 2183 4543 superbos

616 4538 942 4625 signiﬁcant,
1002 4574 1031 4613 a
1093 4558 1386 4628 Babylonia
1437 4561 1708 4622 obsessos.
1767 4574 1822 4616 et
1882 4582 1911 4618 a
1964 4538 2180 4637 propria
2217 4589 2258 4643 ο

619 4651 837 4716 regione
868 4653 1109 4704 succisos
1132 4691 1146 4715 ,
1196 4666 1331 4720 quos
1362 4655 1427 4705 de
1463 4654 1705 4720 praedicti
1762 4654 2178 4728 Babyloniorum

618 4742 759 4809 regis
786 4742 939 4796 ruina
970 4744 1206 4811 gaudere
1234 4756 1653 4801 consentaneum
1694 4759 1832 4802 erat.

684 4918 849 4974 Vitas.
888 4918 941 4975 9.
980 4936 1001 4971 ι
1040 4919 1283 4975 infernus
1308 4920 1491 4975 subter
1522 4923 1875 4978 exacerbatus
1898 4934 1980 4979 est
1996 4940 2183 4979 occur-

2296 3383 2412 3429 νος·
2473 3385 2490 3417 ›
2548 3366 2754 3436 Πέρσαι
2796 3363 2907 3436 γὰρ
2957 3364 3048 3419 καὶ
3097 3364 3291 3435 Μῆδοι,
3332 3365 3515 3425 πᾶσαν
3572 3366 3878 3439 ’Δσσυρίων

2294 3458 2496 3530 ἀρχὴν,
2534 3458 2629 3512 καὶ
2673 3458 2868 3521 αὐτοὺς
2915 3457 3041 3521 τοὺς
3084 3455 3480 3521 Βαϐυλωνίους,
3526 3457 3877 3529 ὑποχειρίους

2291 3548 2567 3612 λαϐόντες,
2596 3550 2661 3620 τῇ
2694 3549 2904 3602 ἑαυτῶν
2930 3547 3201 3614 ὑπέταξαν
3232 3548 3477 3619 δυνάμει.

2370 3657 2387 3688 ι
2427 3638 2536 3690 Καὶ
2569 3638 2711 3708 ἐρεῖς
2736 3639 2793 3690 έν
2825 3640 2892 3709 τῇ
2927 3638 3108 3710 ἡμέρα
3136 3637 3353 3711 ἐκείνῃ·
3398 3638 3523 3703 Πῶς
3548 3640 3870 3696 ἀναπέπαυ-

2292 3747 2381 3784 ται
2413 3732 2442 3783 6
2476 3729 2750 3794 ἀπαιτῶν,
2788 3731 2883 3783 καὶ
2923 3729 3302 3784 ἀναπέπαυται
3343 3733 3373 3784 6
3405 3732 3874 3807 ὲπισπουδαστήςς

2293 3820 2584 3893 Συνέτριψε
2627 3820 2829 3892 Κύριος
2873 3820 2966 3873 τὸν
2999 3818 3161 3889 ζυγὸν
3203 3820 3313 3875 τῶν
3364 3823 3721 3895 ἁμαρτωλῶν,
3778 3826 3877 3881 τὸν

2292 3910 2452 3981 ζυγὸν
2493 3913 2602 3966 τῶν
2643 3913 2939 3983 ἀρχόντων,
2988 3914 3232 3980 πατάξας
3283 3914 3436 3980 ἔθνος
3480 3915 3636 3988 θυμῷ
3685 3918 3872 3991 πληγῇ
3966 3947 3975 3954 ς

2290 4004 2512 4074 ἀνιάτῳ.
2546 4004 2727 4057 Παίων
2754 4002 2903 4066 ἔθνος
2928 4003 3141 4074 πληγὴν
3177 4004 3374 4076 θυμοῦ,
3406 4007 3441 4077 ἢ
3469 4006 3568 4059 οὐκ
3589 4006 3871 4074 ἐφείσατο,

2289 4095 2636 4149 ἀνεπαύσατο
2675 4094 2968 4158 πεποιθώς.
3008 4095 3164 4149 Πᾶσα
3197 4097 3231 4166 ἡ
3268 4097 3340 4167 γῆ
3513 4100 3642 4168 ’μετ’
3678 4097 3876 4171 εὐφρο-

2293 4186 2475 4258 σύνης,
2510 4187 2620 4240 Καὶ
2651 4185 2719 4239 τά
2764 4185 2896 4253 ξύλα
2939 4185 3032 4239 τοῦ
3064 4187 3296 4241 Λιϐάνου
3340 4188 3726 4261 εὐφράνθησαν
3773 4191 3873 4246 ἐπὶ

2292 4280 2396 4343 σοὶ,
2433 4279 2525 4332 καὶ
2552 4281 2584 4350 ἡ
2618 4279 2805 4351 κέδρος
2836 4278 2932 4331 τοῦ
2965 4278 3233 4333 Λιϐάνουο
3273 4281 3366 4350 ἀφ’
3392 4274 3452 4333 οὗ
3499 4282 3564 4333 σὺ
3606 4280 3875 4353 κεκοίμη-

2288 4387 2396 4433 σαι,
2428 4370 2530 4429 οὐκ
2565 4370 2734 4441 ἀνέϐη
2770 4373 2798 4423 6
2825 4370 3054 4424 κόπτων
3072 4373 3239 4441 ἡμᾶς.
3278 4391 3296 4423 ι
3332 4373 3530 4445 Κέδροι
3565 4376 3743 4427 τοίνυν
3770 4375 3872 4430 καὶ

2286 4462 2494 4524 πίτυες,
2536 4461 2678 4514 κατά
2705 4461 2796 4515 τὸν
2838 4461 3133 4534 Σύμμαχον
3171 4464 3334 4519 πάλιν
3378 4466 3751 4539 ἀλληγορικῶς
3778 4485 3872 4523 τυ-

2291 4556 2511 4626 ράννους
2542 4553 2693 4617 τινάς
2722 4555 3067 4625 ἐπηρμένους
3102 4557 3480 4627 σημαίνουσιν,
3511 4560 3612 4612 ὑπὸ
3632 4559 3733 4629 τῆς
3758 4560 3871 4616 Βα-

2289 4645 2553 4708 ϐυλωνίας
2586 4645 3047 4715 πολιορκηθέντας
3085 4648 3179 4701 καὶ
3204 4650 3303 4719 τῆς
3331 4651 3535 4715 οἰκείας
3566 4652 3869 4705 ἀποκοπέν-

2285 4756 2383 4802 τας
2406 4737 2617 4809 χώρας·
2647 4737 2737 4802 οὓς
2780 4739 2927 4802 εἰκὸς
2958 4734 3026 4810 ἦν
3062 4740 3390 4812 ἐπιχαρῆναι
3418 4746 3485 4813 τῇ
3522 4741 3725 4796 πτώσει
3762 4743 3866 4799 τοῦ

2284 4827 2346 4899 δη
2352 4826 2442 4881 λου
2450 4827 2609 4899 μένου
2618 4868 2630 4881 .

2357 4939 2376 4971 ι
2421 4920 2588 4992 ’ᾍδης
2617 4920 2857 4973 κάτωθεν
2887 4919 3188 4992 ἐπικράνθη
3216 4924 3555 4994 συναντήσας
3579 4942 3660 4978 σοι
3681 4941 3696 4956 σ
3738 4943 3865 4980 συν-

613 5023 741 5065 rens
768 5010 861 5063 tibi
893 5026 906 5061 :
944 5010 1102 5063 simul
1132 5011 1351 5065 excitati
1394 5021 1516 5065 sunt
1564 5014 1655 5069 tibi
1702 5028 1890 5068 omnes
1934 5015 2178 5084 gigantes

2295 5010 2591 5081 ηγέρθησάν
2644 5028 2724 5063 σοι
2780 5012 2978 5073 πάντες
3005 5013 3053 5065 οἰ
3100 5012 3355 5080 γίγαντες
3392 5016 3442 5067 οἱ
3475 5014 3734 5086 ἄρξαντες
3760 5019 3864 5091 τῆς

614 5103 705 5173 qui
738 5111 893 5157 terra:
918 5102 1291 5172 imperarunt,
1332 5104 1420 5171 qui
1482 5106 1792 5159 excitarunt
1846 5120 1912 5159 ex
1964 5107 2175 5163 tlironis

2295 5099 2402 5169 γῆς,
2430 5101 2476 5152 οἰ
2505 5100 2813 5170 ἐγείραντες
2838 5103 2901 5153 ὲκ
2928 5099 3037 5153 τῶν
3067 5101 3272 5171 θρόνων
3308 5102 3486 5157 αὐτῶν
3512 5104 3718 5169 πάντας
3762 5107 3863 5177 βα-

616 5194 728 5246 suis
760 5206 947 5248 omnes
978 5208 1132 5262 reges
1174 5193 1436 5263 gentium.
1477 5210 1498 5244 ι
1530 5192 1635 5249 Nos
1660 5209 1875 5265 quoque
1914 5196 2038 5265 jure
2083 5197 2176 5251 Sa-

2284 5191 2447 5255 σιλεῖς
2482 5191 2671 5245 ἐθνῶν.
2722 5211 2739 5243 ι
2794 5193 3054 5265 Ἐροῦμεν
3092 5194 3149 5247 δὲ
3188 5195 3279 5249 καὶ
3322 5198 3481 5266 ἡμεῖς
3518 5199 3743 5262 εἰκότως
3780 5202 3861 5273 τῷ

614 5294 751 5338 tunae
778 5285 1041 5349 dicemus,
1068 5291 1159 5355 qui
1211 5286 1339 5340 olim
1374 5286 1591 5355 quidem
1650 5288 1715 5342 ab
1765 5288 1855 5342 illo
1903 5289 2172 5344 devastati

2295 5284 2512 5353 Σατανᾷ,
2555 5283 2605 5336 οἱ
2639 5282 2806 5336 πάλαι
2856 5284 2952 5353 μὲν
2992 5286 3118 5356 παρ’
3152 5286 3362 5339 ἐκείνου
3411 5288 3857 5361 πεπορθημένοιθ

612 5390 839 5442 sumus;
872 5376 966 5431 sed
992 5376 1201 5431 lirmam
1228 5380 1444 5433 demum
1489 5379 1539 5432 in
1582 5377 1797 5434 Christo
1849 5382 2172 5437 sententiam

2295 5375 2482 5447 μδραῐον
2512 5374 2568 5427 δὲ
2597 5374 2783 5428 λοιπὸν
2814 5375 3106 5447 ἐσχηκότες
3146 5379 3203 5429 ὲν
3230 5376 3450 5448 Χριστῷ
3477 5379 3539 5432 τὸ
3575 5381 3860 5454 φρόνημα,

615 5467 946 5531 retinuitnus,
977 5477 1323 5539 mentemque
1350 5469 1417 5523 ad
1458 5469 1715 5539 pietatem
1750 5472 1921 5528 solide
1960 5475 2172 5528 radica-

2295 5467 2374 5520 ιαὶ
2418 5466 2542 5520 νοῦν
2596 5467 2677 5531 εἰς
2723 5467 3006 5524 εὐσέϐειαν
3048 5468 3265 5539 ἀσφαλῆ
3318 5470 3411 5523 καὶ
3466 5462 3858 5544 ὲρῤιξωμένον,

614 5567 744 5617 tam.
774 5572 976 5625 corque
998 5557 1432 5615 ﬂoridissimum:
1472 5578 1491 5612 ι
1530 5558 1609 5615 Ex
1631 5576 1737 5631 quo
1762 5573 1816 5617 tu
1844 5564 2170 5629 dormivisti,

2295 5561 2372 5612 ιαὶ
2412 5558 2640 5630 καρδίαν
2672 5560 3101 5632 εὐθαλεστάτην·
3138 5580 3157 5612 ι
3182 5562 3297 5631 Ἀφ’
3320 5557 3381 5617 οὗ
3413 5564 3476 5618 σὺ
3500 5564 3856 5637 κεκοίμησαι,

613 5664 718 5704 non
752 5650 996 5705 ascendit
1019 5651 1109 5720 qui
1136 5654 1438 5708 succideret
1476 5669 1594 5708 nos.
1630 5674 1648 5707 ι

2295 5652 2376 5705 ιύκ
2403 5650 2569 5721 ἀνέϐη
2601 5654 2631 5706 6
2669 5652 2882 5706 κόπτων
2918 5656 3087 5725 ἡμᾶς.
3124 5673 3143 5705 ι

681 5738 844 5793 Vens.
864 5740 1048 5797 ιοιιε.
1080 5758 1100 5793 ι
1121 5740 1320 5797 Omnes
1333 5745 1729 5813 respondebunt
1751 5756 1805 5801 et
1827 5746 2006 5802 dicent
2032 5746 2126 5803 tibi
2148 5765 2162 5803 ε

2352 5764 2371 5796 ι
2410 5746 2617 5809 Πάντες
2650 5746 3108 5819 ἀποκριθήσονται
3146 5749 3240 5802 καὶ⁵
3271 5748 3456 5822 ἐροῦσι
3496 5766 3596 5802 σοι’
3631 5750 3741 5805 Καὶ
3786 5752 3856 5808 σὺ

612 5825 678 5883 Et
708 5839 762 5885 tu
789 5838 979 5897 captus
1011 5845 1069 5887 es
1092 5831 1232 5888 sicut
1259 5839 1313 5886 et
1339 5845 1441 5889 nos
1476 5848 1492 5888 :
1523 5833 1581 5890 in
1621 5833 1776 5893 nobis
1800 5846 1980 5893 autem
2008 5852 2166 5906 repu-

2295 5837 2466 5907 ιάλως,
2498 5836 2684 5909 ὥσπερ
2710 5841 2803 5895 καί
2848 5840 3027 5911 ἡμεῖς’
3069 5843 3127 5896 έν
3169 5842 3298 5909 ἡμῖν
3341 5841 3399 5897 δὲ
3440 5841 3848 5912 κατελογίσθης.
