4100 6408
231 384 330 441 193

1209 380 1718 440 COUHENTAMA
1757 378 1829 436 IN
1867 374 2137 438 ιδΑιΑκ.
2177 409 2252 424 -
2285 377 2448 437 CAP.
2493 377 2632 435 XIV.

3460 375 3562 432 194

229 505 448 579 Κατέϐη
480 507 570 568 εις
593 507 790 581 ᾁδουὴ
820 505 944 572 δόξα
974 521 1092 572 σου,
1118 505 1152 579 η
1177 507 1349 580 πολλὴ
1373 506 1684 580 εὐφροσύνη
1720 522 1844 561 σου.

1957 513 2103 560 latus
2155 520 2238 559 es.
2270 502 2564 559 Descendit
2607 503 2659 558 in
2693 499 2965 558 infernum
3000 498 3173 573 gloria
3224 506 3338 565 tua,
3389 499 3558 554 multa

233 602 536 658 ’Υποκάτω
583 621 689 660 σου
737 599 1037 673 στρώσουσι
1094 601 1280 672 σῆψιν,
1321 603 1422 664 ,καὶ
1481 600 1544 655 τὸ
1591 601 1847 658 κατακάο

225 693 417 767 λυμμά
458 711 560 748 σου
601 693 854 764 σκώληξ.
907 692 1033 756 Πῶς
1080 690 1342 758 ἐξέπεσεν
1387 693 1452 746 ἐκ
1482 691 1576 747 τοῦ
1609 692 1847 765 οὐρανοῦ

224 787 251 842 ὀ
294 785 626 858 Ἑωσφόρος
655 786 689 839 ὁ
725 783 871 856 πρωῒ
903 783 1239 841 άνατέλλωνε
1260 782 1551 857 συνετρίϐη
1569 784 1709 856 πρὸς
1745 783 1849 857 τὴν

225 878 324 951 γῆν
353 880 383 934 ὁ
414 876 793 934 ἀποστέλλων
837 875 972 948 πρὸς
1029 876 1210 932 πάντα
1256 877 1328 930 τὰ
1367 876 1530 949 [Ov-r1;
1570 896 1590 928 ι
1630 878 1696 931 Oi
1745 877 1848 950 μὲν

225 969 314 1024 ἐπὶ
332 970 441 1041 γῆς
465 969 655 1033 ὄντες,
698 967 855 1039 φησὶ,
879 966 944 1021 τὰ
967 968 1224 1040 άνωτᾶρω
1244 966 1512 1039 είρημινα
1547 968 1842 1040 φήσουσιν·

223 1063 347 1118 οίδὶ
374 1062 474 1118 τὸν
511 1061 870 1134 ἀνθρώπινον
902 1061 1313 1128 ἀπαλλάξαντες
1351 1060 1487 1132 βίον,
1517 1061 1609 1116 καῖ
1651 1059 1847 1133 ῶσπερ

228 1155 286 1209 ιν
302 1155 541 1227 δεσμοῖς
569 1159 698 1220 τοῖς
723 1154 818 1209 τοῦ
851 1155 976 1229 ᾂδου
1014 1153 1234 1227 χωρίοις
1265 1153 1711 1224 ἀπολειφθέντες,
1751 1155 1850 1210 καὶ

227 1249 378 1303 αὐτοὶ
421 1250 494 1320 τῇ
540 1247 804 1321 ἀπωλείᾳ
855 1247 1018 1303 αὐτοῦ
1073 1245 1290 1312 λέξουσι
1330 1247 1402 1303 τὰ
1444 1247 1844 1321 διαφερόμενα.

227 1340 444 1404 οθάσας
475 1340 540 1394 δὲ
565 1341 702 1404 τοὺς
731 1341 850 1395 ἐκεῖ
873 1342 1080 1406 πάντας
1109 1342 1139 1395 ό
1175 1341 1332 1415 ᾅδης.
1369 1342 1464 1396 καὶ
1495 1342 1528 1414 η
1554 1341 1848 1411 ἱφεστῶσα

226 1434 345 1496 ταῖς
390 1432 510 1486 τῶν
557 1432 910 1509 τεθνηκότων
949 1432 1146 1506 ψυχαῖς
1199 1432 1450 1506 δύναμις,
1508 1433 1703 1505 ὥσπερ
1758 1450 1847 1497 τις

226 1522 617 1597 δεσμωτηρίου
668 1523 1013 1595 τυγχάνουσα
1053 1524 1311 1598 φρουρὸς.
1362 1523 1608 1579 κάτωθεν
1641 1526 1706 1578 ἑκ
1735 1524 1848 1578 τῶν

229 1614 529 1668 σκοτεινῶν
569 1614 767 1685 μυχῶν
789 1613 923 1686 μετὰ
955 1613 1127 1683 θυμοῦ
1148 1615 1242 1669 καὶ
1276 1610 1448 1686 ὀργῆς
1471 1617 1848 1687 ἐπαναστήσε-

226 1701 315 1758 ταί
340 1718 447 1756 σοι.
475 1701 698 1756 Τούτου
721 1704 779 1758 δὲ
801 1702 987 1776 ὥσπερ
1006 1703 1270 1776 ἄρχοντος
1293 1705 1402 1759 τῶν
1432 1708 1550 1760 εκεῖ
1574 1706 1844 1780 κρατοῦν.
1885 1727 1887 1730 ‹

227 1792 439 1858 τοςτοῦ
467 1793 686 1848 οἰκείου
735 1794 1105 1866 διεγερθέντος
1148 1793 1363 1868 θρόνου,
1419 1797 1514 1850 καὶ
1564 1799 1614 1850 οἱ
1663 1795 1845 1852 λοιποὶ

1955 595 2144 651 latitia
2181 604 2294 651 tua.
2326 595 2531 652 Subter
2569 603 2622 650 te
2651 601 2895 650 sterneut
2920 593 3148 654 tineam.
3171 599 3228 647 et
3249 590 3560 661 operimen-

1957 696 2071 743 tum
2109 697 2264 741 tuum
2298 686 2527 742 vermis.
2560 681 2843 754 Quomodo
2871 682 3072 740 cecidit
3123 683 3189 738 de
3217 681 3360 738 etelo
3388 679 3559 736 Luci-

1953 777 2058 848 fer,
2091 781 2186 850 qui
2219 795 2383 835 mane
2418 777 2746 834 oriebatur?
2777 777 3052 834 contritus
3099 787 3184 831 est
3233 774 3302 830 ad
3348 783 3558 830 terram

1951 873 2046 944 qui
2079 869 2335 928 mittebat
2359 873 2426 928 ad
2455 886 2648 930 omnes
2677 869 2909 940 gentes?
2951 887 2970 921 ι
3009 865 3110 936 Qui
3145 867 3198 922 in
3227 876 3372 922 terra
3403 875 3552 931 sunt,

1953 964 2154 1035 inquit,
2193 980 2280 1030 ea,
2310 978 2432 1034 qua:
2458 963 2712 1034 superius
2742 962 2885 1017 dicta
2913 969 3042 1016 ειιιιι
3064 999 3081 1024 ,
3111 957 3427 1030 proferent;
3457 956 3550 1028 qui

1953 1068 2134 1112 autem
2164 1057 2404 1112 humana
2433 1057 2543 1112 vita
2573 1054 2771 1118 functi.
2807 1053 2950 1110 etin
2984 1052 3120 1108 locis
3159 1049 3361 1106 inferni
3395 1045 3554 1119 quasi

1954 1147 2007 1202 in
2036 1145 2268 1203 vinculis
2297 1145 2636 1211 detinentur.
2671 1144 2772 1216 ipsi
2825 1157 3044 1214 quoque
3077 1155 3244 1212 super
3269 1139 3386 1210 ejus
3437 1138 3558 1196 exi-

1955 1240 2030 1294 tio
2062 1253 2127 1293 ea
2159 1253 2280 1309 qua:
2304 1237 2658 1307 superaddita
2686 1244 2817 1290 sunt
2857 1232 3311 1305 pronuntiabunt.
3350 1228 3558 1287 Omnes

1954 1347 2118 1401 porro
2152 1329 2262 1384 illic
2300 1338 2584 1384 venantes
2617 1335 2959 1396 pravertens
2993 1321 3281 1387 infernus,
3333 1335 3552 1376 necnon

1952 1421 2130 1475 virtus
2180 1421 2266 1474 illa
2314 1432 2438 1489 qua!
2476 1425 2816 1472 mortuorum
2862 1413 3154 1469 animabus
3181 1421 3414 1484 praeest;
3450 1425 3553 1468 ceu

1950 1513 2203 1583 quaedam
2230 1507 2472 1566 carceris
2505 1515 2696 1563 custos
2724 1521 2792 1561 ea
2834 1504 2960 1560 imis
2997 1504 3414 1574 tenebrosisque
3459 1517 3558 1574 po-

1952 1601 2259 1658 netralibus
2303 1615 2429 1681 cum
2487 1595 2674 1654 furore
2722 1607 2778 1650 et
2821 1595 2902 1651 ira
2951 1595 3200 1672 insurget
3242 1605 3436 1652 contra
3475 1603 3554 1652 te.

1951 1695 2066 1753 Hoc
2099 1705 2283 1751 autem
2320 1693 2568 1765 principe
2598 1691 2722 1748 istic
2749 1691 3076 1763 imperante,
3110 1705 3178 1748 es
3221 1689 3425 1746 throno
3453 1703 3558 1747 suo

1949 1788 2242 1852 excitato,
2295 1786 2493 1854 reliqui
2520 1799 2712 1841 omnes
2748 1787 3030 1857 gigantes.
3087 1787 3206 1842 sive
3251 1785 3555 1841 secundum

229 1885 433 1951 πάντες
473 1885 766 1957 γίγαντες,
808 1889 857 1941 oi
899 1887 1042 1942 κατὰ
1081 1889 1208 1952 τοὺς
1256 1888 1596 1961 ἑρμηνευτὰς
1649 1909 1668 1942 ι
1721 1889 1845 1945 Ῥα-

1956 1880 2198 1950 reliquos
2233 1878 2566 1948 interpretes
2595 1894 2614 1928 ι
2643 1876 2935 1947 Baphaim,
2969 1895 2990 1929 ι
3023 1891 3130 1932 una
3165 1884 3552 1932 surrexerunt.

229 1976 397 2050 φαῒμ,
442 1998 464 2031 ι
511 1979 946 2050 συνανέστησαν.
991 1979 1150 2044 Τίνες
1185 1978 1243 2034 δὲ
1285 1972 1454 2046 οὗτοι,
1493 1980 1846 2056 διερμηνεύει

227 2068 408 2139 λέγων
431 2087 447 2102 ο
488 2073 556 2128 Oi
590 2073 856 2145 ἄρχοντες
895 2073 995 2144 τῆς
1030 2073 1155 2143 γῆς,
1190 2073 1238 2126 oi
1285 2072 1598 2145 εγείραντες
1631 2076 1697 2128 εκ
1736 2075 1846 2128 τῶν

231 2163 443 2236 θρόνων
472 2164 663 2220 αὐτῶν
699 2165 907 2231 πάντας
943 2165 1178 2236 βασιλεῖς
1223 2165 1416 2230 ὶθνῶν,
1467 2167 1563 2220 δια)⁵
1604 2167 1674 2222 τὰ
1705 2168 1846 2222 αὐτὰ

229 2257 306 2328 τῷ
359 2259 845 2330 κατηγορουμένῳ
889 2244 1101 2330 βασιλεῖ
1152 2259 1473 2326 Βαϐυλῶνος
1512 2261 1842 2333 πράξαντες.

230 2349 294 2404 Οἳ
320 2352 421 2406 καὶ
448 2352 676 2424 γυμνὴν
715 2350 809 2406 καὶ
836 2351 1038 2425 ἔρημον
1065 2352 1161 2407 τοῦ
1189 2354 1443 2426 σώματος
1462 2356 1561 2430 τὴν
1583 2355 1680 2411 τοῦ
1712 2376 1844 2412 ποτε

233 2437 668 2509 βασιλεύσαντος
722 2441 1037 2509 Βαϐυλῶνος
1085 2445 1263 2518 ψυχὴν
1283 2447 1522 2520 ὁρῶντες
1581 2452 1846 2520 φήσουσιν

232 2533 376 2605 αὐτῇ
396 2551 413 2565 ο
452 2534 569 2588 Καὶ
603 2532 704 2589 σοῦ
727 2535 991 2607 κρείττων
1033 2539 1226 2608 γέγονε
1258 2538 1510 2606 θάνατος,
1542 2543 1618 2608 ὼς
1653 2545 1748 2599 καὶ
1785 2545 1848 2600 σε

232 2627 425 2697 δμοιον
452 2630 591 2700 ⁴ἡμῖν
619 2628 954 2699 άπελέγξαις
1005 2631 1175 2686 om»
1223 2634 1335 2705 άρα
1369 2629 1438 2706 ἦν
1476 2636 1506 2688 ὁ
1552 2636 1697 2710 ὑπὲρ
1740 2638 1846 2709 γῆν

237 2714 375 2788 βίος,
407 2722 509 2774 καὶ
536 2722 567 2775 ὁ
601 2719 836 2786 πλοῦτος
868 2722 964 2776 καὶ
1005 2726 1038 2795 ἡ
1071 2723 1222 2792 δόξα,
1257 2727 1352 2780 καὶ
1393 2730 1427 2800 η
1470 2729 1712 2800 τοσαύτη
1755 2731 1848 2784 δυ-

235 2813 470 2866 ναστεία
489 2828 504 2842 °
549 2811 694 2866 άλλά
735 2813 842 2867 τῶν
882 2814 1102 2870 πάντων
1143 2816 1372 2873 ἐκείνων
1417 2819 1590 2889 πέρας
1626 2821 1701 2892 γῆ
1750 2822 1846 2876 καὶ

238 2904 438 2968 σποδὸς
492 2905 818 2973 διαδέξεται,
863 2905 1082 2981 σκώληξ
1125 2924 1185 2962 τε
1241 2910 1337 2963 καὶ
1387 2910 1610 2983 σαρκῶν
1657 2913 1841 2986 σῆψις.

248 2991 448 3068 Ἡμεῖς
478 2999 539 3052 δέ
578 3015 641 3053 σε
675 3000 738 3054 οὐ
764 2999 956 3072 θνητὸν
993 3000 1316 3073 ἐνομίζομεν
1335 3019 1349 3033 ο
1403 3003 1758 3077 ἀπατώμενοι
1786 3007 1845 3062 δὲ

237 3092 304 3161 τῇ
335 3092 475 3164 περὶ
503 3093 567 3147 σε
591 3093 743 3165 δόξῃ.
772 3091 850 3165 τῷ
877 3095 999 3149 κατ’
1026 3095 1256 3167 οὐρανὸν
1302 3094 1676 3170 λαμπροτάτῳ
1726 3120 1842 3172 φω-

243 3185 427 3255 στῆρι.
455 3184 539 3255 τῷ
564 3185 661 3239 τὸν
688 3185 838 3257 ἥλιον
857 3187 1324 3260 προσκαλουμένῳ
1358 3189 1655 3265 Ἑωσφόρῳ
1681 3194 1842 3247 άπει-

243 3273 502 3346 κάζομεν.
568 3275 644 3330 Σὺ
696 3275 752 3330 δὲ
807 3277 900 3330 επὶ
957 3278 1141 3343 σαυτῷ
1204 3280 1300 3333 καὶ
1353 3279 1580 3351 μείζονα
1633 3285 1844 3340 τούτων

243 3367 495 3440 ἰφρόνεις
537 3369 809 3442 γαυριῶν,
853 3373 951 3427 καὶ
993 3373 1160 3444 μανία
1190 3375 1403 3446 φρενῶν
1441 3375 1844 3448 ἀλαζονευόμε-

244 3477 353 3524 νος,
386 3461 467 3526 ὡς
511 3462 714 3517 σαυτὸν
766 3461 844 3536 τῷ
885 3464 1094 3537 ὑψίστῳ
1138 3465 1259 3538 Θεῷ
1305 3467 1697 3539 παραϐάλλειν,
1747 3472 1843 3525 καὶ

244 3552 384 3628 ὑπὲρ
410 3555 516 3620 τὰς
546 3555 808 3628 οὐρανίας
841 3557 1038 3629 ἁψῖδας
1068 3561 1160 3614 τὸν
1191 3561 1392 3616 σαυτοῦ
1431 3562 1619 3634 θρόνον
1656 3563 1845 3635 θήσειν

245 3645 644 3714 φαντάζεσθαι.
675 3649 859 3704 Ταῦτα
887 3651 984 3723 μὶν
1009 3645 1105 3706 οὖν
1133 3653 1263 3725 περὶ
1289 3653 1382 3708 σοῦ
1416 3655 1600 3726 ἡμεῖς,
1627 3655 1842 3728 θνητοῖς

244 3737 528 3812 λογισμοῖς
554 3740 928 3813 ἀπατώμενοι,
956 3743 1345 3816 διενοούμεθαο
1383 3747 1609 3803 τοιαῦτα
1650 3749 1708 3803 δὲ
1750 3752 1845 3804 καὶ

248 3828 313 3881 σὺ
333 3829 429 3883 sui
466 3829 654 3901 σαυτῷ
681 3831 892 3902 φρενῶν
917 3834 1173 3890 ἐκστάσει
1206 3837 1477 3912 ἐφρόνεις.
1524 3835 1632 3894 Ἦν
1661 3842 1705 3895 δ’
1734 3843 1846 3915 άρα

247 3922 338 3975 καὶ
366 3921 465 3975 τοῦ
511 3924 645 3994 περὶ
678 3924 738 3977 σε
779 3925 966 3991 τέλους
1011 3927 1231 3999 ῑλεγχος
1261 3932 1291 3984 ό
1323 3932 1513 4003 χρόνος
1542 3933 1666 3988 καθ’
1692 3935 1721 3988 δ
1749 3936 1845 3990 ἑά-

246 4011 378 4080 λως·
424 4016 552 4070 οὐδε
598 4020 712 4080 τοῖς
751 4021 958 4084 λοιποῖς
997 4020 1309 4090 ἀνθρώποις
1351 4025 1546 4096 ὁμοίαν
1591 4028 1845 4098 ἐσχηκὼς

247 4107 524 4181 τελευτήν.
555 4110 620 4164 οι
654 4109 756 4180 μὲν
779 4111 889 4184 γὰρ
916 4113 1000 4182 ἔφ’
1033 4115 1285 4187 ἡσυχίας,
1314 4117 1500 4191 ἠρέμα
1522 4121 1616 4174 καί
1650 4121 1845 4193 πράως

248 4200 339 4254 ἐπὶ
362 4205 466 4273 τῆς
500 4203 716 4256 ἑαυτῶν
753 4205 956 4269 ἑστίας,
995 4207 1057 4260 τὸ
1100 4209 1262 4280 χρέος
1305 4211 1607 4266 ἀπέδοσανο
1644 4214 1709 4266 σὺ
1761 4214 1842 4277 δὲ,

247 4295 311 4364 τῇ
350 4294 460 4348 τῶν
539 4294 817 4367 πολεμίων
859 4299 1103 4374 μαχαίρᾳ
1152 4303 1253 4374 τὴν
1306 4303 1451 4375 ζωὴν
1494 4306 1841 4378 ἀφαιρεθεὶς,

249 4388 439 4458 νεκρὸς
490 4386 704 4455 ἄταφος
763 4389 989 4464 ῥιφήσῃ,
1053 4391 1218 4465 θηρσὶ
1287 4393 1422 4468 βορὰ
1474 4400 1569 4453 καὶ
1631 4401 1845 4466 οἰωνοῖς

250 4475 590 4547 ἐγκείμενος.
641 4478 790 4542 Ἕως
826 4481 924 4551 μὲν
956 4477 1050 4535 οὖν
1085 4488 1428 4558 συνειστήκει
1561 4489 1840 4556 Βαϐυλὼν,

1951 1973 2187 2042 Quinam
2226 1986 2360 2028 vero
2390 1970 2448 2027 bi
2500 1980 2686 2027 essent
2732 1970 2970 2042 explicat
3013 1971 3247 2032 dicens,
3276 1967 3557 2042 principes

1950 2073 2137 2129 terrae.
2169 2063 2262 2135 qui
2293 2078 2358 2118 ex
2393 2062 2610 2118 tbronis
2652 2064 2768 2118 suis
2810 2062 3127 2118 excitarunt
3160 2075 3358 2117 omnes
3396 2075 3556 2132 reges

1948 2158 2193 2230 gentium
2231 2178 2244 2212 :
2277 2156 2371 2226 qui
2407 2155 2561 2224 paria
2591 2168 2657 2210 ac
2695 2153 2786 2210 iiie
2815 2169 2942 2210 reus
2981 2154 3277 2227 Babylonis
3305 2169 3399 2210 res
3426 2168 3554 2223 per-

1948 2259 2256 2319 petrarunt.
2293 2248 2358 2305 lii
2386 2266 2519 2307 vero
2547 2250 2748 2307 nudam
2777 2261 2834 2305 et
2868 2263 3113 2318 corpore
3162 2247 3360 2302 orbam
3403 2246 3554 2302 illius

1947 2347 2076 2404 olim
2115 2346 2431 2417 Babylonici
2469 2347 2613 2419 regis
2643 2346 2887 2400 animam
2938 2353 3261 2408 cernentes,
3313 2341 3395 2397 sic
3429 2355 3552 2397 eam

1947 2437 2354 2510 eompeliabunt
2386 2455 2400 2492 :
2435 2438 2687 2494 Etiamne
2712 2446 2767 2494 te
2803 2437 3005 2494 fortior
3037 2451 3189 2492 mors
3216 2433 3339 2500 fuit,
3390 2435 3462 2489 ita
3492 2443 3555 2488 ut

1950 2541 2002 2586 te
2033 2532 2268 2587 similem
2321 2531 2482 2588 nobis
2529 2531 2654 2589 esse
2703 2529 3206 2588 evinceretiﬂibil
3253 2544 3385 2595 ergo
3431 2539 3553 2584 erat

1950 2633 2168 2680 terrena
2214 2623 2306 2678 illa
2337 2623 2472 2689 vita,
2501 2622 2708 2680 divitiae
2731 2665 2749 2692 ,
2790 2623 2962 2695 gloria
2990 2633 3048 2678 et
3085 2631 3236 2677 tanta
3267 2621 3509 2690 potentia
3535 2637 3550 2674 :

1948 2718 2041 2773 sed
2068 2717 2325 2773 omnibus
2353 2717 2438 2772 bis
2473 2717 2598 2774 linis
2625 2719 2730 2774 erit
2771 2728 2918 2774 terra
2949 2727 3004 2772 et
3032 2715 3233 2788 pulvis,
3262 2712 3470 2770 vermis
3497 2723 3554 2769 et

1948 2807 2134 2863 carnis
2162 2810 2414 2878 putredo.
2453 2809 2564 2865 Nos
2590 2824 2722 2866 vero
2748 2819 2803 2864 te
2837 2804 3121 2864 mortalitn
3153 2807 3382 2863 minime
3424 2820 3550 2864 esse

1948 2898 2276 2972 putabamus
2309 2918 2324 2956 :
2363 2916 2427 2957 ac
2463 2901 2640 2972 gloria
2693 2912 2748 2956 te
2778 2901 3157 2956 circumdante
3209 2898 3425 2972 decepti
3449 2939 3467 2966 ,
3496 2906 3555 2954 te

1959 2993 2403 3062 splendidissimo
2433 2993 2644 3050 cmicsti
2699 2991 2994 3058 Iuminari,
3051 2991 3332 3062 solemque
3376 2991 3551 3047 advn-

1947 3087 2091 3140 canti
2122 3084 2374 3141 Lucifero
2397 3086 2871 3156 comparabamus.
2909 3084 2990 3140 Τιι
3027 3099 3158 3139 vero
3189 3093 3242 3140 te
3272 3084 3554 3167 etiam.bis

1949 3173 2210 3247 majOrem
2265 3179 2648 3246 arbitrabaris,
2670 3177 2964 3235 lasciviens
2991 3194 3058 3233 ac
3098 3177 3300 3234 mentis
3335 3178 3550 3234 insanin

1952 3273 2025 3326 ita
2055 3272 2406 3341 superbiens,
2435 3282 2493 3327 ut
2530 3281 2582 3327 te
2612 3272 2882 3327 altissimo
2923 3269 3036 3326 Deo
3069 3271 3374 3332 conferres.
3410 3285 3471 3325 ac
3499 3279 3552 3324 te

1952 3365 2208 3419 thronum
2243 3373 2397 3420 tuum
2433 3379 2598 3434 supra
2655 3363 2907 3419 caelestes
2954 3363 3196 3419 fornices
3239 3362 3550 3423 positurum

1947 3472 2070 3513 esse
2101 3455 2409 3527 iactitares.
2443 3457 2568 3514 lite
2597 3457 2764 3528 igitur
2799 3471 2896 3511 nos
2943 3455 3270 3511 mortalibus
3322 3454 3553 3510 ratioci-

1949 3550 2058 3605 niis
2084 3549 2318 3620 decepti,
2369 3549 2435 3604 de
2467 3561 2520 3605 te
2545 3551 2914 3620 cogitavimus
2947 3564 2961 3602 :
2999 3547 3126 3602 talia
3165 3557 3223 3602 et
3253 3557 3307 3602 tu
3367 3560 3554 3603 mente

1948 3651 2146 3714 captus
2178 3643 2246 3698 de
2277 3653 2329 3697 te
2361 3642 2480 3710 ipso
2507 3644 2809 3700 sentiebas.
2849 3643 2920 3698 At
2967 3641 3052 3697 vel
3101 3639 3278 3695 solum
3335 3650 3553 3707 tempus

1947 3749 2058 3806 quo
2079 3745 2273 3804 captus
2299 3743 2354 3790 et
2382 3735 2559 3790 victus
2584 3751 2645 3791 es
2669 3778 2684 3803 ,
2734 3734 3086 3790 manifestum
3128 3742 3250 3787 erat
3299 3731 3424 3790 linis
3473 3733 3552 3789 tui

1948 3841 2333 3902 argumentum
2373 3848 2387 3885 :
2425 3846 2604 3902 neque
2632 3831 2870 3887 similem
2903 3831 3026 3886 aliis
3054 3830 3372 3886 hominibus
3407 3845 3556 3886 mor-

1951 3933 2057 3979 tem
2093 3938 2154 3978 es
2199 3931 2546 3979 consecutus.
2599 3923 2675 3979 Illi
2716 3925 2917 3994 quippe
2957 3924 3164 3980 sensim
3188 3964 3205 3989 ,
3273 3923 3462 3992 quiete
3495 3931 3554 3978 et

1948 4015 2091 4071 domi
2122 4016 2369 4071 debitum
2403 4016 2734 4084 solverunt;
2770 4029 2826 4073 tu
2856 4033 2986 4072 vero
3035 4018 3387 4072 inimicorum
3435 4015 3554 4088 gla-

1947 4114 2040 4169 dio
2070 4115 2181 4168 vita
2213 4117 2481 4185 privatus.
2521 4113 2826 4183 insepultus
2853 4113 3163 4184 projicieris
3183 4153 3200 4178 .
3230 4122 3286 4168 et
3335 4113 3449 4168 eris
3493 4111 3550 4168 iu

1947 4223 2134 4263 escam
2171 4207 2370 4264 bestiis
2399 4215 2456 4262 et
2488 4206 2827 4264 volucribus.
2860 4206 3114 4274 Quantliu
3165 4206 3333 4278 igitur
3371 4205 3554 4278 Baby-

1947 4299 2037 4355 lou
2067 4310 2348 4370 superstes
2386 4299 2508 4364 fuit,
2557 4315 2626 4355 ac
2673 4300 2951 4370 principes
3001 4300 3126 4369 eius
3177 4316 3403 4372 regnum
3437 4316 3557 4355 ma-

1946 4411 2222 4468 gnamque
2245 4395 2514 4451 ditionem
2546 4405 2603 4450 et
2630 4396 2933 4464 potentiam
2959 4395 3318 4460 obtinebant;
3352 4395 3552 4461 virtus,

1946 4504 2070 4558 qua;
2097 4488 2227 4559 ipsis
2251 4484 2513 4560 praetecta
2536 4495 2682 4551 erat,
2714 4502 2909 4556 magna
2941 4485 3172 4542 fortasse
3197 4484 3549 4556 perﬁciebat:

251 4565 522 4636 βασίλειόν
551 4585 614 4621 τε
648 4564 719 4641 ἦν
757 4571 852 4625 καὶ
878 4571 1167 4628 δυναστεία
1217 4577 1427 4650 μεγάλη
1461 4580 1571 4635 τῶν
1613 4583 1843 4637 αὐτόθεν

1949 4581 2039 4636 ubi
2071 4591 2255 4635 autem
2283 4583 2465 4652 gentis
2497 4580 2642 4636 illius
2671 4597 2897 4652 regnum
2951 4582 3192 4637 deletum
3239 4591 3344 4646 est,
3398 4580 3552 4650 prin-

248 4663 630 4734 κρατούντων·
667 4664 809 4735 τάχα
847 4682 954 4718 που
996 4667 1091 4721 καὶ
1123 4667 1157 4740 ἡ
1205 4670 1572 4728 ἑπιστατοῦσα
1615 4674 1843 4747 δύναμις

246 4755 431 4818 αὐτοῖς
460 4753 534 4808 τὰ
567 4756 782 4826 μεγάλα
815 4759 1182 4833 συνέπραττεν
1203 4781 1218 4796 ’
1267 4765 1390 4819 ἐπεὶ
1420 4767 1477 4820 δὲ
1511 4769 1778 4840 ἠφάνιστο
1807 4773 1841 4844 ἡ

250 4845 497 4917 βασιλεία
529 4845 632 4900 τοῦ
663 4847 869 4916 ἔθνους,
913 4854 1061 4908 καὶὸ
1099 4855 1343 4925 ἐφεστὼς
1402 4859 1586 4926 αὐτοῖς
1633 4862 1842 4933 ἄρχων,

246 4937 489 5011 ὡσπερεὶ
522 4937 822 5013 πληρώσας
845 4943 974 5008 τοὺς
995 4945 1190 5000 ἑαυτοῦ
1223 4949 1470 5020 χρόνους,
1497 4953 1579 5016 εἰς
1610 4953 1704 5031 τὸν
1733 4953 1844 5009 τῶν

254 5031 457 5102 ὁμοίων
517 5032 676 5104 αὐτῷ
710 5034 884 5108 χῶρον
919 5039 1389 5112 παρελαμϐάνετο,
1422 5046 1480 5098 ἑν
1501 5039 1547 5114 ᾧ
1574 5049 1845 5121 συνήντη-

251 5139 348 5179 σαν
367 5125 520 5212 αὐτῷ
540 5125 746 5191 πάντες
764 5129 814 5181 oi
847 5127 1088 5204 Ῥαφαῒμ
1117 5135 1460 5208 καλούμενοι,
1497 5139 1531 5210 ἢ
1565 5142 1616 5194 oi
1651 5142 1844 5212 γίγαν-

247 5231 368 5280 τες·
403 5210 558 5272 οὗτοι
584 5217 642 5271 δὲ
676 5218 771 5272 καὶ
802 5219 955 5274 αὐτοὶ
989 5223 1246 5296 δυνάμεις
1293 5229 1399 5282 εἰσί
1439 5247 1603 5296 τινες,
1648 5210 1733 5298 αἲ,
1766 5234 1845 5298 ὡς

248 5310 411 5375 εἰκὸς,
439 5306 593 5383 ἦσαν
624 5312 824 5383 ἑτέρων
861 5313 1032 5368 ἐθνῶν
1063 5319 1206 5372 κατὰ
1247 5323 1475 5394 χρόνους
1523 5325 1623 5379 οὐκ
1664 5326 1845 5398 ὀρθῶς

248 5404 622 5476 ήγησάμεναι.
644 5405 791 5476 Μήτι
811 5402 907 5462 οὖν
937 5409 1101 5474 αὐτὸς
1148 5405 1303 5478 οὗτος
1332 5417 1359 5469 ὁ
1383 5415 1485 5487 τῆς
1522 5417 1843 5483 Βαϐυλῶνος

245 5490 428 5566 ἄρχων
459 5492 599 5545 ποτὲ
623 5495 882 5561 γεγονὼς,
907 5497 1007 5570 τὴν
1029 5500 1222 5554 ἑαυτοῦ
1253 5507 1356 5575 γῆν
1376 5505 1670 5580 διέφθειρε,
1707 5509 1843 5574 Θεὸς

244 5585 371 5658 παρ’
398 5585 597 5648 αὐτοῖς
609 5584 982 5659 νομιζόμενος,
1025 5590 1167 5646 οὕτω
1185 5593 1241 5648 δὲ
1263 5597 1356 5649 καὶ
1381 5598 1471 5650 τὸν
1487 5600 1682 5654 ἑαυτοῦ
1713 5601 1842 5654 λαὸν

240 5677 562 5738 ἀπέκτεινε.
599 5676 696 5767 καὶ
724 5679 849 5744 τοὺς
878 5682 1071 5738 ἑαυτοῦ
1116 5687 1267 5753 υἱοὺς
1309 5694 1491 5763 σφαγῇ
1527 5694 1843 5767 παραδέδω-

240 5783 351 5831 κεν,
389 5768 477 5832 είς
497 5765 784 5822 ἀπώλειαν
818 5775 929 5837 τοῖς
964 5770 1052 5828 ὀπ*
1081 5777 1247 5832 αὐτοῦ
1275 5765 1625 5853 ἀρχομένοις,
1657 5785 1748 5839 διὰ
1779 5788 1841 5841 τὸ

235 5859 572 5934 νομισθῆναι
617 5858 749 5933 παρ’
791 5861 976 5932 αὐτοῖς
1018 5866 1150 5934 Θεὸς
1191 5866 1329 5928 εἶναι
1360 5873 1634 5945 γεγονώς;
1683 5877 1746 5932 Εί
1794 5879 1839 5934 δ’

1949 4689 2078 4745 ceps
2104 4690 2323 4746 quoque
2349 4675 2482 4745 ipsis
2508 4676 2803 4747 praefectus
2825 4715 2840 4738 .
2867 4685 3057 4743 utpote
3083 4674 3196 4742 jam
3231 4689 3329 4730 suo
3363 4673 3553 4743 elapso

1951 4776 2194 4839 tempore
2222 4810 2238 4834 ,
2272 4770 2325 4823 in
2353 4771 2454 4825 sibi
2491 4769 2754 4826 similium
2793 4772 2970 4824 locum
3017 4779 3270 4838 receptus
3305 4778 3422 4834 est,
3460 4768 3549 4822 ubi

1948 4872 2311 4917 occurrerunt
2360 4863 2459 4932 ipsi
2508 4878 2702 4920 omnes
2771 4863 2865 4933 qui
2923 4872 3192 4916 vocantur
3250 4859 3551 4930 Bapltaitn,

1949 4953 2066 5009 sive
2135 4956 2430 5025 gigantes:
2471 4955 2524 5010 hi
2577 4958 2745 5012 etiam
2796 4957 3033 5010 virtutes
3101 4955 3352 5022 quedam
3421 4961 3550 5008 sunt

1949 5062 2106 5115 qum,
2139 5057 2196 5102 ut
2221 5049 2447 5103 credere
2479 5058 2564 5106 est
2587 5090 2603 5115 ,
2637 5052 2760 5106 aliis
2783 5051 3069 5121 gentibus,
3101 5059 3253 5103 certo
3286 5046 3553 5116 temporis

1949 5137 2132 5205 epatio
2163 5153 2271 5191 non
2305 5149 2452 5196 recte
2494 5140 2851 5209 prefuerant.
2888 5138 3026 5192 Num
3073 5138 3238 5210 igitur
3274 5137 3364 5191 hic
3409 5137 3548 5206 ipse.

1949 5231 2079 5284 olim
2134 5228 2432 5301 Babylonis
2495 5234 2750 5304 princeps
2808 5243 3014 5287 terram
3053 5235 3228 5297 isuam
3281 5229 3549 5298 corrupit.

1951 5322 2093 5378 Deus
2128 5338 2298 5392 penes
2325 5324 2450 5379 illos
2479 5327 2708 5396 populos
2737 5327 3114 5389 existimatus,
3146 5334 3312 5390 atque
3341 5323 3416 5377 ita
3453 5336 3550 5390 po-

1947 5416 2132 5482 pulum
2155 5432 2312 5470 suutn
2329 5417 2552 5483 occidit,
2577 5434 2642 5473 ac
2665 5418 2806 5472 ﬁlios
2821 5433 2950 5472 suos
2971 5417 3086 5471 neci
3110 5415 3366 5481 tradidit;
3387 5426 3550 5483 atque

1949 5511 2001 5563 in
2034 5512 2335 5580 perniciem
2369 5513 2588 5567 subdito
2623 5513 2724 5567 sibi
2756 5513 2957 5583 populo
2987 5512 3106 5577 fuit,
3140 5511 3268 5579 quia
3308 5509 3377 5563 ab
3414 5508 3549 5578 ipsis

1947 5609 2005 5654 ut
2030 5600 2174 5655 Deus
2196 5601 2415 5656 babitus
2447 5602 2669 5657 fuerat?
2694 5603 2852 5670 Quod
2873 5603 2916 5656 si
2956 5603 3071 5655 haec
3095 5601 3166 5655 ita
3195 5616 3254 5655 se
3278 5600 3545 5662 habeant,

1949 5702 2122 5747 restat
2147 5704 2203 5748 ut
2243 5703 2415 5748 totam
2453 5696 2757 5766 prophetia:
2781 5696 3128 5757 sententiam,
3162 5709 3285 5763 qua:
3325 5694 3391 5745 de
3437 5692 3542 5746 Ba-

1946 5785 2164 5856 bylonis
2213 5799 2339 5856 rege
2367 5785 2580 5854 prolata
2612 5798 2736 5853 est,
2775 5789 2830 5842 in
2863 5787 3009 5842 illam
3045 5785 3307 5839 virtutem
3335 5785 3510 5837 rerera

1948 5894 2071 5937 mus
2107 5896 2120 5933 :
2153 5894 2277 5951 qua:
2333 5879 2462 5951 quia
2521 5880 2614 5940 Dei
2668 5882 2900 5956 gloriam
2943 5879 3086 5952 apud
3123 5878 3226 5935 sibi
3267 5877 3541 5935 subditum
