4100 6414
589 451 698 508 I95

1256 437 1525 497 EUSEBII
1565 431 2041 494 CEDARIENSIS
2078 428 2232 488 OPP.
2270 426 2452 485 PARS
2489 424 2578 482 ιιι.
2618 454 2691 472 --
2726 419 3142 481 EXEGETICA.

3758 415 3864 475 I90

589 559 846 632 populum
880 565 1065 620 nacta.
1096 553 1266 610 altum
1301 553 1547 624 sapiebat
1569 590 1586 618 ,
1630 550 1757 620 jure
1798 548 2043 620 arguitur
2082 545 2149 600 hi‘

2268 542 2381 614 εχει
2407 541 2581 596 ταῦτα
2616 539 2811 605 οὕτως,
2854 539 2971 612 ὥρα
3007 538 3104 593 καὶ
3139 537 3320 592 πάντα
3359 535 3451 590 τὸν
3491 537 3593 608 τῆς
3639 552 3860 607 προφη-

587 652 887 722 Scriptura:
914 648 1095 705 verbis
1120 663 1136 701 :

2260 635 2411 698 τείας
2439 634 2613 703 λόγον,
2645 632 2737 686 τδν
2762 632 2892 703 περὶ⁸
2921 629 3017 685 τοῦ
3041 629 3302 701 βασιλέως
3334 626 3654 693 Βαϐυλῶνος
3690 640 3862 699 προσο

586 746 963 819 ενηνεγμένον,
1020 746 1098 807 εις
1134 739 1349 812 sacelqu
1384 737 1676 809 ἀναφέρειν
1722 737 1820 808 τὴν
1868 733 2094 805 δύναμιν
2124 748 2136 762 ·
2159 731 2304 803 ἥτις,
2340 728 2545 799 ἐπειδὴ,
2578 727 2713 819 Beati
2744 725 2903 791 δόξαν
2976 724 3129 798 παρά
3183 725 3295 788 τοῖς
3354 721 3680 794 ἀρχομένοις
3722 736 3859 793 κτη-

846 838 991 907 μέγα
1034 831 1350 906 ιφρόνησεν,
1391 830 1617 894 εἰκότως
1663 825 2021 896 ἀπελέγχεται
2053 821 2158 877 ὑπὸ
2173 820 2266 874 τοῦ
2304 819 2619 909 φάσκοντος
2635 816 2793 887 λόγου
2816 832 2833 847 ·

659 933 821 987 Vsus.
840 930 1023 991 πλη.
1048 926 1157 983 «Tu
1177 936 1357 980 autem
1378 925 1563 980 dixisti
1583 926 1634 977 in
1654 931 1832 976 mente
1850 932 1960 985 tua,
1977 921 2029 976 in
2046 934 2161 975 cm-

586 1023 697 1079 lum
727 1020 1031 1084 ascendam,
1050 1028 1101 1074 et
1136 1032 1298 1087 supra
1322 1016 1505 1073 stellas
1526 1014 1649 1070 cmli
1678 1027 1876 1084 ponam
1906 1013 2159 1066 thronum

588 1129 767 1167 meum
797 1127 815 1167 ι
855 1121 912 1165 et
936 1108 1126 1164 similis
1160 1122 1255 1163 ero
1284 1107 1603 1171 Altissimo;
1650 1125 1669 1158 ι
1709 1118 1763 1162 et
1791 1116 1986 1160 caetera
2019 1119 2159 1173 quo-

587 1220 692 1273 que
716 1204 839 1259 huic
874 1200 1262 1271 interpretandi
1294 1197 1488 1252 rationi
1520 1194 1832 1265 aptaveris;
1872 1205 2159 1266 postquam

587 1296 642 1351 in
665 1292 834 1349 obvio.
852 1308 1042 1355 sensu,
1074 1306 1195 1361 qum
1223 1290 1276 1344 in
1317 1288 1602 1360 prophetia
1646 1288 1958 1342 indicantur
1986 1286 2160 1347 sensi-

586 1384 681 1442 bili
712 1384 823 1456 regi
856 1382 1232 1453 applicavcris.

686 1564 847 1619 Vns.
892 1564 1100 1627 25.25.
1156 1582 1174 1617 ι
1231 1562 1359 1618 Haec
1392 1561 1525 1619 dicit
1576 1559 1837 1617 Dominus
1890 1558 2155 1621 Sabaoth,

589 1644 1054 1724 Quemadmodum
1100 1654 1246 1721 dixi,
1298 1655 1369 1709 ita
1411 1654 1563 1708 erit:
1598 1663 1651 1708 et
1700 1652 2157 1721 quemadmodum

585 1747 925 1811 deliberavi,
980 1747 1053 1800 ita
1076 1746 1338 1821 {manebit
1371 1762 1386 1797 :
1417 1755 1478 1797 ut
1528 1744 1744 1815 perdam
1788 1741 2047 1813 Assyrios
2105 1741 2157 1794 in

588 1851 731 1904 terra
760 1855 875 1895 mea
906 1848 961 1893 et
988 1840 1039 1893 in
1068 1838 1343 1894 montibus
1376 1839 1533 1894 meis.
1571 1838 1637 1891 Et
1667 1846 1830 1891 erunt
1860 1837 1911 1889 in
1942 1832 2159 1889 concul-

590 1935 892 1999 cationem,
924 1942 978 1987 et
1016 1931 1294 1986 auferetur
1332 1932 1401 1984 ab
1444 1932 1524 1985 eis
1554 1927 1742 2000 jngum
1790 1928 2051 1997 ipsorum,
2104 1938 2159 1982 et

584 2024 753 2102 gloria
781 2036 969 2077 eorum
996 2022 1065 2075 ab
1094 2020 1335 2083 humeris
1362 2021 1597 2089 ipsorum
1628 2009 1920 2073 auferetur.
1961 2038 1979 2071 ι
2020 2018 2155 2074 Cum

589 2113 742 2180 dicit,
780 2131 798 2164 ι
833 2107 905 2167 Ut
939 2110 1157 2181 perdam
1182 2112 1501 2181 Assyriosin
1530 2120 1671 2164 terra
1693 2127 1809 2165 mea
1838 2112 1965 2177 etjin
1998 2128 2148 2166 mon.

2341 934 2359 966 ι
2389 915 2460 967 Σὺ
2489 913 2546 967 δὶ
2578 908 2738 976 εἴπας
2768 912 2828 964 ἐν
2854 912 2924 980 τῇ
2961 910 3173 981 διανοια
3209 926 3303 967 σου
3323 924 3338 939 ·
3376 908 3471 971 El;
3500 906 3594 960 τὸν
3623 902 3861 978 οὐρανὸν

2262 1006 2627 1077 ἀναϐήσομαι,
2681 1005 2775 1058 καὶ
2819 1004 3006 1057 ὶπάνω
3057 1001 3167 1055 τῶν
3219 1002 3436 1073 ἄστρων
3480 999 3577 1053 τοῦ
3619 995 3859 1070 οὐρανοῦ

2263 1100 2412 1172 θήσω
2451 1096 2543 1151 τὸν
2590 1097 2778 1170 θρόνον
2810 1114 2931 1167 μου,
2972 1095 3067 1149 καὶ
3099 1094 3295 1166 ἔσομαι
3325 1095 3512 1167 δμοιος
3556 1091 3637 1163 τῷ
3694 1088 3856 1159 Ὑψί-

2264 1205 2404 1259 στῳ’
2448 1207 2467 1240 ι
2515 1188 2613 1241 καὶ
2644 1186 2712 1240 τά
2731 1185 2895 1240 λοιπὰ
2926 1186 2983 1240 δὲ
3017 1184 3167 1255 αὐτῷ
3190 1186 3525 1257 ἐφαρμόσεις
3545 1184 3622 1256 τῷ
3656 1183 3859 1237 ἀποδοο

2262 1279 2407 1336 θέντι
2444 1281 2607 1353 λόγῳ,
2642 1280 2781 1352 μετά
2827 1277 2923 1334 τοῦ
2956 1280 3057 1336 ’καὶ
3097 1277 3175 1349 τῷ
3222 1278 3530 1350 προχείρως
3577 1273 3861 1347 νοουμένῳ

2261 1373 2504 1447 αἰσθητῷ
2538 1372 2749 1444 βασιλεῖ
2783 1370 2852 1426 τὰ
2887 1371 2975 1427 διά
3033 1370 3133 1441 τῆς
3167 1368 3505 1442 προφητείας
3551 1366 3859 1439 δηλούμενα

2259 1466 2715 1538 προσαρμόττειν.

2337 1576 2355 1609 ι
2397 1555 2537 1611 Τάδε
2566 1557 2715 1626 λέγει
2748 1551 2955 1627 Κύριος
2987 1551 3240 1608 Σαϐαὼθ*
3275 1554 3373 1608 Ὃν
3399 1551 3599 1625 τρόπον
3632 1552 3858 1625 εἴρηκα,

2260 1648 2432 1715 οὕτως
2474 1650 2660 1705 ἔσται’
2714 1636 2817 1703 καῖ
2868 1648 2927 1701 ὃν
2986 1646 3188 1719 τρόπον
3238 1643 3633 1716 βεϐούλευμαι,
3680 1642 3859 1708 οὕτως

2262 1744 2446 1815 μενεῖ·
2485 1739 2583 1795 τοῦ
2635 1738 2896 1795 ἀπολέσαι
2942 1738 3071 1801 τοὺς
3111 1735 3429 1807 ’Δσσυρίους
3472 1736 3566 1788 ἐπὶ
3614 1734 3718 1806 τῆς
3750 1733 3858 1805 γῆς

2256 1834 2357 1904 τῆς
2392 1834 2551 1904 ἐμῆς,
2590 1831 2687 1886 καὶ
2709 1832 2801 1884 ἐπὶ
2837 1828 2945 1883 τῶν
2982 1828 3154 1901 ὀρέων
3197 1845 3319 1899 μου.
3361 1826 3473 1880 Καὶ
3510 1825 3725 1880 ἔσονται
3773 1826 3857 1889 είς

2258 1924 2655 1994 καταπάτημα,
2687 1920 2781 1977 καὶ
2805 1920 3237 1992 ἀφαιρεθήσεται
3274 1918 3370 1971 ἀπ’
3406 1917 3586 1972 αὐτῶν
3627 1918 3657 1970 ό
3689 1914 3856 1984 ζυγὸς

2258 2016 2591 2081 αὐτῶνμκαὶ
2636 2012 2696 2068 τὸ
2736 2012 2897 2076 κῦδος
2938 2011 3117 2065 αὐτῶν
3161 2009 3269 2065 ἀπὸ
3305 2008 3417 2063 τῶν
3458 2008 3625 2079 ὤμων
3668 2008 3855 2062 αὐτῶν

2258 2106 2707 2179 ἀφαιρεθήσεται.
2743 2125 2762 2157 ι
2792 2104 2975 2159 Είπών
3007 2118 3070 2173 γε
3099 2103 3227 2175 μὴν,
3256 2121 3274 2154 ι
3325 2099 3616 2155 ’Δπολέσαι
3651 2100 3853 2153 ’Δσσυ-

586 2202 727 2257 tibus
781 2204 947 2265 meis,
988 2220 1008 2253 ι
1052 2201 1206 2255 docet
1243 2198 1664 2272 Babyloniorum
1734 2203 2049 2272 regionem,
2102 2213 2149 2257 et

2259 2198 2407 2269 ρίους
2432 2199 2525 2251 ἐπὶ.
2556 2200 2656 2269 τῆς
2681 2199 2785 2269 γῆς
2812 2199 2911 2267 τῆς
2951 2197 3113 2267 ὲμῆς,
3148 2194 3243 2247 καὶ
3276 2194 3369 2247 ἐπὶ
3393 2192 3502 2246 τῶν
3532 2192 3708 2265 ὀρέων
3737 2192 3854 2245 τῶν

583 2289 697 2357 ejus
725 2300 932 2345 montes
964 2305 1068 2343 non
1095 2290 1301 2343 alienos
1332 2291 1432 2344 sibi
1468 2304 1588 2344 esse
1622 2307 1635 2342 :
1680 2308 1804 2345 nam
1828 2332 1845 2357 ,
1880 2310 1899 2342 ι
1933 2293 2147 2348 Domini

581 2391 665 2436 est
693 2392 858 2446 terra,
882 2390 935 2436 et
971 2381 1242 2450 plenitudo
1271 2381 1439 2451 ejus.»
1460 2380 1531 2413 ἠ’
1554 2381 1721 2437 Erunt
1745 2399 1896 2454 ergo,
1925 2386 2022 2447 ait,
2048 2386 2151 2439 As-

582 2473 712 2544 syrii
742 2474 793 2528 in
817 2474 1305 2538 conculcatiouem,
1331 2475 1533 2529 subditi
1558 2475 1647 2538 iis,
1682 2477 1773 2545 qui
1806 2492 1901 2530 eos
1930 2492 2153 2545 supera-

585 2564 687 2618 turi
713 2568 862 2620 sun‘t.
915 2566 1210 2620 Auferetur
1265 2575 1444 2620 autem
1492 2565 1719 2634 jugum,
1773 2570 1914 2636 quod
1970 2578 2152 2624 stante

583 2653 810 2723 imperio
871 2672 994 2720 suo,
1047 2657 1276 2712 subditis
1321 2656 1704 2725 imponebant;
1745 2659 1933 2727 jugum
2004 2669 2154 2716 certe

580 2758 745 2814 grave
777 2762 842 2800 ac
866 2747 1059 2800 durum
1091 2743 1197 2799 illis
1259 2763 1275 2799 :
1323 2754 1378 2799 et
1422 2744 1591 2814 gloria
1646 2747 1761 2799 sive
1810 2748 1975 2800 decus
2021 2745 2150 2801 olim

583 2836 822 2892 humeris
853 2836 1090 2904 ipsorum
1125 2836 1438 2904 impositum
1468 2874 1483 2898 ,
1526 2833 1823 2892 auferetur.
1872 2837 2149 2904 Quemad-

581 2929 796 2983 modum
848 2928 992 2980 enim
1042 2927 1107 2980 de
1150 2925 1443 2980 Servatore
1501 2927 1703 2981 dictum
1757 2936 1885 2991 est,
1920 2947 1938 2979 ι
1984 2928 2151 2997 Cujus

578 3018 911 3088 principatus
928 3033 1090 3087 super
1114 3017 1394 3071 humerum
1412 3018 1525 3087 ejus
1547 3017 1671 3085 "";
1700 3037 1719 3070 ι
1751 3020 1832 3073 sic
1844 3029 1900 3074 et
1922 3020 2155 3077 hocloco

577 3107 747 3177 gloria
777 3108 1127 3178 Assyriorum
1157 3122 1324 3175 super
1350 3107 1611 3161 humeros
1646 3108 1909 3175 ipsorum,
1953 3111 2157 3165 dicitur

575 3214 751 3253 esse:
806 3214 967 3269 quam
1035 3196 1383 3253 auferendam
1441 3213 1561 3253 esse
1619 3214 1799 3255 sermo
1840 3202 2161 3257 intermina-

579 3297 686 3341 tur.

2257 2290 2426 2363 ἐμῶν,
2471 2309 2488 2342 ι
2514 2288 2775 2351 διδάσκει,
2804 2288 2881 2352 ὼς
2902 2286 2995 2341 καὶ
3020 2290 3054 2359 ή
3090 2285 3448 2341 Βαϐυλωνίων
3484 2283 3659 2356 χώρα,
3688 2284 3761 2339 τά
3792 2302 3855 2339 τε

2257 2385 2343 2436 ἐπ’
2374 2382 2542 2455 αὐτῆς
2574 2382 2674 2456 ὅρη
2722 2382 2824 2435 οὐκ
2863 2376 2933 2452 ἦν
2977 2377 3233 2452 ἀλλότρια
3274 2375 3473 2432 αὐτοῦ’
3529 2396 3549 2429 ι
3586 2376 3695 2431 Τοῦ
3746 2376 3857 2449 γὰρ

2253 2475 2460 2548 Κυρίου
2514 2477 2548 2545 ή
2588 2476 2659 2545 γῆ
2720 2473 2816 2527 καὶ
2857 2471 2920 2527 τὸ
2964 2472 3237 2545 πλήρωμα
3309 2470 3499 2540 αὑτῆς.
3539 2491 3556 2521 δ
3596 2470 3856 2524 Ἔσονται

2258 2567 2437 2621 τοίνυν
2455 2566 2505 2620 οἱ
2548 2566 2856 2639 ’Δσσύριοι,
2888 2563 3076 2636 φησὶν,
3115 2566 3196 2627 εἰς
3224 2562 3617 2632 καταπάτημα,
3638 2561 3841 2632 ὑποχείι

2260 2675 2363 2731 ριοι
2397 2657 2678 2728 γενόμενοι
2712 2661 2825 2721 τοῖς
2867 2657 3005 2729 μετά
3048 2656 3224 2710 ταῦτα
3272 2654 3451 2710 αὐτῶν
3484 2655 3851 2725 κρατήσασιν.

2269 2747 2722 2820 Ἀφαιρεθήσεται
2743 2748 2801 2801 δὲ
2826 2748 2920 2801 καὶ
2951 2747 2981 2799 ὀ
3022 2747 3205 2816 ζυγὸς,
3241 2745 3300 2799 δν
3334 2746 3423 2798 ὅτε
3442 2746 3703 2815 ἐκράτουν
3741 2746 3853 2807 τοῖς

2256 2839 2348 2893 ὑπ’
2392 2838 2571 2893 αὐτῶν
2621 2840 2946 2911 ἀρχομένοις
2995 2841 3277 2911 ἐπήρτων,
3324 2835 3492 2905 ζυγὸν
3539 2832 3710 2906 βαρὺν
3758 2836 3853 2888 καὶ

2256 2929 2661 2984 δυσϐἀστακτον
2686 2928 3094 3003 ἀπαωροῦντες
3110 2916 3309 2992 αὐτοῖς
3327 2943 3344 2959 ⁶
3385 2929 3481 2983 καὶ⁴
3508 2932 3571 2985 τὸ
3608 2927 3772 2990 κυδος
3796 2926 3853 2981 δδ

2259 3021 2459 3086 αὐτῶν,
2500 3022 2637 3093 ὅπερ
2668 3022 2875 3093 ἐστὶνὴ
2914 3019 3061 3088 δόξα,
3106 3016 3557 3091 ἀφαιρεθήσεται,
3608 3017 3642 3087 ή
3686 3015 3852 3071 πάλαι

2258 3117 2370 3178 τοῖς
2398 3113 2569 3184 ὤμοις
2598 3114 2777 3173 αὐτῶν
2804 3115 3152 3185 ὲπικειμενη.
3208 3113 3297 3176 Ὦς
3328 3111 3438 3183 γάρ
3471 3111 3565 3163 ἐπὶ
3594 3107 3691 3164 τοῦ
3732 3110 3849 3162 Σω-

2261 3206 2425 3275 τῆρος
2450 3204 2720 3267 λέλεκται,
2761 3223 2779 3256 ι
2812 3198 2887 3258 Ob
2917 3206 2951 3275 ή
2978 3204 3120 3275 ἀρχή
3152 3204 3245 3256 ἐπὶ
3273 3202 3370 3256 τοῦ
3413 3200 3563 3272 ὤμου
3597 3199 3789 3265 αὑτοῦ,
3827 3218 3848 3251 ι

2262 3294 2436 3358 οὕτως
2485 3295 2723 3349 ἐνταῦθα
2766 3294 2830 3348 τὸ
2874 3294 3031 3358 κῦδος
3082 3294 3189 3347 τῶν
3245 3292 3545 3365 ⁹Δσσυρίων
3602 3293 3697 3347 ἐπὶ
3741 3290 3852 3346 τῶν

579 3372 746 3446 ὤμων
781 3378 959 3431 αὐτῶν
989 3378 1223 3450 εἴρηται·
1262 3380 1397 3451 ὅπερ
1413 3378 1877 3450 ἀφαιρεθήσεσθαι
1911 3381 2094 3435 αὐτῶν
2133 3383 2161 3438 δ
2193 3383 2351 3455 λόγος
2379 3386 2611 3441 ἀπειλεῖ.

646 3466 809 3524 Vsus.
831 3467 921 3529 26.
952 3468 1043 3523 27.
1083 3486 1102 3518 ι
1138 3467 1249 3522 Hoc
1277 3467 1661 3522 estconsilium
1698 3470 1839 3535 quod
1875 3472 2019 3538 cepit
2048 3471 2149 3525 Do-

2338 3491 2357 3524 ι
2385 3473 2533 3546 Αὕτη
2564 3477 2597 3544 ή
2625 3473 2784 3547 βουλὴ
2826 3476 2892 3547 ἢν
2925 3473 3271 3546 βεϐούλευται
3322 3474 3527 3547 Κύριος
3570 3472 3665 3529 ἐπὶ
3720 3473 3852 3546 ὅλην

576 3559 759 3613 minus
801 3574 965 3627 super
994 3574 1208 3613 omnem
1241 3569 1439 3613 terram
1470 3577 1483 3613 :
1512 3570 1566 3612 et
1597 3560 1712 3613 haec
1738 3571 1820 3614 est
1846 3576 2037 3615 manus
2054 3578 2151 3616 ex-

574 3648 718 3701 celsa
758 3663 918 3716 super
942 3663 1129 3702 οηιιιες
1156 3659 1361 3718 gentes.
1404 3650 1532 3714 Quae
1563 3651 1706 3703 enim
1755 3650 1895 3705 Deus
1936 3660 2154 3708 sanatus

575 3740 814 3794 decrevit
837 3780 851 3802 ,
883 3741 1003 3808 quis
1037 3740 1360 3811 dissipabit?
1401 3741 1463 3795 Et
1493 3756 1707 3796 manum
1733 3743 1849 3812 ejus
1881 3744 2150 3799 excelsam

575 3834 699 3901 quis
731 3830 980 3886 avertet?
1014 3852 1031 3882 ι
1069 3833 1121 3886 Id
1148 3842 1256 3895 est,
1296 3833 1453 3901 quale
1475 3830 1738 3900 judicium
1766 3835 1832 3889 de
1858 3834 2147 3904 Babylone,

574 3927 726 3978 etde
755 3924 869 3992 ejus
899 3924 1293 3978 habitatoribus
1320 3924 1483 3977 latum
1542 3936 1664 3987 est,
1717 3923 1821 3978 tale
1878 3925 2039 3978 etiam
2087 3926 2152 3979 de

574 4019 705 4071 viris
738 4018 987 4071 omnibus
1014 4016 1186 4070 atheis
1215 4026 1268 4070 et
1306 4017 1510 4085 impiis,
1550 4016 1641 4085 qui
1677 4016 1861 4069 orbem
1900 4017 2150 4072 obtinue-

575 4115 737 4170 runt,
768 4105 996 4159 feretur.
1043 4104 1175 4159 Nam
1223 4108 1519 4160 secundum
1566 4106 1842 4175 aequitatis
1884 4107 2147 4161 rationem

575 4198 725 4266 paria
757 4198 1046 4265 patientur,
1076 4197 1163 4265 qui
1197 4198 1247 4249 in
1282 4197 1483 4250 similes
1516 4198 1819 4265 impietates
1867 4195 1999 4265 lapsi
2033 4196 2148 4250 lue-

576 4291 705 4342 riut.
752 4286 850 4342 Ubi
885 4286 1344 4353 subiutelligamus
1378 4296 1622 4355 oportet,
1654 4296 1844 4356 gentes
1871 4288 2050 4341 atheis
2082 4295 2139 4341 et

2256 3566 2355 3638 τὴν
2381 3566 2725 3639 οἰκουμένην,
2761 3569 2856 3621 καὶ
2876 3565 3015 3640 αὕτη
3047 3568 3079 3639 ή
3106 3568 3228 3639 χεὶρ
3260 3568 3294 3638 ή
3329 3567 3507 3639 ὑψηλὴ
3542 3566 3634 3619 ἐπὶ
3672 3566 3852 3621 πάντα

2254 3659 2324 3712 τὰ
2355 3658 2504 3730 ἔθνη.
2548 3662 2615 3712 ‘A
2665 3662 2774 3732 γὰρ
2819 3662 2849 3712 ό
2891 3660 3023 3724 Θεὸς
3068 3662 3096 3713 ὁ
3139 3660 3295 3727 ἀγιος
3341 3658 3715 3731 βεϐούλευται,
3766 3659 3851 3722 τίς

2252 3747 2630 3812 διασκεδάσει;
2675 3750 2771 3802 καὶ
2803 3752 2902 3822 τὴν
2941 3752 3101 3821 χεῖρα
3148 3749 3316 3803 αὑτοῦ
3366 3750 3465 3821 τὴν
3509 3748 3721 3819 ὑψηλήν
3766 3748 3851 3812 τίς

2253 3838 2620 3908 ἀποπρέῲεη
2667 3858 2685 3888 ι
2727 3840 2799 3893 Ἦ
2845 3840 2941 3893 καὶ
2964 3840 3045 3892 ὅτι
3075 3840 3234 3893 ὁποία
3265 3840 3613 3910 ἐξενήνεκται
3664 3838 3849 3909 κρίσις

2252 3929 2381 3997 περλ⁵
2427 3931 2526 3998 τῆς
2574 3926 2914 3992 Βαϐυλῶνος,
2969 3929 3064 3982 καὶ
3105 3930 3213 3983 τῶν
3258 3930 3466 3999 ταύτης
3518 3931 3847 4000 οίκητόρων,

2250 4016 2469 4089 τοιαύτη
2492 4036 2576 4080 τις
2605 4018 2760 4072 ἔσται
2800 4019 2897 4071 καὶ
2924 4021 2958 4090 ἡ
2998 4020 3124 4091 περὶ
3148 4020 3367 4074 πάντων
3397 4019 3505 4074 τῶν
3534 4022 3632 4089 τῆς
3668 4021 3849 4072 οἰκου-

2254 4111 2419 4181 μένης
2452 4110 2841 4182 κρατησάντων
2864 4110 3039 4166 ἀθέων
3059 4113 3154 4165 καὶ
3174 4112 3391 4167 ἀσεϐῶν
3430 4110 3642 4182 ἀνδρῶν
3662 4128 3676 4140 ·
3704 4111 3848 4164 κατά

2250 4200 2357 4269 γὰρ
2385 4200 2473 4252 τὸν
2500 4199 2594 4251 τοῦ
2616 4199 2821 4252 δικαίου
2866 4200 3022 4269 λόγον
3055 4202 3336 4273 παρόμοια
3369 4203 3657 4273 πείσονται
3695 4204 3747 4255 οἱ
3776 4202 3849 4257 τά

2248 4291 2409 4361 ὃμοια
2453 4290 2921 4361 δυσσεϐήσαντεςο
2960 4270 3464 4362 προσεπινοούντων
3501 4270 3658 4363 ήμῶν
3685 4292 3844 4363 ἔθνη,

574 4380 752 4448 impiis
780 4379 1086 4434 hominibus
1128 4379 1350 4432 refertas
1381 4398 1393 4431 :
1428 4393 1531 4431 non
1560 4379 1702 4457 enim
1736 4381 1849 4433 haec
1877 4379 1997 4432 sine
2032 4379 2138 4431 ullo

2253 4382 2313 4433 τὰ
2345 4381 2452 4433 τῶν
2473 4380 2650 4434 ἀθέων
2674 4381 2769 4434 καὶ
2799 4380 3014 4434 ἀσεϐῶν
3053 4382 3294 4455 ἀνδρῶν·
3349 4384 3411 4436 οὐ
3449 4384 3556 4454 γὰρ
3602 4384 3848 4455 ἀκρίτως

572 4466 903 4531 discrimine,
938 4467 1001 4518 de
1032 4467 1136 4534 piis
1166 4477 1219 4518 et
1255 4467 1362 4520 Deo
1391 4468 1619 4520 addictis
1646 4468 1800 4531 viris,
1828 4469 2143 4536 accipienda

2253 4471 2415 4524 ταῦτα
2456 4470 2598 4525 κατά
2626 4470 2733 4525 τῶν
2762 4472 3003 4525 εὐσεϐῶν
3043 4474 3137 4525 καὶ
3189 4472 3297 4527 τῶν
3338 4474 3416 4545 τῷ
3460 4473 3579 4543 Θεῷ
3618 4476 3844 4527 ἀνακει-

570 4566 713 4610 sunt.
743 4556 861 4622 Quo
896 4558 1058 4626 igitur
1099 4556 1255 4610 modo
1286 4571 1442 4609 orsus
1465 4567 1581 4619 est,
1619 4559 1806 4618 eodem
1862 4566 1915 4611 et
1962 4559 2141 4623 desiit,

574 4648 874 4702 universale
894 4648 985 4701 Dei
1023 4647 1088 4701 de
1110 4646 1361 4701 omnibus
1387 4646 1667 4701 ferendum
1687 4651 1949 4717 judicium
1989 4668 2139 4706 com-

575 4754 882 4792 memorans
909 4780 924 4803 ,
955 4747 1011 4791 ut
1058 4754 1247 4792 omnes
1285 4742 1375 4809 qui
1407 4739 1748 4810 Scripturam
1780 4742 2040 4813 legerint,
2076 4746 2138 4799 ad

569 4831 974 4881 conversionem
1012 4831 1227 4885 invitet.

642 5008 923 5072 Vens.28,
958 5010 1027 5063 29
1108 5028 1124 5060 ι
1170 5009 1222 5062 In
1272 5026 1413 5064 anno
1459 5027 1566 5079 quo
1616 5022 1862 5067 mortuus
1910 5022 1991 5068 est
2050 5030 2143 5069 rex

569 5100 745 5152 Achaz
770 5098 1010 5164 ,factum
1037 5110 1120 5153 est
1146 5100 1363 5155 verbum
1398 5103 1571 5156 istud:
1606 5102 1679 5157 Ne
1711 5105 1984 5170 laetemini,
2010 5107 2140 5159 alie—

570 5189 777 5256 nigena
806 5204 1013 5252 omnes.
1043 5192 1334 5246 contritum
1385 5203 1469 5247 est
1520 5195 1663 5249 enim
1710 5194 1902 5265 jugum
1946 5213 2139 5264 percu-

573 5279 749 5332 tientis
773 5295 865 5333 vos
900 5297 913 5333 :
952 5297 1071 5334 nam
1107 5298 1169 5334 ex
1202 5282 1405 5337 semine
1458 5296 1772 5354 serpentum
1831 5288 2140 5356 egredietur

571 5370 744 5436 proles
770 5373 987 5437 aspidis,
1018 5384 1069 5425 et
1104 5374 1193 5427 lilii
1224 5390 1411 5427 eorum
1457 5378 1806 5443 cgredientur
1858 5390 2139 5443 serpentes

571 5458 829 5513 volantes.
876 5479 893 5511 ι
941 5460 1138 5515 Lmlari
1171 5464 1323 5517 vobis
1361 5468 1595 5518 nondum
1625 5470 1959 5535 permittitur
2036 5470 2136 5523 etsi

2249 4562 2423 4631 μένων
2468 4560 2785 4631 ἐκδέχεσθαι
2834 4564 3131 4634 προσήκει.
3207 4564 3421 4636 Ὥσπερ
3481 4561 3575 4619 οὖν
3615 4565 3843 4637 ἤρξατο,

2244 4653 2429 4706 τοῦτον
2459 4654 2553 4707 καὶ
2586 4654 2898 4707 συνετέλεσε
2930 4654 3021 4707 τὸν
3061 4655 3263 4727 τρόπον
3297 4656 3398 4725 τῆς
3438 4658 3579 4711 κατὰ
3622 4658 3844 4712 πάντων

2244 4744 2536 4814 καθολικῆς
2583 4744 2677 4796 τοῦ
2717 4743 2852 4796 Θεοῦ
2904 4744 3141 4815 κρίσεως
3184 4746 3499 4815 ἀναγκαίως
3534 4749 3843 4819 μνημονεύ-

2174 4824 2219 4879 Ῑ)
2250 4854 2372 4899 σας’
2400 4835 2539 4889 ὥστε
2574 4835 2899 4907 ἐπιπρέψαι
2930 4835 3141 4899 πάντας
3162 4838 3288 4901 τοὺς
3313 4837 3739 4909 ἐντυγχάνοντας
3771 4843 3837 4912 τῇ

2247 4929 2461 4981 Γοαωῆ.

2329 4946 2361 4981 α
2448 4969 2461 4981 .

2296 4944 2337 5071 ρ(
2368 4930 2489 5071 (ᾠοῦ
2527 5019 2679 5081 ἔτους
2717 5011 2777 5071 οὗ
2825 5019 3091 5073 ἀπέθανεν
3120 5021 3149 5073 ό
3179 5018 3431 5089 βασιλεὺς
3482 5020 3668 5091 ’Δχάξ,
3713 5023 3839 5091 ὲγεο

2246 5115 2382 5184 νήθη
2409 5114 2469 5165 τὸ
2497 5114 2649 5183 ῥῆμα
2675 5112 2861 5165 τοῦτο⁸
2892 5112 2983 5183 Μὴ
3007 5114 3423 5185 εὐφρανθείητε,
3464 5116 3515 5167 οἱ
3543 5115 3835 5185 ἀλλόφυλοι

2246 5207 2473 5267 πάντες”
2508 5204 2798 5276 συνετρίϐη
2829 5206 2938 5276 γὰρ
2971 5208 2999 5259 ὁ
3032 5205 3195 5274 ζυγὸς
3239 5207 3333 5260 τοῦ
3377 5208 3630 5274 παίοντος
3666 5210 3831 5280 ὑμᾶς·

2245 5300 2310 5350 ὲκ
2339 5297 2447 5368 γάρ
2486 5297 2799 5367 σπέρματος
2833 5297 3007 5366 ὄφεων
3044 5297 3386 5362 ἐξελεύσεται
3424 5300 3623 5369 ἔγγονα
3670 5303 3837 5356 ἀσπί-

2243 5387 2368 5451 δων,
2396 5388 2489 5440 καὶ
2511 5388 2579 5439 τὰ
2606 5388 2804 5456 ἔγγονα
2842 5388 3022 5443 αὐτῶν
3060 5389 3432 5456 ἐξελεύσονται
3485 5392 3636 5459 ὄφεις
3671 5395 3833 5447 πετό-

2246 5496 2415 5549 μενοι.
2454 5498 2470 5530 ι
2503 5478 2700 5532 υὺκέτι
2740 5480 2957 5549 ἀφίεται
2991 5482 3119 5551 ὑμῖν
3162 5481 3569 5553 εὐφραίνεσθαι,
3597 5484 3832 5539 -ἀποθα-
3930 5550 3933 5551 ν

572 5560 780 5603 mortuo
813 5568 933 5621 rege
961 5554 1161 5620 impio,
1214 5557 1278 5611 de
1325 5574 1435 5627 quo
1484 5557 1611 5610 olim
1662 5559 2002 5627 gaudebatis,
2050 5563 2138 5628 pio

2253 5571 2421 5634 φύντος
2474 5571 2572 5640 μὲν
2603 5570 2697 5623 τοῦ
2745 5572 2974 5635 ἀσεϐοῦς
3025 5563 3287 5644 βασιλέως
3334 5576 3419 5643 ἐφ’
3469 5570 3513 5643 ᾧ
3555 5576 3617 5630 τὸ
3661 5578 3830 5631 πάλαι

573 5650 748 5693 autem
802 5642 920 5695 viro
968 5646 1249 5712 imperium
1298 5650 1646 5715 suscipiente,
1686 5661 1742 5705 ut
1772 5653 1823 5705 in
1858 5651 2135 5720 Paralipo-

2242 5664 2495 5735 ἐχάρητε,
2530 5663 2811 5727 θεοσεϐοῦς
2839 5665 2895 5717 δὲ
2933 5664 3125 5737 ἀνδρὸς
3168 5666 3264 5737 τήν
3303 5668 3479 5740 ἀρχὴν
3512 5669 3832 5741 διαδεξαμέ-

574 5745 761 5834 menon
787 5730 824 5784 ll
852 5734 985 5786 libro
1022 5737 1086 5790 de
1114 5736 1342 5793 Ezechia
1367 5740 1676 5793 declaratur
1698 5780 1714 5803 ,
1762 5754 1817 5795 et
1847 5742 1899 5794 in
1938 5754 2135 5809 quarto

2253 5730 2359 5805 νὸυί
2402 5730 2479 5816 ως
2532 5754 2589 5805 ὲν
2632 5756 2695 5824 τῇ
2744 5755 2973 5827 δευτέρᾳ
3025 5730 3136 5811 τῶν
3204 5730 3700 5831 ᾐαραλείπομένων
3736 5730 3829 5834 ’τῷ

578 5812 893 5883 Regnorum.
924 5822 1382 5887 Quemadmodum
1417 5828 1557 5879 enim
1590 5828 1688 5883 sub
1719 5830 1884 5900 impio
1926 5831 2104 5886 Acha:

639 5932 701 5962 ""
742 5930 885 5990 Psal.
909 5951 1058 6004 mn,
1093 5939 1143 5993 l.
1217 5940 1306 5971 7'“
1338 5940 1457 5996 lsai.
1493 5953 1574 6011 ix,
1606 5941 1675 6014 ϐοὶ

2253 5841 2466 5914 Ἐζεκίᾳ
2498 5843 2937 5916 μεμαρτύρηται,
2971 5848 3063 5901 καὶ
3091 5850 3148 5903 ὲν
3183 5852 3248 5922 τῇ
3274 5852 3512 5927 τετάρτῃ
3532 5853 3638 5911 τῶν
3662 5853 3826 5911 Βασι-
