  <div class='ocr_page' id='page_1' title='image "/cluster/home/n/w/nwhite01/storage/ocr_20150623/24/uva.x004246623/114.png"; bbox 0 0 4100 6426; ppageno 0'>
   <div class='ocr_carea' id='block_1_1' title="bbox 187 397 286 460">
    <p class='ocr_par' dir='ltr' id='par_1_1' title="bbox 187 397 286 460">
     <span class='ocr_line' id='line_1_1' title="bbox 187 397 286 460; baseline -0.02 0"><span class='ocrx_word' id='word_1_1' title='bbox 187 397 286 460; x_wconf 69' lang='grc'><strong>197</strong></span> 
     </span>
    </p>
   </div>
   <div class='ocr_carea' id='block_1_2' title="bbox 1189 409 2611 482">
    <p class='ocr_par' dir='ltr' id='par_1_2' title="bbox 1189 409 2611 482">
     <span class='ocr_line' id='line_1_2' title="bbox 1189 409 2611 482; baseline 0.009 -13"><span class='ocrx_word' id='word_1_2' title='bbox 1189 409 1700 472; x_wconf 69' lang='grc' dir='ltr'><strong>(ΣΟΜΜΕΝΤΑΙΠΑ</strong></span> <span class='ocrx_word' id='word_1_3' title='bbox 1737 417 1808 473; x_wconf 79' lang='lat' dir='ltr'><strong>IN</strong></span> <span class='ocrx_word' id='word_1_4' title='bbox 1851 416 2112 477; x_wconf 65' lang='lat' dir='ltr'><strong>ISAIAI.</strong></span> <span class='ocrx_word' id='word_1_5' title='bbox 2160 447 2227 462; x_wconf 90' lang='lat'><strong><em>—</em></strong></span> <span class='ocrx_word' id='word_1_6' title='bbox 2262 417 2423 479; x_wconf 77' lang='lat' dir='ltr'><strong>CAP.</strong></span> <span class='ocrx_word' id='word_1_7' title='bbox 2467 421 2611 482; x_wconf 77' lang='lat' dir='ltr'><strong>XIV.</strong></span> 
     </span>
    </p>
   </div>
   <div class='ocr_carea' id='block_1_3' title="bbox 3446 443 3552 500">
    <p class='ocr_par' dir='ltr' id='par_1_3' title="bbox 3446 443 3552 500">
     <span class='ocr_line' id='line_1_3' title="bbox 3446 443 3552 500; baseline -0.019 -1"><span class='ocrx_word' id='word_1_8' title='bbox 3446 443 3552 500; x_wconf 68' lang='lat'><strong>198</strong></span> 
     </span>
    </p>
   </div>
   <div class='ocr_carea' id='block_1_4' title="bbox 183 525 1809 621">
    <p class='ocr_par' dir='ltr' id='par_1_4' title="bbox 183 525 1809 612">
     <span class='ocr_line' id='line_1_4' title="bbox 183 525 1809 612; baseline 0.01 -32"><span class='ocrx_word' id='word_1_9' title='bbox 183 525 364 582; x_wconf 75' lang='grc' dir='ltr'>λειῶν.</span> <span class='ocrx_word' id='word_1_10' title='bbox 396 530 648 606; x_wconf 77' lang='grc' dir='ltr'>Ὠσπερ</span> <span class='ocrx_word' id='word_1_11' title='bbox 673 532 789 606; x_wconf 76' lang='grc' dir='ltr'>γὰρ</span> <span class='ocrx_word' id='word_1_12' title='bbox 813 536 905 588; x_wconf 75' lang='lat' dir='ltr'><strong>tm</strong></span> <span class='ocrx_word' id='word_1_13' title='bbox 933 534 1032 590; x_wconf 82' lang='grc' dir='ltr'>τοῦ</span> <span class='ocrx_word' id='word_1_14' title='bbox 1065 536 1298 601; x_wconf 73' lang='grc' dir='ltr'>ἀσεϐοῦς</span> <span class='ocrx_word' id='word_1_15' title='bbox 1335 539 1524 610; x_wconf 79' lang='grc' dir='ltr'>Ἀχάζ,</span> <span class='ocrx_word' id='word_1_16' title='bbox 1569 541 1722 605; x_wconf 79' lang='grc' dir='ltr'>ιίκὺς</span> <span class='ocrx_word' id='word_1_17' title='bbox 1759 537 1809 612; x_wconf 53' lang='grc' dir='ltr'><strong>ἧς</strong></span> 
     </span>
    </p>
   </div>
   <div class='ocr_carea' id='block_1_5' title="bbox 1913 525 3548 621">
    <p class='ocr_par' dir='ltr' id='par_1_5' title="bbox 1943 540 3548 621">
     <span class='ocr_line' id='line_1_5' title="bbox 1943 540 3548 621; baseline 0.014 -26"><span class='ocrx_word' id='word_1_18' title='bbox 1943 540 2238 612; x_wconf 85' lang='lat' dir='ltr'><strong>allophylls</strong></span> <span class='ocrx_word' id='word_1_19' title='bbox 2285 544 2556 613; x_wconf 82' lang='lat' dir='ltr'><strong>gaudendi</strong></span> <span class='ocrx_word' id='word_1_20' title='bbox 2606 553 2662 602; x_wconf 87' lang='lat' dir='ltr'><strong>et</strong></span> <span class='ocrx_word' id='word_1_21' title='bbox 2714 545 2930 605; x_wconf 69' lang='lat' dir='ltr'><strong>lztandl</strong></span> <span class='ocrx_word' id='word_1_22' title='bbox 2978 566 3145 608; x_wconf 71' lang='lat' dir='ltr'><strong>causa</strong></span> <span class='ocrx_word' id='word_1_23' title='bbox 3193 555 3420 621; x_wconf 87' lang='lat' dir='ltr'><strong>aderat.</strong></span> <span class='ocrx_word' id='word_1_24' title='bbox 3473 562 3548 617; x_wconf 85' lang='lat' dir='ltr'><strong>ita</strong></span> 
     </span>
    </p>
   </div>
   <div class='ocr_carea' id='block_1_6' title="bbox 135 623 1832 701">
    <p class='ocr_par' dir='ltr' id='par_1_6' title="bbox 135 623 1832 701">
     <span class='ocr_line' id='line_1_6' title="bbox 135 623 1832 701; baseline 0.009 -28"><span class='ocrx_word' id='word_1_25' title='bbox 135 632 146 642; x_wconf 90' lang='lat'>&#39;</span> <span class='ocrx_word' id='word_1_26' title='bbox 184 623 398 690; x_wconf 77' lang='grc' dir='ltr'>χαίρειν</span> <span class='ocrx_word' id='word_1_27' title='bbox 433 625 544 678; x_wconf 74' lang='grc' dir='ltr'>καὶ</span> <span class='ocrx_word' id='word_1_28' title='bbox 600 625 1008 698; x_wconf 77' lang='grc' dir='ltr'><strong>εὐφραίνεσθαι</strong></span> <span class='ocrx_word' id='word_1_29' title='bbox 1062 629 1190 693; x_wconf 69' lang='grc' dir='ltr'>τοὺς</span> <span class='ocrx_word' id='word_1_30' title='bbox 1239 630 1600 701; x_wconf 77' lang='grc' dir='ltr'><strong>ἀλλοφύλους,</strong></span> <span class='ocrx_word' id='word_1_31' title='bbox 1653 633 1832 698; x_wconf 73' lang='grc' dir='ltr'>οὕτως</span> 
     </span>
    </p>
   </div>
   <div class='ocr_carea' id='block_1_7' title="bbox 187 715 1830 801">
    <p class='ocr_par' dir='ltr' id='par_1_7' title="bbox 187 715 1830 801">
     <span class='ocr_line' id='line_1_7' title="bbox 187 715 1830 801; baseline 0.01 -35"><span class='ocrx_word' id='word_1_32' title='bbox 187 715 278 766; x_wconf 66' lang='grc' dir='ltr'><strong>ἰπὶ</strong></span> <span class='ocrx_word' id='word_1_33' title='bbox 324 715 426 768; x_wconf 81' lang='grc' dir='ltr'><strong>τοῦ</strong></span> <span class='ocrx_word' id='word_1_34' title='bbox 483 717 729 771; x_wconf 74' lang='grc' dir='ltr'>δικαίου</span> <span class='ocrx_word' id='word_1_35' title='bbox 778 719 969 792; x_wconf 82' lang='grc' dir='ltr'>ἀνδρὸς</span> <span class='ocrx_word' id='word_1_36' title='bbox 1019 721 1114 776; x_wconf 83' lang='grc' dir='ltr'>τοῦ</span> <span class='ocrx_word' id='word_1_37' title='bbox 1171 721 1440 788; x_wconf 77' lang='grc' dir='ltr'><strong>Ἐζεκίου,</strong></span> <span class='ocrx_word' id='word_1_38' title='bbox 1482 727 1763 801; x_wconf 81' lang='grc' dir='ltr'><strong>εὐκαίρως</strong></span> <span class='ocrx_word' id='word_1_39' title='bbox 1796 730 1830 800; x_wconf 79' lang='grc' dir='ltr'>ἡ</span> 
     </span>
    </p>
   </div>
   <div class='ocr_carea' id='block_1_8' title="bbox 187 808 1831 893">
    <p class='ocr_par' dir='ltr' id='par_1_8' title="bbox 187 808 1831 893">
     <span class='ocr_line' id='line_1_8' title="bbox 187 808 1831 893; baseline 0.012 -37"><span class='ocrx_word' id='word_1_40' title='bbox 187 808 512 876; x_wconf 75' lang='grc' dir='ltr'><strong>προφητεία</strong></span> <span class='ocrx_word' id='word_1_41' title='bbox 571 809 984 885; x_wconf 81' lang='grc' dir='ltr'>ἀποτεινομὲνη</span> <span class='ocrx_word' id='word_1_42' title='bbox 1048 815 1185 886; x_wconf 70' lang='grc' dir='ltr'>πρὸς</span> <span class='ocrx_word' id='word_1_43' title='bbox 1257 817 1460 882; x_wconf 83' lang='grc' dir='ltr'>αὐτούς</span> <span class='ocrx_word' id='word_1_44' title='bbox 1528 836 1688 890; x_wconf 82' lang='grc' dir='ltr'>φησι-</span> <span class='ocrx_word' id='word_1_45' title='bbox 1736 820 1831 893; x_wconf 79' lang='grc' dir='ltr'><strong>Μὴ</strong></span> 
     </span>
    </p>
   </div>
   <div class='ocr_carea' id='block_1_9' title="bbox 188 898 1831 983">
    <p class='ocr_par' dir='ltr' id='par_1_9' title="bbox 188 898 1831 983">
     <span class='ocr_line' id='line_1_9' title="bbox 188 898 1831 983; baseline 0.012 -34"><span class='ocrx_word' id='word_1_46' title='bbox 188 898 637 971; x_wconf 76' lang='grc' dir='ltr'>εὐφρανθείητε,</span> <span class='ocrx_word' id='word_1_47' title='bbox 677 902 968 974; x_wconf 76' lang='grc' dir='ltr'>ἀλλόφυλοι</span> <span class='ocrx_word' id='word_1_48' title='bbox 988 923 1002 938; x_wconf 78' lang='grc' dir='ltr'><strong>ο</strong></span> <span class='ocrx_word' id='word_1_49' title='bbox 1036 907 1202 963; x_wconf 86' lang='grc' dir='ltr'>πάλαι</span> <span class='ocrx_word' id='word_1_50' title='bbox 1235 910 1333 980; x_wconf 61' lang='grc' dir='ltr'>μὶν</span> <span class='ocrx_word' id='word_1_51' title='bbox 1368 911 1481 983; x_wconf 76' lang='grc' dir='ltr'>γὰρ</span> <span class='ocrx_word' id='word_1_52' title='bbox 1511 914 1594 966; x_wconf 68' lang='grc' dir='ltr'>ἔτι</span> <span class='ocrx_word' id='word_1_53' title='bbox 1623 913 1831 980; x_wconf 71' lang='grc' dir='ltr'>ζῶντος</span> 
     </span>
    </p>
   </div>
   <div class='ocr_carea' id='block_1_10' title="bbox 185 989 1832 1073">
    <p class='ocr_par' dir='ltr' id='par_1_10' title="bbox 185 989 1832 1073">
     <span class='ocr_line' id='line_1_10' title="bbox 185 989 1832 1073; baseline 0.013 -33"><span class='ocrx_word' id='word_1_54' title='bbox 185 989 277 1042; x_wconf 77' lang='grc' dir='ltr'>τοῦ</span> <span class='ocrx_word' id='word_1_55' title='bbox 317 990 526 1061; x_wconf 72' lang='grc' dir='ltr'>Ἃχάζ,</span> <span class='ocrx_word' id='word_1_56' title='bbox 556 994 668 1046; x_wconf 74' lang='grc' dir='ltr'>καὶ</span> <span class='ocrx_word' id='word_1_57' title='bbox 691 995 763 1048; x_wconf 88' lang='grc' dir='ltr'><strong>τά</strong></span> <span class='ocrx_word' id='word_1_58' title='bbox 790 995 963 1069; x_wconf 76' lang='grc' dir='ltr'>ιχθρά</span> <span class='ocrx_word' id='word_1_59' title='bbox 993 998 1071 1068; x_wconf 85' lang='grc' dir='ltr'>τῷ</span> <span class='ocrx_word' id='word_1_60' title='bbox 1109 999 1228 1072; x_wconf 86' lang='grc' dir='ltr'><strong>Θεῷ</strong></span> <span class='ocrx_word' id='word_1_61' title='bbox 1274 1003 1639 1073; x_wconf 68' lang='grc' dir='ltr'>πράττοντος,</span> <span class='ocrx_word' id='word_1_62' title='bbox 1679 1006 1832 1072; x_wconf 78' lang='grc' dir='ltr'>είκδς</span> 
     </span>
    </p>
   </div>
   <div class='ocr_carea' id='block_1_11' title="bbox 187 1074 1831 1168">
    <p class='ocr_par' dir='ltr' id='par_1_11' title="bbox 187 1074 1831 1168">
     <span class='ocr_line' id='line_1_11' title="bbox 187 1074 1831 1168; baseline 0.014 -37"><span class='ocrx_word' id='word_1_63' title='bbox 187 1074 252 1150; x_wconf 78' lang='grc' dir='ltr'>ἦν</span> <span class='ocrx_word' id='word_1_64' title='bbox 275 1081 430 1153; x_wconf 77' lang='grc' dir='ltr'>ὑμᾶς</span> <span class='ocrx_word' id='word_1_65' title='bbox 448 1083 887 1154; x_wconf 79' lang='grc' dir='ltr'><strong>εὐφραίνεσθαι,</strong></span> <span class='ocrx_word' id='word_1_66' title='bbox 910 1089 1096 1161; x_wconf 68' lang='grc' dir='ltr'>ἐπειδὴ</span> <span class='ocrx_word' id='word_1_67' title='bbox 1122 1093 1507 1165; x_wconf 79' lang='grc' dir='ltr'>συνετέτριπτο</span> <span class='ocrx_word' id='word_1_68' title='bbox 1525 1097 1623 1150; x_wconf 82' lang='grc' dir='ltr'><strong>τοῦ</strong></span> <span class='ocrx_word' id='word_1_69' title='bbox 1663 1099 1831 1168; x_wconf 76' lang='grc' dir='ltr'><strong>’Δχάζ</strong></span> 
     </span>
    </p>
   </div>
   <div class='ocr_carea' id='block_1_12' title="bbox 189 1171 1825 1260">
    <p class='ocr_par' dir='ltr' id='par_1_12' title="bbox 189 1171 1825 1260">
     <span class='ocr_line' id='line_1_12' title="bbox 189 1171 1825 1260; baseline 0.013 -37"><span class='ocrx_word' id='word_1_70' title='bbox 189 1173 216 1223; x_wconf 82' lang='grc' dir='ltr'>ὁ</span> <span class='ocrx_word' id='word_1_71' title='bbox 244 1171 439 1241; x_wconf 79' lang='grc' dir='ltr'>ζυγὸς,</span> <span class='ocrx_word' id='word_1_72' title='bbox 491 1174 581 1236; x_wconf 80' lang='grc' dir='ltr'>ὼς</span> <span class='ocrx_word' id='word_1_73' title='bbox 628 1176 710 1247; x_wconf 80' lang='grc' dir='ltr'>μὴ</span> <span class='ocrx_word' id='word_1_74' title='bbox 759 1177 1021 1234; x_wconf 84' lang='grc' dir='ltr'>δύνασθαι</span> <span class='ocrx_word' id='word_1_75' title='bbox 1062 1183 1225 1236; x_wconf 77' lang='grc' dir='ltr'>αὑτὸν</span> <span class='ocrx_word' id='word_1_76' title='bbox 1275 1185 1606 1241; x_wconf 74' lang='grc' dir='ltr'><strong>ὑποτάττειν</strong></span> <span class='ocrx_word' id='word_1_77' title='bbox 1658 1189 1825 1260; x_wconf 76' lang='grc' dir='ltr'>ὑμᾶς,</span> 
     </span>
    </p>
   </div>
   <div class='ocr_carea' id='block_1_13' title="bbox 193 1263 1824 1354">
    <p class='ocr_par' dir='ltr' id='par_1_13' title="bbox 193 1263 1824 1354">
     <span class='ocr_line' id='line_1_13' title="bbox 193 1263 1824 1354; baseline 0.013 -37"><span class='ocrx_word' id='word_1_78' title='bbox 193 1263 324 1334; x_wconf 74' lang='grc' dir='ltr'>μηδὲ</span> <span class='ocrx_word' id='word_1_79' title='bbox 363 1267 465 1320; x_wconf 77' lang='grc' dir='ltr'>τὸν</span> <span class='ocrx_word' id='word_1_80' title='bbox 512 1268 629 1339; x_wconf 84' lang='grc' dir='ltr'><strong>τῆς</strong></span> <span class='ocrx_word' id='word_1_81' title='bbox 661 1271 840 1344; x_wconf 84' lang='grc' dir='ltr'>ἀρχῆς</span> <span class='ocrx_word' id='word_1_82' title='bbox 882 1273 1048 1328; x_wconf 80' lang='grc' dir='ltr'>αὑτοῦ</span> <span class='ocrx_word' id='word_1_83' title='bbox 1103 1276 1268 1344; x_wconf 79' lang='grc' dir='ltr'>ζυγδν</span> <span class='ocrx_word' id='word_1_84' title='bbox 1318 1281 1625 1336; x_wconf 70' lang='grc' dir='ltr'>ιπιτιθέναι</span> <span class='ocrx_word' id='word_1_85' title='bbox 1660 1285 1824 1354; x_wconf 68' lang='grc' dir='ltr'>ὑμῖν*</span> 
     </span>
    </p>
   </div>
   <div class='ocr_carea' id='block_1_14' title="bbox 189 1355 1829 1446">
    <p class='ocr_par' dir='ltr' id='par_1_14' title="bbox 189 1355 1829 1446">
     <span class='ocr_line' id='line_1_14' title="bbox 189 1355 1829 1446; baseline 0.014 -37"><span class='ocrx_word' id='word_1_86' title='bbox 189 1355 372 1429; x_wconf 79' lang='grc' dir='ltr'>διόπερ</span> <span class='ocrx_word' id='word_1_87' title='bbox 397 1359 764 1433; x_wconf 79' lang='grc' dir='ltr'>ἐπληθύνετο</span> <span class='ocrx_word' id='word_1_88' title='bbox 782 1366 851 1419; x_wconf 84' lang='grc' dir='ltr'>τὰ</span> <span class='ocrx_word' id='word_1_89' title='bbox 877 1367 1026 1422; x_wconf 88' lang='grc' dir='ltr'><strong>κακά</strong></span> <span class='ocrx_word' id='word_1_90' title='bbox 1049 1370 1139 1423; x_wconf 78' lang='grc' dir='ltr'>καὶ</span> <span class='ocrx_word' id='word_1_91' title='bbox 1163 1370 1355 1444; x_wconf 84' lang='grc' dir='ltr'>ὥσπερ</span> <span class='ocrx_word' id='word_1_92' title='bbox 1377 1375 1613 1446; x_wconf 75' lang='grc' dir='ltr'>μηδενὸς</span> <span class='ocrx_word' id='word_1_93' title='bbox 1641 1379 1829 1432; x_wconf 85' lang='grc' dir='ltr'>παίον-</span> 
     </span>
    </p>
   </div>
   <div class='ocr_carea' id='block_1_15' title="bbox 190 1452 1828 1538">
    <p class='ocr_par' dir='ltr' id='par_1_15' title="bbox 190 1452 1828 1538">
     <span class='ocr_line' id='line_1_15' title="bbox 190 1452 1828 1538; baseline 0.015 -39"><span class='ocrx_word' id='word_1_94' title='bbox 190 1465 294 1514; x_wconf 81' lang='grc' dir='ltr'>τος,</span> <span class='ocrx_word' id='word_1_95' title='bbox 323 1452 358 1520; x_wconf 79' lang='grc' dir='ltr'>ἠ</span> <span class='ocrx_word' id='word_1_96' title='bbox 378 1452 717 1524; x_wconf 78' lang='grc' dir='ltr'>ἑρπυστική</span> <span class='ocrx_word' id='word_1_97' title='bbox 745 1473 803 1509; x_wconf 86' lang='grc' dir='ltr'><strong>τε</strong></span> <span class='ocrx_word' id='word_1_98' title='bbox 831 1460 925 1511; x_wconf 79' lang='grc' dir='ltr'>καὶ</span> <span class='ocrx_word' id='word_1_99' title='bbox 958 1458 1162 1524; x_wconf 79' lang='grc' dir='ltr'>ίοόόλος</span> <span class='ocrx_word' id='word_1_100' title='bbox 1208 1463 1319 1517; x_wconf 83' lang='grc' dir='ltr'><strong>τῶν</strong></span> <span class='ocrx_word' id='word_1_101' title='bbox 1361 1465 1622 1538; x_wconf 83' lang='grc' dir='ltr'>πονηρῶν</span> <span class='ocrx_word' id='word_1_102' title='bbox 1664 1485 1828 1523; x_wconf 79' lang='grc' dir='ltr'>πνευο</span> 
     </span>
    </p>
   </div>
   <div class='ocr_carea' id='block_1_16' title="bbox 191 1539 1824 1628">
    <p class='ocr_par' dir='ltr' id='par_1_16' title="bbox 191 1539 1824 1628">
     <span class='ocr_line' id='line_1_16' title="bbox 191 1539 1824 1628; baseline 0.013 -36"><span class='ocrx_word' id='word_1_103' title='bbox 191 1541 376 1610; x_wconf 82' lang='grc' dir='ltr'>μάτων</span> <span class='ocrx_word' id='word_1_104' title='bbox 431 1543 689 1616; x_wconf 84' lang='grc' dir='ltr'>δύναμις</span> <span class='ocrx_word' id='word_1_105' title='bbox 743 1547 1107 1619; x_wconf 71' lang='grc' dir='ltr'>ἐπληθύνετοο</span> <span class='ocrx_word' id='word_1_106' title='bbox 1152 1553 1272 1607; x_wconf 78' lang='grc' dir='ltr'>νυνὶ</span> <span class='ocrx_word' id='word_1_107' title='bbox 1307 1554 1366 1608; x_wconf 78' lang='grc' dir='ltr'>δὲ</span> <span class='ocrx_word' id='word_1_108' title='bbox 1407 1539 1507 1628; x_wconf 60' lang='grc' dir='ltr'><strong>τήν</strong></span> <span class='ocrx_word' id='word_1_109' title='bbox 1540 1558 1824 1628; x_wconf 87' lang='grc' dir='ltr'>βασιλείαν</span> 
     </span>
    </p>
   </div>
   <div class='ocr_carea' id='block_1_17' title="bbox 188 1633 1824 1721">
    <p class='ocr_par' dir='ltr' id='par_1_17' title="bbox 188 1633 1824 1721">
     <span class='ocr_line' id='line_1_17' title="bbox 188 1633 1824 1721; baseline 0.013 -34"><span class='ocrx_word' id='word_1_110' title='bbox 188 1633 592 1706; x_wconf 71' lang='grc' dir='ltr'>διαδεξαμένου</span> <span class='ocrx_word' id='word_1_111' title='bbox 626 1639 825 1711; x_wconf 70' lang='grc' dir='ltr'>ἀνδρὸς</span> <span class='ocrx_word' id='word_1_112' title='bbox 849 1640 1160 1710; x_wconf 77' lang='grc' dir='ltr'>θεοσεσοῦς,</span> <span class='ocrx_word' id='word_1_113' title='bbox 1191 1647 1374 1702; x_wconf 72' lang='grc' dir='ltr'>οὐκέτι</span> <span class='ocrx_word' id='word_1_114' title='bbox 1405 1650 1632 1721; x_wconf 77' lang='grc' dir='ltr'>χαίρετε</span> <span class='ocrx_word' id='word_1_115' title='bbox 1661 1653 1738 1718; x_wconf 84' lang='grc' dir='ltr'><strong>ὡς</strong></span> <span class='ocrx_word' id='word_1_116' title='bbox 1764 1655 1824 1709; x_wconf 78' lang='grc' dir='ltr'><strong>τὸ</strong></span> 
     </span>
    </p>
   </div>
   <div class='ocr_carea' id='block_1_18' title="bbox 191 1726 1824 1806">
    <p class='ocr_par' dir='ltr' id='par_1_18' title="bbox 191 1726 1824 1806">
     <span class='ocr_line' id='line_1_18' title="bbox 191 1726 1824 1806; baseline 0.014 -29"><span class='ocrx_word' id='word_1_117' title='bbox 191 1726 348 1798; x_wconf 70' lang='grc' dir='ltr'>πρίνο</span> <span class='ocrx_word' id='word_1_118' title='bbox 391 1729 692 1800; x_wconf 77' lang='grc' dir='ltr'><strong>ἐφέστηκε</strong></span> <span class='ocrx_word' id='word_1_119' title='bbox 734 1731 843 1803; x_wconf 85' lang='grc' dir='ltr'><strong>γάρ</strong></span> <span class='ocrx_word' id='word_1_120' title='bbox 870 1732 1000 1804; x_wconf 89' lang='grc' dir='ltr'>ὑμῖν</span> <span class='ocrx_word' id='word_1_121' title='bbox 1033 1736 1262 1793; x_wconf 83' lang='grc' dir='ltr'>όπαίων</span> <span class='ocrx_word' id='word_1_122' title='bbox 1286 1739 1396 1794; x_wconf 75' lang='grc' dir='ltr'>’καὶ</span> <span class='ocrx_word' id='word_1_123' title='bbox 1437 1741 1683 1806; x_wconf 85' lang='grc' dir='ltr'>τύπτων,</span> <span class='ocrx_word' id='word_1_124' title='bbox 1729 1747 1824 1800; x_wconf 72' lang='grc' dir='ltr'>καὶ</span> 
     </span>
    </p>
   </div>
   <div class='ocr_carea' id='block_1_19' title="bbox 191 1821 1818 1910">
    <p class='ocr_par' dir='ltr' id='par_1_19' title="bbox 191 1821 1818 1910">
     <span class='ocr_line' id='line_1_19' title="bbox 191 1821 1818 1910; baseline 0.014 -40"><span class='ocrx_word' id='word_1_125' title='bbox 191 1821 556 1910; x_wconf 76' lang='grc' dir='ltr'>σωφρονίζων</span> <span class='ocrx_word' id='word_1_126' title='bbox 612 1823 783 1893; x_wconf 76' lang='grc' dir='ltr'>ὑμᾶς.</span> <span class='ocrx_word' id='word_1_127' title='bbox 838 1825 1176 1899; x_wconf 83' lang='grc' dir='ltr'>Ἐπληροῦτο</span> <span class='ocrx_word' id='word_1_128' title='bbox 1213 1831 1271 1886; x_wconf 73' lang='grc' dir='ltr'>δι</span> <span class='ocrx_word' id='word_1_129' title='bbox 1312 1835 1407 1888; x_wconf 80' lang='grc' dir='ltr'><strong>καὶ</strong></span> <span class='ocrx_word' id='word_1_130' title='bbox 1450 1834 1632 1891; x_wconf 83' lang='grc' dir='ltr'>ταῦτα</span> <span class='ocrx_word' id='word_1_131' title='bbox 1679 1840 1818 1910; x_wconf 82' lang='grc' dir='ltr'>πρὸς</span> 
     </span>
    </p>
   </div>
   <div class='ocr_carea' id='block_1_20' title="bbox 1935 632 3548 721">
    <p class='ocr_par' dir='ltr' id='par_1_20' title="bbox 1935 632 3548 721">
     <span class='ocr_line' id='line_1_20' title="bbox 1935 632 3548 721; baseline 0.012 -34"><span class='ocrx_word' id='word_1_132' title='bbox 1935 633 2036 687; x_wconf 90' lang='lat' dir='ltr'><strong>sub</strong></span> <span class='ocrx_word' id='word_1_133' title='bbox 2061 632 2213 700; x_wconf 91' lang='lat' dir='ltr'><strong>justo</strong></span> <span class='ocrx_word' id='word_1_134' title='bbox 2247 632 2368 688; x_wconf 90' lang='lat' dir='ltr'><strong>viro</strong></span> <span class='ocrx_word' id='word_1_135' title='bbox 2399 633 2632 691; x_wconf 81' lang='lat' dir='ltr'><strong>Ezechia</strong></span> <span class='ocrx_word' id='word_1_136' title='bbox 2658 677 2675 702; x_wconf 96' lang='lat'><strong>,</strong></span> <span class='ocrx_word' id='word_1_137' title='bbox 2719 652 3024 709; x_wconf 89' lang='lat' dir='ltr'><strong>opportune</strong></span> <span class='ocrx_word' id='word_1_138' title='bbox 3069 642 3355 717; x_wconf 73' lang='lat' dir='ltr'><strong>Scriptura</strong></span> <span class='ocrx_word' id='word_1_139' title='bbox 3398 650 3548 721; x_wconf 87' lang='lat' dir='ltr'><strong>ipsos</strong></span> 
     </span>
    </p>
   </div>
   <div class='ocr_carea' id='block_1_21' title="bbox 1936 724 3544 806">
    <p class='ocr_par' dir='ltr' id='par_1_21' title="bbox 1936 724 3544 806">
     <span class='ocr_line' id='line_1_21' title="bbox 1936 724 3544 806; baseline 0.011 -27"><span class='ocrx_word' id='word_1_140' title='bbox 1936 724 2225 794; x_wconf 71' lang='lat' dir='ltr'><strong>alloquens</strong></span> <span class='ocrx_word' id='word_1_141' title='bbox 2286 725 2396 792; x_wconf 87' lang='lat' dir='ltr'><strong>ait,</strong></span> <span class='ocrx_word' id='word_1_142' title='bbox 2471 727 2550 783; x_wconf 81' lang='lat' dir='ltr'><strong>Ne</strong></span> <span class='ocrx_word' id='word_1_143' title='bbox 2627 730 2918 797; x_wconf 67' lang='lat' dir='ltr'><strong>lcteminl,</strong></span> <span class='ocrx_word' id='word_1_144' title='bbox 2980 735 3301 806; x_wconf 63' lang='lat' dir='ltr'><strong>alienigena</strong></span> <span class='ocrx_word' id='word_1_145' title='bbox 3351 758 3365 795; x_wconf 91' lang='lat'>:</span> <span class='ocrx_word' id='word_1_146' title='bbox 3411 743 3544 796; x_wconf 86' lang='lat' dir='ltr'><strong>olim</strong></span> 
     </span>
    </p>
   </div>
   <div class='ocr_carea' id='block_1_22' title="bbox 1932 818 3542 894">
    <p class='ocr_par' dir='ltr' id='par_1_22' title="bbox 1932 818 3542 894">
     <span class='ocr_line' id='line_1_22' title="bbox 1932 818 3542 894; baseline 0.012 -25"><span class='ocrx_word' id='word_1_147' title='bbox 1932 818 2137 886; x_wconf 85' lang='lat' dir='ltr'><strong>quippe</strong></span> <span class='ocrx_word' id='word_1_148' title='bbox 2167 818 2395 872; x_wconf 78' lang='lat' dir='ltr'><strong>Achaso</strong></span> <span class='ocrx_word' id='word_1_149' title='bbox 2429 822 2746 889; x_wconf 70' lang='lat' dir='ltr'><strong>superstite,</strong></span> <span class='ocrx_word' id='word_1_150' title='bbox 2783 838 2848 879; x_wconf 90' lang='lat' dir='ltr'><strong>ac</strong></span> <span class='ocrx_word' id='word_1_151' title='bbox 2895 839 3088 894; x_wconf 87' lang='lat' dir='ltr'><strong>perosa</strong></span> <span class='ocrx_word' id='word_1_152' title='bbox 3135 828 3249 885; x_wconf 88' lang='lat' dir='ltr'><strong>Deo</strong></span> <span class='ocrx_word' id='word_1_153' title='bbox 3301 830 3542 889; x_wconf 76' lang='lat' dir='ltr'><strong>facinora</strong></span> 
     </span>
    </p>
   </div>
   <div class='ocr_carea' id='block_1_23' title="bbox 1933 910 3540 990">
    <p class='ocr_par' dir='ltr' id='par_1_23' title="bbox 1933 910 3540 990">
     <span class='ocr_line' id='line_1_23' title="bbox 1933 910 3540 990; baseline 0.011 -26"><span class='ocrx_word' id='word_1_154' title='bbox 1933 910 2152 973; x_wconf 88' lang='lat' dir='ltr'><strong>edente,</strong></span> <span class='ocrx_word' id='word_1_155' title='bbox 2182 925 2354 964; x_wconf 83' lang='lat' dir='ltr'><strong>causa</strong></span> <span class='ocrx_word' id='word_1_156' title='bbox 2383 913 2540 968; x_wconf 88' lang='lat' dir='ltr'><strong>vobis</strong></span> <span class='ocrx_word' id='word_1_157' title='bbox 2566 917 2831 983; x_wconf 73' lang='lat' dir='ltr'><strong>gaudendi</strong></span> <span class='ocrx_word' id='word_1_158' title='bbox 2871 931 3026 985; x_wconf 85' lang='lat' dir='ltr'><strong>erat,</strong></span> <span class='ocrx_word' id='word_1_159' title='bbox 3067 923 3191 990; x_wconf 87' lang='lat' dir='ltr'><strong>quia</strong></span> <span class='ocrx_word' id='word_1_160' title='bbox 3240 927 3540 981; x_wconf 86' lang='lat' dir='ltr'><strong>contritum</strong></span> 
     </span>
    </p>
   </div>
   <div class='ocr_carea' id='block_1_24' title="bbox 1931 1002 3543 1084">
    <p class='ocr_par' dir='ltr' id='par_1_24' title="bbox 1931 1002 3543 1084">
     <span class='ocr_line' id='line_1_24' title="bbox 1931 1002 3543 1084; baseline 0.014 -32"><span class='ocrx_word' id='word_1_161' title='bbox 1931 1009 2052 1054; x_wconf 90' lang='lat' dir='ltr'><strong>erat</strong></span> <span class='ocrx_word' id='word_1_162' title='bbox 2085 1002 2541 1073; x_wconf 79' lang='lat' dir='ltr'><strong>Acliazijugum;</strong></span> <span class='ocrx_word' id='word_1_163' title='bbox 2577 1005 2648 1060; x_wconf 88' lang='lat' dir='ltr'><strong>ita</strong></span> <span class='ocrx_word' id='word_1_164' title='bbox 2697 1018 2755 1062; x_wconf 94' lang='lat' dir='ltr'><strong>ut</strong></span> <span class='ocrx_word' id='word_1_165' title='bbox 2808 1024 2913 1063; x_wconf 90' lang='lat' dir='ltr'><strong>non</strong></span> <span class='ocrx_word' id='word_1_166' title='bbox 2969 1023 3155 1080; x_wconf 90' lang='lat' dir='ltr'><strong>posset</strong></span> <span class='ocrx_word' id='word_1_167' title='bbox 3211 1030 3312 1070; x_wconf 84' lang='lat' dir='ltr'><strong>vos</strong></span> <span class='ocrx_word' id='word_1_168' title='bbox 3371 1017 3543 1084; x_wconf 83' lang='lat' dir='ltr'><strong>subji-</strong></span> 
     </span>
    </p>
   </div>
   <div class='ocr_carea' id='block_1_25' title="bbox 1932 1093 3538 1174">
    <p class='ocr_par' dir='ltr' id='par_1_25' title="bbox 1932 1093 3538 1174">
     <span class='ocr_line' id='line_1_25' title="bbox 1932 1093 3538 1174; baseline 0.012 -30"><span class='ocrx_word' id='word_1_169' title='bbox 1932 1105 2094 1155; x_wconf 85' lang='lat' dir='ltr'><strong>cere,</strong></span> <span class='ocrx_word' id='word_1_170' title='bbox 2146 1106 2323 1161; x_wconf 84' lang='lat' dir='ltr'><strong>neque</strong></span> <span class='ocrx_word' id='word_1_171' title='bbox 2378 1093 2592 1163; x_wconf 86' lang='lat' dir='ltr'><strong>imperii</strong></span> <span class='ocrx_word' id='word_1_172' title='bbox 2642 1097 2726 1151; x_wconf 93' lang='lat' dir='ltr'><strong>sui</strong></span> <span class='ocrx_word' id='word_1_173' title='bbox 2768 1096 2960 1168; x_wconf 81' lang='lat' dir='ltr'><strong>jugum</strong></span> <span class='ocrx_word' id='word_1_174' title='bbox 3018 1101 3173 1157; x_wconf 89' lang='lat' dir='ltr'><strong>vobis</strong></span> <span class='ocrx_word' id='word_1_175' title='bbox 3202 1102 3538 1174; x_wconf 88' lang='lat' dir='ltr'><strong>imponere:</strong></span> 
     </span>
    </p>
   </div>
   <div class='ocr_carea' id='block_1_26' title="bbox 1930 1185 3543 1267">
    <p class='ocr_par' dir='ltr' id='par_1_26' title="bbox 1930 1185 3543 1267">
     <span class='ocr_line' id='line_1_26' title="bbox 1930 1185 3543 1267; baseline 0.012 -32"><span class='ocrx_word' id='word_1_176' title='bbox 1930 1193 2272 1254; x_wconf 83' lang='lat' dir='ltr'><strong>quapmpter</strong></span> <span class='ocrx_word' id='word_1_177' title='bbox 2297 1185 2808 1256; x_wconf 76' lang='lat' dir='ltr'><strong>multiplicabuntur</strong></span> <span class='ocrx_word' id='word_1_178' title='bbox 2842 1191 2982 1246; x_wconf 86' lang='lat' dir='ltr'><strong>mala</strong></span> <span class='ocrx_word' id='word_1_179' title='bbox 3007 1232 3022 1255; x_wconf 94' lang='lat'><strong>,</strong></span> <span class='ocrx_word' id='word_1_180' title='bbox 3053 1209 3119 1248; x_wconf 86' lang='lat' dir='ltr'><strong>ac</strong></span> <span class='ocrx_word' id='word_1_181' title='bbox 3141 1235 3156 1258; x_wconf 83' lang='lat'>.</span> <span class='ocrx_word' id='word_1_182' title='bbox 3208 1206 3397 1267; x_wconf 82' lang='lat' dir='ltr'><strong>utpote</strong></span> <span class='ocrx_word' id='word_1_183' title='bbox 3450 1215 3543 1255; x_wconf 56' lang='grc' dir='ltr'><strong>σοι</strong></span> 
     </span>
    </p>
   </div>
   <div class='ocr_carea' id='block_1_27' title="bbox 1931 1274 3541 1358">
    <p class='ocr_par' dir='ltr' id='par_1_27' title="bbox 1931 1274 3541 1358">
     <span class='ocr_line' id='line_1_27' title="bbox 1931 1274 3541 1358; baseline 0.011 -30"><span class='ocrx_word' id='word_1_184' title='bbox 1931 1274 2080 1329; x_wconf 86' lang='lat' dir='ltr'><strong>mine</strong></span> <span class='ocrx_word' id='word_1_185' title='bbox 2114 1278 2492 1345; x_wconf 87' lang='lat' dir='ltr'><strong>percutiente,</strong></span> <span class='ocrx_word' id='word_1_186' title='bbox 2525 1280 2801 1349; x_wconf 89' lang='lat' dir='ltr'><strong>reptiliurn</strong></span> <span class='ocrx_word' id='word_1_187' title='bbox 2838 1293 2893 1336; x_wconf 94' lang='lat' dir='ltr'><strong>et</strong></span> <span class='ocrx_word' id='word_1_188' title='bbox 2942 1296 3335 1342; x_wconf 84' lang='lat' dir='ltr'><strong>venenatorum</strong></span> <span class='ocrx_word' id='word_1_189' title='bbox 3373 1290 3541 1358; x_wconf 65' lang='lat' dir='ltr'><strong>spirio</strong></span> 
     </span>
    </p>
   </div>
   <div class='ocr_carea' id='block_1_28' title="bbox 1934 1366 3537 1450">
    <p class='ocr_par' dir='ltr' id='par_1_28' title="bbox 1934 1366 3537 1450">
     <span class='ocr_line' id='line_1_28' title="bbox 1934 1366 3537 1450; baseline 0.012 -32"><span class='ocrx_word' id='word_1_190' title='bbox 1934 1373 2086 1419; x_wconf 91' lang='lat' dir='ltr'><strong>tuum</strong></span> <span class='ocrx_word' id='word_1_191' title='bbox 2125 1366 2490 1438; x_wconf 79' lang='lat' dir='ltr'><strong>malignorum</strong></span> <span class='ocrx_word' id='word_1_192' title='bbox 2545 1373 2629 1426; x_wconf 88' lang='lat' dir='ltr'><strong>vis</strong></span> <span class='ocrx_word' id='word_1_193' title='bbox 2676 1375 2996 1444; x_wconf 80' lang='lat' dir='ltr'><strong>augebatur.</strong></span> <span class='ocrx_word' id='word_1_194' title='bbox 3046 1375 3166 1437; x_wconf 70' lang='lat' dir='ltr'><strong>1am</strong></span> <span class='ocrx_word' id='word_1_195' title='bbox 3223 1395 3353 1435; x_wconf 90' lang='lat' dir='ltr'><strong>vero</strong></span> <span class='ocrx_word' id='word_1_196' title='bbox 3384 1393 3537 1450; x_wconf 85' lang='lat' dir='ltr'><strong>post-</strong></span> 
     </span>
    </p>
   </div>
   <div class='ocr_carea' id='block_1_29' title="bbox 1931 1456 3538 1543">
    <p class='ocr_par' dir='ltr' id='par_1_29' title="bbox 1931 1456 3538 1543">
     <span class='ocr_line' id='line_1_29' title="bbox 1931 1456 3538 1543; baseline 0.013 -36"><span class='ocrx_word' id='word_1_197' title='bbox 1931 1470 2095 1522; x_wconf 83' lang='lat' dir='ltr'><strong>quam</strong></span> <span class='ocrx_word' id='word_1_198' title='bbox 2144 1457 2230 1510; x_wconf 90' lang='lat' dir='ltr'><strong>vir</strong></span> <span class='ocrx_word' id='word_1_199' title='bbox 2283 1456 2577 1530; x_wconf 75' lang='lat' dir='ltr'><strong>religiosus</strong></span> <span class='ocrx_word' id='word_1_200' title='bbox 2627 1477 2852 1532; x_wconf 88' lang='lat' dir='ltr'><strong>regnutn</strong></span> <span class='ocrx_word' id='word_1_201' title='bbox 2897 1472 3152 1537; x_wconf 80' lang='lat' dir='ltr'><strong>excepit,</strong></span> <span class='ocrx_word' id='word_1_202' title='bbox 3187 1485 3255 1525; x_wconf 92' lang='lat' dir='ltr'><strong>ne</strong></span> <span class='ocrx_word' id='word_1_203' title='bbox 3303 1473 3538 1543; x_wconf 86' lang='lat' dir='ltr'><strong>amplius</strong></span> 
     </span>
    </p>
   </div>
   <div class='ocr_carea' id='block_1_30' title="bbox 1929 1547 3536 1632">
    <p class='ocr_par' dir='ltr' id='par_1_30' title="bbox 1929 1547 3536 1632">
     <span class='ocr_line' id='line_1_30' title="bbox 1929 1547 3536 1632; baseline 0.012 -31"><span class='ocrx_word' id='word_1_204' title='bbox 1929 1547 2187 1602; x_wconf 68' lang='lat' dir='ltr'><strong>laetemini</strong></span> <span class='ocrx_word' id='word_1_205' title='bbox 2224 1560 2281 1604; x_wconf 92' lang='lat' dir='ltr'><strong>ut</strong></span> <span class='ocrx_word' id='word_1_206' title='bbox 2314 1562 2477 1607; x_wconf 83' lang='lat' dir='ltr'><strong>antea</strong></span> <span class='ocrx_word' id='word_1_207' title='bbox 2513 1570 2528 1606; x_wconf 91' lang='lat'><strong>:</strong></span> <span class='ocrx_word' id='word_1_208' title='bbox 2564 1554 2896 1610; x_wconf 83' lang='lat' dir='ltr'><strong>iustatenim</strong></span> <span class='ocrx_word' id='word_1_209' title='bbox 2930 1558 3085 1615; x_wconf 80' lang='lat' dir='ltr'><strong>vobis</strong></span> <span class='ocrx_word' id='word_1_210' title='bbox 3132 1563 3224 1630; x_wconf 86' lang='lat' dir='ltr'><strong>qui</strong></span> <span class='ocrx_word' id='word_1_211' title='bbox 3261 1565 3536 1632; x_wconf 87' lang='lat' dir='ltr'><strong>percutiat</strong></span> 
     </span>
    </p>
   </div>
   <div class='ocr_carea' id='block_1_31' title="bbox 1927 1645 3530 1724">
    <p class='ocr_par' dir='ltr' id='par_1_31' title="bbox 1927 1645 3530 1724">
     <span class='ocr_line' id='line_1_31' title="bbox 1927 1645 3530 1724; baseline 0.011 -30"><span class='ocrx_word' id='word_1_212' title='bbox 1927 1652 1982 1694; x_wconf 89' lang='lat' dir='ltr'><strong>et</strong></span> <span class='ocrx_word' id='word_1_213' title='bbox 2019 1645 2310 1705; x_wconf 80' lang='lat' dir='ltr'><strong>verberet,</strong></span> <span class='ocrx_word' id='word_1_214' title='bbox 2361 1657 2569 1714; x_wconf 86' lang='lat' dir='ltr'><strong>vosque</strong></span> <span class='ocrx_word' id='word_1_215' title='bbox 2617 1647 2687 1700; x_wconf 91' lang='lat' dir='ltr'><strong>ad</strong></span> <span class='ocrx_word' id='word_1_216' title='bbox 2733 1661 2924 1702; x_wconf 88' lang='lat' dir='ltr'><strong>sanam</strong></span> <span class='ocrx_word' id='word_1_217' title='bbox 2989 1660 3228 1706; x_wconf 88' lang='lat' dir='ltr'><strong>mentem</strong></span> <span class='ocrx_word' id='word_1_218' title='bbox 3280 1655 3530 1724; x_wconf 79' lang='lat' dir='ltr'><strong>reducat,</strong></span> 
     </span>
    </p>
   </div>
   <div class='ocr_carea' id='block_1_32' title="bbox 1927 1729 3526 1815">
    <p class='ocr_par' dir='ltr' id='par_1_32' title="bbox 1927 1729 3526 1815">
     <span class='ocr_line' id='line_1_32' title="bbox 1927 1729 3526 1815; baseline 0.01 -29"><span class='ocrx_word' id='word_1_219' title='bbox 1927 1729 2054 1786; x_wconf 62' lang='lat' dir='ltr'><strong>Haac</strong></span> <span class='ocrx_word' id='word_1_220' title='bbox 2079 1747 2242 1803; x_wconf 93' lang='lat' dir='ltr'><strong>porro</strong></span> <span class='ocrx_word' id='word_1_221' title='bbox 2274 1735 2340 1788; x_wconf 86' lang='lat' dir='ltr'><strong>ad</strong></span> <span class='ocrx_word' id='word_1_222' title='bbox 2371 1735 2608 1793; x_wconf 83' lang='lat' dir='ltr'><strong>litteram</strong></span> <span class='ocrx_word' id='word_1_223' title='bbox 2648 1741 2916 1810; x_wconf 81' lang='lat' dir='ltr'><strong>completa</strong></span> <span class='ocrx_word' id='word_1_224' title='bbox 2958 1753 3090 1796; x_wconf 92' lang='lat' dir='ltr'><strong>sunt</strong></span> <span class='ocrx_word' id='word_1_225' title='bbox 3132 1747 3237 1799; x_wconf 85' lang='lat' dir='ltr'><strong>sub</strong></span> <span class='ocrx_word' id='word_1_226' title='bbox 3268 1744 3526 1815; x_wconf 79' lang='lat' dir='ltr'><strong>Eaecliis,</strong></span> 
     </span>
    </p>
   </div>
   <div class='ocr_carea' id='block_1_33' title="bbox 1927 1824 3526 1910">
    <p class='ocr_par' dir='ltr' id='par_1_33' title="bbox 1927 1824 3526 1910">
     <span class='ocr_line' id='line_1_33' title="bbox 1927 1824 3526 1910; baseline 0.011 -32"><span class='ocrx_word' id='word_1_227' title='bbox 1927 1824 1994 1879; x_wconf 89' lang='lat' dir='ltr'><strong>de</strong></span> <span class='ocrx_word' id='word_1_228' title='bbox 2028 1841 2135 1895; x_wconf 92' lang='lat' dir='ltr'><strong>quo</strong></span> <span class='ocrx_word' id='word_1_229' title='bbox 2156 1828 2360 1883; x_wconf 89' lang='lat' dir='ltr'><strong>dictum</strong></span> <span class='ocrx_word' id='word_1_230' title='bbox 2383 1842 2468 1885; x_wconf 87' lang='lat' dir='ltr'><strong>est</strong></span> <span class='ocrx_word' id='word_1_231' title='bbox 2497 1832 2549 1885; x_wconf 92' lang='lat' dir='ltr'><strong>in</strong></span> <span class='ocrx_word' id='word_1_232' title='bbox 2586 1831 2725 1886; x_wconf 88' lang='lat' dir='ltr'><strong>libro</strong></span> <span class='ocrx_word' id='word_1_233' title='bbox 2753 1845 2949 1902; x_wconf 90' lang='lat' dir='ltr'><strong>quarto</strong></span> <span class='ocrx_word' id='word_1_234' title='bbox 2974 1834 3316 1907; x_wconf 73' lang='lat' dir='ltr'><strong>Regnorum&quot;,</strong></span> <span class='ocrx_word' id='word_1_235' title='bbox 3348 1856 3368 1891; x_wconf 86' lang='grc' dir='ltr'><strong>ι</strong></span> <span class='ocrx_word' id='word_1_236' title='bbox 3401 1838 3526 1910; x_wconf 86' lang='lat' dir='ltr'><strong>Ipse</strong></span> 
     </span>
    </p>
   </div>
   <div class='ocr_carea' id='block_1_34' title="bbox 186 1899 1809 2001">
    <p class='ocr_par' dir='ltr' id='par_1_34' title="bbox 186 1899 1809 2001">
     <span class='ocr_line' id='line_1_34' title="bbox 186 1899 1809 2001; baseline 0.006 -39"><span class='ocrx_word' id='word_1_237' title='bbox 186 1906 330 1975; x_wconf 77' lang='grc' dir='ltr'>λέξιν</span> <span class='ocrx_word' id='word_1_238' title='bbox 373 1912 478 1966; x_wconf 66' lang='grc' dir='ltr'><strong>ἐπὶ</strong></span> <span class='ocrx_word' id='word_1_239' title='bbox 527 1913 633 1968; x_wconf 81' lang='grc' dir='ltr'>τοῦ</span> <span class='ocrx_word' id='word_1_240' title='bbox 682 1913 946 1982; x_wconf 74' lang='grc' dir='ltr'>Ἐζεκίου,</span> <span class='ocrx_word' id='word_1_241' title='bbox 982 1921 1109 1991; x_wconf 77' lang='grc' dir='ltr'>περὶ</span> <span class='ocrx_word' id='word_1_242' title='bbox 1144 1915 1205 1976; x_wconf 77' lang='grc' dir='ltr'>οὗ</span> <span class='ocrx_word' id='word_1_243' title='bbox 1251 1922 1473 1995; x_wconf 70' lang='grc' dir='ltr'>εἴρηται</span> <span class='ocrx_word' id='word_1_244' title='bbox 1507 1928 1568 1981; x_wconf 76' lang='grc' dir='ltr'>ὲν</span> <span class='ocrx_word' id='word_1_245' title='bbox 1615 1932 1680 2001; x_wconf 75' lang='grc' dir='ltr'>τῇ</span> <span class='ocrx_word' id='word_1_246' title='bbox 1725 1899 1809 1984; x_wconf 59' lang='grc' dir='ltr'><strong>Ῐτεξ</strong></span> 
     </span>
    </p>
   </div>
   <div class='ocr_carea' id='block_1_35' title="bbox 1913 1899 3522 2001">
    <p class='ocr_par' dir='ltr' id='par_1_35' title="bbox 1925 1899 3522 1998">
     <span class='ocr_line' id='line_1_35' title="bbox 1925 1899 3522 1998; baseline 0.013 -31"><span class='ocrx_word' id='word_1_247' title='bbox 1925 1918 2192 1986; x_wconf 89' lang='lat' dir='ltr'><strong>percussit</strong></span> <span class='ocrx_word' id='word_1_248' title='bbox 2235 1918 2537 1991; x_wconf 84' lang='lat' dir='ltr'><strong>allophylos</strong></span> <span class='ocrx_word' id='word_1_249' title='bbox 2564 1937 2752 1992; x_wconf 85' lang='lat' dir='ltr'><strong>usque</strong></span> <span class='ocrx_word' id='word_1_250' title='bbox 2770 1899 2850 1979; x_wconf 68' lang='lat' dir='ltr'><strong>ad</strong></span> <span class='ocrx_word' id='word_1_251' title='bbox 2901 1899 3132 1993; x_wconf 73' lang='lat' dir='ltr'><strong>Gazam,</strong></span> <span class='ocrx_word' id='word_1_252' title='bbox 3165 1938 3220 1983; x_wconf 90' lang='lat' dir='ltr'><strong>et</strong></span> <span class='ocrx_word' id='word_1_253' title='bbox 3257 1899 3522 1998; x_wconf 47' lang='lat' dir='ltr'><strong>usque-ad</strong></span> 
     </span>
    </p>
   </div>
   <div class='ocr_carea' id='block_1_36' title="bbox 188 2002 1820 2082">
    <p class='ocr_par' dir='ltr' id='par_1_36' title="bbox 188 2002 1820 2082">
     <span class='ocr_line' id='line_1_36' title="bbox 188 2002 1820 2082; baseline 0.013 -28"><span class='ocrx_word' id='word_1_254' title='bbox 188 2002 361 2076; x_wconf 76' lang='grc' dir='ltr'>τάρτῃ</span> <span class='ocrx_word' id='word_1_255' title='bbox 387 2004 512 2057; x_wconf 79' lang='grc' dir='ltr'><strong>τῶν</strong></span> <span class='ocrx_word' id='word_1_256' title='bbox 545 2005 884 2059; x_wconf 82' lang='grc' dir='ltr'>Βασιλειῶν·</span> <span class='ocrx_word' id='word_1_257' title='bbox 931 2027 949 2060; x_wconf 83' lang='grc' dir='ltr'><strong>ι</strong></span> <span class='ocrx_word' id='word_1_258' title='bbox 987 2011 1161 2076; x_wconf 74' lang='grc' dir='ltr'>Αὐτὸς</span> <span class='ocrx_word' id='word_1_259' title='bbox 1200 2015 1448 2082; x_wconf 67' lang='grc' dir='ltr'>ἐπάταξε</span> <span class='ocrx_word' id='word_1_260' title='bbox 1486 2020 1617 2082; x_wconf 82' lang='grc' dir='ltr'>τοὺς</span> <span class='ocrx_word' id='word_1_261' title='bbox 1658 2020 1820 2075; x_wconf 84' lang='grc' dir='ltr'>ἀλλο-</span> 
     </span>
    </p>
   </div>
   <div class='ocr_carea' id='block_1_37' title="bbox 186 2092 1816 2184">
    <p class='ocr_par' dir='ltr' id='par_1_37' title="bbox 186 2092 1816 2184">
     <span class='ocr_line' id='line_1_37' title="bbox 186 2092 1816 2184; baseline 0.014 -39"><span class='ocrx_word' id='word_1_262' title='bbox 186 2092 390 2184; x_wconf 68' lang='grc' dir='ltr'>Φύλους</span> <span class='ocrx_word' id='word_1_263' title='bbox 414 2095 534 2159; x_wconf 73' lang='lat' dir='ltr'><strong>Em;</strong></span> <span class='ocrx_word' id='word_1_264' title='bbox 570 2095 780 2167; x_wconf 78' lang='grc' dir='ltr'>Γάζης,</span> <span class='ocrx_word' id='word_1_265' title='bbox 814 2099 909 2152; x_wconf 76' lang='grc' dir='ltr'>καὶ</span> <span class='ocrx_word' id='word_1_266' title='bbox 938 2099 1044 2164; x_wconf 76' lang='grc' dir='ltr'>ῐως</span> <span class='ocrx_word' id='word_1_267' title='bbox 1071 2101 1238 2174; x_wconf 79' lang='grc' dir='ltr'>ὁρίων</span> <span class='ocrx_word' id='word_1_268' title='bbox 1260 2106 1436 2177; x_wconf 82' lang='grc' dir='ltr'>αὐτῆς</span> <span class='ocrx_word' id='word_1_269' title='bbox 1459 2109 1570 2163; x_wconf 81' lang='grc' dir='ltr'>ἀπὸ</span> <span class='ocrx_word' id='word_1_270' title='bbox 1605 2112 1816 2184; x_wconf 80' lang='grc' dir='ltr'>πύργου</span> 
     </span>
    </p>
   </div>
   <div class='ocr_carea' id='block_1_38' title="bbox 188 2182 1818 2272">
    <p class='ocr_par' dir='ltr' id='par_1_38' title="bbox 188 2182 1818 2272">
     <span class='ocr_line' id='line_1_38' title="bbox 188 2182 1818 2272; baseline 0.015 -37"><span class='ocrx_word' id='word_1_271' title='bbox 188 2182 598 2251; x_wconf 72' lang='grc' dir='ltr'>φυλασσόντων</span> <span class='ocrx_word' id='word_1_272' title='bbox 623 2187 733 2252; x_wconf 72' lang='grc' dir='ltr'>ῑως</span> <span class='ocrx_word' id='word_1_273' title='bbox 765 2189 972 2255; x_wconf 82' lang='grc' dir='ltr'>πόλεως</span> <span class='ocrx_word' id='word_1_274' title='bbox 1000 2194 1226 2265; x_wconf 74' lang='grc' dir='ltr'>ὀχυρᾶς.</span> <span class='ocrx_word' id='word_1_275' title='bbox 1259 2215 1276 2248; x_wconf 80' lang='grc' dir='ltr'><strong>ι</strong></span> <span class='ocrx_word' id='word_1_276' title='bbox 1307 2197 1420 2252; x_wconf 77' lang='grc' dir='ltr'><strong>Καὶ</strong></span> <span class='ocrx_word' id='word_1_277' title='bbox 1452 2201 1658 2272; x_wconf 84' lang='grc' dir='ltr'>ταύτην</span> <span class='ocrx_word' id='word_1_278' title='bbox 1750 2205 1818 2259; x_wconf 78' lang='grc' dir='ltr'>ἂν</span> 
     </span>
    </p>
   </div>
   <div class='ocr_carea' id='block_1_39' title="bbox 191 2273 1814 2366">
    <p class='ocr_par' dir='ltr' id='par_1_39' title="bbox 191 2273 1814 2366">
     <span class='ocr_line' id='line_1_39' title="bbox 191 2273 1814 2366; baseline 0.015 -40"><span class='ocrx_word' id='word_1_279' title='bbox 191 2273 341 2366; x_wconf 80' lang='grc' dir='ltr'>σχοίη</span> <span class='ocrx_word' id='word_1_280' title='bbox 375 2276 485 2348; x_wconf 82' lang='grc' dir='ltr'><strong>τὴν</strong></span> <span class='ocrx_word' id='word_1_281' title='bbox 517 2277 770 2333; x_wconf 84' lang='grc' dir='ltr'>διάνοιαν</span> <span class='ocrx_word' id='word_1_282' title='bbox 796 2281 857 2335; x_wconf 81' lang='grc' dir='ltr'>τὸ</span> <span class='ocrx_word' id='word_1_283' title='bbox 889 2284 1197 2354; x_wconf 70' lang='grc' dir='ltr'>εἰρημένον,</span> <span class='ocrx_word' id='word_1_284' title='bbox 1226 2305 1244 2338; x_wconf 82' lang='grc' dir='ltr'><strong>ι</strong></span> <span class='ocrx_word' id='word_1_285' title='bbox 1275 2289 1366 2360; x_wconf 83' lang='grc' dir='ltr'>Μὴ</span> <span class='ocrx_word' id='word_1_286' title='bbox 1394 2290 1814 2366; x_wconf 81' lang='grc' dir='ltr'>εὐφρανθείητε,</span> 
     </span>
    </p>
   </div>
   <div class='ocr_carea' id='block_1_40' title="bbox 185 2365 1816 2458">
    <p class='ocr_par' dir='ltr' id='par_1_40' title="bbox 185 2365 1816 2458">
     <span class='ocr_line' id='line_1_40' title="bbox 185 2365 1816 2458; baseline 0.015 -40"><span class='ocrx_word' id='word_1_287' title='bbox 185 2365 514 2437; x_wconf 82' lang='grc' dir='ltr'>ἀλλόφυλοι,</span> <span class='ocrx_word' id='word_1_288' title='bbox 561 2390 580 2422; x_wconf 73' lang='grc' dir='ltr'><strong>ι</strong></span> <span class='ocrx_word' id='word_1_289' title='bbox 620 2372 767 2441; x_wconf 81' lang='grc' dir='ltr'>μέγα</span> <span class='ocrx_word' id='word_1_290' title='bbox 797 2375 1123 2444; x_wconf 80' lang='grc' dir='ltr'>φρονοῦντες</span> <span class='ocrx_word' id='word_1_291' title='bbox 1151 2379 1243 2432; x_wconf 71' lang='grc' dir='ltr'><strong>ἐπὶ</strong></span> <span class='ocrx_word' id='word_1_292' title='bbox 1276 2385 1390 2446; x_wconf 86' lang='grc' dir='ltr'>τοῖς</span> <span class='ocrx_word' id='word_1_293' title='bbox 1432 2365 1816 2458; x_wconf 76' lang='grc' dir='ltr'>νομιζομένοις</span> 
     </span>
    </p>
   </div>
   <div class='ocr_carea' id='block_1_41' title="bbox 187 2459 1814 2551">
    <p class='ocr_par' dir='ltr' id='par_1_41' title="bbox 187 2459 1814 2551">
     <span class='ocr_line' id='line_1_41' title="bbox 187 2459 1814 2551; baseline 0.014 -40"><span class='ocrx_word' id='word_1_294' title='bbox 187 2459 316 2529; x_wconf 79' lang='grc' dir='ltr'>ὑμῖν</span> <span class='ocrx_word' id='word_1_295' title='bbox 347 2461 529 2525; x_wconf 84' lang='grc' dir='ltr'>θεοῖς,</span> <span class='ocrx_word' id='word_1_296' title='bbox 573 2462 657 2534; x_wconf 83' lang='grc' dir='ltr'><strong>τῷ</strong></span> <span class='ocrx_word' id='word_1_297' title='bbox 706 2464 920 2536; x_wconf 81' lang='grc' dir='ltr'>μηδένα</span> <span class='ocrx_word' id='word_1_298' title='bbox 957 2463 1098 2523; x_wconf 79' lang='grc' dir='ltr'>εἶναι</span> <span class='ocrx_word' id='word_1_299' title='bbox 1155 2469 1248 2525; x_wconf 80' lang='grc' dir='ltr'>τὸν</span> <span class='ocrx_word' id='word_1_300' title='bbox 1273 2475 1634 2545; x_wconf 77' lang='grc' dir='ltr'>συντρίϐοντα</span> <span class='ocrx_word' id='word_1_301' title='bbox 1668 2481 1814 2551; x_wconf 71' lang='grc' dir='ltr'>ὑμᾶς</span> 
     </span>
    </p>
   </div>
   <div class='ocr_carea' id='block_1_42' title="bbox 183 2549 1813 2643">
    <p class='ocr_par' dir='ltr' id='par_1_42' title="bbox 183 2549 1813 2643">
     <span class='ocr_line' id='line_1_42' title="bbox 183 2549 1813 2643; baseline 0.016 -41"><span class='ocrx_word' id='word_1_302' title='bbox 183 2549 271 2643; x_wconf 69' lang='grc' dir='ltr'>διὰ</span> <span class='ocrx_word' id='word_1_303' title='bbox 293 2550 400 2624; x_wconf 76' lang='grc' dir='ltr'><strong>την</strong></span> <span class='ocrx_word' id='word_1_304' title='bbox 429 2553 538 2608; x_wconf 82' lang='grc' dir='ltr'>τοῦ</span> <span class='ocrx_word' id='word_1_305' title='bbox 567 2556 842 2627; x_wconf 77' lang='grc' dir='ltr'>παρόντος</span> <span class='ocrx_word' id='word_1_306' title='bbox 885 2560 1077 2632; x_wconf 81' lang='grc' dir='ltr'>καιροῦ</span> <span class='ocrx_word' id='word_1_307' title='bbox 1115 2565 1436 2637; x_wconf 80' lang='grc' dir='ltr'>μοχθηρίαν.</span> <span class='ocrx_word' id='word_1_308' title='bbox 1476 2569 1538 2624; x_wconf 82' lang='lat' dir='ltr'><strong>El</strong></span> <span class='ocrx_word' id='word_1_309' title='bbox 1567 2571 1677 2643; x_wconf 75' lang='grc' dir='ltr'><strong>γὰρ</strong></span> <span class='ocrx_word' id='word_1_310' title='bbox 1709 2549 1813 2628; x_wconf 75' lang='grc' dir='ltr'><strong>καὶ</strong></span> 
     </span>
    </p>
   </div>
   <div class='ocr_carea' id='block_1_43' title="bbox 186 2642 1811 2736">
    <p class='ocr_par' dir='ltr' id='par_1_43' title="bbox 186 2642 1811 2736">
     <span class='ocr_line' id='line_1_43' title="bbox 186 2642 1811 2736; baseline 0.031 -64"><span class='ocrx_word' id='word_1_311' title='bbox 186 2642 253 2695; x_wconf 63' lang='grc' dir='ltr'><strong>τὰ</strong></span> <span class='ocrx_word' id='word_1_312' title='bbox 288 2644 547 2712; x_wconf 70' lang='grc' dir='ltr'><strong>μάλιστα</strong></span> <span class='ocrx_word' id='word_1_313' title='bbox 594 2647 885 2721; x_wconf 76' lang='grc' dir='ltr'>συνετρίϐη</span> <span class='ocrx_word' id='word_1_314' title='bbox 927 2653 956 2705; x_wconf 80' lang='grc' dir='ltr'><strong>ὁ</strong></span> <span class='ocrx_word' id='word_1_315' title='bbox 987 2651 1151 2722; x_wconf 80' lang='grc' dir='ltr'>ζυγὸς</span> <span class='ocrx_word' id='word_1_316' title='bbox 1195 2656 1291 2710; x_wconf 80' lang='grc' dir='ltr'>τοῦ</span> <span class='ocrx_word' id='word_1_317' title='bbox 1339 2659 1597 2726; x_wconf 85' lang='grc' dir='ltr'>παίοντος</span> <span class='ocrx_word' id='word_1_318' title='bbox 1643 2642 1811 2736; x_wconf 74' lang='grc' dir='ltr'>ὑμᾶς,</span> 
     </span>
    </p>
   </div>
   <div class='ocr_carea' id='block_1_44' title="bbox 185 2735 1812 2832">
    <p class='ocr_par' dir='ltr' id='par_1_44' title="bbox 185 2735 1812 2832">
     <span class='ocr_line' id='line_1_44' title="bbox 185 2735 1812 2832; baseline 0.016 -45"><span class='ocrx_word' id='word_1_319' title='bbox 185 2735 298 2788; x_wconf 81' lang='grc' dir='ltr'>ἀλλ’</span> <span class='ocrx_word' id='word_1_320' title='bbox 323 2739 390 2790; x_wconf 83' lang='grc' dir='ltr'><strong>οὑ</strong></span> <span class='ocrx_word' id='word_1_321' title='bbox 432 2740 584 2811; x_wconf 80' lang='grc' dir='ltr'>’πρὸς</span> <span class='ocrx_word' id='word_1_322' title='bbox 615 2741 775 2812; x_wconf 85' lang='grc' dir='ltr'>ὑμῶν</span> <span class='ocrx_word' id='word_1_323' title='bbox 814 2745 1031 2812; x_wconf 81' lang='grc' dir='ltr'>ἐγένετο</span> <span class='ocrx_word' id='word_1_324' title='bbox 1070 2748 1265 2812; x_wconf 81' lang='grc' dir='ltr'>ταῦτα,</span> <span class='ocrx_word' id='word_1_325' title='bbox 1311 2753 1404 2806; x_wconf 75' lang='grc' dir='ltr'><strong>ἐπὶ</strong></span> <span class='ocrx_word' id='word_1_326' title='bbox 1449 2755 1608 2827; x_wconf 81' lang='grc' dir='ltr'>κακῷ</span> <span class='ocrx_word' id='word_1_327' title='bbox 1735 2759 1812 2832; x_wconf 80' lang='grc' dir='ltr'><strong>τῷ</strong></span> 
     </span>
    </p>
   </div>
   <div class='ocr_carea' id='block_1_45' title="bbox 186 2825 1812 2917">
    <p class='ocr_par' dir='ltr' id='par_1_45' title="bbox 186 2825 1812 2917">
     <span class='ocr_line' id='line_1_45' title="bbox 186 2825 1812 2917; baseline 0.017 -39"><span class='ocrx_word' id='word_1_328' title='bbox 186 2825 466 2900; x_wconf 77' lang='grc' dir='ltr'><strong>ὑμετέρῳ.</strong></span> <span class='ocrx_word' id='word_1_329' title='bbox 509 2831 768 2901; x_wconf 79' lang='grc' dir='ltr'>Μηδενὸς</span> <span class='ocrx_word' id='word_1_330' title='bbox 797 2835 907 2908; x_wconf 84' lang='grc' dir='ltr'><strong>γάρ</strong></span> <span class='ocrx_word' id='word_1_331' title='bbox 934 2837 1078 2907; x_wconf 78' lang='grc' dir='ltr'>ὑμᾶς</span> <span class='ocrx_word' id='word_1_332' title='bbox 1119 2840 1391 2907; x_wconf 87' lang='grc' dir='ltr'>παίοντος,</span> <span class='ocrx_word' id='word_1_333' title='bbox 1441 2825 1587 2917; x_wconf 31' lang='grc' dir='ltr'>μηδὶ-</span> <span class='ocrx_word' id='word_1_334' title='bbox 1614 2825 1812 2904; x_wconf 53' lang='grc' dir='ltr'>ταπειίι</span> 
     </span>
    </p>
   </div>
   <div class='ocr_carea' id='block_1_46' title="bbox 187 2917 1810 3010">
    <p class='ocr_par' dir='ltr' id='par_1_46' title="bbox 187 2917 1810 3010">
     <span class='ocr_line' id='line_1_46' title="bbox 187 2917 1810 3010; baseline 0.015 -40"><span class='ocrx_word' id='word_1_335' title='bbox 187 2917 432 2984; x_wconf 83' lang='grc' dir='ltr'>νοῠντος,</span> <span class='ocrx_word' id='word_1_336' title='bbox 474 2923 619 2994; x_wconf 75' lang='grc' dir='ltr'>μηδὲ</span> <span class='ocrx_word' id='word_1_337' title='bbox 653 2924 1096 2996; x_wconf 72' lang='grc' dir='ltr'>ἐπιστρέφοντος,</span> <span class='ocrx_word' id='word_1_338' title='bbox 1140 2931 1308 3004; x_wconf 79' lang='grc' dir='ltr'>πολλή</span> <span class='ocrx_word' id='word_1_339' title='bbox 1341 2952 1428 2998; x_wconf 91' lang='grc' dir='ltr'><strong>τις</strong></span> <span class='ocrx_word' id='word_1_340' title='bbox 1459 2939 1518 2989; x_wconf 82' lang='grc' dir='ltr'>ὲν</span> <span class='ocrx_word' id='word_1_341' title='bbox 1556 2939 1686 3010; x_wconf 75' lang='grc' dir='ltr'>ὑμῖν</span> <span class='ocrx_word' id='word_1_342' title='bbox 1712 2942 1810 3010; x_wconf 81' lang='grc' dir='ltr'>γέ-</span> 
     </span>
    </p>
   </div>
   <div class='ocr_carea' id='block_1_47' title="bbox 187 3015 1809 3105">
    <p class='ocr_par' dir='ltr' id='par_1_47' title="bbox 187 3015 1809 3105">
     <span class='ocr_line' id='line_1_47' title="bbox 187 3015 1809 3105; baseline 0.015 -41"><span class='ocrx_word' id='word_1_343' title='bbox 187 3029 344 3079; x_wconf 78' lang='grc' dir='ltr'>γονεν</span> <span class='ocrx_word' id='word_1_344' title='bbox 369 3015 646 3088; x_wconf 76' lang='grc' dir='ltr'>ἐπιτριεὴ</span> <span class='ocrx_word' id='word_1_345' title='bbox 679 3019 888 3076; x_wconf 88' lang='grc' dir='ltr'>κακῶν.</span> <span class='ocrx_word' id='word_1_346' title='bbox 936 3022 995 3075; x_wconf 91' lang='grc' dir='ltr'>Οἱ</span> <span class='ocrx_word' id='word_1_347' title='bbox 1040 3026 1154 3095; x_wconf 70' lang='grc' dir='ltr'>γὰρ</span> <span class='ocrx_word' id='word_1_348' title='bbox 1198 3026 1400 3080; x_wconf 63' lang='grc' dir='ltr'>πάλαι⁵</span> <span class='ocrx_word' id='word_1_349' title='bbox 1424 3028 1604 3098; x_wconf 76' lang='grc' dir='ltr'>ὄφεων</span> <span class='ocrx_word' id='word_1_350' title='bbox 1647 3033 1809 3105; x_wconf 87' lang='grc' dir='ltr'>δίκην</span> 
     </span>
    </p>
   </div>
   <div class='ocr_carea' id='block_1_48' title="bbox 185 3107 1809 3191">
    <p class='ocr_par' dir='ltr' id='par_1_48' title="bbox 185 3107 1809 3191">
     <span class='ocr_line' id='line_1_48' title="bbox 185 3107 1809 3191; baseline 0.015 -35"><span class='ocrx_word' id='word_1_351' title='bbox 185 3107 304 3169; x_wconf 82' lang='grc' dir='ltr'>ταῖς</span> <span class='ocrx_word' id='word_1_352' title='bbox 350 3107 669 3179; x_wconf 77' lang='grc' dir='ltr'>ὑμετέραις</span> <span class='ocrx_word' id='word_1_353' title='bbox 714 3109 917 3182; x_wconf 77' lang='grc' dir='ltr'>ψυχαῖς</span> <span class='ocrx_word' id='word_1_354' title='bbox 974 3115 1409 3184; x_wconf 74' lang='grc' dir='ltr'>ἐμφωλεύοντες,</span> <span class='ocrx_word' id='word_1_355' title='bbox 1466 3121 1525 3174; x_wconf 76' lang='grc' dir='ltr'>ἐν</span> <span class='ocrx_word' id='word_1_356' title='bbox 1584 3140 1644 3176; x_wconf 85' lang='grc' dir='ltr'><strong>τε</strong></span> <span class='ocrx_word' id='word_1_357' title='bbox 1691 3130 1809 3191; x_wconf 86' lang='grc' dir='ltr'>τοῖς</span> 
     </span>
    </p>
   </div>
   <div class='ocr_carea' id='block_1_49' title="bbox 189 3199 1879 3308">
    <p class='ocr_par' dir='ltr' id='par_1_49' title="bbox 189 3199 1879 3308">
     <span class='ocr_line' id='line_1_49' title="bbox 189 3199 1879 3308; baseline 0.014 -58"><span class='ocrx_word' id='word_1_358' title='bbox 189 3199 478 3273; x_wconf 70' lang='grc' dir='ltr'>ὑμετέροις</span> <span class='ocrx_word' id='word_1_359' title='bbox 515 3205 701 3274; x_wconf 80' lang='grc' dir='ltr'>ἱεροῖς</span> <span class='ocrx_word' id='word_1_360' title='bbox 725 3219 784 3256; x_wconf 87' lang='grc' dir='ltr'><strong>τε</strong></span> <span class='ocrx_word' id='word_1_361' title='bbox 809 3207 905 3259; x_wconf 76' lang='grc' dir='ltr'>καὶ</span> <span class='ocrx_word' id='word_1_362' title='bbox 935 3211 1103 3274; x_wconf 80' lang='grc' dir='ltr'>ναοῖς,</span> <span class='ocrx_word' id='word_1_363' title='bbox 1134 3211 1210 3275; x_wconf 81' lang='grc' dir='ltr'>ὡς</span> <span class='ocrx_word' id='word_1_364' title='bbox 1242 3212 1305 3285; x_wconf 77' lang='grc' dir='ltr'>δὴ</span> <span class='ocrx_word' id='word_1_365' title='bbox 1329 3213 1463 3278; x_wconf 63' lang='grc' dir='ltr'>θεοὶ,</span> <span class='ocrx_word' id='word_1_366' title='bbox 1493 3217 1810 3290; x_wconf 69' lang='grc' dir='ltr'>ἐφεδρεῦον·</span> <span class='ocrx_word' id='word_1_367' title='bbox 1836 3249 1879 3308; x_wconf 74' lang='lat' dir='ltr'>c</span> 
     </span>
    </p>
   </div>
   <div class='ocr_carea' id='block_1_50' title="bbox 186 3294 1809 3378">
    <p class='ocr_par' dir='ltr' id='par_1_50' title="bbox 186 3294 1809 3378">
     <span class='ocr_line' id='line_1_50' title="bbox 186 3294 1809 3378; baseline 0.011 -32"><span class='ocrx_word' id='word_1_368' title='bbox 186 3305 275 3353; x_wconf 74' lang='grc' dir='ltr'><strong>τες</strong></span> <span class='ocrx_word' id='word_1_369' title='bbox 298 3294 531 3364; x_wconf 78' lang='grc' dir='ltr'>πονηροὶ</span> <span class='ocrx_word' id='word_1_370' title='bbox 562 3294 848 3365; x_wconf 82' lang='grc' dir='ltr'>δαίμονες,</span> <span class='ocrx_word' id='word_1_371' title='bbox 882 3297 1062 3370; x_wconf 76' lang='grc' dir='ltr'>δεινὴν</span> <span class='ocrx_word' id='word_1_372' title='bbox 1105 3303 1269 3374; x_wconf 80' lang='grc' dir='ltr'>γονὴν</span> <span class='ocrx_word' id='word_1_373' title='bbox 1309 3307 1404 3359; x_wconf 76' lang='grc' dir='ltr'>καὶ</span> <span class='ocrx_word' id='word_1_374' title='bbox 1451 3307 1676 3378; x_wconf 79' lang='grc' dir='ltr'>σπέρμα</span> <span class='ocrx_word' id='word_1_375' title='bbox 1711 3328 1809 3364; x_wconf 85' lang='grc' dir='ltr'>πο-</span> 
     </span>
    </p>
   </div>
   <div class='ocr_carea' id='block_1_51' title="bbox 187 3384 1808 3468">
    <p class='ocr_par' dir='ltr' id='par_1_51' title="bbox 187 3384 1808 3468">
     <span class='ocr_line' id='line_1_51' title="bbox 187 3384 1808 3468; baseline 0.015 -34"><span class='ocrx_word' id='word_1_376' title='bbox 187 3384 348 3454; x_wconf 78' lang='grc' dir='ltr'>νηρὸν</span> <span class='ocrx_word' id='word_1_377' title='bbox 369 3386 732 3457; x_wconf 83' lang='grc' dir='ltr'>ἀπεκύησαν’</span> <span class='ocrx_word' id='word_1_378' title='bbox 764 3389 839 3453; x_wconf 82' lang='grc' dir='ltr'>ὡς</span> <span class='ocrx_word' id='word_1_379' title='bbox 857 3392 1088 3458; x_wconf 83' lang='grc' dir='ltr'>ἀσπίδας</span> <span class='ocrx_word' id='word_1_380' title='bbox 1108 3393 1169 3460; x_wconf 68' lang='lat' dir='ltr'><strong>te</strong></span> <span class='ocrx_word' id='word_1_381' title='bbox 1191 3397 1372 3451; x_wconf 85' lang='grc' dir='ltr'>αὑτῶν</span> <span class='ocrx_word' id='word_1_382' title='bbox 1406 3402 1721 3468; x_wconf 79' lang='grc' dir='ltr'>γεννᾶσθαι,</span> <span class='ocrx_word' id='word_1_383' title='bbox 1744 3405 1808 3460; x_wconf 83' lang='grc' dir='ltr'>τὸ</span> 
     </span>
    </p>
   </div>
   <div class='ocr_carea' id='block_1_52' title="bbox 186 3477 1808 3554">
    <p class='ocr_par' dir='ltr' id='par_1_52' title="bbox 186 3477 1808 3554">
     <span class='ocr_line' id='line_1_52' title="bbox 186 3477 1808 3554; baseline 0.015 -28"><span class='ocrx_word' id='word_1_384' title='bbox 186 3477 399 3532; x_wconf 76' lang='grc' dir='ltr'>πάντων</span> <span class='ocrx_word' id='word_1_385' title='bbox 431 3479 555 3534; x_wconf 85' lang='grc' dir='ltr'><strong>τῶν</strong></span> <span class='ocrx_word' id='word_1_386' title='bbox 581 3479 814 3535; x_wconf 66' lang='grc' dir='ltr'>ἰοϐόλων</span> <span class='ocrx_word' id='word_1_387' title='bbox 841 3483 1116 3554; x_wconf 84' lang='grc' dir='ltr'>χείριστον</span> <span class='ocrx_word' id='word_1_388' title='bbox 1136 3505 1150 3518; x_wconf 76' lang='grc' dir='ltr'><strong><em>ο</em></strong></span> <span class='ocrx_word' id='word_1_389' title='bbox 1190 3491 1264 3544; x_wconf 80' lang='grc' dir='ltr'>ὲκ</span> <span class='ocrx_word' id='word_1_390' title='bbox 1285 3491 1494 3546; x_wconf 90' lang='grc' dir='ltr'>τούτων</span> <span class='ocrx_word' id='word_1_391' title='bbox 1526 3510 1588 3548; x_wconf 73' lang='grc' dir='ltr'><strong>τε</strong></span> <span class='ocrx_word' id='word_1_392' title='bbox 1621 3497 1808 3551; x_wconf 83' lang='grc' dir='ltr'>αὐτῶν</span> 
     </span>
    </p>
   </div>
   <div class='ocr_carea' id='block_1_53' title="bbox 185 3569 1806 3657">
    <p class='ocr_par' dir='ltr' id='par_1_53' title="bbox 185 3569 1806 3657">
     <span class='ocr_line' id='line_1_53' title="bbox 185 3569 1806 3657; baseline 0.016 -36"><span class='ocrx_word' id='word_1_393' title='bbox 185 3569 375 3636; x_wconf 83' lang='grc' dir='ltr'>ἀλλους</span> <span class='ocrx_word' id='word_1_394' title='bbox 403 3575 729 3645; x_wconf 77' lang='grc' dir='ltr'>ὑποστῆναι</span> <span class='ocrx_word' id='word_1_395' title='bbox 749 3575 902 3646; x_wconf 73' lang='grc' dir='ltr'>ὄφεις</span> <span class='ocrx_word' id='word_1_396' title='bbox 916 3578 1004 3632; x_wconf 83' lang='grc' dir='ltr'><strong>τὸν</strong></span> <span class='ocrx_word' id='word_1_397' title='bbox 1033 3581 1172 3654; x_wconf 76' lang='grc' dir='ltr'>ἀέρα</span> <span class='ocrx_word' id='word_1_398' title='bbox 1189 3583 1374 3639; x_wconf 84' lang='grc' dir='ltr'>διιπτα</span> <span class='ocrx_word' id='word_1_399' title='bbox 1383 3587 1598 3657; x_wconf 81' lang='grc' dir='ltr'>μένους.</span> <span class='ocrx_word' id='word_1_400' title='bbox 1616 3590 1806 3648; x_wconf 80' lang='grc' dir='ltr'>Ταῦτα</span> 
     </span>
    </p>
   </div>
   <div class='ocr_carea' id='block_1_54' title="bbox 190 3661 1803 3755">
    <p class='ocr_par' dir='ltr' id='par_1_54' title="bbox 190 3661 1803 3755">
     <span class='ocr_line' id='line_1_54' title="bbox 190 3661 1803 3755; baseline 0.015 -40"><span class='ocrx_word' id='word_1_401' title='bbox 190 3665 288 3731; x_wconf 84' lang='grc' dir='ltr'>μὲν</span> <span class='ocrx_word' id='word_1_402' title='bbox 323 3661 414 3719; x_wconf 79' lang='grc' dir='ltr'>οὖν</span> <span class='ocrx_word' id='word_1_403' title='bbox 439 3667 599 3721; x_wconf 87' lang='grc' dir='ltr'><strong>κατά</strong></span> <span class='ocrx_word' id='word_1_404' title='bbox 624 3667 720 3720; x_wconf 84' lang='grc' dir='ltr'>τὸν</span> <span class='ocrx_word' id='word_1_405' title='bbox 747 3670 989 3740; x_wconf 85' lang='grc' dir='ltr'>παρόντα</span> <span class='ocrx_word' id='word_1_406' title='bbox 1015 3676 1210 3745; x_wconf 84' lang='grc' dir='ltr'>καιρὸν</span> <span class='ocrx_word' id='word_1_407' title='bbox 1247 3678 1310 3731; x_wconf 84' lang='grc' dir='ltr'><strong>οὑ</strong></span> <span class='ocrx_word' id='word_1_408' title='bbox 1350 3682 1484 3752; x_wconf 81' lang='grc' dir='ltr'>παρ’</span> <span class='ocrx_word' id='word_1_409' title='bbox 1523 3681 1653 3752; x_wconf 85' lang='grc' dir='ltr'>ὑμῖν</span> <span class='ocrx_word' id='word_1_410' title='bbox 1703 3687 1803 3755; x_wconf 89' lang='grc' dir='ltr'>μό-</span> 
     </span>
    </p>
   </div>
   <div class='ocr_carea' id='block_1_55' title="bbox 186 3757 1806 3851">
    <p class='ocr_par' dir='ltr' id='par_1_55' title="bbox 186 3757 1806 3851">
     <span class='ocr_line' id='line_1_55' title="bbox 186 3757 1806 3851; baseline 0.016 -44"><span class='ocrx_word' id='word_1_411' title='bbox 186 3769 296 3819; x_wconf 81' lang='grc' dir='ltr'>νοις</span> <span class='ocrx_word' id='word_1_412' title='bbox 314 3759 426 3820; x_wconf 80' lang='grc' dir='ltr'>τοῖς</span> <span class='ocrx_word' id='word_1_413' title='bbox 446 3757 803 3851; x_wconf 71' lang='grc' dir='ltr'>ἀλλοφύλοις,</span> <span class='ocrx_word' id='word_1_414' title='bbox 846 3762 944 3835; x_wconf 75' lang='grc' dir='ltr'>ήδη</span> <span class='ocrx_word' id='word_1_415' title='bbox 983 3765 1040 3818; x_wconf 79' lang='grc' dir='ltr'>δὲ</span> <span class='ocrx_word' id='word_1_416' title='bbox 1075 3768 1168 3821; x_wconf 82' lang='grc' dir='ltr'>καὶ</span> <span class='ocrx_word' id='word_1_417' title='bbox 1199 3771 1328 3842; x_wconf 79' lang='grc' dir='ltr'>παρ’</span> <span class='ocrx_word' id='word_1_418' title='bbox 1360 3772 1512 3844; x_wconf 81' lang='grc' dir='ltr'>αὐτῷ</span> <span class='ocrx_word' id='word_1_419' title='bbox 1553 3775 1632 3847; x_wconf 82' lang='grc' dir='ltr'>τῷ</span> <span class='ocrx_word' id='word_1_420' title='bbox 1665 3763 1806 3851; x_wconf 80' lang='grc' dir='ltr'>χρη-</span> 
     </span>
    </p>
   </div>
   <div class='ocr_carea' id='block_1_56' title="bbox 190 3847 1801 3937">
    <p class='ocr_par' dir='ltr' id='par_1_56' title="bbox 190 3847 1801 3937">
     <span class='ocr_line' id='line_1_56' title="bbox 190 3847 1801 3937; baseline 0.017 -40"><span class='ocrx_word' id='word_1_421' title='bbox 190 3847 469 3937; x_wconf 51' lang='lat' dir='ltr'><strong>parum.</strong></span> <span class='ocrx_word' id='word_1_422' title='bbox 500 3848 628 3920; x_wconf 78' lang='grc' dir='ltr'>λαῴ</span> <span class='ocrx_word' id='word_1_423' title='bbox 657 3849 794 3904; x_wconf 79' lang='grc' dir='ltr'>Θεοῦ</span> <span class='ocrx_word' id='word_1_424' title='bbox 825 3854 1094 3926; x_wconf 84' lang='grc' dir='ltr'>πληθύει·</span> <span class='ocrx_word' id='word_1_425' title='bbox 1131 3859 1208 3924; x_wconf 83' lang='grc' dir='ltr'><strong>ὡς</strong></span> <span class='ocrx_word' id='word_1_426' title='bbox 1240 3863 1419 3917; x_wconf 83' lang='grc' dir='ltr'>πάντα</span> <span class='ocrx_word' id='word_1_427' title='bbox 1459 3847 1675 3937; x_wconf 81' lang='grc' dir='ltr'>τρόπον</span> <span class='ocrx_word' id='word_1_428' title='bbox 1701 3847 1801 3924; x_wconf 57' lang='grc' dir='ltr'>ἁτέ-</span> 
     </span>
    </p>
   </div>
   <div class='ocr_carea' id='block_1_57' title="bbox 186 3935 1803 4031">
    <p class='ocr_par' dir='ltr' id='par_1_57' title="bbox 186 3935 1803 4031">
     <span class='ocr_line' id='line_1_57' title="bbox 186 3935 1803 4031; baseline 0.017 -43"><span class='ocrx_word' id='word_1_429' title='bbox 186 3935 513 4009; x_wconf 79' lang='grc' dir='ltr'>πληρῶσθαι</span> <span class='ocrx_word' id='word_1_430' title='bbox 552 3941 652 3994; x_wconf 76' lang='grc' dir='ltr'><strong>τὸν</strong></span> <span class='ocrx_word' id='word_1_431' title='bbox 685 3943 844 4015; x_wconf 88' lang='grc' dir='ltr'>ἀέρα,</span> <span class='ocrx_word' id='word_1_432' title='bbox 883 3947 1255 4020; x_wconf 84' lang='grc' dir='ltr'>διιπταμένων</span> <span class='ocrx_word' id='word_1_433' title='bbox 1291 3935 1610 4024; x_wconf 46' lang='grc' dir='ltr'>δφεωνξκαὶ</span> <span class='ocrx_word' id='word_1_434' title='bbox 1639 3962 1803 4031; x_wconf 65' lang='lat' dir='ltr'><strong>hmi-</strong></span> 
     </span>
    </p>
   </div>
   <div class='ocr_carea' id='block_1_58' title="bbox 181 4031 1803 4117">
    <p class='ocr_par' dir='ltr' id='par_1_58' title="bbox 181 4031 1803 4117">
     <span class='ocr_line' id='line_1_58' title="bbox 181 4031 1803 4117; baseline 0.018 -39"><span class='ocrx_word' id='word_1_435' title='bbox 181 4043 287 4080; x_wconf 84' lang='grc' dir='ltr'><strong>νων</strong></span> <span class='ocrx_word' id='word_1_436' title='bbox 311 4031 588 4096; x_wconf 82' lang='grc' dir='ltr'>ἀσπίδων,</span> <span class='ocrx_word' id='word_1_437' title='bbox 639 4035 894 4107; x_wconf 80' lang='grc' dir='ltr'>πονηρῶν</span> <span class='ocrx_word' id='word_1_438' title='bbox 922 4057 1084 4094; x_wconf 88' lang='grc' dir='ltr'>τινων</span> <span class='ocrx_word' id='word_1_439' title='bbox 1117 4045 1213 4098; x_wconf 78' lang='grc' dir='ltr'>καὶ</span> <span class='ocrx_word' id='word_1_440' title='bbox 1246 4045 1594 4117; x_wconf 85' lang='grc' dir='ltr'>λυμαντικῶν</span> <span class='ocrx_word' id='word_1_441' title='bbox 1638 4072 1803 4108; x_wconf 86' lang='grc' dir='ltr'>πνευ-</span> 
     </span>
    </p>
   </div>
   <div class='ocr_carea' id='block_1_59' title="bbox 186 4119 1798 4212">
    <p class='ocr_par' dir='ltr' id='par_1_59' title="bbox 186 4119 1798 4212">
     <span class='ocr_line' id='line_1_59' title="bbox 186 4119 1798 4212; baseline 0.017 -39"><span class='ocrx_word' id='word_1_442' title='bbox 186 4119 391 4212; x_wconf 74' lang='grc' dir='ltr'>μάτων.</span> <span class='ocrx_word' id='word_1_443' title='bbox 433 4123 882 4196; x_wconf 77' lang='grc' dir='ltr'>Ἀναδειχθέντος</span> <span class='ocrx_word' id='word_1_444' title='bbox 927 4130 982 4184; x_wconf 78' lang='grc' dir='ltr'>δὲ</span> <span class='ocrx_word' id='word_1_445' title='bbox 1028 4137 1172 4189; x_wconf 84' lang='grc' dir='ltr'><strong>κατά</strong></span> <span class='ocrx_word' id='word_1_446' title='bbox 1219 4140 1413 4212; x_wconf 85' lang='grc' dir='ltr'>καιρὸν</span> <span class='ocrx_word' id='word_1_447' title='bbox 1452 4141 1549 4195; x_wconf 78' lang='grc' dir='ltr'>τοῦ</span> <span class='ocrx_word' id='word_1_448' title='bbox 1579 4146 1798 4200; x_wconf 82' lang='grc' dir='ltr'>πάντων</span> 
     </span>
    </p>
   </div>
   <div class='ocr_carea' id='block_1_60' title="bbox 182 4210 1796 4298">
    <p class='ocr_par' dir='ltr' id='par_1_60' title="bbox 182 4210 1796 4298">
     <span class='ocr_line' id='line_1_60' title="bbox 182 4210 1796 4298; baseline 0.016 -37"><span class='ocrx_word' id='word_1_449' title='bbox 182 4210 386 4264; x_wconf 85' lang='grc' dir='ltr'>τούτων</span> <span class='ocrx_word' id='word_1_450' title='bbox 415 4213 710 4285; x_wconf 81' lang='grc' dir='ltr'>δλετῆρος,</span> <span class='ocrx_word' id='word_1_451' title='bbox 762 4220 1067 4289; x_wconf 72' lang='grc' dir='ltr'>οἰχήσονται</span> <span class='ocrx_word' id='word_1_452' title='bbox 1115 4227 1209 4279; x_wconf 73' lang='grc' dir='ltr'><strong>καὶ</strong></span> <span class='ocrx_word' id='word_1_453' title='bbox 1262 4210 1328 4280; x_wconf 62' lang='grc' dir='ltr'><strong>οί⁷</strong></span> <span class='ocrx_word' id='word_1_454' title='bbox 1363 4226 1540 4298; x_wconf 73' lang='grc' dir='ltr'>ὄφεις,</span> <span class='ocrx_word' id='word_1_455' title='bbox 1599 4233 1694 4285; x_wconf 70' lang='grc' dir='ltr'>καὶ</span> <span class='ocrx_word' id='word_1_456' title='bbox 1737 4235 1796 4287; x_wconf 86' lang='grc' dir='ltr'><strong>αί</strong></span> 
     </span>
    </p>
   </div>
   <div class='ocr_carea' id='block_1_61' title="bbox 183 4303 1792 4398">
    <p class='ocr_par' dir='ltr' id='par_1_61' title="bbox 183 4303 1792 4398">
     <span class='ocr_line' id='line_1_61' title="bbox 183 4303 1792 4398; baseline 0.017 -43"><span class='ocrx_word' id='word_1_457' title='bbox 183 4303 410 4370; x_wconf 82' lang='grc' dir='ltr'>ἀσπίδες</span> <span class='ocrx_word' id='word_1_458' title='bbox 452 4309 532 4360; x_wconf 88' lang='grc' dir='ltr'><strong>τά</strong></span> <span class='ocrx_word' id='word_1_459' title='bbox 585 4325 646 4360; x_wconf 89' lang='grc' dir='ltr'><strong>τε</strong></span> <span class='ocrx_word' id='word_1_460' title='bbox 696 4309 898 4366; x_wconf 88' lang='grc' dir='ltr'>τούτων</span> <span class='ocrx_word' id='word_1_461' title='bbox 942 4318 1157 4391; x_wconf 88' lang='grc' dir='ltr'>πονηρά</span> <span class='ocrx_word' id='word_1_462' title='bbox 1197 4321 1427 4390; x_wconf 74' lang='grc' dir='ltr'>ἔκγονα·</span> <span class='ocrx_word' id='word_1_463' title='bbox 1472 4324 1549 4390; x_wconf 86' lang='grc' dir='ltr'>ὼς</span> <span class='ocrx_word' id='word_1_464' title='bbox 1592 4328 1792 4398; x_wconf 80' lang='grc' dir='ltr'>μηκέτι</span> 
     </span>
    </p>
   </div>
   <div class='ocr_carea' id='block_1_62' title="bbox 182 4398 1096 4478">
    <p class='ocr_par' dir='ltr' id='par_1_62' title="bbox 182 4398 1096 4478">
     <span class='ocr_line' id='line_1_62' title="bbox 182 4398 1096 4478; baseline 0.018 -29"><span class='ocrx_word' id='word_1_465' title='bbox 182 4398 428 4470; x_wconf 67' lang='grc' dir='ltr'>ἐνεργεῖν</span> <span class='ocrx_word' id='word_1_466' title='bbox 464 4399 648 4454; x_wconf 78' lang='grc' dir='ltr'>ταῦτα</span> <span class='ocrx_word' id='word_1_467' title='bbox 678 4403 735 4455; x_wconf 85' lang='grc' dir='ltr'>ὲν</span> <span class='ocrx_word' id='word_1_468' title='bbox 765 4404 1096 4478; x_wconf 80' lang='grc' dir='ltr'>ἀνθρώποις.</span> 
     </span>
    </p>
   </div>
   <div class='ocr_carea' id='block_1_63' title="bbox 257 4490 1787 4576">
    <p class='ocr_par' dir='ltr' id='par_1_63' title="bbox 257 4490 1787 4576">
     <span class='ocr_line' id='line_1_63' title="bbox 257 4490 1787 4576; baseline 0.015 -35"><span class='ocrx_word' id='word_1_469' title='bbox 257 4509 275 4540; x_wconf 87' lang='grc' dir='ltr'><strong>ι</strong></span> <span class='ocrx_word' id='word_1_470' title='bbox 311 4490 788 4563; x_wconf 80' lang='grc' dir='ltr'>Βοσκηθησονται,</span> <span class='ocrx_word' id='word_1_471' title='bbox 837 4516 856 4548; x_wconf 76' lang='grc' dir='ltr'><strong>ι</strong></span> <span class='ocrx_word' id='word_1_472' title='bbox 893 4502 1001 4572; x_wconf 82' lang='grc' dir='ltr'><strong>γάρ</strong></span> <span class='ocrx_word' id='word_1_473' title='bbox 1032 4518 1191 4572; x_wconf 88' lang='grc' dir='ltr'>φησι,</span> <span class='ocrx_word' id='word_1_474' title='bbox 1223 4523 1241 4554; x_wconf 82' lang='grc' dir='ltr'><strong>ι</strong></span> <span class='ocrx_word' id='word_1_475' title='bbox 1271 4509 1480 4576; x_wconf 75' lang='grc' dir='ltr'>πτωχοὶ</span> <span class='ocrx_word' id='word_1_476' title='bbox 1509 4505 1576 4561; x_wconf 81' lang='grc' dir='ltr'><strong>δι’</strong></span> <span class='ocrx_word' id='word_1_477' title='bbox 1600 4509 1787 4564; x_wconf 74' lang='grc' dir='ltr'>αὐτοῦ’</span> 
     </span>
    </p>
   </div>
   <div class='ocr_carea' id='block_1_64' title="bbox 1926 2011 3526 2090">
    <p class='ocr_par' dir='ltr' id='par_1_64' title="bbox 1926 2011 3526 2090">
     <span class='ocr_line' id='line_1_64' title="bbox 1926 2011 3526 2090; baseline 0.011 -26"><span class='ocrx_word' id='word_1_478' title='bbox 1926 2011 2192 2066; x_wconf 90' lang='lat' dir='ltr'><strong>terminos</strong></span> <span class='ocrx_word' id='word_1_479' title='bbox 2215 2011 2355 2080; x_wconf 86' lang='lat' dir='ltr'><strong>ejus,</strong></span> <span class='ocrx_word' id='word_1_480' title='bbox 2387 2029 2416 2066; x_wconf 91' lang='lat' dir='ltr'><strong>a</strong></span> <span class='ocrx_word' id='word_1_481' title='bbox 2456 2017 2587 2068; x_wconf 88' lang='lat' dir='ltr'><strong>turri</strong></span> <span class='ocrx_word' id='word_1_482' title='bbox 2615 2015 2916 2072; x_wconf 81' lang='lat' dir='ltr'><strong>Custodum</strong></span> <span class='ocrx_word' id='word_1_483' title='bbox 2947 2035 3133 2090; x_wconf 78' lang='lat' dir='ltr'><strong>usque</strong></span> <span class='ocrx_word' id='word_1_484' title='bbox 3149 2021 3216 2077; x_wconf 93' lang='lat' dir='ltr'><strong>ad</strong></span> <span class='ocrx_word' id='word_1_485' title='bbox 3247 2024 3526 2080; x_wconf 87' lang='lat' dir='ltr'><strong>civitatem</strong></span> 
     </span>
    </p>
   </div>
   <div class='ocr_carea' id='block_1_65' title="bbox 1921 2103 3527 2176">
    <p class='ocr_par' dir='ltr' id='par_1_65' title="bbox 1921 2103 3527 2176">
     <span class='ocr_line' id='line_1_65' title="bbox 1921 2103 3527 2176; baseline 0.01 -23"><span class='ocrx_word' id='word_1_486' title='bbox 1921 2103 2186 2155; x_wconf 83' lang='lat' dir='ltr'><strong>munitam</strong></span> <span class='ocrx_word' id='word_1_487' title='bbox 2222 2103 2289 2158; x_wconf 83' lang='lat'><strong>&quot;.</strong></span> <span class='ocrx_word' id='word_1_488' title='bbox 2337 2123 2356 2156; x_wconf 75' lang='grc' dir='ltr'><strong>ι</strong></span> <span class='ocrx_word' id='word_1_489' title='bbox 2389 2103 2456 2159; x_wconf 86' lang='grc' dir='ltr'><strong>Ει</strong></span> <span class='ocrx_word' id='word_1_490' title='bbox 2497 2106 2611 2161; x_wconf 77' lang='lat' dir='ltr'><strong>[nec</strong></span> <span class='ocrx_word' id='word_1_491' title='bbox 2651 2121 2873 2176; x_wconf 89' lang='lat' dir='ltr'><strong>quoque</strong></span> <span class='ocrx_word' id='word_1_492' title='bbox 2918 2110 3052 2164; x_wconf 89' lang='lat' dir='ltr'><strong>dicti</strong></span> <span class='ocrx_word' id='word_1_493' title='bbox 3104 2112 3376 2168; x_wconf 88' lang='lat' dir='ltr'><strong>sententia</strong></span> <span class='ocrx_word' id='word_1_494' title='bbox 3408 2113 3527 2169; x_wconf 80' lang='lat' dir='ltr'><strong>lue-</strong></span> 
     </span>
    </p>
   </div>
   <div class='ocr_carea' id='block_1_66' title="bbox 1921 2193 3526 2274">
    <p class='ocr_par' dir='ltr' id='par_1_66' title="bbox 1921 2193 3526 2274">
     <span class='ocr_line' id='line_1_66' title="bbox 1921 2193 3526 2274; baseline 0.01 -28"><span class='ocrx_word' id='word_1_495' title='bbox 1921 2195 2016 2258; x_wconf 89' lang='lat' dir='ltr'><strong>rit,</strong></span> <span class='ocrx_word' id='word_1_496' title='bbox 2063 2213 2084 2246; x_wconf 78' lang='grc' dir='ltr'><strong>ι</strong></span> <span class='ocrx_word' id='word_1_497' title='bbox 2123 2193 2202 2252; x_wconf 79' lang='lat' dir='ltr'><strong>Ne</strong></span> <span class='ocrx_word' id='word_1_498' title='bbox 2230 2196 2515 2261; x_wconf 65' lang='lat' dir='ltr'><strong>laetemini,</strong></span> <span class='ocrx_word' id='word_1_499' title='bbox 2549 2199 2893 2268; x_wconf 69' lang='lat' dir='ltr'><strong>alienigena,</strong></span> <span class='ocrx_word' id='word_1_500' title='bbox 2932 2221 2952 2254; x_wconf 74' lang='grc' dir='ltr'><strong>ι</strong></span> <span class='ocrx_word' id='word_1_501' title='bbox 2993 2218 3251 2274; x_wconf 86' lang='lat' dir='ltr'><strong>magnum</strong></span> <span class='ocrx_word' id='word_1_502' title='bbox 3281 2208 3526 2262; x_wconf 84' lang='lat' dir='ltr'><strong>sentien-</strong></span> 
     </span>
    </p>
   </div>
   <div class='ocr_carea' id='block_1_67' title="bbox 1922 2289 3528 2368">
    <p class='ocr_par' dir='ltr' id='par_1_67' title="bbox 1922 2289 3528 2368">
     <span class='ocr_line' id='line_1_67' title="bbox 1922 2289 3528 2368; baseline 0.011 -30"><span class='ocrx_word' id='word_1_503' title='bbox 1922 2292 2002 2340; x_wconf 87' lang='lat' dir='ltr'><strong>tes</strong></span> <span class='ocrx_word' id='word_1_504' title='bbox 2034 2301 2199 2356; x_wconf 84' lang='lat' dir='ltr'><strong>super</strong></span> <span class='ocrx_word' id='word_1_505' title='bbox 2230 2289 2294 2342; x_wconf 88' lang='lat' dir='ltr'><strong>iis</strong></span> <span class='ocrx_word' id='word_1_506' title='bbox 2314 2329 2331 2353; x_wconf 93' lang='lat'><strong>,</strong></span> <span class='ocrx_word' id='word_1_507' title='bbox 2363 2305 2502 2358; x_wconf 65' lang='lat' dir='ltr'><strong>quas</strong></span> <span class='ocrx_word' id='word_1_508' title='bbox 2533 2292 2664 2346; x_wconf 84' lang='lat' dir='ltr'><strong>deos</strong></span> <span class='ocrx_word' id='word_1_509' title='bbox 2709 2307 2832 2348; x_wconf 88' lang='lat' dir='ltr'><strong>esse</strong></span> <span class='ocrx_word' id='word_1_510' title='bbox 2881 2298 3082 2363; x_wconf 84' lang='lat' dir='ltr'><strong>putatis</strong></span> <span class='ocrx_word' id='word_1_511' title='bbox 3103 2339 3120 2364; x_wconf 90' lang='lat'><strong>,</strong></span> <span class='ocrx_word' id='word_1_512' title='bbox 3151 2299 3308 2368; x_wconf 89' lang='lat' dir='ltr'><strong>quasi</strong></span> <span class='ocrx_word' id='word_1_513' title='bbox 3342 2300 3528 2356; x_wconf 88' lang='lat' dir='ltr'><strong>nullus</strong></span> 
     </span>
    </p>
   </div>
   <div class='ocr_carea' id='block_1_68' title="bbox 1917 2378 3524 2458">
    <p class='ocr_par' dir='ltr' id='par_1_68' title="bbox 1917 2378 3524 2458">
     <span class='ocr_line' id='line_1_68' title="bbox 1917 2378 3524 2458; baseline 0.011 -26"><span class='ocrx_word' id='word_1_514' title='bbox 1917 2380 1990 2433; x_wconf 93' lang='lat' dir='ltr'><strong>sit</strong></span> <span class='ocrx_word' id='word_1_515' title='bbox 2016 2378 2087 2433; x_wconf 91' lang='lat' dir='ltr'><strong>ob</strong></span> <span class='ocrx_word' id='word_1_516' title='bbox 2117 2383 2407 2446; x_wconf 70' lang='lat' dir='ltr'><strong>pmsentis</strong></span> <span class='ocrx_word' id='word_1_517' title='bbox 2439 2384 2703 2451; x_wconf 90' lang='lat' dir='ltr'><strong>temporis</strong></span> <span class='ocrx_word' id='word_1_518' title='bbox 2727 2386 3052 2453; x_wconf 85' lang='lat' dir='ltr'><strong>nequitiam,</strong></span> <span class='ocrx_word' id='word_1_519' title='bbox 3082 2390 3174 2458; x_wconf 90' lang='lat' dir='ltr'><strong>qui</strong></span> <span class='ocrx_word' id='word_1_520' title='bbox 3208 2405 3306 2444; x_wconf 91' lang='lat' dir='ltr'><strong>vos</strong></span> <span class='ocrx_word' id='word_1_521' title='bbox 3330 2403 3524 2448; x_wconf 84' lang='lat' dir='ltr'><strong>conte-</strong></span> 
     </span>
    </p>
   </div>
   <div class='ocr_carea' id='block_1_69' title="bbox 1920 2473 3521 2555">
    <p class='ocr_par' dir='ltr' id='par_1_69' title="bbox 1920 2473 3521 2555">
     <span class='ocr_line' id='line_1_69' title="bbox 1920 2473 3521 2555; baseline 0.009 -30"><span class='ocrx_word' id='word_1_522' title='bbox 1920 2485 2004 2526; x_wconf 89' lang='lat' dir='ltr'><strong>rat</strong></span> <span class='ocrx_word' id='word_1_523' title='bbox 2036 2482 2092 2527; x_wconf 88' lang='lat' dir='ltr'><strong>et</strong></span> <span class='ocrx_word' id='word_1_524' title='bbox 2129 2475 2423 2542; x_wconf 86' lang='lat' dir='ltr'><strong>opprimat.</strong></span> <span class='ocrx_word' id='word_1_525' title='bbox 2467 2473 2694 2531; x_wconf 82' lang='lat' dir='ltr'><strong>Etiamsi</strong></span> <span class='ocrx_word' id='word_1_526' title='bbox 2726 2479 2874 2532; x_wconf 89' lang='lat' dir='ltr'><strong>enim</strong></span> <span class='ocrx_word' id='word_1_527' title='bbox 2913 2481 3168 2535; x_wconf 90' lang='lat' dir='ltr'><strong>attritum</strong></span> <span class='ocrx_word' id='word_1_528' title='bbox 3199 2482 3273 2537; x_wconf 88' lang='lat' dir='ltr'><strong>sit</strong></span> <span class='ocrx_word' id='word_1_529' title='bbox 3326 2483 3521 2555; x_wconf 82' lang='lat' dir='ltr'><strong>jugutn</strong></span> 
     </span>
    </p>
   </div>
   <div class='ocr_carea' id='block_1_70' title="bbox 1915 2566 3522 2636">
    <p class='ocr_par' dir='ltr' id='par_1_70' title="bbox 1915 2566 3522 2636">
     <span class='ocr_line' id='line_1_70' title="bbox 1915 2566 3522 2636; baseline 0.008 -16"><span class='ocrx_word' id='word_1_530' title='bbox 1915 2566 2054 2636; x_wconf 89' lang='lat' dir='ltr'><strong>ejus,</strong></span> <span class='ocrx_word' id='word_1_531' title='bbox 2085 2567 2178 2628; x_wconf 82' lang='lat' dir='ltr'><strong>qui</strong></span> <span class='ocrx_word' id='word_1_532' title='bbox 2211 2581 2304 2620; x_wconf 87' lang='lat' dir='ltr'><strong>vos</strong></span> <span class='ocrx_word' id='word_1_533' title='bbox 2332 2569 2717 2636; x_wconf 85' lang='lat' dir='ltr'><strong>percutiebat;</strong></span> <span class='ocrx_word' id='word_1_534' title='bbox 2769 2572 2822 2627; x_wconf 91' lang='lat' dir='ltr'><strong>id</strong></span> <span class='ocrx_word' id='word_1_535' title='bbox 2863 2585 3014 2629; x_wconf 86' lang='lat' dir='ltr'><strong>certe</strong></span> <span class='ocrx_word' id='word_1_536' title='bbox 3047 2590 3152 2629; x_wconf 92' lang='lat' dir='ltr'><strong>non</strong></span> <span class='ocrx_word' id='word_1_537' title='bbox 3194 2590 3226 2630; x_wconf 89' lang='lat' dir='ltr'><strong>e</strong></span> <span class='ocrx_word' id='word_1_538' title='bbox 3256 2591 3314 2631; x_wconf 91' lang='lat' dir='ltr'><strong>re</strong></span> <span class='ocrx_word' id='word_1_539' title='bbox 3343 2590 3522 2634; x_wconf 83' lang='lat' dir='ltr'><strong>vestra</strong></span> 
     </span>
    </p>
   </div>
   <div class='ocr_carea' id='block_1_71' title="bbox 1916 2657 3524 2730">
    <p class='ocr_par' dir='ltr' id='par_1_71' title="bbox 1916 2657 3524 2730">
     <span class='ocr_line' id='line_1_71' title="bbox 1916 2657 3524 2730; baseline 0.009 -19"><span class='ocrx_word' id='word_1_540' title='bbox 1916 2657 2117 2724; x_wconf 83' lang='lat' dir='ltr'><strong>luerit;</strong></span> <span class='ocrx_word' id='word_1_541' title='bbox 2167 2659 2278 2714; x_wconf 88' lang='lat' dir='ltr'><strong>imo</strong></span> <span class='ocrx_word' id='word_1_542' title='bbox 2330 2661 2512 2730; x_wconf 89' lang='lat' dir='ltr'><strong>potius</strong></span> <span class='ocrx_word' id='word_1_543' title='bbox 2557 2662 2612 2717; x_wconf 89' lang='lat' dir='ltr'><strong>in</strong></span> <span class='ocrx_word' id='word_1_544' title='bbox 2692 2665 2954 2720; x_wconf 88' lang='lat' dir='ltr'><strong>damnum</strong></span> <span class='ocrx_word' id='word_1_545' title='bbox 3003 2678 3248 2723; x_wconf 88' lang='lat' dir='ltr'><strong>vestrum</strong></span> <span class='ocrx_word' id='word_1_546' title='bbox 3293 2680 3395 2725; x_wconf 89' lang='lat' dir='ltr'><strong>est.</strong></span> <span class='ocrx_word' id='word_1_547' title='bbox 3449 2672 3524 2726; x_wconf 80' lang='lat' dir='ltr'><strong>At</strong></span> 
     </span>
    </p>
   </div>
   <div class='ocr_carea' id='block_1_72' title="bbox 1913 2751 3518 2831">
    <p class='ocr_par' dir='ltr' id='par_1_72' title="bbox 1913 2751 3518 2831">
     <span class='ocr_line' id='line_1_72' title="bbox 1913 2751 3518 2831; baseline 0.007 -25"><span class='ocrx_word' id='word_1_548' title='bbox 1913 2753 2061 2806; x_wconf 88' lang='lat' dir='ltr'><strong>enim</strong></span> <span class='ocrx_word' id='word_1_549' title='bbox 2100 2751 2322 2806; x_wconf 84' lang='lat' dir='ltr'><strong>nemine</strong></span> <span class='ocrx_word' id='word_1_550' title='bbox 2354 2767 2448 2807; x_wconf 86' lang='lat' dir='ltr'><strong>vos</strong></span> <span class='ocrx_word' id='word_1_551' title='bbox 2479 2759 2845 2823; x_wconf 85' lang='lat' dir='ltr'><strong>percutiente,</strong></span> <span class='ocrx_word' id='word_1_552' title='bbox 2897 2761 3116 2814; x_wconf 91' lang='lat' dir='ltr'><strong>nemine</strong></span> <span class='ocrx_word' id='word_1_553' title='bbox 3148 2761 3518 2831; x_wconf 85' lang='lat' dir='ltr'><strong>deprimente.</strong></span> 
     </span>
    </p>
   </div>
   <div class='ocr_carea' id='block_1_73' title="bbox 1914 2844 3523 2915">
    <p class='ocr_par' dir='ltr' id='par_1_73' title="bbox 1914 2844 3523 2915">
     <span class='ocr_line' id='line_1_73' title="bbox 1914 2844 3523 2915; baseline 0.007 -17"><span class='ocrx_word' id='word_1_554' title='bbox 1914 2844 2002 2898; x_wconf 89' lang='lat' dir='ltr'><strong>vel</strong></span> <span class='ocrx_word' id='word_1_555' title='bbox 2035 2844 2394 2912; x_wconf 84' lang='lat' dir='ltr'><strong>cnrripiente,</strong></span> <span class='ocrx_word' id='word_1_556' title='bbox 2435 2863 2628 2915; x_wconf 84' lang='lat' dir='ltr'><strong>magna</strong></span> <span class='ocrx_word' id='word_1_557' title='bbox 2672 2849 2724 2903; x_wconf 93' lang='lat' dir='ltr'><strong>in</strong></span> <span class='ocrx_word' id='word_1_558' title='bbox 2777 2848 2933 2906; x_wconf 86' lang='lat' dir='ltr'><strong>vobis</strong></span> <span class='ocrx_word' id='word_1_559' title='bbox 2979 2851 3248 2906; x_wconf 90' lang='lat' dir='ltr'><strong>malorum</strong></span> <span class='ocrx_word' id='word_1_560' title='bbox 3294 2855 3378 2909; x_wconf 89' lang='lat' dir='ltr'><strong>vis</strong></span> <span class='ocrx_word' id='word_1_561' title='bbox 3432 2855 3523 2910; x_wconf 82' lang='lat' dir='ltr'><strong>iu-</strong></span> 
     </span>
    </p>
   </div>
   <div class='ocr_carea' id='block_1_74' title="bbox 1914 2935 3519 3012">
    <p class='ocr_par' dir='ltr' id='par_1_74' title="bbox 1914 2935 3519 3012">
     <span class='ocr_line' id='line_1_74' title="bbox 1914 2935 3519 3012; baseline 0.007 -22"><span class='ocrx_word' id='word_1_562' title='bbox 1914 2935 2108 2990; x_wconf 90' lang='lat' dir='ltr'><strong>valuit.</strong></span> <span class='ocrx_word' id='word_1_563' title='bbox 2143 2935 2282 2992; x_wconf 83' lang='lat' dir='ltr'><strong>Nam</strong></span> <span class='ocrx_word' id='word_1_564' title='bbox 2333 2941 2427 3008; x_wconf 90' lang='lat' dir='ltr'><strong>qui</strong></span> <span class='ocrx_word' id='word_1_565' title='bbox 2468 2941 2598 2994; x_wconf 90' lang='lat' dir='ltr'><strong>olim</strong></span> <span class='ocrx_word' id='word_1_566' title='bbox 2644 2945 2990 3012; x_wconf 83' lang='lat' dir='ltr'><strong>serpentium</strong></span> <span class='ocrx_word' id='word_1_567' title='bbox 3020 2945 3195 2999; x_wconf 83' lang='lat' dir='ltr'><strong>instar</strong></span> <span class='ocrx_word' id='word_1_568' title='bbox 3223 2946 3276 3000; x_wconf 93' lang='lat' dir='ltr'><strong>in</strong></span> <span class='ocrx_word' id='word_1_569' title='bbox 3304 2947 3519 3002; x_wconf 91' lang='lat' dir='ltr'><strong>anima-</strong></span> 
     </span>
    </p>
   </div>
   <div class='ocr_carea' id='block_1_75' title="bbox 1914 3033 3520 3108">
    <p class='ocr_par' dir='ltr' id='par_1_75' title="bbox 1914 3033 3520 3108">
     <span class='ocr_line' id='line_1_75' title="bbox 1914 3033 3520 3108; baseline 0.008 -25"><span class='ocrx_word' id='word_1_570' title='bbox 1914 3045 2036 3084; x_wconf 91' lang='lat' dir='ltr'><strong>rum</strong></span> <span class='ocrx_word' id='word_1_571' title='bbox 2077 3040 2384 3086; x_wconf 87' lang='lat' dir='ltr'><strong>vestrarum</strong></span> <span class='ocrx_word' id='word_1_572' title='bbox 2418 3033 2663 3088; x_wconf 84' lang='lat' dir='ltr'><strong>latibulis</strong></span> <span class='ocrx_word' id='word_1_573' title='bbox 2693 3035 2930 3103; x_wconf 80' lang='lat' dir='ltr'><strong>agebant</strong></span> <span class='ocrx_word' id='word_1_574' title='bbox 2953 3076 2970 3102; x_wconf 86' lang='lat'><strong>,</strong></span> <span class='ocrx_word' id='word_1_575' title='bbox 3004 3048 3173 3108; x_wconf 89' lang='lat' dir='ltr'><strong>atque</strong></span> <span class='ocrx_word' id='word_1_576' title='bbox 3227 3039 3281 3093; x_wconf 92' lang='lat' dir='ltr'><strong>in</strong></span> <span class='ocrx_word' id='word_1_577' title='bbox 3318 3043 3520 3096; x_wconf 86' lang='lat' dir='ltr'><strong>vestris</strong></span> 
     </span>
    </p>
   </div>
   <div class='ocr_carea' id='block_1_76' title="bbox 1913 3115 3515 3197">
    <p class='ocr_par' dir='ltr' id='par_1_76' title="bbox 1913 3115 3515 3197">
     <span class='ocr_line' id='line_1_76' title="bbox 1913 3115 3515 3197; baseline 0.004 -19"><span class='ocrx_word' id='word_1_578' title='bbox 1913 3115 2161 3179; x_wconf 79' lang='lat' dir='ltr'><strong>delubris</strong></span> <span class='ocrx_word' id='word_1_579' title='bbox 2209 3141 2274 3179; x_wconf 92' lang='lat' dir='ltr'><strong>ac</strong></span> <span class='ocrx_word' id='word_1_580' title='bbox 2334 3126 2572 3196; x_wconf 83' lang='lat' dir='ltr'><strong>templis,</strong></span> <span class='ocrx_word' id='word_1_581' title='bbox 2617 3129 2778 3182; x_wconf 87' lang='lat' dir='ltr'><strong>veluti</strong></span> <span class='ocrx_word' id='word_1_582' title='bbox 2823 3129 2936 3194; x_wconf 91' lang='lat' dir='ltr'><strong>dii,</strong></span> <span class='ocrx_word' id='word_1_583' title='bbox 2998 3132 3156 3187; x_wconf 86' lang='lat' dir='ltr'><strong>sedes</strong></span> <span class='ocrx_word' id='word_1_584' title='bbox 3217 3132 3515 3197; x_wconf 83' lang='lat' dir='ltr'><strong>habebant,</strong></span> 
     </span>
    </p>
   </div>
   <div class='ocr_carea' id='block_1_77' title="bbox 1915 3217 3516 3292">
    <p class='ocr_par' dir='ltr' id='par_1_77' title="bbox 1915 3217 3516 3292">
     <span class='ocr_line' id='line_1_77' title="bbox 1915 3217 3516 3292; baseline 0.004 -23"><span class='ocrx_word' id='word_1_585' title='bbox 1915 3217 2139 3285; x_wconf 85' lang='lat' dir='ltr'><strong>maligni</strong></span> <span class='ocrx_word' id='word_1_586' title='bbox 2177 3218 2459 3273; x_wconf 66' lang='lat' dir='ltr'><strong>damones</strong></span> <span class='ocrx_word' id='word_1_587' title='bbox 2488 3259 2504 3277; x_wconf 90' lang='lat'><strong>.</strong></span> <span class='ocrx_word' id='word_1_588' title='bbox 2537 3220 2713 3273; x_wconf 86' lang='lat' dir='ltr'><strong>diram</strong></span> <span class='ocrx_word' id='word_1_589' title='bbox 2747 3221 2955 3288; x_wconf 91' lang='lat' dir='ltr'><strong>prolem</strong></span> <span class='ocrx_word' id='word_1_590' title='bbox 2989 3237 3055 3277; x_wconf 93' lang='lat' dir='ltr'><strong>ac</strong></span> <span class='ocrx_word' id='word_1_591' title='bbox 3083 3237 3270 3277; x_wconf 89' lang='lat' dir='ltr'><strong>semen</strong></span> <span class='ocrx_word' id='word_1_592' title='bbox 3306 3224 3516 3292; x_wconf 86' lang='lat' dir='ltr'><strong>impro-</strong></span> 
     </span>
    </p>
   </div>
   <div class='ocr_carea' id='block_1_78' title="bbox 1915 3309 3514 3384">
    <p class='ocr_par' dir='ltr' id='par_1_78' title="bbox 1915 3309 3514 3384">
     <span class='ocr_line' id='line_1_78' title="bbox 1915 3309 3514 3384; baseline 0.003 -20"><span class='ocrx_word' id='word_1_593' title='bbox 1915 3311 2042 3364; x_wconf 87' lang='lat' dir='ltr'><strong>bqu</strong></span> <span class='ocrx_word' id='word_1_594' title='bbox 2069 3309 2408 3376; x_wconf 86' lang='lat' dir='ltr'><strong>emiserunt;</strong></span> <span class='ocrx_word' id='word_1_595' title='bbox 2445 3312 2516 3364; x_wconf 89' lang='lat' dir='ltr'><strong>ita</strong></span> <span class='ocrx_word' id='word_1_596' title='bbox 2552 3321 2611 3364; x_wconf 94' lang='lat' dir='ltr'><strong>ut</strong></span> <span class='ocrx_word' id='word_1_597' title='bbox 2649 3327 2714 3366; x_wconf 81' lang='lat' dir='ltr'><strong>ex</strong></span> <span class='ocrx_word' id='word_1_598' title='bbox 2757 3311 2862 3368; x_wconf 84' lang='lat' dir='ltr'><strong>illis</strong></span> <span class='ocrx_word' id='word_1_599' title='bbox 2895 3313 3114 3382; x_wconf 83' lang='lat' dir='ltr'><strong>aspides</strong></span> <span class='ocrx_word' id='word_1_600' title='bbox 3139 3314 3514 3384; x_wconf 87' lang='lat' dir='ltr'><strong>gignerentur,</strong></span> 
     </span>
    </p>
   </div>
   <div class='ocr_carea' id='block_1_79' title="bbox 1911 3404 3514 3473">
    <p class='ocr_par' dir='ltr' id='par_1_79' title="bbox 1911 3404 3514 3473">
     <span class='ocr_line' id='line_1_79' title="bbox 1911 3404 3514 3473; baseline 0.004 -17"><span class='ocrx_word' id='word_1_601' title='bbox 1911 3404 2056 3472; x_wconf 88' lang='lat' dir='ltr'><strong>quod</strong></span> <span class='ocrx_word' id='word_1_602' title='bbox 2107 3412 2193 3457; x_wconf 89' lang='lat' dir='ltr'><strong>est</strong></span> <span class='ocrx_word' id='word_1_603' title='bbox 2250 3405 2496 3458; x_wconf 89' lang='lat' dir='ltr'><strong>omnium</strong></span> <span class='ocrx_word' id='word_1_604' title='bbox 2547 3414 2948 3459; x_wconf 87' lang='lat' dir='ltr'><strong>venenatorum</strong></span> <span class='ocrx_word' id='word_1_605' title='bbox 3013 3408 3392 3473; x_wconf 88' lang='lat' dir='ltr'><strong>teterrimum;</strong></span> <span class='ocrx_word' id='word_1_606' title='bbox 3445 3423 3514 3462; x_wconf 84' lang='lat' dir='ltr'><strong>ex</strong></span> 
     </span>
    </p>
   </div>
   <div class='ocr_carea' id='block_1_80' title="bbox 1911 3492 3510 3565">
    <p class='ocr_par' dir='ltr' id='par_1_80' title="bbox 1911 3492 3510 3565">
     <span class='ocr_line' id='line_1_80' title="bbox 1911 3492 3510 3565; baseline 0.003 -16"><span class='ocrx_word' id='word_1_607' title='bbox 1911 3493 2088 3562; x_wconf 85' lang='lat' dir='ltr'><strong>iisque</strong></span> <span class='ocrx_word' id='word_1_608' title='bbox 2116 3492 2206 3548; x_wconf 91' lang='lat' dir='ltr'><strong>alii</strong></span> <span class='ocrx_word' id='word_1_609' title='bbox 2242 3494 2374 3549; x_wconf 85' lang='lat' dir='ltr'><strong>editi</strong></span> <span class='ocrx_word' id='word_1_610' title='bbox 2419 3495 2530 3550; x_wconf 87' lang='lat' dir='ltr'><strong>sint</strong></span> <span class='ocrx_word' id='word_1_611' title='bbox 2579 3505 2867 3564; x_wconf 84' lang='lat' dir='ltr'><strong>serpentes</strong></span> <span class='ocrx_word' id='word_1_612' title='bbox 2917 3511 3017 3565; x_wconf 88' lang='lat' dir='ltr'><strong>per</strong></span> <span class='ocrx_word' id='word_1_613' title='bbox 3063 3512 3194 3551; x_wconf 89' lang='lat' dir='ltr'><strong>aera</strong></span> <span class='ocrx_word' id='word_1_614' title='bbox 3242 3498 3510 3554; x_wconf 79' lang='lat' dir='ltr'><strong>volantes.</strong></span> 
     </span>
    </p>
   </div>
   <div class='ocr_carea' id='block_1_81' title="bbox 1909 3583 3512 3658">
    <p class='ocr_par' dir='ltr' id='par_1_81' title="bbox 1909 3583 3512 3658">
     <span class='ocr_line' id='line_1_81' title="bbox 1909 3583 3512 3658; baseline 0.003 -20"><span class='ocrx_word' id='word_1_615' title='bbox 1909 3583 2038 3638; x_wconf 75' lang='lat' dir='ltr'><strong>Haec</strong></span> <span class='ocrx_word' id='word_1_616' title='bbox 2082 3599 2248 3653; x_wconf 89' lang='lat' dir='ltr'><strong>porro</strong></span> <span class='ocrx_word' id='word_1_617' title='bbox 2299 3586 2354 3638; x_wconf 87' lang='lat' dir='ltr'><strong>in</strong></span> <span class='ocrx_word' id='word_1_618' title='bbox 2408 3586 2693 3654; x_wconf 70' lang='lat' dir='ltr'><strong>praesenti,</strong></span> <span class='ocrx_word' id='word_1_619' title='bbox 2761 3601 2868 3640; x_wconf 94' lang='lat' dir='ltr'><strong>non</strong></span> <span class='ocrx_word' id='word_1_620' title='bbox 2932 3589 3078 3658; x_wconf 88' lang='lat' dir='ltr'><strong>apud</strong></span> <span class='ocrx_word' id='word_1_621' title='bbox 3151 3603 3248 3643; x_wconf 92' lang='lat' dir='ltr'><strong>vos</strong></span> <span class='ocrx_word' id='word_1_622' title='bbox 3300 3598 3512 3643; x_wconf 89' lang='lat' dir='ltr'><strong>tantum</strong></span> 
     </span>
    </p>
   </div>
   <div class='ocr_carea' id='block_1_82' title="bbox 1907 3674 3511 3749">
    <p class='ocr_par' dir='ltr' id='par_1_82' title="bbox 1907 3674 3511 3749">
     <span class='ocr_line' id='line_1_82' title="bbox 1907 3674 3511 3749; baseline 0.005 -21"><span class='ocrx_word' id='word_1_623' title='bbox 1907 3674 2244 3745; x_wconf 75' lang='lat' dir='ltr'><strong>alienigenas</strong></span> <span class='ocrx_word' id='word_1_624' title='bbox 2268 3716 2285 3742; x_wconf 92' lang='lat'><strong>,</strong></span> <span class='ocrx_word' id='word_1_625' title='bbox 2318 3678 2414 3731; x_wconf 80' lang='lat' dir='ltr'><strong>sed</strong></span> <span class='ocrx_word' id='word_1_626' title='bbox 2439 3681 2604 3732; x_wconf 90' lang='lat' dir='ltr'><strong>etiam</strong></span> <span class='ocrx_word' id='word_1_627' title='bbox 2639 3679 2781 3747; x_wconf 86' lang='lat' dir='ltr'><strong>apud</strong></span> <span class='ocrx_word' id='word_1_628' title='bbox 2815 3694 2941 3732; x_wconf 90' lang='lat' dir='ltr'><strong>eum</strong></span> <span class='ocrx_word' id='word_1_629' title='bbox 2965 3720 2981 3744; x_wconf 94' lang='lat'><strong>,</strong></span> <span class='ocrx_word' id='word_1_630' title='bbox 3021 3679 3114 3749; x_wconf 92' lang='lat' dir='ltr'><strong>qui</strong></span> <span class='ocrx_word' id='word_1_631' title='bbox 3157 3681 3389 3749; x_wconf 87' lang='lat' dir='ltr'><strong>populus</strong></span> <span class='ocrx_word' id='word_1_632' title='bbox 3413 3680 3511 3736; x_wconf 88' lang='lat' dir='ltr'><strong>Dei</strong></span> 
     </span>
    </p>
   </div>
   <div class='ocr_carea' id='block_1_83' title="bbox 1909 3773 3514 3842">
    <p class='ocr_par' dir='ltr' id='par_1_83' title="bbox 1909 3773 3514 3842">
     <span class='ocr_line' id='line_1_83' title="bbox 1909 3773 3514 3842; baseline 0.005 -22"><span class='ocrx_word' id='word_1_633' title='bbox 1909 3778 2154 3835; x_wconf 85' lang='lat' dir='ltr'><strong>vocatur,</strong></span> <span class='ocrx_word' id='word_1_634' title='bbox 2183 3784 2379 3839; x_wconf 86' lang='lat' dir='ltr'><strong>magno</strong></span> <span class='ocrx_word' id='word_1_635' title='bbox 2399 3786 2648 3826; x_wconf 72' lang='lat' dir='ltr'><strong>numero</strong></span> <span class='ocrx_word' id='word_1_636' title='bbox 2689 3773 2998 3837; x_wconf 86' lang='lat' dir='ltr'><strong>habentur;</strong></span> <span class='ocrx_word' id='word_1_637' title='bbox 3052 3774 3126 3827; x_wconf 87' lang='lat' dir='ltr'><strong>ita</strong></span> <span class='ocrx_word' id='word_1_638' title='bbox 3179 3783 3239 3828; x_wconf 91' lang='lat' dir='ltr'><strong>ut</strong></span> <span class='ocrx_word' id='word_1_639' title='bbox 3284 3789 3514 3842; x_wconf 80' lang='lat' dir='ltr'><strong>prorsus</strong></span> 
     </span>
    </p>
   </div>
   <div class='ocr_carea' id='block_1_84' title="bbox 1905 3864 3512 3932">
    <p class='ocr_par' dir='ltr' id='par_1_84' title="bbox 1905 3864 3512 3932">
     <span class='ocr_line' id='line_1_84' title="bbox 1905 3864 3512 3932; baseline 0.004 -16"><span class='ocrx_word' id='word_1_640' title='bbox 1905 3877 2000 3916; x_wconf 86' lang='lat' dir='ltr'><strong>aer</strong></span> <span class='ocrx_word' id='word_1_641' title='bbox 2049 3864 2328 3930; x_wconf 87' lang='lat' dir='ltr'><strong>repleatur</strong></span> <span class='ocrx_word' id='word_1_642' title='bbox 2379 3867 2736 3932; x_wconf 77' lang='lat' dir='ltr'><strong>serpentibus</strong></span> <span class='ocrx_word' id='word_1_643' title='bbox 2799 3866 3194 3932; x_wconf 84' lang='lat' dir='ltr'><strong>volitantibus,</strong></span> <span class='ocrx_word' id='word_1_644' title='bbox 3269 3881 3334 3921; x_wconf 90' lang='lat' dir='ltr'><strong>ac</strong></span> <span class='ocrx_word' id='word_1_645' title='bbox 3386 3866 3512 3922; x_wconf 83' lang='lat' dir='ltr'><strong>liliis</strong></span> 
     </span>
    </p>
   </div>
   <div class='ocr_carea' id='block_1_85' title="bbox 1904 3957 3513 4028">
    <p class='ocr_par' dir='ltr' id='par_1_85' title="bbox 1904 3957 3513 4028">
     <span class='ocr_line' id='line_1_85' title="bbox 1904 3957 3513 4028; baseline 0.004 -18"><span class='ocrx_word' id='word_1_646' title='bbox 1904 3957 2152 4025; x_wconf 87' lang='lat' dir='ltr'><strong>aspidum</strong></span> <span class='ocrx_word' id='word_1_647' title='bbox 2180 3997 2194 4020; x_wconf 91' lang='lat'><strong>,</strong></span> <span class='ocrx_word' id='word_1_648' title='bbox 2234 3958 2489 4028; x_wconf 76' lang='lat' dir='ltr'><strong>malignis</strong></span> <span class='ocrx_word' id='word_1_649' title='bbox 2518 3959 2732 4014; x_wconf 85' lang='lat' dir='ltr'><strong>scilicet</strong></span> <span class='ocrx_word' id='word_1_650' title='bbox 2759 3958 3095 4028; x_wconf 88' lang='lat' dir='ltr'><strong>quibusdam</strong></span> <span class='ocrx_word' id='word_1_651' title='bbox 3146 3975 3212 4015; x_wconf 88' lang='lat' dir='ltr'><strong>ac</strong></span> <span class='ocrx_word' id='word_1_652' title='bbox 3258 3961 3513 4016; x_wconf 80' lang='lat' dir='ltr'><strong>exitiosis</strong></span> 
     </span>
    </p>
   </div>
   <div class='ocr_carea' id='block_1_86' title="bbox 1903 4049 3509 4120">
    <p class='ocr_par' dir='ltr' id='par_1_86' title="bbox 1903 4049 3509 4120">
     <span class='ocr_line' id='line_1_86' title="bbox 1903 4049 3509 4120; baseline 0.002 -17"><span class='ocrx_word' id='word_1_653' title='bbox 1903 4050 2208 4119; x_wconf 85' lang='lat' dir='ltr'><strong>spiritibus.</strong></span> <span class='ocrx_word' id='word_1_654' title='bbox 2243 4049 2382 4104; x_wconf 90' lang='lat' dir='ltr'><strong>Cum</strong></span> <span class='ocrx_word' id='word_1_655' title='bbox 2415 4060 2597 4105; x_wconf 89' lang='lat' dir='ltr'><strong>autem</strong></span> <span class='ocrx_word' id='word_1_656' title='bbox 2635 4051 2679 4106; x_wconf 89' lang='lat' dir='ltr'><strong>is</strong></span> <span class='ocrx_word' id='word_1_657' title='bbox 2704 4089 2719 4118; x_wconf 92' lang='lat'><strong>,</strong></span> <span class='ocrx_word' id='word_1_658' title='bbox 2753 4051 2843 4120; x_wconf 87' lang='lat' dir='ltr'><strong>qui</strong></span> <span class='ocrx_word' id='word_1_659' title='bbox 2893 4052 3008 4106; x_wconf 71' lang='lat' dir='ltr'><strong>haec</strong></span> <span class='ocrx_word' id='word_1_660' title='bbox 3041 4052 3224 4106; x_wconf 88' lang='lat' dir='ltr'><strong>omnia</strong></span> <span class='ocrx_word' id='word_1_661' title='bbox 3258 4053 3509 4108; x_wconf 87' lang='lat' dir='ltr'><strong>sublatu-</strong></span> 
     </span>
    </p>
   </div>
   <div class='ocr_carea' id='block_1_87' title="bbox 1905 4143 3508 4214">
    <p class='ocr_par' dir='ltr' id='par_1_87' title="bbox 1905 4143 3508 4214">
     <span class='ocr_line' id='line_1_87' title="bbox 1905 4143 3508 4214; baseline 0.004 -19"><span class='ocrx_word' id='word_1_662' title='bbox 1905 4157 1996 4195; x_wconf 90' lang='lat' dir='ltr'><strong>rus</strong></span> <span class='ocrx_word' id='word_1_663' title='bbox 2029 4153 2135 4204; x_wconf 84' lang='lat' dir='ltr'><strong>est.</strong></span> <span class='ocrx_word' id='word_1_664' title='bbox 2167 4157 2268 4198; x_wconf 86' lang='lat' dir='ltr'><strong>suo</strong></span> <span class='ocrx_word' id='word_1_665' title='bbox 2301 4152 2550 4212; x_wconf 85' lang='lat' dir='ltr'><strong>tempore</strong></span> <span class='ocrx_word' id='word_1_666' title='bbox 2579 4143 2892 4209; x_wconf 84' lang='lat' dir='ltr'><strong>advenerit,</strong></span> <span class='ocrx_word' id='word_1_667' title='bbox 2917 4154 2973 4198; x_wconf 91' lang='lat' dir='ltr'><strong>et</strong></span> <span class='ocrx_word' id='word_1_668' title='bbox 3006 4145 3348 4214; x_wconf 83' lang='lat' dir='ltr'><strong>apparuerit,</strong></span> <span class='ocrx_word' id='word_1_669' title='bbox 3376 4154 3508 4201; x_wconf 86' lang='lat' dir='ltr'><strong>tunc</strong></span> 
     </span>
    </p>
   </div>
   <div class='ocr_carea' id='block_1_88' title="bbox 1901 4233 3511 4305">
    <p class='ocr_par' dir='ltr' id='par_1_88' title="bbox 1901 4233 3511 4305">
     <span class='ocr_line' id='line_1_88' title="bbox 1901 4233 3511 4305; baseline 0.002 -17"><span class='ocrx_word' id='word_1_670' title='bbox 1901 4243 2212 4301; x_wconf 86' lang='lat' dir='ltr'><strong>serpentes,</strong></span> <span class='ocrx_word' id='word_1_671' title='bbox 2244 4234 2486 4303; x_wconf 85' lang='lat' dir='ltr'><strong>aspides.</strong></span> <span class='ocrx_word' id='word_1_672' title='bbox 2509 4249 2813 4302; x_wconf 86' lang='lat' dir='ltr'><strong>earumque</strong></span> <span class='ocrx_word' id='word_1_673' title='bbox 2839 4235 3086 4305; x_wconf 89' lang='lat' dir='ltr'><strong>improba</strong></span> <span class='ocrx_word' id='word_1_674' title='bbox 3110 4233 3293 4302; x_wconf 87' lang='lat' dir='ltr'><strong>proles</strong></span> <span class='ocrx_word' id='word_1_675' title='bbox 3317 4235 3511 4291; x_wconf 84' lang='lat' dir='ltr'><strong>absce-</strong></span> 
     </span>
    </p>
   </div>
   <div class='ocr_carea' id='block_1_89' title="bbox 1901 4323 3508 4388">
    <p class='ocr_par' dir='ltr' id='par_1_89' title="bbox 1901 4323 3508 4388">
     <span class='ocr_line' id='line_1_89' title="bbox 1901 4323 3508 4388; baseline 0.001 -9"><span class='ocrx_word' id='word_1_676' title='bbox 1901 4325 2072 4388; x_wconf 90' lang='lat' dir='ltr'><strong>dent;</strong></span> <span class='ocrx_word' id='word_1_677' title='bbox 2116 4323 2186 4376; x_wconf 83' lang='lat' dir='ltr'><strong>ita</strong></span> <span class='ocrx_word' id='word_1_678' title='bbox 2221 4333 2281 4378; x_wconf 90' lang='lat' dir='ltr'><strong>ut</strong></span> <span class='ocrx_word' id='word_1_679' title='bbox 2310 4327 2427 4379; x_wconf 68' lang='lat' dir='ltr'><strong>base</strong></span> <span class='ocrx_word' id='word_1_680' title='bbox 2451 4325 2506 4379; x_wconf 94' lang='lat' dir='ltr'><strong>in</strong></span> <span class='ocrx_word' id='word_1_681' title='bbox 2542 4325 2794 4380; x_wconf 83' lang='lat' dir='ltr'><strong>homines</strong></span> <span class='ocrx_word' id='word_1_682' title='bbox 2828 4327 2938 4380; x_wconf 89' lang='lat' dir='ltr'><strong>vim</strong></span> <span class='ocrx_word' id='word_1_683' title='bbox 2988 4325 3128 4380; x_wconf 89' lang='lat' dir='ltr'><strong>ultra</strong></span> <span class='ocrx_word' id='word_1_684' title='bbox 3188 4339 3295 4379; x_wconf 94' lang='lat' dir='ltr'><strong>uou</strong></span> <span class='ocrx_word' id='word_1_685' title='bbox 3348 4341 3508 4381; x_wconf 77' lang='lat' dir='ltr'><strong>exer-</strong></span> 
     </span>
    </p>
   </div>
   <div class='ocr_carea' id='block_1_90' title="bbox 1898 4427 2081 4472">
    <p class='ocr_par' dir='ltr' id='par_1_90' title="bbox 1898 4427 2081 4472">
     <span class='ocr_line' id='line_1_90' title="bbox 1898 4427 2081 4472; baseline -0.011 0"><span class='ocrx_word' id='word_1_686' title='bbox 1898 4427 2081 4472; x_wconf 79' lang='lat' dir='ltr'><strong>ceant.</strong></span> 
     </span>
    </p>
   </div>
   <div class='ocr_carea' id='block_1_91' title="bbox 1971 4506 3505 4580">
    <p class='ocr_par' dir='ltr' id='par_1_91' title="bbox 1971 4506 3505 4580">
     <span class='ocr_line' id='line_1_91' title="bbox 1971 4506 3505 4580; baseline 0.001 -18"><span class='ocrx_word' id='word_1_687' title='bbox 1971 4506 2136 4563; x_wconf 69' lang='lat' dir='ltr'><strong>Vsus.</strong></span> <span class='ocrx_word' id='word_1_688' title='bbox 2175 4509 2265 4563; x_wconf 84' lang='lat'><strong>50.</strong></span> <span class='ocrx_word' id='word_1_689' title='bbox 2292 4507 2428 4563; x_wconf 86' lang='lat' dir='ltr'><strong>Nam</strong></span> <span class='ocrx_word' id='word_1_690' title='bbox 2464 4527 2484 4561; x_wconf 79' lang='grc' dir='ltr'><strong>ι</strong></span> <span class='ocrx_word' id='word_1_691' title='bbox 2519 4520 2835 4577; x_wconf 81' lang='lat' dir='ltr'><strong>pascentur,</strong></span> <span class='ocrx_word' id='word_1_692' title='bbox 2867 4509 3067 4579; x_wconf 89' lang='lat' dir='ltr'><strong>inquit,</strong></span> <span class='ocrx_word' id='word_1_693' title='bbox 3093 4526 3192 4580; x_wconf 87' lang='lat' dir='ltr'><strong>per</strong></span> <span class='ocrx_word' id='word_1_694' title='bbox 3219 4527 3343 4565; x_wconf 91' lang='lat' dir='ltr'><strong>eum</strong></span> <span class='ocrx_word' id='word_1_695' title='bbox 3368 4526 3505 4580; x_wconf 86' lang='lat' dir='ltr'><strong>pau-</strong></span> 
     </span>
    </p>
   </div>
   <div class='ocr_carea' id='block_1_92' title="bbox 181 4580 1809 4674">
    <p class='ocr_par' dir='ltr' id='par_1_92' title="bbox 181 4580 1787 4664">
     <span class='ocr_line' id='line_1_92' title="bbox 181 4580 1787 4664; baseline 0.014 -31"><span class='ocrx_word' id='word_1_696' title='bbox 181 4580 414 4651; x_wconf 78' lang='grc' dir='ltr'>πένητες</span> <span class='ocrx_word' id='word_1_697' title='bbox 474 4583 536 4637; x_wconf 80' lang='grc' dir='ltr'>δὲ</span> <span class='ocrx_word' id='word_1_698' title='bbox 595 4583 873 4657; x_wconf 77' lang='grc' dir='ltr'>ἄνθρωποι</span> <span class='ocrx_word' id='word_1_699' title='bbox 919 4592 1006 4642; x_wconf 82' lang='grc' dir='ltr'><strong>ἐπ’</strong></span> <span class='ocrx_word' id='word_1_700' title='bbox 1063 4595 1286 4664; x_wconf 80' lang='grc' dir='ltr'>είρήνης</span> <span class='ocrx_word' id='word_1_701' title='bbox 1339 4597 1787 4654; x_wconf 82' lang='grc' dir='ltr'>ἀναπαύσονται·</span> 
     </span>
    </p>
   </div>
   <div class='ocr_carea' id='block_1_93' title="bbox 1913 4580 3498 4674">
    <p class='ocr_par' dir='ltr' id='par_1_93' title="bbox 1913 4600 3498 4674">
     <span class='ocr_line' id='line_1_93' title="bbox 1913 4600 3498 4674; baseline 0.003 -20"><span class='ocrx_word' id='word_1_702' title='bbox 1913 4615 2059 4666; x_wconf 70' lang='lat' dir='ltr'><strong>percs</strong></span> <span class='ocrx_word' id='word_1_703' title='bbox 2097 4618 2111 4652; x_wconf 92' lang='lat'>:</span> <span class='ocrx_word' id='word_1_704' title='bbox 2153 4602 2344 4670; x_wconf 87' lang='lat' dir='ltr'><strong>inopes</strong></span> <span class='ocrx_word' id='word_1_705' title='bbox 2371 4608 2555 4653; x_wconf 84' lang='lat' dir='ltr'><strong>autem</strong></span> <span class='ocrx_word' id='word_1_706' title='bbox 2585 4601 2836 4655; x_wconf 80' lang='lat' dir='ltr'><strong>homines</strong></span> <span class='ocrx_word' id='word_1_707' title='bbox 2874 4600 2926 4655; x_wconf 93' lang='lat' dir='ltr'><strong>in</strong></span> <span class='ocrx_word' id='word_1_708' title='bbox 2985 4617 3118 4670; x_wconf 82' lang='lat' dir='ltr'><strong>pace</strong></span> <span class='ocrx_word' id='word_1_709' title='bbox 3170 4602 3498 4674; x_wconf 88' lang='lat' dir='ltr'><strong>quiescent.</strong></span> 
     </span>
    </p>
   </div>
   <div class='ocr_carea' id='block_1_94' title="bbox 179 4674 1789 4764">
    <p class='ocr_par' dir='ltr' id='par_1_94' title="bbox 179 4674 1789 4764">
     <span class='ocr_line' id='line_1_94' title="bbox 179 4674 1789 4764; baseline 0.012 -36"><span class='ocrx_word' id='word_1_710' title='bbox 179 4674 358 4731; x_wconf 77' lang='grc' dir='ltr'>ἀνελεῖ</span> <span class='ocrx_word' id='word_1_711' title='bbox 399 4678 460 4733; x_wconf 74' lang='grc' dir='ltr'>δὲ</span> <span class='ocrx_word' id='word_1_712' title='bbox 499 4679 652 4750; x_wconf 82' lang='grc' dir='ltr'>λιμῷ</span> <span class='ocrx_word' id='word_1_713' title='bbox 681 4680 744 4734; x_wconf 77' lang='grc' dir='ltr'><strong>τδ</strong></span> <span class='ocrx_word' id='word_1_714' title='bbox 785 4683 1008 4755; x_wconf 86' lang='grc' dir='ltr'>σπέρμα</span> <span class='ocrx_word' id='word_1_715' title='bbox 1055 4703 1172 4749; x_wconf 88' lang='grc' dir='ltr'>σου,</span> <span class='ocrx_word' id='word_1_716' title='bbox 1210 4690 1303 4742; x_wconf 79' lang='grc' dir='ltr'><strong>καὶ</strong></span> <span class='ocrx_word' id='word_1_717' title='bbox 1339 4692 1400 4743; x_wconf 85' lang='grc' dir='ltr'>τὸ</span> <span class='ocrx_word' id='word_1_718' title='bbox 1433 4692 1789 4764; x_wconf 79' lang='grc' dir='ltr'>κατάλειμμά</span> 
     </span>
    </p>
   </div>
   <div class='ocr_carea' id='block_1_95' title="bbox 182 4771 1788 4857">
    <p class='ocr_par' dir='ltr' id='par_1_95' title="bbox 182 4771 1788 4857">
     <span class='ocr_line' id='line_1_95' title="bbox 182 4771 1788 4857; baseline 0.013 -36"><span class='ocrx_word' id='word_1_719' title='bbox 182 4785 271 4822; x_wconf 86' lang='grc' dir='ltr'><strong>σου</strong></span> <span class='ocrx_word' id='word_1_720' title='bbox 298 4771 508 4824; x_wconf 85' lang='grc' dir='ltr'>ἀνελεῖ.</span> <span class='ocrx_word' id='word_1_721' title='bbox 537 4792 555 4824; x_wconf 79' lang='grc' dir='ltr'><strong>ι</strong></span> <span class='ocrx_word' id='word_1_722' title='bbox 589 4771 767 4828; x_wconf 79' lang='grc' dir='ltr'>Τοῦτο</span> <span class='ocrx_word' id='word_1_723' title='bbox 793 4779 888 4848; x_wconf 80' lang='grc' dir='ltr'>μὲν</span> <span class='ocrx_word' id='word_1_724' title='bbox 921 4773 1015 4831; x_wconf 83' lang='grc' dir='ltr'>οὖν</span> <span class='ocrx_word' id='word_1_725' title='bbox 1053 4779 1115 4834; x_wconf 76' lang='grc' dir='ltr'><strong>τὸ</strong></span> <span class='ocrx_word' id='word_1_726' title='bbox 1157 4783 1490 4854; x_wconf 82' lang='grc' dir='ltr'>ἑρπυστικὸν</span> <span class='ocrx_word' id='word_1_727' title='bbox 1519 4787 1614 4839; x_wconf 74' lang='grc' dir='ltr'>καὶ</span> <span class='ocrx_word' id='word_1_728' title='bbox 1636 4788 1788 4857; x_wconf 33' lang='grc' dir='ltr'>-ίοὸό-</span> 
     </span>
    </p>
   </div>
   <div class='ocr_carea' id='block_1_96' title="bbox 180 4860 1789 4948">
    <p class='ocr_par' dir='ltr' id='par_1_96' title="bbox 180 4860 1789 4948">
     <span class='ocr_line' id='line_1_96' title="bbox 180 4860 1789 4948; baseline 0.012 -35"><span class='ocrx_word' id='word_1_729' title='bbox 180 4860 268 4915; x_wconf 84' lang='grc' dir='ltr'><strong>λον</strong></span> <span class='ocrx_word' id='word_1_730' title='bbox 317 4862 481 4932; x_wconf 79' lang='grc' dir='ltr'>γένος</span> <span class='ocrx_word' id='word_1_731' title='bbox 519 4863 671 4935; x_wconf 81' lang='grc' dir='ltr'>λιμῷ</span> <span class='ocrx_word' id='word_1_732' title='bbox 724 4867 902 4921; x_wconf 78' lang='grc' dir='ltr'>ἀνελεῖ</span> <span class='ocrx_word' id='word_1_733' title='bbox 947 4870 977 4921; x_wconf 80' lang='grc' dir='ltr'>ὁ</span> <span class='ocrx_word' id='word_1_734' title='bbox 1025 4873 1526 4944; x_wconf 64' lang='grc' dir='ltr'>πῳφητευόμενος,</span> <span class='ocrx_word' id='word_1_735' title='bbox 1585 4879 1789 4948; x_wconf 79' lang='grc' dir='ltr'>μηκέτι</span> 
     </span>
    </p>
   </div>
   <div class='ocr_carea' id='block_1_97' title="bbox 181 4955 1787 5040">
    <p class='ocr_par' dir='ltr' id='par_1_97' title="bbox 181 4955 1787 5040">
     <span class='ocr_line' id='line_1_97' title="bbox 181 4955 1787 5040; baseline 0.013 -36"><span class='ocrx_word' id='word_1_736' title='bbox 181 4955 501 5026; x_wconf 68' lang='grc' dir='ltr'>ἐπιτρέπων</span> <span class='ocrx_word' id='word_1_737' title='bbox 530 4957 747 5030; x_wconf 80' lang='grc' dir='ltr'>τροφὴν</span> <span class='ocrx_word' id='word_1_738' title='bbox 776 4961 876 5032; x_wconf 77' lang='grc' dir='ltr'>τὴν</span> <span class='ocrx_word' id='word_1_739' title='bbox 918 4962 1146 5034; x_wconf 82' lang='grc' dir='ltr'>συνήθη,</span> <span class='ocrx_word' id='word_1_740' title='bbox 1183 4964 1384 5040; x_wconf 84' lang='grc' dir='ltr'>δηλαδὴ</span> <span class='ocrx_word' id='word_1_741' title='bbox 1423 4968 1526 5039; x_wconf 81' lang='grc' dir='ltr'>τὴν</span> <span class='ocrx_word' id='word_1_742' title='bbox 1563 4969 1652 5024; x_wconf 78' lang='grc' dir='ltr'><strong>διὰ</strong></span> <span class='ocrx_word' id='word_1_743' title='bbox 1689 4969 1787 5025; x_wconf 90' lang='grc' dir='ltr'>θυ-</span> 
     </span>
    </p>
   </div>
   <div class='ocr_carea' id='block_1_98' title="bbox 183 5049 1789 5131">
    <p class='ocr_par' dir='ltr' id='par_1_98' title="bbox 183 5049 1789 5131">
     <span class='ocr_line' id='line_1_98' title="bbox 183 5049 1789 5131; baseline 0.012 -31"><span class='ocrx_word' id='word_1_744' title='bbox 183 5049 312 5101; x_wconf 82' lang='grc' dir='ltr'>σιῶν</span> <span class='ocrx_word' id='word_1_745' title='bbox 351 5054 422 5122; x_wconf 75' lang='grc' dir='ltr'>τῇ</span> <span class='ocrx_word' id='word_1_746' title='bbox 467 5049 764 5124; x_wconf 81' lang='grc' dir='ltr'>δαιμονικῇ</span> <span class='ocrx_word' id='word_1_747' title='bbox 821 5054 996 5128; x_wconf 80' lang='grc' dir='ltr'>πλάνῃ</span> <span class='ocrx_word' id='word_1_748' title='bbox 1047 5061 1456 5131; x_wconf 81' lang='grc' dir='ltr'>προσφέρεσθαι</span> <span class='ocrx_word' id='word_1_749' title='bbox 1490 5078 1502 5090; x_wconf 93' lang='grc'><strong>·</strong></span> <span class='ocrx_word' id='word_1_750' title='bbox 1549 5067 1678 5128; x_wconf 78' lang='grc' dir='ltr'>τοὺς</span> <span class='ocrx_word' id='word_1_751' title='bbox 1732 5067 1789 5120; x_wconf 71' lang='grc' dir='ltr'>δὲ</span> 
     </span>
    </p>
   </div>
   <div class='ocr_carea' id='block_1_99' title="bbox 181 5138 1787 5223">
    <p class='ocr_par' dir='ltr' id='par_1_99' title="bbox 181 5138 1787 5223">
     <span class='ocr_line' id='line_1_99' title="bbox 181 5138 1787 5223; baseline 0.011 -32"><span class='ocrx_word' id='word_1_752' title='bbox 181 5138 373 5194; x_wconf 72' lang='grc' dir='ltr'>ἑαυτοῦ</span> <span class='ocrx_word' id='word_1_753' title='bbox 394 5143 656 5212; x_wconf 80' lang='grc' dir='ltr'>πτωχοὺς</span> <span class='ocrx_word' id='word_1_754' title='bbox 707 5144 984 5216; x_wconf 70' lang='grc' dir='ltr'>ἐκθρέψει,</span> <span class='ocrx_word' id='word_1_755' title='bbox 1012 5148 1108 5200; x_wconf 71' lang='lat' dir='ltr'><strong>xui.</strong></span> <span class='ocrx_word' id='word_1_756' title='bbox 1144 5151 1201 5202; x_wconf 79' lang='grc' dir='ltr'>ὲν</span> <span class='ocrx_word' id='word_1_757' title='bbox 1231 5152 1422 5223; x_wconf 77' lang='grc' dir='ltr'>εἰρήνῃ</span> <span class='ocrx_word' id='word_1_758' title='bbox 1456 5153 1787 5220; x_wconf 84' lang='grc' dir='ltr'>ἀναπαύσει,</span> 
     </span>
    </p>
   </div>
   <div class='ocr_carea' id='block_1_100' title="bbox 184 5235 1785 5317">
    <p class='ocr_par' dir='ltr' id='par_1_100' title="bbox 184 5235 1785 5317">
     <span class='ocr_line' id='line_1_100' title="bbox 184 5235 1785 5317; baseline 0.009 -28"><span class='ocrx_word' id='word_1_759' title='bbox 184 5235 379 5305; x_wconf 82' lang='grc' dir='ltr'>μηκέτι</span> <span class='ocrx_word' id='word_1_760' title='bbox 432 5237 974 5309; x_wconf 85' lang='grc' dir='ltr'>παρενοχλουμένους</span> <span class='ocrx_word' id='word_1_761' title='bbox 1036 5245 1143 5300; x_wconf 85' lang='grc' dir='ltr'>ὑπὸ</span> <span class='ocrx_word' id='word_1_762' title='bbox 1198 5245 1308 5299; x_wconf 84' lang='grc' dir='ltr'><strong>τῶν</strong></span> <span class='ocrx_word' id='word_1_763' title='bbox 1368 5247 1785 5317; x_wconf 85' lang='grc' dir='ltr'>παραδοθέντων</span> 
     </span>
    </p>
   </div>
   <div class='ocr_carea' id='block_1_101' title="bbox 182 5327 1784 5409">
    <p class='ocr_par' dir='ltr' id='par_1_101' title="bbox 182 5327 1784 5409">
     <span class='ocr_line' id='line_1_101' title="bbox 182 5327 1784 5409; baseline 0.01 -30"><span class='ocrx_word' id='word_1_764' title='bbox 182 5327 446 5397; x_wconf 69' lang='grc' dir='ltr'>ἑρπετῶν.</span> <span class='ocrx_word' id='word_1_765' title='bbox 475 5327 722 5382; x_wconf 79' lang='grc' dir='ltr'>Δύναται</span> <span class='ocrx_word' id='word_1_766' title='bbox 757 5330 938 5399; x_wconf 84' lang='grc' dir='ltr'>μέντοι</span> <span class='ocrx_word' id='word_1_767' title='bbox 966 5335 1142 5390; x_wconf 78' lang='grc' dir='ltr'>ταῦτα</span> <span class='ocrx_word' id='word_1_768' title='bbox 1185 5336 1279 5390; x_wconf 78' lang='grc' dir='ltr'>καὶ</span> <span class='ocrx_word' id='word_1_769' title='bbox 1318 5337 1522 5409; x_wconf 75' lang='grc' dir='ltr'>ἑτέρως</span> <span class='ocrx_word' id='word_1_770' title='bbox 1569 5343 1651 5403; x_wconf 85' lang='grc' dir='ltr'><strong>είς</strong></span> <span class='ocrx_word' id='word_1_771' title='bbox 1690 5341 1784 5394; x_wconf 85' lang='grc' dir='ltr'>τὸν</span> 
     </span>
    </p>
   </div>
   <div class='ocr_carea' id='block_1_102' title="bbox 192 5418 1783 5499">
    <p class='ocr_par' dir='ltr' id='par_1_102' title="bbox 192 5418 1783 5499">
     <span class='ocr_line' id='line_1_102' title="bbox 192 5418 1783 5499; baseline 0.009 -29"><span class='ocrx_word' id='word_1_772' title='bbox 192 5418 440 5485; x_wconf 81' lang='grc' dir='ltr'>Ἐζεκίαν</span> <span class='ocrx_word' id='word_1_773' title='bbox 492 5419 874 5494; x_wconf 81' lang='grc' dir='ltr'>πληροῦσθαι·</span> <span class='ocrx_word' id='word_1_774' title='bbox 921 5428 1045 5491; x_wconf 85' lang='grc' dir='ltr'>τοὺς</span> <span class='ocrx_word' id='word_1_775' title='bbox 1087 5427 1196 5499; x_wconf 83' lang='grc' dir='ltr'><strong>γὰρ</strong></span> <span class='ocrx_word' id='word_1_776' title='bbox 1233 5428 1399 5483; x_wconf 77' lang='grc' dir='ltr'>πάλαι</span> <span class='ocrx_word' id='word_1_777' title='bbox 1448 5432 1594 5485; x_wconf 74' lang='grc' dir='ltr'>κατὰ</span> <span class='ocrx_word' id='word_1_778' title='bbox 1649 5433 1783 5484; x_wconf 77' lang='grc' dir='ltr'>Θεὸν</span> 
     </span>
    </p>
   </div>
   <div class='ocr_carea' id='block_1_103' title="bbox 180 5516 1787 5594">
    <p class='ocr_par' dir='ltr' id='par_1_103' title="bbox 180 5516 1787 5594">
     <span class='ocr_line' id='line_1_103' title="bbox 180 5516 1787 5594; baseline 0.006 -27"><span class='ocrx_word' id='word_1_779' title='bbox 180 5517 611 5587; x_wconf 82' lang='grc' dir='ltr'>πτωχεύσαντας</span> <span class='ocrx_word' id='word_1_780' title='bbox 639 5516 700 5568; x_wconf 74' lang='grc' dir='ltr'>ἐν</span> <span class='ocrx_word' id='word_1_781' title='bbox 727 5517 886 5569; x_wconf 75' lang='grc' dir='ltr'>παντὶ</span> <span class='ocrx_word' id='word_1_782' title='bbox 925 5518 1004 5590; x_wconf 85' lang='grc' dir='ltr'>τῷ</span> <span class='ocrx_word' id='word_1_783' title='bbox 1059 5520 1325 5574; x_wconf 82' lang='grc' dir='ltr'>Ἰουδαίων</span> <span class='ocrx_word' id='word_1_784' title='bbox 1366 5521 1514 5573; x_wconf 73' lang='grc' dir='ltr'>ἔθνει</span> <span class='ocrx_word' id='word_1_785' title='bbox 1553 5525 1787 5594; x_wconf 83' lang='grc' dir='ltr'>ἀνεκτή-</span> 
     </span>
    </p>
   </div>
   <div class='ocr_carea' id='block_1_104' title="bbox 181 5597 1782 5681">
    <p class='ocr_par' dir='ltr' id='par_1_104' title="bbox 181 5597 1782 5681">
     <span class='ocr_line' id='line_1_104' title="bbox 181 5597 1782 5681; baseline 0.006 -21"><span class='ocrx_word' id='word_1_786' title='bbox 181 5625 307 5662; x_wconf 88' lang='grc' dir='ltr'>σατο</span> <span class='ocrx_word' id='word_1_787' title='bbox 357 5597 608 5681; x_wconf 79' lang='grc' dir='ltr'>τροφαῖς</span> <span class='ocrx_word' id='word_1_788' title='bbox 643 5604 888 5674; x_wconf 76' lang='grc' dir='ltr'>λογικαῖς</span> <span class='ocrx_word' id='word_1_789' title='bbox 935 5612 1028 5664; x_wconf 78' lang='grc' dir='ltr'>καὶ</span> <span class='ocrx_word' id='word_1_790' title='bbox 1075 5612 1445 5678; x_wconf 82' lang='grc' dir='ltr'>διδασκαλίαις</span> <span class='ocrx_word' id='word_1_791' title='bbox 1473 5630 1486 5642; x_wconf 91' lang='grc'><strong>·</strong></span> <span class='ocrx_word' id='word_1_792' title='bbox 1540 5615 1636 5679; x_wconf 81' lang='grc' dir='ltr'>οὓς</span> <span class='ocrx_word' id='word_1_793' title='bbox 1688 5617 1782 5669; x_wconf 80' lang='grc' dir='ltr'><strong>καὶ</strong></span> 
     </span>
    </p>
   </div>
   <div class='ocr_carea' id='block_1_105' title="bbox 181 5699 1783 5778">
    <p class='ocr_par' dir='ltr' id='par_1_105' title="bbox 181 5699 1783 5778">
     <span class='ocr_line' id='line_1_105' title="bbox 181 5699 1783 5778; baseline 0.006 -23"><span class='ocrx_word' id='word_1_794' title='bbox 181 5701 512 5776; x_wconf 76' lang='grc' dir='ltr'>κατέστησεν</span> <span class='ocrx_word' id='word_1_795' title='bbox 544 5699 646 5754; x_wconf 70' lang='grc' dir='ltr'><strong>ἐπὶ</strong></span> <span class='ocrx_word' id='word_1_796' title='bbox 669 5700 771 5772; x_wconf 83' lang='grc' dir='ltr'>τὴν</span> <span class='ocrx_word' id='word_1_797' title='bbox 800 5700 967 5775; x_wconf 76' lang='grc' dir='ltr'>καλὴν</span> <span class='ocrx_word' id='word_1_798' title='bbox 991 5704 1160 5778; x_wconf 81' lang='grc' dir='ltr'>νομὴν</span> <span class='ocrx_word' id='word_1_799' title='bbox 1192 5703 1286 5760; x_wconf 84' lang='grc' dir='ltr'>τοῦ</span> <span class='ocrx_word' id='word_1_800' title='bbox 1323 5708 1422 5778; x_wconf 82' lang='grc' dir='ltr'>τῆς</span> <span class='ocrx_word' id='word_1_801' title='bbox 1461 5704 1783 5773; x_wconf 74' lang='grc' dir='ltr'>θεοσεϐείας</span> 
     </span>
    </p>
   </div>
   <div class='ocr_carea' id='block_1_106' title="bbox 242 5901 830 5980">
    <p class='ocr_par' dir='ltr' id='par_1_106' title="bbox 242 5901 830 5980">
     <span class='ocr_line' id='line_1_106' title="bbox 242 5901 830 5980; baseline -0.01 -16"><span class='ocrx_word' id='word_1_802' title='bbox 242 5909 284 5943; x_wconf 79' lang='grc'><strong>’⁸</strong></span> <span class='ocrx_word' id='word_1_803' title='bbox 308 5907 379 5967; x_wconf 73' lang='grc' dir='ltr'>ιν</span> <span class='ocrx_word' id='word_1_804' title='bbox 417 5907 560 5980; x_wconf 74' lang='lat' dir='ltr'><strong>Reg.</strong></span> <span class='ocrx_word' id='word_1_805' title='bbox 591 5917 754 5970; x_wconf 72' lang='lat' dir='ltr'><strong>svnt,</strong></span> <span class='ocrx_word' id='word_1_806' title='bbox 775 5901 830 5958; x_wconf 84' lang='lat'><strong>8.</strong></span> 
     </span>
    </p>
   </div>
   <div class='ocr_carea' id='block_1_107' title="bbox 1903 4693 3502 4763">
    <p class='ocr_par' dir='ltr' id='par_1_107' title="bbox 1903 4693 3502 4763">
     <span class='ocr_line' id='line_1_107' title="bbox 1903 4693 3502 4763; baseline 0.003 -18"><span class='ocrx_word' id='word_1_807' title='bbox 1903 4693 2051 4745; x_wconf 81' lang='lat' dir='ltr'><strong>fame</strong></span> <span class='ocrx_word' id='word_1_808' title='bbox 2077 4707 2208 4746; x_wconf 87' lang='lat' dir='ltr'><strong>vero</strong></span> <span class='ocrx_word' id='word_1_809' title='bbox 2241 4693 2536 4747; x_wconf 82' lang='lat' dir='ltr'><strong>interliciet</strong></span> <span class='ocrx_word' id='word_1_810' title='bbox 2573 4707 2762 4748; x_wconf 82' lang='lat' dir='ltr'><strong>semen</strong></span> <span class='ocrx_word' id='word_1_811' title='bbox 2785 4701 2962 4756; x_wconf 87' lang='lat' dir='ltr'><strong>tuum,</strong></span> <span class='ocrx_word' id='word_1_812' title='bbox 2991 4703 3047 4748; x_wconf 89' lang='lat' dir='ltr'><strong>et</strong></span> <span class='ocrx_word' id='word_1_813' title='bbox 3076 4694 3335 4763; x_wconf 84' lang='lat' dir='ltr'><strong>reliquias</strong></span> <span class='ocrx_word' id='word_1_814' title='bbox 3382 4704 3502 4750; x_wconf 83' lang='lat' dir='ltr'><strong>tuas</strong></span> 
     </span>
    </p>
   </div>
   <div class='ocr_carea' id='block_1_108' title="bbox 1899 4781 3501 4854">
    <p class='ocr_par' dir='ltr' id='par_1_108' title="bbox 1899 4781 3501 4854">
     <span class='ocr_line' id='line_1_108' title="bbox 1899 4781 3501 4854; baseline 0.002 -19"><span class='ocrx_word' id='word_1_815' title='bbox 1899 4781 2202 4836; x_wconf 89' lang='lat' dir='ltr'><strong>interimet.</strong></span> <span class='ocrx_word' id='word_1_816' title='bbox 2247 4801 2266 4835; x_wconf 77' lang='grc' dir='ltr'><strong>ι</strong></span> <span class='ocrx_word' id='word_1_817' title='bbox 2306 4781 2422 4837; x_wconf 86' lang='lat' dir='ltr'><strong>Hoc</strong></span> <span class='ocrx_word' id='word_1_818' title='bbox 2453 4783 2624 4852; x_wconf 89' lang='lat' dir='ltr'><strong>igitur</strong></span> <span class='ocrx_word' id='word_1_819' title='bbox 2660 4783 2856 4854; x_wconf 85' lang='lat' dir='ltr'><strong>reptile</strong></span> <span class='ocrx_word' id='word_1_820' title='bbox 2881 4793 2935 4838; x_wconf 90' lang='lat' dir='ltr'><strong>et</strong></span> <span class='ocrx_word' id='word_1_821' title='bbox 2961 4795 3289 4839; x_wconf 86' lang='lat' dir='ltr'><strong>venenatum</strong></span> <span class='ocrx_word' id='word_1_822' title='bbox 3329 4800 3501 4854; x_wconf 90' lang='lat' dir='ltr'><strong>genus</strong></span> 
     </span>
    </p>
   </div>
   <div class='ocr_carea' id='block_1_109' title="bbox 1899 4871 3498 4944">
    <p class='ocr_par' dir='ltr' id='par_1_109' title="bbox 1899 4871 3498 4944">
     <span class='ocr_line' id='line_1_109' title="bbox 1899 4871 3498 4944; baseline 0.001 -18"><span class='ocrx_word' id='word_1_823' title='bbox 1899 4871 2040 4926; x_wconf 82' lang='lat' dir='ltr'><strong>fame</strong></span> <span class='ocrx_word' id='word_1_824' title='bbox 2077 4874 2297 4928; x_wconf 87' lang='lat' dir='ltr'><strong>necabit</strong></span> <span class='ocrx_word' id='word_1_825' title='bbox 2327 4875 2393 4942; x_wconf 86' lang='lat' dir='ltr'><strong>is,</strong></span> <span class='ocrx_word' id='word_1_826' title='bbox 2435 4875 2612 4942; x_wconf 91' lang='lat' dir='ltr'><strong>quiin</strong></span> <span class='ocrx_word' id='word_1_827' title='bbox 2653 4875 2938 4944; x_wconf 82' lang='lat' dir='ltr'><strong>prOphetia</strong></span> <span class='ocrx_word' id='word_1_828' title='bbox 2986 4877 3159 4929; x_wconf 82' lang='lat' dir='ltr'><strong>fertur</strong></span> <span class='ocrx_word' id='word_1_829' title='bbox 3183 4916 3197 4939; x_wconf 89' lang='lat'><strong>,</strong></span> <span class='ocrx_word' id='word_1_830' title='bbox 3233 4891 3333 4930; x_wconf 91' lang='lat' dir='ltr'><strong>nec</strong></span> <span class='ocrx_word' id='word_1_831' title='bbox 3359 4876 3498 4928; x_wconf 83' lang='lat' dir='ltr'><strong>ultra</strong></span> 
     </span>
    </p>
   </div>
   <div class='ocr_carea' id='block_1_110' title="bbox 1898 4966 3501 5038">
    <p class='ocr_par' dir='ltr' id='par_1_110' title="bbox 1898 4966 3501 5038">
     <span class='ocr_line' id='line_1_110' title="bbox 1898 4966 3501 5038; baseline 0.001 -19"><span class='ocrx_word' id='word_1_832' title='bbox 1898 4967 2180 5037; x_wconf 82' lang='lat' dir='ltr'><strong>permittet</strong></span> <span class='ocrx_word' id='word_1_833' title='bbox 2206 4977 2264 5022; x_wconf 90' lang='lat' dir='ltr'><strong>ut</strong></span> <span class='ocrx_word' id='word_1_834' title='bbox 2293 4975 2591 5030; x_wconf 78' lang='lat' dir='ltr'><strong>consuetus</strong></span> <span class='ocrx_word' id='word_1_835' title='bbox 2623 4968 2799 5032; x_wconf 89' lang='lat' dir='ltr'><strong>cibus,</strong></span> <span class='ocrx_word' id='word_1_836' title='bbox 2832 4967 3086 5023; x_wconf 86' lang='lat' dir='ltr'><strong>videlicet</strong></span> <span class='ocrx_word' id='word_1_837' title='bbox 3130 4966 3251 5038; x_wconf 70' lang='lat' dir='ltr'><strong>per&#39;</strong></span> <span class='ocrx_word' id='word_1_838' title='bbox 3285 4968 3501 5022; x_wconf 63' lang='lat' dir='ltr'><strong>sacrili-</strong></span> 
     </span>
    </p>
   </div>
   <div class='ocr_carea' id='block_1_111' title="bbox 1898 5059 3497 5130">
    <p class='ocr_par' dir='ltr' id='par_1_111' title="bbox 1898 5059 3497 5130">
     <span class='ocr_line' id='line_1_111' title="bbox 1898 5059 3497 5130; baseline -0.002 -15"><span class='ocrx_word' id='word_1_839' title='bbox 1898 5060 2009 5123; x_wconf 89' lang='lat' dir='ltr'><strong>cia,</strong></span> <span class='ocrx_word' id='word_1_840' title='bbox 2037 5061 2408 5118; x_wconf 68' lang='lat' dir='ltr'><strong>.dtemoniara:</strong></span> <span class='ocrx_word' id='word_1_841' title='bbox 2460 5060 2846 5130; x_wconf 87' lang='lat' dir='ltr'><strong>superstitioni</strong></span> <span class='ocrx_word' id='word_1_842' title='bbox 2903 5061 3184 5116; x_wconf 77' lang='lat' dir='ltr'><strong>olferatur.</strong></span> <span class='ocrx_word' id='word_1_843' title='bbox 3221 5059 3497 5126; x_wconf 74' lang='lat' dir='ltr'><strong>Pauperes</strong></span> 
     </span>
    </p>
   </div>
   <div class='ocr_carea' id='block_1_112' title="bbox 1899 5147 3493 5220">
    <p class='ocr_par' dir='ltr' id='par_1_112' title="bbox 1899 5147 3493 5220">
     <span class='ocr_line' id='line_1_112' title="bbox 1899 5147 3493 5220; baseline -0.003 -16"><span class='ocrx_word' id='word_1_844' title='bbox 1899 5162 2082 5204; x_wconf 90' lang='lat' dir='ltr'><strong>autem</strong></span> <span class='ocrx_word' id='word_1_845' title='bbox 2118 5166 2246 5205; x_wconf 89' lang='lat' dir='ltr'><strong>suos</strong></span> <span class='ocrx_word' id='word_1_846' title='bbox 2280 5151 2542 5215; x_wconf 75' lang='lat' dir='ltr'><strong>eunti-iet,</strong></span> <span class='ocrx_word' id='word_1_847' title='bbox 2572 5161 2629 5204; x_wconf 90' lang='lat' dir='ltr'><strong>et</strong></span> <span class='ocrx_word' id='word_1_848' title='bbox 2675 5151 2730 5204; x_wconf 93' lang='lat' dir='ltr'><strong>in</strong></span> <span class='ocrx_word' id='word_1_849' title='bbox 2787 5165 2920 5218; x_wconf 87' lang='lat' dir='ltr'><strong>pace</strong></span> <span class='ocrx_word' id='word_1_850' title='bbox 2972 5149 3258 5220; x_wconf 77' lang='lat' dir='ltr'><strong>quiescere</strong></span> <span class='ocrx_word' id='word_1_851' title='bbox 3309 5147 3493 5211; x_wconf 82' lang='lat' dir='ltr'><strong>faciet,</strong></span> 
     </span>
    </p>
   </div>
   <div class='ocr_carea' id='block_1_113' title="bbox 1898 5238 3494 5310">
    <p class='ocr_par' dir='ltr' id='par_1_113' title="bbox 1898 5238 3494 5310">
     <span class='ocr_line' id='line_1_113' title="bbox 1898 5238 3494 5310; baseline -0.004 -12"><span class='ocrx_word' id='word_1_852' title='bbox 1898 5259 2005 5298; x_wconf 88' lang='lat' dir='ltr'><strong>non</strong></span> <span class='ocrx_word' id='word_1_853' title='bbox 2029 5243 2167 5297; x_wconf 89' lang='lat' dir='ltr'><strong>ultra</strong></span> <span class='ocrx_word' id='word_1_854' title='bbox 2202 5252 2430 5296; x_wconf 80' lang='lat' dir='ltr'><strong>vexatos</strong></span> <span class='ocrx_word' id='word_1_855' title='bbox 2455 5259 2483 5295; x_wconf 88' lang='lat' dir='ltr'><strong>a</strong></span> <span class='ocrx_word' id='word_1_856' title='bbox 2535 5243 2854 5296; x_wconf 87' lang='lat' dir='ltr'><strong>memoratis</strong></span> <span class='ocrx_word' id='word_1_857' title='bbox 2906 5241 3213 5310; x_wconf 88' lang='lat' dir='ltr'><strong>reptilibus.</strong></span> <span class='ocrx_word' id='word_1_858' title='bbox 3257 5238 3494 5292; x_wconf 86' lang='lat' dir='ltr'><strong>Possunt</strong></span> 
     </span>
    </p>
   </div>
   <div class='ocr_carea' id='block_1_114' title="bbox 1893 5331 3489 5403">
    <p class='ocr_par' dir='ltr' id='par_1_114' title="bbox 1893 5331 3489 5403">
     <span class='ocr_line' id='line_1_114' title="bbox 1893 5331 3489 5403; baseline -0.004 -11"><span class='ocrx_word' id='word_1_859' title='bbox 1893 5338 2060 5392; x_wconf 87' lang='lat' dir='ltr'><strong>etiam</strong></span> <span class='ocrx_word' id='word_1_860' title='bbox 2097 5335 2284 5390; x_wconf 66' lang='lat' dir='ltr'><strong>istliarc</strong></span> <span class='ocrx_word' id='word_1_861' title='bbox 2321 5336 2428 5388; x_wconf 91' lang='lat' dir='ltr'><strong>alio</strong></span> <span class='ocrx_word' id='word_1_862' title='bbox 2462 5337 2622 5387; x_wconf 88' lang='lat' dir='ltr'><strong>modo</strong></span> <span class='ocrx_word' id='word_1_863' title='bbox 2661 5335 2714 5388; x_wconf 91' lang='lat' dir='ltr'><strong>in</strong></span> <span class='ocrx_word' id='word_1_864' title='bbox 2747 5333 2982 5388; x_wconf 82' lang='lat' dir='ltr'><strong>Ezechia</strong></span> <span class='ocrx_word' id='word_1_865' title='bbox 3018 5332 3238 5403; x_wconf 88' lang='lat' dir='ltr'><strong>impleta</strong></span> <span class='ocrx_word' id='word_1_866' title='bbox 3270 5331 3438 5386; x_wconf 79' lang='lat' dir='ltr'><strong>fuisse</strong></span> <span class='ocrx_word' id='word_1_867' title='bbox 3476 5349 3489 5385; x_wconf 91' lang='lat'>:</span> 
     </span>
    </p>
   </div>
   <div class='ocr_carea' id='block_1_115' title="bbox 1883 5422 3493 5499">
    <p class='ocr_par' dir='ltr' id='par_1_115' title="bbox 1883 5422 3493 5499">
     <span class='ocr_line' id='line_1_115' title="bbox 1883 5422 3493 5499; baseline -0.004 -15"><span class='ocrx_word' id='word_1_868' title='bbox 1883 5429 2011 5499; x_wconf 81' lang='lat' dir='ltr'><strong>ipse</strong></span> <span class='ocrx_word' id='word_1_869' title='bbox 2041 5427 2187 5482; x_wconf 88' lang='lat' dir='ltr'><strong>enim</strong></span> <span class='ocrx_word' id='word_1_870' title='bbox 2219 5443 2336 5494; x_wconf 85' lang='lat' dir='ltr'><strong>eos,</strong></span> <span class='ocrx_word' id='word_1_871' title='bbox 2369 5427 2461 5495; x_wconf 91' lang='lat' dir='ltr'><strong>qui</strong></span> <span class='ocrx_word' id='word_1_872' title='bbox 2499 5431 2549 5479; x_wconf 92' lang='lat' dir='ltr'><strong>in</strong></span> <span class='ocrx_word' id='word_1_873' title='bbox 2600 5426 2859 5480; x_wconf 86' lang='lat' dir='ltr'><strong>universo</strong></span> <span class='ocrx_word' id='word_1_874' title='bbox 2899 5422 3126 5478; x_wconf 82' lang='lat' dir='ltr'><strong>Judaico</strong></span> <span class='ocrx_word' id='word_1_875' title='bbox 3173 5423 3368 5494; x_wconf 89' lang='lat' dir='ltr'><strong>popqu</strong></span> <span class='ocrx_word' id='word_1_876' title='bbox 3401 5439 3493 5477; x_wconf 85' lang='lat' dir='ltr'><strong>se-</strong></span> 
     </span>
    </p>
   </div>
   <div class='ocr_carea' id='block_1_116' title="bbox 1893 5516 3492 5591">
    <p class='ocr_par' dir='ltr' id='par_1_116' title="bbox 1893 5516 3492 5591">
     <span class='ocr_line' id='line_1_116' title="bbox 1893 5516 3492 5591; baseline -0.006 -13"><span class='ocrx_word' id='word_1_877' title='bbox 1893 5521 2132 5578; x_wconf 91' lang='lat' dir='ltr'><strong>cundum</strong></span> <span class='ocrx_word' id='word_1_878' title='bbox 2163 5522 2327 5576; x_wconf 87' lang='lat' dir='ltr'><strong>Deum</strong></span> <span class='ocrx_word' id='word_1_879' title='bbox 2355 5535 2620 5591; x_wconf 88' lang='lat' dir='ltr'><strong>pauperes</strong></span> <span class='ocrx_word' id='word_1_880' title='bbox 2643 5519 2772 5573; x_wconf 88' lang='lat' dir='ltr'><strong>olim</strong></span> <span class='ocrx_word' id='word_1_881' title='bbox 2805 5516 3050 5582; x_wconf 79' lang='lat' dir='ltr'><strong>fuerant,</strong></span> <span class='ocrx_word' id='word_1_882' title='bbox 3079 5517 3220 5573; x_wconf 86' lang='lat' dir='ltr'><strong>cibis</strong></span> <span class='ocrx_word' id='word_1_883' title='bbox 3250 5518 3492 5570; x_wconf 89' lang='lat' dir='ltr'><strong>rationa-</strong></span> 
     </span>
    </p>
   </div>
   <div class='ocr_carea' id='block_1_117' title="bbox 1891 5606 3490 5690">
    <p class='ocr_par' dir='ltr' id='par_1_117' title="bbox 1891 5606 3490 5690">
     <span class='ocr_line' id='line_1_117' title="bbox 1891 5606 3490 5690; baseline -0.006 -20"><span class='ocrx_word' id='word_1_884' title='bbox 1891 5613 2034 5670; x_wconf 87' lang='lat' dir='ltr'><strong>libus</strong></span> <span class='ocrx_word' id='word_1_885' title='bbox 2063 5622 2119 5667; x_wconf 89' lang='lat' dir='ltr'><strong>et</strong></span> <span class='ocrx_word' id='word_1_886' title='bbox 2150 5613 2398 5690; x_wconf 76' lang='lat' dir='ltr'><strong>doctrina</strong></span> <span class='ocrx_word' id='word_1_887' title='bbox 2437 5610 2746 5675; x_wconf 86' lang='lat' dir='ltr'><strong>recreavit;</strong></span> <span class='ocrx_word' id='word_1_888' title='bbox 2791 5623 2930 5678; x_wconf 82' lang='lat' dir='ltr'><strong>quos</strong></span> <span class='ocrx_word' id='word_1_889' title='bbox 2974 5609 3103 5662; x_wconf 88' lang='lat' dir='ltr'><strong>item</strong></span> <span class='ocrx_word' id='word_1_890' title='bbox 3158 5608 3209 5660; x_wconf 93' lang='lat' dir='ltr'><strong>in</strong></span> <span class='ocrx_word' id='word_1_891' title='bbox 3263 5606 3490 5674; x_wconf 84' lang='lat' dir='ltr'><strong>Optimis</strong></span> 
     </span>
    </p>
   </div>
   <div class='ocr_carea' id='block_1_118' title="bbox 1891 5698 3492 5778">
    <p class='ocr_par' dir='ltr' id='par_1_118' title="bbox 1891 5698 3492 5778">
     <span class='ocr_line' id='line_1_118' title="bbox 1891 5698 3492 5778; baseline -0.004 -18"><span class='ocrx_word' id='word_1_892' title='bbox 1891 5706 2031 5778; x_wconf 87' lang='lat' dir='ltr'><strong>ejus,</strong></span> <span class='ocrx_word' id='word_1_893' title='bbox 2063 5719 2182 5776; x_wconf 71' lang='lat' dir='ltr'><strong>quae</strong></span> <span class='ocrx_word' id='word_1_894' title='bbox 2210 5706 2354 5776; x_wconf 84' lang='lat' dir='ltr'><strong>piam</strong></span> <span class='ocrx_word' id='word_1_895' title='bbox 2379 5702 2700 5774; x_wconf 78' lang='lat' dir='ltr'><strong>religionem</strong></span> <span class='ocrx_word' id='word_1_896' title='bbox 2726 5701 2908 5768; x_wconf 83' lang='lat' dir='ltr'><strong>docet,</strong></span> <span class='ocrx_word' id='word_1_897' title='bbox 2940 5698 3072 5771; x_wconf 82' lang='lat' dir='ltr'><strong>legis</strong></span> <span class='ocrx_word' id='word_1_898' title='bbox 3103 5698 3322 5770; x_wconf 89' lang='lat' dir='ltr'><strong>pascuis</strong></span> <span class='ocrx_word' id='word_1_899' title='bbox 3362 5711 3492 5755; x_wconf 80' lang='lat' dir='ltr'><strong>con-</strong></span> 
     </span>
    </p>
   </div>
  </div>
