4100 6420
170 407 273 463 σοι

1155 408 1660 462 ΟΟΜΜΕΝΙΑΚΙΔ
1705 408 1769 458 ΙΝ
1813 407 2063 462 ISMAM.
2102 435 2170 447 —
2199 403 2351 460 CAP.
2393 401 2532 460 XVI.

3354 415 3462 470 202

171 541 274 597 νην
302 543 323 578 ι
371 566 387 579 .
415 529 592 599 υρᾷς
625 528 684 582 τὺ
714 527 898 598 θαῦμα
939 526 1031 579 τοῦ
1078 527 1238 595 λόγου
1283 529 1344 580 εν
1386 525 1465 596 τῷ
1500 524 1772 596 συμπερά-

1883 525 2174 594 justitiam.
2208 544 2228 578 ι
2263 524 2446 582 Viden’
2476 523 2743 580 sermonis
2769 525 3069 582 mirabilem
3102 528 3157 583 in
3205 528 3312 586 (lue
3340 548 3466 602 pro-

171 630 352 689 σματι
387 621 502 690 τῆς
550 621 885 692 προφητείας
920 619 1326 691 περιεχόμενον.
1361 619 1518 673 Κατά
1544 620 1604 671 τὸ
1651 619 1783 670 αὐτὸ

168 716 284 784 γὰρ
339 715 632 779 θεσπίσας
679 717 1004 786 ἀφανισμὸν,
1051 714 1465 783 εὐαγγελίζεται
1523 714 1742 778 ἐλπίδας
1764 732 1778 745 ·

171 802 394 876 σκηνὴν
450 804 628 860 Δαυῖδ
652 808 849 876 φήσας,
878 803 972 858 καὶ
1019 804 1206 875 θρόνον
1251 803 1388 857 Θεοῦ
1429 805 1558 874 παρ’
1599 805 1784 868 αὐτοῖς

169 896 577 966 συστήσασθαι
599 914 613 928 ο
646 896 932 951 καὶταῦτα
958 894 1174 949 ἔσεσθαι
1198 895 1381 949 οὐκέτι
1417 896 1477 962 ἐξ
1508 895 1782 967 ἀνθρωπί-

170 1004 271 1058 νης
302 989 471 1052 τινὸς
506 988 767 1058 σπουδῆς,
793 987 908 1042 ἀλλ’
959 986 1020 1052 ιε
1068 987 1248 1051 ἐλέους
1294 985 1428 1040 Θεοῦ
1475 988 1570 1040 καὶ
1596 987 1783 1056 φιλανο

170 1077 464 1148 θρωπίας.
528 1080 623 1133 Διὸ
667 1079 915 1132 λέλεκται
956 1078 1096 1133 κατά
1147 1076 1240 1132 τὸν
1299 1077 1549 1143 Ἀκύλαν,
1596 1097 1615 1130 s
1671 1079 1783 1132 Καὶ

171 1171 661 1244 ἑτοιμασθήσεται
716 1173 776 1224 ὲν
825 1171 961 1243 έλέῳ
1021 1169 1247 1242 θρόνοςο
1304 1189 1324 1223 ι
1377 1168 1520 1224 κατά
1581 1169 1640 1222 δὲ
1689 1171 1781 1222 τὸν

168 1261 552 1329 Θεοδοτιωνα,
586 1283 606 1315 ε
647 1263 755 1316 Καὶ
795 1261 1246 1334 ἑτοιμασθήσεται
1295 1263 1412 1333 μετ’
1438 1260 1618 1325 ιλέους
1658 1261 1783 1334 θρό-

169 1368 281 1416 νος.
329 1371 350 1402 ι
391 1353 526 1405 Τίνι
583 1352 641 1406 δὲ
689 1351 1230 1423 ἑτοιμασθήσεται,ή
1284 1352 1498 1414 πάντως
1543 1367 1646 1403 που
1702 1350 1782 1421 τῷ

168 1442 425 1514 Χριστῷ,
454 1443 541 1514 τῷ
569 1444 636 1496 ὲκ
663 1442 972 1514 σπέρματος
1000 1440 1163 1496 Δαυῒδ
1182 1442 1592 1512 γεγεννημένῳς
1627 1441 1782 1494 Ἐσε-

171 1534 298 1588 σθαι
332 1536 535 1589 τοίνυν
585 1534 737 1607 παρά
784 1537 895 1600 τοῖς
938 1533 1259 1597 Μωαϐίταις
1301 1533 1490 1606 θρόνον
1541 1533 1779 1605 Χριστοῦ

171 1643 365 1697 φησιν,
401 1629 469 1680 ἐν
489 1620 538 1694 ᾧ
560 1625 833 1680 καθιεῖται
865 1625 1002 1697 μετά
1035 1624 1295 1694 ἀληθείας
1327 1626 1385 1678 ὲν
1424 1627 1598 1696 σκηνῇ
1616 1623 1779 1677 Δαυῖδ

169 1718 684 1790 γεννηθησόμενος.
718 1717 874 1772 Οῦτω
913 1717 968 1771 δὲ
995 1716 1182 1772 καλεῖν
1227 1715 1385 1770 ετωθε
1418 1716 1480 1768 τὸ
1506 1733 1780 1787 προφητι-

168 1810 267 1866 κὸν
306 1812 548 1882 πνεῦμα
574 1811 672 1882 τὴν
711 1810 1033 1882 Ἐκκλησίαν
1067 1810 1161 1863 τοῦ
1191 1809 1328 1864 Θεοῦ
1353 1825 1369 1840 ο
1403 1810 1526 1862 ἐπεὶ
1557 1809 1650 1862 καὶ
1686 1807 1779 1862 τὸν

1886 617 2085 688 phetiae
2106 617 2466 674 osconomiam
2494 618 2518 672 ἲ
2545 616 2680 672 Nam
2705 629 2994 690 postquam
3026 621 3299 677 excidium
3326 627 3470 681 vati-

1883 712 2098 767 cinatus
2121 718 2227 778 est,
2250 711 2438 766 eodem
2473 719 2718 779 tempore
2741 725 2890 781 spem
2923 711 3121 766 bonam
3150 714 3462 775 annuntiat.

1885 800 2097 864 dicens,
2133 800 2544 856 tabernaculum
2591 801 2762 857 David
2791 811 2846 856 et
2897 804 3148 858 thronum
3196 803 3288 860 Dei
3319 809 3462 876 apud

1885 890 2006 945 illos
2047 891 2490 946 constituendum
2539 905 2708 954 esse;
2761 894 2986 961 hacque
3055 907 3164 948 non
3225 895 3460 950 humana

1883 981 2116 1049 quadam
2153 996 2320 1050 Opera
2347 991 2402 1035 et
2428 981 2794 1037 sollicitudine
2818 1023 2832 1045 .
2871 985 2965 1038 sed
2993 1000 3058 1038 ex
3088 985 3462 1044 misericordia

1883 1083 1940 1128 et
1965 1073 2253 1129 clementia
2285 1071 2402 1128 Dei.
2428 1073 2608 1141 Quare
2627 1075 2927 1129 secundum
2955 1073 3207 1145 Aquilam
3239 1078 3460 1145 dicitur,

1889 1184 1908 1217 ε
1953 1165 2440 1236 Etpraeparabitor
2472 1167 2525 1219 iu
2571 1166 2950 1221 misericordia
2996 1169 3262 1234 thronus;
3301 1188 3321 1222 ι
3371 1186 3463 1226 σεο

1884 1259 2119 1314 cundum
2169 1257 2596 1314 Theodotiouem
2647 1274 2815 1325 vero,
2869 1277 2888 1310 ι
2944 1259 3007 1313 Ει
3068 1263 3462 1331 ρταιραηδὶιυι-

1881 1365 2005 1404 cum
2037 1350 2413 1406 misericordia
2442 1352 2689 1406 thronus.
2730 1369 2749 1402 ι
2790 1351 2888 1406 Cui
2918 1363 3099 1407 autem
3131 1354 3466 1423 prazparabi-

1885 1449 1993 1504 tur,
2028 1441 2130 1495 nisi
2159 1440 2320 1510 plane
2341 1441 2562 1496 Christo
2586 1482 2601 1507 ,
2629 1442 2723 1512 qui
2755 1456 2819 1497 ex
2849 1443 3062 1498 semine
3097 1443 3264 1499 David
3304 1457 3464 1501 natus

1883 1542 1965 1588 est
1989 1533 2013 1586 τ
2035 1533 2126 1587 Ait
2151 1534 2316 1605 igitur
2336 1534 2477 1604 apud
2508 1529 2774 1590 Moabitae
2797 1535 2998 1590 Christi
3029 1536 3283 1593 thronum
3315 1537 3463 1594 futu-

1883 1641 2001 1679 rum
2027 1640 2170 1691 esse,
2215 1626 2268 1680 in
2293 1641 2402 1695 quo
2434 1641 2556 1681 cum
2585 1627 2816 1681 veritate
2859 1629 3072 1684 sedebit
3099 1629 3145 1684 is
3174 1629 3267 1700 qui
3297 1630 3349 1685 iu
3382 1641 3462 1686 ta-

1883 1715 2178 1771 bernaculo
2210 1715 2378 1772 David
2405 1717 2716 1772 nasciturus
2754 1730 2860 1772 cst.
2914 1717 3007 1774 Sic
3055 1735 3218 1789 porro
3251 1737 3465 1777 nuncu-

1883 1823 2013 1878 pare
2069 1810 2205 1863 solet
2259 1807 2496 1876 Spiritus
2549 1810 2898 1878 prepbeticns
2955 1811 3254 1868 Eetdesiam
3315 1813 3460 1870 Dei:

167 1901 417 1976 Χριστὸν
452 1903 626 1957 αὑτὸν
656 1902 817 1956 Δαυῒδ
841 1901 1128 1974 ὀνομάζειν
1151 1900 1291 1967 ἔθος,
1315 1898 1404 1954 διά
1433 1899 1496 1952 τὸ
1522 1901 1587 1951 ὲκ
1612 1897 1772 1970 σπέρ-

1883 1915 2006 1954 nam
2039 1902 2213 1969 ipsum
2256 1913 2474 1968 quoque
2502 1896 2780 1954 Christum
2814 1901 3070 1957 Davidem
3101 1917 3301 1958 vocare
3331 1918 3463 1960 con-

171 2012 347 2067 ματος
405 1994 583 2049 Δαυτδ
629 1994 768 2049 κατά
816 1996 994 2066 σάρκα
1038 1991 1398 2064 γεγεννῆσθαι
1452 1991 1636 2046 αὐτόν.
1688 1992 1780 2044 Διὸ

169 2086 386 2158 σκηνὴν
423 2085 532 2156 μὲν
565 2084 729 2138 Δαυῖδ
769 2085 866 2154 τὴν
895 2083 1220 2155 Ἐκκλησίαν
1269 2082 1556 2147 ἀποκαλεῖ,
1590 2083 1779 2153 θρόνον

167 2176 340 2232 δὲτὴν
383 2179 488 2232 ἰπὶ
512 2177 715 2249 ταύτης
743 2177 834 2230 τὸν
879 2177 978 2246 τῆς
1018 2175 1341 2246 Ἐκκλησίας
1376 2175 1672 2248 πρόεδρον,
1717 2173 1777 2240 ὃς

169 2271 262 2326 τὸν
305 2272 640 2344 σωματικὸν
686 2272 872 2341 ἐπέχει
913 2269 1123 2342 θρόνον,
1166 2270 1328 2322 τόπον
1372 2268 1556 2339 τηρῶν
1587 2267 1777 2339 ὥσπερ

168 2364 264 2418 τοῦ
304 2362 586 2437 Χριστοῦ.
621 2363 803 2433 ’Δπερ
828 2361 904 2426 ὡς
953 2364 1011 2416 έν
1061 2361 1376 2432 μυστηρίοις
1417 2361 1563 2414 κατὰ
1613 2361 1776 2432 μέσον

170 2457 270 2525 τῆς
292 2453 648 2526 προφητείας
672 2451 1136 2524 παρεμϐέϐληται,
1161 2451 1256 2505 τοῦ
1279 2452 1434 2520 ἀγίου
1459 2450 1776 2521 Πνεύματος

173 2546 364 2616 μόνοις
389 2547 511 2609 τοῖς
531 2543 784 2616 μέλλουσι
819 2543 1076 2608 συνιέναι,
1111 2545 1208 2598 καὶ
1233 2544 1332 2614 τῆς
1368 2543 1572 2597 τούτων
1595 2542 1776 2609 ἀξιοῦ-

173 2638 299 2692 σθαι
331 2637 604 2710 Θεωρίας,
631 2635 728 2707 τήν
751 2636 953 2690 τούτων
977 2637 1180 2706 γνῶσιν
1209 2635 1668 2707 ταμιευσαμένου.

247 2838 268 2872 s
325 2819 690 2890 Ἠκούσαμεν
723 2816 823 2888 τήν
855 2816 1011 2890 ὕϐριν
1035 2815 1241 2871 Μωάϐ·
1275 2815 1535 2888 ὑϐριστὴς
1567 2814 1774 2885 σφόδρα

173 2911 274 2985 τὴν
319 2911 728 2984 ὁπερηφανὶαν,
759 2913 854 2965 καὶ
895 2913 930 2982 ή
982 2909 1138 2982 ὕϐρις
1169 2908 1335 2962 αὑτοῦ
1382 2909 1478 2963 καὶ
1525 2909 1558 2978 ή
1611 2908 1773 2978 μῆνις

176 3004 344 3061 αὑτοῦ
367 3022 383 3036 ·
412 3005 519 3076 οὐχ
544 3003 721 3069 οὕτως
751 3005 785 3075 ή
832 3003 1061 3075 μαντεία
1110 3018 1227 3064 σου,
1271 3001 1370 3070 οὐχ
1397 2999 1588 3064 οὕτως.
1628 3000 1774 3055 Ὀλο-

174 3094 323 3163 tua“
357 3096 580 3153 Μωάϐ·
631 3098 690 3150 ὲν
742 3095 849 3167 γὰρ
883 3098 948 3166 τῇ
988 3092 1293 3148 Μωαϐίτιδι
1342 3093 1541 3158 πάντες
1590 3092 1773 3146 όλολύ-

179 3187 358 3254 εουσιο
412 3193 535 3252 τοῖς
588 3186 901 3242 κατοικοῦσι
943 3185 1000 3240 δὲ
1029 3182 1138 3256 Σὴθ
1172 3181 1506 3255 μελετήσεις,
1545 3186 1638 3238 καὶ
1668 3185 1771 3238 οὐκ

1881 1992 2100 2057 suevit,
2153 1993 2279 2062 quia
2327 2007 2394 2047 ex
2439 1994 2648 2048 semine
2691 1993 2859 2047 David
2909 1997 3206 2050 secundum
3234 2010 3463 2052 carnem

1881 2091 2042 2136 natus
2076 2092 2180 2138 est.
2210 2082 2575 2149 Quamobrem
2604 2083 2904 2140 Ecelesiam
2934 2087 3156 2155 quidem
3202 2087 3462 2143 taberna«

1879 2173 2059 2227 culum
2116 2175 2283 2230 David
2321 2176 2602 2246 appellat,
2658 2177 2912 2232 thronum
2967 2188 3150 2234 autem
3217 2180 3462 2250 ejusdem

1879 2263 2135 2321 Ecclesiae
2149 2268 2456 2335 prmsidem,
2471 2269 2562 2338 qui
2579 2283 2898 2338 corporeum
2922 2275 3178 2326 thronum
3207 2283 3461 2340 occupat,

1877 2365 2043 2426 atque
2068 2372 2164 2412 ceu
2192 2357 2394 2413 Christi
2438 2360 2612 2415 locum
2651 2368 2813 2415 tenet.
2861 2361 3014 2428 Quae,
3036 2375 3135 2416 ceu
3166 2362 3222 2416 iu
3251 2373 3461 2432 myste-

1878 2449 1996 2513 riis,
2029 2449 2085 2504 in
2133 2450 2313 2504 medio
2359 2451 2651 2522 prophetia:
2680 2451 2884 2507 inserta
2918 2462 3064 2514 sunt,
3091 2451 3296 2522 Spiritu
3333 2467 3463 2508 san-

1882 2549 1970 2595 cto
2004 2541 2194 2596 borum
2220 2544 2473 2598 notitiam
2512 2545 2581 2599 iis
2628 2554 2843 2600 tantum
2876 2544 2966 2615 qui
2996 2543 3352 2610 intellecturi,
3402 2554 3463 2600 et

1875 2631 2137 2688 harumce
2188 2649 2368 2689 rerum
2418 2637 2735 2706 spectaculo
2779 2638 2927 2709 digni
2967 2637 3201 2695 habendi
3257 2644 3458 2709 erant,

1877 2737 2215 2782 reservante.

1951 2817 2113 2875 Vsus.
2160 2819 2234 2887 6,
2271 2820 2321 2874 7.
2379 2838 2399 2872 ι
2447 2821 2766 2878 Audivimus
2814 2823 3201 2880 contumeliam
3251 2824 3456 2891 Moab,

1875 2913 2300 2969 contumeliosus
2325 2913 2482 2967 valde
2506 2917 2851 2984 superbia,et
2873 2917 3200 2973 contumelia
3228 2919 3368 2989 ejus,
3401 2931 3460 2974 et

1876 3007 1953 3060 ira
1984 3005 2102 3076 ejus
2135 3024 2148 3060 :
2183 3022 2288 3061 non
2337 3009 2415 3062 sic
2451 3008 2717 3064 divinatio
2755 3020 2842 3064 tua
2872 3049 2888 3075 ,
2920 3025 3028 3065 non
3076 3011 3180 3066 sic.
3217 3010 3458 3068 Ululabit

1875 3095 2033 3152 Moab
2069 3117 2081 3152 :
2119 3113 2246 3152 nam
2275 3099 2329 3153 iu
2360 3097 2655 3157 Moabitide
2697 3116 2891 3156 omnes
2935 3101 3262 3160 ululabunt:
3296 3105 3456 3160 habi-

1877 3187 2114 3244 tantibus
2143 3187 2275 3245 Seth
2301 3191 2648 3247 meditaberis
2669 3201 2726 3246 et
2751 3207 2855 3246 non
2889 3193 3260 3251 confunderis.
3291 3215 3311 3249 ι
3345 3197 3454 3253 Ge-

178 3281 526 3354 δντραπήσῃ.
567 3300 586 3332 ι
623 3281 735 3351 Οὐχ
760 3280 942 3350 ὅμοιαι
1001 3280 1055 3332 αι
1085 3277 1314 3349 πράξεις
1338 3281 1450 3341 τοῖς
1476 3277 1573 3348 τῆς
1599 3278 1769 3348 ὑπερ-

1876 3289 1954 3333 sta
2003 3282 2250 3352 superbis
2279 3283 2438 3337 dictis
2467 3283 2662 3338 similia
2693 3299 2798 3338 non
2835 3295 2996 3351 sunt;
3028 3288 3144 3341 sive
3186 3287 3312 3358 quia
3344 3287 3457 3344 Deo

177 3373 408 3445 ηφανίας
437 3372 623 3442 λόγοις
646 3388 659 3402 ο
687 3371 720 3443 ἢ
755 3371 851 3424 καὶ⁵
872 3369 1057 3441 ἐπειδὴ
1090 3370 1232 3441 μέγα
1257 3368 1514 3441 εφρόνουν
1558 3368 1651 3422 ἐπὶ
1691 3367 1771 3440 τῷ

181 3463 389 3518 ἑαυτῶν
427 3463 561 3534 θεῷ,
607 3464 700 3516 καὶ
747 3465 867 3526 ταῖς
896 3461 1088 3516 τούτου
1119 3462 1396 3533 μαντείαις
1417 3479 1430 3492 ο
1474 3461 1572 3532 οὐχ
1604 3461 1766 3523 οὕτω,

181 3558 367 3630 φησιν,
394 3558 579 3621 ἔσται,
615 3556 778 3610 ὁποία
828 3553 1154 3626 μαντεύεται
1195 3557 1226 3608 ό
1267 3556 1398 3626 παρ’
1433 3555 1614 3618 αὐτοῖς
1655 3555 1774 3608 δαί-

183 3667 318 3721 μων,
351 3648 467 3704 οὐδ’
529 3651 692 3702 ὁποῖα
721 3646 808 3701 διὰ
853 3648 1119 3721 χρησμῶν
1163 3651 1276 3712 τοῖς
1307 3647 1768 3717 ἐξαπατωμένοις,

182 3743 274 3796 καὶ
295 3741 434 3795 Θεὸν
465 3741 631 3796 αὐτὸν
659 3735 800 3793 εἶναι
825 3739 1137 3811 νομίζουσιν
1167 3737 1562 3811 ἐπηγγέλλετω
1597 3739 1626 3791 ὁ
1662 3738 1771 3812 γὰρ

183 3832 349 3887 επιὼν
370 3833 571 3906 χρόνος
591 3830 797 3885 τούτων
817 3831 995 3886 αὐτῶν
1016 3831 1078 3885 τδ
1107 3831 1304 3902 ψεῦδος
1328 3830 1610 3899 διελέγξει.

254 3944 274 3976 ε
313 3925 400 3978 Τὰ
446 3923 612 3978 πεδία
653 3922 887 3977 Ἐσεϐὼν
929 3923 1210 3996 πενθήσει,
1249 3922 1492 3994 ἄμπελος
1517 3922 1768 3993 Σαϐαμά,

183 4019 582 4079 καταπίνοντες
607 4015 678 4068 τὰ
700 4014 848 4088 ῑθνη,
893 4016 1318 4086 καταπατήσατε
1353 4015 1450 4080 τάς
1494 4015 1771 4086 ἀμπέλους

184 4109 372 4180 αὐτῆς,
401 4109 514 4171 ἕως
548 4103 734 4178 Ἰαζήρ
778 4107 839 4160 οὐ
873 4109 948 4179 μὴ
984 4107 1280 4177 συνάψητε,
1320 4106 1627 4178 πλανήθητε
1671 4106 1772 4179 τήν

182 4199 414 4272 ῑρημον⁸
447 4201 501 4253 οἱ
534 4198 938 4270 ἀπεσταλμένοι
967 4198 1483 4269 ὲγγατελείφθησαν,
1516 4197 1771 4268 διέϐησαν

182 4291 283 4366 γὰρ
311 4294 451 4364 πρὸς
473 4292 577 4362 τήν
603 4290 897 4348 θάλασσαν.
932 4290 1032 4345 Διά
1057 4290 1217 4344 τοῦτο
1246 4290 1550 4362 κλαύσομαι
1577 4292 1652 4354 ὼς
1681 4290 1771 4344 τὸν

183 4383 456 4457 κλαυθμὸν
495 4383 706 4454 Ἰαζὴρ,
734 4382 974 4454 ἄμπελον
1007 4382 1261 4454 Σαϐαμά
1307 4382 1386 4436 “ra:
1435 4382 1626 4454 δένδρα
1676 4398 1769 4435 σου

184 4477 479 4532 κατέϐαλεν
516 4473 756 4529 Ἐσεϐὼν
783 4475 876 4528 καὶ
909 4474 1156 4545 Ἐλεαλὴ,
1181 4473 1265 4527 δτι
1295 4474 1388 4528 ἐπὶ
1417 4473 1498 4544 τῷ
1526 4472 1771 4544 θερισμῷ

184 4573 273 4626 καὶ
309 4575 404 4627 ἐπὶ
451 4572 534 4642 τῷ
586 4568 847 4642 τρυγητῷ
892 4585 985 4623 σου
1036 4570 1429 4640 καταπατήσω,
1460 4567 1554 4620 καὶ
1589 4566 1766 4620 πάντα

1872 3386 1970 3425 suo
1992 3411 2008 3436 ,
2036 3373 2260 3442 ejusque
2297 3371 2567 3427 vaticiniis
2597 3366 2830 3427 multum
2876 3374 3112 3430 ﬁdebant
3145 3393 3160 3430 :
3194 3391 3302 3432 non
3331 3377 3409 3432 ita
3433 3418 3452 3442 ,

1873 3463 2089 3532 inquit,
2119 3466 2228 3518 erit
2273 3473 2334 3518 ut
2359 3464 2694 3520 vaticinatur
2721 3466 2932 3521 dzemon
2980 3466 3194 3522 illorum
3219 3507 3237 3536 ,
3277 3483 3456 3540 neque

1871 3565 1930 3609 ut
1960 3556 2047 3620 iis,
2080 3555 2172 3623 qui
2205 3555 2414 3624 decepti
2447 3555 2598 3610 illum
2646 3571 2745 3624 pro
2767 3555 2868 3612 deo
2900 3556 3196 3624 habebant,
3225 3559 3454 3616 oraculo

1871 3646 2228 3716 pollicebatur
2258 3664 2273 3700 ε
2311 3644 2550 3701 futurum
2584 3645 2781 3716 quippe
2814 3655 3024 3716 tempus
3063 3649 3186 3705 illos
3230 3652 3456 3707 menda-

1870 3737 1942 3792 cii
1966 3747 2177 3808 arguet.

1942 3917 2109 3977 Vsus.
2164 3920 2330 3977 8-10.
2386 3941 2406 3973 ι
2445 3920 2709 3977 Planities
2749 3921 2962 3979 Esebon
3001 3922 3246 3995 lugebit,
3292 3925 3452 3981 vinea

1872 4011 2105 4070 Sabama
2131 4055 2147 4082 ,
2184 4015 2275 4084 qui
2331 4015 2610 4086 deglutitis
2635 4024 2824 4085 gentes
2850 4056 2867 4083 ,
2894 4018 3214 4072 couculcate
3254 4017 3449 4073 vineas

1869 4105 2009 4174 ejus.
2037 4121 2211 4177 usque
2253 4103 2415 4161 Jazer
2456 4121 2524 4161 ne
2571 4105 2878 4178 attingatis,
2914 4115 3098 4162 errate
3139 4120 3236 4177 per
3266 4107 3454 4162 deser-

1871 4209 1985 4252 tum
2019 4215 2033 4251 :
2071 4199 2224 4253 missi
2258 4199 2505 4254 derelicti
2540 4211 2704 4263 sunt,
2737 4200 3176 4268 pertransierunt
3206 4201 3351 4254 enim
3381 4200 3452 4254 ad

1870 4305 2037 4344 mare.
2065 4289 2188 4345 Ideo
2214 4290 2440 4361 plorabo
2470 4301 2746 4362 tamquam
2778 4292 2991 4362 ploratu
3024 4290 3206 4357 Jazer,
3234 4292 3450 4348 vineam

1872 4382 2129 4442 Sabama.
2175 4385 2415 4440 Arbores
2448 4395 2570 4440 tuas
2616 4384 2818 4454 dejecit
2867 4385 3078 4440 Esebou
3129 4395 3184 4439 et
3230 4383 3450 4447 Eli-ale.

1869 4476 1995 4545 quia
2047 4490 2281 4531 messem
2332 4487 2387 4531 et
2416 4477 2745 4530 vindemiam
2784 4489 2933 4533 tuam
2970 4476 3347 4542 conculcabo,
3397 4486 3452 4533 et

1871 4569 2052 4622 omnia
2100 4571 2318 4624 cadent.
2353 4568 2419 4623 Et
2467 4568 2688 4625 tolletur
2729 4571 2916 4628 latitia
2953 4584 3008 4627 et
3039 4571 3341 4632 exsoluitis
3382 4571 3452 4631 4‘!

185 4664 499 4718 πεσοῦνται.
529 4661 647 4716 Καὶ
674 4660 969 4733 ἀρθήσεται
1002 4659 1308 4731 εὐφροσύνη
1339 4660 1432 4712 καὶ
1451 4658 1764 4730 ἀγαλλίαμα

1876 4659 2048 4714 vineis
2079 4677 2092 4713 :
2122 4669 2177 4714 et
2210 4659 2265 4713 in
2295 4661 2468 4716 vineis
2502 4663 2610 4719 tuis
2640 4663 2986 4730 latabuntur,
3022 4681 3121 4722 nec
3161 4667 3452 4726 calcabuut

186 4757 244 4810 ὲκ
266 4759 370 4810 τῶν
400 4753 772 4827 ἀμπελώνων,
803 4755 895 4808 καὶ
919 4755 978 4806 ἐν
999 4755 1114 4816 τοῖς
1136 4752 1421 4822 ἀμπελῶσί
1452 4769 1544 4804 σου
1590 4753 1650 4803 οὐ
1686 4751 1761 4821 μὴ

186 4845 671 4918 εὐφρανθήσονται,
699 4842 793 4896 καὶ
817 4844 875 4895 ού
914 4843 988 4914 μὴ
1032 4841 1364 4910 πατήσουσιν
1386 4835 1525 4894 οἶνον
1565 4842 1643 4902 εἰς
1691 4840 1762 4893 τά

189 4937 440 5010 ὖπολήνια
465 4956 480 4968 ·
509 4935 791 4988 πέπαυται
813 4935 938 5008 γάρ.
967 4954 985 4987 ι
1018 4931 1280 5004 Σημαίνει
1298 4933 1354 4984 δὲ
1381 4931 1471 4985 διὰ
1495 4933 1594 5002 τῆς
1617 4933 1761 4985 ὀπώ-

191 5043 278 5097 ρας
305 5031 400 5082 καὶ
422 5027 519 5081 τοῦ
547 5022 833 5096 θερισμοῦ,
866 5026 961 5078 καὶ
1002 5022 1092 5077 διά
1130 5023 1232 5093 τῆς
1262 5021 1522 5086 πολλάκις
1565 5025 1762 5093 ὀνομα-

190 5119 397 5191 σθείσης
425 5117 682 5190 ἀμπέλου
731 5116 794 5168 τὸ
845 5116 1068 5180 εὐθαλὲς
1118 5114 1213 5168 καὶ
1260 5115 1517 5185 ἄκμαιον,
1563 5117 1657 5167 καὶ
1703 5114 1764 5169 τὸ

187 5214 445 5284 τρυφερὸν
487 5212 581 5264 καὶ
613 5209 815 5280 ῳραῖον
851 5209 949 5279 τῆς
976 5208 1086 5261 τῶν
1117 5207 1462 5278 δηλουμένων
1501 5207 1668 5278 ζωῆς,
1702 5211 1762 5260 ἐν

188 5298 442 5375 ᾗῶσπερ
506 5300 801 5372 μεθύοντες
869 5299 1053 5370 διῆγον
1111 5299 1603 5370 ὲνευφραινόμενοι,
1667 5303 1760 5353 καὶ

187 5394 548 5468 ἐντρυφῶντες
574 5392 673 5445 ἐπὶ
695 5393 814 5454 ταῖς
841 5390 1020 5454 ἀθέοις
1045 5390 1224 5443 αὐτῶν
1256 5391 1614 5454 δυσσεϐείαις.

253 5487 394 5541 «Διά
419 5484 590 5538 τοῦτο
627 5485 662 5552 ή
695 5481 872 5535 κοιλία
919 5500 1017 5553 μου
1072 5481 1165 5534 ἐπὶ
1210 5480 1382 5534 Μωάϐ
1429 5481 1506 5543 ὼς
1561 5481 1761 5554 κιθάρα

188 5576 381 5650 ήχήσει,
412 5577 512 5630 καὶ
559 5573 630 5626 τὰ
673 5572 823 5635 ὲντός
848 5589 948 5642 μου
975 5573 1107 5624 ὠσεὶ
1134 5573 1308 5648 τεῖχος
1340 5571 1368 5624 ὃ
1398 5571 1759 5636 ἐνεκαίνισας,

191 5671 272 5723 καὶ
302 5672 456 5726 ἔσται
506 5668 591 5730 εἰς
642 5665 704 5717 τὸ
754 5665 1085 5736 ἐντραπῆναί
1139 5680 1218 5716 σε.
1262 5682 1279 5713 ι
1319 5666 1472 5718 Κατά
1517 5663 1572 5716 δὲ
1606 5665 1762 5732 λόγων

191 5760 490 5836 βαθύτερον,
517 5758 664 5831 πρὸς
703 5757 860 5809 αὑτὸν
892 5758 984 5810 καὶ
1006 5755 1102 5809 νῦν
1134 5758 1160 5808 ὁ
1193 5755 1370 5823 λόγος,
1404 5755 1540 5827 πρὸς
1576 5756 1633 5808 ὃν
1667 5758 1762 5809 καὶ

187 5852 257 5919 τὸ,
293 5875 310 5908 t
338 5855 480 5910 ὡσεὶ
505 5853 690 5919 τεῖχος
713 5847 742 5899 δ
778 5847 1133 5909 ὲνεκαίνισας,
1177 5865 1196 5897 ι
1221 5844 1420 5917 δηλαδὴ
1463 5845 1556 5899 τὸν
1604 5845 1756 5901 Θεὸν.

407 5951 698 6010 Ριτιιυι.
753 5942 868 6005 Gn.
929 5942 1163 6004 XXIV.

1869 4751 2054 4802 vinum
2091 4751 2146 4804 iu
2195 4751 2561 4809 torcularibus
2616 4773 2628 4808 :
2685 4757 2920 4810 cessavit
2952 4759 3120 4810 enim.
3159 4775 3179 4810 ι
3213 4755 3319 4813 Per
3347 4775 3448 4812 au-

1871 4851 2114 4894 tumnum
2163 4852 2219 4897 et
2254 4859 2527 4908 messem,
2581 4861 2646 4901 ac
2697 4862 2798 4918 per
2842 4848 3054 4902 vineam
3091 4840 3287 4918 saepius
3335 4865 3450 4906 me-

1870 4943 2179 4997 moratam,
2230 4933 2559 5001 ﬂorentem,
2614 4939 2976 5010 voluptariam
3037 4951 3091 4995 et
3148 4941 3448 5008 jucundam
3552 4943 3560 4951 ’

1869 5037 2055 5077 eorum
2084 5024 2250 5078 vitam
2288 5025 2490 5081 indicat
2516 5067 2532 5092 ,
2563 5043 2668 5098 qua
2717 5044 2816 5085 ceu
2865 5029 3003 5085 ebrii
3043 5033 3309 5101 degebant
3350 5031 3445 5088 lae-

1872 5125 2049 5172 tantes
2097 5126 2154 5171 et
2213 5119 2555 5176 lascivientes
2606 5123 2659 5175 iu
2714 5121 2938 5177 nefariis
2983 5125 3095 5178 suis
3146 5125 3448 5194 impietati-

1868 5208 1989 5263 bus.
3021 5219 3027 5226 '

1943 5481 2106 5538 Vsus.
2158 5483 2246 5539 Η.
2277 5501 2294 5534 ι
2333 5482 2458 5538 Ideo
2488 5497 2680 5541 venter
2710 5502 2865 5544 meus
2897 5503 3063 5559 super
3091 5489 3247 5543 Moab
3287 5490 3442 5559 quasi

1871 5574 2082 5627 cithara
2128 5573 2385 5640 sonabit,
2429 5585 2482 5630 et
2531 5578 2794 5634 interiora
2847 5593 2965 5634 mea
3008 5580 3162 5650 quasi
3213 5596 3440 5645 murus.

1871 5679 2028 5731 quem
2063 5665 2350 5729 iunovasti,
2385 5678 2438 5722 et
2471 5668 2573 5722 erit
2606 5681 2661 5724 ut
2693 5684 2742 5726 te
2771 5682 3148 5728 revereautur.
3184 5691 3204 5726 ι
3237 5673 3448 5728 Secun-

1871 5760 1994 5813 dum
2026 5758 2429 5827 profundiorem
2462 5761 2796 5833 intelligendi
2832 5766 3098 5820 rationem
3129 5807 3144 5832 ,
3175 5781 3296 5820 eum
3331 5765 3445 5835 jam

1868 5848 2164 5919 alloquitur
2218 5849 2301 5902 cui
2333 5847 2456 5903 dicit
2491 5889 2506 5915 ,
2557 5871 2575 5902 ι
2613 5857 2766 5922 quasi
2804 5871 2994 5912 murus
3029 5871 3188 5926 Quem
3218 5856 3446 5912 innova-

3081 5956 3119 6014 7
