4100 6492
687 424 791 478 9.05

1348 420 1607 478 EUSEBII
1646 416 2118 476 CESARIENSIS
2155 416 2301 472 OPP.
2346 416 2522 472 PARS
2562 418 2648 472 Ill.
2688 447 2755 456 —
2794 416 3195 473 EXEGETICA.

3792 426 3893 479 204

689 539 796 600 sti,
852 553 869 586 ι
923 534 1170 589 videlicet
1200 534 1383 587 Deum.
1436 535 1569 600 Quid
1603 548 1733 604 ergo
1761 534 1860 587 sibi
1904 532 2017 586 vult
2070 531 2195 585 illud

2342 531 2404 581 Τί
2450 526 2539 582 οὖν
2577 531 2820 599 βούλεται
2847 530 2908 581 τὸ
2954 530 3237 601 τολμηρῶς
3278 530 3465 584 δοκοῦν
3515 532 3783 604 εἰρῆσθαι,
3812 540 3891 601 τὸ,

688 624 828 692 quod
860 637 990 677 sane
1042 633 1241 676 temere
1286 623 1484 676 dictum
1514 623 1778 688 videnlur,
1830 640 1847 673 ι
1891 621 2043 683 Erit,
2090 628 2147 672 ut
2183 629 2233 673 te

687 712 1072 765 revereantur?
1096 730 1114 761 ι
1144 710 1278 774 Ideo,
1316 710 1505 777 inquit,
1540 710 1720 765 firmas
1756 709 1884 763 mihi
1917 710 2057 763 intus
2089 708 2236 778 cogi-

689 804 921 857 tationes
952 802 1204 871 eiargitus
1228 814 1286 854 es
1308 841 1323 865 ,
1373 801 1442 854 ita
1479 810 1537 855 ut
1572 802 1659 870 qui
1693 817 1810 857 sese
1840 802 1905 857 ad
1935 812 1986 855 te
2012 801 2233 854 minime

686 902 1022 955 convertunt,
1054 893 1125 944 tui
1157 891 1511 945 reverentiam
1540 892 1793 953 habeant.
1815 892 1883 945 ob
1918 900 2230 961 argumenta

687 998 751 1036 ex
778 984 956 1038 inditis
984 982 1109 1036 mihi
1138 981 1441 1049 praevalidis
1482 983 1902 1051 cogitationibus
1934 982 2062 1050 ipsis
2082 982 2232 1036 obla-

687 1083 761 1125 ta.
794 1073 953 1126 Deest
996 1073 1171 1139 itaque
1214 1070 1341 1125 illud
1366 1110 1381 1134 ,
1417 1088 1435 1121 ι
1474 1072 1613 1140 ipsi,
1655 1091 1672 1124 ι
1706 1083 1763 1126 ιιι
1793 1087 1920 1127 sana
1949 1074 2228 1128 verborum

683 1162 945 1217 sententia
972 1163 1249 1226 reddatur,
1282 1180 1300 1212 ‹
1336 1162 1400 1216 Ει
1424 1162 1527 1217 erit
1559 1171 1618 1215 ut
1642 1164 1739 1233 ipsi
1773 1166 2128 1219 reverentiam
2154 1165 2227 1219 tui

686 1257 936 1308 habeant.
998 1273 1017 1305 ›
1062 1253 1513 1318 Quemadmodum
1565 1255 1703 1307 enim
1739 1256 1829 1322 qui
1865 1256 1917 1309 in
1953 1256 2103 1312 bellis
2136 1258 2228 1311 ad-

682 1360 836 1400 versa
868 1344 1003 1398 facie
1032 1346 1351 1407 consistunt,
1385 1345 1620 1411 quandiu
1654 1361 1806 1415 aequo
1835 1357 2006 1403 marte
2036 1364 2229 1419 pugna-

684 1444 790 1497 tur,
822 1452 927 1490 non
963 1445 1110 1505 terga
1154 1436 1320 1498 dant,
1350 1448 1519 1502 neque
1562 1437 1745 1505 pedem
1790 1438 2069 1504 referunt;
2107 1454 2226 1495 cum

679 1536 859 1581 autem
904 1527 1069 1581 altera
1122 1541 1242 1594 pars
1277 1526 1569 1594 praevalet,
1608 1535 1731 1580 tunc
1764 1528 1937 1597 fugam
1984 1529 2222 1595 faciunt;

679 1619 754 1671 ita
786 1628 837 1671 et
868 1620 1040 1672 anima
1080 1617 1417 1686 impudenter
1443 1619 1494 1671 in
1533 1618 1647 1672 acie
1678 1620 1854 1673 stabat
1889 1634 1985 1674 nec
2015 1635 2225 1675 revere-

679 1710 875 1773 baturr;
915 1709 1076 1762 verbo
1110 1716 1285 1761 autem
1333 1708 1533 1764 efﬁcaci
1565 1713 1804 1763 convicta
1835 1750 1847 1773 ,
1880 1711 1930 1763 in
1966 1710 2222 1778 pudorem

677 1810 729 1850 et
762 1798 1117 1851 reverentiam
1147 1800 1394 1851 vertitur.
1424 1799 1487 1852 Et
1525 1814 1647 1867 quia
1674 1799 1724 1851 in
1759 1801 1968 1853 occulta
1995 1801 2222 1853 hominis

673 1896 823 1955 parte
853 1889 966 1941 huic
985 1890 1265 1941 conversio
1290 1888 1536 1952 elIicitnr,
1561 1889 1814 1958 ἐντροπὴ,
1846 1889 1957 1943 sive
1985 1890 2218 1958 confusio

676 1989 1033 2047 nuncupatur.
1066 1979 1185 2032 ldeo
1214 1993 1342 2047 ergo
1374 1989 1561 2032 venter
1590 1980 1801 2034 sonabit
1830 2018 1845 2043 ,
1885 1988 1939 2033 et
1967 1980 2219 2034 interiora

676 2070 831 2137 quasi
868 2086 1051 2124 murus
1074 2112 1088 2135 ,
1134 2086 1292 2141 quem
1322 2072 1591 2124 innovavit
1640 2071 1779 2125 Deus
1814 2071 2079 2139 prophetae
2112 2088 2125 2125 :
2165 2081 2220 2125 ut

675 2169 965 2224 mutentur,
992 2171 1045 2215 et
1070 2161 1480 2225 confundantur,
1516 2162 1789 2230 Deumque
1833 2172 2215 2217 revereantur:

675 2251 902 2303 antehac
929 2252 1074 2304 utilis
1098 2253 1319 2319 pudoris
1348 2252 1537 2315 ignari.
1574 2250 1675 2304 Per
1700 2250 1824 2304 illud
1856 2267 2005 2315 sane.

740 2340 899 2396 Vens.
934 2342 1017 2394 12.
1060 2360 1077 2390 ι
1130 2341 1261 2407 Quia
1290 2342 1607 2411 defatigatus
1648 2352 1731 2396 est
1755 2342 1905 2396 Moab
1943 2342 1992 2395 in
2024 2343 2214 2397 altari-

668 2433 768 2485 bus
789 2472 805 2495 ,
835 2441 887 2485 et
916 2432 1245 2502 ingredietur
1276 2436 1324 2487 in
1373 2434 1673 2488 manufacta
1715 2436 1776 2487 ad
1821 2436 2081 2488 orandum
2106 2475 2121 2501 ,
2162 2445 2217 2489 et

669 2537 773 2574 non
812 2532 1060 2589 poterunt
1103 2538 1287 2576 eruere
1326 2524 1467 2576 illum
1494 2564 1509 2586 ,
1550 2544 1566 2575 ι
1602 2524 1828 2578 fortasse
1876 2526 2051 2579 omnis
2097 2526 2211 2580 ido-

670 2611 893 2665 lolatrim
930 2612 1340 2667 desunctionem
1381 2654 1395 2670 .
1440 2615 1488 2666 in
1537 2614 1640 2668 fine
1675 2630 1738 2667 ex
1789 2614 2016 2668 adventu
2054 2616 2211 2671 Verbi

666 2702 897 2756 futuram
928 2742 942 2765 ,
988 2704 1310 2757 vaticinatur
1361 2704 1522 2759 Isaias
1568 2723 1580 2757 :
1628 2704 1747 2772 quia
1781 2720 1969 2760 omnes
2002 2705 2051 2758 in
2084 2721 2214 2760 con-

668 2793 936 2848 struendis
967 2793 1176 2861 templis
1214 2794 1461 2864 insumpti
1500 2793 1708 2849 labores
1751 2796 1868 2847 vani
1919 2804 2087 2859 sunt,
2128 2797 2211 2849 in-

666 2882 1043 2952 fructuosaque
1087 2898 1208 2953 spes
1259 2885 1310 2937 in
1369 2884 1687 2938 manufactis
1743 2886 1933 2953 posita.
1989 2904 2007 2937 ι
2054 2885 2209 2951 Nam,

664 2974 858 3043 inquit,
903 2977 1171 3041 orabunt,
1213 2988 1262 3029 et
1303 2992 1406 3030 non
1449 2986 1695 3045 poterunt
1735 2992 1922 3031 eruere
1964 2978 2131 3030 illum.
2186 2999 2204 3030 ι

660 3064 923 3118 Caeterum
981 3065 1079 3118 hoc
1109 3064 1220 3132 jam
1266 3066 1316 3117 in
1371 3065 1597 3118 adventu
1644 3065 1841 3121 Christi
1889 3068 2207 3136 completum

662 3166 745 3209 εει
790 3174 803 3209 Ζ

662 3245 728 3300 lis
783 3246 1047 3300 habentur
1092 3268 1102 3300 :
1162 3262 1259 3301 nec
1306 3246 1442 3300 ultra
1491 3247 1590 3300 illa:
1646 3247 1942 3300 dazmonum
1992 3248 2214 3305 fallacia:

660 3337 991 3399 consistunt,
1043 3337 1344 3392 adversaria
1413 3337 1497 3390 illa
1559 3348 1815 3406 potestate
1867 3354 1963 3408 per
2018 3348 2210 3409 myste-

663 3428 799 3479 rium
858 3429 1033 3482 crucis
1085 3429 1135 3480 in
1190 3437 1299 3483 toto
1356 3429 1483 3482 orbe
1542 3428 1882 3497 praadicatum
1931 3429 1983 3482 in
2034 3429 2209 3500 fugam

660 3532 835 3569 versa.

736 3606 891 3660 \‘Ens.
927 3608 1025 3670 13.
1066 3607 1150 3660 Μ.
1204 3627 1219 3656 ι
1274 3607 1381 3661 Hoc
1429 3607 1645 3661 verbum
1693 3608 1832 3676 quod
1878 3608 2081 3662 locutus
2129 3617 2210 3663 est

663 3705 916 3757 Dominus
956 3719 1114 3772 super
1148 3702 1296 3757 Moab
1326 3743 1338 3765 ,
1368 3705 1582 3772 quando
1614 3704 1823 3757 locutus
1844 3712 1945 3758 est.
1978 3704 2042 3757 Et
2068 3720 2209 3759 nunc

659 3796 779 3847 dico
810 3795 861 3847 in
911 3793 1080 3846 tribus
1113 3793 1264 3847 annis
1307 3808 1563 3846 annorum
1598 3794 1952 3858 mercenarii,
1981 3794 2207 3850 inhono-

658 3899 864 3954 rabitur
897 3898 1065 3967 gloria
1094 3894 1267 3959 Moab,
1300 3896 1352 3948 in
1380 3897 1629 3951 omnibus
1652 3898 1867 3951 divitiis
1882 3897 2065 3953 multis
2099 3916 2113 3951 :
2150 3908 2205 3953 et

660 3992 987 4058 relinquetur
1024 3992 1310 4053 minimus,
1351 3999 1403 4041 et
1441 4004 1543 4042 non
1579 3991 1891 4045 honoratus.
1935 4009 1952 4040 ι
1983 3988 2087 4043 Pro
2115 3990 2204 4045 illo

658 4086 794 4150 apud
830 4080 965 4134 LXX
995 4080 1310 4147 lnterpretes
1336 4078 1496 4142 dicto,
1530 4097 1549 4129 ι
1587 4078 1641 4132 ln
1677 4082 1846 4134 tribus
1874 4081 2029 4135 annis
2068 4096 2205 4135 mer-

657 4172 859 4226 cenarii
908 4171 1312 4223 inhonorabitur
1362 4171 1529 4239 gloria
1579 4169 1772 4234 Moab,
1826 4189 1843 4221 ι
1885 4171 2203 4239 interposita

657 4264 796 4332 apud
822 4262 1051 4329 reliquos
1095 4263 1409 4328 interpretes
1441 4259 1731 4324 distinctio,
1764 4261 2045 4318 clariorem
2076 4278 2199 4317 sen-

656 4356 877 4409 tentiam
926 4354 1087 4407 etﬁcit
1136 4371 1148 4405 :
1204 4368 1323 4405 nam
1374 4352 1664 4405 secundum
1696 4352 1940 4421 Aquilam
1984 4355 2199 4419 dicitur,

658 4464 678 4497 ‹
717 4446 770 4498 In
796 4442 961 4497 tribus
992 4444 1144 4496 aiinis
1174 4442 1523 4506 mercenarii;
1564 4459 1581 4489 ι
1619 4448 1907 4497 secundum
1949 4443 2199 4515 Symma-

2342 643 2357 672 ι
2403 624 2591 675 Ἔσται
2613 626 2691 686 εἰς
2712 626 2770 676 τὸ
2803 624 3131 694 ἐντραπῆναί
3164 616 3242 675 σε.
3280 642 3298 673 ›
3326 624 3421 676 Διὰ
3444 624 3599 676 τοῦτό
3628 642 3739 695 μοι,
3796 645 3893 699 φη-

2336 713 2437 775 σὶν,
2486 713 2731 780 ἰσχυροὺς
2776 713 3010 782 ἐχαρίσω
3051 709 3261 761 ἔνδοθεν
3305 712 3430 773 τοὺς
3474 710 3886 781 διαλογισμούς·

2332 798 2471 851 ὥστε
2494 801 2616 862 τοὺς
2642 800 2734 852 νῦν
2769 802 2842 871 μὴ
2869 799 3289 871 ἐπιστρέφοντας
3332 802 3423 853 ἐπὶ
3461 802 3517 853 σὲ
3562 803 3890 873 ὲντραπῆναί

2334 908 2412 952 σε,
2437 891 2522 943 διὰ
2543 888 2647 941 τῶν
2670 891 2903 960 ἐλέγχων
2932 891 3037 944 τῶν
3063 893 3480 961 προσαγομένων
3511 893 3689 955 αὐτοῖς
3714 895 3774 946 ἐκ
3795 894 3891 964 τῆς

2331 982 2437 1033 τῶν
2464 982 2753 1052 δεδομένων
2786 1000 2872 1052 μοι
2889 981 3155 1051 λογισμῶν
3188 984 3446 1045 εὐτονίας.
3476 984 3661 1035 Λείπει
3688 979 3781 1036 οὖν
3810 984 3887 1049 τὸ,

2338 1092 2355 1123 ι
2386 1074 2600 1136 αὐτοὺς,
2646 1093 2663 1123 ι
2697 1074 2784 1126 ἴνα
2806 1075 2974 1143 ὑγιῶς
3004 1075 3031 1126 ὁ
3061 1072 3183 1137 νοῦς
3208 1073 3313 1125 τῶν
3341 1074 3596 1143 ῥημάτων
3633 1074 3887 1145 ἀποδοθῇ,

2336 1181 2353 1213 ι
2390 1164 2500 1215 Kal
2539 1162 2687 1214 ἔσται
2714 1164 2793 1225 είς
2823 1162 2884 1213 τὸ
2916 1163 3245 1233 ἐντραπῆναι
3279 1162 3473 1225 αύτούς
3502 1180 3582 1218 σε.
3624 1181 3642 1213 ι
3680 1164 3889 1231 Ὥσπερ

2330 1249 2437 1320 γὰρ
2473 1251 2521 1302 οἱ
2546 1250 2603 1301 ἐν
2630 1253 2741 1313 τοῖς
2770 1250 3024 1321 πολέμοις
3048 1252 3447 1322 ἀντιπρόσωποι
3485 1253 3733 1317 ἑστῶτες,
3788 1254 3891 1318 ἓως

2333 1343 2430 1409 μὲν
2458 1340 2723 1404 ἰσοπαλείς
2749 1341 2995 1394 δοκοῦσιν
3025 1341 3179 1405 εἷναι,
3221 1344 3279 1395 ού
3331 1344 3619 1414 τρέπονται
3656 1345 3777 1397 οὐδὲ
3802 1347 3889 1398 ἐκ-

2329 1432 2616 1493 κλίνουσιν,
2637 1430 2851 1484 ἐπειδὰν
2872 1433 2925 1483 δὲ
2953 1433 3192 1506 ὑπερέχῃ
3224 1434 3401 1485 αὐτῶν
3424 1435 3481 1485 τὸ
3501 1435 3683 1505 ἕτερον
3704 1434 3885 1505 μέρος,

2326 1523 2621 1593 τραπέντες
2653 1523 2937 1591 φεύγουσιν
2957 1541 2969 1553 ·
3004 1524 3143 1576 οὓτω
3176 1524 3268 1576 καὶ
3296 1524 3438 1593 ψυχή
3466 1525 3568 1576 ὑπὸ
3616 1526 3890 1589 ἀναιδείας

2327 1613 2775 1685 παρατεταγμένη
2800 1614 3028 1684 ἕστηκεν
3049 1616 3146 1667 οὐκ
3168 1616 3553 1687 ἐντρεπομένη,
3578 1616 3887 1686 ἐλεγχθεῖσα

2324 1704 2379 1756 δὲ
2423 1705 2525 1756 ὑπὸ
2574 1705 2729 1772 λόγου
2757 1703 3168 1774 καθαπτομένου
3212 1705 3400 1774 αὐτῆς,
3448 1705 3706 1775 τρέπεται
3753 1708 3887 1777 πρὸς

2326 1796 2602 1864 αἰσχύνην.
2632 1796 2739 1849 Καὶ
2774 1795 2961 1865 ἐπειδὴ
3001 1798 3057 1847 ὲν
3104 1794 3179 1864 τῷ
3209 1796 3432 1867 κρυπτῷ
3458 1796 3552 1848 τοῦ
3596 1796 3885 1867 ἀνθρώπου

2324 1890 2527 1955 γίνεται
2567 1890 2599 1959 ή
2625 1887 2818 1958 τροπὴ,
2846 1887 3081 1957 ἐντροπὴ
3113 1889 3568 1957 προσηγόρευται.
3605 1889 3704 1940 Διὰ
3727 1890 3884 1945 τοῦτο

2331 1979 2419 2035 οὖν
2450 1985 2481 2051 ἡ
2522 1982 2693 2034 κοιλία
2718 1983 2933 2051 ὴχήσει,
2962 1982 3053 2033 καὶ
3082 1980 3147 2033 τὰ
3181 1981 3348 2045 ἐντὸς,
3380 1984 3509 2034 ὡσεὶ
3551 1985 3724 2050 τεῖχος
3751 1984 3779 2035 ὃ
3804 1986 3886 2035 ἐν·

2320 2074 2586 2126 εκαίνισεν
2612 2076 2639 2126 ὁ
2660 2071 2788 2135 Θεὸς
2820 2071 2913 2124 τοῦ
2948 2073 3224 2142 προφήτου
3248 2089 3259 2101 ·
3294 2073 3378 2124 ἵνα
3427 2072 3770 2141 μεταϐάλωσι
3792 2076 3885 2127 καὶ

2318 2164 2640 2234 ἐντραπῶσι,
2672 2162 2762 2215 τοῦ
2808 2162 3068 2217 αἰδεῖσθαι
3123 2162 3274 2223 Θεὸν,
3334 2164 3596 2235 πρότερον
3636 2164 3735 2216 οὐκ
3785 2164 3884 2216 ὲπ-

2321 2257 2589 2325 ιστάμενοι
2616 2260 2710 2325 τὴν
2736 2255 3005 2323 ὠφέλιμον
3033 2253 3310 2323 αἰσχύνην.
3330 2256 3424 2308 Διά
3459 2258 3637 2324 μέντοι
3660 2254 3776 2321 τοῦ,

2391 2367 2407 2397 ‹
2448 2349 2566 2399 Ὅτι
2596 2348 2850 2399 ἐκοπίασε
2877 2346 3047 2399 Μωὰό
3086 2346 3177 2398 ἐπὶ
3233 2350 3344 2410 τοῖς
3378 2347 3602 2417 βωμοῖς,
3646 2348 3741 2401 καὶ
3774 2348 3884 2401 εἱσ-

2315 2438 2585 2490 ελεύσεται
2622 2439 2699 2500 εἰς
2736 2437 2803 2489 τὰ
2856 2436 3224 2507 χειροποίητα,
3275 2438 3414 2491 ὥστε
3460 2437 3881 2509 προσεύξασθαι,

2314 2531 2405 2581 καὶ
2433 2529 2491 2581 οὐ
2522 2528 2596 2598 μὴ
2618 2529 2871 2581 δύνωνται
2920 2527 3188 2591 ἐξελέσθαι
3231 2530 3389 2582 αὐτόν
3408 2546 3421 2559 ο
3455 2547 3473 2580 ι
3499 2530 3636 2599 τάχα
3664 2529 3757 2581 τὸν
3791 2531 3882 2582 ἐπὶ

2311 2620 2452 2673 τέλει
2487 2622 2792 2691 ἀφανισμὸν
2825 2622 3003 2690 πάσης
3047 2622 3490 2691 εἰδωλολατρείας
3534 2623 3599 2674 ἐκ
3637 2621 3737 2691 τῆς
3783 2620 3881 2674 τοῦ

2312 2696 2468 2778 λόγου
2508 2710 2844 2779 ἐπιφανείας,
2882 2712 3205 2781 προφητεύει
3252 2713 3280 2763 ὁ
3326 2713 3581 2775 Ἡσαΐας·
3640 2712 3723 2765 ὅτι
3776 2713 3881 2783 μά-

2311 2820 2447 2855 ταιοι
2483 2803 2677 2864 πάντες
2717 2804 2764 2854 οἱ
2810 2804 2901 2853 ἐπὶ
2932 2804 3051 2863 ταῖς
3095 2805 3456 2865 κατασκευαῖς
3485 2802 3591 2855 τῶν
3615 2802 3758 2857 ναῶν
3784 2802 3881 2873 μό·-

2311 2894 2446 2963 χθοι,
2480 2894 2573 2946 καὶ
2604 2894 2895 2961 ἀνωφελεῖς
2942 2895 2995 2946 αἱ
3040 2895 3118 2957 είς
3158 2894 3225 2946 τὰ
3263 2894 3608 2965 χειροποίητα
3640 2894 3874 2957 ἐλπίδες.

2318 3004 2335 3035 ι
2373 2983 2764 3054 Προσεύξονται
2802 2985 2929 3055 γὰρ,
2965 2985 3115 3053 φησὶ,
3149 2987 3242 3038 καὶ
3272 2987 3332 3037 ού
3370 2986 3442 3055 μὴ
3491 2984 3751 3037 δύνωνται
3784 2984 3871 3049 ἐξα

2310 3076 2520 3129 ελέσθαι
2546 3076 2724 3128 αὐτόν.
2757 3096 2774 3127 ι
2796 3076 2963 3128 Τοῦτο
2984 3076 3039 3127 δέ
3069 3075 3162 3127 νῦν
3194 3076 3285 3127 ἐπί
3312 3076 3410 3144 τῆς
3440 3074 3670 3147 Χριστοῦ
3694 3074 3879 3144 ἐπιδη-

850 3156 935 3207 illa
984 3156 1176 3226 quippe
1221 3156 1346 3210 olim
1399 3157 1599 3209 famosa
1634 3157 1823 3225 templa
1873 3173 1969 3225 pro
2020 3173 2210 3227 scopu-

2315 3168 2439 3237 μίας
2469 3166 2818 3237 πεπλήρωται
2842 3183 2855 3195 ·
2892 3167 3010 3219 ἀντὶ
3058 3166 3332 3218 σκοπέλων
3364 3167 3460 3235 μὲν
3492 3165 3596 3237 γὰρ
3643 3166 3879 3235 ἑστήκα-

2316 3276 2396 3311 σιν
2432 3260 2479 3311 οἰ
2509 3260 2626 3311 ναοὶ
2657 3256 2987 3327 περιϐόητοι,
3012 3257 3191 3308 οὐκέτι
3221 3256 3277 3309 δὲ
3310 3260 3367 3309 αἱ
3403 3256 3511 3310 ἀπὸ
3544 3256 3652 3309 τῶν
3680 3256 3874 3327 δαιμό-

2312 3367 2415 3403 νων
2439 3348 2661 3407 ἀπάται,
2695 3347 3117 3416 φυγαδευθείσης
3156 3345 3255 3416 τῆς
3293 3348 3673 3418 ἀντικειμένης
3712 3347 3878 3402 δυνά-

2313 3458 2454 3511 μεως
2477 3440 2565 3492 διὰ
2595 3440 2655 3491 τὸ
2684 3441 2976 3509 μυστήριον
3001 3438 3093 3491 τοῦ
3130 3438 3362 3507 σταυροῦ
3395 3439 3489 3491 τοῦ
3526 3438 3666 3492 κατὰ
3692 3441 3877 3494 πᾶσαν

2306 3534 2403 3603 τὴν
2430 3532 2746 3601 οἰκουμένην
2772 3549 2904 3600 κεκη
2915 3548 3013 3600 ρυγ
3021 3531 3198 3600 μένου.

2383 3642 2399 3672 ι
2437 3623 2605 3675 Τοῦτο
2644 3622 2703 3673 τὸ
2747 3622 2893 3692 ῥῆμα
2922 3623 2949 3674 ὃ
2991 3622 3217 3693 ἐλάλησε
3274 3622 3477 3691 Κύριος
3530 3622 3623 3673 ἐπὶ
3672 3620 3871 3685 Μωὰσ,

2306 3715 2461 3767 δπὰτε
2494 3714 2740 3781 ἐλάλησε.
2771 3713 2879 3764 Καὶ
2904 3712 2997 3765 νῦν
3031 3712 3190 3780 λέγω,
3224 3715 3281 3765 ὲν
3315 3713 3489 3781 τρισὶν
3517 3712 3691 3764 ἔτεσιν
3734 3711 3873 3763 ἐτῶν

2309 3802 2574 3873 μισθωτοῦ
2614 3803 3042 3872 ἀτιμασθήσεται
3074 3804 3105 3873 η
3138 3801 3261 3867 δόξα
3284 3801 3456 3855 Μωὰὸ
3480 3803 3537 3854 ἐν
3570 3801 3736 3856 παντὶ
3788 3800 3872 3865 τῷ

2307 3894 2517 3961 πλούτῳ
2538 3893 2613 3962 τῷ
2645 3893 2840 3963 πολλῷ,
2892 3894 2983 3945 καὶ
3012 3893 3503 3965 καταλειφθήσεται
3556 3894 3855 3962 ὀλιγοστὸς,

2307 3986 2397 4038 καὶ
2422 3986 2520 4036 οὐκ
2546 3984 2777 4053 ἔντιμος.
2817 4003 2834 4034 ι
2881 3985 3023 4038 Ἀντὶ
3059 3987 3237 4055 μέντοι
3267 3984 3359 4038 τοῦ
3394 3986 3545 4055 παρὰ
3589 3987 3704 4048 τοῖς
3734 3984 3861 4038 Ἐσ-

2302 4074 2601 4143 δομήκοντα
2674 4073 2967 4140 φάσκοντος
3037 4073 3217 4140 λόγου,
3271 4092 3289 4123 ι
3355 4075 3446 4126 Ἐν
3467 4074 3660 4143 τρισὶν,
3686 4072 3869 4126 ἐτεσιν

2306 4162 2571 4235 μισθωτοῦ
2616 4163 3040 4234 ἀτιμασθήσεται
3088 4167 3120 4235 ἡ
3176 4165 3301 4230 δόξα
3361 4162 3552 4227 Μωὰδ,
3595 4181 3613 4213 ι
3655 4164 3688 4231 ἡ
3721 4162 3869 4217 κατὰ

2299 4258 2421 4319 τοὺς
2460 4255 2674 4317 λοιποὺς
2701 4255 3035 4325 ἐρμηνευτὰς
3056 4256 3329 4327 διαστολὴ,
3359 4254 3560 4326 μεταξὺ
3581 4254 3863 4324 βληθεῖσα,

2301 4347 2633 4415 σαφεστέραν
2656 4346 2951 4415 κατέστησε
2985 4345 3083 4415 τὴν
3123 4346 3380 4399 διάνοιαν
3418 4344 3558 4397 κατὰ
3610 4345 3707 4413 μὲν
3754 4344 3866 4415 γὰρ

2298 4434 2383 4485 τὸν
2426 4434 2649 4488 Ἀκύλαν
2679 4433 2925 4503 εἴρηται,
2955 4453 2973 4484 ‹
2998 4434 3286 4503 Ἐνιτρισὶν
3320 4432 3461 4485 ἔτεσι
3494 4430 3762 4500 μισθωτοῦ
3789 4448 3802 4462 σ
3837 4451 3858 4483 ι

653 4536 811 4587 cltum
841 4548 964 4586 vero
989 4576 1001 4595 ,
1050 4550 1067 4581 ι
1106 4531 1177 4584 Ex
1223 4547 1285 4586 eo
1323 4540 1561 4599 tempore
1605 4540 1657 4583 et
1705 4546 1846 4585 nunc
1880 4532 2085 4587 locutus
2117 4543 2198 4589 est

2313 4525 2437 4578 ιιατὰ
2486 4524 2540 4577 δὲ
2591 4527 2680 4578 τὸν
2722 4526 3029 4596 Σύμμαχον,
3059 4544 3076 4575 ι
3108 4527 3333 4577 Ἐκτοτε
3377 4523 3469 4575 καὶ
3496 4522 3589 4574 νῦν
3635 4522 3863 4593 ἐλάλησε

653 4624 907 4679 Daminus
937 4624 1116 4677 dicens
1142 4662 1155 4685 ,
1186 4622 1239 4673 In
1278 4622 1446 4673 tribus
1491 4622 1643 4674 annis
1672 4622 1824 4688 quasi
1858 4637 2017 4690 super
2049 4638 2193 4677 mer-

652 4716 959 4779 cenarium;
1005 4732 1023 4764 ι
1052 4712 1340 4767 secundum
1372 4710 1787 4765 Theodotionem
1821 4722 2021 4777 autem,
2057 4731 2075 4763 ι
2115 4715 2195 4769 Ab

654 4820 718 4858 eo
759 4814 989 4871 tempore
1038 4814 1091 4855 et
1134 4816 1270 4854 nunc
1316 4800 1517 4855 locutus
1550 4810 1632 4856 est
1679 4802 1933 4856 Dominus
1976 4803 2193 4869 dicens,

654 4896 708 4948 In
739 4896 905 4949 tribus
962 4894 1150 4955 annis,
1186 4893 1334 4959 quasi
1367 4893 1516 4946 annis
1548 4892 1884 4946 mercenarii.
1929 4912 1946 4944 ι
1975 4894 2193 4959 Deinde,

652 4985 756 5040 alio
802 4993 1069 5050 resumpto
1101 4982 1364 5049 principio
1392 5021 1406 5044 ,
1439 4981 1632 5034 dicitur
1665 4983 1805 5050 apud
1839 4981 2070 5051 reliquos
2117 4983 2199 5036 in-

652 5082 929 5141 terpretes,
968 5088 985 5120 ι
1017 5068 1081 5121 Ει
1109 5069 1517 5123 inhonorabitur
1545 5068 1710 5138 gloria
1740 5068 1895 5123 Moab
1933 5085 2052 5123 cum
2083 5085 2198 5124 om-

650 5162 804 5215 nibus
833 5160 1031 5214 divitiis
1066 5159 1265 5213 multis.
1319 5177 1335 5209 ι
1381 5159 1510 5213 Nam
1545 5160 1846 5226 conjunctio
1874 5202 1889 5224 ,
1938 5173 1985 5215 et
2012 5203 2025 5227 ,
2079 5178 2196 5231 qua:

652 5255 826 5307 media
860 5253 1233 5321 interponitur,
1259 5253 1417 5305 aliam
1452 5251 1609 5305 elfert
1635 5252 1950 5306 sententiam
1974 5292 1989 5314 .
2023 5254 2196 5307 abhis

650 5347 845 5410 verbis,
877 5364 892 5394 ι
932 5343 996 5397 Et
1018 5345 1424 5397 inhonorabitur
1454 5344 1616 5413 gloria
1647 5343 1798 5397 Moab
1826 5362 1840 5409 ;
1880 5364 1897 5393 ι
1929 5359 2047 5412 qua:
2068 5358 2194 5397 vero

653 5436 894 5503 superius
942 5444 1209 5501 ponuntur
1259 5434 1563 5503 significant
1614 5432 1891 5486 Dominum
1942 5434 2191 5502 praedicta

652 5525 827 5576 omnia
860 5523 923 5575 de
952 5520 1103 5576 Moab
1151 5524 1200 5574 in
1244 5523 1414 5575 tribus
1462 5523 1617 5575 annis
1662 5522 1890 5575 laeutum
1940 5537 2060 5577 esse
2099 5538 2192 5592 per

655 5611 994 5678 prophetam,
1024 5626 1085 5663 ac
1114 5612 1156 5664 si
1193 5612 1436 5665 mercede
1469 5612 1808 5665 conduxisset
1840 5627 1958 5666 eum
1987 5654 2001 5677 ,
2032 5622 2191 5681 atque

654 5702 892 5768 iit-hujus
930 5703 1214 5768 prophetia:
1258 5701 1554 5754 ministerio
1587 5712 1798 5757 vacaret
1853 5704 2185 5773 praecepisse.

652 5791 763 5844 Non
796 5794 934 5846 enim
970 5793 1411 5860 quemadmodum
1450 5809 1545 5847 nos
1575 5802 1739 5848 totam
1774 5792 2052 5850 lectionem
2086 5811 2187 5849 una

2301 4617 2500 4689 Κύριος
2528 4618 2719 4685 λέγων,
2769 4618 2854 4670 Ἐν
2907 4619 3081 4687 τρισὶν
3113 4617 3285 4667 ἔτεσιν
3303 4614 3380 4677 ὡς
3410 4614 3500 4665 ἐπὶ
3533 4612 3859 4682 μισθωτοῦ-ι

2301 4707 2439 4761 κατὰ
2469 4706 2524 4758 δὲ
2556 4707 2646 4759 τὸν
2676 4707 3022 4767 Θεοδοτίωνα,
3057 4724 3075 4756 ι
3122 4703 3252 4755 Ἀπὸ
3302 4704 3419 4754 τότε
3468 4702 3560 4753 καὶ⁹
3591 4700 3685 4753 νῦν
3734 4702 3862 4755 ἐλά-

2300 4799 2426 4870 λησε
2481 4799 2682 4869 Κύριος
2727 4800 2919 4865 λέγων,
2961 4797 3225 4867 Ἐντρισὶν
3269 4795 3441 4847 ἔτεσιν
3483 4794 3557 4857 ὠς
3596 4795 3861 4856 ἐνιαυτοῖς

2304 4889 2588 4958 μισθωτοῦ.
2631 4910 2649 4941 ι
2688 4887 2821 4942 Εἶτα
2854 4890 2959 4941 ἀπὸ
2993 4888 3183 4958 ἐτέρας
3231 4886 3406 4957 ἀρχῆς
3442 4885 3653 4954 εἴρηται
3707 4884 3861 4955 παρὰ

2300 4984 2408 5043 τοῖς
2466 4984 2667 5043 λοιποῖς
2724 4983 3095 5050 ὲρμηνευταῐς,
3149 4999 3166 5029 ι
3223 4980 3330 5031 Καὶ
3363 4974 3791 5046 ἁτιμασθήσεται
3823 4977 3861 5047 ή

2300 5072 2423 5136 δόξα
2453 5073 2625 5125 Μωάδ
2662 5074 2754 5125 σὺν
2788 5073 2944 5123 παντὶ
2968 5070 3043 5140 τῷ
3072 5070 3261 5140 πλήθει
3282 5068 3358 5138 τῷ
3386 5068 3582 5135 πολλῷ.
3608 5086 3625 5118 ι
3648 5070 3706 5121 ὐ
3727 5070 3859 5139 γὰρ,

2303 5164 2415 5227 καὶ,
2454 5164 2742 5232 σύνδεσμος
2777 5163 2934 5231 μέσος
2955 5162 3370 5232 παρεμϐληθεὶς,
3398 5161 3588 5232 ἑτέραν
3620 5161 3858 5215 διάνοιαν

2303 5254 2604 5323 παρέστησε
2634 5254 2729 5321 τὴν
2749 5254 2855 5304 ἀπὸ
2884 5253 2996 5314 τοῦ,
3023 5273 3040 5303 c
3082 5255 3187 5306 Kal
3219 5252 3641 5322 ἀτιμασθήσεται
3670 5255 3703 5323 ἡ
3730 5252 3858 5318 δόξα

2299 5344 2469 5397 Μωάό
2488 5361 2501 5374 '
2545 5362 2564 5395 ι
2602 5344 2662 5395 τὸ
2693 5344 2747 5394 δὲ
2783 5344 3082 5414 ἔμπροσθεν
3109 5343 3295 5413 ἐδήλου
3328 5344 3402 5405 ὡς
3427 5344 3484 5396 ὲν
3512 5343 3689 5415 τρισὶν
3713 5343 3857 5397 ἔτεσι

2297 5444 2361 5488 τα
2395 5434 2757 5507 προλεχθέντα
2788 5435 2960 5487 πάντα
2989 5436 3115 5506 περὶ
3144 5434 3243 5503 τῆς
3285 5434 3457 5488 Μωὰὸ
3496 5432 3699 5506 Κύριος
3726 5434 3857 5489 ἐ.λὰ-

2296 5527 2423 5596 λησε
2450 5526 2538 5577 διὰ
2574 5525 2664 5577 τοῦ
2699 5528 2993 5595 προφήτου,
3021 5526 3207 5596 ὥσπερ
3232 5524 3640 5595 μισθωσάμενος
3672 5523 3855 5587 αὑτὸν,

2297 5619 2389 5669 καὶ
2420 5618 2801 5686 ἁπασχολήσας
2834 5634 2897 5668 πε
2910 5619 2961 5688 pl
2998 5618 3093 5687 τὴν
3121 5616 3421 5687 ὑπηρεσίαν
3453 5615 3553 5685 τῆς
3577 5615 3707 5686 περὶ
3733 5614 3854 5667 τού-

2298 5727 2402 5761 των
2441 5709 2787 5781 προφητείας.
2812 5710 2883 5761 Ού
2910 5710 3015 5779 γὰρ
3046 5707 3232 5778 ὥσπερ
3262 5708 3419 5777 ἡμεῖς
3457 5705 3667 5777 ἀθρόως
3727 5723 3851 5760 συν-

2297 5799 2550 5862 άπτοντες
2576 5802 2635 5853 τὸ
2670 5802 2772 5853 πᾶν
2819 5801 3143 5870 ἀνάγνωσμα
3164 5798 3498 5869 διερχόμεθα,
3529 5796 3675 5853 οὕτω
3705 5799 3798 5852 καὶ
3824 5797 3851 5849 ἐ
