4100 6428
139 392 232 447 205

1113 393 1632 451 COMMENTARIA
1678 393 1742 450 IN
1783 393 2045 449 ISAIAN.
2093 424 2157 434 —-
2199 393 2352 448 CAP.
2397 389 2558 447 XVII.

3332 384 3439 438 206

143 511 412 582 προφήτης
449 513 617 567 κατὰ
655 515 946 582 συνάφειαν
993 512 1166 566 πάντα
1202 513 1362 581 λόγον
1394 515 1494 583 τῆς
1542 530 1745 584 προφη·

1865 512 2210 580 coniunctam
2246 508 2640 581 percurrimus,
2680 506 2749 560 ita
2779 516 2832 561 et
2865 506 3125 575 propheta
3157 517 3279 558 curn
3311 516 3440 557 ωει-

141 605 274 666 ιείας
301 606 607 676 τροχὰδην
631 606 960 675 ἐξηνέγκατο
983 622 996 635 ·
1030 605 1380 675 διῃρημένως
1406 607 1464 659 δὲ
1490 608 1586 658 καὶ
1612 606 1755 658 κατὰ

140 694 320 762 χρόνον
345 699 406 748 ὲν
439 696 746 766 διαφόροις
766 698 967 767 χρόνων
994 697 1321 766 διαστήμασι
1343 713 1355 726 ⁸
1389 697 1466 760 ὼς
1487 697 1556 749 τὰ
1578 699 1756 750 πάντα

142 784 506 858 πληρωθῆναι
537 790 678 860 τρία
706 791 821 858 ἐτη,
847 791 904 841 ἐν
935 785 1014 852 οἷς
1049 789 1302 844 λέλεκται
1330 788 1479 858 αύτῷ
1507 787 1576 841 τὰ
1612 792 1757 859 εἰρη-

142 877 284 943 μένα.
334 880 629 950 Ἑλὰλησε
661 881 838 934 τοίνυν
874 881 943 936 τὰ
985 883 1041 934 ὲν
1071 883 1252 951 τρισὶν
1277 882 1306 934 ὁ
1357 881 1563 951 Κύριος
1609 881 1755 933 ἔτεσι

142 969 218 1022 διὰ
245 970 340 1024 τοῦ
381 974 716 1044 προφήτου.
742 974 906 1037 Τέλος
931 974 986 1026 δὲ
1016 973 1123 1026 τῶν
1153 973 1334 1042 λόγων
1363 972 1459 1026 τοῦ
1505 972 1642 1026 Θεοῦ
1689 968 1756 1042 ἦν

141 1056 212 1123 τὸ,
235 1079 255 1111 ι
294 1063 420 1116 Καὶ
449 1063 902 1133 ἁτιμασθήσεται
937 1065 970 1134 ἠ
1002 1048 1126 1127 δόξα
1151 1063 1332 1118 Mde
1358 1064 1454 1118 σὺν
1487 1067 1652 1118 παντὶ
1678 1067 1756 1135 τῷ

143 1151 320 1221 πλήθει
367 1154 464 1223 τῷ
512 1154 725 1225 πολλῷ.
771 1157 881 1209 Καὶ
933 1155 1424 1226 καταλειφθήσεται
1447 1156 1752 1224 ὀλιγοστὸς,

146 1246 230 1298 καὶ
257 1247 358 1299 οὐκ
386 1247 651 1316 ἔντιμος.
696 1268 713 1300 ι
758 1252 823 1302 ’³0
871 1249 934 1318 δὴ
969 1251 1061 1303 καὶ
1113 1249 1251 1302 αὐτὸ
1285 1250 1423 1320 πρὸς
1465 1250 1608 1316 λέξιν
1655 1269 1753 1302 πε-

147 1337 447 1408 πλήρωται,
478 1339 563 1402 ὡς
593 1339 744 1392 ἔστιν
775 1341 895 1409 ὕψει
924 1343 1056 1393 πᾶσι
1088 1341 1272 1394 λαϐεῖν
1307 1342 1486 1412 ῥᾴδιον
1523 1345 1633 1405 τοῖς
1676 1345 1754 1404 εἰς

148 1429 259 1491 τοὺς
283 1432 498 1493 τόπους
521 1433 969 1500 ἀφικνουμένοις.

691 1614 1081 1668 ΚΕΦΔΛΑΙΟΝ
1115 1619 1215 1670 ΙΖ¹.

214 1716 232 1748 ι
265 1699 339 1752 Τὸ
356 1701 520 1771 ῥῆμα
549 1704 618 1755 τὸ
650 1705 792 1758 κατὰ
819 1708 1127 1777 Δαμασκοῦ.
1167 1710 1302 1762 Ἰδοὺ
1341 1711 1630 1780 Δαμασκὸς
1657 1713 1753 1783 ἁρ-

1855 604 2136 672 junctione
2165 612 2336 657 totum
2369 601 2669 671 prophetia
2696 613 3000 654 sermonem
3035 610 3140 650 uno
3169 609 3330 650 cursu
3352 611 3443 650 ex-

1862 696 2016 760 tulit;
2059 696 2153 750 sed
2185 693 2399 748 divisim
2429 704 2484 746 et
2515 691 2816 746 secundum
2864 700 3074 755 tempus
3100 727 3114 748 .
3160 686 3319 754 inque
3354 685 3440 738 di-

1858 788 2035 843 versis
2086 797 2388 855 temporum
2439 782 2769 846 intervallis;
2813 781 2883 833 ita
2917 789 2973 833 ut
3021 780 3118 833 toti
3169 788 3280 831 tres
3311 777 3441 831 anni

1858 878 2112 947 completi
2166 877 2319 938 sint,
2367 876 2418 928 in
2459 873 2656 944 quibus
2708 872 2896 926 isthmc
2927 871 3070 924 dicta
3115 867 3212 938 ipsi
3262 867 3437 921 fuere.

1861 971 1984 1025 llzcc
2013 971 2178 1041 igitur
2214 969 2269 1022 in
2297 967 2468 1021 tribus
2497 965 2657 1018 annis
2689 963 2948 1016 Dominus
2995 976 3090 1030 per
3117 961 3439 1031 prophetam

1859 1061 2074 1117 locutus
2105 1070 2209 1115 est.
2264 1058 2414 1112 Finis
2465 1067 2645 1111 autem
2691 1055 2980 1107 verborum
3038 1051 3249 1105 Domini
3307 1050 3444 1104 illud

1857 1165 1994 1218 erat,
2031 1172 2049 1204 ι
2097 1154 2162 1205 Et
2192 1151 2610 1206 inhonorabitur
2637 1149 2806 1220 gloria
2843 1147 2999 1202 Moab
3032 1161 3151 1200 cum
3184 1145 3445 1200 omnibus

1859 1246 2083 1308 divitiis,
2127 1245 2300 1312 iisque
2333 1243 2536 1296 multis.
2573 1242 2638 1295 Et
2672 1242 3023 1310 relinquetur-
3051 1240 3310 1292 rninimus
3337 1279 3351 1301 ,
3383 1247 3444 1290 et

1859 1351 1963 1388 non
1999 1337 2317 1388 honoratus.
2345 1352 2362 1383 ι
2400 1332 2552 1398 Quod
2591 1333 2761 1400 ipsum
2789 1333 2852 1384 ad
2887 1332 3126 1383 litteram
3157 1329 3438 1399 impletum

1858 1439 1959 1489 est,
1989 1438 2046 1478 ut
2087 1427 2245 1480 facile
2294 1427 2423 1494 ipsis
2472 1425 2646 1478 oculis
2675 1424 2987 1493 perspicere
3016 1423 3229 1476 valeant
3277 1430 3439 1490 quot-

1857 1528 1989 1587 quot
2018 1518 2068 1570 iu
2107 1519 2218 1586 ipsa
2247 1517 2362 1572 loeai
2400 1519 2720 1570 concedunt.

2436 1608 2662 1664 CAl‘lj'l‘
2699 1608 2856 1662 XVII.

1933 1702 2092 1755 Vens.
2126 1701 2175 1753 l.
2211 1720 2229 1752 ‹
2266 1700 2502 1755 Verbum
2548 1711 2734 1754 contra
2770 1700 3110 1754 Damascum.
3147 1697 3285 1753 Ecce
3333 1698 3436 1753 Da-

147 1789 360 1861 θὴσεται
410 1794 532 1848 ἀπὸ
591 1795 819 1852 πόλεων.
868 1818 887 1848 ι
939 1799 1046 1870 Τὴν
1081 1801 1403 1872 καθαίρεσιν
1457 1803 1745 1857 αἰνίττεται

1858 1812 2073 1849 mascus
2124 1795 2343 1848 tolletur
2385 1811 2412 1847 a
2461 1795 2793 1850 civitatibus.
2838 1811 2855 1844 ι
2892 1793 3240 1847 Eversionem
3272 1793 3437 1861 regia

146 1883 236 1952 τῆς
264 1883 570 1956 βασιλικῆς
586 1887 894 1958 δυνάμεως,
915 1886 981 1960 ἦς
1005 1861 1221 1962 μετεῖχε
1254 1861 1514 1964 τιρότερον
1533 1897 1566 1964 ἡ
1594 1896 1745 1958 πόλις

1856 1888 2138 1958 potestatis
2167 1889 2495 1952 subindicat,
2532 1884 2685 1952 cujus
2714 1895 2870 1939 antea
2901 1901 3126 1939 consors
3161 1896 3282 1939 erat
3303 1886 3434 1940 urbs

146 1971 480 2043 ἐκλάμψασα
510 1976 677 2045 (19⁸).
698 1979 844 2048 Μόνη
864 1980 972 2050 γὰρ
1002 1977 1070 2050 ἦν
1101 1983 1222 2035 τότε
1257 1985 1355 2051 τῆς
1385 1985 1580 2054 Συρίας
1608 1987 1749 2039 ἁπά-

147 2080 240 2135 σης
269 2069 590 2137 κρατοῦσα.
631 2071 798 2140 μήπω
823 2073 929 2124 τῶν
966 2074 1085 2126 καθ’
1112 2077 1262 2144 ἡμᾶς
1292 2077 1573 2145 ἐπιφανῶν
1597 2081 1658 2130 ὲν
1677 2083 1744 2149 τῇ

145 2155 308 2228 Συρίᾳ
349 2159 574 2213 πόλεων
629 2163 1036 2233 ἐγηγερμένων,
1078 2167 1409 2237 Ἀντιοχείας
1449 2171 1590 2240 φημὶ
1655 2172 1749 2222 καὶ

145 2247 248 2300 τῶν
274 2249 478 2304 ἄλλων.

217 2356 234 2388 ι
263 2340 378 2391 Καὶ
403 2339 568 2393 ἔσται
602 2341 684 2402 εἰς
712 2340 914 2394 πτῶσιν
947 2345 1040 2396 καὶ
1062 2345 1532 2420 καταλελειμμένῃ
1557 2352 1635 2413 είς
1658 2351 1748 2403 τὸν

147 2427 316 2482 αίῶνα
360 2431 447 2493 είς
482 2431 685 2500 κοίτην
722 2435 985 2502 ποιμνίων
1015 2438 1108 2489 καὶ
1138 2437 1445 2493 ἀνάπαυσιν
1466 2459 1479 2470 ·
1517 2443 1608 2494 καὶ
1644 2443 1744 2494 οὐκ

146 2518 295 2573 ἔσται
318 2523 349 2572 ὸ
368 2521 618 2577 διώκων.
650 2525 760 2576 Καὶ
786 2527 968 2580 οὐκέτι
991 2528 1142 2582 ἔσται
1165 2530 1340 2600 ὀχυρὰ
1365 2531 1457 2584 τοῦ
1484 2533 1750 2601 καταφεύο

144 2627 259 2677 γειν
290 2614 564 2684 Ἐφραῖμ..
592 2635 614 2666 ι
649 2615 858 2688 Ὠσπερ
883 2622 949 2689 τῇ
979 2620 1295 2692 Βαϐυλωνία
1314 2623 1380 2676 τὰ
1412 2624 1750 2694 ἁρμόττοντα

145 2702 387 2771 ὶλέγετο,
422 2706 524 2759 καὶ
570 2710 688 2769 τοῖς
738 2708 1056 2778 ἀλλοφύλοις
1101 2716 1213 2777 τοίς
1245 2713 1344 2782 τὴν
1384 2715 1746 2784 Παλαιστίνην

142 2795 354 2849 οἰκοῦσι
405 2798 478 2850 τὰ.
507 2798 845 2869 κατάλληλα,
873 2805 939 2872 τῇ
984 2821 1044 2856 τε
1072 2804 1247 2858 Μωὰὸ
1293 2805 1552 2869 ὡσαύτως
1585 2808 1749 2875 ἓτερά

147 2904 269 2941 τινα
311 2889 596 2955 ἰδιάζοντα
620 2907 634 2920 ⁸
670 2891 760 2944 τὸν
793 2893 955 2947 αὑτὸν
988 2895 1188 2966 τρόπον
1214 2895 1310 2948 καὶ
1341 2897 1400 2948 τὸ
1450 2898 1589 2950 κατὰ
1639 2901 1745 2950 Δα-

400 2983 752 3053 προφητικὸν
768 2984 918 3053 ῥῆμα
954 2985 1082 3039 ἴδιόν
1104 3004 1156 3039 τι
1181 2987 1337 3050 τέλος
1354 2988 1743 3043 ἐπελεύσεσθαι

57 3081 60 3084 ·
147 3071 317 3144 αὐτὴν
363 3072 618 3126 ἀπειλεῖ·
698 3074 1029 3145 ἀρθήσεσθαί
1083 3095 1218 3149 φησι
1269 3079 1379 3150 γὰρ
1421 3080 1590 3151 αὐτὴν
1637 3081 1745 3134 ἀπὸ

148 3161 380 3216 πόλεων.
449 3165 617 3217 Κατὰ
661 3165 720 3217 δὲ
765 3167 856 3219 τὸν
904 3165 1253 3233 Θεοδατίωνα,
1313 3169 1744 3241 μεταστήσεσθαί

1853 1982 2059 2035 ἱειιιωο.
2090 1981 2218 2034 Sola
2264 1980 2463 2049 quippe
2509 1989 2634 2033 tunc
2682 1979 2951 2032 universa:
2984 1978 3158 2047 Syria:
3191 1979 3430 2046 impera-

1851 2070 1982 2131 bat,
2033 2086 2154 2130 cum
2213 2072 2375 2124 urbes
2419 2071 2469 2123 in
2517 2068 2711 2140 Syria,
2765 2079 2945 2122 nostra
2996 2078 3158 2120 aetate
3211 2068 3429 2137 conspi-

1851 2178 1985 2224 σιιαι,
2017 2162 2254 2216 nondum
2288 2171 2508 2217 structae
2547 2162 2811 2224 fuissent;
2849 2161 3194 2214 Antiochiam
3219 2161 3342 2215 dico
3372 2171 3430 2214 et

1853 2253 2005 2306 alias.

1927 2345 2088 2397 Vens.
2117 2343 2170 2406 2,
2209 2343 2262 2396 5.
2316 2362 2334 2393 ι
2397 2343 2459 2396 Ει
2505 2343 2609 2396 erit
2638 2342 2687 2395 in
2720 2341 2928 2394 ruinam
2976 2353 3030 2394 et
3059 2341 3313 2395 derelicta
3365 2342 3422 2394 in

1857 2437 2113 2491 sarculum
2145 2437 2198 2489 in
2242 2435 2424 2490 cubile
2456 2435 2678 2489 ovilium
2708 2450 2721 2486 :
2757 2444 2810 2486 et
2842 2449 2947 2487 non
2989 2433 3094 2486 erit
3120 2434 3210 2502 qui
3243 2447 3430 2502 perse-

1849 2539 2066 2598 quatur.
2093 2528 2156 2582 Et
2188 2543 2293 2582 non
2326 2528 2431 2581 erit
2464 2527 2602 2579 ultra
2643 2527 2873 2588 inunita,
2903 2534 2956 2578 ul
2994 2525 3118 2578 illuc
3147 2524 3430 2591 confugiat

1850 2619 2131 2689 Ephraim.
2168 2639 2184 2670 ι
2217 2618 2683 2684 Quemadmodum
2716 2615 3025 2684 Babyloniae
3054 2630 3175 2684 qua:
3197 2629 3429 2670 consen-

1855 2722 2012 2765 tanea
2049 2717 2224 2772 erant,
2254 2708 2543 2778 allophylis
2575 2706 2870 2760 Palaestina:
2906 2705 3095 2760 incolis
3136 2721 3256 2773 quae
3296 2706 3430 2774 ipsis

1850 2803 2268 2872 competebant,
2307 2818 2371 2856 ac
2403 2803 2607 2871 regioni
2638 2799 2794 2854 Moab
2839 2799 3093 2852 similiter
3132 2799 3239 2850 alia
3274 2813 3428 2867 qum-

1849 2896 1973 2948 dam
2018 2893 2117 2963 ipsi
2170 2893 2388 2961 propria
2447 2891 2788 2956 minabatur;
2847 2891 2928 2944 sic
2975 2901 3027 2944 et
3078 2889 3427 2958 propheticus-

1848 3004 2029 3044 sermo
2059 2998 2246 3041 contra
2298 2988 2620 3039 Damascum
2653 2998 2820 3052 agens
2849 3023 2866 3047 ,
2901 2983 3044 3036 illam
3075 2982 3297 3050 proprio
3322 2980 3426 3034 sibi

1850 3080 1958 3134 line
1987 3078 2360 3147 excipiendam
2403 3089 2523 3130 esse
2568 3074 2952 3128 intertninatur
2980 3091 2994 3127 :
3033 3088 3158 3125 nam
3189 3072 3359 3139 ipsam
3393 3088 3426 3125 a

1849 3171 2164 3225 civitatibus
2207 3168 2496 3224 tollendam
2530 3180 2648 3221 esse
2690 3166 2786 3219 ait.
2834 3165 3142 3218 Secundum
3174 3163 3429 3219 Theodo-

109 3271 309 3325 -..φησιν
344 3258 416 3308 ἐκ
443 3256 682 3310 πόλεων.
715 3257 955 3312 Πέπονθε
997 3260 1056 3313 δὲ
1085 3227 1249 3313 τοῦτο
1279 3227 1417 3316 κᾷτά
1447 3227 1572 3327 τοὺις
1619 3266 1744 3317 Ἀσ-

1852 3263 2052 3316 tionem
2084 3277 2216 3315 vero
2243 3302 2258 3324 ,
2303 3258 2735 3313 transferendam
2770 3270 2836 3310 ex
2870 3255 3209 3310 ciVitatibus.
3246 3255 3300 3308 ια
3333 3270 3430 3308 au-

150 3347 396 3417 συρίους,
427 3346 507 3410 ὡς
555 3348 654 3400 καὶ
685 3348 872 3418 ἐδήλου
904 3349 990 3403 διὰ
1027 3351 1136 3405 τῶν
1161 3351 1470 3421 ἔμπροσθεν
1521 3357 1553 3426 ἡ
1609 3356 1745 3425 μετὰ

149 3440 334 3510 χεῖρας
351 3437 580 3508 Γραὶρὴ,
597 3438 691 3489 τὸν
717 3438 826 3491 τῶν
855 3441 1150 3510 Ἀσσυρίων
1168 3442 1395 3511 βασιλέα
1423 3446 1746 3516 παριστῶσα

148 3529 407 3598 λέγονταο
449 3548 474 3582 α
523 3529 641 3584 Καὶ
676 3529 864 3583 ἔλαϐον
889 3532 1150 3604 Ἀραϐίαν
1185 3535 1280 3586 καὶ
1320 3537 1610 3607 Δαμασκὸν
1651 3537 1746 3590 καὶ

146 3620 492 3692 Σαμάρειαν,
523 3619 584 3673 ὃν
606 3619 807 3690 τρόπον
839 3621 1027 3676 ελαὸον
1054 3622 1258 3686 ταύτας
1317 3625 1409 3678 καὶ
1435 3625 1615 3690 πάσας
1647 3628 1745 3690 τὰς

147 3713 318 3782 ἀρχὰς
352 3713 629 3783 λήψομαι.
669 3730 686 3761 ι
725 3711 912 3782 Τούτῳ
945 3713 1002 3766 δὲ
1044 3713 1124 3784 τῷ
1155 3715 1300 3783 λόγῳ
1341 3718 1496 3788 καὶὴ
1535 3719 1744 3789 ἱστορία

151 3808 455 3876 μαρτυρεῖ·
487 3805 804 3874 γέγραπται
827 3804 956 3872 γοῦν
979 3806 1039 3858 ὲν
1077 3809 1144 3876 τῇ
1173 3806 1412 3880 τετάρτῃ
1435 3808 1545 3862 τῶν
1584 3810 1745 3862 Βασι-

147 3893 333 3946 λειῶν·
378 3911 400 3944 ι
435 3894 551 3946 Καὶ
587 3893 758 3962 ἀνέϐη
803 3893 1048 3963 βασιλεὺς
1095 3896 1391 3967 Ἀσσυρίων
1433 3901 1513 3960 είς
1559 3902 1744 3970 Δαμα-

149 3985 295 4047 σκδν,
350 3985 454 4038 καὶ
484 3983 753 4039 συνέλαϐε
783 3985 976 4056 αὐτὴν,
1012 3986 1109 4039 καὶ
1149 3987 1428 4056 ἀπῴκισεν
1477 3991 1666 4061 αὑτήν.
1715 4009 1734 4042 ι

152 4077 222 4128 ’Δ
245 4077 308 4147 δὴ
341 4077 444 4129 καὶ
475 4075 671 4138 τέλους
697 4075 962 4147 τετύχηκε
1006 4079 1101 4131 ἐπὶ
1147 4079 1248 4148 τῆς
1287 4079 1597 4150 Ῥωμαῖκῆς
1638 4083 1740 4152 ἀρ-

149 4167 266 4238 χῆς,
307 4167 436 4222 καθ’
465 4167 536 4239 ἢν
565 4170 907 4239 συνειστήκει
971 4170 1070 4240 μὲν
1114 4171 1147 4239 ὴ
1205 4172 1516 4239 Δαμασκὸς,
1551 4174 1650 4243 τὴν
1683 4174 1740 4226 δὲ

147 4259 388 4313 παλαιὰν
438 4260 539 4312 καὶ
573 4259 875 4330 βασιλικὴν,
921 4261 1077 4331 φησι,
1129 4261 1407 4326 παντελῶς
1444 4265 1734 4335 ἠφανίσθη.

149 4350 300 4406 Οὕτω
326 4352 387 4406 δὲ
421 4351 658 4420 συνέστη
689 4353 723 4422 ἡ
756 4352 850 4404 καὶ
891 4353 984 4407 νῦν
1015 4356 1298 4425 ὁρωμένη,
1359 4355 1436 4418 ὡς
1466 4357 1499 4425 ἡ
1534 4374 1740 4428 προφη-
1792 4389 1814 4411 ι

149 4441 263 4496 τεία
285 4443 570 4507 ἐθέσπισε,
608 4443 792 4496 οὐκέτι
823 4445 920 4514 μὲν
951 4447 1226 4517 βασιλικὸν
1268 4446 1483 4521 ἀξίωμα
1535 4454 1737 4519 ἐπαγο-

1851 3364 1954 3408 tetn
1990 3367 2241 3421 perpessa
2274 3361 2354 3406 est
2398 3350 2743 3419 Assyriorum
2775 3356 3019 3415 tempore
3045 3387 3060 3410 ,
3087 3356 3144 3398 ut
3173 3347 3325 3415 prius
3354 3348 3428 3400 si-

1846 3443 2141 3515 gniﬁcabat
2171 3457 2412 3510 prmsens
2445 3440 2727 3508 Scriptura
2755 3477 2770 3501 ,
2796 3450 2920 3492 eum
2953 3437 3301 3507 Assyriorum
3333 3450 3426 3490 re-

1846 3550 1966 3606 gem
1991 3535 2278 3588 induceret
2319 3534 2613 3595 dicentem,
2651 3549 2670 3582 ι
2707 3529 2777 3584 Ει
2805 3529 2922 3598 cepi
2949 3529 3206 3582 Arabiam
3235 3536 3289 3581 et
3319 3525 3431 3580 Da-

1853 3641 2095 3679 mascum
2121 3637 2176 3679 et
2207 3625 2509 3679 Samariam
2548 3644 2562 3678 :
2598 3620 3050 3692 quemadmodum
3096 3618 3192 3674 has
3221 3619 3338 3686 cepi
3371 3630 3430 3673 et

1845 3733 2034 3773 omnes
2067 3718 2403 3786 principatus
2427 3717 2637 3786 capiam
2662 3716 2730 3767 ⁷⁷.
2769 3733 2787 3765 ι
2825 3713 2962 3768 Huic
2989 3727 3150 3783 porro
3178 3712 3422 3766 sermoni

1846 3809 2218 3863 testimonium
2287 3809 2445 3861 alfert
2499 3809 2782 3871 historia;
2839 3805 3110 3875 siquidem
3167 3803 3222 3857 in
3282 3804 3427 3857 libro

1845 3909 2041 3966 quarto
2073 3897 2385 3967 Regnorum
2416 3899 2680 3968 scriptum
2725 3906 2850 3951 est:
2885 3915 2904 3948 ι
2945 3897 3012 3952 Et
3031 3898 3277 3951 ascendit
3327 3912 3426 3951 rex

1842 3991 2190 4060 Assyriorum
2226 3991 2568 4053 Damascum,
2612 3999 2667 4043 et
2712 3990 2854 4057 cepit
2877 4005 3023 4052 eam.
3055 3999 3112 4044 et
3147 3991 3427 4046 transtulit

1842 4096 1986 4138 eaut.
2024 4100 2042 4133 ι
2075 4084 2207 4148 Qua:
2239 4083 2366 4136 item
2400 4091 2644 4135 extremo
2693 4079 2959 4148 completa
3009 4088 3137 4135 sunt
3179 4080 3284 4134 sub
3317 4080 3426 4134 Ro.

1843 4187 2127 4226 manorum
2167 4172 2417 4242 imperio,
2449 4172 2601 4240 cujus
2630 4182 2871 4240 tempore
2898 4172 3192 4227 Damascus
3230 4187 3426 4240 super-

1841 4276 1952 4321 stes
1980 4266 2220 4333 quidem,
2247 4281 2438 4319 verum
2487 4267 2630 4335 quod
2684 4265 2750 4318 ad
2796 4267 3076 4332 antiquam
3125 4274 3179 4318 et
3213 4265 3421 4333 regiam

1841 4359 2160 4428 dignitatem
2193 4397 2210 4422 ,
2243 4357 2490 4412 funditus
2520 4358 2696 4412 deleta
2739 4367 2880 4411 erat.
2913 4359 3031 4423 Quo
3061 4365 3218 4424 pacto
3243 4357 3422 4419 etiam

1840 4451 2091 4506 consistit
2115 4466 2180 4506 ea
2202 4494 2215 4517 ,
2260 4466 2419 4520 quam
2457 4451 2617 4504 hodie
2645 4451 2892 4503 videmus
2911 4489 2926 4511 ,
2957 4448 3416 4518 quemadmodum

151 4531 302 4604 μίγη,
330 4534 455 4587 οὐδὲ
479 4535 728 4604 ἄρχουσα
755 4535 846 4587 τοῦ
888 4536 1074 4608 Σύρων
1113 4537 1301 4600 ἔθνους
1326 4553 1340 4566 ·
1402 4541 1733 4594 ἀποπεπτω-

1847 4543 2123 4613 prophetia
2157 4543 2484 4597 vaticinatur
2513 4559 2527 4596 :
2563 4555 2680 4608 qua:
2727 4550 2937 4594 tantum
2985 4541 3144 4593 abest
3172 4549 3229 4591 ut
3274 4539 3417 4594 ultra

150 4626 268 4676 κυῖα
299 4624 356 4678 δὲ
383 4620 456 4697 ἧς
488 4623 608 4693 εἶχε
659 4624 936 4695 δυνάμεως
989 4628 1279 4699 πρότερον,
1319 4633 1412 4684 καὶ
1451 4633 1734 4701 μονονουχὶ

148 4715 222 4778 είς
253 4714 440 4785 κοίτην
472 4714 748 4785 ποιμνίων
783 4717 872 4770 καὶ
896 4719 1205 4773 ἀνάπαυσιν
1236 4720 1532 4789 βουκολίων
1564 4740 1733 4776 κατα⁶

146 4804 506 4878 λελειμμένη·
565 4806 711 4860 οὕτω
748 4808 805 4860 δὲ
831 4809 901 4862 τὰ
944 4811 1175 4879 ἀγελαῖα
1221 4811 1402 4883 πλήθη
1462 4817 1555 4867 καὶ
1605 4816 1733 4879 τοὺς

147 4898 377 4962 εὐτελεῖς
406 4899 620 4970 δήμους
655 4898 834 4952 καλεῖν
883 4901 1072 4954 εἴωθεν
1101 4905 1130 4955 ὁ
1158 4903 1334 4970 λόγος.
1374 4908 1530 4959 Κατὰ
1563 4909 1731 4976 μόνην

146 4988 237 5059 τὴν
269 4989 379 5042 τῶν
414 4987 828 5058 Ἐὄδομήκοντα
872 4991 1164 5061 ἑρμηνείαν
1213 4992 1449 5064 εἴρηται,
1481 4995 1622 5063 λέγω
1664 4996 1728 5067 δὴ

144 5077 220 5142 τὸ,
260 5098 280 5131 ι
313 5081 398 5143 είς
427 5077 524 5132 τὸν
580 5077 786 5130 αἰῶναο
833 5098 850 5130 ›
896 5079 1020 5133 οὔτε
1076 5081 1185 5152 γὰρ
1242 5084 1296 5134 ὲν
1351 5085 1728 5158 τῷἙὸραῖκῴ

144 5169 260 5224 οὔτε
295 5171 451 5242 παρὰ
502 5172 629 5235 τοῖς
670 5169 872 5234 λοιποῖς
922 5174 1280 5244 ὲρμηνευταῖς
1337 5179 1584 5249 φέρεται.
1635 5178 1728 5230 Διὸ

144 5262 234 5315 οὐκ
261 5264 478 5333 ἀνάγκη
507 5261 615 5331 τὴν
645 5261 854 5314 πτῶσιν
885 5264 1177 5335 Δαμασκοῦ
1210 5269 1434 5322 αἰωνίαν
1473 5268 1728 5336 λέγεσθαι

144 5353 399 5423 νομίζειν·
435 5353 634 5421 ἐπειδὴ
665 5356 890 5424 χρονική
924 5373 1006 5417 τις
1027 5357 1206 5408 αὐτῶν
1237 5357 1424 5426 γέγονε
1457 5361 1489 5428 ὴ
1524 5361 1729 5423 πτῶσις

143 5442 273 5496 κατᾶ
299 5445 401 5514 τὴν
425 5443 532 5511 τῆς
580 5442 872 5513 Ἀσσυρίας
921 5445 1256 5515 πολιορκίαν,
1300 5449 1418 5501 καθ’
1457 5448 1522 5516 ἣν
1571 5448 1664 5499 καὶ
1692 5451 1724 5517 ἡ

150 5533 503 5608 Ἰερουσαλὴμ
538 5536 678 5604 ἥλω.
732 5535 866 5587 Ἀλλ’
911 5536 1100 5609 ῶσπερ
1148 5537 1300 5603 αὖθις
1338 5543 1728 5607 ἐπανελθόντες

149 5624 380 5683 Ἰουδαῖοι
413 5629 660 5700 ἠγειραν
693 5624 1190 5702 τὴνἹερουσαλὴμ,
1237 5635 1326 5685 καὶ
1381 5635 1484 5704 ’τὴν
1537 5636 1724 5706 χώραν

201 5747 244 5778 τ’
269 5750 376 5804 Isa.
404 5765 463 5813 κ,
507 5747 564 5802 9.

197 5841 332 5915 (19⁸)
387 5843 521 5901 Haec
575 5857 720 5914 pene
747 5843 814 5898 ad
862 5849 1079 5903 verbum
1126 5848 1485 5914 Hieronymus
1535 5852 1810 5917 exprimit.

1840 4637 2046 4705 regiam
2075 4634 2395 4706 dignitatem
2423 4635 2672 4688 obtineat
2700 4671 2716 4697 ,
2749 4647 2810 4686 ac
2842 4633 3106 4701 Syrorum
3134 4634 3281 4701 genti
3316 4633 3419 4685 im-

1839 4736 2024 4796 peret,
2056 4737 2114 4779 ut
2137 4728 2364 4796 pristina
2410 4733 2681 4795 potestate
2727 4723 2940 4793 penitus
2991 4724 3305 4788 exciderit,
3351 4737 3420 4778 ac

1841 4826 2049 4872 tantum
2081 4833 2187 4872 non
2229 4820 2282 4872 in
2309 4817 2484 4872 cubile
2517 4818 2761 4882 ovilium,
2789 4825 2842 4869 et
2871 4815 2923 4869 in
2954 4815 3167 4870 caulam
3196 4829 3423 4868 armen-

1842 4917 2017 4962 torum
2048 4909 2236 4964 relicta
2266 4911 2336 4962 sit
2387 4927 2400 4961 :
2444 4911 2522 4963 sic
2552 4925 2714 4979 porro
2740 4908 2880 4976 Vulgi
2909 4906 3308 4960 multitudinem
3361 4916 3418 4959 et

1841 5000 2080 5052 inﬁmam
2108 4999 2317 5067 plebem
2347 5013 2543 5054 vocare
2575 4999 2713 5052 solet
2742 4999 2920 5052 divina
2949 4997 3252 5064 Scriptura.
3285 4997 3417 5050 Illud

1838 5097 2015 5143 autem
2045 5127 2060 5148 ,
2100 5106 2118 5138 ι
2153 5090 2204 5142 in
2239 5089 2497 5142 saeculum
2526 5130 2541 5151 ,
2580 5108 2598 5139 ι
2647 5088 2940 5141 secundum
2985 5086 3151 5140 solam
3188 5086 3421 5154 Septua-

1836 5183 1982 5248 ginta
2024 5178 2387 5250 luterpretutn
2440 5181 2743 5233 versionem
2791 5179 2993 5232 dicitur
3024 5195 3038 5230 :
3074 5193 3197 5230 nam
3241 5195 3418 5246 neque

1840 5272 1894 5324 in
1921 5269 2190 5324 llebraico
2220 5309 2235 5334 ,
2274 5283 2446 5338 neque
2487 5269 2626 5338 apud
2678 5267 2917 5335 reliquos
2946 5270 3272 5336 interpretes
3308 5268 3418 5320 fer-

1841 5371 1947 5416 tur.
1981 5360 2344 5427 Quamobrem
2379 5359 2744 5414 neccssarium
2791 5359 3018 5412 minime
3047 5368 3128 5412 est
3169 5368 3229 5409 ut
3259 5369 3416 5425 pute-

1838 5469 1957 5508 inus
1988 5453 2201 5508 ruinam
2248 5453 2495 5506 Damasci
2553 5460 2814 5506 aeternam
2843 5451 3063 5522 prmdici
3115 5467 3128 5503 :
3173 5451 3418 5516 quando-

1837 5547 2052 5615 quidem
2101 5547 2168 5599 ad
2207 5554 2414 5613 tempus
2449 5544 2622 5599 solum
2655 5544 2770 5611 ejus
2799 5547 3072 5601 excidium
3103 5543 3202 5597 fuit
3231 5582 3246 5605 ,
3295 5560 3418 5598 cunt

1837 5640 1905 5693 ab
1936 5637 2177 5705 Assyriis
2204 5640 2424 5695 obsessa
2463 5649 2546 5694 est
2571 5677 2587 5706 ,
2620 5642 2834 5708 quando
2863 5642 3027 5695 etiam
3077 5637 3416 5710 Jerosolyma
