4100 6486
664 445 765 502 ειν-π

1315 422 1581 494 EUSEBII
1628 429 2102 491 CESARIENSIS
2139 428 2290 488 OPP.
2330 429 2515 488 PARS
2550 431 2641 488 lli.
2681 462 2750 473 —
2789 431 3195 490 EXEGETICA.

3803 431 3907 489 208

669 566 823 628 capta
853 565 954 612 est.
988 557 1184 614 Verum
1204 558 1650 628 quemadmodum
1679 555 1877 611 reversi
1896 554 2065 610 Judaei
2101 552 2218 608 Ilie-

2333 552 2656 626 ἐπλήρωσαν
2690 557 3007 627 οίκητόρων,
3041 556 3134 608 τὸν
3183 553 3340 607 αὐτὸν
3377 552 3574 624 τρόπον
3619 551 3713 605 καὶ
3743 553 3779 624 η
3811 553 3909 606 Δαι-

671 647 997 717 rosolymam
1030 649 1205 704 denuo
1228 648 1558 715 excitarunt,
1582 659 1742 717 alque
1768 648 2045 718 regionem
2073 647 2224 702 inco-

671 735 738 791 lis
767 735 1132 806 repleverunt.
1180 738 1245 792 ad
1270 737 1517 792 eumdem
1562 739 1776 792 modum
1804 745 1861 792 et
1889 735 2184 792 Damascus
2209 777 2226 800 .

669 827 760 883 illa
791 843 1042 899 perpessa
1070 869 1086 894 ,
1117 844 1234 899 quae
1287 828 1342 882 in
1395 830 1679 898 prophetia
1718 829 1987 894 feruntur,
2033 843 2225 884 rursus

671 918 728 972 in
756 920 1000 989 sequenti
1032 929 1268 989 tempore
1295 925 1500 972 structa
1523 917 1624 973 fuit
1644 960 1659 986 ,
1699 920 1772 973 ita
1821 926 1881 973 ut
1908 919 2052 989 regia
2073 921 2228 974 sedes

673 1008 730 1062 in
755 1022 819 1062 ea
849 1010 1042 1064 iterum
1068 1018 1387 1078 poneretur.

746 1121 765 1155 ι
801 1101 865 1156 Et
893 1115 996 1155 non
1025 1101 1162 1154 ultra
1202 1116 1422 1171 regnum
1451 1102 1504 1154 in
1536 1102 1797 1157 Damasco
1824 1116 1839 1155 :
1875 1112 1930 1156 et
1951 1101 2224 1156 residuum

671 1192 955 1264 Syrorum.
985 1208 1003 1241 ι
1033 1189 1156 1246 Haec
1182 1191 1430 1246 dicuntur
1455 1192 1607 1260 quasi
1640 1191 1934 1246 Damascus
1955 1200 2226 1261 superstes

670 1284 882 1353 quidem
911 1281 1086 1336 futura
1110 1282 1199 1347 sit,
1225 1282 1319 1336 sed
1349 1296 1452 1335 non
1481 1281 1683 1335 munita
1718 1289 1773 1336 et
1800 1281 1946 1352 regni
1978 1290 2138 1350 caput
2168 1292 2226 1336 ut

670 1373 816 1428 olim.
843 1372 1075 1428 Possunt
1103 1373 1227 1426 item
1270 1371 1371 1425 alio
1406 1371 1565 1425 modo
1612 1371 1724 1426 haec
1774 1372 1892 1426 loca
1939 1373 2222 1442 explicari,

669 1465 823 1534 quasi
854 1464 1061 1519 scilicet
1089 1464 1363 1531 prophetia
1389 1460 1643 1516 Damasci
1687 1463 1878 1519 incolis
1918 1464 2223 1534 depressio-

669 1570 793 1611 nem
819 1564 872 1610 et
902 1555 1162 1624 privatam
1190 1553 1354 1608 vitam
1393 1553 1738 1621 praetiuntiet.
1767 1553 1844 1607 Ita
1875 1555 2018 1608 enim
2047 1556 2225 1612 dicere

670 1647 906 1702 solemus
940 1645 1201 1702 excidisse
1241 1644 1493 1708 divitem,
1525 1658 1648 1699 cum
1685 1645 1738 1698 in
1767 1653 2068 1700 extremam
2097 1661 2224 1715 pau-

667 1750 932 1810 pertatem
957 1737 1261 1803 devenerit;
1288 1737 1647 1806 similiterque
1671 1737 1847 1790 virum
1878 1737 2221 1802 honoratum,

667 1845 788 1887 cum
822 1830 1074 1900 dignitate
1115 1843 1211 1884 sua
1253 1827 1512 1898 spoliatus
1557 1829 1736 1883 fuerit.
1771 1825 1886 1883 Non
1916 1829 2057 1884 enim
2085 1844 2222 1898 prae-

2335 645 2564 714 μασκὸς,
2598 644 2845 698 παθοῦσα
2871 647 2989 698 τότε
3019 644 3085 697 τὰ
3108 645 3212 697 ὑπὸ
3230 644 3328 714 τῆς
3359 640 3695 714 προφητείας
3722 641 3907 696 θεσπι-

2332 737 2545 798 σθέντα,
2585 733 2740 802 αὖθις
2768 741 2827 792 ἐν
2858 741 2970 802 τοῖς
3015 737 3153 808 μετὰ
3201 737 3375 791 ταῦτα
3399 736 3611 810 χρόνοις
3637 735 3905 804 άνῳκοδό·

2333 846 2491 901 μητο,
2520 830 2596 892 ώς
2625 831 2715 883 καὶ
2739 819 3092 900 βασίλειοναὲν
3127 829 3263 901 αὐτῇ
3291 829 3550 900 συστῆναι
3577 825 3760 881 πάλιν.

2406 1125 2423 1154 ι
2467 1105 2572 1159 Καὶ
2598 1104 2778 1156 οὐκέτι
2805 1103 3050 1173 βασιλεία
3086 1105 3144 1156 ὲν
3168 1100 3464 1172 Δαμασκῷο
3506 1101 3599 1154 καὶ
3626 1099 3690 1152 τὸ
3731 1097 3906 1154 κατά-

2328 1196 2510 1248 λοιπον
2538 1194 2646 1248 τῶν
2667 1193 2873 1265 Σύρων.
2920 1213 2937 1244 ι
2977 1193 3064 1255 Ὠς
3094 1191 3203 1260 γὰρ
3246 1190 3547 1262 μελλούσης
3593 1187 3692 1260 μὲν
3732 1186 3906 1258 αὐτῆς

2328 1286 2564 1348 ἔσεσθαι,
2585 1286 2646 1338 ού
2674 1285 2779 1355 μὴν
2810 1286 2903 1338 καὶ
2936 1285 3135 1356 ὀχυρᾶς
3164 1283 3304 1338 κατὰ
3335 1283 3395 1336 τὺ
3429 1282 3654 1337 παλαιὸν
3683 1299 3909 1353 γενησο-

2329 1378 2516 1448 μένης,
2565 1377 2684 1430 οὐδὲ
2722 1376 3110 1449 βασιλευούσης
3147 1376 3319 1431 ταῦτα
3354 1376 3586 1449 εἴρηται.
3643 1375 3800 1428 Ἐστι
3847 1375 3907 1430 δὲ

2328 1469 2423 1521 καὶ
2455 1468 2626 1531 άλλως
2655 1466 2931 1521 ἐπισαλεϊν
2955 1469 3067 1532 τοῖς
3088 1468 3293 1531 τόποις,
3332 1468 3408 1532 ὡς
3439 1470 3539 1538 τῆς
3568 1466 3908 1538 προφητείας

2325 1560 2650 1612 ταπείνωσιν
2676 1562 2786 1623 τοῖς
2816 1561 3095 1632 οἰκήτορσι
3127 1558 3435 1630 Δαμασκοῦ,
3465 1560 3557 1613 καὶ
3576 1558 3688 1629 βίον
3715 1558 3906 1612 ἰδιωτι-

2326 1649 2422 1701 κὸν
2446 1648 2963 1722 προαναφωνούσης.
2992 1648 3146 1703 Οὕτω
3173 1646 3306 1718 γοῦν
3321 1648 3587 1719 εἰώθαμεν
3611 1648 3792 1717 λέγειν
3821 1649 3905 1702 ὲκ-

2325 1741 2667 1794 πεπτωκέναι
2706 1741 2796 1794 τὸν
2829 1739 3098 1806 πλούσιον,
3115 1741 3335 1794 ἐπειδὰν
3365 1741 3441 1804 εἰς
3471 1740 3708 1810 ἐσχάτην
3735 1740 3903 1812 ἐλάσῃ

2329 1832 2537 1885 πενίαν
2583 1832 2794 1886 καὶτὸν
2825 1831 3059 1904 ἔντιμον,
3102 1832 3321 1887 ἐπειδὰν
3351 1826 3412 1886 οὗ
3457 1834 3702 1904 μετεῖχεν
3741 1832 3906 1899 ἀξιώ-

666 1897 901 1978 stantior
928 1931 981 1976 tu
1011 1935 1070 1977 es
1103 1921 1231 1976 ﬁliis
1261 1897 1425 1976 Israel
1489 1929 1542 1974 et
1571 1920 1739 1989 gloria
1767 1935 1975 1976 eorum.
2011 1897 2144 1976 Nam
2178 1923 2218 1976 si

2329 1938 2494 1990 ματος
2529 1920 2790 1992 στερηθῇ.
2825 1922 2898 1975 Οὐ
2932 1897 3040 1993 γὰρ
3071 1920 3135 1972 σὺ
3164 1919 3389 1990 βελτίων
3409 1897 3470 1973 εῖν
3497 1897 3764 1975 τῶν-υἱῶν
3793 1897 3907 1974 Ἶσ-

665 2009 756 2065 ille
777 2009 902 2065 olim
927 2008 1152 2080 populus
1177 2008 1268 2064 Dei
1289 2019 1648 2079 nuncupatus,
1665 2020 1965 2067 memorato
1987 2020 2218 2081 tempore

2329 2013 2463 2085 ραὴλ
2497 2013 2710 2084 καὶτῆς
2740 2014 2896 2086 δόξης
2930 2013 3125 2067 αὐτῶν.
3163 2014 3226 2066 Ei
3251 2013 3363 2085 γὰρ
3392 2015 3420 2067 ό
3447 2014 3614 2068 πάλαι
3646 2015 3743 2068 τοῦ
3765 2015 3905 2069 Θεοῦ

668 2100 926 2171 dignitate
945 2114 1038 2155 sua
1064 2099 1308 2170 lapsurus
1333 2108 1435 2165 est,
1449 2099 1676 2170 pristina
1704 2097 1957 2155 libertate
1982 2109 2037 2156 et
2059 2116 2218 2172 regno

2325 2101 2672 2172 χρηματίζων
2700 2102 2826 2168 λαὸς
2854 2106 2910 2156 ἐν
2938 2106 3047 2166 τοῖς
3072 2103 3384 2174 λεγομένοις
3413 2105 3625 2175 χρόνοις
3655 2106 3908 2159 ἐκπεσεῖ-

665 2191 997 2262 spoliandns,
1043 2206 1146 2246 non
1170 2200 1250 2246 est
1283 2189 1424 2260 quod
1453 2200 1509 2246 tu
1541 2189 1838 2249 Damascus
1865 2193 1930 2247 de
1955 2193 2069 2263 pari
2092 2207 2218 2250 casu

2323 2211 2412 2248 ται
2440 2194 2534 2247 τοῦ
2559 2195 2758 2248 οἰκείου
2785 2195 3114 2266 ἀξιώματος,
3133 2211 3228 2247 και
3246 2195 3346 2264 τῆς
3385 2196 3550 2249 πάλαι
3575 2198 3706 2268 παρ’
3720 2196 3908 2259 αὐτοῖς

665 2283 983 2354 indigneris.

2324 2287 2743 2359 πολιτευομένης
2782 2287 3110 2357 αύτόνομὶας
3153 2287 3246 2340 καὶ
3291 2286 3587 2355 βασιλείαςο
3608 2287 3668 2339 οὐ
3703 2288 3811 2358 χρή
3845 2303 3908 2339 σε

2321 2377 2419 2448 τὴν
2449 2379 2737 2448 Δαμασκὸν
2769 2377 2838 2430 τὰ
2855 2379 3014 2448 ὃμοια
3049 2377 3360 2446 πάσχουσαν
3377 2377 3721 2445 ἀγανακτεῖν.

734 2467 896 2522 Vens.
919 2466 972 2521 ι.
996 2485 1014 2518 ι
1046 2465 1168 2521 Haec
1187 2466 1318 2522 dicit
1335 2465 1595 2524 Dominus
1615 2467 1848 2527 Sabaoth
1878 2489 1890 2525 :
1915 2470 2031 2527 Erit
2054 2471 2106 2527 in
2132 2472 2218 2528 die

2390 2490 2409 2522 ι
2444 2470 2583 2524 Τάδε
2614 2470 2763 2540 λέγει
2791 2469 2996 2540 Κύριος
3031 2468 3279 2522 Σαὸαώθ·
3312 2469 3502 2522 Ἔσται
3534 2470 3593 2521 ὲν
3623 2471 3691 2539 τῇ
3717 2467 3907 2539 ἡμέρᾳ

663 2557 754 2613 illa
791 2566 852 2613 ut
887 2557 1097 2614 deﬁciat
1129 2558 1292 2627 gloria
1335 2558 1498 2614 Jacob
1520 2598 1535 2623 ,
1560 2569 1615 2616 et
1646 2560 1858 2632 pinguia
1882 2561 2065 2633 gloria:
2103 2563 2218 2630 ejus

2323 2563 2499 2633 ἐκείνῃ
2526 2561 2764 2630 ἔκλειψις
2793 2560 2891 2630 τῆς
2929 2558 3086 2629 δόξης
3137 2555 3349 2610 Ἰακώϐ·
3394 2558 3489 2611 καὶ
3516 2557 3583 2610 τά
3612 2555 3774 2610 πίονα
3805 2557 3906 2628 τῆς

664 2655 1122 2702 commoveantur.
1156 2665 1175 2699 ι
1209 2645 1276 2700 Ει
1304 2646 1699 2701 animadvertas
1722 2646 1907 2712 velim,
1945 2663 2066 2703 eum
2109 2663 2216 2702 non

663 2735 902 2791 funditus
926 2734 1297 2791 destruendam
1316 2743 1550 2804 gentem,
1565 2738 1658 2792 sed
1682 2745 1884 2793 tantum
1906 2740 2090 2811 gloria
2109 2741 2217 2811 pri.

663 2827 822 2882 stinte
841 2826 1108 2896 iacturam
1139 2825 1254 2882 fore
1283 2825 1608 2896 signiﬁcare.
1632 2827 1855 2893 Pinguia
1881 2845 2010 2886 vero
2030 2831 2217 2901 gloriae

659 2918 822 2987 prisci
871 2917 1013 2972 illius
1045 2918 1248 2988 populi,
1282 2926 1436 2972 erant
1474 2917 1835 2975 sacerdotium
1865 2929 1922 2975 et
1966 2936 2213 2992 regnum,

657 3022 871 3063 sacrum
899 3007 1026 3063 item
1073 3007 1339 3062 canticum
1380 3017 1437 3061 et
1482 3006 1660 3062 cultus
1698 3009 1992 3063 secundum
2040 3008 2214 3079 legem

656 3098 950 3167 prmstitus,
982 3095 1334 3165 prophetandi
1378 3095 1550 3165 gratia
1584 3106 1641 3151 et
1667 3097 1839 3166 gentis
1875 3096 2120 3161 libertas,
2150 3112 2215 3152 ac

659 3195 705 3245 si
752 3208 857 3262 qua
895 3192 997 3246 alia
1045 3205 1208 3261 penes
1245 3188 1521 3244 Judaicam
1570 3197 1781 3259 gentem
1830 3189 2212 3244 habebantur:

659 3299 779 3352 qum
805 3281 1086 3337 confertim
1114 3280 1469 3337 concutienda
1485 3289 1540 3334 et
1567 3280 1865 3334 amovenda
1896 3278 2010 3335 fore
2038 3293 2214 3334 sermo

655 3372 916 3442 pradicit.
1499 3376 1506 3385 '

730 3463 893 3519 Vens.
920 3464 974 3526 5,
1005 3464 1057 3517 6.
1093 3480 1112 3513 ι
1153 3461 1218 3517 Et
1247 3464 1353 3518 erit
1379 3460 1830 3532 quemadmodum
1874 3462 1921 3516 si
1959 3462 2080 3531 quis
2109 3461 2217 3516 col-

659 3551 851 3621 legerit
883 3564 1106 3607 messem
1148 3560 1407 3618 stantem,
1437 3560 1493 3605 et
1525 3563 1707 3605 semen
1753 3551 2028 3620 spicarum
2071 3566 2214 3605 mes-

660 3645 846 3700 suerit.
876 3644 942 3697 Et
963 3643 1070 3697 erit
1101 3644 1545 3712 quemadmodum
1574 3644 1619 3698 si
1643 3645 1766 3713 quis
1801 3643 2080 3714 collegerit
2107 3645 2216 3714 spi-

661 3751 755 3791 cas
788 3736 839 3790 in
863 3735 1002 3788 valle
1024 3749 1233 3803 aspera,
1258 3746 1313 3788 et
1345 3734 1561 3790 relictus
1577 3735 1739 3789 fuerit
1762 3736 1814 3789 in
1845 3750 1906 3790 ea
1932 3735 2159 3790 culmus.
2191 3755 2209 3786 ι

662 3827 812 3884 Sicut
841 3827 982 3882 enim
1021 3827 1074 3881 in
1109 3840 1282 3882 messe
1310 3827 1639 3896 colliguntur
1663 3828 1878 3896 quidem
1913 3828 2096 3897 spicae,
2131 3843 2216 3882 re-

659 3920 920 3990 linquitur
938 3927 1116 3974 tamen
1154 3918 1206 3972 in
1231 3931 1360 3988 agro
1381 3916 1590 3971 culmus
1617 3917 1797 3988 tenuis
1821 3935 1837 3983 ;
1885 3919 1956 3972 ita
1981 3918 2215 3972 futurum

661 4013 736 4066 ait
763 4011 1041 4066 Judaicum
1061 4009 1338 4080 populum,
1359 4024 1524 4081 penes
1543 4023 1705 4080 quem
1733 4010 1895 4081 spica:
1917 4009 2046 4064 olim
2074 4019 2219 4064 stan-

663 4113 746 4157 tes
773 4101 1131 4165 succidentur,
1151 4101 1406 4171 solusque
1432 4100 1769 4169 relinquetur
1799 4101 2026 4156 culmus.
2063 4100 2216 4166 Quod

662 4196 710 4249 si
745 4195 866 4263 quis
891 4194 1028 4264 apud
1059 4206 1151 4248 eos
1177 4193 1473 4264 reperiatur
1496 4193 1892 4248 existimatione
1920 4191 2140 4262 dignus,
2168 4193 2216 4247 is

662 4285 1061 4355 comparabitur
1098 4285 1279 4355 spicae,
1322 4299 1428 4341 non
1474 4285 1526 4338 in
1563 4283 1780 4350 planitie
1802 4324 1815 4345 ,
1854 4286 1947 4339 sed
1982 4285 2037 4338 in
2072 4284 2218 4339 valle

663 4377 807 4431 sicca
844 4383 900 4430 et
945 4388 1132 4443 aspera
1173 4373 1438 4436 nascenti.
1481 4371 1742 4426 Caeterum
1781 4373 1930 4443 spica
1990 4374 2218 4428 indicari

660 4478 792 4537 puto
813 4468 1034 4522 chorum
1063 4465 1446 4536 discipulorum
1474 4465 1993 4535 etevangelistarum
2029 4466 2217 4520 Salva-

2317 2654 2474 2725 δόξης
2504 2652 2669 2706 αὐτοῦ
2705 2650 3066 2720 σεισοήσεται.
3106 2665 3125 2698 ›
3161 2648 3273 2700 Καὶ
3309 2647 3408 2701 θέα
3437 2649 3584 2711 ὅπως
3614 2648 3717 2701 οὐκ
3746 2647 3905 2701 ἀναί-

2321 2763 2468 2817 ρεσιν
2509 2744 2744 2814 παντελῆ
2774 2741 2869 2795 τοῦ
2915 2741 3100 2802 ἔθνους
3141 2739 3416 2809 σημαίνει,
3449 2737 3586 2792 ἀλλὰ
3615 2737 3714 2808 τῆς
3738 2736 3903 2806 δόξης

2317 2839 2514 2902 αὐτῶν,
2547 2835 2612 2908 ἦς
2646 2838 2890 2906 μετεῖχον
2937 2835 3218 2906 πρότερον,
3249 2832 3587 2900 καθαίρεσιν.
3625 2829 3799 2882 Πίονα
3841 2829 3902 2882 δὲ

2315 2926 2384 3001 ἦν
2412 2931 2510 3001 τῆς
2555 2929 2644 2983 τοῦ
2669 2929 2933 3000 προτέρου
2978 2926 3109 2979 λαοῦ
3137 2925 3294 2994 δόξης
3316 2925 3351 2995 ἡ
3383 2921 3668 2994 ἱερωσύνη,
3723 2921 3819 2975 καὶ⁵
3867 2921 3902 2990 ἡ

2319 3019 2587 3091 βασιλεία,
2617 3019 2678 3070 τό
2705 3035 2765 3070 τε
2807 3017 2962 3084 ἆγιον
2992 3011 3145 3087 ᾇσμα
3187 3015 3283 3067 καὶ
3317 3015 3352 3082 ἡ
3396 3011 3539 3066 κατὰ
3575 3009 3777 3080 νόμους
3803 3008 3900 3061 λα-

2315 3111 2491 3183 τρεία,
2513 3111 2548 3180 ἦ
2576 3127 2636 3163 τε
2664 3110 2973 3180 προφητικὴ
2996 3107 3174 3179 χάρις,
3204 3105 3299 3160 καὶ
3331 3105 3365 3174 ἡ
3390 3102 3483 3156 τοῦ
3512 3101 3698 3166 ἔθνους
3731 3101 3888 3154 ἐλευ-

2317 3203 2492 3274 θερία,
2525 3203 2620 3256 καὶ
2647 3203 2747 3255 ὅσα
2787 3201 2920 3256 ἄλλα
2962 3200 3112 3273 παρὰ
3145 3199 3225 3270 τῷ
3263 3195 3532 3251 Ἰουδαίων
3559 3195 3723 3249 ἔθνειο
3754 3196 3905 3266 άπερ

2321 3294 2528 3365 ἀθρόως
2558 3289 2955 3362 σεισθήσεσθαι,
2989 3293 3081 3343 καὶ
3109 3288 3389 3350 παντελῶς
3427 3285 3697 3353 ἐκλείψειν
3749 3303 3894 3357 προ-

2320 3381 2573 3454 αγορεύει
2615 3381 2644 3433 ὁ
2685 3379 2860 3448 λόγος.

2397 3492 2417 3526 ι
2454 3473 2565 3528 Καὶ
2600 3472 2754 3526 ἔσται
2795 3471 2854 3524 ὃν
2895 3472 3094 3543 τρόπον
3121 3470 3216 3523 ὲάν
3247 3486 3333 3532 τις
3371 3468 3650 3540 συναγάγῃ
3689 3465 3902 3538 άμητὺν

2319 3561 2605 3631 ἑστηκότα,
2657 3562 2752 3614 καὶ
2801 3561 3020 3631 σπέρμα
3059 3557 3309 3629 σταχύων
3339 3559 3546 3629 ἀμήσῃ.
3589 3556 3702 3610 Καὶ
3744 3555 3901 3609 ἔσται

2317 3654 2376 3706 ὃν
2407 3653 2606 3723 τρόπον
2629 3652 2725 3705 ὲάν
2749 3668 2834 3713 τις
2869 3652 3151 3722 συναγάγῃ
3181 3649 3380 3719 στάχυν
3419 3650 3477 3701 ἐν
3503 3649 3745 3719 φάραγγι
3777 3663 3902 3700 στε-

2321 3748 2437 3819 ρεᾷ,
2471 3747 2566 3800 καὶ
2585 3743 2916 3814 καταλειφθῇ
2951 3745 3008 3796 ὲν
3048 3743 3185 3811 αὐτῇ
3221 3741 3462 3811 καλάμη.
3503 3759 3522 3790 ι
3554 3739 3642 3802 *Ως
3679 3738 3790 3810 γὰρ
3837 3739 3899 3790 ιν

2318 3836 2515 3908 ἁμητῷ
2557 3834 2878 3902 συνάγονται
2906 3833 3003 3903 μὲν
3029 3833 3079 3885 oi
3128 3831 3378 3901 στάχυες,
3413 3826 3800 3882 καταλείπεται
3839 3827 3900 3880 δὲ

2320 3931 2376 3982 ὲν
2404 3931 2470 3999 τῇ
2498 3927 2652 3998 χώρᾳ
2703 3925 2924 3995 καλάμη
2968 3923 3119 3994 ψιλή·
3155 3922 3298 3976 οὕτω
3334 3920 3495 3993 φησὶν
3541 3918 3760 3973 ἔσεσθαι
3803 3918 3902 3972 τὴν

2333 4020 2596 4075 Ἰουδαίων
2652 4018 2802 4081 λαὸν,
2834 4015 3218 4086 ἀποτμηθέντα
3256 4014 3356 4085 μὲν
3398 4010 3507 4066 τῶν
3547 4009 3715 4064 πάλαι
3763 4011 3899 4082 παρ’

2319 4113 2500 4173 αὐτοῖς
2524 4107 2790 4178 σταχύων,
2821 4107 2986 4177 μόνης
3017 4104 3076 4156 δὲ
3100 4104 3199 4174 τῆς
3221 4102 3472 4174 καλάμης
3497 4103 3553 4154 ὲν
3580 4100 3763 4164 αὐτοῖς
3794 4117 3901 4153 κα.⁴

2320 4196 2712 4267 ταλειφοείσης.
2767 4195 2829 4248 Εἰ
2875 4193 2932 4246 δὲ
2977 4193 3069 4245 καί
3106 4193 3208 4244 πού
3248 4209 3331 4254 τις
3373 4188 3567 4260 εὑρεθῇ
3615 4190 3673 4240 ιν
3709 4187 3900 4251 αὐτοῖς

2321 4290 2464 4354 ἄξιος
2496 4289 2676 4356 λόγου,
2723 4284 3205 4355 παραϐληθήσεται
3232 4275 3388 4344 οὗτος
3412 4279 3621 4350 στάχυϊ,
3661 4277 3785 4348 οὐχὶ
3835 4280 3900 4332 ὲν

2319 4381 2396 4452 τῷ
2418 4381 2580 4450 πεδίῳ
2618 4379 2796 4449 φύντι,
2839 4376 2951 4430 ἀλλ’
2991 4377 3049 4428 ὲν
3089 4375 3292 4428 κοιλάδι
3333 4373 3422 4426 καὶ
3460 4373 3702 4444 φάραγγι
3723 4387 3900 4426 καταο

2324 4475 2467 4545 ξήρῳ
2513 4473 2610 4526 καὶ
2657 4471 2869 4540 στερεᾷ.
2911 4465 3209 4537 Δηλοῦσθαι
3247 4466 3305 4519 δὲ
3339 4461 3491 4535 οἶμαι
3517 4462 3604 4515 διὰ
3634 4460 3731 4515 τοῦ
3762 4463 3900 4515 στάσ-

664 4561 799 4615 toris
857 4560 1064 4622 nostri,
1117 4559 1181 4613 de
1245 4573 1352 4628 quo
1407 4558 1718 4628 superius"
1778 4559 2129 4624 dicebatur,¢
2161 4559 2218 4613 Et

2328 4581 2453 4634 χυος
2481 4563 2572 4615 τὸν
2595 4561 2753 4633 χορὸν
2783 4559 2892 4612 τῶν
2919 4558 3012 4611 τοῦ
3043 4557 3295 4626 Σωτῆρος
3321 4554 3479 4626 ἡμῶν
3513 4551 3768 4624 μαθητῶν
3801 4554 3902 4606 καὶ

666 4655 772 4707 nisi
794 4653 1047 4706 Dominus
1067 4649 1301 4706 Sabaoth
1325 4651 1632 4720 reliquisset
1657 4651 1810 4706 nobis
1830 4667 2037 4715 semen,
2061 4652 2215 4720 quasi

668 4743 898 4810 Sodoma
926 4741 1234 4806 fuissemus,
1264 4755 1318 4797 et
1343 4743 1494 4812 quasi
1527 4743 1832 4798 Gomorrba
1858 4743 2061 4798 similes
2089 4743 2214 4798 lacti

667 4849 924 4890 essemus.
962 4852 981 4884 ι

739 5035 758 5069 ι
796 5018 901 5072 Aut
928 5027 1178 5084 tanquam
1211 5029 1376 5084 grana
1411 5014 1565 5067 olivzc
1588 5014 1692 5067 duo
1724 5013 1806 5068 vel
1840 5014 1940 5066 tria
1979 5014 2040 5065 ad
2081 5028 2222 5066 smn-

666 5109 904 5162 mitatem
947 5107 1248 5167 sublimem,
1286 5106 1368 5159 vel
1408 5115 1636 5172 quatuor
1662 5104 1742 5158 vel
1774 5105 2012 5174 quinque
2049 5105 2098 5156 in
2129 5120 2214 5156 ra-

667 5199 768 5253 mis
807 5212 990 5250 eorum
1038 5196 1222 5250 relicta
1263 5195 1480 5248 fuerint.
1518 5213 1534 5245 ι
1576 5193 1804 5249 Tantam
1849 5196 2046 5265 quippe
2102 5195 2219 5248 fore

667 5291 742 5342 ait
765 5287 1074 5357 eorum.qui
1100 5301 1164 5342 ex
1193 5287 1384 5340 Israele
1409 5287 1720 5354 superstites
1745 5297 1920 5347 erunt,
1942 5287 2214 5340 raritatem

669 5386 720 5433 in
756 5394 1032 5452 tempore,
1063 5383 1200 5451 quod
1241 5383 1292 5434 in
1338 5379 1611 5449 prOpIictia
1659 5390 1892 5443 notatur,
1944 5391 1999 5433 ut
2029 5394 2216 5433 omnes

670 5473 827 5539 spicae
860 5474 947 5525 uni
985 5472 1280 5539 comparari
1316 5470 1523 5539 possint
1554 5487 1569 5532 ;
1615 5483 1707 5522 cos
1742 5478 1918 5522 autem
1950 5472 2037 5538 qui
2079 5484 2214 5540 prsc-

674 5565 960 5617 stauliorcs
989 5564 1125 5629 apud
1159 5562 1274 5614 illos
1297 5573 1493 5624 erunt,
1528 5559 1640 5612 fore
1675 5559 1830 5628 quasi
1860 5562 1962 5613 duo
1999 5561 2080 5614 vcl
2116 5561 2216 5613 tria

671 5669 835 5722 grana
870 5657 1016 5706 olivae
1063 5655 1114 5705 in
1149 5655 1456 5707 summitate
1502 5652 1736 5706 sublimi.
1771 5650 1934 5717 Qucis
1969 5653 2215 5707 subiutli-

737 5831 772 5856 "
799 5829 922 5893 Cap.
951 5845 986 5889 ι,
1024 5844 1159 5882 vers.
1198 5833 1249 5881 ‘J.

2320 4653 2733 4723 εύαγγελιστῶν,
2759 4650 2884 4721 περὶ
2915 4643 2976 4701 οὗ
3005 4648 3100 4701 καὶ
3115 4649 3172 4699 ἐν
3190 4649 3300 4708 τοῖς
3322 4644 3626 4717 ἔμπροσθεν
3654 4643 3897 4713 ἐλέγετοο

2331 4765 2347 4794 ι
2380 4745 2486 4797 Καὶ
2511 4743 2652 4813 εἰμὴ
2685 4740 2884 4811 Κύριος
2915 4735 3138 4791 Σαϐαὼθ
3175 4735 3527 4804 ἐγκατέλιπεν
3561 4735 3691 4804 ἡμῖν
3724 4734 3899 4806 σπέρ-

2330 4855 2421 4908 μα,
2450 4838 2524 4898 ὡς
2551 4835 2761 4904 Σόδομα
2790 4833 2854 4884 ἂν
2896 4829 3258 4899 ἐγενήθημεν,
3301 4828 3393 4888 καὶ
3427 4827 3503 4890 ώς
3534 4825 3786 4897 Γόμορρα
3828 4826 3904 4879 ἂν

2324 4921 2705 4992 ὡμοιώθημεν.
2747 4941 2763 4970 ι

2401 5036 2416 5062 ι
2458 5015 2528 5065 Ἢ
2559 5014 2632 5075 ὡς
2657 5013 2828 5082 ρὦες
2860 5009 3043 5071 ἐλαίας
3085 5008 3176 5061 δύο
3207 5008 3239 5078 ἦ
3275 5011 3422 5076 τρεῖς
3453 5008 3536 5060 ἐπ’
3567 5005 3739 5077 ἄκρου
3797 5023 3894 5077 με·

2324 5104 2546 5174 τεώρου,
2582 5103 2615 5172 ἦ
2646 5103 2925 5169 τέσσαρες,
2963 5098 2995 5167 ἥ
3036 5096 3193 5149 πέντε
3223 5100 3316 5149 ἐπὶ
3341 5097 3449 5149 τῶν
3483 5097 3692 5150 κλάδων
3715 5096 3900 5152 αὐτῶν

2325 5193 2736 5262 καταλειφθῶσι.
2782 5210 2800 5241 ι
2827 5189 3100 5258 Τοσαύτην
3124 5190 3231 5258 γάρ
3261 5204 3422 5256 φησιν
3453 5185 3669 5240 ἔσεσθαι
3696 5187 3900 5242 σπάνιν

2323 5287 2426 5338 τῶν
2452 5287 2516 5338 ὲκ
2545 5283 2638 5336 τοῦ
2679 5281 2893 5350 Ἰσραὴλ
2927 5280 3316 5351 σωθησομένων
3349 5277 3489 5330 κατὰ
3514 5278 3639 5340 τοὺς
3669 5278 3900 5348 χρόνους

2321 5377 2412 5440 οὓς
2444 5379 2476 5447 ἠ
2502 5374 2803 5447 προφητεία
2840 5372 3111 5443 σημαίνει,
3137 5372 3210 5433 ώς
3227 5372 3306 5423 ἐνί
3330 5371 3521 5439 στάχυϊ
3552 5369 3900 5440 παραϐάλλε-

2326 5468 2446 5520 σθαι
2471 5469 2596 5529 τοὺς
2629 5466 2852 5526 πάντας
2877 5464 2999 5526 τοὺς
3026 5462 3080 5514 δὲ
3101 5463 3157 5513 ὲν
3182 5463 3361 5524 αὐτοῖς
3373 5460 3687 5530 ἐξαιρέτους
3711 5462 3891 5514 τοσού-

2322 5577 2443 5621 τους
2499 5556 2714 5610 ἕσεοθα’ί
2756 5572 2926 5618 τινας,
2965 5554 3151 5624 ὥσπερ
3195 5554 3242 5604 εί
3287 5552 3466 5622 ῥῶγας
3511 5552 3697 5615 ἐλαίας
3725 5553 3819 5606 δύο
3863 5554 3900 5626 ἦ

2323 5653 2468 5720 τρεῖς
2518 5649 2641 5709 τοὺς
2696 5648 2780 5697 ἐπ’
2821 5647 2988 5716 ἄκρου
3041 5642 3334 5715 μετεώρου,
3388 5643 3760 5713 αἰνιττομένου
3807 5643 3899 5696 τοῦ
