4100 6440
1145 427 1662 488 COMMENTARIA
1704 431 1770 488 IN
1812 431 2074 488 ISAIAM.
2110 463 2180 475 —
2215 433 2368 490 CAP.
2411 432 2578 492 XVII.

3366 442 3471 490 ξιυ

189 545 340 610 λογου
379 541 511 606 τοὺς
535 542 878 613 ὰκροτάτους
900 541 1008 595 τῶν
1039 539 1380 608 ἀποστόλων,
1411 545 1508 609 οὓς
1533 547 1663 600 ποτέ
1688 547 1773 616 μὲι

1891 559 2089 604 cantur
2115 547 2486 618 apostolorum
2515 545 2798 619 praecipui,
2818 559 2958 615 quos
2986 545 3282 616 aliquando
3313 547 3472 604 binos

190 628 324 684 κατὰ
351 628 622 700 συζυγίαν
646 633 675 683 6
697 631 884 703 Σωτὴρ
919 633 1336 710 προσεκαλεῖτο,
1364 636 1496 688 ποτὲ
1530 636 1589 690 δὲ
1613 640 1782 708 τρεῖς·

189 720 275 786 οὓς
304 725 338 796 ἡ
367 723 567 793 Γραφὴ
589 722 687 776 τοῦ
714 723 1046 792 Εὑαγγελίου
1061 724 1337 779 ἐκλεκτῶν
1361 727 1788 800 ἐκλεκτοτέρους

189 818 464 888 ιίσήγαγε·
500 817 655 886 λέγω
682 817 746 889 δὴ
787 818 992 888 Πέτρον
1026 820 1118 874 καὶ
1165 819 1426 874 Ἰάκωϐον
1471 821 1570 873 καὶ
1614 820 1790 874 Ἰωάνι

190 927 296 983 νην,
325 909 422 972 οὓς
462 911 563 964 ἐπὶ
593 911 656 964 τὸ
697 912 819 983 δρος
848 913 1092 982 ἀνήγαγε
1134 912 1348 983 μόνους,
1392 913 1788 983 ίστορήσοντας

189 1005 278 1072 τήν
303 1003 522 1074 μεταμό
532 1020 742 1074 ρφωσιν
758 1005 943 1066 αὑτοῦ,
964 1005 1058 1059 καὶ
1087 1005 1178 1057 ἐπὶ
1209 1005 1306 1075 τῆς
1326 1001 1787 1074 άναϐιωσκούσης

191 1093 450 1166 θυγατρὸς
498 1094 604 1147 τοῦ
641 1095 1090 1166 ἀρχισυναγώγου
1127 1095 1401 1166 παρέλαϐε
1442 1093 1585 1166 (20).
1629 1096 1693 1148 Ol
1729 1095 1785 1148 δὲ

188 1188 352 1243 λοιποὶ
377 1189 546 1260 παρὰ
577 1190 704 1254 τοὺς
737 1193 884 1261 τρεῖς
910 1190 1130 1254 τούτους
1161 1191 1210 1242 oi
1243 1188 1510 1260 τέσσαρές
1539 1189 1652 1240 είσι
1693 1188 1786 1242 καὶ

189 1279 358 1344 πέντε,
391 1280 490 1333 καὶ
529 1281 660 1344 τοὺς
686 1281 960 1354 τέσσαρας
996 1283 1092 1336 καὶ
1137 1285 1262 1348 τοὺς
1303 1282 1487 1348 πέντε,
1516 1281 1656 1336 δέκα
1693 1284 1786 1336 xal

188 1367 449 1438 τέσσαρας
478 1369 706 1439 ποιήσει
727 1371 854 1435 τοὺς
895 1370 1124 1436 πάντας,
1154 1366 1232 1426 ὧν
1262 1371 1476 1426 δώδεκα
1525 1371 1632 1443 μὲν
1660 1372 1785 1436 τοὺς

188 1458 428 1530 πρώτους
472 1461 815 1526 ἀποστόλους
847 1462 1022 1528 εἴποις
1065 1463 1132 1519 ἂν
1157 1459 1320 1527 εἶναι,
1361 1466 1463 1518 οὐκ
1486 1463 1698 1518 ἐλάττω
1727 1465 1784 1517 δέ

187 1550 356 1605 αὐτῶν
389 1553 492 1624 τὴν
545 1554 747 1626 ἀρετὴν
787 1555 1019 1623 Παῦλον,
1070 1559 1164 1611 καὶ
1195 1558 1357 1611 αὑτὸν
1403 1558 1536 1611 ὄντα
1583 1560 1784 1631 κλητὸν

186 1639 498 1710 ἀπόστολον,
556 1644 652 1697 καὶ
684 1645 775 1698 τὸν
821 1646 1077 1702 Ἰάκωϐον
1109 1649 1390 1717 γεγονέναι
1428 1649 1522 1703 τὸν
1552 1650 1783 1719 ἀδελφὸν

185 1732 270 1785 τοῦ
307 1733 546 1805 Κυρίου,
576 1734 636 1798 δς
665 1734 881 1806 πρῶτος
906 1739 1208 1804 ἐπίσκοπος
1228 1741 1328 1813 τῆς
1388 1741 1782 1814 Ἰεροσολύμων

197 1822 519 1893 Ἐκκλησίας
547 1826 643 1879 ὑπ’
671 1827 833 1881 αὐτοῦ
879 1831 1212 1901 καταστῆναι
1239 1831 1332 1885 τοῦ
1356 1832 1614 1905 Σωτῆρος
1648 1851 1783 1906 μνη-

1893 639 2154 694 Servatur
2193 639 2515 701 advocabat,
2552 637 2845 706 aliquando
2876 643 3080 701 ternos,
3119 651 3255 708 quos
3289 631 3468 690 Evan-

1890 730 2013 799 gelii
2064 731 2332 798 scriptura
2377 727 2570 783 electis
2617 727 2907 783 electiores
2955 727 3195 792 inducit,
3246 726 3467 783 Petrum

1889 820 2098 876 scilicet
2129 830 2182 875 et
2222 818 2483 876 Iacobum
2513 827 2569 873 et
2609 817 2870 872 Joannem
2893 856 2908 880 ,
2954 815 3100 871 solos
3130 817 3184 870 in
3227 826 3468 872 montem

1890 914 2153 970 adductos
2176 953 2191 977 ,
2223 921 2283 968 ut
2325 908 2820 980 transﬁgurationis
2857 916 3196 976 spectatores
3240 917 3466 962 essent:

1889 1021 2022 1074 quos
2055 1004 2183 1058 item
2227 1017 2350 1058 cum
2389 998 2805 1070 archisynagogi
2838 997 3002 1053 ﬁliam
3031 996 3339 1064 suscitavit,
3380 1011 3470 1051 se-

1889 1113 2010 1152 cum
2037 1093 2350 1164 assumpsit.
2384 1092 2450 1147 Et
2489 1091 2579 1160 qui
2614 1099 2738 1160 post
2767 1099 2880 1144 tres
2911 1088 3032 1142 illos
3083 1088 3282 1142 residui
3315 1096 3466 1151 sunt,

1888 1196 2120 1258 quatuor
2145 1195 2271 1240 sunt
2296 1193 2352 1239 et
2383 1183 2643 1253 quinque,
2665 1195 2728 1236 ac
2753 1180 2853 1236 bos
2882 1187 3117 1250 quatuor
3149 1189 3200 1233 et
3228 1179 3470 1249 quinque

1888 1278 1954 1332 ad
2002 1290 2286 1331 numerum
2323 1272 2734 1343 quatuordecim
2779 1271 3010 1327 deducet
3051 1290 3064 1324 :
3115 1285 3180 1324 ex
3235 1285 3481 1340 quorum

1889 1383 2114 1423 numero
2166 1366 2451 1421 duodecim
2500 1365 2718 1434 quidem
2772 1363 2978 1434 primos
3035 1362 3315 1432 apostolos
3353 1377 3487 1420 esse

1887 1460 2055 1522 dicas,
2088 1467 2142 1513 ct
2180 1456 2288 1512 illis
2331 1470 2436 1510 non
2465 1455 2667 1521 virtute
2700 1455 2965 1510 minorem
2997 1453 3224 1510 Paulum
3245 1491 3261 1516 ,
3295 1455 3395 1525 qui
3426 1465 3485 1512 et

1889 1553 2001 1624 ipse
2016 1559 2236 1606 vocatus
2257 1547 2533 1620 apostolus
2549 1557 2651 1612 est,
2669 1557 2726 1603 et
2744 1546 3004 1604 Iacobum
3035 1549 3259 1604 fratrem
3291 1548 3485 1604 Domi-

1887 1643 2074 1714 ni,qui
2100 1641 2307 1711 primus
2353 1637 2866 1710 Hierosolymitanc
2901 1639 3166 1697 Ecclesia:
3187 1641 3488 1713 episcopus

1887 1736 1955 1790 ab
1986 1737 2100 1806 ipso
2121 1732 2406 1790 Salvatore
2434 1730 2768 1786 constitutus
2796 1742 3158 1789 memoratur.
3189 1731 3253 1788 Ili
3285 1748 3487 1795 omnes

1889 1829 1942 1882 in
1967 1827 2277 1882 summitate
2295 1824 2448 1890 oleae,
2473 1823 2726 1879 videlicet
2745 1821 3060 1880 Iudaorum
3083 1825 3482 1895 successionis,

187 1911 482 1982 μονεύεται.
523 1907 686 1969 Οὗτοι
711 1916 768 1970 δέ
801 1919 1000 1984 πάντες
1030 1921 1120 1974 ἐπ’
1147 1921 1321 1995 ἄκρου
1345 1924 1443 1995 τῆς
1459 1923 1668 1989 ἐλαίας,
1698 1925 1773 1978 λέ-

1889 1919 2086 1989 reperti
2136 1918 2190 1972 in
2236 1916 2491 1985 presenti
2531 1924 2930 1971 memorantur.
2979 1916 3208 1972 Divinus
3251 1931 3475 1986 quoque

183 2019 259 2065 γω
279 2003 342 2076 δὴ
362 2005 465 2075 τῆς
509 2006 786 2064 Ἰουδαίων
809 2009 1059 2083 διαδοχῆς
1083 2014 1381 2087 εὑρημένοι
1395 2014 1484 2068 διὰ
1505 2015 1616 2069 τῶν
1637 2016 1776 2088 μετὰ

183 2095 360 2166 χεῖρας
394 2096 850 2168 μνημονεύονται.
874 2100 984 2153 Kal
1003 2102 1029 2154 ὁ
1045 2101 1190 2166 θεῖος
1209 2103 1267 2156 δὲ
1297 2103 1620 2168 Ἀπόστολος
1633 2101 1776 2159 οἶδεν

183 2184 330 2257 ἐλαίᾳ
373 2187 754 2258 παραϐάλλειν
790 2190 889 2262 τὴν
937 2193 1088 2263 παρὰ
1141 2194 1314 2248 ’ἰούδα
1365 2195 1635 2268 διαδοχὴν,
1682 2199 1776 2251 καὶ

184 2276 332 2344 ῥίζαν
377 2278 548 2348 ἁγίαν
593 2280 688 2333 καὶ
735 2282 1006 2355 ἀπαρχὴν,
1061 2287 1157 2339 καὶ
1201 2285 1549 2342 καλλιελαξαν
1604 2289 1776 2360 αὐτὴν

183 2369 349 2424 καλεῖ.

251 2481 268 2511 ι
301 2460 442 2515 Τάδε
486 2462 643 2532 λέγει
676 2465 878 2537 Κύριος
927 2470 957 2522 δ
997 2468 1130 2534 Θεὸς
1201 2473 1439 2544 Ἰσραήλο
1486 2474 1562 2547 Τῇ
1591 2476 1774 2547 ήμέρᾳ

180 2551 352 2624 ἐκείνη
375 2555 664 2620 πεποιθὼς
693 2556 843 2612 ἔσται
881 2561 909 2614 ό
938 2560 1226 2634 ἄνθρωπος
1261 2563 1352 2616 ἐπὶ
1378 2563 1458 2634 τῷ
1487 2566 1772 2635 ποιήσαντι

180 2643 354 2697 αὐτόν·
381 2647 432 2698 οἱ
463 2647 525 2701 δέ
544 2649 814 2721 όφθαλμοι
841 2651 1007 2706 αὑτοῦ
1041 2656 1120 2717 είς
1147 2654 1241 2707 τὸν
1268 2654 1422 2724 ἅγιον
1437 2655 1530 2709 τοῦ
1560 2657 1774 2728 Ἰσραὴλ

180 2735 562 2808 ὲμσλὲψονται·
624 2743 720 2796 καὶ
768 2743 829 2796 οὐ
886 2744 961 2817 μὴ
999 2746 1320 2810 πεποιθότες
1357 2741 1492 2802 ὦσιν
1529 2749 1620 2802 ἐπὶ
1659 2753 1774 2813 τοῖς

181 2827 398 2898 βωμοῖς,
445 2830 573 2884 οὐδέ
624 2831 718 2886 ἐπὶ
749 2837 860 2898 τοῖς
892 2834 1074 2906 ἔργοις
1105 2835 1219 2890 τῶν
1252 2838 1454 2910 χειρῶν
1485 2838 1685 2905 αὐτῶν,
1737 2839 1774 2894 ἃ

179 2916 436 2991 ἐποίησαν
463 2921 517 2974 οἱ
543 2921 800 2978 δάκτυλοι
831 2924 1032 2979 αὐτῶν·
1061 2926 1177 2980 ἀλλ”
1211 2927 1424 2982 ἔσονται
1448 2930 1772 2994 πεποιθότες

179 3007 266 3062 ἐπὶ
290 3012 380 3066 τὸν
407 3013 571 3082 ἅγιον
589 3014 686 3069 τοῦ
720 3016 957 3090 Ἰσραήλ.
986 3018 1096 3072 Kal
1120 3020 1220 3073 οὐκ
1235 3019 1456 3090 ὄψονται
1481 3020 1549 3074 τὰ
1575 3021 1772 3095 δένδρα

179 3103 352 3158 αὐτῶν
371 3106 499 3161 ούδέ
539 3107 615 3161 τὰ
660 3108 1003 3182 βδελύγματα
1031 3113 1230 3165 αὐτῶν.
1261 3113 1338 3184 Τῇ
1365 3115 1550 3186 ἡμέρᾳ
1587 3115 1773 3186 ἐκείνῃ

179 3194 382 3252 ισονται
423 3201 483 3252 αί
527 3201 715 3264 πόλεις
748 3219 840 3256 σου
866 3203 1442 3277 ἐγκαταλελειμμένα,
1479 3206 1538 3259 ὃν
1569 3209 1772 3279 τρόπον

1883 2010 2174 2082 Apostolus
2199 2007 2353 2065 Iuda:
2379 2008 2784 2065 successionem
2815 2007 2949 2064 olea:
2987 2009 3348 2079 comparavit,
3390 2011 3474 2080 ip-

1882 2118 2108 2174 samque
2139 2101 2375 2158 radicem
2410 2109 2679 2166 sanctam,
2719 2100 2993 2156 nrimltias
3021 2110 3076 2156 et
3118 2101 3316 2156 bonam
3360 2100 3469 2156 oli-

1881 2211 2004 2250 vam
2033 2203 2211 2254 νοωι.

1951 2466 2116 2524 Vsus.
2164 2468 2317 2524 7-l0.
2362 2488 2382 2521 ι
2422 2469 2550 2526 Ilaec
2586 2469 2720 2525 dicit
2759 2469 3024 2525 Dominus
3066 2469 3206 2525 Deus
3259 2468 3463 2526 Israel:

1880 2559 1938 2614 In
1969 2561 2058 2616 die
2087 2560 2176 2616 illa
2199 2560 2482 2618 conﬁdens
2506 2561 2613 2617 erit
2637 2561 2802 2617 homo
2826 2561 2880 2616 in
2910 2576 2999 2628 eo,
3024 2561 3118 2633 qui
3145 2563 3274 2616 fecit
3299 2577 3424 2617 eum
3446 2579 3462 2617 :

1880 2653 2023 2707 oculi
2056 2661 2234 2709 autem
2269 2653 2385 2722 ejus
2438 2655 2493 2709 in
2536 2662 2782 2709 sanctum
2823 2654 2995 2709 Israel
3040 2653 3363 2724 respicient:
3409 2663 3466 2709 et

1882 2759 1988 2798 non
2019 2743 2355 2799 conﬁdentes
2380 2754 2542 2801 erunt
2571 2746 2624 2800 in
2660 2745 2928 2801 altaribus
2947 2785 2965 2815 ,
3001 2759 3175 2815 neque
3203 2746 3255 2799 in
3286 2744 3465 2814 operi-

1882 2834 1980 2890 bus
2009 2849 2264 2890 mauuum
2291 2850 2514 2891 suarum
2541 2876 2556 2901 ,
2585 2851 2706 2907 qua:
2750 2836 3001 2892 iecerunt
3035 2837 3187 2906 digiti
3232 2851 3418 2891 eorum
3446 2853 3461 2890 :

1880 2927 1974 2980 sed
2004 2936 2166 2981 erunt
2198 2927 2538 2982 conﬁdentes
2563 2928 2615 2981 in
2653 2937 2844 2982 sancto
2873 2926 3058 2982 Israel.
3085 2927 3149 2982 Et
3177 2943 3282 2981 non
3316 2927 3464 2982 vide-

1880 3015 2013 3070 bunt
2055 3016 2278 3070 arbores
2314 3031 2502 3071 eorum
2536 3030 2636 3071 nec
2679 3017 3116 3073 abominationes
3159 3034 3366 3075 eorum.
3403 3017 3461 3074 In

1881 3108 1968 3161 die
1998 3106 2084 3160 illa
2122 3114 2282 3160 erunt
2313 3105 2589 3162 derelicta:
2635 3108 2798 3160 urbes
2843 3116 2968 3171 litae,
3002 3106 3462 3176 quemadmodum

1882 3199 2288 3267 dereliquerunt
2326 3196 2630 3252 Amorrhaei
2680 3206 2735 3252 et
2785 3195 2925 3250 Evasi
2974 3211 3004 3249 a
3057 3198 3194 3251 facie
3224 3196 3459 3253 ﬁliorum

178 3289 466 3344 κατέλιπον
486 3293 541 3346 οἱ
589 3293 901 3367 ’Δμορραἶοι
923 3297 1019 3351 καὶ
1042 3299 1091 3350 οί
1120 3299 1304 3353 Εύαῖοι
1339 3300 1448 3353 ἀπὸ
1483 3300 1773 3370 προσώπου

1885 3291 2067 3346 Israel.
2103 3290 2171 3346 Et
2198 3299 2361 3346 erunt
2388 3291 2650 3357 desertae,
2681 3290 2941 3360 quoniam
2977 3291 3264 3347 deseruisti
3291 3291 3462 3347 Deum

177 3376 281 3431 τῶν
311 3379 445 3432 υἱῶν
495 3381 734 3453 Ἰσραήλ.
791 3385 902 3438 Kal
935 3385 1148 3440 ἔσονται
1193 3389 1423 3460 ἔρημοι,
1461 3391 1596 3443 διότι
1639 3409 1774 3446 κατ-

176 3465 352 3533 έλιπες
372 3475 468 3524 τὸν
486 3470 625 3525 Θεὸν
639 3473 729 3525 τὸν
765 3474 996 3548 Σωτῆρά
1026 3493 1140 3542 σου,
1161 3480 1256 3532 καὶ
1286 3480 1490 3552 Κυρίου
1525 3482 1618 3534 τοῦ
1642 3483 1770 3553 βοη-

177 3557 266 3612 θοῦ
288 3577 381 3614 σου
411 3564 518 3617 οὐκ
546 3565 842 3636 ἐμνήσθης.
873 3568 1170 3631 Διὰ,τοῦτο
1203 3589 1489 3642 φυτεύσεις
1518 3573 1771 3645 φύτευμα

171 3650 416 3718 ἄπιστον,
455 3656 554 3709 καὶ
609 3657 831 3730 σπέρμα
875 3660 1126 3716 ἄπιστον.
1158 3662 1234 3734 Τῇ
1271 3663 1329 3716 δὲ
1375 3665 1580 3736 ἡμέρᾳ,
1702 3665 1771 3720 ἂν

172 3745 465 3820 φυτεύσῃς,
513 3750 856 3826 πλανηθήση.
883 3755 956 3808 Τὸ
982 3755 1041 3808 δὲ
1083 3755 1229 3827 πρωῒ
1262 3754 1357 3809 ἐὰν
1399 3756 1650 3830 σπείρης,
1677 3759 1771 3810 ἀν-

171 3836 322 3910 θήσει
350 3845 434 3907 είς
453 3844 692 3915 ἀμητὸν,
770 3846 834 3901 ἂν
851 3849 1034 3919 ἡμέρᾳ
1057 3849 1336 3923 κληρὼσῃο
1368 3852 1464 3904 καὶ
1488 3851 1565 3914 ὡς
1588 3853 1770 3925 πατὴρ

169 3926 462 4001 ἀνθρώπου
516 3932 777 4007 κληρὼσῃ
809 3939 921 4001 τοῖς
971 3939 1109 4002 υἱοῖς
1164 3955 1279 3993 σου.
1320 3959 1338 3990 ι
1376 3941 1588 4012 Ὠσπερ
1637 3942 1767 4012 γὰρ,

169 4025 351 4092 φησιν,
390 4026 627 4081 ἐκείνων
651 4027 1026 4094 ἀπολωλότων,
1044 4030 1222 4102 ἐτεροι
1259 4030 1616 4104 παρελθόντες
1641 4050 1770 4085 κατ-

169 4118 325 4190 έσχον
368 4119 561 4174 αὐτῶν
589 4119 690 4184 τὰς
718 4121 901 4186 πόλεις
929 4123 1024 4177 atal
1075 4124 1175 4188 τὰς
1207 4125 1414 4196 χώρας,
1477 4124 1651 4188 οὕτως
1676 4127 1768 4178 καὶ

166 4211 221 4263 αἱ
253 4212 348 4265 σαὶ
394 4212 589 4276 πόλεις
617 4213 837 4285 ἐτέρους
862 4214 1076 4279 ἕξουσιν
1099 4217 1411 4288 οἰκήτορας,
1452 4217 1606 4288 ὑμῶν
1626 4217 1763 4272 am-

165 4298 484 4371 ϐληθέντων
537 4302 638 4355 καὶ
685 4299 1043 4366 ὲξωσθέντων.
1101 4321 1120 4355 t
1161 4305 1271 4357 Kal
1304 4304 1517 4359 ἔσονται
1550 4305 1763 4377 ἔρημοι,

165 4392 298 4447 διότι
318 4394 630 4458 κατέλιπες
651 4394 744 4448 τὸν
769 4395 902 4451 Θεὸν
920 4397 1011 4451 τὸν
1044 4398 1268 4470 σωτῆρά
1295 4417 1409 4464 σου,
1437 4399 1535 4452 καὶ
1558 4400 1764 4472 Κυρίου

163 4479 257 4539 τοῦ
289 4487 434 4541 Θεοῦ
494 4504 594 4541 σου
642 4487 742 4540 οὐκ
775 4490 1073 4562 ἐμνήσθης.
1121 4509 1140 4544 ι
1199 4491 1367 4545 Ἔνθα
1391 4492 1456 4563 δὴ
1488 4492 1580 4544 καὶ
1599 4493 1764 4546 αὑτοῦ

164 4574 346 4650 Ἰησοῦ
374 4577 480 4633 τοῦ
503 4579 762 4651 Σωτῆρος
787 4579 946 4652 ἡμῶν
983 4581 1254 4654 μέμνηται
1279 4585 1312 4654 ή
1358 4583 1619 4653 Ἐὀραῖκὴ
1655 4602 1765 4651 φωο

1882 3384 2218 3439 Salvatorem
2261 3393 2438 3448 tuum,
2467 3392 2522 3438 et
2559 3381 2773 3438 Domini
2823 3383 3088 3452 adjutoris
3121 3385 3197 3439 tui
3237 3400 3342 3439 non
3372 3400 3461 3440 re-

1879 3479 2136 3532 cordatus
2181 3492 2263 3532 es.
2307 3475 2540 3546 Propter
2586 3477 2688 3532 hoc
2739 3476 3012 3547 plantabis
3070 3477 3460 3548 plantationem

1881 3568 2267 3635 inﬁdelem,et
2314 3582 2498 3622 semen
2546 3567 2782 3625 inﬁdele.
2832 3568 2928 3623 Die
2971 3581 3152 3625 autem
3196 3570 3286 3623 illa
3312 3611 3326 3632 ,
3356 3585 3461 3640 qua

1878 3663 2179 3731 plantabis,
2211 3661 2442 3716 errabis.
2474 3660 2630 3716 Mane
2657 3675 2789 3716 vero
2825 3661 2869 3715 si
2901 3663 3275 3728 seminaveris,
3302 3661 3462 3717 σοι-ο-

1879 3752 2033 3809 bitin‘
2068 3770 2322 3818 messem,
2347 3769 2452 3824 qua
2483 3755 2569 3809 die
2603 3754 2974 3809 hereditatem
3007 3753 3209 3808 adibis:
3243 3762 3297 3808 et
3342 3763 3462 3808 tan-

1879 3863 2042 3916 quam
2101 3858 2258 3917 pater
2305 3847 2545 3902 hominis
2607 3845 2978 3902 [nereditatem
3026 3845 3273 3900 sortieris
3332 3845 3462 3901 ﬁliis

1882 3939 2017 3993 tuis-
2052 3959 2070 3992 ι
2100 3939 2567 4006 Quemadmodum
2615 3939 2784 4002 enim,
2821 3938 3014 4007 inquit,
3051 3938 3156 3992 illis
3184 3938 3460 4007 pereunti-

1878 4031 2000 4096 bus,
2033 4033 2354 4086 accedentes
2391 4031 2482 4084 alii
2527 4045 2717 4085 eorum
2757 4029 2920 4084 urbes
2953 4038 3010 4085 et
3041 4034 3290 4100 regiones
3317 4032 3460 4084 obti-

1878 4129 2147 4184 nuerunt,
2178 4119 2256 4173 sic
2285 4128 2340 4172 et
2363 4117 2529 4172 urbes
2562 4128 2687 4180 tuae,
2714 4118 2873 4173 vobis
2892 4119 3085 4189 ejectis
3108 4134 3171 4174 ac
3197 4119 3458 4189 depulsis,

1879 4215 2069 4269 incolis
2109 4215 2232 4270 aliis
2279 4213 2654 4283 replebuntur.
2691 4232 2709 4264 ι
2748 4212 2813 4267 Ει
2841 4223 3003 4268 erunt
3037 4215 3291 4280 deserta,
3330 4214 3460 4283 quia

1876 4306 2212 4374 dereliquisti
2243 4305 2410 4361 Deum
2442 4312 2780 4358 servatorem
2815 4315 2966 4358 tuum
2990 4347 3007 4370 ,
3033 4317 3088 4361 et
3121 4304 3330 4360 Domini
3364 4305 3459 4360 Dei

1877 4399 1954 4452 tui
1984 4400 2303 4452 recordatus
2331 4413 2438 4453 non
2465 4413 2547 4453 es.
2587 4413 2607 4448 ι
2638 4394 2738 4450 Hic
2757 4411 2888 4452 vero
2917 4397 3089 4466 ipsum
3121 4396 3305 4453 Iesmn
3338 4396 3461 4452 δει-

1877 4498 2116 4543 vatorem
2151 4497 2395 4544 nostrum
2421 4488 2688 4546 Hebraica
2721 4505 2821 4545 VO!
2867 4499 3297 4544 commemorat:
3334 4505 3459 4544 nam

1873 4579 2003 4635 Iesu
2043 4595 2239 4636 nomen
2270 4582 2325 4636 in
2355 4580 2603 4637 Graecam
2635 4582 2874 4652 linguam
2916 4581 3236 4636 translatum
3264 4578 3460 4635 Satra-

167 4670 254 4741 νή·
274 4671 534 4742 σωτῆρα
561 4671 675 4743 γὰρ
692 4672 843 4743 δηλοῖ
867 4673 930 4726 τὸ
953 4674 1126 4745 Ἰησοῦ
1164 4674 1336 4744 ὄνομα
1369 4677 1450 4738 είς
1473 4675 1573 4746 τὴν
1590 4676 1769 4729 Ἐλλά-

1881 4681 2039 4726 torem
2069 4671 2360 4742 signiﬁcat.
2394 4673 2518 4728 llaec
2542 4689 2672 4729 vero
2704 4674 2759 4728 iu
2789 4687 2954 4728 causa
2991 4674 3106 4728 fore
3132 4670 3459 4740 ait,utipsis

163 4759 230 4815 δα
272 4762 535 4831 γλῶτταν
580 4764 1039 4836 ἑρμηνευόμενον.
1083 4767 1194 4819 Καὶ
1233 4766 1392 4820 τοῦτο
1449 4767 1642 4831 αἴτιον,
1690 4768 1771 4820 διὸ

167 4855 555 4927 συμϐήσεσθαι
583 4856 769 4921 αὐτοῖς
807 4857 880 4912 τὰ
924 4858 1288 4931 προλεχθέντα
1309 4859 1507 4923 πάντα,
1535 4860 1770 4931 εἴρηται,

162 4945 293 5000 διότι
319 4948 633 5002 κατέλιπον
661 4948 751 5002 τὸν
780 4950 914 5005 Θεὸν
932 4951 1024 5004 τὸν
1046 4951 1275 5024 Σωτῆρα
1299 4951 1501 5016 αὐτῶν,
1539 4953 1632 5006 καὶ
1658 4955 1771 5006 Κυ-

167 5037 282 5108 ρίου
332 5039 439 5093 τοῦ
487 5037 725 5091 πάντοτε
770 5039 967 5111 βοηθοῦ
1021 5043 1199 5096 αὐτῶν
1252 5044 1352 5096 οὐκ
1401 5043 1769 5116 ἐμνήσθησαν.

174 5127 343 5185 Ἐπὰν
371 5126 500 5196 οὖν,
536 5129 696 5202 φησὶ,
738 5131 800 5184 τὸ
847 5132 1070 5204 σπέρμα
1105 5133 1263 5187 τοῦτο
1293 5134 1354 5187 τὸ
1399 5134 1626 5188 ἄπιστον
1667 5139 1761 5190 καὶ

159 5215 255 5290 τὴν
288 5221 527 5291 φυτείαν
551 5213 653 5291 τὴν
672 5220 898 5275 ἄπιστον
921 5225 1151 5295 σπείρης
1182 5226 1238 5277 ἐν
1261 5227 1325 5294 τῇ
1350 5224 1575 5277 σεαυτοῦ
1590 5225 1758 5298 ψυχῇ,

161 5311 282 5367 τότε
320 5312 687 5386 πλανηθήσῃ⁶
717 5315 766 5366 εἰ
801 5313 881 5378 δέ,
916 5315 1344 5385 μεταδαλὼνὲπὶ
1368 5315 1466 5386 τὴν
1491 5317 1763 5370 ἀνατείλα-

161 5416 259 5456 σαν
303 5403 388 5475 τῷ
417 5405 622 5475 κόσμῳ
655 5405 864 5476 πρωῖαν
891 5404 986 5459 τοῦ
1034 5406 1210 5475 φωτὸς
1236 5407 1331 5461 τοῦ
1383 5407 1758 5476 εύαγγελικοῦ,

160 5492 348 5566 ἕτερον
371 5495 615 5567 σπέρμα
652 5496 912 5551 κατάθοιο
943 5501 1011 5570 τῇ
1045 5499 1241 5554 σαυτοῦ
1275 5500 1504 5572 διανοίᾳ,
1536 5502 1663 5572 περὶ
1700 5497 1762 5556 οὗ

163 5581 414 5642 λέλεκται
463 5589 526 5641 ἐν
564 5586 935 5656 Εὐαγγελίοις·
982 5608 1001 5640 ‹
1045 5588 1294 5660 Ἐξῆλθεν
1323 5593 1351 5644 ὀ
1380 5590 1620 5660 σπείρων
1669 5591 1762 5645 τοῦ

239 5703 288 5737 ’⁸
314 5703 529 5760 Ilattb.
560 5718 687 5770 aut,
715 5704 768 5763 3.
841 5706 888 5739 “
919 5709 1049 5765 ibid.
1080 5708 1173 5765 24.

1871 4765 2130 4833 praedicta
2148 4765 2330 4818 omnia
2357 4763 2838 4834 contingant,quia
2864 4762 3458 4832 dereliqueruntaDeum

1871 4856 2216 4910 Salvatoretn
2261 4872 2418 4912 suum
2447 4898 2461 4920 .
2493 4867 2547 4911 ct
2575 4858 2786 4914 Domini
2829 4856 3093 4926 adjutoris
3133 4868 3348 4923 semper
3375 4853 3460 4908 sui

1874 4964 1977 5003 non
2015 4949 2402 5003 meminerunt.
2450 4948 2586 5003 Cum
2618 4951 2842 5020 itaque,
2869 4950 2981 5013 ait,
3016 4948 3118 5002 hoc
3145 4961 3330 5001 semen
3377 4947 3460 5000 in-

1873 5041 2177 5104 credulum,
2203 5051 2258 5096 et
2284 5042 2427 5096 lianc
2453 5041 2728 5098 inﬁdelem
2758 5043 3152 5114 plantatiouem
3188 5042 3242 5093 in
3273 5039 3454 5094 anima

1875 5145 1966 5188 tua
1999 5133 2357 5190 seminaveris
2378 5175 2392 5199 ,
2419 5145 2531 5190 tum
2564 5137 2812 5203 errabis;
2849 5138 2932 5191 sin
2968 5147 3150 5191 autem
3177 5135 3459 5190 exoriente

1872 5227 1925 5281 in
1961 5227 2162 5281 mundo
2196 5228 2495 5299 evangelici
2528 5229 2748 5283 luminis
2779 5227 3042 5293 diluculo,
3090 5238 3293 5281 mutata
3327 5244 3454 5283 sen-

1877 5321 2044 5374 tentia
2080 5318 2227 5373 aliud
2257 5334 2443 5374 semen
2475 5320 2530 5373 in
2560 5329 2743 5374 mente
2775 5327 2865 5372 tua
2891 5319 3112 5388 jeceris,
3143 5320 3209 5373 de
3236 5336 3345 5388 quo
3372 5321 3456 5372 di-

1873 5421 2018 5466 ctum
2047 5419 2133 5466 est
2160 5411 2216 5464 in
2247 5409 2584 5482 Evangeliis,
2618 5429 2639 5463 ι
2673 5409 2822 5464 Exiit
2865 5412 2956 5479 qui
3010 5414 3245 5466 seminat
3290 5415 3453 5464 smni-

1874 5518 2006 5559 nare
2032 5504 2111 5569 ";
2149 5521 2168 5553 ι
2199 5511 2278 5563 et,
2305 5519 2325 5553 ι
2361 5500 2554 5556 Simile
2587 5500 2787 5557 factum
2816 5511 2901 5555 est
2937 5516 3162 5571 regnum
3191 5499 3455 5553 cmlorttm

1874 5595 2081 5652 bomini
2111 5595 2403 5651 seminanti
2443 5593 2646 5649 bonum
2688 5608 2871 5649 semen
2908 5594 2961 5647 in
3006 5608 3136 5664 agro
3175 5607 3274 5647 suo
3301 5591 3383 5655 ⁸ος
3430 5611 3450 5643 ι

230 5798 518 5881 (φλιιπο
574 5800 694 5872 ipsa
739 5800 1100 5876 Hieronymus
1132 5807 1198 5864 ad
1242 5809 1384 5866 hunc
1431 5806 1608 5864 locum
1670 5811 1761 5881 qui
1803 5819 1970 5869 totam
2040 5808 2252 5865 Eusebii
2322 5807 2649 5864 sententiam
2680 5817 2738 5864 ut
2783 5819 2935 5865 suam
2976 5803 3184 5862 extulit.
3218 5800 3352 5858 Vide
3392 5797 3455 5857 in

164 5865 515 5928 Ρι-ἁιίέιίοοε.
