4100 6464
682 482 780 540 ΞΗ

1406 475 1667 533 EUSEBII
1706 473 2169 533 CESARIENSI‘S
2204 470 2353 527 ΟΡΡ.
2394 471 2570 528 PARS
2608 473 2693 528 III.
2736 503 2805 513 —
2841 470 3248 529 EXEGETICA.

3779 470 3881 524 919.

683 611 877 653 etcum
913 610 963 647 In
994 593 1209 662 propria
1240 591 1361 646 luce
1383 592 1605 670 orientis
1639 592 1882 644 matutini
1921 590 2045 643 solis
2071 587 2217 655 justi-

2328 585 2564 652 σπεῖραι·
2605 604 2623 635 ι
2669 585 2781 646 καὶ,
2823 602 2842 633 ‹
2882 582 3145 654 Ὡμοιώθη
3183 585 3216 654 ή
3247 581 3487 653 βασιλεία
3509 582 3617 635 τῶν
3642 580 3884 655 οὐρανῶν

682 690 767 741 tiae
819 681 1005 745 fueris,
1045 683 1094 734 in
1154 688 1206 734 te
1260 680 1324 735 ad
1374 693 1602 734 messem
1655 679 1900 743 ﬂorcbit,
1942 681 2011 732 ita
2063 688 2120 731 ut
2160 679 2222 731 iis

678 774 962 837 omnibus,
1028 772 1116 840 qui
1200 769 1290 822 tibi
1375 784 1469 836 per
1553 768 1842 821 salutarem
1924 768 2222 821 doctrinam

676 866 968 917 secundum
1009 864 1171 917 Deum
1212 859 1320 912 nati
1380 859 1609 921 fuerint,
1655 869 1856 912 sortem
1896 859 2091 913 bonam
2128 859 2225 911 tri-

678 956 829 1009 buas.

748 1224 1045 1279 “315.124
1062 1224 1146 1277 Va:
1172 1221 1491 1276 multitudini
1516 1221 1749 1289 gentium
1770 1221 2080 1274 multarum.
2103 1219 2220 1275 Sic-

678 1325 738 1368 ut
786 1328 931 1367 mare
967 1310 1246 1375 ﬂuctuans,
1281 1311 1358 1365 sic
1391 1309 1755 1364 turbabimini.
1794 1327 1812 1359 ι
1848 1306 2135 1377 Postquam
2158 1307 2223 1362 de

677 1404 1028 1458 conversione
1080 1402 1310 1471 gentium
1357 1404 1422 1454 ad
1472 1401 1669 1463 Deum,
1719 1406 1771 1453 et
1814 1398 1879 1453 de
1920 1398 2222 1453 Judmorum

675 1496 1049 1550 incredulitate
1096 1508 1218 1562 erga
1279 1491 1549 1545 Christum
1610 1490 1929 1544 vaticinatus
1998 1499 2109 1553 est,
2156 1490 2222 1543 ad

674 1585 1064 1639 multitudinem
1094 1585 1323 1651 gentium
1356 1581 1681 1651 pertransit,
1721 1595 1839 1649 qua:
1880 1596 2000 1635 cum
2033 1582 2084 1635 in
2111 1581 2221 1649 ipsa

676 1677 954 1741 Damasco,
974 1686 1080 1727 tum
1101 1676 1150 1727 in
1171 1674 1289 1726 aliis
1304 1673 1605 1743 regionibus
1628 1673 1678 1726 in
1700 1671 2068 1727 incredulitate
2082 1686 2222 1723 man-

675 1776 846 1828 sura},
878 1774 931 1816 et
962 1762 1252 1816 Ecclesiam
1296 1763 1386 1815 Dei
1438 1771 1707 1815 vexatura:
1735 1769 1788 1814 et
1837 1761 2221 1831 impugnatum

674 1870 799 1920 sent

2327 656 2594 743 ἀνθρώπῳ
2622 674 2889 744 σπείροντι
2915 672 3074 725 καλὸν
3106 673 3327 744 σπέρμα
3348 675 3403 725 ἐν
3423 672 3500 743 τῷ
3531 671 3645 741 ίδίῳ
3672 672 3878 743 ἀγρῷ-ι

2324 764 2417 815 καὶ
2450 763 2585 815 ἐπὰν
2620 765 2676 816 ἐν
2700 763 2777 833 τῷ
2811 764 2922 832 ίδίῳ
2968 763 3104 831 φωτὶ
3133 765 3307 831 γένοιο
3350 763 3451 833 τῆς
3480 764 3722 834 πρωῖνῆς
3758 766 3887 817 ἀνα-

2324 853 2480 923 τολῆς
2508 854 2600 905 τοῦ
2637 853 2785 923 ήλίου
2826 854 2922 923 τῆς
2959 853 3318 924 δικαιοσύνης,
3352 851 3568 923 ἀνθήσει
3599 854 3656 905 ἐν
3683 851 3769 905 σοὶ
3806 855 3883 917 είς

2325 944 2555 1013 ἀμητόν·
2582 943 2657 1007 ὡς
2703 943 3019 1014 μεταδοῦναι
3049 943 3248 1014 κλῆρον
3268 944 3473 1012 ἀγαθὸν
3508 944 3600 997 καὶ
3629 944 3744 1007 τοῖς
3762 946 3889 997 ἐαυ-

2324 1035 2416 1087 τοῦ
2448 1038 2579 1089 πᾶσι
2607 1039 2723 1099 τοῖς
2757 1037 2897 1089 κατά
2936 1034 3067 1088 Θεὸν
3102 1036 3512 1106 γεννησομὲνοις
3536 1034 3623 1088 διὰ
3650 1036 3750 1105 τῆς
3780 1052 3887 1089 σω-

2323 1127 2513 1197 τηρίου
2533 1126 2896 1190 διδασκαλίας.

2400 1239 2418 1269 ι
2459 1220 2597 1272 Οὐαὶ
2618 1218 2821 1289 πλῆθος
2845 1217 3012 1271 ἐθνῶν
3038 1217 3265 1270 πολλῶν.
3307 1218 3394 1281 Ὧς
3426 1218 3665 1272 θάλασσα
3694 1218 3891 1289 κυμαί-

2324 1329 2505 1376 νουσα,
2553 1312 2724 1375 οὕτως
2774 1310 3198 1383 ταραχθήσεσθε.
3252 1310 3386 1381 Περὶ
3420 1311 3520 1381 τῆς
3561 1310 3667 1364 τῶν
3712 1309 3885 1363 ἐθνῶν

2324 1404 2415 1456 ἐπὶ
2446 1404 2535 1456 τὸν
2568 1402 2700 1455 Θεὸν
2734 1402 3088 1473 ἐπιστροφῆς,
3134 1401 3229 1453 καὶ
3258 1402 3358 1470 τῆς
3403 1403 3481 1464 εἰς
3508 1401 3596 1454 τὸν
3647 1401 3887 1473 Χριστὸν

2325 1493 2577 1555 ἀπιστίας
2600 1492 2694 1544 τοῦ
2734 1491 2997 1544 Ἰουδαίων
3023 1490 3207 1553 ἔθνους
3240 1487 3500 1552 θεσπίσας
3530 1492 3558 1541 ὁ
3582 1489 3759 1557 λόγος,
3790 1506 3889 1559 με·

2322 1584 2562 1636 ταΰαίνει
2584 1583 2673 1635 ἐπὶ
2702 1582 2771 1635 τὰ
2798 1582 2975 1653 πλήθη
3005 1582 3113 1635 τῶν
3133 1580 3319 1646 ἐθνῶν,
3344 1583 3401 1634 ἐν
3430 1583 3565 1651 αὐτῇ
3596 1598 3654 1634 τε
3687 1584 3755 1651 τῇ
3781 1582 3889 1633 Δα-

2326 1672 2519 1743 μασκῷ
2547 1674 2639 1726 καὶ
2670 1676 2787 1735 ταῖς
2827 1672 3036 1735 λοιπαῖς
3080 1672 3280 1743 χώραις
3304 1674 3360 1725 ἐν
3398 1674 3622 1743 ἀπιστίᾳ
3657 1673 3887 1743 ἀπομει-

2322 1762 2544 1825 νάντων,
2587 1764 2681 1815 καὶ⁵
2720 1764 2819 1831 τὴν
2865 1763 3185 1831 Ἐκκλησίαν
3220 1762 3311 1815 τοῦ
3360 1762 3490 1816 Θεοῦ
3523 1763 3765 1816 ἐλαύνειν
3794 1762 3887 1815 καὶ

2320 1854 2619 1925 πολιορκεῖν
2647 1853 2960 1924 μελλόντων.

743 1955 905 2009 Vsus.
942 1952 1027 2005 15.
1065 1967 1084 2001 ι
1122 1949 1187 2002 Et
1212 1946 1427 1999 dorsum
1460 1944 1698 2014 gentium
1743 1946 2030 1998 multarum
2080 1945 2217 1999 sicut

2396 1966 2414 1998 ί
2443 1948 2551 1999 Καὶ
2590 1946 2756 2008 νῶτος
2800 1945 2968 1998 ἐθνῶν
3018 1944 3225 1997 πολλῶν
3261 1944 3335 2007 ὡς
3369 1944 3510 2015 ὓδωρ
3552 1946 3762 2015 ήχήσεν
3812 1943 3887 2007 ὡς

674 2062 809 2115 aqua
836 2043 1065 2099 sonabit.
1098 2039 1251 2095 Sicut
1278 2053 1416 2108 aqua
1443 2036 1627 2097 multa,
1654 2044 1837 2105 gentes
1866 2036 2082 2090 multae:
2108 2036 2217 2091 sic-

676 2150 737 2193 ut
766 2152 898 2206 aqua
934 2136 983 2189 vi
1016 2133 1270 2201 impulsa.
1311 2149 1329 2181 ι
1364 2128 1818 2195 Quemadmodum
1854 2127 1999 2182 enim
2058 2131 2219 2183 maris

675 2228 831 2281 dorsa
862 2223 1206 2277 tumescentia
1237 2230 1290 2274 et
1320 2220 1370 2272 in
1400 2217 1624 2271 sublime
1656 2216 1816 2281 elata,
1840 2218 1963 2271 dum
1991 2232 2018 2270 a
2048 2219 2221 2273 ventis

674 2320 983 2386 agitantur,
1031 2324 1194 2378 atque
1254 2312 1571 2374 turbantur,
1622 2310 1853 2366 sonitum
1928 2312 2218 2365 maximum

673 2412 874 2474 edunt,
905 2416 960 2463 et
1003 2416 1203 2461 metum
1245 2405 1621 2472 navigantibus
1670 2403 1935 2456 incutiunt
1974 2419 1988 2466 ;
2034 2406 2219 2457 eodem

674 2506 833 2558 modo
861 2502 1028 2555 turbat
1054 2499 1371 2567 populorum
1393 2499 1505 2553 sive
1532 2498 1775 2551 Damasci
1796 2497 1907 2552 sive
1930 2499 1980 2551 in
2001 2498 2220 2567 reliquis

672 2592 1002 2664 regionibus,
1024 2592 1075 2645 in
1097 2590 1408 2643 infidelitate
1428 2598 1481 2643 et
1503 2588 1798 2643 idololatria
1831 2600 2128 2650 manentes,
2154 2591 2220 2643 ab

673 2682 1027 2738 invisibilibus
1048 2679 1292 2749 gentibus
1316 2678 1545 2743 agitatas,
1580 2678 1750 2731 instar
1777 2678 2028 2732 fluctuum
2052 2682 2218 2735 maris

675 2774 904 2827 sonitum
936 2775 1128 2833 edent,
1163 2780 1347 2823 contra
1385 2770 1680 2826 Ecclesiam
1717 2772 1806 2825 Dei
1855 2773 2215 2839 insurgentes.

672 2864 869 2918 Verum
915 2864 1031 2919 illas
1076 2881 1093 2914 ι
1147 2861 1438 2915 eliminabit
1481 2870 1535 2917 et
1571 2863 1749 2932 procul
1793 2864 2107 2932 insequetur
2145 2882 2157 2917 :
2193 2883 2211 2915 ι

670 2958 769 3012 etsi
800 2957 902 3011 illa:
934 2956 1098 3010 maris
1130 2958 1295 3011 ferme
1321 2956 1494 3010 instar
1524 2966 1707 3009 contra
1728 2956 2062 3010 adversarios
2094 2972 2218 3013 suos

668 3051 865 3103 ﬂuctus
916 3047 1180 3101 attollant.
1216 3046 1385 3101 Dousa
1432 3057 1609 3100 autem
1658 3047 1942 3101 multarum
1979 3048 2213 3118 gentium

672 3141 761 3194 hic
791 3140 907 3194 illas
936 3147 1233 3206 nuncupat,
1266 3138 1385 3207 quia
1424 3148 1608 3208 gentes
1640 3139 1831 3192 multas
1876 3139 2217 3208 insequentes

2322 2038 2463 2109 ὕδωρ
2484 2038 2641 2101 πολὺ,
2677 2039 2801 2107 ἔθνη
2837 2035 3024 2095 πολλὰ.
3058 2036 3133 2099 ώς
3157 2036 3346 2098 ὓδατος
3372 2033 3566 2087 πολλοῦ
3603 2034 3693 2105 βίᾳ
3726 2050 3887 2105 φερο-

2324 2127 2503 2198 μένου.
2539 2146 2557 2177 ι
2605 2128 2693 2189 Ὠς
2712 2126 2819 2196 γὰρ
2852 2125 3127 2194 θαλάσσης
3146 2123 3213 2177 τὰ
3249 2124 3390 2176 νῶτα
3411 2122 3774 2194 κυρτούμενα,
3796 2120 3889 2174 καὶ

2326 2220 2406 2282 είς
2440 2217 2571 2287 ὕψος
2597 2217 2879 2288 αίρόμενα,
2903 2218 2961 2268 ἐν
2990 2214 3069 2285 τῷ
3107 2212 3459 2285 χειμάζεσθαι
3493 2213 3586 2265 καὶ
3615 2211 3884 2284 ταράσσε-

2321 2314 2444 2368 σθαι
2475 2315 2579 2366 ὑπδ
2613 2313 2847 2381 ἀνέμων,
2879 2305 3011 2381 ἦχον
3049 2310 3300 2379 μέγιστον
3330 2306 3547 2375 ἐμποιεί
3590 2303 3684 2355 καὶ
3724 2299 3889 2371 φόϐον

2319 2409 2431 2470 τοῖς
2446 2405 2714 2458 πλέουσινο
2740 2401 2882 2455 οὔτω
2906 2399 3000 2453 καὶ⁸
3028 2398 3095 2451 τὰ
3119 2396 3295 2467 πλήθη
3323 2394 3430 2448 τῶν
3462 2396 3518 2447 ἐν
3571 2394 3706 2463 αὐτῇ
3734 2410 3793 2445 τε
3818 2395 3886 2463 τῇ

2318 2494 2591 2566 Δαμασκῷ
2618 2494 2710 2546 καὶ
2729 2495 2847 2554 ταῖς
2875 2491 3087 2553 λοιπαῖς
3107 2488 3310 2561 χώραις
3330 2487 3414 2541 ἐπ’
3447 2485 3674 2557 ἀπιστίᾳ
3698 2485 3882 2539 καὶεί-

2318 2586 2675 2656 δωλολατρείᾳ
2733 2584 2995 2654 μενόντων
3065 2581 3253 2646 ἐθνῶν,
3307 2580 3413 2634 ὑπὸ
3468 2579 3576 2632 τῶν
3643 2580 3889 2650 ἀοράτων

2320 2677 2485 2730 ἐθνῶν
2532 2675 2911 2747 ἐνεργούμενα,
2962 2673 3118 2745 δίκην
3155 2670 3412 2743 κυμάτων
3434 2670 3711 2741 θαλάσσης
3746 2668 3890 2741 ἠχή-

2322 2786 2488 2833 σουσι,
2512 2768 2650 2821 κατὰ
2679 2768 2776 2837 τῆς
2818 2766 3141 2835 Ἐκκλησίας
3160 2764 3253 2818 τοῦ
3283 2763 3416 2817 Θεοῦ
3458 2762 3886 2831 ἐπανιστάμενα.

2325 2880 2343 2910 ι
2375 2862 2482 2913 Καὶ
2511 2861 2904 2930 ἀποσκορακιεῖ
2948 2860 3162 2921 αὐτοὺς,
3208 2858 3301 2911 καὶ
3334 2857 3520 2929 πόρρω
3542 2856 3738 2919 αὐτοὺς
3766 2852 3894 2909 διώ-

2318 2953 2481 3019 ξεται’
2510 2972 2528 3004 ι
2567 2952 2843 3023 μονονουχὶ
2872 2949 3144 3019 θαλάσσης
3168 2949 3321 3021 δίκην
3343 2948 3449 3001 τῶν
3480 2948 3892 3018 ἀνθεστηκότων

2318 3045 2831 3114 κατακυμαίνοντες.
2867 3042 3051 3095 Νῶτον
3083 3042 3138 3094 δὲ
3180 3040 3377 3103 αὐτοὺς
3402 3038 3613 3092 πολλῶν
3638 3037 3810 3093 ἐθνῶν
3833 3040 3893 3091 ἐν

2314 3138 2523 3198 τούτοις
2543 3135 2826 3196 ἀποκαλεῖ,
2853 3135 2939 3187 διὰ
2970 3134 3031 3186 τὸ
3046 3132 3215 3186 πολλὰ
3240 3131 3522 3185 διώκεσθαι
3551 3132 3678 3202 παρ’
3709 3130 3891 3184 αὐτῶν

674 3232 894 3283 instant.
922 3228 1021 3293 Qui
1063 3242 1188 3282 vero
1237 3229 1629 3297 insequuntur,
1662 3245 1688 3282 a
1727 3239 1872 3297 tergo
1909 3240 1961 3283 et
1998 3245 2025 3282 a
2060 3232 2216 3284 dorso

2319 3226 2463 3295 ἔθνη.
2490 3228 2532 3277 Τ
2540 3226 2753 3296 ρέχουσι
2784 3225 2839 3278 δὲ
2880 3224 3019 3276 κατά
3038 3225 3204 3277 νώτου
3236 3223 3407 3293 πάντη
3442 3239 3502 3274 τε
3531 3222 3626 3275 καὶ
3672 3222 3892 3287 πάντως

672 3317 986 3385 fugientium
1031 3317 1245 3371 omnino
1286 3328 1526 3372 currunt.
1567 3338 1586 3369 ι
1625 3320 1688 3373 Ει
1726 3320 2025 3376 eliminabit
2051 3321 2215 3384 illum,

671 3420 725 3463 et
748 3410 902 3479 longe
936 3410 1103 3479 ipsum
1130 3417 1495 3479 persequetur.
1544 3429 1560 3460 ι
1607 3409 1662 3463 Id
1698 3421 1815 3478 est,
1862 3421 2006 3466 retro
2045 3414 2220 3466 mittet

670 3507 726 3551 et
768 3497 938 3567 ipsum
982 3510 1347 3567 persequetur.
1381 3498 1687 3555 Secundum
1730 3502 1974 3572 Aquilam
2018 3513 2216 3567 autem,

676 3604 695 3636 ι
727 3586 1153 3642 Comminabitur
1181 3589 1255 3643 illi
1283 3629 1296 3652 ,
1332 3602 1385 3644 et
1420 3591 1586 3659 fugiet
1623 3592 1779 3664 longe
1812 3610 1825 3657 ;
1863 3612 1881 3644 ι
1923 3596 2215 3649 secundum

674 3679 1049 3749 Symmachum
1098 3695 1264 3747 vero,
1315 3703 1331 3733 ι
1372 3685 1435 3737 Et
1487 3683 1737 3754 infremet
1792 3687 1928 3753 ipsi,
1958 3695 2013 3741 et
2053 3687 2219 3756 fugiet

594 3784 597 3789 ν
670 3769 879 3836 procul.
910 3788 927 3819 ι
974 3769 1067 3823 Cui
1097 3784 1271 3827 autem
1303 3790 1488 3828 eorum
1522 3776 1771 3831 infremet
1800 3790 1887 3831 aut
1921 3781 2217 3833 commina-

671 3859 835 3925 bitur,
875 3859 971 3913 nisi
1002 3862 1267 3929 prtedictae
1298 3863 1592 3917 inﬁdelium
1623 3867 1936 3933 potutlorum
1972 3871 2137 3937 genti,
2164 3880 2218 3924 et

670 3950 840 4015 ipsam
870 3950 1090 4020 agitanti
1118 3954 1375 4008 diabolo?
1407 3956 1537 4021 Quis
1561 3967 1738 4010 autem
1766 3959 1896 4027 ipsis
1926 3964 2218 4016 commina-

672 4040 836 4101 bitur,
868 4044 967 4096 nisi
998 4045 1043 4096 is
1076 4045 1138 4097 de
1167 4060 1271 4113 quo
1302 4047 1497 4100 dictum
1527 4057 1610 4101 est
1646 4067 1658 4101 :

749 4130 909 4185 Vsus.
939 4132 1021 4185 14.
1062 4151 1079 4181 ι
1114 4133 1536 4189 Comminabitur
1583 4135 1839 4191 Dominus
1886 4139 1940 4192 in
1994 4149 2085 4205 te,
2128 4145 2215 4210 qui

687 4220 849 4289 elegit
892 4221 1204 4277 Jerusalem.
1234 4224 1313 4277 Ad
1356 4241 1633 4296 vesperam
1682 4230 1784 4281 erit
1828 4228 2037 4295 luctus,
2070 4245 2218 4287 ante-

684 4328 843 4383 quam
873 4314 940 4367 sit
966 4314 1273 4381 diluculum,
1294 4325 1473 4370 etnon
1509 4320 1630 4371 erit.
1663 4318 1784 4373 Haec
1832 4322 2005 4388 portio
2033 4337 2215 4377 eorum

676 4405 765 4474 qui
803 4405 1031 4475 p0pulati
1062 4415 1186 4460 sunt
1214 4421 1350 4461 vos:
1381 4408 1662 4464 hazreditas
1686 4426 1872 4465 eorum
1910 4416 2000 4481 qui
2038 4429 2132 4468 vos
2166 4417 2215 4469 in

668 4492 1029 4549 bareditatem
1073 4497 1445 4564 possederunt.
1479 4516 1498 4550 ι
1550 4497 1621 4553 Iis
1662 4502 1857 4570 quippe
1903 4504 1995 4571 qui
2046 4505 2219 4559 instar

2317 3318 2425 3369 τῶν
2458 3318 2761 3386 φευγόντων
2812 3318 2861 3369 οί
2912 3316 3216 3378 διώκοντες.
3260 3336 3277 3367 ι
3336 3316 3448 3368 Καὶ
3494 3315 3893 3385 ἀποσκορακιεῖ

2318 3410 2498 3472 αὐτὸν,
2530 3411 2620 3461 καὶ
2650 3409 2836 3480 πόρρω
2862 3408 3022 3461 αὐτὸν
3049 3406 3312 3470 διώξεται.
3344 3424 3363 3457 ι
3389 3405 3695 3467 Τουτέστιν,
3714 3407 3893 3462 ὀπίσω

2318 3498 2542 3568 πέμψει,
2584 3498 2679 3550 καὶ
2712 3498 2873 3549 αὑτὸν
2917 3496 3181 3559 διώξεται.
3220 3495 3373 3549 Κατά
3416 3495 3471 3547 δέ
3496 3496 3586 3547 τὸν
3632 3496 3890 3562 Ἀκύλαν,

2323 3608 2343 3639 ί
2386 3589 2725 3659 Ἐπιτιμήσει
2758 3590 2814 3640 ἐν
2829 3586 2997 3657 αὐτῷ,
3027 3588 3119 3639 καὶ
3155 3586 3405 3655 φεύξεται
3441 3588 3677 3657 μακράν·
3705 3608 3725 3638 ι
3746 3590 3892 3643 κατὰ

2315 3679 2370 3730 δὲ
2388 3679 2474 3731 τὸν
2508 3681 2820 3749 Σύμμαχον,
2852 3699 2869 3729 t
2898 3680 3005 3732 Καὶ
3035 3678 3431 3749 ἐμϐριμήσεται
3464 3678 3611 3749 αὐτῷ
3631 3681 3727 3733 καὶ
3758 3678 3891 3750 φεύ-

2317 3770 2462 3835 ξεται
2485 3770 2689 3839 πόρρω.
2732 3789 2749 3821 r
2778 3770 2893 3821 Τίνι
2922 3770 2979 3822 δὲ
3017 3769 3193 3822 αὐτῶν
3222 3768 3677 3841 ἐμϐριμήσεταιῆ
3711 3774 3889 3825 ἐπιτι-

2319 3862 2570 3930 μήσεται,
2594 3862 2626 3929 ῆ
2653 3861 2729 3931 τῷ
2759 3860 3102 3931 προλεχθέντι
3141 3861 3280 3914 ἔθνει
3300 3860 3406 3913 τῶν
3433 3860 3676 3915 ἀπίστων
3719 3863 3885 3929 λαῶν,

2316 3952 2515 4022 καὶτῷ
2566 3952 2789 4016 τούτους
2820 3953 3125 4023 ἐνεργοῦντι
3176 3952 3439 4023 διαδόλῳ;
3476 3952 3572 4016 Τίς
3601 3954 3658 4007 δὲ
3700 3957 3888 4020 αὐτοῖς

2316 4043 2624 4113 ἐπιτιμήσει
2646 4044 2758 4095 ἀλλ’
2788 4044 2820 4114 ἢ
2850 4046 3053 4106 ἐκεῖνος
3086 4047 3214 4115 περὶ
3242 4040 3300 4097 οὗ
3335 4044 3572 4115 εἴρηται,

2389 4156 2407 4187 ι
2458 4138 2800 4207 Ἐπιτιμήσει
2836 4137 3038 4206 Κύριος
3068 4139 3124 4189 ἐν
3155 4136 3237 4189 σοὶ
3269 4137 3624 4207 ἐκλεξάμενος
3656 4140 3757 4209 τὴν
3785 4140 3883 4193 Ἱε-

2318 4227 2615 4297 ρουσαλήμ.
2649 4228 2792 4297 Πρὸς
2832 4226 3070 4299 ἑσπέραν
3105 4226 3256 4281 ἔσται
3282 4227 3477 4291 πένθος
3513 4231 3677 4300 πρινὴ
3714 4232 3881 4302 πρωῒ.

2316 4313 2407 4365 καὶ
2451 4314 2552 4365 οὐκ
2580 4312 2749 4366 ἔσται.
2777 4313 2985 4385 Αὖτηή
3037 4316 3191 4387 μερὶς
3242 4316 3349 4369 τῶν
3398 4319 3883 4388 προνομευσάντων

2315 4404 2478 4472 ὑμᾶς,
2510 4402 2843 4474 κληρονομία
2880 4406 2993 4467 τοῖς
3041 4406 3491 4477 κληρονομήσασι.
3550 4426 3569 4460 ι
3613 4409 3738 4473 Τοίς
3771 4412 3883 4484 γὰρ

2313 4494 2467 4565 δίκην
2496 4495 2764 4565 θαλάσσης
2794 4496 3156 4567 κυμαινούσης
3189 4498 3572 4567 κατεπαρθεῖσι
3607 4501 3706 4571 τῆς
3757 4503 3881 4557 Ἐκ-

666 4586 834 4638 maris
859 4584 1169 4639 ﬂuctuantis
1195 4598 1379 4641 contra
1411 4589 1703 4646 Ecclesiam
1731 4609 1848 4648 sese
1884 4596 2213 4662 extulerunt,

2320 4588 2542 4658 κλησίας
2568 4588 2703 4659 πρὸς
2726 4591 2791 4658 τῇ
2813 4588 2959 4641 δύσει
2980 4588 3074 4642 τοῦ
3093 4588 3204 4658 βίου
3223 4589 3316 4643 καὶ
3338 4590 3473 4661 πρὸς
3486 4591 3635 4662 αύτῷ
3647 4593 3725 4664 τῷ
3738 4595 3879 4651 τέλει

666 4674 721 4726 in
749 4688 943 4727 occasu
975 4676 1093 4729 vita:
1114 4716 1130 4741 ,
1160 4685 1215 4730 et
1242 4678 1294 4729 in
1344 4679 1457 4747 ipso
1488 4681 1596 4735 fine
1633 4682 1805 4737 luctus
1834 4687 2004 4740 aderit
2030 4730 2045 4753 ,
2091 4690 2214 4758 quia

669 4777 774 4815 non
808 4762 944 4816 ultra
986 4773 1167 4819 erunt.
1199 4764 1331 4819 Nam
1382 4768 1434 4821 in
1486 4770 1665 4827 futuro
1710 4776 1903 4830 saeculo
1947 4793 2081 4831 nova
2126 4780 2213 4832 lux

665 4853 887 4909 orientis
907 4864 956 4909 et
984 4856 1230 4910 matutini
1260 4866 1386 4912 tunc
1409 4860 1474 4913 ad
1505 4860 1756 4917 ultionem
1790 4866 2065 4921 ferendam
2094 4867 2213 4921 illu-

666 4945 826 4998 cebit.

1211 5038 1433 5096 CAPUT
1471 5041 1650 5095 XVIII.

738 5124 894 5179 Vsus.
924 5127 1045 5191 l,‘2.
1082 5146 1100 5178 ι
1133 5128 1224 5182 Vm
1250 5142 1405 5187 terra:
1432 5136 1671 5196 navium,
1698 5136 1793 5190 ala:
1824 5137 1958 5190 ultra
1991 5138 2207 5193 ﬂumina

662 5215 987 5282 JEthiopiae;
1024 5219 1111 5285 qui
1150 5221 1308 5274 mittit
1337 5223 1387 5275 in
1424 5239 1571 5277 mare
1596 5224 1842 5291 obsides,
1871 5238 1926 5281 et
1954 5230 2207 5298 epistolas

662 5306 891 5359 biblinas
930 5323 1085 5376 supra
1136 5326 1347 5377 aquam.
1400 5334 1418 5366 ι
1474 5316 1621 5371 Unde
1669 5316 1867 5371 factum
1915 5327 1972 5372 ut
2021 5336 2208 5375 omnes

670 5396 859 5463 .tbique
887 5395 1049 5451 Judaei
1104 5403 1299 5468 pariter
1343 5414 1393 5457 et
1424 5422 1529 5459 uno
1586 5424 1845 5463 consensu
1888 5409 2206 5466 Christianas

670 5488 917 5541 doctrinae
943 5493 1410 5549 contradicerent?
1449 5498 1500 5550 In
1532 5508 1772 5551 veterum
1813 5504 2026 5569 scriptis
2054 5519 2207 5572 repe-

879 5663 988 5746 Hic
1004 5664 1286 5746 Eusebium
1314 5672 1507 5746 acerbe
1529 5674 1711 5746 carpit
1741 5674 2206 5746 Hieronymus-his

671 5733 863 5817 verbis,
896 5750 913 5783 ι
947 5733 1205 5817 Eusebius
1231 5733 1908 5817 Ctesariensis.ltistoricam
1938 5733 2202 5817 interpre;

670 5804 918 5880 tationem
946 5804 1097 5880 titqu
1121 5812 1521 5880 repromittens,
1549 5812 1774 5867 diversis
1808 5817 2049 5871 sensibus
2078 5804 2204 5872 eva-

666 5877 818 5935 galur
840 5887 853 5923 :
875 5876 1027 5940 cujus
1047 5888 1164 5928 cum
1188 5876 1351 5933 libros
1376 5878 1626 5947 legercur,
1647 5882 1785 5936 aliud
1818 5884 1980 5940 multo
2009 5890 2199 5959 reperi,

2318 4678 2505 4742 πένθος
2536 4680 2741 4741 ἔσεται,
2762 4680 2841 4732 ὃτι
2868 4680 3049 4733 οὐκέτι
3098 4681 3417 4751 ὑπάρχουσι⁸
3456 4683 3596 4737 κατά
3627 4685 3716 4739 τὸν
3754 4687 3881 4758 μέλ-

2316 4770 2471 4824 λοντα
2516 4768 2708 4833 αἰῶνα,
2763 4770 2884 4823 νέου
2915 4771 3094 4838 φωτὸς
3129 4772 3389 4843 ἀνατολῆς
3429 4776 3522 4829 καὶ
3554 4778 3768 4848 πρωῑας
3819 4780 3881 4834 τὸ

2315 4861 2611 4931 τηνικαῦτα
2632 4864 2752 4925 ταῖς
2766 4862 2939 4924 δίκαις
2970 4862 3389 4932 ἐπιλάμψαντος.

2814 5049 3201 5103 ΚΕΦΑΛΑΙΟΝ
3261 5053 3366 5106 IH'.

2387 5158 2404 5188 ί
2442 5140 2575 5192 Οὐαὶ
2626 5140 2729 5208 γῆς
2777 5138 2991 5203 πλοίων,
3036 5143 3299 5213 πτέρυγες
3328 5144 3582 5199 ἐπέκεινα
3614 5151 3876 5220 ποταμῶν

2313 5231 2609 5291 Αἰθιοπίας·
2642 5232 2670 5281 ὁ
2699 5231 3035 5284 ἀποστέλλων
3067 5236 3123 5286 ἐν
3152 5234 3392 5308 θαλάσσῃ
3411 5237 3613 5306 ὅμηρα,
3640 5241 3737 5294 καὶ
3757 5244 3879 5297 ἐπι..

2316 5324 2505 5386 στολάς
2538 5323 2777 5392 βιϐλίνας
2829 5326 3010 5380 ἐπάνω
3060 5328 3152 5381 τοῦ
3210 5329 3417 5392 ὓδατος.
3464 5350 3483 5381 ι
3533 5331 3705 5385 Πόθεν
3748 5337 3876 5401 τοὺς

2314 5416 2588 5484 πανταχοῦ
2633 5416 2913 5480 Ἰουδαίους
2943 5420 3067 5481 τοὺς
3098 5420 3303 5483 πάντας
3334 5421 3634 5490 συμφώνως
3667 5425 3727 5491 ἐξ
3758 5428 3875 5493 ἐνὸς

2315 5506 2653 5576 συνθήματος
2688 5508 2983 5577 ἀντιλέγειν
3008 5510 3085 5580 τῷ
3124 5512 3248 5581 περὶ
3280 5512 3513 5583 Χριστοῦ
3549 5514 3690 5587 λόγῳ
3724 5517 3871 5603 (21);

2308 5699 2466 5759 quam
2498 5686 2672 5759 iudice
2712 5687 3072 5759 promittebat.
3114 5689 3427 5759 Ubicunque
3454 5690 3600 5745 enim
3633 5708 3759 5747 eum
3794 5694 3871 5750 bi-

2305 5755 2468 5808 storia
2519 5754 2812 5833 defecerit.
2841 5758 3029 5833 transit
3070 5762 3135 5812 ad
3171 5754 3501 5827 allegoriam,
3530 5771 3584 5814 et
3614 5761 3685 5833 ita
3715 5778 3870 5833 sepa-

2305 5834 2424 5877 rata
2458 5826 2751 5885 consociat,
2779 5835 2836 5876 ut
2872 5828 3036 5881 mirer
3051 5842 3174 5882 eum
3206 5845 3340 5883 nova
3365 5826 3627 5885 sermonis
3661 5826 3867 5889 fabrica

2311 5894 2361 5947 in
2394 5909 2555 5949 uuutu
2588 5910 2785 5964 corpus
2808 5896 3035 5967 lapidem
3061 5898 3368 5968 ferrumque
3389 5900 3734 5968 conjungere.
3758 5902 3865 5960 lluc
