4100 6412
217 423 321 476 215

1192 418 1692 475 COMMENTARIA
1736 418 1798 471 IN
1842 418 2094 472 ISAIAM.
2137 449 2203 458 --
2242 420 2394 474 CAP.
2439 419 2618 476 XV’lli.
3386 424 3488 472 καί

216 536 469 606 Εὖρομεν
492 537 553 588 ὲν
583 538 701 599 τοῖς
731 535 836 588 τῶν
866 534 1106 587 παλαιῶν
1147 536 1590 604 συγγράμμασιν,
1632 535 1707 598 ὡς
1763 538 1809 588 οἱ

1919 539 2105 598 rimus,
2132 537 2646 607 llierosolymitanos
2691 535 2932 591 Iudaica:
2977 537 3149 604 gentis
3181 539 3490 591 sacerdotes

214 627 313 697 τὴν
365 628 741 698 Ἰερουσαλὴμ
770 627 1042 689 οἰκοῦντες
1068 627 1159 678 τοῦ
1184 627 1290 678 τῶν
1339 627 1602 678 Ἰουδαίων
1632 628 1815 689 ἔθνους

219 719 384 787 ἱερεῖς
415 721 510 770 καί
542 717 908 787 πρεσϐύτεροι
941 717 1243 787 γράμματα
1277 716 1701 786 διαχαράξαντες
1738 721 1815 780 εἰς

217 812 395 862 πάντα
423 809 580 862 διεπέ
591 808 807 876 μψαντο
831 808 897 860 τά
919 809 1042 877 ἔθνη
1063 811 1174 870 τοῖς
1193 807 1503 874 ἅπανταχοῦ
1545 809 1815 871 Ἰουδαίοις

217 901 606 963 διαϐάλλοντες
664 900 762 970 τὴν
795 901 1033 971 Χριστοῦ
1069 900 1435 962 διδασκαλίαν,
1483 900 1559 962 ὡς
1605 901 1815 970 αἵρεσιν

221 994 414 1063 καινὴν
451 993 549 1046 καὶ
578 991 870 1062 ἀλλοτρίαν
905 991 998 1044 τοῦ
1034 991 1190 1053 Θεοῦ,
1223 992 1596 1063 παρήγγελλόν
1643 1009 1701 1043 τε
1746 990 1814 1042 δι’

221 1087 524 1142 ὲπιστολῶν
581 1086 660 1156 μὴ
714 1082 1118 1155 παραδέξασθαι
1173 1083 1361 1152 αὐτήν.
1399 1081 1568 1134 Τοῦτο
1622 1082 1679 1134 δὲ
1721 1079 1814 1134 οὖν

219 1176 347 1230 αὐτὸ
379 1174 688 1246 σημαίνειν
731 1173 904 1224 ἔοικεν
939 1173 970 1240 ἡ
1005 1171 1142 1240 μετά
1171 1173 1356 1240 χεῖρας
1385 1172 1708 1241 προφητεία,
1757 1173 1814 1222 ὲν

219 1264 261 1336 ᾧ
284 1266 461 1334 λέγει’
496 1284 516 1316 ι
558 1265 702 1317 Οὐαὶ
731 1264 833 1332 γῆς
865 1262 1082 1325 πλοίων,
1113 1263 1380 1330 πτέρυγες
1414 1262 1664 1314 ἐπέκεινα
1717 1278 1814 1312 πο-

217 1357 402 1428 ταμῶν
443 1354 762 1415 Δίθιοπίας·
791 1356 819 1405 ὁ
841 1351 1183 1406 ἀποστέλλων
1208 1354 1265 1404 ὲν
1294 1352 1534 1425 θαλάσσῃ
1561 1354 1764 1422 ὅμηρα·
1790 1371 1807 1406 ι

215 1451 328 1504 ἀνθ’
351 1442 414 1503 οὗ
450 1452 480 1503 ὀ
507 1447 814 1517 Σύμμαχος
834 1446 1216 1509 ἀποστόλους
1230 1442 1350 1497 εῐπε
1376 1447 1573 1515 φήσας,
1607 1464 1625 1496 t
1648 1447 1814 1496 Ἀπο-

219 1541 453 1596 στέλλων
509 1537 852 1600 ἀποστόλους
903 1538 960 1589 ἐν
997 1535 1261 1606 Θαλάσσῃ·
1309 1554 1328 1586 ι
1384 1537 1413 1588 ὁ
1471 1535 1528 1589 δὲ
1587 1535 1814 1596 Ἀκύλας

218 1631 570 1701 πρεσϐύτας
585 1628 853 1692 ἐξέδωκεν
889 1625 1079 1690 εἰπὼν,
1112 1643 1132 1676 t
1175 1626 1233 1678 ὐ
1266 1625 1607 1678 ἀποστέλλων
1637 1627 1693 1678 ἐν
1721 1624 1815 1677 θα-

216 1722 388 1792 λάσσῃ
418 1719 770 1792 πρεσϐύτας.
812 1737 830 1770 ι
870 1718 1031 1787 Ὁρᾷς
1083 1716 1229 1778 ὅπως
1260 1718 1288 1768 ὁ
1320 1715 1475 1783 λόγος
1517 1717 1642 1777 τοὺς
1682 1731 1814 1784 προ-

216 1813 514 1883 λεχθέντας
564 1809 840 1864 Ἰουδαίων
860 1809 1129 1879 ἄρχοντας
1147 1806 1440 1870 ταλανίζει,
1475 1807 1566 1860 καὶ
1590 1808 1689 1875 τὴν
1707 1807 1812 1876 γῆν

1920 635 1973 680 et
1991 629 2252 690 seniores,
2273 627 2482 680 litteras
2504 629 2556 679 in
2587 642 2778 680 omnes
2795 636 2980 695 gentes
3001 627 3207 680 misisse
3225 627 3289 679 ad
3301 643 3491 680 omm-s

1918 719 2116 786 ubique
2136 715 2349 770 Judmos
2375 759 2387 780 ,
2417 732 2524 784 quo
2552 717 2754 770 Christi
2787 718 3092 770 doctrinam
3124 717 3489 777 traducerent,

1918 817 1975 860 ut
2024 822 2216 860 novam
2253 824 2314 861 ac
2350 809 2458 861 Deo
2503 808 2781 860 inimicam
2831 817 3034 861 sectam
3085 826 3096 859 :
3136 823 3198 859 ac
3249 808 3490 874 epistolis

1918 898 2210 963 monuisse,
2256 908 2314 952 ut
2359 913 2426 952 ne
2458 898 2603 952 illam
2641 897 2961 966 reciperem.
2995 895 3106 948 lloc
3156 897 3328 962 ipsum
3363 911 3492 963 ergo

1915 989 2222 1058 signiﬁcare
2250 989 2464 1043 videtur
2497 1001 2732 1057 praesens
2785 986 3069 1055 prophetia
3117 985 3203 1038 ubi
3247 985 3485 1038 dicitur:

1921 1100 1940 1132 ι
1982 1080 2072 1134 Va:
2105 1091 2261 1133 terra:
2307 1081 2520 1133 navium
2542 1119 2557 1143 ,
2591 1078 2686 1132 alae
2717 1078 2853 1129 ultra
2899 1075 3122 1129 ﬂumina
3157 1073 3484 1143 Ethiopian

1915 1173 2006 1241 qui
2049 1173 2212 1224 mittit
2240 1173 2291 1224 in
2328 1186 2476 1225 mare
2511 1171 2767 1233 obsides;
2811 1189 2828 1219 ι
2861 1184 2958 1236 pro
2986 1183 3094 1236 quo
3129 1169 3490 1237 Symmachus

1915 1263 2174 1331 οροειοίοε
2203 1263 2339 1315 dixit
2371 1264 2453 1314 his
2490 1263 2670 1315 verbis
2692 1302 2706 1324 ,
2742 1282 2762 1313 ‹
2795 1261 2896 1328 Qui
2926 1261 3092 1312 mittit
3120 1268 3176 1312 et
3213 1257 3489 1326 apostolos

1915 1356 1967 1410 in
2000 1369 2187 1418 mare;
2223 1372 2241 1404 ι
2269 1352 2460 1420 Aquila
2486 1367 2615 1406 vero
2651 1353 2844 1422 legatos
2874 1352 3063 1415 edidit,
3095 1351 3301 1412 dicens,
3335 1367 3352 1398 ι
3385 1347 3489 1412 Qui

1917 1445 2081 1499 mittit
2132 1445 2185 1498 in
2234 1458 2383 1498 mare
2428 1443 2653 1513 legatos.
2697 1462 2716 1493 ι
2757 1442 2940 1497 Viden’
2991 1441 3266 1509 quomodo
3306 1453 3488 1493 sermo

1915 1535 2198 1603 praedictos
2241 1532 2546 1589 Iudaeorum
2600 1533 2868 1602 principes
2917 1532 3148 1586 miseros
3209 1529 3488 1598 pradicet,

1916 1642 2120 1683 necnon
2139 1636 2339 1680 terram
2362 1641 2570 1688 eorum,
2589 1623 2743 1692 cujus
2761 1623 2964 1677 malitia
2989 1637 3162 1690 usque
3186 1622 3253 1676 ad
3269 1619 3484 1674 Ethio-

1921 1732 2013 1788 pes
2036 1728 2364 1787 pervaserat.
2380 1716 2742 1783 Quamobrem
2762 1715 3054 1769 secundum
3072 1713 3482 1784 Symmachum,

1919 1829 1938 1862 ι
1977 1809 2069 1865 Va:
2097 1820 2254 1865 terra:
2294 1811 2502 1866 sonitus
2531 1809 2629 1862 alae
2650 1849 2666 1874 ,
2705 1822 2824 1874 quae
2858 1806 2993 1860 ultra
3025 1807 3240 1859 ﬂiuuina
3273 1805 3487 1859 Ethio-

216 1905 417 1970 αύτῶν,
461 1901 535 1974 ἦς
569 1905 605 1973 ἠ
645 1901 808 1954 κακία
840 1901 1029 1971 μέχρις
1051 1899 1323 1952 Αίθιόπων
1347 1898 1567 1966 ἔφθασε.
1597 1898 1688 1950 Διὸ
1709 1915 1808 1951 καο

1915 1902 2016 1970 pia
2043 1920 2061 1953 ι
2087 1918 2102 1954 :
2138 1903 2292 1970 queis
2315 1900 2607 1970 signiﬁcat,
2631 1899 2794 1954 etiam
2818 1897 2956 1951 ultra
2975 1896 3288 1966 .IEthiopum
3310 1897 3488 1966 regio-

216 1996 281 2050 τά
313 1997 410 2049 τδν
445 1996 758 2065 Σύμμαχον
786 1993 1019 2063 εῐρηται,
1051 2011 1069 2042 ι
1101 1991 1236 2045 Οὐαὶ
1268 1990 1372 2059 γῆς
1395 1993 1423 2043 ό
1448 1987 1580 2060 ἦχος
1612 1989 1809 2060 arripu-

215 2105 327 2157 τος,
355 2090 390 2158 ἡ
413 2085 669 2158 πέραθεν
697 2085 952 2156 ποταμῶν
969 2084 1267 2147 Αἰθιοπίας·
1303 2102 1320 2134 ι
1347 2085 1412 2136 δι’
1429 2077 1503 2135 ὦν
1533 2084 1804 2154 σημαίνει,

214 2180 289 2243 ὡς
319 2181 417 2233 καὶ
453 2177 644 2250 πέραν
672 2176 772 2246 τῆς
813 2176 1086 2229 Αἰθιόπων
1115 2176 1314 2247 χώρας,
1353 2175 1511 2245 ἢτῶν
1542 2175 1807 2246 ἐσχατιῶν

212 2273 311 2342 τῆς
343 2272 474 2342 γῆς,
507 2272 540 2322 ὁ
570 2270 672 2340 τῆς
695 2269 954 2340 πονηρίας
977 2264 1108 2338 ἦχος
1137 2269 1244 2319 τῶν
1269 2267 1366 2337 τὴν
1413 2267 1666 2321 Ἰουδαίαν
1699 2268 1804 2337 γῆν

212 2362 518 2420 οἰκούντων
548 2360 644 2414 διά
676 2376 836 2412 τινων
873 2357 1060 2429 ὥσπερ
1101 2357 1409 2428 ίπταμένων
1438 2359 1634 2411 πλοίων
1669 2375 1804 2430 προ-

179 2451 401 2522 ,ῆλθεν,
457 2451 515 2504 et
544 2466 607 2502 τε
653 2447 936 2501 ἀπόστολοι
987 2447 1187 2509 αὐτῶν,
1239 2449 1527 2512 ἐπιστολὰς
1571 2449 1810 2518 βιϐλίνας

213 2543 604 2614 κομιζόμενοι,
649 2540 904 2610 ὑπεράνω
933 2556 990 2591 τε
1026 2539 1132 2592 τῶν
1177 2539 1383 2592 ὑδάτων
1410 2539 1810 2610 ναυτιλλόμενοι

214 2621 309 2688 καὶ
335 2635 440 2705 τὴν
471 2631 754 2686 θάλασσαν
769 2629 1117 2699 ἐμπλέοντες,
1150 2631 1460 2700 ἅπανταχοῦ
1483 2633 1584 2702 γῆς
1607 2631 1811 2700 διέτρε-

214 2742 332 2797 χον,
362 2725 463 2779 τὸν
499 2725 635 2796 περὶ
660 2723 755 2776 τοῦ
795 2722 1048 2793 Σωτῆρος
1078 2722 1235 2792 ἡμῶν
1267 2721 1703 2788 ὲνδιαῦἀλλοντες
1722 2724 1810 2777 λὸο

1915 2010 2060 2056 nem,
2103 1993 2218 2047 sive
2252 1993 2388 2047 ultra
2432 2000 2676 2044 extrema
2707 1999 2895 2055 terrae,
2936 1989 3153 2044 malitiae
3185 1988 3484 2043 incolarum

1912 2085 2110 2142 Judtea
2148 2087 2408 2151 sonitum,
2436 2101 2533 2140 ceu
2568 2083 2888 2154 quibusdam
2914 2082 3220 2137 volantibus
3250 2083 3477 2136 navibus

1911 2179 2171 2244 delatum,
2207 2178 2536 2248 pervenisse,
2591 2175 2970 2244 apostolosque
3005 2190 3192 2231 eorum
3221 2175 3480 2244 epistolas

1911 2270 2141 2324 hiblinas
2183 2270 2518 2334 deterentes,
2553 2285 2616 2325 ac
2646 2286 2808 2336 supra
2848 2271 3068 2325 dorsum
3111 2283 3374 2334 aquarum
3423 2267 3480 2321 in

1913 2361 2156 2429 marique
2203 2362 2544 2431 navigantes,
2579 2363 2780 2430 ubique
2812 2372 3080 2416 terrarum
3131 2360 3478 2420 discurrisse.

1910 2465 2213 2505 sermonem
2240 2452 2304 2506 de
2337 2451 2624 2507 Servatore
2657 2463 2842 2506 nostro
2887 2452 3174 2506 calumniis
3216 2452 3482 2506 vellican-

1913 2550 2010 2596 tes.
2062 2543 2345 2613 Apostolus
2386 2559 2518 2599 vero
2569 2546 2732 2600 etiam
2779 2560 2921 2600 nunc
2963 2543 3135 2600 διιόωί
3173 2557 3487 2614 nuncupare

1910 2634 2088 2688 solent
2115 2649 2230 2703 eos,
2252 2637 2344 2706 qui
2368 2637 2663 2694 circnlares
2688 2640 2992 2707 principum
3027 2651 3246 2692 suorum
3276 2636 3488 2689 litteras

1914 2725 2336 2797 circumquaque
2363 2729 2667 2799 deportant.

214 2834 332 2885 γον.
373 2814 740 2878 ’Δποστόλους
790 2813 848 2868 δὲ
889 2815 1057 2867 είσέτι
1100 2814 1196 2868 καὶ
1224 2814 1317 2868 νῦν
1348 2815 1469 2878 ῑθος
1501 2815 1650 2870 ἐστὶν
1691 2815 1964 2881 Ἰουδαίοις
2001 2817 2289 2889 ὀνομάζειν
2324 2823 2453 2884 τοὺς
2499 2821 2762 2890 ἐγκύκλια
2795 2822 3098 2891 γράμματα
3164 2818 3317 2889 παρά
3378 2813 3490 2870 τῶν

214 2907 502 2978 ἀρχόντων
524 2904 710 2960 αὐτῶν
737 2903 1238 2976 ἐπικομιζομένους.

291 3019 312 3052 ι
337 2997 716 3071 Πορεύσονται
743 2997 850 3068 γὰρ
882 2996 1099 3065 ἄγγελοι
1131 2996 1322 3064 κοῦφοι
1352 2996 1489 3068 πρὸς
1509 2997 1660 3061 ἔθνος
1689 3015 1811 3069 μετ-

217 3091 414 3162 έωρον
451 3091 553 3144 καὶ
589 3089 740 3156 ξένον
770 3088 897 3142 λαδν
944 3089 1038 3141 καὶ
1068 3087 1321 3158 χαλεπόν.
1357 3089 1453 3152 Τίς
1509 3089 1674 3145 αὐτοῦ
1710 3093 1808 3144 ἐπ-

218 3183 404 3236 έκεινα
425 3199 440 3247 ;
461 3182 623 3244 ἔθνος
647 3181 760 3250 (22)
781 3179 1097 3233 ἀνέλπιστον
1120 3181 1212 3234 καὶ
1229 3197 1585 3252 καταπεπατη
1595 3181 1771 3251 μένον.
1785 3202 1803 3234 ι

229 3274 317 3337 Ὦς
348 3268 495 3333 εἶναι
525 3270 705 3342 ἀρχὴν
737 3270 1060 3340 πράγματος
1079 3285 1092 3299 ·
1131 3269 1223 3324 καί
1261 3285 1352 3338 μοι
1381 3268 1526 3321 δοκεῖ
1555 3269 1714 3322 τοῦτο
1749 3270 1810 3322 τὸ
1836 3310 1878 3367 C

220 3361 560 3434 πρόσταγμα
591 3359 732 3429 πρὸς
775 3360 899 3421 τοὺς
958 3358 1202 3427 μαθητὰς
1236 3357 1330 3410 τοῦ
1361 3359 1610 3430 Σωτῆρος
1652 3361 1808 3430 ἡμῶν

219 3452 482 3523 εἰρῆσθαι
501 3468 515 3481 ·
553 3449 649 3512 οὒς
680 3448 769 3502 διὰ
790 3449 849 3502 τὸ
872 3451 1038 3503 πᾶσιν
1063 3447 1367 3520 ἀνθρώποις
1397 3451 1618 3518 ἀγαθῶν
1649 3452 1810 3520 εὐαγ-

217 3543 480 3612 γελιστάς
515 3539 683 3604 εἶναι,
713 3542 977 3610 ἀγγέλους
1011 3543 1107 3594 καὶ
1133 3543 1368 3611 κούφους
1400 3542 1649 3613 ὠνόμασε
1674 3545 1812 3614 πρὸς

218 3634 638 3706 ἀντιδιαστολὴν
665 3633 773 3686 τῶν
815 3633 1114 3688 Ἰουδαϊκῶν
1157 3635 1489 3688 ἀποστόλων.
1525 3637 1693 3704 Φησὶν
1718 3632 1810 3689 οὖν

218 3727 357 3798 πρὸς
389 3725 598 3788 αὐτοὺς
630 3725 756 3786 τοὺς
785 3723 892 3777 τῶν
911 3723 1130 3783 ἀγαθῶν
1167 3725 1431 3793 ἀγγέλους
1454 3742 1468 3756 ’
1520 3726 1729 3796 Ὑμεῖς,
1760 3728 1809 3778 οἱ

216 3817 462 3888 Χριστοῦ
488 3814 757 3887 μαθηταὶ,
776 3815 1091 3886 πορεύεσθε,
1116 3815 1303 3885 ὥσπερ
1327 3812 1420 3869 οὖν
1451 3817 1610 3880 αὐτὸς
1639 3819 1667 3869 ὁ
1695 3819 1809 3870 Σω-

215 3906 322 3978 τὴρ
349 3906 648 3974 διετάξατο
680 3905 816 3976 πρὸς
861 3906 1004 3974 ὑμᾶς
1044 3904 1250 3973 λέγων’
1292 3925 1309 3956 ι
1337 3906 1636 3976 Πορεύεσθε
1675 3908 1809 3976 μᾶλ-

216 3999 308 4053 λον
345 4001 494 4072 πρὸς
520 3998 598 4053 τὰ
638 3996 886 4070 πρόδατα
909 3997 977 4049 τά
993 3996 1305 4052 ἀπολωλότα
1335 3999 1481 4051 οἴκου
1527 3998 1760 4069 Ἰσραὴλ,
1786 4019 1803 4051 ι

217 4091 774 4163 καὶ,‹Πορευθέντες,
796 4088 1169 4161 μαθητεύσατε
1196 4091 1373 4145 πάντα
1400 4090 1467 4144 τά
1494 4091 1621 4162 ἔθνη
1649 4095 1707 4145 ὲν
1733 4093 1810 4162 τῷ

216 4185 448 4256 ὀνόματί
487 4201 614 4254 μου.
643 4201 662 4234 ι
700 4183 1060 4254 Πορευόμενοι
1089 4183 1167 4248 δὲ,
1192 4185 1346 4254 φησι,
1375 4184 1566 4253 κοῦφοι
1595 4185 1808 4253 γίνεσθε

217 4276 314 4329 καὶ
347 4275 664 4338 εὐσταλεῖς,
698 4272 773 4336 ὡς
813 4272 878 4327 ἂν
921 4272 1110 4344 ῥᾳδίαν
1153 4273 1252 4344 τὴν
1284 4275 1507 4346 πορείαν
1541 4275 1768 4346 ποιῆσθε
1790 4293 1804 4307 ’

214 4365 245 4420 ὃ
274 4366 341 4438 δὴ
367 4365 472 4419 καὶ
505 4366 694 4428 αὐτοῖς
723 4365 884 4418 πάλιν
907 4366 1139 4438 παρῄνει
1158 4366 1331 4436 λέγων
1349 4384 1364 4396 ·
1393 4386 1412 4418 ι
1435 4368 1618 4436 Μηδὲν
1638 4369 1807 4438 ἀρητε

216 4457 362 4511 κατά
389 4455 496 4528 τὴν
525 4455 646 4510 ὀδόν
667 4471 684 4487 °
719 4455 796 4525 μὴ
828 4455 1102 4526 κτήσησθε
1136 4455 1333 4527 χρυσὸν
1366 4455 1500 4526 μηδὲ
1540 4456 1804 4528 ἄργυρον,

218 4547 357 4620 μηδὲ
403 4546 615 4619 χαλκὸν
651 4546 732 4609 είς
765 4545 864 4611 τάς
911 4547 1088 4614 ζώνας
1148 4547 1320 4617 ὑμῶν,
1350 4567 1368 4599 ι
1414 4547 1508 4600 καὶ
1555 4547 1626 4600 τὰ.
1658 4548 1802 4619 ἑξῆς.

1992 3018 2009 3051 ι
2046 2997 2205 3054 Ibunt
2229 3001 2371 3054 enim
2413 3001 2587 3055 nuntii
2613 3001 2818 3056 celeres
2845 3001 2911 3055 ad
2934 3010 3150 3072 gentem
3184 3000 3489 3054 excelsam-

1912 3099 1968 3170 ει
1989 3091 2332 3161 peregrinum
2350 3091 2630 3160 populum,
2646 3103 2701 3146 et
2724 3107 2964 3162 gravem.
2985 3091 3119 3158 Quis
3135 3092 3276 3146 ultra
3310 3091 3492 3144 illum?

1911 3196 2042 3252 gens
2071 3183 2353 3250 desperata
2381 3191 2437 3236 et
2458 3186 2800 3237 conculcata.
2855 3202 2873 3235 ι
2917 3181 2993 3236 Ita
3025 3191 3084 3235 ut
3137 3184 3211 3236 sit
3249 3182 3378 3237 illud
3409 3184 3486 3236 rei

1912 3271 2124 3326 initium
2155 3291 2168 3325 :
2205 3272 2531 3342 videturque
2570 3273 2703 3326 mihi
2730 3275 2832 3327 hoc
2865 3283 3199 3342 praeceptum
3237 3274 3491 3329 Salvato-

1914 3362 1988 3416 ris
2009 3362 2180 3416 nostri
2211 3363 2490 3432 discipulis
2512 3363 2628 3416 dari
2655 3381 2668 3428 ;
2703 3364 2794 3433 qui
2836 3365 2980 3432 quod
3029 3366 3289 3418 omnibus
3313 3353 3490 3419 homi-

1911 3453 2070 3508 nibus
2098 3453 2364 3508 bonornm
2412 3455 2585 3508 nuntii
2614 3456 2740 3517 sint,
2776 3456 2948 3510 nuntii
2983 3467 3036 3510 et
3062 3457 3274 3510 celeres
3305 3458 3375 3511 ab
3417 3470 3486 3511 eo

1911 3553 2194 3608 vocantur,
2230 3545 2297 3598 ad
2323 3545 2678 3600 ditferentiam
2708 3545 3056 3601 Jndaicorum
3086 3550 3479 3617 apostolorum.

1913 3635 2034 3689 Illos
2076 3636 2239 3704 igitur
2266 3638 2530 3690 bonorum
2575 3640 2793 3694 nuntios
2847 3639 2927 3694 sic
2973 3640 3268 3710 alloquitur
3302 3660 3314 3694 :
3352 3639 3486 3706 Vos,

1909 3727 2110 3783 Christi
2135 3728 2406 3798 discipuli,
2432 3730 2522 3790 ite,
2555 3733 3008 3798 quemadmodum
3036 3732 3151 3800 ipse
3177 3731 3328 3786 vobis
3356 3730 3486 3786 Ser-

1910 3828 2067 3872 vator
2093 3818 2370 3888 pmcepit,
2407 3837 2425 3868 ‹
2466 3817 2542 3873 lte
2563 3820 2740 3888 pntius
2763 3821 2828 3874 ad
2859 3835 3007 3884 oves,
3037 3836 3158 3890 qua:
3182 3822 3484 3890 perierunt,

1911 3910 2106 3963 domus
2139 3909 2303 3964 lsrael
2331 3909 2410 3975 είς
2463 3928 2481 3960 ι
2514 3920 2588 3972 et,
2620 3931 2636 3960 ι
2670 3911 2871 3966 Eunles
2894 3913 3083 3966 docete
3119 3927 3308 3966 omnes
3342 3926 3477 3981 gen-

1913 4009 1991 4054 tes
2038 4000 2090 4054 in
2122 4003 2338 4056 nomine
2383 4016 2506 4057 meo
2533 4003 2599 4057 θ’.
2633 4021 2652 4054 ι
2704 4001 2910 4057 Euntes
2941 4013 3144 4064 autem,
3192 4006 3288 4068 ait,
3337 4004 3484 4058 leves

1908 4098 2082 4146 estote
2128 4100 2183 4145 et
2221 4093 2482 4160 expediti,
2533 4101 2591 4147 ut
2641 4093 2857 4147 facilius
2913 4094 3055 4146 viam
3101 4096 3478 4151 emetiamiui:

1908 4180 2052 4248 quod
2083 4181 2248 4235 etiam
2279 4181 2387 4236 illis
2421 4182 2715 4237 mandabat
2747 4184 2833 4236 his
2867 4185 3071 4247 verbis,
3102 4203 3118 4234 ι
3153 4183 3296 4239 Nihil
3340 4188 3474 4241 tule—

1909 4271 2029 4326 ritis
2054 4273 2106 4325 in
2132 4273 2254 4337 via;
2290 4287 2356 4325 ne
2381 4275 2704 4341 possideatis
2740 4289 2954 4340 aurum,
3000 4291 3099 4330 nec
3150 4287 3435 4346 argentum
3464 4321 3478 4342 ,

1909 4377 2008 4417 nec
2039 4377 2114 4418 tes
2136 4365 2188 4417 in
2213 4363 2365 4418 zonis
2392 4364 2590 4420 vestris
2608 4365 2822 4427 “,tetc.
2852 4363 3013 4420 lubet
3047 4356 3225 4421 autem
3260 4369 3479 4435 proﬁci-

1907 4453 1984 4508 sci
2010 4468 2106 4509 eos
2135 4455 2202 4509 ad
2239 4463 2460 4525 gentem
2519 4456 2806 4510 sublimem
2843 4467 2898 4510 et
2931 4459 3294 4527 peregrinam,
3331 4469 3386 4512 et
3414 4463 3480 4512 ad

1909 4543 2164 4614 populum
2196 4559 2440 4614 gravem.
2475 4544 2593 4600 Non
2623 4547 2767 4601 enim
2803 4549 2868 4600 ad
2904 4559 3063 4602 notos
3091 4548 3175 4604 vel
3222 4548 3483 4602 domesti-

215 4637 449 4692 Κιλεύει
495 4637 556 4690 δὲ
594 4636 920 4708 πορεύεσθαι
954 4637 1090 4708 πρὸς
1116 4637 1268 4701 έθνος
1300 4638 1570 4709 μετέωρον
1593 4639 1685 4692 καὶ
1717 4638 1804 4705 ξέ-

1911 4649 2003 4691 cos
2036 4637 2151 4691 sive
2187 4635 2388 4690 fratres
2413 4636 2786 4701 mittebantur,
2821 4640 2917 4693 scd
2943 4639 3008 4692 ad
3036 4640 3298 4708 quosdam
3333 4653 3480 4707 peru-

217 4740 329 4789 vov,
350 4725 453 4778 καὶ
480 4722 622 4795 πρὸς
654 4722 780 4775 λαὸν
805 4723 1057 4792 χαλεπόν.
1090 4723 1166 4776 Ού
1200 4722 1307 4793 γὰρ
1331 4723 1468 4794 πρὸς
1495 4723 1804 4794 γνωρίμους

1909 4727 2094 4796 grinos
2135 4729 2348 4798 ignotos
2381 4729 2532 4784 viros
2589 4741 2644 4784 et
2691 4731 3041 4802 alienigenas,
3097 4734 3240 4801 apud
3289 4748 3480 4786 omnes

287 4817 334 4849 "
361 4816 567 4871 Matth.
596 4831 653 4880 ι,
675 4814 729 4869 6.
802 4815 848 4848 δ’
875 4815 1066 4870 Matth.
1091 4830 1282 4879 xxvtn,
1315 4815 1400 4871 l9.
1475 4816 1522 4848 ⁸³
1545 4815 1734 4870 Matth.
1755 4832 1811 4883 ι,
1848 4816 1901 4872 9.

217 4909 463 4966 breviter
493 4909 777 4973 admonui,
809 4924 876 4963 ne
915 4910 1038 4978 quis
1083 4923 1180 4964 nos
1205 4918 1354 4978 putet
1374 4923 1440 4963 ex
1471 4910 1612 4964 illius
1639 4909 1796 4965 fonti-

218 4979 320 5035 bus
356 4988 644 5032 mutuasse
671 4993 789 5048 qua}
817 4979 1093 5048 dicimus},
1109 4995 1230 5032 nam
1260 4987 1315 5032 et
1345 4983 1398 5032 in
1431 4981 1680 5048 prmsenti
1707 4995 1796 5034 ca-

218 5049 389 5120 pitulo
419 5049 720 5120 adversum
743 5045 955 5120 Iudaeos
983 5045 1645 5120 etHierosolyuiarn‘dicit
1673 5066 1798 5118 pro-

219 5115 469 5186 phetiam
499 5115 668 5181 dirigi
703 5129 720 5168 :
758 5118 900 5188 quod
943 5118 995 5171 in
1033 5115 1443 5188 principio—ﬁdei
1469 5115 1795 5173 Christianae

221 5189 289 5241 ad
315 5197 464 5242 totas
492 5197 699 5256 gentes
739 5187 988 5256 epistolas
1029 5187 1303 5251 miserint,
1353 5201 1419 5242 ne
1459 5188 1796 5256 susciperent

219 5254 536 5330 passionem
570 5254 794 5330 Christi,
819 5264 873 5330 e_t
897 5257 1142 5311 miserint
1170 5271 1339 5326 usque
1369 5257 1434 5310 ad
1465 5254 1792 5330 Ajlthiopiatn

219 5321 274 5395 :et
325 5321 735 5395 occidentalem
802 5324 1046 5395 plagam,
1109 5321 1390 5393 totumque
1444 5321 1798 5394 orbem'ejus

219 5391 1048 5464 blasphemia}?dissentiua‘tione
1081 5391 1484 5464 compleverint.
1521 5414 1540 5447 ι
1577 5395 1641 5450 Et
1671 5391 1800 5450 sane

220 5461 360 5532 quod
401 5466 482 5521 ait
509 5461 898 5537 ﬁierooymus
939 5461 1226 5537 Eusebium
1277 5465 1648 5537 ἀλληγορικῶς
1683 5466 1799 5534 ple-

219 5533 773 5603 rumquedictorutn
817 5547 1033 5587 sensum
1079 5533 1446 5602 interpretari,
1483 5533 1694 5603 cuique
1721 5537 1801 5590 Ιο-

218 5600 371 5724 genti
395 5601 582 5671 palam
622 5600 729 5652 erit
753 5616 767 5658 ;
794 5603 930 5668 quod
960 5617 1088 5657 vero
1117 5600 1269 5668 dicit,
1302 5619 1361 5659 se
1402 5619 1506 5659 non
1535 5600 1797 5659 ex'Euse-

258 5673 290 5724 ii
321 5670 580 5724 fontibus
611 5676 898 5724 mutuasse.
936 5671 1004 5724 de
1037 5681 1145 5724 toto
1176 5678 1566 5724 commentario
1595 5673 1796 5724 intelli-

258 5673 290 5725 ii
321 5670 580 5726 fontibus
611 5676 898 5734 matuasse,
936 5671 1004 5725 de
1037 5681 1145 5724 toto
1176 5678 1566 5728 commentario
1595 5673 1796 5728 intelli-

218 5753 351 5863 gas:
383 5740 605 5818 etenim
626 5735 890 5816 .pleraque
919 5739 1007 5794 ille
1047 5741 1222 5805 all‘ert,
1246 5756 1366 5809 quae
1388 5743 1652 5822 Eusebius
1679 5742 1800 5796 nul-

273 5819 428 5863 tenus
471 5814 672 5863 atttatt
714 5821 729 5863 ι
772 5811 864 5863 scd
913 5818 1089 5863 tamen
1132 5812 1296 5863 multa
1343 5827 1410 5863 ex
1460 5812 1608 5863 lusce
1650 5827 1800 5863 com-

273 5819 428 5868 tenus
471 5811 672 5867 attiait
714 5821 729 5864 ;
772 5811 864 5865 scd
913 5818 1089 5866 tamen
1132 5812 1296 5869 multa
1343 5827 1410 5870 ex
1460 5812 1608 5869 hisce
1650 5827 1800 5870 com-

1901 4907 2218 4967 mentariis.
2253 4909 2420 4979 etiam
2467 4909 2754 4979 allegorice
2797 4909 2936 4963 dicta
2994 4910 3212 4973 hausit,
3249 4925 3478 4978 quorum

1898 4995 2161 5048 perquam
2200 4978 2476 5032 minimam
2521 4978 2728 5048 partem
2760 5019 2774 5043 ,
2817 4995 2915 5035 nos
2953 4981 3082 5034 hinc
3123 4990 3180 5033 et
3218 4981 3342 5034 inde
3381 4997 3478 5035 no-

1899 5050 2150 5104 lavimus.

1989 5118 2079 5178 ἥ)
2117 5117 2241 5171 Πίος
2273 5115 2324 5169 in
2354 5116 2498 5171 hunc
2530 5119 2706 5172 locum
2757 5117 2815 5172 S.
2855 5117 3219 5186 Hieronymus
3265 5118 3431 5172 habet
3461 5161 3475 5182 ,

1904 5207 1922 5240 ι
1961 5187 2125 5250 LXX,
2161 5201 2260 5255 pro
2287 5200 2352 5240 eo
2374 5187 2513 5254 quod
2543 5202 2643 5240 nos
2671 5188 2906 5242 diximus
2950 5199 3353 5254 exspectantem,
3383 5205 3476 5240 ρει-α

1900 5266 2240 5326 spectantem,
2266 5266 2321 5309 et
2348 5256 2402 5308 in
2439 5255 2702 5310 llebraico
2734 5259 2994 5326 scriptum
3017 5269 3122 5320 est,
3155 5269 3473 5324 sperantem,

1906 5337 2239 5388 sperantem,
2289 5340 2318 5377 e
2365 5328 2638 5378 contrario
2700 5327 3033 5394 interpretati
3095 5337 3221 5380 sunt
3250 5326 3471 5378 ἀνέλπι-

1909 5413 2051 5457 στον,
2086 5396 2136 5448 id
2167 5404 2269 5456 est,
2301 5410 2402 5445 non
2428 5405 2742 5456 sperantem.
2777 5396 2843 5448 Et
2873 5399 2940 5450 ob
2970 5397 3107 5448 hanc
3134 5411 3351 5447 causam
3382 5399 3458 5449 de-

1907 5467 2103 5520 derunt
2127 5465 2469 5517 occasionem
2501 5465 2749 5528 Eusebio,
2774 5474 2833 5516 ut
2860 5467 2958 5517 hoc
2987 5465 3053 5517 de
3076 5465 3323 5531 gentibus
3359 5481 3473 5515 ma—

1906 5536 2011 5604 gis.
2041 5547 2159 5600 quae
2180 5547 2285 5604 nec
2308 5547 2456 5604 spem
2485 5533 2736 5604 habeant.
2786 5548 2886 5587 nec
2915 5534 3324 5586 Testamentum
3354 5533 3471 5593 Dei,

1908 5601 2008 5660 nec
2039 5602 2352 5669 prophetas,
2400 5601 2804 5670 intelligendum
2845 5604 3146 5668 putaverit;
3193 5616 3355 5670 quam
3408 5605 3474 5654 de

1906 5671 2105 5726 Iudaeis
2132 5689 2144 5722 :
2176 5671 2317 5738 quod
2341 5670 2408 5722 ab
2447 5669 2788 5739 ipsis’postea
2818 5672 3086 5730 Ecclesia;
3119 5669 3322 5739 quacuin
3353 5686 3471 5736 8pc-

1907 5742 2027 5796 cnla
2051 5736 2340 5794 constituta
2365 5736 2479 5804 est,
2498 5736 2641 5795 dona
2671 5740 2929 5796 mittenda
2955 5740 3083 5804 sint,
3109 5749 3160 5791 ct
3190 5736 3475 5792 oﬂcrenda:

1911 5811 2143 5867 victima:
2170 5807 2500 5875 spirituales.
