4100 6420
614 398 725 458 Ιςϐ

1280 383 1544 443 EUSEBII
1580 380 2043 439 CESARIENSIS
2077 381 2229 441 OPP.
2267 379 2449 438 PARS
2481 375 2572 435 iii.
2611 404 2681 417 —
2711 368 3117 429 HEGETICA.

621 522 810 586 gentes
838 510 1112 577 dispersos
1144 519 1162 559 :
1191 504 1245 572 in
1290 502 1485 573 quibus
1514 514 1643 557 vere
1670 500 1929 556 sublimes
1958 497 2175 569 quidam

2289 497 2374 550 καὶ
2404 494 2540 568 πρὸς
2570 493 2804 555 οἰκείους
2828 488 2986 551 τινάς
3017 485 3113 543 καὶ
3142 480 3842 586 ἀδελφούςάπεπὲλλοέτο,

618 613 797 671 erant,
821 602 873 658 in
904 600 1049 656 nulla
1092 598 1245 653 firma
1297 611 1355 651 re
1391 594 1775 655 consistentes.
1798 604 1863 644 ac
1890 599 2171 652 errantes,
2220 648 2221 651 η

620 694 712 759 qui
762 693 908 747 omni
958 686 1353 758 superstitionis
1407 693 1572 740 vento
1631 681 2169 738 circumferebantur.

620 785 783 839 iidem
814 796 977 850 porro
1005 794 1134 851 gens
1162 778 1342 847 gravis
1370 785 1549 840 erant,
1581 775 1682 845 pia:
1707 772 1989 843 religionis
2012 772 2177 825 verbo

622 872 808 926 infesti
840 881 895 927 et
921 869 1144 926 inimici.
1178 867 1287 921 iios
1339 870 1513 919 tamen
1545 872 1601 918 ut
1634 863 1830 919 adeant
1860 861 2035 915 nuntii
2082 874 2172 914 ve-

625 964 771 1018 loces
798 963 1057 1033 pmcipit,
1090 975 1153 1015 ac
1183 959 1287 1013 illis
1313 958 1631 1027 praedicent,
1671 966 1723 1011 et
1770 967 1945 1024 usque
1976 953 2043 1009 ad
2080 967 2176 1008 ex-

626 1064 797 1108 trema
842 1062 999 1107 terra:
1074 1051 1388 1118 pervadant.
1437 1048 1795 1115 Quamobrem
1854 1044 2173 1113 subiungit,

632 1162 653 1195 ι
690 1141 823 1210 Quis
847 1141 989 1197 ultra
1012 1140 1204 1195 illum?
1240 1158 1258 1192 ι
1286 1140 1401 1194 sive
1442 1138 1734 1193 secundum
1766 1132 2171 1205 Symmachum,

632 1255 652 1288 ι
685 1234 813 1291 Post
834 1249 1005 1303 quem
1037 1248 1144 1288 non
1172 1239 1255 1287 est
1280 1231 1442 1286 ultra.
1470 1249 1489 1282 ι
1512 1228 1635 1284 Haec
1667 1236 1849 1282 autem
1897 1240 2028 1297 gens
2082 1238 2175 1294 pe-

625 1330 838 1400 regrina
862 1335 918 1382 et
951 1325 1216 1387 sublimis,
1264 1323 1385 1379 sine
1416 1335 1512 1391 spe
1544 1320 1808 1391 degebat;
1844 1318 1916 1373 ita
1949 1319 2009 1371 ul
2034 1316 2179 1371 dicat

622 1421 933 1492 Apostolus,
973 1438 992 1472 ι
1018 1419 1241 1474 Eramus
1270 1415 1562 1485 aliquando
1587 1428 1740 1467 snem
1776 1426 1880 1467 non
1922 1410 2179 1466 habentes

624 1523 681 1568 et
711 1512 857 1568 atbei
897 1511 950 1565 in
983 1510 1177 1564 tr-undo
1199 1509 1263 1562 ⁸⁸.
1293 1526 1313 1559 ι

2276 585 2412 640 ἀλλά
2454 582 2593 655 πρός
2630 598 2782 645 τινας
2818 575 3257 645 ἀπεξενωμένους
3292 572 3600 641 ἀγνώστους
3641 570 3844 641 ἄνδρας

2280 676 2374 730 καὶ
2400 673 2728 741 ἀλλσγενεῐς,
2758 672 2882 734 τοὺς
2904 671 2961 722 tv
2985 668 3117 720 πᾶσι
3143 668 3256 728 τοῖς
3277 664 3451 718 ῑθνεσι
3470 680 3483 693 ο
3514 665 3571 717 tv
3595 657 3676 726 οἷς
3700 656 3844 733 ἦσαν

2286 768 2551 839 μετέωροι
2583 762 2819 833 ἀληθῶς,
2852 762 2944 815 ἐπὶ
2975 758 3141 831 μηδὲν
3168 758 3379 828 ἑδραίου
3421 755 3671 819 ἑστῶτες,
3700 753 3845 808 πλα-

2284 858 2509 929 νώμενοι
2552 856 2646 909 καὶ
2676 853 3091 927 περιφερόμενοι
3132 851 3295 903 παντὶ
3327 849 3509 920 ἀνέμῳ
3546 846 3648 916 τῆς
3678 844 3848 899 πολυ-

2285 950 2408 1003 θέου
2446 948 2674 1019 πλάνης.
2716 948 2778 1001 Oi
2806 946 2853 1000 δ’
2886 944 3037 998 αὐτοὶ
3074 942 3169 996 καὶ
3216 940 3448 1011 χαλεπὸν
3492 938 3643 1001 ἔθνος
3678 932 3848 1008 ἦσαν,

2280 1039 2490 1112 ἐχθρῶς
2516 1040 2609 1094 καὶ
2640 1037 2911 1117 πολεμίως
2930 1034 3255 1106 διακείμενοι
3274 1033 3411 1102 πρὸς
3430 1032 3520 1085 τὸν
3539 1030 3639 1101 τῆς
3658 1030 3817 1083 Oscos

2281 1132 2431 1197 ϐείας
2458 1131 2633 1199 λόγον.
2662 1129 2849 1199 Ὅμως
2878 1126 2923 1180 δ⁴
2946 1120 3041 1179 οῦν
3074 1124 3209 1195 πρὸς
3231 1122 3451 1186 τούτους
3478 1119 3850 1193 παρακελεύε-

2280 1239 2372 1277 ται
2410 1221 2628 1276 ἀπιέναι
2670 1220 2793 1282 τοὺς
2814 1216 3085 1285 ,ἀγγέλους
3124 1213 3359 1283 κούφους
3385 1214 3476 1266 καὶ
3501 1211 3709 1275 τούτοις
3740 1228 3849 1282 κη-

2287 1315 2514 1388 ρύττειν,
2552 1310 2845 1366 διαϐαίνειν
2872 1308 2929 1362 δὲ
2976 1307 3069 1361 καὶ
3106 1305 3197 1359 ἰπὶ
3239 1302 3307 1357 τά
3340 1303 3550 1375 πέρατα
3588 1302 3687 1374 τῆς
3715 1300 3846 1374 γῆς.

2284 1407 2376 1460 Διὸ
2397 1404 2658 1473 ἐπιλέγει,
2681 1422 2699 1454 ι
2723 1402 2819 1465 Τίς
2840 1399 3001 1455 αὐτοῦ
3022 1397 3307 1457 ἑπέκεινας
3332 1414 3351 1449 ι
3378 1396 3409 1467 ἢ
3434 1395 3573 1449 κατά
3593 1394 3683 1448 τὸν
3702 1393 3853 1466 Σύμ-

2290 1514 2479 1569 μαχον,
2521 1516 2538 1547 ι
2561 1494 2696 1550 Μεθ’
2724 1493 2783 1548 δν
2818 1493 2917 1546 οὐκ
2959 1490 3103 1544 ἐστιν
3136 1488 3409 1542 ἐπέκεινα.
3440 1507 3460 1540 ι
3495 1486 3662 1542 Τοῦτο
3697 1485 3755 1540 δι
3786 1483 3851 1540 ea

626 1605 1030 1677 ἀπεξενωμένον
1052 1605 1165 1674 ,καὶ
1208 1604 1479 1675 μετέωρον
1526 1602 1699 1668 ἔθνος,
1770 1602 1863 1654 καὶ
1903 1598 2215 1654 ἀνέλπιστον
2251 1591 2346 1666 ἦν·
2407 1594 2483 1657 ώς
2512 1592 2691 1661 λέγειν
2721 1590 2811 1643 τὸν
2850 1586 3168 1643 ’Δπόστολον
3190 1603 3203 1616 ·
3248 1603 3267 1635 t
3300 1579 3480 1655 Ἦμέν
3522 1601 3622 1638 που
3657 1580 3853 1637 ἐλπίδα

631 1698 707 1770 μή
737 1698 965 1768 ἔχοντες,
995 1696 1088 1749 καὶ
1120 1695 1266 1749 ἄθεοι
1297 1698 1355 1749 tv
1382 1695 1459 1766 τῷ
1486 1695 1694 1766 κόσμῳ.
1715 1714 1735 1747 ι

701 1793 862 1847 Vsus.
898 1792 951 1845 5.
984 1809 1003 1842 ι
1049 1788 1199 1845 Nunc
1231 1789 1451 1845 ﬂumina
1478 1800 1638 1845 terra:
1685 1789 1867 1843 omnia
1908 1798 2183 1857 tamquam
2216 1790 2260 1846 Β

626 1884 773 1953 regio
804 1884 1044 1938 habitata
1073 1900 1087 1937 :
1123 1882 1459 1937 habitabitur
1480 1881 1628 1951 regio
1655 1894 1861 1935 eorum.
1906 1899 1924 1933 ι
1958 1880 2183 1935 Videtur

624 1974 757 2029 mihi
780 1974 1145 2038 subiudicare,
1191 1972 1497 2027 ﬂuminibus
1518 1970 1757 2042 quidem,
1788 1971 2181 2025 multitudinem

627 2065 868 2135 gentium
891 2080 1008 2133 qua:
1031 2064 1194 2119 Deum
1220 2063 1509 2132 coguitura:
1529 2071 1655 2117 sunt
1679 2077 1694 2126 ;
1727 2064 2033 2132 regionibus
2058 2078 2185 2118 vero

626 2170 838 2219 earum,
880 2155 1138 2210 ecclesias
1190 2172 1205 2209 :
1258 2153 1704 2222 quemadmodum
1756 2154 1898 2207 enim
1941 2155 2186 2218 superius

626 2244 879 2305 luctibus
937 2246 1139 2309 maris,
1189 2244 1553 2313 ﬂuctibusque
1597 2244 1847 2307 turbatis,
1890 2244 2183 2298 inﬁdelium

626 2336 865 2406 gentium
888 2316 1073 2389 turbas
1093 2333 1458 2403 comparavit;
1493 2333 1571 2387 sic
1600 2341 1655 2385 et
1689 2346 1831 2387 nunc
1860 2330 2035 2387 ﬂuviis
2063 2332 2184 2386 dul-

627 2424 783 2482 cibus
819 2426 1135 2495 placideque
1165 2423 1534 2487 manantibus,
1560 2422 1759 2478 Christi
1791 2422 2011 2492 papulas
2033 2422 2185 2477 simi-

626 2515 709 2573 les
765 2517 871 2581 ait;
929 2531 1025 2584 per
1054 2517 1325 2585 regionem
1363 2524 1543 2569 autem
1602 2528 1809 2579 eorum,
1846 2514 2049 2568 indicat
2084 2514 2187 2569 Ec-

629 2607 873 2665 clesium.
899 2607 1040 2665 Olim
1063 2622 1192 2679 ergo
1220 2608 1405 2662 isthaec
1431 2606 1647 2660 ﬂumina
1682 2605 1982 2661 inbabitata
2006 2618 2183 2671 erant,

630 2710 687 2757 et
708 2715 738 2756 a
763 2700 869 2756 Deo
904 2702 1079 2756 aliena
1103 2717 1119 2759 ξ
1147 2715 1209 2754 ac
1242 2701 1389 2771 regio
1407 2716 1594 2767 eorum
1617 2702 1703 2770 pia
1728 2701 1987 2772 religione
2016 2716 2185 2757 vacua

631 2800 687 2845 et
710 2793 922 2848 deserta
951 2807 965 2855 ;
989 2790 1097 2859 iam
1124 2804 1252 2845 vero
1284 2805 1381 2860 per
1411 2802 1675 2856 nostram,
1708 2793 1900 2861 inquit,
1930 2792 2188 2862 praedica-

629 2880 857 2945 tionem,
890 2890 1178 2935 memorata
1216 2877 1433 2934 ﬂumina
1462 2891 1517 2935 et
1537 2881 1687 2951 regio
1706 2896 1916 2947 eorum,
1957 2883 2010 2936 in
2036 2880 2188 2937 habi-

628 2980 800 3027 tatam
831 2980 1028 3027 terram
1060 2985 1210 3026 versa
1240 2980 1387 3026 sunt.
1427 2972 1481 3025 Id
1512 2987 1673 3041 porro
1722 2973 2035 3043 procurabit
2084 2973 2188 3028 illis

627 3060 833 3116 Christi
866 3062 1076 3131 signum
1105 3078 1121 3117 :
1150 3080 1169 3112 ‹
1222 3059 1401 3118 Veluti
1451 3064 1659 3134 signum
1707 3080 1735 3118 a
1787 3074 1969 3120 monte
2010 3064 2186 3121 eleva-

629 3153 798 3209 bitur.
836 3170 855 3204 ι

714 3240 873 3296 Vsus.
897 3241 952 3295 ι.
984 3258 1003 3293 ι
1032 3241 1305 3310 Tanquam
1358 3243 1603 3300 buccinat
1624 3260 1725 3301 vox
1748 3245 2034 3301 audietur:
2067 3247 2191 3317 quia

633 3331 713 3389 sic
744 3332 882 3387 dixit
923 3331 1180 3388 Dominus
1226 3334 1357 3387 mihi
1384 3351 1400 3389 :
1430 3334 1704 3392 Securitas
1746 3337 1854 3391 erit
1885 3338 1937 3391 itt
1968 3353 2085 3393 mea
2115 3340 2194 3394 ci-

628 3423 822 3477 vitate.
854 3441 875 3476 ι
911 3422 1169 3479 Praedicta
1227 3427 1377 3495 regio
1421 3441 1539 3481 mea
1586 3427 1799 3483 Domini
1858 3429 2048 3484 civitas
2072 3440 2191 3485 est:

632 3523 804 3580 quare
837 3511 1105 3565 securitas
1137 3512 1189 3564 in
1223 3526 1287 3566 ea
1315 3515 1441 3577 erit,
1495 3523 1682 3584 utpote
1712 3517 2051 3570 custodiente
2083 3532 2190 3579 me,

634 3610 693 3658 et
719 3601 957 3669 undique
981 3600 1125 3654 illam
1152 3610 1391 3668 tutante;
1420 3603 1495 3657 ita
1529 3613 1585 3657 ut
1603 3604 1725 3672 jure
1747 3604 1815 3659 d‘e
1841 3604 1930 3659 illa
1960 3605 2192 3673 dicatur,

641 3709 665 3745 ι
682 3689 930 3748 Gloriosa
950 3691 1089 3745 dicta
1113 3700 1238 3746 sunt
1268 3692 1334 3747 de
1357 3702 1428 3757 te,
1452 3693 1642 3750 civitas
1670 3694 1761 3749 Dei
1784 3694 1829 3727 ⁸⁵
1856 3713 1871 3761 ;
1897 3714 1917 3747 ι
1940 3705 1995 3749 et
2022 3714 2040 3747 ι
2065 3696 2195 3750 Flu-

636 3781 804 3838 minis
842 3781 1074 3852 impetus
1123 3781 1401 3838 latiiicant
1444 3786 1722 3841 civitatem
1752 3786 1865 3841 Dei.
1902 3784 2077 3842 Veluti
2105 3788 2197 3842 lux

635 3883 801 3927 estus
838 3873 1144 3938 meridiani,
1173 3883 1229 3929 et
1260 3882 1323 3929 ut
1354 3876 1528 3934 nubes
1559 3878 1699 3938 roris
1728 3877 1832 3932 diei
1864 3878 2057 3933 messis
2088 3878 2189 3932 ⁸⁸.»

640 3963 720 4016 Ab
746 3960 1048 4029 huiusmodi
1072 3963 1214 4026 luce,
1238 3980 1359 4034 quae
1384 3965 1540 4033 quasi
1578 3976 1743 4022 aestus
1782 3968 2114 4023 meridianus
2137 3969 2191 4022 in

635 4051 858 4109 civitate
885 4068 1001 4107 mea
1037 4053 1344 4123 eﬂ‘unditur,
1386 4058 1537 4123 nihil,
1579 4059 1770 4128 inquit,
1822 4059 2029 4114 civitati
2063 4074 2197 4115 mea

639 4143 825 4197 damni
854 4142 1107 4209 infertur,
1140 4160 1313 4215 neque
1338 4147 1489 4202 dolor
1518 4148 1586 4203 iis
1619 4149 1712 4219 qui
1746 4150 2051 4219 huiusmodi
2080 4149 2197 4205 luce

636 4232 1056 4304 perfunduntur.
1074 4235 1187 4291 Lux
1210 4239 1372 4308 igitur
1393 4239 1497 4302 illa,
1522 4250 1604 4294 est
1624 4240 1794 4310 ipsum
1819 4242 1909 4297 Dei
1936 4243 2193 4311 Verbum,

636 4328 779 4395 quod
801 4327 1095 4383 Ecciesiam
1124 4331 1240 4401 ejus
1266 4345 1479 4401 semper
1502 4333 1801 4403 illuminat;
1828 4337 1996 4393 nubes
2015 4348 2195 4392 autem

2358 1799 2376 1826 ο
2407 1777 2521 1833 Νῦν
2551 1779 2602 1831 οί
2633 1773 2863 1846 ποταμοὶ
2892 1772 2989 1844 τῆς
3020 1772 3122 1843 γῆς
3150 1770 3349 1833 πάντες
3379 1768 3455 1831 ώς
3482 1766 3633 1839 χώρα
3661 1782 3852 1820 κατοι-

2286 1869 2551 1940 κουμένη·
2587 1864 3059 1935 κατοικισθήσεται
3102 1863 3136 1933 ὴ
3171 1858 3325 1931 χώρα
3364 1857 3564 1913 αὐτῶν.
3596 1876 3615 1909 ι
3670 1856 3855 1910 Δίνίτ-

2281 1960 2468 2015 τεσθαι
2518 1959 2576 2013 δὲ
2608 1957 2696 2013 διὰ
2739 1956 2944 2011 τούτων
2997 1971 3087 2025 μοι
3116 1953 3261 2006 δοκεῖ
3309 1951 3587 2021 ποταμοὺς
3639 1947 3738 2018 μὶν
3782 1946 3855 2002 τὰ

2284 2051 2460 2123 πλήθη
2486 2050 2591 2104 τῶν
2615 2050 2705 2102 τὸν
2736 2047 2866 2101 Θεὸν
2897 2043 3343 2114 ὲπιγνωσομένων
3369 2040 3513 2096 λαῶν
3532 2057 3546 2070 ·
3577 2037 3760 2111 χώρας
3791 2034 3855 2092 δὲ

2287 2141 2469 2195 αὐτῶν
2524 2140 2624 2203 τὰς
2672 2137 2989 2207 ὲκκλησίας’
3039 2135 3114 2198 ώς
3194 2132 3302 2204 γάρ
3343 2131 3598 2203 ἀνωτέρω
3644 2127 3856 2199 κύμασι

2285 2233 2581 2303 θαλάσσης,
2611 2230 2704 2283 καὶ
2732 2229 2938 2299 κύμασι
2968 2224 3397 2296 τεταραγμένοις
3432 2223 3500 2277 τὰ
3529 2221 3705 2294 πλήθη
3743 2219 3858 2276 τῶν

2283 2326 2526 2380 ἀπίστων
2571 2322 2739 2377 ὲθνῶν
2779 2319 3102 2392 παρέϐαλεν,
3136 2317 3277 2371 οὕτω
3307 2316 3400 2370 νῦν
3434 2316 3695 2386 ποταμοῖς
3724 2313 3857 2382 γλυ-

2285 2417 2404 2471 κέσι
2446 2417 2539 2470 καὶ
2581 2412 2853 2477 εὐσταθῶς
2894 2410 3229 2481 κινουμένοις
3271 2410 3396 2473 τούς
3427 2404 3662 2480 Χριστοῦ
3688 2405 3857 2469 λαοὺς

2285 2514 2555 2581 ἀφομοιοῖ,
2604 2508 2787 2580 χώραν
2835 2506 3011 2560 αὐτῶν
3065 2503 3309 2577 δηλώσας
3347 2503 3448 2575 τήν
3504 2499 3856 2571 Ἐκκλησίαν.

2285 2604 2459 2659 Πάλαι
2506 2603 2601 2674 μὲν
2644 2596 2735 2655 οὖν
2772 2597 2912 2671 ἦσαν
2943 2599 2993 2653 oi
3027 2597 3259 2667 ποταμοὶ⁸
3286 2589 3431 2649 οῦτοι
3462 2592 3725 2661 ἀοίκητοι,
3760 2590 3859 2646 καὶ

2287 2696 2553 2767 ἀλλότριοι
2578 2692 2735 2757 Θεοῦ,
2758 2692 2793 2761 ἢ
2819 2708 2877 2745 τε
2905 2688 3059 2761 χώρα
3080 2687 3257 2742 αὐτῶν
3283 2686 3487 2759 ἔρημος
3513 2682 3822 2747 θεοσεϐείας
3839 2696 3857 2713 ·

2286 2788 2403 2841 νυνὶ
2444 2786 2502 2840 δὲ
2554 2786 2642 2839 διά
2699 2783 2793 2838 τοῦ
2836 2782 3125 2853 ἡμετέρου,
3176 2779 3335 2849 φησὶ,
3386 2776 3759 2849 κηρύγματος,
3806 2774 3861 2827 οἱ

2287 2880 2613 2953 δηλωθέντες
2646 2876 2878 2947 ποταμοὶ
2909 2874 3003 2927 καὶ
3030 2875 3063 2943 ή
3096 2869 3249 2943 χώρα
3280 2870 3459 2924 αὐτῶν
3497 2870 3576 2931 είς
3606 2863 3862 2937 οἰκουμέ-

2290 2991 2387 3045 νην
2414 2972 2548 3024 ὲστί.
2575 2967 2902 3041 Προξενήσει
2928 2965 2986 3018 δὲ
3016 2962 3172 3018 τοῦτο
3200 2962 3382 3025 αὐτοῖς
3402 2960 3464 3014 τὸ
3496 2958 3588 3014 τοῦ
3617 2955 3861 3032 Χριστοῦ

2292 3064 2541 3134 σημεῖονο
2580 3078 2599 3111 t
2632 3058 2778 3113 'Dssl
2807 3058 3029 3129 σημεῖον
3056 3055 3162 3109 ἀπὸ
3198 3054 3358 3126 ὅρους
3395 3050 3553 3123 ἀρθῇ.
3585 3069 3605 3103 ι

2367 3258 2385 3291 ι
2425 3239 2511 3301 Ὠς
2545 3237 2841 3305 σάλπιγγος
2893 3234 3042 3306 φωνή
3091 3233 3349 3289 ἀκουστὸν
3381 3231 3531 3285 ἔσται
3551 3248 3567 3262 θ
3601 3229 3736 3284 διότι
3769 3228 3861 3284 οὐ·

2290 3348 2397 3393 τως
2435 3325 2554 3384 εἶπε
2600 3328 2802 3399 Κύριός
2846 3343 2965 3397 μοι’
3008 3326 3298 3395 Ἀσφάλεια
3341 3323 3493 3377 ἔσται
3531 3324 3589 3375 tv
3627 3316 3697 3393 τῇ
3748 3321 3860 3395 ιμῇ

2292 3423 2461 3475 πόλει.
2488 3440 2505 3471 t
2564 3422 2628 3473 Ἦ
2671 3420 2726 3473 δὲ
2771 3418 3122 3491 προλεχθεϊσα
3163 3416 3315 3489 χώρα
3366 3416 3472 3488 ἐμὴ
3519 3414 3611 3468 τοῦ
3653 3413 3861 3486 Κυρίου

2292 3513 2408 3566 ἐστὶ
2434 3513 2615 3576 πόλις
2653 3512 2733 3565 διὸ
2764 3510 3028 3580 ἀσφάλεια
3060 3510 3212 3564 ἔσται
3242 3511 3299 3562 tv
3332 3509 3489 3579 αὐτῇ,
3518 3506 3593 3571 ὡς
3630 3505 3695 3560 ἂν
3723 3504 3860 3577 tuo?)

2292 3604 2645 3673 φυλάττοντος
2684 3605 2775 3657 καὶ
2821 3601 3149 3673 πανταχόθεν
3184 3601 3351 3673 αὐτὴν
3392 3599 3822 3671 ἀσφαλιζομένου
3841 3612 3858 3629 '

2293 3695 2433 3750 ὥστε
2464 3697 2687 3760 εἰκότως
2743 3695 2869 3766 περὶ
2912 3694 3082 3765 αὐτῆς
3124 3692 3407 3762 λέγεσθαισ
3444 3711 3463 3743 ι
3486 3690 3862 3762 Δεδοξασμένα

2295 3786 2526 3858 ἐλαλήθη
2562 3786 2688 3859 περὶ
2722 3784 2836 3851 σοῦ,
2870 3788 2904 3858 ή
2959 3784 3109 3848 πόλις
3156 3784 3251 3837 τοῦ
3296 3782 3453 3847 Θεοῦ,
3488 3802 3505 3834 ι
3542 3784 3663 3836 xa‘t'
3707 3800 3726 3834 ι
3751 3779 3862 3836 Τοῦ

2296 3878 2540 3949 ποταμοῦ
2586 3879 2655 3932 τά
2698 3878 2993 3949 όρμήματα
3036 3875 3385 3947 εὐφραίνουσι
3420 3876 3521 3947 τὴν
3559 3873 3714 3927 πόλιν
3763 3872 3863 3930 tu?

2294 3968 2450 4023 Θεοῦ.
2485 3969 2572 4031 Ὦς
2600 3968 2714 4036 φῶς
2744 3966 3019 4037 καύματος
3048 3966 3411 4039 μεσημϐρίας,
3431 3966 3524 4019 καὶ
3556 3965 3632 4029 ὡς
3660 3962 3863 4037 νεφέλη

2294 4059 2483 4132 δρόσου
2542 4060 2751 4131 ήμέρας
2801 4057 3032 4129 ἀμητοῦ.
3058 4078 3077 4111 ι
3129 4058 3383 4112 Τοιούτου
3435 4058 3492 4112 δὲ
3542 4056 3718 4127 φωτὸς
3762 4054 3863 4119 καὶ

2296 4150 2481 4223 ὥσπερ
2514 4152 2789 4219 καύματος
2838 4148 3208 4221 μεσημϐρινοῦ
3238 4148 3529 4220 γενομένου
3564 4150 3620 4201 tv
3652 4150 3719 4219 τῇ
3751 4147 3863 4221 tua

2296 4243 2466 4307 πόλει,
2514 4244 2611 4295 οὐκ
2657 4241 2791 4307 εστι,
2837 4242 2990 4314 φησὶ,
3043 4240 3235 4314 βλάϐη,
3268 4240 3387 4295 οὐδὲ
3425 4239 3567 4310 λύπη
3612 4242 3721 4305 τοῖς
3757 4239 3863 4294 ὐπδ

2294 4334 2517 4403 τοιούτῳ
2548 4334 2686 4401 φωτὶ
2718 4332 3231 4405 καταυγαξομένοις.
3280 4332 3399 4395 Φῶς
3435 4332 3531 4402 μὲν
3571 4325 3663 4384 οῦν
3702 4330 3863 4395 αὐτός

636 4422 801 4485 roris,
830 4422 1064 4493 Spiritus
1084 4434 1327 4493 sanctus,
1344 4426 1434 4495 qui
1458 4441 1762 4496 supremam
1785 4430 2045 4501 unigeniti
2072 4427 2189 4483 Filii

2298 4427 2442 4478 ἐστιν
2470 4426 2499 4481 ό
2522 4423 2613 4478 τοῦ
2642 4423 2777 4477 Θεοῦ
2807 4425 2997 4494 Λόγος,
3025 4426 3055 4478 ό
3080 4424 3177 4495 τὴν
3203 4424 3527 4495 Ἐκκλησίαν
3552 4420 3715 4475 αὐτοῦ
3742 4421 3864 4477 δια-⁹

635 4510 731 4568 Dei
778 4513 1119 4587 theologiam,
1156 4517 1245 4583 iis,
1299 4520 1391 4587 qui
1422 4533 1544 4573 eam
1594 4534 1790 4589 capere
1841 4535 1947 4574 non
1973 4519 2194 4585 valent,

638 4605 961 4660 ndumbrate
998 4607 1188 4673 tradit,
1223 4617 1282 4663 ut
1320 4619 1734 4680 attemperatutn
1772 4611 2044 4680 quidpiam
2079 4610 2193 4665 eﬂi-

635 4695 831 4759 ciatur,
846 4694 1009 4750 altam
1028 4705 1083 4750 et
1103 4701 1367 4760 spumam
1388 4700 1453 4753 de
1467 4698 1684 4754 Christo
1704 4700 2026 4770 theologiam
2053 4715 2196 4754 com-

636 4782 913 4853 plectens;
943 4785 1103 4855 idque
1126 4801 1193 4842 ex
1220 4788 1439 4844 accessu
1485 4789 1763 4855 cujusdam
1813 4790 1968 4845 nubis
2018 4790 2190 4845 sancti

636 4874 891 4945 Spiritus.
923 4876 1049 4932 liae
1084 4893 1247 4947 porro
1275 4888 1399 4936 aute
1427 4895 1655 4935 messem
1695 4880 1873 4937 futura
1908 4882 2191 4951 praedicit:

638 4967 741 5023 hac
782 4968 995 5022 ratione
1033 4967 1237 5025 fructus
1267 4972 1319 5024 in
1352 4970 1587 5027 Ecclesia
1619 4973 1709 5027 Dei
1740 4974 2064 5043 pullulantes
2117 4975 2194 5029 si-

636 5060 925 5127 gniﬁcans,
959 5061 1049 5130 qui
1087 5063 1261 5116 instar
1289 5064 1558 5132 spicarum
1582 5064 1927 5121 emorescuut
1952 5085 1966 5122 :
2002 5082 2106 5134 qua
2129 5066 2194 5119 de

634 5167 693 5207 re
722 5153 970 5222 superius
1005 5153 1049 5185 ³⁷
1084 5155 1196 5209 haec
1224 5156 1556 5222 declarabat,
1598 5178 1617 5212 ι
1654 5159 1720 5213 Ει
1747 5160 2073 5213 laetabuntur
2104 5172 2195 5212 co-

634 5256 749 5305 nam
788 5254 859 5309 te,
886 5244 1027 5299 sicut
1064 5244 1155 5314 qui
1192 5246 1441 5300 laetantur
1477 5248 1528 5303 iu
1560 5264 1751 5305 messe.
1792 5267 1811 5301 ι
1846 5248 1911 5301 Ει
1944 5246 2194 5301 Salvator

633 5330 883 5386 similiter
920 5348 1042 5388 cum
1102 5332 1328 5398 diceret,
1362 5355 1382 5387 ι
1410 5336 1610 5393 Levate
1657 5340 1840 5394 oculos
1879 5348 2107 5401 vestros,
2138 5346 2193 5391 et

634 5422 809 5479 videte
834 5438 1014 5494 agros,
1043 5428 1299 5494 quoniam
1361 5427 1467 5483 albi
1515 5440 1642 5484 sunt
1691 5434 1757 5485 ad
1808 5434 2036 5486 mesSem
2063 5430 2127 5482 ⁸⁸.
2166 5448 2185 5481 ι

630 5509 751 5567 Erit
777 5514 958 5581 itaque
1004 5513 1095 5570 lux
1126 5517 1426 5578 divinitatis
1475 5518 1661 5585 Verbi,
1697 5522 1749 5576 in
1794 5524 1912 5592 ejus
1945 5524 2188 5585 civitate,

631 5615 738 5655 non
768 5609 1064 5673 temperata
1088 5608 1239 5677 quasi
1262 5608 1449 5679 vigens
1471 5619 1529 5664 et
1553 5611 1881 5678 meridiana;
1911 5614 2036 5682 quia
2062 5625 2189 5666 vero

2300 4516 2498 4579 παντὸς
2542 4515 2821 4585 φωτίζων
2873 4515 3070 4585 νεφέλη
3106 4515 3162 4568 δὲ
3210 4514 3400 4585 δρόσου
3444 4514 3504 4567 τὸ
3547 4512 3771 4585 Πνεῦμα
3800 4514 3864 4568 τδ

2302 4607 2472 4676 ἆγιον,
2508 4606 2569 4670 τὸ
2600 4606 2698 4678 τὴν
2738 4605 2915 4679 ἄκραν
2931 4606 3206 4674 θεολογίαν
3248 4605 3343 4660 τοῦ
3380 4604 3703 4677 μονογενοῦς
3729 4604 3863 4659 Υίοῦ

2291 4698 2383 4752 τοῦ
2412 4698 2546 4753 Θεοῦ
2572 4702 2681 4763 τοῖς
2706 4698 2780 4770 μή
2814 4699 2949 4763 οἵοις
2978 4717 3036 4752 τε
3073 4699 3243 4772 αὐτήν
3287 4701 3481 4770 χωρεῖν
3524 4696 3863 4766 έπισκιάζον,

2292 4791 2366 4854 ώς
2399 4791 2736 4863 κεκραμένον
2766 4790 3142 4845 ἀποτελεῖσθαι
3183 4808 3233 4844 τι
3268 4790 3399 4844 πολύ
3432 4786 3526 4844 καί
3564 4790 3864 4865 ἀκρότατον

2288 4887 2384 4953 τῆς
2412 4882 2537 4955 περὶ
2564 4883 2798 4957 Χριστοῦ
2833 4883 3124 4953 θεολογίας,
3141 4880 3225 4935 διὰ
3254 4882 3350 4953 τὴν
3380 4880 3475 4935 τοῦ
3506 4882 3661 4951 ἀγίου
3694 4882 3864 4938 nus.

2299 4990 2463 5043 ματος
2520 4974 2759 5048 ὡσπερεί
2791 4992 2935 5038 τινος
2958 4974 3180 5043 νεφέλης
3203 4973 3533 5044 ὐποδρομήν.
3559 4972 3673 5025 Καὶ
3690 4972 3866 5030 ταῦτα

2294 5064 2510 5120 ἔσεσθαί
2553 5083 2685 5139 φησι
2720 5066 2826 5140 πρὸ
2858 5064 2950 5119 τοῦ
2995 5063 3288 5135 θερισμοῦ·
3324 5062 3511 5117 τοῦτον
3553 5062 3729 5135 δηλῶν
3772 5063 3867 5119 τὸν

2294 5160 2493 5229 τρόπον
2532 5160 2632 5221 τὰς
2663 5161 2721 5213 tv
2755 5161 2872 5222 ταῖς
2929 5157 3243 5227 ἐκκλησίαις
3281 5156 3373 5211 τοῦ
3408 5154 3543 5210 Θεοῦ
3584 5171 3867 5228 καρποφο-

2296 5249 2437 5320 ρίας,
2465 5250 2619 5320 δίκην
2652 5248 2896 5319 σταχύων
2926 5247 3216 5311 ἀνθούσας·
3254 5248 3381 5319 περὶ
3407 5241 3471 5302 οῦ
3493 5246 3584 5300 καὶ
3608 5246 3870 5320 ἀνωτιρω

2293 5340 2478 5411 ἐδήλου
2507 5340 2679 5409 λέγων
2698 5356 2710 5369 ⁸
2736 5358 2755 5390 t
2788 5338 2892 5397 Καὶ
2922 5338 3379 5410 εὐφρανθήσονται
3398 5337 3625 5393 ἐνώπιόν
3655 5338 3867 5404 σου,ὠς

2291 5432 2341 5484 οι
2366 5431 2776 5501 εὐφραινόμενοι
2826 5433 2883 5483 tv
2930 5429 3146 5501 ἀμητῷ.
3180 5448 3199 5481 ι
3251 5430 3361 5484 Καὶ
3392 5432 3420 5483 ό
3450 5430 3640 5502 Σωτὴρ
3663 5430 3867 5502 ὁμοίως

2289 5520 2355 5573 δι’
2378 5513 2452 5573 ὧν
2478 5520 2662 5588 ἔλεγεν
2686 5537 2699 5550 ·
2734 5538 2752 5571 ι
2790 5522 3059 5593 Ἐπάρατε
3082 5523 3207 5586 τούς
3235 5520 3547 5592 ὀφθαλμοὺς
3574 5522 3751 5593 ὐμῶν,
3772 5522 3866 5578 καὶ

2293 5608 2427 5662 ἴδετε
2474 5609 2571 5674 τάς
2604 5607 2810 5681 χώρας,
2852 5611 2934 5664 ὅτι
2973 5609 3158 5665 λευκαί
3214 5613 3318 5665 εισι
3365 5610 3502 5682 πρὸς
3536 5611 3860 5685 θερισμόνει

699 5777 748 5814 ⁸⁵
764 5776 959 5851 Ephes.
988 5797 1049 5851 ll,
1078 5784 1193 5861 ιι
1235 5786 1278 5820 ⁸⁸
1310 5785 1449 5863 Psal.
1482 5766 1699 5857 nam,
1722 5790 1773 5845 5.
1851 5792 1895 5824 "‘
1925 5790 2063 5847 Psal.
2104 5808 2189 5849 xu

2289 5831 2299 5848 .
2372 5794 2415 5825 ⁸⁷
2446 5793 2575 5862 Cap.
2605 5808 2679 5861 rx,
2706 5805 2841 5849 vers.
2868 5793 2923 5848 3.
2992 5793 3037 5828 ⁸³
3076 5792 3227 5849 .ioan.
3262 5810 3329 5858 ιν,
3384 5794 3473 5850 '55.
