4100 6440
201 395 310 456 ιη

1185 403 1694 464 ΕΟΠΜΕΝΪΔΒΙΑ
1732 402 1800 459 IN
1841 404 2096 460 ISAIAI.
2135 437 2198 449 —
2237 404 2393 462 CAP.
2434 403 2627 462 XVIII.

205 514 406 570 ⁹Εσται
459 516 667 571 τοίνυν
698 519 759 572 τὺ
793 519 890 589 μὲν
918 536 1032 589 φως
1080 521 1179 592 τῆς
1221 522 1475 591 θεότητος
1520 519 1614 574 τοῦ
1646 520 1791 588 Λόγοε

1923 520 1992 573 ab
2016 521 2325 573 hominibus
2358 521 2477 588 capi
2509 518 2720 588 nequit,
2763 518 3110 574 intercedens
3134 520 3310 576 media
3346 537 3495 592 qum-

196 609 447 678 ἀκρατον
481 609 694 682 ὥσπερ
740 613 971 682 ἀκμαῖον
1005 615 1099 667 καὶ
1133 631 1269 686 μεση
1278 598 1500 685 μδρινδν
1529 615 1588 667 ιν
1623 615 1689 683 τῇ
1720 613 1814 666 αὑ-

203 697 292 750 τοῦ
321 698 488 752 πόλει
508 716 524 730 ο
562 700 661 753 διά
688 701 747 753 δὲ
777 702 839 755 τὸ
869 703 942 774 μή
973 705 1286 777 χωρηθῆναι
1313 705 1446 759 αὐτὸ
1472 705 1578 758 ὑπὸ
1603 703 1813 774 ἀνθρώ-

206 802 338 856 των,
373 790 533 862 μέση
565 789 862 847 διελθοῦσα
888 794 922 864 ἡ
948 793 1143 867 νεφέλη
1168 795 1262 850 τοῦ
1295 796 1452 864 ἁγίου
1473 794 1812 864 Πνεύματος,

205 877 397 952 δρόσου
449 879 748 951 ἔμπλεως,
794 885 1099 940 ἐπισκιάσει
1146 887 1244 958 τὴν
1283 885 1455 958 αὐτὴν
1502 885 1677 943 πόλιν,
1703 885 1810 948 ἵνα,

207 970 274 1033 ὡς
299 973 365 1026 εν
392 973 662 1045 ἡμέραις
689 975 1056 1046 ἀμητοῦ,ταίς
1088 979 1194 1049 πρὸ
1214 977 1310 1032 τοῦ
1344 977 1626 1049 θερισμοῦ,
1649 975 1814 1030 καὶτὸ

207 1058 316 1128 φῶς
353 1063 644 1136 ἀκλάμπῃ
681 1068 833 1139 καὶὴ
868 1069 1060 1138 νεφέλη
1090 1071 1380 1141 ἐπισκιάζῃ
1409 1071 1596 1141 αὑτήν.

281 1169 302 1202 ι
328 1153 548 1207 Ἔσται
589 1156 702 1227 πρὸ
732 1157 824 1210 τοῦ
866 1158 1148 1231 θερισμοῦ,
1177 1161 1305 1214 ὃταν
1350 1160 1675 1231 συντελεσθῇ
1718 1160 1810 1214 ἀδ-

208 1238 319 1303 θοςν
355 1245 463 1297 καὶ
509 1245 710 1314 ὖμφαξ
757 1247 1024 1322 ὲξανθήση
1069 1250 1227 1314 ἀνθος
1267 1250 1678 1323 δμφακίῦουσα·
1716 1251 1810 1304 καὶ

207 1333 397 1399 ἀφελεῖ
427 1336 505 1389 τὰ
540 1337 806 1408 βοτρύδια
828 1339 897 1393 τά
933 1342 1104 1413 μικρὰ
1126 1347 1237 1408 τοῖς
1257 1343 1565 1415 δρεπάνοις,
1597 1344 1811 1406 καὶτὰς

208 1424 568 1495 κληματίδας
600 1429 811 1499 ἀφελεῖ,
844 1432 937 1486 καὶ
975 1433 1519 1506 ἀποκόψαπασπερ
1542 1433 1671 1504 γὰρ,
1703 1450 1807 1502 φη·

209 1517 311 1579 σὶν,
345 1521 407 1572 ὲν
432 1522 574 1583 ταῖς
604 1522 892 1592 ἀμπέλοις,
923 1525 1140 1579 ἐπειδὰν
1185 1526 1436 1595 ὄμφακες
1469 1519 1602 1578 ὦσιν
1641 1524 1810 1594 οίιβό-

203 1622 389 1678 τρυις.
443 1611 696 1675 ἔπιστάς
733 1614 762 1666 ό
791 1615 1031 1686 γεωργὸς
1072 1615 1141 1668 τά
1170 1614 1400 1688 περιττά
1423 1617 1516 1670 καὶ
1559 1616 1807 1688 ἀχρηστα

200 1695 308 1749 τῶν
349 1697 673 1770 κλημάτων
704 1703 980 1766 ἐκκόπτει,
1007 1704 1067 1757 οὐ
1099 1705 1278 1774 μόνον,
1303 1705 1440 1758 ἀλλά
1465 1705 1560 1759 καὶ
1581 1705 1648 1760 τά
1679 1705 1805 1758 ἀτε-

199 1781 444 1856 λισφόρα
471 1789 579 1841 καὶ
607 1788 852 1858 ὡσπερεὶ
879 1795 1196 1861 νεκριμαίαο
1227 1793 1322 1846 καὶ
1360 1790 1530 1845 ταῦτα
1561 1791 1691 1864 γὰρ,
1729 1793 1806 1856 ὡς

1915 612 2038 664 dam
2081 612 2252 666 nubes
2278 611 2516 680 Spiritus
2549 609 2748 671 sancti,
2769 609 2925 679 plena
2962 610 3124 675 roris,
3146 613 3392 667 eamdem
3418 616 3497 669 ci-

1917 706 2134 757 vitatem
2183 703 2537 765 inumbrabit,
2594 714 2673 766 ut,
2719 703 3173 771 quemadmodum
3221 704 3272 757 in
3305 705 3496 761 diebus

1917 793 2132 853 messis.
2158 808 2276 863 quae
2313 794 2482 862 ipsam
2525 806 2751 847 messem
2817 801 3193 860 praevertunt,
3224 804 3280 848 et
3313 794 3492 850 lumen

1915 885 2216 955 splendeat,
2238 895 2294 939 et
2327 885 2497 939 nubes
2529 885 2797 938 inumbret
2832 883 2997 938 illam.

1987 1153 2150 1208 Vsus.
2181 1153 2238 1216 5,
2269 1152 2323 1207 6.
2355 1170 2374 1203 ι
2409 1151 2527 1207 Erit
2553 1161 2678 1206 ante
2707 1165 2965 1217 messem,
2992 1163 3114 1204 cum
3147 1147 3309 1203 fuerit
3353 1160 3488 1200 con-

1913 1253 2217 1298 summatus
2247 1242 2366 1308 ﬂos,
2394 1252 2448 1297 et
2480 1258 2582 1296 uva
2616 1259 2720 1297 non
2754 1252 2966 1296 matura
3015 1241 3268 1295 eduxerit
3299 1237 3485 1293 ﬂorem

1912 1335 2225 1405 germinans
2253 1353 2266 1388 :
2302 1346 2358 1390 et
2392 1333 2604 1390 auferet
2644 1335 2949 1389 racemulos
2993 1345 3192 1402 parvos
3222 1330 3447 1385 falcibus
3471 1369 3486 1393 ,

1909 1437 1967 1482 et
1995 1438 2270 1482 sarmenta
2305 1426 2458 1481 tollet
2519 1436 2576 1482 et
2619 1425 2917 1480 ahsciudet.
2954 1443 2972 1476 ι
3018 1422 3487 1491 Quemadmodum

1909 1520 2078 1583 enim,
2120 1519 2318 1588 inquit.
2344 1519 2397 1572 in
2424 1518 2618 1580 vineis,
2650 1519 2776 1571 dum
2813 1532 2930 1572 uvre
2957 1516 3262 1570 immatura
3313 1523 3440 1568 sunt
3467 1552 3485 1575 ,

1910 1612 2208 1665 adventans
2241 1609 2476 1680 agricola
2508 1608 2721 1662 inutiles
2749 1609 2998 1677 palmites
3023 1606 3226 1661 escith
3252 1643 3268 1670 ,
3307 1619 3486 1673 neque

1909 1703 1963 1756 id
1986 1710 2217 1766 tantum,
2235 1699 2328 1755 sed
2347 1700 2513 1753 etiam
2540 1699 2875 1752 infructuosa
2900 1711 3129 1767 quaque
3154 1706 3211 1749 et
3237 1709 3487 1749 arescen-

1911 1796 1984 1848 tia
2012 1802 2222 1849 resecat
2251 1810 2265 1846 :
2314 1792 2516 1847 etenim
2552 1791 2639 1846 illa
2670 1802 2886 1861 quoque
2918 1831 2934 1856 ,
2975 1798 3164 1855 utpote
3197 1800 3319 1856 qua:
3346 1783 3483 1840 nihil

196 1877 298 1930 οὐκ
327 1876 399 1932 ἃν
428 1880 668 1945 ἀλκαῐα,
691 1881 810 1935 οὐδὲ
838 1882 1048 1955 ἀγαθὴν
1077 1882 1266 1954 εχοντα
1286 1883 1479 1938 ἑλπίδα
1501 1884 1639 1956 πρὸς
1667 1901 1791 1954 καρ-

1908 1884 2108 1953 vigoris
2139 1883 2374 1938 habeant
2393 1922 2409 1947 ,
2450 1896 2626 1952 neque
2651 1881 2814 1936 ullam
2843 1881 2910 1934 ad
2946 1878 3160 1934 fructus
3182 1875 3479 1949 perfectio.

197 1966 300 2020 ποῦ
350 1969 674 2035 τελείωσιν,
730 1975 1002 2044 περιαιρεῖ
1049 1975 1326 2047 ἐπιστήμῃ
1360 1978 1664 2046 γεωργικῇ,
1713 1976 1800 2029 ἶνα

198 2057 272 2130 μὴ
313 2060 668 2133 λυμαίνηται
699 2066 806 2128 τοῖς
837 2065 1171 2136 ἐρρωμένοις
1198 2065 1420 2139 βότρυσι
1462 2065 1531 2120 τὰ
1571 2067 1798 2138 περιττά

193 2151 287 2204 καὶ
315 2151 622 2224 ἀχρησταο
662 2154 794 2210 διότι
831 2155 1004 2210 ταῦτα
1038 2155 1138 2228 μιν
1161 2158 1388 2228 ἀφαιρεῖ
1428 2157 1522 2210 καὶ
1568 2157 1796 2228 παραδί-

190 2239 360 2296 δωσιν
407 2244 498 2308 είς
546 2243 752 2317 βρῶσιν
794 2265 814 2298 ι
837 2249 946 2310 τοῖς
988 2250 1250 2314 πετεινοῖς
1302 2244 1396 2300 τοῦ
1437 2245 1669 2320 οὐρανοῦ
1704 2249 1796 2301 καὶ

190 2334 305 2392 τοῖς
334 2333 569 2415 θηρίοις
592 2334 696 2406 τῆς
723 2335 848 2407 γῆς,
878 2355 898 2388 s
933 2337 1000 2391 τά
1032 2337 1089 2392 δι
1116 2337 1207 2392 τὸν
1235 2337 1427 2408 ιντελῆ
1458 2337 1795 2403 διασώζοντα

191 2423 413 2494 καρπὸν
445 2423 546 2478 διὰ
572 2425 756 2496 πάσης
783 2427 1098 2497 ἐπιμελείας
1142 2428 1398 2497 φυλάττει
1418 2445 1432 2459 ·
1480 2428 1622 2482 οὕτω
1656 2431 1794 2483 κατά

191 2512 284 2565 τὸν
333 2516 546 2586 καιρὸν
584 2515 680 2570 τοῦ
719 2516 978 2589 θερισμοῦ
1003 2519 1326 2590 γενήσεσθαί
1361 2536 1514 2590 φησι,
1556 2521 1665 2574 τῶν
1694 2521 1794 2590 τῆς

192 2603 451 2674 ἀμπέλου
477 2607 756 2681 mpm-ean
775 2609 1089 2679 κλημάτων,
1106 2609 1321 2663 καὶτῶν
1343 2611 1630 2682 ἀχρήστων
1650 2612 1790 2682 αὐτῇ

195 2694 444 2768 pavpdi
491 2701 990 2772 περιαιρουμένων,
1041 2705 1135 2757 καὶ
1185 2704 1665 2774 ἀποκοπτομένων,
1713 2707 1792 2768 εἰς

193 2787 362 2860 βοράν
406 2808 473 2844 τε
522 2790 881 2864 ικδιδομένων
918 2796 1039 2858 ταῖς
1084 2797 1433 2860 κολαστικαῖς
1463 2795 1787 2866 δυνάμεσιν,

191 2881 240 2936 oi
289 2883 499 2951 ἀγαθοὶ
548 2883 792 2957 βότρυες,
823 2887 878 2940 ai
917 2887 1252 2960 καρποφόροι
1283 2887 1474 2958 ψυχαὶ,
1507 2888 1608 2959 τῆς
1639 2889 1789 2960 παρά

192 2971 328 3026 Θεοῦ
355 2975 650 3042 τεύξονται
689 2976 902 3046 ἀγαθῆς
931 2976 1162 3043 ἐλπίδος.
1209 2979 1298 3033 Ἐν
1327 2979 1537 3043 τούτοις
1566 2982 1727 3045 αὐτὸς
1757 2983 1788 3035 ὁ

195 3061 386 3136 Σωτὴρ
417 3066 620 3121 ἑαυτὸν
648 3062 787 3122 εἶναι
806 3069 906 3140 τὴν
929 3069 1172 3140 ἄμπελον
1199 3069 1429 3142 ιφησεν·
1448 3072 1576 3135 τοὺς
1601 3072 1656 3125 δὲ
1685 3091 1789 3144 μα-

1903 1990 2025 2030 nem
2061 1989 2212 2045 spem
2239 1976 2570 2044 relinquant,
2593 1989 2658 2028 ex
2686 1974 3033 2044 agriculturae
3052 1971 3248 2042 peritia
3278 1971 3344 2026 de
3372 1986 3480 2027 me-

1902 2069 1992 2122 dio
2021 2067 2183 2131 tollit,
2245 2080 2315 2121 ne
2355 2066 2629 2136 superﬂua
2668 2076 2723 2120 et
2773 2064 2980 2119 inutilia
3011 2063 3319 2133 vigentibus
3356 2061 3480 2118 uvis

1899 2167 2174 2214 noceant:
2237 2157 2597 2228 quamobrem
2665 2155 2754 2211 illa
2791 2157 3014 2225 quidem
3065 2153 3269 2218 aufert,
3318 2163 3373 2207 et
3419 2153 3474 2207 in

1899 2266 2078 2307 escam
2121 2268 2142 2304 ι
2163 2250 2478 2307 volatilibus
2501 2250 2623 2306 οωιί
2655 2259 2714 2305 et
2766 2249 2955 2304 bestiis
2988 2259 3147 2304 terra:
3179 2265 3198 2298 ι
3236 2245 3473 2315 εῢιὶοἱις

1897 2356 2019 2410 quae
2047 2355 2178 2395 vero
2203 2340 2506 2408 perfectum
2547 2339 2782 2394 fructum
2823 2347 3048 2393 servant
3084 2337 3425 2405 retinentque
3452 2372 3471 2399 ,

1897 2445 2105 2487 summa
2149 2431 2510 2486 sollicitudine
2537 2429 2668 2485 colit
2691 2439 2746 2484 et
2780 2438 2996 2494 tuetur;
3030 2427 3110 2482 sic
3143 2428 3195 2480 in
3225 2435 3472 2496 tempore

1897 2522 2093 2578 messis
2125 2519 2364 2576 futurum
2400 2535 2520 2576 esse
2548 2520 2644 2586 ait,
2670 2519 2866 2575 ablatis
2915 2519 3116 2590 quippe
3145 2531 3473 2585 supervaca-

1896 2615 2018 2671 neis
2045 2615 2217 2671 vinea:
2243 2614 2579 2685 palmitibus,
2626 2614 2963 2682 succisisque
2993 2611 3273 2667 inutilibus
3302 2613 3421 2666 uvis
3451 2649 3468 2674 .

1895 2714 2060 2774 atque
2088 2705 2143 2760 in
2170 2720 2350 2761 escam
2380 2705 2651 2760 ultricium
2682 2712 3006 2774 potestatum
3037 2703 3286 2766 traditis;
3315 2701 3472 2758 bona

1894 2810 2030 2860 uvae,
2059 2797 2171 2851 sive
2187 2797 2383 2852 animae
2405 2796 2718 2859 fructiferae,
2747 2796 2942 2851 bonam
2973 2809 3122 2865 spem
3144 2809 3174 2848 a
3207 2795 3314 2849 Deo
3333 2809 3470 2848 con-

1891 2897 2207 2955 sequentur.
2233 2887 2289 2942 ln
2323 2888 2406 2942 bis
2421 2901 2584 2957 porro
2612 2888 2727 2958 ipse
2754 2887 3010 2942 Servator
3027 2901 3086 2942 se
3104 2887 3316 2940 vineam
3344 2899 3469 2940 esse

1891 2978 2063 3044 dixit;
2089 2979 2381 3049 discipulos
2412 2995 2543 3035 vero
2590 2992 2742 3042 suos,
2780 2979 3063 3046 palmites;
3119 2993 3252 3033 uvas
3285 2987 3468 3032 autem

1888 3071 2170 3141 palmitum
2202 3087 2542 3142 consequens
2573 3081 2656 3128 est
2678 3082 2736 3126 ut
2769 3069 3128 3141 intelligamus
3180 3082 3301 3123 esse
3329 3083 3424 3123 eos
3450 3105 3467 3130 ,

193 3153 363 3264 θητίις
403 3158 479 3212 τὰ
521 3158 807 3230 κλήματα·
840 3160 1064 3232 βότρυες
1092 3160 1149 3215 δᾶ
1189 3162 1299 3216 τῶν
1328 3163 1623 3235 κλημάτων
1653 3166 1786 3220 ἀκό-

1893 3165 1982 3234 qui
2019 3163 2087 3218 ab
2114 3165 2373 3234 apostolis
2399 3164 2627 3220 instituti
2662 3163 2917 3218 fuerunt:
2953 3176 3182 3231 quorum
3213 3159 3334 3215 illos
3367 3174 3467 3214 ceu

195 3244 384 3302 λοδθόν
414 3252 540 3304 εστι
556 3253 722 3313 νοεῖν,
738 3252 861 3316 τοὺς
889 3251 992 3306 ὑπὸ
1013 3251 1121 3305 τῶν
1141 3253 1454 3308 ἀποστόλων
1480 3255 1784 3327 μαθητευο-

1893 3255 2192 3312 racemulos
2219 3256 2433 3311 inutiles
2463 3271 2528 3312 ac
2572 3256 2720 3310 vitali
2739 3256 2938 3310 virtute
2957 3257 3214 3324 privatos,
3245 3252 3298 3306 in
3329 3260 3470 3306 tem-

195 3347 393 3411 μένους
412 3357 428 3371 ·
454 3334 535 3394 ὧν
557 3339 630 3394 τὰ
650 3339 837 3413 ὥσπερ
858 3346 1148 3414 νεκριμαῑα
1174 3343 1426 3416 βοτρύδια
1447 3345 1516 3398 τὰ
1538 3345 1787 3418 ἀχρηστα

195 3430 289 3483 καὶ
317 3431 570 3503 ζωτικῆς
600 3431 882 3504 δυνάμεως
913 3432 1272 3507 ἑστερημένα,
1292 3436 1433 3489 κατὰ
1472 3437 1565 3490 τὸν
1595 3441 1786 3511 καιρὸν

198 3519 289 3590 τῆς
321 3524 569 3598 κρίσεως
606 3524 1078 3596 ἀποδληθήσεσθαι
1119 3527 1395 3582 διδάσκει·
1432 3529 1528 3583 καὶ
1556 3529 1623 3583 τά
1651 3531 1786 3603 κλή-

193 3627 339 3681 ματα
367 3615 427 3668 δὲ
456 3613 744 3678 ὡσαύτως.
775 3615 844 3669 τά
882 3616 1084 3688 μηδένα
1131 3619 1327 3690 βότρυν
1371 3618 1628 3691 φέροντα,
1671 3616 1783 3686 οἷος

192 3699 255 3773 ἢν
275 3704 305 3756 6
330 3705 609 3776 προδότης
647 3705 866 3770 Ἰούδας,
891 3705 1093 3778 ὁμοίως
1119 3712 1233 3780 τοῖς
1265 3711 1562 3782 ἀχρήστοις
1591 3710 1785 3788 βότρυ-

1891 3362 2022 3417 pore
2065 3347 2254 3415 iudicii
2303 3347 2640 3416 abjiciendos
2695 3361 2816 3401 esse
2866 3348 3055 3410 docet;
3107 3343 3468 3412 similiterque

1889 3441 2140 3510 palmites
2161 3439 2362 3495 nullam
2391 3455 2548 3495 uvam
2583 3439 2840 3502 ferentes,
2866 3437 3045 3507 qualis
3075 3445 3195 3489 erat
3221 3435 3468 3503 proditor

1885 3531 2074 3599 ludas,
2101 3533 2322 3600 perinde
2348 3540 2509 3601 atque
2533 3531 2750 3585 inutiles
2770 3545 2925 3593 uvas,
2951 3543 2981 3582 ε
3004 3526 3314 3582 volatilibus
3339 3524 3465 3580 οωίί

1885 3633 1939 3678 et
1969 3623 2159 3679 bestiis
2185 3633 2364 3687 terra,
2422 3622 2674 3678 videlicet
2719 3620 3050 3677 adversariis
3087 3628 3144 3674 et
3182 3618 3466 3674 ultricibus

1883 3715 2198 3781 virtutibus,
2229 3717 2470 3770 excisum
2508 3717 2595 3779 iri,

193 3811 299 3860 σιν,
339 3795 799 3868 ἀποκοπήσεσθαι
827 3800 938 3864 τοῖς
979 3803 1244 3865 πετεινοῖς
1291 3800 1387 3855 τοῦ
1410 3803 1641 3876 οὐρανοῦ
1688 3806 1785 3860 καὶ
1818 3807 1933 3871 τοῖς
1963 3806 2175 3880 θηρίοις
2234 3809 2333 3880 τῆς
2375 3808 2498 3879 γῆς,
2532 3809 2903 3879 ἀντικείμεναι
2935 3805 3252 3861 κολαστικαὶ
3306 3804 3463 3877 δηλο-

192 3887 303 3942 νότι
334 3889 626 3967 δυνάμεις.

263 4001 283 4036 ι
326 3985 420 4038 Ἑν
442 3983 525 4056 τῷ
557 3983 734 4056 καιρῷ
758 3984 949 4056 ἐκείνῳ
971 3986 1389 4060 ἀνενεχθήσεται
1413 3991 1562 4064 δῶρα
1590 3993 1780 4067 Κυρίῳ

190 4075 423 4130 Σαϐαὼθ
473 4078 540 4129 tat
581 4074 713 4128 λαοῦ
765 4075 1120 4149 τεθλιμμένου
1165 4080 1260 4134 καὶ⁵
1302 4081 1638 4153 τετιλμίνου,
1685 4085 1780 4138 καὶ

191 4166 297 4220 ἀπὸ
326 4166 464 4222 λαοῦ
499 4166 764 4238 μεγάλου,
815 4168 924 4222 ἀπὸ
966 4169 1062 4223 τοῦ
1105 4169 1200 4226 νῦν
1225 4172 1321 4226 καὶ
1349 4176 1429 4237 είς
1475 4175 1566 4227 τὸν
1609 4177 1780 4230 αἰῶνα

192 4257 403 4327 χρόνον.
420 4277 440 4310 s
465 4259 572 4328 Εῐη
597 4256 642 4310 δ’
676 4256 742 4312 ἂν
766 4253 920 4322 οὗτος
947 4261 978 4314 ό
1006 4261 1107 4330 τὴν
1141 4263 1334 4334 στενὴν
1366 4265 1460 4318 καὶ
1485 4265 1780 4336 τεθλιμμέ-

189 4361 288 4418 την
314 4349 525 4404 ὁδεύων
556 4349 659 4420 τὴν
697 4351 1017 4420 άπάγουσαν
1052 4354 1133 4416 είς
1181 4354 1281 4426 τὴν
1321 4353 1466 4428 ζωήν
1489 4373 1502 4386 ·
1553 4359 1582 4410 ὁ
1617 4357 1778 4422 αὐτὸς

1959 3993 2122 4050 Vsus.
2143 3992 2197 4046 7.
2224 4009 2244 4044 ι
2289 3989 2344 4044 In
2368 3999 2610 4060 tempore
2638 3987 2728 4044 illo
2745 3969 3046 4043 afferentur
3069 3988 3206 4042 dona
3234 3987 3464 4045 Domino

1885 4083 2150 4149 Sabaoth,
2187 4097 2216 4137 a
2243 4079 2439 4152 popqu
2469 4080 2712 4134 contrito
2743 4086 2799 4134 et
2831 4077 3060 4143 divulso,
3102 4086 3156 4132 et
3208 4093 3239 4131 a
3265 4092 3465 4148 popqu

1880 4189 2105 4246 magno,
2125 4173 2193 4228 ab
2225 4174 2327 4228 hoc
2353 4181 2596 4240 tempore
2621 4184 2792 4240 usque
2823 4169 2874 4224 in
2897 4178 3240 4238 perpetuum.
3273 4186 3292 4219 ι
3322 4166 3462 4223 Fue—
3509 4233 3514 4238 Α

1883 4269 1955 4323 rit
1974 4276 2155 4322 autem
2184 4266 2274 4321 hic
2296 4263 2518 4334 populus
2548 4264 2596 4318 is
2621 4263 2715 4333 qui
2738 4262 2788 4315 in
2815 4271 3044 4332 angusta
3076 4268 3132 4316 et
3161 4269 3313 4314 arcta
3347 4260 3458 4323 via,

1881 4373 2004 4427 quae
2026 4355 2177 4411 ducit
2206 4355 2271 4408 ad
2297 4354 2485 4417 vitam,
2506 4353 2753 4423 graditur
2777 4368 2792 4406 :
2822 4351 3045 4420 ipseque
3077 4350 3324 4404 divulsus
3353 4358 3458 4416 est,
3572 4399 3578 4405 .

195 4441 286 4493 καὶ
334 4439 724 4511 ἐκτετιλμένος
767 4442 1021 4516 ὑπάρχει,
1085 4445 1161 4510 ὡς
1213 4446 1279 4500 ἂν
1326 4447 1427 4515 τῆς
1458 4449 1642 4519 κοινῆς
1672 4449 1781 4503 τῶν

1893 4456 2068 4517 utpote
2094 4447 2241 4516 quia
2277 4443 2557 4500 communi
2594 4442 2875 4498 hominum
2933 4442 3042 4495 vita
3102 4442 3310 4496 alienus
3346 4441 3457 4508 sit,

192 4530 500 4604 ἀνθρώπων
546 4531 698 4603 ζωῆς
726 4533 1176 4607 ἠλλοτριωμένος,
1212 4539 1306 4592 καὶ
1343 4539 1516 4610 μέγας
1556 4540 1612 4594 δέ
1661 4542 1775 4595 ἐστι

193 4624 340 4693 παρά
378 4623 463 4696 τῷ
505 4622 630 4695 Θεῷ
676 4626 772 4679 καὶ
811 4626 1009 4691 πολύς·
1040 4628 1120 4682 διὸ
1158 4630 1422 4696 λέλεκται,
1463 4650 1481 4683 t
1508 4633 1616 4686 ἀπὸ
1643 4631 1774 4687 λαοῦ

197 4715 460 4783 μεγάλου.
483 4733 504 4767 s
542 4715 656 4768 Καὶ
683 4713 792 4786 γὰρ
825 4716 884 4771 ἑν
930 4717 1010 4789 τῷ
1043 4721 1270 4791 παρόντι
1305 4722 1424 4794 βίῳ,
1472 4725 1566 4777 καὶ
1601 4726 1658 4777 ὲν
1696 4725 1775 4796 τῷ

195 4805 442 4875 μίλλονιι
466 4806 525 4860 δὲ
553 4806 711 4861 αἰῶνι
738 4808 808 4862 τὰ
833 4808 1025 4880 λογικὰ
1077 4811 1226 4883 δῶρα
1263 4814 1358 4867 καὶ
1397 4813 1496 4878 τάς
1538 4816 1774 4887 ἀναιμά-
1826 4867 1830 4870 .

192 4909 354 4962 κτους
410 4896 493 4968 τῷ
531 4897 656 4969 Θεῷ
692 4899 882 4966 θυσίας
927 4903 1266 4976 ἀναπέμπων
1287 4905 1348 4958 οὑ
1371 4907 1716 4978 διαλιμπάνει
1743 4909 1772 4960 ὁ

190 4986 452 5060 δηλωθεὶς
477 4988 627 5053 λαός.

261 5099 281 5133 ι
314 5080 518 5145 Ἔθνος
564 5080 784 5168 ἐλπίζον
830 5085 926 5139 καὶ
972 5089 1522 5161 καταπεπατημένον,
1567 5093 1596 5146 ὅ
1624 5094 1770 5150 ἔστιν

191 5171 246 5226 εν
272 5173 436 5245 μέρει
464 5172 716 5244 ποταμοῦ
761 5175 864 5246 τῆς
900 5176 1082 5248 χώρας
1119 5180 1288 5234 αὑτοῦ
1335 5183 1416 5246 είς
1453 5183 1546 5237 τὸν
1585 5187 1770 5250 τόπον,

189 5254 246 5316 οὗ
271 5263 338 5318 τὸ
377 5265 556 5336 ὄνομα
599 5264 804 5338 Κυρίου
851 5268 1094 5336 Σαϐαὼθ,
1149 5273 1230 5335 είς
1270 5273 1396 5344 ὅρος
1434 5273 1608 5343 ἀγιον.
1637 5295 1656 5329 ι
1697 5277 1770 5330 Τὸ

187 5353 290 5427 γὰρ
318 5355 476 5419 ἔθνος
513 5354 681 5409 τοῦτο
718 5356 776 5409 εν
823 5357 977 5430 μέρει
1027 5361 1272 5432 ποταμοῦ
1311 5364 1408 5434 τῆς
1449 5365 1631 5436 χώρας
1668 5366 1763 5420 τοῦ

187 5440 316 5498 Θεοῦ
347 5443 675 5515 ἐτύγχανεν,
709 5445 797 5500 ὅτε
841 5446 898 5501 εν
930 5451 997 5520 τῇ
1041 5449 1333 5522 Ἐκκλησία
1361 5453 1454 5507 τοῦ
1481 5455 1615 5508 Θεοῦ
1639 5459 1767 5511 ἐπο-

187 5532 456 5590 λιτεύετοο
487 5535 569 5598 ὡς
599 5534 779 5604 λέγειν
800 5555 814 5569 ·
859 5557 879 5591 t
913 5541 1004 5596 Ἐν
1035 5541 1190 5614 μέρει
1220 5546 1557 5616 γινώσκομεν
1582 5549 1676 5602 καὶ⁸
1705 5550 1764 5602 ὲν

192 5625 337 5699 μέρει
367 5626 815 5701 προφητεύομεν.
845 5650 862 5685 ι
897 5630 1032 5686 Οὔτε
1059 5633 1166 5704 γὰο
1193 5634 1282 5690 τὸν
1317 5638 1490 5692 πάντα
1521 5642 1764 5712 ποταμὸν

247 5807 334 5868 "l
364 5807 497 5864 Cur.
533 5820 657 5864 aut.
689 5805 740 5861 9.

297 5941 328 5968 Χ

1882 4553 2114 4609 magnus
2146 4537 2274 4592 item
2325 4545 2379 4591 et
2408 4536 2611 4591 multus
2636 4543 2720 4590 est
2759 4532 2900 4602 apud
2937 4532 3104 4588 Deum
3136 4553 3146 4586 :
3177 4548 3346 4602 quare
3374 4533 3459 4587 di-

1881 4641 2026 4686 ctum
2054 4637 2158 4692 est,
2197 4646 2217 4680 ι
2263 4642 2293 4680 a
2323 4626 2518 4697 populo
2553 4639 2769 4697 magno.
2797 4642 2817 4676 ι
2852 4625 2923 4680 At
2950 4625 3093 4680 enim
3123 4625 3176 4679 in
3201 4625 3457 4696 praesenti

1879 4723 1987 4778 vita
2019 4730 2076 4776 et
2104 4723 2160 4776 in
2211 4719 2393 4774 futuro
2430 4719 2666 4784 seculo,
2719 4718 3063 4774 rationabilia
3093 4719 3257 4785 doua,
3288 4727 3345 4772 et
3373 4717 3456 4772 in-

1879 4824 2137 4872 cruentas
2159 4813 2364 4868 hostias
2390 4812 2500 4868 Deo
2522 4813 2772 4868 emittere
2801 4825 3072 4881 nunquam
3131 4819 3313 4866 cessat
3336 4823 3455 4865 me-

1882 4914 2124 4963 moratus
2155 4905 2400 4976 papulus.

1956 5110 1974 5142 s
2005 5089 2154 5144 Gens
2183 5102 2409 5158 sperans
2442 5097 2496 5142 et
2528 5086 2871 5151 conculcata,
2913 5099 3034 5155 quae
3063 5091 3148 5140 est
3195 5083 3249 5138 in
3297 5092 3458 5154 parte

1873 5183 2020 5237 ﬂuvii
2062 5182 2298 5252 regionis
2330 5180 2469 5248 ejus,
2504 5179 2555 5232 in
2593 5179 2714 5234 loco
2738 5177 2826 5232 ubi
2861 5191 3054 5233 nomen
3096 5175 3310 5232 Domini
3351 5171 3453 5230 Sa-

1874 5276 2058 5341 baoth,
2097 5275 2150 5328 in
2182 5283 2364 5328 monte
2418 5281 2628 5327 sancto.
2662 5291 2680 5324 ι
2713 5272 2836 5326 Ηωο
2865 5271 3010 5325 enim
3050 5284 3182 5339 gens
3214 5271 3264 5323 in
3296 5278 3455 5338 parte

1873 5366 2022 5422 ﬂuvii
2052 5366 2292 5437 regionis
2323 5365 2414 5419 Dei
2439 5373 2580 5431 erat,
2599 5364 2817 5438 quando
2853 5364 2904 5416 iu
2936 5360 3176 5416 Ecclesia
3215 5359 3308 5413 Dei
3335 5373 3452 5414 ver-

1876 5461 2135 5524 sabatur;
2169 5457 2242 5511 ita
2276 5467 2336 5510 ut
2367 5458 2535 5520 dicat,
2579 5474 2598 5508 ι
2634 5455 2693 5510 In
2721 5463 2876 5524 parte
2913 5453 3296 5521 cognoscimus
3314 5449 3452 5505 etin

1873 5560 2026 5619 parte
2051 5549 2436 5619 praphetamus
2471 5547 2540 5601 ".
2572 5567 2591 5602 ι
2627 5547 2807 5615 Neque
2827 5543 2971 5600 enim
3003 5553 3174 5598 totum
3199 5539 3443 5605 ﬂuvium,

1873 5642 2087 5699 scilicet
2111 5639 2343 5696 Verbum
2374 5639 2491 5707 Dei,
2537 5639 2784 5710 capiebat
2841 5635 2929 5691 illa
2959 5633 3146 5706 regio:
3183 5645 3352 5704 quare
3385 5629 3450 5686 in
