4100 6420
660 432 765 487 219

1327 419 1589 477 EUSEBII
1627 410 2091 472 CAESARIENSIS
2127 407 2277 465 OPP.
2318 404 2493 460 PARS
2532 403 2622 458 III.
2660 432 2728 443 --
2763 397 3173 453 EXEGETICA.

3768 390 3875 442 220

661 557 813 619 parte
840 542 983 597 lluvii
1030 539 1266 612 regionis
1300 537 1394 593 Dei
1444 535 1606 590 fuisse
1644 531 1841 587 dicitur
1886 537 2211 585 memoratus

2325 522 2527 590 ἐχώρει,
2564 520 2703 587 λέγω
2751 518 2805 570 δὲ
2838 517 2929 568 τὸν
2974 514 3065 566 τοῦ
3094 510 3228 565 Θεοῦ
3270 510 3458 577 Λόγον,
3500 509 3533 576 ή
3576 505 3876 576 δηλωθεῖσα

661 637 907 711 populus.

1238 806 1463 861 CAPUT
1496 805 1635 860 XIX.

733 906 896 959 Vsus.
925 904 977 956 l.
1006 919 1024 951 ι
1048 899 1194 954 Visio
1226 896 1466 965 Egypti.
1502 894 1639 949 Ecce
1664 894 1918 949 Dominus
1954 892 2103 945 sedet
2129 904 2214 942 su-

660 1011 759 1066 per
786 995 975 1048 nubem
1013 992 1205 1051 levem,
1228 997 1281 1042 et
1304 988 1479 1040 veniet
1511 987 1561 1038 in
1593 983 1902 1052 IEgyptum.
1937 1002 1955 1034 ι
1994 984 2212 1033 Attente

665 1084 1117 1143 considerandum
1153 1090 1255 1143 est,
1292 1096 1399 1149 quo
1428 1088 1583 1144 pacto
1606 1078 1851 1138 dicatur,
1885 1095 1901 1127 ι
1934 1074 2085 1127 Visio
2119 1073 2215 1126 ΑΞ-

664 1174 831 1246 gypti.
864 1192 883 1225 ι
930 1170 1042 1224 Νοη
1073 1170 1217 1223 enim
1248 1166 1689 1238 quemadmodum
1728 1166 1792 1218 de
1820 1164 2089 1235 Babylone
2131 1164 2211 1217 di.

665 1267 906 1328 cebatur,
944 1282 961 1314 ι
1002 1260 1153 1316 Visio
1193 1270 1376 1314 contra
1415 1257 1777 1325 Babylonem;
1817 1276 1835 1309 ι
1875 1272 2045 1324 neque
2076 1257 2212 1309 sicut

665 1357 730 1410 de
764 1354 943 1409 Iudaea
990 1362 1041 1406 et
1085 1351 1398 1416 Jerusalem,
1452 1367 1468 1400 ι
1512 1350 1657 1403 Visio
1690 1364 1847 1418 quam
1893 1348 2023 1402 vidit
2051 1347 2210 1401 Isaias

663 1447 806 1500 illius
825 1446 1019 1508 Amos;
1074 1459 1232 1513 quam
1265 1442 1395 1494 vidit
1425 1451 1612 1499 contra
1648 1440 1884 1494 Iudaeam
1917 1449 1970 1494 et
1993 1437 2210 1492 Jerusa-

665 1536 802 1599 lem;
830 1556 848 1588 ι
888 1551 1061 1605 neque
1110 1544 1167 1588 ut
1216 1535 1281 1588 de
1307 1534 1565 1588 Damasco
1597 1541 1651 1587 et
1678 1532 1743 1587 de
1778 1531 2093 1597 Moabitide;
2119 1545 2211 1584 eo-

667 1627 787 1680 dem
815 1627 970 1679 modo
1014 1627 1077 1679 de
1111 1623 1378 1694 Egypto:
1416 1639 1521 1677 non
1572 1623 1717 1677 enim
1750 1622 1965 1682 dicitur,
2004 1641 2021 1671 ι
2065 1621 2213 1675 Visio

669 1728 861 1774 contra
892 1716 1217 1788 Egyptum;
1262 1733 1281 1767 ι
1312 1716 1403 1769 sed
1436 1715 1587 1783 quasi
1623 1714 1886 1784 IEgyptus
1917 1715 2096 1768 visura
2116 1754 2129 1777 ,
2160 1723 2214 1768 et

668 1808 838 1863 oculis
870 1807 1208 1862 discernendi
1244 1807 1291 1858 vi
1346 1806 1587 1875 praeditis
1634 1806 2055 1873 contemplatura
2099 1814 2213 1859 erat

2315 611 2463 681 χώρα
2486 630 2496 639 ·
2529 610 2609 662 διὸ
2633 612 2687 660 ἐν
2713 608 2865 677 μέρει
2891 606 2981 658 τοῦ
3008 603 3250 672 ποταμοῦ
3278 604 3374 671 τῆς
3406 599 3586 671 χώρας
3615 598 3713 651 τοῦ
3738 598 3875 651 Θεοῦ

2317 702 2533 769 λέγεται
2560 698 2834 767 γεγονέναι
2862 698 2919 748 τὸ
2940 695 3173 764 δηλωθὲν
3202 692 3366 754 ἕθνοςτ

2824 785 3213 841 ΚΕΦΛΛΑΙΟΝ
3250 784 3349 835 18'.

2388 904 2405 934 ι
2434 884 2661 953 Ὄρασις
2714 880 3005 946 Αἰγύπτου.
3067 876 3195 928 Ἰδοὺ
3254 874 3454 942 Κύριος
3502 871 3739 941 κάθηται
3779 868 3870 921 ἐπὶ

2310 975 2536 1044 νεφέλης
2574 972 2799 1041 κούφης,
2840 970 2933 1023 καὶ
2961 969 3077 1038 ήξει
3110 969 3187 1028 εἰς
3229 964 3562 1033 Αἴγυπτον.»
3601 963 3869 1033 Προοήιιει

2310 1067 2365 1119 δὲ
2393 1067 2482 1117 τὸν
2515 1065 2636 1117 νοῦν
2674 1062 2962 1130 ἐπιστῆσαι
3006 1060 3153 1121 ὅπως
3188 1058 3399 1125 εἴρηται
3424 1074 3437 1086 ·
3484 1076 3501 1106 ι
3529 1057 3756 1124 Ὅρασις
3780 1052 3872 1103 Δί-

2312 1157 2537 1225 γύπτου.
2563 1175 2580 1207 ι
2617 1156 2690 1207 Οὐ
2736 1152 2844 1221 γὰρ
2885 1152 2959 1212 ώς
3004 1151 3095 1201 ἐπὶ
3134 1147 3231 1216 τῆς
3272 1144 3584 1206 Βαϐυλῶνος
3611 1143 3829 1209 ἐλέγετο
3854 1154 3868 1169 ·

2319 1269 2337 1300 ι
2370 1251 2594 1318 ’Όρασις
2628 1244 2767 1298 κατά
2813 1239 3155 1301 Βαϐυλῶνοςο
3191 1236 3294 1288 οὐδ’
3336 1234 3410 1297 ῶς
3457 1234 3549 1285 ἐπὶ
3596 1233 3693 1302 τῆς
3749 1231 3875 1283 Ἰου-

2311 1340 2463 1403 δαίας
2484 1340 2578 1391 καί
2599 1338 2695 1405 τῆς
2718 1331 3084 1405 Ἰερουσαλὴμ,
3107 1349 3124 1380 ι
3152 1330 3381 1399 Ὀρασις
3401 1328 3465 1398 ἣν
3486 1323 3620 1379 εἶδεν
3646 1323 3875 1384 Ἠσαῖας

2313 1429 2427 1490 υίὸς
2468 1426 2665 1497 Ἀμώς,
2691 1427 2756 1495 ἦν
2787 1418 2893 1474 εἶδε
2924 1420 3062 1472 κατὰ
3103 1418 3199 1487 τῆς
3240 1417 3495 1478 Ἰουδαίας
3532 1414 3626 1466 καί⁸
3672 1413 3872 1482 Ἰερου-

2314 1519 2446 1589 σαλή
2457 1537 2494 1587 μ
2512 1536 2523 1548 -
2548 1537 2566 1568 ›
2604 1515 2709 1568 οὐδ’
2740 1514 2814 1575 ώς
2840 1510 2930 1565 ὲπί
2952 1510 3051 1579 τῆς
3088 1505 3375 1579 Δαμασκοῦ
3410 1505 3501 1558 καὶ
3525 1505 3623 1574 τῆς
3651 1499 3878 1555 Μωαϐί-

2311 1610 2472 1671 τιδος,
2518 1608 2691 1671 οὕτως
2734 1606 2823 1658 ὲπί
2877 1603 2974 1671 τῆς
3013 1600 3317 1669 Αἰγύπτου·
3364 1598 3427 1650 οὐ
3472 1596 3578 1667 γὰρ
3628 1596 3875 1666 εἴρηται,

2319 1720 2335 1750 ι
2364 1701 2592 1769 Ὄρασις
2634 1694 2772 1748 κατὰ
2791 1692 2888 1762 τῆς
2906 1689 3205 1757 Δίγύπτου’
3234 1707 3251 1739 ι
3276 1688 3394 1759 ήτοι
3414 1686 3488 1749 ὡς
3512 1685 3677 1753 αὐτῆς
3719 1681 3881 1751 Αἰγύ-

2316 1808 2447 1845 πτου
2467 1787 2761 1860 μελλούσης
2787 1786 2938 1856 ὁρᾷν,
2966 1783 3057 1835 καί¹
3080 1781 3298 1850 θεωρεῖν
3330 1778 3623 1847 ὀφθαλμοῖς
3646 1777 3881 1846 διορατι-

666 1915 730 1955 ea
754 1914 868 1968 quae
896 1900 948 1952 in
979 1898 1227 1952 vaticiuio
1258 1897 1499 1950 feruntur
1525 1916 1536 1950 :
1566 1896 1647 1951 vel
1676 1898 1799 1967 quia
1844 1868 2101 1966 propheta
2132 1896 2217 1948 vi-

2325 1883 2433 1943 κοϊς
2459 1880 2526 1932 τά
2552 1876 2939 1945 θεσπιζόμεναο
2974 1873 3007 1943 ἢ
3036 1872 3110 1935 ὡς
3135 1870 3229 1924 τοῦ
3259 1870 3538 1940 προφήτου
3563 1869 3661 1937 τήν
3688 1868 3881 1937 ὅρασιν

670 1994 877 2046 sionem
935 1992 1197 2045 habuerat
1226 1989 1493 2060 Egyptiis
1541 1991 1910 2060 pulcherrima
1965 2006 2218 2057 praenun-

668 2084 887 2137 tiantes.
919 2082 1052 2148 Quid
1081 2082 1221 2135 enim
1252 2081 1543 2149 pulchrius,
1572 2081 1697 2148 quid
1726 2080 1933 2134 beatius
1954 2079 2220 2151 Egyptiis

671 2182 987 2227 eventurum
1016 2180 1153 2232 erat,
1178 2184 1337 2239 quam
1358 2170 1496 2237 quod
1529 2169 1782 2223 Dominus
1810 2172 2090 2237 praesentia
2123 2186 2217 2225 sua

671 2262 821 2332 ipsos
874 2261 1207 2330 dignaturus,
1245 2267 1297 2312 et
1349 2258 1589 2311 notitiam
1627 2258 1708 2312 sui
1766 2258 1896 2328 ipsis
1929 2258 2220 2313 collaturus

668 2360 835 2419 esset,
862 2350 1205 2420 {acturusque
1247 2351 1351 2404 alia
1379 2352 1558 2407 omnia
1581 2364 1700 2420 qua:
1735 2350 1787 2403 iu
1838 2348 2218 2421 Egyptiorum

668 2441 866 2496 bonum
902 2442 1219 2495 verterent?

747 2551 767 2585 ι
802 2532 867 2587 Et
902 2532 1251 2587 movebuntur
1289 2531 1591 2587 manufacta
1630 2529 1844 2600 Egypti
1870 2545 1898 2583 a
1929 2529 2061 2585 l'acie
2084 2532 2217 2597 ejus,

669 2630 728 2677 et
753 2636 845 2676 cor
878 2637 1061 2677 eorum
1094 2622 1431 2691 superabitur
1465 2622 1516 2675 in
1543 2622 1691 2691 ipsis.
1717 2639 1737 2673 ι
1772 2619 1921 2686 Quod
1947 2635 2076 2675 sane
2100 2623 2221 2690 quis

670 2712 964 2769 secundum
996 2714 1235 2768 historia:
1263 2713 1546 2767 veritatem
1583 2722 1709 2765 tunc
1729 2712 2047 2782 completum
2074 2714 2225 2767 dixe-

672 2805 767 2869 rit,
798 2795 916 2857 cum
949 2803 1065 2872 ipse
1095 2803 1370 2867 Dominus,
1393 2802 1482 2871 qui
1512 2802 1563 2855 in
1599 2802 1863 2872 principio
1887 2802 2026 2871 apud
2056 2803 2219 2856 Deum

674 2900 817 2957 erat,
853 2893 994 2946 Deus
1025 2889 1283 2955 Verbum,
1322 2907 1428 2946 non
1463 2890 1785 2960 incorporeo
1821 2904 1996 2959 neque
2035 2889 2227 2945 invisi-

670 2983 766 3039 bili
798 2985 954 3039 modo
988 2983 1040 3037 in
1078 2981 1451 3053 Egyptiorum
1496 2982 1717 3052 regione
1760 2981 2221 3051 peregrinabatur,

673 3072 769 3126 sed
799 3072 852 3125 in
878 3074 1016 3127 nube
1041 3072 1125 3125 illa
1147 3072 1271 3135 levi,
1302 3079 1360 3124 ut
1382 3071 1742 3132 existimatur,
1772 3070 1964 3124 sedens
1984 3069 2223 3133 advenit,

673 3161 881 3214 scilicet
904 3161 955 3214 in
982 3175 1227 3228 corpore,
1272 3158 1411 3227 quod
1440 3156 1689 3212 Christus
1742 3168 2124 3226 assumpserat,
2158 3172 2224 3211 ex

676 3251 883 3320 Spiritu
924 3260 1109 3305 sancto
1161 3258 1213 3304 et
1267 3264 1333 3303 ex
1365 3258 1550 3302 sancta
1606 3248 1823 3317 Virgine
1851 3238 2221 3302 constitutum.

676 3339 812 3394 Nam
846 3340 892 3393 si
927 3353 1033 3393 non
1061 3340 1317 3406 scriptum
1344 3346 1489 3391 esset
1522 3336 1693 3403 ipsum
1733 3335 1858 3389 nubi
1904 3336 2222 3389 insidentem

672 3438 962 3483 venturum
982 3442 1120 3489 esse,
1154 3435 1331 3496 posset
1351 3424 1618 3494 quispiam
1668 3422 1869 3488 dicere,
1903 3422 2066 3477 Deum
2095 3420 2226 3476 Ver-

673 3520 801 3576 bum
831 3518 1236 3587 incorporaliter
1264 3528 1317 3571 et
1344 3516 1520 3570 divina
1547 3516 1746 3569 virtute
1767 3516 1965 3583 ubique
1993 3528 2223 3583 praesen-

674 3618 808 3674 tem,
857 3618 1039 3679 utpote
1072 3610 1158 3678 qui
1187 3608 1361 3661 omnia
1405 3604 1638 3674 impleat,
1680 3618 1803 3657 nam
1851 3622 1869 3653 ι
1917 3603 1973 3656 ln
2030 3600 2226 3655 mundo

596 3744 601 3745 ν
675 3712 815 3767 erat,
847 3709 902 3755 et
939 3701 1163 3754 mundus
1197 3714 1290 3767 per
1321 3699 1489 3767 ipsum
1526 3696 1697 3750 factus
1722 3706 1800 3750 est
1832 3695 1899 3758 ”,
1931 3711 1949 3745 ι
1984 3693 2226 3747 eamdem

677 3795 733 3849 in
789 3791 1014 3861 Egypto
1068 3791 1403 3859 praesentiam
1465 3788 1751 3853 exhibere,
1799 3783 2226 3855 quandoquidem

677 3882 1059 3951 inspectiouem
1100 3890 1153 3934 et
1198 3879 1582 3949 providentiam
1638 3878 1704 3930 ad
1756 3878 1874 3931 illos
1925 3888 2091 3944 usque
2134 3888 2230 3929 ex-

678 3973 870 4027 tendit.
890 3970 1084 4025 Verum
1108 3969 1195 4025 illo
1217 3971 1372 4025 modo
1398 3985 1500 4023 non
1526 3956 1692 4039 magis
1713 3969 1763 4022 in
1788 3966 2040 4037 Egypto,
2067 3979 2228 4034 quam

681 4063 737 4117 in
777 4062 883 4116 alia
917 4062 1149 4130 qualibet
1181 4061 1361 4115 mundi
1400 4070 1552 4129 parte
1573 4074 1693 4116 esse
1722 4061 1955 4114 dicatur.
1990 4056 2061 4109 At
2089 4068 2232 4110 nunc

682 4153 997 4221 specialiter
1020 4162 1074 4206 et
1101 4153 1351 4206 distincte
1384 4152 1603 4217 dicitur,
1639 4153 1812 4222 ipsum
1842 4150 1969 4205 nubi
2004 4149 2107 4205 levi
2140 4149 2227 4202 in-

683 4245 950 4301 sidentem
986 4252 1269 4297 venturum
1299 4246 1352 4299 in
1372 4244 1660 4315 Egyptum
1681 4257 1821 4308 esse,
1853 4257 1958 4310 quo
1978 4240 2231 4311 proprius

682 4336 902 4406 quidam
923 4344 977 4390 et
999 4350 1290 4406 corporeus
1316 4336 1432 4405 ejus
1450 4336 1710 4389 adventus
1750 4332 2106 4402 signiﬁcatur.
2133 4329 2231 4385 Cui

683 4425 881 4481 dixerit
906 4426 1172 4494 quispiam
1206 4426 1260 4479 in
1291 4426 1477 4481 eadem
1515 4424 1896 4494 explanatione
1953 4421 2229 4486 insistens,

2316 1970 2640 2040 τεθεαμένου
2664 1969 2761 2037 τὴν
2783 1965 2851 2018 τά
2882 1963 3142 2016 κάλλιστα
3166 1964 3278 2024 τοῖς
3304 1958 3614 2028 Αἰγυπτίοις
3636 1974 3883 2027 προανα-

2319 2064 2660 2133 φωνήσασαν.
2678 2058 2742 2112 Τί
2763 2058 2869 2128 γὰρ
2890 2053 3186 2116 κάλλιον,τί
3202 2052 3256 2105 δὲ
3280 2050 3687 2121 μακαριώτερον
3707 2048 3883 2118 ὑπάρ-

2320 2173 2429 2226 χειν
2457 2152 2684 2223 ήμελλεν
2732 2149 3047 2217 Αἰγυπτίοις
3085 2144 3179 2197 τοῦ
3220 2143 3310 2195 τὸν
3348 2139 3551 2211 Κύριον
3580 2140 3679 2209 τῆς
3718 2138 3884 2191 αὐτοῦ

2320 2243 2619 2315 παρουσίας
2662 2237 2946 2304 καταξιοῦν
2978 2237 3192 2298 αὐτοὺς,
3237 2234 3329 2286 καὶ
3361 2230 3457 2301 τὴν
3488 2228 3651 2283 αὑτοῦ
3680 2227 3885 2297 γνῶσιν

2320 2338 2500 2399 αὐτοῖς
2533 2332 2810 2405 παρέξειν,
2853 2332 2945 2384 καὶ
2994 2330 3237 2399 ποιήσειν
3264 2326 3364 2378 ὃσα
3410 2322 3545 2377 ἄλλα
3586 2321 3884 2392 ἐμφέρεται

2318 2431 2428 2490 τοῖς
2453 2425 2799 2494 Αίγυπτίοις;

2395 2537 2412 2569 ι
2442 2517 2550 2570 Καὶ
2601 2514 2939 2583 σεισθήσεται
2970 2510 3038 2563 τά
3089 2505 3435 2579 χειροποίητα
3466 2501 3740 2570 Αἰγύπτου
3774 2498 3886 2558 ἀπὸ

2320 2609 2609 2680 προσώπου
2640 2603 2827 2667 αὑτοῦ,
2868 2602 2961 2655 καὶ
2995 2601 3028 2671 ή
3074 2598 3267 2670 καρδία
3306 2594 3483 2650 αὐτῶν
3520 2591 3886 2664 ήττηθήσεται

2321 2705 2379 2755 ὲν
2410 2701 2611 2761 αὐτοῖς.
2640 2716 2658 2749 ι
2697 2697 2761 2749 Ὃ
2788 2694 2852 2765 δὴ
2896 2688 3285 2761 πεπληρῶσθαι
3318 2688 3518 2739 εῐποιεν
3548 2684 3613 2739 ἄν
3636 2699 3719 2747 τις
3748 2681 3887 2751 πρὸς

2325 2789 2578 2863 ἰστορίαν,
2622 2787 2711 2839 ὅτε
2749 2782 2907 2846 αὐτὸς
2944 2784 2971 2834 6
3011 2779 3234 2851 Κύριος,
3267 2778 3295 2830 6
3327 2778 3383 2829 ὲν
3434 2774 3573 2846 ἀρχῇ
3627 2773 3763 2841 πρὸς
3792 2770 3889 2825 τὸν

2322 2883 2472 2946 Θεὸν,
2502 2880 2633 2943 Θεὸς
2660 2878 2827 2945 Λόγος
2851 2876 2951 2927 οὐκ
2973 2872 3277 2943 ἀσωμάτως
3304 2868 3424 2923 οὐδὲ
3441 2864 3658 2937 ἀφανῶς
3690 2863 3890 2935 ιπεδή-

2328 2991 2413 3045 μει
2439 2976 2505 3044 τῇ
2532 2970 2642 3023 τῶν
2670 2966 2975 3037 Αἰγυπτίων
3002 2962 3175 3035 χώρᾳ,
3211 2959 3349 3015 ἀλλά
3380 2958 3515 3030 μετά
3540 2956 3638 3027 τῆς
3668 2952 3889 3045 νομιζο-

2328 3044 2494 3136 μένης
2526 3062 2732 3132 κούφης
2764 3058 2989 3128 νεφέλης
3036 3054 3342 3125 καθήμενον
3380 3049 3538 3104 αὐτὴν
3571 3044 3887 3136 ἀφικέσθαι,

2325 3135 2417 3205 τοῦ
2473 3151 2723 3220 σώματος
2769 3146 2987 3219 δηλαδὴ,
3020 3137 3079 3197 οὗ
3126 3141 3402 3214 ἀνειλήφει
3443 3142 3472 3194 6
3525 3136 3780 3209 Χριστὸς,
3830 3135 3894 3202 ἑξ

2328 3243 2479 3310 ἁγίου
2533 3241 2847 3309 Πνεύματος
2911 3235 3001 3287 καὶ
3062 3232 3161 3303 τῆς
3244 3230 3408 3299 ἀγίας
3460 3226 3733 3300 Παρθένου
3796 3227 3892 3279 επ-

2326 3332 2741 3402 εσκευασμένου.
2773 3331 2835 3382 Εί
2866 3328 2962 3397 μὲν
2983 3326 3088 3396 γὰρ
3120 3324 3194 3396 μὴ
3235 3322 3552 3393 προσέκειτο
3579 3320 3641 3371 τὸ
3684 3318 3779 3372 ἐπὶ
3802 3335 3893 3372 νε-

2326 3426 2491 3496 φέλην
2535 3423 2833 3493 καθήμενον
2860 3418 3020 3472 αὑτὸν
3047 3414 3361 3486 ἀφικέσθαι.
3390 3409 3784 3484 ήτοι-ὴδύνατό
3808 3426 3899 3473 τις

2325 3514 2524 3581 λέγειν,
2571 3512 2651 3563 ὅτι
2698 3508 3000 3578 ἀσωμάτως
3044 3506 3139 3559 καὶ
3170 3503 3321 3573 θεῖκῇ
3353 3502 3578 3573 δυνάμει
3614 3496 3907 3573 πανταχοῦ

2327 3605 2515 3676 παρὼν
2565 3606 2594 3657 6
2635 3602 2764 3665 Θεὸς
2793 3600 2983 3668 Λόγος,
3018 3599 3114 3653 ἀτε
3146 3598 3210 3668 δὴ
3241 3597 3418 3651 πάντα
3462 3593 3712 3665 πληρῶν
3746 3612 3767 3644 ι
3804 3592 3892 3646 Ἐν

2326 3696 2402 3767 τῷ
2432 3696 2619 3764 κόσμῳ
2644 3712 2661 3743 ι
2695 3692 2801 3761 γὰρ
2843 3710 2860 3741 ι
2884 3686 2972 3761 ἢν,
3005 3691 3098 3744 καὶ
3122 3691 3151 3741 6
3179 3689 3378 3758 κόσμος
3410 3687 3478 3739 δι’
3516 3683 3680 3738 αὑτοῦ
3706 3683 3894 3752 ἐγένε-

2325 3806 2406 3853 το,
2435 3808 2452 3839 ι
2486 3789 2579 3840 καὶ
2614 3788 2680 3857 τῇ
2714 3783 2970 3853 Αἰγύπτῳ
2995 3782 3094 3853 τήν
3125 3782 3291 3852 αὐτὴν
3318 3779 3618 3853 παρουσίαν
3642 3778 3892 3848 παρέχει,

2328 3880 2414 3933 διὰ
2445 3878 2537 3931 τοῦ
2580 3878 2676 3949 τὴν
2717 3874 3020 3946 ἐπισκοπὴν
3055 3872 3218 3927 αὑτοῦ
3256 3873 3349 3926 καὶ
3377 3871 3475 3942 τὴν
3512 3870 3765 3941 πρόνοιαν
3799 3868 3899 3938 μέ.

2329 3987 2451 4041 χρις
2499 3967 2676 4021 αὐτῶν
2744 3966 3023 4019 ἐκτείνειν.
3097 3963 3233 4017 Ἀλλ’
3278 3962 3337 4014 οὐ
3382 3959 3583 4031 μᾶλλον
3629 3960 3771 4011 εῐποι
3812 3974 3895 4020 τις

2331 4057 2490 4113 αὐτὸν
2536 4059 2593 4109 ὲν
2636 4056 2914 4126 Αἰγύπτῳ,
2943 4055 2976 4125 ἢ
3017 4058 3073 4109 ὲν
3104 4054 3275 4125 ἑτέρῳ
3307 4052 3462 4123 μέρει
3497 4051 3715 4113 πάντως
3752 4049 3905 4103 κατὰ

2328 4148 2513 4202 τοῦτον
2554 4148 2816 4218 ὑπάρχειν
2851 4147 2943 4200 τὸν
2980 4147 3201 4220 τρόπον.
3245 4144 3358 4199 Νῦν
3402 4144 3459 4197 δὲ
3500 4141 3899 4212 ἀφωρισμένως

2332 4239 2409 4301 είς
2445 4237 2716 4305 Αἴγυπτον
2741 4236 2903 4289 αὑτὸν
2930 4235 3080 4305 ἥξειν
3106 4236 3134 4288 6
3159 4234 3314 4302 λόγος
3350 4232 3443 4285 ἐπὶ
3480 4230 3708 4301 νεφέλης
3734 4230 3900 4284 αὐτὸν

2330 4330 2616 4401 ὀχούμενον
2650 4328 2857 4400 κούφης
2883 4322 3060 4394 εἶπεν,
3089 4324 3393 4391 ἰδιάζουσαν
3432 4342 3552 4378 τινα
3582 4325 3672 4378 καὶ
3706 4336 3900 4394 σωμα-

2330 4422 2487 4492 τικὴν
2510 4420 2607 4490 τὴν
2632 4418 2928 4489 παρουσίαν
2956 4417 3118 4480 αὑτοῦ
3144 4408 3421 4487 δηλῶνῖᾯ
3445 4415 3531 4485 δὴν
3550 4414 3691 4468 εἴποι
3719 4414 3786 4469 ἀν
3817 4431 3909 4478 τις

682 4521 815 4569 tunc
830 4515 1196 4584 propheticum
1225 4515 1425 4569 dictum
1453 4515 1611 4569 ﬁnem
1636 4512 1913 4577 habuisse,
1933 4524 2053 4565 cum
2079 4510 2125 4563 is
2141 4510 2224 4579 qui

2333 4516 2361 4568 6
2386 4513 2555 4583 ταύτῃ
2582 4511 2966 4581 συνιστάμενος
3001 4513 3066 4581 τῇ
3094 4509 3285 4580 ἐκδοχῇ
3316 4507 3501 4571 τέλους
3546 4506 3811 4576 ἠξιῶσθαι
3839 4507 3913 4561 τὸ.

683 4603 985 4675 exVirgine
1010 4614 1167 4660 natus
1192 4614 1277 4660 est
1298 4605 1460 4669 Deus,
1481 4619 1642 4674 quem
1670 4599 2073 4656 Emmanuelem
2103 4614 2227 4667 pro-

721 4696 867 4751 betis
900 4705 1075 4759 vocat,
1103 4696 1171 4749 ad
1195 4695 1439 4751 homines
1485 4694 1721 4750 advenit.
1770 4688 2229 4759 Quemadmodum

723 4712 867 4751 neua
900 4712 1075 4759 vocat,
1103 4712 1171 4749 aa
1196 4712 1439 4751 nomines
1485 4712 1721 4750 auventt.
1770 4712 2229 4759 quemaumuuum

684 4712 831 4842 {nim
856 4787 1025 4841 nubes
1040 4800 1145 4838 non
1170 4783 1387 4839 aliunde
1405 4784 1839 4839 constitutionem
1866 4781 2049 4846 habet,
2073 4793 2232 4848 quam

686 4892 750 4933 ex
788 4890 914 4931 aere
941 4883 996 4929 et
1026 4888 1092 4929 ex
1132 4887 1334 4943 vapore
1384 4886 1574 4939 terrae,
1613 4874 1691 4928 sic
1743 4881 1799 4927 et
1856 4885 2053 4940 corpus
2093 4869 2237 4937 quod

687 4967 997 5037 assumpsit,
1028 4982 1094 5021 ex
1127 4965 1334 5035 Spiritu
1361 4974 1548 5019 sancto
1573 4974 1628 5020 et
1653 4980 1717 5019 ex
1748 4975 1962 5019 terrena
1986 4962 2238 5016 substan-

688 5059 760 5113 tia
792 5059 1167 5125 constitutum,
1200 5059 1323 5127 jure
1353 5058 1477 5111 nubi
1508 5058 1610 5111 levi
1651 5064 2013 5125 comparatur,
2047 5054 2131 5107 cui
2153 5052 2235 5105 in-

687 5149 868 5203 sidens
896 5148 1160 5214 Christus,
1205 5149 1258 5202 in
1311 5147 1565 5217 Egypto,
1597 5150 1723 5202 dum
1764 5146 1939 5199 adhuc
1986 5152 2129 5198 esset
2159 5143 2237 5195 iu—

690 5243 831 5305 lans,
863 5241 1318 5309 peregrinabatur.
1351 5240 1406 5294 ω
1436 5241 1627 5309 quippe
1650 5249 1765 5293 erat
1787 5236 2051 5306 Egyptiis
2082 5235 2234 5300 satis,

691 5332 779 5399 qui
802 5331 996 5384 virtute
1026 5330 1279 5385 ineﬂabili
1299 5346 1366 5383 ex
1389 5332 1616 5385 adventu
1638 5327 1935 5382 Salvatoris
1986 5338 2237 5394 magnam

694 5429 818 5474 sunt
851 5422 1132 5475 utilitatem
1164 5421 1327 5475 nacti.
1386 5422 1455 5474 At
1505 5422 1791 5474 secundum
1843 5415 2236 5484 profundiorem

697 5516 954 5573 mentem,
979 5507 1187 5563 Domini
1221 5510 1500 5578 praesentia
1544 5505 1774 5576 Egyptii
1808 5504 2073 5574 praecipue
2114 5518 2239 5572 ege-

702 5596 854 5662 bant,
882 5607 1061 5667 utpote
1079 5600 1317 5655 omnium
1370 5599 1645 5655 hominum
1680 5595 2191 5665 superstitiosissimi
2220 5612 2233 5663 ;

775 5776 817 5809 ⁹⁶
867 5777 1020 5833 Joau.
1063 5780 1209 5844 1,10.

2328 4604 2484 4675 ῥητὸν
2509 4604 2600 4664 ἐπὶ
2625 4604 2691 4672 τῇ
2717 4603 2796 4665 εἰς
2820 4600 3141 4671 ἀνθρώπους
3164 4597 3375 4669 προόδῳ
3399 4596 3497 4649 τοῦ
3523 4598 3585 4649 ὲκ
3609 4597 3708 4666 τῆς
3737 4598 3909 4665 ἀγίας

2328 4692 2598 4765 Παρθένου
2652 4691 2998 4762 γεννηθέντος
3042 4688 3198 4754 Θεοῦ,
3252 4688 3309 4744 ὃν
3347 4687 3695 4759 Ἐμμανουήλ
3745 4688 3904 4743 καλιῖ

2328 4787 2361 4854 ὴ
2388 4782 2709 4855 προφητεία.
2754 4783 2841 4844 Ὠς
2870 4781 2979 4851 γὰρ
3005 4783 3038 4851 ή
3073 4779 3266 4849 νεφέλη
3292 4778 3390 4831 οὐκ
3420 4777 3640 4832 ἄλλοθεν
3668 4778 3784 4850 ἔχει
3803 4781 3905 4851 τὴν

2333 4875 2619 4935 σύστασιν,
2666 4872 2698 4941 ἢ
2747 4872 2804 4937 ἐξ
2846 4872 3005 4942 ἀέρος
3046 4872 3138 4925 καὶ
3189 4868 3599 4940 ἀναθυμιάσεως
3637 4870 3740 4941 τῆς
3777 4872 3908 4942 γῆς,

2334 4962 2502 5025 οὕτως
2535 4963 2595 5015 τὸ
2648 4961 2803 5032 σῶμα
2858 4961 2886 5012 6
2933 4960 3240 5032 ἀνείληφεν,
3286 4958 3345 5023 ἐξ
3387 4960 3541 5028 ἁγίου
3586 4958 3913 5030 Πνεύματος

2337 5056 2427 5109 καὶ
2478 5055 2578 5123 τῆς
2637 5053 2867 5121 γεώδους
2911 5054 3095 5117 οὐσίας
3147 5050 3383 5105 ὑποστὰν
3424 5051 3649 5114 εἰκότως
3705 5052 3906 5127 νεφέλῃ

2338 5144 2510 5216 κούφῃ
2550 5142 2884 5214 παρεὸλήθη,
2994 5142 3358 5213 ἐγκαθήμενος
3399 5141 3428 5192 6
3451 5138 3684 5211 Χριστὸς
3719 5142 3897 5213 ὲπεδή

2343 5251 2429 5304 μει
2456 5237 2522 5305 τῇ
2552 5234 2809 5304 Αἰγύπτῳ
2835 5234 2972 5286 κατά
3001 5233 3100 5303 τὴν
3134 5233 3331 5302 νηπίαν
3352 5229 3587 5300 ἠλικίαν.
3640 5232 3906 5303 ’Δπήρχει

2339 5324 2445 5395 γάρ
2480 5327 2573 5378 καὶ
2615 5324 2770 5377 τοῦτο
2812 5325 3143 5392 Αἰγυπτίοις,
3176 5324 3397 5395 ἀρρήτῳ
3423 5322 3651 5393 δυνάμει
3674 5324 3904 5393 μέγιστα

2342 5416 2733 5485 ὠφελουμένοις
2759 5418 2823 5468 ὲκ
2845 5417 2943 5485 τῆς
2977 5415 3070 5467 τοῦ
3109 5414 3358 5483 Σωτῆρος
3398 5413 3724 5477 ὲπιὸάσεως.
3751 5416 3908 5469 Κατά

2342 5506 2398 5559 δὲ
2438 5506 2728 5575 βαθύτερον
2761 5503 2905 5561 νοῦν.
2952 5506 3049 5574 τῆς
3074 5502 3166 5556 τοῦ
3196 5502 3403 5573 Κυρίου
3430 5505 3729 5575 παρουσίας
3768 5504 3907 5569 ἐξαι-

2347 5596 2513 5666 ρέτως
2547 5595 2715 5649 ἐδεῖτο
2745 5597 2779 5667 ὴ
2820 5594 3110 5664 Αἴγυπτος,
3149 5594 3333 5665 ἐπειδὴ
3363 5594 3576 5651 πάντων
3603 5594 3910 5668 ἀνθρώπων
