4100 6442
265 417 370 474 221

1253 423 1757 482 COMMENTARIA
1796 427 1862 483 ΙΝ
1903 426 2158 486 ΙΒΑΙΑΜ.
2198 459 2266 470 --
2305 429 2457 486 CAP.
2499 431 2642 486 XIX.

3451 433 3560 490 232

263 540 844 617 δεισιδαιμονέστεροι
894 545 1203 614 γεγόνασιν,
1247 547 1322 612 ὼς
1366 549 1440 619 μὴ
1490 549 1648 619 μόνον
1691 552 1858 622 εἰμαρ

1987 553 2058 606 ita
2095 562 2155 607 ut
2178 568 2283 608 non
2312 554 2485 610 solum
2509 555 2620 610 l'ato
2640 564 2696 611 et
2716 556 2887 613 stellis
2917 557 3039 614 caeli
3064 558 3304 614 universi
3333 573 3555 616 causam

267 632 416 705 μένῃ
449 636 553 688 καὶ
604 638 720 698 τοῖς
763 637 886 690 κατ’
919 637 1148 710 οὐρανὸν
1175 639 1396 710 ἄστροις
1429 639 1527 710 τὴν
1561 641 1653 694 τοῦ
1684 643 1882 704 παντὸς

266 723 601 778 ἀνατιθέναι
646 728 849 792 αἰτίαν,
903 731 1158 784 ἐκπεσεῖν
1201 731 1255 784 δέ
1300 733 1394 784 καὶ
1433 733 1591 804 μέχρι
1634 733 1733 801 τῆς
1772 733 1880 786 τῶν

267 812 495 882 ἀλόγων
523 813 707 879 ζώων,
738 818 833 869 καί
858 817 1063 888 θηρίων
1089 819 1396 872 ἀτιθάσσων
1443 821 1660 890 πτηνῶν
1701 839 1759 873 τε
1785 822 1880 875 καὶ

270 905 536 976 ἑρπετῶν
579 907 875 973 θεοποιίας.
925 911 1080 964 Οὕτω
1128 911 1182 964 δέ
1241 911 1532 966 ἀδέσποτον
1574 915 1667 966 καὶ
1709 914 1879 984 ἀπρο-

268 997 470 1068 νόητον
527 999 762 1069 ἡγοῦντο
806 1001 867 1054 τὸ
917 1005 1066 1068 πᾶν,
1127 1003 1202 1067 ὡς
1260 1004 1350 1056 καὶ
1419 1004 1640 1074 βασιλέα
1697 1005 1877 1058 αὐτῶν

264 1090 462 1158 γυμνῇ
507 1092 575 1160 τῇ
629 1092 840 1161 κεφαλῇ
870 1092 1081 1161 λέγειν’
1119 1112 1136 1144 ι
1163 1095 1273 1148 Οὐκ
1295 1091 1410 1149 οῖδα
1452 1096 1543 1149 τὸν
1587 1096 1819 1168 Κύριον,
1852 1117 1869 1147 ι

266 1177 391 1240 καὶ,
425 1198 445 1228 ι
482 1179 581 1242 Τίς
597 1181 748 1234 ἐστιν
773 1177 833 1234 οὗ
863 1184 1254 1254 εἰσακούσομαι
1298 1190 1398 1257 τῆς
1423 1186 1608 1257 φωνῆς
1634 1187 1797 1241 αὐτοῦ
1822 1205 1869 1251 ς»

265 1266 471 1320 Ταῦτα
492 1268 549 1322 δέ
575 1271 766 1335 αὐτοῖς
789 1272 969 1343 ἔργοις
991 1275 1147 1337 τέλος
1169 1276 1437 1346 ἐλάμσανε
1463 1278 1659 1330 καθ’ὂν
1685 1278 1872 1350 χρόνον

266 1353 569 1426 ἐκκλησίαι
624 1360 725 1429 μὲν
773 1359 908 1412 Θεοῦ
967 1360 1086 1414 καθ’
1130 1363 1258 1433 ὅλης
1317 1365 1525 1435 ἵδρυντο
1569 1368 1667 1437 τῆς
1708 1367 1873 1434 Αἰγύ-

275 1463 452 1511 πτου,
503 1449 824 1521 ἐπεδήμησε
853 1451 908 1503 δὲ
936 1452 1099 1514 αὐτὸς
1123 1456 1150 1507 ὁ
1178 1455 1378 1526 Κύριος
1409 1460 1519 1518 τοῖς
1533 1457 1868 1524 Αἰγυπτίοις,

267 1535 602 1593 ἐπισκοπῶν
645 1541 746 1603 τὰς
779 1541 1071 1612 ἐκκλησίας
1095 1545 1258 1598 αὑτοῦ
1283 1546 1422 1599 κατά
1445 1548 1523 1600 τό’
1551 1567 1568 1598 ε
1584 1549 1756 1601 Ὀπου
1779 1549 1872 1602 δύο

267 1627 302 1698 ἢ
328 1633 486 1700 τρεῖς
518 1634 856 1703 συνηγμένοι
883 1636 1017 1689 εἰσὶν
1046 1637 1128 1698 εἰς
1151 1636 1211 1688 τὸ
1241 1637 1371 1706 ἐμὸν
1397 1639 1589 1709 ὄνομα,
1617 1641 1735 1693 ἐκεῖ
1757 1643 1870 1713 εἰμι

267 1719 330 1774 ἐν
355 1723 513 1794 μέσῳ
535 1724 740 1779 αὐτῶν.
771 1745 790 1778 ι
819 1727 972 1781 Οὕτω
997 1729 1130 1797 γοῦν
1155 1731 1208 1782 αἰ
1253 1730 1350 1799 μὲν
1372 1731 1744 1804 ἐκκλησίαι-τῇ
1776 1736 1872 1787 αύ-

267 1809 369 1864 τοῦ
399 1811 704 1883 διέλαμπον
728 1816 929 1887 χάριτι,
959 1819 992 1888 ἡ
1027 1817 1084 1871 δὲ
1124 1817 1233 1872 τῶν
1268 1820 1452 1874 αύτόθι
1477 1822 1746 1893 δαιμόνων
1771 1843 1871 1878 κα-

270 1898 344 1972 θη
352 1905 502 1971 ρεϊτο
528 1903 731 1975 πλάνη.

352 2011 374 2044 ι
417 1994 529 2046 Καὶ
561 1993 1027 2066 ἐπεγερθήσονται
1073 1998 1362 2066 Αἰγύπτιοι
1393 2002 1479 2053 ἐπ’
1515 2003 1865 2070 Αἰγυπτίους,

269 2085 374 2138 καὶ
423 2085 734 2157 πολεμήσει
773 2085 1060 2158 ἄνθρωπος
1111 2091 1204 2144 τὸν
1255 2093 1483 2162 ἀδελφὸν
1535 2096 1723 2162 αὑτοῦ,
1775 2099 1870 2152 καὶ

268 2175 564 2245 ἄνθρωπος
594 2178 690 2230 τὸν
716 2177 944 2248 πλησίον
970 2182 1156 2236 αὑτοῦ.
1188 2203 1207 2235 ι
1247 2186 1358 2239 Καὶ
1382 2186 1551 2240 ταῦτα
1579 2190 1678 2260 μὲν
1702 2191 1869 2262 ἐπλη-

271 2265 437 2336 ροῦτο
475 2266 620 2336 μετά
663 2268 724 2321 τὸ
757 2269 1114 2337 εὐαγγελικδν
1155 2275 1438 2346 κήρυγμα,
1473 2279 1535 2331 τὸ
1574 2281 1653 2343 εἰς
1688 2283 1867 2335 πᾶσαν

269 2355 520 2410 διαὼθέν
567 2360 672 2431 τὴν
709 2361 1006 2427 Αἴγυπτον,
1048 2365 1134 2434 ἐφ’
1166 2359 1210 2434 ᾧ
1243 2367 1312 2419 τὰ
1360 2369 1458 2439 μὲν
1493 2371 1673 2442 ἀψυχα
1705 2373 1867 2436 ξόανα

273 2447 375 2518 τῆς
404 2447 467 2512 ἐξ
512 2447 716 2513 αἰῶνος
763 2451 1023 2522 ἀκινήτου
1073 2457 1318 2521 στάσεως
1349 2461 1529 2514 αὐτῶν
1578 2463 1862 2535 ἐσαλεύθη,

273 2536 416 2591 ὥστε
449 2540 525 2609 μὴ
563 2543 922 2613 καθιδρύσθαι
955 2547 1049 2598 καί
1077 2547 1300 2616 βεϐαίαν
1334 2550 1475 2622 ἔχειν
1506 2553 1645 2607 αύτά
1676 2555 1863 2609 στάσιν

271 2626 362 2682 διὰ
404 2629 497 2682 τὸν
550 2632 912 2705 ἐγγενόμενον
947 2637 1133 2702 αὐτοῖς
1175 2638 1332 2705 λαὸν,
1383 2645 1430 2695 οἰ
1478 2643 1535 2696 δὲ
1578 2646 1636 2697 ἐν
1682 2648 1862 2712 αὐτοῖς

272 2718 692 2809 ἐμφωλεύοντες
720 2723 974 2794 δαίμονες
1000 2731 1250 2801 πονηροὶ,
1281 2731 1343 2784 τὺ
1375 2735 1540 2805 μηδὲν
1570 2736 1720 2801 ὄντες
1749 2738 1864 2809 διη-

274 2807 531 2880 λέγχοντο
558 2814 656 2866 ἐπὶ
687 2813 913 2880 τούτοις.
945 2818 1155 2892 Ὠσπερ
1180 2821 1288 2894 γὰρ
1324 2826 1357 2895 ἡ
1387 2825 1650 2896 ἐμφύλιος
1677 2807 1864 2894 στάσις

274 2900 396 2953 καθ’
418 2903 550 2974 ὅλης
577 2904 888 2976 διηγείρετο
917 2910 1012 2979 τῆς
1041 2913 1315 2980 Αἰγύπτου
1337 2933 1350 2946 ο
1379 2916 1736 2989 διισταμένων
1766 2922 1861 2976 ἀπ’

274 2989 520 3061 ἀλλήλων
549 2994 648 3046 καί⁸
690 2997 1034 3067 τεμνομένων
1065 3003 1160 3055 καί
1196 3005 1578 3078 μεριζομένων
1619 3013 1742 3065 κατ’
1779 3011 1860 3064 οτ-

274 3098 420 3146 κους,
456 3086 552 3138 καί
584 3085 819 3142 πολιτῶν
841 3090 938 3162 τὴν
963 3092 1145 3164 χώραν
1174 3097 1488 3162 οἰκούντων,
1511 3100 1590 3171 τῷ
1608 3104 1733 3168 τοὺς
1767 3105 1861 3160 ιιέν

274 3174 451 3228 αὐτῶν
493 3179 860 3250 προστρέχειν
890 3181 968 3253 τῷ
999 3184 1318 3258 κηρύγματι
1352 3190 1690 3266 εὐαγγελικῷ
1731 3198 1861 3251 ἀνα-

273 3267 584 3337 χωροῦντας
611 3269 717 3341 τῆς
747 3271 1066 3348 δαιμονικῆς
1097 3256 1198 3333 καὶὴ
1219 3256 1592 3356 Αἰγυπτιακῆς
1624 3256 1853 3359 πλάνης·
1884 3256 1927 3314 c

271 3361 394 3424 τοὺς
440 3361 495 3414 δὲ
547 3365 985 3434 ἐναπομενοντας
1028 3371 1086 3421 ἐν
1128 3373 1263 3444 αὐτῇ
1311 3374 1544 3445 πόλεμον
1591 3378 1854 3433 ἄσπονδον

271 3452 406 3525 κατά
431 3454 646 3507 τούτων
672 3454 905 3526 ἐγείρειν
925 3474 939 3488 ·
969 3459 1141 3526 οὕτως
1167 3458 1260 3517 οὖν
1299 3466 1655 3520 ἐπανίσταντο
1685 3470 1852 3537 Αἰγύ-

270 3551 409 3595 πτιοι
432 3545 525 3596 ἐπ’
556 3545 917 3612 Αἰγυπτίους.

343 3739 361 3772 ι
395 3720 560 3785 Πόλις
594 3723 693 3776 ἐπὶ
731 3723 901 3791 πόλιν,
932 3730 1027 3782 καὶ
1066 3732 1229 3801 νομὸς
1268 3733 1362 3788 ἐπὶ
1395 3739 1575 3806 νομόν.
1614 3740 1724 3794 Καὶ
1765 3761 1853 3796 τα-

261 3814 602 3887 ραχθήσεται
634 3816 699 3869 τὺ
720 3817 935 3889 πνεῦμα
964 3822 1073 3876 τῶν
1101 3827 1416 3894 Αἰγυπτίων
1444 3831 1502 3882 ἐν
1529 3833 1729 3898 αὐτοῖς,
1757 3838 1852 3890 καὶ

263 3905 360 3976 τὴν
412 3906 612 3978 βουλὴν
654 3907 832 3964 αὐτῶν
877 3912 1232 3972 διασκεδάσω.
1278 3921 1390 3974 Καὶ
1443 3923 1849 3998 ἐπερωτήσουσι

261 3997 388 4059 τοὺς
422 3996 585 4061 θεοὺς
612 3998 796 4052 αὐτῶν
831 4004 924 4055 καὶ
969 4004 1036 4057 τά
1071 4007 1362 4080 ἀγάλματα
1399 4013 1575 4066 αὐτῶν
1605 3996 1698 4069 καί
1723 4020 1851 4084 τοὺς

262 4083 324 4135 ἐκ
367 4085 465 4155 τῆς
507 4087 616 4156 γῆς
647 4089 990 4157 φωνοῦντας,
1035 4095 1128 4147 καὶ
1169 4100 1295 4162 τοὺς
1355 4083 1844 4174 ἐγγαστριμύθους,

263 4175 384 4270 Καὶ-
411 4178 731 4270 παραδώσω
763 4182 860 4253 τὴν
897 4185 1169 4254 Αἴγυπτον
1196 4193 1276 4254 είς
1313 4196 1502 4264 χεῖρας
1546 4198 1848 4270 ἀνθρώπων

261 4267 463 4360 κυρίων
495 4269 777 4342 σκληρῶν,
805 4277 897 4327 καὶ
935 4276 1172 4345 βασιλεῖς
1207 4285 1438 4356 σκληροὶ
1471 4267 1848 4360 κυριεύσουσιν

259 4354 458 4409 αὐτῶν.
498 4377 517 4409 ι
556 4359 735 4430 Νομοί
759 4363 816 4415 δὲ
844 4365 1127 4424 καλοῦνται
1157 4374 1288 4444 παρ’
1317 4354 1638 4444 Αἰγυπτίοις
1680 4384 1846 4438 εἰσέτι

258 4446 351 4502 καὶ
377 4447 475 4502 νῦν
507 4451 568 4503 αἰ
602 4453 735 4523 παρ’
781 4457 962 4521 αὐτοῖς
1000 4461 1192 4533 χῶραι,
1220 4466 1276 4519 αἶ
1307 4469 1403 4519 καὶ
1429 4469 1589 4523 αὐταὶ
1613 4471 1846 4527 διίσταν-

256 4553 345 4638 ται
369 4540 510 4638 πρδς
537 4542 776 4638 ἀλλήλας
797 4547 898 4616 τῆς
919 4551 1085 4623 αὐτῆς
1112 4555 1296 4611 ἕνεκεν
1322 4559 1650 4628 ὑποθέσεως.
1690 4569 1847 4638 Ἐχω-

257 4631 435 4731 ρίςετο
549 4635 658 4706 τῆς
693 4640 836 4694 κατά
863 4641 998 4696 Θεοῦ
1032 4647 1306 4716 πολιτείας
1324 4653 1354 4704 ὁ
1375 4653 1485 4707 τῶν
1505 4656 1677 4712 ἀθέων
1709 4631 1842 4731 βίος,

251 4725 343 4826 καὶ
581 4730 910 4826 ἐπηγείρετο
935 4739 1107 4810 νομῷ,
1142 4743 1234 4796 τοῦ
1279 4746 1639 4815 εὐαγγελικώ
1671 4725 1839 4826 νδμου

250 4812 317 4906 τὰ
487 4815 811 4884 Αἰγυπτίων
837 4822 1231 4897 ἀνατρέποντος
1259 4812 1487 4906 νόμιμα,
1531 4841 1606 4903 ὡς
1635 4841 1699 4899 αὖ
1733 4812 1840 4900 ξτά-

251 4900 333 4956 λιν
365 4904 461 4959 τοῦ
497 4908 604 4978 τῆς
643 4910 1085 4987 εἰδωλολατρείας
1127 4923 1293 4994 νόμου
1325 4900 1706 5000 ’πολεμοῦντος
1748 4941 1838 4992 τὸν

253 5000 520 5098 σωτηριον
560 5000 744 5098 λόγον.
791 5005 974 5062 Ταῦτα
1016 5012 1071 5065 δὲ
1103 5015 1279 5070 πάντα
1330 5020 1559 5087 ἐγίνετο,
1606 5028 1705 5098 τὴν
1745 5032 1837 5085 ἐπὶ

437 5093 772 5188 συμφωνίαν
814 5098 920 5152 τῶν
961 5105 1273 5173 Αἰγυπτίων
1320 5113 1414 5166 καὶ
1445 5115 1544 5186 τὴν
1585 5088 1837 5188 ὁμδνοιαν

249 5178 424 5276 αὐτῶν
447 5181 551 5276 τὴν
586 5185 719 5255 περὶ
747 5188 846 5256 τὴν
876 5193 1131 5250 πολύθεον
1165 5200 1375 5274 πλάνην
1400 5178 1718 5276 συγχέοντος
1741 5212 1835 5265 τοῦ

246 5267 895 5367 μήσαντοςαὺτοῖς
925 5284 1148 5355 Κυρίου.
1180 5293 1270 5343 Διὸ
1305 5267 1535 5367 ε’ῐρηται,
1562 5267 1713 5354 κατὰ.
1745 5302 1836 5356 τὸν

257 5358 509 5457 Ἀκύλαν,
541 5381 574 5457 ι⁸
599 5365 725 5457 ΚαὶΔ
749 5373 1022 5429 στασιὰσω
1057 5358 1373 5449 Αἰγυπτίοις
1412 5358 1769 5457 Αἰγυπτίους·
1809 5413 1827 5445 ›

245 5449 484 5544 κατάδὲ
523 5451 969 5544 τὸν-Σύμμαχον,
1011 5483 1030 5515 ι
1071 5466 1337 5538 Συμϐαλῶ
1366 5449 1692 5544 Αἰγυπτίους
1728 5449 1833 5534 Αἰ-

242 5540 512 5641 ⁴ἕντι-τίοι.ςί
913 5552 967 5605 δέ
1001 5557 1214 5621 τούτοις
1242 5564 1337 5615 καὶ
1378 5540 1600 5634 ἀδελφὰ,
1631 5540 1829 5641 μαλλον

238 5627 297 5684 δέ
336 5631 406 5686 τά
437 5631 591 5687 αὑτά
640 5632 850 5706 ἑτέροις
889 5642 1126 5713 ῥήμασιν
1159 5651 1322 5716 αὐτὸς

305 5807 348 5842 ⁸⁵⁸
378 5809 561 5868 Exod.
604 5825 638 5865 ν
667 5853 682 5879 ,
736 5812 791 5868 9..
863 5819 906 5850 "
938 5819 1124 5879 Matth.
1167 5843 1317 5899 xvm,
1349 5830 1436 5888 20.

1987 642 2397 710 adscriberent,
2423 648 2518 702 sed
2540 648 2704 702 etiam
2727 648 2794 702 ad
2813 664 2982 718 usque
3007 652 3288 706 brutorum
3311 652 3560 706 animau-

1988 734 2144 798 tium,
2180 735 2418 790 ferarum
2453 739 2792 805 immanium,
2815 740 3097 799 volucrum
3151 753 3206 797 et
3257 743 3554 812 reptilium.

1986 833 2046 878 ut
2082 824 2328 890 deorum,
2360 828 2561 882 cultum
2584 831 2987 885 delaberentur.
3020 831 3095 885 Ita
3123 846 3250 886 vero
3280 831 3557 886 dominatu

1983 924 2041 970 et
2069 917 2403 985 providentia
2433 934 2661 972 vacuum
2687 922 3001 975 universum
3038 921 3467 982 arbitrabantur,
3497 928 3558 972 ut

1984 1022 2077 1061 rex
2101 1009 2324 1077 quidam
2353 1024 2544 1063 eorum
2573 1011 2918 1078 impudenter
2949 1012 3174 1073 diceret,
3214 1029 3232 1062 ι
3267 1010 3384 1065 Non
3431 1008 3555 1064 novi

1982 1099 2291 1166 Dominum,
2328 1109 2431 1166 iet,
2463 1118 2482 1151 ι
2514 1101 2644 1167 Quis
2670 1102 2930 1169 estcuius
2957 1115 3146 1156 vocem
3179 1099 3395 1154 audiam
3422 1099 3469 1133 “
3491 1099 3546 1154 τι

1982 1190 2106 1244 Haec
2137 1205 2298 1259 porro
2352 1192 2480 1261 ipsis
2540 1195 2798 1262 operibus
2852 1195 3012 1249 linem
3047 1201 3411 1262 acceperunt,
3444 1204 3554 1261 quo

1981 1292 2226 1352 tempore
2260 1284 2506 1339 ecclesia:
2537 1285 2628 1338 Dei
2665 1299 2760 1354 per
2791 1295 2959 1340 totam
3001 1283 3296 1355 Egyptum
3344 1281 3552 1338 consti-

1979 1375 2290 1440 tuebantur,
2318 1391 2380 1431 ac
2409 1377 2524 1446 ipse
2561 1377 2822 1431 Dominus
2871 1379 2936 1431 ad
2993 1376 3278 1447 Egyptios
3307 1374 3552 1445 peregri-

1979 1476 2138 1521 natus
2169 1477 2272 1529 est,
2301 1483 2430 1522 suas
2481 1467 2709 1522 visitans
2735 1467 2997 1523 ecclesias
3051 1467 3352 1521 secundum
3395 1464 3550 1526 illud,

1983 1576 2002 1609 ι
2031 1557 2134 1614 Uhi
2167 1559 2273 1613 duo
2310 1558 2395 1611 vel
2454 1567 2566 1612 tres
2626 1558 2946 1629 congregati
2992 1557 3195 1612 fuerint
3251 1556 3304 1609 in
3333 1553 3551 1609 nomine

1975 1665 2119 1713 meo,
2156 1650 2264 1704 illic
2294 1664 2413 1703 sum
2446 1650 2499 1704 in
2542 1649 2718 1704 medio
2764 1664 2952 1704 eorum
2984 1649 3054 1701 ".
3096 1667 3116 1701 ι
3149 1646 3225 1702 lla
3253 1646 3418 1715 igitur
3460 1659 3550 1700 ec-

1977 1743 2153 1795 clesia:
2187 1742 2402 1809 quidem
2439 1741 2556 1810 ejus
2588 1741 2763 1811 gratia
2792 1740 3092 1811 fulgebant,
3121 1740 3426 1794 damonum
3456 1751 3549 1793 au-

1975 1845 2081 1889 tem
2109 1834 2181 1889 ibi
2212 1835 2511 1904 vigentium
2538 1849 2694 1889 error
2729 1834 3131 1890 destruebatur.

2044 2012 2210 2069 Vens.
2247 2014 2299 2069 2.
2341 2033 2360 2066 ι
2394 2015 2459 2070 Et
2491 2013 2874 2070 excitabuntur
2891 2011 3129 2088 Λεμβιῆ
3154 2011 3206 2069 in
3231 2012 3544 2084 Egypttoa,

1973 2113 2027 2160 et
2068 2107 2292 2162 bellabit
2336 2108 2499 2164 homo
2527 2109 2783 2164 adversus
2819 2107 3050 2165 fratrem
3079 2123 3258 2172 suum,
3297 2117 3352 2161 et
3383 2107 3547 2162 homo

1971 2199 2230 2254 adversus
2262 2201 2570 2269 proximum
2616 2213 2799 2254 suum.
2834 2221 2852 2254 ι
2914 2201 2980 2255 Et
3032 2203 3144 2255 hac
3183 2201 3402 2270 quidem
3444 2200 3546 2254 im-

1967 2289 2254 2360 plebantur
2273 2302 2393 2361 post
2415 2294 2779 2363 evangelicam
2807 2294 3274 2363 prmdicationem,
3296 2307 3416 2363 qua
3447 2305 3547 2362 per

1971 2395 2134 2439 totam
2169 2385 2459 2455 Egyptum
2509 2389 2774 2456 pervasit,
2825 2403 2934 2459 quo
2965 2397 3209 2458 tempore
3247 2389 3544 2442 inanimata

1966 2473 2256 2529 simulacra
2307 2489 2336 2527 a
2389 2477 2628 2532 statione
2689 2492 2786 2530 sua
2836 2493 2996 2547 quam
3034 2493 3062 2531 a
3103 2476 3300 2532 sacqu
3336 2476 3546 2532 obtine-

1965 2565 2117 2628 bant,
2159 2581 2388 2622 excussa
2440 2577 2602 2634 sunt,
2655 2576 2714 2623 ut
2753 2584 2861 2624 non
2899 2568 3042 2623 ultra
3094 2583 3161 2622 ex
3208 2567 3390 2637 populi
3436 2568 3545 2623 fre-

1966 2658 2184 2727 quentia
2229 2659 2464 2715 tirmiter
2510 2669 2677 2725 stare,
2729 2677 2827 2716 nec
2875 2660 3042 2716 solida
3083 2661 3380 2716 subsistere
3415 2673 3542 2729 pos-

1963 2757 2128 2804 sent:
2163 2748 2443 2806 daemones
2476 2767 2604 2808 vero
2645 2753 2906 2824 maligni,
2945 2753 3034 2821 qui
3083 2753 3136 2807 in
3182 2752 3313 2822 ipsis
3353 2766 3452 2807 ceu
3485 2752 3541 2806 in

1965 2838 2201 2895 latibulis
2231 2843 2488 2913 agebant,
2525 2845 2576 2898 in
2609 2845 2675 2898 iis
2715 2845 2844 2912 ipsis
2878 2842 3010 2901 nihil
3050 2858 3171 2898 esse
3203 2842 3542 2914 comprobati

1966 2940 2112 2985 sunt.
2150 2930 2618 2998 Quemadmodum
2649 2935 2794 2990 enim
2825 2933 3004 2989 civilis
3035 2933 3298 2988 tumultus
3331 2947 3430 3001 per
3459 2939 3543 2985 to-

1963 3033 2074 3078 tam
2107 3023 2399 3097 .Egyptum
2431 3026 2841 3091 concitabatur,
2885 3026 3096 3096 populis
3127 3023 3538 3085 dissidentibus,

1965 3115 2259 3187 divisisque
2299 3116 2492 3173 studiis
2520 3131 2616 3187 per
2649 3119 2838 3173 domos
2883 3128 3071 3172 mutuo
3100 3114 3492 3170 altercantibus
3524 3130 3538 3166 :

1965 3207 2107 3278 quod
2144 3223 2212 3263 ex
2248 3209 2457 3264 civibus
2492 3210 2730 3280 regionis
2778 3209 2987 3274 incolis,
3024 3209 3112 3264 alii
3161 3207 3381 3279 quidem
3415 3205 3543 3262 reli-

1964 3307 2052 3352 cto
2084 3299 2351 3356 diabolica
2376 3317 2438 3355 ac
2472 3299 2795 3373 Egyptiaco
2829 3317 3038 3367 errore,
3069 3303 3134 3358 ad
3171 3301 3540 3373 evangelicam

1961 3390 2395 3460 przedicationem
2427 3395 2780 3456 accederent,
2818 3394 2908 3447 alii
2956 3408 3084 3448 vero
3124 3395 3177 3447 in
3220 3395 3408 3449 eodem
3458 3410 3540 3450 er-

1962 3495 2087 3534 rore
2127 3493 2563 3550 perseverantes,
2596 3482 2924 3552 inexpiabile
2952 3484 3149 3538 bellum
3195 3495 3380 3540 contra
3416 3485 3536 3543 illos

1960 3574 2305 3629 excitarent:
2347 3575 2426 3630 sic
2478 3575 2642 3647 igitur
2678 3576 3026 3647 insurgebant
3066 3575 3300 3647 Egyptii
3341 3587 3533 3634 contra

1959 3663 2261 3736 Egyptins.

2033 3754 2195 3812 Vsus.
2229 3758 2354 3826 3,4.
2378 3777 2396 3810 ‹
2418 3757 2618 3814 Civitas
2651 3760 2910 3816 adversus
2942 3760 3238 3828 civitatem,
3268 3772 3532 3819 etnomus

1958 3863 2218 3903 adversus
2273 3865 2511 3905 nomum.
2552 3851 2613 3904 Et
2641 3853 2949 3907 turbabitur
2993 3854 3214 3922 spiritus
3250 3853 3528 3925 Egyptioo

1959 3953 2076 3992 rum
2124 3940 2175 3992 in
2229 3940 2393 4010 ipsis,
2440 3951 2493 3995 et
2542 3941 2824 3996 consilium
2869 3957 3053 3998 eorum
3112 3943 3406 4013 dissipabo.
3463 3944 3530 4000 Et

1957 4029 2365 4097 interrogabuut
2433 4032 2561 4086 deos
2609 4047 2738 4086 suos
2803 4040 2854 4088 et
2925 4032 3214 4087 simulacra
3265 4049 3405 4100 sua,
3474 4046 3527 4090 et

1956 4135 2072 4181 eos,
2104 4121 2194 4189 qui
2235 4120 2303 4175 de
2351 4129 2492 4174 terra
2551 4121 2848 4192 loquuntur
2876 4164 2891 4189 ,
2934 4133 2988 4178 et
3031 4124 3420 4194 ventriloquos.
3461 4127 3525 4183 Et

1959 4210 2164 4262 tradam
2219 4209 2508 4281 Egyptum
2553 4213 2605 4266 in
2661 4228 2854 4268 manus
2902 4215 3214 4278 hominum,
3263 4215 3524 4272 durorum

1955 4298 2320 4364 dominorum,
2351 4312 2402 4354 et
2446 4316 2600 4372 reges
2628 4303 2745 4358 duri
2787 4304 3209 4359 dominabuntur
3248 4320 3457 4361 eorum.
3500 4326 3523 4361 ι

1955 4389 2110 4446 Nomi
2169 4393 2311 4462 apud
2361 4391 2647 4464 Egyptios
2699 4395 2966 4465 hodieque
3028 4410 3292 4452 vocantur
3337 4411 3524 4453 eorum

1954 4485 2222 4554 regiones,
2261 4499 2380 4553 quae
2433 4487 2594 4540 etiam
2643 4488 2832 4542 eadem
2866 4486 2934 4541 de
2971 4502 3134 4543 causa
3181 4498 3368 4544 mutuo
3411 4490 3520 4545 dis-

1954 4575 2154 4631 sident.
2192 4574 2486 4631 Atheorum
2535 4588 2716 4632 autem
2762 4577 2870 4631 vita
2919 4578 2988 4632 ah
3041 4579 3283 4636 instituto
3327 4595 3520 4636 secun.

1952 4665 2077 4719 dum
2135 4667 2299 4720 Deum
2348 4666 2740 4734 dissentiebat,
2784 4679 2840 4724 et
2887 4685 3080 4724 nomus
3117 4671 3376 4727 adversus
3419 4688 3518 4729 no-

1951 4774 2096 4811 mum
2135 4758 2478 4830 insurgebat,
2521 4761 2830 4830 evangelica
2875 4760 2990 4832 lege
3032 4764 3103 4832 (s.
3147 4763 3316 4835 νόμῳ)
3352 4763 3516 4836 Egy-

1948 4850 2180 4917 ptiormu
2228 4848 2420 4918 legalia
2473 4852 2855 4916 subvertente,
2908 4868 2969 4907 ac
3021 4853 3258 4908 vicissim
3295 4853 3516 4911 idolola-

1950 4941 2064 4994 trire
2103 4940 2216 5012 lege
2263 4941 2500 4996 salutare
2533 4944 2756 4997 verbum
2783 4954 3148 5014 oppugnante.
3191 4943 3316 5000 Haec
3352 4960 3517 5016 porro

1945 5029 2125 5083 omnia
2175 5033 2599 5100 contingebant,
2655 5031 3033 5104 Egypliorum
3091 5049 3417 5092 consensum
3457 5045 3513 5090 et

1945 5123 2288 5178 concordiam
2326 5126 2472 5178 circa
2517 5127 2805 5180 multorum
2849 5127 3070 5181 deorum
3109 5141 3347 5181 errorem
3382 5143 3512 5182 con-

1946 5211 2203 5268 fundente
2235 5214 2481 5280 Domino,
2537 5217 2628 5284 qui
2673 5217 2739 5269 ad
2787 5215 2932 5284 ipsos
2981 5216 3298 5273 advenerat.
3336 5218 3511 5285 Quare

1942 5306 2236 5358 secundum
2265 5305 2513 5375 Aquilam
2548 5309 2768 5372 dieitur,
2803 5328 2822 5360 ι
2863 5309 2930 5363 Et
2964 5308 3283 5362 seditionem
3312 5324 3510 5377 ponam

1937 5397 2078 5452 inter
2118 5398 2400 5470 Egyptios
2427 5410 2480 5453 et
2511 5399 2831 5471 Egyptios;
2875 5421 2893 5452 ι
2930 5402 3224 5456 secundum
3264 5403 3508 5473 Symma-
3542 5405 3546 5409 ’

1934 5487 2093 5541 chum
2140 5503 2285 5551 vero,
2342 5506 2361 5538 ι
2418 5487 2759 5543 Committam
2815 5489 3102 5560 Egyptios
3162 5505 3284 5544 cum
3344 5490 3506 5561 [Egy-

1933 5585 2078 5645 plus.
2125 5596 2143 5628 ι
2193 5575 2286 5632 liis
2336 5593 2496 5646 porro
2539 5576 2714 5632 aliiuia
2777 5590 2831 5635 et
2877 5579 3094 5642 similia,
3155 5578 3264 5632 imo
3324 5581 3504 5647 potius

1362 5657 1390 5707 δ
1432 5657 1636 5730 Κύριος
1670 5663 1828 5734 ἡμῶν

1964 5667 2116 5722 adem
2161 5667 2275 5740 ipsa
2311 5668 2430 5725 aliis
2471 5670 2654 5727 verbis
2697 5671 2951 5728 Dominus
2995 5678 3178 5726 uoster
3218 5672 3271 5725 in
3319 5669 3500 5725 Evan-
