4100 6440
257 381 368 435 225
1266 380 1776 436 (ΣΟΜΜΕΝΤΑΗΙΛ
1818 382 1857 436 ll

1958 383 2182 440 ΞΑΙΑΜ.
2224 413 2294 424 -
2331 385 2485 443 CAP.
2529 387 2674 444 XIX.

3476 393 3588 451 226

257 497 494 570 ἰχθύων,
526 501 761 574 δηλαδὴ
797 502 904 556 τῶν
937 501 1294 573 ἀνθρωπίνων
1328 500 1555 571 ψυχῶν,
1600 501 1857 574 πενθήσει

1958 545 1966 562 _
1997 509 2104 556 tur.
2155 501 2280 558 Illos
2317 512 2501 558 autem
2541 519 2572 558 a
2624 502 2890 575 propheta
2920 515 3254 561 memoratos
3282 505 3585 575 piscatores

255 589 538 658 λέγονται.
571 595 824 666 Νοήσεις
850 593 904 646 δὲ
934 594 1059 656 τοὺς
1089 594 1149 645 ὲν
1170 591 1250 663 τῷ
1280 593 1534 664 προφήτῃ
1562 592 1857 657 λεγομένου

1990 603 2046 648 et
2099 594 2234 649 retia
2278 594 2549 662 jacientes
2595 596 2872 668 intelligas
2921 611 2985 652 ex
3046 597 3170 654 aliis
3214 597 3585 668 piscatoribus

256 682 436 746 ἁλιεῖς
478 687 590 740 καὶ
626 684 957 756 ἀμφιδολεῖς
999 683 1059 751 ἐξ
1096 684 1301 757 ἐτέρων
1332 683 1530 738 ἁλιέων
1579 685 1674 738 καὶ
1717 701 1857 756 σαγη

1989 694 2042 739 et
2089 687 2307 753 sagenis
2352 688 2666 753 utentibus;
2717 703 2784 744 ex
2839 690 3103 759 apostolis
3152 692 3277 747 dico
3319 699 3376 747 et
3423 691 3587 748 disci-

248 775 499 838 νευτῶν,
537 777 704 845 λέγω
731 777 795 848 δὴ
823 777 932 830 τῶν
962 777 1298 840 ἀποστόλων,
1343 779 1439 831 καὶ
1488 777 1748 849 μαθητῶν
1787 784 1857 833 το⁴

1987 777 2132 848 pulis
2172 777 2473 835 Salvatoris
2513 781 2722 846 nostri,
2777 781 2975 852 quibus
3026 781 3345 849 dicebatur,
3394 801 3416 838 ε
3476 783 3583 840 Ve-

257 867 529 940 Σωτῆρος
586 868 781 941 ήμῶν,
823 863 905 932 οἷς
951 868 1192 937 ἐλέγετο,
1243 888 1262 920 ι
1297 869 1484 937 Δεῦτε,
1528 872 1625 924 καὶ
1673 872 1857 939 ποιήσι

1987 870 2124 934 nite,
2169 879 2225 925 et
2274 869 2468 925 faciam
2499 886 2597 928 vos
2660 872 2966 943 piscatores
3020 873 3302 930 hominum
3331 872 3401 930 “.
3450 893 3473 929 ι
3521 874 3583 932 Si

257 959 409 1030 ὑμᾶς
431 961 629 1026 άλιεῐς
650 960 973 1032 ἀνθρώπων.
1014 981 1034 1013 s
1061 962 1123 1014 Ei
1158 961 1269 1034 γὰρ
1297 957 1442 1016 οὗτοι
1463 961 1554 1016 διὰ
1575 963 1675 1034 τῆς
1702 962 1884 1016 αὐτῶν

257 1047 634 1116 διδασκαλίας
671 1051 929 1125 ἐθήρευον
953 1052 1055 1116 τὰς
1081 1051 1191 1105 τῶν
1216 1053 1522 1126 ἀνθρώπων
1562 1054 1762 1125 ψυχὰς,
1796 1055 1885 1108 έλ-

257 1160 457 1208 κοντες
482 1145 590 1198 ἐπὶ
640 1145 940 1216 σωτηρίαν,
973 1146 1063 1200 διὰ
1099 1146 1154 1199 τί
1185 1148 1288 1200 οὐκ
1316 1145 1384 1200 ἂν
1423 1146 1599 1209 εῐποις
1631 1146 1725 1200 καὶ
1753 1147 1883 1210 τοὺς

1985 961 2130 1016 enim
2179 961 2267 1016 isti
2299 962 2548 1018 doctrina
2580 979 2681 1018 sua
2716 963 3001 1019 hominum
3030 965 3247 1021 animas
3289 964 3582 1036 piscaban—

1985 1063 2097 1118 tur,
2138 1055 2206 1110 ad
2261 1057 2488 1111 salutem
2538 1057 2660 1112 illas
2697 1057 3017 1126 trahentes,
3075 1073 3178 1113 cur
3223 1073 3329 1114 non
3369 1057 3581 1115 dixeris

1985 1158 2317 1202 memoratos
2360 1146 2482 1202 illos
2530 1146 2917 1218 Egyptiorum
2975 1150 3282 1219 piscatores
3335 1157 3392 1204 et
3435 1148 3577 1204 retia

256 1235 601 1302 Αἰγυπτίων
659 1236 983 1308 λεγομένους
1008 1236 1199 1300 -άλιετς
1239 1238 1334 1290 καὶ
1379 1237 1704 1306 ἀμφιὼλεῖς
1751 1239 1857 1291 τοὺς

1974 1236 2246 1306 iacientes
2271 1282 2286 1304 ,
2325 1239 2496 1295 fuisse
2541 1240 2663 1296 illos
2705 1240 2836 1295 olim
2883 1239 3243 1311 philosophia
3279 1240 3574 1305 doctores,

255 1324 433 1378 πάλαι
457 1325 836 1391 διδασκάλους
861 1327 958 1397 τῆς
982 1329 1111 1398 παρ’
1141 1328 1328 1390 αὐτοῖς
1363 1325 1684 1396 φιλοσοφίας
1712 1322 1852 1382 εἶναι

1978 1329 2070 1398 qui
2109 1343 2209 1400 per
2231 1329 2584 1402 Egyptiacas
2612 1333 2920 1404 praestigias
2985 1332 3361 1404 illaqueabant
3399 1341 3454 1388 et
3489 1332 3577 1388 in-

255 1413 305 1467 οἶ
349 1414 448 1468 διὰ
499 1417 610 1486 τῆς
651 1417 1034 1487 Αἰγυπτιακῆς
1083 1419 1361 1489 γοητείας,
1414 1420 1736 1488 ὲπαγίδευον
1783 1422 1857 1473 κα

1979 1420 2243 1476 escabant
2266 1435 2361 1476 eos
2392 1436 2530 1493 quos
2566 1435 2763 1492 capere
2795 1423 3101 1494 poterant?

255 1506 457 1578 ὥσπερ
495 1507 792 1573 ὲδελέαζον
821 1510 944 1573 τοὺς
976 1509 1068 1562 ὑπ’
1107 1509 1287 1562 αὐτῶν
1321 1510 1714 1581 ἁλισκομένους

333 1614 352 1646 ι
393 1596 519 1648 Καὶ
545 1596 612 1648 ὲν
643 1599 805 1650 παντὶ
835 1597 942 1650 ἕλει
968 1597 1215 1668 καλάμου
1245 1599 1340 1651 καὶ
1382 1598 1660 1672 παπύρου,
1690 1601 1784 1653 καὶ
1811 1601 1857 1653 τί

2053 1593 2212 1650 Vens.
2235 1596 2288 1664 7,
2320 1594 2374 1651 8.
2409 1614 2430 1648 ι
2466 1595 2534 1651 Et
2559 1596 2612 1652 in
2641 1599 2790 1652 omni
2824 1597 3017 1667 palude
3046 1596 3241 1652 calami
3269 1605 3322 1653 et
3354 1597 3572 1668 papyri.

255 1684 353 1753 ἁχὶ
383 1685 454 1737 τὸ
490 1685 735 1758 χλωρὸν,
767 1687 876 1739 πᾶν
907 1688 969 1740 τὸ
1001 1686 1188 1758 κύκλῳ
1210 1687 1305 1740 τοῦ
1331 1689 1602 1758 ποταμοῦ,
1630 1690 1727 1742 καὶ
1761 1691 1857 1743 πᾶκ

1973 1697 2030 1743 ει
2082 1686 2209 1742 aelii
2239 1687 2424 1742 virens
2447 1701 2611 1744 omne
2649 1690 2857 1744 circum
2885 1687 3110 1760 ﬂumen,
3140 1699 3195 1743 et
3231 1704 3394 1745 omne
3421 1687 3572 1759 quod

251 1776 315 1829 τὸ
347 1777 732 1848 σπειρόμενον
771 1777 858 1830 διὰ
895 1777 988 1830 τοῦ
1036 1778 1283 1849 ποταμοῦ
1316 1777 1717 1851 ξηρανθήσεται
1747 1780 1857 1832 άνε-

1973 1778 2275 1833 seminatur
2314 1780 2381 1832 ad
2413 1776 2637 1845 ﬂumen,
2673 1789 2888 1835 arescet
2932 1788 2988 1834 et
3020 1789 3188 1835 vento
3229 1779 3454 1849 peribit.
3496 1779 3566 1834 Et

257 1867 574 1941 μόφθορον.
605 1870 718 1923 Καὶ
755 1870 1099 1936 στενάξουσιν
1125 1873 1173 1925 οἱ
1202 1871 1398 1935 ἁλιεῖς,
1427 1872 1521 1924 καὶ
1552 1871 1857 1938 στενάξουσι

1973 1880 2190 1942 gement
2227 1870 2552 1941 piscatores,
2607 1882 2662 1925 et
2709 1879 2928 1940 gement
2961 1885 3151 1926 omnes
3199 1871 3292 1941 qui
3347 1871 3574 1926 mittunt

253 1961 472 2024 πάντες
503 1963 560 2015 oi
592 1961 880 2032 βάλλοντες
915 1961 1212 2035 ἄγκιστρον
1241 1965 1321 2027 είς
1355 1965 1449 2016 τὸν
1485 1963 1752 2035 ποταμὸν,
1777 1965 1857 2017 ui

1975 1961 2195 2016 hamum
2233 1963 2285 2015 in
2329 1961 2550 2024 ﬂumen.
2587 1971 2639 2017 et
2683 1964 2777 2033 qui
2825 1964 3052 2017 mittunt
3089 1977 3344 2033 sagenas,
3380 1972 3439 2018 et
3471 1964 3567 2033 qui

251 2053 301 2106 οί
333 2052 643 2124 βάλλοντες
670 2055 911 2126 σαγήνας
939 2055 1036 2108 καὶ
1068 2055 1392 2126 ἀμφιὼλείς
1417 2055 1798 2128 πενθήσουσιν.
1846 2076 1857 2108 l

1973 2053 2196 2108 mittunt
2237 2054 2402 2120 retia,
2465 2054 2748 2122 lugehunt.
2801 2073 2820 2106 ι
2865 2053 2962 2108 His
3003 2055 3374 2108 omnimodam
3416 2055 3568 2110 arbi-

251 2145 517 2218 Παντελῆ
549 2146 612 2200 δὲ
651 2141 804 2216 οἴμαι
848 2146 1113 2219 ξηρασίαν
1158 2146 1367 2201 ὑδάτων
1413 2147 1504 2201 διὰ
1545 2149 1752 2203 τούτων
1781 2165 1857 2220 ση‹

1974 2151 2089 2196 tror
2137 2157 2402 2212 aquarum
2456 2143 2770 2198 siccitatem
2825 2143 3096 2210 indicari,
3155 2145 3229 2198 ita
3283 2155 3345 2200 ut
3389 2160 3569 2216 neque

255 2235 507 2305 μαίνειν,
548 2235 630 2298 ὡς
669 2235 801 2306 μηδὲ
847 2235 994 2306 ῐχνος
1024 2235 1245 2290 νοτίδων
1288 2236 1500 2290 ὑδάτων
1533 2238 1670 2310 μήτε
1698 2239 1756 2290 ὲν
1789 2235 1857 2307 τᾷ

1971 2234 2259 2305 vestigium
2301 2234 2548 2290 humoris
2586 2249 2776 2304 aquae,
2818 2234 2902 2289 vel
2939 2236 2990 2289 in
3028 2235 3220 2300 ﬂuvio.
3257 2237 3341 2292 vel
3381 2239 3435 2292 in
3477 2253 3566 2307 pa-

250 2327 500 2399 ποταμῷ
535 2327 848 2396 φαίνεσθαι,
885 2328 1023 2398 μήτε
1057 2329 1116 2381 ὲν
1151 2327 1230 2398 τῷ
1254 2326 1364 2381 ἕλει
1411 2329 1540 2400 μήτ’
1569 2329 1714 2406 ἀμφὶ
1760 2329 1857 2382 τῶν

1971 2325 2119 2390 lude,
2174 2326 2263 2380 vel
2299 2335 2456 2382 extra
2495 2325 2719 2381 numina
2748 2327 2801 2381 in
2839 2328 3098 2393 circuitu,
3145 2329 3228 2383 vel
3267 2330 3320 2385 in
3361 2331 3564 2394 medio,

251 2419 536 2490 ποταμῶν
564 2417 742 2482 ἐκτὸς,
771 2418 896 2488 μήτ’
917 2420 975 2470 ὲν
994 2417 1142 2488 αύτῷ
1164 2419 1334 2490 μέσῳ,
1361 2420 1486 2491 μήτ’
1507 2421 1565 2472 ὲν
1588 2419 1857 2490 διώρυξιν,

1970 2417 2051 2473 vel
2087 2418 2140 2472 in
2168 2419 2470 2482 canalibus,
2505 2417 2590 2473 vel
2621 2419 2674 2473 in
2712 2420 2870 2489 aquis
2899 2436 3005 2478 non
3039 2419 3356 2490 ﬂuentibus,
3387 2437 3557 2493 appa-

255 2510 392 2583 μήτ’
418 2511 482 2564 έν
509 2510 799 2580 στασίμοις
835 2507 1054 2563 ὕδασιν·
1091 2509 1266 2578 λείψιν
1308 2509 1366 2563 δὲ
1400 2509 1616 2582 ἀθρόως
1659 2511 1857 2565 τούτων

1973 2517 2126 2574 reat,
2183 2507 2279 2562 sed
2319 2509 2566 2563 omnium
2607 2508 2899 2564 confertim
2941 2511 3195 2566 vacuitas
3241 2521 3297 2567 et
3337 2514 3562 2581 penuria

253 2602 486 2658 ἔσεσθαι
531 2602 812 2666 ἁπάντων,
845 2601 923 2665 ὡς
954 2602 1208 2674 μηδαμοῦ
1251 2602 1352 2672 τῆς
1393 2604 1712 2671 Αἰγυπτίων
1762 2609 1857 2676 γῆς

1972 2600 2153 2652 futura
2189 2599 2294 2662 sit,
2347 2598 2421 2654 ita
2454 2609 2514 2654 ut
2557 2601 2611 2654 in
2642 2599 2876 2671 Egypto
2905 2617 3175 2676 nusquam
3215 2618 3373 2673 aqua:
3406 2620 3562 2659 com-

254 2692 435 2748 ῦδατα
483 2694 807 2764 ὑφεστάναι.
854 2693 995 2747 Ἀλλ’
1033 2688 1186 2758 οὗτος
1225 2695 1255 2746 ὁ
1298 2694 1454 2762 λόγος
1494 2696 1591 2748 καὶ
1630 2695 1722 2748 τὸν
1763 2698 1857 2750 οὐκ

1967 2701 2214 2758 pareant.
2249 2690 2448 2748 Verum
2484 2691 2570 2747 hic
2597 2708 2780 2748 sermo
2806 2693 2892 2748 vel
2927 2695 3157 2748 invitum
3182 2710 3456 2766 quemque
3491 2699 3563 2751 ad

254 2787 522 2842 έθέλοντα
548 2786 797 2857 βιάζεται
818 2786 912 2838 ἐπὶ
933 2785 1200 2858 τροπικήν
1229 2785 1579 2857 μεταϐαίνειν
1605 2786 1857 2859 θεωρίαν·

1969 2782 2250 2851 ﬁguratam
2306 2785 2732 2855 speculationem
2788 2787 2838 2840 vi
2894 2788 3202 2857 pertraliit,
3243 2788 3319 2842 ita
3355 2796 3416 2843 ut
3461 2804 3560 2844 ne-

253 2879 407 2933 ῶστε
433 2878 497 2945 ἐξ
527 2877 778 2947 ἀνάγκης
808 2877 1088 2948 ποταμοὺς
1108 2878 1202 2932 καὶ
1231 2878 1400 2932 ὕδατα
1420 2881 1562 2933 νοεῖν
1588 2880 1857 2948 Αίγύπτια

1966 2874 2208 2928 cessario
2253 2887 2350 2942 per
2378 2874 2704 2946 Egyptiaca
2735 2877 2961 2934 flumina
3024 2891 3078 2934 et
3129 2895 3300 2950 aquas
3360 2880 3558 2936 intelli-

255 2972 381 3042 ῆτοι
406 2971 479 3025 τὰ
502 2969 685 3042 πλήθη
707 2971 811 3041 τῆς
837 2969 1220 3040 Αἰγυπτιακῆς
1242 2969 1545 3040 δυνάμεως,
1574 2970 1607 3042 ή
1631 2972 1731 3043 τήν
1765 2970 1857 3041 βα-

1966 2975 2061 3031 gas
2090 2958 2426 3032 Egyptiacze
2456 2966 2712 3034 potentia:
2741 2967 2847 3020 vim
2888 2978 2945 3022 et
2980 2969 3407 3056 multitudinem,
3459 2987 3558 3027 nec

260 3064 475 3118 σιλείαν
517 3062 701 3116 αὐτῶν
748 3061 849 3132 τὴν
898 3062 1064 3115 πάλαι
1110 3060 1360 3132 ποταμοῦ
1403 3062 1560 3133 δίκην
1599 3062 1857 3134 πλημμυ-

1967 3066 2072 3104 ιιοη
2114 3066 2336 3122 regnum
2373 3068 2590 3118 eorum,
2632 3056 2778 3124 quod
2816 3057 2944 3112 olim
2988 3057 3225 3116 ﬂuminis
3261 3061 3436 3115 instar
3462 3077 3556 3116 ex-

261 3154 468 3224 ροῦσαν
493 3154 529 3226 ἢ
559 3153 684 3208 καθ’
714 3153 909 3224 ἑτέραν
953 3152 1200 3225 ἐκδοχὴν,
1238 3154 1340 3224 τὴν
1369 3155 1501 3226 παρ’
1538 3155 1858 3224 Αἰγυπτίοις

256 3247 320 3300 τὸ
343 3246 582 3301 παλαιὸν
603 3244 958 3316 ἀκμάζουσαν
974 3243 1313 3314 φιλοσοφίαν,
1337 3246 1466 3316 περὶ
1490 3240 1559 3317 ῆς
1583 3245 1852 3300 λέλεκται·

263 3355 285 3390 s
327 3339 443 3391 Καὶ
478 3335 776 3407 ἐπαιδεύθη
805 3335 1046 3405 Μωῦσῆς
1081 3335 1232 3409 πάσῃ
1259 3333 1421 3406 σοφίᾳ
1446 3337 1782 3404 Αἰγυπτίων.
1833 3357 1852 3390 s

261 3428 444 3501 Πολλὴ
468 3428 580 3500 γάρ
606 3445 692 3491 τις
711 3423 779 3497 ῆν
801 3426 960 3498 αὑτὴ,
987 3427 1082 3480 καὶ
1108 3427 1281 3496 μέγας
1302 3429 1331 3480 δ
1358 3429 1486 3498 παρ’
1510 3429 1695 3491 αὐτοῖς
1719 3429 1858 3498 ρέων

259 3520 534 3591 ποταμὸς,
563 3521 593 3572 ὁ
630 3519 742 3589 τῆς
770 3520 905 3590 παρ’
951 3518 1135 3581 αὐτοῖς
1182 3517 1607 3589 θαυμαζομένης
1663 3521 1858 3589 σοφίας

259 3610 442 3678 λόγος.
469 3609 679 3663 Τούτου
715 3608 773 3662 δὲ
810 3608 1022 3679 ὑπῆρχε
1071 3609 1211 3678 μέρη
1243 3607 1414 3660 πολλὰ
1447 3625 1859 3680 κατακερματι-

259 3699 497 3772 ζομένου
523 3702 608 3763 είς
630 3698 902 3771 διώρυγας
924 3700 1147 3764 πολλὰς,
1177 3700 1274 3754 καὶ
1301 3702 1382 3764 είς
1411 3700 1638 3766 πολλοὺς
1683 3703 1861 3774 μαθη-

256 3787 360 3852 τὰς
397 3787 511 3840 τῶν
561 3787 686 3841 καθ’
727 3788 956 3841 ἕκαστον
1009 3788 1119 3841 τῶν
1161 3789 1290 3857 παρ’
1325 3789 1511 3851 αὐτοῖς
1562 3790 1856 3861 μαθήσεων

257 3877 457 3947 λόγων,
487 3878 550 3943 ἐξ
577 3871 654 3932 ὧν
677 3878 840 3948 εφυον
861 3880 962 3932 οὐκ
995 3879 1231 3950 ἄμπελοι
1263 3879 1386 3933 οὐδὲ
1423 3879 1624 3943 ὲλαται,
1655 3882 1774 3935 ούδέ
1802 3899 1856 3934 τι

257 3969 369 4022 τῶν
426 3968 724 4042 καρπίμων
764 3969 874 4024 τῶν
915 3971 1228 4039 ἀναγκαίων
1271 3972 1529 4043 δένδρων,
1571 3972 1710 4027 ἀλλὰ
1759 3976 1858 4029 πά-

259 4075 454 4133 πυρος,
497 4061 743 4132 κάλαμος
768 4062 864 4116 καὶ
892 4064 952 4116 τὸ
985 4063 1194 4134 χλωρὸν
1224 4065 1338 4136 ἁχί.
1389 4064 1642 4137 Σαγήνας
1670 4066 1726 4120 δὲ
1751 4068 1850 4120 αύ-

257 4150 368 4204 τῶν
395 4153 616 4222 νοήσεις
650 4151 761 4205 άπὸ
784 4152 885 4221 τῆς
923 4153 1017 4207 τοῦ
1047 4155 1300 4226 Σωτῆρος
1336 4156 1494 4227 ἡμῶν
1536 4157 1856 4230 παραϐολῆς

259 4239 328 4294 δι’
360 4238 431 4314 ἧς
467 4241 690 4313 εἴρηται
711 4259 724 4273 ο
765 4261 783 4294 t
829 4243 1018 4315 Ὁμοία
1046 4245 1193 4298 ἐστὶν
1220 4248 1254 4315 ή
1281 4245 1524 4316 βασιλεία
1555 4249 1664 4301 τῶν
1688 4251 1854 4321 ούρα-

259 4333 366 4386 νῶν
393 4334 611 4404 σαγήνῃ
653 4333 914 4407 βληθείσῃ
937 4338 1018 4400 είς
1052 4337 1150 4408 τὴν
1188 4335 1486 4405 θάλασσαν,
1526 4342 1620 4393 καὶ
1661 4343 1854 4398 συλλα-

259 4422 430 4499 ϐούσῃ
457 4425 572 4478 άπὸ
605 4424 806 4490 παντὸς
837 4427 1024 4494 γένους
1053 4427 1266 4497 ἰχθύων.
1304 4448 1322 4480 ι
1369 4429 1577 4502 Ὥσπερ
1608 4433 1663 4486 δὲ
1699 4437 1756 4487 ὲν
1784 4437 1850 4505 τῇ

1964 3145 2242 3211 undabat;
2286 3146 2400 3200 sive
2449 3150 2751 3204 secundum
2796 3151 2960 3205 aliam
3009 3152 3407 3222 interpretandi
3461 3170 3556 3208 ra-

1966 3237 2190 3297 tionem,
2247 3239 2644 3308 philosophiam
2683 3243 2814 3297 olim
2846 3245 2986 3312 apud
3032 3243 3324 3316 Egyptios
3355 3248 3557 3304 ﬂoren-

1963 3335 2103 3380 tem:
2143 3327 2210 3381 de
2252 3343 2364 3397 qua
2401 3331 2604 3385 dictum
2648 3347 2764 3397 est,
2811 3353 2830 3385 ι
2880 3336 3168 3392 lnstitutus
3208 3348 3294 3393 est
3339 3338 3593 3412 Moyses

1961 3414 2015 3468 in
2057 3418 2203 3469 omni
2239 3419 2510 3487 sapientia
2551 3420 2939 3494 Egyptiorum
2965 3428 3036 3484 ”.
3079 3446 3096 3479 ι
3132 3429 3325 3498 Magna
3355 3434 3557 3503 quippe

1959 3506 2267 3576 antiquitus
2312 3509 2400 3564 illa
2447 3520 2604 3576 erat,
2648 3530 2905 3584 magnum
2950 3517 3023 3573 ibi
3061 3519 3300 3590 ﬂumen,
3357 3538 3555 3594 magna

1958 3613 2175 3668 quoque
2204 3616 2372 3670 penes
2414 3603 2536 3660 illos
2571 3618 2693 3661 erat
2734 3611 3042 3678 sapientiae,
3075 3627 3238 3681 quam
3279 3615 3552 3671 miraban-

1961 3699 2070 3756 tur,
2117 3694 2278 3748 ratio.
2311 3695 2495 3751 hlnltae
2538 3712 2703 3767 porro
2749 3711 2930 3768 partes
2968 3716 3127 3758 erant
3163 3705 3324 3776 hujus
3373 3706 3554 3762 ﬂumi-

1959 3785 2064 3857 nis,
2102 3786 2262 3843 divisi
2295 3805 2490 3857 nempe
2531 3793 2584 3846 in
2619 3793 2817 3850 multos
2839 3797 3096 3863 canales,
3137 3799 3190 3852 in
3227 3799 3426 3856 multos
3467 3804 3552 3857 ni-

1963 3868 2158 3934 mirum
2200 3882 2495 3952 discipulos
2525 3888 2820 3942 sccuudum
2863 3891 3043 3945 varias
3078 3891 3416 3962 singulorum
3465 3895 3550 3949 di-

1957 3971 2258 4040 sciplinas:
2305 3988 2371 4028 ea
2395 3976 2598 4043 quibus
2621 3977 2963 4045 pullulabant
2999 3997 3107 4037 non
3137 3984 3334 4049 vineae,
3369 4000 3550 4057 neque

1958 4061 2134 4128 olivae,
2184 4079 2360 4134 neque
2408 4066 2518 4121 alia
2557 4070 2826 4139 quaepiam
2856 4085 2922 4126 ex
2962 4072 3234 4131 fructibus
3260 4092 3325 4132 ac
3355 4093 3548 4135 neces-

1958 4153 2120 4206 sariis
2174 4153 2509 4223 arboribus,
2560 4157 2655 4212 sed
2701 4173 2968 4228 papyrus,
3019 4164 3262 4220 calamus
3313 4175 3367 4221 et
3423 4169 3546 4224 aelii

1957 4245 2160 4298 virens.
2189 4243 2435 4326 Sagenas
2463 4262 2627 4315 porro
2659 4263 2850 4304 eorum
2885 4252 3163 4324 intelligas
3188 4269 3255 4309 ex
3281 4260 3545 4327 parabole

1957 4318 2325 4400 Salvatorisf
2365 4350 2472 4404 qua
2551 4337 2786 4404 dicitur,
2853 4360 2870 4391 ι
2917 4318 3109 4398 δίκηἱῶ
3165 4354 3248 4399 est
3282 4318 3544 4416 'regnum

1955 4423 2216 4478 caelorum
2244 4440 2465 4494 sagenae
2493 4428 2671 4483 missa:
2694 4430 2747 4484 in
2786 4446 2958 4500 mare,
2993 4447 3047 4489 et
3068 4450 3133 4490 ex
3161 4440 3308 4492 omni
3343 4455 3546 4510 genere

259 4514 550 4587 παραϐολῇ
573 4517 622 4568 oi
650 4515 928 4587 ἄνθρωποι
960 4516 1142 4588 ἰχθύες
1170 4518 1438 4590 εἴρηνται,
1468 4523 1561 4574 καὶ
1586 4528 1796 4596 σαγήν-η
1823 4528 1852 4579 ὁ

1958 4516 2185 4583 piscium
2220 4523 2571 4588 congreganti
2603 4523 2674 4575 ".
2717 4541 2734 4574 ι
2795 4523 3268 4590 Quemadmodum
3303 4545 3436 4587 vero
3484 4535 3539 4590 in

259 4604 384 4675 περὶ
413 4604 525 4673 τῆς
552 4603 830 4674 βασιλείας
857 4607 964 4660 τῶν
994 4607 1240 4679 οὐρανῶν
1280 4609 1634 4678 εὐαγγελικὺς
1657 4613 1811 4683 λόγος
1831 4634 1845 4647 ·

257 4694 430 4760 οὕτως
460 4696 559 4748 καὶ
589 4695 825 4749 ἐνταῦθα
851 4698 884 4767 ή
921 4697 1261 4763 πολύπλοκος
1283 4702 1525 4773 δεινότης
1554 4704 1648 4757 τοῦ
1689 4708 1850 4775 Αίγυ-

259 4785 414 4838 πτίου
468 4783 654 4852 λόγου,
698 4785 784 4856 εἴη
833 4786 899 4839 ἂν
955 4790 1162 4860 σαγήνη
1202 4791 1293 4844 καὶ
1338 4792 1406 4844 τὰ
1460 4793 1849 4868 ἀμφίϐληστρα

256 4877 490 4947 ὁμοίωςο
520 4879 572 4929 oi
601 4877 658 4929 δὲ
690 4883 1110 4952 σαγηνευόμενοι
1134 4883 1272 4953 πρὸς
1311 4884 1492 4938 αὐτῶν
1519 4887 1700 4956 ἰχθύες
1738 4885 1848 4943 εἷεν

256 4969 302 5018 οι
338 4970 462 5030 ταῖς
506 4966 814 5036 ἁπατηλαῖς
856 4971 1188 5040 σοφιστείαις
1231 4974 1310 5036 είς
1358 4977 1464 5027 πᾶν
1504 4972 1645 5039 εἷδος
1683 4978 1845 5031 ἀθέου

254 5057 686 5128 δεισιδαιμονίας
744 5057 1158 5133 ὑποσυρόμενοι.
1216 5063 1503 5131 Στενὰξειν
1572 5066 1702 5134 γοῦν
1753 5071 1846 5122 καὶ

257 5148 553 5220 πενθήσειν
578 5146 826 5213 λέγονται
851 5151 898 5200 οἱ
929 5138 1250 5220 άμφιδολεῖς
1279 5153 1378 5222 τῆς
1403 5155 1702 5223 Αἰγύπτου,
1738 5175 1845 5230 μη-

255 5241 369 5295 κέτι
393 5240 620 5312 ἔχοντες
658 5239 917 5310 ἐργασίαν
943 5243 1032 5296 διὰ
1065 5246 1156 5297 τὸν
1194 5245 1612 5316 ἐπιδημήσαντα
1659 5252 1844 5315 αὐτοῖς

252 5331 490 5403 Χριστὸν
527 5330 627 5383 καὶ
666 5329 768 5398 τὴν
804 5333 983 5384 πᾶσαν
1025 5332 1205 5386 αὐτῶν
1243 5333 1434 5403 σοφίαν
1479 5337 1840 5405 ἀπολέσαντα,

253 5422 394 5476 κατὰ
414 5422 502 5485 τὸ,
531 5440 551 5471 ι
575 5420 788 5473 Ἀπολῶ
805 5423 902 5492 τὴν
927 5424 1117 5491 σοφίαν
1141 5423 1248 5476 τῶν
1266 5426 1465 5494 σοφῶν,
1490 5429 1583 5480 καὶ
1604 5430 1699 5500 τὴν
1727 5431 1842 5483 σύν·

253 5532 363 5569 εσιν
385 5515 501 5569 τῶν
530 5513 772 5566 συνετῶν
790 5513 1056 5569 ἀθετήσω.
1096 5536 1114 5568 ι

324 5800 366 5831 ³⁸
399 5798 598 5854 Matth.
638 5798 816 5864 tv,l9.
891 5802 934 5834 "
964 5805 1085 5860 Act.
1110 5819 1216 5875 τη,
1245 5805 1335 5860 99..
1415 5806 1461 5839 ’⁸
1487 5805 1672 5864 Matth.
1705 5825 1825 5876 xui,
1849 5810 1939 5867 47.

1953 4609 2213 4679 parabole
2250 4611 2501 4668 homines
2535 4629 2632 4683 pro
2661 4617 2920 4686 piscibus,
2939 4632 2990 4674 et
3026 4636 3124 4690 pro
3156 4637 3354 4694 sagena
3371 4642 3540 4682 evan-

1952 4701 2157 4772 gelicus
2203 4703 2269 4757 de
2324 4719 2490 4775 regno
2541 4707 2803 4763 cmlorum
2844 4725 3025 4766 sermo
3080 4714 3315 4782 dicitur,
3377 4717 3447 4773 ita
3487 4728 3539 4776 et

1952 4791 2059 4848 hoc
2093 4794 2214 4849 loco
2255 4796 2528 4867 implicata
2564 4801 2652 4856 illa
2695 4801 3006 4874 Egyptiaci
3047 4812 3316 4866 sermonis
3359 4815 3537 4882 gravi-

1956 4895 2058 4949 tas,
2092 4904 2191 4956 pro
2223 4904 2422 4958 sagcna
2455 4903 2511 4946 et
2547 4895 2752 4950 retibus
2778 4897 3033 4952 similiter
3070 4902 3409 4970 accipiatur,-
3457 4904 3535 4973 pi-

1953 4993 2076 5034 sces
2109 4995 2238 5034 vero
2279 4982 2344 5036 iis
2415 4985 2561 5054 capti
2620 4985 2845 5053 fuerint,
2880 4991 2972 5058 qui
3024 4991 3308 5049 fallacibus
3356 4997 3534 5064 sophi-

1957 5072 2225 5126 smatibus
2272 5073 2325 5127 in
2383 5090 2602 5130 omnem
2648 5078 2827 5148 impiw
2848 5082 3254 5148 superstitionis
3298 5089 3534 5152 speciem

1948 5159 2328 5214 detrahuntur.
2372 5164 2597 5220 Luctum
2639 5181 2772 5236 ergo
2827 5179 2876 5224 et
2916 5171 3192 5239 planctum
3227 5175 3400 5229 acturi
3447 5179 3531 5230 uli-

1945 5260 2144 5304 cuntur
2176 5251 2414 5322 Egyptii
2473 5258 2816 5326 piscatores,
2874 5262 2998 5330 quia
3051 5264 3376 5321 adveniente
3423 5270 3529 5323 sibi

1943 5343 2182 5407 Christo,
2245 5355 2298 5398 ct
2337 5361 2552 5401 omnem
2603 5349 2921 5416 sapientiam
2967 5368 3121 5407 suam
3172 5359 3529 5424 destruente,

1951 5433 2159 5487 nullum
2196 5447 2446 5504 superest
2477 5438 2609 5508 ipsis
2641 5454 2776 5508 Opus
2805 5443 3094 5512 agendum,
3138 5447 3431 5501 secundum
3469 5450 3529 5502 il-

1946 5522 2076 5578 lud:
2121 5544 2141 5576 ε
2183 5526 2409 5581 Perdam
2453 5531 2775 5599 sapientiam
2821 5536 3172 5604 sapientium,
3208 5545 3263 5592 et
3288 5539 3526 5605 pruden-

1949 5620 2077 5673 tiam
2113 5619 2460 5688 prudentium
2497 5622 2813 5693 despiciam.
2846 5643 2866 5675 ι
