4100 6408
582 369 686 426 227

1277 351 1539 413 EUSEBII
1578 342 2050 406 CESARIENSIS
2079 342 2227 397 UPP.
2269 339 2448 395 PARS
2475 337 2564 392 lll.
2594 366 2664 378 —
2690 333 3097 392 EXEGETICA.

3696 327 3801 384 2'28

652 485 812 541 Vens.
840 484 892 538 9.
931 501 950 534 ι
987 481 1053 536 Et
1080 475 1322 533 confusio
1347 471 1712 541 apprehendet
1737 483 1852 529 eos,
1886 465 1977 534 qui
2003 476 2128 531 ope-

2306 477 2324 508 ι
2364 456 2474 508 Καὶ
2503 455 2731 524 αἰσχύνη
2757 451 2981 522 λήψεται
3005 450 3128 511 τοὺς
3151 445 3548 518 ἐργαζομένους
3572 444 3633 496 τὸ
3658 444 3806 498 λίνον

582 587 771 632 rantur
799 575 966 627 linum
1001 568 1239 628 scissile,
1276 573 1332 619 et
1361 563 1449 631 qui
1494 569 1785 630 operantur
1827 559 2070 625 byssum.
2105 571 2123 604 ι

583 669 697 724 Hoc
725 666 908 722 modo
931 672 1109 718 mente
1139 659 1318 728 capias
1345 670 1439 709 eos
1473 654 1564 722 qui
1618 659 1910 721 operantur
1936 647 2127 710 linum,

582 773 756 825 neque
803 757 1013 808 ﬁrmum
1047 749 1187 818 quod
1237 747 1408 815 rumpi
1446 752 1705 812 nequeat,
1760 741 1852 796 sed
1883 739 2128 801 scissile,

583 860 885 902 sermonem
931 840 1176 894 videlicet
1233 837 1548 891 dissolutum
1595 844 1650 886 et
1706 831 2028 893 discissum,
2079 837 2133 882 et

583 940 802 1009 byssum
829 931 1072 988 similiter
1099 947 1113 982 :
1164 927 1288 996 quia
1318 925 1507 980 isthac
1542 925 1608 976 ab
1636 920 1884 1009 Egyptio
1912 917 2133 972 ﬂumine

584 1008 900 1080 fovebantur
964 1028 1020 1072 et
1079 1016 1464 1085 irrigabantur.
1521 1010 1700 1077 Quare
1753 1008 1830 1062 ait
1878 1009 2134 1061 harumce

584 1129 764 1171 rerum
817 1109 1052 1164 artiﬁces
1097 1106 1369 1175 planctum
1425 1102 1695 1162 edituros,
1743 1097 1954 1166 Quando
1991 1095 2132 1148 nulla

585 1204 812 1270 amplius
849 1198 936 1252 illa
969 1195 1244 1266 sapientia:
1279 1206 1390 1246 sua
1417 1190 1484 1244 ad
1521 1190 1776 1242 amictum
1803 1197 1857 1239 et
1885 1194 2132 1238 ornatum

585 1294 717 1363 ipsis
761 1292 1004 1346 aderunt.
1048 1286 1164 1340 Lini
1201 1285 1340 1338 enim
1386 1295 1452 1334 ac
1500 1279 1646 1348 byssi
1692 1277 1842 1342 copia
1885 1285 2133 1330 ornatum

585 1382 688 1437 sibi
722 1388 776 1434 et
805 1381 1176 1433 indumentum
1209 1369 1605 1439 excogitabant,
1637 1365 1892 1433 captiosis
1917 1363 2135 1431 quibus-

584 1473 708 1524 dam
749 1480 804 1522 et
848 1466 1128 1521 fallacibus
1178 1459 1335 1514 dictis
1377 1457 1650 1511 mendacia
1687 1470 1779 1509 sua
1813 1454 2133 1522 operientes.

656 1654 818 1708 Vens.
850 1652 934 1706 l0.
969 1669 988 1702 ‹
1022 1649 1085 1703 Ει
1118 1656 1276 1703 erunt
1303 1647 1394 1716 qni
1423 1654 1714 1714 operantur
1738 1659 1800 1698 ea
1831 1644 1882 1697 in
1914 1643 2133 1699 dolore:

586 1754 640 1797 et
671 1755 858 1795 omnes
893 1741 983 1808 qui
1024 1739 1226 1792 faciunt
1280 1738 1496 1806 zytbum
1532 1736 1802 1799 dolebunt,
1844 1747 1899 1790 et
1946 1738 2137 1790 animis

2235 551 2294 603 τὸ
2330 547 2561 618 σχιστὸν,
2605 547 2700 598 καὶ
2738 544 2865 606 τοὺς
2909 539 3309 611 ἐργαζομένους
3357 537 3456 606 τὴν
3507 536 3721 606 βύσσον.
3777 553 3797 586 ι

2236 641 2392 695 Οὕτω
2426 640 2634 708 νοήσεις
2675 638 2799 698 τοὺς
2844 631 3238 703 ἐργαζομένους
3279 630 3339 681 τὸ
3381 629 3543 690 λίνον,
3576 624 3699 678 οὔτε
3743 625 3804 678 τὸ

2239 732 2460 801 στερρὸν
2490 730 2583 782 καὶ
2614 727 2868 798 ἁῤῥαγές,
2900 722 3036 777 ἀλλὰ
3061 722 3120 774 τὸ
3148 721 3382 792 σχιστὸν,
3414 718 3569 786 λόγον
3603 715 3802 788 δηλαδὴ

2237 819 2584 892 διερρωγότα,
2631 819 2725 870 καὶ
2770 814 3160 885 διεσχισμένον,
3213 813 3306 864 καὶ
3358 809 3454 881 τὴν
3505 808 3699 878 βύσσον
3747 805 3805 858 δὲ

2235 910 2519 972 ὡσαύτως·
2576 909 2697 960 ἐπεὶ
2743 908 2835 960 καὶ
2880 904 3016 959 αὐτὰ
3058 902 3150 956 τοῦ
3197 898 3503 970 Αἰγυπτίων
3555 892 3804 965 ποταμοῦ

2241 1003 2506 1072 μετεῖχεν,
2543 998 2601 1065 ἐξ
2648 996 2814 1051 αὑτοῦ
2861 993 3212 1066 ἀρδευόμενα.
3261 991 3352 1043 Διὸ
3384 989 3475 1042 καὶ
3509 987 3634 1049 τοὺς
3675 983 3806 1039 τού-

2238 1109 2344 1144 των
2386 1092 2547 1161 φησὶν
2584 1090 2819 1160 ἐργάτας
2858 1083 3130 1148 στενάξειν
3174 1085 3202 1136 ὁ
3244 1082 3433 1149 λόγος’
3480 1080 3567 1132 ὅτε
3601 1075 3806 1148 μηκέτι

2240 1182 2422 1244 αὐτοῖς
2455 1179 2589 1251 πρὸς
2618 1177 2906 1249 περιϐολὴν
2949 1174 3042 1227 καὶ
3085 1172 3287 1242 κόσμον
3317 1171 3415 1240 τῆς
3449 1168 3575 1239 παρ’
3618 1167 3805 1228 αὐτοῖς

2242 1272 2431 1340 σοφίας
2462 1269 2531 1321 τὰ
2557 1267 2642 1322 διὰ
2687 1267 2887 1319 τούτων
2921 1265 3210 1334 ὑφάσματα
3239 1262 3553 1331 ηὑπόριστο,
3591 1256 3689 1309 Διά
3721 1255 3806 1307 λί-

2240 1380 2329 1415 νου
2373 1361 2480 1430 γὰρ
2527 1359 2713 1429 ὥσπερ
2759 1359 2850 1411 καί⁵
2893 1355 3087 1425 βύσσου
3137 1354 3335 1422 κόσμον
3377 1351 3468 1403 καὶ
3514 1346 3806 1418 περιϐολὴν

2242 1453 2450 1512 ἑαυτοῖς
2478 1449 2750 1510 ἐπενόουν,
2787 1447 3025 1507 πιθανοῖς
3054 1461 3161 1496 τισι
3187 1444 3279 1496 καὶ
3310 1441 3602 1512 ἀπατηλοῖς
3625 1438 3807 1507 λόγοις

2243 1543 2301 1593 τὸ
2334 1542 2461 1609 παρ’
2496 1541 2676 1600 αὐτοῖς
2706 1538 2898 1607 ψεῦδος
2923 1535 3308 1594 καλύπτοντες.

2317 1650 2335 1680 ι
2372 1632 2479 1684 Καὶ
2518 1632 2726 1682 ἔσονται
2772 1632 2821 1682 oi
2856 1628 3204 1698 ἐργαζόμενοι
3242 1625 3377 1678 αὐτὰ
3406 1625 3462 1677 ἐν
3496 1622 3673 1694 ὀδύνῃ·
3713 1620 3810 1673 καὶ

2247 1721 2445 1785 πάντες
2490 1723 2538 1773 οἱ
2577 1721 2853 1782 ποιοῦντες
2900 1718 2989 1771 τὸν
3034 1716 3190 1780 ζύθον
3239 1715 3656 1785 λυπηθήσονται,
3711 1711 3808 1765 καὶ

587 1831 799 1886 cadent.
838 1849 858 1881 ι
906 1803 1176 1884 Cemitum
1211 1803 1454 1880 edituros
1485 1826 1561 1879 ait
1606 1825 1978 1893 quilaciunt,
2032 1843 2135 1879 non

2242 1812 2334 1873 τὰς
2378 1810 2550 1880 ψυχὰς
2594 1810 2900 1862 πεσοῦνται.
2938 1826 2956 1858 ι
3005 1805 3283 1872 Στεναξειν
3324 1805 3381 1857 δὲ
3422 1803 3626 1867 πάντας
3673 1803 3810 1873 φησί

586 1922 768 1974 vinum
801 1935 865 1974 ex
895 1918 1026 1980 vite,
1069 1917 1162 1971 sed
1205 1915 1576 1985 Egyptiacum
1617 1915 1864 1984 zythum,
1897 1915 2038 1983 quod
2088 1925 2142 1968 et

588 2013 760 2080 ipsum
806 2009 1044 2078 spurium
1103 2017 1219 2060 erat
1275 2015 1331 2059 et
1392 2005 1693 2070 turbidum;
1741 2021 1847 2073 quo
1902 2005 2141 2076 Egyptii

589 2111 719 2170 potu
754 2100 1060 2164 utebantur,
1122 2107 1408 2165 antequam
1457 2095 1588 2164 ipsis
1633 2096 1911 2150 adveniret
1959 2096 2142 2150 Durni-

592 2204 723 2244 nus.
758 2188 871 2242 Hoc
899 2201 1060 2254 porro
1091 2186 1414 2249 declinante,
1441 2185 1561 2254 jure
1588 2186 1787 2239 dicitur
1811 2183 2050 2238 futurum
2085 2193 2143 2239 ut

588 2278 709 2348 ejus
748 2276 984 2330 artiﬁces
1029 2275 1298 2343 planctum
1346 2275 1509 2328 edant
1571 2283 1627 2327 et
1672 2274 1867 2328 animis
1903 2273 2140 2328 doleant.

589 2367 716 2422 l‘lac
750 2381 877 2421 vero
907 2380 1160 2434 passuros
1188 2364 1549 2419 comminatur
1581 2363 1796 2434 Egypti
1836 2363 2139 2433 sophistas,

587 2459 737 2528 ινιὴὶ
766 2457 1022 2520 artiﬁces,
1059 2471 1123 2510 ac
1170 2457 1260 2510 liui
1289 2456 1514 2511 scissilis
1565 2456 1816 2525 byssique
1859 2458 2140 2524 operarios

588 2559 644 2602 et
670 2548 892 2619 piscium
927 2556 1192 2616 captares,
1243 2548 1334 2616 qui
1381 2545 1759 2616 Egyptiacum
1811 2545 2042 2611 ﬂumen,
2092 2555 2146 2603 et

589 2639 925 2710 Egyptiaca
961 2638 1236 2706 sapientia
1265 2652 1567 2694 sermonem
1597 2637 1830 2694 sollicite
1866 2646 2142 2694 curarent.

661 2815 820 2872 Vsus.
857 2816 943 2870 ll.
998 2835 1016 2867 ι
1075 2815 1141 2870 Ει
1193 2816 1341 2871 stulti
1383 2827 1540 2872 erunt
1583 2818 1853 2890 principes
1891 2816 2140 2887 Taneos,

588 2910 858 2980 sapientes
888 2908 1184 2963 consiliarii
1237 2909 1414 2978 regis,
1455 2911 1739 2964 consilium
1780 2926 1966 2966 eorum
2011 2911 2148 2966 inla-

589 2999 848 3054 tnabitur.
891 3017 910 3049 δ
953 2996 1027 3052 Ibi
1068 2999 1214 3052 enim
1253 3001 1482 3054 maxime
1521 3002 1671 3070 prius
1715 3005 2024 3060 substitisse
2071 3006 2148 3060 ait

590 3101 779 3142 omnes
825 3087 1101 3143 diabolica
1158 3088 1476 3147 idololatria
1531 3095 1868 3165 praestigias:
1919 3096 2146 3152 ibidem-

2238 1905 2360 1966 τοὺς
2405 1903 2684 1964 ποιοῦντας
2717 1903 2775 1954 ού
2815 1901 2905 1952 τὸν
2946 1899 3003 1963 ἐξ
3046 1897 3286 1966 ἀμπέλου
3327 1892 3486 1958 οἶνον,
3531 1893 3667 1948 ἀλλὰ
3715 1892 3810 1945 τὸν

2241 1995 2601 2062 Αἰγυπτιακόν
2633 1994 2817 2058 ζύθον·
2862 1992 2920 2055 ὃς
2947 1993 3039 2044 καὶ
3071 1990 3229 2052 αὐτὸς
3256 1989 3407 2051 νόθος
3437 1983 3503 2058 ἦν
3535 1988 3627 2039 καί.
3655 1985 3810 2037 τεθο-

2241 2084 2478 2154 λωμὲνος
2499 2101 2512 2114 ο
2541 2077 2584 2151 ᾧ
2613 2085 2904 2154 ἐκέχρηντο
2937 2083 3054 2134 ἀντὶ
3095 2080 3256 2133 ποτοῦ
3299 2079 3425 2149 πρὶν
3460 2077 3643 2139 αὐτοῖς
3685 2077 3809 2128 ἐπι-

2242 2176 2480 2248 δημῆσαι
2510 2175 2599 2228 τὸν
2638 2175 2840 2244 Κύριον
2867 2175 2914 2226 οἱ
2943 2173 3244 2241 Αἰγύπτιοι.
3281 2169 3389 2223 Καὶ
3411 2167 3600 2221 τούτου
3632 2166 3689 2220 δὲ
3719 2167 3812 2219 ἐκ·

2243 2266 2529 2329 κλίνοντος,
2557 2266 2777 2328 εἰκότως
2816 2265 3086 2328 στενάξειν
3118 2262 3361 2331 λέγονται
3388 2261 3482 2314 καὶ
3509 2260 3606 2323 τὰς
3629 2257 3812 2329 ψυχὰς

2253 2357 2508 2427 άλγήσειν
2528 2359 2576 2408 οἰ
2599 2356 2786 2408 τούτου
2814 2355 3050 2426 ποιηταί.
3076 2354 3259 2406 Ταῦτα
3289 2354 3385 2424 μὲν
3409 2348 3498 2406 οὖν
3525 2349 3812 2405 πείσεσθαι

2241 2447 2366 2509 τοὺς
2425 2446 2521 2515 τῆς
2567 2445 2840 2514 Αἰγύπτου
2892 2443 3146 2514 σοφιστὰς
3201 2443 3430 2506 ἀπειλεῖ,
3492 2439 3815 2505 ζυθοποιούς

2243 2553 2392 2599 τινας
2422 2536 2515 2590 καὶ
2543 2535 2685 2588 λίνου
2727 2535 2941 2606 σχιστοῦ
2978 2534 3072 2587 καὶ
3104 2533 3297 2605 βύσσου
3327 2533 3580 2605 ἐργάτας,
3611 2529 3814 2601 ἰχθύων

2245 2644 2303 2680 τε
2345 2625 2628 2698 θηρευτὰς,
2669 2626 2760 2679 τὸν
2819 2625 3058 2696 ποταμὸν
3107 2625 3196 2678 τον
3237 2622 3604 2692 Αίγυπτιακδν
3648 2638 3813 2693 περι-

2247 2717 2492 2783 έποντας,
2529 2718 2622 2771 καὶ
2649 2718 2740 2770 τὸν
2769 2717 2868 2785 τῆς
2899 2717 3270 2786 Αἰγυπτιακῆς
3305 2715 3494 2784 σοφίας
3523 2713 3701 2781 λόγον.

2322 2826 2340 2859 ι
2380 2807 2489 2860 Καὶ
2521 2805 2691 2878 μωροί
2714 2805 2922 2858 ἔσονται
2951 2806 2998 2856 οἰ
3024 2804 3279 2875 ἄρχοντες
3305 2803 3539 2863 Τὰνεως,
3571 2801 3621 2854 οἰ
3655 2799 3815 2868 σοφοὶ

2250 2896 2539 2969 σύμϐουλοι
2560 2896 2654 2949 τοῦ
2683 2895 2962 2967 βασιλέως,
2995 2896 3026 2964 ἡ
3054 2894 3213 2964 βουλὴ
3247 2893 3421 2946 αὐτῶν
3459 2890 3816 2962 μωρανθήσε-

2246 3006 2354 3042 ται.
2388 3007 2406 3038 ι
2449 2988 2535 3040 Ἑν
2564 2987 2735 3058 ταύτῃ
2763 2986 2872 3057 γὰρ
2907 2984 3139 3056 μάλιστά
3168 3001 3298 3052 φησι
3327 2984 3424 3054 τὴν
3459 2986 3634 3035 πᾶσαν
3667 2998 3812 3052 μαγ-

2247 3079 2464 3148 γανείαν
2512 3080 2609 3148 τῆς
2649 3078 2964 3147 δαιμονικῆς
3009 3075 3446 3146 εἰδωλολατρείας
3491 3074 3814 3127 συνεστάναι

591 3193 698 3247 que
738 3187 978 3249 tempore
1025 3179 1220 3250 Moysis
1272 3182 1452 3237 sedem
1501 3157 1753 3240 habuisse
1796 3201 1909 3254 eos,
1957 3189 2046 3256 qui
2089 3190 2138 3242 in

2247 3170 2520 3240 πρότερον·
2560 3168 2788 3222 ἐνταῦθα
2815 3168 2870 3220 δὲ
2899 3167 2958 3219 τὸ
3001 3166 3268 3236 βασίλειον
3293 3166 3434 3236 ἔχειν
3460 3167 3584 3230 τοὺς
3621 3167 3678 3217 ἐν
3698 3167 3815 3229 τοῖς

592 3268 824 3338 Egypto
880 3269 1192 3338 regnabant.
1252 3271 1432 3337 Quare
1487 3276 1690 3330 dictum
1746 3287 1828 3333 est
1890 3280 2040 3349 signa
2091 3281 2143 3335 in

589 3374 782 3429 campo
816 3360 1026 3416 Taneos
1054 3363 1196 3416 edita
1238 3362 1425 3430 fuisse,
1459 3375 1566 3421 tam
1615 3367 1820 3440 Moysis
1866 3382 2141 3440 tempore,

591 3463 754 3517 quam
789 3449 842 3503 in
878 3452 1153 3520 prasenti.
1192 3451 1379 3523 Itaque
1408 3459 1787 3525 peregrinante
1820 3462 2046 3522 Domino
2089 3465 2142 3520 in

594 3538 845 3609 Egypto,
881 3556 1001 3595 cum
1038 3541 1356 3612 Egyptiaco
1379 3544 1598 3604 ﬂumine
1624 3552 1785 3604 etiam
1818 3565 2145 3612 memoratos

592 3630 716 3684 illos
746 3631 1012 3702 principes
1052 3634 1323 3690 damones
1368 3637 1706 3696 inlatuandos
1747 3643 1858 3709 ait,
1906 3647 2141 3714 etiamsi,

593 3722 821 3777 absente
865 3723 1113 3788 Domino,
1154 3727 1473 3794 sapientiam
1517 3742 1702 3800 aperte
1740 3733 2141 3801 proﬁterentur.

593 3811 789 3868 Verum
822 3814 868 3868 is
902 3825 1273 3884 argumentum
1307 3819 1434 3888 ipsis
1475 3822 1687 3886 obtulit,
1729 3841 1793 3880 ac
1822 3828 2004 3893 evicit,
2051 3844 2144 3883 eos

593 3904 726 3958 nihil
754 3906 1028 3973 sapientia
1062 3907 1295 3976 habere;
1325 3911 1419 3966 sed
1451 3912 1506 3968 in
1525 3913 1739 3972 Domini
1762 3916 1992 3974 adventu
2020 3934 2145 3974 vere

593 3995 786 4050 stultos
826 4011 964 4050 esse.

661 4172 824 4228 Vens.
862 4173 947 4236 η,
984 4175 1070 4228 l3.
1107 4195 1126 4228 ‹
1159 4175 1434 4243 Quomodo
1473 4183 1656 4238 dicetis
1693 4185 1838 4255 regi,
1867 4186 1987 4241 Filii
2017 4204 2146 4256 prua

589 4262 809 4316 (lentum
835 4279 953 4327 nos,
986 4267 1078 4320 ﬁlii
1107 4283 1312 4338 regum,
1335 4271 1425 4338 qui
1471 4274 1536 4325 ab
1575 4274 1726 4329 initio
1759 4276 2014 4331 fuerunt?
2044 4279 2143 4333 Ubi

2245 3259 2519 3323 Μωῦσέως
2560 3258 2770 3330 χρόνοις
2816 3256 3192 3327 βασιλεύοντας
3236 3255 3337 3326 τῆς
3380 3257 3676 3325 Αἰγύπτου.
3720 3252 3812 3308 Διδ

2243 3349 2488 3403 λέλεκται
2528 3350 2585 3401 ἐν
2617 3349 2782 3419 πεδίῳ
2816 3348 3032 3412 Τάνεως
3065 3347 3132 3400 τὰ
3174 3351 3372 3418 σημεῖα
3411 3347 3708 3416 γεγονέναι,
3740 3347 3811 3401 τὰ

2245 3441 2336 3492 ἐπὶ
2364 3438 2641 3501 Μωῢσέως
2683 3440 2777 3492 καί
2805 3439 2899 3490 ἐπὶ
2929 3437 3024 3491 τοῦ
3058 3437 3339 3508 παρόντος.
3364 3436 3664 3509 Τοιγαροῦν
3691 3440 3814 3492 ἐπι-

2241 3531 2580 3602 δημήσαντος
2608 3529 2700 3584 τοῦ
2747 3530 2954 3601 Κυρίου
2996 3533 3062 3601 τῇ
3094 3530 3373 3601 Αἰγύπτῳ,
3414 3530 3508 3582 σὺν
3541 3527 3618 3599 τῷ
3643 3529 3813 3597 Αἰγυ-

2243 3623 2383 3693 πτίῳ
2449 3621 2676 3693 ποταμῷ
2732 3622 2827 3675 καὶ
2883 3623 3009 3686 τοὺς
3075 3619 3410 3692 δηλωθέντας
3463 3620 3813 3690 ἀρχοντικοὺς

2242 3713 2498 3784 δαίμονάς
2525 3729 2673 3776 τινας
2708 3710 3154 3783 μωρανθήσεσθαί
3187 3727 3340 3783 φησι,
3377 3712 3579 3781 καίπερ
3616 3710 3810 3779 σοφίαν

2245 3803 2750 3874 ἐπαγγελλομένους
2797 3805 2887 3856 ὅτε
2941 3804 3000 3856 ού
3057 3803 3236 3873 παρῆν
3289 3803 3468 3865 αὐτοῖς
3514 3802 3542 3853 ό
3581 3801 3807 3870 Κύριος.

2257 3894 2416 3948 Ἀλλὰ
2458 3895 2565 3962 γὰρ
2613 3895 2828 3965 ἔλεγχον
2869 3896 3050 3958 αὐτοῖς
3099 3896 3394 3966 ἐπήγαγεν,
3435 3894 3508 3958 ὡς
3552 3892 3809 3963 οὐδεμιᾶς

2248 3986 2490 4054 μετεῖχον
2522 3983 2739 4051 σοφίας’
2778 3984 2949 4054 μωροὶ
2986 3984 3042 4038 δὲ
3085 3979 3227 4055 ἦσαν
3270 3980 3481 4055 άληθῶς
3519 3983 3579 4035 ἐν
3606 3985 3671 4054 τῇ
3711 3982 3808 4036 τοῦ

2246 4075 2450 4146 Κυρίου
2480 4076 2750 4145 παρουσία

2320 4186 2338 4217 ι
2380 4166 2502 4231 Πῶς
2531 4167 2699 4236 ἐρεῖτε
2731 4166 2809 4237 τῷ
2832 4166 3053 4235 βασιλεῖ,
3079 4167 3198 4221 Υἱοί
3227 4165 3462 4221 συνετῶν
3491 4153 3674 4237 ἡμεῖς,
3699 4167 3808 4220 υἱοὶ

2246 4259 2503 4329 βασιλέων
2544 4258 2651 4311 τῶν
2686 4259 2743 4323 ἐξ
2772 4259 2973 4329 άρχῆς;
3001 4259 3110 4312 Ποῦ
3149 4260 3254 4312 εἱσι
3279 4258 3374 4312 νῦν
3416 4259 3463 4312 oi
3495 4259 3648 4328 σοφοί
3679 4276 3808 4325 σου;

593 4367 733 4405 nunc
755 4354 1016 4420 sapientes
1045 4358 1116 4410 tui
1139 4358 1161 4411 ?
1183 4368 1236 4413 et
1260 4362 1576 4416 annuntient
1604 4365 1718 4427 tibi,
1736 4374 1790 4419 et
1813 4368 1989 4421 dicant
2016 4370 2138 4437 quid

2244 4350 2333 4402 καὶ
2375 4348 2847 4417 ἀναγγειλάτωσάν
2895 4367 2993 4412 σοι,
3034 4350 3123 4403 καὶ
3178 4352 3489 4403 εἰπάτωσαν
3528 4351 3580 4402 τί
3619 4349 3811 4420 βεϐού-

591 4443 799 4534 eonsilii
847 4445 1018 4534 inierit
1057 4446 1311 4534 Dominus
1346 4450 1582 4505 Sabaoth
1631 4468 1789 4523 super
1831 4456 2138 4526 Egyptum.

2242 4441 2421 4494 λευται
2463 4440 2664 4508 Κύριος
2710 4439 2934 4493 Σαϐαὼθ
2978 4441 3061 4492 ἐπ’
3099 4441 3392 4508 Αἴγυπτον.
3451 4440 3726 4507 Ἐξέλιπον
3758 4443 3808 4495 οἰ

594 4529 909 4584 Defecerunt
939 4533 1203 4602 principes
1224 4533 1451 4601 Taneos,
1471 4546 1524 4589 et
1545 4537 1762 4591 exaltati
1797 4553 1920 4593 sunt
1940 4543 2138 4610 princi-

2242 4531 2497 4602 ἄρχοντες
2535 4531 2771 4594 Τάνεως,
2803 4530 2894 4583 καί.
2939 4529 3229 4601 ὑψώθησαν
3272 4535 3318 4584 οἰ
3355 4532 3608 4603 ἄρχοντες
3651 4533 3808 4603 Μέμ-

591 4634 686 4687 pes
712 4619 1032 4686 Mempheos,
1052 4635 1106 4675 et
1126 4638 1308 4678 errare
1327 4624 1522 4682 facient
1538 4626 1826 4696 Egyptum
1849 4632 2138 4686 secundum

2243 4638 2402 4689 φεως,
2429 4621 2520 4680 καὶ
2559 4621 2888 4690 πλανήσουσι
2917 4621 3013 4690 τὴν
3056 4620 3327 4688 Αίγυπτον
3372 4622 3510 4676 κατὰ
3555 4623 3746 4691 φυλάς.
3782 4644 3801 4675 ι

595 4707 782 4760 tribus.
815 4725 832 4757 ι
863 4707 993 4762 Cum
1029 4725 1132 4764 non
1155 4711 1379 4780 amplius
1417 4729 1594 4784 regem
1628 4715 1891 4781 habeatis,
1920 4733 2138 4787 quomo-

2242 4712 2449 4783 Μηκέτι
2485 4711 2592 4782 γάρ
2629 4711 2963 4782 ὑπάρχοντος
2997 4711 3122 4780 ὑμῖν
3165 4712 3444 4781 βασιλέως,
3480 4731 3595 4777 πως
3624 4708 3808 4769 οἷοίτέ

591 4793 661 4848 do
685 4796 907 4862 patestis
937 4797 1002 4851 de
1035 4801 1311 4867 prudentia
1330 4801 1545 4870 gloriari
1561 4803 1585 4856 τ
1602 4804 1876 4869 Quomodo
1899 4817 2135 4861 veterum

2242 4802 2360 4855 ἐστε
2388 4803 2479 4854 ἐπὶ
2501 4802 2709 4855 συνέσει
2736 4803 3089 4873 σεμνύνεσθαι
3109 4820 3123 4868 ;
3147 4803 3270 4867 Πῶς
3295 4804 3350 4856 δὲ
3377 4805 3524 4867 υἱοὺς
3542 4803 3808 4873 βασιλέων

593 4898 773 4949 regum
815 4884 955 4937 tilios
977 4901 1071 4940 vos
1112 4902 1230 4942 esse
1267 4890 1477 4954 dicitis,
1512 4890 1699 4958 Orum,
1738 4893 1841 4949 Isin
1881 4908 1934 4950 et
1963 4895 2138 4952 Osirin

2242 4891 2480 4944 παλαιῶν
2519 4892 2743 4956 ἑαυτοὺς
2785 4889 2920 4946 είναί
2961 4910 3116 4961 φατε,
3157 4889 3344 4964 Ὧρον,
3381 4895 3472 4947 καί.
3513 4897 3668 4961 Ἶσιν,
3712 4901 3808 4951 καὶ

589 4985 646 5028 et
673 4973 980 5043 Typhonem
1013 4977 1349 5044 objicientes,
1374 4992 1533 5049 atque
1552 4981 1858 5049 iactitantes
1892 4989 2138 5053 deorum,

2242 4984 2453 5055 Ὄσιριν
2474 4982 2894 5053 προϐαλλόμενοι
2911 4986 3004 5037 καὶ
3030 4984 3262 5052 Τυφῶνα
3281 4984 3414 5055 (25),
3432 4987 3521 5039 καὶ
3540 4987 3693 5051 θεῶν,
3713 4992 3807 5044 καὶ

594 5065 810 5115 heroum
849 5073 902 5116 et
927 5077 1252 5120 mortuorum
1292 5083 1486 5135 genera
1526 5071 1650 5124 olim
1683 5073 1736 5126 in
1777 5073 2007 5146 Egypto
2041 5078 2138 5131 im-

2242 5073 2452 5145 ήρώων,
2489 5075 2583 5126 καὶ
2626 5073 2830 5127 νεκύων
2862 5075 2989 5146 γένη
3022 5076 3317 5145 φάσκοντες
3353 5078 3446 5130 τὸν
3488 5079 3651 5132 πάλαι
3676 5082 3807 5152 χρό-

594 5167 810 5220 perasse
839 5171 854 5207 :
881 5170 1105 5221 quorum
1138 5159 1355 5213 deorum
1377 5168 1430 5213 et
1461 5175 1638 5230 regum
1677 5179 1790 5228 vos,
1831 5182 1882 5219 in
1913 5168 2138 5237 prophe-

2242 5184 2330 5219 νον
2367 5168 2464 5236 τῆς
2507 5164 2778 5233 Αἰγύπτου
2827 5167 3246 5236 κεκρατηκέναι,
3287 5161 3361 5220 ὧν
3398 5167 3534 5220 θεῶν
3579 5171 3669 5222 καὶ
3713 5169 3810 5240 βα-

595 5241 662 5290 tia
701 5241 918 5295 indicati
948 5244 1214 5314 principes
1239 5246 1448 5303 Taneos
1477 5259 1530 5303 et
1560 5249 1886 5322 Mempheos,
1921 5256 2059 5310 ﬁlios
2084 5265 2138 5309 et

2245 5257 2433 5309 σιλεων
2455 5257 2602 5319 υἱοὺς
2629 5257 2722 5309 καὶ
2747 5257 3040 5331 ἀπογόνους
3073 5259 3297 5320 ἑαυτοὺς
3322 5254 3460 5310 εἷναί
3490 5275 3626 5327 φατε
3649 5260 3809 5331 ὑμεῖς

597 5339 810 5395 nepotes
838 5347 962 5387 esse
1010 5334 1266 5391 dictitatis
1294 5339 1318 5391 ?
1351 5339 1466 5406 Qua
1511 5343 1715 5396 ratione
1745 5345 1816 5398 dii
1851 5361 1915 5400 ae
1962 5347 2137 5401 omnis

2242 5348 2287 5398 οἱ
2319 5345 2407 5398 διὰ
2446 5347 2544 5416 τῆς
2578 5347 2908 5415 προφητείας
2947 5346 3264 5418 δηλούμενοι
3296 5349 3552 5417 ἄρχοντες
3590 5351 3811 5419 Τάνεως

593 5417 863 5482 sapientia
893 5430 1164 5475 consortes
1192 5438 1308 5480 esse
1333 5428 1570 5495 potestis,
1600 5430 1688 5498 qui
1712 5445 1879 5500 neque
1903 5432 2134 5484 futuram

2245 5437 2337 5485 καὶ
2375 5414 2682 5504 Μέμφεωςς
2713 5436 2834 5499 Πῶς
2873 5437 2916 5488 δ’
2958 5414 3022 5491 ἂν
3054 5414 3200 5507 εἴητε
3229 5414 3398 5506 Osci-il
3429 5441 3608 5494 πᾶσαν
3645 5414 3810 5512 μεταξ
3904 5414 3916 5421 .

595 5518 822 5562 vestram
855 5510 1274 5569 confutationem
1308 5518 1600 5585 pravidere
1622 5519 1701 5573 vel
1722 5523 2010 5588 pradicere
2041 5536 2138 5591 po-

2249 5533 2461 5594 σχοιητε
2514 5525 2722 5593 σοφίαν,
2779 5528 2911 5596 μηδὲ
2967 5526 3250 5596 δυνάμενοι
3311 5529 3616 5598 προγνῶναι
3671 5532 3807 5602 μηδὲ

665 5700 773 5766 (25)
815 5701 861 5758 8.
893 5702 1261 5772 Hieronymus,
1295 5727 1312 5760 ι
1355 5719 1417 5765 ιιι
1440 5710 1565 5768 deos
1587 5720 1831 5772 auctores
1871 5715 2043 5779 gentis
2065 5717 2318 5778 simulent
2347 5720 2516 5781 Oron.
2544 5731 2596 5777 et
2634 5719 2758 5782 lrin,
2792 5732 2846 5778 et
2873 5723 3076 5783 Osirin.
3106 5735 3160 5783 et
3195 5725 3525 5786 Tvuboncm.
3571 5745 3592 5780 ι
