4100 6416
203 367 303 423 229

1194 370 1706 428 COMMENTARIA
1746 368 1811 422 IN
1854 366 2113 424 ISAIAM.
2157 401 2222 409 —
2261 366 2418 422 CAP.
2463 366 2606 424 XIX.

3418 369 3524 430 230

200 493 624 563 προαγορεῦσαι
651 495 756 547 τὸν
802 494 1062 564 ὑμέτερον
1098 492 1319 564 ἔλεγχον
1357 495 1450 547 καὶ
1481 493 1580 562 τὴν
1603 492 1700 562 τῆς
1727 491 1806 562 βα-

1934 493 2107 556 testis,
2142 505 2317 560 neque
2348 488 2668 543 solutionem
2704 487 2851 556 regni
2879 501 3090 550 eorum,
3129 501 3359 555 quorum
3388 502 3520 541 con-

198 583 397 648 σιλςίας
431 587 765 640 κατάλυσιν
793 585 994 638 τούτων
1033 578 1107 638 ὧν
1141 585 1468 655 ιτυγχάνετε
1505 583 1819 652 σύμϐουλοι,

201 676 287 738 οὓς
314 679 412 731 καὶ
438 679 785 752 ἑπιτρίδετε
813 679 1092 742 παντοίαις
1115 679 1346 741 πλάναις
1371 676 1784 748 περιϐάλλοντες
1805 693 1818 739 ;

276 789 297 823 ι
330 769 550 844 Κύριος
604 770 731 841 γὰρ
791 772 1050 841 ἐκέρασεν
1097 771 1282 833 αὐτοῖς
1345 769 1563 839 πνεῦμα
1618 769 1822 839 πλανή-

212 873 364 924 σοως,
398 862 503 913 καὶ
548 859 886 931 ὲπλάνησαν
928 861 1022 932 τὴν
1077 860 1351 928 Αιγυπτον
1387 862 1445 913 ὲν
1512 862 1645 912 πᾶσι
1708 861 1820 920 τοῖς

208 949 388 1020 ῑργοις
411 951 638 1014 αὐτῶν,
676 951 756 1014 ὡς
797 951 1061 1004 πλανᾶται
1086 954 1114 1004 6
1147 951 1360 1020 μεθύων
1422 952 1514 1004 καὶ
1581 951 1610 1001 6
1669 949 1819 1017 ἐμῶν

208 1041 338 1110 ἅμα.
383 1060 403 1092 ι
440 1039 877 1111 Τεκμαίρεσθαι
905 1040 959 1093 δέ
993 1042 1109 1092 ἐστι
1135 1040 1306 1110 ταύτῃ
1343 1041 1442 1109 τῆς
1504 1038 1673 1109 μέθης
1721 1037 1818 1106 τὴν

208 1131 518 1203 ὑπερὸολὴν
543 1133 670 1186 άπὸ
701 1131 797 1184 τοῦ
832 1132 962 1203 μηδὲ
991 1132 1195 1202 ὁμοίως
1226 1133 1338 1193 τοῖς
1365 1130 1571 1192 λοιποῖς
1606 1128 1817 1200 ἀνθρώ-

206 1239 324 1286 ποις
353 1223 869 1294 είδωλολατρεῦσαι
898 1224 1118 1285 αὐτοὺς,
1153 1224 1408 1275 ἐκπεσεῖν
1447 1221 1503 1274 δὲ
1532 1222 1624 1275 καὶ
1656 1220 1815 1290 μέχρι

202 1315 296 1384 τῆς
323 1317 442 1368 τῶν
466 1316 702 1384 ἀλόγων
737 1314 890 1379 ζώων
928 1316 993 1369 ἂν
1028 1315 1489 1383 είδωλοποιήσεως
1520 1331 1532 1343 ⁸
1595 1315 1676 1366 διὸ
1741 1312 1818 1365 λέ-

203 1407 410 1472 λεκται,
449 1426 472 1460 ι
506 1409 605 1471 Ὠς
642 1408 912 1463 πλανᾶται
941 1410 969 1460 6
1003 1405 1220 1477 μεθύων
1244 1407 1337 1460 καὶ
1363 1407 1391 1458 ὁ
1423 1404 1570 1475 ὲμῶν
1617 1405 1753 1474 άμα.
1792 1423 1809 1454 ι

473 1500 598 1552 τινὶ
669 1498 814 1572 μέθῃ
872 1498 969 1560 τὰς
1005 1497 1114 1551 τῶν
1147 1497 1460 1566 Αἰγυπτίων
1500 1496 1813 1566 ὲπλάνησαν

203 1588 380 1659 ψυχάς
411 1591 463 1642 ot
488 1587 836 1660 δηλωθέντις
863 1587 1121 1658 ἄρχοντες
1155 1587 1374 1650 Τάνεως
1399 1588 1492 1639 καὶ
1514 1588 1811 1657 Μέμφεως,

202 1675 278 1742 οἷς
328 1682 504 1744 αὐτὸς
551 1683 585 1734 6
633 1681 842 1748 Κύριος
874 1681 1162 1750 πνεύματα
1202 1679 1519 1748 πλανήσεως
1556 1680 1809 1749 ἐκέρασε.

202 1774 466 1843 Δαίμονες
491 1773 613 1844 γὰρ
638 1773 794 1835 ὄντες
820 1774 1046 1843 πονηροὶ
1076 1773 1170 1826 καλ⁸
1198 1773 1456 1841 δυνάμεις
1499 1773 1809 1842 ἀντικείμε-

202 1881 306 1927 vat,
339 1866 579 1919 ἐναντία
613 1864 694 1936 τῷ
727 1863 844 1934 Θεῷ
869 1865 1151 1934 ἐφρόνουν,
1186 1865 1280 1918 καὶ
1321 1864 1609 1934 θεομαχεῖν
1663 1867 1809 1917 ἐπει-

205 1955 395 2025 ρῶντο.
424 1955 526 2007 Διὸ
567 1952 951 2024 παρεδόθησαν
977 1953 1172 2025 πλάνῃ,
1204 1954 1298 2006 τοῦ
1355 1954 1491 2006 Θεοῦ
1525 1955 1810 2024 κρίναντος

202 2046 442 2112 ἐπαξίως
472 2046 586 2116 τῆς
607 2047 879 2117 πονηρίας
918 2046 1099 2099 αὐτῶν
1129 2047 1302 2117 πλάνῃ
1336 2047 1674 2116 παραδοῦναι
1715 2048 1811 2101 αύ-

201 2138 344 2202 τούς.
379 2139 448 2192 Οί
479 2139 542 2193 δὲ
575 2139 680 2210 τὴν
711 2137 860 2208 σφῶν
911 2138 1109 2191 κακίαν
1143 2139 1234 2190 ἐπὶ
1286 2139 1416 2202 τοὺς
1460 2141 1807 2206 Αἰγυπτίους,

201 2229 392 2302 ὥσπερ
430 2230 565 2284 τινὰ
599 2229 680 2284 ίδν
711 2229 1083 2300 θανατηφόρον
1107 2229 1318 2299 διέχεαν
1338 2272 1353 2295 ,
1383 2231 1479 2283 καὶ
1503 2232 1809 2301 ὲπλάνησαν

201 2321 299 2390 τὴν
332 2322 651 2389 Αἴγυπτον,
692 2339 712 2371 ι
753 2319 838 2382 Ὠς
863 2320 1128 2373 πλανᾶται
1168 2323 1196 2372 6
1222 2319 1438 2391 μεθύων
1468 2321 1561 2373 καὶ
1591 2323 1620 2372 6
1660 2322 1810 2392 ὲμῶν

202 2414 337 2484 ἃμα.
373 2434 393 2467 a
436 2412 610 2467 Ἀλλά
654 2411 980 2466 καὶτούτων
1021 2412 1199 2466 αὐτῶν
1256 2413 1420 2484 χάριν
1463 2413 1723 2483 ἐπεδήμει
1782 2416 1811 2466 6

202 2506 410 2576 Κύριος
442 2509 513 2577 τῇ
542 2505 832 2574 Αἰγύπτῳ,
861 2505 968 2569 ἵνα,
995 2506 1195 2569 αὐτοὺς
1227 2506 1322 2576 τῆς
1375 2505 1585 2575 πλάνης
1618 2507 1811 2578 ἀνανῆο

200 2597 300 2666 ψαι
337 2599 609 2670 ποιήσας,
636 2596 855 2669 μακρὰν
884 2597 1064 2651 αὐτῶν
1087 2597 1440 2670 ἁποσκεδάσῃ
1467 2601 1592 2662 τοὺς
1626 2598 1805 2663 λαούς.

276 2798 298 2829 α
327 2779 449 2834 Καὶ
498 2779 602 2833 οὐκ
642 2778 796 2832 ἔσται
840 2779 951 2842 τοῖς
977 2779 1295 2846 Δίγυπτίοις
1326 2777 1488 2850 ἔργον
1513 2777 1541 2830 ὅ
1595 2778 1811 2848 ποιήσει

204 2871 458 2944 κεφαλὴν
498 2872 599 2924 καὶ
663 2869 853 2942 οὐράν,
881 2869 1057 2941 ἀρχὴν
1098 2871 1193 2922 καὶ
1240 2869 1413 2932 τέλος.
1447 2888 1466 2921 ι
1518 2869 1810 2936 Ἀπρακτα

205 2962 314 3033 γάρ
335 2964 528 3027 αὐτοῖς
559 2963 682 3016 ἐστι
701 2962 771 3016 τά
797 2961 1163 3033 ἐνεργούμενα
1185 2963 1252 3015 τά
1277 2961 1449 3015 πολλὰ
1477 2963 1606 3034 παρ’
1627 2962 1810 3025 αὐτοῖς

205 3054 634 3125 ἐπιτελούμενα,
657 3054 736 3117 ὡς
779 3053 914 3124 μηδι
940 3053 1100 3125 ῑργον
1127 3056 1186 3106 ὲν
1206 3054 1394 3116 αὐτοῖς
1440 3054 1577 3124 μήτε
1635 3053 1809 3125 ἀρχὴν

1927 581 2114 636 siliarii
2153 581 2307 643 estis,
2341 594 2479 648 quos
2525 579 2688 633 etiam
2724 578 3062 646 opprimitis,
3097 577 3222 632 dum
3255 578 3525 633 omnimo-

1925 676 2008 729 dis
2033 675 2310 729 erroribus
2344 675 2490 742 ipsos
2521 670 2865 741 complicatis
2890 670 2912 722 ?

1995 766 2159 821 νεκι.
2189 766 2307 821 {Li
2344 766 2600 820 Dominus
2622 765 2765 819 enim
2795 763 3007 817 miscuit
3038 763 3118 818 eis
3154 764 3402 833 spiritum
3431 777 3523 819 er-

1924 861 2085 921 roris,
2118 868 2172 914 et
2196 873 2384 913 errare
2410 858 2654 912 fecerunt
2691 855 2989 927 Egyptum
3021 855 3073 909 in
3101 857 3356 911 omnibus
3395 871 3523 924 ope-

1924 951 2074 1004 ribus
2102 950 2365 1019 ipaorum,
2395 959 2454 1003 ut
2476 960 2625 1003 errat
2663 949 2752 1018 qui
2796 948 2989 1003 ebrius
3015 958 3115 1011 est,
3141 958 3194 1002 et
3231 952 3322 1018 qui
3355 949 3524 1004 vomit

1921 1041 2106 1096 simul.
2149 1061 2166 1092 ι
2200 1040 2337 1095 Hinc
2380 1055 2542 1110 porro
2587 1041 3000 1107 coniectandum
3036 1049 3120 1094 est
3152 1049 3394 1108 quantus
3443 1040 3522 1094 ibi

1923 1133 2087 1186 fuerit
2117 1131 2400 1186 ebrietatis
2448 1146 2729 1193 excessus,
2775 1131 2919 1199 quod
2948 1146 3056 1184 non
3100 1132 3325 1200 perinde
3351 1141 3518 1202 atque

1919 1224 2102 1278 caeteri
2158 1223 2408 1277 homines
2453 1222 2779 1277 idololatria
2819 1223 2986 1277 dediti
3038 1233 3258 1288 essent,
3304 1223 3398 1277 sed
3451 1238 3522 1278 eo

1918 1329 2091 1384 usque
2119 1314 2452 1368 decidissent
2481 1312 2810 1382 impietatis,
2844 1322 2903 1368 ut
2939 1313 3225 1368 brutorum
3269 1314 3521 1368 animan-

1918 1407 2052 1459 tium
2081 1405 2372 1459 simulacra
2401 1405 2682 1469 facerent;
2712 1385 2883 1475 qua’re
2909 1406 3109 1459 dictum
3133 1413 3237 1469 est,
3277 1424 3295 1456 ι
3337 1404 3406 1460 Ut
3427 1419 3519 1460 er-

1918 1505 2003 1551 rat
2033 1497 2126 1566 qui
2163 1498 2343 1552 ebrius
2373 1507 2477 1560 est,
2514 1505 2568 1550 et
2591 1497 2680 1564 qui
2718 1497 2886 1550 vomit
2927 1497 3107 1550 simul.
3145 1517 3163 1549 ι
3206 1497 3287 1551 Ad
3334 1498 3520 1564 hujus-

1916 1589 2401 1644 modiebrietatem
2437 1587 2679 1658 praedicti
2713 1588 2984 1657 principes
3019 1589 3234 1644 Taneos
3269 1599 3323 1645 et
3348 1590 3518 1643 Mem-

1915 1681 2081 1749 pheos
2107 1679 2483 1750 Egyptiorum
2507 1679 2717 1732 animas
2755 1679 3132 1746 deduxerunt,
3159 1682 3353 1750 quibus
3401 1683 3518 1751 ipse

1916 1771 2171 1826 Dominus
2193 1773 2418 1840 spiritus
2451 1772 2656 1826 erroris
2693 1773 2934 1827 miscuit.
2963 1771 3096 1825 Nam
3145 1789 3270 1828 cum
3315 1775 3519 1828 daemo-

1914 1877 2010 1916 nes
2043 1861 2264 1932 maligni
2309 1872 2365 1916 et
2418 1862 2745 1917 adversariae
2795 1871 3092 1931 potestates
3147 1872 3364 1930 essent,
3403 1862 3518 1918 Deo

1911 1953 2224 2007 adversaria
2259 1952 2589 2020 sentiebant,
2623 1968 2685 2008 ac
2713 1961 2904 2007 contra
2934 1953 3098 2008 Deum
3136 1971 3379 2026 pugnare
3420 1971 3517 2012 co-

1912 2044 2202 2099 nabantur.
2240 2043 2602 2110 Quamobrem
2652 2045 2825 2098 errori
2884 2045 3064 2100 traditi
3115 2057 3275 2112 sunt,
3328 2051 3516 2102 decer-

1911 2147 2074 2190 nente
2095 2135 2225 2200 Deo,
2260 2136 2405 2205 quod
2433 2135 2687 2206 nequitia:
2708 2151 2897 2191 eorum
2915 2146 3344 2192 consentaneum
3370 2148 3515 2203 erat,

1911 2235 1971 2278 ut
2000 2225 2173 2279 errori
2206 2225 2571 2281 traderentur.
2619 2225 2698 2280 llli
2747 2242 2878 2280 vero
2912 2227 3195 2291 malitiam,
3233 2244 3331 2283 ceu
3365 2231 3516 2285 virus

1911 2317 2186 2385 quoddam
2241 2317 2584 2382 lethil’erum,
2616 2320 2669 2372 in
2719 2319 3009 2392 Egyptios
3054 2321 3408 2386 diilhderunt,
3456 2333 3516 2378 et

1909 2409 2203 2480 Egyptum
2234 2408 2288 2462 in
2321 2425 2563 2464 errorem
2590 2412 2944 2476 induxerunt,
2979 2431 3000 2464 ι
3040 2411 3109 2468 Ut
3143 2424 3293 2469 errat
3319 2415 3388 2479 is,
3415 2417 3511 2486 qui

1909 2499 2092 2554 ebrius
2117 2508 2220 2563 est,
2253 2508 2307 2553 et
2336 2500 2428 2568 qui
2462 2502 2630 2555 vomit
2658 2501 2837 2555 simul.
2866 2522 2883 2553 ›
2908 2501 3106 2559 Verum
3133 2519 3324 2560 eorum
3345 2521 3514 2562 causa

1911 2588 2050 2643 Deus
2088 2588 2139 2642 in
2175 2588 2409 2660 Ευριο
2449 2591 2926 2660 peregrinabatur,
2963 2607 3043 2658 ut,
3068 2594 3175 2650 illis
3213 2595 3283 2650 ab
3324 2611 3515 2653 errore

1911 2679 2175 2741 deductis,
2203 2680 2432 2749 populos
2464 2681 2529 2734 ab
2555 2682 2634 2735 eis
2657 2684 2844 2751 procul
2890 2685 3212 2740 dimoveret.

1983 2771 2145 2827 Vsus.
2187 2772 2272 2827 15.
2305 2791 2324 2826 ι
2361 2773 2425 2827 Et
2453 2790 2560 2828 non
2608 2777 2714 2829 erit
2745 2774 3019 2845 Egyptiis
3045 2792 3205 2847 opus.
3229 2780 3376 2848 quod
3426 2779 3513 2834 fa-

1909 2863 2018 2918 ciat
2056 2873 2218 2934 caput
2252 2873 2306 2918 et
2338 2865 2588 2928 caudam,
2623 2867 2950 2936 principium
2983 2876 3037 2921 et
3085 2867 3270 2923 ﬁnem.
3311 2889 3331 2922 ι
3367 2868 3513 2926 Infe-

1906 2962 1995 3008 cta
2039 2955 2238 3024 quippe
2280 2965 2409 3008 sunt
2467 2953 2574 3008 illis
2615 2970 2778 3024 opera
2824 2957 2994 3009 multa
3048 2973 3168 3026 quae
3203 2960 3344 3028 apud
3384 2959 3512 3015 illos

1909 3045 2336 3114 perﬁciebantur
2370 3087 2384 3110 ,
2422 3046 2494 3100 ita
2529 3057 2585 3100 ut
2614 3061 2748 3117 Opus
2771 3062 2936 3117 penes
2972 3049 3090 3104 illos
3124 3065 3230 3105 non
3272 3052 3511 3119 reperia-

207 3145 372 3214 ἔχειν,
403 3145 546 3216 μήτε
565 3143 744 3207 τέλος,
773 3142 869 3196 τοῦ
901 3144 1108 3214 Κυρίου
1143 3143 1237 3196 καὶ
1264 3142 1448 3204 τοῦτο,
1480 3141 1556 3204 ὼς
1578 3140 1804 3209 ἀγαθοῦ,

1911 3142 2020 3200 tur,
2059 3138 2201 3204 quod
2231 3137 2314 3191 vel
2346 3137 2666 3206 principium
2699 3137 2782 3192 vel
2814 3137 2974 3192 llnem
3008 3140 3228 3201 habeat.
3256 3139 3510 3207 Domino,

208 3237 622 3307 ἐργασαμένου.
662 3233 840 3287 Πολλά
872 3235 970 3305 μὲν
997 3235 1107 3305 γάρ
1143 3235 1200 3286 ἑν
1226 3237 1291 3305 τῇ
1329 3236 1462 3304 παρ’
1488 3235 1804 3302 Αίγυπτίοις

1911 3237 2096 3297 utpote
2127 3230 2288 3293 bono,
2339 3232 2442 3284 hoc
2474 3233 2544 3285 ita
2588 3242 2902 3301 peragente.
2932 3231 3216 3301 Siquidem
3256 3233 3309 3286 in
3342 3231 3510 3303 Egy-

208 3325 462 3397 πολυθέῳ
491 3325 678 3397 πλάνῃ
711 3323 846 3395 ἔργα
881 3325 1056 3396 ἀρχὴν
1085 3323 1276 3394 ἔχοντα
1305 3323 1373 3396 ἦν
1405 3326 1498 3376 καὶ
1529 3325 1680 3388 τέλος
1718 3342 1805 3378 νο-

211 3419 480 3491 μιζομένῃ
506 3417 826 3488 ἀκολουθίᾳ.
852 3417 1010 3470 Κατὰ
1029 3418 1086 3472 δὲ
1109 3420 1233 3482 τοὺς
1255 3418 1660 3488 δεδηλωμένους
1685 3419 1807 3490 χρό’

208 3525 332 3572 νους
361 3510 464 3580 τῆς
505 3509 607 3562 τοῦ
657 3507 864 3578 Κυρίου
903 3509 982 3572 είς
1028 3510 1224 3572 αὐτοὺς
1267 3511 1566 3581 παρουσίας
1623 3509 1806 3562 ούκέτι

207 3604 434 3658 ῑσεσθαι
457 3603 595 3674 παρ’
625 3602 812 3664 αὐτοῖς
844 3601 1004 3671 ἔργον
1043 3601 1281 3654 τοιοῦτον
1308 3603 1510 3673 πλῆρες
1542 3603 1638 3654 καὶ
1691 3600 1807 3654 ὁλό-

207 3694 412 3766 κληρον
437 3695 532 3748 καὶ
550 3691 796 3745 τέλειον·
833 3689 950 3743 ἀλλ’
977 3693 1025 3744 εί
1053 3693 1148 3745 καὶ
1173 3692 1370 3764 εὑρεθῇ
1410 3692 1462 3745 τί
1494 3710 1644 3755 ποτε,
1674 3689 1804 3744 άκέ-

203 3787 376 3854 φαλον
417 3786 576 3840 ἔσται
607 3785 706 3838 καὶ
727 3784 978 3853 ἄναρχον,
1015 3783 1201 3848 ἀτελές
1239 3785 1297 3838 τε
1331 3785 1425 3838 καὶ
1483 3785 1805 3856 άσυμπέρα-

208 3893 334 3931 οιτον
362 3895 377 3908 ·
423 3877 451 3932 ὃ
501 3875 572 3948 δὴ
631 3876 732 3930 καὶ
785 3875 931 3928 ἐστιν
958 3876 1104 3948 ἔργῳ
1139 3877 1475 3948 παραλαϐεῖν
1499 3895 1512 3907 ·
1556 3877 1679 3930 ἐπεὶ
1710 3876 1804 3929 καὶ

203 3969 486 4024 ὶκλέλοιπε
513 3966 806 4029 παντελῶς
835 3967 1011 4020 αὐτῶν
1039 3970 1072 4038 ἡ
1097 3969 1526 4040 εἰδωλολατρεία.
1561 3967 1803 4022 Τοιαῦτα

203 4061 404 4115 δέὲστι
439 4063 585 4134 μήτε
643 4058 885 4130 κεφαλὴν
929 4059 1072 4130 ἔχειν
1135 4063 1273 4131 μήτε
1323 4062 1473 4126 τέλος
1520 4065 1598 4128 είς
1648 4061 1803 4114 λόγον

208 4134 568 4209 ίκᾶνούυιενα.

283 4350 302 4384 ι
344 4332 422 4404 Τῇ
450 4333 648 4405 ἡμέρᾳ
671 4331 855 4402 ἐκείνῃ
879 4331 1092 4386 ἔσονται
1121 4330 1408 4400 Αἰγύπτιοι
1436 4332 1511 4394 ὼς
1545 4336 1804 4401 γυναῖκες

206 4422 267 4474 ιν
301 4423 494 4494 τρόμῳ
521 4422 624 4474 καὶ
668 4422 730 4476 ὲν
783 4420 932 4490 φόϐῳ
962 4421 1070 4474 ἀπὸ
1127 4422 1415 4493 προσώπου
1464 4425 1564 4492 τῆς
1621 4423 1802 4495 χειρὸς

1908 3320 2083 3387 ptiaca
2108 3321 2397 3374 multorum
2427 3322 2710 3376 numinum
2744 3324 3154 3392 superstitione,
3177 3323 3343 3377 multa
3375 3338 3510 3392 ope-

1907 3425 1966 3464 ra
2022 3411 2344 3480 principium
2393 3421 2448 3466 et
2493 3413 2679 3478 linem,
2725 3414 3023 3468 secundum
3076 3425 3384 3483 reputatam
3435 3414 3510 3477 ibi

1907 3505 2129 3567 seriem,
2171 3505 2463 3560 habebant.
2506 3509 2575 3562 At
2612 3520 2915 3563 memorato
2954 3511 3220 3565 Dominici
3276 3511 3342 3564 ad
3389 3511 3510 3564 illos

1907 3596 2170 3650 adventus
2195 3599 2549 3666 tempore,ait
2581 3615 2686 3653 non
2711 3601 2851 3654 ultra
2881 3601 2997 3655 fore
3028 3617 3195 3670 penes
3222 3602 3343 3659 illos
3372 3617 3509 3672 opus

1907 3685 2213 3755 bujusmodi
2256 3686 2498 3756 plenum,
2541 3690 2813 3760 integrum
2862 3700 2915 3744 et
2946 3692 3288 3759 perfectum;
3329 3696 3425 3748 sed
3459 3695 3507 3749 si

1906 3776 2194 3847 quodpiam
2219 3778 2590 3846 hujuscemodi
2622 3782 2946 3851 reperiatur,
2972 3783 3147 3854 ipsum
3171 3785 3294 3840 sine
3325 3787 3506 3855 capite

1907 3880 1962 3924 et
2001 3872 2292 3941 principio,
2349 3874 2468 3928 sine
2516 3875 2750 3929 termino
2797 3884 2853 3929 et
2903 3876 3010 3932 line
3061 3877 3302 3933 futurum
3356 3893 3501 3934 esse.

1905 3959 2060 4026 Quod
2097 3962 2260 4016 etiam
2318 3963 2434 4031 ipso
2479 3978 2642 4031 opere
2692 3966 3018 4033 completum
3070 3971 3504 4023 animadvertere

1904 4065 1989 4109 est
2015 4073 2028 4122 ;
2061 4071 2183 4110 nam
2221 4057 2528 4112 idololatria
2559 4057 2774 4127 penitus
2795 4060 3013 4118 defecit.
3035 4060 3147 4132 (Μ)
3176 4060 3308 4115 lllud
3340 4076 3504 4132 porro

1904 4157 2010 4212 est,
2031 4163 2205 4217 neque
2239 4162 2401 4220 caput
2429 4167 2604 4223 neque
2641 4155 2801 4208 tinem
2839 4153 3059 4219 habere,
3096 4165 3153 4208 ut
3186 4155 3320 4208 satis
3347 4169 3501 4208 com-

1906 4250 2265 4296 monstratum
2295 4254 2398 4299 εει.

1977 4333 2142 4390 Vens.
2171 4335 2254 4389 16.
2296 4355 2312 4386 ι
2351 4336 2407 4390 In
2445 4337 2532 4392 die
2583 4339 2671 4394 illa
2717 4349 2880 4394 erunt
2921 4338 3162 4411 Egyptii
3194 4339 3343 4394 velut
3380 4355 3501 4394 mu-

1904 4422 2066 4477 lieres
2115 4425 2165 4478 in
2208 4437 2441 4484 tremore
2473 4437 2528 4484 et
2575 4431 2627 4484 in
2678 4431 2870 4486 timore
2906 4447 2934 4485 a
2980 4432 3118 4485 facie
3167 4448 3360 4488 manus
3401 4434 3500 4488 Do-

207 4513 414 4584 Κυρίου
457 4511 717 4574 Σαϐαὼθ,
761 4511 828 4581 ἢν
850 4512 1009 4575 αὐτὸς
1044 4512 1292 4566 ἑπιϐαλεϊ
1335 4513 1536 4576 αὐτοῖς.
1583 4533 1600 4564 ι
1644 4515 1800 4568 Κατὰ

1909 4517 2036 4572 mini
2073 4518 2332 4585 Sabaoth,
2390 4536 2548 4590 quam
2589 4524 2703 4593 ipse
2735 4525 2988 4578 immittet
3036 4523 3163 4578 illis.
3205 4544 3224 4577 ι
3285 4525 3492 4581 Memo-

206 4605 333 4668 τοὺς
360 4603 735 4666 άποδοθέντας
785 4603 1010 4674 χρόνους
1041 4607 1138 4674 τῆς
1163 4603 1403 4671 ἀφίξεως
1447 4604 1540 4658 τοῦ
1598 4606 1800 4678 Κυρίου

205 4696 304 4767 τῆς
325 4699 406 4761 είς
439 4697 741 4764 Αἴγυπτον,
799 4693 984 4748 οὐκέτι
1040 4697 1256 4750 ἔσεσθαι
1306 4687 1420 4762 τοῖς
1480 4699 1800 4766 Αἰγυπτίοις

207 4788 464 4859 φρόνημα
492 4786 773 4857 ἀνδρικὸν,
799 4787 1070 4855 γυναικῶν
1117 4788 1175 4841 δὲ
1225 4789 1380 4860 δίκην
1426 4790 1483 4841 ὲν
1515 4790 1666 4860 φόδῳ
1705 4792 1798 4844 καὶ

208 4881 398 4953 τρόμῳ
419 4880 632 4946 διάξειν
659 4879 842 4932 αὐτῶν
864 4880 954 4933 τὸν
983 4880 1095 4950 βίον
1139 4881 1224 4934 διὰ
1271 4881 1368 4952 τὴν
1416 4883 1798 4936 ὲπαναστᾶσαν

211 4971 394 5034 αὐτοῖς
420 4973 586 5042 χεῖρα
609 4967 708 5021 τοῦ
739 4969 874 5022 Θεοῦ
904 4969 1165 5034 θεσπίζει.
1193 4970 1325 5041 Χεὶρ
1347 4971 1403 5023 δὲ
1452 4971 1655 5043 Κυρίου
1717 4975 1797 5036 τίς

208 5061 276 5116 ἄν
303 5061 527 5132 νοηθείη
557 5060 726 5130 ἑτέρα
753 5059 903 5132 παρὰ
931 5062 1026 5133 τὴν
1053 5063 1350 5133 λεγομένην
1395 5062 1574 5126 δεξιὰν
1611 5065 1796 5131 αὑτοῦ,

208 5151 324 5205 ἀλλ’
371 5151 407 5222 ἢ
456 5149 746 5220 Ῥωμαῖκὴ
804 5148 1031 5220 δύναμις
1089 5151 1404 5217 ὑποτάξασα
1464 5153 1590 5216 τοὺς
1637 5153 1798 5221 Δίγυ-

211 5245 402 5308 πτίους
424 5243 522 5296 καὶ
553 5237 907 5312 ὑποχειρίους
935 5244 1276 5314 ποιησαμένη
1299 5244 1388 5297 διὰ
1418 5243 1514 5314 τὴν
1539 5244 1634 5297 τοῦ
1683 5247 1797 5300 Κυ-

211 5335 327 5406 ρίου
360 5334 706 5405 παρουσίανς
739 5331 898 5386 Οὕτω
920 5333 1028 5404 γάρ
1053 5350 1181 5386 ποτε
1217 5334 1308 5387 καὶ
1333 5337 1362 5388 6
1397 5333 1642 5397 διάϐολος
1660 5336 1798 5405 πρὸς

207 5428 295 5480 τὸν
362 5425 496 5478 Θεὸν
547 5424 960 5495 ἀναγέγραπται
1007 5424 1245 5495 εἰρηκὼς
1301 5426 1430 5497 περὶ
1491 5426 1584 5478 τοῦ
1651 5428 1770 5480 ’1ώό

212 5535 230 5564 ι
271 5516 410 5570 Ἀλλ’
444 5514 775 5573 ἀπόστειλον
815 5515 912 5586 τὴν
939 5515 1097 5587 χεῖρά
1122 5533 1237 5581 σου,
1269 5518 1362 5570 καὶ
1393 5517 1527 5586 ἅψαι
1578 5519 1794 5572 πάντων

202 5601 276 5664 ὧν
302 5608 440 5679 ἔχει,
461 5609 514 5662 εί
553 5607 634 5678 μὴ
666 5607 748 5669 είς
777 5607 1066 5678 πρόσωπόν
1099 5627 1158 5664 σε
1187 5608 1489 5681 εὑλογήσει.
1525 5629 1544 5664 ι
1585 5613 1646 5665 Ol
1686 5613 1797 5674 τοί-

273 5701 316 5729 ’⁷
352 5697 648 5763 10b1,“.

270 5792 385 5864 (Si)
427 5795 614 5851 Locus
644 5793 882 5848 mutilus.

1906 4611 2040 4665 ratis
2089 4612 2352 4667 adventus
2396 4613 2606 4669 Domini
2661 4616 2714 4670 in
2770 4613 3066 4688 Egyptum
3121 4618 3496 4686 temporibus,

1902 4705 2103 4758 nullum
2137 4705 2405 4778 Egyptiis
2432 4708 2671 4765 futurum
2729 4709 2941 4765 virilem
2992 4725 3232 4779 sensum,
3270 4718 3365 4766 sed
3402 4726 3498 4766 eos

1903 4797 2190 4852 mulierum
2227 4801 2399 4854 instar
2437 4801 2491 4856 in
2529 4813 2678 4859 metu
2710 4812 2764 4858 et
2801 4815 3056 4866 tremore,
3093 4804 3163 4858 ob
3207 4804 3497 4858 imminen-

1903 4894 2010 4940 tem
2044 4886 2178 4955 ipsis
2220 4903 2438 4943 manum
2477 4890 2594 4955 Dei,
2619 4893 2782 4946 vitam
2814 4901 3034 4947 acturos
3064 4907 3185 4947 esse
3227 4892 3495 4946 vaticina-

1906 4986 2014 5031 tur.
2063 4977 2251 5034 Manus
2299 4991 2480 5035 autem
2540 4982 2752 5038 Domini
2798 5000 2918 5054 qua:
2969 4985 3071 5037 alia
3122 4993 3341 5053 putetur
3374 4999 3496 5040 esse

1901 5080 2096 5138 praeter
2134 5086 2276 5134 eam.
2307 5088 2427 5144 qua:
2465 5086 2690 5130 vocatur
2721 5079 2941 5131 dextera
2975 5076 3115 5144 ejus,
3159 5079 3263 5130 nisi
3292 5076 3494 5131 Itoma-

1901 5175 2090 5215 norum
2122 5165 2386 5231 potentia,
2411 5181 2528 5233 qua:
2558 5163 2841 5237 Egyptios
2873 5168 3083 5236 subegit
3116 5182 3177 5221 ac
3215 5167 3317 5221 sibi
3362 5165 3494 5222 sub-

1903 5250 2044 5306 ditos
2091 5252 2358 5319 reddidit,
2396 5256 2556 5326 idque
2602 5261 2670 5310 ob
2714 5257 2916 5312 Christi
2973 5259 3318 5324 praesentiam
3355 5257 3377 5308 ?
3413 5257 3490 5312 Ita

1903 5343 2102 5413 quippe
2155 5344 2428 5400 diabolum
2487 5348 2552 5402 de
2596 5347 2699 5402 Job
2755 5348 3064 5415 loquentem
3127 5351 3236 5404 Deo
3287 5350 3491 5403 dixisse

1902 5434 2162 5504 scriptum
2202 5447 2286 5491 est
2326 5453 2338 5489 :
2379 5453 2400 5487 ι
2437 5437 2544 5492 Sed
2587 5439 2738 5492 mitte
2766 5453 2982 5492 manum
3014 5446 3191 5499 tuam.
3236 5447 3291 5492 et
3329 5448 3490 5506 tange

1902 5526 2084 5579 omnia
2119 5540 2238 5594 qua:
2260 5525 2444 5592 habet,
2478 5528 2579 5582 nisi
2618 5528 2671 5582 in
2702 5527 2897 5583 faciem
2924 5529 3209 5583 benetlicat
3235 5528 3328 5581 tibi
3350 5528 3433 5578 ’7?
3461 5545 3482 5578 ι

1907 5614 2006 5682 Qui
2039 5633 2169 5689 ergo
2195 5618 2488 5677 voluntatis
2525 5621 2618 5677 Dei
2659 5621 2727 5676 ad
2767 5617 3169 5689 subjugandum
3199 5617 3486 5689 «Egyptia-
