4100 6396
660 364 759 421 231

1359 359 1624 417 EUSEBII
1662 354 2130 413 CASSARIENSIS
2166 352 2317 409 OPP.
2357 352 2533 409 PARS
2569 352 2654 408 111.
2696 385 2765 397 -
2801 352 3212 411 EXEGETICA.

3788 354 3897 411 23!

660 494 779 537 rum
813 480 1093 549 imperium
1123 479 1353 535 ministri
1388 480 1603 536 fuerunt
1628 519 1643 543 ,
1673 478 1921 533 videlicet
1950 478 2063 547 ipsa
2112 476 2207 531 Ro-

2317 491 2411 527 νυν
2454 475 2902 546 διακονησάμενοι
2938 474 3016 546 τῷ
3059 475 3355 545 βουλήματι
3388 471 3483 526 τοῦ
3530 470 3665 525 Θεοῦ
3705 474 3787 537 είς
3833 473 3895 527 τδ

662 572 803 625 mani
848 565 1120 625 exercitus
1150 571 1408 638 potentia,
1438 584 1627 624 manus
1666 562 1908 624 vocatur.
1944 566 2223 629 Quomodo

662 669 837 712 autem
871 658 1153 713 mulierum
1177 658 1349 712 instar
1397 673 1519 711 cum
1547 658 1737 711 timore
1755 664 1806 712 et
1837 656 2084 727 angustia
2114 655 2221 711 Ro-

661 749 834 800 manis
860 748 1099 801 serviant
1128 745 1366 817 Egyptii
1390 785 1407 813 ,
1452 746 1505 801 id
1541 759 1671 801 sane
1712 759 1817 798 non
1849 744 2099 814 estquod
2124 758 2221 798 ex-

658 839 1007 983 pll;?:.i7.
1035 946 1053 978 ι
1082 926 1148 981 Ει
1174 925 1279 980 erit
1323 926 1472 995 regio
1496 923 1806 979 Judaeorum
1851 922 1905 977 in
1934 930 2220 977 terrorem.

657 1016 971 1085 Quicunque
999 1030 1118 1069 eam
1150 1015 1509 1068 nominaverit
1532 1014 1687 1082 ipsis,
1719 1013 2073 1068 extimescent
2097 1026 2223 1081 pro-

655 1120 777 1178 pter
834 1106 1135 1165 consilium.
1170 1106 1309 1175 quod
1359 1104 1631 1159 consuluit
1674 1104 1931 1159 Dominus
1984 1103 2219 1159 Sabaoth

654 1216 816 1269 super
842 1214 982 1253 eam.
1020 1217 1039 1251 ι
1075 1197 1365 1265 [legionem
1392 1211 1519 1251 vero
1557 1194 1860 1250 Judaorum
1895 1196 1941 1250 si
1975 1195 2218 1263 Scriptu-

654 1307 770 1346 ram
800 1291 1034 1345 divinam
1073 1290 1276 1343 dixeris
1298 1302 1431 1367 .esse
1451 1327 1468 1353 ,
1496 1287 1806 1356 neutiquam
1859 1287 2218 1353 aberraveris,

652 1396 835 1453 quam,
850 1383 918 1436 ob
934 1382 1039 1436 vim
1058 1382 1268 1451 pietatis
1285 1392 1336 1433 et
1359 1379 1503 1441 ﬁdei,
1522 1380 1611 1447 qui
1634 1378 1913 1433 Dominum
1931 1390 2214 1445 noverunt,

650 1489 773 1528 cum
809 1474 1021 1540 timore,
1060 1484 1285 1526 tremore
1320 1480 1375 1524 et
1399 1476 1699 1524 reverentia
1722 1470 1941 1535 adeunt,
1973 1484 2078 1525 non
2106 1485 2221 1523 am-

651 1566 792 1634 plius
813 1575 872 1619 ut
903 1564 1027 1618 olim
1063 1564 1374 1631 blasphema
1406 1562 1550 1615 dicta
1595 1562 1649 1615 in
1700 1576 1817 1615 eaut
1857 1560 2215 1630 proferentes,

650 1657 745 1711 sed
774 1658 844 1710 ob
887 1655 1167 1709 Dominum
1210 1655 1260 1706 iu
1308 1669 1371 1709 ea
1416 1654 1760 1723 praedicatum
1782 1692 1798 1719 ,
1822 1662 2138 1707 venerantes
2163 1666 2217 1712 et

648 1747 905 1802 colentes.
947 1746 1305 1812 Quamobrem
1342 1746 1587 1815 quisquis
1630 1745 1773 1799 illam
1809 1745 1941 1812 ipsis
1977 1759 2215 1798 comme-

2324 565 2689 636 χειρώσασθαι
2712 568 2810 637 τὴν
2836 568 3148 635 Αἰγυπτίων
3175 564 3371 637 ἀρχὴν,
3393 564 3621 635 δύναμις
3663 562 3804 635 αὕτη
3834 565 3894 619 δι

2319 648 2387 723 ἦν
2422 655 2454 723 ὴ
2491 654 2801 723 Ῥωμαϊκοῦ
2829 654 3083 726 στρατοῦ,
3117 656 3238 725 χεὶρ
3260 652 3589 725 ὠνόμασται.
3620 652 3807 713 ὀπως
3835 650 3894 703 δδ

2321 742 2597 811 γυναικῶν
2625 744 2781 813 δίκην
2814 745 2951 815 μετὰ
2981 742 3146 811 φόϐου
3174 742 3267 797 καὶ
3303 742 3540 811 ἀγωνίας
3580 739 3895 794 δουλεύουσι

2332 834 2619 906 Ῥωμαίοις
2649 836 2953 904 Αἰγύπτιοι,
2984 835 3133 889 οὐδὲν
3164 834 3245 887 δεῖ
3272 834 3467 903 λέγειν.

2389 945 2407 977 ι
2449 928 2557 981 Καὶ
2580 926 2732 981 ἔσται
2760 931 2793 999 ή
2829 931 2980 999 χώρα
3004 928 3112 981 τῶν
3150 927 3417 981 Ἰουδαίων
3444 928 3555 989 τοίς
3572 923 3893 993 Αἰγυπτίοις

2318 1019 2399 1080 είς
2430 1019 2714 1090 φόϐητρον.
2759 1021 2872 1083 Πᾶς
2910 1020 2968 1084 ὃς
3022 1020 3117 1073 ἐὰν
3172 1018 3412 1090 ὀνομάσῃ
3460 1017 3627 1087 αὐτὴν
3680 1015 3889 1081 αὐτοῖς,

2318 1107 2713 1178 φοϐηθήσονται
2738 1108 2825 1161 διὰ
2846 1109 2945 1179 τὴν
2978 1107 3191 1179 βουλὴν,
3221 1107 3287 1178 ἢν
3316 1106 3519 1176 Κύριος
3545 1100 3767 1157 Σαϐαὼθ
3800 1100 3894 1171 βε·-

2318 1198 2598 1253 ϐούλευται
2620 1201 2704 1251 ἐπ’
2730 1201 2921 1271 αύτήν.
2947 1219 2965 1251 ι
2996 1200 3191 1270 Χώραν
3220 1198 3277 1251 δὲ
3320 1195 3586 1251 Ἰουδαίων
3612 1194 3709 1265 τὴν
3736 1191 3891 1245 Θείαν

2317 1291 2416 1345 οὐκ
2446 1290 2511 1343 ἂν
2547 1292 2811 1363 ἁμάρτοις
2852 1291 3021 1345 εἰπὼν
3060 1292 3311 1362 Γραφήν·
3365 1290 3433 1360 ήν
3477 1288 3545 1342 δι’
3584 1284 3892 1356 ὑπερϐολὴν

2318 1386 2604 1448 εὐλαϐείας
2643 1386 2735 1438 καὶ
2772 1385 3007 1447 πίστεως
3035 1384 3084 1437 οἰ
3130 1383 3220 1436 τὸν
3253 1380 3454 1452 Κύριον
3515 1376 3890 1445 ἐπεγνωκότες

2319 1478 2456 1547 μετὰ
2479 1476 2642 1546 φόϐου
2678 1476 2770 1529 καὶ
2811 1475 3015 1547 τρόμου
3076 1475 3169 1528 καὶ
3219 1471 3500 1535 εὐλαϐείας
3548 1467 3887 1543 προσίενται,

2315 1563 2500 1616 οὐκέτι
2531 1564 2606 1627 ὡς
2637 1564 2698 1616 τὸ
2744 1564 2871 1635 πρὶν
2928 1561 3369 1633 βλασφημοῦντες
3424 1559 3612 1631 αὐτὴν,
3637 1558 3771 1613 ἀλλὰ
3796 1574 3888 1611 τι-

2319 1654 2526 1723 μῶντες
2556 1654 2648 1707 καὶ
2678 1654 2922 1718 σέϐοντες
2945 1653 3032 1707 διά
3063 1654 3151 1707 τὸν
3197 1654 3255 1706 tv
3311 1652 3448 1721 αὐτῇ
3482 1649 3888 1721 κηρυττόμενον

2318 1745 2521 1816 Κύρων
2538 1762 2552 1775 ·
2584 1746 2664 1800 διὸ
2685 1748 2833 1811 uage
2848 1746 3125 1817 ὀνομάζων
3157 1746 3324 1816 αὐτὴν
3350 1746 3529 1808 αὐτοῖς
3554 1741 3718 1812 φόϐον
3742 1740 3884 1796 Θεοῦ

648 1848 852 1900 morat,
887 1829 1132 1891 timorem
1175 1838 1264 1892 Dei
1298 1838 1430 1906 ipsis
1478 1836 1737 1903 immittit,
1784 1848 1906 1888 nam
1941 1852 1960 1886 ι
1994 1833 2207 1889 Initium

2309 1836 2523 1906 ιμποιεί
2570 1838 2784 1902 αὐτοῖς’
2838 1856 2857 1889 ι
2893 1836 3058 1909 Ἀρχὴ
3081 1857 3100 1890 ι
3139 1838 3249 1909 γὰρ
3286 1857 3305 1890 ι
3329 1838 3519 1907 σοφίας
3570 1835 3730 1906 φόϐος
3761 1836 3884 1891 Κυ-

646 1930 921 1996 sapientize
950 1932 1110 1983 timor
1137 1929 1423 1983 Domini”.
1452 1948 1470 1981 ι

722 2020 880 2074 Vens.
910 2020 995 2075 18.
1037 2039 1056 2073 ι
1096 2020 1151 2073 1η
1184 2021 1271 2075 die
1302 2020 1389 2073 illa
1413 2026 1572 2073 erunt
1605 2018 1843 2088 quinque
1872 2018 2117 2074 civitates
2156 2016 2209 2071 in

648 2120 789 2164 terra
818 2109 1058 2180 Egypti,
1095 2110 1372 2179 loquentes
1408 2109 1588 2179 lingua
1614 2110 2024 2176 Chanaanitide,
2053 2120 2109 2164 et
2128 2110 2210 2181 ju-

646 2211 829 2255 rantes
855 2216 949 2271 per
993 2217 1187 2256 nomen
1237 2201 1443 2255 Domini
1480 2202 1717 2257 Sabaoth
1748 2220 1761 2256 :
1788 2202 1978 2259 civitas
2006 2202 2211 2258 Asedec

644 2292 920 2347 vocabitur
972 2306 1077 2346 una
1128 2292 1335 2346 civitas.
1370 2312 1388 2344 ι
1432 2293 1545 2347 Etsi
1580 2295 1817 2364 quinque
1870 2294 2111 2348 civitates
2155 2294 2209 2348 in

643 2380 895 2435 vaticinio
955 2380 1232 2444 ferantur,
1290 2393 1342 2435 at
1397 2397 1500 2435 non
1568 2381 1917 2451 ignorandum
1974 2391 2055 2436 est
2090 2380 2209 2437 illas

644 2472 882 2541 quinque
929 2485 1087 2524 unam
1120 2483 1258 2526 esse.
1304 2471 1482 2537 Quare
1535 2488 1727 2526 nomen
1780 2488 1942 2525 unum
1968 2472 2208 2527 omnium

646 2561 893 2625 additur,
924 2560 1161 2622 Asedec.
1199 2562 1340 2629 quod
1392 2562 1775 2630 interpretatur
1814 2561 2205 2633 Symmachus,

652 2670 671 2702 ι
706 2651 854 2705 solis.
885 2669 903 2701 ι
943 2650 1112 2716 Quam
1140 2664 1266 2705 vero
1290 2651 1489 2705 dixeris
1520 2666 1637 2706 eam
1660 2666 1799 2719 esse,
1829 2653 1930 2707 nisi
1961 2662 2206 2708 sanctam

644 2742 739 2797 Dei
771 2740 1081 2801 Ecclesiam,
1132 2755 1249 2809 qua:
1283 2742 1573 2795 secundum
1626 2741 1769 2797 LXX
1815 2745 2034 2813 quidem
2070 2744 2207 2799 dici-

644 2841 736 2887 tur
760 2832 982 2895 Asedec,
1012 2833 1155 2897 quod
1202 2830 1487 2902 signiﬁcat,
1524 2850 1545 2883 ι
1582 2832 1838 2900 justitim;
1870 2852 1888 2884 ι
1914 2835 2206 2889 secundum

644 2923 1026 2993 Symmachum
1070 2937 1232 2985 vero,
1271 2939 1290 2972 ι
1350 2922 1499 2982 solis.
1550 2941 1569 2975 ι
1612 2923 1677 2977 de
1713 2938 1818 2992 quo
1860 2925 2059 2979 dictum
2100 2934 2206 2989 est,

649 3028 671 3062 ι
710 3009 1045 3065 Timentibus
1074 3018 1247 3063 autem
1271 3023 1356 3062 me
1389 3008 1592 3063 orietur
1628 3008 1707 3064 sol
1736 3010 1977 3079 justitiat,
2004 3023 2055 3064 et
2096 3026 2208 3066 nte-

646 3100 781 3155 dela
809 3103 861 3153 in
887 3100 985 3158 alis
1028 3101 1177 3169 ejus;
1216 3120 1235 3152 ι
1259 3101 1547 3155 secundum
1590 3111 1897 3155 accuratam
1930 3116 2058 3157 vero
2094 3104 2205 3156 dis-

2310 1925 2447 1995 ρίου.
2494 1945 2513 1978 ι

2384 2036 2403 2068 ι
2433 2017 2509 2087 Τῇ
2570 2015 2753 2088 ἡμέρᾳ
2806 2018 2988 2090 ἐκείνῃ
3042 2017 3253 2072 ἔσονται
3292 2018 3453 2072 πέντε
3512 2017 3686 2081 πόλεις
3721 2015 3883 2088 ὶντῇ

2306 2108 2603 2176 Αἰγύπτου,
2628 2108 2881 2162 λαλοῦσαι
2931 2113 2999 2181 τῇ
3026 2109 3246 2182 γλώσσῃ
3278 2112 3344 2181 τῇ
3374 2108 3754 2172 Χαναανίτιδι,
3782 2106 3884 2163 καὶ

2307 2198 2598 2271 ὀμνύοντες
2621 2200 2699 2270 τῷ
2720 2200 2941 2271 ὀνόματι
2965 2203 3171 2274 Κυρίου
3187 2202 3412 2256 Σαϐαὼθ
3426 2218 3441 2233 ⁸
3472 2202 3626 2265 πόλις
3658 2200 3882 2254 ’Δσεδὶκ

2306 2293 2635 2365 κληθήσεται
2670 2295 2767 2363 μία
2796 2294 2969 2357 πόλις.
3006 2314 3025 2346 ι
3064 2296 3126 2348 Εἰ
3152 2295 3210 2348 δὲ
3239 2294 3398 2347 πέντε
3427 2293 3671 2361 λέγονται
3695 2292 3881 2355 πόλεις

2304 2385 2361 2439 αἰ
2392 2383 2802 2457 θεσπιζόμεναι,
2836 2387 2951 2441 ἀλλ’
2982 2387 3041 2440 οὐ
3076 2386 3181 2459 χρὴ
3209 2387 3440 2455 ἀγνοεῖν,
3472 2384 3549 2449 ὡς
3603 2384 3659 2436 αἰ
3712 2382 3881 2435 πέντε

2309 2477 2436 2546 μίαν
2463 2477 2810 2548 τυγχάνουσι.
2836 2477 2928 2531 Διδ
2962 2478 3057 2531 καὶ
3082 2476 3140 2530 ἓν
3164 2477 3335 2546 ὄνομα
3354 2473 3497 2529 κατὰ
3532 2472 3721 2527 πασῶν
3751 2474 3880 2526 επι-

2304 2565 2518 2635 λέγεται
2550 2569 2614 2621 τὸ
2652 2569 2893 2632 Ἀσεδὲκ,
2922 2570 3060 2639 ὅπερ
3111 2570 3137 2621 6
3184 2565 3479 2637 Σύμμαχος
3530 2565 3879 2635 ήρμήνευσεν

2312 2679 2331 2711 ι
2370 2660 2540 2729 ἡλίου.
2568 2678 2587 2711 ι
2622 2659 2754 2712 Τίνα
2778 2660 2875 2729 μὲν
2906 2655 2999 2713 οῦν
3028 2659 3203 2720 εἰποις
3233 2658 3297 2711 ἂν
3318 2657 3519 2727 ταύτην
3550 2650 3689 2709 εἶναι
3709 2654 3745 2725 ἢ
3774 2656 3877 2727 τὴν

2305 2751 2465 2818 ἁγίαν
2494 2750 2586 2804 τοῦ
2615 2750 2749 2804 Θεοῦ
2792 2750 3133 2817 Ἐκκλησίαν,
3157 2750 3296 2803 κατὰ
3326 2748 3424 2820 μὲν
3449 2749 3573 2811 τοὺς
3607 2747 3876 2818 Ἑϐδομή·

2307 2859 2469 2895 κοντα
2497 2841 2835 2913 καλουμενην
2882 2843 3123 2903 ’Δσεδὲκ,
3150 2841 3179 2893 δ
3203 2842 3269 2910 δὴ
3311 2840 3565 2910 σημαίνει
3620 2857 3639 2890 ι
3672 2838 3880 2891 δικαιφ

2308 2932 2499 3003 σύνηςο
2542 2951 2560 2984 ι
2592 2932 2735 2986 κατὰ
2764 2932 2820 2986 δὲ
2851 2932 2943 2986 τὸν
2978 2932 3293 3003 Σύμμαχον,
3316 2950 3335 2982 ι
3364 2930 3537 3002 ἡλίου,
3568 2948 3589 2983 ι
3623 2929 3755 3000 περί
3811 2921 3875 2984 οῦ

2306 3023 2581 3077 λέλεκται·
2623 3043 2640 3076 ι
2673 3025 2797 3088 Τοῖς
2838 3024 2895 3078 δὲ
2925 3023 3273 3093 φοϐουμένοις
3322 3039 3387 3092 με
3439 3022 3685 3076 ἀνατελεῖ
3727 3022 3880 3093 ἥλιος

2306 3114 2667 3185 δικαιοσύνης,
2694 3116 2788 3169 καὶ
2821 3116 2990 3178 ἰάσεις
3030 3114 3089 3167 tv
3138 3115 3259 3177 ταῖς
3309 3113 3564 3184 πτέρυξιν
3610 3111 3808 3167 αὐτοῦ·
3851 3129 3871 3163 ι

646 3189 858 3242 serendi
908 3189 1195 3249 rationem,
1245 3200 1403 3243 terra:
1454 3190 1646 3244 civitas
1679 3191 1909 3255 dicitur,
1939 3196 2082 3261 quod
2130 3194 2202 3247 ita

2309 3205 2449 3259 κατὰ
2500 3206 2555 3258 δὲ
2588 3171 2903 3278 τδάκριϐὲς
2935 3171 3034 3275 τῖἠς
3060 3171 3541 3270 αὐτοῦνδιαλέέεως
3582 3203 3688 3274 γῆς
3724 3202 3877 3269 πόλις

646 3276 792 3329 reddi
819 3279 1006 3347 possit,
1042 3293 1062 3327 ι
1096 3274 1298 3331 Civitas
1331 3286 1486 3332 teme
1516 3279 1794 3333 vocabitur
1820 3296 1925 3333 una
1953 3282 2197 3337 civitas.»

641 3363 760 3433 ipsa
788 3367 995 3435 quippe'
1008 3368 1115 3421 sola
1138 3368 1192 3421 in
1215 3368 1459 3423 universa
1491 3379 1629 3423 terra
1662 3371 1768 3425 Deo
1786 3370 1975 3426 civitas
2004 3372 2202 3427 consti-

644 3457 833 3523 tuitur,
888 3458 959 3512 ita
1008 3468 1068 3513 ut
1103 3460 1169 3513 de
1203 3459 1291 3511 illa
1339 3460 1872 3527 dicatur,tGloriosa
1900 3464 2041 3517 dicta
2076 3474 2203 3519 sunt

642 3548 711 3603 de
740 3556 814 3611 te,
842 3548 1034 3603 civitas
1077 3549 1170 3603 Dei
1187 3550 1254 3603 ".
1289 3569 1309 3603 ι
1352 3550 1598 3622 Quinque
1644 3562 1821 3607 autem
1862 3556 2110 3610 civitates
2146 3556 2200 3610 in

641 3638 883 3695 Ecclesia
929 3639 1370 3696 iuerintdiversae
1392 3643 1621 3697 instituti
1654 3653 1709 3698 et
1738 3643 1895 3717 cilicii
1928 3647 2201 3711 rationes;

641 3732 877 3801 quinque
896 3746 1023 3786 vero
1055 3741 1181 3786 sunt
1217 3734 1434 3789 ordines
1455 3735 1730 3799 distincti;
1762 3744 1873 3789 tres
1901 3736 2108 3792 scilicet
2129 3737 2201 3791 ita

641 3838 893 3879 numeres
918 3842 933 3877 :
966 3824 1167 3893 primus
1188 3834 1271 3879 est
1294 3826 1577 3895 praesulum
1606 3827 1759 3889 ordo,
1783 3828 2046 3882 secundus
2075 3843 2199 3897 pre-

640 3914 999 3983 sbyterorutn,
1042 3914 1388 3968 diaconorutn
1420 3916 1642 3979 tertius,
1682 3928 1906 3984 quartus
1934 3916 2201 3971 illumina-

645 4015 820 4057 torutn
849 4003 903 4056 itt
939 4002 1171 4069 Christo,
1202 4016 1499 4073 postremus
1538 4019 1747 4071 eorum,
1774 4008 1864 4075 qui
1895 4007 2197 4061 ittitiantur.

644 4095 931 4149 Sciendum
972 4110 1099 4164 ergo
1130 4106 1214 4150 est
1239 4097 1454 4152 ordines
1483 4098 1718 4168 quinque
1750 4098 1802 4152 in
1840 4098 2078 4153 Ecclesia
2106 4099 2197 4155 Dei

646 4187 877 4251 versari;
904 4201 1069 4255 quare
1094 4187 1331 4256 quinque
1371 4188 1615 4243 civitates
1650 4190 1748 4242 sub
1786 4204 1889 4242 una
1925 4190 2198 4255 dicuntur,

643 4274 919 4343 loquentes
968 4274 1142 4345 lingua
1176 4290 1293 4344 qua:
1340 4270 1467 4329 olim
1497 4278 1635 4345 apud
1677 4276 1958 4348 Egyptios
1985 4278 2199 4333 Chana-

646 4381 755 4420 ntea
805 4367 1177 4435 reputabatur,
1204 4378 1261 4421 et
1295 4366 1539 4435 iurantes
1569 4384 1674 4423 non
1709 4384 1804 4437 per
1844 4384 1972 4435 eos,
2005 4370 2095 4439 qui
2124 4370 2198 4425 dii

2307 3297 2573 3359 λέλεκται,
2600 3299 2737 3373 ὅπερ
2781 3298 2952 3361 οὕτως
2981 3298 3047 3352 ἂν
3087 3296 3466 3369 ἑρμηνευθείη,
3516 3314 3536 3348 ι
3563 3296 3751 3367 Πόλις,
3774 3294 3878 3365 τῆς

2304 3388 2409 3458 γῆς
2438 3388 2817 3461 κληθήσεταιή
2852 3390 2950 3459 μία
2982 3389 3155 3452 πόλις.
3191 3408 3217 3461 ι.
3242 3387 3392 3458 Αὕτη
3424 3387 3533 3460 γὰρ
3560 3387 3696 3459 μόνη
3752 3385 3875 3441 καθ.

2305 3479 2433 3549 ὅλης
2457 3480 2560 3550 γῆς
2592 3480 2803 3551 ἵδρυται
2844 3480 2924 3550 τῷ
2950 3480 3069 3551 Θεῷ
3094 3480 3267 3544 πόλις,
3326 3481 3402 3544 ώς
3450 3479 3691 3549 ἑρείσθαι
3742 3479 3875 3552 περὶ

2306 3571 2495 3640 αὐτῆς,
2526 3589 2545 3621 ι
2580 3571 2948 3642 Δεδοξασμένα
2976 3571 3209 3642 ἐλαλήθη
3233 3571 3363 3643 περὶ
3390 3570 3505 3635 σοῦ,
3533 3572 3568 3642 ή
3597 3570 3752 3635 πόλις
3778 3568 3874 3625 τοῦ

2304 3659 2459 3712 Θεοῦ.
2503 3679 2523 3709 ι
2554 3660 2719 3713 Πέντε
2742 3660 2798 3713 δὲ
2831 3660 3012 3723 πόλεις
3030 3661 3087 3711 tv
3125 3659 3416 3729 Ἐκιιλησίςι⁵
3435 3659 3545 3713 εἷεν
3574 3660 3642 3713 ἂν
3674 3660 3731 3713 αἱ
3756 3659 3873 3713 διά-

2307 3765 2460 3820 φοροι
2494 3749 2784 3803 πολιτεῖαυ
2831 3750 2942 3819 (25)
2972 3750 3129 3803 πέντε
3158 3750 3213 3804 δὲ
3242 3750 3496 3820 τάγματα
3548 3750 3870 3822 διῃρημένα,

2304 3841 2468 3911 ήγουν
2498 3845 2645 3911 τρεῖς
2676 3841 3020 3912 ἀριθμήσεις,
3044 3842 3106 3895 τὺ
3161 3842 3374 3914 πρῶτον
3428 3841 3537 3894 τῶν
3595 3841 3871 3914 προέδρων

2303 3930 2511 4000 τάγμα,
2540 3934 2634 3984 καὶ
2653 3932 2712 3985 τὸ
2734 3933 2980 4003 δεύτερον
3004 3934 3113 3987 τῶν
3136 3931 3517 4004 πρεσϐυτέριον
3536 3972 3552 3997 ,
3584 3933 3647 3986 τό
3672 3949 3734 3986 τε
3762 3932 3872 3987 τῶν

2304 4021 2563 4077 διακόνων
2590 4024 2651 4077 τὸ
2677 4025 2876 4096 τρίτον,
2906 4026 3001 4078 καὶ
3030 4026 3137 4079 τῶν
3184 4027 3242 4080 tv
3268 4026 3487 4096 Χριστῳ
3516 4023 3870 4097 πεφωτισμέ-

2304 4129 2408 4164 νων
2456 4113 2747 4183 τέταρτον,
2784 4116 2875 4169 καί
2930 4117 3022 4169 ἐπὶ
3075 4116 3283 4181 τούτοις
3336 4116 3443 4170 τῶν
3491 4118 3551 4170 tv
3590 4118 3868 4189 εἰσαγωγῇ

2304 4206 2691 4274 τυγχανόντων.
2740 4206 2951 4270 Ἰστέον,
2972 4208 3046 4271 ώς
3079 4208 3241 4261 πέντε
3258 4206 3515 4279 τάγματα
3526 4206 3870 4261 πολιτεύεται

2304 4295 2360 4346 tv
2384 4298 2450 4365 τῇ
2492 4296 2782 4367 Ἐκκλησία
2809 4298 2900 4351 τοῦ
2926 4298 3060 4352 Θεοῦ
3082 4317 3097 4330 ο
3114 4300 3195 4353 διὸ
3214 4298 3371 4352 πέντε
3394 4299 3575 4363 πόλεις
3609 4299 3717 4353 ὑπὸ
3742 4298 3869 4371 μίαν

2306 4382 2569 4452 εἴρηνται,
2585 4384 2837 4441 λαλοῦσαι
2864 4390 2929 4459 τῇ
2953 4388 3191 4460 γλώσσῃ,
3216 4388 3380 4443 πάλαι
3400 4390 3528 4459 παρ’
3554 4388 3872 4457 Αἰγυπτίοις

646 4458 797 4526 patrii
845 4459 1318 4522 existimabantur,
1359 4459 1455 4513 sed
1485 4460 1538 4512 in
1586 4459 1801 4513 nomine
1837 4459 2048 4514 Domini
2095 4459 2197 4516 Sa-

647 4547 802 4575 Ιιηηιιι
860 4548 945 4575 ιιι-ἒ
980 4547 1102 4575 Λιὶηι
1173 4546 1356 4575 ΙηΛαιῖ.
1385 4548 1628 4575 ,Αηηὲιηρ
1659 4547 1794 4575 nm...
1827 4558 1936 4575 4-...
1991 4548 2088 4575 ηε-
2118 4550 2200 4575 :Il-

2309 4473 2628 4547 νομιζομένῃ
2655 4458 3020 4543 Χαναανίτιδι,
3048 4458 3459 4550 καὶῖνόμνύοντες
3590 4481 3720 4544 τοὺς
3767 4498 3871 4534 πα⁶

647 4547 825 4610 baotb,
860 4548 949 4614 qui
979 4547 1103 4599 olim
1164 4546 1360 4601 ludatis
1382 4548 1631 4643 adgnitus
1658 4547 1797 4603 Deus
1825 4558 1960 4602 erat.
1990 4548 2088 4605 llic
2117 4550 2203 4607 ille

2309 4564 2512 4635 τρῲους
2546 4546 2698 4631 θεοὺς
2738 4570 2829 4634 οὓς
2853 4572 3118 4642 ἐνόμιζον,
3153 4546 3268 4627 ἀλλ’
3298 4573 3331 4642 ἦ
3368 4570 3445 4642 τῷ
3485 4570 3712 4643 ὀνόματι
3756 4573 3871 4625 Κυ-

646 4648 761 4691 erat
789 4640 877 4706 qui
909 4641 960 4692 in
991 4640 1130 4693 nube
1155 4637 1280 4703 levi,
1314 4624 1559 4694 bici'Ferat
1588 4640 1677 4707 qui
1715 4640 1780 4693 ad
1818 4640 1962 4709 ipsos
1992 4641 2206 4698 advenit

647 4728 908 4781 Christus.

713 4908 875 4963 Vsus.
920 4911 1003 4963 i9.
1036 4927 1053 4959 ι
1089 4908 1145 4962 ln
1196 4912 1282 4964 die
1315 4909 1400 4964 illa
1431 4911 1535 4965 erit
1574 4911 1738 4966 altare
1777 4914 2002 4970 Domino
2035 4915 2086 4969 in
2116 4931 2201 4972 re-

646 5004 799 5070 gione
831 5000 1224 5071 Egyptim-um,
1253 5013 1307 5056 et
1352 5004 1596 5057 columna
1638 5006 1703 5057 ad
1747 5007 2030 5061 terminum
2083 5008 2198 5076 ejus

650 5091 888 5144 Domino.
920 5109 938 5141 ι
974 5091 1045 5143 De
1068 5092 1347 5145 divinitate
1373 5091 1465 5146 Dei
1492 5094 1543 5146 in
1568 5094 1796 5164 Egypto
1819 5098 2194 5153 constituenda

645 5192 696 5233 et
730 5184 794 5235 de
819 5183 1043 5236 diversis
1072 5182 1124 5236 in
1159 5183 1375 5237 civitate
1396 5187 2037 5253 ordiuibus,vatictnatus.
2064 5206 2195 5245 con-

652 5285 932 5339 sequenter
960 5274 1127 5327 altare
1151 5275 1201 5329 in
1224 5275 1443 5331 civitate
1472 5277 1562 5331 Dei
1611 5277 1842 5334 futurum
1871 5295 2197 5339 commemo-

715 5385 760 5415 "
784 5385 918 5437 Psal.
946 5402 1036 5448 cx,
1064 5386 1147 5439 10.
1223 5387 1267 5419 θ’
1291 5386 1433 5441 Psal.
1465 5391 1748 5454 Lxxxvt,3.

718 5519 828 5587 (25)
869 5520 963 5574 llic
1014 5520 1401 5591 Hiero_nymus,
1443 5541 1463 5573 ι
1518 5522 1683 5576 Porro
1722 5526 1807 5591 qui
1860 5526 1911 5579 in
1970 5529 2199 5583 adventu

649 5587 1020 5661 Clll'lSliﬁrail,
1042 5608 1059 5639 ι
1084 5587 1402 5661 εινῐὶίιιιιξιιιο
1430 5594 1654 5661 imperio
1676 5587 2003 5661 prophetiam
2033 5601 2207 5652 disse-

658 5668 800 5733 runt,
831 5660 1354 5733 quinquecivitates
1392 5660 1473 5711 vel
1520 5660 1684 5727 legent
1735 5662 1978 5731 Domini,
2007 5684 2123 5733 qua:
2151 5669 2201 5723 itt

653 5728 971 5781 Alexandria
1019 5729 1245 5789 primum
1299 5730 1643 5793 interpretata
1688 5742 1795 5798 est,
1834 5736 1917 5789 vel
1967 5728 2201 5800 quinque

2310 4654 2423 4725 ρίου
2478 4657 2726 4722 Σαϐαὼθ,
2781 4662 2875 4714 τοῦ
2926 4664 3091 4717 πάλαι
3134 4662 3421 4725 ,Ἰουδαίοις
3464 4662 3869 4734 γνωριζομένου

2308 4743 2459 4797 Θεοῦ.
2497 4742 2661 4811 Οὗτος
2688 4749 2745 4801 δὲ
2788 4746 2856 4820 ἦν
2882 4753 2910 4804 6
2956 4752 3049 4804 ὲπί
3080 4752 3306 4823 νεφέλης
3330 4750 3569 4822 κούφης,
3600 4742 3761 4816 οὗτος
3811 4750 3869 4805 δι

2306 4828 2372 4905 ἦν
2398 4838 2426 4888 6
2458 4838 2796 4909 ἐπιδημήσας
2831 4842 3061 4911 Χριστὸς
3085 4843 3286 4906 αὐτοῖς.

2380 4945 2397 4977 ι
2431 4930 2508 4999 Τῇ
2562 4931 2743 5003 ἡμέρᾳ
2765 4932 2946 5003 ἐκείνῃ
2971 4934 3121 4987 ἔσται
3158 4934 3538 5005 θυσιαστήριον
3574 4933 3651 5006 τῷ
3678 4933 3870 5006 Κυρίῳ

2303 5018 2361 5071 ὲν
2382 5018 2533 5090 χώρᾳ.
2564 5023 2895 5089 Αἰγυπτίων,
2928 5026 3095 5095 στήλη
3124 5026 3259 5097 πρὸς
3289 5025 3349 5079 τὸ
3393 5026 3538 5096 ὅρων
3582 5026 3754 5095 αὐτῆς
3791 5025 3871 5097 τῷ

2302 5111 2508 5182 Κυρίῳ.
2550 5132 2567 5163 ι
2596 5114 2980 5184 Προφήτεύσας
3000 5118 3028 5168 6
3049 5116 3203 5185 λόγος
3231 5116 3359 5186 περί
3390 5115 3597 5179 πόλεως
3627 5116 3764 5171 Θεοῦ
3812 5116 3870 5171 tv

2302 5200 2561 5273 Αἰγύπτῳ
2584 5208 3005 5277 συπηεομένης,
3053 5209 3147 5262 καί⁵
3173 5208 3281 5261 τῶν
3310 5208 3367 5260 tv
3396 5210 3467 5279 τῇ
3507 5207 3661 5261 πόλει
3684 5207 3872 5277 διαφό-

2307 5308 2412 5361 ρων
2444 5296 2759 5365 ταγμάτων,
2783 5300 3084 5364 ἀκολούθως
3110 5300 3493 5371 θυσιαστηρίου
3518 5302 3579 5355 tv
3613 5302 3683 5372 τῇ
3717 5301 3872 5355 πόλει

2309 5537 2564 5612 [Ecclesiae
2598 5539 2833 5599 ordines.
2860 5540 3144 5609 episcOpos
3164 5581 3181 5608 ,
3210 5539 3866 5612 presbyteros.diaconos.

2309 5606 2493 5687 ﬁdeles
2552 5618 2606 5661 et
2639 5606 3075 5687 catechumenos,
3114 5629 3133 5663 ι
3167 5606 3257 5667 ubi
3304 5606 3487 5680 aperte
3535 5611 3752 5668 Eusebii
3795 5613 3870 5667 in-

2310 5686 2595 5746 terpretem
2620 5686 2746 5747 agit.
