4100 6492
626 455 728 510 9.35

1358 447 1619 503 EUSEBII
1660 442 2120 502 CrES:\RIENSiS
2156 440 2303 497 OPP.
2344 438 2521 495 PARS
2558 436 2646 493 Ill.
2674 468 2746 480 --
2775 434 3185 493 EXEGETICA.

3760 431 3865 491 236

626 584 802 630 autem
838 580 1021 626 mutuo
1054 578 1207 625 erant
1243 567 1475 639 Egyptii
1521 579 1575 622 et
1608 567 1834 637 Assyrii,
1870 560 1930 619 ac
1974 578 2186 632 semper

2296 562 2381 614 καὶ
2411 557 2833 627 Μεσοποταμίαν
2864 554 3137 615 οἰκοῦντες
3181 550 3451 624 Ἀσσύριοι
3479 550 3862 621 ἐχρημάτιζον.

628 674 815 719 mutuo
845 662 1048 718 infesti.
1087 660 1236 715 Nunc
1267 672 1446 713 autem
1479 674 1713 729 prazsens
1745 673 1923 711 sermo
1953 672 2193 712 commu-

632 757 845 810 nionem
900 754 1031 824 ipsis
1077 764 1132 807 et
1184 752 1612 805 cotntnistionem
1662 749 2010 813 vaticinatur,
2055 747 2199 817 quod

629 860 900 915 nunquam
933 846 1065 898 alias
1090 843 1284 897 factum
1321 838 1662 893 fuerat.Nam
1697 849 1819 891 ante
1838 835 2198 891 Romanorum

629 938 912 1004 imperium
944 934 1188 1004 pmprios
1217 944 1369 1001 reges
1394 930 1663 986 habebant
1688 927 1928 999 Egyptii
1949 938 2003 982 et
2031 928 2198 997 Assy—

631 1024 985 1094 iii;Egyptii
1036 1020 1251 1092 quidem
1309 1016 1660 1083 Ptolemaeos,
1691 1017 1815 1087 Syri
1868 1023 2046 1069 autem
2092 1015 2203 1069 An-

632 1121 792 1176 tiochi
832 1130 882 1174 et
918 1115 1167 1172 Demetrii
1198 1124 1464 1187 posteros,
1501 1114 1551 1167 in
1599 1110 2047 1183 quorum'medio
2091 1111 2197 1165 sita

629 1212 830 1275 Iudaea,
857 1225 885 1263 a
914 1209 1146 1279 propriis
1176 1208 1302 1262 item
1348 1204 1680 1276 principibus
1728 1203 2034 1274 regebatur.
2066 1202 2199 1257 Cum

630 1311 804 1355 autem
828 1299 1048 1353 Iudaica
1082 1312 1213 1369 gens
1249 1296 1566 1351 intermedia
1600 1303 1763 1357 esset,
1785 1293 1942 1348 modo
1970 1308 1999 1345 a
2026 1290 2200 1363 Syris,

630 1391 787 1443 modo
833 1405 861 1441 a
902 1386 1204 1441 Ptolemteis
1253 1383 1393 1437 bello
1452 1383 1829 1451 impetebatur.
1872 1379 1985 1435 lmo
2038 1381 2199 1435 etiam

631 1480 894 1550 Egyptiis
932 1477 1137 1533 inimici
1187 1474 1306 1545 Syri
1355 1483 1533 1539 erant,
1584 1482 1639 1527 et
1675 1472 1911 1544 Egyptii
1964 1472 2202 1541 Assyriis

631 1576 851 1634 hostes;
881 1568 1180 1623 utminime
1217 1565 1387 1620 libera
1438 1576 1580 1623 esset
1632 1566 1857 1619 alterius
1911 1564 2092 1633 populi
2134 1561 2200 1615 ad

632 1663 857 1715 alterum
891 1659 1169 1730 profectio.
1202 1656 1315 1711 Hoc
1343 1668 1497 1726 pacto
1528 1671 1587 1711 se
1618 1671 1704 1710 res
1741 1655 1866 1709 olim
1908 1654 2196 1708 habebant.

631 1752 700 1804 At
749 1760 864 1820 post
924 1751 1204 1804 adventum
1270 1748 1479 1802 Domini
1533 1748 1584 1799 in
1638 1745 1965 1815 Egyptttm,
2016 1755 2201 1811 pacem

631 1841 1123 1911 profundissimam,
1153 1856 1216 1894 ac
1251 1839 1678 1893 communionem
1707 1834 2199 1903 commereiumque

2310 650 2521 723 Ἐχθρο)⁸
2541 651 2597 703 δέ
2616 646 2757 720 ἦσαν
2792 648 3077 716 Αἰγύπτιοι
3111 646 3205 698 καὶ
3249 644 3542 715 Ἀσσύριοι,
3583 643 3679 695 καὶ
3711 642 3871 697 πολέ-

2301 760 2411 813 μιοι
2436 740 2703 796 διετέλουν
2733 740 2884 803 ὄντες
2918 739 2982 791 ἐκ
3002 736 3095 791 τοῦ
3131 737 3347 799 παντὸς.
3380 734 3495 789 Νῦν
3518 734 3573 787 δὲ
3605 736 3636 789 6
3679 733 3877 789 παρὼν

2297 834 2452 900 λόγος
2484 830 2765 885 κοινωνίαν
2794 830 2975 891 αὐτοῖς
3016 827 3107 880 καὶ
3137 824 3416 896 ἐπιμιξίαν
3436 823 3701 889 θεσπίζει,
3732 824 3876 894 δπερ

2298 925 2417 979 οὐδὲ
2432 925 2616 979 ἄλλοτε
2647 923 2839 991 γέγονέ
2876 937 3025 974 ποτε.
3050 920 3164 990 Πρὸ
3193 920 3301 988 γὰρ
3324 917 3423 989 τῆς
3465 917 3561 970 Ῥα
3575 917 3751 987 μαίων
3774 917 3876 987 ἀρ-

2299 1016 2400 1087 χῆς
2436 1015 2730 1081 ἰδιάζοντας
2758 1007 2901 1084 εἰχον
2950 1010 3202 1081 βασιλέας
3231 1010 3285 1063 οἵ
3336 1026 3396 1063 τε
3446 1007 3731 1077 Αἰγύπτιοι
3779 1007 3878 1061 καὶ

2313 1105 2619 1177 Ἀσσύριοι*
2683 1108 2733 1157 οἰ
2788 1104 3074 1171 Αἰγύπτιοι
3134 1102 3233 1172 μὲν
3286 1101 3414 1164 τοὺς
3462 1097 3875 1168 Πτολεμαίους,

2298 1196 2459 1269 Σύροι
2500 1198 2556 1251 δὲ
2610 1198 2734 1261 τοὺς
2772 1196 2880 1251 ἀπὸ
2941 1194 3211 1265 Ἀντιόχου
3268 1193 3360 1246 καὶ
3418 1191 3729 1263 Δημητρίου
3757 1208 3771 1220 ·
3796 1183 3875 1245 ὧν

2304 1292 2440 1362 μέση
2462 1289 2688 1360 κειμένη
2722 1291 2755 1359 ἡ
2797 1287 3025 1342 Ἰουδαία
3066 1288 3161 1340 καὶ
3191 1284 3340 1347 ἰδίοις
3366 1284 3459 1338 καὶ
3479 1284 3616 1354 αὐτὴ
3644 1282 3875 1353 ἄρχουσι

2300 1382 2647 1452 ἐκυϐερνᾶτο.
2680 1379 3158 1450 Μεσολαδούμενον
3183 1378 3241 1431 δὲ
3280 1376 3341 1429 τὸ
3384 1376 3649 1429 Ἰουδαίων
3696 1372 3876 1437 ἔθνος,

2300 1472 2429 1525 ποτέ
2463 1472 2561 1542 μὲν
2601 1471 2703 1524 ὑπὸ
2728 1470 2915 1554 δύρων
2941 1470 3283 1539 ἐπολεμεῖτο,
3314 1466 3444 1520 ποτέ
3483 1468 3539 1520 δὲ
3574 1466 3678 1519 ὑπὸ
3738 1465 3878 1517 Πτο-

2300 1564 2557 1635 λεμαίων.
2623 1562 2779 1615 Ἀλλὰ
2810 1565 2904 1615 καὶ
2934 1561 3250 1633 Αἰγυπτίοις
3300 1559 3593 1628 ἐτύγχανον
3626 1559 3676 1610 οἰ
3710 1556 3877 1627 Σύροι

2302 1641 2570 1725 πολέμιοι-
2607 1654 2894 1723 Αἰγύπτιοι
2935 1654 2992 1707 δὲ
3034 1655 3145 1715 τοῖς
3190 1650 3494 1721 Ἀσσυρίοις
3532 1650 3875 1720 διεμάχοντο,

2300 1746 2374 1809 ὼς
2406 1747 2608 1817 ἄμικτα
2641 1741 2778 1799 εἶναι
2802 1747 2984 1809 αὐτοῖς
3013 1745 3106 1797 καὶ
3138 1744 3427 1807 ἀδιαὸἀτας
3472 1742 3569 1806 τὰς
3619 1742 3754 1813 πρὸς
3779 1740 3879 1794 ἀλι-

2302 1836 2496 1906 λήλους
2526 1837 2768 1908 πορείας.
2801 1836 3035 1890 Τοιαῦτα
3064 1836 3163 1907 μὲν
3193 1830 3285 1889 οὖν
3325 1833 3616 1903 ἐτύγχανον
3657 1832 3725 1885 τὰ
3769 1832 3878 1887 πά-

630 1932 760 1999 ipsis
800 1930 1034 1983 futurum
1062 1944 1301 1999 praesens
1348 1944 1529 1983 sermo
1558 1928 1899 1996 praenuntiat.
1939 1924 2029 1977 Ille
2071 1938 2194 1977 vero

2299 1927 2407 1982 λαι.
2449 1907 2609 1981 Meri
2642 1928 2698 1981 δὲ
2749 1929 2847 1999 τὴν
2877 1927 3059 1997 ἄφιξιν
3089 1927 3181 1980 τοῦ
3214 1926 3420 1997 Κυρίου
3463 1925 3560 1996 τὴν
3591 1926 3671 1988 εἰς
3704 1925 3872 1993 Λίγυ-

630 2037 741 2087 eos,
774 2020 864 2090 qui
898 2021 1021 2074 olim
1056 2020 1254 2073 inimici
1290 2029 1460 2083 erant,
1492 2018 1659 2088 Syros
1697 2018 1839 2080 dic’o,
1861 2016 2113 2085 Assyrios
2144 2022 2199 2067 et

629 2110 900 2175 lsraelem,
928 2120 1109 2165 mutuo
1139 2110 1407 2174 conciliat,
1440 2119 1602 2178 atque
1628 2123 1786 2162 unam
1821 2122 2008 2161 omnes
2032 2121 2059 2158 a
2087 2105 2196 2159 Deo

630 2204 1058 2257 benedictionem
1087 2213 1401 2280 accepturos
1434 2203 1596 2268 dicit;
1624 2202 1694 2255 ita
1726 2210 1785 2255 ut
1816 2201 1927 2267 jam
1954 2216 2057 2254 non
2086 2214 2197 2252 am-

628 2296 768 2363 plius
802 2292 961 2347 Israel
989 2296 1151 2347 altum
1178 2295 1373 2361 sapiat,
1414 2302 1667 2362 nequeut
1701 2293 1848 2347 solus
1886 2293 2199 2346 benedictus

629 2394 817 2438 contra
840 2384 974 2437 alios
1001 2399 1116 2438 sese
1137 2385 1380 2439 extollat.
1415 2384 1545 2450 Quis
1574 2398 1700 2454 ergo
1737 2384 2007 2438 Romanos
2040 2398 2197 2437 exer-

630 2477 769 2529 citus
796 2490 861 2529 ex
898 2475 1155 2545 Syrorum
1188 2477 1378 2529 militia
1423 2477 1613 2529 videns
1643 2474 2011 2545 Egyptiorum
2040 2474 2191 2542 capi-

630 2569 774 2619 tibus
805 2567 1106 2631 imminere,
1144 2577 1198 2623 et
1248 2566 1528 2637 Egyptios
1568 2567 1671 2620 illis
1704 2554 1929 2629 servire,
1962 2567 2195 2635 prophe-

632 2659 718 2708 tia:
753 2664 999 2710 eventum
1027 2671 1127 2710 non
1162 2657 1501 2711 admiretur?
1528 2656 1659 2721 Quis
1709 2672 1813 2709 non
1855 2656 2195 2724 Obstupescat

629 2761 858 2800 cernens
902 2746 1180 2816 :Egyptios
1223 2748 1390 2803 libero
1433 2750 1661 2803 transitu
1690 2747 1903 2817 Syriam
1951 2756 2193 2817 petentes

628 2852 691 2890 ac
719 2837 952 2892 vicissim
979 2838 1145 2909 Syros
1176 2841 1292 2895 sine
1315 2840 1466 2894 obice
1505 2839 1556 2893 in
1595 2838 1887 2910 Egyptum
1933 2840 2193 2894 acceden-

584 2940 589 2945 '
627 2936 727 2992 tes,
758 2936 917 2998 atque
938 2942 1029 2984 eos
1049 2930 1093 2984 vi
1112 2930 1478 2986 dominatricis
1498 2931 1744 2999 potentiae
1772 2931 2016 2984 subditos
2039 2930 2193 2984 esse?

627 3019 883 3089 Quodque
916 3022 1151 3075 omnium
1183 3020 1642 3075 mirabilissimum
1677 3028 1778 3082 est,
1816 3022 1867 3073 in
1914 3020 2193 3089 prophetia

626 3113 787 3173 dixit,
808 3113 994 3165 eodem
1031 3120 1273 3180 tempore
1312 3112 1451 3181 apud
1488 3110 1652 3181 Syros
1684 3121 1738 3165 et
1774 3110 2091 3181 Egyptios,
2129 3126 2193 3166 ac

626 3204 680 3255 in
726 3212 865 3256 terra
892 3202 1056 3257 Israel
1100 3203 1321 3271 populos
1361 3202 1451 3257 Dei
1494 3203 1632 3267 fore,
1680 3204 1928 3272 ipsosque
1967 3203 2190 3258 benedi-

2300 2038 2431 2074 πτον
2470 2021 2689 2092 εἰρήνην
2718 2020 3039 2091 βαθυτάτην,
3076 2020 3355 2084 κοινωνίας
3384 2036 3442 2072 τε
3471 2020 3563 2072 καὶ
3592 2016 3876 2088 ἐπιμιξίας

2298 2114 2326 2164 ὀ
2357 2111 2543 2182 παρὼν
2573 2112 2729 2180 λόγος
2754 2112 2935 2176 αὐτοῖς
2968 2111 3390 2180 εὐαγγελίζεται.
3433 2112 3491 2165 Ὀ
3524 2111 3620 2180 μὲν
3664 2109 3729 2179 δὴ
3778 2104 3877 2162 οὖν

2300 2205 2521 2272 συνάγει
2576 2206 2702 2265 τοὺς
2756 2204 2921 2257 πάλαι
2967 2205 3211 2276 ἐχθροὺς,
3265 2204 3408 2272 λέγω
3453 2203 3517 2274 δὴ
3552 2203 3755 2273 Σύρους
3776 2203 3876 2255 καὶ

2298 2296 2629 2363 Αἰγυπτίους
2655 2296 2748 2348 καὶ
2788 2297 2878 2349 τὸν
2918 2296 3159 2367 Ἰσραὴλ,
3198 2298 3326 2366 μιᾶς
3368 2314 3427 2348 τε
3471 2294 3720 2362 εὐλογίας
3770 2293 3875 2363 τῆς

2299 2387 2446 2457 παρὰ
2479 2386 2612 2438 Θεοῦ
2642 2385 2917 2451 τεύξεσθαι
2951 2384 3146 2447 αὐτούς
3178 2400 3337 2453 φησι·
3373 2384 3448 2446 ὡς
3487 2382 3683 2454 μηκέτι
3727 2382 3877 2453 μέγα

2296 2480 2510 2549 φρονεῖν
2535 2477 2623 2530 τὸν
2654 2477 2893 2549 Ἰσραὴλ,
2918 2476 3051 2547 μηδέ
3079 2475 3503 2546 κατεπαίρεσοαι
3524 2475 3632 2529 τῶν
3670 2476 3873 2537 ἄλλων,

2294 2571 2368 2633 ὼς
2400 2569 2556 2639 μόνον
2586 2568 2787 2639 ηύλογη
2796 2569 2970 2639 μένον.
2991 2569 3084 2631 Τίς
3102 2563 3213 2630 οὖν,
3230 2568 3523 2638 ὀφθαλμοῖς
3548 2566 3690 2638 ὀρῶν
3707 2584 3876 2639 στρα-

2294 2659 2489 2713 τόπεδα
2537 2660 2821 2730 Ῥωμαϊκὰ
2842 2658 3027 2729 Σύρων
3050 2658 3257 2729 ἀνδρῶν
3296 2660 3435 2713 κατὰ
3457 2656 3696 2728 κεφαλῆς
3758 2657 3871 2711 τῶν

2294 2750 2602 2818 Αἰγυπτίων
2631 2751 3004 2820 ἐγκαθήμενα,
3048 2750 3375 2817 Αἰγυπτίους
3400 2765 3458 2800 τε
3484 2747 3696 2810 τούτοις
3748 2748 3873 2801 δου-

2293 2842 2565 2905 λεύοντας,
2604 2843 2705 2894 οὐκ
2749 2841 2813 2894 ἂν
2872 2840 3172 2911 ἐκπλαγείη
3229 2841 3325 2911 τὴν
3370 2840 3469 2909 τῆς
3528 2839 3870 2910 προφητείας

2294 2932 2666 2996 ἐκϐασινςΤίς
2715 2932 2773 2985 δὲ
2826 2932 2886 2985 ού
2940 2932 3272 3002 θαυμάσεται
3328 2930 3470 3000 ὀρῶν
3532 2930 3869 2998 Αἰγυπτίους

2293 3022 2460 3086 ἀδεῶς
2486 3023 2576 3076 ἐπὶ
2604 3024 2701 3091 τὴν
2735 3022 2920 3093 Σύρων
2947 3022 3313 3085 διαϐαίνοντας
3342 3022 3545 3093 χώραν,
3572 3022 3777 3093 Σύρους
3804 3039 3866 3076 τε

2292 3112 2582 3177 ἀκωλύτως
2611 3113 2986 3175 ἐπιϐαίνοντας
3024 3116 3136 3175 τοῖς
3177 3113 3511 3181 Αἰγυπτίοις,
3541 3112 3771 3185 δυνάμει
3802 3129 3866 3165 τε

2291 3204 2617 3274 ἀρχοντικῆς
2646 3203 2891 3268 ἐξουσίας
2938 3204 3502 3274 καταδεδουλωμένους
3527 3204 3758 3269 αὐτούς,
3791 3204 3867 3256 Τὸ

726 3246 865 3256 .ν...,
892 3246 1056 3257 --......
1101 3246 1321 3271 μνη..
1361 3246 1451 3257 η.
1494 3246 1632 3267 ..μη
1680 3246 1926 3272 Tum,“
1967 3246 2156 3258 νη»...

626 3306 777 3347 etos:
808 3302 866 3346 ut
893 3291 1050 3347 Israel
1081 3308 1185 3347 non
1210 3292 1436 3362 amplius
1460 3290 1670 3347 ditl‘erat
1694 3293 1761 3346 ab
1786 3291 2057 3360 Egyptio,
2091 3307 2185 3345 ne-

2296 3246 2453 3274 ’¹(Α’⁴⁷
2471 3246 2613 3274 ""'|‘
2646 3246 2887 3268 """""3
2940 3246 3373 3274 ""'"'""'"""'“"r'"'
3389 3246 3499 3267 'V"
3527 3246 3592 3257 "'
3608 3246 3721 3266 'V"
3744 3247 3758 3269 9
3803 3246 3820 3256 ⁸
3840 3246 3866 3255 "

2296 3295 2345 3349 δὲ
2374 3295 2627 3348 ἁπάντων
2675 3294 3099 3364 παραδοξότατον
3119 3334 3133 3358 ,
3158 3293 3358 3364 ταύτην
3385 3295 3555 3365 ἤρατο
3596 3294 3739 3348 κατὰ
3771 3296 3866 3348 τον

624 3400 727 3453 que
775 3400 803 3438 a
851 3385 1028 3455 Syro;
1092 3398 1262 3453 neque
1320 3385 1457 3452 apud
1508 3385 1672 3438 Deum
1714 3385 1881 3451 pluris
1921 3384 2182 3436 habeatur

2296 3387 2447 3441 αὑτὸν
2493 3388 2682 3458 χρόνον
2715 3387 2863 3457 παρὰ
2896 3387 3087 3457 Σύροις
3129 3388 3223 3440 καὶ
3250 3389 3375 3458 παρ’
3409 3386 3731 3455 Αἰγυπτίοις,
3770 3389 3867 3441 καὶ

625 3476 816 3545 Syrus,
846 3490 1003 3544 quam
1039 3474 1200 3529 Israel
1258 3474 1340 3529 vel
1394 3473 1713 3544 Egyptius;
1750 3489 1918 3543 neque
1939 3475 2179 3528 vicissim

2296 3481 2346 3530 ἐν
2380 3482 2445 3549 τῇ
2472 3482 2541 3549 γῇ
2570 3478 2664 3531 τοῦ
2708 3479 2922 3549 Ἰσραὴλ
2956 3478 3118 3542 λαοὺς
3164 3478 3379 3532 ἔσεσθαι
3428 3477 3507 3549 τῷ
3565 3478 3707 3548 θεῷ,
3768 3493 3865 3532 και

625 3567 906 3637 IEgyptius
942 3568 1116 3620 minor
1140 3568 1210 3620 sit
1236 3566 1374 3635 apud
1413 3568 1576 3621 Deum
1608 3564 1802 3621 lsraele
1833 3575 1887 3620 et
1918 3566 2071 3637 Syro.

2296 3568 2507 3631 τούτους
2528 3570 2970 3640 ηύλογημένους’
3010 3570 3085 3633 ὡς
3140 3571 3273 3642 μηδὲ
3328 3569 3528 3642 μηκέτι
3581 3570 3863 3642 διαφέρειν

623 3660 712 3713 τὸν
754 3661 964 3731 Ἰσραὴλ
990 3661 1081 3713 τοῦ
1124 3661 1437 3729 Αἰγυπτίου,
1477 3661 1614 3731 μήτε
1658 3660 1751 3713 τοῦ
1792 3660 1984 3732 Σύρου,
2038 3662 2168 3732 μηδὲ
2206 3662 2537 3716 διαλλάττειν
2596 3664 2746 3735 παρὰ
2795 3664 2912 3733 Θεῷ
2930 3664 3161 3736 κρείττω
3182 3664 3271 3717 τὸν
3293 3664 3463 3727 Σύρον
3487 3662 3582 3716 τοῦ
3618 3665 3857 3736 Ἰσραὴλ,

626 3751 755 3822 μηδὲ
814 3752 906 3804 τοῦ
937 3751 1249 3819 Αἰγυπτίου,
1313 3751 1433 3821 μηδ’
1467 3747 1535 3805 αὖ
1589 3750 1749 3804 πάλιν
1802 3751 1891 3804 τὸν
1950 3752 2240 3819 Αἰγύπτιον
2280 3752 2627 3809 ἐλαττοῦσθαι
2681 3756 2830 3826 παρὰ
2890 3756 3009 3827 Θεῷ
3066 3756 3161 3810 τοῦ
3229 3754 3441 3826 Ἰσραὴλ
3485 3756 3518 3827 ἢ
3587 3755 3682 3809 τοῦ
3753 3759 3859 3812 Σύ-

623 3861 736 3915 ρου.

694 3932 856 3988 Vens.
896 3934 989 3987 24.
1036 3953 1053 3984 ι
1082 3936 1138 3987 ln
1179 3935 1265 3988 die
1318 3936 1405 3989 illa
1455 3935 1560 3989 erit
1595 3935 1756 3989 Israel
1794 3936 1983 3990 tertius
2035 3937 2175 3991 inter

624 4025 923 4094 xligyptios,
972 4034 1021 4077 ct
1062 4026 1200 4078 inter
1247 4026 1495 4095 Assyrios
1554 4027 1867 4081 benedictus
1905 4027 1957 4079 in
2008 4036 2172 4090 terra,

624 4127 784 4179 quam
820 4111 1091 4166 benedixit
1130 4112 1384 4166 Dominus
1413 4112 1667 4175 Sabaoth,
1700 4116 1789 4185 qui
1821 4116 1971 4178 dicit,
2010 4114 2174 4169 Bene-

625 4204 803 4258 dictus
833 4202 1059 4271 populus
1086 4217 1259 4269 meus,
1278 4206 1371 4272 qui
1410 4217 1490 4259 est
1516 4207 1567 4260 in
1586 4207 1911 4278 Egypto,et
1936 4210 1985 4260 in
2005 4212 2172 4279 Assy-

2354 3955 2371 3986 ι
2397 3936 2474 4003 Τῇ
2499 3932 2682 4003 ἡμέρᾳ
2715 3930 2897 4001 ἐκείνῃ
2917 3930 3069 3982 ἔσται
3109 3927 3321 3999 Ἰσραὴλ
3344 3926 3526 3998 τρίτος
3550 3926 3608 3980 ἐν
3627 3930 3739 3991 τοῖς
3769 3930 3856 3981 Al-

2276 4026 2542 4096 γυπτίοις,
2592 4022 2683 4075 καὶ
2709 4023 2765 4072 ἐν
2810 4023 2919 4082 τοῖς
2956 4020 3258 4090 Ἀσσυρίοις
3288 4015 3659 4087 ηύλογημένος
3702 4020 3761 4076 ἐν
3788 4021 3853 4088 τῇ

2274 4122 2366 4189 γῇ,
2397 4118 2461 4186 ἣν
2492 4115 2758 4184 ηὑλόγησε
2792 4113 2993 4183 Κύριος
3044 4109 3266 4165 Σαϐαὼθ
3316 4112 3343 4163 ὁ
3371 4109 3542 4177 λέγων
3565 4125 3578 4138 ·
3616 4108 3855 4180 Εὐλογη-

2277 4209 2431 4278 μένος
2455 4209 2483 4257 6
2512 4206 2637 4267 λαός
2670 4223 2768 4276 μου
2807 4206 2835 4255 ὁ
2860 4206 2917 4256 ἐν
2938 4203 3215 4273 Αἰγύπτῳ,
3248 4203 3343 4253 καὶ
3369 4202 3398 4252 6
3423 4202 3479 4253 ὲν
3520 4200 3847 4273 Ἀσσυρίοις,

624 4295 741 4355 riis,
788 4304 841 4347 et
880 4293 1167 4347 hmreditas
1214 4310 1331 4349 mea
1381 4295 1567 4350 Israel.
1598 4318 1615 4349 ι
1675 4298 1829 4364 Quod
1856 4301 1901 4353 si
1936 4299 2166 4363 dicatur,

2296 4299 2364 4351 ια).
2394 4301 2424 4367 ἡ
2452 4297 2780 4367 κληρονομία
2814 4312 2914 4366 μου
2946 4294 3177 4364 Ἰσραήλ.
3204 4313 3222 4345 ι
3259 4293 3385 4345 Ἐὰν
3405 4292 3461 4345 δὲ
3494 4291 3718 4363 λέγηται
3744 4293 3855 4363 τρί-

623 4386 834 4441 tertium
861 4385 1020 4439 Israel
1056 4387 1199 4441 inter
1227 4387 1512 4459 Egyptios
1544 4401 1599 4443 et
1642 4390 1894 4461 Assyrios
1926 4391 2166 4445 futurum

2296 4407 2363 4452 τος
2402 4388 2613 4457 Ἰσραὴλ
2657 4390 2713 4438 ἐν
2761 4388 2871 4449 τοῖς
2914 4384 3232 4453 Αἰγυπτίοις
3263 4382 3358 4435 καὶ
3409 4385 3467 4435 ὲν
3496 4384 3608 4446 τοῖς
3654 4384 3846 4435 Ἀσσυ-

619 4491 756 4538 esse,
798 4474 1137 4529 benedictum
1184 4477 1235 4529 in
1292 4487 1455 4542 terra,
1488 4494 1644 4546 quam
1680 4481 1957 4534 benedixit
1992 4481 2173 4535 Domi-

2296 4480 2409 4541 >ίοις
2438 4477 2672 4539 ἔσεσθαι,
2694 4476 3048 4546 εὐλογημένος
3080 4476 3137 4527 ἐν
3166 4477 3231 4545 τῇ
3260 4475 3329 4543 γῇ
3359 4475 3424 4543 ἣν
3450 4472 3707 4543 εὐλόγησε
3730 4471 3847 4526 Κύ-

620 4581 721 4618 nus
767 4565 1117 4631 exercituum,
1146 4582 1213 4621 ne
1252 4566 1414 4619 aliam
1441 4575 1688 4635 putemus
1721 4583 1841 4622 esse
1875 4578 2075 4623 terram
2105 4570 2171 4621 ab

2296 4585 2387 4631 >ιος
2417 4566 2660 4629 Σαὸαὼθ,
2696 4567 2767 4637 μὴ
2791 4566 2980 4635 ἑτέραν
3007 4564 3310 4634 νομίζωμεν
3342 4558 3477 4615 εἶναι
3500 4562 3599 4633 τὴν
3626 4564 3729 4633 γῆν
3750 4563 3848 4633 τῆς

619 4654 857 4709 Ecclesia
916 4656 1029 4709 Dei.
1078 4654 1183 4709 Per
1236 4656 1405 4710 Israel
1449 4665 1629 4708 autem
1680 4656 1905 4725 intelligi
1965 4667 2166 4726 potest,

2296 4659 2607 4728 Ἐκκλησίας
2644 4658 2733 4710 τοῦ
2771 4657 2926 4711 Θεοῦ,
2996 4656 3206 4725 Ἰσραὴλ
3236 4654 3292 4705 δὲ
3333 4654 3566 4707 νοεῖσθαι
3622 4653 3845 4709 δύναται

617 4749 818 4802 chorus
845 4749 1022 4801 omnis
1053 4759 1363 4802 sanctorum
1396 4747 1876 4818 religiosorumque
1905 4750 2164 4810 virorum,

2296 4752 2368 4803 ιαὶ
2390 4752 2495 4813 πᾶς
2522 4754 2553 4802 ὁ
2596 4750 2751 4820 χορὸς
2782 4749 2888 4800 τῶν
2918 4747 3085 4814 ἁγίων
3130 4746 3222 4799 καὶ
3254 4744 3510 4813 θεοφιλῶν
3540 4745 3752 4816 ἀνδρῶν
3779 4748 3844 4799 ἐκ

616 4842 707 4909 qui
739 4856 803 4893 ex
837 4838 1055 4894 Iudaica
1081 4850 1239 4910 gente
1266 4840 1507 4895 defuncti
1537 4850 1678 4894 sunt.
1722 4841 2063 4909 Quapropter
2082 4842 2167 4893 di-

2296 4842 2360 4893 τοῦ
2397 4842 2657 4894 Ἰουδαίων
2689 4840 2870 4901 ἔθνους
2901 4836 3400 4908 προεξεληλυθότων
3442 4836 3535 4889 τοῦ
3579 4836 3716 4907 βίου.
3752 4838 3842 4890 Διὸ

616 4935 774 4994 citur,
824 4951 842 4983 ι
872 4932 937 4985 Et
968 4932 1252 4987 hmreditas
1287 4946 1404 4986 mea
1444 4931 1633 4985 Israel.
1666 4931 1797 4985 Nam
1827 4933 2045 5001 quando
2087 4933 2167 4985 dl-

2296 4931 2514 4983 ,έλεκται
2534 4948 2545 4959 ·
2585 4949 2602 4980 ι
2627 4930 2787 4999 Καὶή
2816 4927 3143 4998 κληρονομία
3171 4942 3269 4997 μου
3310 4927 3548 4997 Ἰσραήλ.
3583 4927 3714 4980 Ὅτε
3734 4928 3841 4999 γὰρ

615 5024 834 5077 videbat
861 5023 1175 5077 Altissimus
1213 5033 1427 5092 gentes,
1478 5022 1617 5077 facta
1653 5034 1737 5077 est
1788 5040 1913 5093 pars
1956 5024 2166 5079 Domini

2296 5022 2568 5092 tepéptCev
2596 5024 2624 5073 6
2660 5021 2917 5089 Ὕψιστος
2962 5018 3108 5087 ἔθνη,
3146 5016 3373 5087 ἐγενήθη
3423 5034 3579 5088 μερις
3632 5019 3839 5089 Κυρίου

618 5111 841 5177 populus
871 5109 985 5175 ejus
1029 5109 1217 5173 Iacob,
1266 5111 1539 5164 funiculus
1572 5112 1901 5165 litereditatis
1936 5112 2055 5179 ejus
2092 5112 2167 5165 ls-

2296 5112 2394 5175 ζαὸς
2446 5110 2610 5167 αύτοῦ
2675 5108 2885 5174 Ἰακὼϐ,
2938 5108 3218 5179 σχοίνισμα
3268 5107 3629 5177 κληρονομίας
3676 5107 3841 5161 αὑτοῦ

617 5200 722 5252 rael
750 5203 824 5252 ’.ι
854 5199 1000 5253 Nunc
1024 5210 1201 5254 autem
1230 5199 1469 5271 :Egyptii
1505 5204 1730 5270 populus
1759 5204 1896 5271 ejus,
1927 5211 1979 5255 et
2004 5217 2165 5271 popu-

2298 5202 2513 5271 Ισραήλ.
2544 5219 2562 5252 ι
2594 5199 2706 5252 Νῦν
2733 5200 2789 5251 δὲ
2820 5199 2909 5251 καὶ
2933 5198 3211 5265 Αἰγύπτιοι
3246 5196 3373 5259 λαὸς
3403 5196 3567 5249 αὐτοῦ
3599 5199 3840 5269 εἴρηται,

618 5288 699 5340 lus
731 5290 845 5357 ejus
874 5289 1208 5355 benedictus,
1243 5302 1539 5353 vocantur;
1572 5300 1625 5344 et
1651 5290 1857 5361 Assyrii
1887 5291 2157 5343 similiter.

2296 5285 2518 5353 εαὶλαὸς
2550 5289 2712 5343 αὐτοῦ
2752 5289 3127 5360 εὐλογημένος,
3177 5288 3269 5341 καὶ
3306 5288 3575 5357 Ἀσσύριοι
3616 5290 3840 5358 ὁμοίως.

617 5377 743 5431 Illud
770 5390 967 5443 autem,
1016 5378 1112 5432 tln
1162 5388 1329 5445 terra,
1391 5396 1550 5450 quam
1606 5380 1879 5435 benedixit
1906 5379 2164 5435 Dominus

2296 5380 2340 5431 Τὸ
2363 5380 2439 5444 δὲ,
2475 5396 2493 5431 ι
2514 5382 2603 5432 Ἑν
2631 5383 2698 5450 τῇ
2730 5383 2801 5450 γῇ
2830 5381 2896 5450 ἣν
2926 5380 3194 5450 ηὑλόγησε
3222 5380 3424 5449 Κύριος
3458 5378 3705 5446 Σαϐαὼθ,
3732 5401 3751 5435 ι
3784 5385 3842 5437 ε-

618 5466 873 5531 Sabaoth,
915 5489 931 5519 ο
974 5471 1040 5523 ad
1084 5470 1359 5524 ccelestem
1392 5485 1605 5539 quoque
1644 5478 1841 5523 terram
1872 5469 2159 5530 referatur,

2296 5490 2349 5539 [οι
2376 5472 2439 5524 ἂν
2462 5471 2558 5541 τὴν
2592 5472 2868 5540 ἀναφορὰν
2908 5472 3000 5524 καὶ
3050 5474 3142 5524 ἐπί
3174 5472 3271 5543 τὴν
3317 5472 3657 5541 ἐπουράνιον,
3711 5478 3841 5545 περὶ

616 5560 679 5609 de
718 5574 819 5625 qua
854 5561 985 5614 dicit
1011 5560 1281 5628 Salvator,
1328 5580 1345 5613 ι
1384 5562 1531 5616 Beati
1568 5562 1743 5625 miles,
1763 5561 2017 5628 quoniam
2059 5560 2157 5627 ipsi

2296 5581 2331 5633 ις
2362 5580 2521 5633 φησιν
2548 5566 2577 5616 6
2608 5564 2827 5634 Σωτήρθ
2862 5584 2879 5614 ι
2904 5565 3175 5634 Μακάριοι
3231 5564 3279 5616 οἱ
3314 5566 3528 5634 πραεῖς,
3557 5563 3640 5616 ὅτι
3684 5564 3841 5617 αὐτοὶ

2200 4342 2244 4395 D

685 5772 702 5797 ²
735 5771 881 5823 Deut.
920 5788 1087 5833 xxxn,
1120 5776 1170 5821 8.
