4100 6446
238 441 336 498 157
1198 429 1710 491 ῦθΜὶίΕΝΤΑΒΙΑ
1751 430 1822 486 ΙΝ

1930 429 2120 487 ΑΙΑΜ.
2161 460 2229 470 -
2266 429 2416 487 CAP.
2459 429 2579 487 XX.

3404 440 3516 496 938

236 552 709 627 κληρονομήσουσι
764 558 864 622 την
915 548 1019 620 γῆν
1038 566 1050 579 ·
1081 567 1100 601 ι
1133 547 1261 602 ἔνθα
1294 549 1389 602 καὶ
1419 550 1452 618 ή
1503 546 1825 617 ἐπουράνιος

1931 547 2286 615 possidebunt
2314 557 2515 602 terram
2538 549 2581 611 ⁸,
2620 567 2640 600 ι
2676 549 2767 605 ubi
2807 560 2862 606 et
2902 552 3146 610 celestis
3178 552 3512 625 Jerusalem,

243 644 622 716 Ἰερουσαλὴμ,
654 643 750 697 καὶ
777 642 838 694 τὸ
868 640 1004 694 Σιὼν
1026 641 1153 712 ὄρος
1182 641 1504 710 ὲπουράνιον
1529 637 1687 692 Θεοῦ.

761 730 1154 798 ηοωιοιν
1208 731 1293 784 ιιι.

299 846 318 879 ι
337 824 447 880 Τοῦ
474 827 641 890 ἔτους
671 816 736 878 οὗ
768 823 983 895 εἰσῆλθε
1013 821 1264 878 Ταναθὰν
1299 824 1381 885 είς
1417 819 1681 886 Ἀζωτον,
1707 822 1826 892 ἠνί-

233 935 298 972 xc
327 919 620 990 ἀπεστάλη
679 917 784 971 ὑπὸ
825 915 988 988 Ἀρνὰ
1043 914 1310 986 βασιλέως
1351 911 1676 984 ’Δσσυρίων,
1729 913 1826 966 καὶ

233 1010 534 1082 ιπολέμησε
562 1010 672 1082 τὴν
694 1007 955 1074 Ἄζωτον,
983 1009 1079 1062 καὶ
1105 1005 1435 1060 κατελάϐετο
1457 1007 1630 1076 αὐτήν
1655 1023 1668 1036 ο
1699 1006 1822 1058 τότε

234 1100 455 1174 ὲλάλησε
489 1101 706 1172 Κύριος
755 1101 892 1171 πρὸς
925 1099 1154 1154 Ἡσαΐαν
1190 1098 1365 1166 λέγων
1389 1114 1404 1128 ·
1437 1097 1698 1168 Πορεύου,
1729 1098 1824 1152 καὶ

232 1191 386 1262 ἄφελε
407 1192 501 1245 τὸν
533 1191 747 1244 σάκκον
771 1190 878 1243 ἀπὸ
907 1190 1006 1260 τῆς
1029 1186 1230 1257 ὀσφύος
1262 1204 1376 1241 σου.
1406 1205 1425 1240 ι
1453 1187 1745 1258 Θαυμάσαι
1768 1188 1824 1242 δὲ

232 1280 337 1336 ἐστι
361 1283 452 1335 τὸν
482 1280 833 1353 προφητικὸν
871 1279 1003 1350 βίον,
1032 1279 1092 1332 ὃν
1123 1282 1152 1333 ό
1189 1279 1288 1350 μὲν
1330 1280 1653 1344 Ἀπόστολος
1683 1297 1826 1352 παρ-

227 1375 445 1446 έστησεν
487 1372 695 1438 εἰπὼν,
729 1391 748 1425 ι
788 1371 1083 1444 Περιῆλθον
1103 1373 1163 1426 ιν
1185 1372 1481 1442 μηλωταῖς,
1508 1373 1567 1426 ὲν
1597 1373 1827 1443 αἰγείοις

227 1466 505 1538 δέρμασιν,
526 1464 942 1536 ὑστερούμενοι,
972 1462 1742 1536 Θλιδόμενοι,κακουχούμενοι
1760 1481 1772 1494 ·
1801 1483 1820 1515 ι

229 1561 260 1631 ή
283 1561 337 1614 δὲ
354 1557 618 1634 παροῦσα
648 1557 839 1629 Γραφὴ
862 1557 943 1611 ἑνὶ
968 1556 1228 1628 ὲνδύματι
1256 1558 1446 1630 σάκκῳ
1473 1558 1566 1612 τὸν
1600 1559 1826 1612 Ἡσαΐαν

230 1655 567 1727 κεχρημένον
590 1653 828 1721 εἰσάγει,
865 1647 1166 1703 πενθοῦντα
1183 1649 1509 1723 δηλαδὴ,καί
1533 1651 1826 1704 ἀποκλαιό-

228 1761 380 1814 μενον
413 1745 544 1807 τοὺς
577 1741 672 1796 διὰ
705 1741 805 1805 τὰς
847 1738 1336 1805 οἰκείας-ἀσεϐείας
1377 1743 1594 1813 μακρὰν
1627 1742 1827 1796 ἀποπί-

225 1853 447 1898 πτοντας
473 1835 572 1889 τοῦ
605 1833 768 1888 Θεοῦ.

291 1947 309 1979 ι
337 1929 450 1981 Καὶ
479 1928 554 1982 τὰ
621 1926 884 1982 σανδάλιά
915 1943 1009 1980 σου
1049 1925 1317 1979 ὑπόλυσαι
1354 1926 1463 1979 ἀπὸ
1486 1925 1593 1980 τῶν
1647 1925 1825 1978 ποδῶν

224 2034 332 2071 συυ.
386 2020 504 2072 Καὶ
537 2019 806 2090 ἐποίησεν
842 2017 1037 2082 οὕτως,
1095 2016 1463 2088 πορευόμενος
1494 2016 1699 2086 γυμνὸς
1733 2017 1825 2070 καὶ

221 2110 570 2176 ἀνυπόδετος.
607 2112 724 2166 Καὶ
756 2106 878 2165 εἷπε
910 2110 1135 2181 Κύριος,
1165 2109 1226 2162 ὃν
1252 2109 1455 2180 τρόπον
1491 2109 1825 2180 πεπόρευται

230 2201 458 2268 Ἦσαῑας
485 2205 516 2257 ό
551 2205 686 2266 παῖς
723 2220 823 2274 μου
847 2203 1054 2273 γυμνὸς
1081 2202 1175 2255 καὶ
1199 2202 1528 2264 ἁνυπόδετος
1548 2201 1673 2271 τρία
1705 2201 1824 2270 ἐτη,

219 2296 338 2366 τρία
366 2295 465 2367 ἐτη
491 2295 654 2349 ἔσται
683 2296 764 2358 εἰς
793 2297 992 2366 σημεῖα
1019 2295 1113 2348 καὶ
1140 2294 1344 2364 τέρατα
1375 2296 1488 2356 τοῖς
1508 2295 1826 2360 Αἰγυπτίοις

219 2388 310 2439 καὶ
333 2387 613 2458 Αἰθίοψιν.
648 2407 666 2437 ι
699 2387 773 2439 Τὸ
797 2386 853 2439 δὲ
884 2386 1242 2439 κελευσθέντα
1261 2386 1468 2454 γυμνὸν
1492 2384 1704 2454 βαδίσαι
1735 2387 1826 2438 καὶ

222 2481 292 2550 μὴ
322 2479 622 2551 μελλῆσαι,
648 2481 852 2550 πρᾶξαι
881 2479 942 2532 δὲ
970 2479 1128 2532 τοῦτο
1151 2478 1494 2549 παραχρῆμα
1520 2481 1607 2531 ἐπ’
1627 2478 1827 2547 ὀφθαλ-

222 2571 335 2640 μῶν
393 2571 510 2624 τῶν
564 2570 856 2640 παρόντων
899 2568 1068 2638 αὐτῷ,
1109 2569 1372 2638 μεγίστης
1429 2568 1674 2637 ὑπακοῆς
1734 2568 1827 2620 καὶ

219 2662 530 2734 προθυμίας
563 2662 671 2729 τῆς
706 2661 843 2733 πρὸς
875 2663 965 2715 τὸν
995 2662 1124 2714 Θεὸν
1156 2661 1352 2732 δεῖγμα
1384 2661 1612 2730 γένοιτο.
1651 2679 1827 2732 παραυ

221 2755 500 2826 στήματός
552 2772 615 2808 τε
654 2753 749 2806 καὶ
776 2756 1120 2826 φρονήματος
1150 2753 1484 2827 ἐπῃρμένου,
1522 2755 1701 2807 πᾶσαν
1731 2754 1826 2824 τὴν

220 2848 346 2915 παρ’
381 2844 707 2917 ἀνθρώποις
736 2845 893 2911 δόξαν
942 2847 999 2897 ἐν
1022 2847 1196 2899 οὐδενὶ
1223 2846 1528 2916 τιθεμένου.
1553 2845 1739 2898 Ταῦτα
1769 2845 1826 2899 δὲ

221 2935 533 3008 πράξαντος
567 2935 666 2990 τοῦ
693 2937 996 3006 προφήτου,
1029 2936 1099 2988 τὰ
1126 2937 1287 3006 ὃμοια
1312 2935 1596 2988 πείσεσθαι
1631 2935 1708 3005 τῷ
1730 2934 1825 2989 τοῦ

219 3029 505 3100 προφήτου
544 3030 793 3098 σχήματι
855 3029 980 3091 τοὺς
1035 3028 1367 3096 Αἰγυπτίους
1420 3026 1826 3097 πολεμηθέντας

221 3121 323 3174 ὑπὸ
366 3121 678 3192 Ἀσσυρίων
721 3120 882 3190 φησιν
910 3122 938 3172 ὁ
971 3120 1123 3183 Θεὸς,
1155 3121 1398 3190 γυμνοὺς
1434 3121 1528 3172 καὶ
1568 3118 1826 3171 ἀνυποδέ·

221 3229 340 3277 τους
360 3211 808 3284 ἀπαχθήσεσθαι,
839 3213 898 3264 ού
925 3212 1135 3282 μόνους,
1168 3211 1303 3264 ἀλλὰ
1330 3211 1424 3264 καὶ
1449 3212 1576 3273 τοὺς
1603 3212 1824 3263 ὲπικου-
1850 3239 1895 3298 C

226 3306 414 3374 ρήσειν
445 3303 543 3356 καὶ
603 3303 988 3372 συμμαχήσειν
1041 3303 1224 3364 αὐτοῖς
1252 3300 1606 3363 ἐλπισθέντας
1639 3302 1819 3353 Αἰθίο-

223 3410 348 3458 πας.
380 3395 478 3464 Τῷ
529 3395 644 3465 γὰρ
697 3391 890 3462 πλήθει
922 3392 1030 3447 τῶν
1081 3393 1355 3446 Αἰθιόπων
1401 3393 1495 3445 καὶ
1525 3394 1592 3462 τῇ
1619 3392 1821 3446 τούτων

219 3489 382 3560 χειρὶ,
414 3486 635 3558 μεγάλα
670 3487 789 3537 κατ’
821 3486 994 3538 έκεῖνο
1049 3485 1242 3556 καιροῦ
1297 3485 1629 3554 δυναμένων,
1686 3485 1820 3556 θαρ-

220 3581 441 3651 ροῦντες
494 3581 544 3632 oi
603 3577 913 3645 Αίγύπτιοι,
961 3577 1447 3648 καταφρονητικῶς
1480 3578 1683 3647 εἴχοντο
1715 3578 1822 3631 τῶν

231 3673 570 3744 Ἀσσυρίωνσ
602 3669 722 3722 ἀλλ’
755 3671 782 3722 ὁ
824 3669 953 3733 Θεὸς
984 3671 1045 3723 τὸ
1082 3669 1270 3739 μέλλον
1300 3670 1588 3739 προφαίνει
1627 3669 1820 3737 λέγων,

225 3781 242 3813 ι
260 3766 357 3818 Ὃν
393 3763 610 3833 τρόπον
637 3759 971 3828 πεπόρευται
1002 3763 1030 3813 ὁ
1075 3762 1205 3824 παῖς
1231 3777 1331 3830 μου
1373 3761 1597 3823 Ἡσαΐας
1619 3759 1822 3830 γυμνὸς

218 3855 310 3906 καὶ
345 3852 708 3915 ὰνυπόδετος,
744 3869 761 3900 ι
796 3853 890 3904 καὶ
912 3852 980 3903 τὰ
1008 3851 1157 3921 ἑξῆς.

291 3947 453 3999 «Ὅτι
477 3943 662 4004 οὕτως
693 3940 810 4023 ἕξει
857 3943 1110 4012 βασιλεὺς
1153 3943 1453 4013 Ἀσσυρίων
1498 3943 1598 4011 τὴν
1622 3945 1822 4013 αἰχμα-

215 4036 418 4090 λωσίαν
450 4034 743 4103 Αἰγύπτου
767 4034 859 4086 καὶ
890 4034 1185 4095 Αἰθιόπων,
1216 4034 1528 4096 νεανίσκους
1564 4035 1655 4086 καὶ
1689 4053 1822 4105 πρε-

217 4129 421 4192 σῦύτας
455 4127 709 4198 γυμνοὺς
742 4125 831 4177 καὶ
857 4125 1238 4188 ἀνυποδὲτους,
1273 4125 1821 4196 ἀνακεκαλυμμένους

216 4220 312 4290 τὴν
331 4219 609 4289 αἰσχύνην
641 4216 938 4283 Αἰγύπτου.
966 4237 982 4267 ι
1015 4216 1167 4279 Δόξει
1199 4217 1265 4270 τὰ
1309 4217 1643 4286 προκείμενα
1669 4219 1822 4268 ἐναν-

216 4311 303 4364 τία
331 4307 478 4364 εἶναι
507 4312 628 4372 τοῖς
665 4307 867 4377 ἀρτίως
917 4308 1249 4377 εἰρημένοις,
1296 4308 1361 4361 δι’
1385 4302 1460 4362 ὧν
1491 4307 1706 4360 ἔσεσθαι
1733 4310 1824 4360 Αἱ-

215 4402 467 4470 γυπτίων
502 4399 605 4452 καὶ
668 4396 965 4466 Ἀσσυρίων
993 4397 1276 4466 ἐπιμιξίαν
1308 4398 1527 4467 εἴρηκεν
1562 4399 1588 4448 ὁ
1625 4397 1818 4465 λόγος’

212 4493 307 4544 νῦν
339 4494 398 4545 δὲ
434 4491 529 4543 τὸν
564 4488 800 4558 βασιλέα
847 4489 954 4541 τῶν
993 4489 1292 4558 Ἀσσυρίων
1326 4486 1701 4558 αἰχμαλώτους
1728 4490 1822 4559 λή-

1927 651 1982 693 ct
2007 637 2137 693 Sion
2170 654 2327 694 mons
2349 641 2594 695 cmlestis
2622 641 2714 695 Dei
2740 651 2846 696 est.

2520 730 2753 788 CAPUT
2792 733 2912 791 XX.

1999 822 2164 877 Vens.
2198 823 2249 889 I,
2277 823 2333 879 2.
2374 842 2392 874 ι
2437 822 2492 876 In
2531 838 2675 878 anno
2720 839 2831 894 quo
2869 826 3153 896 ingressus
3203 838 3289 884 est
3331 828 3513 883 Tana-

1929 913 2056 968 than
2087 915 2341 976 Azotum,
2375 928 2498 968 cum
2528 915 2728 972 missus
2759 926 2847 971 est
2877 917 2946 971 ab
2979 919 3126 972 Arna
3181 935 3309 991 rege
3341 921 3511 992 Αθη-

1927 1006 2156 1070 riorum,
2185 1013 2240 1059 et
2269 1008 2602 1077 oppugnavit
2625 1007 2880 1073 Azotum,
2918 1020 2971 1064 et
3000 1013 3147 1080 cepit
3185 1025 3345 1067 eam:
3382 1021 3512 1069 tunc

1928 1094 2143 1149 locutus
2190 1105 2276 1150 est
2323 1096 2588 1151 Dominus
2633 1100 2701 1152 ad
2744 1098 2937 1154 Isaiam
2974 1102 3191 1168 dicens,
3245 1103 3416 1170 Vade.
3454 1115 3512 1162 et

1927 1184 2083 1239 aufer
2141 1200 2361 1241 saccum
2388 1205 2418 1241 a
2451 1187 2653 1244 lumbis
2689 1190 2815 1244 tuis.
2850 1210 2870 1243 ι
2916 1190 3104 1248 Mirari
3149 1195 3296 1251 subit
3378 1212 3509 1267 pro-

1927 1278 2199 1349 pheticam
2258 1280 2464 1339 vitam.
2515 1297 2681 1350 quam
2731 1283 3032 1352 Apostolus
3077 1285 3376 1344 declaravit
3423 1289 3511 1344 his

1927 1371 2132 1434 verbis,
2174 1389 2194 1422 ι
2220 1367 2564 1426 Circuierunt
2595 1373 2646 1427 in
2680 1374 2897 1429 melotis
2926 1385 2982 1430 et
3027 1377 3080 1432 in
3117 1379 3356 1448 caprinis
3397 1381 3511 1450 pel-

1927 1455 2093 1522 libus,
2141 1469 2388 1530 egentes.
2435 1461 2756 1531 angustiati,
2811 1463 3000 1520 afﬂicti
3053 1466 3094 1520 ⁸.
3133 1486 3152 1519 ι
3202 1467 3331 1523 Ilzec
3377 1484 3508 1528 vero

1929 1544 2213 1617 Scriptura
2271 1549 2504 1606 Isaiam.
2541 1567 2650 1606 uno
2706 1555 2963 1610 vestitum
3047 1572 3208 1614 sacco
3262 1560 3508 1621 inducit:

1927 1635 2199 1704 lugentem
2231 1638 2466 1700 scilicet.
2512 1651 2568 1694 et
2601 1640 3036 1713 illacrymantem
3106 1662 3270 1717 super
3309 1650 3377 1708 iis
3413 1652 3510 1724 qui

1927 1731 1997 1785 ob
2032 1731 2344 1800 iiupietates
2375 1745 2501 1787 suas
2528 1733 2716 1803 procul
2744 1735 3067 1792 exciderant
3096 1754 3126 1793 a
3165 1739 3291 1796 Deo.

1856 1898 1900 1953 Β
2000 1909 2164 1967 Vsus.
2194 1913 2248 1968 3.
2292 1933 2311 1966 ι
2341 1913 2407 1969 Ει
2436 1914 2809 1971 calceamenta
2845 1927 2934 1974 tua
2983 1920 3132 1976 solve
3165 1923 3232 1980 de
3277 1926 3508 1992 pedibus

1929 2003 2058 2059 tuis.
2097 2004 2165 2059 Et
2194 2003 2324 2074 fecit
2367 2008 2468 2074 ita,
2510 2007 2795 2064 ambulans
2820 2012 2995 2067 nudus
3024 2023 3079 2067 et
3121 2014 3507 2074 discalceatus.

1927 2092 1995 2148 Et
2023 2096 2163 2150 dixit
2187 2097 2472 2163 Dominus,
2498 2102 2958 2168 quemadmodum
2985 2107 3286 2164 ambulavit
3315 2125 3510 2168 servus

1929 2200 2083 2239 meus
2145 2185 2311 2242 Isaias
2344 2189 2522 2244 nudus
2571 2201 2626 2244 et
2653 2193 3009 2250 discalceatus
3040 2209 3152 2253 tres
3176 2215 3372 2267 annos,
3396 2213 3511 2260 tres

1927 2280 2054 2331 anni
2083 2292 2244 2334 erunt
2271 2282 2322 2334 in
2355 2285 2510 2353 signa
2541 2296 2594 2338 et
2630 2288 2875 2356 prodigia
2907 2287 3180 2362 Egyptiis
3214 2304 3268 2347 et
3294 2293 3511 2351 Ethio-

1927 2373 2105 2438 pibus.
2144 2391 2162 2424 ι
2220 2372 2373 2439 Quod
2427 2374 2689 2443 jubcatur
2735 2380 2911 2434 nudus
2959 2383 3215 2438 incedere
3262 2395 3317 2442 et
3367 2387 3509 2442 nihil

1928 2464 2197 2530 cunctari,
2234 2467 2393 2534 idque
2443 2469 2734 2524 confestim
2777 2486 2938 2543 agere
2987 2477 3040 2527 in
3090 2475 3266 2530 oculis
3313 2487 3510 2532 astan-

1929 2555 2084 2621 tium,
2145 2558 2396 2612 maxima;
2452 2575 2584 2616 sane
2636 2563 3013 2632 obsequentia:
3065 2583 3192 2636 erga
3233 2567 3403 2624 Deum
3453 2580 3512 2626 et

1927 2647 2251 2714 alacritatis,
2269 2653 2443 2718 parati
2475 2653 2604 2706 item
2630 2655 2990 2725 sublimisque
3021 2659 3192 2711 animi
3219 2675 3511 2731 argumen-

1929 2749 2038 2793 tum
2075 2739 2262 2807 fuerit,
2291 2744 2381 2812 qui
2415 2729 2710 2800 humanam
2751 2747 2979 2816 gloriam
3008 2765 3074 2804 ne
3106 2749 3256 2807 ﬂocci
3285 2729 3506 2822 quidem

1928 2830 2114 2886 faciat.
2147 2833 2272 2889 Haec
2315 2848 2496 2890 autem
2551 2849 2746 2908 agente
2797 2842 3084 2910 propheta,
3121 2845 3185 2898 iis
3226 2860 3346 2913 qua:
3373 2863 3508 2916 pro-

1929 2924 2089 2992 pheta
2145 2929 2597 2996 reprzesentabat,
2643 2932 2839 2986 similia
2901 2950 3160 3003 passuros
3216 2938 3509 3010 Egyptios

1928 3014 1998 3068 ab
2029 3015 2269 3086 Assyriis
2301 3018 2599 3075 debellatos
2642 3024 2890 3091 praedicit
2926 3025 3096 3091 Deus;
3151 3030 3326 3084 nudos
3355 3031 3506 3086 vide-

1928 3104 2053 3160 licet
2079 3118 2133 3161 et
2165 3109 2525 3165 discalceatos
2570 3113 2862 3168 abductum
2898 3117 3000 3180 iri;
3039 3135 3214 3188 neque
3244 3122 3364 3176 illos
3393 3133 3508 3177 tan-

1929 3209 2063 3265 tum,
2116 3206 2208 3254 sed
2257 3205 2423 3257 etiam
2483 3206 2790 3275 Ethiopas,
2827 3223 2963 3275 quos
3017 3213 3084 3264 ad
3141 3214 3400 3266 auxilium
3448 3227 3506 3269 et

1927 3294 2302 3348 commilitium
2347 3307 2605 3350 venturos
2653 3312 2774 3351 esse
2819 3303 3170 3366 sperabatur.
3225 3303 3504 3373 Siquidem

1925 3385 2247 3455 Ethiopum
2280 3404 2346 3442 eo
2377 3399 2621 3459 tempore
2657 3394 2946 3445 admodum
2987 3396 3318 3463 potentium,
3368 3399 3479 3450 tnui

1927 3479 2141 3533 titudini
2189 3491 2242 3534 et
2278 3485 2459 3535 manui
2507 3483 2735 3538 ﬁdentes
2788 3483 3055 3556 Egyptii.
3101 3490 3356 3555 Assyrios
3410 3494 3478 3544 de

1925 3572 2132 3639 spectui
2167 3573 2443 3626 habebant
2469 3591 2481 3627 :
2511 3586 2562 3627 at
2590 3576 2730 3630 Deus
2770 3577 3010 3632 Iuturum
3045 3592 3374 3647 praenuntiat
3418 3586 3468 3636 di

1925 3676 2076 3728 cens,
2114 3681 2132 3713 ι
2165 3663 2963 3729 Quemadmodumambulavit
3019 3687 3208 3727 servus
3262 3689 3416 3728 meus
3463 3676 3506 3728 I-

1926 3757 2068 3808 saias
2103 3759 2280 3812 nudus
2306 3768 2360 3812 et
2386 3759 2762 3824 discalcealus,
2787 3780 2805 3811 ι
2835 3772 2889 3815 et
2927 3776 3144 3818 cmtera.

1999 3936 2160 3992 Vens.
2204 3939 2256 3994 4.
2325 3958 2344 3991 ι
2377 3941 2645 4007 Quoniam
2699 3947 2779 3999 sic
2825 3957 2949 4014 aget
2999 3963 3092 4002 rex
3148 3949 3500 4019 Assyriorum

1926 4033 2296 4100 captivitatem
2324 4034 2549 4106 [Egypti
2577 4047 2630 4092 et
2652 4037 2994 4108 Ethiopum,
3017 4041 3245 4108 juvenes
3266 4054 3320 4098 et
3348 4060 3507 4100 senes

1927 4122 2101 4174 nudos
2151 4133 2207 4177 et
2236 4126 2617 4192 discalceatos.
2665 4132 3038 4199 discoopertos
3083 4137 3290 4202 pudore
3338 4136 3505 4206 Egy-

1926 4215 2026 4282 pti.
2056 4232 2074 4265 ›
2114 4215 2238 4272 I-Iazc
2295 4231 2444 4274 certe
2497 4221 2586 4288 iis,
2623 4237 2742 4290 quae
2783 4226 2945 4290 paulo
2989 4237 3113 4281 ante
3161 4230 3299 4281 dicta
3351 4244 3500 4293 sunt,

1927 4311 2203 4362 contraria
2234 4312 2545 4380 videantur,
2591 4315 2747 4383 queis
2805 4317 2946 4372 inter
2984 4318 3268 4389 Adgyptios
3305 4330 3359 4374 et
3406 4324 3509 4374 As-

1931 4399 2110 4467 syrios
2144 4401 2582 4470 conjunctiouem
2611 4415 2666 4459 et
2690 4411 3080 4462 commercium
3133 4409 3244 4464 fore
3291 4411 3509 4473 diceba-

1935 4500 2019 4542 tur
2048 4508 2060 4543 :
2093 4509 2236 4547 nunc
2265 4502 2446 4547 autem
2488 4497 2566 4550 ait
2598 4512 2777 4567 regem
2815 4500 3163 4569 Assyriorum
3191 4501 3421 4568 juvenes
3453 4514 3511 4555 et

211 4583 412 4654 ψεσθαί
445 4599 588 4652 φησι
614 4579 733 4630 τῶν
753 4579 1060 4645 Αἰγυπτίων
1088 4579 1214 4641 τοὺς
1243 4580 1554 4640 νεανίσκους
1584 4581 1675 4632 καὶ
1700 4583 1825 4643 τοὺς

1931 4597 2090 4637 senes
2122 4583 2503 4656 Egyptiorum
2555 4593 2728 4646 nudos
2768 4603 2818 4645 et
2857 4592 3214 4646 discalceatos
3261 4591 3506 4659 captivus

212 4673 537 4746 πρεσϐύτας
574 4669 826 4738 γυμνοὺς
862 4672 951 4722 καὶ
979 4671 1359 4734 ἁνυποδέτους.
1405 4669 1666 4741 Εὑρεθείη
1689 4672 1731 4724 δ’
1760 4672 1824 4724 ἂν

211 4767 365 4829 λύσις
421 4763 526 4833 τῆς
555 4759 824 4830 ἀπορίας,
858 4763 905 4813 εί
954 4763 1348 4831 ἐπιστήσαιμεν
1393 4763 1468 4832 τῷ
1501 4763 1686 4831 τρόπῳ
1732 4764 1825 4815 τοῦ

211 4852 564 4930 προφητικοῦ
606 4851 938 4920 πνεύματος.
985 4857 1074 4917 Ὠς
1109 4855 1217 4924 γαρ
1259 4858 1324 4924 τῇ
1370 4855 1629 4924 Αἰγύπτῳ
1655 4873 1824 4926 προσ-

210 4952 360 5022 έσχε,
396 4952 616 5005 συνεῖδε
684 4949 783 5018 μὲν
810 4953 901 5003 καὶ
929 4950 995 5002 τὰ
1031 4950 1346 5018 παραυτίκα
1374 4952 1486 5011 τοῖς
1513 4950 1825 5017 Αἰγυπτίοις

213 5045 486 5114 μέλλοντα
503 5040 738 5096 ἔσεσθαι
769 5043 908 5096 κατὰ
940 5041 1140 5112 τὸνβοῦ
1171 5046 1448 5112 προφήτου
1473 5041 1681 5112 χρόνον,
1714 5045 1820 5094 ἁπ-

211 5139 413 5192 έὸλεπε
485 5136 545 5189 δὲ
581 5134 686 5198 καὶ
716 5135 810 5185 ἐπὶ
832 5134 900 5188 τὰ
936 5136 1164 5206 μακροῖς
1201 5133 1424 5204 ὕστερον
1450 5135 1658 5204 χρόνοις
1691 5137 1826 5188 ἀπο-

209 5228 500 5300 ϐησόμενα
550 5224 784 5296 χρηστὰ
815 5226 940 5295 περὶ
970 5227 1069 5296 τὴν
1119 5224 1224 5276 τῶν
1256 5226 1568 5302 Αἰγυπτίῳν
1622 5227 1820 5298 χώραν.

210 5317 346 5376 Εἶτα
405 5320 613 5392 πρῶτα
670 5317 885 5388 χρηστὰ
935 5318 1197 5380 θεσπίσας
1222 5317 1309 5370 διὰ
1351 5316 1461 5369 τῶν
1494 5318 1821 5390 ἔμπροσθεν,

207 5414 299 5468 ἐπὶ
330 5415 402 5467 τὰ
435 5411 796 5485 παραχρῆμα
825 5411 1162 5478 γενησόμενα
1207 5408 1538 5478 μεταϐαίνει.
1593 5411 1826 5482 Αυπηρὰ

206 5507 260 5558 δὲ
293 5510 413 5570 τοῖς
441 5502 784 5575 Αἰγυπτίοις
809 5499 982 5553 ταῦτα
1008 5496 1076 5569 ἦν
1096 5515 1109 5529 ’
1139 5499 1173 5552 ἂ
1200 5502 1294 5554 καὶ
1339 5502 1439 5554 ούκ
1477 5504 1555 5566 εἰς
1602 5504 1818 5575 μακρὰν

206 5598 521 5671 ἐπληροῦτο
556 5594 692 5650 κατ’
723 5592 920 5653 αὐτοὺς
951 5592 1208 5658 ἐκείνους,
1243 5594 1364 5646 καθ’
1388 5595 1479 5657 οὓς
1531 5598 1558 5646 ὁ
1610 5600 1822 5669 προφή-

205 5707 305 5764 της
361 5688 714 5763 ἐγνωρίζετο
769 5685 1011 5755 χρόνους.
1074 5685 1407 5753 Ἀναγκαίως
1455 5685 1511 5738 δὲ
1562 5686 1620 5739 τὸ
1679 5687 1824 5743 θεῖον

261 5897 456 5952 Matth.
481 5893 640 5966 νηὶ.
725 5889 755 5939 ⁵.
781 5887 945 5942 ΙΙιξΙιΓ.
979 5903 1053 5952 XI,
1088 5888 1154 5941 37

1930 4674 2288 4732 abducturum
2313 4694 2454 4733 esse.
2485 4681 2650 4747 Cujus
2675 4693 2854 4738 tamen
2903 4683 3238 4739 dillicnltatis
3282 4684 3506 4737 solutio-

1929 4783 2051 4821 nem
2088 4771 2442 4837 reperiemus,
2479 4775 2520 4825 si
2563 4789 2768 4829 morem
2820 4778 3166 4830 attendamus
3204 4777 3506 4845 prophetici

1931 4863 2184 4928 spiritus.
2221 4861 2289 4917 Ut
2316 4866 2458 4916 enim
2499 4865 2734 4937 (Egypto
2777 4869 3017 4921 animum
3065 4867 3382 4930 adhibebat,
3429 4869 3510 4916 vi-

1929 4953 2093 5006 debat
2147 4954 2367 5022 quidem
2402 4969 2463 5007 ea
2497 4971 2617 5024 qua:
2669 4973 2792 5010 mox
2843 4957 3117 5028 Egyptiis
3147 4957 3198 5010 in
3231 4959 3345 5026 ipso
3375 4973 3505 5026 pro—

1933 5047 2110 5111 pheta:
2143 5056 2407 5114 tempore,
2437 5059 2702 5102 eventura
2736 5060 2925 5114 erant;
2963 5051 3197 5118 itemque
3221 5050 3512 5119 prospicie.

1933 5135 2026 5188 bat
2056 5137 2194 5190 bona
2234 5135 2323 5189 illa
2371 5151 2490 5203 qua),
2539 5140 2797 5192 diuturno
2829 5151 2951 5206 post
2985 5151 3228 5208 tempore
3260 5141 3310 5193 in
3341 5139 3481 5210 [Egy

1933 5228 2165 5294 pliorum
2201 5213 2422 5301 regione
2451 5231 2630 5285 futura
2657 5241 2834 5285 erant.
2871 5230 3006 5285 Iliuc
3036 5247 3155 5284 cum
3187 5233 3338 5300 prius
3370 5232 3507 5284 bona

1937 5318 2260 5375 vaticinatus
2289 5337 2454 5384 esset,
2491 5324 2558 5375 ad
2601 5336 2663 5374 ea
2705 5336 2824 5388 qua:
2873 5336 2995 5374 mox
3044 5331 3310 5374 eventura
3353 5334 3514 5374 erant

1934 5412 2251 5476 pertransit.
2297 5411 2420 5464 Ila'c
2461 5426 2623 5480 porro
2669 5410 2943 5480 Egyptiis
2991 5413 3191 5478 tristia,
3240 5427 3359 5481 qua:
3413 5427 3512 5465 nec

1927 5501 2018 5554 diu
2047 5512 2234 5570 postea
2265 5502 2662 5571 impleta-sunt,
2698 5503 2886 5556 iisdem
2922 5503 3054 5570 ipsis
3092 5518 3198 5572 quo
3243 5503 3506 5570 propheta

1931 5593 2256 5662 conspicuus
2298 5605 2352 5648 et
2399 5603 2564 5648 notus
2605 5605 2725 5649 erat
2769 5596 3124 5662 temporibus.
3181 5590 3507 5650 Necessario

1931 5694 2108 5739 autem
2139 5684 2373 5755 Spiritus
2401 5685 2617 5740 divinus
2649 5686 2712 5741 dc
2755 5684 2965 5739 Domini
3001 5685 3050 5738 in
3085 5681 3379 5754 Algyptum
3409 5680 3506 5733 ad~
