4100 6482
576 483 579 485 .
616 423 739 491 ιω

1322 426 1595 485 EUSEBII
1630 424 2101 485 C£SABIENSIS
2135 425 2283 485 OPP.
2324 424 2506 483 PARS
2542 428 2632 483 ιιι.
2675 458 2743 469 -
2783 426 3190 485 EXEGETICA.

3757 426 3863 482 ω

628 559 811 615 ventu,
832 556 898 605 et
929 547 995 603 de
1019 546 1179 602 bonis
1206 544 1405 602 ibidem
1436 547 1490 601 in
1524 545 1809 619 Egyptios
1833 545 2169 601 conterendis

2281 514 2506 615 Πνεῦμα
2530 544 2630 614 τῆς
2662 546 2788 607 περὶ
2814 543 2908 597 τοῦ
2938 543 3145 615 Κυρίου
3176 543 3255 605 είς
3300 539 3573 610 Αἴγυπτον
3600 538 3859 610 ἀφίξεως.

628 643 974 705 vaticinatus,
1001 655 1063 695 ea
1093 654 1213 709 quae
1249 642 1370 693 mox
1401 638 1558 694 finem
1600 648 1822 693 nactura
1853 647 2011 693 erant
2050 637 2181 693 sub-

628 733 783 796 didit,
838 740 897 785 ut
941 745 971 785 a
1023 730 1366 799 presentium
1396 739 1593 783 eventu
1632 744 1716 791 ea,
1757 743 1877 798 quae
1926 728 2183 783 diuturno

625 835 747 894 post
775 834 1019 895 tempore
1042 823 1219 877 futura
1257 831 1438 888 erant,
1465 820 1745 877 credibilia
1768 828 1954 875 essent
1987 820 2057 874 iis
2087 820 2180 887 qui

627 924 756 969 tunc
781 913 1210 984 propheticon
1235 924 1541 964 sermonum
1557 910 1829 965 auditores
1848 917 2026 965 erant.
2057 908 2181 965 llaec

624 1017 755 1073 ergo
780 1018 900 1074 quae
918 1002 1028 1072 jam
1060 1009 1374 1064 tractamus,
1404 1015 1509 1055 non
1555 1010 1713 1055 erant
1759 1008 1886 1055 ante
1929 1014 2180 1069 praenun-

621 1092 1098 1149 tiatiscontraria:
1126 1090 1216 1145 illa
1247 1092 1447 1160 quippe
1473 1105 1573 1159 pro
1596 1091 1931 1162 temporibus
1962 1091 2019 1144 in
2056 1105 2180 1161 pro-

629 1186 805 1256 phetia
833 1186 1065 1249 notatis;
1106 1184 1223 1239 haec
1266 1198 1396 1239 vero
1427 1196 1527 1253 pro
1563 1180 1724 1238 rebus
1757 1196 1881 1238 mox
1928 1182 2179 1254 gerendis

623 1276 959 1333 euuntiabat.

654 1479 657 1483 ι
692 1455 860 1512 Vsus.
891 1454 946 1508 5.
991 1472 1009 1505 ι
1036 1452 1099 1507 Et
1130 1452 1527 1508 confundantur
1554 1452 1794 1522 superati
1827 1450 2066 1523 Egyptii
2108 1450 2177 1505 ab

622 1548 989 1619 AithiOpibus,
1027 1547 1081 1601 in
1107 1545 1299 1614 quibus
1326 1544 1671 1600 confidebant
1710 1545 1986 1617 Egyptii:
2019 1552 2176 1599 erant

622 1640 765 1695 enim
805 1637 937 1709 ipsis
963 1636 1150 1707 gloria.
1174 1653 1195 1689 ι
1241 1635 1639 1694 Erubescentes
1678 1636 1891 1691 scilicet
1931 1635 1998 1691 de
2026 1636 2091 1691 iis
2121 1635 2173 1689 in

622 1732 819 1801 quibus
839 1728 1213 1792 conﬁdebant;
1255 1728 1329 1782 ita
1364 1738 1423 1783 ut
1454 1742 1577 1783 sese
1614 1728 1715 1798 ipsi
1758 1728 2080 1784 damnarent
2117 1737 2175 1784 et

591 1886 593 1888 η
622 1829 928 1889 arguerent.

2280 637 2375 689 καὶ
2406 636 2536 707 περὶ
2574 635 2683 689 τῶν
2718 635 2807 687 ἐπ’
2835 636 2973 705 αὐτῇ
3002 631 3381 704 γενησομένων
3399 633 3512 695 τοῖς
3545 631 3863 700 Αἰγυπτίοις

2280 728 2498 798 ἀγαθῶν
2529 726 2814 793 θεσπίσαν,
2852 726 2919 780 τὰ
2973 725 3316 799 παραχρῆμα
3370 723 3629 797 μέλλοντα
3668 724 3863 791 τέλους

2278 820 2565 890 τυγχάνειν
2599 818 2836 889 συνῆψεν
2858 835 2873 847 ·
2919 818 3007 871 ῐνα
3037 816 3146 870 άπὸ
3176 817 3277 888 τῆς
3312 816 3422 870 τῶν
3446 814 3731 889 παρόντων
3768 816 3863 869 ἐκ·

2279 911 2488 976 ϐάσεως
2516 912 2609 964 καὶ
2634 910 2706 964 τὰ
2741 912 2970 982 μακροῖς
3003 906 3227 980 ὕστερον
3257 908 3469 979 χρόνοις
3502 907 3764 979 μέλλοντα
3784 905 3863 976 γί-

2277 1000 2463 1056 νεσθαι
2498 998 2809 1070 πιστευθείη
2842 1000 2954 1063 τοῖς
2987 997 3108 1050 τότε
3134 995 3439 1069 τηνικαῦτα
3461 996 3569 1051 τῶν
3591 1012 3861 1068 προφητι-

2277 1092 2389 1147 κῶν
2412 1092 2585 1161 λόγων
2614 1090 2963 1145 ἐπακούουσι.
2999 1089 3113 1143 Οὐκ
3152 1084 3223 1160 ἦν
3249 1084 3342 1143 οὖν
3366 1087 3583 1143 ἐναντία
3620 1087 3692 1142 τὰ
3722 1104 3858 1158 προ-

2277 1183 2505 1255 κείμενα
2523 1183 2632 1237 τῶν
2649 1181 2739 1236 διὰ
2764 1181 2873 1235 τῶν
2894 1178 3200 1252 ἔμπροσθεν
3221 1178 3710 1251 προφητευομένων
3734 1195 3749 1209 ·
3784 1178 3859 1233 τὰ

2278 1276 2378 1347 μὲν
2422 1274 2531 1345 γὰρ
2562 1276 2643 1337 είς
2668 1275 2795 1338 τοὺς
2842 1272 3353 1343 προφητευομένους
3403 1271 3662 1343 χρόνους’
3696 1270 3767 1325 τὰ
3797 1270 3857 1325 δι

2275 1368 2405 1439 περὶ
2420 1367 2528 1423 τῶν
2556 1366 2782 1436 ἔγγιστα
2807 1366 3187 1444 γενησομένων
3217 1363 3483 1433 ἁνεφὼνει

2351 1476 2371 1511 ι
2398 1458 2509 1513 Καὶ
2554 1455 3069 1530 ἀναισχυνθήσονται
3106 1455 3429 1527 ἡττηθέντες
3470 1458 3521 1509 oi
3566 1455 3855 1526 Αἰγύπτιοι

2274 1552 2366 1605 ἐπὶ
2395 1553 2509 1616 τοῖς
2536 1549 2802 1619 Αἰθίοψιν,
2829 1550 2916 1619 ἐφ’
2952 1543 3035 1613 οἷς
3077 1544 3215 1620 ἦσαν
3248 1547 3566 1612 πεποιθότες
3604 1551 3656 1603 oi
3688 1547 3857 1617 Αίγύ-

2274 1658 2418 1695 πτιοι
2438 1658 2452 1671 ο
2493 1636 2631 1711 ἦσαν
2660 1639 2770 1712 γὰρ
2797 1639 2979 1703 αὐτοῖς
3008 1638 3134 1706 δόξα
3154 1655 3170 1670 ο
3194 1657 3213 1690 ι
3268 1637 3627 1710 ἐρυθριῶντες
3660 1639 3746 1707 ἐφ’
3769 1634 3856 1702 οἷς

2272 1732 2535 1803 ἐθάρσουν
2564 1730 2658 1784 καὶ
2698 1728 3110 1783 ἐπεποίθεισαν·
3161 1728 3238 1793 ὡς
3282 1727 3713 1797 καταγινώσκειν
3752 1730 3853 1783 καὶ

2276 1820 2588 1893 μέμφεσθαι
2617 1820 2813 1884 αὐτοὺς
2836 1817 3082 1883 ἑαυτούς.

693 1912 853 1968 Vens.
887 1910 937 1965 6.
978 1928 996 1960 ι
1020 1910 1085 1964 Et
1108 1910 1288 1964 dicent
1311 1910 1400 1978 qui
1436 1909 1678 1964 habitant
1728 1909 1782 1963 in
1827 1908 2003 1964 insula
2046 1908 2169 1975 hac,

2353 1931 2371 1964 ι
2398 1912 2507 1966 Καὶ
2529 1911 2745 1983 ἐροῦσιν
2773 1912 2823 1965 oi
2870 1908 3250 1972 κατοικοῦντες
3288 1910 3347 1964 ἐν
3363 1910 3432 1980 τῇ
3459 1910 3609 1982 νήσῳ
3631 1909 3810 1984 ταύτῃ
3831 1926 3847 1941 ο

620 2004 758 2057 Ecce
806 2016 906 2057 nos
950 2000 1375 2064 confldebamus,
1437 2010 1491 2053 ut
1542 2000 1606 2053 ad
1657 2011 1846 2054 eorum
1905 1986 2170 2053 auxilium

621 2094 1054 2163 confugeremus,
1113 2092 1204 2163 qui
1244 2106 1348 2146 non
1400 2098 1692 2161 potuerunt
1730 2090 1937 2145 servari
1988 2104 2020 2145 ι
2047 2092 2175 2162 rege

618 2186 983 2257 Assyriorum,
1013 2194 1067 2239 et
1087 2182 1351 2252 quomodo
1374 2196 1473 2236 nos
1505 2180 1879 2237 servabimur?
1902 2198 1922 2232 ›

1193 2272 1417 2329 CAPUT
1457 2271 1599 2326 XXI.

691 2366 929 2429 Vsns.l,
959 2367 1013 2420 2.
1069 2382 1087 2416 ι
1121 2364 1267 2421 Visio
1316 2364 1535 2419 deserti.
1582 2362 1738 2417 Sicut
1788 2361 2024 2432 procella
2079 2376 2173 2434 per

619 2462 890 2515 desertum
931 2458 1147 2519 transit,
1182 2469 1249 2511 ex
1274 2454 1488 2509 deserto
1526 2452 1750 2508 veniens
1776 2467 1805 2506 a
1836 2462 1975 2507 terra
2012 2470 2027 2506 :
2062 2460 2173 2507 ter-

617 2550 793 2607 ribilis
816 2549 953 2604 visio
986 2557 1041 2603 et
1078 2547 1234 2609 dura,
1267 2545 1571 2600 renuntiata
1606 2553 1691 2599 est
1723 2543 1875 2598 mihi.
1917 2545 2171 2599 Contem-

617 2651 743 2712 ptor
770 2639 1083 2701 contemnit,
1116 2646 1170 2691 et
1208 2636 1421 2706 iniquus
1452 2635 1633 2705 inique
1658 2634 1787 2702 agit.
1828 2634 1908 2689 Ad
1933 2648 2021 2688 me
2045 2633 2167 2688 Ela-

617 2733 784 2797 tnitze,
813 2741 868 2785 et
902 2729 1058 2799 lcgati
1102 2728 1387 2782 Persarum
1432 2727 1495 2780 ad
1543 2741 1632 2780 me
1668 2726 1907 2780 veniunt.
1938 2743 1958 2778 ι
1988 2726 2170 2781 Persa:

619 2828 799 2894 itaque
823 2836 928 2876 non
963 2821 1050 2875 diu
1079 2829 1260 2888 postea
1293 2818 1567 2874 Medorum
1594 2818 1876 2888 imperium
1907 2819 2171 2888 excipien-

615 2927 719 2981 tes,
755 2913 1039 2984 Babylonis
1082 2910 1340 2979 reliquias
1368 2917 1695 2965 everterunt.
1721 2907 1849 2964 Jure
1895 2909 2061 2980 igitur
2098 2924 2171 2965 ω-

616 3004 777 3059 stimo
804 3004 921 3057 haec
958 3002 1169 3057 hostilia
1198 3000 1337 3054 facta
1370 3000 1436 3054 de
1460 2998 1734 3070 Babylone
1759 3000 1883 3055 dici.
1908 3000 2045 3068 Quid
2066 3002 2168 3057 sibi

614 3096 729 3147 vult
763 3103 940 3147 autem
973 3107 1092 3146 curn
1118 3091 1217 3154 ait,
1253 3110 1271 3142 ‹
1299 3089 1447 3145 Visio
1470 3089 1711 3144 deserti?
1741 3110 1759 3142 ι
1813 3090 1932 3145 lam
1976 3091 2169 3147 exhinc

2294 2004 2427 2058 ’ἰδοὺ
2454 2006 2617 2075 ἡμεῖς
2647 1998 2791 2075 ἦμεν
2821 2001 3137 2065 πεποιθότες
3182 2000 3279 2055 τοῦ
3308 2004 3499 2071 φυγεῖν
3540 2001 3621 2065 είς
3650 2002 3855 2067 αὐτοὺς

2273 2099 2353 2158 είς
2381 2096 2653 2168 βοήθειαν,
2678 2096 2728 2150 οἳ
2756 2097 2857 2150 οὐκ
2880 2095 3139 2166 ἠδύναντο
3172 2093 3405 2166 σωθῆναι
3447 2093 3557 2149 dub
3582 2092 3853 2165 βασιλέως

2286 2189 2580 2262 Ἀσσυρίων
2601 2205 2615 2219 ο
2643 2189 2736 2244 καὶ
2770 2188 2885 2253 πῶς
2907 2190 3069 2259 ήμεῖς
3100 2186 3461 2259 σωθησόμεθα
3484 2203 3499 2252 ;
3526 2205 3544 2239 ι

2779 2277 3173 2335 ΚΕΦΑΛΔΙΟΝ
3202 2280 3332 2333 KA'.

2351 2389 2369 2422 ι
2394 2370 2464 2423 Τὸ
2517 2373 2700 2444 ὅραμα
2724 2371 2821 2442 τῆς
2863 2372 3089 2443 ἐρήμου.
3139 2369 3227 2433 Ὠς
3250 2368 3502 2437 καταιγὶς
3542 2366 3612 2422 δι’
3638 2368 3853 2440 ἐρήμου

2271 2454 2486 2527 διέλθοι,
2517 2461 2577 2527 ἐξ
2602 2463 2808 2535 ἐρήμου
2838 2460 3102 2533 ἐρχομένη
3131 2461 3197 2514 ἐκ
3219 2460 3324 2531 γῆς
3342 2474 3357 2493 ο
3391 2459 3619 2530 φοϐερὸν
3639 2458 3701 2513 τὸ
3718 2460 3852 2530 δρα-

2274 2572 2371 2626 μα,
2405 2557 2500 2609 καὶ
2527 2555 2760 2627 σκληρὸν
2791 2553 3063 2624 ἀνηγγέλη
3097 2570 3207 2624 μοι.
3248 2553 3309 2606 '0
3338 2550 3545 2606 ἀθετῶν
3593 2549 3797 2618 ἀθετεῖ,
3819 2553 3854 2605 ό

2271 2643 2488 2715 ὰνομῶν
2516 2645 2730 2714 άνομεῖ.
2792 2643 2908 2696 Ἐπ’
2938 2642 3061 2713 ἐμοὶ
3115 2642 3167 2695 οἱ
3202 2640 3481 2711 Ἑλαμῖται
3508 2639 3603 2693 καὶ
3630 2640 3681 2693 οῖ
3714 2639 3851 2710 πρέ-

2272 2736 2421 2798 σϐεις
2448 2735 2557 2787 τῶν
2590 2732 2813 2806 Περσῶν
2853 2732 2939 2786 ἐπ’
2969 2731 3070 2803 ἐμὲ
3103 2731 3369 2803 ἔρχονται.
3400 2750 3418 2782 ι
3454 2730 3666 2803 Πέρσαι
3692 2730 3847 2800 γοῦν,

2270 2826 2486 2898 Μήδους
2506 2827 2606 2880 οὐκ
2636 2828 2714 2890 είς
2744 2825 2958 2896 μακρὰν
2996 2823 3385 2895 διαδεξάμενοι,
3406 2824 3476 2877 τά
3497 2823 3725 2893 λείψανα
3748 2824 3851 2895 τῆς

2269 2917 2588 2981 Βαϐυλῶνος
2622 2916 2887 2970 καθεῖλον.
2914 2914 3151 2978 Εἰκότως
3175 2910 3268 2969 οὖν
3288 2915 3416 2987 περὶ
3439 2913 3759 2978 Βαϐυλῶνος
3776 2914 3849 2969 τὰ

2269 3011 2540 3082 πολεμικὰ
2570 3008 2818 3080 είρῆσθαι
2850 3006 3107 3079 ἡγοῦμαι.
3136 3007 3201 3060 Τί
3232 3006 3290 3059 δέ
3346 3005 3592 3077 βούλεται
3632 3006 3663 3058 ὁ
3688 3004 3849 3075 λόγος

2271 3104 2517 3173 φάσκων,
2555 3100 2668 3155 (Τὸ
2712 3101 2893 3171 ὅραμα
2942 3098 3045 3168 τῆς
3092 3099 3336 3169 ἐρήμου;
3366 3117 3385 3149 ι
3435 3095 3716 3151 Ἐντεῦθεν
3742 3095 3847 3168 ήδη

614 3180 943 3249 Babylonem
968 3188 1124 3234 vocat
1153 3180 1449 3244 desertum,
1498 3188 1719 3248 propter
1747 3192 1809 3233 ea
1836 3192 1955 3247 qua:
1985 3181 2050 3233 de
2079 3196 2169 3234 va-

750 3280 787 3287 .,
1098 3266 1369 3287 “ab..-
1427 3265 1671 3287 .-__-_.___
1741 3268 1915 3287 n,-___

2272 3193 2563 3246 Βαϐυλῶνα
2604 3190 2807 3263 ἔρημον
2838 3188 3090 3260 ὀνομάζει
3117 3189 3204 3245 διὰ
3233 3190 3302 3243 τὰ
3328 3188 3687 3242 θεσπισθέντα
3714 3187 3848 3261 περὶ

614 3272 799 3325 stitate
847 3269 963 3338 ejus
1000 3270 1053 3323 in
1096 3266 1377 3337 prophetia
1424 3265 1691 3321 feruntur.
1739 3268 1921 3334 Quare
1954 3284 2016 3323 ex
2050 3285 2167 3338 per-

613 3376 746 3416 sona
791 3359 958 3429 ipsius
997 3357 1289 3428 Babylonis
1338 3356 1451 3410 haec
1494 3356 1636 3411 dicta
1685 3356 1853 3412 fuisse
1910 3358 2166 3424 arbitror,

614 3452 767 3522 quasi
808 3450 965 3513 mala,
999 3463 1118 3519 qua:
1140 3456 1397 3502 eventura
1425 3447 1525 3501 sibi
1555 3457 1709 3501 erant
1747 3448 1968 3503 auribus
2006 3464 2165 3504 acce-

614 3546 803 3615 pisset,
831 3556 893 3596 ac
922 3548 1257 3611 precaretur,
1291 3548 1347 3591 ut
1371 3538 1562 3590 horum
1600 3537 1817 3592 auditus
1866 3540 2166 3607 pertransi-

616 3645 721 3699 ret,
760 3644 923 3703 utque
955 3648 1038 3697 ea,
1080 3645 1197 3701 quae
1228 3629 1677 3697 exspectabantur
1706 3646 1809 3685 non
1838 3632 2163 3686 acciderent.

688 3727 851 3780 Vens.
876 3724 929 3778 5.
963 3740 982 3775 ι
1017 3722 1169 3776 Nunc
1198 3720 1390 3787 lugebo
1430 3729 1483 3772 et
1512 3720 1835 3775 consolabor
1884 3736 1986 3776 me.
2029 3721 2166 3776 Pro-

615 3814 1064 3888 ptereaimpletus
1087 3820 1169 3868 est
1200 3812 1411 3865 lumbus
1443 3824 1594 3865 meus
1614 3810 1900 3876 solutione,
1936 3819 1991 3866 et
2015 3812 2167 3868 dolo-

615 3925 703 3965 res
736 3908 1046 3962 invaserunt
1074 3919 1157 3960 me
1178 3913 1429 3973 tanquam
1458 3903 1867 3973 parturientem.
1898 3922 1915 3954 ι
1940 3902 2162 3971 Verum,

615 4010 677 4053 ut
701 4012 798 4065 par
827 4004 925 4061 est,
955 4010 1095 4049 nunc
1134 3992 1345 4064 lugebo,
1387 3994 1530 4063 quod
1564 4008 1667 4049 non
1702 4001 1865 4048 antea
1906 3992 2162 4061 feceram,

616 4087 741 4158 quia
768 4085 995 4155 superba
1021 4098 1192 4149 cram,
1219 4092 1276 4138 et
1307 4085 1567 4138 adversus
1604 4083 1841 4152 reliquas
1863 4094 2051 4155 gentes
2078 4099 2163 4140 me

617 4175 941 4231 extollebam
971 4212 986 4236 ,
1024 4174 1096 4226 ita
1139 4182 1200 4227 ut
1244 4173 1364 4227 aliis
1396 4188 1565 4228 essem
1598 4173 1771 4228 luctus
1802 4189 1986 4230 causa.
2012 4173 2165 4230 Nunc

613 4282 744 4323 vero
770 4280 868 4336 ego
893 4269 1005 4334 ipsa
1035 4263 1290 4333 Babylon,
1329 4278 1450 4318 cum
1496 4266 1692 4334 populo
1722 4280 1839 4321 meo
1867 4265 2081 4336 lugebo,
2111 4276 2168 4322 et

609 4360 757 4416 luctu
812 4373 897 4415 me
938 4356 1295 4419 consolabor;
1329 4359 1454 4426 quia
1494 4373 1580 4411 me
1627 4372 1807 4412 rerum
1857 4358 2165 4425 huiusmodi

608 4450 856 4505 nuntium
881 4446 1137 4519 perculit:
1184 4446 1337 4515 cujus
1367 4462 1528 4501 causa
1565 4447 1803 4516 repletus
1840 4458 1921 4519 est
1954 4449 2166 4504 lumbus

2269 3286 2371 3355 τῆς
2401 3284 2633 3356 ἐρημίας
2660 3282 2848 3352 αὐτῆς.
2879 3281 2969 3334 Διὸ
2994 3282 3059 3334 ἐκ
3093 3279 3383 3352 προσώπου
3406 3280 3505 3351 τῆς
3527 3278 3847 3343 Βαϐυλῶνος

2269 3375 2437 3445 αὐτῆς
2464 3371 2613 3445 οἶμαι
2638 3372 2812 3427 ταῦτα
2836 3372 3105 3441 λέγεσθαι,
3135 3373 3211 3437 ὡς
3234 3374 3314 3436 είς
3334 3372 3503 3443 ἀκοὴν
3537 3369 3849 3443 παραδεξα-

2271 3466 2437 3537 μένης
2457 3468 2524 3519 τὰ
2552 3465 2812 3537 μέλλοντα
2837 3464 2973 3535 αὐτῇ
3001 3464 3211 3518 ἐπιέναι
3241 3463 3406 3528 κακά,
3440 3462 3744 3534 εὐχομένης
3782 3478 3846 3516 τε

2267 3554 2554 3629 παρελθεῖν
2575 3555 2673 3626 τὴν
2704 3554 2891 3625 ἀκοὴν,
2926 3554 3020 3606 καὶ
3055 3553 3129 3625 μὴ
3157 3552 3407 3623 γενέσθαι
3432 3553 3500 3607 τά
3529 3551 3845 3625 προσδοκιῖιι⁶

2271 3667 2429 3720 μενα.

2343 3763 2360 3795 ι
2380 3742 2494 3797 Νῦν
2523 3740 2762 3806 στενάξω
2791 3742 2884 3796 καὶ
2916 3739 3281 3812 παρακαλέσω
3302 3737 3554 3808 ἐμαυτόν.
3587 3737 3688 3791 Διὰ
3719 3736 3846 3791 τοῦ·

2267 3850 2328 3885 το
2355 3830 2657 3902 ἐνεπλήσθη
2687 3832 2721 3902 ἡ
2744 3829 2914 3900 ὀσφύς
2946 3847 3045 3901 μου
3072 3827 3357 3891 ἐκλύσεως,
3381 3827 3474 3881 καὶ
3505 3827 3693 3891 ὠδῖνες
3715 3827 3843 3884 ἰλα-

2268 3924 2359 3978 ϐόν
2394 3940 2460 3994 με
2489 3923 2565 3986 ὡς
2612 3922 2918 3977 τίκτουσαν.
2944 3942 2962 3973 ι
3005 3921 3142 3975 Ἀλλ’
3165 3920 3241 3984 ὠς
3271 3918 3413 3974 ἔοικε
3452 3919 3547 3975 νῦν
3580 3920 3841 3988 στενάξω,

2265 4014 2401 4083 ὅπερ
2435 4012 2696 4083 πρότερον
2729 4011 2829 4065 οὐκ
2855 4010 3141 4083 ἔπραττον,
3180 4008 3525 4080 ὑπερήφανος
3552 4004 3710 4074 οὖσα,
3746 4012 3843 4065 καὶ

2265 4102 2372 4156 τῶν
2398 4100 2597 4154 λοιπῶν
2647 4099 2813 4154 ἐθνῶν
2856 4100 3291 4170 κατεπαιρομὲνη
3318 4115 3331 4128 ·
3384 4098 3460 4162 ὼς
3496 4100 3703 4171 ἑτέροις
3742 4102 3842 4172 ἐμ-

2267 4195 2438 4246 ποιεῖν
2462 4190 2811 4261 στεναγμούς.
2852 4189 2966 4243 Νῦν
2996 4189 3054 4243 δὲ
3086 4188 3224 4259 αὑτὴ
3252 4187 3361 4258 ἐγὼ
3388 4187 3667 4253 Βαϐυλὼν,
3695 4191 3790 4244 καὶ
3811 4191 3841 4243 ό

2267 4286 2325 4337 ἐν
2356 4284 2477 4354 ἐμοὶ
2495 4281 2643 4346 λαὸς,
2677 4279 2936 4346 στενάξω,
2966 4280 3060 4336 καὶ
3088 4278 3449 4354 παρακαλέσω
3478 4281 3721 4353 ἐμαυτὴν
3750 4281 3840 4337 διὰ

2265 4373 2357 4429 τοῦ
2383 4370 2689 4445 στεναγμοῦ
2710 4389 2723 4405 ·
2748 4370 2934 4442 ἐπειδὴ
2953 4372 3235 4443 καθήψατό
3287 4388 3386 4441 μου
3407 4373 3441 4443 ή
3471 4372 3599 4444 περὶ
3623 4372 3733 4425 τῶν
3759 4373 3841 4426 λεο

2266 4462 2499 4535 χθέντων
2514 4461 2757 4531 ἀγγελία,
2771 4456 2838 4533 ἧς
2850 4462 3009 4517 ἕνεκα
3037 4458 3277 4533 ἐπλήσθη
3307 4461 3340 4531 ἡ
3364 4459 3533 4531 ὀσφύς
3556 4478 3657 4533 μου
3681 4463 3841 4517 ἐκλύ⁴

608 4557 762 4595 meus
797 4540 1083 4602 solutione,
1124 4539 1214 4607 qui
1264 4538 1392 4592 olim
1448 4539 1771 4608 prtecinctus
1832 4550 1953 4594 erat
1984 4550 2040 4595 et
2084 4542 2162 4594 la-

2270 4570 2405 4614 σεως
2452 4552 2618 4608 πάλαι
2649 4552 3056 4623 κατεσφιγμένη
3118 4554 3213 4606 καὶ
3240 4552 3649 4624 νεανιευομένη·
3677 4552 3839 4625 ὀδύνη

614 4631 894 4687 sciviehat.
926 4629 1086 4682 Dolor
1110 4628 1237 4682 item
1276 4638 1330 4682 et
1357 4628 1568 4684 labores
1599 4643 1686 4683 me
1708 4638 2066 4697 occuparunt,
2092 4630 2162 4683 ita

610 4734 672 4777 ut
703 4738 803 4793 ego
834 4721 1091 4789 Babylon,
1127 4720 1251 4773 olim
1297 4721 1512 4775 caeteris
1540 4720 1814 4783 terribilis,
1850 4720 1982 4775 nihil
2009 4720 2164 4776 diffe-

610 4830 726 4869 ram
755 4830 784 4869 a
821 4812 1047 4868 muliere
1098 4812 1357 4879 pariente.
1404 4811 1527 4865 Haec
1567 4826 1729 4880 porro
1773 4811 1904 4866 mihi
1948 4813 2162 4869 accide-

608 4916 755 4972 runt,
792 4907 921 4976 quia
972 4903 1145 4957 fateor
1179 4916 1264 4955 me
1301 4902 1481 4971 inique
1515 4888 1712 4970 egisse,
1743 4916 1865 4957 cum
1895 4903 2163 4958 neminem

608 4994 1179 5051 commonefacientem
1205 5006 1292 5046 me
1324 4993 1586 5055 audirem,
1622 5001 1675 5047 et
1702 5008 1825 5048 cum
1861 4994 1991 5049 mihi
2020 5008 2165 5049 cura:

612 5097 775 5147 esset,
813 5095 872 5139 ut
899 5093 1103 5138 rectum
1126 5083 1260 5139 nihil
1291 5084 1606 5153 aspicerem.
1642 5086 1843 5153 Quare,
1876 5087 1977 5153 ait,
2022 5101 2166 5143 nunc

602 5174 919 5229 (confitendo
951 5174 1092 5229 dico.

682 5265 849 5321 Vsus.
881 5265 939 5320 ι.
983 5282 1003 5316 ι
1033 5265 1217 5336 inique
1255 5264 1364 5336 egi,
1402 5268 1545 5335 quod
1596 5282 1703 5321 non
1750 5268 2032 5324 viderem:
2065 5285 2163 5325 cor

613 5374 790 5412 mcum
840 5367 1011 5424 errat,
1054 5357 1313 5426 iniquitas
1358 5368 1482 5411 mea
1520 5356 1782 5430 demergit
1825 5374 1911 5415 me
1937 5375 1953 5414 :
1982 5360 2162 5416 anima

615 5464 729 5503 mea
762 5450 813 5504 in
846 5458 992 5504 metu
1018 5458 1283 5504 versatur.
1309 5466 1329 5500 ι
1360 5446 1488 5503 Haec
1515 5461 1648 5504 sane
1682 5458 1814 5519 puto
1832 5452 2160 5521 npropheta

612 5542 751 5594 dicta
804 5538 988 5605 fuisse,
1042 5538 1333 5610 Babylonis
1386 5552 1672 5609 personam
1723 5527 2057 5611 assuinente,
2108 5553 2164 5597 et

610 5631 763 5699 quasi
796 5629 1053 5699 ejusdem,
1088 5631 1200 5686 sive
1231 5630 1408 5701 gentis
1452 5631 1697 5686 eamdem
1744 5631 2029 5690 incolcntis
2063 5649 2162 5690 no-

612 5724 756 5777 mine
795 5722 907 5776 hzec
929 5720 1071 5776 dicta
1108 5720 1358 5790 proferri.

686 5811 929 5870 ηεαρδ.
996 5830 1014 5863 ι
1043 5809 1289 5880 Prtepara
1348 5824 1614 5882 mensam,
1654 5815 1940 5885 comedite,
1958 5820 2158 5892 bibite;

2265 4660 2323 4697 τε
2354 4644 2447 4698 καὶ
2495 4643 2647 4697 πόνοι
2676 4642 2974 4698 κατέλαϐόν
3009 4660 3098 4713 με,
3150 4644 3226 4708 ὡς
3258 4644 3425 4715 μηδὲν
3462 4644 3743 4717 διαφέρειν
3770 4664 3840 4718 με

2264 4735 2361 4808 τὴν
2384 4728 2696 4801 Βαϐυλῶνα,
2727 4735 2828 4807 τὴν
2854 4735 3020 4789 πάλαι
3040 4736 3244 4807 ἑτέροις
3262 4732 3426 4790 οὖσαν
3455 4736 3713 4810 φοϐερὰν,
3742 4755 3841 4809 γυ-

2267 4824 2449 4888 ναικὸς
2465 4824 2771 4895 τικτούσης.
2801 4823 2986 4878 Ταῦτα
3013 4824 3070 4878 δέ
3105 4843 3192 4896 μοι
3233 4825 3597 4898 συμϐέϐηκεν,
3628 4829 3843 4903 ἐπειδήο

2266 4931 2368 4985 περ
2385 4915 2627 4986 ὁμολογῶ
2648 4915 2984 4987 ἠδικηκέναι,
3008 4916 3095 4969 ὅτε
3115 4916 3335 4989 μηδενὸς
3357 4919 3552 4989 ἢκουον
3569 4918 3679 4974 τῶν
3696 4939 3840 4995 παρ-

2264 5004 2551 5060 αινούντων
2581 5024 2691 5077 μοι,
2724 5006 2817 5059 καὶ
2865 5006 2953 5060 ὅτε
2985 5008 3219 5077 σπουδὴν
3241 5010 3537 5088 ἐποιούμην
3559 5011 3726 5083 μηδὲν
3743 5013 3839 5088 δρ-

2266 5093 2355 5149 θὺν
2385 5095 2625 5167 βλέπειν.
2651 5096 2762 5161 Διὸ,
2798 5098 2950 5168 φησὶ,
2983 5095 3077 5151 νῦν
3108 5086 3569 5174 ἐξομολογουμένη
3605 5103 3775 5177 φημί·

2338 5292 2357 5326 ι
2378 5274 2641 5348 Ἦδίκησα
2656 5274 2749 5329 τοῦ
2776 5276 2849 5348 μὴ
2875 5275 3117 5347 βλέπειν
3142 5277 3411 5333 πλανᾶται
3429 5281 3463 5351 ή
3489 5268 3687 5354 καρδία
3709 5300 3839 5357 μου,

2265 5366 2355 5419 καὶ
2387 5369 2421 5438 ἡ
2447 5367 2646 5439 ἀνομία
2681 5385 2780 5439 μου
2819 5367 3066 5438 βαπτίζει
3098 5386 3200 5440 με’
3232 5371 3266 5441 ἡ
3294 5369 3438 5444 ψυχή
3471 5390 3575 5443 μου
3603 5374 3837 5450 ἐφέσει-η-

2262 5474 2357 5511 κεν
2374 5459 2453 5524 είς
2475 5458 2653 5528 φόϐον.
2689 5478 2707 5510 ι
2739 5459 2923 5514 Ταῦτα
2949 5460 3045 5533 μὲν
3071 5455 3225 5531 οἶμαι
3246 5459 3496 5533 λελέχθαι
3514 5464 3592 5536 τῷ
3619 5470 3835 5541 προφή-

2260 5564 2349 5623 τῃ,
2379 5547 2810 5621 προσωποιοῦντι
2860 5551 2958 5624 τήν
2980 5549 3294 5617 Βαϐυλῶνα,
3316 5552 3413 5605 καὶ
3464 5553 3539 5618 ὡς
3561 5554 3622 5621 ἐξ
3642 5558 3834 5630 ebriis.

2260 5640 2294 5712 ἢ
2323 5640 2417 5694 καὶ
2448 5639 2542 5695 τοῦ
2579 5642 2638 5693 ἐν
2672 5642 2811 5713 αὐτῇ
2849 5641 3224 5705 κατοικοῦντος
3263 5640 3449 5709 ἔθνους
3478 5643 3548 5700 τὰ
3568 5648 3836 5720 εἰρημένα

2259 5732 2637 5805 προέρχεσθαι.

2334 5840 2354 5875 ι
2377 5822 2689 5892 Ἑτοίμασον
2739 5824 2839 5897 τὴν
2881 5826 3178 5897 τράπεζαν,
3229 5830 3452 5903 φάγετε,
3502 5831 3677 5886 πίετε·
3701 5831 3835 5891 ἀνα⁴
