4100 6454
596 414 704 468 9,ιὸ

1272 413 1534 471 EUSEBII
1568 410 2039 471 CESARIENSIS
2072 408 2224 468 OPP.
2264 408 2442 466 PARS
2477 409 2567 465 ιη.
2603 440 2674 453 -
2707 407 3118 465 EXEGE'I'ICA.

3716 406 3822 460 2M

677 528 833 584 Vnus.
856 528 944 583 ἃ.
1005 548 1024 580 ι
1070 530 1135 584 Et
1164 544 1264 599 ego
1294 532 1597 588 custodiam
1625 547 1726 588 vos
1758 531 1845 587 die
1874 546 1937 586 ac
1968 540 2118 587 nocte

2318 548 2341 581 ι
2364 529 2534 597 Κάγὼ
2559 528 2617 582 δὲ
2646 527 2863 597 φυλάξω
2889 528 3032 597 ὑμᾶς
3055 526 3124 580 δι’
3150 526 3359 598 ἡμέρας
3376 526 3467 580 καὶ
3495 526 3707 589 νυκτὸς,
3728 527 3821 579 καὶ

596 635 653 677 et
684 622 823 690 apud
850 636 937 676 me
963 623 1136 678 eritis.
1170 643 1191 677 ι
1238 624 1295 678 Si
1340 625 1462 694 quis
1494 626 1549 678 in
1586 626 1740 680 vobis
1772 625 1975 678 auxilio
2016 638 2149 693 opus

596 711 808 776 habeat,
834 726 863 766 a
898 728 984 767 me
1015 720 1220 780 quaerat
1246 726 1401 781 Opem
1434 732 1447 768 :
1479 725 1535 769 et
1556 714 1600 768 si
1630 713 1750 782 quis
1788 713 2018 769 salutem
2055 728 2149 767 cu-

596 812 681 857 rat
732 818 905 868 suam,
940 806 1007 859 ad
1034 820 1118 859 me
1147 805 1348 861 veniat.
1391 824 1409 857 ›
1439 804 1565 861 Haec
1590 806 1804 875 quidem
1828 806 1971 859 dicta
2016 804 2145 859 mihi

591 894 847 949 videntur
877 897 940 950 ad
974 911 1069 951 eos
1111 910 1176 950 ex
1230 897 1496 965 ldummis,
1524 900 1615 967 qui
1644 907 1847 952 terrore
1898 905 2143 951 conster-

592 986 703 1038 nati
738 994 909 1049 erant,
939 1000 1073 1053 quos
1103 986 1171 1041 ad
1207 1002 1265 1042 se
1292 996 1448 1041 vocat
1486 987 1651 1050 Deus,
1701 986 1973 1054 pollicitus
2016 986 2145 1054 ipsis

586 1074 845 1128 auxilium
876 1091 1054 1142 suum,
1089 1078 1133 1132 si
1163 1086 1341 1133 tamen
1374 1078 1428 1132 in
1464 1093 1524 1133 se
1552 1089 1929 1146 permaneant.

658 1253 819 1309 Vsus.
852 1257 1040 1313 15-15.
1081 1276 1100 1309 ι
1128 1258 1182 1313 lu
1234 1258 1371 1314 saltu
1408 1272 1634 1327 vespere
1669 1258 1929 1319 dormias,
1959 1268 2050 1309 aut
2086 1258 2138 1309 in

582 1343 668 1400 via
699 1347 916 1413 Daedan,
949 1350 1003 1402 in
1033 1362 1314 1405 occursum
1363 1351 1570 1404 sitienti
1614 1364 1807 1417 aquam
1855 1348 2013 1412 ferte,
2048 1348 2136 1415 qui

581 1436 838 1493 habitatis
894 1441 948 1496 in
991 1441 1209 1510 regione
1250 1440 1505 1495 Thmman
1535 1458 1548 1493 :
1578 1441 1806 1510 panibus
1864 1440 2138 1495 occurrite

579 1528 930 1599 fugientibus,
961 1541 1176 1602 propter
1213 1532 1608 1587 multitudinem
1655 1533 1982 1596 occisorum,
2012 1546 2135 1600 pro-

581 1632 703 1691 pter
732 1623 1121 1678 multitudinem
1156 1626 1475 1685 errantium,
1500 1634 1717 1693 propter
1744 1624 2131 1677 multitudinem

577 1714 761 1782 gladii,
808 1724 862 1768 et
909 1724 1125 1784 propter
1172 1715 1565 1769 multitudinem
1614 1729 1840 1769 arcuum
1896 1714 2132 1766 intenso-

574 1817 716 1867 rum,
756 1813 811 1858 et
842 1814 1060 1873 propter
1102 1803 1501 1859 multitudinem
1561 1818 1748 1857 eorum
1797 1804 1886 1872 qui
1920 1802 2129 1856 cecide-

2248 621 2378 691 παρ’
2405 620 2527 690 ἐμοὶ
2554 620 2795 688 γένεσθε.
2826 638 2846 672 ι
2881 619 2950 672 El
2982 636 3067 681 τις
3095 621 3154 671 ὲν
3194 620 3320 689 ὑμῖν
3350 617 3602 689 βοηθείας
3627 617 3816 679 δεῖται,

2247 716 2377 783 παρ’
2419 711 2554 783 ἐμοῦ
2596 712 2828 783 ζητείτω
2859 712 2961 783 τὴν
3016 711 3297 789 βοήθειαν·
3329 710 3422 763 καὶ
3444 708 3604 772 εἴτις
3652 706 3817 763 αὑτοῦ

2246 804 2571 875 πεφρόντικε
2608 802 2901 873 σωτηρίας,
2932 804 3062 873 παρ’
3091 802 3217 873 ἐμοὶ
3264 802 3459 874 ἡκέτω.
3494 799 3677 854 Ταῦτα
3717 799 3817 869 μὲν

2244 894 2490 965 εἰρῆσθαί
2524 912 2614 965 μοι
2643 895 2787 948 δοκεῖ
2812 895 2948 965 πρὸς
2995 896 3122 958 τοὺς
3149 894 3515 965 ἐπτοημένους
3539 892 3629 945 τὸν
3651 890 3817 960 φόϐον

2244 988 2350 1040 τῶν
2389 986 2721 1057 Ἰδουμαίων,
2762 986 2854 1051 οὓς
2890 986 3025 1058 πρὸς
3071 987 3263 1039 ἑαυτὸν
3305 984 3563 1040 ἀνακαλεῖ
3602 985 3631 1037 6
3657 981 3813 1045 Θεὸς,

2243 1078 2705 1148 ἐπαγγελλόμενος
2732 1079 2830 1151 τὴν
2881 1080 3007 1150 παρ’
3055 1076 3220 1133 αὐτοῦ
3255 1076 3524 1149 βοήθειαν,
3554 1077 3603 1129 εἰ
3634 1090 3815 1145 παρα-

2245 1171 2454 1241 μένοιεν
2476 1173 2533 1226 ὲν
2567 1170 2737 1241 αὐτῷ.

2315 1282 2333 1312 ‹
2380 1262 2467 1315 Ἐν
2512 1260 2591 1332 τῷ
2633 1258 2824 1331 δρυμῷ
2858 1259 3098 1331 ἑσπέρας
3132 1258 3421 1330 κοιμηθῇς,
3454 1258 3488 1329 ἢ
3523 1259 3581 1310 ἐν
3609 1257 3675 1327 τῇ
3704 1252 3812 1326 ὁδῷ

2238 1350 2452 1405 Δαιδάν·
2484 1351 2564 1413 εἰς
2599 1350 2921 1420 συνάντησιν
2954 1347 3175 1417 διψῶντι
3198 1347 3342 1420 ὕδωρ
3371 1348 3584 1420 φέρᾷε,
3615 1346 3813 1398 οἰὲνοι-

2238 1438 2458 1503 κοῦντες
2487 1442 2544 1494 ὲν
2566 1443 2631 1511 τῇ
2682 1439 2836 1511 χώρᾳ
2860 1439 3091 1510 Θαιμάν’
3121 1438 3305 1509 ἄρτοις
3357 1438 3647 1491 συναντᾶτε
3696 1436 3812 1497 τοῖς

2237 1532 2524 1599 φεύγουσιν
2555 1532 2643 1585 διά
2660 1530 2720 1585 τὸ
2745 1529 2947 1601 πλῆθος
2972 1531 3080 1587 τῶν
3111 1531 3546 1600 πεφονευμένων,
3578 1530 3671 1583 καὶ
3719 1527 3811 1581 διὰ

2234 1624 2295 1674 τὸ
2329 1622 2531 1694 πλῆθος
2578 1623 2686 1676 τῶν
2732 1623 3121 1694 πλανωμένων,
3147 1624 3242 1677 καὶ
3263 1623 3351 1676 διὰ
3376 1622 3436 1675 τὸ
3463 1621 3663 1693 πλῆθος
3705 1619 3808 1689 τῆς

2236 1713 2528 1783 μαχαίρας,
2576 1712 2669 1765 καὶ
2718 1712 2806 1765 διὰ
2836 1712 2897 1765 τὸ
2933 1711 3136 1781 πλῆθος
3168 1711 3277 1764 τῶν
3318 1710 3662 1779 τοξευμάτων
3697 1707 3806 1760 τῶν

2233 1802 2654 1873 διατεταμένων,
2703 1803 2796 1856 καὶ
2828 1802 2916 1855 διὰ
2955 1803 3017 1855 τὸ
3064 1801 3265 1873 πλῆθος
3302 1800 3411 1854 τῶν
3441 1799 3805 1853 πεπτωκότων

573 1903 702 1947 runt
727 1894 779 1948 in
808 1894 968 1949 bello.
997 1914 1015 1948 ι
1058 1894 1180 1951 Jam
1232 1896 1373 1951 enim
1420 1897 1746 1950 instantibus
1787 1909 1986 1964 vosque
2029 1908 2118 1946 ca:-

2232 1896 2290 1947 ὲν
2314 1893 2392 1965 τῷ
2427 1894 2667 1965 πολέμῳ.
2702 1912 2721 1946 ι
2770 1894 2906 1965 Ἤδη
2936 1895 3046 1966 γὰρ
3077 1893 3413 1947 ἐπιστάντων
3436 1891 3543 1945 τῶν
3569 1906 3805 1945 κατακο·

572 1984 823 2042 dentibus
874 1988 1215 2053 adversariis,
1252 2002 1408 2057 quam
1456 1988 1669 2054 plurimi
1713 1994 1945 2039 vestrum
1981 1984 2126 2053 peri-

571 2076 707 2131 bunt
738 2094 752 2131 :
779 2078 821 2132 sl
862 2087 1038 2133 autem
1070 2094 1211 2134 unus
1236 2094 1303 2133 ex
1334 2078 1503 2141 vobis,
1538 2084 1619 2132 vel
1648 2077 1775 2142 duo,
1812 2078 1894 2130 vel
1935 2078 2123 2130 admo-

569 2166 695 2221 dum
744 2169 897 2237 pauci
934 2169 1235 2225 incolumes
1267 2169 1560 2233 evaserint,
1587 2167 1708 2238 l‘nga
1752 2167 1978 2222 salutem
2026 2182 2122 2219 aa—

566 2271 672 2328 cti;
702 2263 788 2318 his
818 2277 938 2334 ego,
972 2272 1157 2333 utpote
1190 2244 1539 2334 fugientibus.
1572 2274 1628 2318 et
1664 2263 1788 2332 fuga
1819 2260 2125 2331 defatigatis

566 2361 622 2407 et
648 2354 860 2417 solutis,
884 2368 1003 2408 cum
1037 2355 1199 2410 urbes
1225 2353 1542 2408 incolendas
1564 2368 1667 2405 non
1703 2352 1956 2413 habeant,
1989 2363 2124 2417 prae-

563 2445 701 2512 ciplc
742 2454 800 2498 ut
834 2445 888 2500 in
937 2445 1077 2499 saltu
1132 2453 1185 2498 et
1222 2445 1275 2497 in
1334 2445 1561 2497 desertis
1614 2443 1769 2503 locis,
1826 2448 2122 2507 occupante

560 2547 809 2604 vespera,
844 2535 1132 2589 dormiant.
1172 2534 1370 2588 Verum
1401 2548 1467 2586 ne
1498 2531 1642 2585 faiiie
1687 2541 1933 2595 pereant,
1965 2528 2121 2584 lassis

560 2630 667 2683 il'is
713 2640 767 2686 et
818 2630 1127 2684 sitientibus
1159 2629 1338 2683 oﬁ‘erri
1388 2644 1581 2696 aquam
1613 2637 1669 2683 et
1703 2643 1898 2698 panem
1939 2626 2115 2694 iubeo.

559 2722 654 2776 llis
688 2735 863 2777 autem
911 2737 1003 2776 vos
1047 2724 1308 2792 alloquor,
1334 2722 1425 2792 qui
1465 2722 1744 2782 'Ih:eman,
1791 2721 1871 2774 sic
1917 2720 2116 2773 dictam

558 2814 859 2882 regionem,
898 2814 1135 2868 incolitis
1166 2829 1178 2865 :
1215 2828 1351 2883 quos
1398 2816 1647 2866 convenit
1692 2810 1962 2879 fugientes
1995 2824 2118 2877 per-

557 2902 865 2957 humaniter
911 2904 1162 2972 excipere
1206 2914 1260 2957 et
1312 2912 1571 2958 tractare.
1621 2901 1755 2954 Puto
1802 2910 1978 2955 autem
2024 2914 2116 2954 eos

556 3006 680 3046 cum
718 2993 994 3050 civitatem
1029 2995 1265 3049 incolere
1295 3008 1401 3046 non
1442 2994 1669 3062 possint.
1698 2993 1751 3046 in
1794 2992 1897 3045 viis
1926 3000 1979 3044 et
2009 2990 2115 3045 sal-

557 3084 702 3138 tihns
741 3084 1087 3139 habitaturos
1119 3100 1260 3140 esse.
1292 3083 1655 3151 Quamobrem
1693 3100 1757 3136 ne
1805 3082 2115 3151 despiciatis

553 3188 649 3227 eos
691 3175 783 3243 qui
837 3186 946 3229 tam
996 3174 1383 3229 miserabiliter
1424 3173 1565 3227 [alite
1611 3182 1834 3240 pereunt
1860 3212 1877 3233 .
1917 3173 2005 3239 qui
2045 3186 2109 3225 ex

552 3266 902 3322 inimicorum
936 3269 1115 3337 gladio
1154 3269 1285 3323 salvi
1332 3277 1621 3322 evaserunt
1651 3284 1666 3320 :
1701 3268 1842 3334 quod
1878 3266 2112 3319 maxime

550 3369 619 3411 ex
662 3366 805 3412 tanta
847 3359 1189 3413 multitudine
1231 3367 1525 3421 evaserint,
1580 3356 1796 3410 caeteris
1846 3356 2113 3424 pereunti-

550 3448 675 3507 bus,
712 3457 804 3501 aut
832 3448 886 3500 in
919 3448 1041 3502 aliis
1073 3449 1302 3503 desertis
1332 3449 1463 3502 locis
1492 3446 1825 3500 errantibus.

2230 1988 2470 2040 πτόντων
2492 1987 2635 2057 ὑμᾶς
2663 1986 2951 2057 πολεμίων,
2981 1988 3030 2039 οἱ
3065 1987 3163 2056 μὲν
3195 1984 3435 2038 πλεῖστοι
3462 1984 3569 2036 τῶν
3587 1985 3643 2037 ἐν
3674 1982 3804 2052 ὑμῖν

2226 2078 2572 2151 ἀπόλλυνται,
2617 2073 2698 2142 εἷς
2743 2077 2799 2131 δέ
2828 2095 2932 2131 που
2969 2079 3063 2130 καὶ
3088 2076 3357 2153 δεύτερος,
3405 2075 3556 2146 ἢκαὶ
3599 2074 3805 2146 σφόδρα

2228 2170 2449 2241 βραχεῖς
2496 2171 2545 2223 εἰ
2587 2170 2942 2242 περισωθεῖεν
2970 2172 3112 2240 φυγῇ
3155 2167 3253 2239 τὴν
3282 2168 3554 2238 σωτηρίαν
3586 2164 3806 2237 ποριζό-

2228 2277 2399 2330 μενοι,
2458 2259 2668 2323 τούτοις
2714 2260 2897 2323 αὒτοῖς
2948 2258 3056 2327 ἐγὼ
3098 2258 3561 2329 παρακελεύομαι,
3601 2256 3804 2309 ὡσανεὶ

2224 2350 2482 2420 φεύγουσι
2538 2352 2634 2405 καὶ
2684 2353 2750 2404 ὲκ
2795 2351 2892 2421 τῆς
2926 2350 3104 2419 φυγῆς
3153 2349 3507 2421 παρειμένοις
3550 2347 3650 2418 ήδη
3707 2348 3804 2401 καὶ

2223 2443 2619 2514 ἐκλελυμένοις,
2655 2443 2994 2515 μηκέτιγοῦν
3029 2442 3182 2511 πόλιν
3202 2444 3368 2496 οἰκεῖν
3401 2441 3633 2521 ἔχοντες,
3656 2430 3803 2492 οὗτοι

2221 2537 2280 2587 ὲν
2311 2536 2501 2607 δρυμῷ
2541 2538 2632 2591 καὶ
2666 2537 2721 2588 ὲν
2750 2536 2977 2606 ἐρήμοις
3019 2536 3225 2597 τόποις,
3262 2532 3677 2600 καταλαϐούσης
3702 2531 3803 2584 αὐε-

2219 2629 2343 2691 τοὺς
2391 2628 2627 2699 ἑσπέρας
2682 2626 3127 2697 κοιμηθήσονται.
3185 2624 3320 2677 Ἀλλ’
3367 2625 3454 2677 ἵνα
3528 2622 3602 2693 μὴ
3654 2622 3801 2693 λιμῷ

2220 2720 2585 2790 διαφθαρεῖεν,
2615 2718 2952 2789 κεκμηκόσιν
2977 2717 3158 2778 αὐτοῖς
3187 2716 3279 2767 καὶ
3307 2714 3530 2783 διψῶσιν
3558 2710 3665 2765 ἀπὸ
3697 2729 3802 2765 κα-

2222 2813 2415 2879 μάτου,
2448 2811 2776 2882 προσφέρειν
2819 2810 2961 2880 ὕδωρ
3004 2808 3097 2861 καὶ
3136 2807 3297 2877 ἄρτον
3331 2803 3795 2876 παρακελεύομαι.

2218 2903 2403 2956 Ταῦτα
2437 2903 2494 2956 δὲ
2527 2903 2662 2973 πρὸς
2704 2903 2851 2972 ,ὑμᾶς
2907 2919 3049 2971 φημι
3104 2901 3230 2962 τοὺς
3261 2898 3360 2969 τὴν
3404 2896 3621 2969 Θαιμάν
3652 2894 3799 2949 οὕτω

2217 2994 2558 3064 καλουμένην
2615 2990 2798 3062 χώραν
2846 2990 3149 3052 οἰκοῦντας,
3202 2988 3293 3052 οὓς
3350 2988 3549 3059 πρέπει
3606 2988 3800 3053 δεξιῶς

2214 3084 2570 3155 ἀποδέχεσθαι
2622 3084 2715 3135 καὶ
2757 3080 3295 3151 φιλανθρωπεύεσθαι
3350 3081 3477 3143 τοὺς
3526 3079 3793 3150 φυγάδας.

2219 3173 2382 3245 Οἶμαι
2405 3175 2460 3227 δὲ
2495 3175 2648 3228 πόλιν
2682 3174 2761 3226 ἔτι
2803 3175 3075 3225 κατοικεῖν
3114 3172 3173 3224 οὐ
3206 3170 3511 3241 δυνάμενοι,
3554 3171 3613 3225 ὲν
3657 3171 3799 3234 ὁδοῖς

2216 3269 2309 3321 καὶ
2332 3268 2555 3337 δρυμοῖς
2604 3264 3042 3335 αὐλισθήσονται.
3085 3263 3176 3316 Διὸ
3219 3262 3294 3334 μὴ
3321 3262 3584 3333 παρίδητε
3621 3262 3798 3328 οὕτως

2213 3358 2446 3429 οἰκτρῶς
2466 3356 2607 3427 λιμῷ
2637 3357 3018 3427 φθειρομένους
3047 3356 3174 3418 τοὺς
3203 3353 3566 3418 διασωθέντας
3598 3355 3664 3407 ὲκ
3694 3354 3798 3425 τῆς

2212 3450 2320 3503 τῶν
2364 3450 2636 3519 πολεμίων
2685 3449 2978 3520 μαχαίρας
3035 3448 3084 3501 οἳ
3136 3446 3371 3518 μάλιστα
3422 3449 3487 3500 ὲκ
3533 3444 3794 3499 τοσούτου

554 3536 792 3607 πλήθους
820 3538 1127 3608 δεδύνηνται
1148 3540 1449 3609 διαφυγεῖν,
1484 3540 1591 3593 τῶν
1616 3540 1815 3593 λοιπῶν
1847 3540 2217 3607 ἀπολωλότων,
2266 3543 2298 3613 ἢ
2347 3544 2439 3596 καὶ
2477 3541 2963 3612 ἁποπλανηθέντων
3017 3544 3075 3594 ἐν
3121 3540 3327 3612 ἑτέροις
3384 3539 3795 3610 ἀπῳκισμένοις

546 3630 754 3695 τόποις.

624 3722 785 3791 Vsus.
820 3722 908 3789 16,
937 3726 1022 3778 l7.
1055 3743 1072 3775 ι
1098 3724 1359 3791 Quoniam
1391 3728 1470 3781 sic
1495 3727 1629 3781 dixit
1659 3728 1788 3781 mihi
1824 3726 2105 3789 Dominus,

545 3814 735 3869 Adhuc
775 3829 947 3868 annus
976 3823 1233 3885 tanquam
1289 3829 1463 3870 annus
1510 3818 1856 3879 mercenarii,
1890 3818 2110 3871 deﬁciet

548 3907 719 3977 gloria
764 3908 997 3961 iiliorum
1031 3907 1325 3963 Cedarzet
1364 3910 1506 3981 quod
1560 3910 1832 3977 reliquum
1886 3921 1964 3963 est
2020 3925 2109 3961 ar-

547 4014 706 4061 cuum
748 3996 967 4051 fortium
1008 3998 1238 4052 liliorum
1281 3999 1475 4063 Cedar,
1511 4001 1618 4054 erit
1656 4000 1933 4069 exiguum,
1971 4014 2108 4066 quo-

548 4088 694 4142 niam
728 4089 982 4143 Dominus
1013 4089 1154 4143 Deus
1174 4088 1338 4143 Israel
1369 4088 1579 4143 locutus
1610 4081 1713 4143 est.
1746 4108 1764 4139 ι
1791 4088 1944 4153 Quod
1978 4103 2104 4155 pro-

547 4193 638 4249 pe,
673 4188 728 4233 et
770 4180 927 4247 quasi
978 4179 1117 4232 intra
1163 4180 1356 4249 januas
1400 4180 1697 4249 ingressum
1752 4181 1823 4235 sit
1862 4179 2107 4235 idumaeze

546 4270 770 4324 exitium
796 4287 810 4322 :
835 4280 886 4324 et
912 4270 1059 4339 quod
1107 4256 1337 4327 omnino
1382 4272 1438 4325 in
1480 4273 1775 4341 perniciem
1812 4272 1936 4325 ituri
1970 4271 2102 4335 sint,

545 4361 857 4432 Babyloniis
903 4377 1091 4416 eorum
1146 4364 1311 4418 urbes
1360 4364 1792 4428 incendentibus,
1823 4378 1889 4417 ac
1934 4372 2104 4417 tatam

544 4455 821 4526 tegionem
873 4454 1296 4531 populantibus,
1349 4456 1494 4508 clare
1546 4456 1891 4523 praenuntiat.
1951 4454 2105 4510 Unus

546 4551 767 4620 quippe,
806 4547 905 4609 ait,
941 4547 1240 4600 intercedet
1287 4562 1483 4611 annus,
1514 4557 1570 4601 et
1601 4546 1865 4616 sagittarii
1906 4546 2101 4611 Cedar,

545 4639 783 4702 etiamsi,
813 4639 1009 4703 inquit,
1032 4638 1229 4692 mirqu
1258 4630 1437 4703 εἰσάἱο
1478 4639 1595 4707 ejus
1635 4641 1713 4693 rei
1742 4638 2102 4706 suspicionem
2135 4678 2178 4729 υ

544 4732 846 4791 venientes,
886 4728 1138 4782 deﬁcient
1184 4739 1241 4783 et
1291 4729 1561 4798 peribunt.
1610 4727 1859 4796 Veraque
1911 4728 2105 4796 praedi-

545 4823 654 4875 ctio
682 4831 782 4884 est,
825 4820 1083 4874 Dominus
1124 4818 1267 4871 enim
1324 4816 1467 4871 Deus
1520 4816 1690 4871 Israel
1737 4816 1951 4871 locutus
1998 4823 2100 4869 est.

548 4913 761 4966 Veritas
783 4922 959 4964 autem
990 4925 1265 4978 nunquam
1297 4910 1608 4963 mentietur.

1102 5105 1329 5162 CAPUT
1372 5104 1533 5161 XXII.

615 5268 776 5323 Vsus.
811 5269 863 5323 1.
891 5290 908 5321 ι
939 5267 1091 5322 Visio
1117 5267 1272 5321 vallis
1304 5266 1457 5320 Sion.
1490 5266 1629 5331 Quid
1663 5266 1859 5321 factum
1878 5278 1960 5322 est
1986 5269 2100 5331 tibi,

543 5362 792 5427 quoniam
834 5376 979 5416 nunc
1021 5360 1354 5413 ascendistis
1391 5373 1583 5413 omnes
1620 5358 1669 5409 in
1711 5368 1850 5413 tecta
1877 5360 2049 5415 vana?
2078 5380 2095 5411 ι

544 5452 784 5508 Praesens
814 5454 967 5508 vallis
1003 5451 1186 5507 Sionis
1216 5452 1376 5506 visio.
1408 5466 1510 5503 non
1544 5452 1608 5504 de
1648 5451 1779 5520 ipsa-
1794 5452 1981 5515 Sione,
2008 5453 2100 5506 sed

548 5544 615 5596 de
644 5545 921 5609 adiacente
944 5545 1081 5598 valle
1106 5544 1323 5598 dicitur.
1357 5542 1722 5606 Quamobrem
1765 5545 1839 5596 ait
1867 5554 2053 5611 postea
2082 5562 2093 5595 :

550 5652 568 5683 ‹
599 5634 660 5685 Et
686 5642 843 5686 erunt
869 5634 1051 5689 electa:
1070 5636 1234 5688 valles
1265 5644 1390 5695 tuae,
1428 5630 1774 5699 replebuntur
1809 5634 2094 5687 curribus:

545 5726 750 5795 equites
808 5740 935 5780 vero
994 5727 1281 5781 occludunt
1346 5740 1530 5796 portas
1595 5733 1774 5777 tuas.»
1855 5727 2100 5780 Arbitror

547 5831 704 5884 porro
741 5816 908 5874 Deum
956 5818 1041 5875 his
1083 5816 1441 5886 ahjectioncm
1490 5817 1700 5876 lsruclis
1726 5830 1775 5875 ct
1800 5832 2097 5877 extremam

2292 3748 2309 3779 ι
2355 3730 2496 3781 Διότι
2535 3726 2707 3790 οὕτως
2756 3724 2873 3779 εἶπέ
2907 3745 2996 3797 μοι
3028 3726 3248 3799 Κύριος·
3285 3727 3406 3781 Ἔτι
3438 3725 3687 3789 ἐνιαυτὸς
3715 3725 3794 3791 ὡς

2214 3818 2454 3882 ἐνιαυτὸς
2484 3818 2775 3889 μισθωτοῦ,
2807 3818 3041 3887 ἐκλείψει
3075 3820 3107 3888 ἡ
3134 3816 3258 3882 δόξα
3282 3817 3391 3872 τῶν
3418 3816 3548 3871 υἱῶν
3572 3815 3791 3888 Κηδάρ,

2215 3912 2309 3961 καὶ
2324 3910 2382 3962 τὸ
2404 3910 2724 3963 κατάλοιπον
2743 3910 2851 3962 τῶν
2872 3908 3218 3978 τοξευμάτων
3246 3907 3356 3961 τῶν
3388 3906 3625 3978 ἰσχυρῶν
3656 3907 3792 3961 υἱῶν

2215 4001 2404 4072 Κηδὰρ
2436 4001 2585 4054 ἔσται
2617 4001 2814 4068 ὀλίγον,
2850 4002 2931 4053 ὅτι
2960 4000 3162 4070 Κύριος
3191 4002 3219 4053 6
3243 3998 3372 4063 Θεὸς
3417 3998 3634 4070 Ἰσραὴλ
3662 3997 3791 4053 ἑλά-

2212 4095 2393 4166 λησεν.
2428 4115 2447 4145 ι
2479 4096 2603 4147 ’Ότι
2647 4096 2869 4163 γέγονεν
2918 4095 3103 4161 ἐγγὺς,
3139 4093 3233 4167 καὶ
3279 4087 3392 4146 οἷον
3420 4093 3551 4147 εἴσω
3587 4093 3789 4166 βέϐηκε

2212 4187 2389 4257 θυρῶν
2421 4190 2449 4240 6
2477 4187 2576 4263 τῇς
2627 4187 2931 4257 Ἰδουμαίας
2982 4185 3221 4255 ὄλεθρος,
3267 4188 3362 4240 καὶ
3401 4186 3482 4241 ὅτι
3516 4186 3696 4258 πάντη
3730 4204 3790 4241 τε

2211 4280 2305 4331 καὶ
2364 4278 2579 4341 πάντως
2630 4280 2936 4349 οἰχήσονται
2992 4277 3129 4349 πρὸς
3181 4276 3473 4343 ἀπώλειαν,
3513 4295 3789 4351 κατεμπι-

2212 4372 2461 4441 πράντων
2494 4373 2675 4434 αὐτοῖς
2728 4370 2825 4433 τὰς
2876 4370 3061 4433 πόλεις
3114 4370 3223 4423 τῶν
3266 4369 3643 4435 Βαϐυλωνίων,
3694 4372 3791 4425 καὶ

2211 4464 2423 4516 ἃπασαν
2450 4462 2506 4515 δὲ
2534 4462 2943 4532 καταδῃούντων
2974 4462 3072 4532 τὴν
3110 4464 3315 4533 χώραν,
3347 4462 3789 4532 προαπαγγέλλει

2213 4552 2415 4620 σαφῶς.
2459 4547 2553 4614 Εἷς
2590 4552 2698 4621 γὰρ
2733 4552 2915 4613 ἔσται,
2938 4553 3123 4621 φησὶν,
3162 4553 3192 4604 6
3225 4552 3467 4615 ἐνιαυτὸς
3492 4553 3520 4605 ό
3557 4552 3785 4623 μεταξὺ,

2210 4645 2302 4696 καὶ
2336 4646 2383 4697 οἱ
2412 4644 2508 4713 τῆς
2538 4642 2729 4713 Κηδὰρ
2766 4643 3000 4707 τοξόται,
3037 4644 3233 4707 καίτοι,
3269 4644 3452 4714 φησὶν,
3479 4644 3580 4698 οὐκ
3618 4646 3789 4701 ἀθαύ-

2210 4752 2428 4803 μαστοψ
2466 4735 2550 4787 ἐπ’
2591 4733 2737 4803 αὐτῷ
2767 4735 2824 4787 δὲ
2849 4735 3022 4805 τούτῳ
3049 4736 3145 4807 τὴν
3172 4734 3437 4807 ὑπόληψιν
3465 4737 3785 4808 ἐσχηκότες,

2207 4823 2515 4892 ἐκλείψουσί
2540 4840 2599 4875 τε
2632 4824 2725 4876 καὶ
2756 4824 3101 4879 ἀπολοῦνται.
3128 4827 3236 4880 Καὶ
3262 4826 3467 4898 ἀληθὴς
3492 4830 3525 4899 ἡ
3547 4832 3789 4901 προαγό-

2211 4930 2408 4983 ρευσις·
2442 4912 2645 4982 Κύριος
2676 4913 2784 4984 γὰρ
2813 4914 3069 4985 ἐλάλησεν
3095 4918 3123 4968 6
3142 4916 3275 4980 Θεὸς
3309 4918 3545 4990 Ἰσραήλ.
3572 4920 3787 4976 Ψεὺσε-

2209 5020 2297 5056 ται
2334 5004 2388 5056 δὲ
2415 5003 2612 5074 μᾶλλον
2641 5004 2941 5074 οὐδαμῶςή
2973 5005 3215 5077 ἀλήθεια.

2727 5119 3117 5175 ΚΕΦΑΛΑΙΟΝ
3142 5123 3267 5177 ΚΒ⁵.

2284 5296 2299 5326 ι
2357 5277 2429 5328 Τὸ
2455 5278 2635 5345 ὅραμα
2664 5275 2763 5345 τῆς
2795 5276 3077 5347 φάραγγος
3122 5278 3286 5333 Σιών.
3310 5282 3375 5334 Τί
3415 5283 3636 5351 ἐγένετό
3678 5304 3784 5353 σοι,

2207 5370 2286 5419 ὅτι
2317 5369 2411 5421 νῦν
2440 5368 2667 5438 ἀνέὸητε
2692 5368 2893 5432 παντες
2925 5372 3005 5432 εἰς
3044 5369 3269 5442 δώματα
3302 5374 3542 5444 μάταια;
3575 5396 3594 5428 ι
3620 5379 3696 5432 Τό
3723 5397 3786 5447 γε

2212 5462 2316 5529 μὴν
2370 5460 2727 5529 προκείμενον
2787 5462 3071 5531 φάραγγος
3132 5464 3269 5517 Σιὼν
3330 5466 3513 5538 ὅραμα
3562 5469 3623 5523 ού
3688 5472 3787 5542 τῆς

2205 5552 2372 5620 αὐτῆς
2408 5550 2563 5616 Σιὼν,
2603 5552 2737 5603 ἀλλὰ
2774 5553 2901 5625 περὶ
2947 5553 3047 5621 τῆς
3098 5557 3462 5628 προκειμένης
3499 5560 3639 5631 αὐτῇ
3682 5565 3786 5631 φάν-

2206 5661 2408 5712 ραγγος
2435 5645 2666 5714 εἴρηται.
2708 5646 2905 5717 Διόπερ
2962 5647 3086 5718 ἑξῆς
3115 5648 3316 5718 προῖὼν
3362 5651 3390 5702 6
3438 5650 3594 5719 λόγος
3624 5658 3779 5727 φησι·

2211 5754 2227 5783 ι
2273 5737 2380 5788 Καὶ
2410 5736 2617 5789 ἔσονται
2674 5739 2925 5793 έκλεκταὶ
2955 5741 3237 5812 φάραχγές
3273 5761 3385 5808 σου,
3439 5744 3779 5817 ﬁnisﬁnem-

2209 5847 2289 5882 ττι
2339 5830 2613 5900 spiritu”
2662 5836 2703 5885 οξ
2750 5834 2805 5887 δὲ
2835 5838 3034 5899 Δἱππεῖς
3074 5837 3409 5910 ἐμφράξουσι
3458 5837 3557 5902 τὰς
3604 5838 3778 5906 πύλας
