4100 6430
251 366 358 420 Ξίὸ

1199 372 1696 429 ΟΟΜΜΕΝΤΑΒΙᾹ
1740 371 2100 428 lN-ISAIAM.
2143 407 2211 416 —
2249 376 2398 432 CAP.
2443 375 2606 431 XXII.

3422 383 3528 437 246

254 501 373 539 σου.
411 503 432 537 ι
478 483 662 558 Οἶμαι
715 487 803 542 διὰ
833 486 1035 541 τούτων
1069 487 1159 541 τὸν
1188 487 1319 543 Θεὸν
1350 489 1449 560 τὴν
1471 489 1740 559 ἀποϐολὴν
1765 489 1844 542 τοῐ

1961 491 2078 558 ejus
2103 493 2318 545 ruinam
2349 493 2663 563 signiﬁcare
2699 495 2858 559 velle,
2899 494 3156 563 ipsosque
3184 497 3235 548 in
3272 495 3528 568 a‘lienige~

263 577 492 648 Ἰσραὴλ
525 580 627 632 καὶ
657 581 758 650 τὴν
787 579 1015 650 ἐσχάτην
1043 580 1359 632 ἀπόπτωσιν
1392 581 1634 651 σημῆναι
1667 581 1851 650 βουλό-

255 685 442 735 μενον,
473 671 536 722 ἐν
572 669 658 739 τῷ
678 670 913 740 τάγματι
935 671 1040 722 τῶν
1057 669 1368 738 ἀλλοφύλων
1396 672 1592 734 αὐτοὺς
1619 671 1854 724 κατα-τά-

256 758 365 822 ξαι,
399 759 620 830 μέσους
653 760 1211 832 παραληφθένταςτῆς
1242 760 1350 813 τῶν
1379 761 1691 831 ἀλλοφύλων
1710 763 1748 815 Γ
1755 780 1850 832 ρα-

254 849 383 920 φῆς.
415 850 593 904 Ἀλλὰ
623 851 723 904 καὶ
741 850 836 922 τὴν
859 852 1064 904 πτῶσιν
1092 853 1192 922 τῆς
1231 852 1580 923 Ἰερουσαλὴμ
1613 853 1852 923 ἡγοῦμαι

252 938 585 1011 δηλοῦσθαι,
620 940 714 994 διὰ
745 940 899 994 τοῦτο
938 941 1196 1010 φάραγγα
1238 939 1376 994 Σιὼν
1409 941 1710 1012 ὀνομάζων.
1743 940 1853 993 Ka'l.

254 1030 430 1096 άλλως
457 1029 522 1083 δέ
567 1031 847 1102 μέμφεται
872 1034 900 1085 6
927 1033 1059 1096 Θεὸς
1080 1030 1174 1084 τοῦ
1213 1031 1482 1085 Ἰουδαίων
1515 1031 1700 1094 ἔθνους
1728 1031 1852 1093 τοὺς

251 1122 654 1187 ἀποπεσόντας
687 1123 781 1177 τοῦ
813 1124 973 1194 ὕψους
1005 1124 1099 1178 τοῦ
1120 1123 1402 1188 θεοσεϐοῦς
1434 1123 1848 1194 πολιτεύματος.

253 1213 451 1286 ὥσπερ
491 1214 562 1285 δὴ
579 1217 640 1269 ἐν
671 1214 878 1270 κοιλάσι
909 1215 1002 1269 καὶ
1030 1217 1087 1268 ἐν
1113 1215 1353 1287 φάραγξι
1374 1268 1377 1270 _
1397 1215 1492 1269 τοῦ
1526 1216 1624 1286 τῆς
1655 1218 1850 1280 κακίας

255 1305 423 1374 βυθοῦ
484 1306 1012 1369 καταπεπτωκότας.
1066 1305 1204 1359 Σιὼν
1263 1308 1361 1377 μὲν
1389 1307 1498 1378 γὰρ
1541 1309 1667 1378 δρος
1705 1309 1851 1361 ἐστὶν

254 1396 488 1467 ὑψηλὸν,
534 1397 623 1467 ἐφ’
655 1393 719 1452 οὗ
749 1400 776 1450 6
818 1396 950 1460 νεὼς
979 1398 1072 1450 τοῦ
1103 1396 1237 1450 Θεοῦ
1273 1398 1604 1468 ᾠκοδόμητο·
1634 1398 1713 1450 διὸ
1764 1399 1851 1450 λέ-

251 1487 470 1543 λεκταιο
509 1507 528 1541 ι
581 1488 704 1542 Ἐπ’
731 1488 852 1558 δρος
874 1487 1073 1559 ὑψηλὸν
1099 1488 1350 1558 ἀνάϐηθι,
1384 1491 1412 1541 6
1433 1489 1851 1559 εὐαγγελιζόμε-

250 1579 540 1642 νοςΣιὼνο
601 1599 621 1631 ι
663 1582 782 1645 καὶ,
814 1600 831 1633 ι
878 1581 1320 1652 Προσεληλύθατε
1372 1581 1514 1634 Σιὼν
1568 1582 1705 1653 ὄρει,
1758 1583 1850 1636 καὶ

253 1671 410 1723 πόλει
446 1672 588 1726 θεοῦ
617 1671 821 1736 ζῶντος
855 1669 1210 1744 ’Ἰερουσαλὴμ
1252 1674 1577 1744 ἐπουρανίῳ.
1623 1695 1640 1726 ι
1681 1676 1789 1728 Καὶ
1820 1676 1848 1726 6

252 1760 414 1831 λόγος
431 1763 492 1817 δὲ
518 1766 548 1818 6
581 1765 935 1832 εὐαγγελικδς
962 1765 1049 1818 διά
1077 1765 1168 1817 τοῦ
1192 1763 1327 1817 Σιὼν
1343 1765 1464 1836 ὅρος
1488 1764 1848 1835 σημαίνεσθαι

1957 596 2149 658 narum
2177 583 2366 636 ordine
2400 597 2700 654 [eponerc;
2731 598 2854 635 nam
2903 583 3060 637 medii
3102 585 3241 639 inter
3271 587 3529 656 alienige-

1955 685 2054 723 nas
2095 670 2147 723 in
2201 670 2482 742 Scriptura
2531 673 2804 727 locantur.
2858 672 2966 726 Sed
3005 676 3171 728 etiam
3217 686 3348 744 puto
3399 692 3524 731 eum

1956 760 2337 832 Hierosolyma:
2367 764 2579 818 ruinam
2599 765 2894 828 declarare,
2925 765 3152 835 ideoque
3177 768 3368 823 vallem
3397 767 3529 823 Sion

1955 853 2128 918 ipsam
2179 867 2394 908 vocare.
2445 855 2699 922 Alioquin
2757 871 2886 910 vero
2917 870 2948 910 e
2995 855 3304 912 Judmorum
3368 868 3530 926 gente

1955 945 2096 1000 Deus
2117 961 2212 1001 eos
2237 949 2508 1017 coarguit,
2532 949 2624 1017 qui
2654 963 2686 1002 ει
2708 948 2946 1016 religiosi
2979 948 3211 1003 instituti
3247 950 3530 1005 cacumine

1954 1037 2296 1100 deciderunt,
2322 1053 2421 1092 ceu
2459 1041 2512 1090 in
2551 1038 2718 1092 valles
2761 1048 2817 1092 et
2851 1039 3138 1110 voragines
3169 1038 3531 1107 profundissi-

1955 1143 2054 1180 niaz
2106 1127 2320 1181 malitiae
2371 1128 2593 1197 delapsi.
2624 1129 2834 1182 Etenim
2891 1127 3022 1182 Sion
3080 1143 3234 1183 mons
3270 1138 3352 1184 est
3387 1144 3527 1197 pra:-

1953 1218 2113 1282 altus,
2147 1218 2199 1270 in
2231 1233 2337 1286 quo
2368 1219 2622 1288 templum
2659 1219 2752 1272 Dei
2793 1219 3120 1272 aediﬁcatum
3158 1227 3277 1271 erat
3308 1236 3320 1270 :
3354 1231 3527 1287 quare

1954 1308 2194 1362 dicitur:
2228 1327 2244 1358 ι
2277 1307 2452 1378 Super
2502 1320 2738 1364 montem
2803 1308 3074 1362 excelsum
3134 1310 3389 1374 ascende,
3433 1309 3524 1376 qui

1954 1401 2299 1468 evangelizas
2353 1400 2552 1464 Sion';
2586 1419 2603 1450 ι
2665 1410 2718 1453 et
2771 1417 2783 1450 2
2841 1400 3213 1454 «Accesslstis
3272 1401 3340 1454 ad
3396 1399 3531 1455 Sion

1955 1501 2219 1553 montem,
2254 1500 2307 1544 et
2357 1492 2628 1545 civitatem
2670 1493 2761 1548 Dei
2802 1491 3036 1545 viventis
3079 1489 3381 1546 Jerusalem
3409 1504 3528 1545 co:-

1954 1581 2148 1635 lestem
2169 1583 2209 1638 ⁶.
2241 1601 2258 1633 ι
2299 1583 2676 1652 Evangelicum
2721 1595 2902 1636 autem
2929 1597 3236 1638 sermonem
3266 1597 3363 1650 per
3397 1579 3529 1636 Sion

1955 1685 2193 1726 montem
2252 1673 2543 1743 signiﬁcari
2592 1675 2844 1741 superius
2892 1683 3380 1728 commonstratum
3423 1682 3531 1726 est.

1953 1767 2052 1832 Qui
2103 1781 2266 1835 porro
2300 1783 2364 1820 ex
2417 1767 2518 1820 hac
2551 1781 2645 1834 spe
2677 1766 3010 1829 deciderunt,
3043 1765 3100 1819 in
3130 1763 3327 1820 vallem
3375 1762 3528 1816 Sioni

251 1853 342 1908 διὰ
369 1855 483 1909 τῶν
513 1856 828 1927 ἔμπροσθεν
857 1857 1216 1910 ἐπεδείκνυτο.
1251 1858 1315 1910 Ol.
1359 1857 1415 1910 δὲ
1441 1857 1645 1927 ταύτης
1689 1859 1844 1910 ἐκπε-

1952 1855 2290 1922 adjacentem
2317 1856 2519 1926 delapsi
2555 1869 2680 1910 sunt
2720 1878 2730 1911 :
2762 1871 2887 1910 nam
2935 1870 3126 1910 rursus
3159 1855 3414 1908 virtutem
3445 1870 3527 1908 se-

253 1947 444 2010 σόντες
461 1947 562 2017 τῆς
595 1946 811 2012 ἐλπίδος
831 1948 888 2000 ἐν
912 1949 1156 2019 φάραγγι
1176 1948 1552 2020 παρακειμένῃ
1582 1948 1678 2019 τῆς
1709 1947 1850 2000 Σιὼν

252 2040 610 2094 πεπτώκασιο
640 2038 803 2094 πάλιν
852 2041 960 2114 γὰρ
992 2044 1164 2114 ἀρετῇ
1194 2041 1362 2094 κακία
1394 2041 1720 2111 παρέπεται,
1770 2042 1850 2103 εἰς

250 2131 319 2198 ἣν
355 2132 629 2203 ἐμπίπτει
663 2134 696 2185 6
739 2134 834 2204 τῆς
866 2133 1068 2204 ἀρετῆς
1106 2132 1502 2198 ἐξολισθαίνων.
1535 2131 1690 2185 Οὕτω
1718 2132 1849 2196 γοῦν

249 2221 419 2289 οίτῆς
457 2223 701 2285 πίστεως
731 2223 1190 2294 ἐξαμαρτάνοντες
1217 2225 1295 2286 εἰς
1311 2224 1568 2277 ἀπιστίαν
1594 2224 1849 2295 περιτρέ-

253 2307 470 2366 πονται.
510 2313 569 2365 Ὀ
589 2315 772 2366 τοίνυν
794 2315 856 2367 ἐκ
877 2315 1177 2386 περιτομῆς
1195 2315 1343 2379 λαὸς,
1369 2313 1462 2367 τοῦ
1488 2314 1848 2382 εὐαγγελικοῦ

254 2401 426 2471 ΰνζιους
487 2403 766 2464 ἐκπεσὼν,
813 2405 1034 2476 καὶτῆς
1081 2405 1404 2476 ἐπουρανίου
1439 2404 1575 2458 Σιὼν
1614 2405 1848 2458 ἀπαλλοε

254 2495 528 2564 τρωθεὶς,
573 2497 659 2559 εἰς
679 2496 771 2549 τὸν
807 2497 904 2568 τῆς
928 2498 1187 2560 ἀπιστίας
1216 2500 1554 2570 περιετράπη
1578 2498 1844 2569 κρημνόν·

254 2585 339 2638 διὸ
382 2587 472 2640 καὶ
500 2589 562 2640 ἐν
614 2585 932 2656 ἀλλοφύλοις
962 2587 1234 2657 ἐλογίσθη.
1272 2588 1433 2641 Ὅθεν
1471 2591 1504 2658 ἡ
1538 2589 1845 2660 προφητεία

253 2676 356 2747 τὴν
389 2678 633 2748 ἐσχάτην
664 2678 842 2732 αὐτῶν
881 2679 1152 2750 ἀποϐολὴν
1183 2679 1549 2750 αἰνιττομένη,
1580 2680 1641 2732 τὸ
1692 2679 1847 2750 ῥῆμα

257 2767 354 2838 τῆς
381 2768 674 2841 φάραγγος
704 2769 1022 2840 ἀνέγραψεν.
1070 2771 1219 2824 Ἐπεὶ
1249 2772 1323 2842 μή
1347 2773 1464 2824 ἐστι
1491 2770 1846 2841 προσωπολη-

255 2859 356 2927 ψία
399 2863 549 2933 παρά
579 2861 665 2932 τῷ
711 2860 850 2932 Θεῷ.
884 2861 1075 2916 τούτου
1114 2864 1274 2933 χάριν
1303 2865 1362 2916 ἐν
1387 2867 1498 2928 τοῖς
1546 2862 1684 2916 κατά
1735 2865 1844 2916 τῶν

259 2949 569 3018 ἀλλοφύλων
591 2949 833 3019 ἐλέγχοις
864 2950 1028 3020 μέσος
1052 2949 1384 3020 ἐμδέδληται
1414 2949 1508 3002 κα)⁵
1529 2950 1558 3001 6
1588 2951 1714 3019 περὶ
1744 2950 1844 3020 τῆς

261 3040 395 3094 Σιὼν
421 3041 606 3111 λόγος.
627 3039 722 3093 Διὸ
761 3041 853 3094 καὶ
879 3041 1005 3103 τοὺς
1035 3040 1133 3110 τῆς
1171 3041 1522 3112 Ἰερουσαλὴμ
1550 3041 1842 3112 οἰκήτορας

261 3131 405 3186 ὥσπε
413 3150 445 3203 ρ
476 3135 535 3186 ἐν
566 3131 888 3200 ἀλλοφύλοις
912 3132 1234 3187 κατατάττει
1262 3131 1457 3196 δΘεὸς,
1484 3133 1577 3184 καὶ
1600 3131 1699 3203 τὴν
1718 3133 1838 3185 κατ’

262 3221 433 3275 αὐτῶν
457 3221 734 3292 προφέρει
760 3219 954 3293 ψῆφον.

335 3331 354 3367 t
407 3311 749 3384 Ἐνεπλήσθη
782 3315 815 3383 ἡ
847 3313 1000 3378 πόλις
1025 3314 1289 3385 βοώντωψ
1310 3315 1358 3367 οἱ
1380 3315 1716 3386 τραυματίαι
1747 3333 1840 3370 σου

262 3401 322 3456 οὗ
337 3403 672 3475 τραυματίαι
692 3405 980 3476 μαχαίρας
994 3405 1100 3459 οὐδ’
1114 3408 1164 3460 οί
1177 3407 1358 3477 νεκροί
1374 3424 1465 3460 σου
1483 3407 1666 3478 νεκροὶ
1688 3407 1842 3459 πολέ-

264 3510 384 3564 μου.
423 3513 443 3546 ι
466 3493 706 3564 Θεωρῶν
725 3493 780 3546 δὲ
805 3496 834 3546 6
866 3495 1149 3567 προφήτης
1177 3496 1254 3566 τῷ
1277 3497 1546 3568 πνεύματι
1578 3497 1675 3559 τάς
1699 3496 1842 3549 κατὰ

261 3585 352 3640 τοῦ
404 3587 665 3658 Σωτῆρος
711 3585 837 3656 βοάς
876 3586 1076 3656 αὐτῶν,
1111 3591 1206 3642 καὶ
1243 3590 1342 3654 τάς
1377 3590 1570 3655 ἀθέους
1593 3591 1711 3642 κατ’
1739 3593 1839 3644 αύ-

261 3675 352 3730 τοῦ
403 3676 780 3749 βλασφημίας,
843 3679 908 3731 δι’
967 3677 1033 3744 ἃς
1086 3680 1505 3753 ἀπεδλήθησαν,
1567 3682 1838 3754 ἐπιφέρειο

335 3873 356 3907 ι
407 3851 797 3925 Ἐνεπλήσθηή
818 3853 967 3917 πόλις
983 3853 1246 3925 βοώντων.
1276 3857 1480 3923 Πάντες
1509 3861 1561 3912 οῖ
1583 3859 1842 3930 ἄρχοντές

264 3962 352 4000 σου
396 3945 732 4015 πεφεύγασι,
767 3946 858 3997 καὶ
905 3947 953 3998 οί
993 3946 1211 4010 ἁλόντες
1264 3949 1515 4022 σκληρῶς
1567 3952 1840 4020 δεδεμένοι

259 4038 383 4102 eiul,
418 4039 511 4092 καὶ
533 4038 587 4091 οἱ
621 4035 894 4105 ἰσχύοντες
930 4041 986 4094 ἐν
1021 4041 1102 4094 σοὶ
1127 4041 1316 4112 πόρρω
1349 4043 1668 4114 πεφεύγασι.
1703 4063 1720 4094 ι
1752 4046 1841 4098 Διὸ

257 4131 434 4184 οὐκέτι
463 4128 612 4182 κατά
642 4128 705 4181 τὸ
735 4127 958 4182 παλαιὸν
991 4132 1118 4202 παρ’
1143 4133 1330 4196 αὐτοῖς
1355 4134 1416 4186 ού
1458 4133 1715 4204 βασιλεῖς,
1743 4136 1840 4205 ούχ

259 4219 568 4295 ἡγούμενοι,
601 4222 706 4274 οὐκ
754 4223 1044 4295 ἀρχιερεῖς,
1098 4226 1160 4279 οὐ
1219 4227 1516 4297 προφῆται,
1567 4227 1681 4282 ἀλλ’
1720 4229 1840 4281 οὐδὲ

259 4317 559 4388 Φαρισαῖοι,
611 4313 737 4367 οὐδὲ
792 4315 1155 4380 Σαδδουκαῖοι,
1192 4317 1314 4370 οὐδὲ
1350 4319 1464 4373 ὅσοι
1511 4319 1572 4372 τὸ
1612 4320 1840 4374 παλαιὸν

259 4409 371 4470 ταῖς
405 4406 535 4478 παρ’
565 4405 751 4469 αὐτοῖς
781 4404 973 4476 ἀρχαῖς
1000 4405 1308 4476 τετίμηντο.
1334 4406 1520 4461 Ταῦτα
1559 4407 1782 4460 συνιδὼν
1813 4409 1841 4460 ὁ

260 4496 542 4567 προφήτης
565 4492 646 4564 τῷ
684 4491 972 4563 πνεύματι,
1014 4494 1108 4546 καὶ
1138 4493 1242 4564 τὴν
1274 4497 1339 4548 ἐκ
1375 4497 1633 4549 τοσούτου
1675 4495 1841 4566 ὕψους

260 4587 347 4639 ἐπὶ
392 4587 490 4658 τὴν
529 4583 772 4656 ἐσχάτην
804 4583 998 4637 κακίαν
1042 4583 1235 4653 ὥσπερ
1273 4586 1394 4640 τινὰ
1426 4588 1708 4658 φάραγγα,
1743 4589 1840 4660 τὴν

259 4676 458 4732 πτῶσιν
478 4675 576 4730 τοῦ
622 4673 891 4729 Ἰουδαίων
923 4673 1051 4730 λαοῦ
1069 4675 1471 4746 ἀπολοφύρεται
1503 4678 1696 4746 λέγων·

329 4871 347 4903 ι
382 4851 477 4905 Διά
507 4850 675 4905 τοῦτο
701 4846 848 4913 εἶπα,
878 4852 1075 4920 Ἀφετέ
1113 4867 1202 4922 με,
1250 4851 1460 4922 πικρῶς
1510 4850 1834 4924 κλαύσομαι,

261 4945 330 5014 μὴ
385 4941 758 5012 κατισχύσητε
796 4943 1130 5013 παρακαλεῖν
1176 4960 1243 5014 με
1279 4944 1370 4997 ἐπὶ
1416 4944 1478 4997 τὸ
1522 4944 1836 5017 σύντριμμα

256 5039 350 5110 τῆς
392 5036 670 5109 θυγατρὸς
723 5035 814 5090 τοῦ
857 5038 1045 5104 γένους
1089 5055 1212 5108 μου.
1246 5057 1264 5089 ι
1313 5033 1442 5091 Οἶδα
1485 5038 1616 5109 γὰρ,
1652 5039 1836 5109 φησὶν,

255 5129 518 5201 ἀκριϐῶς,
554 5128 654 5180 καὶ
686 5125 762 5196 τῷ
798 5127 1066 5197 πνεύματι
1100 5127 1342 5200 προορῶ,
1370 5130 1465 5181 καὶ
1487 5127 1576 5181 διὰ
1599 5129 1666 5180 τά
1700 5147 1838 5201 προ-

253 5221 512 5292 λεχθέντα
559 5218 764 5280 πάντα,
809 5219 902 5271 καὶ
933 5220 966 5289 ἡ
999 5219 1152 5283 πόλις
1182 5222 1216 5290 ἡ
1245 5218 1322 5292 τῴ
1349 5219 1470 5290 Θεῷ
1501 5221 1840 5292 ἀνακειμένη

253 5312 522 5366 ἁλώσεται
547 5351 564 5375 ,
597 5310 697 5364 καὶ
735 5310 926 5374 πάντες
951 5313 1000 5366 οί
1037 5313 1095 5363 ἐν
1119 5313 1256 5383 αὐτῇ
1297 5315 1376 5375 εἰς
1420 5311 1598 5383 χαρὰν
1631 5312 1842 5386 ἐχθρῶν

255 5405 749 5475 παραδοθήσονται.
781 5402 979 5474 Διόπερ
1030 5403 1281 5457 ἐντεῦθεν
1337 5403 1439 5474 ἢδη
1473 5403 1841 5476 ἀποδύρομαι,

254 5496 342 5550 καὶ
373 5496 572 5567 ὥσπερ
623 5495 717 5547 ἐπὶ
762 5495 999 5566 γνησίοις
1032 5495 1267 5566 ἐμαυτοῦ
1328 5495 1657 5566 σπλάγχνοις
1709 5498 1843 5550 ἀπο-

253 5586 510 5659 κλαίομαι
521 5628 532 5638 .

317 5793 338 5826 ³
364 5793 494 5849 lsai.
534 5805 627 5859 ιι,
662 5788 715 5845 9.
793 5791 810 5822 '
839 5787 996 5847 llebr.
1037 5808 1134 5860 ιιι,
1157 5790 1246 5848 22.

1953 1950 2139 2018 quitur
2179 1949 2405 2014 malitia,
2456 1951 2508 2003 in
2547 1964 2708 2018 quam
2743 1947 2947 2003 decidit
2987 1947 3080 2016 qui
3111 1962 3175 2001 ex
3210 1948 3411 2000 virtute
3440 1948 3531 2000 de-

1953 2041 2173 2095 labitur.
2200 2039 2290 2094 Sic
2323 2040 2487 2110 igitur
2519 2041 2609 2108 qui
2643 2054 2711 2094 ex
2746 2038 2854 2093 [ide
2883 2038 3142 2093 aberrant
3183 2040 3248 2092 ad
3281 2039 3531 2092 incredu-

1952 2131 2157 2186 litatem
2201 2142 2509 2186 vertuntur.
2553 2132 2788 2202 Populus
2826 2135 3013 2203 itaque
3049 2147 3114 2186 ex
3156 2130 3532 2185 circumcisio-

1953 2238 2040 2287 ne,
2084 2239 2148 2278 ex
2206 2225 2525 2294 evangelico
2574 2226 2856 2280 cacumine
2905 2225 3104 2294 lapsus,
3139 2233 3194 2278 et
3243 2238 3272 2275 a
3320 2222 3531 2276 cmlcsti

1952 2314 2082 2369 Sion
2115 2317 2471 2381 abalienatus,
2505 2319 2556 2372 in
2584 2319 2946 2388 praecipitium
2978 2315 3379 2371 incredulitatis
3403 2330 3526 2368 cor—

1950 2407 2112 2461 ruit:
2158 2423 2328 2476 quare
2385 2408 2528 2464 inter
2607 2408 2942 2479 alienigenas
3009 2417 3310 2475 reputatur.
3375 2404 3532 2462 Unde

1950 2498 2231 2567 prophetia
2269 2509 2566 2554 extremam
2607 2515 2797 2556 eorum
2852 2499 3121 2568 repulsam
3172 2498 3529 2558 adumbrans,

1951 2589 2176 2644 verbum
2212 2590 2368 2645 vallis
2399 2591 2712 2661 descripsit.
2743 2592 2880 2658 Quia
2916 2607 3042 2646 vero
3071 2607 3175 2646 non
3207 2600 3294 2644 est
3339 2602 3526 2657 perso-

1949 2694 2140 2735 narum
2189 2683 2434 2750 acceptio
2483 2683 2622 2752 apud
2669 2683 2875 2747 Deum,
2927 2684 3047 2736 ideo
3106 2682 3159 2736 in
3202 2681 3531 2751 alienigena-

1950 2784 2068 2824 rum
2111 2772 2626 2840 reprehensionibus
2659 2772 2872 2827 medius
2899 2773 2964 2826 de
2997 2770 3165 2827 Sione
3215 2785 3396 2826 sermo
3438 2770 3527 2822 iu-

1945 2876 2126 2918 sertus
2161 2874 2266 2920 est.
2311 2863 2575 2932 Quocirca
2607 2864 2998 2936 Hierosolyma:
3025 2864 3254 2926 incolas,
3286 2863 3438 2933 quasi
3476 2864 3528 2914 in

1946 2953 2272 3024 alienigenis
2320 2955 2463 3009 Deus
2510 2954 2813 3018 constituit,
2846 2954 3284 3024 sententiamque
3324 2952 3532 3022 proiert

1943 3047 2228 3103 adversum
2256 3047 2396 3104 illos.

2024 3299 2186 3357 Vens.
2214 3301 2269 3358 2.
2308 3321 2328 3355 ι
2360 3303 2586 3374 Repleta
2634 3313 2715 3359 est
2750 3315 2946 3360 civitas
2979 3304 3342 3362 clamantibus
3371 3324 3384 3361 :
3418 3307 3534 3358 vul-

1949 3393 2122 3446 nerati
2162 3395 2266 3460 tui,
2298 3410 2408 3449 non
2446 3395 2714 3450 vulnerati
2755 3396 2965 3466 gladio;
3001 3411 3173 3466 neque
3196 3398 3392 3451 mortui
3430 3400 3531 3462 tui,

1949 3484 2148 3538 mortui
2179 3484 2342 3540 bello.
2370 3505 2389 3539 ι
2425 3486 2632 3558 Spiritu
2661 3491 3006 3557 conspicatus
3050 3489 3310 3560 propheta
3338 3505 3530 3545 eorum

1947 3587 2138 3630 contra
2195 3577 2542 3635 Salvatorem
2577 3580 2869 3646 clamores,
2918 3581 3221 3651 impiasque
3260 3584 3312 3637 in
3355 3585 3532 3652 ipsum

1949 3670 2340 3739 blaspliemias,
2373 3687 2608 3742 quarum
2655 3688 2822 3728 causa
2853 3673 3036 3741 reiecti
3079 3687 3228 3730 sunt.
3256 3675 3534 3746 subjungit

1950 3765 2077 3821 illud
2112 3780 2127 3818 :
3163 3770 3180 3780 '

2022 3854 2183 3910 Vsus.
2216 3857 2269 3912 3.
2313 3877 2331 3911 ι
2361 3857 2582 3928 Repleta
2624 3867 2706 3915 est
2740 3860 2936 3915 civitas
2967 3859 3352 3923 clamantibus.
3403 3862 3532 3916 Oni-

1949 3960 2045 4000 nes
2082 3949 2354 4017 principes
2394 3951 2470 4002 tui
2520 3948 2799 4020 fugerunt,
2831 3960 2886 4005 et
2931 3953 3074 4021 capti
3121 3953 3329 4007 duriter
3364 3955 3532 4007 vincti

1948 4050 2098 4101 sunt,
2128 4052 2182 4094 et
2209 4042 2301 4110 qui
2340 4050 2586 4109 potentes
2633 4055 2759 4097 sunt
2806 4043 2860 4097 in
2897 4054 2969 4109 te,
2999 4043 3156 4114 longe
3192 4044 3465 4112 fugerunt.
3504 4064 3523 4098 ι

1949 4129 2128 4194 Quare
2162 4123 2269 4183 nun
2305 4132 2538 4199 amplius
2565 4140 2624 4186 ut
2662 4133 2967 4202 antiquitus
2992 4147 3167 4204 reges,
3204 4148 3307 4188 non
3340 4136 3534 4197 duces,

1950 4236 2057 4275 non
2094 4221 2430 4285 sacerdotes,
2460 4237 2566 4276 non
2614 4225 2894 4291 propheta:
2919 4226 3062 4294 apud
3095 4226 3211 4280 illus
3242 4235 3398 4286 sunt;
3431 4227 3527 4280 scd

1950 4327 2125 4382 neque
2173 4312 2453 4378 Pharisaei,
2500 4328 2675 4382 neque
2721 4313 2988 4379 Saduczei,
3026 4332 3202 4386 neque
3249 4317 3336 4368 alii
3372 4329 3533 4384 qunt-

1949 4400 2226 4469 quotolim
2263 4416 2453 4457 eorum
2485 4405 2897 4475 magistratibus
2929 4405 3201 4473 perfuncti
3227 4417 3372 4460 sunt.
3409 4407 3535 4460 ll.cc

1949 4506 2071 4545 eum
2122 4495 2317 4562 spiritu
2364 4506 2615 4550 cerneret
2661 4498 2958 4567 pmpheta,
3011 4513 3220 4553 necnon
3265 4497 3412 4551 illum
3465 4515 3532 4552 ex

1951 4593 2096 4637 tanta
2146 4585 2479 4641 sublimitate
2537 4587 2588 4639 in
2646 4575 2951 4642 extremam
3010 4588 3310 4645 malitiam.
3342 4604 3437 4642 ceu
3478 4592 3529 4640 in

1947 4675 2240 4744 quamdam
2288 4675 2504 4742 vallem,
2537 4676 2749 4734 Judaici
2794 4678 2977 4748 populi
3030 4678 3264 4748 lapsum,
3299 4679 3449 4733 luctu
3475 4693 3539 4733 se

1947 4764 2245 4817 discruciat
2277 4763 2464 4818 dicens
2497 4783 2509 4818 :

2018 4854 2181 4912 Vens.
2225 4857 2280 4910 ι.
2332 4855 2668 4924 «Propterea
2732 4857 2875 4922 dixi,
2945 4860 3107 4913 sinite
3177 4873 3300 4923 me,
3353 4873 3540 4914 amare

1944 4948 2104 5015 ﬂebo,
2151 4965 2256 5003 non
2305 4949 2552 5019 poteritis
2605 4949 2872 5004 consolari
2943 4966 3028 5006 mc
3096 4966 3258 5020 super
3332 4952 3536 5006 contri-

1945 5040 2091 5094 tione
2144 5039 2266 5094 lilia:
2320 5041 2539 5110 generis
2594 5042 2720 5096 mei.
2751 5060 2770 5094 ι
2807 5040 2942 5095 Nam
2978 5053 3231 5098 accurate
3264 5043 3411 5106 novi,
3459 5044 3531 5096 in-

1944 5133 2082 5200 quit,
2114 5141 2166 5185 et
2190 5132 2385 5202 spiritu
2417 5133 2712 5202 praevideo,
2737 5135 2906 5187 etiam
2942 5149 3008 5189 ex
3041 5137 3107 5188 iis
3133 5137 3386 5189 omnibus
3415 5152 3535 5204 qua:

1949 5237 2109 5292 supra
2153 5223 2296 5277 dicta
2349 5232 2500 5286 sunt,
2541 5223 2816 5276 civitatem
2853 5224 2961 5278 Dco
3009 5226 3279 5280 addictam
3311 5228 3502 5295 capicu

1952 5316 2101 5379 dam,
2133 5322 2186 5366 et
2210 5328 2400 5368 omnes
2431 5313 2524 5384 qui
2565 5313 2618 5366 in
2660 5313 2747 5365 illa
2792 5324 2938 5378 sunt,
2967 5314 3018 5368 in
3055 5316 3310 5384 gaudium
3356 5316 3531 5368 inimi-

1951 5421 2138 5461 corum
2195 5405 2401 5461 dandos
2443 5419 2588 5460 esse.
2655 5408 2838 5471 Quare
2881 5405 2993 5475 jam
3028 5407 3227 5461 exhinc
3271 5406 3447 5476 lugeo,
3479 5419 3534 5460 i-t

1951 5499 2103 5568 quasi
2130 5499 2370 5569 gqpuina
2405 5498 2615 5553 viscera
2645 5513 2761 5554 mea
2795 5497 3034 5566 deploro.
