4100 6426
667 415 762 469 251
1340 408 1606 466 EUSEBII
1642 404 2107 465 CESAIIIENSIS
2143 401 2293 459 Ol‘l’.
2336 399 2513 454 PARS
2551 398 2640 453 III.
2678 426 2750 437 —
2787 388 3197 449 EXECETICA.
3790 379 3900 433 25?.

664 536 822 598 verit.
850 535 1157 605 dixeritque
1182 534 1459 596 Somnam,
1484 532 1577 601 qui
1606 546 1637 585 a
1668 530 1968 585 sacerdotio
1998 526 2216 589 excidit,

2333 520 2588 592 Ἀρμόσει
2614 518 2673 572 δέ
2716 535 2799 579 τις
2853 514 2920 568 τά
2946 512 3284 584 προκείμενα
3308 508 3387 569 εἰς
3433 503 3525 557 τὸν
3560 502 3750 573 καιρὸν
3801 502 3895 601 τοῦ

665 628 886 696 ﬁguram
937 640 1059 682 esse
1102 640 1284 681 eorum
1335 624 1424 692 qui
1471 620 1761 677 secundum
1812 619 2010 689 Moysis
2048 618 2217 686 legem

2325 612 2528 673 πάθους
2557 609 2651 662 τοῦ
2676 608 2922 676 Σωτῆρος
2953 602 3130 673 ἡμῶν·
3167 600 3259 653 τὸν
3291 600 3387 670 μὲν
3416 595 3749 649 ἐκπίπτοντα
3797 595 3897 659 τῆς

662 715 1022 770 sacerdotium
1053 728 1311 784 corporeo
1346 728 1494 766 more
1536 712 1758 765 obibant
1792 708 1931 776 apud
1975 706 2217 767 Judznos;

2325 701 2621 774 ἱερωσύνης
2656 699 2868 770 Σομνὰν
2906 695 3089 748 εἰκόνα
3118 691 3259 747 εἶναι
3298 690 3471 759 λέγων
3496 686 3603 740 τῶν
3636 684 3780 738 κατὰ
3802 682 3895 733 τὸν

660 820 799 873 quos
856 816 978 875 post
1024 806 1328 875 passionem
1380 801 1708 864 Salvatoris,
1751 807 2000 854 cessante
2045 811 2223 852 saccr—

2325 789 2600 851 Μωῡσέως
2631 788 2793 857 νόμον
2838 782 3162 855 σωματικῶς
3214 780 3519 853 ἱερωμένων
3570 776 3723 875 παρά
3765 775 3897 875 ἰου-

663 862 830 957 dolio.
856 862 920 950 ca
952 862 1071 965 qua:
1104 896 1156 948 in
1192 893 1471 964 prophetia
1503 891 1768 953 feruntur,
1808 901 2063 958 passuros
2102 899 2223 941 esse

2325 881 2504 935 δαίων·
2540 880 2635 943 οῦς
2666 898 2725 933 τε
2768 877 2908 949 μετὰ
2938 876 2999 929 τὸ
3028 874 3200 937 πάθος
3226 874 3287 926 τὸ
3313 872 3574 965 σωτήριον
3608 862 3895 965 πείσεσθαι

661 984 1002 1038 vaticinatur.
1045 984 1265 1038 Eliacim
1294 997 1442 1045 vero,
1474 982 1562 1048 qui
1606 978 1869 1050 significat
1900 977 1995 1032 Dei
2048 991 2219 1031 resur-

2325 971 2391 1024 τά
2412 970 2882 1042 προφητευόμενα,
2910 964 3221 1035 παυομένης
3240 962 3338 1033 τῆς
3364 957 3683 1032 ἱερωσύνης,
3708 951 3899 1050 θεσπίο

663 1079 846 1142 rectio,
878 1077 1176 1146 symbolum
1220 1090 1340 1129 esse
1389 1075 1509 1127 novi
1560 1070 1869 1131 sacerdotii,
1898 1068 2039 1138 quod
2092 1066 2217 1121 Ser-

2325 1065 2424 1129 ζει.
2451 1065 2553 1117 Τὸν
2577 1063 2635 1115 δὲ
2679 1062 2977 1129 Ἐλιακείμ,
3035 1056 3183 1112 Θεοῦ
3222 1054 3562 1117 ἀνάστασις
3594 1044 3896 1150 ἑρμηνευό-

660 1170 868 1223 vatoris
898 1167 1070 1222 nostri
1095 1166 1416 1221 resurrectio
1448 1165 1500 1217 in
1532 1163 1650 1231 ejus
1671 1160 1905 1217 Ecclesia
1932 1174 2027 1229 per
2045 1168 2213 1214 tomm

2325 1173 2504 1224 μενον,
2532 1154 2798 1226 σύμϐολον
2815 1150 2952 1205 εἶναι
2972 1152 3071 1221 τῆς
3094 1149 3218 1211 νέας
3243 1147 3338 1199 καὶ
3357 1141 3548 1211 καινῆς
3573 1141 3896 1233 ἱερωσύνηςί

661 1260 846 1317 orbem
877 1243 1175 1316 constituit.
1564 1229 1572 1231 _

2325 1248 2386 1317 ἦν
2429 1250 2462 1317 ἡ
2499 1244 2593 1299 τοῦ
2641 1245 2892 1315 Σωτῆρος
2954 1241 3111 1313 ἡμῶν
3170 1237 3463 1297 ἀνάστασις
3515 1234 3572 1285 ἐν
3619 1233 3683 1299 τῇ
3725 1229 3898 1282 αὐτοῦ

2333 1335 2628 1406 Ἐκκλησία
2671 1336 2791 1389 καθ’
2831 1336 2959 1403 ὅλης
2998 1333 3095 1402 τῆς
3143 1327 3466 1399 οἰκουμένης
3511 1323 3897 1392 συνεστήσατο.

737 1443 895 1500 Vens.
915 1442 1109 1497 σεο-24.
1154 1460 1171 1492 ι
1200 1439 1266 1493 Et
1295 1440 1401 1494 erit
1443 1439 1495 1492 in
1541 1438 1627 1492 die
1670 1435 1794 1498 illa,
1842 1434 2049 1489 vocabo
2083 1447 2215 1502 puc-

2397 1446 2417 1476 «
2449 1427 2558 1479 Kal.
2586 1425 2737 1489 ἔσται
2762 1425 2820 1475 ἐν
2841 1426 2905 1493 τῇ
2930 1421 3112 1492 ἡμέρᾳ
3138 1418 3339 1488 ἐκείνῃ,
3372 1414 3599 1513 καλέσω.
3611 1413 3699 1465 τὸν
3725 1409 3901 1513 παῖδά

662 1497 789 1591 rum,
820 1497 998 1591 Ineunt
1032 1532 1254 1587 Eliacim
1284 1529 1515 1586 Cbelcin:
1547 1527 1733 1592 lilium,
1772 1497 1829 1580 et
1854 1525 2068 1579 induam
2084 1497 2216 1577 eum

2325 1534 2427 1586 μου
2480 1515 2757 1584 Ἐλιακείμ
2798 1515 2889 1588 τὸν
2932 1511 3026 1565 τοῦ
3068 1509 3321 1569 Χελκίου,
3356 1506 3451 1610 καὶ
3482 1503 3687 1557 ἐνδύσω
3729 1497 3901 1600 absint

663 1626 862 1689 amictu
890 1633 1003 1691 tuo,
1032 1633 1085 1679 et
1110 1637 1360 1677 coronam
1390 1632 1531 1674 tuam
1567 1620 1707 1673 dabo
1741 1618 1812 1682 ei,
1845 1628 1898 1673 et
1928 1616 2216 1685 potentiam

2325 1607 2421 1676 τὴν
2458 1607 2651 1674 στολήν
2688 1622 2805 1671 σου,
2845 1604 2938 1657 καὶ
2973 1602 3063 1655 τὸν
3107 1597 3368 1668 στέφανόν
3406 1593 3502 1648 σου
3540 1593 3694 1646 δώσω
3719 1593 3897 1694 αὐτῷ,

666 1726 721 1772 et
765 1685 1213 1785 dispensationem
1265 1720 1411 1764 tuam
1458 1710 1597 1764 dabo
1646 1711 1698 1763 in
1750 1722 1938 1762 manus
1985 1704 2117 1774 ejus.
2157 1704 2219 1756 Et

2325 1698 2417 1751 καὶ
2447 1698 2507 1751 τὸ
2540 1698 2741 1767 κράτος
2772 1695 2867 1749 καὶ
2911 1695 3009 1763 τὴν
3040 1690 3351 1761 οἰκονομίαν
3379 1705 3473 1742 σου
3504 1685 3658 1740 δώσω
3685 1685 3764 1747 εἰς

663 1807 768 1861 erit
802 1815 1055 1873 tanquam
1085 1811 1238 1872 pater
1270 1800 1641 1855 habitantibus
1676 1796 1993 1856 Jerusalem,
2022 1803 2077 1847 et
2125 1793 2219 1847 Ita-

663 1894 961 1951 bltantibus
991 1891 1149 1947 Juda.
1182 1891 1250 1945 Et
1297 1890 1433 1945 dabo
1477 1888 1526 1943 ei
1573 1888 1781 1942 clavem
1815 1886 2004 1940 domus
2053 1880 2219 1936 David

664 1986 718 2039 in
749 1986 969 2038 humero
1001 1981 1154 2050 ejus:
1182 1991 1236 2037 et
1266 1982 1490 2051 aperiet,
1520 1991 1693 2047 neque
1716 1976 1823 2030 erit
1850 1979 1938 2043 qui
1970 1972 2217 2033 claudat;

623 2064 628 2069 ’
664 2085 720 2130 et
750 2075 1185 2142 claudet,_neqne
1224 2072 1325 2127 erit
1352 2070 1443 2141 qui
1472 2070 1700 2138 aperiat.
1729 2067 1794 2124 Et
1824 2066 1961 2122 dabo
1998 2062 2218 2133 gloriam

665 2166 832 2221 David
859 2169 930 2230 ei,
960 2175 1011 2220 et
1046 2163 1345 2233 imperabit,
1378 2171 1431 2217 et
1468 2176 1572 2216 non
1606 2160 1711 2214 erit
1744 2158 1835 2227 qui
1865 2155 2216 2213 contradicat.

664 2256 732 2312 Et
757 2257 1081 2311 constituam
1116 2270 1237 2308 eum
1281 2253 1575 2323 principem
1610 2253 1663 2305 in
1701 2250 1817 2304 loco
1849 2257 2004 2301 tuto:
2038 2256 2091 2301 et
2118 2244 2220 2299 erit

664 2349 719 2403 in
762 2348 1009 2403 thronum
1043 2346 1224 2417 gloria:
1256 2346 1446 2399 domus
1487 2344 1655 2413 patris
1686 2340 1787 2395 sui.
1830 2339 1894 2392 Et
1925 2339 2025 2392 erit
2057 2335 2223 2391 conli-

665 2438 797 2492 dens
826 2438 877 2490 in
914 2436 1031 2505 ipso
1064 2435 1240 2491 omnis
1271 2435 1535 2505 gloriosus
1582 2434 1633 2486 in
1668 2434 1827 2485 domo
1860 2427 2027 2496 patris
2058 2427 2161 2488 sui,
2190 2441 2220 2478 a

664 2537 831 2591 parvo
862 2536 1031 2591 usque
1058 2521 1124 2577 ad
1155 2537 1426 2592 magnum.
1460 2519 1632 2577 Omne
1661 2533 1756 2572 vas
1790 2532 2014 2586 parvum
2042 2531 2069 2568 a
2099 2529 2223 2569 vase

666 2612 919 2679 aganotb.
966 2611 1032 2666 Et
1080 2622 1241 2665 erunt
1290 2610 1509 2681 appensi
1561 2608 1611 2663 ei
1667 2607 1721 2663 in
1764 2607 1851 2662 die
1894 2606 2006 2661 illa.
2040 2625 2058 2659 ι
2100 2604 2220 2660 Tibi

663 2701 881 2768 quidem
930 2701 1189 2774 [Somnaz]
1242 2701 1331 2757 illa
1387 2699 1627 2755 conferet
1668 2714 1682 2753 :
1721 2697 1884 2753 aliam
1928 2710 2057 2753 vero
2095 2710 2125 2749 a
2171 2704 2223 2751 te

663 2789 936 2845 diversum
986 2792 1207 2846 Eliacim
1239 2805 1459 2861 puerum
1485 2802 1541 2845 et
1582 2806 1801 2845 servum
1848 2804 2035 2851 suum,
2066 2786 2134 2841 ab
2164 2801 2223 2840 se

661 2881 966 2949 probatum,
1006 2884 1200 2937 amictu
1242 2882 1429 2937 induet
1460 2891 1577 2948 tuo,
1604 2891 1661 2938 et
1699 2896 1902 2936 corona
1935 2878 2220 2935 sacerdotii

660 2973 967 3036 exornabit,
1012 2962 1299 3041 tradetque
1336 2972 1435 3040 ipsi
1471 2986 1612 3035 eam,
1643 2984 1767 3039 quae
1805 2970 1899 3025 tibi
1934 2968 2045 3033 jam
2090 2981 2223 3023 con-

2319 1788 2507 1856 χεῖρας
2556 1785 2741 1839 αὑτοῦ.
2787 1785 2895 1837 Καὶ
2929 1784 3081 1836 ἔσται
3122 1781 3197 1844 ὡς
3244 1783 3426 1851 πατὴρ
3469 1780 3582 1840 τοῖς
3628 1771 3903 1826 ἐνοικοῦσι

2316 1879 2415 1947 τὴν
2450 1877 2837 1948 Ἰερουσαλὴμ,
2894 1877 2989 1929 καὶ
3035 1878 3146 1939 τοῖς
3184 1873 3500 1928 ’ἐνοικοῦσιν
3543 1868 3730 1923 Ἰούδα.
3786 1868 3905 1921 Ka‘.

2317 1967 2471 2022 δώσω
2502 1967 2652 2038 αὑτῷ
2678 1968 2775 2039 τὴν
2803 1958 2987 2021 κλέῑδα
3017 1968 3169 2020 οίκου
3204 1964 3366 2019 Δαυῖδ
3394 1964 3487 2016 ὲπί
3514 1960 3594 2031 τῷ
3636 1960 3771 2029 ὤμῳ
3801 1957 3901 2010 αὐ-

2318 2059 2411 2112 τοῦ
2434 2076 2447 2089 ο
2486 2059 2580 2112 καὶ
2626 2060 2856 2125 ἀνοίξει,
2904 2059 2997 2112 καί¹
3032 2059 3132 2111 οὐκ
3178 2057 3330 2111 ἔσται
3373 2057 3401 2109 6
3435 2053 3769 2108 ἀποκλείων’
3805 2048 3906 2104 καὶ

2320 2147 2543 2212 κλείσει,
2579 2151 2673 2203 καὶ
2708 2150 2808 2202 οὐκ
2840 2150 2992 2203 ἔσται
3024 2151 3052 2203 6
3084 2150 3335 2217 ἀνοίγων.
3369 2147 3480 2200 Καὶ
3505 2145 3661 2198 δώσω
3685 2144 3782 2213 τὴν
3807 2140 3903 2195 δό-

2322 2236 2415 2300 ξαν
2440 2238 2602 2291 Δαυῖδ
2637 2240 2815 2310 αὐτῷ,
2847 2240 2942 2293 καὶ
2972 2238 3146 2311 ἄρξει,
3183 2241 3277 2295 καὶ
3306 2240 3405 2291 οὐκ
3442 2238 3593 2291 ἔσται
3636 2237 3664 2288 6
3692 2233 3905 2288 ἀντιλέ-

2320 2345 2451 2396 γων.
2479 2330 2587 2382 Ka‘t
2618 2332 2799 2400 στήσω
2821 2332 2983 2383 αὑτὸν
3015 2332 3249 2402 ἄρχοντα
3284 2333 3339 2384 ὲν
3365 2331 3514 2400 τόπῳ
3548 2328 3723 2398 πιστῷ
3742 2344 3757 2357 ·
3802 2326 3904 2379 καὶ

2319 2419 2471 2472 ἔσται
2496 2421 2578 2482 εἰς
2614 2420 2804 2491 θρόνον
2830 2421 2988 2492 δόξης
3016 2421 3109 2474 τοῦ
3153 2423 3300 2475 οἴκου
3342 2420 3436 2475 τοῦ
3471 2421 3675 2490 πατρὸς
3710 2417 3903 2472 αὐτοῦ.

2320 2511 2430 2564 Καὶ
2473 2508 2624 2565 ἔσται
2669 2511 2945 2575 πεποιθὼς
2994 2514 3080 2566 ἐπ’
3133 2512 3295 2565 αὐτὸν
3341 2515 3450 2576 πᾶς
3490 2509 3697 2586 ἔνδοξος
3731 2510 3790 2561 ὲν
3818 2506 3906 2578 τῷ

2318 2603 2451 2673 οἴκῳ
2481 2602 2577 2657 τοῦ
2626 2604 2830 2677 πατρὸς
2876 2605 3064 2667 αὐτοῦ,
3105 2607 3213 2660 ἀπὸ
3259 2605 3455 2677 μικροῦ
3484 2604 3593 2667 ἕως
3637 2601 3903 2673 μεγάλου.

2322 2694 2436 2747 Πᾶν
2463 2695 2525 2748 τὸ
2566 2696 2758 2759 σκεῦος
2794 2696 2855 2749 τὸ
2896 2698 3088 2767 μικρὸν
3117 2698 3226 2751 άπὸ
3254 2697 3480 2761 σκεύους
3514 2696 3621 2749 τῶν
3652 2692 3902 2763 ὰγανώθ.

2320 2784 2431 2836 Καὶ
2495 2783 2708 2838 ἔσονται
2767 2788 3201 2857 ὲπικρεμάμενοι
3260 2787 3411 2859 αὑτῷ
3469 2789 3527 2840 ἐν
3591 2789 3658 2857 τῇ
3713 2784 3904 2855 ἡμέρᾳ

2321 2875 2523 2944 ἐκείνῃ.
2570 2894 2589 2927 ι
2625 2877 2715 2929 Σοὶ
2750 2877 2848 2947 μὲν
2874 2877 3047 2931 ταῦτα
3088 2878 3448 2947 ὲποίσεικτὺν
3486 2878 3543 2930 δὲ
3577 2876 3764 2948 ἔτερόν
3801 2890 3901 2929 σου

2322 2966 2412 3019 τὸν
2458 2966 2740 3038 Ἐλιακείμ
2782 2969 2944 3022 παῖδα
2980 2970 3073 3021 καὶ
3094 2970 3281 3023 δοῦλον
3315 2970 3509 3023 ἑαυτοῦ
3530 3009 3545 3035 ,
3573 2969 3901 3040 δοκιμάσας.

662 3061 867 3116 credita
890 3072 995 3129 est,
1036 3060 1513 3132 dispensationem.
1546 3060 1640 3114 His
1668 3061 1866 3129 quippe
1896 3058 2089 3126 dignus
2116 3067 2220 3122 est,

2325 3055 2419 3126 τὴν
2464 3055 2562 3127 σὴν
2598 3057 2806 3112 ὲνδύσει
2835 3058 3053 3129 στολὴν,
3096 3062 3191 3112 καὶ
3220 3060 3297 3130 τῷ
3335 3061 3582 3132 στεφάνῳ
3610 3058 3711 3129 τῆς
3743 3061 3910 3130 ἁρχι-

664 3150 790 3220 quia
830 3166 863 3204 a
911 3153 1017 3205 Deo
1053 3153 1346 3219 productus
1380 3158 1433 3203 et
1465 3150 1723 3211 selectos,
1766 3161 1871 3202 nou
1908 3158 1993 3201 est
2032 3145 2223 3200 similis

667 3242 766 3305 tui,
805 3241 1068 3309 superbth
1104 3252 1157 3294 et
1192 3254 1471 3309 arrogans.
1518 3240 1696 3295 Patris
1742 3246 1918 3291 autem
1959 3237 2077 3292 loco
2117 3238 2223 3291 erit

666 3331 753 3393 iis.
799 3332 887 3398 qui
939 3333 1039 3386 sub
1071 3330 1187 3399 ejus
1233 3330 1706 3386 administratione
1751 3327 1945 3397 degent
1983 3343 1997 3379 :
2032 3340 2221 3393 quam-

662 3422 847 3477 obrem
879 3421 976 3489 ipsi
1007 3430 1064 3477 ut
1101 3422 1215 3476 miti
1245 3432 1298 3476 et
1336 3430 1614 3477 mansueto
1646 3418 1791 3476 dabit
1822 3416 2047 3488 gloriam
2079 3417 2221 3486 regis

665 3512 832 3569 David
874 3512 1139 3569 mitissimi
1180 3522 1234 3567 et
1273 3511 1585 3579 iustissimi,
1633 3511 1709 3564 ita
1759 3517 1818 3563 ut
1862 3507 2056 3579 populo
2097 3521 2217 3561 cum

664 3603 902 3677 potentia
942 3617 1130 3672 magna
1172 3603 1419 3670 imperet,
1457 3609 1511 3655 et
1556 3597 1722 3669 jussis
1774 3598 1890 3667 ejus
1934 3596 2107 3650 nullus
2140 3609 2227 3652 re-

665 3701 888 3759 pugnet.
930 3691 1149 3761 Eritque
1200 3691 1335 3746 ﬁxus
1363 3700 1416 3743 et
1453 3689 1683 3743 ﬁrmiter
1712 3686 1983 3743 stabilitas
2024 3688 2076 3741 in
2119 3685 2221 3738 mi-

665 3782 889 3837 nisterio
913 3793 1043 3845 suo;
1074 3783 1147 3835 ita
1179 3790 1236 3835 ut
1266 3780 1510 3850 quisquis
1544 3780 1595 3833 in
1641 3776 1837 3847 populo
1871 3777 2049 3831 clarus
2090 3774 2223 3838 erit,

664 3885 771 3925 non
814 3872 1127 3935 contendat,
1175 3886 1347 3940 neque
1382 3868 1558 3924 futura
1608 3882 1841 3938 unquam
1880 3865 2113 3935 suspicio
2156 3865 2227 3919 sit

666 3962 880 4016 invidia:
900 3972 990 4018 aut
1022 3961 1205 4019 livoris
1232 3964 1284 4017 in
1310 3979 1463 4031 eum,
1490 3963 1586 4019 sed
1616 3974 1804 4017 omnes
1834 3957 1933 4029 ipsi
1970 3969 2224 4027 tanquam

664 4051 805 4120 patri
842 4052 1130 4110 confidant.
1159 4052 1357 4110 Omnes
1397 4068 1525 4123 ergo
1554 4050 1841 4108 confertim
1871 4064 1901 4105 a
1936 4063 2104 4113 parvo
2133 4062 2225 4103 us-

666 4154 771 4207 que
794 4139 861 4194 ad
902 4155 1151 4210 magnum
1189 4142 1255 4195 ab
1286 4143 1400 4212 ejus
1427 4158 1522 4199 ore
1556 4140 1899 4209 pendebant,
1928 4138 2047 4209 ejus
2087 4151 2216 4209 erga

667 4230 849 4285 omnia
878 4230 1225 4305 sollicitudini
1257 4231 1606 4312 conﬁdentes.
1868 4238 1871 4241 ’

2322 3146 2602 3218 ερωσύνης
2624 3148 2862 3219 τιμήσει,
2889 3150 3201 3219 ἐγχειρίσας
3228 3150 3379 3221 αὐτῷ
3406 3153 3473 3221 ἣν
3499 3150 3635 3213 τέως
3672 3148 3765 3201 ἐπὶ
3800 3146 3907 3201 τοῦ

2322 3235 2589 3307 παρόντος
2640 3239 2705 3291 σὺ
2758 3238 3085 3309 ἑπιστεύθης
3124 3241 3471 3311 οἰκονομίαν
3521 3238 3667 3303 ἄξιος
3714 3238 3824 3310 γάρ
3874 3240 3910 3294 ὀ

2321 3325 2459 3396 ἀνὴρ
2477 3324 2701 3382 τούτων.
2736 3327 2950 3397 Ἐπειδὴ
2973 3327 3030 3381 δὲ
3052 3328 3347 3398 προαχθεὶς
3372 3328 3474 3381 ὑπὸ
3500 3326 3595 3380 τοῦ
3620 3324 3778 3390 Θεοῦ,
3799 3326 3906 3381 οὐκ

2322 3413 2437 3467 ἐστι
2468 3432 2550 3468 σοι
2578 3416 2781 3486 ὅμοιος,
2818 3419 3164 3489 ὑπερήφανός
3197 3435 3256 3472 τε
3300 3420 3395 3472 καὶ.
3422 3416 3656 3481 ἀλαζών.
3704 3416 3909 3489 Χώραν

2324 3504 2382 3557 δὲ
2409 3504 2612 3576 πατρὸς
2640 3507 2819 3575 ἐφέξει
2848 3509 2982 3580 πρὸς
3001 3510 3128 3572 τοὺς
3156 3508 3448 3581 μέλλοντας
3475 3510 3566 3562 ὑπ’
3589 3508 3753 3563 αὑτοῦ
3782 3508 3910 3562 διοι-

2325 3595 2555 3648 κεῖσθαι·
2586 3596 2774 3669 διόπερ
2797 3600 2885 3662 ὡς
2904 3600 3051 3668 ἠπίῳ
3084 3601 3177 3654 καὶ
3204 3602 3365 3673 πρᾴῳ
3392 3602 3490 3671 τὴν
3515 3599 3673 3665 δόξαν
3694 3599 3789 3653 τοῦ
3816 3599 3913 3669 βα⁶

2328 3685 2518 3750 σιλέως
2546 3688 2708 3741 Δαυῖδ
2734 3688 2828 3766 τοῦ
2857 3690 3166 3759 πραοτάτου
3193 3691 3286 3763 καί
3314 3692 3655 3746 δικαιοτάτου
3681 3692 3774 3744 καὶ
3798 3689 3908 3743 δώ·-

2328 3793 2430 3842 σει,
2456 3778 2597 3832 ὥστε
2626 3780 2813 3852 ἄρχειν
2839 3781 2931 3835 τοῦ
2963 3781 3093 3836 λαοῦ
3122 3783 3264 3852 μετὰ
3287 3783 3489 3855 πολλῆς
3515 3783 3783 3847 ἐξουσίας,
3811 3782 3912 3835 καὶ

2329 3871 2533 3939 μηδένα
2560 3872 2861 3941 ἀντιλέγειν
2898 3876 3009 3935 τοῖς
3050 3874 3144 3926 ὑπ’
3180 3875 3346 3927 αὐτοῦ
3390 3875 3908 3945 προστασσομένοις.

2332 3960 2525 4014 Ἔσται
2552 3962 2610 4014 δὲ
2651 3962 3044 4033 ὲστηλωμένος,
3074 3963 3305 4034 βεϐαίως
3344 3966 3629 4037 ἱδρυμένος
3671 3966 3765 4017 ἐπὶ
3807 3965 3913 4036 τὴν

2331 4045 2521 4106 ἑαυτοῦ
2552 4053 2922 4126 λειτουργίαν·
2952 4056 3028 4120 ὡς
3070 4058 3249 4111 πάντα
3274 4057 3369 4110 τὸν
3407 4060 3465 4110 ὲν
3494 4058 3570 4127 τῷ
3612 4056 3725 4128 λαῷ
3764 4056 3915 4110 ἔνδο-

2330 4139 2420 4207 ξον
2452 4142 2525 4212 μὴ
2558 4142 2795 4216 άγωνιᾷν
2826 4144 2960 4215 μηδὲ
2990 4144 3292 4217 ὑφορᾶσθαι
3325 4146 3578 4217 φθόνονή
3608 4144 3912 4216 βασκανίαν

2329 4230 2389 4295 ἐξ
2414 4232 2577 4285 αὑτοῦ
2608 4235 2979 4306 γενησομένην
3020 4236 3150 4290 ποτέ
3169 4254 3183 4267 ⁸
3214 4238 3531 4292 πεποιθέναι
3557 4238 3613 4289 δὲ
3642 4238 3732 4289 ἐπ’
3762 4235 3916 4307 αὐτῷ

664 4319 741 4385 ὡς
766 4323 856 4376 ἐπὶ
894 4324 1076 4395 πατρί.
1119 4324 1325 4387 Πάντες
1350 4324 1479 4392 γοῦν
1514 4323 1723 4395 ἀθρόως
1757 4322 1865 4381 ἀπὸ
1890 4323 2086 4396 μικροῦ
2127 4324 2241 4387 ἕως
2269 4325 2503 4396 μεγάλου
2565 4328 2779 4383 ἔσονται
2840 4330 3203 4403 ἁνηρτημένοι
3227 4332 3414 4401 αὑτοῦ,
3447 4331 3775 4405 θαρροῦντες
3808 4332 3913 4385 αὑ-

664 4411 758 4468 τοῦ
784 4416 849 4486 τῇ
874 4415 1000 4484 περὶ
1022 4415 1238 4469 πάντων
1264 4414 1390 4486 κηδε
1400 4416 1575 4487 μονία.

736 4501 901 4560 Vens.
924 4506 1014 4561 25.
1060 4526 1079 4557 ι
1111 4507 1235 4561 Ilaec
1274 4509 1405 4560 dicit
1460 4507 1717 4561 Dominus
1754 4505 2031 4563 Sabaoth:
2069 4508 2223 4563 Com-

2406 4526 2423 4557 I
2462 4507 2599 4561 Τάδε
2635 4507 2784 4577 λέγει
2824 4510 3029 4578 Κύριος
3068 4511 3294 4565 Σαϐαὼθ
3318 4529 3331 4541 ⁸
3362 4511 3732 4583 Κινηθήσεται
3758 4516 3787 4567 6
3813 4514 3911 4569 άν-

665 4598 967 4652 movebitur
1011 4599 1170 4652 homo
1218 4598 1485 4652 stabilitas
1530 4597 1580 4649 in
1625 4596 1743 4652 loco
1786 4606 1928 4663 tuto,
1975 4608 2030 4654 et
2073 4597 2225 4652 aufe-

667 4695 815 4741 retur
838 4696 892 4742 et
922 4688 1097 4751 cadet,
1121 4696 1177 4743 et
1204 4688 1648 4743 exterminabitur
1677 4687 1844 4758 gloria
1882 4688 1934 4741 in
1967 4702 2069 4743 eo:
2102 4689 2226 4759 quia

608 4788 617 4812 ‘-
668 4776 924 4831 Dominus
960 4777 1165 4831 locutus
1204 4787 1305 4832 est.
1336 4795 1356 4828 ›
1405 4776 1668 4843 Quoniam
1721 4790 1825 4830 non
1861 4784 2011 4830 recte
2055 4790 2229 4845 neque

669 4867 897 4921 ﬁdeliter
948 4866 1316 4921 concreditum
1368 4865 1468 4919 sibi
1540 4865 1895 4919 ministerium
1968 4866 2129 4931 obiit,
2174 4867 2227 4921 in

668 4957 906 5010 ordinem
954 4958 1221 5024 redigetur
1268 4965 1321 5009 et
1357 4955 1559 5009 honore
1607 4955 1927 5023 privabitur,
1964 4958 2229 5027 cadetque

668 5049 838 5117 gloria
869 5047 921 5101 in
946 5064 1030 5102 eo.
1060 5048 1121 5100 Et
1148 5048 1260 5101 lirec
1285 5047 1461 5100 omnia
1495 5046 1591 5115 ipsi
1618 5047 1883 5114 evenient,
1918 5046 2028 5102 Deo
2058 5050 2229 5117 ipsum

669 5144 735 5191 ad
785 5138 925 5192 hanc
976 5138 1336 5193 calamitatem
1408 5138 1718 5192 damnante.
1771 5138 1864 5195 His
1919 5156 2078 5209 porro
2132 5154 2230 5192 nos

669 5244 847 5281 sermo
890 5229 956 5282 ad
1005 5228 1411 5296 temperantiam
1448 5227 1720 5295 hortatur,
1771 5231 2030 5298 docetque
2062 5243 2130 5283 ne
2177 5230 2227 5282 in

670 5322 828 5374 rebus
883 5321 1157 5389 prosperis
1220 5318 1495 5374 molliores
1548 5322 1866 5385 evadamus,
1922 5336 2096 5390 neque
2163 5321 2229 5375 de

671 5396 894 5479 imperio
945 5410 1349 5479 superbiamus,
1406 5425 1542 5465 neve
1588 5412 1846 5479 judicium
1894 5413 1986 5468 Dei
2035 5412 2230 5469 oblivi-

671 5516 901 5558 scamur.

1213 5596 1441 5654 CAPUT
1483 5596 1665 5652 XXIII.

747 5682 905 5737 Vens.
937 5685 986 5738 I.
1024 5703 1043 5737 ι
1075 5684 1308 5743 Verbum
1350 5687 1500 5760 Tyri.
1537 5689 1765 5755 Ululatc,
1802 5703 1965 5743 naves
1998 5689 2230 5745 Cartha-

672 5772 844 5843 ginis,
882 5775 1004 5843 quia
1053 5775 1229 5845 periit.
1259 5796 1275 5830 ι
1316 5779 1547 5833 Verbum
1578 5778 1751 5848 igitur
1788 5778 1911 5850 Tyri
1945 5780 1998 5835 in
2044 5780 2230 5851 primis

2330 4594 2541 4668 θρωπος
2568 4598 2597 4649 ὁ
2624 4600 3018 4668 ἐστηριγμένος
3062 4601 3119 4652 ὲν
3147 4601 3298 4671 τόπῳ
3326 4601 3520 4672 πιστῷ,
3551 4604 3645 4656 καὶ⁹
3678 4606 3917 4676 ἀφαιρε-

2329 4688 2553 4759 θήσεται
2590 4690 2685 4742 καὶ
2718 4693 2986 4751 πεσεῖται.
3028 4690 3122 4745 καὶ
3152 4678 3664 4765 ὲξολοθρευθήσεται
3703 4698 3737 4767 ἡ
3784 4698 3917 4767 δόξα

2330 4780 2417 4832 ἐπ’
2440 4780 2620 4832 αὐτόν·
2646 4782 2727 4834 ὅτι
2753 4780 2957 4851 Κύριος
2985 4781 3265 4853 ἐλάλησεν.
3298 4803 3317 4834 ι
3362 4785 3577 4856 Ἐπειδὴ
3606 4786 3681 4857 μὴ
3708 4788 3913 4860 ὀρθῶς,

2332 4870 2467 4942 μηδὲ
2508 4872 2713 4935 πιστῶς
2734 4870 3000 4941 διῴκηκεν
3028 4872 3096 4943 ἣν
3124 4874 3418 4945 ἐπιστεύθη
3445 4877 3777 4947 οἰκονομίαν,
3819 4898 3917 4953 με-

2331 4963 2728 5034 ταταχθήσεται
2765 4964 2856 5015 καὶ
2889 4964 3317 5037 ἀφαιρεθήσεται
3344 4968 3441 5038 τῆς
3462 4968 3630 5038 τιμῆς
3648 5008 3663 5033 ,
3694 4972 3790 5025 καὶ
3817 4991 3919 5026 πε-

2334 5056 2503 5105 σεῖται
2540 5055 2573 5121 ἡ
2626 5052 2751 5118 δόξα
2776 5053 2866 5105 ἐπ’
2894 5053 3043 5124 αὐτῷ
3064 5071 3079 5085 ο
3109 5057 3202 5108 καὶ
3232 5055 3407 5111 ταῦτα
3438 5058 3615 5111 πάντα
3660 5062 3793 5131 περὶ
3824 5065 3919 5117 αὑ-

2331 5144 2419 5195 τὸν
2445 5142 2645 5205 ἔσεται,
2682 5142 2966 5215 κρίναντος
3006 5146 3167 5200 αὑτὸν
3196 5148 3371 5203 ταῦτα
3404 5149 3597 5203 παθεῖν
3624 5150 3720 5204 τοῦ
3751 5153 3913 5209 Θεοῦ.

2332 5231 2656 5302 Σωφρονίζει
2674 5232 2730 5284 δὲ
2756 5231 2845 5284 διὰ
2867 5232 3071 5287 τούτων
3097 5235 3192 5287 καὶ
3225 5238 3372 5307 ήμᾶς
3396 5239 3425 5292 6
3451 5238 3608 5306 λόγος
3641 5242 3917 5300 παιδεύων

2336 5323 2410 5392 μὴ
2442 5322 2767 5393 χαυνοῦσθαι
2793 5325 2850 5379 ἐν
2881 5327 3000 5389 ταῖς
3034 5326 3394 5398 εὐπραγίαις,
3428 5330 3563 5401 μηδὲ
3589 5332 3917 5404 ἐπαίρεσθαι

2332 5418 2449 5478 ταῖς
2469 5416 2683 5485 ἀρχαῖς,
2718 5416 2851 5487 μηδὲ
2875 5421 2974 5488 τῆς
2997 5419 3229 5489 κρίσεως
3258 5423 3593 5492 ἀμνημονεῖν
3621 5425 3718 5479 τοῦ
3752 5425 3912 5482 Θεοῦ.

2838 5598 3231 5653 ΚΕΦΑΛΑΙΟΝ
3270 5599 3398 5655 Kl".

2404 5706 2423 5738 ι
2457 5687 2528 5739 Τὸ
2564 5688 2714 5758 ῥῆμα
2741 5688 2937 5758 Τύρου.
2982 5689 3290 5754 Ὀλολύζετε
3310 5732 3323 5755 ,
3354 5690 3512 5745 πλοῖα
3542 5693 3916 5767 Καρχηδόνος,

2329 5778 2413 5830 ὅτι
2449 5778 2714 5835 ἀπώλετο.
2765 5799 2781 5832 ι
2826 5779 2897 5833 Τὸ
2930 5780 3080 5850 ρἧα
3128 5784 3302 5835 τοίνυν
3338 5782 3431 5853 τῆς
3476 5781 3651 5853 Τόρου
3694 5784 3755 5841 ὲν
3803 5787 3919 5850 τοῖς
