4100 6418
171 404 278 463 253

1121 407 1629 470 (ΖΟΜΜΕΝΤΑΒΙΑ
1672 411 1739 467 ΙΝ
1780 411 2034 468 ISAIAM.
2077 441 2145 452 -—
2181 410 2336 468 CAP.
2389 409 2583 467 XXIII.

3380 415 3487 472 254

174 517 423 592 πρώτοις
465 521 864 594 σημαινειτὴν
906 522 1240 579 ἐπελθοῦσαν
1265 529 1331 596 τῇ
1379 525 1541 599 Τύρῳ
1585 528 1765 600 πολιοί

1870 525 2172 594 _signillcat
2216 525 2456 580 futuram
2501 523 2630 594 Tyri
2678 521 3018 579 obsidionem
3051 539 3068 578 :
3099 540 3205 594 quo
3241 533 3488 596 tempore

173 612 296 665 κίαν
319 628 335 643 ·
367 611 508 666 καθ’
549 612 618 665 ὃν
655 611 845 683 χρόνον
877 613 1109 676 ἐπιστὰς
1129 615 1159 666 ό
1201 613 1484 686 Ἀσσύριος
1517 615 1658 686 μετά
1686 614 1764 667 τῶ

1898 618 2292 686 superveniens
2319 619 2580 692 Assyrius
2607 632 2732 674 cum
2762 617 2884 673 aliis
2908 617 3184 687 gentibus.
3211 629 3269 675 et
3311 619 3485 690 ipsam

172 701 352 756 ἀλλων
387 702 578 757 ἐθνῶν
611 704 708 756 καὶ
729 701 897 773 αὐτὴν
922 697 1034 756 εἷλε
1072 704 1167 757 καὶ
1199 703 1295 775 τὴν
1324 704 1550 769 Σιδῶνα,
1580 705 1658 768 ὡς
1699 706 1792 758 καὶ

172 794 228 846 δν
260 796 390 857 ταῖς
431 793 652 858 ιξωθεν
679 792 978 863 ἐμφέρεται
1021 794 1302 866 ἱστορίαις.
1362 796 1450 849 Ἐν
1490 795 1570 865 τῷ
1615 794 1792 866 καιρῷ

169 886 354 939 τοίνυν
381 885 621 954 ἐκείνῳ,
661 883 783 937 καθ’
810 884 869 938 ὃν
897 885 996 956 τὴν
1025 885 1296 955 τοσαύτην
1323 886 1538 958 ἐκείνην
1563 888 1791 956 ὑπέμει-

170 995 259 1030 νεν
285 976 545 1048 ἐρημίαν
574 978 610 1048 ἡ
637 975 853 1047 Τυρίων
887 977 1062 1041 πόλις,
1090 978 1238 1042 είκὸς
1258 973 1326 1049 ἦν
1354 980 1550 1044 αὐτοὺς
1592 979 1790 1051 μηκέτι

173 1069 310 1141 μηδὲ
361 1069 603 1140 συνήθει
641 1067 942 1140 κεχρῆσθαι
979 1069 1242 1140 ἐμπορίᾳ,
1279 1073 1566 1135 ναυτικοὺς
1605 1070 1786 1134 ὄντας,

171 1160 266 1215 καὶ
295 1160 550 1214 πάντοτε
590 1161 1001 1232 πραγματείαις
1028 1162 1149 1224 ταῖς
1179 1161 1267 1215 διὰ
1296 1161 1571 1234 θαλάσσης
1597 1162 1787 1232 σχολά-

171 1249 394 1315 (mag.
479 1251 910 1322 ’Δφανισθείσης
956 1250 1137 1305 τοίνυν
1187 1256 1295 1330 τῆς.
1340 1253 1553 1326 Τύρου,
1601 1257 1785 1310 οὐκέτι

170 1337 312 1412 ἦσαν
365 1343 422 1397 οἱ
471 1343 581 1406 τὰς
631 1345 903 1415 ἐμπορίας
950 1343 1010 1410 ἐξ
1055 1345 1228 1415 αὐτῆς
1277 1347 1625 1416 κομίζοντες,
1677 1351 1786 1404 ἀπὸ

170 1433 539 1506 Καρχηδόνος
569 1434 824 1500 εἰωθότες
857 1436 1100 1490 διαπλεῖν
1139 1438 1231 1490 ἐπὶ
1261 1438 1359 1510 τὴν
1389 1440 1585 1512 Τύρον.
1623 1461 1640 1492 ι
1672 1442 1783 1495 Καὶ

167 1526 357 1581 οὐκέτι
390 1528 654 1598 ἔρχονται
703 1530 767 1581 ὲκ
805 1531 907 1600 γῆς
946 1529 1244 1584 Κιττιέων’
1291 1525 1458 1600 ἦκται
1501 1533 1784 1603 αἰχμάλω-

166 1635 278 1682 τος.
331 1638 351 1671 a
394 1619 646 1686 Λέγεται
694 1619 752 1672 δὲ
801 1623 833 1692 ἠ
885 1621 1110 1691 Κύπρος
1155 1623 1299 1676 οὕτω
1339 1623 1630 1694 δηλοῦσθαι
1687 1627 1781 1681 καὶ

167 1705 431 1759 Κιττίων
483 1701 630 1761 εἶναι
669 1708 822 1761 πόλιν
861 1710 921 1762 ὲν
963 1713 1124 1782 αὐτῇ,
1159 1713 1227 1765 δι’
1263 1707 1332 1785 ἦς
1373 1715 1682 1785 παρέπλεον
1728 1718 1778 1769 oi

165 1798 275 1850 ἀπὸ
299 1799 412 1868 τῆς
445 1799 628 1869 Τύρου
657 1801 1076 1873 ναυτιλλόμενοι.

1894 719 1950 763 et
1979 709 2236 763 Sidonem
2278 709 2456 778 cepit,
2499 714 2559 762 ut
2589 707 2758 763 etiam
2803 708 2857 762 iu
2888 719 3203 764 exterorum
3239 710 3484 766 historiis

1897 809 2174 853 narratur.
2219 797 2315 853 lllo
2366 797 2551 866 itaque
2602 807 2877 868 tempore,
2927 815 3038 870 quo
3075 799 3365 871 Tyriorum
3403 804 3486 856 ci-

1892 894 2031 948 vitas
2063 901 2268 948 tantam
2303 907 2466 962 passa
2507 901 2597 948 est
2629 892 2966 958 vastitatem.
2994 908 3337 966 consequens
3363 908 3483 953 erat

1894 984 2016 1038 illos
2069 996 2176 1037 non
2241 982 2407 1038 solito
2460 983 2795 1038 commercio
2843 985 2962 1048 uti;
3024 987 3226 1041 nautici
3279 988 3482 1056 quippe

1892 1084 2088 1137 erant,
2135 1090 2198 1129 ac
2234 1089 2451 1146 semper
2525 1074 2755 1130 marinis
2815 1073 3270 1146 negotiationibus
3317 1093 3480 1134 vaca-

1891 1169 2043 1223 bant.
2080 1167 2264 1222 Deleta
2309 1169 2492 1236 itaque
2523 1166 2688 1238 Tyro.
2721 1166 2854 1223 nulli
2895 1181 3055 1224 erant
3079 1173 3170 1240 qui
3202 1188 3301 1242 pro
3327 1190 3481 1230 more

1890 1274 2100 1315 merces
2168 1259 2295 1316 inde
2357 1262 2831 1318 transveherent:
2881 1263 2916 1316 ii
2967 1278 3100 1319 vero
3147 1263 3480 1338 Carthagine

1887 1348 2091 1418 Tyrum
2128 1350 2388 1419 navigare
2436 1350 2707 1406 solebant.
2747 1370 2766 1404 r
2802 1350 2866 1406 Et
2913 1367 3019 1407 non
3065 1354 3205 1408 ultra
3253 1358 3480 1413 veniunt

1885 1441 1952 1494 de
2000 1449 2142 1494 terra
2175 1440 2492 1497 Citiensium
2521 1462 2534 1498 :
2572 1441 2845 1500 abductus
2892 1455 2976 1500 est
3010 1447 3282 1516 captivus.
3307 1467 3324 1500 ι
3381 1449 3476 1507 llis

1888 1530 2122 1586 indicari
2175 1530 2414 1602 Cyprum
2447 1534 2668 1598 dicitur,
2701 1534 3102 1606 Cittiorumque
3130 1539 3321 1594 urbem
3373 1541 3476 1595 ibi-

1884 1623 2005 1676 dem
2059 1634 2312 1690 exstare,
2367 1625 2454 1681 cui
2502 1625 2916 1697 adnavigabant
2953 1629 3046 1698 qui
3095 1627 3243 1700 Tyro
3288 1630 3474 1686 solve-
3551 1635 3554 1637 λ

1883 1712 2034 1768 bant.

239 1908 260 1940 ι
328 1891 460 1944 Τίνι
511 1893 692 1962 δμοιοι
744 1894 1031 1962 γεγόνασιν
1081 1897 1131 1948 οἱ
1179 1898 1559 1962 κατοικοῦντες
1603 1900 1662 1951 έν
1712 1901 1765 1970 τῇ

1960 1894 2122 1950 Vsus.
2150 1896 2270 1951 ενι.
2317 1917 2336 1949 ι
2366 1897 2462 1953 Cui
2500 1896 2709 1951 similes
2750 1895 2876 1952 facti
2912 1908 3042 1952 sunt
3086 1902 3176 1968 qui
3216 1901 3470 1959 habitant

164 1981 339 2053 νήσῳ,
373 1983 676 2055 μετάϐολοι
695 1986 964 2057 Φοινίκης,
986 1987 1352 2059 διαπερῶντες
1374 1991 1473 2061 τὴν
1497 1981 1778 2047 θάλασσάν

162 2072 223 2126 έν
250 2072 418 2127 ὕδατι
439 2074 662 2144 πολλῷ;
689 2075 906 2146 σπέρμα
931 2078 1244 2146 μεταδόλων
1260 2081 1335 2144 ὼς
1361 2081 1576 2151 ἀμητοῦ
1598 2083 1779 2151 εἰσφε-

169 2165 446 2234 ρομένουο
483 2167 536 2218 oi
579 2167 867 2236 μετάϐολος.
914 2168 1022 2223 τῶν
1063 2170 1255 2227 ἐθνῶν.
1302 2172 1653 2244 Αίσχύνθητι,
1688 2175 1778 2227 Σι-

165 2254 292 2319 δὼν,
339 2254 499 2310 εἶπεν
541 2259 576 2327 ἡ
630 2257 892 2314 θάλασσα.
946 2261 1012 2314 Ἤ
1051 2261 1107 2315 δὲ
1153 2263 1304 2332 ίσχὺς
1352 2268 1450 2336 τῆς
1497 2266 1776 2336 Θαλάσσης

163 2341 320 2401 εἶπεν
343 2365 358 2378 °
389 2348 509 2402 Οὐκ
534 2347 752 2414 ὢδινον,
781 2352 902 2404 οὐδὲ
928 2352 1134 2419 ἔτεκον,
1161 2355 1284 2408 οὐδὲ
1309 2354 1573 2428 ἐξέθρεψα
1603 2360 1775 2412 νεανί-

165 2453 356 2502 σκους,
414 2439 542 2493 οὐδὲ
599 2439 790 2510 ὖψωσα
836 2444 1154 2516 παρθένους.
1216 2467 1234 2500 i
1286 2447 1400 2503 Νῦν
1447 2451 1502 2504 δὲ
1550 2453 1774 2506 πάντων

163 2530 386 2602 ἀθρόως
419 2535 851 2606 ἀφῃρημένους,
892 2539 986 2591 καὶ
1011 2540 1120 2592 τῶν
1165 2541 1538 2613 νομιζομένων
1582 2547 1773 2612 αὐτοῖς

164 2623 395 2689 ἀγαθῶν
434 2628 825 2698 στερηθέντας,
872 2631 1132 2703 αἰσχύνην
1172 2636 1534 2704 καταχέεσθαι
1602 2655 1769 2709 προσ-

163 2713 290 2784 ήκει
310 2733 325 2747 ο
373 2717 455 2790 μὴ
493 2718 718 2789 μόνους,
744 2720 876 2774 ἀλλά
907 2723 999 2775 καὶ
1030 2725 1156 2787 τοὺς
1184 2727 1249 2778 ὲκ
1289 2728 1547 2794 γειτόνων
1584 2731 1770 2796 αὐτοῖς

163 2807 461 2873 οὲκοῦντας
506 2810 823 2877 Σιδωνίους·
876 2817 1159 2886 μονονουχὶ
1206 2819 1302 2870 καὶ
1345 2818 1446 2889 τῆς
1487 2819 1771 2893 θαλάσσης

164 2897 363 2970 αὐτῆς,
393 2900 584 2973 φωνὴν
617 2901 888 2976 ἀφιείσης,
917 2905 1011 2959 καὶ
1038 2906 1454 2980 ἀποθρηνούσης
1479 2911 1651 2982 αὐτῆς
1677 2913 1766 2966 διὰ

165 2984 225 3038 τὸ
260 2987 468 3059 μηκέτι
516 2988 666 3060 ἔχειν
701 2990 796 3055 οὓς
835 2992 1024 3064 θρέψει
1073 2997 1388 3060 νεανίσκους
1428 3000 1523 3054 καὶ
1555 2999 1765 3070 παρθέ-

164 3093 314 3141 νους.
349 3079 474 3133 Ὅτι
501 3080 566 3134 τδ
591 3082 822 3138 παλαιὸν
845 3085 1034 3160 ὥσπερ
1065 3088 1340 3160 θαλάσσης
1373 3092 1544 3164 αὐτῆς
1569 3096 1766 3164 γεννή-

107 3225 117 3238 ρ
168 3186 316 3237 ματα
364 3171 460 3224 ὑπ’
500 3173 675 3244 αὐτῆς
722 3176 1040 3248 ἐτρέφοντο,
1099 3180 1188 3234 ὅτε
1227 3182 1378 3252 ἤνθει
1427 3184 1497 3237 τὰ
1545 3185 1765 3255 Τυρίων

1890 1995 1943 2048 in
1977 1992 2176 2056 insula,
2211 1991 2582 2062 negotiatores
2609 1989 2923 2054 Plitenicie,
2956 1992 3288 2060 trajicientes
3320 2009 3472 2049 mare

1889 2083 1938 2136 in
1978 2097 2118 2150 aqua
2160 2083 2370 2136 multa?
2420 2097 2605 2139 semen
2643 2083 3041 2154 negotiatorum
3076 2085 3232 2154 quasi
3279 2086 3473 2140 messis

1885 2185 2269 2244 compertam;
2321 2178 2687 2246 negotiatores
2730 2177 2995 2245 gentium.
3030 2177 3329 2243 Erubesce,
3384 2179 3473 2234 Si-

1883 2271 2012 2330 don,
2048 2268 2183 2321 dixit
2217 2283 2386 2322 mare.
2421 2268 2703 2324 Fortitudo
2732 2279 2918 2324 autem
2963 2270 3132 2325 maris
3165 2271 3318 2332 dixit.
3353 2269 3471 2326 Non

1884 2361 2180 2431 parturivi,
2225 2375 2324 2414 nec
2374 2363 2590 2430 peperi,
2638 2377 2738 2416 nec
2789 2364 3026 2417 enutrivi
3070 2364 3320 2432 juvenes,
3369 2381 3471 2421 nec

1882 2451 2114 2505 exaliavi
2153 2451 2411 2520 virgines.
2435 2470 2454 2503 ι
2497 2450 2652 2507 Nunc
2690 2463 2872 2508 autem
2913 2468 3008 2510 eos
3039 2456 3295 2510 omnibus
3331 2471 3466 2511 con-

1882 2543 2062 2597 fertim
2110 2545 2350 2607 orbatos,
2379 2554 2437 2599 et
2469 2545 2660 2608 bonis,
2690 2546 2764 2598 ita
2805 2546 2882 2600 illi
2930 2547 3316 2615 opinabantur,
3347 2550 3470 2606 suis

1880 2651 2123 2701 eversos,
2157 2637 2365 2705 pudore
2393 2635 2632 2691 suﬂ'undi
2660 2639 2950 2704 convenit;
2993 2654 3093 2694 nec
3129 2655 3227 2694 eos
3255 2641 3466 2709 solum,

1880 2729 1973 2781 sed
2007 2728 2174 2782 etiam
2208 2729 2421 2786 vicinos
2450 2746 2641 2786 eorum
2693 2729 2990 2785 Sidonios:
3031 2730 3116 2785 vel
3161 2733 3281 2801 ipso
3327 2735 3467 2790 mni

1877 2822 2031 2889 quasi
2077 2836 2264 2877 vocem
2307 2823 2614 2885 emittente,
2663 2837 2729 2877 ac
2776 2822 3014 2892 lugente,
3047 2825 3194 2892 quod
3235 2823 3467 2894 juvenes

1874 2920 1932 2964 et
1963 2911 2221 2979 virgines,
2243 2927 2380 2981 quos
2407 2913 2660 2976 enutriat,
2684 2927 2791 2967 non
2824 2913 3043 2969 habeat.
3073 2913 3340 2981 Quoniam
3375 2934 3469 2972 au-

1877 3002 2128 3071 tiquitns,
2155 3018 2255 3058 ceu
2297 3004 2466 3058 maris
2500 3002 2673 3071 ipsius
2717 3005 2918 3072 proles,
2944 3006 3014 3062 ab
3039 3020 3106 3061 eo
3141 3006 3458 3077 alebantur,

1871 3111 1981 3164 quo
2011 3106 2252 3167 tempore
2297 3113 2384 3153 res
2413 3097 2702 3168 Tyriorum
2733 3098 2999 3156 ﬂorebant
3024 3119 3040 3158 :
3077 3120 3220 3159 nunc
3249 3114 3460 3174 autem,

1873 3189 2020 3258 Tyro
2068 3190 2264 3254 deleta,
2310 3189 2433 3256 iure
2475 3193 2622 3260 ipsos
2670 3190 2818 3261 luget
2868 3207 3054 3258 mare,
3099 3205 3155 3250 et
3197 3195 3462 3254 fortitudo

165 3262 512 3353 πράγματα·
548 3263 648 3318 νῦν
678 3266 735 3320 δὲ
767 3269 854 3322 ὅτε
899 3271 1096 3342 μηκέτι
1139 3274 1308 3337 ἐστὶν,
1355 3277 1581 3340 εἰκότως
1625 3278 1765 3331 ἀπο-

1873 3279 1988 3348 ejus
2021 3279 2372 3343 lamentatur,
2407 3281 2638 3336 filiorum
2670 3282 2896 3336 exitium
2928 3284 3240 3353 deplorans.

167 3352 417 3441 κλαίεται
443 3355 650 3421 αὐτοὺς
672 3359 705 3427 ἠ
742 3359 1004 3426 θάλασσα,
1044 3365 1138 3418 καὶ
1169 3365 1202 3436 ἡ
1231 3367 1384 3437 ἰσχὺς
1424 3371 1596 3441 αὐτῆς
1626 3371 1766 3424 ἀπο-

165 3436 473 3510 θρηνεῖται,
506 3442 602 3496 ἐπὶ
627 3444 839 3510 τέκνοις
865 3450 1198 3506 ἀπολωλόσιν
1227 3436 1626 3528 ὀλοφυρομένη.

239 3545 260 3580 s
303 3530 478 3584 Ὅταν
503 3531 563 3586 δὲ
589 3533 854 3590 ἀκουστὸν
885 3538 1110 3611 γένηται
1138 3544 1196 3596 ὲν
1219 3544 1502 3616 Αἰγύπτῳ,
1527 3547 1761 3618 λήψεται

162 3619 361 3686 αὐτοὺς
390 3623 556 3696 ὀδύνη
587 3626 719 3698 περὶ
743 3629 940 3700 Τύρου.
983 3634 1271 3690 ’Δπέλθετε
1299 3639 1378 3702 είς
1412 3640 1758 3713 Καρχηδόνα,

161 3713 452 3803 ὀλολύξατε
495 3719 548 3771 oi
588 3722 970 3787 κατοικοῦντες
1007 3727 1067 3779 ὲν
1097 3731 1164 3799 τῇ
1207 3730 1359 3800 νήσῳ
1400 3732 1593 3803 ταύτῃ.
1643 3733 1760 3788 Οὐκ

161 3805 300 3877 αὐτὴ
334 3802 406 3876 ἦν
440 3808 474 3879 ἡ
505 3807 667 3881 ὕϐρις
693 3811 788 3864 ἀπ’
814 3814 1007 3887 ἀρχῆς,
1055 3819 1221 3890 πρινὴ
1248 3802 1619 3891 παραδοθῆναι
1654 3825 1757 3877 αύ-

161 3898 298 3986 τήν;
349 3897 448 3962 Τίς
494 3899 669 3954 ταῦτα
710 3903 1028 3960 ἐδούλευσεν
1067 3911 1162 3962 ἐπὶ
1195 3910 1404 3982 Τύρον;
1445 3915 1536 3986 Μὴ
1571 3916 1758 3984 ἥσσων

159 3985 332 4048 ἔστὶν,
376 3986 411 4057 ἢ
450 3990 552 4041 οὐκ
594 3990 804 4060 ίσχύεις
850 3996 914 4047 οι
947 3995 1178 4068 ἔμποροι
1230 4001 1400 4071 αὐτῆς
1451 4005 1499 4056 oi
1527 3985 1757 4072 leoEet

158 4076 424 4169 ἀρχοντες
449 4079 555 4150 τῆς
574 4082 697 4151 γῆς.
721 4085 926 4156 Κύριος
945 4089 1172 4143 saeuae
1201 4093 1558 4149 ἐϐουλεύσατο
1578 4113 1758 4169 παρα-

159 4165 322 4221 λῦσαι
355 4169 540 4222 πᾶσαν
580 4171 683 4240 τὴν
732 4172 888 4246 ὕϐριν
921 4177 1320 4246 τῶν.ὲνδόξων,
1356 4187 1452 4238 καὶ
1483 4165 1756 4256 ἀτιμάσαι

158 4259 266 4309 πᾶν
297 4257 510 4323 ἔνδοξον
549 4260 646 4313 ἐπὶ
676 4261 775 4332 τῆς
817 4266 944 4337 γῆς.
983 4286 1002 4328 i
1064 4269 1224 4324 Ἀλλὰ
1252 4274 1346 4326 καὶ
1385 4279 1419 4346 ἡ
1453 4277 1754 4345 Αἴγυπτος,

156 4349 219 4401 ὲκ
241 4350 503 4417 γειτόνων
535 4357 942 4428 παρακειμένη,
982 4360 1040 4414 ἐν
1070 4361 1252 4436 ὀδύνῃ,
1295 4367 1448 4434 φησὶ,
1480 4371 1756 4439 καταστή-

157 4454 328 4504 σεται,
357 4443 725 4513 φροντίζουσα
759 4447 851 4500 καὶ
883 4448 1227 4518 ἀγωνίζουσα
1263 4457 1394 4530 περ)⁵
1437 4459 1630 4529 αὐτῆς,
1674 4462 1750 4532 μή

157 4546 232 4602 πη
265 4532 334 4585 τὰ
366 4534 536 4603 ὅμοια
571 4535 723 4609 πάθῃ
753 4542 819 4609 τῇ
853 4541 1086 4612 Τυρίων.
1119 4537 1220 4597 Ὧν
1243 4545 1386 4601 οὕτω
1418 4551 1749 4621 γενομένων,

1937 3551 2102 3605 Vsus.
2131 3550 2254 3606 5-9.
2314 3569 2331 3601 ι
2363 3549 2596 3617 Quando
2649 3562 2830 3605 autem
2896 3553 3141 3608 auditum
3192 3555 3355 3610 fuerit
3402 3558 3455 3612 in

1861 3633 2129 3706 Egypto,
2154 3651 2251 3691 eos
2281 3638 2465 3705 capiet
2509 3638 2667 3693 dolor
2695 3639 2761 3693 de
2784 3638 2950 3709 Tyro.
2979 3643 3137 3696 Abite
3169 3643 3461 3717 Carthagi-

1863 3741 1988 3782 nem
2019 3742 2032 3781 :
2063 3726 2269 3782 ululate
2299 3729 2392 3799 qui
2427 3729 2666 3784 incolitis
2706 3732 2937 3786 insulam
2990 3736 3150 3791 lianc.
3182 3736 3458 3807 Numquid

1863 3819 1978 3875 haec
2024 3831 2146 3876 erat
2191 3819 2387 3889 injuria
2435 3820 2504 3875 ab
2551 3823 2732 3892 initio,
2775 3819 3093 3895 priusquam
3137 3831 3452 3888 traderetur

1863 3910 2011 3978 ipsa?
2038 3909 2172 3978 Quis
2215 3912 2333 3967 haec
2379 3912 2654 3966 consuluit
2704 3930 2867 3982 super
2894 3917 3140 3986 Tyrum?
3179 3919 3316 3974 Num
3353 3923 3454 3976 im-

1859 4002 2111 4058 becillior
2139 4013 2245 4067 est,
2276 4013 2369 4057 aut
2400 4018 2506 4058 non
2538 4005 2746 4062 viribus
2774 4009 2954 4062 valet?
2981 4009 3308 4068 Mercatores
3331 4013 3452 4081 ejus

1859 4093 2104 4165 gloriosi,
2146 4096 2419 4165 principes
2445 4106 2627 4152 terrae.
2674 4099 2934 4154 Dominus
2966 4099 3211 4157 Sabaoth
3241 4104 3450 4158 delibe-

1861 4185 2004 4240 ravit
2041 4185 2338 4241 dissolvere
2372 4187 2683 4241 universam
2736 4191 3124 4246 contumeliam
3181 4193 3450 4263 glorioso-

1859 4292 2019 4344 ruin,
2070 4291 2127 4334 et
2189 4281 2482 4351 ignominia
2535 4283 2751 4338 allicere
2813 4299 2976 4340 omne
3036 4287 3330 4358 gloriosum
3392 4292 3447 4347 in

1858 4378 2070 4424 terra.»
2106 4369 2304 4426 Verum
2335 4374 2496 4428 etiam
2537 4373 2808 4446 Egyptus
2849 4392 2880 4432 e
2921 4379 3099 4433 vicino
3145 4383 3342 4449 posita,
3391 4384 3448 4439 in

1856 4463 2063 4526 dolore,
2103 4466 2306 4536 inquit,
2350 4471 2734 4533 constituetur,
2772 4469 3098 4526 sollicita’et
3129 4475 3288 4527 anxia
3327 4490 3450 4543 pro-

1859 4561 1977 4621 pter
2010 4553 2173 4615 illam.
2219 4571 2286 4610 ne
2334 4558 2588 4614 videlicet
2636 4575 2823 4628 parem
2867 4559 3044 4630 Tyriae
3075 4562 3468 4619 calaniitutem>

155 4622 204 4673 εἰ
229 4622 484 4688 δύνασθε,
518 4627 678 4697 φησὶ,
713 4629 851 4698 μετὰ
874 4633 999 4696 τοὺς
1031 4635 1378 4703 ἀπολωλότας
1403 4614 1753 4711 ὑπολειφθένέ

1870 4647 2113 4712 patiatur.
2151 4647 2333 4703 Rebus
2371 4661 2551 4706 autem
2589 4653 2659 4705 ita
2690 4655 2894 4722 gestis.
2935 4654 2993 4708 Si
3043 4657 3293 4724 potestis,
3339 4658 3442 4721 ait,

153 4731 245 4776 τες
273 4717 331 4768 ὲν
365 4721 433 4788 τῇ
469 4718 656 4790 Τύρῳ,
685 4720 905 4794 διάσητε
933 4725 1226 4803 φεύγοντες
1267 4731 1361 4782 ἐπὶ
1392 4735 1519 4798 τοὺς
1552 4734 1751 4804 ὑμετέ-

157 4825 284 4877 ρους
325 4811 601 4875 ἀποίκους
647 4813 745 4884 τὴν
789 4817 1115 4889 Καρχηδόνα
1158 4820 1473 4887 οἰκοῦνταςο
1522 4829 1750 4881 κάκεῖσε

155 4902 557 4972 ἀπομείναντες
605 4904 1019 4962 ἀποκλαύσασθε
1065 4909 1166 4980 τὴν
1211 4912 1422 4965 ἑαυτῶν
1469 4917 1708 4987 πατρίδα
1732 4958 1746 4981 ,

154 4994 643 5065 καταμεμφόμενοι
679 4997 750 5068 μὴ
783 4999 1002 5070 ἐτέρους
1029 5002 1115 5070 trp‘
1152 4997 1234 5066 οἷς
1260 5006 1579 5073 πεποίθατε,
1611 5010 1750 5063 ἀλλά

152 5087 247 5156 τὴν
294 5087 455 5159 ὑμῶν
506 5087 693 5142 αὐτῶν
745 5090 1124 5165 ὑπερηφανίαν
1170 5096 1266 5149 καὶ¹
1321 5099 1423 5170 τὴν
1473 5100 1654 5172 ὓϐριν,

153 5179 358 5246 πάντας
382 5181 589 5244 αὐτοὺς
617 5181 960 5252 περιόἀλλειν
992 5188 1308 5258 ἐπειρᾶσθε.
1335 5190 1417 5244 Τά
1444 5191 1502 5245 δὲ
1536 5193 1745 5264 61:96:-

149 5267 353 5339 δηκότα
387 5271 544 5342 ὑμῖν,
574 5264 624 5323 ὧ
656 5271 865 5343 Τύριοι,
903 5274 981 5347 μὴ
1023 5279 1369 5352 εἱμαρμένης
1403 5283 1744 5355 ἐπιγράφετε

149 5361 389 5434 ἀνάγκῃο
444 5363 589 5416 ἀλλά
644 5363 913 5433 ζητήσατε
965 5371 1098 5439 παρ’
1135 5368 1357 5436 ’ἑαυτοῖς
1377 5413 1392 5437 ,
1436 5374 1522 5438 τίς
1568 5375 1743 5429 ταῦτα

148 5452 530 5520 ἐϐουλεύσατο,
564 5453 648 5517 τίς
683 5454 865 5527 ἔκρινε
904 5459 1075 5514 ταῦτα
1110 5463 1304 5518 παθεῖν
1335 5467 1434 5537 τὴν
1464 5467 1739 5541 ὑμετέραν

148 5543 399 5615 πατρίδα.
444 5542 754 5614 Ζητοῦντες
783 5546 893 5619 γάρ
924 5551 1190 5624 εὑρήσετε
1235 5554 1295 5607 ἐν
1340 5556 1529 5628 δικαίᾳ
1559 5559 1740 5630 κρίσει

144 5635 209 5688 τὰ
249 5635 483 5689 τοιαῦτα
539 5634 976 5709 συμϐεϐηκέναιδ
1020 5643 1227 5716 Κύριος
1263 5648 1370 5720 γὰρ
1418 5648 1666 5718 Σαϐαὼθ,
1711 5654 1741 5706 ό

147 5727 290 5798 παρὰ
335 5727 532 5799 μόνοις
580 5725 853 5799 Ἑϐραίοις
921 5731 1360 5806 θεολογούμενος,
1421 5737 1608 5794 τοῦτον
1654 5740 1739 5805 ἐξ-

148 5815 338 5887 ήνεγκε
372 5817 470 5873 τὸν
499 5816 650 5887 ὅρον·

1854 4749 1950 4790 vos
1999 4738 2121 4806 qui,
2173 4740 2329 4794 caesis
2364 4740 2505 4807 aliis,
2553 4742 2606 4795 in
2667 4744 2800 4797 urbe
2849 4743 2994 4814 Tyro
3030 4747 3229 4801 residui
3283 4749 3441 4813 estis,

1854 4829 2093 4898 trajicite
2118 4830 2326 4901 profugi
2360 4832 2426 4885 ad
2454 4833 2678 4888 colonos
2711 4846 2925 4890 vestros
2950 4838 3439 4909 Carthagiuenses.

1850 4918 1965 4975 Illic
1989 4936 2118 4977 vero
2140 4933 2540 4980 commorantes
2579 4926 2806 4993 patriam
2856 4929 3052 4996 lugete,
3080 4939 3134 4982 et
3161 4942 3438 5000 accusatos,

1853 5026 1960 5066 non
1990 5013 2126 5067 alios
2159 5017 2468 5085 quospiam,
2497 5017 2694 5085 quibus
2738 5017 3006 5083 lidebatis,
3055 5021 3148 5075 sed
3198 5034 3437 5078 vestram

1852 5106 2161 5172 superbiam
2211 5115 2268 5159 et
2306 5108 2719 5173 contumeliam,
2755 5127 2859 5179 qua
2897 5111 3017 5166 illus
3047 5128 3242 5167 omnes
3286 5130 3437 5168 coui-

1850 5195 2054 5265 plicare
2082 5199 2261 5252 conati
2302 5201 2454 5255 estis.
2487 5203 2680 5256 Casum
2714 5217 2878 5271 porro
2906 5214 3168 5271 vestrum,
3195 5222 3230 5261 o
3257 5205 3435 5277 Tyrii,
3536 5201 3539 5203 ’

1847 5303 1919 5343 ne
1969 5288 2064 5344 fati
2112 5291 2428 5346 necessitati
2484 5294 2804 5357 ascribatis;
2855 5297 2950 5351 sed
2993 5298 3046 5350 in
3100 5300 3257 5354 vobis
3302 5302 3437 5367 ipsis

1846 5381 2094 5449 qua’rite,
2125 5383 2246 5450 quis
2279 5383 2394 5436 haec
2443 5385 2672 5440 consilia
2711 5387 2917 5454 inierit,
2950 5389 3074 5457 quis
3104 5392 3171 5443 ad
3221 5401 3432 5448 tantam

1846 5473 2211 5530 calamitatem
2252 5473 2505 5544 patriam
2565 5488 2804 5532 vestram
2873 5481 3233 5536 damnaverit.
3290 5481 3429 5538 Nam

1849 5565 2218 5635 disquirentes
2250 5569 2689 5637 deprehendetis,
2731 5573 2846 5628 haec
2872 5572 3022 5641 justo
3047 5573 3255 5640 judicio
3282 5578 3429 5629 acci-

1847 5657 2028 5714 disse:
2063 5659 2323 5715 Dominus
2372 5663 2574 5732 quippe
2625 5665 2898 5732 Sabaoth,
2941 5665 3034 5735 qui
3087 5667 3229 5734 apud
3283 5667 3430 5724 solos

1850 5747 2102 5806 llehrzeos
2163 5767 2261 5820 pro
2315 5752 2423 5808 Deo
2481 5757 2729 5822 habetur,
2785 5760 2886 5813 hoc
2945 5756 3226 5811 decretum
3296 5770 3428 5826 ιιι-οη

1850 5841 1984 5895 tulit.
