4100 6412
180 392 284 456 157

1125 394 1630 458 ΟΟΙΙΕΝΤΛΒΙΔ
1671 393 1737 450 IN
1776 391 2040 450 ISAMI.
2075 424 2146 437 —-
2183 390 2338 449 CAP.
2381 390 2572 448 XXIV.

3393 395 3501 456 ass

255 528 277 564 s
311 512 430 566 Καὶ
461 511 633 568 ἔσται
667 512 832 583 αὐτῆς
863 511 898 580 ή
931 510 1196 582 εμπορία,
1225 511 1320 563 καὶ
1357 510 1388 562 6
1416 508 1610 580 μισθὸς
1647 507 1800 576 ἅγιος

1981 502 2147 560 Vitas.
2176 505 2266 561 ts.
2312 523 2332 557 i
2364 504 2430 560 Et
2481 506 2589 562 erit
2637 504 2756 574 ejus
2826 508 3125 580 negotiatio
3163 518 3220 566 et
3283 525 3500 570 merces

184 601 396 674 Κυρίῳ.
425 623 446 655 ι
480 603 610 675 (αδ)
637 601 782 672 -σει,
802 602 896 654 καὶ
920 600 1228 672 πληροῦται
1255 599 1379 654 καθ’
1403 601 1554 671 ἡμᾶς
1578 599 1798 662 αὐτούς.

184 691 296 765 τῆς
321 692 440 766 γὰρ
488 692 831 764 Ἐκκλησίας
865 689 962 745 τοῦ
989 689 1128 744 Θεοῦ
1157 689 1453 760 ίδρυμένης
1491 690 1553 742 εν
1582 691 1653 760 τῇ
1697 689 1803 743 Tu.

185 783 320 857 ρίων
370 783 573 849 adici,
605 783 796 856 ὥσπερ
835 777 929 836 οῦν
966 783 1061 836 καὶ
1089 783 1148 835 εν
1190 783 1306 844 τοῖς
1339 779 1550 844 latini;
1599 779 1798 845 έθνεσι,

185 873 357 929 πολλὰ
377 875 497 930 τῶν
525 877 592 928 εν
616 873 758 944 αὐτῇ
791 872 1156 944 μισθωμάτων
1183 871 1251 925 ὲκ
1278 870 1675 944 πραγματείας
1705 887 1802 925 κο-

186 966 508 1039 μιζομένων
530 967 825 1037 ἁγιάζεται
844 965 923 1036 τῷ
937 964 1127 1038 κυρίῳ
1148 964 1658 1036 προσφερόμεναι
1676 963 1801 1017 Ἑκ-

183 1057 387 1134 κλησίᾳ⁵
399 1059 605 1116 αὑτοῦ·
621 1059 827 1131 άπεροί
842 1058 1161 1130 κομίζοντες
1175 1057 1555 1132 προσφέρουσι
1584 1057 1684 1110 σὺν
1710 1057 1802 1110 εὐ-

183 1153 397 1226 λαϐείᾳ.
419 1173 441 1207 ε
463 1155 592 1208 Οὐκ
604 1153 791 1216 αὐτοῖς
805 1151 1219 1224 συναχθήσεται,
1232 1150 1494 1214 άλλάτοίς
1510 1148 1804 1205 κατοικοῦο

188 1262 271 1302 σιν
293 1245 489 1301 ἔναντι
533 1245 748 1318 Κυρίου
767 1262 781 1276 ο
812 1245 965 1299 πᾶσα
991 1245 1028 1316 ή
1057 1242 1300 1316 εμπορία
1335 1243 1545 1316 αὐτῆς,
1575 1245 1796 1313 φαγεῖν,

188 1340 280 1395 καὶ
304 1343 480 1404 πιεῖν,
497 1339 603 1394 καὶ
625 1337 1030 1409 ἐμπλησθῆναι,
1049 1337 1144 1390 καὶ
1159 1338 1242 1400 είς
1258 1323 1560 1408 συμϐολὴν,
1582 1336 1798 1409 μνημό-

187 1448 342 1487 συνον
391 1432 588 1487 havri
622 1430 858 1502 Κυρίου·
914 1449 932 1482 ι
977 1429 1181 1502 δηλαδὴ
1214 1431 1329 1493 τοῖς
1362 1428 1666 1501 παρέδροις
1700 1427 1797 1482 τοῦ

187 1508 627 1598 θυσιαστηρίου⁸
674 1521 816 1578 οὕτω
862 1522 973 1595 γὰρ
1013 1521 1221 1594 Κύριος
1257 1520 1546 1588 διετάξατο
1581 1523 1698 1586 τοῖς
1735 1520 1800 1574 τὸ

187 1619 536 1689 Εὑαγγέλισν
575 1617 1038 1687 καταγγέλλουσιν
1078 1617 1144 1669 εκ
1172 1614 1268 1669 τοῦ
1300 1613 1640 1684 Βὺαγγελίου
1673 1614 1798 1685 ζῇνο

188 1710 279 1764 καὶ
301 1713 356 1765 oi
376 1709 465 1780 τῷ
499 1707 875 1780 θυσιαστηρίῳ
907 1704 1353 1778 παρεδρεύοντες,
1389 1703 1470 1776 τῷ
1499 1704 1802 1775 θυσιαστη-

188 1801 290 1873 ρίῳ
309 1799 785 1872 συμμερίζεσθαι.
809 1798 1030 1862 Τούτοις
1051 1793 1146 1852 οὖν
1167 1797 1374 1862 αὐτοῖς,
1399 1797 1476 1862 ib;
1497 1796 1566 1852 ἂν
1590 1797 1799 1868 ίερεῦσι

1910 606 2100 652 sancta
2135 593 2384 651 Domino.
2410 613 2430 647 ι
2465 595 2618 663 Quod
2648 607 2798 652 certe
2834 608 3022 654 nostro
3053 609 3299 670 tempore
3342 617 3499 659 com-

1909 686 2113 757 pletum
2143 687 2439 743 cernimus.
2477 685 2613 742 Nam
2665 702 2790 744 cum
2835 688 3078 746 Ecclesia
3122 689 3219 749 Dei
3253 691 3310 748 in
3362 694 3502 751 urbe

1909 777 2220 850 Tyriorum,
2253 777 2479 846 perinde
2514 787 2682 850 atque
2726 780 2780 834 in
2813 779 3040 850 reliquis
3070 783 3331 854 gentibus
3373 782 3502 840 lun-

1909 869 2034 924 data
2088 870 2195 934 sit,
2258 868 2441 925 multa
2484 883 2555 926 ex
2600 870 2722 941 eius
2789 871 3064 928 mercibus
3129 875 3503 944 negotiatione

1906 961 2078 1031 partis
2111 960 2338 1017 Domino
2363 971 2787 1027 consecrantur,
2817 960 3080 1019 Ecclesia
3107 964 3227 1036 ejus
3255 964 3455 1023 oblata
3476 981 3496 1021 :

1905 1067 2026 1124 qua:
2059 1067 2183 1109 cum
2225 1055 2430 1124 pietate
2470 1068 2500 1109 a
2531 1054 2906 1124 prrhentibus
2951 1052 3280 1112 oleruntur.
3327 1072 3348 1109 ι
3379 1055 3501 1112 Non
3550 1083 3552 1086 ν

1907 1145 2040 1218 ipsis
2081 1147 2535 1218 congregahitur;
2577 1146 2674 1202 sed
2703 1146 2816 1209 iis,
2863 1146 2959 1217 qui
3011 1145 3265 1204 habitant
3308 1163 3498 1205 curant

1905 1236 2155 1293 Domino.
2183 1235 2375 1301 Omnis
2417 1239 2715 1309 negotiatio
2754 1236 2899 1307 eius,
2937 1247 3000 1293 ut
3031 1239 3182 1306 edat,
3227 1248 3285 1296 et
3316 1240 3498 1310 bibat,

1904 1339 1961 1385 et
1988 1329 2238 1396 satietur,
2267 1340 2326 1385 et
2365 1331 2420 1386 in
2469 1330 2811 1400 symbolum,
2857 1341 3269 1388 monumentum
3313 1347 3502 1390 coram

1906 1418 2167 1485 Domino;
2201 1419 2462 1475 videlicet
2495 1420 2762 1499 ministris
2798 1419 2988 1478 altaris
3021 1439 3035 1476 :
3067 1423 3150 1478 sic
3193 1424 3338 1478 enim
3371 1438 3506 1495 pr.-

1907 1509 2053 1580 cepit
2074 1507 2333 1565 Dominus
2361 1509 2427 1566 iis
2450 1510 2544 1581 qui
2573 1509 2928 1583 Evangelium
2955 1515 3302 1583 annuntiant,
3343 1526 3400 1572 ut
3429 1531 3502 1572 ex

1908 1600 2200 1673 Evangelio
2224 1602 2446 1669 vivant,
2475 1612 2533 1660 et
2558 1611 2620 1659 ut
2660 1603 2699 1659 ii
2727 1604 2819 1675 qui
2861 1604 3019 1661 altari
3048 1615 3250 1672 astant,
3287 1607 3344 1663 in
3376 1622 3504 1680 por-

1911 1691 2112 1747 tionem
2160 1692 2353 1750 altaris
2391 1693 2772 1751 admittantur.
2808 1695 2904 1752 llis
2949 1711 3083 1768 ergo
3124 1697 3279 1769 ipsis,
3313 1707 3503 1770 utpote

1909 1785 2288 1842 sacerdotibus
2324 1785 2460 1853 Dei,
2518 1786 2894 1844 habitantibus
2935 1789 2990 1844 in
3034 1799 3334 1862 conspectu
3377 1789 3490 1845 Do.

187 1891 280 1945 τοῦ
308 1890 454 1945 Θεοῦ
483 1894 605 1954 τοῖς
631 1887 976 1944 κατοικοῦσιν
1005 1888 1188 1942 εναντι
1215 1888 1424 1959 Κυρίου
1441 1928 1457 1953 ,
1488 1888 1593 1952 τὰς
1617 1888 1800 1960 άπαρ-

1911 1878 2066 1945 mini,
2102 1879 2372 1948 primitias
2417 1877 2712 1937 oﬂereutes
2759 1882 3046 1936 memorati
3103 1881 3392 1948 homines,
3439 1899 3502 1940 re

187 1982 289 2053 χὲς
319 1982 746 2055 προσφέροντες
766 1981 816 2036 oi
841 1980 1196 2052 δηλωθέντες,
1219 1979 1370 2053 ἔργῳ
1398 1979 1672 2053 πληροῦσι
1701 1979 1806 2052 τὴν

189 2076 518 2143 φάσκουσαν
541 2073 904 2146 προφητείαν·
937 2091 956 2124 ι
987 2073 1100 2126 Καὶ
1124 2071 1278 2127 έσται
1298 2072 1568 2145 ἐμπόριον
1591 2071 1801 2137 αὐτοῖς,

192 2166 288 2220 καὶ
319 2165 522 2238 μισθὸς
546 2166 758 2230 αὐτοῖς,
790 2183 809 2216 ι
855 2165 951 2219 καὶ
984 2163 1054 2218 τὰ
1080 2162 1229 2236 ἑξῆς.

721 2288 1021 2352 ΚΕΨΔΔΔΙ
1027 2296 1120 2351 0N
1153 2297 1283 2350 KA'.

267 2453 289 2487 ι
333 2433 473 2489 Ἰδοὺ
515 2431 727 2505 Κύριος
763 2432 1120 2504 καταφθείρει
1153 2431 1253 2502 τὴν
1289 2429 1620 2502 οἰκουμένην
1647 2429 1798 2502 δλην,

192 2527 288 2581 καὶ
310 2525 605 2599 ἐρημώσει
633 2525 825 2598 αὐτὴν,
857 2527 953 2580 καὶ
1005 2523 1344 2594 ἀνακαλύψει
1389 2524 1451 2576 rb
1505 2524 1801 2593 πρόσωπον

192 2620 390 2689 αὐτῆς.
433 2638 454 2671 ι
504 2617 729 2689 Ἐπειδὴ
758 2618 866 2690 γὰρ
913 2635 933 2670 ι
989 2616 1085 2670 τοῦ
1134 2615 1342 2688 Κυρίου
1388 2616 1423 2687 ή
1468 2615 1539 2685 γῆ
1597 2614 1692 2668 καὶ
1741 2613 1802 2667 τὺ

195 2711 483 2783 πλήρωμα
521 2709 716 2780 αὐτῆς,
754 2728 774 2762 ι
810 2709 1012 2764 ὡσανεὶ
1033 2709 1255 2762 πάντων
1291 2706 1600 2779 ἀνθρώπων
1633 2707 1798 2779 κηδό-

197 2817 389 2872 μενος,
423 2800 796 2856 διαστέλλεται
827 2803 893 2873 τῇ
931 2800 1227 2872 οἰκουμένῃ
1255 2798 1328 2854 τὰ
1359 2799 1490 2872 περὶ
1527 2799 1625 2870 τῆς
1666 2797 1798 2869 μελε

196 2891 403 2965 λούσης
454 2893 707 2957 ἅπαντας
751 2892 1069 2966 ἀνθρώπους
1108 2889 1467 2962 διαλήψεσθαι
1512 2890 1606 2947 τοῦ
1663 2888 1798 2942 Θεοῦ

197 2985 459 3058 κρίσεως,
490 2988 552 3041 έν
573 2985 758 3058 ἡμέρᾳ
793 2987 880 3041 ὅτε
907 2987 1084 3059 κρινεί
1111 2986 1142 3038 6
1172 2983 1305 3048 Θεὸς
1335 2983 1406 3036 τὰ
1436 2982 1658 3056 κρυπτὰ
1689 2981 1797 3036 τῶν

197 3077 542 3150 ἀνθρώπων,
599 3095 618 3129 ι
675 3078 769 3132 καὶ
823 3077 1108 3149 διασπερεῖ
1155 3076 1286 3138 τοῦς
1338 3075 1682 3140 ἐνοικοῦντας
1739 3077 1799 3130 έν

199 3169 365 3241 αὐτῇ.
436 3187 456 3221 ι
513 3168 589 3221 Ἦ
648 3167 790 3222 κατὰ
841 3168 935 3222 τὸν
993 3167 1224 3222 Ἀκύλαν
1282 3168 1377 3220 καὶ
1439 3167 1794 3232 Θεοδοτίωνα,

205 3279 226 3313 ι
263 3259 655 3332 διασκορπίζει
701 3259 890 3322 ἄλλους
933 3257 1190 3329 ἀλλαχοῦ,
1232 3277 1250 3310 ι
1291 3257 1434 3310 κατὰ
1467 3257 1566 3328 τὴν
1599 3259 1795 3312 ἀναλο-

201 3352 329 3421 γίαν
360 3351 474 3406 τῶν
493 3350 731 3406 ἑκάστου
760 3349 1015 3422 πράξεων
1033 3366 1047 3379 ·
1073 3348 1267 3402 πολλαὶ
1298 3348 1410 3420 γὰρ
1445 3350 1606 3420 μοναὶ
1646 3349 1800 3423 παρὰ

201 3440 282 3513 τῷ
302 3442 506 3515 Πατρὶ,
547 3441 721 3512 μέγας
756 3458 817 3494 τε
851 3442 946 3495 καὶ
979 3440 1146 3505 πολὺς
1189 3442 1218 3494 6
1258 3439 1354 3493 τοῦ
1393 3439 1530 3493 Θεοῦ
1573 3441 1798 3512 κόσμος,

200 3537 280 3604 ib;
310 3537 580 3593 diluissem.
617 3538 798 3602 πάσας
833 3535 1195 3607 ὑποδέχεσθαι
1241 3536 1336 3589 καὶ
1364 3535 1464 3599 τὰς
1510 3535 1570 3602 ἐξ
1605 3535 1801 3600 αἰῶνος

204 3626 266 3680 δν
291 3629 358 3698 τῇ
403 3629 478 3698 γῇ
527 3626 997 3698 πεπολιτευμένας
1037 3624 1236 3696 ψυχὰς,
1280 3625 1390 3679 τῶν
1446 3625 1545 3696 μὲν
1589 3625 1801 3679 ἁσεδῶν

204 3719 296 3773 τδν
335 3719 475 3791 ᾅδην
517 3718 615 3772 καὶ
647 3717 710 3771 τὸ
742 3718 848 3771 ὑπὸ
875 3717 980 3788 γῆν
1020 3718 1358 3788 οἰκητήριον,
1413 3718 1662 3782 σκοτίους
1707 3719 1803 3772 καὶ

205 3809 481 3880 ἀοράτους
525 3808 736 3878 μυχοὺς
778 3807 1243 3879 κληρωσαμένων,
1291 3809 1434 3864 κατὰ
1482 3809 1563 3872 τὸ,
1606 3829 1623 3860 ι
1675 3811 1803 3864 Εἰσ-

206 3901 522 3955 ελεύσονται
547 3904 627 3964 εις
649 3898 718 3954 τὰ
743 3898 1033 3955 κατώτατα
1056 3899 1154 3972 τῆς
1183 3900 1308 3972 γῆς’
1338 3902 1803 3975 παραδοθήσονται

206 3996 288 4058 si;
315 3995 513 4066 χεῖρας
545 3992 841 4065 ῥομφαίας,
893 3992 1112 4070 μερίδες
1153 3986 1452 4048 ἀλωπέκων
1485 3994 1735 4049 ίσονταιο
1777 4016 1796 4048 ι

209 4085 314 4140 τῶν
358 4086 420 4139 δὶ
468 4083 714 4139 εὐσεϐῶν
771 4083 1251 4157 ἁρπαγησομένων
1303 4087 1364 4140 εν
1422 4086 1674 4157 νεφέλαις
1721 4088 1803 4152 είς

205 4177 519 4248 ἀπάντησιν
549 4175 647 4229 τοῦ
685 4176 894 4249 κυρίου
919 4177 1002 4240 είς
1029 4175 1316 4249 άέρανκαὶ
1355 4177 1528 4243 οὕτως
1572 4178 1802 4232 πάντοτε

213 4272 308 4324 σὺν
337 4267 538 4340 Κυρίῳ
564 4267 968 4338 γενησομένων.

285 4379 305 4412 ι
342 4361 459 4416 Καὶ
491 4359 648 4414 ἕσται
679 4361 710 4413 6
740 4359 867 4425 λαὸς
898 4360 974 4424 ib;
1006 4361 1036 4415 6
1069 4360 1272 4433 ἱερεὺς,
1315 4359 1410 4414 καὶ
1441 4360 1471 4414 6
1504 4363 1634 4425 παῖς
1665 4361 1740 4424 ib;
1772 4361 1802 4413 6

211 4453 422 4528 κύριος,
453 4454 552 4508 καὶ
585 4453 620 4524 ή
654 4451 958 4524 θεράπαινα
994 4454 1070 4519 ib;
1098 4455 1134 4526 ή
1170 4452 1353 4524 κυρία.
1392 4451 1586 4507 Ἔσται
1609 4455 1638 4508 6
1669 4453 1801 4522 ἁγο-

1908 1971 2023 2040 ipsa
2066 1978 2126 2025 et
2172 1984 2342 2041 opere
2379 1970 2608 2042 implent
2644 1971 2988 2043 prophetiam
3037 1988 3163 2044 qua
3213 1975 3324 2041 ait,
3378 1993 3398 2028 i
3432 1975 3501 2032 Et

1905 2061 2014 2119 erit
2056 2063 2360 2134 emporium
2421 2063 2591 2134 ipsis,
2632 2075 2690 2120 et
2737 2078 2950 2122 merces
3015 2065 3169 2135 ipsis.
3199 2085 3218 2120 ι
3265 2076 3322 2124 et
3384 2082 3498 2124 ca-

1909 2163 2046 2212 tera.

2462 2294 2697 2354 CAPUT
2747 2294 2942 2352 XXIV.

1979 2430 2140 2488 Veiis.
2176 2433 2229 2488 l.
2271 2451 2291 2486 i
2341 2433 2482 2490 Ecce
2517 2435 2780 2491 Dominus
2829 2445 3146 2506 corrumpet
3193 2443 3365 2492 totum
3402 2451 3495 2492 or-

1902 2525 2049 2592 bem,
2076 2535 2133 2581 et
2162 2527 2398 2583 vastabit
2436 2541 2586 2592 eum,
2631 2537 2687 2583 et
2729 2528 2998 2585 revelabit
3059 2527 3259 2584 faciem
3305 2530 3461 2602 eius.

1903 2617 2040 2686 Quia
2073 2636 2092 2669 ι
2135 2620 2280 2674 enim
2309 2638 2330 2671 i
2369 2619 2582 2675 Domini
2625 2629 2708 2676 est
2736 2630 2880 2676 terra
2899 2630 2956 2677 et
2977 2621 3260 2692 plenitudo
3285 2622 3489 2693 εξιιειςι

1905 2715 2166 2776 tanquam
2199 2710 2292 2780 qui
2327 2709 2608 2764 hominum
2646 2711 2889 2765 omnium
2941 2725 3131 2766 curam
3171 2721 3348 2783 gerat,
3372 2711 3495 2768 orbi

1902 2804 2174 2854 terrarum
2215 2800 2454 2868 explicat
2491 2814 2556 2855 ea
2586 2815 2710 2870 quin
2735 2802 2801 2856 ad
2855 2802 2950 2858 Dei
2991 2802 3260 2870 judicium
3321 2803 3495 2875 perti-

1903 2899 2054 2953 nent,
2107 2889 2177 2945 de
2210 2892 2483 2947 universis
2513 2892 2823 2948 hominibus
2879 2892 3216 2962 habendum,
3268 2909 3374 2964 qua
3403 2893 3497 2954 die

1895 2981 2161 3052 iudicabit
2177 2980 2318 3039 Deus
2329 2986 2541 3040 occulta
2563 2985 2865 3051 hominum,
2889 3004 2908 3038 i
2929 2983 2990 3040 Et
3005 2985 3387 3057 dispergeteos
3399 2986 3495 3056 qui

1903 3074 2156 3129 habitant
2189 3076 2242 3130 in
2268 3077 2408 3145 ipso.
2436 3096 2455 3129 ι
2477 3075 2605 3134 Sive
2633 3078 2933 3134 secundum
2960 3077 3217 3148 Aquilam
3237 3087 3294 3134 et
3311 3078 3495 3135 Theo-

1901 3171 2199 3236 dotionem,
2273 3189 2294 3223 i
2330 3171 2573 3241 Dissipat
2628 3171 2764 3226 alios
2822 3171 2975 3240 alibi,
3016 3191 3037 3226 ι
3102 3186 3204 3242 pro
3278 3171 3496 3227 ratione

1904 3277 2130 3332 operum
2188 3262 2495 3332 cujusque:
2540 3279 2664 3318 nam
2714 3263 2899 3319 multa:
2969 3264 3287 3320 mansiones
3349 3264 3495 3334 apuil

1903 3349 2161 3406 Patrem:
2198 3366 2538 3422 magnusque
2578 3363 2634 3406 et
2673 3362 2861 3407 vastus
2889 3363 2976 3409 est
3015 3352 3116 3408 Dei
3145 3354 3402 3419 mundus,
3434 3364 3496 3409 ut

1902 3445 2073 3515 possit
2109 3443 2232 3500 illas
2276 3459 2469 3501 omnes
2504 3445 2790 3501 continere
2822 3445 3058 3510 animas,
3090 3461 3211 3517 qua:
3238 3461 3270 3500 a
3291 3446 3495 3502 seculo

1905 3537 1957 3590 in
1996 3545 2145 3591 terra
2169 3545 2402 3591 versatae
2447 3547 2580 3592 sunt
2621 3555 2636 3593 :
2673 3536 2856 3608 impiis
2887 3537 3162 3593 infernum
3189 3547 3246 3593 et
3272 3539 3494 3594 subter-

1903 3641 2130 3681 raneum
2170 3625 2532 3694 domicilium,
2559 3627 2878 3684 tenebrosus
2915 3627 3132 3684 scilicet
3158 3637 3215 3683 et
3250 3629 3495 3685 occuitos

1903 3732 2150 3772 recessus
2179 3717 2376 3783 nactis,
2407 3718 2706 3774 secundum
2739 3719 2892 3786 illud,
2920 3739 2940 3774 i
2975 3721 3281 3777 lntrolbunt
3320 3722 3374 3776 in
3411 3721 3496 3777 in-

1903 3809 2110 3866 feriora
2159 3822 2320 3868 terrm
2359 3828 2376 3865 :
2411 3813 2697 3869 tradentur
2742 3814 2798 3868 in
2832 3828 3026 3869 manus
3073 3813 3264 3884 gladii,
3310 3823 3502 3884 partes

1905 3904 2147 3976 vulpium
2167 3906 2394 3973 erunt‘;
2420 3923 2438 3956 ι
2459 3905 2562 3976 piis
2585 3920 2716 3962 vero
2734 3907 2906 3976 raptis
2935 3906 2990 3962 in
3017 3904 3252 3960 nubibus
3275 3907 3497 3963 obviam

1911 3997 2139 4054 Domino
2175 3997 2231 4054 in
2284 4012 2433 4064 aera,
2488 4007 2545 4053 et
2585 3999 2671 4054 sic
2714 4011 2931 4067 semper
2981 4012 3107 4053 cum
3141 3996 3371 4053 Domino
3405 3997 3493 4055 fu-

1907 4089 2066 4144 turis.

1978 4356 2143 4413 Vnus.
2169 4357 2227 4413 2.
2264 4375 2284 4409 ι
2321 4357 2386 4414 Et
2407 4359 2514 4414 erit
2557 4373 2789 4430 populus
2820 4367 3078 4430 tanquam
3128 4361 3413 4424 sacerdos,
3438 4369 3497 4416 et

1905 4465 2097 4507 servus
2128 4459 2385 4522 tanquam
2427 4452 2708 4518 dominus,
2753 4461 2809 4506 et
2845 4451 3046 4506 famula
3101 4461 3358 4523 tanquam
3395 4454 3494 4509 do-

215 4545 398 4620 ράζων
431 4543 510 4608 ib;
547 4543 579 4596 6
619 4542 835 4609 πωλῶν,
873 4561 970 4599 και
1001 4544 1030 4597 6
1073 4542 1334 4608 δανείζων
1380 4534 1456 4608 ib;
1495 4544 1524 4597 6
1560 4542 1800 4607 δανειζό-

1908 4541 2076 4597 mina.
2118 4540 2237 4596 Erit
2280 4542 2373 4612 'qui
2403 4544 2538 4598 emit
2596 4554 2854 4613 tanquam
2886 4544 2979 4613 Qui
3018 4543 3227 4607 vendit,
3269 4545 3362 4612 qui
3414 4545 3495 4599 le-

219 4654 400 4709 μενος,
433 4637 533 4691 καὶ
563 4638 594 4690 6
623 4635 854 4706 ὀφείλων
877 4635 954 4700 ib;
983 4637 1012 4690 6
1039 4629 1086 4705 ᾧ
1115 4635 1341 4705 ὀφείλειο
1382 4654 1401 4689 ι
1441 4635 1799 4707 σημαίνοντος

1907 4631 2028 4686 nori
2062 4631 2154 4685 dat
2202 4637 2463 4702 tanquam
2498 4632 2590 4703 qui
2621 4633 2840 4700 accipit,
2895 4633 2989 4702 qui
3022 4632 3182 4688 debet
3233 4642 3494 4701 tanquam

213 4730 309 4785 τοῦ
354 4730 519 4799 λόγου
571 4727 668 4783 τοῦ
729 4727 1068 4802 προφητικοῦ
1121 4728 1214 4782 τὸν
1271 4731 1370 4800 τῆς
1414 4729 1524 4783 τῶν
1583 4729 1800 4800 νεκρῶν

215 4821 572 4884 ἀναστάσεως
644 4821 864 4893 τρόπον.
924 4819 1173 4875 Ἐπειδὰν
1222 4820 1279 4875 δὲ
1340 4821 1695 4894 άνακαλυφθῇ
1733 4821 1804 4876 τά

216 4913 645 4987 ἐγκεκρυμμένα
687 4915 745 4968 εν
780 4917 848 4986 τῇ
878 4916 948 4987 γῇ
986 4903 1235 4986 σώματα,
1276 4915 1719 4986 παραστήσονται
1752 4914 1804 4968 οί

217 5006 526 5078 κρινόμενοι
562 5005 672 5078 πρὸ
717 5005 812 5061 τοῦ
863 5006 1104 5078 βήματος
1129 5005 1224 5059 τοῦ
1260 5006 1493 5078 μεγάλου
1527 5007 1720 5079 κριτοῦ
1745 5007 1804 5074 ἐξ

221 5098 332 5154 ἴσου
376 5098 622 5162 πάντες,
665 5097 742 5161 ib;
774 5097 908 5169 μηδὲ
944 5097 1222 5169 διαφέρειν
1251 5096 1378 5160 τοὺς
1417 5098 1476 5150 ἂν
1507 5096 1588 5169 τῷ
1620 5096 1802 5169 θνητῷ

221 5191 319 5264 βίῳ
343 5192 479 5247 ποτὶ
506 5189 768 5258 δόξαντας
793 5189 955 5244 πλέον
983 5207 1037 5244 τι
1061 5187 1348 5260 εσχηκέναι
1375 5189 1494 5261 ἦτοι
1531 5191 1592 5244 ὲν
1634 5187 1802 5257 ἀξιώ-

224 5302 370 5357 ματι,
403 5284 440 5356 ἢ
470 5281 646 5352 γένει,
749 5279 984 5353 πλούτῳ,
1031 5279 1139 5334 τῶν
1178 5279 1556 5351 ἐνδεεστέρων.
1587 5281 1801 5346 Πάντες

220 5377 325 5451 γάρ
356 5375 418 5443 ἐξ
440 5378 563 5430 ῐσου
591 5373 713 5429 τότε
745 5374 1184 5449 παραστήσονται
1207 5370 1283 5444 τῷ
1306 5371 1511 5444 βήματι
1537 5371 1632 5426 τοῦ
1662 5373 1800 5444 Χρι-

221 5469 363 5525 στοῦ·
399 5467 499 5524 καὶ
523 5465 609 5538 τῷ
647 5467 784 5536 lapsi
813 5461 1207 5537 παραπλησίως
1239 5465 1268 5517 6
1299 5463 1449 5531 λαὸς,
1479 5463 1573 5517 καὶ
1598 5464 1802 5533 ὁμοίιος

281 5581 305 5615 ⁸
335 5580 480 5637 Psal.
512 5577 608 5642 9-5,
649 5591 688 5631 ι.
790 5577 812 5609 ⁹
845 5575 987 5633 Psal.
1019 5591 1156 5638 uti.
1189 5574 1274 5629 ll.

303 5673 399 5747 g9)
441 5671 577 5728 Hec
624 5669 696 5723 ita
742 5668 1403 5747 etpgimjtlliertvnynus,
1445 5687 1466 5721 ι
1495 5666 1797 5747 (ζει-ηεωυε

212 5747 263 5802 in
289 5737 441 5819 ’l‘y'ro
488 5737 1026 5819 exstructas_Christi
1061 5737 1325 5794 ecclesias
1348 5757 1363 5805 ;
1390 5741 1798 5819 consideremus

207 5809 353 5890 opes'
370 5814 651 5877 omnium,
677 5811 819 5882 quod
878 5826 984 5866 non
1043 5819 1396 5880 reponantur,
1442 5824 1542 5867 nec
1579 5809 1798 5865 thesau-

1910 4725 1958 4778 is
1980 4722 2067 4777 cui
2095 4723 2276 4778 debet.
2309 4741 2328 4776 ι
2363 4723 2691 4794 Prophetico
2716 4739 2870 4780 more
2895 4724 3317 4781 resurrectionis
3343 4740 3494 4781 mor-

1913 4826 2130 4870 tuorum
2163 4818 2380 4870 modum
2422 4816 2713 4886 signiﬁcat.
2742 4815 2877 4871 Cum
2905 4825 3088 4872 autem
3120 4815 3355 4871 revelata
3378 4813 3497 4872 fue-

1912 4906 2028 4962 rint
2063 4920 2128 4961 ea
2178 4921 2296 4974 qua:
2339 4907 2390 4961 in
2436 4915 2585 4962 terra
2641 4909 2862 4964 condita
2895 4922 3150 4978 corpora,
3204 4907 3296 4978 qui
3349 4907 3497 4978 judi-

1913 4999 2072 5054 εειηαί
2105 5009 2231 5054 sunt
2269 5010 2394 5055 ante
2433 4999 2670 5056 tribunal
2720 5001 2903 5072 magni
2964 4999 3183 5080 iudicis,
3213 5015 3281 5055 ex
3337 5014 3496 5070 aequo

1911 5111 2102 5151 omnes
2146 5097 2442 5164 sistentur,
2483 5097 2558 5152 ita
2599 5106 2660 5152 ut
2695 5097 2788 5166 qui
2843 5097 2974 5152 olim
3027 5097 3081 5152 in
3116 5096 3331 5153 mortali
3382 5097 3496 5154 vita

1912 5189 2117 5260 aliquid
2155 5188 2276 5260 plus
2313 5189 2438 5244 aliis
2469 5191 2673 5245 habere
2711 5188 3036 5245 videbantur
3059 5191 3179 5245 sive
3205 5188 3491 5255 dignitate,

1907 5279 2024 5334 sive
2051 5294 2272 5350 genere,
2296 5280 2414 5335 sive
2445 5279 2671 5343 divitiis,
2698 5278 2830 5333 nihil
2862 5278 3115 5333 differant
3147 5295 3176 5332 ιι
3208 5281 3496 5350 pauperio-

1908 5372 2082 5427 ribus.
2159 5371 2363 5428 Omnes
2425 5373 2573 5427 enirn
2628 5370 2913 5442 inqualith
2964 5371 3222 5425 tribunali
3284 5370 3492 5426 Christi

1909 5465 2191 5534 sistentur,
2224 5463 2452 5536 perinde
2486 5473 2545 5520 ut
2581 5462 2864 5528 sacerdos,
2910 5464 2986 5518 ita
3016 5472 3073 5517 et
3125 5469 3385 5534 populus,
3435 5474 3496 5520 et

1901 5671 2170 5798 riaegtur,
2208 5669 2306 5727 sed
2352 5670 2551 5727 dentur
2583 5669 2670 5727 liis
2712 5666 2811 5738 qui
2853 5665 3099 5723 habitant
3149 5678 3331 5722 coram
3377 5663 3489 5724 Do-

1901 5759 2014 5798 nnn
2054 5778 2070 5797 .
2095 5759 2114 5793 ι

1901 5759 2070 5799 mino.
2095 5759 2114 5793 l
