4100 6412
639 372 747 433 259

1330 362 1607 423 EUSEBll
1633 358 2107 421 cmsaarsnsrs
2144 357 2295 415 ore.
2336 353 2521 414 psus
2557 353 2646 411 nt.
2687 385 2760 398 —
2797 328 3217 413 exessum.

3792 349 3900 406 260

640 493 863 563 perinde
889 491 980 547 alii
1032 502 1243 555 omnes,
1296 488 1424 557 quia
1458 502 1563 543 non
1596 496 1681 543 est
1720 498 2072 557 personarum
2121 496 2209 537 ac-

2319 479 2537 543 πάντες·
2562 478 2685 532 ἐπεὶ
2714 479 2790 549 μή
2817 477 2934 529 ἐστι
2965 471 3390 548 προσωποληψία
3438 469 3590 543 παρά
3629 469 3712 541 τῷ
3754 470 3896 563 θεῷ.

642 584 821 654 eeptlo
858 583 1000 652 apud
1038 581 1223 637 Deum.
1282 580 1647 647 Quamobrem
1684 578 1824 647 apud
1862 576 1964 632 Job
2006 577 2209 631 dictum

642 685 773 729 est:
816 692 836 726 ι
868 673 1074 728 Parvus
1105 682 1158 727 et
1206 684 1434 740 magnus
1480 670 1591 724 illic
1636 678 1804 736 sunt,
1860 677 1918 723 et
1979 665 2213 723 famulus

643 780 749 818 non
784 774 1036 819 metuens
1082 760 1356 817 dominum
1402 774 1561 814 suum
1599 760 1661 812 “’.
1697 778 1717 811 ι

712 852 876 909 Vrsas.
906 854 961 919 5,
996 855 1049 906 4.
1098 870 1117 903 ι
1152 850 1511 920 Corruptione
1542 857 1925 920 corrumpetur
1953 858 2129 913 terra,
2157 856 2213 903 et

643 945 950 1015 direptione
995 942 1283 1012 diripietur
1313 952 1458 997 terra
1490 955 1504 994 :
1537 956 1598 997 os
1635 942 1780 997 enim
1832 939 2044 996 Domini
2079 940 2214 995 dixit

643 1038 777 1091 lure.
806 1035 966 1090 Luxit
997 1044 1163 1098 terra,
1193 1043 1248 1089 et
1299 1042 1590 1103 corruptus
1611 1044 1697 1089 est
1734 1033 1881 1089 orbis
1909 1051 1921 1086 :
1958 1031 2215 1087 luxerunt

642 1131 838 1187 excelsi
888 1139 1068 1185 terras.
1100 1148 1119 1182 ι
1148 1128 1281 1182 Nam
1316 1128 1520 1198 prolata
1566 1141 1663 1197 per
1701 1126 2017 1197 prophetam
2043 1139 2072 1179 a
2103 1124 2212 1180 Deo

641 1220 934 1283 sententia,
964 1224 1076 1274 haec
1100 1220 1413 1289 contingent
1447 1218 1537 1278 iis,
1585 1216 1677 1286 qui
1721 1217 1962 1287 peiorem
2008 1226 2210 1271 sortem

642 1314 787 1366 nacti
848 1313 1050 1367 fuerint
1085 1330 1097 1365 :
1132 1327 1265 1381 quos
1313 1311 1517 1365 terreni
1576 1324 1771 1364 sensus
1805 1324 1966 1364 causa
2013 1317 2211 1362 terram

638 1414 817 1459 vocat.
853 1402 1313 1469 Quemadmodum
1358 1400 1501 1455 enim
1532 1399 1659 1453 olim
1704 1399 1834 1453 Δάαι
1861 1398 2067 1453 dictum
2106 1407 2210 1462 est,

645 1513 664 1546 ι
701 1494 870 1548 Terra
901 1508 981 1556 es,
1018 1502 1069 1548 et
1099 1494 1148 1546 in
1183 1502 1381 1546 terram
1433 1490 1726 1548 reverteris
1757 1491 1798 1521 ’ί
1822 1530 1837 1556 ,
1872 1509 1890 1543 ι
1927 1490 2006 1544 sic
2038 1500 2093 1545 et
2147 1489 2211 1544 iis

639 1585 731 1654 qui
769 1594 1009 1654 tempore
1061 1570 1229 1637 divini
1284 1581 1496 1652 judicii,
1551 1579 1839 1651 voluptarii
1876 1588 1930 1635 et
1968 1581 2211 1650 corporis

640 1682 904 1739 amantes,
934 1687 996 1726 ac
1024 1671 1247 1740 proinde
1281 1672 1480 1724 terreni
1527 1680 1582 1725 et
1618 1670 1864 1725 carnales
1894 1670 2209 1739 deprehensi

640 1765 866 1830 fuerint,
901 1765 1265 1833 corruptionis
1306 1764 1629 1833 supplicium
1664 1762 2047 1815 comminatur.
2082 1764 2211 1828 Quae

642 1865 822 1909 autem
854 1855 924 1908 sit
964 1864 1107 1908 terra
1144 1854 1331 1923 lugens
1380 1864 1433 1907 et
1464 1854 1584 1923 quis
1625 1854 1775 1907 orbis
1806 1862 2112 1923 corruptus,
2155 1854 2205 1907 iu
2241 1827 2283 1887 Β

641 1944 991 2014 sequentibus
1020 1945 1288 2007 declarat,
1344 1962 1362 1993 ι
1397 1941 1672 1997 Luxerunt
1700 1942 1899 1996 excelsi
1950 1951 2144 1997 terrm:
2186 1963 2203 1995 ι

643 2033 741 2092 hos
774 2039 972 2105 quippe
1006 2038 1236 2088 maxime
1269 2036 1346 2088 ira
1391 2035 1481 2088 Dei
1515 2034 1750 2096 invadet,
1785 2034 2035 2103 quoniam
2065 2052 2083 2085 ι
2121 2049 2212 2089 su-

642 2131 823 2201 perbis
860 2130 1082 2193 resistit,
1139 2127 1432 2182 humilibus
1472 2138 1651 2181 autem
1692 2127 1785 2180 dat
1839 2126 2068 2193 gratiam
2102 2127 2204 2178 “.i

708 2307 873 2363 Vens.
906 2306 960 2362 5.
996 2324 1013 2358 ι
1052 2305 1219 2361 Terra
1260 2306 1372 2376 egit
1404 2305 1567 2372 impie
1607 2315 1828 2375 pr0pter
1875 2304 2210 2361 habitatores

640 2416 804 2457 suos:
842 2400 966 2468 quia
999 2400 1334 2469 pratvarieati
1366 2408 1490 2452 sunt
1520 2396 1689 2464 legem
1739 2397 1973 2462 Domini,
2004 2406 2057 2450 et
2098 2398 2210 2451 dis-

642 2498 959 2559 mpaverunt
1008 2498 1064 2543 et
1101 2496 1445 2541 mutaverunt
1490 2496 1779 2557 praecepta,
1825 2496 2206 2540 teatameutum

638 2593 927 2639 aternum.
976 2600 994 2632 ι
1035 2584 1233 2634 Omnes
1286 2581 1486 2648 quippe
1542 2579 1784 2633 homines
1817 2578 1903 2646 qui
1956 2592 1984 2629 a
2015 2577 2209 2633 saeculo

641 2674 829 2728 orbem
861 2673 1221 2735 incoluerunt,
1257 2671 1425 2725 Graeci
1480 2670 1636 2723 simul
1676 2680 1730 2725 et
1780 2670 2019 2734 barbari,
2053 2679 2212 2723 natu-

639 2764 738 2819 rali
773 2772 991 2833 accepta
1031 2763 1166 2831 lege,
1186 2770 1240 2816 et
1263 2772 1524 2830 prrecepta
1556 2760 1648 2814 Dei
1680 2760 1731 2813 in
1773 2759 2060 2814 an'lmabus
2098 2759 2210 2814 suis

640 2855 906 2923 insculpta
940 2856 1220 2919 habentes,
1249 2864 1405 2922 atque
1442 2861 1823 2907 testamentum
1859 2872 1885 2905 a
1927 2853 2125 2907 saeculo
2156 2853 2207 2906 in

638 2946 908 3000 communi
976 2946 1243 3013 cogitandi
1308 2946 1464 2997 modo
1516 2947 1937 3011 complectentes
1972 2961 1985 2996 :
2023 2950 2208 3007 postea

641 3034 734 3088 ubi
767 3050 827 3089 se
855 3037 1297 3103 peccatiscontra
1325 3046 1569 3087 naturam
1594 3032 1934 3094 dediderunt,
1954 3033 2211 3087 naturalis

2313 572 2405 625 Διὸ
2450 570 2668 643 εἴρηται
2910 566 2990 637 τῷ
3049 566 3202 620 Ἰώδ·
3256 584 3276 617 ι
3322 563 3536 637 Μικρὸς
3580 563 3677 617 καὶ
3722 561 3899 633 μέγας

2314 664 2430 717 ἐκεῖ
2480 663 2615 725 ἐστι,
2684 662 2779 714 καὶ
2826 659 3081 731 θεράπων
3130 657 3192 711 οὐ
3252 654 3504 719 δεδοικὼς
3558 653 3652 707 τὸν
3699 653 3897 726 κύριον

2313 751 2500 808 αὐτοῦ.
2544 772 2563 804 r

2388 865 2407 898 ‹
2457 845 2639 918 Φθορᾷ
2687 843 3023 916 φθαρήσεται
3061 844 3096 913 ή
3128 841 3223 913 γῆ,
3270 842 3364 895 καὶ
3405 840 3652 912 προνομῇ
3688 850 3892 909 προνο-

2316 935 2642 1008 μευθήσεται
2683 935 2718 1006 ὴ
2759 936 2853 1006 γῆ·
2901 935 2964 988 τὸ
3008 932 3117 1006 γὰρ
3173 932 3349 1003 στόμα
3400 930 3605 1004 Κυρίου
3659 929 3895 1000 έλάλησι

2313 1029 2503 1082 ταῦτα.
2552 1027 2879 1097 Ἐπένθησεν
2922 1028 2955 1097 ή
2994 1026 3065 1097 γῆ
3105 1025 3199 1079 καὶ
3237 1024 3448 1096 ἐφθάρη
3496 1026 3531 1095 ή
3563 1021 3893 1093 οἰκουμένη⁸

2314 1119 2617 1191 ἐπένθησαν
2638 1120 2686 1173 οἱ
2715 1118 2909 1189 ὑψηλοὶ
2938 1118 3038 1188 τῆς
3068 1118 3191 1189 γῆς.
3235 1136 3253 1168 ι
3294 1116 3479 1187 Φωνῆς
3508 1116 3616 1187 γὰρ
3645 1115 3897 1184 ἀποφαν-

2311 1212 2471 1283 τικῆς
2499 1211 2634 1265 Θεοῦ
2654 1210 2743 1265 διὰ
2772 1211 2867 1265 τοῦ
2914 1210 3189 1283 προφήτου
3236 1207 3677 1279 προενεχθείσης,
3719 1204 3895 1259 ταῦτα

2312 1301 2464 1356 ἔσται
2488 1305 2600 1366 τοῖς
2630 1302 2728 1372 τὴν
2766 1302 2985 1371 χείρονα
3026 1298 3177 1369 λῆξιν
3207 1296 3512 1368 είληχόσιψ
3555 1294 3650 1358 οὓς
3691 1294 3784 1347 διά
3830 1293 3897 1347 τὸ

2311 1394 2513 1465 γεῶδες
2556 1395 2810 1465 φρόνημα
2869 1393 2972 1463 γῆν
3021 1390 3297 1462 ὀνομάζει.
3350 1389 3561 1460 Ὠσπερ
3604 1386 3714 1459 γάρ
3761 1403 3893 1442 ποτε

2312 1482 2503 1555 ἐλέχθη
2528 1483 2604 1554 τῷ
2642 1483 2831 1555 Ἀδὰμ,
2869 1503 2887 1534 ι
2929 1482 3008 1553 Γῆ
3041 1477 3111 1545 εἴ,
3151 1481 3244 1534 καὶ
3274 1481 3354 1544 είς
3380 1480 3484 1549 γῆν
3521 1477 3823 1551 ἀπελεύσῃ,
3867 1496 3888 1532 ι

2310 1575 2453 1629 οῦτω
2480 1575 2697 1639 καὶτοῖς
2719 1574 2860 1629 κατὰ
2888 1575 2979 1628 τὸν
3000 1574 3190 1646 καιρὸν
3221 1572 3321 1643 τῆς
3350 1570 3442 1624 τοῦ
3472 1570 3608 1624 Θεοῦ
3654 1570 3893 1641 κρίσεως

2312 1668 2613 1739 φιληδόνοις
2659 1669 2753 1721 καὶ
2801 1667 3161 1738 φιλοσώμασι,
3208 1667 3303 1719 καὶ
3346 1664 3433 1719 διὰ
3471 1663 3629 1717 τοῦτο
3679 1666 3892 1735 γητνοις

2312 1763 2404 1815 καὶ
2431 1762 2706 1831 σαρκίνοις
2732 1759 3181 1832 εὐρεθησομένοις
3209 1761 3242 1829 ή
3267 1757 3562 1828 διαφθοράς
3592 1757 3891 1828 ήπείληται

2309 1854 2561 1923 τιμωρία.
2600 1854 2695 1915 Τίς
2728 1852 2783 1905 δέ
2810 1854 2956 1904 ἐστιν
2995 1854 3027 1922 ὴ
3065 1849 3334 1903 πενθοῦσα
3375 1848 3446 1919 γῆ
3480 1847 3573 1901 καὶ
3617 1846 3891 1918 φθαρεῖσα

2309 1946 2621 2015 οἰκουμένη,
2675 1945 2928 2013 διασαφεῖ
2980 1944 3291 2014 ἐπιφέρων·
3368 1962 3387 1994 ι
3461 1941 3801 2011 Ἐπένθησαν
3839 1941 3888 1993 οἱ

2311 2037 2501 2108 ὑψηλοὶ
2533 2038 2631 2108 τῆς
2679 2040 2813 2107 γῆς·
2861 2056 2879 2088 ι
2929 2036 3161 2106 μάλιστα
3227 2036 3337 2107 γὰρ
3405 2034 3628 2097 τούτους
3669 2037 3703 2105 ή
3749 2033 3887 2104 ὀργή

2309 2130 2402 2182 τοῦ
2427 2130 2561 2182 Θεοῦ
2584 2129 2987 2199 μετελεύσεται,
3020 2129 3142 2181 ἐπεὶ
3179 2148 3196 2178 ι
3238 2127 3606 2199 ὑπερηφάνοις
3633 2125 3891 2180 ἀντιτάσ-

2312 2241 2481 2287 σεται,
2509 2224 2780 2286 ταπεινοῖς
2802 2222 2858 2274 δὲ
2878 2222 3059 2274 δίδωσι
3094 2220 3272 2291 χάριν.
3305 2239 3323 2271 ι

2384 2333 2401 2365 ι
2441 2316 2503 2366 Ἡ
2521 2315 2591 2385 γῆ
2616 2315 2859 2383 ήνόμησε
2881 2313 2968 2367 διὰ
2988 2316 3114 2377 τοὺς
3143 2310 3530 2373 κατοικοῦντας
3545 2311 3734 2380 αὐτὴν⁸
3750 2310 3889 2364 διότι

2310 2408 2627 2478 παρέϐησαν
2665 2407 2755 2459 τὸν
2790 2407 2952 2476 νόμον
2998 2406 3204 2475 Κυρίου
3250 2407 3344 2459 καὶ
3387 2404 3761 2467 διεσκέδασαν,
3793 2401 3889 2474 ήλ-

2308 2494 2473 2559 λαξαν
2499 2494 2565 2546 τὰ
2596 2493 3008 2564 προστάγματα,
3040 2493 3305 2564 διαθήκην
3343 2493 3579 2546 αἰώνιον.
3621 2512 3639 2544 ι
3676 2492 3887 2555 Πάντες

2309 2586 2416 2655 γάρ
2450 2585 2722 2653 ἄνθρωποι
2755 2585 2803 2636 οί
2837 2583 2896 2647 ἐξ
2922 2582 3118 2647 αἰῶνος
3148 2586 3246 2655 τήν
3272 2584 3594 2655 οἰκουμένην
3626 2585 3887 2654 οἰκήσαν-

2308 2692 2417 2737 τες,
2442 2674 2701 2743 Ἕλληνες
2727 2673 2861 2744 ὁμοῦ
2893 2674 2987 2726 καὶ
3016 2673 3300 2745 βάρϐαροι,
3334 2676 3425 2727 τὸν
3456 2674 3681 2743 φυσικὸν
3714 2675 3882 2745 νόμον

2309 2765 2706 2837 παρειληφότες
2745 2767 2837 2817 καὶ⁵
2868 2769 2935 2818 τὰ
2978 2766 3373 2835 προστάγματα
3419 2767 3511 2820 τοῦ
3566 2766 3700 2819 Θεοῦ
3761 2767 3886 2828 ταῖς

2310 2859 2516 2910 ἑαυτῶν
2542 2858 2738 2926 ψυχαῖς
2774 2856 2984 2927 ἔχοντες
3022 2857 3468 2927 ἐγγεγραμμένα,
3518 2858 3617 2927 τήν
3662 2874 3721 2909 τε
3763 2855 3883 2910 δια·

2310 2951 2481 3021 θήκην
2502 2950 2597 3020 τὴν
2619 2949 2677 3014 ἐξ
2700 2949 2891 3012 αἰῶνος
2915 2951 2972 3001 ὲν
3000 2951 3119 3010 ταῖς
3164 2952 3371 3011 κοιναῖς
3402 2950 3633 3013 ἐννοίαις
3682 2949 3879 3001 ὑποδε-

2309 3040 2576 3111 δεγμένοι,
2606 3042 2835 3093 κᾶπειτα
2862 3040 3083 3101 ἑαυτοὺς
3112 3042 3223 3102 τοῖς
3253 3039 3405 3124 παρὰ
3440 3040 3599 3109 φύσιν
3633 3042 3885 3111 ἁμαρτή-

640 3125 778 3195 legis
810 3136 1232 3193 transgressores
1262 3124 1435 3179 etl‘ecti
1476 3134 1623 3178 sunt.
1693 3124 2051 3192 Quamobrem
2086 3126 2206 3191 jure

2312 3150 2441 3203 μασι
2472 3131 2845 3194 ὲκδεδωκότες,
2879 3130 3190 3201 παραϐάται
3219 3129 3315 3182 τοῦ
3350 3129 3581 3198 φυσικοῦ
3624 3132 3883 3199 γεγόνασι

642 3220 709 3270 ad
751 3216 979 3269 tribunal
1007 3216 1095 3268 Dei
1129 3218 1408 3283 sistentur,
1441 3216 1494 3270 in
1526 3216 1730 3284 judicio
1760 3217 2205 3286 transgressionis

642 3323 755 3364 sua:
788 3309 1047 3362 rationem
1082 3309 1282 3361 daturi.

713 3484 875 3539 Vsus.
917 3485 1071 3540 6-10.
1130 3503 1147 3536 t
1208 3486 1433 3556 Propter
1470 3490 1572 3545 hoc
1628 3489 1936 3547 maledictio
1994 3495 2206 3548 vorabit

643 3585 861 3640 terram,
919 3578 1171 3644 quoniam
1221 3590 1577 3647 peccaverunt
1633 3583 1723 3650 qui
1793 3583 2031 3639 incolunt
2063 3601 2203 3638 eam.

641 3666 763 3721 Ideo
795 3682 1055 3736 pauperes
1104 3679 1261 3722 erunt
1319 3670 1651 3728 habitatores
1715 3682 1894 3737 terrm,
1951 3686 2004 3729 et
2044 3676 2207 3729 relin-

640 3766 873 3826 quentur
902 3758 1141 3812 homines
1170 3761 1347 3827 pauci.
1378 3762 1605 3831 Lugebit
1641 3764 1847 3824 vinum.
1891 3766 2091 3836 lugebit
2132 3769 2209 3820 vi-

643 3862 782 3899 nea:
816 3846 1167 3916 ingemiscent
1215 3864 1405 3905 omnes
1467 3852 1557 3921 qui
1630 3852 1949 3908 ltetabantur
2004 3860 2205 3911 animo.

640 3936 889 3992 Cessavit
928 3940 1177 4007 gaudium
1240 3951 1639 4013 tympanorum,
1706 3950 1938 4004 cessavit
1978 3965 2079 4006 vox
2128 3954 2207 4006 ci-

647 4032 831 4083 tharae.
882 4032 1244 4098 Erubuerunt,
1298 4051 1401 4089 non
1452 4037 1706 4092 biberunt
1748 4042 1930 4094 vinum
1967 4060 1979 4094 :
2022 4058 2205 4097 amara

648 4121 788 4174 facta
827 4132 911 4175 est
954 4123 1121 4175 sicera
1158 4125 1464 4180 bibentibus
1496 4144 1508 4179 :
1544 4129 1783 4184 desolata
1808 4143 1891 4187 est
1916 4135 2092 4187 omnis
2135 4138 2212 4189 ci-

644 4214 814 4277 vitas;
850 4214 1060 4267 claudet
1090 4216 1302 4269 domum
1332 4231 1397 4269 ne
1423 4227 1601 4285 pateat
1633 4221 1927 4288 ingressus.
1962 4242 1979 4273 ι
2007 4225 2204 4289 Quem-

643 4304 935 4356 admodum
1010 4305 1061 4356 in
1130 4306 1392 4373 principio
1436 4308 1758 4373 creationis,
1826 4315 2058 4366 nondum
2117 4332 2209 4369 cx-

643 4394 864 4469 sislente
914 4404 1159 4460 peccato,
1225 4395 1499 4450 benedixit
1543 4398 1681 4451 Deus
1716 4400 2013 4465 hominem,
2046 4404 2122 4457 sic
2156 4414 2210 4459 et

2306 3226 2489 3294 νόμου.
2533 3224 2623 3275 Διὸ
2664 3224 2726 3292 δὴ
2767 3224 3004 3290 εὐλόγως
3046 3222 3491 3291 παραστήσονται
3534 3222 3611 3291 τῷ
3644 3222 3773 3291 θείῳ
3806 3222 3887 3275 δι-

2222 3380 2227 3383 _
2307 3316 2606 3386 καστηρίῳ,
2659 3314 3045 3385 κριθησόμενοι
3095 3313 3171 3377 ὡς
3227 3312 3386 3381 λόγον
3445 3312 3730 3383 ὑφέξοντες
3784 3314 3884 3384 τῆς

2306 3405 2513 3459 ἑαυτῶν
2548 3403 2928 3476 παραδάσεως.

2381 3517 2397 3547 ι
2437 3496 2533 3548 Διὰ
2563 3497 2717 3550 τοῦτο
2744 3497 2851 3567 ἀρὰ
2876 3497 3047 3549 ἔδεται
3077 3496 3175 3566 τὴν
3203 3495 3327 3566 γῆν,
3364 3494 3445 3547 ὅτι
3482 3492 3802 3564 ἡμάρτοσαν
3834 3494 3883 3544 οἱ

2306 3588 2683 3652 κατοικοῦντες
2736 3590 2921 3661 αὑτήν.
2966 3589 3064 3641 Διὰ
3105 3587 3267 3640 τοῦτο
3311 3587 3516 3655 πτωχοὶ
3565 3586 3777 3637 ἔσονται
3831 3585 3882 3636 οἱ

2306 3680 2637 3744 ἐνοικοῦντες
2662 3685 2718 3734 ὲν
2742 3684 2807 3751 τῇ
2838 3684 2929 3751 γῇ,
2972 3682 3065 3733 καὶ
3099 3677 3620 3749 καταλειφθήσονται
3668 3676 3883 3747 ἄνθρω-

2307 3790 2397 3824 ποι
2422 3773 2609 3839 ὀλίγοι.
2645 3774 2907 3841 Πενθήσει
2940 3769 3099 3837 οἶνος,
3145 3770 3403 3840 πενθήσει
3451 3769 3714 3839 ἄμπελος,
3761 3786 3883 3821 στε-

2307 3865 2523 3927 νάξουσι
2554 3864 2750 3926 πάντες
2779 3866 2827 3915 οἱ
2862 3864 3270 3935 εὐφραινόμενοι
3297 3863 3397 3932 τὴν
3422 3862 3620 3932 ψυχήν.
3659 3861 3883 3914 Πέπαυ-

2306 3973 2393 4007 ται
2425 3955 2727 4025 εὐφροσύνη
2760 3956 3076 4025 τυμπάνων,
3113 3954 3386 4007 πέπαυται
3429 3953 3578 4025 φωνή
3626 3952 3879 4023 κιθάρας.

2320 4048 2712 4119 ᾙσχύνθησαν,
2761 4049 2860 4100 οὐκ
2899 4049 3079 4101 ἔπινον
3118 4044 3289 4099 οἶνονο
3329 4046 3524 4117 πικρὸν
3568 4046 3779 4113 ἐγίνετο
3822 4044 3883 4097 τὸ

2310 4138 2501 4207 σίκερα
2537 4141 2648 4200 τοῖς
2678 4138 2950 4192 πίνουσιν’
2985 4136 3252 4209 ἠρημώθη
3285 4139 3435 4191 πᾶσα
3458 4137 3641 4199 πόλιςι
3676 4137 3883 4191 κλείσει

2308 4231 2481 4283 οἰκίαν
2527 4230 2619 4282 τοῦ
2676 4231 2747 4299 μὴ
2779 4230 3059 4283 εἰσελθεῖν.
3102 4247 3118 4280 ι
3155 4229 3366 4301 Ὥσπερ
3406 4230 3460 4283 δὲ
3499 4231 3555 4281 έν
3599 4230 3741 4301 ἀρχῇ
3784 4231 3884 4300 τῆς

2308 4323 2678 4390 κοσμοποιίας,
2713 4322 2878 4391 μήπω
2913 4321 3184 4393 ἁμαρτίας
3210 4322 3544 4391 ὑποστάσης,
3576 4321 3883 4392 ηὑλόγησεν

2307 4415 2334 4465 ὁ
2361 4412 2490 4475 Θεὸς
2517 4414 2605 4465 τὸν
2638 4414 2943 4484 ἄνθρωπον,
2981 4414 3153 4477 οὕτως
3184 4415 3278 4467 ἐπὶ
3304 4413 3582 4484 συντελείᾳ
3618 4412 3727 4465 τῶν
3755 4412 3885 4465 αἰώ-

642 4486 697 4537 in
738 4486 1199 4538 consummatione
1237 4487 1577 4541 saeculorum.
1629 4487 1814 4559 Neque
1844 4493 1985 4545 enim
2018 4510 2205 4550 omnes

2307 4523 2429 4558 νων.
2474 4506 2605 4557 Οὐδὲ
2646 4506 2753 4575 γάρ
2793 4506 2999 4567 πάντας
3040 4504 3314 4570 στενάξειν
3355 4507 3489 4574 φησ).
3528 4506 3651 4569 τοὺς
3697 4507 3756 4556 ὲν
3803 4506 3882 4575 τῷ

3460 4576 3465 4587 ί
3857 4574 3863 4575 “
3874 4574 3900 4593 Ο

644 4577 699 4629 in
756 4578 1007 4646 praesenti
1052 4578 1159 4631 vita
1214 4590 1495 4635 versantes
1568 4583 1922 4652 ingemituros
1961 4588 2056 4651 ait,
2110 4592 2202 4643 sed

643 4677 850 4721 tantum
873 4683 989 4731 eos,
1013 4670 1102 4738 qui
1130 4671 1179 4723 in
1216 4670 1320 4724 lata
1361 4684 1413 4727 et
1442 4678 1673 4744 spatiosa
1718 4677 1803 4730 via
1846 4679 2203 4746 incesserunt,

640 4759 736 4827 qui
768 4763 1164 4829 computatione
1198 4770 1253 4816 et
1293 4763 1415 4819 luxu
1450 4782 1548 4821 sua
1587 4770 1768 4822 omnia
1795 4770 2159 4840 dilapidarunt
2189 4796 2202 4830 :

638 4854 734 4922 qui
775 4870 880 4907 non
908 4853 1048 4907 ultra
1092 4854 1458 4924 voluptatibus
1501 4859 1795 4926 fruuntur,
1851 4866 1945 4919 sed
1989 4867 2053 4922 de
2090 4877 2205 4920 tur-

641 4944 798 5012 pibus
838 4958 900 4997 ac
933 4944 1156 4999 nefariis
1191 4948 1357 5015 gestis
1395 4950 1509 5003 suis
1548 4953 1801 5017 convicti,
1856 4955 2060 5024 pudore
2090 4958 2206 5011 suf-

640 5030 959 5086 l'nnduntur.
996 5034 1317 5105 Plerumque
1350 5048 1528 5093 autem
1554 5040 1860 5113 Theologus
1878 5046 2059 5099 vinum
2092 5063 2203 5101 me-

643 5137 879 5185 morans,
938 5124 1215 5179 hominum
1256 5127 1581 5196 voluptatem
1645 5133 2029 5204 subindicavit,
2093 5141 2205 5193 sive

644 5217 941 5269 mercedem
970 5216 1205 5283 malitiae,
1238 5230 1398 5289 atque
1429 5223 1621 5277 animae
1659 5235 1957 5293 veternum,
1985 5230 2076 5299 qui
2110 5246 2205 5284 co-

640 5308 957 5374 gitationum
990 5320 1257 5363 rectarum
1302 5320 1354 5365 et
1399 5317 1723 5370 naturalium
1756 5321 2018 5375 rationem
2049 5337 2203 5377 ever-

644 5398 725 5453 tit.
755 5397 866 5464 Qua
902 5400 1161 5457 ebrietate
1212 5405 1364 5472 quasi
1416 5407 1734 5475 evigilantes
1764 5413 1856 5479 qui
1915 5423 2039 5468 tunc
2076 5430 2203 5482 sup-

644 5487 802 5550 plicio
853 5487 1189 5557 adicientur,
1262 5508 1421 5549 voces
1492 5506 1546 5549 et
1616 5497 1879 5555 clamores
1946 5501 2198 5571 lugubres

642 5574 926 5633 eﬂ'undcnt.

715 5754 868 5810 “Joh
898 5758 1077 5826 "1,19.
1141 5762 1177 5791 ¹¹
1201 5760 1334 5815 Gen.
1370 5779 1449 5828 Ill,
1485 5765 1561 5818 l9.
1643 5767 1683 5797 "
1715 5765 1896 5824 Iacob.
1920 5787 1991 5837 tv,
2016 5772 2067 5824 6.

2313 4598 2533 4667 παρόντι
2573 4598 2689 4667 βίῳ,
2718 4597 2887 4666 ἀλλ’ἢ
2919 4600 3045 4660 τοὺς
3071 4598 3168 4667 τὴν
3194 4598 3452 4650 πλατεῖαν
3494 4600 3587 4651 καὶ
3634 4598 3881 4670 εὐρύχω-

2314 4705 2402 4759 ρον
2426 4688 2747 4751 ὡδευκότας,
2781 4688 3145 4757 οίνοφλυγὶαις
3172 4689 3265 4742 καὶ
3285 4689 3543 4752 ἀσωτίαις
3569 4690 3637 4744 τά
3670 4692 3883 4744 ἑαυτῶν

2308 4781 2778 4850 κατατρίψανταςο
2840 4783 2887 4833 οἱ
2937 4782 3030 4833 καὶ
3083 4780 3278 4851 μηκέτι
3344 4779 3558 4851 ἔχοντες
3604 4782 3703 4853 τὴν
3774 4785 3884 4837 τῶν

2306 4872 2504 4941 ἡδονῶν
2550 4872 2877 4924 ἀπόλαυσιν·
2938 4870 3071 4923 ἀλλὰ
3112 4873 3205 4924 καὶ
3266 4870 3609 4941 ἐλεγχόμενοι
3660 4874 3746 4942 ἐφ’
3794 4870 3885 4939 αἷς

2304 4962 2541 5033 ἔπραξαν
2573 4965 2821 5034 αἰσχραῖς
2860 4965 2951 5016 καὶ
2978 4963 3258 5033 ἀθεμίτοις
3296 4963 3577 5035 πράξεσιν,
3619 4966 3886 5037 αἰσχύνην

2312 5056 2721 5125 καταχεοῦνται.
2756 5055 3021 5118 Πολλάκις
3054 5056 3109 5109 δὲ
3146 5058 3173 5107 ὁ
3200 5055 3461 5123 Θεολόγος
3497 5056 3640 5108 οίνου
3670 5076 3884 5128 μνημοο

2310 5147 2520 5210 νεύσας,
2540 5146 2633 5217 τὴν
2659 5147 2765 5199 τῶν
2792 5147 3089 5215 ἀνθρώπων
3127 5148 3335 5218 τρυφὴν
3364 5146 3597 5217 ᾐνίξατο,
3627 5149 3659 5218 ἧ
3696 5150 3758 5201 τὸ
3790 5154 3885 5222 τῆς

2309 5237 2505 5299 κακίας
2531 5236 2785 5307 μίσθωμα
2818 5238 2909 5290 καὶ
2940 5250 3031 5290 τον
3058 5237 3158 5307 τῆς
3187 5237 3364 5307 ψυχῆς
3391 5237 3577 5308 κάρον,
3603 5243 3887 5312 παρατρέ-

2308 5346 2475 5381 ποντα
2506 5330 2604 5399 τὴν
2634 5329 2868 5383 διάνοιαν
2914 5330 3021 5383 τῶν
3064 5330 3239 5401 ὀρθῶν
3273 5330 3367 5382 καὶ
3415 5329 3557 5383 κατὰ
3596 5330 3760 5399 φύσιν
3796 5333 3885 5386 λο-

2306 5422 2546 5492 γισμῶν·
2581 5417 2641 5476 οὗ
2684 5422 3028 5494 μεθύσματος
3068 5425 3257 5495 ὥσπερ
3301 5422 3657 5494 διανήψαντες
3678 5425 3729 5477 οἱ
3766 5427 3887 5479 τότε

2306 5511 2693 5583 κολαζόμενοι,
2775 5513 2956 5580 φωνὰς
3034 5514 3309 5585 ἀφήσουσι
3390 5513 3485 5566 καὶ
3562 5512 3694 5583 βοὰς
3769 5532 3889 5568 πεν-

2306 5601 2481 5666 θικάς.
