4100 6428
184 380 275 438 liii

1129 377 1640 442 COMMENTARIA
1684 375 1750 432 IN
1789 372 2048 431 ISMAM.
2090 405 2160 415 —
2195 374 2350 431 CAP.
2389 372 2579 432 XXIV.

254 515 275 547 ι
333 496 672 565 Ὀλολύζετε
699 497 828 571 περὶ
857 496 949 551 τοῦ
985 498 1132 551 οτνου
1171 499 1422 568 πανταχῆ
1451 514 1464 526 ο
1519 498 1792 550 πέπαυται

1978 489 2145 545 Vens.
2181 491 2362 548 H-l3.
2393 508 2429 543 ο
2450 490 2658 547 Ululate
2688 506 2788 563 pro
2813 492 2943 548 vino
2970 494 3174 566 tibique
3215 511 3230 547 :
3263 501 3506 556 cessavit

183 593 332 647 πᾶσα
355 593 712 664 εὐφροσύνη,
753 590 963 664 ἀπῆλθε
1005 594 1159 647 πᾶσα
1197 592 1509 663 εὐφροσύνη
1553 595 1654 664 τῆς
1682 593 1806 661 γῆς.

184 679 284 734 Καὶ
319 681 866 752 καταλειφθήσονται
898 680 1084 744 πόλεις
1113 681 1336 753 ἔρημοι,
1364 681 1462 735 καὶ
1486 676 1628 734 οἶκοι
1650 683 1811 749 ὲγκαο

180 773 619 844 ταλελειμμένοι
653 772 1000 828 ἀπολοῦνται.
1038 772 1228 829 Ταῦτα
1256 772 1437 826 πάντα
1465 773 1618 826 ἔσται
1649 775 1708 826 ὲν
1739 776 1807 844 τῇ

182 867 272 936 γῇ,
294 867 354 918 ἐν
387 866 555 937 μέσῳ
582 865 698 919 τῶν
724 864 916 920 ἐθνῶν.
945 867 1042 920 Ὃν
1073 866 1276 937 τρόπον
1311 863 1410 918 ἐάν
1436 883 1523 929 τις
1565 866 1810 936 καλαμή-

185 973 342 1026 σηται
381 957 613 1022 ἐλαίαν,
651 953 825 1020 οὕτως
853 957 1267 1028 καλαμήσονται
1297 956 1497 1021 αὐτούς
1537 973 1552 988 ο
1585 958 1680 1011 καὶ
1709 956 1806 1010 ὲάν

183 1047 471 1120 παύσηται
515 1050 550 1102 ὁ
593 1048 892 1120 τρυγητός.
938 1065 960 1100 ι
1011 1048 1101 1111 Ὠς
1136 1047 1342 1118 μηδένα
1383 1047 1806 1119 περιλειφθῆναι

182 1139 289 1192 τῶν
321 1139 579 1205 ἀσεϐῶν,
623 1139 762 1193 ἀλλά
809 1141 905 1194 καὶ
948 1139 1144 1211 μέχρις
1187 1139 1309 1204 ἑνὸς
1344 1139 1443 1212 τὴν
1482 1141 1669 1212 κρίσιν
1710 1139 1804 1194 τοῦ

182 1232 315 1286 Θεοῦ
348 1232 669 1304 μετελθεῖν.
712 1233 798 1298 Ὠς
828 1233 938 1304 γάρ
983 1234 1031 1285 0i
1077 1232 1173 1284 τὸν
1207 1235 1310 1303 τῆς
1355 1233 1548 1298 ἐλαίας
1591 1234 1804 1304 καρπὸν

183 1324 592 1394 ἀναλεγόμενοι
623 1323 889 1394 καλάμοις
906 1321 1129 1375 εἰώθασι
1157 1319 1472 1393 διακρούειν
1505 1323 1603 1375 καὶ
1631 1338 1801 1375 καταο

184 1414 367 1470 ϐαλεῖν
408 1414 590 1486 μέχρι
638 1414 732 1468 καὶ
779 1417 930 1486 μιᾶς,
965 1412 1123 1466 εἵπου
1158 1413 1561 1484 περιλειφθείη,
1594 1413 1689 1466 καὶ
1727 1414 1803 1477 ὼς

187 1506 327 1577 μετά
384 1507 483 1560 τὸν
541 1506 817 1577 τρυγητὸν
878 1505 1192 1568 ἐπανιόντες
1237 1503 1383 1568 τινὲς
1443 1504 1802 1572 ἀναλέγονται

187 1600 369 1670 ρὦἀς
399 1617 572 1662 τινας
595 1598 818 1670 βραχεῖς
841 1597 873 1668 ἢ
897 1598 1131 1670 βότρυας
1156 1599 1285 1662 τοὺς
1306 1597 1794 1669 παραλειφθένταςο

183 1692 273 1744 τὸν
308 1692 484 1745 αὐτὸν
513 1691 726 1762 τρόπον
761 1693 854 1745 καὶ
896 1692 1020 1755 τοὺς
1057 1690 1282 1753 ἀσεϐεῖς
1315 1687 1666 1754 ἀναλέξονται
1705 1691 1798 1743 καὶ

188 1783 381 1852 μέχρις
403 1783 556 1847 ἑνὸς,
576 1784 653 1846 ὡς
672 1782 872 1854 μηδένα
889 1782 1174 1852 διαφυγεῖν
1197 1781 1298 1852 τὴν
1323 1781 1416 1835 τοῦ
1432 1778 1570 1833 Θεοῦ
1593 1780 1795 1852 κρίσιν.

1913 584 2096 638 omnis
2135 583 2342 647 laetitia,
2386 584 2642 640 discessit
2671 585 2854 640 omnis
2880 585 3278 644 laetitia-terrm.
3315 589 3382 644 Et
3412 604 3505 648 ro-

1913 670 2228 742 linquentur
2262 675 2425 728 urbes
2457 674 2708 738 deserta‘,
2737 685 2794 728 et
2823 675 3018 731 domus
3057 677 3336 735 derelictae
3380 695 3507 750 per-

1913 762 2090 820 ibunt.
2135 763 2264 819 llaec
2317 765 2498 818 omnia
2543 775 2706 820 erunt
2764 764 2816 819 in
2855 774 3022 834 terra,
3067 768 3120 823 in
3156 770 3337 825 medio
3367 785 3503 841 gen-

1913 855 2068 911 tium.
2101 854 2568 922 Quemadmodum
2623 857 2669 912 si
2725 857 2849 926 quis
2880 861 3126 914 excutiat
3156 861 3382 927 olivam,
3423 864 3505 920 sic

1909 948 2190 1001 excutient
2239 947 2421 1017 ipsos;
2456 957 2514 1002 et
2553 947 2599 1001 si
2643 947 2889 1017 quiescat
2921 950 3216 1005 vindemia.
3260 967 3280 1004 ι
3319 951 3397 1007 Ita
3445 961 3506 1008 ut

1910 1038 2090 1093 nullus
2124 1039 2415 1109 impiorum
2447 1039 2702 1094 residuus
2743 1039 2845 1104 sit,
2891 1040 2986 1095 sed
3035 1042 3103 1095 ad
3133 1057 3297 1096 unum
3329 1059 3504 1115 usque

1906 1144 2099 1184 omnes
2120 1130 2386 1199 judicium
2423 1130 2518 1184 Dei
2550 1130 2804 1184 subeant.
2840 1129 3314 1198 Quemadmodum
3348 1139 3502 1193 enim

1907 1222 1998 1290 qui
2031 1223 2188 1276 olivm
2221 1220 2457 1275 fructum
2494 1222 2782 1292 colligunt,
2841 1225 3064 1292 perticis
3120 1225 3297 1282 solent
3339 1227 3502 1284 oliva:

1905 1330 2073 1384 grana
2101 1325 2360 1371 excutere
2401 1330 2467 1370 ac
2504 1313 2744 1384 dejicere
2782 1330 2955 1384 usque
2987 1317 3054 1371 ad
3101 1332 3288 1381 unum,
3317 1319 3500 1374 sicubi

1906 1407 2316 1476 derelinquatur
2345 1422 2360 1459 :
2394 1421 2459 1460 ac
2489 1407 2946 1476 quemadmodum
2987 1417 3114 1477 post
3139 1410 3498 1478 vindemiam,

1907 1510 2249 1554 revertentes
2294 1500 2514 1570 quidam
2555 1514 2753 1571 parvos
2777 1503 2966 1557 acinos
2985 1513 3040 1558 et
3079 1519 3210 1557 uvas
3247 1505 3499 1562 residuas

1905 1591 2199 1660 coiligunt,
2243 1592 2318 1646 ita
2353 1602 2408 1648 et
2439 1593 2632 1664 impios
2661 1595 2917 1666 colligent
2973 1612 3146 1664 usque
3185 1599 3255 1654 ad
3288 1614 3492 1668 unum;

1904 1683 1977 1737 ita
2010 1695 2068 1738 ut
2104 1685 2370 1755 judicium
2416 1685 2510 1741 Dei
2546 1701 2706 1741 nemo
2746 1687 3112 1758 subterfugiat

255 1849 482 1928 (0610:.
543 1876 644 1948 βοῇ
672 1849 1038 1946 *φωνήσουσιν
1068 1849 1102 1926 ἰ
1139 1849 1296 1936 Τίνες
1338 1873 1392 1926 δὲ
1434 1866 1582 1925 οὗτοι
1616 1849 1731 1926 ἀλλ’
1762 1872 1792 1942 ἢ

1971 1863 2137 1920 Vsus.
2172 1866 2259 1921 Η.
2294 1883 2312 1917 ι
2337 1865 2400 1920 lli
2427 1867 2664 1923 clamore
2696 1869 3159 1924 Vociferabuntur.
3197 1890 3218 1922 ι
3257 1870 3492 1938 Quinam

182 1969 229 2020 οί
251 1968 348 2020 τοῦ
379 1969 708 2040 κρείττονος
740 1969 1054 2039 τάγματος;
1087 1963 1212 2020 Εἶεν
1259 1966 1304 2019 δ’
1338 1966 1403 2018 ἂν
1441 1961 1588 2018 οὗτοι
1622 1965 1671 2017 ei
1698 1965 1797 2034 τῆς

183 2057 333 2130 παρὰ
371 2059 501 2130 Θεῷ
557 2060 976 2130 μεγαλειότητος
1018 2059 1333 2130 ἠξιωμένοι.
1383 2077 1398 2108 ι
1444 2059 1507 2110 Oi
1537 2057 1593 2110 δὲ
1627 2075 1794 2109 κατα-

182 2151 503 2220 λειφθέντες
544 2155 642 2205 ὲπὶ
665 2152 762 2222 τῆς
791 2152 896 2221 γῆς
928 2151 1395 2221 εὐφρανθήσονται
1427 2149 1543 2219 ἅμα
1574 2151 1638 2218 τῇ
1668 2147 1794 2218 δόξῃ

183 2244 391 2316 Κυρίου
413 2261 427 2274 ·
471 2245 885 2315 ταραχθήσεται
920 2245 982 2296 τὸ
1017 2244 1159 2313 ὕδωρ
1201 2244 1301 2314 τῆς
1335 2242 1636 2312 θαλάσσης.
1680 2261 1698 2292 ι
1731 2243 1794 2294 Οί

183 2337 236 2389 δὲ
261 2338 361 2408 τῆς
397 2337 630 2409 μερίδος
669 2338 944 2408 γενόμενοι
988 2335 1082 2390 τοῦ
1129 2336 1266 2389 Θεοῦ
1320 2334 1792 2406 εὐφρανθήσονται

184 2429 299 2498 ἀμα
328 2433 399 2502 τῇ
435 2429 572 2502 δόξῃ
606 2428 700 2482 τοῦ
751 2430 954 2501 Κυρίου
975 2446 987 2458 ·
1019 2429 1142 2481 τότε
1177 2428 1288 2499 γὰρ
1324 2429 1486 2491 αὐτὸς
1518 2429 1549 2480 ὁ
1588 2427 1793 2498 Κύριος

185 2523 474 2577 ἐλεύσεται
509 2525 572 2576 ὲν
597 2525 664 2594 τῇ
695 2521 819 2594 δόξῃ
851 2522 944 2575 τοῦ
983 2523 1196 2593 [ἰατρὸς
1237 2520 1406 2574 αὐτοῦ
1450 2521 1589 2592 μετὰ
1629 2520 1791 2572 δυνά-

189 2631 331 2683 μεως
359 2615 462 2667 καὶ
493 2613 659 2684 δόξης
691 2613 908 2684 πολλῆς.
967 2613 1092 2666 Ἐπὶ
1127 2612 1300 2684 ταύτῃ
1350 2611 1528 2664 τοίνυν
1563 2614 1628 2680 τῇ
1666 2609 1792 2680 δόξῃ

184 2703 277 2756 τοῦ
325 2704 548 2758 ἑαυτῶν
605 2703 808 2774 Κυρίου
863 2703 1335 2774 εὐφρανθήσονται
1383 2703 1432 2754 οί
1483 2702 1652 2754 πάλαι
1708 2703 1792 2764 εἰς

186 2795 347 2848 αὐτὸν
373 2795 700 2865 ἠλπικότες.
751 2793 896 2846 Ἀντί
936 2794 993 2845 δὲ
1034 2793 1149 2854 τοῦ,
1206 2813 1223 2844 ι
1278 2791 1694 2864 Ταραχθήσεται
1731 2792 1792 2844 τὸ

188 2882 330 2955 ὕδωρ
355 2885 459 2956 τῆς
486 2884 787 2955 θαλάσσης,
829 2903 847 2935 ι
888 2901 907 2935 ι
943 2885 1194 2954 Ίιχησαν
1229 2882 1399 2938 ὕδατα
1431 2883 1729 2952 θαλάσσης,
1766 2901 1784 2932 i

187 2975 484 3030 Θεοδοτίων
505 2976 842 3047 ἡρμήνευσε,
866 2975 1144 3046 σημαίνων
1162 2976 1222 3027 τὺ
1248 2975 1476 3045 μέγεθος
1499 2977 1596 3045 τῆς
1621 2975 1786 3045 ζωῆς,

190 3062 221 3140 ᾖ
255 3069 556 3140 χρῄζονται
588 3070 640 3121 οἱ
667 3068 979 3135 δοξάζοντες
1021 3070 1114 3122 τὸν
1155 3069 1363 3122 ἑαυτῶν
1398 3071 1629 3139 Κύριονο
1671 3069 1790 3139 ἤχῳ

188 3161 294 3232 γὰρ
326 3163 615 3232 θαλάσσης
641 3161 1122 3233 παραϐληθήσεται
1154 3161 1334 3215 αὐτῶν
1364 3163 1396 3231 ἡ
1433 3163 1606 3230 φωνή.

261 3272 280 3306 t
322 3255 427 3309 Διά
456 3254 623 3307 τοῦτο
657 3255 690 3324 ὴ
719 3254 845 3320 δόξα
886 3254 1090 3325 Κυρίου
1123 3256 1181 3306 ἐν
1227 3255 1348 3316 ταῖς
1397 3255 1577 3324 νήσοις
1634 3254 1787 3310 ἔσται

189 3346 284 3418 τῆς
314 3347 623 3416 θαλάσσης.
663 3363 681 3396 ι
719 3347 850 3409 Ταῖς
893 3346 1245 3416 Ἐκχλησίαις
1291 3344 1490 3417 δηλαδὴ
1529 3351 1650 3410 ταῖς
1693 3363 1788 3417 με-

189 3437 318 3503 ταξύ
366 3438 542 3491 πάλαι
582 3437 694 3491 τῶν
744 3437 987 3490 ἀπίστων
1045 3438 1247 3499 ἐθνῶν,
1299 3436 1488 3508 ὥσπερ
1527 3439 1585 3490 ἐν
1634 3439 1788 3510 μέσῳ

189 3528 487 3601 θαλάσσης,
517 3529 981 3599 ἀπειλημμέναις,
1003 3528 1087 3598 ἐφ’
1106 3528 1172 3592 ἀς
1205 3531 1236 3598 ή
1271 3528 1398 3592 δόξα
1429 3532 1634 3600 Κυρίου
1662 3534 1784 3584 ἑπι-

186 3620 392 3693 λὰμψει
419 3622 565 3674 τότε.
602 3637 622 3671 ι
646 3620 720 3673 Τὸ
742 3620 909 3689 ὐνομα
939 3621 1146 3691 Κυρίου
1170 3619 1377 3684 ἔνδοξον
1409 3619 1579 3674 ἔσται.
1613 3622 1789 3692 Κύριε

183 3713 213 3764 ὸ
236 3713 372 3777 Θεὸς
416 3711 659 3784 Ἰσραὴλ,
687 3711 796 3764 ἀπὸ
829 3710 936 3764 τῶν
981 3711 1268 3781 πτερύγιον
1303 3711 1402 3780 τῆς
1433 3715 1535 3782 γῆς
1580 3714 1786 3785 τέρατα

185 3803 480 3874 ἠκούομεν,
509 3803 670 3864 ιλπὶς
701 3800 779 3872 τῷ
805 3799 1039 3855 εὐσεϐεῖ.
1077 3803 1232 3854 Κατά
1261 3800 1318 3854 δὲ
1353 3801 1444 3854 τὸν
1488 3804 1786 3874 Σύμμαχον

183 3897 276 3950 καὶ
306 3896 669 3954 Θεοδοτίωνα.
697 3912 716 3945 ι
750 3896 884 3948 Ἀπὸ
915 3893 1024 3946 τῶν
1053 3890 1342 3965 πτερύγων
1385 3895 1482 3964 τῆς
1512 3899 1616 3966 γῆς
1647 3896 1788 3965 ψαλ-

190 3989 319 4056 μούς
365 3987 723 4059 ἠκούσαμεν·
767 4005 786 4036 ι
822 3985 966 4040 κατά
1005 3985 1062 4038 δὲ
1101 3985 1192 4038 τὸν
1259 3984 1509 4048 Ἀκύλαν,
1546 4005 1563 4037 ‹
1607 3986 1784 4056 μελῳ-

185 4077 316 4143 δίας.
367 4100 387 4131 ι
433 4082 496 4134 Οἱ
529 4080 644 4149 γὰρ
677 4081 776 4148 τῆς
814 4077 1029 4149 μερίδος
1073 4078 1167 4130 τοῦ
1217 4076 1374 4139 Θεοῦ,
1425 4077 1522 4148 τὴν
1564 4077 1782 4132 δικαίαν

185 4172 347 4226 αὐτοῦ
388 4172 572 4244 κρίσιν
604 4169 1110 4242 ἀποθαυμάζοντες,
1141 4170 1530 4240 εὐφραίνονται
1567 4171 1682 4240 ἅμα
1717 4175 1782 4242 τῇ

185 4261 308 4334 δόξῃ
344 4261 440 4315 τοῦ
494 4260 728 4331 Κυρίου.
767 4261 862 4313 καὶ
909 4259 1325 4330 εὐφραινόμενοι
1375 4257 1578 4328 ὕμνους
1632 4261 1783 4330 αὐτῷ

188 4353 274 4404 καὶ
310 4350 640 4421 ψαλμῳδίας
685 4349 1134 4419 εὐχαριστηρίους
1180 4347 1620 4417 ἀναπέμπουσιν.
1667 4344 1783 4402 Εἶτ’

186 4442 450 4510 ἐπιλέγει,
486 4461 504 4492 ι
562 4441 748 4502 Ἐλπὶς
768 4439 843 4510 τῷ
872 4437 1100 4491 εὐσεϐεῖ.
1136 4457 1152 4487 ι
1200 4437 1417 4507 Ἐπειδὴ
1444 4440 1553 4509 γὰρ
1583 4439 1650 4491 τὰ
1670 4442 1782 4504 τοῖς

186 4535 408 4588 ἀσεϐέσι
440 4532 661 4605 διῆλθεν
684 4532 1043 4603 ηπειλημένα,
1088 4529 1216 4600 ἑξῆς
1260 4530 1388 4600 περὶ
1422 4533 1518 4600 τῆς
1565 4531 1782 4603 μερίδος
1818 4559 1858 4613 D

187 4630 279 4698 τῆς
321 4626 460 4681 Θεοῦ
503 4627 805 4696 ἐπήγαγεν,
853 4623 928 4685 ὡς
971 4641 989 4673 ι
1034 4620 1514 4692 Εὐφρανθήσονται
1559 4622 1676 4692 ἅμα
1712 4625 1780 4693 τῇ

187 4719 312 4790 δόξῃ
337 4719 574 4790 Κυρίου,
607 4735 625 4767 ι
651 4715 748 4771 καὶ
767 4715 842 4778 ὡς
881 4733 899 4764 ι
948 4714 1009 4766 Ἦ
1030 4711 1158 4776 δόξα
1201 4711 1410 4783 Κυρίου
1447 4714 1504 4766 ἐν
1539 4715 1658 4777 ταῖς
1689 4715 1783 4785 νή-

189 4828 298 4876 σοις
323 4812 482 4864 ἐσται
502 4827 517 4839 ·
557 4828 575 4861 ι
615 4808 691 4871 ὡς
715 4808 778 4879 δὴ
801 4806 899 4878 τὴν
917 4804 1315 4876 δικαιοκρισίαν
1352 4802 1447 4856 τοῦ
1486 4805 1621 4857 Θεοῦ
1659 4823 1784 4858 πα-

189 4904 485 4973 ραστήσας,
548 4897 857 4964 ἀκολούθως
922 4897 1170 4967 ἐπήγαγε
1217 4895 1312 4948 τόδ
1377 4914 1394 4944 ι
1474 4896 1660 4960 Ἐλπὶς
1703 4897 1783 4968 τῷ

187 4994 422 5048 εὐσεϐεῖ·
472 5013 490 5044 ο
524 4991 693 5044 παντὶ
721 4990 825 5061 γὰρ
847 4989 1039 5057 δικαίῳ
1064 4987 1158 5040 καὶ
1197 4985 1412 5039 εὐσεϐεῖ
1441 4987 1594 5058 ἀνδρὶ
1623 4985 1782 5051 ἐλπὶς

187 5086 363 5158 ἀγαθὴ
394 5083 682 5155 σωτηρίας
707 5082 1015 5134 ἀπόκειται.

256 5198 278 5232 ι
309 5180 422 5233 Καὶ
457 5173 682 5249 ἐροῦσι·
727 5173 862 5225 Οὐαὶ
908 5175 1020 5233 τοῖς
1066 5169 1344 5233 ἀθετοῦσι,
1376 5171 1425 5222 oi
1456 5169 1781 5234 ἀθετοῦντες

185 5273 272 5330 τὸν
304 5272 506 5344 νόμον*
548 5288 577 5342 ι.
599 5266 740 5321 κατὰ
783 5266 879 5336 μὲν
903 5264 994 5317 τὸν
1030 5263 1259 5317 ’Δκύλαν
1285 5264 1521 5335 εἴρηται,
1555 5282 1572 5315 ι
1615 5264 1679 5315 Ὢ
1703 5264 1785 5316 oi-

188 5385 274 5439 μοι
296 5364 630 5424 ἀθετοῦντες
645 5376 660 5392 ⁶
688 5358 975 5430 ἠθέτησαι.
1004 5375 1021 5406 ι
1059 5356 1220 5427 Ὁρᾷς
1243 5357 1391 5420 ὅπως
1444 5356 1783 5427 συνέπασχον

183 5461 288 5522 τοῖς
347 5451 776 5522 ἀπολλυμένοις,
823 5449 918 5502 καὶ
968 5447 1311 5518 ὐπερήλγουν
1380 5446 1562 5500 αὐτῶν
1599 5447 1650 5499 οἱ
1685 5447 1781 5499 τοῦ

185 5550 308 5606 Θεοῦ
340 5547 638 5621 ἄνθρωποι
685 5541 772 5596 διὰ
812 5538 1245 5611 φιλανθρωπίαν,
1300 5539 1375 5604 ὡς
1430 5541 1511 5603 είς
1557 5538 1783 5602 ἑαυτοὺς

183 5641 549 5715 ἀναστρέφειν
602 5634 696 5687 τὸν
756 5631 1108 5701 ταλανισμὸν,
1152 5633 1248 5686 καὶ
1293 5632 1497 5701 λέγειν,
1545 5629 1590 5686 ὣ
1636 5631 1782 5702 οἴμοι

183 5736 255 5807 ἐφ’
276 5735 362 5802 οἷς
391 5734 684 5808 ἠθέτησαν
699 5729 746 5780 οἱ
781 5724 1090 5798 παραϐάται
1113 5725 1125 5778 l

1900 1956 1976 2024 hi,
2007 1958 2110 2012 nisi
2142 1958 2238 2028 qui
2270 1959 2570 2028 superioris
2603 1961 2811 2014 ordinis
2838 1961 3004 2014 sunt?
3041 1961 3134 2015 isti
3183 1978 3349 2031 porro
3376 1965 3494 2024 fue-

1900 2048 2032 2114 rint,
2079 2048 2170 2116 qui
2218 2061 2307 2112 ea,
2363 2063 2484 2117 quae
2515 2051 2657 2118 apud
2698 2050 2867 2104 Deum
2908 2063 2994 2105 est
3057 2054 3490 2125 magnificentia,

1898 2138 2103 2206 dignati
2131 2149 2277 2193 sunt.
2311 2157 2330 2191 ι
2361 2139 2464 2206 Qui
2500 2149 2680 2194 autem
2713 2141 2885 2195 relicti
2937 2142 3140 2197 fuerint
3183 2160 3348 2215 super
3381 2157 3494 2203 ter-

1898 2244 2039 2292 ram,
2075 2230 2402 2285 laetabuntur
2424 2246 2547 2285 cum
2577 2231 2750 2301 gloria
2779 2233 2994 2287 Domini
3022 2251 3034 2285 :
3075 2238 3492 2295 conturbabilur

1896 2333 2036 2385 aqua
2087 2319 2293 2389 maris.
2327 2338 2347 2371 ι
2403 2319 2504 2386 Qui
2544 2330 2720 2374 autem
2761 2336 2826 2376 ex
2880 2323 3131 2390 portione
3169 2323 3262 2378 Dei
3301 2336 3488 2392 erunt,

1897 2409 2224 2465 laetabuntur
2251 2427 2374 2465 cum
2407 2412 2582 2482 gloria
2619 2413 2866 2468 Domini:
2892 2425 3021 2469 tunc
3051 2416 3194 2470 enim
3238 2417 3352 2487 ipse
3387 2419 3490 2476 Do-

1897 2503 2077 2556 minus
2119 2504 2298 2557 veniet
2339 2505 2391 2557 in
2427 2505 2598 2574 gloria
2644 2505 2824 2562 Patris
2852 2507 2935 2561 sui
2974 2522 3095 2560 cum
3132 2518 3405 2577 potestate
3432 2522 3490 2566 et

1895 2592 2178 2661 majestate
2219 2593 2430 2665 grandi.
2483 2595 2538 2648 In
2587 2597 2687 2650 hac
2740 2612 2869 2667 ergo
2913 2598 3123 2652 Domini
3173 2600 3258 2653 sui
3314 2601 3486 2670 gloria

1895 2683 2239 2748 Iaztabuntur,
2277 2685 2380 2754 .qui
2404 2685 2531 2739 olim
2560 2686 2614 2740 in
2649 2687 2822 2756 ipsum
2850 2699 3226 2758 speraverant.
3259 2687 3366 2744 Pro
3397 2690 3488 2746 illo

1893 2783 2097 2835 autem,
2137 2792 2156 2825 ι
2188 2775 2605 2829 conturbabitur
2650 2791 2788 2846 aqua
2821 2779 3006 2842 maris,
3049 2797 3066 2830 ι
3102 2778 3182 2833 sic
3235 2776 3485 2837 Theodo—

1895 2863 1970 2917 tio
2022 2865 2412 2934 interpretatus
2455 2876 2558 2931 est,
2613 2884 2631 2916 ι
2673 2875 2975 2922 sonuerunt
3035 2883 3191 2938 aquae
3236 2871 3424 2938 maris,
3457 2891 3478 2924 ι

1895 2953 2020 3005 vitae
2059 2951 2206 3006 illius
2240 2953 2672 3021 magnitudinem
2727 2953 3066 3024 significans,
3095 2969 3200 3023 qua
3233 2953 3487 3010 fruentur

1896 3044 1930 3097 ii
1965 3045 2056 3114 qui
2087 3045 2374 3099 Dominum
2426 3060 2584 3097 suum
2630 3047 2802 3114 gloria
2852 3043 3094 3099 alliciunt
3131 3063 3144 3098 :
3177 3061 3282 3101 vox
3335 3048 3483 3103 enim

1896 3151 2086 3190 eorum
2127 3137 2328 3190 sonitui
2372 3134 2540 3187 maris
2575 3135 3002 3205 comparabitur.

1965 3227 2250 3284 Vens.15.
2287 3246 2304 3278 ‹
2351 3226 2643 3297 Propterea
2700 3227 2871 3297 gloria
2929 3227 3145 3283 Domini
3192 3229 3245 3284 in
3289 3232 3484 3288 insulis

1895 3322 2060 3375 maris
2093 3321 2214 3372 erit.
2253 3337 2272 3370 ι
2315 3317 2371 3370 In
2413 3316 2666 3372 Ecclesiis
2698 3319 2971 3380 videlicet,
3018 3334 3138 3388 quae
3161 3321 3289 3376 olim
3342 3323 3486 3379 inter

1893 3409 2200 3466 incredulas
2237 3419 2449 3480 gentes,
2505 3410 2660 3478 quasi
2722 3409 2772 3461 in
2825 3411 3004 3465 medio
3059 3413 3218 3476 mari,
3257 3413 3484 3468 inclusa!

1890 3512 2049 3558 erant
2081 3521 2093 3555 :
2133 3504 2184 3556 in
2214 3503 2369 3568 queis
2398 3502 2568 3573 gloria
2601 3502 2812 3555 Domini
2847 3513 2974 3557 tunc
2997 3502 3293 3576 eﬂ'ulgebit.
3319 3525 3337 3557 ι
3378 3505 3484 3560 Pio-

1892 3611 2014 3649 men
2055 3595 2264 3648 Domini
2306 3593 2601 3662 gloriosum
2630 3595 2754 3647 erit.
2782 3594 3006 3648 Domine
3035 3595 3181 3651 Deus
3208 3599 3392 3665 lsrael,
3414 3601 3485 3656 ab

1891 3689 1991 3743 alis
2028 3699 2187 3742 terra:
2219 3687 2469 3758 prodigia
2513 3687 2865 3742 audivimus:
2900 3703 3025 3757 spes
3056 3690 3164 3758 pio.
3207 3709 3226 3743 ι
3274 3692 3483 3746 ὃθυιιιιο

1890 3781 2016 3834 dum
2056 3778 2445 3851 Symmachum
2478 3760 2612 3835 vero
2637 3789 2693 3834 et
2723 3779 3178 3844 Theodotionem,
3215 3800 3236 3834 ι
3267 3783 3348 3838 ΑΙ)
3379 3784 3484 3839 alis

1892 3877 2050 3926 terra:
2101 3869 2342 3939 psalmos
2388 3870 2732 3934 audivimus;
2786 3888 2804 3922 ι
2848 3873 3148 3925 secundum
3203 3873 3477 3943 Aquilam,

1895 3981 1912 4013 ι
1949 3961 2228 4015 melodias.
2269 3981 2287 4012 ι
2326 3961 2458 4015 Nam
2485 3963 2573 4030 qui
2606 3977 2670 4016 ex
2715 3965 2964 4030 portione
2989 3962 3078 4017 Dei
3102 3965 3481 4033 sunt,justum

1887 4051 2288 4120 ejusjudicium
2331 4052 2685 4115 admirantes,
2715 4052 2972 4106 laetantur
3007 4068 3130 4107 cum
3167 4054 3338 4122 gloria
3372 4053 3480 4111 Do-

1888 4143 2044 4205 mini,
2103 4158 2167 4197 ac
2217 4143 2322 4196 hrti
2385 4144 2618 4212 hymnos
2667 4144 2767 4211 ipsi
2828 4154 2989 4212 atque
3045 4144 3377 4212 psalmodias
3422 4147 3478 4200 in

1887 4237 2190 4306 gratiarum
2215 4235 2485 4288 actionem
2517 4236 2798 4288 emittunt.
2830 4235 3020 4289 Postea
3059 4236 3245 4300 infert,
3278 4253 3298 4288 ι
3338 4235 3480 4306 Spes

1888 4327 1996 4395 pio.
2031 4343 2050 4376 ι
2091 4325 2225 4380 Cum
2259 4326 2405 4379 enim
2429 4325 2914 4379 comminationem
2944 4325 3126 4393 impiis
3157 4326 3485 4385 intentatam

1887 4415 2262 4485 prseteriisset,
2336 4415 2436 4469 sub
2484 4413 2598 4469 hac
2637 4415 2703 4468 de
2753 4415 3004 4483 portione
3067 4414 3160 4470 Dei
3207 4415 3310 4470 ista
3344 4418 3477 4472 sub-

1885 4507 2084 4577 jungit,
2154 4523 2172 4556 ι
2214 4506 2569 4560 Lmtabuntur
2617 4521 2741 4560 cum
2799 4507 2972 4576 gloria
3043 4507 3292 4572 Domini,
3353 4526 3373 4561 ι
3423 4521 3479 4564 et

1896 4599 2125 4656 «Gloria
2176 4599 2390 4653 Domini
2444 4599 2498 4652 in
2557 4598 2751 4653 insulis
2795 4601 2947 4652 erit:
2998 4617 3016 4650 ι
3061 4614 3125 4654 ac
3192 4611 3479 4670 postquam

1886 4693 2090 4762 justum
2140 4690 2237 4745 Dei
2285 4691 2551 4760 judicium
2611 4692 3014 4758 enuntiaverat,
3075 4702 3478 4760 consequenter

1892 4784 2090 4854 adjecit
2126 4783 2278 4849 illud,
2319 4801 2340 4833 ι
2389 4782 2525 4852 Spes
2554 4785 2680 4852 pio:
2716 4802 2734 4833 ι
2770 4798 2895 4836 nam
2925 4783 3074 4837 omni
3102 4782 3244 4850 iusto
3282 4785 3482 4854 pioque

1890 4883 2011 4934 viro
2036 4880 2176 4933 bona
2203 4877 2394 4932 salutis
2431 4877 2670 4945 reposita
2705 4890 2831 4944 spes
2870 4885 2978 4930 est.

1962 5150 2127 5206 Vens.
2168 5149 2252 5205 16.
2282 5167 2300 5200 ι
2337 5148 2406 5203 Ει
2431 5149 2613 5204 dicent
2644 5146 2776 5201 εγω
2807 5155 3345 5216 ριάενοιίςοιοηουδ,
3383 5146 3479 5215 qui

1887 5245 2319 5316 pravaricantur
2349 5243 2523 5312 legem
2557 5242 2572 5295 ι
2609 5259 2629 5292 i
2689 5240 2999 5294 Secundum
3031 5239 3287 5307 Aquilam
3341 5239 3481 5293 dici-

1888 5353 2016 5394 tur:
2047 5358 2065 5388 ι
2108 5336 2176 5403 0,
2221 5350 2299 5390 vae
2349 5336 2506 5399 mibi,
2565 5331 3026 5403 prmvaricantes!
3089 5329 3480 5398 praevaricatus

1884 5446 1966 5486 es.
2014 5449 2033 5482 ι
2067 5427 2255 5483 Viden'
2280 5442 2388 5497 quo
2434 5437 2596 5496 pacto
2627 5425 2723 5481 Dei
2750 5425 3000 5480 homines
3024 5426 3088 5478 de
3125 5422 3476 5493 pereuntium

1885 5541 2014 5581 casu
2044 5523 2299 5578 dolebant
2325 5533 2381 5576 et
2410 5520 2774 5592 angebantur,
2808 5533 3006 5589 nempe
3031 5532 3098 5570 ex
3124 5515 3478 5570 humanitatis

1885 5616 2116 5679 aiiectu,
2170 5615 2245 5670 ita
2293 5622 2355 5668 ut
2415 5613 2471 5667 in
2499 5614 2715 5682 seipsos
2765 5612 3000 5666 miserit
3040 5608 3318 5680 planctum
3346 5622 3477 5663 con-

1883 5717 2186 5773 verterent,
2229 5721 2293 5760 ac
2345 5706 2592 5761 dicerent
2628 5724 2643 5761 :
2675 5704 2742 5777 Ο,
2771 5720 2852 5762 va:
2901 5703 3036 5760 mihi
3077 5717 3177 5773 pro
3213 5700 3475 5771 prevari-

1883 5805 2103 5863 catione
2133 5810 2601 5872 transgressorutn
2627 5801 2643 5857 l
