4100 6444
1300 388 1571 447 EUSEBII
1609 387 2090 448 CESARIENSIS
2123 388 2204 446 OF

2317 390 2497 449 PARS
2532 390 2621 450 ω.
2662 425 2733 435 -
2768 393 3178 456 EXEGE'IICA.

740 512 901 572 Vna.
937 510 1025 577 Π,
1060 511 1151 567 18.
1185 529 1206 563 ι
1235 508 1421 566 Timor
1445 520 1502 567 et
1526 511 1702 577 fovea,
1731 518 1787 566 et
1825 510 2051 580 laqueus
2070 523 2202 579 stipe

2304 568 2305 571 η
2408 530 2426 563 ι
2466 512 2635 577 Φόϐος
2685 514 2781 567 καὶ
2816 512 3036 584 βόθυνος
3086 516 3184 570 καὶ
3234 517 3401 588 παγὶς
3451 518 3539 589 ἐφ’
3596 519 3743 591 ὑμᾶς
3781 524 3913 589 τοὺς

665 620 780 673 vos,
803 605 893 676 qui
922 606 1183 661 habitatis
1220 600 1447 660 terram.
1487 603 1555 659 Et
1578 603 1686 660 erit
1714 603 1807 673 qui
1830 601 2033 673 fugerit
2067 603 2229 660 timo-

661 712 803 762 non,
831 698 989 754 cadet
1040 699 1096 753 ie
1126 696 1375 762 foveam;
1404 696 1497 766 qui
1520 705 1701 753 autem
1727 694 1929 752 exierit
1963 693 2032 752 de
2051 692 2227 761 fovea,

660 790 859 861 laqueo
903 790 1148 860 capietur
1195 788 1374 860 :qaia
1421 788 1676 845 fenestra
1721 788 1792 844 de
1842 785 1985 844 εωιο
2029 794 2229 857 aperta:

659 892 810 948 sunt,
838 893 896 938 et
921 882 1301 940 concutleetar
1328 879 1684 939 fundamenta
1726 888 1907 937 terra.
1959 898 1982 935 ι
2021 880 2115 937 Bel
2144 880 2227 937 ia-

658 978 1018 1047 spcctioaem,
1067 983 1123 1028 et
1150 971 1270 1042 eius
1298 973 1555 1028 virtutem
1598 970 1931 1037 subindicat,
1969 985 2075 1041 qua
2106 985 2227 1027 οω-

658 1069 820 1124 n'ibus
845 1068 1119 1139 providet,
1148 1073 1205 1120 et
1234 1063 1416 1120 omnia
1442 1062 1750 1134 speculatur
1785 1062 1939 1134 quasi
1972 1078 2039 1119 ex
2075 1062 2227 1119 fene-

658 1162 789 1218 stris
808 1160 930 1218 coli
960 1159 1217 1215 universa
1251 1155 1564 1228 respiciens.
1584 1154 1716 1223 Qua
1733 1154 1950 1225 quidem
1970 1152 2224 1210 fenestra

658 1264 789 1311 tunc
815 1253 990 1310 claudi
1018 1252 1295 1316 videntur,
1319 1263 1442 1305 cum
1468 1246 1613 1303 Deus
1636 1248 1689 1303 in
1718 1256 1865 1303 terra
1911 1255 2224 1317 peccatores

656 1346 1081 1410 circumlustrat,
1110 1358 1206 1399 nec
1224 1351 1403 1398 tamen
1440 1342 1588 1412 ipsos
1614 1340 1845 1412 castigat
1874 1355 1889 1393 :
1922 1349 2051 1395 tunc
2075 1339 2219 1396 enim

655 1456 754 1495 ceu
781 1453 1005 1495 aversus
1035 1436 1167 1492 nihil
1196 1442 1484 1507 peccantes
1534 1432 1803 1502 inspicere
1824 1432 2061 1489 videtur.
2084 1431 2220 1487 Cum

654 1542 834 1587 autem
862 1537 1147 1602 peccantes
1168 1526 1354 1584 ulcisci
1378 1526 1642 1592 decrevit,
1672 1533 1799 1581 tunc
1824 1524 2071 1581 fenestra
2093 1522 2219 1581 cali

654 1634 854 1694 aperta:
901 1622 1169 1678 videntur.

723 1796 886 1854 Vens.
912 1796 1105 1861 l9,20.
1130 1812 1151 1848 ι
1170 1794 1505 1851 Turbatione
1528 1794 1852 1861 turbabitur,
1878 1804 1934 1851 et
1954 1794 2217 1867 angustiis

2330 602 2673 667 ἐνοικοῦντας
2716 604 2811 657 ἐπὶ
2851 608 2950 677 τῆς
2996 609 3121 678 γῆς.
3169 609 3283 665 Καὶ
3317 610 3471 666 ισται
3506 612 3536 665 ό
3568 610 3789 681 φεύγων
3814 613 3912 667 τὸν

2319 694 2512 763 φόὸον,
2537 697 2858 765 ἐμπεσεῖται
2880 699 2963 761 είς
2983 698 3076 753 τὸν
3096 698 3349 770 βόθυνον·
3381 704 3411 758 ό
3440 702 3498 757 δι
3534 702 3804 758 unum
3838 706 3907 759 εκ

2325 784 2421 836 τοῦ
2460 784 2679 855 βοθύνου
2701 785 2968 842 ἁλώσεται
2984 789 3093 845 ὑπὸ
3109 793 3210 863 τῆς
3234 792 3479 861 παγίδοςο
3504 794 3589 849 ὅτι
3612 792 3825 866 θυρίδες
3846 795 3913 848 εκ

2323 876 2419 931 τοῦ
2443 877 2675 951 οὐρανοῦ
2701 880 3073 953 ἀνεῴχθησαν,
3098 882 3195 936 καὶ
3220 883 3563 957 σεισθήσεται
3587 884 3657 940 τά
3678 883 3909 957 θεμέλια

2322 972 2422 1041 τῆς
2435 973 2557 1044 γῆς.
2584 989 2604 1023 ι
2622 970 2737 1041 Τὴν
2767 972 3067 1046 ἐπισκοπὴν
3077 972 3172 1028 τοῦ
3192 973 3352 1042 Θεοῦ,
3371 977 3467 1031 καὶ
3488 977 3589 1048 τήν
3600 975 3906 1049 εποπτικὴν

2322 1065 2417 1118 καὶ
2431 1065 2530 1137 τήν
2544 1063 2882 1140 θεωρητικὴν
2898 1066 3063 1123 αὐτοῦ
3076 1066 3184 1122 τῶν
3196 1066 3333 1122 δλων
3346 1068 3574 1143 δύναμιν
3601 1068 3911 1143 αἰνιττόμε-

2321 1176 2431 1224 νος,
2456 1158 2736 1230 ἐφορῶσαν
2750 1159 2820 1214 τὰ
2835 1160 3034 1225 πάντα,
3048 1159 3236 1233 ὥσπερ
3256 1160 3343 1215 διά
3364 1159 3593 1235 θυρίδων
3610 1161 3705 1216 τοῦ
3724 1162 3909 1235 οὑρισ-

2322 1250 2439 1317 νοῦ,
2462 1251 2520 1305 αῖ
2551 1251 2768 1306 δοκοῦσι
2804 1253 2902 1323 μιν
2934 1251 3266 1319 κεκλεῖσθαι,
3300 1252 3521 1308 ιπειδάν
3547 1255 3674 1319 τοὺς
3700 1254 3905 1326 ἀμαρ-

2322 1344 2586 1409 τάνοντας
2624 1345 2719 1399 επὶ
2752 1348 2855 1416 γῆς
2893 1345 3244 1417 περιέρχεται
3284 1347 3314 1399 ό
3345 1344 3501 1413 Θεδς,
3546 1346 3625 1418 μὴ
3665 1344 3903 1413 ἐπεξιὼν

2319 1440 2433 1500 τοῖς
2476 1436 2885 1510 πλημμελοῦσι·
2936 1436 3059 1493 τότε
3100 1436 3210 1509 γάρ
3261 1435 3453 1511 ὥσπερ
3500 1438 3903 1511 ἀποστραφεὶς,

2318 1530 2429 1583 οὐδ’
2456 1529 2653 1601 ὁριῖιντι
2687 1529 2812 1594 τοὺς
2846 1529 3259 1602 ἁμαρτάνοντας
3304 1518 3499 1585 lout”.
3557 1530 3807 1585 Ἐπειόάν
3839 1529 3903 1585 ει

2321 1621 2483 1695 κρίνῃ
2524 1619 2833 1686 ἐπεξελθεῖν
2860 1625 2974 1685 τοῖς
3009 1620 3421 1694 ἡμαρτηκόσιν,
3461 1618 3656 1692 ὥσπερ
3694 1620 3906 1676 ἀναπε-

2318 1711 2606 1765 τάννυνται
2629 1709 2724 1764 τοῦ
2751 1710 2982 1782 ούρανοῦ
3008 1712 3067 1764 at
3092 1709 3308 1781 θυρίδες

2394 1821 2412 1854 .
2443 1754 2667 1874 Ταράχῇ
2698 1754 3305 1874 aegram
3340 1799 3437 1856 καὶ
3456 1800 3661 1871 ἀπορίᾳ
3681 1800 3899 1873 ἀπορη-

650 1889 1049 1960 angustiabitur
1079 1898 1224 1944 terra
1257 1902 1272 1942 :
1313 1886 1595 1943 inclinavit
1642 1895 1698 1942 ct
1741 1886 2044 1943 movebitur
2071 1887 2204 1943 sicut

2315 1870 2542 1965 θήσεται
2770 1870 2962 1947 ’ἔκλινε
2999 1894 3095 1948 καὶ
3126 1870 3469 1965 σεισθήσεται

650 1983 922 2049 tugurium
949 1992 1113 2047 terra,
1141 1981 1283 2036 sicut
1324 1979 1509 2035 ebrius
1539 1988 1596 2036 et
1650 1979 1983 2050 crapulatus.
2030 1999 2050 2032 ι
2087 1978 2213 2038 Ηιεο

650 2069 812 2141 porro
862 2072 1045 2129 omnia
1093 2071 1329 2142 patietur
1367 2081 1550 2138 terra;
1602 2072 1683 2128 sic
1719 2072 1926 2129 vocatis
1960 2072 2067 2130 illis
2097 2074 2215 2145 ejus

645 2165 774 2221 olim
809 2164 1225 2229 habitatoribus,
1268 2177 1404 2233 quos
1436 2162 1553 2221 hac
1582 2179 1935 2236 perpessum
1963 2167 2082 2233 ait;
2134 2168 2210 2223 ita

645 2268 707 2313 ut
738 2273 802 2314 ex
855 2256 1119 2313 maiorum
1152 2256 1205 2312 vi
1234 2263 1291 2312 ct
1317 2255 1607 2327 gravitate,
1656 2256 1825 2314 ebriis
1846 2265 1903 2313 et
1918 2258 2213 2328 crapulatis

644 2350 849 2407 similes
879 2350 1007 2407 sint.
1047 2368 1068 2402 ι
1098 2348 1165 2405 Et
1210 2349 1395 2414 cadet,
1428 2358 1485 2404 et
1514 2363 1620 2405 non
1650 2350 1850 2421 poterit
1880 2363 2165 2423 resurgere
2191 2366 2207 2404 :

645 2458 768 2497 nam
799 2441 1078 2514 praevaluit
1104 2441 1161 2497 in
1185 2455 1251 2497 ea
1283 2440 1561 2511 iniquitas.
1595 2459 1616 2494 ι

713 2651 880 2707 Vna.
918 2649 1008 2706 2i.
1044 2668 1064 2702 ι
1101 2647 1171 2704 Et
1219 2642 1327 2705 erit
1362 2647 1419 2704 in
1448 2646 1537 2704 die
1572 2645 1686 2713 illa,
1726 2646 1945 2703 inducet
1986 2640 2206 2710 Deus‘ln

640 2750 893 2797 ornatum
918 2740 1040 2797 eali
1063 2755 1303 2796 manum.
1335 2758 1357 2793 ι
1390 2739 1667 2809 Siquidem
1688 2739 1857 2797 semel
1887 2742 1939 2796 in
1970 2740 2075 2797 line
2104 2742 2207 2796 hu-

638 2850 810 2891 mana
840 2836 961 2891 vita:
982 2834 1130 2909 lapsa
1157 2844 1319 2899 terra,
1347 2832 1463 2905 sive
1491 2846 1655 2888 carne
1673 2833 1920 2888 “terrestri
1950 2843 2005 2888 et
2026 2836 2205 2888 anima

638 2930 882 2999 corporis
909 2937 1159 2992 amante;
1211 2936 1324 2981 tum
1352 2925 1412 2991 ii,
1463 2924 1558 2995 qui
1585 2923 1716 2980 olim
1758 2932 1961 2980 terram
1998 2924 2203 2980 incolc-

640 3024 802 3087 bant,
860 3020 1315 3077 resurrectionem
1392 3028 1583 3089 postea
1661 3025 2087 3087 consequentur,
2147 3024 2207 3072 ut

637 3116 899 3169 sistantur
930 3112 1186 3168 tribunali
1224 3110 1452 3177 Christi,
1486 3118 1542 3165 et
1588 3108 1961 3179 unusquisque
2001 3106 2205 3162 referat

2314 1984 2500 2040 λάκιον
2537 1987 2573 2057 ή
2614 1988 2710 2057 γῆ,
2743 1985 2820 2048 ὼς
2856 1986 2887 2039 ό
2917 1983 3132 2057 μεθύων
3187 1985 3283 2039 καὶ
3322 1972 3661 2057 κραιπαλῶν.
3708 2002 3729 2037 ι
3776 1983 3897 2039 Καὶ

2314 2076 2486 2131 ταῦτα
2520 2076 2699 2130 πάντα
2729 2074 2978 2130 πείσεται
3005 2075 3042 2146 ή
3071 2076 3165 2146 γῆ,
3200 2073 3310 2128 τῶν
3348 2089 3494 2127 ποτε·
3525 2072 3897 2145 κατοικησάν-

2312 2186 2420 2223 των
2466 2168 2637 2241 αὺτήν
2667 2168 2811 2224 οὕτω
2851 2168 2918 2240 δή
2962 2168 3313 2240 καλουμένων
3335 2182 3352 2199 ·
3384 2165 3609 2221 τοιαῦτα
3648 2166 3709 2221 δί
3755 2181 3893 2237 φησι

2314 2260 2593 2316 πείσεσθαι
2616 2260 2834 2325 αὐτοὺς,
2858 2260 2936 2324 ὡς
2955 2259 3188 2315 ἑοικέναι
3219 2257 3476 2331 μεθύουσι
3511 2258 3608 2314 καὶ
3648 2273 3894 2330 κραιπα-

2310 2348 2473 2405 λῶσιν
2496 2353 2561 2405 εκ
2593 2352 2694 2423 τῆς
2721 2350 2831 2405 τῶν
2860 2350 3049 2406 κακῶν
3078 2350 3404 2423 ὑπερσολῆς.
3434 2368 3456 2404 ι
3479 2350 3593 2405 Καὶ
3620 2352 3891 2415 πεσεῖται,

2310 2444 2405 2498 καὶ
2440 2444 2503 2498 οὐ
2544 2442 2622 2516 μὴ
2658 2443 2883 2515 δύνηται
2922 2442 3242 2516 ἀναστῆναισ
3291 2442 3589 2515 κατίσχυσε
3637 2440 3751 2515 γὰρ
3795 2441 3890 2500 tu’

2310 2538 2479 2609 αὐτῆς
2503 2540 2537 2609 ή
2572 2536 2791 2609 ἀνομία.
2830 2554 2850 2590 ι

2382 2671 2403 2706 ι
2446 2652 2557 2706 Καὶ
2583 2650 2735 2706 ἔσται
2770 2653 2830 2707 ἑν
2862 2655 2929 2725 τῇ
2975 2651 3160 2726 ἡμέρα
3202 2649 3407 2726 ἐκείνῃ,
3450 2648 3643 2717 ιπάξει
3681 2652 3711 2706 ό
3748 2650 3892 2720 Θεὸς

2307 2743 2401 2797 ἰπὶ
2418 2743 2508 2798 τὸν
2525 2742 2728 2815 κόσμον
2757 2744 2851 2798 τοῦ
2888 2743 3119 2815 οὐρανοῦ
3152 2742 3253 2816 τὴν
3296 2746 3473 2816 χεῖρα.
3512 2762 3532 2797 ι
3566 2742 3752 2809 ’Δπαξ
3783 2743 3887 2816 μιν

2305 2838 2415 2912 γὰρ
2441 2837 2681 2892 πεσοῦσα
2712 2837 2855 2892 κατά
2880 2836 2980 2909 τὴν
3022 2836 3118 2890 τοῦ
3160 2835 3356 2908 θνητοῦ
3402 2836 3519 2908 βίου
3554 2835 3813 2910 τελευτήν
3844 2837 3883 2912 ἡ

2305 2934 2400 3003 γῆ,
2446 2930 2564 3003 ἢτοι
2616 2929 2754 3003 σὰρξ
2803 2928 3011 2999 γεώδης
3056 2929 3151 2983 καὶ
3193 2928 3568 3000 φιλοσώματος
3609 2927 3788 3000 ψυχὴ,
3828 2930 3886 2987 οι

2308 3023 2473 3078 πάλαι
2498 3024 2597 3095 τὴν
2624 3024 2727 3095 γῆν
2760 3022 3081 3093 οἰκήσαντες
3120 3021 3220 3091 τῆς
3258 3019 3491 3093 καθεξῆς
3526 3020 3879 3088 ἀναστάσεως

2305 3118 2581 3185 τεύξονται
2608 3119 2688 3181 είς
2716 3116 2779 3170 τὸ
2810 3116 3147 3187 παραστῆναι
3176 3112 3253 3184 τῷ
3275 3112 3480 3185 βήματι
3497 3112 3590 3167 τοῦ
3615 3112 3880 3185 Χριστοῦ,

638 3206 937 3265 secundum
970 3218 1035 3260 ea
1066 3218 1188 3274 quae
1211 3217 1441 3275 corpore
1471 3202 1823 3273 perpetravit,
1859 3202 1975 3256 sive
2003 3200 2202 3255 bonum

2305 3210 2399 3263 καὶ
2431 3206 2756 3279 κομίσασθαι
2786 3205 3014 3259 ἕκαστον
3042 3204 3113 3257 τά
3135 3201 3224 3257 διὰ
3251 3202 3346 3256 τοῦ
3386 3202 3634 3274 σώματος
3662 3202 3799 3275 πρὸς
3839 3203 3882 3260 δ

638 3300 756 3354 sive
807 3297 1030 3354 malum.
1060 3297 1191 3353 Cum
1229 3304 1410 3351 autem
1474 3295 1585 3349 lato
1618 3292 1824 3363 judicio
1857 3307 1889 3347 a
1916 3293 2057 3347 bona
2108 3306 2205 3361 spe

635 3387 962 3453 exciderint,
994 3394 1049 3445 et
1102 3384 1383 3457 suppliciis
1417 3384 1547 3440 olim
1602 3384 1977 3455 pmnuntiatis
2016 3374 2201 3439 traditi

635 3482 872 3549 fuerint;
915 3490 1043 3536 tunc
1068 3495 1099 3535 a
1140 3478 1250 3535 Deo
1278 3475 1438 3548 lapsi,
1490 3492 1597 3532 non
1624 3475 1765 3531 ultra
1794 3488 2075 3545 resurgere
2107 3488 2202 3544 po-

638 3584 839 3629 terunt.
868 3572 1035 3639 Queis
1068 3568 1305 3625 universi
1328 3567 1851 3624 consummationem
1884 3565 2199 3629 declaravit,

635 3683 741 3736 qua
782 3666 977 3721 omium
1004 3673 1061 3720 et
1090 3671 1234 3719 terra
1257 3660 1588 3715 transibunt.
1621 3657 1885 3714 Ornatum
1918 3672 2048 3713 vero
2075 3656 2199 3712 caeli

634 3761 772 3817 solet
795 3758 1003 3830 Moyses
1033 3753 1301 3826 appellare
1326 3750 1514 3818 solem,
1534 3749 1713 3803 lunam
1743 3740 1799 3804 et
1828 3746 2037 3803 stellas.
2065 3765 2085 3799 ι
2112 3746 2199 3800 ln-

634 3855 793 3908 ducet
819 3851 962 3907 Deus
998 3850 1052 3905 in
1074 3854 1327 3915 ornatum
1358 3841 1482 3899 emli
1510 3855 1766 3909 manum;
1806 3858 1825 3892 ι
1858 3853 2052 3909 nempe
2079 3852 2196 3894 me-

635 3954 845 4000 morato
872 3942 1059 4014 iudicii
1094 3939 1191 3996 Dei
1227 3948 1487 4009 tempore.

706 4251 869 4310 Vnus.
898 4253 993 4309 εἰ.
1021 4272 1041 4306 ι
1080 4257 1148 4309 Et
1177 4255 1231 4309 in
1282 4268 1435 4325 reges
1464 4260 1645 4317 terra,
1694 4260 1751 4307 et
1789 4250 2197 4322 congregabunt

631 4345 1099 4416 congregationem
1141 4346 1259 4416 ejus
1298 4344 1352 4399 in
1395 4356 1692 4407 carcerem,
1716 4351 1772 4397 ct
1810 4340 2098 4396 occludcnt
2141 4340 2195 4394 in

633 4436 1013 4502 munitionem;
1058 4450 1154 4507 per
1180 4434 1377 4490 multas
1420 4434 1797 4505 generationes
1818 4431 2059 4487 visitatio
2089 4432 2195 4485 erit

628 4547 837 4587 eorum.
861 4529 1256 4586 iVidelurmibi
1276 4543 1369 4599 per
1386 4542 1539 4599 reges
1562 4522 2196 4593 terrm,principeshujus

2305 3299 2557 3372 ἔπραξεν,
2582 3299 2692 3353 εῖτε
2717 3296 2943 3368 ἀγαθὸν,
2962 3297 3071 3350 εῖτε
3099 3294 3288 3349 κακόν·
3323 3293 3543 3349 ἐπειδὰν
3577 3294 3636 3348 δὲ
3664 3293 3882 3367 κριθίν-

2301 3410 2393 3456 τες
2416 3392 2692 3445 ὲκπέσωσι
2737 3392 2837 3461 τῆς
2868 3387 3082 3460 ἀγαθῆς
3110 3387 3345 3451 ἐλπίδος,
3380 3389 3473 3442 καὶ
3497 3390 3617 3453 ταῖς
3644 3386 3881 3464 ἠπειλη-

2303 3484 2492 3556 μέναις
2519 3481 2770 3537 κολάσεσι
2802 3479 3168 3553 παραδοθῶσι,
3196 3480 3257 3534 τὸ
3284 3478 3583 3550 τηνικαῦτα
3608 3479 3705 3534 τοῦ
3736 3478 3876 3534 Θεοῦ

2299 3574 2643 3637 ἐκπεσόντες,
2685 3572 2869 3627 οὐκέτι
2919 3572 3215 3644 ἀναστῆναι
3260 3572 3596 3643 δυνήσονται.
3661 3572 3751 3625 Ἐν
3791 3567 3879 3637 οῐς

2297 3664 2728 3737 τὴνσυντέλειαν
2757 3664 2993 3735 ἐδήλωσε
3034 3662 3128 3716 τοῦ
3158 3662 3380 3727 παντὸς,
3414 3664 3473 3715 ιν
3501 3656 3536 3736 ᾖ
3576 3662 3606 3715 ό
3644 3662 3876 3733 οὐρανὸς

2299 3759 2393 3812 καὶ
2433 3760 2467 3829 ή
2514 3759 2586 3830 γῆ
2620 3755 3061 3829 παρελεύσονται.
3102 3754 3412 3827 Κόσμον⁶δὲ
3450 3753 3676 3826 ούρανοῦ
3712 3754 3875 3811 εἴωθε

2296 3850 2474 3913 λέγειν
2503 3849 2533 3902 ό
2569 3848 2810 3920 Μωῦσῆς
2835 3848 2926 3903 τὸν
2956 3848 3107 3919 ήλιον
3129 3847 3223 3901 καὶ
3258 3848 3357 3919 τήν
3384 3846 3610 3918 σελήνην
3630 3847 3724 3901 καὶ
3745 3848 3876 3914 τοὺς

2295 3934 2550 4014 ἀστέρας.
2581 3960 2600 3993 ι
2623 3940 2841 4009 Ἐπάξει
2870 3940 2900 3993 ὁ
2930 3939 3062 4003 Θεὸς
3088 3938 3181 3992 ἐπὶ
3211 3939 3302 3993 τὸν
3331 3938 3534 4010 κόσμον
3580 3938 3677 3993 τοῦ
3704 3939 3873 4012 ούρα-

2296 4035 2388 4089 νοῦ
2419 4034 2519 4108 τὴν
2551 4038 2709 4109 χεῖρα
2726 4052 2739 4065 ·
2776 4053 2796 4086 ι
2833 4034 2977 4102 λέγω
3013 4032 3071 4087 δὲ
3104 4033 3245 4088 κατά
3278 4031 3370 4087 τὸν
3409 4031 3739 4104 δηλούμενον
3770 4034 3875 4106 τῆς

2295 4126 2390 4180 τοῦ
2422 4126 2558 4181 Θεοῦ
2592 4128 2825 4197 κρίσεως
2851 4125 3063 4198 καιρόν.
3396 4134 3403 4140 ’

2372 4260 2391 4293 ι
2426 4241 2534 4295 Καὶ
2570 4240 2662 4293 ἐπὶ
2697 4239 2823 4302 τοὺς
2866 4237 3107 4310 βασιλεῖς
3136 4240 3237 4309 τῆς
3278 4238 3403 4308 γῆς,
3450 4234 3545 4291 καὶ
3582 4234 3875 4304 συνάξουσι

2298 4334 2617 4404 συναγωγὴν
2642 4332 2814 4403 αὐτῆς
2834 4333 2916 4395 είς
2946 4331 3346 4404 δεσμωτήριον,
3391 4330 3487 4385 καὶ
3515 4330 3874 4386 ἀποκλείσον-

2297 4441 2381 4479 σιν
2408 4426 2487 4488 είς
2512 4424 2772 4496 ὀχύρωμα
2789 4441 2804 4454 ·
2832 4422 2920 4477 διὰ
2946 4422 3158 4478 πολλῶν
3185 4421 3386 4491 γενεῶν
3416 4422 3687 4494 ἐπισκοπὴ
3717 4422 3875 4483 [qua

2294 4517 2489 4571 αὐτῶν.
2530 4535 2548 4567 ι
2583 4517 2740 4569 Δοκεῖ
2772 4532 2861 4586 μοι
2884 4515 3012 4578 τοὺς
3032 4496 3298 4585 ἄρχοντας
3316 4512 3411 4567 τοῦ
3446 4512 3642 4576 αἰῶνος
3674 4511 3871 4567 τούτου

1207 4582 1485 4675 *εἱειειήῶ
1515 4582 2061 4672 θειιίοιῖόεοὶειέῢει
2085 4582 2194 4668 (Ξε-

2304 4606 2577 4679 σημαίνειν
2598 4606 2687 4660 διὰ
2712 4582 2821 4659 τῶν
2851 4582 3116 4675 βασιλέων
3129 4582 3237 4675 *τῆς
3263 4606 3396 4676 γῆς·
3431 4602 3574 4658 οὕτω
3608 4601 3740 4672 γοῦν
3772 4603 3871 4659 καὶ

629 4714 791 4781 briei,
832 4693 959 4770 dum
994 4711 1209 4768 oracula
1265 4710 1366 4783 ipsi
1408 4711 1597 4766 ederet
1646 4708 1730 4762 his
1794 4702 1973 4760 verbis
2006 4723 2021 4759 :
2060 4723 2079 4756 ι
2126 4703 2193 4757 Ει

2304 4699 2369 4770 τῷ
2394 4693 2589 4768 Δανιὴλ
2606 4700 2636 4751 ό
2658 4695 3010 4769 χρηματίζων
3032 4694 3179 4766 αὐτῷ
3199 4694 3439 4768 Γαϐριὴλ
3458 4694 3648 4766 ἐδήλου
3669 4693 3867 4764 λέγων’

628 4807 775 4863 venit
798 4807 852 4862 in
879 4819 1164 4863 occursum
1199 4818 1372 4857 meum
1394 4802 1644 4872 princeps
1665 4797 1817 4866 regni
1842 4795 2137 4851 Medorum.
2166 4815 2186 4848 ι

627 4899 917 4969 Postquam
957 4894 1254 4951 invisibiles
1281 4892 1584 4961 huiusmodi
1631 4891 1873 4960 gentium
1911 4902 2065 4955 reges
2099 4887 2187 4943 hic

629 4989 967 5052 memoravit,
988 4989 1133 5057 ipsos
1161 5000 1318 5039 manu
1346 4984 1441 5039 Dei
1462 4980 1871 5054 congregandos
1894 4980 1991 5043 ait,
2027 4990 2189 5048 atque

629 5084 684 5138 in
717 5094 989 5139 carcerem
1024 5074 1413 5147 conjiciendos.
1447 5082 1499 5130 et
1528 5071 1890 5129 occludendos
1924 5069 1978 5123 in
2007 5068 2186 5122 muni-

629 5176 797 5229 tione.
826 5170 959 5227 Nam
988 5184 1113 5226 cum
1144 5167 1380 5223 futurum
1419 5176 1566 5223 esset
1592 5163 1653 5220 ut
1681 5177 1905 5235 regnum
1935 5160 2029 5216 Dei
2058 5171 2187 5215 tunc

628 5263 886 5337 temporis
921 5262 1311 5334 reaplcnderet,
1340 5276 1407 5317 ac
1450 5274 1647 5315 novum
1677 5255 1951 5321 monium,
1979 5252 2185 5325 princi-

626 5370 806 5429 patus,
843 5342 1139 5428 potestates
1178 5362 1232 5408 et
1282 5363 1525 5410 rectores
1576 5349 1761 5405 mundi
1816 5348 2182 5411 tenebrarum,

629 5466 692 5506 ac
741 5447 1040 5517 spirituaiia
1078 5445 1671 5515 nequitia-superaret,
1709 5454 2045 5510 consequens
2067 5447 2185 5493 erat

628 5550 687 5594 nt
711 5540 747 5595 ii
781 5540 835 5595 in
868 5539 1040 5594 lacum
1073 5552 1232 5607 quem
1265 5533 1950 5602 foderautconjicerentur.
1982 5530 2182 5584 Lacum

627 5632 768 5685 enim
797 5632 992 5703 impius
1034 5629 1211 5686 omnis
1239 5630 1447 5699 aperuit
1482 5637 1538 5683 et
1557 5623 1748 5681 eﬂodit.
1776 5638 1924 5689 eum,
1949 5633 2003 5677 et
2023 5622 2182 5676 cadet

629 5723 681 5776 in
706 5722 913 5778 foveam
936 5736 1095 5791 quam
1126 5721 1273 5776 fecit.

2299 4810 2316 4843 ι
2358 4792 2466 4844 Καὶ
2489 4790 2712 4861 ἐξῆλθεν
2743 4790 2825 4852 είς
2856 4787 3178 4861 συνάντησιν
3222 4804 3324 4857 μου
3370 4788 3555 4861 άρχων.
3590 4785 3872 4857 βασιλείας

2291 4883 2506 4954 Μήδων.
2547 4902 2566 4933 ι
2603 4882 2743 4945 Τοὺς
2768 4878 3045 4942 τοιούτους
3074 4878 3341 4949 ἀοράτους
3369 4878 3483 4931 τῶν
3507 4875 3679 4931 ἐθνῶν
3712 4876 3872 4948 βασι-

2289 4974 2398 5039 λεῖς
2428 4973 2658 5029 ³ενταῦθα
2693 4969 2972 5045 προειπὼν
3009 4972 3039 5025 ό
3068 4969 3245 5039 λόγος,
3291 4969 3729 5042 συναχθήσεσθαι·
3763 4969 3870 5025 αύ-

2289 5067 2414 5131 τούς
2443 5082 2606 5137 φησιν
2638 5064 2745 5119 ὑπὸ
2768 5067 2867 5136 τῆς
2895 5061 3076 5135 χειρὸς
3109 5060 3203 5115 τοῦ
3242 5061 3402 5127 Θεοῦ,
3444 5054 3537 5117 καὶ
3583 5060 3869 5136 ἐμϐληθή-

2292 5157 2477 5211 σεσθαι
2519 5158 2600 5221 είς
2646 5156 3015 5227 δεσμωτήριον
3064 5155 3157 5209 καὶ
3184 5152 3736 5225 ,ἀποκλεισθήσεσθαι
3782 5157 3870 5221 είς

2290 5250 2571 5323 ὀχύρωμα.
2616 5248 2929 5304 ’Δκόλουθόν
2962 5266 3054 5321 μοι
3089 5248 3199 5322 γάρ
3220 5244 3289 5321 ἦν
3316 5251 3419 5319 τῆς
3458 5246 3733 5318 βασιλείας
3765 5248 3866 5303 τοῦ

2283 5343 2417 5398 Θεοῦ
2450 5340 2749 5414 μελλούσης
2774 5341 2894 5395 τότε
2924 5341 3269 5413 διαλάμπειν,
3303 5340 3397 5394 τοῦ
3424 5356 3485 5392 τε
3511 5338 3636 5392 νέου
3668 5338 3868 5404 αἰῶνος

2284 5437 2600 5509 ἐπικρατεῖν
2646 5434 2747 5499 τάς
2787 5433 2962 5506 ἀρχὰς
3005 5434 3101 5488 καὶ
3148 5434 3247 5497 τὰς
3296 5430 3546 5496 ἐξουσίας
3595 5429 3692 5485 καὶ
3734 5430 3868 5496 τοὺς

2282 5528 2731 5601 κοσμοκράτορας
2760 5523 2855 5578 τοῦ
2898 5525 3124 5589 σκότους
3154 5523 3369 5586 τούτου,
3398 5522 3492 5576 καὶ
3513 5520 3585 5575 τά
3615 5538 3870 5593 πνευμα-

2281 5620 2409 5674 τικὰ
2437 5622 2537 5691 τῆς
2575 5616 2859 5690 πονηρίας,
2901 5616 2982 5681 είς
3011 5616 3105 5671 τὸν
3146 5618 3493 5688 προσήκοντα
3523 5614 3723 5677 αὐτοὺς
3756 5629 3865 5667 κα-

2280 5712 2615 5784 ταϐληθῆναι
2644 5710 2865 5775 λάκκον,
2888 5710 2947 5764 ὃν
2965 5709 3118 5763 αὐτοὶ
3142 5709 3355 5773 ἑαυτοῖς
3374 5705 3612 5781 ὤρυξαν.
3641 5704 3867 5763 Λάκκου

624 5820 732 5891 γὰρ
762 5820 869 5884 πᾶς
916 5816 1116 5889 ἀσεϐὴς
1145 5815 1317 5887 ὤρυξε
1371 5817 1465 5868 καὶ
1509 5812 1811 5884 ἀνέσκαψεν
1860 5813 2037 5877 αὑτὸν,
2087 5812 2182 5865 καὶ
2221 5810 2534 5882 ἐμπεσεῖται
2562 5808 2642 5870 είς
2671 5805 2859 5877 βόθρον
2894 5804 2954 5858 ὃν
2982 5803 3290 5878 εἰργάσατο.
