4100 6424
636 419 738 474 267

1290 412 1555 469 Ευειεθιι
1592 409 2059 469 CESARIENSIS
2094 408 2243 468 OPP.
2281 408 2459 467 PARS
2496 409 2584 466 ιιι.
2623 440 2691 453 -
2729 408 3140 468 EXEGETICA.

3747 410 3857 469 968

635 547 692 595 et
716 539 1075 604 tegumentum
1111 541 1233 584 eras
1265 541 1282 581 :
1316 529 1426 583 imo
1451 528 1614 582 etiam
1656 527 1761 582 illis
1796 535 1922 580 tunc
1954 523 2185 580 sitienti-

2285 523 2417 577 ἀλλά
2450 524 2546 577 καὶ
2590 524 2864 593 διψώντων
2902 525 3021 577 κατ’
3053 525 3229 576 ἐκεῖνο
3259 524 3447 594 καιροῦ
3469 564 3485 588 ,
3539 525 3615 587 ὡς
3650 525 3854 595 λέγειν,

637 630 757 692 bus,
798 641 862 681 ac
909 622 1228 685 dicentibus,
1276 639 1295 671 α
1328 620 1512 675 Sitivit
1556 619 1731 673 anima
1772 630 1889 671 mea
1924 618 1990 671 ad
2017 616 2185 672 Deum

637 713 847 779 fortem,
874 719 929 765 et
958 708 1249 769 viventem,
1279 724 1298 757 ι
1354 714 1408 761 tu
1444 706 1567 761 item
1616 705 1735 759 fons
1775 718 1929 769 eras,
1962 706 2053 775 qui
2094 718 2187 759 eos

637 802 814 858 sancti
844 799 1074 869 Spiritus
1120 797 1271 851 alveo
1324 795 1681 867 refrigerabas
1733 804 1894 864 atque
1938 798 2185 865 potabas,

635 907 701 949 ac
725 907 819 948 eos
844 892 1023 945 animo
1049 889 1355 944 deficientes
1384 889 1690 951 recreabas,
1714 887 1967 957 ipsosque
1989 887 2186 943 virtute

635 982 898 1051 unigeniti
934 980 1090 1036 Verbi
1144 979 1216 1033 tui
1261 978 1625 1034 confortabas.
1674 975 1751 1033 Ne
1808 992 1937 1032 vero
1964 977 2077 1033 haec
2120 982 2188 1033 de

635 1088 694 1128 se
742 1075 883 1129 dicta
934 1072 1097 1127 fuisse
1143 1072 1545 1141 suspicarentur
1596 1069 1802 1134 δωσεῖ,
1855 1068 2078 1125 eﬂ'usam
2132 1070 2186 1126 in

635 1177 828 1218 omnes
878 1170 1065 1229 gentes
1111 1159 1310 1216 Christi
1367 1160 1596 1230 gratiam
1648 1160 1950 1215 necessario
2005 1160 2188 1215 adiicit

634 1256 723 1312 bis
754 1255 929 1310 verbis
958 1272 972 1308 :

708 1432 873 1486 Vens.
902 1430 955 1485 6.
999 1448 1017 1483 ι
1048 1430 1116 1486 Et
1157 1430 1316 1484 faciet
1357 1430 1616 1485 Dominus
1659 1428 1893 1484 Sabaoth
1938 1429 2188 1484 omnibus

636 1526 885 1593 gentibus
915 1525 968 1577 in
1003 1530 1183 1577 monte
1216 1524 1335 1576 hoc.
1370 1542 1388 1575 ι
1429 1523 1567 1588 Quid
1596 1538 1725 1578 vero
1755 1522 1955 1576 faciet?
1987 1522 2189 1577 Secuno

635 1616 761 1669 dum
804 1614 1034 1682 reliquos
1079 1613 1289 1682 quidem
1321 1614 1659 1682 interpretes,
1697 1631 1717 1665 ι
1756 1624 2001 1683 ροιυιη,ι
2049 1613 2187 1668 dici-

638 1717 759 1774 tur;
810 1706 1098 1763 secundum
1137 1714 1313 1760 autem
1342 1704 1505 1769 LXX,
1547 1723 1564 1756 ι
1588 1706 1800 1771 Bibent,
1834 1706 2025 1773 inquit,
2054 1706 2188 1760 laeti-

634 1798 791 1861 tiam,
832 1797 1013 1850 bibent
1044 1795 1248 1848 vinum.
1276 1813 1294 1845 ι
1340 1794 1652 1848 Convivium
1683 1810 1811 1867 ergo
1838 1810 1941 1847 non
1981 1794 2185 1859 lsraeli,

2291 633 2318 666 α·
2360 615 2639 685 Ἐδίψησεν
2668 618 2702 684 η
2731 616 2874 686 ψυχή
2910 631 3007 686 μου
3048 614 3185 683 πρὸς
3213 615 3303 668 τὸν
3347 616 3476 669 Θεὸν
3506 617 3598 670 τὸν
3636 617 3854 689 ίσχυρδν

2284 708 2378 759 καὶ
2407 704 2603 770 ζῶντα,
2643 725 2661 757 ι
2702 706 2767 758 σὺ
2800 705 2960 759 πάλιν
2987 701 3131 777 ἦσθα
3152 706 3322 777 πηγὴ,
3371 707 3628 778 δροσίζων
3656 709 3855 771 αὐτοὺς

2286 797 2379 848 καὶ
2399 794 2631 860 ποτίζων
2662 799 2728 866 τῇ
2753 796 2848 849 τοῦ
2871 796 3027 865 άγίου
3056 795 3371 865 Πνεύματος
3390 798 3642 869 ἐπιρροῇ,
3667 797 3766 851 καὶ
3792 799 3858 850 σὺ

2284 887 2383 957 τῆς
2414 886 2759 957 ὀλιγοψυχίας
2803 887 2997 950 αὐτοὺς
3055 888 3299 951 ἀνεκτῶ,
3349 889 3609 960 ἐνισχύων
3658 890 3857 951 αὐτοὺς

2284 982 2350 1051 τῇ
2382 979 2605 1048 δυνάμει
2650 979 2744 1033 τοῦ
2795 960 3114 1049 μονογενοῦς
3164 997 3257 1032 σου
3294 982 3488 1049 Λόγου.
3526 982 3642 1035 ’ῐνα
3688 982 3747 1034 δὲ
3784 979 3859 1051 μὴ

2287 1070 2415 1141 περὶ
2443 1070 2619 1123 αὐτῶν
2669 1069 2840 1123 ταῦτα
2874 1069 3125 1137 λέγεσθαι
3180 1070 3520 1125 ὑπολάϐωσιν
3584 1072 3861 1125 Ἰουδαίων

2287 1162 2492 1224 παῖδες,
2545 1161 2854 1229 ἀναγκαίως
2879 1162 2977 1233 τὴν
3015 1163 3096 1225 είς
3123 1161 3300 1215 πάντα
3344 1162 3409 1215 τά
3442 1162 3568 1232 ῑθνη
3600 1161 3862 1232 χυθεῖσαν

2283 1251 2379 1304 τοῦ
2399 1249 2633 1321 Χριστοῦ
2663 1252 2823 1322 χάριν
2854 1252 3103 1323 ἐπιφέρει
3135 1250 3309 1321 λέγων
3330 1270 3343 1283 ο

2363 1449 2380 1481 r
2419 1430 2527 1485 Καὶ
2564 1431 2775 1501 ποιήσει
2803 1432 2831 1483 6
2859 1431 3063 1502 Κύριος
3098 1428 3322 1483 Σαϐαὼθ
3363 1431 3492 1483 πᾶσι
3532 1432 3644 1492 τοῖς
3680 1429 3860 1484 ἔθνεσι

2286 1521 2377 1573 ἐπὶ
2405 1522 2464 1573 τὸ
2488 1522 2613 1592 ὅρος
2635 1522 2808 1575 τοῦτο.
2850 1540 2868 1572 ι
2925 1523 2989 1574 Τί
3034 1522 3089 1575 δὲ
3133 1523 3379 1591 ποιήσει;
3424 1520 3561 1573 κατὰ
3606 1521 3707 1590 μὲν
3733 1521 3861 1584 τοὺς

2286 1611 2500 1676 λοιποὺς
2524 1614 2883 1685 ἑρμηνευτάς,
2938 1632 2957 1665 ι
2995 1614 3177 1677 πότον,
3210 1632 3229 1665 ι
3275 1612 3400 1683 ἑξῆς
3432 1613 3680 1683 εἴρηται*
3719 1611 3865 1665 κατὰ

2284 1702 2340 1755 δὲ
2379 1704 2505 1767 τοὺς
2541 1703 2957 1774 Ἑϐδομήκοντα,
2997 1722 3015 1755 ι
3052 1705 3293 1771 Πίονται,
3332 1722 3349 1755 ι
3388 1704 3580 1773 φησὶν,
3614 1722 3633 1755 r
3672 1704 3861 1776 εὖφρο-

2290 1793 2477 1863 σύνην,
2511 1794 2723 1846 πίονται
2750 1790 2908 1847 οἶνον.
2949 1814 2967 1845 ι
3013 1794 3319 1866 Συμπόσιον
3343 1795 3521 1847 τοίνυν
3543 1795 3605 1848 ού
3637 1794 3715 1865 τῷ
3752 1796 3861 1848 ἰσ-

638 1901 815 1956 neque
839 1884 1064 1942 Judaico
1096 1885 1309 1955 pupulo,
1361 1886 1454 1939 sed
1484 1885 1731 1940 omnibus
1749 1862 2003 1955 gentibus
2030 1899 2185 1955 para-

2294 1862 2452 1954 ραὴλ,
2489 1883 2609 1936 οὐδὲ
2656 1885 2734 1955 τῷ
2792 1884 3059 1937 Ἰουδαίων
3094 1862 3240 1953 λαῷ,
3290 1886 3422 1938 πᾶσι
3458 1885 3514 1939 6t
3536 1887 3652 1949 τοῖς
3683 1862 3863 1938 ἔθνεσι

634 1988 811 2033 turum
834 1992 955 2033 esse
976 1977 1255 2031 Dominum
1276 1977 1615 2039 vaticinatur,
1642 1991 1746 2031 non
1772 1976 1822 2030 in
1839 1976 2186 2038 convallibus,

631 2082 737 2123 non
771 2069 825 2123 in
854 2069 1097 2139 planitie,
1130 2068 1223 2123 sed
1268 2082 1440 2135 neque
1475 2067 1654 2123 multis
1686 2069 1739 2122 in
1773 2070 2060 2133 montibus,
2097 2084 2190 2122 ne-

631 2172 737 2229 que
768 2160 820 2213 in
860 2159 967 2215 alio
1003 2159 1193 2229 quovis
1245 2166 1445 2222 monte,
1475 2159 1568 2214 sed
1602 2159 1653 2213 in
1688 2159 1797 2226 illo,
1826 2174 1985 2229 quem
2018 2162 2191 2227 expli-

630 2267 761 2308 cans
788 2252 1021 2319 dicebat,
1058 2270 1077 2303 ‹
1100 2252 1361 2318 Quoniam
1397 2251 1641 2320 regnabit
1676 2250 1931 2306 Dominus
1961 2252 2012 2307 in
2040 2269 2192 2307 mon-

629 2342 795 2409 tibus,
837 2352 891 2397 et
930 2342 984 2397 in
1023 2351 1311 2413 conspectu
1342 2344 1615 2398 seniorum
1667 2357 1882 2398 suorum
1927 2344 2189 2414 glorifica-

630 2434 793 2489 bitur.
820 2453 838 2487 ι
879 2432 1012 2489 Nam
1048 2435 1101 2489 in
1141 2444 1320 2489 monte
1364 2434 1514 2504 regni
1558 2436 1663 2501 sui,
1714 2434 1765 2489 in
1809 2448 1916 2504 quo
1962 2435 2187 2505 gloriam

632 2541 783 2581 suam
826 2526 1129 2581 senioribus
1164 2525 1277 2580 suis
1314 2526 1599 2594 prtebebit,
1642 2540 1704 2581 ac
1732 2526 1978 2596 gentibus
2002 2529 2186 2582 convi-

630 2616 774 2669 vium
833 2614 1132 2683 apparabit,
1186 2614 1604 2669 immortalitatis
1654 2623 1835 2682 potum
1885 2614 2016 2684 ipsis
2045 2615 2188 2671 elar-

631 2706 823 2773 gietur.
865 2705 1015 2760 Hunc
1063 2717 1191 2759 vero
1240 2713 1473 2759 montem
1516 2703 1752 2771 explicat
1789 2705 2075 2776 Apostolus
2107 2706 2189 2761 di-

628 2812 756 2852 cens
782 2798 840 2859 ",
883 2815 900 2849 ι
932 2795 1247 2853 Accessistis
1287 2794 1355 2848 ad
1386 2794 1511 2849 Sion
1545 2804 1803 2861 montem,
1828 2804 1886 2852 et
1915 2796 2185 2852 civitatem

627 2886 721 2941 Dei
767 2886 1037 2951 viventis,
1084 2883 1383 2944 Jerusalem
1443 2885 1739 2950 cmleslem,
1791 2895 1853 2940 et
1896 2886 2186 2942 multorum

629 2978 857 3033 millium
901 2977 1213 3048 angelorum
1256 2974 1631 3044 frequentiam,
1662 2986 1717 3030 et
1744 2975 2036 3034 Ecclesiarn
2076 2980 2188 3049 prio

624 3067 959 3134 mitivorum,
985 3066 1073 3137 qui
1104 3066 1356 3135 descripti
1393 3074 1521 3120 sunt
1550 3067 1603 3120 in
1630 3067 1803 3124 caelis.
1828 3086 1848 3121 ι
1883 3067 1997 3125 Hoc
2027 3069 2188 3141 igitur

626 3156 682 3212 in
707 3147 824 3212 loco
848 3157 1149 3221 constituti,
1186 3172 1291 3213 non
1324 3156 1513 3220 Israel,
1556 3158 1650 3213 sed
1675 3167 1935 3227 quotquot
1959 3174 2024 3215 ex
2053 3176 2183 3231 gen-

627 3252 770 3305 tibus
796 3250 1048 3304 omnibus
1084 3248 1538 3319 promissionibus
1568 3249 1773 3319 dignati
1802 3260 1967 3315 sunt,
1999 3250 2187 3307 bibent

626 3340 895 3407 laetitiam,
924 3341 1107 3395 bibent
1146 3340 1270 3394 item
1302 3338 1431 3394 illud
1467 3352 1534 3395 ex
1563 3353 1691 3394 vera
1725 3340 1831 3395 vite
1866 3355 2183 3412 expressum

625 3434 833 3497 vinum,
873 3431 939 3485 de
984 3446 1091 3501 quo
1141 3430 1390 3485 Salvator
1433 3431 1528 3495 ait,
1578 3448 1597 3482 ο
1627 3430 1740 3486 Non
1785 3432 1968 3503 utique
2004 3435 2183 3489 bibam

627 3520 776 3584 illud,
816 3519 985 3572 donec
1015 3519 1192 3573 bibam
1220 3517 1349 3572 illud
1382 3532 1581 3570 novum
1617 3517 1894 3574 vobiscum
1926 3520 1981 3574 in
2018 3534 2185 3591 regno

627 3609 890 3664 εωίοῐιιιιι
918 3610 984 3663 ¹⁶.
1014 3627 1032 3660 ι

699 3785 867 3839 Vens.
904 3788 958 3840 7.
1016 3804 1035 3838 ι
1069 3786 1348 3857 Ungenlur
1401 3797 1673 3859 unguento
1732 3790 1784 3843 in
1837 3800 2017 3845 monte
2061 3790 2184 3845 hoc.

626 3872 805 3928 Trade
837 3875 1016 3928 omnia
1063 3875 1177 3931 haec
1206 3876 1460 3944 gentibus
1497 3894 1512 3932 :
1564 3878 1846 3934 consilium
1890 3878 2033 3933 enim
2082 3880 2188 3933 hoc

628 3980 790 4033 super
834 3981 1025 4021 omnes
1067 3977 1270 4037 gentes.
1302 3988 1321 4021 ι
1383 3968 1582 4023 [lorum
1628 3984 1793 4039 porro
1840 3970 2102 4040 imagines
2130 3980 2189 4026 et

628 4058 867 4127 symbola
900 4058 950 4112 in
988 4060 1260 4129 mysteriis
1308 4063 1430 4114 novi
1470 4060 1797 4116 Testamenti
1852 4076 1948 4131 per
1995 4063 2187 4133 mysti-

626 4166 749 4203 cum
781 4151 1017 4205 chrisma
1045 4161 1099 4206 et
1126 4151 1410 4205 salutarem
1442 4154 1755 4221 sanguinem
1791 4154 1943 4207 nobis
1966 4152 2185 4208 tradidit

626 4240 967 4312 evangelicus
994 4257 1203 4305 sermo;
1235 4250 1293 4295 ut
1327 4242 1379 4294 in
1419 4242 1502 4297 bis
1533 4244 1763 4311 probati,
1797 4245 1960 4299 etiam
2000 4245 2185 4299 melio-

627 4349 746 4387 rum
806 4333 1093 4403 participes
1144 4334 1362 4388 simus:
1398 4335 1596 4389 etenim
1648 4333 1808 4389 Israel
1863 4337 1948 4389 bis
1995 4336 2184 4405 dignus

625 4436 733 4476 non
790 4431 896 4476 est.
953 4408 1418 4489 Quemadmodum
1474 4434 1654 4477 autem
1710 4424 1833 4492 quis
1886 4426 2183 4492 depositum

2292 1976 2731 2047 παρασκευάσειν
2762 1976 2853 2029 τὸν
2897 1976 3099 2049 Κύριον
3130 1977 3187 2029 tv
3218 1974 3428 2039 τούτοις
3467 1975 3732 2041 θεσπίζει,
3761 1976 3864 2031 οὐκ

2290 2068 2346 2119 tv
2375 2065 2725 2137 κοιλώμασιν,
2765 2068 2887 2120 οὐδὲ
2914 2070 2972 2122 tv
2992 2067 3292 2138 φάραγξιν,
3331 2067 3452 2121 οὐδὲ
3482 2069 3540 2121 tv
3574 2067 3825 2123 πεδιάσιν
3845 2083 3863 2098 ⁸

2288 2157 2400 2211 ἀλλ’
2455 2159 2576 2211 οὐδὲ
2627 2160 2685 2211 tv
2740 2158 2951 2222 πολλοῖς
2994 2160 3197 2231 ὕρεσιν,
3248 2158 3356 2213 οὐδ’
3386 2158 3461 2223 ὡς
3508 2159 3697 2231 ἔτυχεν
3744 2158 3864 2224 ινδς

2286 2249 2473 2319 ὄρους’
2501 2251 2615 2303 ἀλλ’
2663 2252 2722 2303 tv
2765 2250 2975 2320 ἐκείνῳ,
3004 2252 3139 2322 ὅπερ
3158 2250 3371 2316 δεικνὺς
3409 2250 3631 2319 ἔλεγεν·
3671 2270 3689 2303 ‹
3737 2250 3868 2306 Ὀτι

2288 2338 2595 2410 βασιλεύσει
2629 2341 2832 2413 Κύριος
2864 2343 2922 2394 tv
2958 2342 3133 2413 ὄρεσι,
3181 2344 3273 2397 καὶ
3320 2342 3550 2397 ινώπιον
3582 2343 3690 2396 τῶν
3723 2360 3863 2415 πρε-

2288 2428 2564 2501 σϐυτέρων
2595 2429 2761 2483 αὐτοῦ
2802 2429 3212 2501 δοξασθήσεται.
3254 2449 3273 2483 ι
3323 2432 3411 2486 Ἐν
3461 2430 3569 2504 γάρ
3613 2430 3694 2501 τῷ
3744 2431 3865 2503 ὄρει

2284 2520 2379 2590 τῆς
2408 2518 2600 2573 ἑαυτοῦ
2632 2519 2927 2589 βασιλείας,
2953 2520 3009 2572 tv
3037 2512 3083 2587 ᾧ
3108 2520 3202 2574 καὶ
3228 2520 3325 2590 τὴν
3346 2516 3503 2584 δόξαν
3524 2516 3718 2571 ἑαυτοῦ
3750 2519 3868 2581 τοῖς

2286 2606 2476 2662 ἑαυτσῦ
2525 2607 2919 2680 πρεσϐυτέροις
2961 2608 3210 2680 παρέξει,
3269 2610 3364 2663 καὶ
3414 2611 3525 2672 τοῖς
3575 2607 3752 2662 ἔθνεσι
3798 2607 3867 2662 τὺ

2288 2699 2587 2771 συμπόσιον
2620 2700 3072 2771 παρασκευάσας,
3107 2698 3173 2754 τδ
3204 2699 3302 2771 τῆς
3335 2697 3635 2763 ἀθανασίας
3676 2699 3866 2764 αὐτοῖς

2286 2790 2447 2844 ποτὸν
2474 2791 2793 2863 δωρήσεται.
2827 2791 3131 2863 Παρίστησι
3237 2790 3300 2843 τὺ
3322 2790 3449 2862 ὅρος
3471 2791 3500 2843 6
3539 2790 3866 2855 ’Δπόστολος

2285 2880 2485 2936 είπών·
2512 2901 2531 2935 t
2556 2882 3003 2954 Προσεληλύθατε
3048 2882 3186 2938 Σιὼν
3230 2883 3343 2955 θρει
3367 2922 3382 2947 ,
3417 2883 3511 2938 καὶ
3542 2882 3693 2937 πόλει
3721 2882 3866 2936 Θεοῦ

2289 2969 2486 3035 ζῶντος
2526 2971 2880 3043 Ἰερουσαλὴμ
2907 2971 3236 3043 ἐπουρανίῳ,
3282 2973 3376 3025 καὶ
3413 2972 3667 3044 μυριάσιν
3695 2972 3865 3042 ἀγγέ-

2285 3060 2392 3115 λων
2448 3062 2776 3135 πανηγύρει,
2821 3065 2917 3117 καὶ
2964 3063 3259 3134 Ἐκκλησία
3309 3054 3672 3138 πρωτοτόκων
3717 3066 3865 3119 ἀπο-

2288 3157 2692 3226 γεγραμμένων
2737 3156 2794 3210 tv
2840 3156 3109 3226 οὐρανοῖς.
3177 3171 3197 3207 ι
3262 3156 3525 3211 Ἐνταῦθα
3559 3158 3737 3211 τοίνυν
3768 3172 3867 3225 γε·

2286 3244 2521 3317 νόμενοι,
2544 3247 2645 3317 οὐχ
2662 3248 2691 3299 6
2728 3246 2964 3319 Ἰσραὴλ,
2992 3246 3105 3301 ἀλλ’
3131 3247 3181 3301 oi.
3206 3246 3267 3311 ἐξ
3285 3247 3535 3303 ἁπάντων
3559 3249 3668 3303 τῶν
3690 3249 3866 3304 ὲθνιῖιν

2288 3336 2699 3409 καταξιούμενοι
2730 3338 2840 3391 τῶν
2873 3338 3214 3407 ἐπαγγελιῶν
3246 3338 3459 3393 πίονται
3489 3338 3860 3413 εὐφροσύνην,

2288 3430 2381 3483 καὶ
2412 3429 2624 3482 πίονται
2648 3429 2738 3481 τὸν
2767 3430 2832 3481 ὲκ
2854 3429 2952 3500 τῆς
2979 3428 3237 3501 ἀληθινῆς
3265 3430 3509 3502 ἀμπέλου
3537 3426 3705 3495 οἶνον,
3733 3433 3863 3506 περὶ

2285 3514 2345 3574 οὗ
2372 3522 2401 3573 6
2431 3520 2623 3590 Σωτὴρ
2649 3520 2800 3588 ἔλεγε
2825 3535 2839 3550 ο
2883 3540 2901 3571 ι
2944 3521 3021 3574 Οὐ
3049 3519 3155 3591 μὴν
3181 3521 3292 3574 πίω
3322 3521 3503 3587 αὑτὸν,
3530 3521 3635 3587 ἓως
3664 3523 3731 3576 ἂν
3752 3524 3865 3578 πίω

2287 3609 2455 3661 αὐτὸν
2498 3607 2683 3662 καινὸν
2722 3609 2840 3681 μεθ’
2885 3608 3041 3679 ὑμῶν
3081 3610 3141 3665 tv
3170 3612 3236 3683 τῇ
3288 3609 3531 3683 βασιλείᾳ
3561 3612 3668 3666 τῶν
3697 3612 3863 3685 ούραο

2290 3714 2412 3751 νων.
2453 3716 2469 3747 ι

2362 3807 2381 3841 ι
2421 3788 2713 3860 Χρίσονται
2758 3789 2925 3862 μύρον
2971 3791 3030 3845 tv
3078 3789 3158 3863 τῷ
3209 3791 3326 3865 ὄρει
3370 3791 3563 3864 τούτῳ.
3612 3793 3861 3865 Παράδος

2287 3879 2461 3936 ταῦτα
2504 3882 2680 3935 πάντα
2716 3885 2825 3945 τοῖς
2860 3882 3069 3936 ἔθνεσιν
3096 3897 3111 3912 ·
3150 3884 3183 3955 ὴ
3236 3882 3346 3956 γὰρ
3376 3884 3538 3956 βουλὴ
3581 3884 3723 3956 αὕτη
3769 3887 3864 3939 ἐπὶ

2291 3972 2469 4027 πάντα
2500 3972 2569 4026 τὰ
2600 3972 2747 4043 ἔθνη.
2792 3991 2810 4024 ι
2848 3973 3061 4028 Τούτων
3086 3973 3143 4028 6t
3171 3974 3385 4038 είκόνας
3416 3975 3550 4047 ἡμῖν
3586 3974 3681 4028 καὶ
3718 3973 3861 4047 σύμο

2289 4061 2419 4115 ϐολα
2443 4063 2501 4114 tv
2530 4065 2643 4125 τοῖς
2678 4063 2999 4134 μυστηρίοις
3018 4062 3117 4135 τῆς
3145 4066 3339 4137 καινῆς
3366 4064 3638 4136 Διαθηκης
3656 4064 3746 4118 διὰ
3765 4064 3863 4120 τοῦ

2291 4155 2552 4225 μυστικοῦ
2596 4155 2892 4227 χρίσματος
2947 4157 3042 4211 καὶ
3094 4155 3189 4211 τοῦ
3237 4158 3504 4230 σωτηρίου
3554 4158 3784 4228 αἵματος
3830 4159 3863 4213 ό

2287 4246 2640 4315 εὐαγγελικὸς
2672 4248 3025 4319 παραδέδωκε
3059 4249 3216 4319 λόγος
3248 4266 3261 4281 ·
3293 4250 3401 4318 ἶνα,
3444 4254 3503 4306 tv
3533 4251 3742 4316 τούτοις
3768 4251 3861 4308 δο-

2288 4337 2666 4409 κιμασθέντες,
2711 4340 2805 4392 καὶ
2828 4340 2936 4394 τῶν
2971 4342 3293 4413 κρειττόνων
3337 4341 3731 4413 μεταλάϐωμεν
3758 4358 3778 4376 ο
3828 4345 3863 4397 6

2286 4430 2395 4500 γὰρ
2436 4430 2654 4501 Ἰσραὴλ
2688 4430 2788 4484 οὐκ
2814 4430 2963 4496 άξιος
2990 4432 3212 4487 τούτων.
3250 4435 3462 4506 Ὥσπερ
3490 4435 3547 4488 δέ
3579 4453 3663 4499 τις
3689 4452 3862 4509 παραρ

625 4526 746 4566 cum
802 4527 1047 4567 mensura
1110 4515 1307 4582 tradit,
1360 4516 1476 4579 sic,
1534 4515 1729 4583 inquit,
1780 4516 2059 4585 mysticum
2114 4518 2181 4572 de

2285 4521 2592 4593 καταθήκην
2623 4523 2680 4575 tv
2698 4523 2878 4595 μέτρῳ
2901 4524 3428 4596 παραδίδωσι,οὓτω,
3452 4526 3860 4601 φησὶ,τὸνπερὶ

626 4602 896 4671 praedictis
951 4605 1111 4656 rebus
1167 4617 1472 4658 sermonem
1545 4608 1695 4658 trade
1756 4604 2004 4659 omnibus
2056 4618 2185 4674 gen-

630 4694 772 4746 tibus
828 4706 843 4745 :
902 4708 1024 4746 nam
1090 4693 1191 4748 hoc
1251 4696 1537 4751 consilium
1597 4710 1760 4765 super
1811 4709 2001 4750 omnes
2051 4710 2179 4765 geu-

626 4791 707 4839 tea
736 4791 836 4838 est.

695 4874 857 4931 Vsus.
886 4875 938 4930 8.
978 4893 998 4928 ι
1020 4876 1304 4948 Absorpsit
1341 4892 1487 4933 mors
1521 4877 1816 4951 praevalens
1838 4918 1854 4944 ,
1900 4889 1957 4933 et
1997 4893 2183 4935 rursus

623 4966 842 5020 abstulit
870 4966 1011 5023 Deus
1040 4984 1253 5023 omnem
1283 4968 1574 5040 lacrymam
1606 4973 1673 5024 ab
1698 4970 1843 5025 omni
1871 4969 2018 5024 vultu
2050 4987 2063 5025 :
2094 4985 2182 5039 ορο

622 5054 903 5122 probrium
953 5056 1135 5125 pepuli
1186 5058 1409 5113 abstulit
1457 5060 1525 5112 ab
1586 5060 1835 5114 universa
1886 5068 2077 5114 terra:
2119 5074 2182 5114 os

623 5146 766 5201 enim
793 5145 1007 5202 Domini
1034 5148 1271 5203 locutum
1295 5159 1396 5203 est.
1424 5168 1442 5200 ι
1480 5148 1617 5204 Tum
1645 5151 1829 5219 igitur,
1856 5166 1977 5205 cum
2008 5152 2181 5207 sancti

624 5251 725 5289 una
774 5253 895 5291 cum
942 5238 1079 5293 Filio
1130 5241 1223 5295 Dei
1278 5240 1619 5312 regnabunt,
1672 5243 1781 5310 ipsa
1839 5258 2002 5307 mors,
2063 5258 2182 5312 quite

623 5328 748 5381 olim
776 5329 1104 5399 deglutiebat
1132 5347 1262 5399 eos,
1285 5335 1506 5389 omnino
1536 5334 1929 5390 absorbebitur.
1959 5336 2065 5391 Pro
2090 5336 2179 5390 illa

623 5429 824 5485 autem,
856 5423 959 5476 erit
988 5426 1179 5479 unctio.
1212 5440 1317 5494 qua
1368 5427 1694 5495 inungentur
1735 5442 1921 5481 omnes
1971 5436 2175 5499 gentes.

624 5510 829 5565 Etenim
862 5516 1004 5569 uncti
1052 5516 1138 5571 illo
1170 5529 1461 5586 unguento,
1507 5534 1613 5572 non
1647 5520 1787 5573 ultra
1816 5523 1973 5575 morti
2019 5532 2183 5576 erunt

626 5605 835 5658 obnoxii
862 5647 875 5670 ,
916 5610 1009 5663 sed
1041 5610 1458 5665 immortalitatis
1491 5621 1545 5665 et
1570 5622 1786 5665 asteruae
1818 5613 1935 5667 vita:
1962 5628 2179 5670 consor-

626 5804 669 5836 “
721 5804 879 5859 Hebr.
908 5821 1003 5871 xit,
1033 5808 1128 5860 22.
1207 5811 1247 5841 ¹⁶
1274 5808 1457 5865 Matth.
1491 5824 1635 5871 nu,
1673 5810 1757 5865 29.

2285 4612 2391 4664 τῶν
2437 4612 2732 4683 λεχθέντων
2786 4615 3045 4686 μυστικὸν
3096 4616 3254 4683 λόγον
3296 4616 3534 4689 παράδος
3566 4619 3700 4672 πᾶσι
3746 4622 3857 4684 τοῖς

2286 4704 2461 4758 ἔθνεσι
2489 4722 2501 4735 ·
2533 4708 2627 4760 καὶ
2655 4707 2761 4783 γὰρ
2787 4708 2951 4780 βουλὴ
2980 4708 3118 4778 αὕτη
3146 4709 3240 4762 ἐπὶ
3270 4709 3447 4764 πάντα
3462 4710 3532 4765 τὰ
3562 4710 3710 4782 ἔθνη.

2356 4904 2374 4936 ι
2418 4885 2693 4942 Κατέπιεν
2712 4889 2740 4939 6
2764 4887 2989 4951 θάνατος
3010 4886 3251 4957 ἰσχύσας,
3268 4889 3365 4942 καὶ
3378 4887 3541 4943 πάλιν
3564 4888 3805 4957 ἀφεῖλειν
3828 4890 3870 4944 ό

2281 4975 2412 5041 Θεὸς
2436 4979 2544 5031 πᾶν
2568 4978 2799 5048 δάκρυον
2828 4980 2936 5032 ἀπὸ
2957 4980 3154 5044 παντὸς
3184 4980 3477 5053 προσώπου
3501 4997 3514 5010 ·
3551 4980 3611 5034 τὸ
3653 4981 3859 5048 ὖνεῶος

2276 5065 2373 5121 τοῦ
2408 5068 2535 5122 λαοῦ
2566 5072 2783 5137 ἀφεῖλεν
2802 5071 2908 5124 ἀπὸ
2932 5071 3113 5143 πάσης
3139 5073 3237 5143 τῆς
3260 5072 3366 5143 γῆς
3389 5088 3403 5103 θ
3440 5072 3500 5126 τὸ
3522 5071 3632 5142 γὰρ
3677 5072 3856 5144 στόμα

2274 5159 2477 5231 Κυρίου
2498 5161 2743 5230 ὲλάλησε.
2771 5179 2788 5211 ι
2811 5162 2939 5215 Τότε
2957 5162 3153 5228 τοίνυν,
3171 5165 3258 5217 ὅτε
3284 5164 3362 5235 τῷ
3395 5164 3509 5234 Υίῷ
3530 5164 3624 5217 τοῦ
3647 5163 3783 5220 Θεοῦ
3804 5165 3857 5219 οἱ

2278 5251 2421 5319 άγιοι
2451 5252 2984 5322 συμϐασιλεύσουσιν,
3017 5256 3177 5320 αὐτὸς
3203 5258 3231 5309 6
3257 5256 3484 5319 θάνατος
3501 5259 3529 5310 6
3560 5256 3729 5310 πάλαι
3756 5275 3857 5312 κα-

2280 5344 2521 5397 ταπίνων
2534 5346 2748 5411 αὐτοὺς,
2770 5348 2981 5411 πάντως
3010 5349 3466 5421 καταποθήσεται.
3486 5350 3629 5402 Ἀντὶ
3648 5348 3707 5403 δὲ
3734 5351 3860 5405 τού-

2284 5453 2377 5488 του
2407 5436 2557 5490 ἔσται
2588 5439 2619 5507 η
2654 5439 2830 5508 χρίσις
2866 5443 2898 5512 ἡ
2930 5442 3259 5513 κεχρισμένη
3289 5443 3372 5504 είς
3399 5442 3572 5496 πάντα
3606 5442 3673 5497 τά
3703 5443 3855 5516 ἔθνη.

2284 5526 2606 5597 Χρισθέντες
2659 5529 2766 5600 γάρ
2816 5530 2893 5601 τῷ
2932 5533 3228 5603 χρίσματι,
3286 5533 3469 5587 οὐκέτι
3536 5536 3859 5607 γενήσονται

2284 5618 2581 5689 ὑποχείριοι
2612 5622 2691 5691 τῷ
2722 5622 2933 5693 θανάτῳ
2955 5641 2967 5655 ·
3006 5625 3300 5690 ἀθανασίας
3324 5626 3382 5680 5t
3416 5627 3506 5681 καὶ
3541 5626 3689 5699 ζωῆς
3723 5630 3863 5689 αἰω-
