4100 6424
211 435 317 488 369

1163 429 1666 486 (ΞΟΜΜΕΝΤΑΒΙΛ
1702 427 1772 486 IN
1812 428 2065 481 ISAIAM.
2106 456 2173 466 -—-
2207 428 2360 479 (ZAI’.
2403 422 2591 480 XXVI.

3402 426 3506 476 2'30

212 548 330 600 νίου
366 549 736 620 μετέχοντες,
771 551 860 602 τδν
893 549 1124 603 θάνατον
1149 550 1507 621 ἁνενέργητον
1535 551 1628 603 καὶ
1649 550 1829 617 ῶσπερ

1943 557 2045 610 tes,
2077 555 2308 599 mortem
2340 543 2666 597 imbecillam
2697 551 2748 596 et
2778 542 2934 611 quasi
2961 550 3224 595 mortuam
3258 541 3503 597 reddent.

212 642 418 710 νεκρὸν
442 643 877 712 καταστήσουσι.
928 642 1062 694 Ἀλλ’
1087 641 1240 711 ὁμῶς
1263 642 1291 692 ό
1322 641 1702 710 φιλάνθρωπος
1724 640 1832 692 τῶν

217 729 546 800 ἀνθρώπων
589 730 806 800 Σωτὴρ,
841 731 1148 800 ῥυσάμενος
1191 728 1285 782 τοῦ
1331 729 1563 783 θανάτου
1597 729 1696 790 τὰς
1725 728 1832 780 τῶν

219 820 547 891 ἀνθρώπων
601 819 805 888 ψυχὰς,
850 820 948 888 τῆς
984 835 1042 871 τε
1085 818 1348 871 πολυθέου
1385 820 1478 872 καὶ
1515 819 1831 888 δαιμονικῇς

221 913 448 979 πλάνης
494 910 896 982 ἐλευθερώσας,
932 911 1120 979 ἀφεῖλε
1156 913 1262 962 πᾶν
1290 910 1525 981 δάκρυον
1565 911 1672 962 ἀπὸ
1699 927 1832 961 παν-

219 1002 313 1064 τὸς
369 1001 710 1072 προσώπου.
775 1002 1014 1064 Ὀνειδος
1062 1001 1123 1054 δὲ
1179 996 1247 1070 ἦν
1298 1003 1395 1054 τοῦ
1454 1001 1584 1054 λαοῦ
1633 1002 1726 1054 τοῦ
1773 1001 1832 1066 ἐξ

219 1095 400 1148 ὲθνῶν
468 1097 504 1163 ὴ
563 1096 892 1166 κρατήσασα
943 1093 1125 1146 αὐτῶν
1183 1093 1598 1164 είδωλολατρεία
1630 1111 1642 1122 ⁸
1699 1095 1832 1163 ὅπερ

219 1184 434 1246 ὄνειδος
473 1185 707 1252 ἀφεῖλεν
753 1185 780 1235 ό
811 1184 974 1246 Θεὸς,
1012 1184 1109 1236 καὶ
1156 1182 1216 1236 τὸ
1253 1183 1344 1236 ἐπὶ
1371 1183 1548 1254 τούτῳ
1578 1184 1829 1253 δάκρυον,

221 1275 336 1328 τῶν
367 1275 470 1328 διὰ
496 1277 599 1345 τὴν
629 1275 1035 1346 φιλανθρωπίαν
1066 1275 1166 1346 τὴν
1195 1275 1302 1328 τῶν
1340 1276 1611 1329 τοσούτων
1646 1275 1833 1345 ψυχῶν

224 1365 704 1435 ἀποκλαιομένων
731 1363 1021 1417 ἀπώλειαν.
1060 1364 1296 1426 Ὀνειδος
1322 1365 1431 1434 γαρ
1458 1359 1526 1433 ἦν
1551 1363 1610 1416 οὐ
1641 1363 1834 1434 μικρὸν

220 1459 340 1518 τοίς
375 1457 509 1510 κατ’
564 1456 754 1509 εἰκόνα
804 1454 897 1508 τοῦ
951 1455 1086 1508 Θεοῦ
1119 1456 1509 1527 πεποιημένοις
1560 1456 1622 1507 τὸ
1672 1457 1834 1507 ἐκπε-

225 1550 344 1600 σεῖν
395 1549 502 1618 τῆς
554 1547 782 1601 αίωνίου
831 1547 974 1615 ζωῆς
1030 1548 1121 1598 καὶ
1175 1547 1392 1615 θανάτῳ
1440 1545 1831 1615 ὑποϐληθῆναι.

234 1639 383 1691 Ἀλλ’
441 1637 752 1709 ἀρθήσεται
803 1637 863 1689 τὸ
910 1637 1130 1701 δνειδος,
1171 1636 1263 1689 τοῦ
1297 1639 1394 1707 μὲν
1429 1637 1657 1690 θανάτου
1701 1653 1837 1688 κατ-

1934 637 2208 690 Αιιειιηεη·
2235 636 2474 690 clemens
2517 634 2609 688 ille
2650 633 2928 690 hominum
2978 632 3269 699 Servator,
3305 636 3505 702 ereptis

1933 740 1964 780 a
2008 737 2180 780 morte
2229 737 2390 791 atque
2439 739 2467 778 a
2515 724 2893 793 superstitioso
2935 732 2990 779 et
3031 723 3294 778 diabolico
3326 727 3505 778 numi-

1935 833 2058 870 num
2109 831 2293 870 errore
2327 815 2575 869 liberalis
2613 813 2897 868 animabus
2928 813 3227 876 hominum,
3277 814 3507 869 abstulit

1933 921 2145 960 onmem
2203 906 2494 977 lacrymam
2534 906 2604 959 ab
2643 905 2788 958 omni
2817 905 2986 958 vultu.
3016 903 3378 974 Opprobrium
3411 921 3508 959 au-

1935 1007 2041 1050 tem
2088 995 2268 1067 populi
2297 1010 2363 1051 ex
2408 997 2659 1066 gentibus
2688 1007 2805 1050 erat
2851 996 3152 1051 idololatria
3189 1011 3359 1066 penes
3389 997 3510 1054 illos

1932 1089 2182 1144 obtinens
2218 1107 2232 1142 :
2273 1090 2414 1160 quod
2448 1087 2799 1160 opprobrium
2836 1100 2890 1142 et
2925 1089 3191 1158 lacrymas
3231 1091 3355 1145 inde
3386 1105 3514 1147 con-

1934 1190 2222 1249 sequentes
2257 1182 2480 1236 abstulit
2517 1182 2681 1246 Deus,
2723 1183 2786 1234 iis
2842 1181 2933 1250 qui
2964 1180 3035 1232 ob
3079 1183 3379 1239 humanum
3428 1185 3519 1242 al'u

1935 1269 2132 1323 fectum
2183 1272 2486 1323 animarum
2538 1268 2846 1337 huiusmodi
2901 1269 3206 1337 perniciem
3243 1272 3526 1345 lugebant.

1937 1361 2080 1414 Sane
2131 1361 2482 1430 Opprobrium
2537 1375 2647 1414 non
2696 1360 2968 1414 modicum
3023 1372 3145 1416 erat
3201 1363 3269 1420 iis
3315 1369 3406 1438 qui
3458 1374 3538 1427 ad

1939 1453 2225 1523 imaginem
2268 1452 2361 1506 Dei
2399 1452 2600 1505 conditi
2649 1461 2846 1514 erant,
2891 1451 3040 1519 quod
3083 1469 3113 1508 a
3165 1457 3273 1510 vita
3323 1469 3529 1516 aeterna

1939 1543 2251 1598 laberentur
2276 1558 2338 1597 ac
2368 1544 2527 1596 morti
2559 1543 2979 1611 subjicerentur.
3020 1543 3126 1598 Sed
3162 1549 3520 1616 approbrium

1940 1635 2242 1698 auferetur.
2277 1635 2449 1690 deleta
2483 1646 2677 1698 morte,
2711 1635 3052 1703 tenebrisque
3082 1635 3327 1690 sublatis.
3357 1637 3514 1692 Chri-

221 1730 574 1800 αργηθὲντος
651 1729 744 1780 xal.
783 1727 877 1780 τοῦ
920 1728 1141 1791 σκότους
1187 1728 1574 1795 ἀφανισθέντος
1600 1743 1611 1753 '
1648 1727 1747 1796 τῆς
1782 1725 1829 1778 δὲ

1942 1729 2011 1782 sti
2043 1740 2225 1783 autem
2260 1743 2426 1799 regno
2453 1728 2505 1781 in
2537 1737 2741 1781 aeterna
2776 1727 2881 1780 vita
2915 1726 3173 1796 fulgente.
3204 1727 3296 1782 illo
3327 1727 3511 1783 fruen-

235 1821 336 1875 τοῦ
376 1822 631 1894 Χριστοῦ
684 1821 954 1891 βασιλείας
1003 1821 1204 1890 αίωνίῳ
1248 1821 1360 1891 ζωῇ
1400 1821 1837 1890 διαλαμπούσης,

1945 1829 2030 1873 tur
2069 1821 2102 1873 ii
2139 1835 2206 1875 ex
2255 1819 2542 1888 gentibus,
2585 1819 2676 1888 qui
2726 1832 2754 1870 a
2805 1818 3045 1886 pristinis
3088 1819 3303 1888 quidem
3356 1820 3516 1876 malis

227 1913 653 1968 ἀπολαύσουσιν
681 1915 730 1964 οἱ
759 1913 816 1979 ἐξ
842 1913 1097 1965 ἁπάντων
1116 1913 1224 1964 τῶν
1247 1912 1415 1965 ὲθνῶν
1443 1913 1552 1964 τῶν
1577 1913 1676 1981 μὲν
1702 1927 1829 1980 προ-

1937 1911 2108 1981 erepti
2141 1919 2304 1975 sunt,
2342 1920 2398 1965 et
2432 1912 2522 1978 qui
2557 1910 2835 1978 promissis
2864 1908 2956 1962 Dei
2999 1911 3367 1967 donabuntur.

224 2007 415 2078 τέρων
467 2006 911 2075 ἠλευθερωμένοι
971 2005 1178 2069 κακῶν,
1217 2004 1326 2058 τῶν
1382 2005 1437 2057 δὲ
1490 2003 1833 2072 ἐπαγγελιῶν

223 2094 368 2149 Θεοῦ
405 2085 968 2167 καταξαυθησόμενοι.

302 2202 324 2235 ι
357 2186 475 2238 Καὶ
503 2183 696 2255 ἐροῦσι
726 2186 791 2253 τῇ
819 2185 1001 2255 ἡμέρᾳ
1029 2183 1212 2256 ἐκείνῃ
1233 2201 1247 2213 °
1288 2184 1416 2238 Ἰδοὺ
1464 2185 1492 2236 ὁ
1517 2185 1647 2247 Θεὸς
1677 2183 1834 2254 ἡμῶν

229 2277 318 2346 ἐφ’
353 2270 782 2346 ᾧήλπίζομεν,
832 2277 924 2331 καὶ
971 2277 1134 2331 σώσει
1182 2280 1351 2349 ἡμᾶς.
1395 2275 1560 2342 Οὗτος
1609 2279 1833 2350 Κύριος,

229 2368 620 2440 ὑπεμείναμεν
654 2367 801 2438 αὐτῷ
836 2370 928 2422 καὶ
959 2369 1366 2440 ἠγαλλιώμεθα,
1401 2371 1494 2423 καὶ
1527 2370 1835 2443 εὐφρανθη-

229 2457 449 2527 σόμεθα
489 2459 584 2510 ἐπὶ
614 2459 683 2527 τῇ
719 2458 958 2529 σωτηρίᾳ
1000 2457 1180 2528 ἡμῶν.
1222 2459 1552 2512 ’Δνάπαυσιν
1595 2460 1756 2512 δώσει
1806 2464 1835 2513 ό

227 2547 368 2612 Θεὸς
401 2550 496 2602 ἐπὶ
533 2549 596 2602 τὸ
624 2549 749 2620 δρος
779 2548 952 2603 τοῦτο.
994 2569 1010 2600 ι
1034 2551 1452 2614 Καταποθέντος
1482 2552 1576 2605 τοῦ
1599 2553 1833 2607 θανάτου

228 2642 381 2694 κατὰ
413 2641 508 2693 τὸν
530 2641 634 2710 τῆς
666 2641 1012 2706 ἀναστάσεως
1056 2644 1267 2714 καιρὸν,
1293 2645 1342 2695 οἱ
1377 2643 1470 2695 τοῦ
1494 2644 1614 2696 νέου
1641 2644 1837 2707 αίῶνος

231 2733 348 2785 υἱοὶ
395 2735 463 2804 τῇ
506 2734 695 2806 ἡμέρα
721 2734 900 2806 ἐκείνῃ
945 2735 1357 2806 εὐχαριστήριον
1400 2735 1619 2806 ᾴσουσιν
1665 2735 1832 2805 ᾠδὴν,

233 2821 482 2894 δρῶντες
526 2825 585 2875 ιν
626 2823 755 2895 δόξῃ
789 2826 878 2878 τὸν
921 2825 1130 2878 ἑαυτῶν
1161 2825 1407 2895 Σωτῆρα,
1454 2826 1546 2878 καὶ
1581 2824 1832 2894 ἐροῦσινο

238 2931 260 2966 s
314 2914 451 2968 Ἰδοὺ
483 2912 511 2964 ὀ
551 2912 686 2978 Θεὸς
713 2915 872 2986 ἡμῶν
920 2915 1006 2984 ἐφ’
1035 2908 1080 2983 ᾧ
1111 2914 1430 2985 ἠλπίζομεν.
1472 2935 1489 2965 s
1529 2916 1703 2968 Πάλαι
1737 2916 1834 2984 μὲν

230 3006 349 3076 γὰρ
398 3005 562 3060 αὑτὸν
625 3008 685 3059 ὲν
737 3005 946 3060 ιλπίσιν
1002 3008 1251 3078 εἴχομεν,
1315 3008 1659 3071 πιστεύοντες
1713 3010 1833 3071 ταῖς

235 3097 412 3160 θείαις
433 3099 567 3168 περί⁵
593 3096 758 3150 αὐτοῦ
785 3097 1156 3161 διδασκαλίαις
1175 3115 1188 3127 ·
1218 3097 1312 3150 νῦν
1338 3097 1391 3150 δὲ
1417 3099 1512 3151 καὶ
1533 3098 1833 3166 sesama;

2008 2181 2174 2236 Vsus.
2205 2182 2260 2245 9,
2291 2181 2382 2236 ιο.
2419 2200 2437 2233 ι
2463 2183 2526 2237 Et
2573 2180 2754 2236 dicent
2788 2183 2840 2235 in
2883 2181 2973 2237 illa
3021 2181 3106 2237 die
3131 2224 3146 2247 ,
3190 2183 3330 2240 Ecce
3371 2185 3515 2242 Deus

1938 2285 2140 2339 noster,
2176 2275 2230 2328 in
2275 2289 2381 2344 quo
2426 2275 2815 2343 sperabamus,
2860 2286 2912 2328 et
2962 2273 3193 2329 salvabit
3234 2291 3353 2331 nos.
3404 2277 3512 2333 Iste

1939 2364 2225 2428 Dominus,
2253 2363 2610 2419 sustinuimus
2639 2377 2785 2426 eum,
2818 2371 2872 2418 et
2896 2363 3301 2419 exsultabamus
3330 2376 3385 2420 et
3416 2368 3498 2422 ltr-

1938 2457 2173 2512 tabimur
2203 2459 2256 2512 in
2288 2457 2465 2513 salute
2511 2467 2718 2511 nostra.
2772 2454 3030 2524 Requiem
3067 2459 3216 2511 dabit
3248 2456 3388 2514 Deus
3417 2476 3493 2516 su-

1937 2564 2034 2618 per
2065 2558 2299 2602 montem
2329 2547 2490 2602 liuuc.
2525 2567 2543 2598 ι
2589 2548 2857 2616 Absorpta
2889 2552 3507 2607 morte.resurrectionis

1939 2652 2220 2710 tempore,
2273 2641 2397 2695 novi
2459 2640 2643 2696 δεδευίί
2696 2639 2789 2694 lilii
2839 2641 2890 2694 in
2938 2641 3025 2694 illa
3080 2641 3169 2696 die
3214 2644 3514 2712 gratiarum

1936 2735 2166 2788 actionis
2205 2733 2481 2787 canticum
2511 2743 2730 2795 canent,
2762 2733 3006 2787 videntes
3037 2733 3087 2786 in
3115 2733 3287 2803 gloria
3316 2734 3499 2788 Serva-

1939 2831 2108 2877 ιρι-ειη
2139 2837 2296 2877 suum
2319 2862 2334 2887 ,
2365 2831 2418 2878 et
2455 2822 2658 2888 dicent,
2697 2841 2716 2873 ι
2747 2819 2884 2877 Ecce
2907 2823 3053 2878 Deus
3090 2834 3294 2888 noster,
3320 2825 3373 2879 in
3401 2840 3515 2896 quo

1935 2914 2307 2984 sperabamus.
2331 2933 2350 2966 ι
2385 2915 2526 2971 Olim
2555 2929 2790 2984 namque
2832 2915 3005 2983 ipsum
3050 2917 3102 2970 in
3137 2932 3231 2987 spe
3266 2917 3474 2974 habeba

1939 3023 2084 3072 mus,
2120 3008 2381 3063 doctrina:
2409 3007 2584 3076 ipsum
2620 3007 2964 3062 annuntianti
2993 3008 3151 3063 ﬁdem
3203 3010 3510 3077 habentes;

1930 3097 2042 3168 jam
2067 3113 2200 3154 vero
2245 3098 2376 3167 ipsis
2407 3097 2581 3152 oculis
2609 3098 2856 3153 videmus
2889 3113 3034 3164 eum,
3061 3114 3229 3170 quare
3267 3102 3379 3170 jam
3417 3102 3524 3157 diu.

233 3188 456 3259 δρῶμεν
528 3188 724 3253 αὑτὸν,
764 3190 844 3244 διδ
891 3189 1232 3260 ὑπεμένομεν
1286 3189 1449 3242 πάλαι
1500 3191 1567 3243 τὰ
1611 3188 1829 3244 ἐπιόντα

1937 3189 2339 3245 sustinebamus
2383 3187 2687 3258 ingruentia
2739 3188 2899 3244 nobis
2942 3190 3102 3244 mala.
3159 3191 3226 3245 Et
3273 3192 3349 3246 illi
3383 3194 3508 3263 qui-

235 3256 369 3348 ὴμῖν
407 3279 652 3350 λυπηρά.
707 3281 817 3336 Καὶ
859 3284 908 3334 oi
945 3256 1045 3352 μέν
1077 3256 1250 3334 ταῦτα
1283 3281 1528 3351 ὲροῦσιν-
1559 3285 1589 3335 ὁ
1619 3283 1674 3334 δὲ
1704 3282 1829 3333 ἀνά-

1935 3282 2058 3336 dem
2095 3281 2211 3336 haec
2238 3256 2634 3344 dicturi—sunt;
2682 3278 2771 3334 ille
2802 3295 2934 3334 vero
2979 3281 3217 3352 requiem
3251 3283 3384 3353 ipsis
3401 3256 3511 3338 ’ἀι--

237 3387 438 3424 πανσιν
468 3370 658 3434 αὐτοῖς
688 3371 848 3426 δώσει
869 3375 926 3426 ὲν
949 3372 1027 3443 τῷ
1055 3372 1399 3444 προλεχθέντι
1430 3374 1528 3444 τῆς
1553 3373 1828 3444 βασιλείας

239 3462 405 3517 αὑτοῦ
440 3463 535 3535 δρε
543 3482 583 3518 ι.

315 3572 333 3604 ι
368 3555 478 3608 Καὶ
521 3555 1041 3627 καταπατηθήσεται
1102 3557 1135 3627 ἠ
1193 3556 1496 3620 Μωαϐῖτις,
1537 3557 1597 3610 δν
1625 3557 1828 3628 τρόπον

237 3645 498 3699 πατοῦσιν
528 3645 714 3699 ἅλωνα
747 3649 804 3699 ὲν
843 3648 1100 3717 ἁμάξαις.
1138 3649 1247 3701 Καὶ
1277 3650 1464 3719 ἀνήσει
1508 3650 1604 3712 τὰς
1637 3654 1826 3721 χεῖρας

235 3739 419 3803 αὐτοῦ,
441 3739 500 3792 ὃν
526 3739 731 3810 τρόπον
761 3742 850 3793 καί
868 3740 1029 3803 αὐτὸς
1056 3741 1385 3794 ἐταπείνωσε
1411 3739 1504 3794 τοῦ
1537 3743 1820 3794 ἀπολέσαι.

236 3829 347 3886 lict
375 3828 712 3882 ταπεινώσει
753 3829 849 3899 τὴν
897 3828 1053 3900 ὓϐριν
1097 3829 1285 3892 αὑτοῦ,
1324 3831 1409 3897 ἐφ’
1439 3830 1475 3883 ὃ.
1511 3833 1609 3894 τὰς
1637 3833 1828 3901 χεῖρας

233 3919 488 3983 ἐπέϐαλε,
533 3921 632 3973 καὶ
664 3921 724 3972 τὸ
758 3919 889 3988 ὕψος
924 3921 1022 3991 τῆς
1053 3920 1370 3990 καταφυγῆς
1405 3921 1498 3974 τοῦ
1523 3922 1702 3991 τοίχου
1732 3938 1827 3975 ταρ-

234 4012 488 4068 πεινώσει
508 4028 522 4043 ·
556 4011 654 4065 καὶ
680 4011 1044 4081 καταϐήσεται
1065 4012 1169 4074 ἓως
1196 4011 1288 4064 τοῦ
1317 4011 1564 4080 ἐδάφους.
1605 4032 1622 4062 ι
1657 4009 1826 4084 Οἶμαι

231 4103 287 4158 δὲ
341 4102 582 4157 ἐνταῦθα
637 4101 810 4154 Μωὼϐ
857 4101 1111 4170 λέγεσθαι
1152 4101 1245 4154 τὸν
1294 4103 1528 4173 πονηρὸν
1569 4104 1824 4174 δαίμονα,

239 4197 335 4249 καὶ
395 4195 496 4266 τὴν
543 4193 929 4262 ἀντικειμένην
991 4193 1244 4264 δύναμιν,
1282 4194 1380 4264 τὴν
1445 4195 1610 4248 πάλαι
1671 4196 1832 4266 παρὰ.

230 4288 340 4350 τοῖς
395 4285 722 4347 Μωαϐίταις
771 4283 845 4348 ὡς
890 4283 1010 4337 θεὸν
1056 4284 1406 4356 τιμωμένηνο
1468 4286 1590 4355 ἣτις
1635 4288 1825 4359 ἐπειδὴ

240 4378 376 4447 μέγα
412 4377 657 4448 ἐφρόνει,
693 4376 1131 4447 κατεπαιρομένη
1165 4375 1258 4427 τοῦ
1300 4375 1438 4428 Θεοῦ
1471 4378 1702 4448 Ἰσραὴλ,
1731 4380 1828 4432 καὶ

233 4471 293 4524 τὺ
333 4462 423 4540 ὕφ’
464 4470 670 4538 ἑαυτὴν
714 4466 863 4530 ἔθνος
907 4467 1280 4538 ὲπιτρίϐουσα,
1310 4467 1385 4530 ὡς
1419 4469 1513 4520 καὶ
1536 4471 1627 4521 ἐπ’
1658 4471 1827 4524 αὑτοῦ

235 4564 509 4626 Μωῦσέιικ
566 4561 792 4616 τοιαῦτα
849 4561 1140 4631 τολμῆσαι,
1197 4560 1272 4624 ὡς
1314 4560 1677 4630 ἐκπορνεῦσαι
1732 4560 1824 4612 τὸν

235 4653 356 4709 λαὸν
395 4653 494 4708 καὶ
530 4651 845 4724 τελεσθῆναι
878 4651 952 4723 τῷ
980 4649 1305 4718 Βεελφεγὼρ
1325 4667 1337 4678 ⁸
1383 4650 1539 4704 τοῦτο
1564 4651 1621 4704 δὲ
1662 4647 1731 4720 ἦν
1763 4650 1824 4703 τὸ

234 4747 340 4798 τῶν
363 4741 680 4802 Μωαϐιτῶν
705 4742 943 4797 είδωλον-
968 4740 1164 4796 τούτου
1196 4741 1356 4812 χάριν
1392 4741 1457 4793 τὰ
1483 4741 1826 4811 προκείμενα

230 4836 302 4904 ὡς
330 4838 461 4910 περὶ
487 4833 672 4904 δεινῆς
699 4849 838 4897 τινος
867 4835 959 4886 καὶ
989 4832 1266 4904 Θεομάχου
1298 4831 1579 4895 δυνάμεως
1614 4846 1825 4902 προπε-

230 4933 514 5003 φήτευται.

722 5037 1118 5092 ΚΕΦΑΛΛΙΟΝ
1171 5037 1318 5102 KCT'.

304 5153 324 5187 ‘
352 5136 432 5206 Τῇ
464 5132 657 5205 ἠμίρὲ
679 5129 861 5200 ἐπεἶν’ςι
893 5130 1113 5201 ᾅσονται
1145 5127 1206 5180 τὸ
1227 5123 1382 5197 ᾆσμα
1409 5123 1568 5179 τοῦτο
1603 5125 1698 5176 ἐπὶ
1721 5123 1824 5193 γῆς

245 5224 407 5282 Ἰούδα
430 5225 707 5295 λέγοντες.
751 5239 770 5272 ι
821 5221 961 5274 Μεθ’
996 5221 1084 5290 ἡν,
1118 5218 1212 5272 τοῦ
1245 5216 1496 5286 Σωτῆρος
1537 5215 1696 5285 ἡμῶν
1724 5214 1822 5283 τὴν

233 5319 392 5374 αὐτοῦ
432 5315 714 5389 βασιλείαν
736 5313 1099 5383 ἀπειληφότος
1139 5312 1196 5363 ιν
1223 5307 1306 5377 τῷ
1341 5308 1653 5377 ἐπουρανίῳ
1684 5305 1820 5375 δρει,

229 5413 278 5464 oi
309 5411 417 5465 τῶν
453 5406 804 5477 ἐπαγγελιῶν
837 5406 978 5473 ἄξιοι
1003 5404 1224 5476 ᾷσονται
1254 5405 1312 5453 ὲν
1339 5403 1405 5472 τῇ
1429 5401 1616 5472 ἡμέρᾳ
1639 5399 1824 5468 ἐκείνῃ

228 5505 285 5558 οδ
329 5502 658 5572 ἐπουράνιον
706 5495 858 5570 ᾆσμα
899 5499 964 5554 ιν
997 5497 1065 5566 τῇ
1111 5495 1420 5565 ἐπουρανίῳ
1467 5489 1826 5564 Ἰερουσαλὴμ

229 5599 530 5671 γενόμενοι,
564 5595 634 5663 ἦν
664 5591 758 5644 ἐπὶ
777 5591 870 5644 τοῦ
898 5590 1163 5662 παρόντος
1197 5585 1459 5641 Ἰουδαίαν
1481 5584 1763 5653 ὠνόμασεν
1795 5585 1824 5635 ὁ

227 5690 398 5762 λόχος,
423 5682 743 5746 ἀκολούθως
766 5685 832 5753 τῇ
855 5681 1008 5754 χώρᾳ
1034 5681 1133 5751 τῆς
1156 5679 1400 5745 ἐπιγείου
1442 5675 1819 5747 Ἰερουσαλήμ.

226 5783 378 5837 οὕτω
408 5781 521 5850 γὰρ
553 5773 693 5847 ὁμοῦ
735 5774 828 5826 καὶ
856 5775 968 5836 τοῖς
1013 5769 1385 5841 ἀκροωμένοις
1425 5768 1518 5820 τοῦ
1559 5765 1824 5820 Ἰουδαίων

222 5874 348 5929 λαοῦ
373 5871 539 5928 παισὶ
568 5862 835 5930 θυμηδίαν
858 5862 977 5916 τινὰ
1004 5862 1093 5916 καὶ
1123 5859 1435 5929 προτροπὴν
1480 5861 1559 5923 είς
1597 5856 1693 5922 τὴν
1717 5853 1821 5912 τῶνε

1933 3375 2011 3428 bit
2040 3373 2094 3426 in
2129 3379 2430 3426 memorato
2464 3371 2611 3439 regni
2645 3371 2730 3424 sui
2771 3381 2975 3427 monte.

2002 3553 2170 3608 Vens.
2204 3553 2294 3616 ll,
2328 3551 2417 3606 12.
2453 3571 2472 3604 ι
2500 3552 2566 3606 Ει
2606 3551 3012 3608 conculcabitur
3041 3552 3325 3619 Moabitis,
3371 3570 3503 3628 quo~

1909 3648 2093 3719 .modo
2128 3647 2340 3700 calcant
2383 3659 2566 3699 aream
2619 3645 2892 3714 plaustris.
2937 3645 3003 3700 Et
3043 3649 3287 3702 remittet
3312 3664 3515 3703 manus

1927 3755 2080 3803 suas,
2126 3740 2269 3793 sicut
2300 3745 2355 3790 et
2389 3738 2501 3806 ipse
2543 3737 2871 3801 bumiliavit,
2913 3748 2972 3792 ut
3004 3737 3272 3809 perderet.
3320 3721 3387 3794 Et
3411 3741 3508 3795 de-
3584 3759 3604 3773 ι

1930 3833 2125 3900 primet
2157 3827 2409 3899 injuriam
2445 3827 2582 3896 ejus,
2622 3828 2680 3880 in
2707 3842 2826 3896 qua:
2860 3844 3054 3884 manus
3096 3829 3301 3898 injecit,
3335 3839 3391 3884 et
3418 3831 3510 3886 al-

1931 3923 2214 3980 titudinem
2267 3921 2456 3991 refugii
2513 3922 2652 3976 muri
2701 3923 3008 3979 humiliabit
3046 3941 3058 3977 :
3103 3932 3158 3977 et
3207 3923 3509 3980 descendi

1928 4033 2104 4088 usque
2134 4017 2201 4072 ad
2242 4015 2632 4086 pavimentum.
2662 4033 2682 4068 ι
2716 4015 2966 4068 Arbitror
3009 4015 3101 4069 hic
3132 4011 3288 4070 Moab
3323 4019 3514 4073 vocari

1929 4108 2226 4176 malignum
2293 4107 2630 4170 daamonem,
2697 4115 2751 4158 et
2807 4105 3174 4159 adversariam
3223 4105 3509 4168 virtutem.

1929 4217 2048 4272 qua:
2093 4201 2221 4255 olim
2255 4199 2396 4268 apud
2429 4197 2699 4252 Moabitas
2751 4205 2810 4250 ut
2841 4192 2976 4250 deus
3025 4196 3332 4264 colebatur;
3386 4213 3514 4267 quas

1928 4293 2056 4362 quia
2103 4291 2271 4345 altum
2321 4288 2608 4355 sapiebat,
2653 4299 2841 4343 contra
2885 4287 3051 4341 Deum
3102 4285 3268 4342 Israel
3314 4302 3506 4358 super-

1929 4385 2132 4447 biens,
2187 4383 2399 4452 sibique
2454 4379 2727 4435 subditam
2776 4389 2990 4449 gentem
3046 4377 3353 4448 depravatis
3383 4417 3399 4442 ,
3449 4390 3518 4434 us

1927 4478 2093 4531 etiam
2132 4485 2374 4541 tempore
2405 4473 2604 4545 Moysis
2658 4471 2783 4526 talia
2834 4471 3095 4536 auderet,
3138 4484 3204 4525 ac
3249 4470 3509 4540 populum

1854 4591 1900 4647 ι)
1929 4571 1996 4623 ad
2042 4566 2489 4629 fornicationem,
2546 4573 2602 4620 et
2649 4564 2716 4617 ad
2766 4562 3122 4616 initiationem
3177 4560 3511 4631 Beelpbegor

1930 4659 2260 4721 deduceret;
2289 4665 2410 4712 erat
2456 4665 2637 4710 autem
2688 4654 2816 4708 illud
2862 4653 3218 4708 Hoabitarum
3269 4652 3510 4714 idolum;

1926 4751 2135 4805 idcirco
2184 4748 2299 4802 hac
2338 4762 2456 4816 qum
2492 4745 2603 4815 jam
2644 4755 2941 4800 tractamus
2967 4784 2984 4810 ,
3031 4741 3184 4812 quasi
3237 4743 3303 4796 de
3354 4741 3505 4812 gravi

1923 4841 2160 4915 quadam
2193 4849 2251 4896 et
2279 4838 2388 4893 Deo
2418 4839 2644 4894 inimica
2675 4839 2874 4894 virtute
2909 4836 3367 4907 praenuntiantur.

2487 5015 2716 5073 CAPUT
2754 5014 2848 5071 XX
2861 5011 2947 5070 Vl.

1945 5179 1950 5186 ,
1999 5115 2165 5171 Vsus.
2204 5117 2233 5171 ι
2293 5135 2313 5168 ι
2345 5113 2404 5170 ιη
2433 5113 2522 5168 illa
2561 5111 2652 5165 die
2688 5109 2987 5164 cantabunt
3022 5105 3291 5160 canticum
3320 5103 3505 5159 hocin

1929 5218 2072 5263 terra
2101 5208 2260 5273 Juda,
2299 5208 2571 5262 dicentes.
2600 5222 2620 5255 ι
2670 5200 2801 5258 Post
2845 5215 3008 5272 quam
3051 5198 3224 5264 diem,
3261 5197 3353 5252 ubi
3386 5194 3510 5252 Sal-

1926 5308 2080 5353 vator
2125 5308 2312 5352 noster
2347 5297 2400 5350 in
2435 5294 2642 5350 caelesti
2686 5300 2869 5346 monte
2907 5304 3133 5360 regnum
3161 5303 3318 5343 suum
3351 5301 3508 5342 acce-

1926 5391 2088 5459 perit,
2119 5389 2211 5458 qui
2243 5386 2528 5458 promissis
2571 5384 2716 5453 digni
2750 5390 2936 5442 erunt,
2967 5390 3098 5434 tunc
3126 5378 3349 5435 cmleste
3377 5391 3513 5432 can-

1930 5483 2096 5538 ticum
2148 5480 2436 5545 emittent,
2486 5477 2545 5531 in
2597 5473 2800 5530 caelesti
2855 5471 3154 5526 Jerusalem
3202 5468 3510 5533 constituti,

1929 5590 2089 5646 quam
2130 5574 2185 5627 in
2217 5570 2471 5642 presenti
2500 5568 2740 5622 Iudaeam
2779 5578 2958 5619 sermo
2987 5567 3280 5630 nuncupat,
3317 5559 3505 5616 habita

1928 5665 2163 5735 regionis
2190 5665 2242 5718 in
2270 5677 2377 5732 qua
2413 5671 2627 5716 terrena
2663 5655 2964 5711 Jerusalem
2993 5653 3097 5706 sita
3133 5663 3238 5712 est.
3267 5651 3502 5704 ratione.

1929 5762 2005 5816 Ita
2036 5760 2180 5814 enim
2231 5769 2286 5811 et
2314 5753 2516 5809 Iudaeis
2558 5750 2649 5820 qui
2705 5747 3019 5807 audiebant,
3073 5742 3408 5797 alacritatem
3449 5751 3506 5793 et

1931 5852 2342 5907 incitamentum
2379 5846 2445 5900 ad
2495 5856 2677 5900 rerum
2725 5837 3125 5909 propsitarum
3165 5846 3317 5898 spem
3366 5828 3482 5886 indi
