4100 6432
238 379 345 442 I13

1170 369 1676 427 COIII‘JNIAHIA
1713 374 1781 425 ω
1822 371 2078 424 πολιαι.
2117 395 2186 409 -
2220 373 2374 423 ωιγ.
2417 367 2606 423 μὴ.

3378 369 3486 427 I75

232 494 262 546 6
284 489 518 562 ἀσεϐὴς,
557 490 654 545 ἵνα
689 489 766 560 μὴ
800 488 884 562 ἴδῃ
914 486 1011 556 τὴν
1032 476 1438 558 δόξανκυρίου.
1473 485 1667 557 Κύριε,
1700 485 1833 556 ὑψη-

1939 483 2179 539 ‘l'ollatur
2215 482 2433 554 impius,
2469 492 2652 538 utnon
2677 481 2856 538 videat
2879 481 3103 554 gloriam
3127 479 3361 536 Domini.
3392 479 3498 537 Do-

233 576 322 642 λός
379 594 479 631 σου
527 577 562 631 6
616 573 884 646 βραχίων,
929 573 1026 627 καὶ
1064 573 1164 627 οὐκ
1207 573 1460 644 ᾔδεισανο
1499 575 1728 644 γνόντες
1772 576 1831 629 δι

235 667 766 738 αίσχυνθήσονται.»
792 665 1048 720 ’ταπεινοὶ
1081 663 1191 738 γάρ
1210 665 1362 730 ὄντες
1390 666 1439 721 el
1469 665 1705 729 ἀσεϐεῖς,
1736 666 1832 720 καλ⁵

237 759 456 830 μικρὰν
490 755 878 827 ἀφεστηκότες
900 755 1000 826 τῆς
1029 756 1284 826 γνώσεως
1314 756 1408 810 τοῦ
1437 756 1594 821 Θεοῦ,
1628 759 1686 810 ιν
1713 759 1836 812 σκό-

233 867 311 919 τῳ
369 849 476 918 τῆς
537 847 716 902 αὐτοῦ
781 847 1000 916 ἀγνοίας
1059 847 1431 902 ἐκαλινδοῦντο
1456 865 1470 879 ο
1541 849 1676 902 ἀλλά
1733 850 1834 919 τῆς

236 936 465 1001 καθόλου
501 934 771 1004 γνώσεως
798 936 1119 1005 ὶπιστάσης,
1158 934 1483 1008 θεασάμενοι
1511 936 1602 990 τὸν
1633 936 1835 1006 ὑψηλὸν

239 1022 504 1097 βραχίονα
567 1027 622 1080 oi
685 1027 854 1081 πάλαι
904 1026 1067 1082 αὐτὸν
1124 1026 1203 1091 ὡς
1265 1029 1340 1099 μὴ
1398 1029 1528 1083 ὂντα
1587 1028 1834 1101 βλασφη-

242 1114 494 1186 μοῦντες,
544 1115 846 1171 παύσονται
888 1116 990 1186 τῆς
1031 1116 1290 1181 ἀπονοίας
1333 1118 1564 1191 αἰσχύνῃ
1605 1119 1833 1190 κατεχό-

242 1222 413 1277 μενοι.

313 1315 334 1349 ε
372 1299 555 1370 Ζῆλος
581 1298 814 1372 λήψεται
835 1298 962 1354 λαὸν
999 1298 1349 1354 ἀπαίδευτον.
1389 1318 1408 1352 ι
1447 1300 1750 1354 Δινίττεται
1777 1301 1833 1354 δι

237 1387 362 1452 τοὺς
397 1389 469 1441 ἐκ
503 1392 808 1460 περιτομῆς
838 1387 915 1460 μὴ
950 1387 1419 1458 κᾳταδεξαμένους
1457 1388 1554 1461 την
1580 1389 1667 1444 διὰ
1697 1391 1834 1462 Χρι-

241 1478 366 1534 στοῦ
381 1480 573 1552 χάριν.
597 1499 616 1531 ι
641 1481 750 1534 Καὶ
770 1479 866 1532 νῦν
893 1479 1006 1550 πῦρ
1033 1481 1155 1544 τοὺς
1184 1480 1535 1543 ὑπεναντίους
1564 1481 1738 1534 [δεται
1756 1498 1769 1510 ·
1808 1500 1828 1535 ι

239 1570 316 1634 ὡς
375 1570 445 1625 ἀν
505 1571 785 1639 ἀποφάσει
838 1568 1378 1640 ὑποδληϐησομένους
1430 1573 1496 1642 τῇ
1560 1570 1832 1645 λεγούσῃ·

247 1685 267 1718 ι
299 1666 612 1737 Πορεύεσθε
646 1668 728 1730 είς
749 1667 811 1718 τὸ
838 1665 949 1736 πῦρ
985 1665 1046 1718 τὺ
1092 1663 1311 1718 αἰώνιον
1342 1664 1404 1717 τὸ
1435 1665 1835 1737 ἡτοιμασμένον

242 1755 319 1829 τῷ
368 1757 609 1828 διαϐόλῳ
661 1759 758 1811 καὶ
804 1759 916 1822 τοῖς
953 1757 1202 1825 ἀγγέλοις
1233 1757 1420 1811 αὐτοῦ.
1463 1777 1483 1810 ι
1531 1758 1747 1830 Ἐπειδὴ
1774 1759 1834 1812 τὸ

244 1849 361 1918 φῶς
396 1851 500 1903 οὐκ
529 1849 804 1914 ἐδέξαντο,
838 1847 1298 1920 παραδοθήσονται
1331 1847 1409 1920 τῷ
1446 1849 1582 1922 πυρὶ
1628 1850 1723 1904 καὶ
1753 1850 1832 1922 τῷ

249 1940 456 1994 σκύτει.

319 2049 340 2082 ε
370 2029 545 2102 Κύριε
607 2031 639 2084 6
683 2029 815 2093 Θεὸς
852 2029 1026 2100 ήμῶν,
1062 2031 1284 2101 εἰρήνην
1318 2030 1405 2095 δὸς
1431 2033 1562 2102 ημῖν
1587 2050 1600 2064 ’
1655 2033 1831 2088 πάντα

246 2117 355 2195 γὰρ
408 2121 706 2182 ἀπέδωκας
767 2121 916 2190 ήμῖν.
962 2120 1134 2192 Κύριε
1183 2122 1212 2174 6
1251 2121 1384 2185 Θεὸς
1420 2123 1597 2194 ἡμῶν,
1635 2125 1832 2195 κτῆσαι

247 2212 414 2282 ἡμᾶς.
443 2211 643 2284 Κύριε,
675 2212 831 2276 ἐκτὸς
857 2211 950 2266 σοῦ
979 2212 1136 2266 ἀλλον
1161 2214 1262 2267 οὐκ
1288 2214 1508 2286 οἴδαμεν
1527 2233 1540 2246 ·
1574 2216 1634 2270 τὸ
1663 2218 1834 2287 ινομά

249 2319 343 2357 σου
371 2303 736 2375 ὀνομάζομεν.
777 2324 795 2355 ι
827 2305 979 2359 Καλὰ
1016 2308 1114 2378 μὲν
1146 2306 1254 2379 γάρ
1287 2308 1380 2360 καὶ
1412 2309 1479 2361 τὰ
1508 2309 1642 2364 ἀλλα
1681 2311 1834 2382 παρά

251 2394 344 2446 σοῦ
379 2394 555 2447 πάντα
579 2411 594 2426 ο
626 2395 690 2447 τὸ
719 2395 774 2448 δὲ
799 2395 1057 2466 μέγιστον
1075 2396 1245 2469 δῶρον
1277 2399 1311 2469 ή
1345 2400 1497 2471 παρὰ
1531 2400 1645 2464 σοῦ,
1681 2403 1774 2455 καὶ
1796 2406 1829 2474 η

251 2485 388 2556 πρὸς
411 2485 604 2539 ἑαυτὸν
641 2488 833 2559 εἰρήνη
868 2490 1145 2560 τυγχάνει,
1181 2490 1248 2543 ἵν’
1281 2490 1629 2546 ἀστασίαστοι
1663 2487 1832 2563 ὦμεν,

253 2576 348 2629 καὶ
371 2576 705 2648 χρονεύουσα
728 2581 860 2650 πρὸς
883 2582 941 2634 σὲ
969 2582 1257 2647 διαπαντὸς
1279 2582 1593 2650 φυλάττοιτο
1623 2587 1773 2656 ήμῶν
1798 2589 1832 2658 ή

250 2666 418 2738 ψυχή.
453 2667 628 2722 Τοῦτο
657 2668 702 2720 δ’
723 2670 790 2722 ἂν
815 2671 1038 2740 γένοιτο,
1072 2675 1120 2726 εἰ
1148 2672 1461 2748 καταξιὼσῃ
1495 2677 1677 2747 κτῆμα
1713 2694 1835 2732 σαυο

253 2757 347 2812 τοῦ
395 2760 524 2813 ἴδιον
555 2759 812 2828 γενέσθαι
846 2764 1022 2834 ἡμᾶς·
1052 2766 1172 2820 ἐπεὶ
1199 2768 1292 2819 καὶ
1329 2768 1491 2836 ἡμεῖς
1532 2769 1632 2822 οὐκ
1675 2769 1834 2824 ἀλλον

252 2847 373 2903 τινὰ
400 2849 626 2921 οἴδαμεν
655 2850 690 2922 ἢ
725 2851 805 2916 σὲ,
832 2855 926 2907 καὶ
963 2856 1109 2927 μόνῳ
1145 2857 1224 2928 τῷ
1247 2857 1471 2929 ὀνόματὶ
1505 2876 1599 2912 σου
1638 2861 1834 2935 τεθαρ-

257 2941 520 3012 ρήκαμεν.
587 2942 718 2996 ὐτε
779 2945 960 2999 τοίνυν
1022 2947 1211 3003 οὐδένα
1270 2951 1455 3021 ἕτερον
1492 2953 1834 3024 ἐκεκτήμεοα

254 3029 314 3081 ιν
375 3031 455 3102 τῷ
521 3031 627 3102 βίῳ
686 3033 720 3105 ἢ
785 3033 866 3098 σε,
935 3037 1156 3101 εἰκότως
1211 3037 1599 3110 ἀντιϐολοῦμεν
1663 3059 1833 3096 κατα-

1929 577 2100 645 mine,
2120 574 2396 632 excelsum
2447 572 2728 629 bradiium
2756 581 2944 637 tuum,
2993 579 3188 626 etnon
3235 585 3498 642 cognove-

1932 678 2060 724 ruut
2087 686 2103 724 :
2135 667 2372 724 scientes
2394 675 2573 720 autem
2603 663 2945 719 erubescent.
2979 681 2998 715 ι
3040 663 3192 730 lmpii
3215 663 3382 729 enim,
3409 663 3501 719 ab-

1928 762 2060 831 iecti
2087 775 2209 816 cum
2241 760 2354 817 sint
2376 801 2392 827 ,
2420 773 2486 815 ac
2518 759 2704 830 procul
2734 758 3042 826 cognitione
3089 757 3183 812 Dei
3217 755 3406 827 positi,
3440 756 3496 811 in

1935 852 2173 910 teebris
2220 851 2338 921 ejus
2384 850 2704 924 ignorantia:
2732 849 3111 904 volutabantur
3144 864 3161 906 :
3189 861 3380 902 verum
3407 847 3503 901 ad-

1936 944 2186 998 veniente
2221 943 2310 997 illa
2350 941 2642 998 universali
2697 940 3038 1011 cognitione.
3078 939 3325 994 videntes
3374 937 3502 993 bra-

1935 1034 2117 1090 chium
2163 1034 2292 1089 illud
2335 1033 2612 1089 excelsum
2662 1033 2698 1088 ii
2725 1071 2741 1096 .
2772 1035 2862 1102 qui
2903 1032 3031 1086 olim
3057 1031 3182 1086 eum
3208 1031 3362 1100 quasi
3394 1043 3503 1084 non

1933 1125 2286 1180 exsistentem
2317 1123 2647 1194 blasphemis
2696 1122 2859 1178 dictis
2901 1121 3266 1188 incessebant,
3295 1119 3508 1191 pudore

1935 1213 2114 1270 all'eeti
2149 1216 2374 1269 insania
2403 1213 2567 1268 linem
2600 1211 2823 1267 facient.

2011 1329 2030 1362 ι
2067 1308 2226 1364 lelus
2251 1308 2621 1379 apprehendet
2642 1307 2892 1378 populum
2924 1304 3280 1364 ineruditum.
3307 1320 3330 1360 ι
3369 1303 3524 1360 Solio

1934 1401 2136 1457 indicat
2177 1415 2272 1456 eos
2306 1416 2374 1456 ex
2421 1400 2836 1455 circumcisione
2863 1438 2880 1464 ,
2918 1399 3012 1469 qui
3043 1399 3276 1467 gratiam
3306 1395 3526 1457 Christi

1935 1508 2045 1550 non
2076 1490 2305 1561 amplexi
2353 1499 2515 1556 sunt;
2559 1507 2578 1541 ι
2612 1487 2680 1543 Ει
2713 1488 2827 1558 iam
2871 1488 3011 1560 ignis
3044 1487 3395 1544 adversarios
3425 1487 3527 1547 de-

1931 1593 2123 1652 vorat;
2167 1601 2187 1636 ι
2247 1593 2434 1653 ulpote
2461 1581 2554 1652 qui
2601 1581 2885 1637 sententia:
2930 1578 3256 1649 subjiciendi
3290 1580 3404 1633 sint
3430 1572 3519 1634 di-

1935 1679 2104 1742 centi,
2145 1695 2164 1728 ι
2197 1675 2464 1734 Discedite
2509 1677 2563 1728 in
2618 1674 2797 1742 ignem
2820 1681 3109 1736 :eternum,
3139 1679 3502 1741 prmparatum

1936 1769 2152 1825 diabolo
2183 1779 2237 1824 et
2266 1768 2473 1839 angelis
2496 1766 2614 1836 ejus
2641 1766 2706 1820 ".
2740 1783 2760 1818 ι
2810 1763 2948 1832 Quia
2997 1762 3172 1818 lucem
3198 1775 3306 1816 non
3345 1766 3505 1814 acce-

1865 1836 1908 1892 θ
1938 1871 2152 1933 perunt,
2194 1861 2300 1930 igni
2334 1836 2400 1915 ac
2425 1857 2663 1913 tenebris
2693 1859 2992 1912 tradentur.

2005 2037 2168 2094 Vens.
2197 2037 2285 2104 12,
2323 2037 2412 2091 13.
2443 2055 2462 2088 ι
2502 2035 2726 2090 Domine
2758 2033 2899 2089 Deus
2951 2040 3157 2098 noster,
3203 2041 3389 2100 pacem
3434 2024 3504 2080 da

1935 2130 2090 2184 nobis
2121 2147 2138 2185 :
2164 2128 2346 2184 omnia
2371 2127 2516 2183 enim
2543 2126 2738 2181 dedisti
2770 2124 2945 2179 nobis.
2984 2122 3206 2177 Domine
3234 2119 3380 2176 Deus
3407 2133 3505 2173 no-

1932 2228 2068 2282 ster,
2098 2217 2314 2288 posside
2352 2231 2450 2271 nos
2483 2235 2497 2270 :
2533 2215 2779 2280 Domine,
2810 2225 2962 2268 extra
2987 2222 3038 2266 te
3065 2210 3228 2265 alium
3263 2223 3374 2265 non
3404 2221 3503 2262 no-

1934 2310 2111 2363 vimus
2148 2327 2162 2362 :
2201 2323 2397 2363 nomen
2439 2316 2587 2361 tuum
2627 2307 2967 2361 invocamus.
2998 2303 3114 2369 Alia
3144 2301 3343 2372 quippe
3379 2314 3504 2354 om-

1936 2399 2024 2455 nia
2053 2398 2151 2454 abs
2186 2411 2238 2454 te
2261 2399 2381 2454 data
2413 2398 2615 2468 optima
2640 2408 2767 2452 sunt
2801 2415 2815 2450 :
2848 2397 2942 2451 sed
2967 2395 3211 2450 omnium
3239 2392 3503 2447 donorum

1937 2491 2232 2546 maximum
2267 2497 2372 2557 est,
2397 2505 2502 2558 pax
2548 2489 2636 2544 illa
2667 2503 2786 2558 qua
2818 2490 2916 2544 abs
2947 2498 3000 2542 te
3033 2483 3417 2556 proﬁciscitur,
3450 2493 3509 2538 et

1933 2597 2093 2654 quam
2123 2583 2403 2637 nobiscum
2450 2580 2710 2636 habemus
2737 2619 2752 2644 ,
2788 2589 2848 2633 ut
2893 2579 3008 2633 sine
3045 2577 3274 2631 tumultu
3301 2584 3359 2630 et
3387 2589 3508 2630 tutt-

1936 2677 2139 2732 tatioue
2176 2676 2456 2744 degamus,
2505 2686 2794 2741 animaque
2839 2681 3025 2725 nostra
3050 2669 3145 2724 tibi
3170 2680 3384 2736 semper
3410 2679 3508 2719 va-

1935 2780 2066 2822 cans
2094 2777 2361 2821 servetur.
2399 2764 2453 2819 ld
2499 2773 2677 2816 autem
2733 2762 3011 2828 inveniet,
3058 2758 3106 2814 si
3150 2773 3249 2813 nos
3281 2758 3393 2828 ipse
3450 2754 3507 2810 in

1935 2857 2208 2929 propriam
2245 2857 2339 2911 tibi
2365 2855 2765 2926 possessionem
2807 2854 3005 2909 habere
3034 2853 3276 2921 digneris
3317 2869 3332 2906 :
3378 2852 3509 2922 quia

1937 2966 2040 3007 nos
2083 2965 2188 3005 non
2227 2950 2393 3004 alium
2428 2949 2679 3002 novimus
2705 2956 2899 3016 prmter
2947 2955 3039 3012 te,
3069 2955 3124 3000 et
3175 2945 3228 3000 in
3263 2944 3380 3000 solo
3409 2958 3508 2998 no-

1938 3042 2086 3098 mine
2115 3053 2207 3096 tuo
2233 3039 2574 3096 conﬁdimus.
2600 3037 2733 3093 Cum
2764 3037 2929 3108 igitur
2955 3037 3010 3090 in
3037 3037 3144 3090 vita
3175 3045 3362 3090 nostra
3397 3049 3507 3090 non

257 3117 510 3227 ξιωθῆναι
563 3120 665 3191 τῆς
717 3122 815 3192 σῆς
866 3123 1119 3192 γενέσθαι
1169 3126 1382 3197 μερίδος
1438 3130 1532 3182 καὶ
1584 3131 1679 3184 τοῦ
1737 3134 1832 3187 σοῦ

1939 3132 2103 3188 alium
2136 3147 2299 3203 quam
2339 3140 2389 3185 te
2419 3119 2860 3199 possederimus;
2885 3125 3010 3196 iure
3035 3133 3512 3198 rogamus.uttuze

258 3211 478 3283 κλήρου.

331 3321 350 3354 ι
392 3306 457 3357 Ui
497 3304 555 3358 δὲ
587 3308 770 3378 νεκροὶ
797 3305 938 3378 ζωὴν
973 3308 1034 3362 οὐ
1063 3309 1139 3381 μὴ
1172 3309 1376 3377 ἴδωσιν,
1402 3311 1524 3366 οὐδὲ
1571 3314 1744 3389 lat-pol
1771 3317 1834 3368 οὺ

263 3393 335 3466 μὴ
353 3395 721 3468 ἀναστήσωσι.
755 3399 854 3452 Διὰ
879 3401 1038 3454 τοῦτο
1068 3402 1375 3473 ἀπήγαγες,
1409 3405 1505 3458 καὶ
1525 3406 1832 3470 ἀπώλεσας,

260 3487 351 3540 καὶ
377 3483 518 3559 ἤρας
541 3489 650 3542 πᾶν
685 3488 848 3559 ἄρσεν
875 3491 1072 3546 αὐτῶν.
1113 3511 1132 3545 ι
1179 3495 1370 3563 Ἡμεῖς
1398 3495 1498 3567 μὲν
1528 3494 1645 3561 οὖν,
1679 3501 1832 3569 φησι,

264 3577 342 3630 σοὶ
371 3579 560 3649 ἐσμὲν,
587 3575 781 3650 Κύριε,
803 3581 896 3635 καὶ
929 3585 994 3636 σὺ
1023 3583 1085 3636 τὸ
1115 3585 1378 3657 ἡμέτερον
1410 3588 1672 3660 ὑπάρχεις
1699 3590 1836 3661 κτῆο

263 3683 334 3739 μα
350 3685 363 3698 ·
389 3671 439 3722 οί
463 3669 520 3722 δὲ
541 3672 661 3734 ταῖς
682 3671 816 3742 πρὸς
835 3672 1060 3726 Θάνατον
1093 3674 1384 3747 ἁμαρτίαις
1413 3679 1640 3743 ἑαυτοὺς
1663 3680 1838 3734 ἐκδόν-

260 3775 365 3825 τες,
397 3763 492 3814 καί
520 3760 610 3814 διά
634 3761 794 3815 τοῦτο
813 3766 994 3834 νεκροὶ
1021 3765 1119 3829 τὰς
1143 3767 1316 3837 ψυχάς
1341 3769 1621 3840 γενόμενοι
1641 3787 1653 3800 ·
1693 3791 1711 3823 ι
1734 3771 1835 3841 ψυ-

260 3852 324 3923 χὴ
361 3871 379 3903 i
417 3853 532 3924 γάρ
571 3870 589 3904 ι
629 3853 1038 3928 ἁμαρτάνουσα,
1088 3857 1224 3930 αὕτη
1251 3860 1639 3916 ἀποθανεῖταιο
1677 3882 1696 3916 ο
1735 3865 1834 3936 τὴν

260 3943 310 3997 δί
333 3945 752 4017 ἐπηγγελμένην
778 3949 887 4011 τοῖς
913 3949 1092 4018 ἁγίοις
1123 3950 1336 4007 αἰώνιον
1363 3954 1509 4026 ζωὴν
1549 3957 1649 4010 οὑκ
1675 3958 1835 4028 ὄψον-

259 4049 362 4099 ται,
388 4035 508 4089 οὐδὲ
553 4037 726 4108 ἰατροί
763 4037 922 4091 ποθεν
961 4041 1282 4106 ἐπιστάντες
1312 4043 1454 4098 κατά
1478 4045 1568 4098 τὸν
1591 4046 1689 4116 τῆς
1712 4047 1835 4117 κρί-

258 4143 390 4191 σεως
420 4128 610 4199 καιρὸν
640 4129 954 4200 δυνήσονται
976 4132 1159 4196 αὐτοῖς
1181 4136 1540 4208 ἐπικουρῆσαι
1571 4139 1704 4211 πρὸς
1733 4158 1836 4193 σω-

265 4219 466 4290 τηρίαν,
520 4220 631 4273 οὐδ’
669 4220 740 4273 ’ἂν
779 4223 1078 4294 ἀναστῆσαι
1126 4226 1302 4278 αὐτῶν
1336 4229 1436 4298 τὴν
1473 4229 1700 4284 πτῶσιν.
1727 4230 1834 4294 Οὓς

259 4310 363 4382 γάρ
394 4312 460 4365 σὺ
489 4314 518 4365 6
545 4311 719 4383 μέγας
748 4315 840 4366 καὶ
867 4315 1094 4387 φοϐερὸς
1127 4319 1219 4371 καὶ
1241 4318 1446 4383 δίκαιος
1477 4322 1668 4391 κρίτης
1691 4339 1834 4394 παρ-

261 4401 464 4468 έδωκας
523 4403 791 4475 ἀπωλείᾳ,
850 4405 932 4469 τίς
999 4408 1198 4479 ίατρῶν
1256 4409 1626 4466 διασώσασθαι
1667 4414 1833 4486 δυνή-

261 4508 408 4547 σεται
428 4511 443 4559 ;

333 4603 352 4636 ι
386 4585 484 4639 Διά
508 4586 666 4639 τοῦτο
699 4588 980 4660 ἀπήγαγες
1005 4591 1100 4642 κα)⁵
1123 4590 1426 4656 ἀπώλεσας,
1452 4597 1544 4648 καὶ
1563 4589 1596 4667 ἦ
1606 4615 1702 4668 ρας
1723 4599 1832 4650 πᾶν

263 4673 424 4745 ἀρσεν
487 4677 688 4731 αὐτῶν.
730 4697 749 4730 ι
807 4679 949 4732 Ἀντὶ
1009 4680 1068 4734 δὲ
1128 4681 1244 4746 τοῦ,
1302 4700 1322 4732 ι
1379 4685 1471 4737 καὶ
1528 4680 1669 4755 ἦρας
1723 4688 1832 4740 πᾶν

264 4765 423 4837 ἀρσεν
456 4768 660 4831 αὐτῶν,
707 4787 725 4820 ι
771 4771 800 4822 6
838 4770 1150 4841 Σύμμαχος,
1191 4791 1209 4823 ι
1244 4774 1420 4826 πᾶσαν
1465 4777 1563 4845 τὴν
1596 4780 1833 4849 ’μνήμην

265 4859 438 4912 αὐτῶν
468 4877 482 4889 ’
515 4880 534 4912 ι
567 4861 668 4915 sae
708 4861 1045 4932 Ἀκύλαςξκαὶ
1065 4863 1371 4928 Θεοδοτίων,
1408 4885 1425 4916 ι
1467 4870 1574 4920 πᾶν
1601 4871 1661 4922 τὸ
1693 4889 1832 4941 μνη-

270 4950 493 5019 μόσυνον
529 4952 710 5004 αὐτῶν
745 4973 763 5004 ι
785 4955 1156 5025 ῆρμὴνευσαν.
1183 4956 1329 5008 Ἔδει
1355 4958 1462 5029 γὰρ
1490 4960 1670 5014 πᾶσαν
1703 4963 1835 5033 μνῆ·

271 5057 372 5112 μην
404 5041 604 5104 κακίας
647 5042 874 5114 ἀρθῆναι
917 5045 1058 5100 κατά
1105 5045 1190 5100 τὸν
1211 5047 1538 5120 δηλούμενον
1587 5053 1685 5124 τῆς
1719 5055 1840 5122 κρί-

272 5147 401 5196 σεως
455 5134 667 5204 καιρόν.
710 5134 771 5188 Ei
821 5134 876 5188 δὲ
919 5136 1147 5204 λέγοιτο,
1181 5158 1199 5189 ι
1233 5141 1340 5193 πᾶν
1376 5144 1543 5213 άρσεν
1574 5144 1777 5208 αὐτῶν,
1816 5164 1834 5196 ι

277 5221 461 5294 πολλὴν
493 5223 704 5292 εἰσάγει
725 5225 822 5295 τὴν
841 5227 1245 5300 φιλανθρωπίαν
1276 5232 1304 5284 6
1333 5232 1491 5302 λόγος
1511 5249 1525 5263 ο
1562 5233 1637 5298 ὡς
1659 5237 1841 5290 αὐτῶν

274 5313 365 5380 μὲν
388 5314 784 5387 ήμαρτηκύτων
823 5318 898 5389 μὴ
944 5319 1238 5389 μελλόντων
1271 5324 1650 5395 ἀφανίζεσθαι,
1701 5329 1842 5399 μηδὲ

274 5406 345 5468 εἰς
366 5407 426 5461 τὸ
439 5408 701 5471 παντελὲς
723 5410 1049 5466 ἀπόλλυσθαι
1069 5431 1082 5443 ·
1113 5415 1218 5468 τῶν
1236 5416 1292 5469 δὲ
1309 5419 1664 5489 γεννημάτων
1691 5420 1836 5475 οὕτω

275 5495 626 5569 ςηλουμένων,
682 5494 756 5554 ὧν
801 5503 834 5572 ή
890 5503 1035 5576 ψυχή
1083 5506 1259 5561 αὐτῶν
1313 5511 1614 5582 γεγέννηκε
1682 5514 1833 5581 λογι-

275 5587 417 5657 σμῶν
437 5590 710 5659 πονηρῶν,
737 5591 938 5647 τούτων
965 5595 1263 5668 ἀφανισμὸν
1281 5599 1609 5674 γενήσεσθαί
1639 5619 1826 5675 φησιν.

332 5786 371 5818 ⁸³
407 5787 593 5843 Matth.
635 5804 757 5844 xxv.
791 5792 876 5846 ll.

1861 4521 1912 4580 D

1936 3224 2199 3295 portionis
2225 3233 2276 3276 et
2300 3223 2465 3277 sortis
2493 3236 2613 3275 esse
2642 3235 2975 3276 mereamur.

2005 3308 2171 3365 Vens.
2216 3311 2298 3362 t4.
2351 3326 2371 3358 ι
2429 3305 2626 3360 Murtui
2671 3317 2850 3362 autem
2883 3307 3052 3361 vitam
3087 3321 3194 3361 non
3226 3305 3514 3371 videbunt,

1903 3415 2116 3491 ‘neque
2147 3399 2340 3455 tuedici
2378 3399 2746 3453 suscitabuut.
2777 3397 2900 3453 ideo
2946 3397 3220 3455 abduxiin
3246 3438 3263 3463 ,
3297 3408 3353 3454 et
3382 3413 3511 3468 per-

1935 3489 2144 3555 didisti,
2171 3497 2230 3544 et
2260 3487 2529 3543 sustulisti
2565 3502 2731 3542 omne
2780 3487 3079 3543 masculum
3107 3503 3319 3544 eorum.
3349 3507 3368 3540 ι
3401 3487 3510 3545 Nos

1934 3579 2177 3651 quidem,
2211 3580 2310 3643 ait,
2339 3577 2414 3632 tui
2441 3593 2630 3633 sumus
2651 3617 2668 3644 ,
2697 3579 2921 3634 Domine
2941 3620 2959 3646 ,
2993 3588 3048 3633 et
3075 3587 3130 3633 tu
3160 3589 3344 3636 nostra
3379 3594 3510 3648 pos-

1933 3673 2111 3729 sessio
2141 3686 2238 3738 es;
2271 3671 2366 3739 qui
2401 3684 2531 3724 vero
2557 3684 2678 3726 sese
2712 3672 2950 3741 peccatis
2978 3671 3046 3726 ad
3091 3681 3323 3727 mortem
3352 3672 3515 3728 dedi-

1935 3765 2150 3832 derunt,
2217 3763 2448 3848 ideoque
2501 3762 2788 3817 animabus
2853 3765 3052 3819 mortui
3109 3774 3235 3819 sunt
3305 3782 3320 3819 :
3383 3780 3567 3850 nam;

1938 3875 1958 3910 ι
1985 3857 2165 3911 anima
2184 3871 2303 3926 qua:
2323 3856 2652 3927 peccaverit,
2685 3856 2798 3925 ipsa
2819 3856 3116 3911 morietur:
3139 3875 3158 3910 ι
3185 3857 3511 3928 promissam

1934 3948 2136 4005 sanctis
2168 3956 2427 4003 aeternam
2460 3948 2624 4000 vitam
2658 3961 2764 4000 non
2797 3946 3077 4010 videbunt,
3109 3961 3283 4018 neque
3311 3947 3512 4003 medici

1934 4042 2296 4110 undecunque
2343 4041 2606 4095 accedant
2644 4039 2834 4111 judicii
2908 4049 3192 4110 tempore,
3252 4051 3511 4110 poterunt

1936 4135 2068 4206 ipsis
2096 4147 2252 4204 opem
2282 4133 2347 4186 ad
2380 4133 2610 4188 salutem
2652 4122 2902 4187 conferre
2925 4171 2942 4197 ,
2975 4148 3147 4204 neque
3173 4147 3267 4188 eos
3289 4133 3358 4188 ab
3387 4135 3507 4188 exi-

1935 4229 2011 4282 tio
2038 4227 2323 4282 suscitare.
2355 4225 2412 4280 Si
2443 4226 2664 4296 quidem
2691 4239 2830 4292 quos
2861 4235 2914 4279 tu
2940 4266 2954 4289 ,
2987 4242 3213 4297 magne,
3247 4226 3508 4282 terribilis

1935 4329 1990 4376 et
2028 4319 2175 4390 juste
2202 4317 2376 4374 Judex
2407 4358 2422 4383 ,
2453 4319 2710 4388 perniciei
2762 4320 3030 4375 tradidisti
3057 4361 3072 4384 ,
3105 4320 3228 4389 quis
3257 4319 3505 4375 medicus

1934 4424 2151 4467 servare
2177 4410 2420 4482 poterit?

2015 4603 2052 4643 ι·
2073 4589 2196 4646 Ideo
2227 4590 2498 4646 abduxisti
2533 4601 2586 4646 et
2618 4593 2936 4661 perdidisti,
2977 4602 3032 4648 et
3061 4594 3325 4657 sustulisti
3350 4608 3512 4648 omne

1939 4681 2239 4736 masculum
2287 4697 2496 4736 eorum.
2546 4702 2564 4735 ι
2599 4682 2704 4736 Pro
2736 4684 2824 4738 illo
2855 4694 3035 4738 autem
3065 4722 3082 4744 .
3115 4702 3134 4735 ι
3167 4697 3221 4741 et
3242 4687 3514 4741 sustulisti

1937 4789 2097 4828 omne
2128 4774 2425 4828 masculum
2464 4789 2650 4828 eorum
2679 4815 2694 4839 ,
2738 4795 2756 4827 ι
2794 4767 3153 4849 Symmachus
3178 4816 3196 4841 ,
3237 4796 3256 4829 ι
3293 4791 3510 4831 onmem

1938 4866 2255 4921 memoriam
2310 4880 2528 4933 eorum;
2568 4886 2586 4919 ι
2624 4867 2818 4938 Aquila
2877 4883 3005 4923 vero
3051 4877 3108 4923 et
3156 4868 3460 4924 Tlieodotio
3497 4912 3512 4933 ,

1943 4975 1963 5009 ε
2001 4971 2160 5012 omne
2192 4959 2503 5014 memoriale
2531 4975 2742 5024 eorum,
2781 4978 2801 5012 ι
2836 4961 3174 5031 interpretati
3205 4969 3353 5018 sunt.
3409 4961 3517 5016 Par

1934 5061 2052 5105 erat
2081 5053 2224 5105 enim
2257 5062 2558 5108 memorato
2601 5052 2789 5121 judicii
2827 5065 3069 5124 tempore
3091 5093 3107 5118 ,
3137 5069 3356 5110 onmem
3410 5070 3512 5110 ne-

1937 5143 2118 5209 quitia
2155 5144 2474 5197 memoriam
2502 5145 2569 5198 de
2599 5145 2775 5199 medio
2802 5145 2938 5198 tolli.
2977 5146 3130 5212 Quod
3163 5147 3208 5200 si
3237 5147 3508 5211 dicamus,

1943 5253 1962 5286 1
1992 5250 2154 5290 omne
2189 5235 2488 5290 masculum
2523 5251 2735 5300 eorum,
2779 5254 2797 5288 l
2833 5252 3084 5305 magnam
3132 5253 3312 5293 sermo
3362 5253 3506 5307 pra:-

1941 5327 2044 5383 fert
2081 5329 2496 5393 immanitatem,
2547 5330 2705 5398 quasi
2734 5329 2942 5385 scilicet
2969 5346 3074 5385 non
3107 5332 3208 5401 ipsi
3244 5342 3501 5401 peccato-

1943 5437 2034 5476 res
2058 5419 2269 5476 delendi
2299 5437 2364 5476 ac
2407 5419 2650 5476 funditus
2699 5421 2954 5490 perdendi
2985 5424 3118 5488 sint,
3167 5423 3262 5477 sed
3310 5435 3502 5475 eorum

1941 5513 2081 5566 fetus
2105 5549 2122 5575 ,
2157 5525 2293 5581 quos
2335 5502 2523 5566 eorum
2556 5513 2733 5567 anima
2767 5513 2977 5582 peperit
3001 5550 3017 5575 ,
3074 5511 3226 5567 maiae
3252 5510 3513 5567 videlicet

1938 5601 2312 5674 cogitationes,
2345 5603 2411 5659 de
2447 5605 2622 5661 medio
2649 5602 2893 5661 tollenda
2920 5603 3048 5660 sint.
