4100 6412
594 411 706 470 275

1262 403 1531 463 EUSEBII
1568 402 2033 460 CESARIENSIS
2063 400 2213 459 OPP.
2247 398 2430 456 PARS
2464 395 2556 453 Ill.
2591 424 2663 437 —
2693 387 3104 450 EXEGETICA.

3690 376 3810 439 978

670 523 836 584 Vm.
880 525 949 581 15
975 562 993 590 ,
1034 523 1126 583 16.
1161 542 1181 577 ι
1219 522 1367 579 Adde
1390 523 1471 579 eis
1498 522 1633 577 mala
1658 562 1675 587 ,
1725 522 1947 576 Domine
1968 561 1983 585 ,
2012 519 2145 575 adde

2319 532 2342 571 ε
2367 512 2607 586 Πρόσθες
2638 512 2818 575 αὐτοῖς
2850 506 3015 571 κακὰ,
3040 504 3233 575 Κύριε,
3264 500 3498 572 πρόσθες
3527 496 3675 558 κακὰ
3702 498 3817 561 τοῖς

602 620 739 679 mala
780 616 1028 690 gloriosis
1076 626 1253 673 terra.
1302 616 1566 680 Domine,
1606 614 1660 669 in
1690 614 2032 668 tribulatione
2064 625 2146 666 re-

601 710 803 767 cordati
835 724 1022 764 sumus
1049 708 1123 763 tui
1161 728 1174 764 :
1211 707 1263 761 in
1295 706 1643 762 tribulatione
1666 720 1829 777 parva
1868 704 2146 775 disciplina

600 808 695 856 tua
719 800 897 855 nobis.
937 818 956 850 ι
991 797 1250 866 Quoniam
1282 793 1601 852 universalis
1621 794 1811 865 judicii
1834 795 2006 849 locum
2029 809 2150 849 con-

600 889 892 958 templatur
919 887 1201 957 propheta,
1230 900 1327 941 ceu
1353 884 1559 955 judicio
1589 898 1846 955 przsens,
1889 898 1951 938 ac
1977 882 2147 939 tribu-

602 978 715 1035 nali
748 978 840 1033 Dei
888 988 1106 1043 astans;
1144 988 1242 1046 pro
1266 973 1578 1031 conditione
1602 964 1779 1029 rerum
1805 988 1940 1043 quas
1966 974 2146 1038 videt,

599 1071 761 1125 modo
791 1068 1095 1131 conﬁtetur,
1123 1068 1284 1122 modo
1311 1074 1584 1136 precatur,
1616 1066 1773 1120 modo
1799 1065 1999 1136 gratias
2018 1064 2146 1133 agit,

599 1174 724 1216 mox
749 1158 922 1229 dignis
955 1171 984 1211 a
1016 1156 1126 1212 Deo
1160 1170 1258 1227 pro
1305 1155 1497 1210 merito
1530 1144 1735 1210 dandas
1768 1155 2151 1209 retributiones

600 1255 837 1305 enarrat.
883 1246 1007 1302 Haec
1056 1260 1219 1317 porro
1250 1247 1430 1302 omnia
1482 1246 1636 1300 nobis
1666 1260 1763 1315 per
1815 1242 2149 1315 Scripturam

601 1352 752 1395 suam
779 1337 954 1405 oﬂert,
990 1347 1048 1392 ut
1076 1337 1437 1401 instituamnr,
1467 1337 1641 1392 edocti
1674 1336 1854 1390 omnia
1889 1349 2008 1405 quae
2039 1335 2151 1405 ipse

598 1442 670 1485 ex
699 1429 863 1485 divini
893 1429 1125 1497 Spiritus
1154 1428 1509 1484 illustratione
1554 1438 1798 1483 noverat.
1846 1426 1913 1482 Et
1962 1440 2101 1480 nunc
2129 1464 2149 1490 ,

603 1521 815 1594 inquit,
855 1522 1116 1587 Domine,
1150 1535 1272 1577 cum
1305 1530 1515 1591 tempus
1549 1520 1759 1575 adesset
1780 1558 1797 1581 ,
1843 1518 1897 1572 in
1929 1526 2149 1588 angusta

607 1623 667 1670 et
694 1620 842 1669 arcta
871 1616 954 1667 via
993 1612 1320 1673 incedentes,
1338 1624 1434 1681 pro
1455 1610 1651 1679 pietate
1674 1608 2147 1663 concertabamus:

602 1720 791 1762 verum
838 1703 894 1758 in
927 1700 1209 1757 alliictione
1258 1699 1349 1755 illa
1383 1739 1401 1765 ,
1451 1712 1786 1769 nequaquam
1815 1713 2029 1753 eramus
2076 1697 2151 1753 tui

603 1798 947 1852 immemores
976 1810 993 1850 :
1025 1792 1117 1849 nd
1142 1792 1513 1849 recordatione
1552 1792 1627 1846 tui
1669 1791 2003 1847 corroborati
2060 1804 2154 1859 pa-

2246 606 2474 673 ὲνδόξοις
2497 606 2595 676 τῆς
2621 604 2745 674 γῆς.
2773 601 2965 672 Κύριε,
3006 600 3063 652 εν
3094 596 3270 666 θλίψει
3299 589 3650 664 ἐμνήσθημεν
3681 604 3814 642 σουο

2246 699 2305 751 εν
2329 696 2503 765 θλίψει
2547 694 2720 763 μικρᾷ
2762 692 2795 761 ή
2832 687 3045 742 παιδεία
3091 702 3183 739 σου
3227 686 3379 755 ⁴ήμῖν.
3413 701 3433 736 ι
3472 679 3689 750 Ἐπειδὴ
3725 678 3820 732 τὸν

2247 786 2375 860 περὶ
2404 785 2503 856 τῆς
2529 782 2757 837 καθόλου
2788 781 3020 852 κρίσεως
3045 778 3207 830 τόπον
3235 775 3428 844 θεωρεῖ
3454 774 3483 826 ό
3507 772 3820 860 προφήτης,

2246 858 2445 933 ὡσανεὶ
2499 873 2687 946 παρὼν
2738 875 2803 945 τῇ
2846 872 3041 944 κρίσει,
3074 868 3169 922 καὶ
3206 866 3283 937 τῷ
3318 865 3522 937 βήματι
3553 862 3647 917 τοῦ
3680 858 3820 915 Θεοῦ

2247 967 2553 1043 παρεστὼς,
2581 967 2666 1035 ἐφ’
2686 959 2766 1028 οἷς
2791 966 2915 1036 ὁρᾷ,
2944 961 3071 1016 ποτὲ
3098 960 3194 1031 μὲν
3226 958 3648 1030 ὲξομολογεῑται,
3670 951 3822 1043 ,ποτὶ

2246 1060 2304 1114 δὲ
2339 1042 2587 1123 ίκετεύει,
2614 1056 2745 1109 ποτὲ
2772 1056 2828 1108 δὲ
2847 1052 3173 1125 εὐχαριστεῖ,
3196 1048 3325 1102 ποτε
3349 1048 3407 1102 δὲ
3427 1046 3524 1111 τὰς
3550 1042 3823 1115 ἀποθησοο

2252 1150 2417 1221 μένας
2459 1147 2562 1201 ὑπὸ
2606 1145 2700 1200 τοῦ
2747 1143 2883 1199 Θεοῦ
2916 1140 3148 1213 ἀμοιϐὰς
3181 1139 3295 1201 τοῖς
3325 1136 3495 1204 ἀξίοις
3525 1135 3819 1207 διέρχεται.

2248 1242 2431 1295 Πάντα
2468 1240 2524 1292 δὲ
2570 1236 2739 1292 ταῦτα
2762 1236 2849 1290 διὰ
2879 1234 2977 1305 τῆς
3004 1229 3167 1287 αὐτοῦ
3194 1228 3415 1301 Γραφῆς
3443 1227 3538 1281 καὶ
3560 1227 3694 1297 ἡμῖν
3722 1239 3824 1278 πα-

2251 1332 2551 1406 ραδίδωσιν,
2599 1330 2673 1392 ὼς
2722 1327 2789 1382 ἂν
2828 1320 3222 1394 παιδευοίμεθα
3255 1318 3627 1389 διδασκόμενοι
3659 1314 3821 1372 πάνθ’

2248 1422 2348 1475 ὅσα
2400 1421 2493 1473 καὶ
2543 1418 2705 1481 αὐτὸς
2752 1416 2818 1469 ὲκ
2856 1415 2956 1485 τῆς
3000 1410 3096 1465 τοῦ
3138 1408 3282 1464 θείου
3328 1407 3645 1479 Πνεὸματος
3699 1407 3826 1461 ιπε-

2250 1510 2506 1582 iam;
2522 1508 2680 1579 ἔγνω.
2706 1506 2819 1560 Καὶ
2842 1505 2937 1560 νῦν
2966 1499 3081 1567 οὖν,
3112 1500 3295 1573 φησὶν,
3322 1499 3410 1553 ὅτε
3434 1497 3625 1569 καιρὸς
3650 1491 3745 1568 ἦν,
3773 1488 3825 1551 ὃ

2251 1604 2444 1674 Κύριε,
2475 1601 2573 1674 τὴν
2624 1598 2815 1669 στενὴν
2859 1595 2953 1651 καὶ
2995 1594 3094 1666 τήν
3138 1589 3502 1661 τεθλιμμένην
3544 1586 3823 1650 ὁδεύοντες

2252 1694 2392 1765 ὑπὲρ
2410 1693 2509 1764 τῆς
2532 1689 2813 1751 εὐσεϐείας
2836 1683 3238 1758 ἠγωνιζόμεθα·
3269 1681 3407 1754 πλὴν
3431 1680 3527 1735 καὶ
3552 1681 3612 1734 ὲν
3631 1677 3819 1750 εκείνη

2252 1783 2319 1852 τῇ
2356 1780 2531 1850 θλίψει
2565 1780 2666 1832 οὐκ
2715 1773 2858 1850 ἦμέν
2916 1791 3009 1828 σου
3050 1774 3392 1845 ἀμνήμονεςο
3439 1771 3531 1824 ὑπ’
3565 1768 3736 1841 αὐτῆς
3761 1767 3825 1822 εδ

603 1888 797 1943 tienter
846 1884 1172 1950 ferebamus,
1216 1884 1292 1939 ita
1322 1892 1383 1938 ut
1407 1883 1742 1946 diceremus,
1779 1899 1799 1933 ι
1833 1858 2155 1936 Tribnlatio-

2261 1874 2350 1943 τῆς
2393 1873 2492 1943 σῆς
2541 1873 2759 1943 μνήμης
2792 1866 3184 1939 δυναμούμενοι
3234 1858 3517 1937 mearis
3555 1862 3827 1933 ὑπεμένο-

602 1992 727 2034 nem
758 1978 1047 2050 patientes,
1080 1974 1176 2032 sed
1203 1989 1311 2030 non
1360 1972 1655 2044 angustiati
1682 1988 1698 2038 ;
1726 1971 2154 2042 persecutionem

603 2069 860 2135 ferentes,
888 2069 981 2125 sed
1009 2081 1113 2123 non
1138 2064 1411 2133 derelicti;
1445 2062 1657 2134 deiecti,
1688 2060 1783 2119 sed
1823 2076 1944 2118 non'
1976 2062 2155 2132 perdi-

607 2160 648 2215 ti
670 2159 734 2215 “.
766 2178 786 2212 ι
818 2156 931 2213 Hac
959 2170 1089 2227 ergo
1110 2152 1425 2211 calamitate
1448 2152 1748 2220 erudimur,
1777 2151 2008 2208 scientes
2030 2150 2157 2221 quia

607 2263 771 2321 quem
799 2246 973 2320 diligit
1001 2248 1165 2313 Deus,
1185 2244 1431 2316 castigat.

675 2427 844 2483 Vens.
873 2427 960 2496 17,
987 2427 1075 2483 18.
1107 2445 1127 2481 ι
1161 2426 1229 2482 Et
1254 2426 1395 2482 sicut
1432 2424 1747 2496 parturiens
1772 2424 2163 2494 appropinquat

609 2520 677 2576 ad
699 2528 933 2591 partum,
956 2520 1087 2574 etin
1117 2518 1302 2574 dolore
1326 2533 1425 2574 suo
1452 2517 1682 2573 clamat:
1713 2516 1793 2571 sic
1818 2514 1944 2569 lacti
1977 2528 2163 2569 sumus

609 2608 817 2666 Dilecto
838 2618 949 2664 tuo.
977 2607 1201 2677 Propter
1228 2607 1468 2662 timorem
1496 2617 1666 2669 tuum,
1690 2604 1929 2663 Domine.
1963 2603 2023 2659 in
2043 2612 2162 2659 ute-

609 2713 677 2755 ro
701 2700 1044 2771 accepimus,
1076 2708 1133 2756 et
1161 2699 1542 2771 parturirimus
1566 2740 1585 2766 ,
1623 2709 1678 2755 et
1704 2698 2008 2770 peperimus
2049 2698 2158 2780 spi-

610 2789 775 2846 ritum
794 2788 983 2847 salutis
1008 2798 1111 2845 tua
1131 2830 1147 2856 ,
1180 2804 1337 2861 quem
1368 2791 1595 2846 fecimus
1623 2790 1677 2846 in
1720 2798 1883 2845 terra.
1924 2788 2039 2845 Non
2070 2804 2164 2846 ca-

2258 1977 2387 2034 μεν·
2408 1960 2546 2014 ὥστε
2570 1960 2748 2029 λέγειν
2808 1975 2829 2010 ι
2855 1954 3189 2027 Θλιϐόμενοι,
3223 1952 3338 2008 ἀλλ’
3373 1953 3436 2007 οὐ
3462 1950 3826 2023 στενοχωρούο

2258 2070 2407 2125 μενοι
2424 2069 2439 2084 ο
2460 2051 2793 2124 διωκόμενοι,
2812 2049 2924 2104 ἀλλ’
2949 2047 3047 2102 οὐκ
3070 2044 3664 2117 εγκαταλιμπανόμενοι
3683 2058 3700 2074 ·
3722 2058 3829 2098 κα-

2255 2141 2663 2215 ταϐαλλόμενοι,
2702 2140 2816 2195 ἀλλ’
2856 2140 2957 2193 οὐκ
2988 2136 3364 2208 ἀπολλύμενοι.
3416 2150 3436 2188 ι
3475 2135 3575 2191 Διὰ
3619 2133 3828 2205 ταύτης

2254 2234 2386 2304 γοῦν
2412 2214 2515 2305 τῆς
2535 2231 2767 2303 θλίψεως
2786 2214 3172 2301 παιδευόμεθα,
3196 2227 3417 2292 ειδότες,
3441 2226 3524 2281 δτι
3545 2224 3606 2281 δν
3632 2224 3824 2296 ἀγαπᾷ

2257 2324 2477 2398 Κύριος,
2503 2322 2766 2378 παιδεύει.

2332 2433 2352 2467 ι
2380 2413 2491 2469 Καὶ
2518 2413 2594 2478 ὡς
2627 2415 2662 2485 ή
2697 2412 2961 2467 ὠδίνουσα
2991 2408 3195 2480 ἐγγίζει
3237 2407 3333 2462 τοῦ
3364 2409 3561 2471 τεκεῖν,
3597 2404 3692 2461 καὶ
3726 2403 3824 2459 επὶ

2256 2508 2322 2577 τῇ
2379 2504 2526 2559 ὠδῖνι
2563 2504 2735 2575 αὐτῆς
2777 2503 3075 2574 ἐκέκραγεν
3098 2519 3112 2533 ο
3160 2499 3333 2563 οὕτως
3384 2498 3716 2571 ἐγενήθημεν
3744 2495 3827 2568 τῷ

2269 2596 2559 2669 ’.ἀγαπητῷ
2582 2613 2696 2651 σου.
2723 2594 2824 2650 Διὰ
2854 2596 2944 2649 τὸν
2973 2593 3135 2665 φόϐον
3168 2610 3284 2657 σου,
3311 2583 3505 2664 Κύριε,
3537 2591 3597 2643 ὲν
3625 2587 3827 2660 γαστρὶ

2260 2688 2543 2761 ἐλάϐομεν,
2565 2687 2661 2743 καὶ
2691 2686 3050 2760 ὼδινήσαμεν,
3072 2685 3166 2740 καὶ
3196 2683 3455 2755 ὲτόκομιν
3480 2679 3694 2752 πνεῦμα
3719 2696 3830 2734 σω-

2257 2780 2451 2853 τηρίας
2480 2796 2597 2843 σου,
2634 2777 2664 2832 δ
2692 2778 3023 2849 ἐποιήσαμεν
3046 2775 3138 2831 ἐπὶ
3170 2774 3271 2846 τῆς
3297 2774 3421 2845 γῆς.
3450 2772 3525 2827 Οὐ
3558 2768 3832 2841 mentitae-

610 2879 821 2947 demus,
844 2879 938 2937 sed
963 2880 1155 2937 cadent
1176 2859 1364 2937 omnes
1386 2881 1715 2939 habitatores
1743 2890 1921 2938 terra.
1947 2901 1966 2934 ι
1986 2880 2158 2949 Quare

2261 2868 2348 2935 θα,
2403 2868 2539 2923 ἀλλὰ
2587 2866 2872 2923 πεσοῦνται
2917 2868 3115 2930 πάντες
3153 2862 3558 2927 οίενοικοῦντες
3595 2861 3688 2916 επὶ
3722 2859 3828 2933 τῆς

611 2988 823 3032 omnem
849 2974 1083 3032 laborem
1110 2976 1460 3041 sustinentes,
1491 2976 1693 3032 similes
1715 2990 1933 3032 eramus
1952 2974 2158 3031 mulieri

2262 2964 2382 3035 γῆς.
2420 2979 2440 3015 a
2470 2961 2560 3015 Διδ
2596 2961 2775 3023 πάντα
2810 2960 2969 3015 πόνον
3011 2958 3389 3031 ὑπομένοντες,
3421 2956 3658 3020 ἐοικότες
3680 2949 3829 3027 ἦμεν

611 3064 928 3134 parturienti
955 3102 971 3127 ,
1009 3074 1063 3120 et
1091 3063 1382 3120 clamorem
1414 3066 1718 3134 emittenti,
1764 3066 1889 3135 quia
1920 3065 1996 3131 id,
2021 3066 2158 3135 quod

2261 3053 2525 3129 ὼδινούσῃ
2566 3053 2806 3123 γυναικὶ,
2854 3054 2950 3107 καὶ
2998 3050 3126 3125 βοὰς
3162 3049 3396 3124 aptatia-5
3441 3048 3568 3122 περὶ
3595 3046 3727 3103 αὐτὸ
3764 3045 3830 3101 τδ

611 3155 666 3208 in
694 3164 882 3210 ventre
912 3164 1179 3222 movetur,
1212 3155 1267 3209 in
1296 3155 1467 3211 lucem
1488 3156 1713 3211 enixura
1742 3166 1825 3212 est
1854 3174 1869 3210 :
1902 3156 1977 3210 ita
1993 3165 2050 3212 et
2067 3170 2158 3211 nos

2269 3146 2482 3219 μέλλειν
2516 3146 2580 3200 τὸ
2606 3146 2748 3201 κατὰ
2773 3145 3008 3217 γαστρὸς
3036 3145 3350 3217 κινούμενον
3398 3144 3479 3207 είς
3530 3140 3647 3212 φῶς
3693 3155 3831 3212 προ-

611 3253 858 3313 respectu
887 3242 1076 3300 Dilecti
1124 3246 1198 3301 tui
1244 3245 1443 3301 fuimus
1474 3263 1489 3300 ε
1522 3261 1644 3300 nam
1676 3247 2008 3317 unigenitum
2031 3246 2158 3303 Ver-

2262 3237 2417 3306 ἀγειν
2433 3254 2449 3268 ο
2475 3236 2619 3291 οὕτω
2653 3236 2763 3311 γὰρ
2796 3237 2891 3293 καὶ
2914 3238 3074 3309 ἡμεῖς
3098 3235 3324 3308 ἐγενήθη
3348 3231 3538 3307 μὲντῷ
3564 3230 3643 3303 σῷ
3669 3230 3835 3300 ’Δγα-

613 3332 737 3387 bum
771 3343 917 3389 tuum
950 3335 1093 3389 intus
1116 3336 1170 3390 in
1197 3335 1375 3391 anima
1400 3335 1679 3402 habentes,
1708 3351 1919 3393 necnon
1946 3338 2158 3393 insitum

2262 3327 2419 3401 πητῷ
2436 3344 2453 3358 ο
2481 3328 2570 3383 τὸν
2603 3327 2712 3401 γὰρ
2749 3330 3007 3401 μονογενῆ
3044 3343 3136 3381 σου
3161 3327 3330 3396 Λόγον
3354 3325 3503 3379 ἔνδον
3532 3324 3745 3395 ἔχοντες
3767 3323 3831 3377 tv

612 3424 711 3478 abs
758 3434 812 3481 te
858 3426 1014 3480 nobis
1041 3425 1277 3481 divinum
1329 3427 1616 3493 timorem,
1667 3443 1731 3482 ac
1757 3439 2158 3499 perseveranter

2262 3424 2328 3492 τῇ
2366 3419 2572 3475 ἑαυτῶν
2604 3419 2774 3492 ψυχῇ,
2807 3421 2902 3474 καὶ
2932 3419 3021 3473 τὸν
3044 3420 3109 3473 ὲκ
3138 3419 3232 3473 σοῦ
3254 3416 3669 3487 κατασπαρέντα
3693 3416 3835 3487 ήμῖν

613 3514 872 3579 ferentes,
900 3529 1003 3569 non
1042 3530 1137 3585 spe
1160 3516 1296 3585 lapsi
1322 3532 1549 3584 sumus;
1588 3518 1682 3573 sed
1710 3520 2014 3589 peperimus
2052 3519 2158 3591 spi-

2264 3508 2441 3563 lvOsov
2471 3508 2653 3578 φόϐον,
2679 3509 2774 3562 καὶ
2802 3508 2866 3581 δὴ
2896 3508 3350 3580 καρτερήσαντες,
3388 3507 3487 3560 οὐκ
3518 3503 3832 3575 ἑσφάλημεν

615 3604 777 3657 ritum
806 3604 1017 3659 salutis.
1056 3604 1187 3659 Nam
1235 3605 1358 3661 linis
1395 3606 1486 3661 ille
1539 3606 1727 3663 Dilecti
1762 3609 1834 3662 tui
1870 3618 1925 3663 et
1957 3609 2158 3663 timoris

2262 3602 2361 3672 τῆς
2388 3600 2618 3664 ἐλπίδος,
2648 3598 2763 3654 ἀλλ’
2790 3599 3047 3670 ιτέκομεν
3076 3598 3290 3669 πνεῦμα
3325 3596 3619 3669 σωτηρίας.
3662 3595 3832 3660 Τέλος

615 3694 731 3761 ejus
754 3700 960 3763 partus,
996 3693 1217 3765 spiritus
1246 3698 1415 3751 nostri
1445 3705 1589 3753 satus
1614 3706 1766 3763 erat;
1807 3713 1965 3768 quem
2002 3700 2158 3769 spiri-

2264 3691 2373 3764 γὰρ
2407 3692 2505 3763 τῆς
2526 3693 2771 3763 κυήσεως
2810 3691 2903 3744 τοῦ
2950 3691 3255 3761 Ἀγαπητοῦ
3287 3708 3379 3745 σου
3420 3691 3516 3743 καὶ
3541 3689 3633 3743 τοῦ
3661 3687 3829 3759 φόϐου

618 3793 731 3837 tum
763 3790 822 3837 ut
848 3783 1134 3845 edidimus.
1170 3784 1418 3841 omnibus
1444 3786 1630 3841 orbem
1681 3786 2039 3843 incolentibus
2064 3788 2158 3845 lno-

2266 3782 2429 3836 αὐτοῦ
2468 3784 2503 3855 ή
2535 3783 2774 3854 σωτηρία
2796 3778 2865 3854 ἦν
2882 3782 2978 3836 τοῦ
3005 3782 3270 3855 ἡμετέρου
3300 3781 3629 3853 πνεύματος.
3649 3780 3833 3855 Ὅπερ

616 3872 852 3928 minibus
876 3884 1060 3929 notum
1090 3874 1342 3940 fecimus;
1386 3886 1443 3932 ut
1487 3885 1544 3933 et
1584 3877 1685 3947 ipsi
1723 3878 1851 3934 hinc
1872 3880 2067 3947 edocti,
2098 3894 2158 3936 ea

2266 3874 2729 3945 ἀπο-γεννήσαντες
2786 3875 3015 3947 φανεῴν
3075 3876 3486 3947 κατεστήσαμεν
3528 3874 3662 3927 πᾶσι
3718 3876 3834 3938 τοῖς

616 3963 954 4019 aemulatione
986 3967 1318 4033 parturiendi
1356 3982 1385 4022 a
1417 3966 1611 4026 timore
1665 3978 1756 4024 tuo
1780 4008 1796 4036 ,
1826 3978 1881 4025 et
1924 3972 2158 4041 pariendi

2268 3967 2361 4019 ἐπὶ
2388 3966 2489 4036 τῆς
2520 3966 2622 4037 γῆς
2648 3965 2987 4020 κατοικοῦσιν
3018 3966 3344 4040 ἀνθρώποις,
3366 3967 3443 4031 ὡς
3464 3966 3530 4021 ἂν
3558 3964 3651 4019 καὶ
3680 3964 3837 4019 αὐτοὶ

618 4052 862 4107 eumdem
914 4054 1196 4123 spiritum,
1246 4056 1528 4113 utilitatem
1566 4059 1887 4129 percipiant.
1948 4059 2164 4116 Etenim

618 4142 710 4212 qui
739 4142 879 4198 hunc
909 4144 1097 4200 salutis
1142 4147 1388 4215 spiritum
1440 4164 1545 4203 non
1576 4151 1963 4221 conceperint,
1995 4166 2168 4222 neque

620 4234 943 4302 pepererint,
969 4249 1091 4289 cum
1116 4234 1350 4305 alioquin
1374 4237 1589 4293 steriles
1611 4248 1666 4293 et
1694 4237 2013 4296 infructuosi
2037 4242 2164 4307 sint,

618 4342 647 4378 a
679 4337 776 4394 spe
818 4325 873 4379 in
905 4334 956 4380 te
984 4326 1216 4395 reposita
1256 4328 1505 4383 excident
1548 4346 1560 4381 :
1609 4329 1699 4397 qui
1740 4340 1917 4383 autem
1955 4344 2022 4386 ex
2046 4344 2170 4399 por-

618 4416 762 4472 tione
790 4426 881 4471 tua
912 4427 1077 4484 sunt,
1121 4418 1322 4489 quique
1346 4429 1566 4490 propter
1596 4428 1650 4474 te
1687 4434 2044 4475 aerumnarum
2073 4437 2166 4492 ge-

2272 4056 2534 4127 μαθόντες
2578 4057 2904 4127 ὼφεληθεῐεν
2952 4058 3040 4112 διὰ
3081 4057 3175 4113 τοῦ
3218 4056 3457 4129 ζηλῶσαι
3500 4056 3703 4127 κυῆσαι
3737 4056 3836 4110 καὶ

2270 4148 2463 4212 αὐτοὺς
2495 4148 2602 4202 ἀπὸ
2623 4147 2718 4201 τοῦ
2752 4148 2938 4218 φόϐου,
2975 4150 3072 4204 καὶ
3099 4151 3385 4204 ἀποτεκεῖν
3417 4149 3479 4203 τὺ
3512 4148 3644 4202 αὐτὸ
3670 4145 3836 4202 πνεῦ-

2274 4255 2366 4307 μα.
2412 4239 2474 4292 Ol
2522 4239 2630 4310 γὰρ
2682 4241 2755 4311 μὴ
2806 4238 2965 4294 τοῦτο
3010 4240 3267 4315 λαϐόντες
3310 4240 3445 4313 μηδὲ
3480 4239 3731 4303 τεκόντες
3769 4238 3836 4292 τδ

2271 4328 2486 4401 πνεῦμα
2517 4331 2616 4401 τῆς
2646 4330 2937 4403 σωτηρίας,
2970 4331 3146 4395 ἄλλως
3177 4331 3234 4385 δὲ
3266 4332 3447 4401 ἄγονοι
3472 4330 3565 4385 καὶ
3595 4330 3836 4403 ἄκαρποι

2272 4420 2565 4490 γενόμενοι,
2592 4422 2685 4477 καὶ
2705 4422 3061 4476 ἐκπεσοῦνται
3081 4425 3181 4494 τῆς
3205 4423 3355 4494 παρὰ
3390 4421 3483 4477 σοῦ
3516 4420 3727 4485 ἐλπίδος
3744 4438 3760 4454 ·
3782 4422 3835 4476 οί

618 4523 720 4564 nus
748 4524 907 4564 omne
932 4510 1166 4565 tolerant
1191 4550 1207 4574 ,
1236 4511 1446 4566 etiamsi
1485 4526 1657 4581 usque
1683 4512 1748 4565 ad
1776 4523 2004 4567 mortem
2033 4528 2158 4568 con-

2272 4511 2327 4563 δέ
2373 4528 2435 4580 γε
2466 4514 2565 4583 τῆς
2583 4511 2681 4582 σῆς
2718 4512 2929 4584 μερίδος
2952 4513 3127 4578 ὄντες,
3165 4516 3215 4568 οἱ
3245 4512 3333 4567 διὰ
3365 4514 3424 4567 σε
3456 4515 3635 4567 πᾶσαν
3659 4512 3836 4583 θλίψιν

619 4609 699 4676 trs
731 4610 1006 4669 peccatum
1040 4604 1473 4658 concertaverint
1496 4642 1512 4668 ,
1544 4618 1572 4654 a
1606 4603 1715 4658 vita
1741 4645 1757 4672 ,
1801 4619 1921 4673 quae
1949 4607 2086 4676 apud
2118 4615 2170 4662 te

618 4671 721 4755 ait,
748 4705 1080 4760 nequaquam
1107 4692 1375 4746 labentur.

688 4866 854 4923 Vens.
884 4869 968 4926 l9.
1018 4888 1038 4921 ε
1075 4869 1375 4937 Resnrgent
1407 4872 1604 4926 mortui
1631 4911 1647 4936 ,
1702 4881 1758 4926 et
1786 4869 2172 4925 excitabuntur

618 4964 711 5033 qui
741 4976 863 5019 sunt
899 4966 952 5019 in
982 4966 1345 5020 monumentis
1368 5008 1383 5031 ,
1410 4978 1467 5021 et
1493 4968 1819 5036 laetabuntur
1840 4965 1933 5036 qui
1963 4974 2088 5020 sunt
2112 4966 2166 5018 in

620 5065 762 5111 terra
794 5072 809 5109 :
840 5071 929 5111 ros
966 5056 1107 5110 enim
1139 5097 1156 5123 ,
1205 5057 1297 5125 qui
1330 5072 1357 5109 ο
1394 5066 1445 5112 te
1472 5068 1555 5113 est
1581 5098 1594 5119 ,
1640 5056 1842 5112 medela
1874 5056 2007 5125 ipsis
2039 5063 2122 5108 est
2151 5072 2166 5107 :

621 5154 766 5199 terra
786 5153 966 5199 autem
998 5145 1281 5215 impiorum
1324 5147 1502 5202 cadet.
1560 5167 1577 5198 ι
1630 5148 1931 5215 Resurgent
1974 5144 2170 5213 quippe

620 5236 852 5297 mortui;
878 5235 991 5289 sive
1024 5237 1315 5290 secundum
1342 5238 1611 5307 Aquilam,
1642 5254 1660 5287 ι
1696 5235 1889 5291 Vivent
1909 5236 2001 5306 qui
2024 5249 2169 5289 mor-

624 5330 698 5379 tui
751 5326 962 5387 l’uerant
1011 5326 1125 5393 tui;
1166 5345 1185 5380 ι
1224 5327 1339 5383 sive
1384 5329 1675 5385 secundum
1704 5327 2083 5401 Symmachum
2115 5334 2169 5381 et

622 5412 1043 5473 Tbeodotionem
1068 5458 1083 5483 ,
1125 5437 1143 5470 ι
1181 5416 1373 5474 Vivent
1403 5420 1598 5474 mortui
1644 5420 1741 5473 tui.
1786 5438 1806 5472 ι
1844 5417 2040 5474 Mortui
2072 5432 2168 5471 au-

625 5511 731 5557 tem
759 5505 874 5572 ejus
898 5507 1118 5576 quinam
1151 5507 1370 5571 fuerint,
1402 5508 1505 5562 nisi
1539 5491 1709 5563 sancti
1734 5508 1851 5576 ejus
1878 5516 2166 5578 martyres,

625 5593 716 5663 qui
749 5595 837 5649 alii
871 5610 900 5649 a
928 5596 1199 5665 praedictis
1219 5597 1444 5655 mortuis
1472 5607 1619 5665 sunt,
1646 5598 1712 5654 de
1736 5597 1936 5669 quibus
1963 5595 2166 5656 dictum

696 5768 739 5807 ”
780 5768 817 5822 ll
849 5766 969 5825 Cor.
1003 5786 1077 5837 ιν,
1102 5771 1155 5829 9.

2276 4603 2678 4673 ὑπομείναντες,
2743 4605 2793 4657 εί
2852 4603 2945 4657 καὶ
3006 4604 3167 4676 μέχρι
3204 4604 3432 4657 Θανάτου
3482 4601 3837 4671 ἅγωνίσαιντο

2278 4694 2411 4764 πρὸς
2458 4693 2557 4765 τὴν
2604 4695 2893 4766 ἁμαρτίαν,
2947 4694 3196 4766 οὐδαμῶς
3244 4695 3341 4767 τῆς
3384 4695 3532 4767 παρὰ
3577 4694 3659 4747 σοὶ
3690 4691 3835 4765 ζωῆς

2276 4785 2451 4838 ἀποπε
2460 4784 2691 4839 σοῦνται.

2351 4895 2368 4928 ι
2420 4878 2833 4949 Ἀναστήσονται
2858 4880 2909 4931 oi
2938 4878 3141 4949 νεκροὶ,
3182 4878 3274 4932 καὶ
3302 4878 3678 4949 ἐγερθήσονται
3699 4877 3749 4929 οί
3777 4878 3837 4929 ἐν

2273 4968 2383 5042 οῖοῖς
2426 4966 2727 5038 μνημείοις,
2775 4969 2869 5021 καὶ
2911 4968 3369 5039 εὐφρανθήσονται
3420 4972 3467 5022 οἱ
3514 4970 3571 5023 ὲν
3618 4969 3683 5040 τῇ
3724 4970 3833 5039 γῇ·

2275 5056 2439 5129 ήγὰρ
2473 5057 2660 5127 δρόσος
2693 5060 2725 5128 ἡ
2765 5060 2915 5129 παρὰ
2956 5058 3049 5112 σοῦ
3095 5061 3232 5131 ῖαμα
3267 5062 3448 5124 αὐτοῖς
3488 5075 3635 5113 εστιν
3658 5075 3673 5088 ·
3714 5060 3748 5129 ή
3777 5058 3837 5112 δὲ

2276 5148 2344 5218 γῆ
2383 5147 2491 5200 τῶν
2526 5148 2737 5202 ἀσεϐῶν
2781 5153 3040 5205 πεσεῖται.
3092 5170 3109 5203 ι
3174 5152 3590 5223 Ἀναστήσονται
3630 5149 3739 5221 γὰρ
3785 5150 3837 5203 oi

2274 5239 2472 5309 νεκροὶ,
2503 5239 2535 5309 ῆ
2565 5240 2707 5293 κατὰ
2734 5240 2823 5293 τὸν
2866 5241 3113 5306 Ἀκύλαν,
3155 5263 3174 5293 ι
3212 5244 3475 5313 Ζήσονται
3504 5242 3554 5294 οἱ
3603 5239 3833 5294 τεθνεῶ-

2273 5328 2363 5391 τές
2403 5344 2516 5393 σου,
2567 5347 2586 5379 ›
2626 5330 2661 5399 ἢ
2701 5328 2840 5383 κατὰ
2878 5330 2969 5383 τὸν
3011 5330 3304 5403 Σύμμαχον
3345 5330 3441 5385 καὶ
3486 5314 3837 5391 Θεοδοτίωνα,

2280 5436 2299 5468 ι
2340 5419 2597 5490 Ζήσονται
2643 5422 2693 5472 oi
2728 5422 2907 5495 νεκροί
2954 5439 3070 5477 σου.
3104 5442 3123 5474 ι
3165 5422 3369 5495 Νεκροὶ
3408 5421 3466 5476 δὲ
3498 5419 3660 5474 αὐτοῦ
3692 5419 3837 5485 τίνες

2275 5507 2341 5561 ἄν
2371 5503 2498 5572 εἷεν,
2546 5509 2579 5581 ἢ
2626 5512 2673 5563 οί
2724 5510 2866 5581 ἅγιοι
2913 5513 3076 5568 αὐτοῦ
3128 5513 3420 5585 μάρτυρες,
3464 5510 3639 5583 ἱτεροι
3686 5510 3837 5575 ϐντις

2279 5598 2427 5673 παρὰ
2456 5602 2580 5664 τοὺς
2616 5601 2898 5673 λεχθέντας
2926 5605 3171 5676 νεκροὺς,
3209 5605 3334 5676 περὶ
3364 5594 3438 5660 ὢν
3467 5602 3673 5675 εἴρητο·
3708 5620 3733 5657 s
3772 5600 3837 5656 οι
