  <div class='ocr_page' id='page_1' title='image "/cluster/home/n/w/nwhite01/storage/ocr_20150623/24/uva.x004246623/154.png"; bbox 0 0 4100 6422; ppageno 0'>
   <div class='ocr_carea' id='block_1_1' title="bbox 252 344 358 399">
    <p class='ocr_par' dir='ltr' id='par_1_1' title="bbox 252 344 358 399">
     <span class='ocr_line' id='line_1_1' title="bbox 252 344 358 399; baseline 0 0"><span class='ocrx_word' id='word_1_1' title='bbox 252 344 358 399; x_wconf 72' lang='grc' dir='ltr'><strong>επ</strong></span> 
     </span>
    </p>
   </div>
   <div class='ocr_carea' id='block_1_2' title="bbox 1187 343 2644 408">
    <p class='ocr_par' dir='ltr' id='par_1_2' title="bbox 1187 343 2644 408">
     <span class='ocr_line' id='line_1_2' title="bbox 1187 343 2644 408; baseline -0.001 -4"><span class='ocrx_word' id='word_1_2' title='bbox 1187 343 1702 404; x_wconf 69' lang='grc' dir='ltr'><strong>ΕΟΜΜΕΝΤΑΒΙΔ</strong></span> <span class='ocrx_word' id='word_1_3' title='bbox 1742 344 1810 401; x_wconf 79' lang='lat' dir='ltr'><strong>IN</strong></span> <span class='ocrx_word' id='word_1_4' title='bbox 1847 345 2108 408; x_wconf 73' lang='lat' dir='ltr'><strong>ISAIAM.</strong></span> <span class='ocrx_word' id='word_1_5' title='bbox 2140 359 2218 390; x_wconf 86' lang='lat'><strong>&#39;—</strong></span> <span class='ocrx_word' id='word_1_6' title='bbox 2258 347 2414 404; x_wconf 78' lang='lat' dir='ltr'><strong>CAP.</strong></span> <span class='ocrx_word' id='word_1_7' title='bbox 2456 348 2644 406; x_wconf 70' lang='lat' dir='ltr'><strong>XXVI.</strong></span> 
     </span>
    </p>
   </div>
   <div class='ocr_carea' id='block_1_3' title="bbox 3419 351 3526 406">
    <p class='ocr_par' dir='ltr' id='par_1_3' title="bbox 3419 351 3526 406">
     <span class='ocr_line' id='line_1_3' title="bbox 3419 351 3526 406; baseline 0.009 -1"><span class='ocrx_word' id='word_1_8' title='bbox 3419 351 3526 406; x_wconf 66' lang='lat'><strong>278</strong></span> 
     </span>
    </p>
   </div>
   <div class='ocr_carea' id='block_1_4' title="bbox 254 457 1852 538">
    <p class='ocr_par' dir='ltr' id='par_1_4' title="bbox 254 457 1852 534">
     <span class='ocr_line' id='line_1_4' title="bbox 254 457 1852 534; baseline 0.003 -22"><span class='ocrx_word' id='word_1_9' title='bbox 254 457 310 512; x_wconf 71' lang='grc' dir='ltr'><strong>δέ</strong></span> <span class='ocrx_word' id='word_1_10' title='bbox 343 460 536 529; x_wconf 78' lang='grc' dir='ltr'><strong>νεκροὶ</strong></span> <span class='ocrx_word' id='word_1_11' title='bbox 559 460 710 533; x_wconf 73' lang='grc' dir='ltr'><strong>ζωὴν</strong></span> <span class='ocrx_word' id='word_1_12' title='bbox 739 461 799 514; x_wconf 78' lang='grc' dir='ltr'><strong>οὐ</strong></span> <span class='ocrx_word' id='word_1_13' title='bbox 829 463 906 532; x_wconf 77' lang='grc' dir='ltr'><strong>μὴ</strong></span> <span class='ocrx_word' id='word_1_14' title='bbox 937 461 1139 525; x_wconf 69' lang='grc' dir='ltr'><strong>ἴδωσιν,</strong></span> <span class='ocrx_word' id='word_1_15' title='bbox 1166 461 1287 516; x_wconf 76' lang='grc' dir='ltr'><strong>ούδέ</strong></span> <span class='ocrx_word' id='word_1_16' title='bbox 1321 463 1506 533; x_wconf 82' lang='grc' dir='ltr'><strong>ίατροὶ</strong></span> <span class='ocrx_word' id='word_1_17' title='bbox 1533 463 1593 515; x_wconf 75' lang='grc' dir='ltr'><strong>οὗ</strong></span> <span class='ocrx_word' id='word_1_18' title='bbox 1629 464 1703 534; x_wconf 78' lang='grc' dir='ltr'><strong>μὴ</strong></span> <span class='ocrx_word' id='word_1_19' title='bbox 1737 462 1852 516; x_wconf 80' lang='grc' dir='ltr'><strong>ἀνα·</strong></span> 
     </span>
    </p>
   </div>
   <div class='ocr_carea' id='block_1_5' title="bbox 1953 457 3527 538">
    <p class='ocr_par' dir='ltr' id='par_1_5' title="bbox 1963 463 3527 538">
     <span class='ocr_line' id='line_1_5' title="bbox 1963 463 3527 538; baseline 0.003 -19"><span class='ocrx_word' id='word_1_20' title='bbox 1963 464 2157 531; x_wconf 78' lang='lat' dir='ltr'><strong>fuerat,</strong></span> <span class='ocrx_word' id='word_1_21' title='bbox 2194 483 2214 517; x_wconf 82' lang='grc' dir='ltr'><strong>ι</strong></span> <span class='ocrx_word' id='word_1_22' title='bbox 2257 463 2454 521; x_wconf 77' lang='lat' dir='ltr'><strong>Morini</strong></span> <span class='ocrx_word' id='word_1_23' title='bbox 2482 475 2664 521; x_wconf 89' lang='lat' dir='ltr'><strong>autem</strong></span> <span class='ocrx_word' id='word_1_24' title='bbox 2710 464 2873 519; x_wconf 75' lang='lat' dir='ltr'><strong>vitam</strong></span> <span class='ocrx_word' id='word_1_25' title='bbox 2901 479 3007 522; x_wconf 93' lang='lat' dir='ltr'><strong>non</strong></span> <span class='ocrx_word' id='word_1_26' title='bbox 3044 465 3319 531; x_wconf 80' lang='lat' dir='ltr'><strong>videbunt,</strong></span> <span class='ocrx_word' id='word_1_27' title='bbox 3353 483 3527 538; x_wconf 85' lang='lat' dir='ltr'><strong>neque</strong></span> 
     </span>
    </p>
   </div>
   <div class='ocr_carea' id='block_1_6' title="bbox 263 548 1857 624">
    <p class='ocr_par' dir='ltr' id='par_1_6' title="bbox 263 548 1857 624">
     <span class='ocr_line' id='line_1_6' title="bbox 263 548 1857 624; baseline 0.003 -23"><span class='ocrx_word' id='word_1_28' title='bbox 263 550 561 621; x_wconf 80' lang='grc' dir='ltr'><strong>στήσονται</strong></span> <span class='ocrx_word' id='word_1_29' title='bbox 586 570 602 616; x_wconf 81' lang='grc'>;</span> <span class='ocrx_word' id='word_1_30' title='bbox 636 569 657 602; x_wconf 85' lang='grc' dir='ltr'><strong>ι</strong></span> <span class='ocrx_word' id='word_1_31' title='bbox 702 551 838 604; x_wconf 80' lang='grc' dir='ltr'><strong>Ἀλλ’</strong></span> <span class='ocrx_word' id='word_1_32' title='bbox 863 553 1060 605; x_wconf 77' lang='grc' dir='ltr'><strong>ἐκεῖνοι</strong></span> <span class='ocrx_word' id='word_1_33' title='bbox 1089 553 1187 624; x_wconf 80' lang='grc' dir='ltr'><strong>μὲν</strong></span> <span class='ocrx_word' id='word_1_34' title='bbox 1215 548 1358 623; x_wconf 76' lang='grc' dir='ltr'><strong>ἦσαν</strong></span> <span class='ocrx_word' id='word_1_35' title='bbox 1391 553 1598 623; x_wconf 78' lang='grc' dir='ltr'><strong>νεκροὶ,</strong></span> <span class='ocrx_word' id='word_1_36' title='bbox 1627 551 1696 606; x_wconf 87' lang='grc' dir='ltr'><strong>τά</strong></span> <span class='ocrx_word' id='word_1_37' title='bbox 1722 553 1857 624; x_wconf 81' lang='grc' dir='ltr'><strong>πρὸς</strong></span> 
     </span>
    </p>
   </div>
   <div class='ocr_carea' id='block_1_7' title="bbox 257 639 1854 715">
    <p class='ocr_par' dir='ltr' id='par_1_7' title="bbox 257 639 1854 715">
     <span class='ocr_line' id='line_1_7' title="bbox 257 639 1854 715; baseline 0.002 -22"><span class='ocrx_word' id='word_1_38' title='bbox 257 639 490 694; x_wconf 81' lang='grc' dir='ltr'><strong>θάνατον</strong></span> <span class='ocrx_word' id='word_1_39' title='bbox 513 642 919 713; x_wconf 76' lang='grc' dir='ltr'><strong>ἡμαρτηκότες,</strong></span> <span class='ocrx_word' id='word_1_40' title='bbox 952 645 999 696; x_wconf 77' lang='lat' dir='ltr'><strong>ot</strong></span> <span class='ocrx_word' id='word_1_41' title='bbox 1028 643 1084 696; x_wconf 74' lang='grc' dir='ltr'><strong>δέ</strong></span> <span class='ocrx_word' id='word_1_42' title='bbox 1115 642 1298 713; x_wconf 77' lang='grc' dir='ltr'><strong>νεκροὶ</strong></span> <span class='ocrx_word' id='word_1_43' title='bbox 1334 643 1436 697; x_wconf 87' lang='grc' dir='ltr'><strong>τοῦ</strong></span> <span class='ocrx_word' id='word_1_44' title='bbox 1470 643 1677 715; x_wconf 79' lang='grc' dir='ltr'><strong>Κυρίου</strong></span> <span class='ocrx_word' id='word_1_45' title='bbox 1709 645 1759 695; x_wconf 80' lang='grc' dir='ltr'><strong>οἱ</strong></span> <span class='ocrx_word' id='word_1_46' title='bbox 1789 641 1854 696; x_wconf 84' lang='grc' dir='ltr'><strong>δι’</strong></span> 
     </span>
    </p>
   </div>
   <div class='ocr_carea' id='block_1_8' title="bbox 255 731 1858 804">
    <p class='ocr_par' dir='ltr' id='par_1_8' title="bbox 255 731 1858 804">
     <span class='ocr_line' id='line_1_8' title="bbox 255 731 1858 804; baseline 0.002 -21"><span class='ocrx_word' id='word_1_47' title='bbox 255 731 421 784; x_wconf 79' lang='grc' dir='ltr'><strong>αὑτὸν</strong></span> <span class='ocrx_word' id='word_1_48' title='bbox 455 733 646 785; x_wconf 75' lang='grc' dir='ltr'><strong>πᾶσαν</strong></span> <span class='ocrx_word' id='word_1_49' title='bbox 676 731 851 802; x_wconf 76' lang='grc' dir='ltr'><strong>θλίψιν</strong></span> <span class='ocrx_word' id='word_1_50' title='bbox 879 733 984 798; x_wconf 70' lang='lat' dir='ltr'><strong>lui;</strong></span> <span class='ocrx_word' id='word_1_51' title='bbox 1015 733 1242 788; x_wconf 84' lang='grc' dir='ltr'><strong>Θάνατον</strong></span> <span class='ocrx_word' id='word_1_52' title='bbox 1275 732 1664 804; x_wconf 71' lang='grc' dir='ltr'><strong>ὑπομένοντες.</strong></span> <span class='ocrx_word' id='word_1_53' title='bbox 1714 735 1858 787; x_wconf 72' lang='grc' dir='ltr'><strong>’Δντὶ</strong></span> 
     </span>
    </p>
   </div>
   <div class='ocr_carea' id='block_1_9' title="bbox 252 819 1858 897">
    <p class='ocr_par' dir='ltr' id='par_1_9' title="bbox 252 819 1858 897">
     <span class='ocr_line' id='line_1_9' title="bbox 252 819 1858 897; baseline 0.002 -21"><span class='ocrx_word' id='word_1_54' title='bbox 252 819 312 876; x_wconf 72' lang='grc' dir='ltr'><strong>δέ</strong></span> <span class='ocrx_word' id='word_1_55' title='bbox 336 820 459 886; x_wconf 89' lang='grc' dir='ltr'><strong>τοῦ,</strong></span> <span class='ocrx_word' id='word_1_56' title='bbox 501 839 524 874; x_wconf 80' lang='grc' dir='ltr'><strong>ι</strong></span> <span class='ocrx_word' id='word_1_57' title='bbox 565 823 976 894; x_wconf 78' lang='grc' dir='ltr'><strong>ἐγερθήσονται,</strong></span> <span class='ocrx_word' id='word_1_58' title='bbox 1018 843 1037 877; x_wconf 88' lang='grc' dir='ltr'><strong>ι</strong></span> <span class='ocrx_word' id='word_1_59' title='bbox 1073 826 1123 878; x_wconf 83' lang='lat' dir='ltr'><strong>oi</strong></span> <span class='ocrx_word' id='word_1_60' title='bbox 1155 824 1334 878; x_wconf 76' lang='grc' dir='ltr'><strong>λοιποὶ</strong></span> <span class='ocrx_word' id='word_1_61' title='bbox 1366 825 1743 897; x_wconf 74' lang='grc' dir='ltr'><strong>ἡρμηνευσαν,</strong></span> <span class='ocrx_word' id='word_1_62' title='bbox 1782 826 1858 891; x_wconf 83' lang='grc' dir='ltr'><strong>ὡς</strong></span> 
     </span>
    </p>
   </div>
   <div class='ocr_carea' id='block_1_10' title="bbox 254 913 1857 988">
    <p class='ocr_par' dir='ltr' id='par_1_10' title="bbox 254 913 1857 988">
     <span class='ocr_line' id='line_1_10' title="bbox 254 913 1857 988; baseline 0.001 -20"><span class='ocrx_word' id='word_1_63' title='bbox 254 913 648 986; x_wconf 68' lang='grc' dir='ltr'><strong>κοιμηθέντων</strong></span> <span class='ocrx_word' id='word_1_64' title='bbox 680 914 878 980; x_wconf 80' lang='grc' dir='ltr'><strong>αὐτῶν,</strong></span> <span class='ocrx_word' id='word_1_65' title='bbox 912 917 1032 988; x_wconf 76' lang='grc' dir='ltr'><strong>οὐχὶ</strong></span> <span class='ocrx_word' id='word_1_66' title='bbox 1076 917 1135 971; x_wconf 82' lang='grc' dir='ltr'><strong>δέ</strong></span> <span class='ocrx_word' id='word_1_67' title='bbox 1172 915 1509 971; x_wconf 82' lang='grc' dir='ltr'><strong>τεθνεώτων.</strong></span> <span class='ocrx_word' id='word_1_68' title='bbox 1545 918 1638 971; x_wconf 83' lang='grc' dir='ltr'><strong>Διὸ</strong></span> <span class='ocrx_word' id='word_1_69' title='bbox 1679 919 1709 970; x_wconf 83' lang='grc' dir='ltr'><strong>ό</strong></span> <span class='ocrx_word' id='word_1_70' title='bbox 1747 917 1857 971; x_wconf 85' lang='grc' dir='ltr'><strong>τῶν</strong></span> 
     </span>
    </p>
   </div>
   <div class='ocr_carea' id='block_1_11' title="bbox 255 1002 1856 1079">
    <p class='ocr_par' dir='ltr' id='par_1_11' title="bbox 255 1002 1856 1079">
     <span class='ocr_line' id='line_1_11' title="bbox 255 1002 1856 1079; baseline 0.003 -22"><span class='ocrx_word' id='word_1_71' title='bbox 255 1002 429 1071; x_wconf 72' lang='grc' dir='ltr'><strong>ἁγίων</strong></span> <span class='ocrx_word' id='word_1_72' title='bbox 464 1003 702 1070; x_wconf 78' lang='grc' dir='ltr'><strong>θάνατος</strong></span> <span class='ocrx_word' id='word_1_73' title='bbox 744 1007 1000 1079; x_wconf 81' lang='grc' dir='ltr'><strong>κοίμησις</strong></span> <span class='ocrx_word' id='word_1_74' title='bbox 1032 1007 1377 1079; x_wconf 77' lang='grc' dir='ltr'><strong>ὀνομάζεται.</strong></span> <span class='ocrx_word' id='word_1_75' title='bbox 1419 1007 1754 1072; x_wconf 79' lang='grc' dir='ltr'><strong>’Δκολούθως</strong></span> <span class='ocrx_word' id='word_1_76' title='bbox 1795 1008 1856 1062; x_wconf 80' lang='grc' dir='ltr'><strong>δέ</strong></span> 
     </span>
    </p>
   </div>
   <div class='ocr_carea' id='block_1_12' title="bbox 254 1097 1856 1171">
    <p class='ocr_par' dir='ltr' id='par_1_12' title="bbox 254 1097 1856 1171">
     <span class='ocr_line' id='line_1_12' title="bbox 254 1097 1856 1171; baseline 0.002 -22"><span class='ocrx_word' id='word_1_77' title='bbox 254 1097 322 1167; x_wconf 73' lang='grc' dir='ltr'><strong>τῇ</strong></span> <span class='ocrx_word' id='word_1_78' title='bbox 348 1097 616 1168; x_wconf 72' lang='grc' dir='ltr'><strong>κοιμήσει</strong></span> <span class='ocrx_word' id='word_1_79' title='bbox 644 1099 678 1168; x_wconf 77' lang='grc' dir='ltr'>ἡ</span> <span class='ocrx_word' id='word_1_80' title='bbox 704 1099 997 1163; x_wconf 79' lang='grc' dir='ltr'><strong>ἀνάστασις</strong></span> <span class='ocrx_word' id='word_1_81' title='bbox 1028 1098 1360 1171; x_wconf 76' lang='grc' dir='ltr'><strong>ἐξυπνισμὸς</strong></span> <span class='ocrx_word' id='word_1_82' title='bbox 1388 1099 1456 1154; x_wconf 77' lang='grc' dir='ltr'><strong>ἂν</strong></span> <span class='ocrx_word' id='word_1_83' title='bbox 1489 1099 1728 1171; x_wconf 82' lang='grc' dir='ltr'><strong>λεχθείη.</strong></span> <span class='ocrx_word' id='word_1_84' title='bbox 1763 1099 1856 1153; x_wconf 84' lang='grc' dir='ltr'><strong>Διὸ</strong></span> 
     </span>
    </p>
   </div>
   <div class='ocr_carea' id='block_1_13' title="bbox 257 1185 1856 1263">
    <p class='ocr_par' dir='ltr' id='par_1_13' title="bbox 257 1185 1856 1263">
     <span class='ocr_line' id='line_1_13' title="bbox 257 1185 1856 1263; baseline 0.004 -23"><span class='ocrx_word' id='word_1_85' title='bbox 257 1185 400 1240; x_wconf 74' lang='grc' dir='ltr'><strong>κατά</strong></span> <span class='ocrx_word' id='word_1_86' title='bbox 443 1189 577 1252; x_wconf 75' lang='grc' dir='ltr'><strong>τοὺς</strong></span> <span class='ocrx_word' id='word_1_87' title='bbox 625 1187 843 1254; x_wconf 80' lang='grc' dir='ltr'><strong>λοιποὺς</strong></span> <span class='ocrx_word' id='word_1_88' title='bbox 880 1189 1219 1262; x_wconf 85' lang='grc' dir='ltr'><strong>ἐρμηνευτάς</strong></span> <span class='ocrx_word' id='word_1_89' title='bbox 1262 1190 1758 1263; x_wconf 79' lang='grc' dir='ltr'><strong>ἐξυπνισθήσεσθαι</strong></span> <span class='ocrx_word' id='word_1_90' title='bbox 1803 1191 1856 1246; x_wconf 84' lang='grc' dir='ltr'><strong>οι</strong></span> 
     </span>
    </p>
   </div>
   <div class='ocr_carea' id='block_1_14' title="bbox 252 1277 1855 1355">
    <p class='ocr_par' dir='ltr' id='par_1_14' title="bbox 252 1277 1855 1355">
     <span class='ocr_line' id='line_1_14' title="bbox 252 1277 1855 1355; baseline 0.004 -24"><span class='ocrx_word' id='word_1_91' title='bbox 252 1277 314 1330; x_wconf 73' lang='grc' dir='ltr'><strong>ιν</strong></span> <span class='ocrx_word' id='word_1_92' title='bbox 341 1281 466 1343; x_wconf 79' lang='grc' dir='ltr'><strong>τοῖς</strong></span> <span class='ocrx_word' id='word_1_93' title='bbox 502 1279 786 1352; x_wconf 78' lang='grc' dir='ltr'><strong>μνημείοις</strong></span> <span class='ocrx_word' id='word_1_94' title='bbox 816 1281 960 1335; x_wconf 86' lang='grc' dir='ltr'><strong>κατά</strong></span> <span class='ocrx_word' id='word_1_95' title='bbox 984 1281 1047 1335; x_wconf 78' lang='grc' dir='ltr'><strong>τὸ</strong></span> <span class='ocrx_word' id='word_1_96' title='bbox 1075 1281 1286 1354; x_wconf 83' lang='grc' dir='ltr'><strong>πρῶτον</strong></span> <span class='ocrx_word' id='word_1_97' title='bbox 1317 1282 1596 1355; x_wconf 75' lang='grc' dir='ltr'><strong>εἴρηνται·</strong></span> <span class='ocrx_word' id='word_1_98' title='bbox 1624 1282 1766 1338; x_wconf 82' lang='grc' dir='ltr'><strong>κατά</strong></span> <span class='ocrx_word' id='word_1_99' title='bbox 1797 1284 1855 1339; x_wconf 69' lang='grc' dir='ltr'><strong>δέ</strong></span> 
     </span>
    </p>
   </div>
   <div class='ocr_carea' id='block_1_15' title="bbox 253 1367 1856 1444">
    <p class='ocr_par' dir='ltr' id='par_1_15' title="bbox 253 1367 1856 1444">
     <span class='ocr_line' id='line_1_15' title="bbox 253 1367 1856 1444; baseline 0.004 -23"><span class='ocrx_word' id='word_1_100' title='bbox 253 1367 318 1421; x_wconf 71' lang='grc' dir='ltr'><strong>τὸ</strong></span> <span class='ocrx_word' id='word_1_101' title='bbox 341 1367 629 1441; x_wconf 83' lang='grc' dir='ltr'><strong>δεύτερον,</strong></span> <span class='ocrx_word' id='word_1_102' title='bbox 659 1390 678 1422; x_wconf 74' lang='grc' dir='ltr'><strong>ι</strong></span> <span class='ocrx_word' id='word_1_103' title='bbox 701 1370 1136 1441; x_wconf 84' lang='grc' dir='ltr'><strong>ἀγαλλιάσονται,</strong></span> <span class='ocrx_word' id='word_1_104' title='bbox 1175 1390 1195 1426; x_wconf 88' lang='grc' dir='ltr'><strong>ι</strong></span> <span class='ocrx_word' id='word_1_105' title='bbox 1228 1373 1263 1444; x_wconf 76' lang='grc' dir='ltr'>ἢ</span> <span class='ocrx_word' id='word_1_106' title='bbox 1289 1393 1308 1427; x_wconf 85' lang='grc' dir='ltr'><strong>ι</strong></span> <span class='ocrx_word' id='word_1_107' title='bbox 1339 1374 1638 1439; x_wconf 79' lang='grc' dir='ltr'><strong>αίνέσουσι,</strong></span> <span class='ocrx_word' id='word_1_108' title='bbox 1668 1393 1688 1427; x_wconf 86' lang='grc' dir='ltr'><strong>ι</strong></span> <span class='ocrx_word' id='word_1_109' title='bbox 1715 1374 1856 1429; x_wconf 84' lang='grc' dir='ltr'><strong>κατά</strong></span> 
     </span>
    </p>
   </div>
   <div class='ocr_carea' id='block_1_16' title="bbox 253 1458 1849 1532">
    <p class='ocr_par' dir='ltr' id='par_1_16' title="bbox 253 1458 1849 1532">
     <span class='ocr_line' id='line_1_16' title="bbox 253 1458 1849 1532; baseline 0.006 -20"><span class='ocrx_word' id='word_1_110' title='bbox 253 1458 346 1512; x_wconf 62' lang='grc' dir='ltr'><strong>τὶν</strong></span> <span class='ocrx_word' id='word_1_111' title='bbox 381 1460 642 1526; x_wconf 69' lang='grc' dir='ltr'><strong>Ἀκύλαν,</strong></span> <span class='ocrx_word' id='word_1_112' title='bbox 662 1461 697 1532; x_wconf 72' lang='grc' dir='ltr'>ἢ</span> <span class='ocrx_word' id='word_1_113' title='bbox 725 1478 744 1513; x_wconf 81' lang='grc' dir='ltr'><strong>ι</strong></span> <span class='ocrx_word' id='word_1_114' title='bbox 771 1462 1113 1530; x_wconf 78' lang='grc' dir='ltr'><strong>ἀλαλάξουσι,</strong></span> <span class='ocrx_word' id='word_1_115' title='bbox 1150 1483 1169 1516; x_wconf 92' lang='grc' dir='ltr'><strong>ι</strong></span> <span class='ocrx_word' id='word_1_116' title='bbox 1194 1465 1336 1518; x_wconf 86' lang='grc' dir='ltr'><strong>κατά</strong></span> <span class='ocrx_word' id='word_1_117' title='bbox 1379 1464 1472 1518; x_wconf 79' lang='grc' dir='ltr'><strong>τὸν</strong></span> <span class='ocrx_word' id='word_1_118' title='bbox 1503 1464 1849 1521; x_wconf 81' lang='grc' dir='ltr'><strong>Θεοδοτίωνα.</strong></span> 
     </span>
    </p>
   </div>
   <div class='ocr_carea' id='block_1_17' title="bbox 257 1544 1852 1630">
    <p class='ocr_par' dir='ltr' id='par_1_17' title="bbox 257 1544 1852 1630">
     <span class='ocr_line' id='line_1_17' title="bbox 257 1544 1852 1630; baseline 0.005 -28"><span class='ocrx_word' id='word_1_119' title='bbox 257 1549 467 1621; x_wconf 75' lang='grc' dir='ltr'><strong>Δρόσος</strong></span> <span class='ocrx_word' id='word_1_120' title='bbox 563 1551 661 1605; x_wconf 76' lang='grc' dir='ltr'><strong>ἐπὶ</strong></span> <span class='ocrx_word' id='word_1_121' title='bbox 690 1553 791 1624; x_wconf 78' lang='grc' dir='ltr'><strong>γῆς</strong></span> <span class='ocrx_word' id='word_1_122' title='bbox 819 1553 1080 1608; x_wconf 79' lang='grc' dir='ltr'><strong>κατιοῦσα</strong></span> <span class='ocrx_word' id='word_1_123' title='bbox 1116 1555 1300 1627; x_wconf 79' lang='grc' dir='ltr'><strong>ἠρέμα</strong></span> <span class='ocrx_word' id='word_1_124' title='bbox 1327 1544 1637 1628; x_wconf 56' lang='grc' dir='ltr'><strong>καῖπράως</strong></span> <span class='ocrx_word' id='word_1_125' title='bbox 1662 1557 1852 1630; x_wconf 78' lang='grc' dir='ltr'><strong>ἐκτρέ-</strong></span> 
     </span>
    </p>
   </div>
   <div class='ocr_carea' id='block_1_18' title="bbox 256 1639 1848 1718">
    <p class='ocr_par' dir='ltr' id='par_1_18' title="bbox 256 1639 1848 1718">
     <span class='ocr_line' id='line_1_18' title="bbox 256 1639 1848 1718; baseline 0.005 -26"><span class='ocrx_word' id='word_1_126' title='bbox 256 1655 350 1708; x_wconf 67' lang='grc' dir='ltr'><strong>γει</strong></span> <span class='ocrx_word' id='word_1_127' title='bbox 377 1641 477 1694; x_wconf 77' lang='grc' dir='ltr'><strong>καὶ</strong></span> <span class='ocrx_word' id='word_1_128' title='bbox 501 1639 687 1709; x_wconf 82' lang='grc' dir='ltr'><strong>αῦξειν</strong></span> <span class='ocrx_word' id='word_1_129' title='bbox 707 1646 850 1696; x_wconf 79' lang='grc' dir='ltr'><strong>ποιεί</strong></span> <span class='ocrx_word' id='word_1_130' title='bbox 869 1643 940 1696; x_wconf 78' lang='grc' dir='ltr'><strong>τὰ</strong></span> <span class='ocrx_word' id='word_1_131' title='bbox 961 1644 1357 1716; x_wconf 80' lang='grc' dir='ltr'><strong>ἐναποκείμενα</strong></span> <span class='ocrx_word' id='word_1_132' title='bbox 1375 1647 1514 1718; x_wconf 72' lang='grc' dir='ltr'><strong>αὐτῇ</strong></span> <span class='ocrx_word' id='word_1_133' title='bbox 1542 1647 1848 1718; x_wconf 68' lang='grc' dir='ltr'><strong>σπερματαο</strong></span> 
     </span>
    </p>
   </div>
   <div class='ocr_carea' id='block_1_19' title="bbox 255 1728 1851 1810">
    <p class='ocr_par' dir='ltr' id='par_1_19' title="bbox 255 1728 1851 1810">
     <span class='ocr_line' id='line_1_19' title="bbox 255 1728 1851 1810; baseline 0.004 -26"><span class='ocrx_word' id='word_1_134' title='bbox 255 1728 349 1784; x_wconf 62' lang='grc' dir='ltr'><strong>ὼν</strong></span> <span class='ocrx_word' id='word_1_135' title='bbox 373 1731 543 1786; x_wconf 72' lang='grc' dir='ltr'><strong>αὐτὸν</strong></span> <span class='ocrx_word' id='word_1_136' title='bbox 574 1733 778 1805; x_wconf 82' lang='grc' dir='ltr'>τρόπον</span> <span class='ocrx_word' id='word_1_137' title='bbox 807 1737 841 1805; x_wconf 78' lang='grc' dir='ltr'><strong>ἡ</strong></span> <span class='ocrx_word' id='word_1_138' title='bbox 875 1735 1026 1806; x_wconf 86' lang='grc' dir='ltr'><strong>παρά</strong></span> <span class='ocrx_word' id='word_1_139' title='bbox 1052 1736 1146 1790; x_wconf 89' lang='grc' dir='ltr'><strong>σοῦ</strong></span> <span class='ocrx_word' id='word_1_140' title='bbox 1177 1735 1367 1808; x_wconf 75' lang='grc' dir='ltr'><strong>δρόσος</strong></span> <span class='ocrx_word' id='word_1_141' title='bbox 1405 1737 1543 1808; x_wconf 79' lang='grc' dir='ltr'><strong>ταμα</strong></span> <span class='ocrx_word' id='word_1_142' title='bbox 1574 1739 1671 1791; x_wconf 69' lang='grc' dir='ltr'><strong>καὶ</strong></span> <span class='ocrx_word' id='word_1_143' title='bbox 1707 1739 1851 1810; x_wconf 72' lang='grc' dir='ltr'><strong>ζωὴν</strong></span> 
     </span>
    </p>
   </div>
   <div class='ocr_carea' id='block_1_20' title="bbox 255 1815 1925 1897">
    <p class='ocr_par' dir='ltr' id='par_1_20' title="bbox 255 1815 1925 1897">
     <span class='ocr_line' id='line_1_20' title="bbox 255 1815 1925 1897; baseline 0.004 -23"><span class='ocrx_word' id='word_1_144' title='bbox 255 1819 352 1874; x_wconf 74' lang='grc' dir='ltr'><strong>καὶ</strong></span> <span class='ocrx_word' id='word_1_145' title='bbox 383 1821 671 1892; x_wconf 72' lang='grc' dir='ltr'><strong>οωτηρίαν</strong></span> <span class='ocrx_word' id='word_1_146' title='bbox 708 1822 929 1895; x_wconf 74' lang='grc' dir='ltr'><strong>παρέξει</strong></span> <span class='ocrx_word' id='word_1_147' title='bbox 959 1828 1072 1889; x_wconf 76' lang='grc' dir='ltr'><strong>τοῖς</strong></span> <span class='ocrx_word' id='word_1_148' title='bbox 1105 1827 1213 1890; x_wconf 75' lang='grc' dir='ltr'><strong>σοῖς</strong></span> <span class='ocrx_word' id='word_1_149' title='bbox 1248 1829 1482 1897; x_wconf 81' lang='grc' dir='ltr'><strong>νεκροῖς,</strong></span> <span class='ocrx_word' id='word_1_150' title='bbox 1513 1819 1591 1881; x_wconf 79' lang='grc' dir='ltr'><strong>ὧν</strong></span> <span class='ocrx_word' id='word_1_151' title='bbox 1645 1838 1712 1880; x_wconf 86' lang='grc' dir='ltr'><strong>τα</strong></span> <span class='ocrx_word' id='word_1_152' title='bbox 1744 1826 1851 1880; x_wconf 84' lang='grc' dir='ltr'><strong>σώ-</strong></span> <span class='ocrx_word' id='word_1_153' title='bbox 1883 1815 1925 1870; x_wconf 79' lang='grc' dir='ltr'><strong><em>Β</em></strong></span> 
     </span>
    </p>
   </div>
   <div class='ocr_carea' id='block_1_21' title="bbox 260 1910 1850 1989">
    <p class='ocr_par' dir='ltr' id='par_1_21' title="bbox 260 1910 1850 1989">
     <span class='ocr_line' id='line_1_21' title="bbox 260 1910 1850 1989; baseline 0.006 -27"><span class='ocrx_word' id='word_1_154' title='bbox 260 1925 416 1980; x_wconf 82' lang='grc' dir='ltr'><strong>ματα</strong></span> <span class='ocrx_word' id='word_1_155' title='bbox 458 1910 604 1975; x_wconf 86' lang='grc' dir='ltr'><strong>κατά</strong></span> <span class='ocrx_word' id='word_1_156' title='bbox 636 1914 826 1984; x_wconf 76' lang='grc' dir='ltr'><strong>καιρὸν</strong></span> <span class='ocrx_word' id='word_1_157' title='bbox 855 1916 954 1969; x_wconf 77' lang='grc' dir='ltr'><strong>ἐπὶ</strong></span> <span class='ocrx_word' id='word_1_158' title='bbox 1001 1915 1102 1986; x_wconf 84' lang='grc' dir='ltr'><strong>τῆς</strong></span> <span class='ocrx_word' id='word_1_159' title='bbox 1131 1916 1238 1987; x_wconf 82' lang='grc' dir='ltr'><strong>γῆς</strong></span> <span class='ocrx_word' id='word_1_160' title='bbox 1266 1916 1506 1989; x_wconf 80' lang='grc' dir='ltr'><strong>ὲσπάρη.</strong></span> <span class='ocrx_word' id='word_1_161' title='bbox 1546 1917 1661 1971; x_wconf 79' lang='grc' dir='ltr'><strong>Οὐκ</strong></span> <span class='ocrx_word' id='word_1_162' title='bbox 1693 1917 1759 1971; x_wconf 78' lang='grc' dir='ltr'><strong>ἂν</strong></span> <span class='ocrx_word' id='word_1_163' title='bbox 1791 1917 1850 1972; x_wconf 79' lang='grc' dir='ltr'><strong>δὲ</strong></span> 
     </span>
    </p>
   </div>
   <div class='ocr_carea' id='block_1_22' title="bbox 258 1999 1853 2078">
    <p class='ocr_par' dir='ltr' id='par_1_22' title="bbox 258 1999 1853 2078">
     <span class='ocr_line' id='line_1_22' title="bbox 258 1999 1853 2078; baseline 0.003 -21"><span class='ocrx_word' id='word_1_164' title='bbox 258 1999 534 2074; x_wconf 60' lang='grc' dir='ltr'><strong>ἁμάρτοις</strong></span> <span class='ocrx_word' id='word_1_165' title='bbox 557 2003 724 2058; x_wconf 78' lang='grc' dir='ltr'><strong>αὑτὸν</strong></span> <span class='ocrx_word' id='word_1_166' title='bbox 750 2000 890 2059; x_wconf 76' lang='grc' dir='ltr'><strong>εἶναι</strong></span> <span class='ocrx_word' id='word_1_167' title='bbox 917 2006 1104 2078; x_wconf 80' lang='grc' dir='ltr'><strong>δρόσον</strong></span> <span class='ocrx_word' id='word_1_168' title='bbox 1124 2005 1299 2074; x_wconf 68' lang='grc' dir='ltr'><strong>λέγων</strong></span> <span class='ocrx_word' id='word_1_169' title='bbox 1334 2006 1428 2060; x_wconf 81' lang='grc' dir='ltr'><strong>τὸν</strong></span> <span class='ocrx_word' id='word_1_170' title='bbox 1463 2007 1726 2078; x_wconf 86' lang='grc' dir='ltr'><strong>μονογενῆ</strong></span> <span class='ocrx_word' id='word_1_171' title='bbox 1758 2007 1853 2062; x_wconf 88' lang='grc' dir='ltr'><strong>τοῦ</strong></span> 
     </span>
    </p>
   </div>
   <div class='ocr_carea' id='block_1_23' title="bbox 256 2090 1854 2163">
    <p class='ocr_par' dir='ltr' id='par_1_23' title="bbox 256 2090 1854 2163">
     <span class='ocr_line' id='line_1_23' title="bbox 256 2090 1854 2163; baseline 0.006 -19"><span class='ocrx_word' id='word_1_172' title='bbox 256 2090 398 2146; x_wconf 84' lang='grc' dir='ltr'><strong>Θεοῦ</strong></span> <span class='ocrx_word' id='word_1_173' title='bbox 440 2093 639 2162; x_wconf 74' lang='grc' dir='ltr'><strong>Λόγον,</strong></span> <span class='ocrx_word' id='word_1_174' title='bbox 689 2095 768 2162; x_wconf 80' lang='grc' dir='ltr'><strong>ὃς,</strong></span> <span class='ocrx_word' id='word_1_175' title='bbox 812 2096 1110 2162; x_wconf 76' lang='grc' dir='ltr'><strong>ἐπιστάξας</strong></span> <span class='ocrx_word' id='word_1_176' title='bbox 1154 2097 1257 2161; x_wconf 88' lang='grc' dir='ltr'><strong>τάς</strong></span> <span class='ocrx_word' id='word_1_177' title='bbox 1307 2097 1503 2151; x_wconf 82' lang='grc' dir='ltr'><strong>ἐαυτοῦ</strong></span> <span class='ocrx_word' id='word_1_178' title='bbox 1554 2099 1854 2163; x_wconf 73' lang='grc' dir='ltr'><strong>ζωοποιοὺς</strong></span> 
     </span>
    </p>
   </div>
   <div class='ocr_carea' id='block_1_24' title="bbox 265 2181 1856 2258">
    <p class='ocr_par' dir='ltr' id='par_1_24' title="bbox 265 2181 1856 2258">
     <span class='ocr_line' id='line_1_24' title="bbox 265 2181 1856 2258; baseline 0.004 -24"><span class='ocrx_word' id='word_1_179' title='bbox 265 2181 538 2249; x_wconf 78' lang='grc' dir='ltr'><strong>σταγόνας</strong></span> <span class='ocrx_word' id='word_1_180' title='bbox 566 2185 684 2248; x_wconf 80' lang='grc' dir='ltr'><strong>τοῖς</strong></span> <span class='ocrx_word' id='word_1_181' title='bbox 711 2184 876 2238; x_wconf 80' lang='grc' dir='ltr'><strong>αὑτοῦ</strong></span> <span class='ocrx_word' id='word_1_182' title='bbox 905 2186 1138 2256; x_wconf 65' lang='grc' dir='ltr'><strong>νεκροῖς,</strong></span> <span class='ocrx_word' id='word_1_183' title='bbox 1170 2183 1309 2256; x_wconf 80' lang='grc' dir='ltr'><strong>ὁμοῦ</strong></span> <span class='ocrx_word' id='word_1_184' title='bbox 1354 2186 1451 2239; x_wconf 79' lang='grc' dir='ltr'><strong>καὶ</strong></span> <span class='ocrx_word' id='word_1_185' title='bbox 1502 2185 1645 2240; x_wconf 81' lang='grc' dir='ltr'><strong>ῐασιν</strong></span> <span class='ocrx_word' id='word_1_186' title='bbox 1677 2188 1856 2258; x_wconf 84' lang='grc' dir='ltr'><strong>ἀμαρ-</strong></span> 
     </span>
    </p>
   </div>
   <div class='ocr_carea' id='block_1_25' title="bbox 259 2273 1855 2350">
    <p class='ocr_par' dir='ltr' id='par_1_25' title="bbox 259 2273 1855 2350">
     <span class='ocr_line' id='line_1_25' title="bbox 259 2273 1855 2350; baseline 0.003 -22"><span class='ocrx_word' id='word_1_187' title='bbox 259 2273 541 2343; x_wconf 76' lang='grc' dir='ltr'><strong>τημάτων,</strong></span> <span class='ocrx_word' id='word_1_188' title='bbox 564 2276 622 2330; x_wconf 71' lang='grc' dir='ltr'><strong>εἰ</strong></span> <span class='ocrx_word' id='word_1_189' title='bbox 648 2276 749 2330; x_wconf 83' lang='grc' dir='ltr'><strong>πού</strong></span> <span class='ocrx_word' id='word_1_190' title='bbox 778 2293 831 2331; x_wconf 88' lang='grc' dir='ltr'><strong>τι</strong></span> <span class='ocrx_word' id='word_1_191' title='bbox 863 2279 1045 2341; x_wconf 74' lang='grc' dir='ltr'><strong>αὐτοῖς</strong></span> <span class='ocrx_word' id='word_1_192' title='bbox 1062 2278 1180 2332; x_wconf 86' lang='grc' dir='ltr'><strong>κατ’</strong></span> <span class='ocrx_word' id='word_1_193' title='bbox 1205 2277 1497 2350; x_wconf 75' lang='grc' dir='ltr'><strong>ἄνθρωπον</strong></span> <span class='ocrx_word' id='word_1_194' title='bbox 1527 2278 1855 2350; x_wconf 65' lang='grc' dir='ltr'><strong>πεπλημμέ-</strong></span> 
     </span>
    </p>
   </div>
   <div class='ocr_carea' id='block_1_26' title="bbox 260 2361 1850 2439">
    <p class='ocr_par' dir='ltr' id='par_1_26' title="bbox 260 2361 1850 2439">
     <span class='ocr_line' id='line_1_26' title="bbox 260 2361 1850 2439; baseline 0.006 -24"><span class='ocrx_word' id='word_1_195' title='bbox 260 2361 415 2435; x_wconf 78' lang='grc' dir='ltr'><strong>λητο,</strong></span> <span class='ocrx_word' id='word_1_196' title='bbox 465 2363 698 2436; x_wconf 69' lang='grc' dir='ltr'><strong>παρέξει</strong></span> <span class='ocrx_word' id='word_1_197' title='bbox 743 2365 879 2437; x_wconf 82' lang='grc' dir='ltr'><strong>ὁμοῦ</strong></span> <span class='ocrx_word' id='word_1_198' title='bbox 924 2367 1023 2420; x_wconf 79' lang='grc' dir='ltr'><strong>καὶ</strong></span> <span class='ocrx_word' id='word_1_199' title='bbox 1071 2367 1375 2421; x_wconf 74' lang='grc' dir='ltr'><strong>ἀνάστασιν</strong></span> <span class='ocrx_word' id='word_1_200' title='bbox 1417 2367 1513 2421; x_wconf 79' lang='grc' dir='ltr'><strong>καὶ</strong></span> <span class='ocrx_word' id='word_1_201' title='bbox 1554 2369 1850 2439; x_wconf 72' lang='grc' dir='ltr'><strong>σωτηρίαν,</strong></span> 
     </span>
    </p>
   </div>
   <div class='ocr_carea' id='block_1_27' title="bbox 265 2452 1853 2532">
    <p class='ocr_par' dir='ltr' id='par_1_27' title="bbox 265 2452 1853 2532">
     <span class='ocr_line' id='line_1_27' title="bbox 265 2452 1853 2532; baseline 0.004 -24"><span class='ocrx_word' id='word_1_202' title='bbox 265 2454 364 2509; x_wconf 74' lang='grc' dir='ltr'><strong>καὶ</strong></span> <span class='ocrx_word' id='word_1_203' title='bbox 409 2452 555 2527; x_wconf 75' lang='grc' dir='ltr'><strong>ζωὴν</strong></span> <span class='ocrx_word' id='word_1_204' title='bbox 593 2453 812 2511; x_wconf 68' lang='lat' dir='ltr'><strong>ultimos</strong></span> <span class='ocrx_word' id='word_1_205' title='bbox 859 2457 1041 2523; x_wconf 76' lang='grc' dir='ltr'><strong>αὐτοῖς</strong></span> <span class='ocrx_word' id='word_1_206' title='bbox 1082 2458 1384 2532; x_wconf 79' lang='grc' dir='ltr'><strong>δωρήσεται</strong></span> <span class='ocrx_word' id='word_1_207' title='bbox 1408 2476 1422 2490; x_wconf 76' lang='grc' dir='ltr'><strong>ο</strong></span> <span class='ocrx_word' id='word_1_208' title='bbox 1469 2459 1585 2513; x_wconf 81' lang='grc' dir='ltr'><strong>ἀλλ’</strong></span> <span class='ocrx_word' id='word_1_209' title='bbox 1617 2459 1739 2532; x_wconf 72' lang='grc' dir='ltr'><strong>οὐχὶ</strong></span> <span class='ocrx_word' id='word_1_210' title='bbox 1782 2460 1853 2514; x_wconf 87' lang='grc' dir='ltr'><strong>τά</strong></span> 
     </span>
    </p>
   </div>
   <div class='ocr_carea' id='block_1_28' title="bbox 265 2542 901 2603">
    <p class='ocr_par' dir='ltr' id='par_1_28' title="bbox 265 2542 901 2603">
     <span class='ocr_line' id='line_1_28' title="bbox 265 2542 901 2603; baseline 0.005 -4"><span class='ocrx_word' id='word_1_211' title='bbox 265 2542 376 2600; x_wconf 76' lang='grc' dir='ltr'><strong>τ’ὦν</strong></span> <span class='ocrx_word' id='word_1_212' title='bbox 399 2544 624 2601; x_wconf 80' lang='grc' dir='ltr'><strong>ἀσεϐῶν</strong></span> <span class='ocrx_word' id='word_1_213' title='bbox 655 2547 901 2603; x_wconf 85' lang='grc' dir='ltr'><strong>τοιαῦτα.</strong></span> 
     </span>
    </p>
   </div>
   <div class='ocr_carea' id='block_1_29' title="bbox 342 2721 1846 2801">
    <p class='ocr_par' dir='ltr' id='par_1_29' title="bbox 342 2721 1846 2801">
     <span class='ocr_line' id='line_1_29' title="bbox 342 2721 1846 2801; baseline 0.003 -23"><span class='ocrx_word' id='word_1_214' title='bbox 342 2742 364 2778; x_wconf 79' lang='grc' dir='ltr'><strong>ε</strong></span> <span class='ocrx_word' id='word_1_215' title='bbox 387 2721 580 2790; x_wconf 71' lang='grc' dir='ltr'><strong>Βάῦιζε</strong></span> <span class='ocrx_word' id='word_1_216' title='bbox 603 2763 622 2790; x_wconf 86' lang='grc'><strong>,</strong></span> <span class='ocrx_word' id='word_1_217' title='bbox 648 2725 680 2778; x_wconf 75' lang='grc' dir='ltr'><strong>ὁ</strong></span> <span class='ocrx_word' id='word_1_218' title='bbox 706 2724 833 2790; x_wconf 79' lang='grc' dir='ltr'><strong>λαός</strong></span> <span class='ocrx_word' id='word_1_219' title='bbox 865 2744 989 2799; x_wconf 83' lang='grc' dir='ltr'><strong>μου⁸</strong></span> <span class='ocrx_word' id='word_1_220' title='bbox 1024 2727 1228 2784; x_wconf 76' lang='grc' dir='ltr'><strong>εῐσελοε</strong></span> <span class='ocrx_word' id='word_1_221' title='bbox 1257 2729 1338 2794; x_wconf 83' lang='lat' dir='ltr'><strong>ei;</strong></span> <span class='ocrx_word' id='word_1_222' title='bbox 1362 2727 1431 2782; x_wconf 89' lang='grc' dir='ltr'><strong>τά</strong></span> <span class='ocrx_word' id='word_1_223' title='bbox 1449 2729 1673 2801; x_wconf 80' lang='grc' dir='ltr'><strong>ταμιεϊά</strong></span> <span class='ocrx_word' id='word_1_224' title='bbox 1698 2745 1846 2782; x_wconf 85' lang='grc' dir='ltr'><strong>σου·ι</strong></span> 
     </span>
    </p>
   </div>
   <div class='ocr_carea' id='block_1_30' title="bbox 277 2813 1851 2893">
    <p class='ocr_par' dir='ltr' id='par_1_30' title="bbox 277 2813 1851 2893">
     <span class='ocr_line' id='line_1_30' title="bbox 277 2813 1851 2893; baseline 0.005 -25"><span class='ocrx_word' id='word_1_225' title='bbox 277 2813 350 2887; x_wconf 79' lang='grc' dir='ltr'><strong>μὴ</strong></span> <span class='ocrx_word' id='word_1_226' title='bbox 377 2814 748 2889; x_wconf 77' lang='grc' dir='ltr'><strong>περιεργάζου</strong></span> <span class='ocrx_word' id='word_1_227' title='bbox 777 2817 849 2873; x_wconf 84' lang='grc' dir='ltr'><strong>τά</strong></span> <span class='ocrx_word' id='word_1_228' title='bbox 877 2821 1214 2893; x_wconf 70' lang='grc' dir='ltr'><strong>πορρωτάτω</strong></span> <span class='ocrx_word' id='word_1_229' title='bbox 1235 2822 1575 2892; x_wconf 77' lang='grc' dir='ltr'><strong>τυγχάνοντα</strong></span> <span class='ocrx_word' id='word_1_230' title='bbox 1605 2821 1712 2876; x_wconf 84' lang='grc' dir='ltr'><strong>τῶν</strong></span> <span class='ocrx_word' id='word_1_231' title='bbox 1742 2822 1851 2876; x_wconf 73' lang='grc' dir='ltr'><strong>σιῖιν</strong></span> 
     </span>
    </p>
   </div>
   <div class='ocr_carea' id='block_1_31' title="bbox 267 2908 1851 2986">
    <p class='ocr_par' dir='ltr' id='par_1_31' title="bbox 267 2908 1851 2986">
     <span class='ocr_line' id='line_1_31' title="bbox 267 2908 1851 2986; baseline 0.003 -23"><span class='ocrx_word' id='word_1_232' title='bbox 267 2908 547 2980; x_wconf 74' lang='grc' dir='ltr'><strong>ταμιείων.</strong></span> <span class='ocrx_word' id='word_1_233' title='bbox 570 2927 593 2961; x_wconf 79' lang='grc' dir='ltr'><strong>ι</strong></span> <span class='ocrx_word' id='word_1_234' title='bbox 617 2910 961 2967; x_wconf 76' lang='grc' dir='ltr'><strong>’Δπόκλεισον</strong></span> <span class='ocrx_word' id='word_1_235' title='bbox 999 2912 1099 2985; x_wconf 82' lang='grc' dir='ltr'><strong>τὴν</strong></span> <span class='ocrx_word' id='word_1_236' title='bbox 1146 2912 1317 2986; x_wconf 78' lang='grc' dir='ltr'><strong>θύραν</strong></span> <span class='ocrx_word' id='word_1_237' title='bbox 1350 2929 1441 2966; x_wconf 84' lang='grc' dir='ltr'><strong>σου</strong></span> <span class='ocrx_word' id='word_1_238' title='bbox 1461 2929 1476 2944; x_wconf 90' lang='grc'><strong>·</strong></span> <span class='ocrx_word' id='word_1_239' title='bbox 1509 2912 1851 2985; x_wconf 80' lang='grc' dir='ltr'><strong>ἀποκρύϐηθι</strong></span> 
     </span>
    </p>
   </div>
   <div class='ocr_carea' id='block_1_32' title="bbox 273 2999 1850 3079">
    <p class='ocr_par' dir='ltr' id='par_1_32' title="bbox 273 2999 1850 3079">
     <span class='ocr_line' id='line_1_32' title="bbox 273 2999 1850 3079; baseline 0.003 -25"><span class='ocrx_word' id='word_1_240' title='bbox 273 2999 467 3073; x_wconf 74' lang='grc' dir='ltr'><strong>μικρὸν</strong></span> <span class='ocrx_word' id='word_1_241' title='bbox 493 3001 643 3068; x_wconf 74' lang='grc' dir='ltr'><strong>ὅσον,</strong></span> <span class='ocrx_word' id='word_1_242' title='bbox 664 3003 768 3068; x_wconf 68' lang='lat' dir='ltr'><strong>lui;</strong></span> <span class='ocrx_word' id='word_1_243' title='bbox 791 3003 858 3058; x_wconf 80' lang='grc' dir='ltr'><strong>ἀν</strong></span> <span class='ocrx_word' id='word_1_244' title='bbox 889 3004 1133 3079; x_wconf 71' lang='grc' dir='ltr'><strong>παρέλθῃ</strong></span> <span class='ocrx_word' id='word_1_245' title='bbox 1151 3007 1186 3077; x_wconf 78' lang='grc' dir='ltr'>ἡ</span> <span class='ocrx_word' id='word_1_246' title='bbox 1217 3004 1357 3077; x_wconf 78' lang='grc' dir='ltr'><strong>ὀργὴ</strong></span> <span class='ocrx_word' id='word_1_247' title='bbox 1383 3006 1607 3078; x_wconf 82' lang='grc' dir='ltr'><strong>Κυρίου.</strong></span> <span class='ocrx_word' id='word_1_248' title='bbox 1639 3025 1658 3056; x_wconf 87' lang='grc' dir='ltr'><strong>ι</strong></span> <span class='ocrx_word' id='word_1_249' title='bbox 1695 3004 1850 3061; x_wconf 72' lang='grc' dir='ltr'><strong>Μετά</strong></span> 
     </span>
    </p>
   </div>
   <div class='ocr_carea' id='block_1_33' title="bbox 268 3091 1847 3168">
    <p class='ocr_par' dir='ltr' id='par_1_33' title="bbox 268 3091 1847 3168">
     <span class='ocr_line' id='line_1_33' title="bbox 268 3091 1847 3168; baseline 0.003 -22"><span class='ocrx_word' id='word_1_250' title='bbox 268 3093 365 3167; x_wconf 74' lang='grc' dir='ltr'><strong>τὴν</strong></span> <span class='ocrx_word' id='word_1_251' title='bbox 408 3091 764 3150; x_wconf 73' lang='grc' dir='ltr'><strong>διδασκαλίαν</strong></span> <span class='ocrx_word' id='word_1_252' title='bbox 796 3095 898 3168; x_wconf 81' lang='grc' dir='ltr'><strong>τῆς</strong></span> <span class='ocrx_word' id='word_1_253' title='bbox 934 3095 1044 3150; x_wconf 83' lang='grc' dir='ltr'><strong>τῶν</strong></span> <span class='ocrx_word' id='word_1_254' title='bbox 1082 3095 1294 3168; x_wconf 82' lang='grc' dir='ltr'><strong>νεκρῶν</strong></span> <span class='ocrx_word' id='word_1_255' title='bbox 1340 3096 1713 3161; x_wconf 84' lang='grc' dir='ltr'><strong>ἀναστάσεως,</strong></span> <span class='ocrx_word' id='word_1_256' title='bbox 1769 3097 1847 3161; x_wconf 82' lang='grc' dir='ltr'><strong>ὡς</strong></span> 
     </span>
    </p>
   </div>
   <div class='ocr_carea' id='block_1_34' title="bbox 272 3160 1919 3261">
    <p class='ocr_par' dir='ltr' id='par_1_34' title="bbox 272 3160 1919 3261">
     <span class='ocr_line' id='line_1_34' title="bbox 272 3160 1919 3261; baseline 0.001 -20"><span class='ocrx_word' id='word_1_257' title='bbox 272 3160 646 3261; x_wconf 74' lang='grc' dir='ltr'><strong>περιεστῶτας</strong></span> <span class='ocrx_word' id='word_1_258' title='bbox 706 3160 1033 3261; x_wconf 70' lang='grc' dir='ltr'><strong>ἔμπροσθεν,</strong></span> <span class='ocrx_word' id='word_1_259' title='bbox 1101 3160 1198 3242; x_wconf 64' lang='grc' dir='ltr'><strong>καί</strong></span> <span class='ocrx_word' id='word_1_260' title='bbox 1251 3189 1345 3242; x_wconf 83' lang='grc' dir='ltr'><strong>ἐπὶ</strong></span> <span class='ocrx_word' id='word_1_261' title='bbox 1403 3188 1466 3242; x_wconf 79' lang='grc' dir='ltr'><strong>τὸ</strong></span> <span class='ocrx_word' id='word_1_262' title='bbox 1525 3188 1656 3243; x_wconf 80' lang='grc' dir='ltr'><strong>αὐτὸ</strong></span> <span class='ocrx_word' id='word_1_263' title='bbox 1709 3189 1850 3260; x_wconf 87' lang='grc' dir='ltr'><strong>μετά</strong></span> <span class='ocrx_word' id='word_1_264' title='bbox 1875 3160 1919 3218; x_wconf 73' lang='lat' dir='ltr'>c</span> 
     </span>
    </p>
   </div>
   <div class='ocr_carea' id='block_1_35' title="bbox 273 3277 1848 3352">
    <p class='ocr_par' dir='ltr' id='par_1_35' title="bbox 273 3277 1848 3352">
     <span class='ocr_line' id='line_1_35' title="bbox 273 3277 1848 3352; baseline 0 -18"><span class='ocrx_word' id='word_1_265' title='bbox 273 3277 369 3352; x_wconf 72' lang='grc' dir='ltr'><strong>τὴν</strong></span> <span class='ocrx_word' id='word_1_266' title='bbox 416 3279 716 3334; x_wconf 88' lang='grc' dir='ltr'><strong>ἀνάστασιν</strong></span> <span class='ocrx_word' id='word_1_267' title='bbox 756 3280 1126 3352; x_wconf 58' lang='grc' dir='ltr'><strong>συνηγμένους</strong></span> <span class='ocrx_word' id='word_1_268' title='bbox 1163 3280 1289 3344; x_wconf 81' lang='grc' dir='ltr'><strong>τοὺς</strong></span> <span class='ocrx_word' id='word_1_269' title='bbox 1335 3280 1522 3349; x_wconf 86' lang='grc' dir='ltr'><strong>ἀγίους</strong></span> <span class='ocrx_word' id='word_1_270' title='bbox 1569 3279 1665 3333; x_wconf 85' lang='grc' dir='ltr'><strong>τοῦ</strong></span> <span class='ocrx_word' id='word_1_271' title='bbox 1711 3279 1848 3335; x_wconf 87' lang='grc' dir='ltr'><strong>Θεοῦ</strong></span> 
     </span>
    </p>
   </div>
   <div class='ocr_carea' id='block_1_36' title="bbox 268 3369 1852 3445">
    <p class='ocr_par' dir='ltr' id='par_1_36' title="bbox 268 3369 1852 3445">
     <span class='ocr_line' id='line_1_36' title="bbox 268 3369 1852 3445; baseline 0 -19"><span class='ocrx_word' id='word_1_272' title='bbox 268 3369 610 3444; x_wconf 71' lang='grc' dir='ltr'><strong>ϐιασάμενον</strong></span> <span class='ocrx_word' id='word_1_273' title='bbox 649 3371 712 3425; x_wconf 77' lang='grc' dir='ltr'><strong>τὸ</strong></span> <span class='ocrx_word' id='word_1_274' title='bbox 759 3372 976 3443; x_wconf 88' lang='grc' dir='ltr'><strong>πνεῦμα</strong></span> <span class='ocrx_word' id='word_1_275' title='bbox 1030 3372 1092 3426; x_wconf 61' lang='lat' dir='ltr'><strong>re</strong></span> <span class='ocrx_word' id='word_1_276' title='bbox 1139 3372 1496 3445; x_wconf 73' lang='grc' dir='ltr'><strong>προφητικὸν,</strong></span> <span class='ocrx_word' id='word_1_277' title='bbox 1548 3371 1740 3426; x_wconf 67' lang='grc' dir='ltr'><strong>ἔπειτα</strong></span> <span class='ocrx_word' id='word_1_278' title='bbox 1790 3373 1852 3439; x_wconf 80' lang='grc' dir='ltr'><strong>ἐξ</strong></span> 
     </span>
    </p>
   </div>
   <div class='ocr_carea' id='block_1_37' title="bbox 268 3462 1849 3535">
    <p class='ocr_par' dir='ltr' id='par_1_37' title="bbox 268 3462 1849 3535">
     <span class='ocr_line' id='line_1_37' title="bbox 268 3462 1849 3535; baseline 0.001 -19"><span class='ocrx_word' id='word_1_279' title='bbox 268 3463 453 3535; x_wconf 75' lang='grc' dir='ltr'><strong>ἐτέρου</strong></span> <span class='ocrx_word' id='word_1_280' title='bbox 487 3464 690 3535; x_wconf 79' lang='grc' dir='ltr'><strong>μέρους</strong></span> <span class='ocrx_word' id='word_1_281' title='bbox 718 3463 818 3535; x_wconf 82' lang='grc' dir='ltr'><strong>τὴν</strong></span> <span class='ocrx_word' id='word_1_282' title='bbox 849 3462 1108 3517; x_wconf 82' lang='grc' dir='ltr'><strong>ἐπιοῦσαν</strong></span> <span class='ocrx_word' id='word_1_283' title='bbox 1131 3466 1246 3528; x_wconf 83' lang='grc' dir='ltr'><strong>τοῖς</strong></span> <span class='ocrx_word' id='word_1_284' title='bbox 1271 3462 1524 3517; x_wconf 78' lang='grc' dir='ltr'><strong>ἀσεϐέσιν</strong></span> <span class='ocrx_word' id='word_1_285' title='bbox 1550 3463 1721 3534; x_wconf 80' lang='grc' dir='ltr'><strong>ὀργὴν</strong></span> <span class='ocrx_word' id='word_1_286' title='bbox 1748 3481 1849 3518; x_wconf 82' lang='grc' dir='ltr'><strong>κα-</strong></span> 
     </span>
    </p>
   </div>
   <div class='ocr_carea' id='block_1_38' title="bbox 268 3550 1850 3625">
    <p class='ocr_par' dir='ltr' id='par_1_38' title="bbox 268 3550 1850 3625">
     <span class='ocr_line' id='line_1_38' title="bbox 268 3550 1850 3625; baseline 0.003 -21"><span class='ocrx_word' id='word_1_287' title='bbox 268 3551 562 3623; x_wconf 82' lang='grc' dir='ltr'><strong>τανοῆσαν,</strong></span> <span class='ocrx_word' id='word_1_288' title='bbox 591 3550 666 3623; x_wconf 73' lang='grc' dir='ltr'><strong>τῷ</strong></span> <span class='ocrx_word' id='word_1_289' title='bbox 696 3553 938 3624; x_wconf 84' lang='grc' dir='ltr'><strong>τάγματι</strong></span> <span class='ocrx_word' id='word_1_290' title='bbox 962 3551 1071 3606; x_wconf 87' lang='grc' dir='ltr'><strong>τῶν</strong></span> <span class='ocrx_word' id='word_1_291' title='bbox 1098 3552 1268 3622; x_wconf 86' lang='grc' dir='ltr'><strong>ἀγίων</strong></span> <span class='ocrx_word' id='word_1_292' title='bbox 1297 3556 1610 3625; x_wconf 80' lang='grc' dir='ltr'><strong>προσφωνεῖ</strong></span> <span class='ocrx_word' id='word_1_293' title='bbox 1639 3554 1850 3624; x_wconf 84' lang='grc' dir='ltr'><strong>ἀποχω-</strong></span> 
     </span>
    </p>
   </div>
   <div class='ocr_carea' id='block_1_39' title="bbox 270 3642 1847 3718">
    <p class='ocr_par' dir='ltr' id='par_1_39' title="bbox 270 3642 1847 3718">
     <span class='ocr_line' id='line_1_39' title="bbox 270 3642 1847 3718; baseline 0.002 -21"><span class='ocrx_word' id='word_1_294' title='bbox 270 3644 383 3713; x_wconf 81' lang='grc' dir='ltr'><strong>ρεῐν</strong></span> <span class='ocrx_word' id='word_1_295' title='bbox 416 3643 559 3716; x_wconf 74' lang='grc' dir='ltr'><strong>πρὸς</strong></span> <span class='ocrx_word' id='word_1_296' title='bbox 607 3642 779 3716; x_wconf 76' lang='grc' dir='ltr'><strong>βραχὺ</strong></span> <span class='ocrx_word' id='word_1_297' title='bbox 811 3644 906 3698; x_wconf 87' lang='grc' dir='ltr'><strong>τοῦ</strong></span> <span class='ocrx_word' id='word_1_298' title='bbox 939 3644 1152 3718; x_wconf 82' lang='grc' dir='ltr'><strong>μακράν</strong></span> <span class='ocrx_word' id='word_1_299' title='bbox 1189 3645 1551 3717; x_wconf 81' lang='grc' dir='ltr'><strong>κρύπτεσθαι,</strong></span> <span class='ocrx_word' id='word_1_300' title='bbox 1587 3645 1663 3710; x_wconf 81' lang='grc' dir='ltr'><strong>ὼς</strong></span> <span class='ocrx_word' id='word_1_301' title='bbox 1711 3647 1847 3717; x_wconf 76' lang='grc' dir='ltr'><strong>μηδὲ</strong></span> 
     </span>
    </p>
   </div>
   <div class='ocr_carea' id='block_1_40' title="bbox 271 3731 1848 3805">
    <p class='ocr_par' dir='ltr' id='par_1_40' title="bbox 271 3731 1848 3805">
     <span class='ocr_line' id='line_1_40' title="bbox 271 3731 1848 3805; baseline 0.002 -17"><span class='ocrx_word' id='word_1_302' title='bbox 271 3731 508 3805; x_wconf 73' lang='grc' dir='ltr'><strong>θεωροὺς</strong></span> <span class='ocrx_word' id='word_1_303' title='bbox 550 3733 656 3802; x_wconf 81' lang='grc' dir='ltr'><strong>τῆς</strong></span> <span class='ocrx_word' id='word_1_304' title='bbox 690 3733 798 3788; x_wconf 80' lang='grc' dir='ltr'><strong>τῶν</strong></span> <span class='ocrx_word' id='word_1_305' title='bbox 841 3734 1054 3788; x_wconf 82' lang='grc' dir='ltr'><strong>ἀσεϐῶν</strong></span> <span class='ocrx_word' id='word_1_306' title='bbox 1095 3735 1340 3804; x_wconf 82' lang='grc' dir='ltr'><strong>γίνεσθαι</strong></span> <span class='ocrx_word' id='word_1_307' title='bbox 1391 3734 1688 3800; x_wconf 85' lang='grc' dir='ltr'><strong>ἀπωλείας.</strong></span> <span class='ocrx_word' id='word_1_308' title='bbox 1738 3735 1848 3791; x_wconf 86' lang='grc' dir='ltr'><strong>Τα-</strong></span> 
     </span>
    </p>
   </div>
   <div class='ocr_carea' id='block_1_41' title="bbox 273 3823 1848 3900">
    <p class='ocr_par' dir='ltr' id='par_1_41' title="bbox 273 3823 1848 3900">
     <span class='ocr_line' id='line_1_41' title="bbox 273 3823 1848 3900; baseline 0.003 -23"><span class='ocrx_word' id='word_1_309' title='bbox 273 3826 420 3896; x_wconf 79' lang='grc' dir='ltr'><strong>μιεϊα</strong></span> <span class='ocrx_word' id='word_1_310' title='bbox 443 3824 502 3878; x_wconf 70' lang='grc' dir='ltr'><strong>δὲ</strong></span> <span class='ocrx_word' id='word_1_311' title='bbox 530 3823 630 3878; x_wconf 90' lang='grc' dir='ltr'><strong>τοῦ</strong></span> <span class='ocrx_word' id='word_1_312' title='bbox 659 3823 789 3879; x_wconf 89' lang='grc' dir='ltr'><strong>λαοῦ</strong></span> <span class='ocrx_word' id='word_1_313' title='bbox 812 3825 906 3879; x_wconf 87' lang='grc' dir='ltr'><strong>τοῦ</strong></span> <span class='ocrx_word' id='word_1_314' title='bbox 927 3825 1060 3880; x_wconf 85' lang='grc' dir='ltr'><strong>Θεοῦ</strong></span> <span class='ocrx_word' id='word_1_315' title='bbox 1084 3827 1141 3880; x_wconf 89' lang='lat' dir='ltr'><strong>al</strong></span> <span class='ocrx_word' id='word_1_316' title='bbox 1174 3826 1366 3880; x_wconf 80' lang='grc' dir='ltr'><strong>πολλαὶ</strong></span> <span class='ocrx_word' id='word_1_317' title='bbox 1391 3825 1543 3898; x_wconf 83' lang='grc' dir='ltr'><strong>παρὰ</strong></span> <span class='ocrx_word' id='word_1_318' title='bbox 1565 3827 1644 3898; x_wconf 80' lang='grc' dir='ltr'><strong>τῷ</strong></span> <span class='ocrx_word' id='word_1_319' title='bbox 1672 3826 1848 3900; x_wconf 86' lang='grc' dir='ltr'><strong>Πατρὶ</strong></span> 
     </span>
    </p>
   </div>
   <div class='ocr_carea' id='block_1_42' title="bbox 1961 553 3526 624">
    <p class='ocr_par' dir='ltr' id='par_1_42' title="bbox 1961 553 3526 624">
     <span class='ocr_line' id='line_1_42' title="bbox 1961 553 3526 624; baseline 0.003 -15"><span class='ocrx_word' id='word_1_320' title='bbox 1961 554 2151 609; x_wconf 86' lang='lat' dir='ltr'><strong>medici</strong></span> <span class='ocrx_word' id='word_1_321' title='bbox 2176 553 2552 610; x_wconf 77' lang='lat' dir='ltr'><strong>suscitabunt?</strong></span> <span class='ocrx_word' id='word_1_322' title='bbox 2582 573 2603 606; x_wconf 80' lang='grc' dir='ltr'><strong>ι</strong></span> <span class='ocrx_word' id='word_1_323' title='bbox 2636 553 2742 610; x_wconf 87' lang='lat' dir='ltr'><strong>Sed</strong></span> <span class='ocrx_word' id='word_1_324' title='bbox 2772 554 2845 608; x_wconf 87' lang='lat' dir='ltr'><strong>illi</strong></span> <span class='ocrx_word' id='word_1_325' title='bbox 2874 555 3094 624; x_wconf 83' lang='lat' dir='ltr'><strong>quidem</strong></span> <span class='ocrx_word' id='word_1_326' title='bbox 3125 556 3320 610; x_wconf 89' lang='lat' dir='ltr'><strong>mortui</strong></span> <span class='ocrx_word' id='word_1_327' title='bbox 3348 569 3526 624; x_wconf 82' lang='lat' dir='ltr'><strong>erant,</strong></span> 
     </span>
    </p>
   </div>
   <div class='ocr_carea' id='block_1_43' title="bbox 1957 645 3526 717">
    <p class='ocr_par' dir='ltr' id='par_1_43' title="bbox 1957 645 3526 717">
     <span class='ocr_line' id='line_1_43' title="bbox 1957 645 3526 717; baseline 0.004 -18"><span class='ocrx_word' id='word_1_328' title='bbox 1957 645 2049 717; x_wconf 88' lang='lat' dir='ltr'><strong>qui</strong></span> <span class='ocrx_word' id='word_1_329' title='bbox 2079 646 2146 700; x_wconf 88' lang='lat' dir='ltr'><strong>ad</strong></span> <span class='ocrx_word' id='word_1_330' title='bbox 2176 656 2405 702; x_wconf 90' lang='lat' dir='ltr'><strong>mortem</strong></span> <span class='ocrx_word' id='word_1_331' title='bbox 2439 656 2817 717; x_wconf 74' lang='lat' dir='ltr'><strong>peccaverant.</strong></span> <span class='ocrx_word' id='word_1_332' title='bbox 2864 646 3060 702; x_wconf 69' lang='grc' dir='ltr'><strong>Ποτιυί</strong></span> <span class='ocrx_word' id='word_1_333' title='bbox 3099 657 3279 704; x_wconf 89' lang='lat' dir='ltr'><strong>autem</strong></span> <span class='ocrx_word' id='word_1_334' title='bbox 3313 650 3526 706; x_wconf 88' lang='lat' dir='ltr'><strong>Domini</strong></span> 
     </span>
    </p>
   </div>
   <div class='ocr_carea' id='block_1_44' title="bbox 1954 736 3525 810">
    <p class='ocr_par' dir='ltr' id='par_1_44' title="bbox 1954 736 3525 810">
     <span class='ocr_line' id='line_1_44' title="bbox 1954 736 3525 810; baseline 0.001 -16"><span class='ocrx_word' id='word_1_335' title='bbox 1954 747 2083 794; x_wconf 91' lang='lat' dir='ltr'><strong>sunt</strong></span> <span class='ocrx_word' id='word_1_336' title='bbox 2126 736 2163 793; x_wconf 90' lang='lat' dir='ltr'><strong>il</strong></span> <span class='ocrx_word' id='word_1_337' title='bbox 2197 738 2288 808; x_wconf 90' lang='lat' dir='ltr'><strong>qui</strong></span> <span class='ocrx_word' id='word_1_338' title='bbox 2328 745 2556 810; x_wconf 89' lang='lat' dir='ltr'><strong>propter</strong></span> <span class='ocrx_word' id='word_1_339' title='bbox 2612 752 2736 793; x_wconf 90' lang='lat' dir='ltr'><strong>eum</strong></span> <span class='ocrx_word' id='word_1_340' title='bbox 2767 752 2985 794; x_wconf 88' lang='lat' dir='ltr'><strong>omnem</strong></span> <span class='ocrx_word' id='word_1_341' title='bbox 3035 737 3404 796; x_wconf 71' lang='lat' dir='ltr'><strong>calamitatem</strong></span> <span class='ocrx_word' id='word_1_342' title='bbox 3454 741 3525 796; x_wconf 92' lang='lat' dir='ltr'><strong>ad</strong></span> 
     </span>
    </p>
   </div>
   <div class='ocr_carea' id='block_1_45' title="bbox 1957 827 3529 900">
    <p class='ocr_par' dir='ltr' id='par_1_45' title="bbox 1957 827 3529 900">
     <span class='ocr_line' id='line_1_45' title="bbox 1957 827 3529 900; baseline 0.003 -17"><span class='ocrx_word' id='word_1_343' title='bbox 1957 837 2189 885; x_wconf 89' lang='lat' dir='ltr'><strong>mortem</strong></span> <span class='ocrx_word' id='word_1_344' title='bbox 2219 843 2390 899; x_wconf 87' lang='lat' dir='ltr'><strong>usque</strong></span> <span class='ocrx_word' id='word_1_345' title='bbox 2418 837 2549 886; x_wconf 86' lang='lat' dir='ltr'><strong>sunt</strong></span> <span class='ocrx_word' id='word_1_346' title='bbox 2592 828 2858 900; x_wconf 76' lang='lat' dir='ltr'><strong>perpessi.</strong></span> <span class='ocrx_word' id='word_1_347' title='bbox 2890 827 3001 885; x_wconf 82' lang='lat' dir='ltr'><strong>Pro</strong></span> <span class='ocrx_word' id='word_1_348' title='bbox 3026 827 3118 883; x_wconf 90' lang='lat' dir='ltr'><strong>illo</strong></span> <span class='ocrx_word' id='word_1_349' title='bbox 3147 839 3354 897; x_wconf 89' lang='lat' dir='ltr'><strong>autem,</strong></span> <span class='ocrx_word' id='word_1_350' title='bbox 3385 849 3406 884; x_wconf 82' lang='grc' dir='ltr'><strong>ι</strong></span> <span class='ocrx_word' id='word_1_351' title='bbox 3436 845 3529 887; x_wconf 81' lang='lat' dir='ltr'><strong>ex-</strong></span> 
     </span>
    </p>
   </div>
   <div class='ocr_carea' id='block_1_46' title="bbox 1954 920 3526 992">
    <p class='ocr_par' dir='ltr' id='par_1_46' title="bbox 1954 920 3526 992">
     <span class='ocr_line' id='line_1_46' title="bbox 1954 920 3526 992; baseline 0.002 -15"><span class='ocrx_word' id='word_1_352' title='bbox 1954 921 2287 986; x_wconf 87' lang='lat' dir='ltr'><strong>citabuntur,</strong></span> <span class='ocrx_word' id='word_1_353' title='bbox 2317 939 2336 973; x_wconf 86' lang='grc' dir='ltr'><strong>ι</strong></span> <span class='ocrx_word' id='word_1_354' title='bbox 2359 920 2550 992; x_wconf 81' lang='lat' dir='ltr'><strong>reliqui</strong></span> <span class='ocrx_word' id='word_1_355' title='bbox 2581 921 3032 992; x_wconf 87' lang='lat' dir='ltr'><strong>interpretantur,</strong></span> <span class='ocrx_word' id='word_1_356' title='bbox 3057 937 3124 978; x_wconf 88' lang='lat' dir='ltr'><strong>ac</strong></span> <span class='ocrx_word' id='word_1_357' title='bbox 3145 924 3194 978; x_wconf 89' lang='lat' dir='ltr'><strong>si</strong></span> <span class='ocrx_word' id='word_1_358' title='bbox 3225 921 3526 991; x_wconf 80' lang='lat' dir='ltr'><strong>dormiant,</strong></span> 
     </span>
    </p>
   </div>
   <div class='ocr_carea' id='block_1_47' title="bbox 1956 1011 3525 1081">
    <p class='ocr_par' dir='ltr' id='par_1_47' title="bbox 1956 1011 3525 1081">
     <span class='ocr_line' id='line_1_47' title="bbox 1956 1011 3525 1081; baseline 0.003 -15"><span class='ocrx_word' id='word_1_359' title='bbox 1956 1027 2021 1068; x_wconf 88' lang='lat' dir='ltr'><strong>ac</strong></span> <span class='ocrx_word' id='word_1_360' title='bbox 2043 1028 2151 1068; x_wconf 92' lang='lat' dir='ltr'><strong>non</strong></span> <span class='ocrx_word' id='word_1_361' title='bbox 2186 1013 2386 1069; x_wconf 88' lang='lat' dir='ltr'><strong>mortui</strong></span> <span class='ocrx_word' id='word_1_362' title='bbox 2433 1012 2565 1068; x_wconf 89' lang='lat' dir='ltr'><strong>sint.</strong></span> <span class='ocrx_word' id='word_1_363' title='bbox 2600 1011 2962 1080; x_wconf 82' lang='lat' dir='ltr'><strong>Quamobrem</strong></span> <span class='ocrx_word' id='word_1_364' title='bbox 2996 1021 3309 1070; x_wconf 89' lang='lat' dir='ltr'><strong>sanctorum</strong></span> <span class='ocrx_word' id='word_1_365' title='bbox 3339 1029 3525 1081; x_wconf 86' lang='lat' dir='ltr'><strong>mors,</strong></span> 
     </span>
    </p>
   </div>
   <div class='ocr_carea' id='block_1_48' title="bbox 1956 1102 3530 1176">
    <p class='ocr_par' dir='ltr' id='par_1_48' title="bbox 1956 1102 3530 1176">
     <span class='ocr_line' id='line_1_48' title="bbox 1956 1102 3530 1176; baseline 0.001 -18"><span class='ocrx_word' id='word_1_366' title='bbox 1956 1118 2180 1160; x_wconf 88' lang='lat' dir='ltr'><strong>somnus</strong></span> <span class='ocrx_word' id='word_1_367' title='bbox 2211 1102 2535 1176; x_wconf 73' lang='lat' dir='ltr'><strong>appellatur.</strong></span> <span class='ocrx_word' id='word_1_368' title='bbox 2569 1104 2982 1175; x_wconf 86' lang='lat' dir='ltr'><strong>Consequenter</strong></span> <span class='ocrx_word' id='word_1_369' title='bbox 3033 1115 3218 1162; x_wconf 90' lang='lat' dir='ltr'><strong>autem</strong></span> <span class='ocrx_word' id='word_1_370' title='bbox 3264 1105 3334 1160; x_wconf 86' lang='lat' dir='ltr'><strong>ad</strong></span> <span class='ocrx_word' id='word_1_371' title='bbox 3382 1119 3530 1161; x_wconf 83' lang='lat' dir='ltr'><strong>som-</strong></span> 
     </span>
    </p>
   </div>
   <div class='ocr_carea' id='block_1_49' title="bbox 1957 1193 3529 1264">
    <p class='ocr_par' dir='ltr' id='par_1_49' title="bbox 1957 1193 3529 1264">
     <span class='ocr_line' id='line_1_49' title="bbox 1957 1193 3529 1264; baseline 0 -14"><span class='ocrx_word' id='word_1_372' title='bbox 1957 1209 2108 1260; x_wconf 87' lang='lat' dir='ltr'><strong>num.</strong></span> <span class='ocrx_word' id='word_1_373' title='bbox 2137 1194 2490 1262; x_wconf 86' lang='lat' dir='ltr'><strong>resurrectio,</strong></span> <span class='ocrx_word' id='word_1_374' title='bbox 2524 1195 2866 1264; x_wconf 80' lang='lat' dir='ltr'><strong>experrectio</strong></span> <span class='ocrx_word' id='word_1_375' title='bbox 2897 1209 3020 1252; x_wconf 89' lang='lat' dir='ltr'><strong>esse</strong></span> <span class='ocrx_word' id='word_1_376' title='bbox 3039 1195 3272 1252; x_wconf 91' lang='lat' dir='ltr'><strong>dicatur.</strong></span> <span class='ocrx_word' id='word_1_377' title='bbox 3327 1193 3529 1263; x_wconf 82' lang='lat' dir='ltr'><strong>Quam-</strong></span> 
     </span>
    </p>
   </div>
   <div class='ocr_carea' id='block_1_50' title="bbox 1954 1286 3530 1358">
    <p class='ocr_par' dir='ltr' id='par_1_50' title="bbox 1954 1286 3530 1358">
     <span class='ocr_line' id='line_1_50' title="bbox 1954 1286 3530 1358; baseline 0 -15"><span class='ocrx_word' id='word_1_378' title='bbox 1954 1286 2146 1343; x_wconf 87' lang='lat' dir='ltr'><strong>obrem</strong></span> <span class='ocrx_word' id='word_1_379' title='bbox 2179 1287 2478 1342; x_wconf 86' lang='lat' dir='ltr'><strong>secundum</strong></span> <span class='ocrx_word' id='word_1_380' title='bbox 2508 1286 2746 1356; x_wconf 88' lang='lat' dir='ltr'><strong>reliquos</strong></span> <span class='ocrx_word' id='word_1_381' title='bbox 2774 1288 3101 1358; x_wconf 88' lang='lat' dir='ltr'><strong>interpretes</strong></span> <span class='ocrx_word' id='word_1_382' title='bbox 3125 1327 3145 1355; x_wconf 95' lang='lat'><strong>,</strong></span> <span class='ocrx_word' id='word_1_383' title='bbox 3176 1295 3530 1358; x_wconf 78' lang='lat' dir='ltr'><strong>experrectu-</strong></span> 
     </span>
    </p>
   </div>
   <div class='ocr_carea' id='block_1_51' title="bbox 1957 1376 3528 1448">
    <p class='ocr_par' dir='ltr' id='par_1_51' title="bbox 1957 1376 3528 1448">
     <span class='ocr_line' id='line_1_51' title="bbox 1957 1376 3528 1448; baseline -0.001 -14"><span class='ocrx_word' id='word_1_384' title='bbox 1957 1393 2049 1434; x_wconf 91' lang='lat' dir='ltr'><strong>ros</strong></span> <span class='ocrx_word' id='word_1_385' title='bbox 2082 1392 2205 1434; x_wconf 85' lang='lat' dir='ltr'><strong>esse</strong></span> <span class='ocrx_word' id='word_1_386' title='bbox 2256 1381 2348 1448; x_wconf 85' lang='lat' dir='ltr'><strong>qui</strong></span> <span class='ocrx_word' id='word_1_387' title='bbox 2405 1379 2457 1434; x_wconf 91' lang='lat' dir='ltr'><strong>in</strong></span> <span class='ocrx_word' id='word_1_388' title='bbox 2509 1378 2874 1434; x_wconf 88' lang='lat' dir='ltr'><strong>monumentis</strong></span> <span class='ocrx_word' id='word_1_389' title='bbox 2906 1387 3036 1434; x_wconf 87' lang='lat' dir='ltr'><strong>sunt</strong></span> <span class='ocrx_word' id='word_1_390' title='bbox 3077 1379 3256 1448; x_wconf 88' lang='lat' dir='ltr'><strong>primo</strong></span> <span class='ocrx_word' id='word_1_391' title='bbox 3286 1376 3528 1445; x_wconf 80' lang='lat' dir='ltr'><strong>dicitur;</strong></span> 
     </span>
    </p>
   </div>
   <div class='ocr_carea' id='block_1_52' title="bbox 1955 1468 3526 1537">
    <p class='ocr_par' dir='ltr' id='par_1_52' title="bbox 1955 1468 3526 1537">
     <span class='ocr_line' id='line_1_52' title="bbox 1955 1468 3526 1537; baseline -0.003 -12"><span class='ocrx_word' id='word_1_392' title='bbox 1955 1470 2194 1526; x_wconf 85' lang='lat' dir='ltr'><strong>secundo</strong></span> <span class='ocrx_word' id='word_1_393' title='bbox 2219 1478 2400 1524; x_wconf 89' lang='lat' dir='ltr'><strong>autem</strong></span> <span class='ocrx_word' id='word_1_394' title='bbox 2434 1486 2454 1522; x_wconf 86' lang='grc' dir='ltr'><strong>ι</strong></span> <span class='ocrx_word' id='word_1_395' title='bbox 2489 1469 2850 1537; x_wconf 69' lang='lat' dir='ltr'><strong>latabuntur;</strong></span> <span class='ocrx_word' id='word_1_396' title='bbox 2889 1487 2909 1522; x_wconf 87' lang='grc' dir='ltr'><strong>ι</strong></span> <span class='ocrx_word' id='word_1_397' title='bbox 2948 1469 3085 1537; x_wconf 77' lang='lat' dir='ltr'><strong>sive,</strong></span> <span class='ocrx_word' id='word_1_398' title='bbox 3110 1468 3470 1533; x_wconf 71' lang='lat' dir='ltr'><strong>«laudabunt,</strong></span> <span class='ocrx_word' id='word_1_399' title='bbox 3504 1485 3526 1521; x_wconf 82' lang='lat' dir='ltr'><strong>s</strong></span> 
     </span>
    </p>
   </div>
   <div class='ocr_carea' id='block_1_53' title="bbox 1956 1559 3529 1630">
    <p class='ocr_par' dir='ltr' id='par_1_53' title="bbox 1956 1559 3529 1630">
     <span class='ocr_line' id='line_1_53' title="bbox 1956 1559 3529 1630; baseline -0.001 -14"><span class='ocrx_word' id='word_1_400' title='bbox 1956 1571 2015 1616; x_wconf 92' lang='lat' dir='ltr'><strong>ut</strong></span> <span class='ocrx_word' id='word_1_401' title='bbox 2044 1560 2230 1629; x_wconf 81' lang='lat' dir='ltr'><strong>Aquila</strong></span> <span class='ocrx_word' id='word_1_402' title='bbox 2259 1578 2273 1627; x_wconf 91' lang='lat'><strong>;</strong></span> <span class='ocrx_word' id='word_1_403' title='bbox 2321 1560 2460 1628; x_wconf 78' lang='lat' dir='ltr'><strong>sive,</strong></span> <span class='ocrx_word' id='word_1_404' title='bbox 2495 1579 2514 1613; x_wconf 83' lang='grc' dir='ltr'><strong>ι</strong></span> <span class='ocrx_word' id='word_1_405' title='bbox 2548 1559 2881 1630; x_wconf 79' lang='lat' dir='ltr'><strong>jubilabunt,</strong></span> <span class='ocrx_word' id='word_1_406' title='bbox 2921 1579 2941 1614; x_wconf 85' lang='grc' dir='ltr'><strong>ι</strong></span> <span class='ocrx_word' id='word_1_407' title='bbox 2983 1569 3042 1616; x_wconf 91' lang='lat' dir='ltr'><strong>ut</strong></span> <span class='ocrx_word' id='word_1_408' title='bbox 3074 1559 3372 1617; x_wconf 80' lang='lat' dir='ltr'><strong>Theodotio</strong></span> <span class='ocrx_word' id='word_1_409' title='bbox 3403 1576 3529 1615; x_wconf 77' lang='lat' dir='ltr'><strong>ver-</strong></span> 
     </span>
    </p>
   </div>
   <div class='ocr_carea' id='block_1_54' title="bbox 1955 1649 3530 1722">
    <p class='ocr_par' dir='ltr' id='par_1_54' title="bbox 1955 1649 3530 1722">
     <span class='ocr_line' id='line_1_54' title="bbox 1955 1649 3530 1722; baseline 0.001 -17"><span class='ocrx_word' id='word_1_410' title='bbox 1955 1649 2041 1706; x_wconf 89' lang='lat' dir='ltr'><strong>tit.</strong></span> <span class='ocrx_word' id='word_1_411' title='bbox 2078 1649 2189 1706; x_wconf 72' lang='lat' dir='ltr'><strong>nos</strong></span> <span class='ocrx_word' id='word_1_412' title='bbox 2220 1658 2402 1706; x_wconf 88' lang='lat' dir='ltr'><strong>autem</strong></span> <span class='ocrx_word' id='word_1_413' title='bbox 2433 1651 2487 1705; x_wconf 91' lang='lat' dir='ltr'><strong>in</strong></span> <span class='ocrx_word' id='word_1_414' title='bbox 2512 1660 2712 1706; x_wconf 90' lang='lat' dir='ltr'><strong>terram</strong></span> <span class='ocrx_word' id='word_1_415' title='bbox 2748 1651 3029 1722; x_wconf 86' lang='lat' dir='ltr'><strong>delapsus,</strong></span> <span class='ocrx_word' id='word_1_416' title='bbox 3065 1652 3266 1707; x_wconf 87' lang='lat' dir='ltr'><strong>sensim</strong></span> <span class='ocrx_word' id='word_1_417' title='bbox 3294 1649 3530 1721; x_wconf 85' lang='lat' dir='ltr'><strong>placide-</strong></span> 
     </span>
    </p>
   </div>
   <div class='ocr_carea' id='block_1_55' title="bbox 1953 1741 3523 1814">
    <p class='ocr_par' dir='ltr' id='par_1_55' title="bbox 1953 1741 3523 1814">
     <span class='ocr_line' id='line_1_55' title="bbox 1953 1741 3523 1814; baseline -0.001 -15"><span class='ocrx_word' id='word_1_418' title='bbox 1953 1759 2061 1814; x_wconf 93' lang='lat' dir='ltr'><strong>que</strong></span> <span class='ocrx_word' id='word_1_419' title='bbox 2090 1744 2284 1813; x_wconf 82' lang='lat' dir='ltr'><strong>injecta</strong></span> <span class='ocrx_word' id='word_1_420' title='bbox 2317 1743 2390 1799; x_wconf 87' lang='lat' dir='ltr'><strong>ibi</strong></span> <span class='ocrx_word' id='word_1_421' title='bbox 2415 1744 2620 1799; x_wconf 87' lang='lat' dir='ltr'><strong>semina</strong></span> <span class='ocrx_word' id='word_1_422' title='bbox 2649 1743 2856 1799; x_wconf 88' lang='lat' dir='ltr'><strong>enutrit</strong></span> <span class='ocrx_word' id='word_1_423' title='bbox 2899 1751 2955 1798; x_wconf 94' lang='lat' dir='ltr'><strong>et</strong></span> <span class='ocrx_word' id='word_1_424' title='bbox 2998 1757 3312 1800; x_wconf 87' lang='lat' dir='ltr'><strong>accrescere</strong></span> <span class='ocrx_word' id='word_1_425' title='bbox 3349 1741 3523 1798; x_wconf 78' lang='lat' dir='ltr'><strong>facit:</strong></span> 
     </span>
    </p>
   </div>
   <div class='ocr_carea' id='block_1_56' title="bbox 1954 1834 3527 1904">
    <p class='ocr_par' dir='ltr' id='par_1_56' title="bbox 1954 1834 3527 1904">
     <span class='ocr_line' id='line_1_56' title="bbox 1954 1834 3527 1904; baseline 0.001 -15"><span class='ocrx_word' id='word_1_426' title='bbox 1954 1835 2256 1904; x_wconf 87' lang='lat' dir='ltr'><strong>eodemque</strong></span> <span class='ocrx_word' id='word_1_427' title='bbox 2285 1835 2446 1890; x_wconf 89' lang='lat' dir='ltr'><strong>modo</strong></span> <span class='ocrx_word' id='word_1_428' title='bbox 2475 1848 2565 1890; x_wconf 90' lang='lat' dir='ltr'><strong>ros</strong></span> <span class='ocrx_word' id='word_1_429' title='bbox 2606 1835 2704 1890; x_wconf 89' lang='lat' dir='ltr'><strong>abs</strong></span> <span class='ocrx_word' id='word_1_430' title='bbox 2739 1843 2790 1890; x_wconf 91' lang='lat' dir='ltr'><strong>te</strong></span> <span class='ocrx_word' id='word_1_431' title='bbox 2821 1834 3096 1904; x_wconf 89' lang='lat' dir='ltr'><strong>prodiens,</strong></span> <span class='ocrx_word' id='word_1_432' title='bbox 3131 1834 3415 1902; x_wconf 81' lang='lat' dir='ltr'><strong>medelam,</strong></span> <span class='ocrx_word' id='word_1_433' title='bbox 3441 1835 3527 1890; x_wconf 79' lang='lat' dir='ltr'><strong>vi-</strong></span> 
     </span>
    </p>
   </div>
   <div class='ocr_carea' id='block_1_57' title="bbox 1958 1923 3524 1997">
    <p class='ocr_par' dir='ltr' id='par_1_57' title="bbox 1958 1923 3524 1997">
     <span class='ocr_line' id='line_1_57' title="bbox 1958 1923 3524 1997; baseline 0.002 -18"><span class='ocrx_word' id='word_1_434' title='bbox 1958 1933 2064 1979; x_wconf 88' lang='lat' dir='ltr'><strong>tam</strong></span> <span class='ocrx_word' id='word_1_435' title='bbox 2092 1935 2148 1980; x_wconf 89' lang='lat' dir='ltr'><strong>et</strong></span> <span class='ocrx_word' id='word_1_436' title='bbox 2179 1925 2408 1981; x_wconf 87' lang='lat' dir='ltr'><strong>salutem</strong></span> <span class='ocrx_word' id='word_1_437' title='bbox 2439 1925 2672 1981; x_wconf 86' lang='lat' dir='ltr'><strong>mortuis</strong></span> <span class='ocrx_word' id='word_1_438' title='bbox 2718 1923 2906 1981; x_wconf 75' lang='lat' dir='ltr'><strong>aﬂ&#39;eret</strong></span> <span class='ocrx_word' id='word_1_439' title='bbox 2943 1926 3049 1981; x_wconf 89' lang='lat' dir='ltr'><strong>tuis</strong></span> <span class='ocrx_word' id='word_1_440' title='bbox 3072 1966 3088 1992; x_wconf 89' lang='lat'><strong>,</strong></span> <span class='ocrx_word' id='word_1_441' title='bbox 3139 1941 3368 1997; x_wconf 90' lang='lat' dir='ltr'><strong>quorum</strong></span> <span class='ocrx_word' id='word_1_442' title='bbox 3399 1940 3524 1982; x_wconf 87' lang='lat' dir='ltr'><strong>cor-</strong></span> 
     </span>
    </p>
   </div>
   <div class='ocr_carea' id='block_1_58' title="bbox 1953 2017 3530 2088">
    <p class='ocr_par' dir='ltr' id='par_1_58' title="bbox 1953 2017 3530 2088">
     <span class='ocr_line' id='line_1_58' title="bbox 1953 2017 3530 2088; baseline 0.002 -19"><span class='ocrx_word' id='word_1_443' title='bbox 1953 2031 2083 2086; x_wconf 88' lang='lat' dir='ltr'><strong>pora</strong></span> <span class='ocrx_word' id='word_1_444' title='bbox 2115 2018 2281 2074; x_wconf 76' lang='lat' dir='ltr'><strong>variis</strong></span> <span class='ocrx_word' id='word_1_445' title='bbox 2309 2018 2644 2088; x_wconf 89' lang='lat' dir='ltr'><strong>temporibus</strong></span> <span class='ocrx_word' id='word_1_446' title='bbox 2689 2017 2743 2072; x_wconf 92' lang='lat' dir='ltr'><strong>in</strong></span> <span class='ocrx_word' id='word_1_447' title='bbox 2773 2027 2976 2073; x_wconf 92' lang='lat' dir='ltr'><strong>terram</strong></span> <span class='ocrx_word' id='word_1_448' title='bbox 3012 2018 3156 2074; x_wconf 70' lang='lat' dir='ltr'><strong>velut</strong></span> <span class='ocrx_word' id='word_1_449' title='bbox 3183 2019 3391 2074; x_wconf 84' lang='lat' dir='ltr'><strong>semina</strong></span> <span class='ocrx_word' id='word_1_450' title='bbox 3438 2017 3530 2086; x_wconf 83' lang='lat' dir='ltr'><strong>ja-</strong></span> 
     </span>
    </p>
   </div>
   <div class='ocr_carea' id='block_1_59' title="bbox 1954 2105 3530 2180">
    <p class='ocr_par' dir='ltr' id='par_1_59' title="bbox 1954 2105 3530 2180">
     <span class='ocr_line' id='line_1_59' title="bbox 1954 2105 3530 2180; baseline 0.004 -21"><span class='ocrx_word' id='word_1_451' title='bbox 1954 2115 2042 2160; x_wconf 87' lang='lat' dir='ltr'><strong>cta</strong></span> <span class='ocrx_word' id='word_1_452' title='bbox 2078 2105 2297 2161; x_wconf 81' lang='lat' dir='ltr'><strong>fuerint.</strong></span> <span class='ocrx_word' id='word_1_453' title='bbox 2334 2105 2522 2178; x_wconf 78' lang='lat' dir='ltr'><strong>Neque</strong></span> <span class='ocrx_word' id='word_1_454' title='bbox 2554 2121 2719 2177; x_wconf 86' lang='lat' dir='ltr'><strong>porro</strong></span> <span class='ocrx_word' id='word_1_455' title='bbox 2756 2107 3099 2164; x_wconf 81' lang='lat' dir='ltr'><strong>aberraveris</strong></span> <span class='ocrx_word' id='word_1_456' title='bbox 3124 2147 3139 2174; x_wconf 91' lang='lat'><strong>,</strong></span> <span class='ocrx_word' id='word_1_457' title='bbox 3173 2107 3222 2164; x_wconf 90' lang='lat' dir='ltr'><strong>si</strong></span> <span class='ocrx_word' id='word_1_458' title='bbox 3267 2109 3418 2164; x_wconf 86' lang='lat' dir='ltr'><strong>dicas</strong></span> <span class='ocrx_word' id='word_1_459' title='bbox 3445 2108 3530 2180; x_wconf 85' lang='lat' dir='ltr'><strong>ip-</strong></span> 
     </span>
    </p>
   </div>
   <div class='ocr_carea' id='block_1_60' title="bbox 1953 2196 3529 2272">
    <p class='ocr_par' dir='ltr' id='par_1_60' title="bbox 1953 2196 3529 2272">
     <span class='ocr_line' id='line_1_60' title="bbox 1953 2196 3529 2272; baseline 0.002 -20"><span class='ocrx_word' id='word_1_460' title='bbox 1953 2212 2072 2252; x_wconf 88' lang='lat' dir='ltr'><strong>sum</strong></span> <span class='ocrx_word' id='word_1_461' title='bbox 2107 2199 2446 2268; x_wconf 76' lang='lat' dir='ltr'><strong>unigenitum</strong></span> <span class='ocrx_word' id='word_1_462' title='bbox 2476 2197 2574 2255; x_wconf 89' lang='lat' dir='ltr'><strong>Dei</strong></span> <span class='ocrx_word' id='word_1_463' title='bbox 2609 2196 2843 2254; x_wconf 79' lang='lat' dir='ltr'><strong>Verbum</strong></span> <span class='ocrx_word' id='word_1_464' title='bbox 2874 2213 3049 2255; x_wconf 88' lang='lat' dir='ltr'><strong>rorem</strong></span> <span class='ocrx_word' id='word_1_465' title='bbox 3070 2214 3212 2266; x_wconf 87' lang='lat' dir='ltr'><strong>esse,</strong></span> <span class='ocrx_word' id='word_1_466' title='bbox 3243 2199 3388 2272; x_wconf 92' lang='lat' dir='ltr'><strong>quod</strong></span> <span class='ocrx_word' id='word_1_467' title='bbox 3408 2209 3529 2271; x_wconf 70' lang='lat' dir='ltr'><strong>gut-</strong></span> 
     </span>
    </p>
   </div>
   <div class='ocr_carea' id='block_1_61' title="bbox 1955 2285 3530 2356">
    <p class='ocr_par' dir='ltr' id='par_1_61' title="bbox 1955 2285 3530 2356">
     <span class='ocr_line' id='line_1_61' title="bbox 1955 2285 3530 2356; baseline 0.002 -16"><span class='ocrx_word' id='word_1_468' title='bbox 1955 2287 2097 2342; x_wconf 89' lang='lat' dir='ltr'><strong>tulas</strong></span> <span class='ocrx_word' id='word_1_469' title='bbox 2121 2302 2249 2344; x_wconf 86' lang='lat' dir='ltr'><strong>suas</strong></span> <span class='ocrx_word' id='word_1_470' title='bbox 2279 2287 2510 2344; x_wconf 91' lang='lat' dir='ltr'><strong>mortuis</strong></span> <span class='ocrx_word' id='word_1_471' title='bbox 2538 2285 2653 2343; x_wconf 86' lang='lat' dir='ltr'><strong>suis</strong></span> <span class='ocrx_word' id='word_1_472' title='bbox 2689 2285 2958 2344; x_wconf 85' lang='lat' dir='ltr'><strong>instillare</strong></span> <span class='ocrx_word' id='word_1_473' title='bbox 2986 2286 3197 2343; x_wconf 78' lang='lat' dir='ltr'><strong>faciens</strong></span> <span class='ocrx_word' id='word_1_474' title='bbox 3220 2331 3237 2356; x_wconf 88' lang='lat'><strong>,</strong></span> <span class='ocrx_word' id='word_1_475' title='bbox 3282 2303 3390 2343; x_wconf 92' lang='lat' dir='ltr'><strong>una</strong></span> <span class='ocrx_word' id='word_1_476' title='bbox 3443 2301 3530 2343; x_wconf 90' lang='lat' dir='ltr'><strong>re-</strong></span> 
     </span>
    </p>
   </div>
   <div class='ocr_carea' id='block_1_62' title="bbox 1953 2377 3528 2451">
    <p class='ocr_par' dir='ltr' id='par_1_62' title="bbox 1953 2377 3528 2451">
     <span class='ocr_line' id='line_1_62' title="bbox 1953 2377 3528 2451; baseline 0.001 -18"><span class='ocrx_word' id='word_1_477' title='bbox 1953 2377 2190 2434; x_wconf 84' lang='lat' dir='ltr'><strong>medium</strong></span> <span class='ocrx_word' id='word_1_478' title='bbox 2220 2378 2484 2448; x_wconf 85' lang='lat' dir='ltr'><strong>peccatis,</strong></span> <span class='ocrx_word' id='word_1_479' title='bbox 2507 2378 2553 2434; x_wconf 93' lang='lat' dir='ltr'><strong>si</strong></span> <span class='ocrx_word' id='word_1_480' title='bbox 2590 2377 2724 2448; x_wconf 88' lang='lat' dir='ltr'><strong>quid</strong></span> <span class='ocrx_word' id='word_1_481' title='bbox 2751 2378 2821 2434; x_wconf 90' lang='lat' dir='ltr'><strong>ab</strong></span> <span class='ocrx_word' id='word_1_482' title='bbox 2848 2378 2958 2434; x_wconf 83' lang='lat' dir='ltr'><strong>illis</strong></span> <span class='ocrx_word' id='word_1_483' title='bbox 2985 2380 3300 2436; x_wconf 85' lang='lat' dir='ltr'><strong>humanitus</strong></span> <span class='ocrx_word' id='word_1_484' title='bbox 3335 2393 3528 2451; x_wconf 81' lang='lat' dir='ltr'><strong>pecca-</strong></span> 
     </span>
    </p>
   </div>
   <div class='ocr_carea' id='block_1_63' title="bbox 1956 2469 3528 2541">
    <p class='ocr_par' dir='ltr' id='par_1_63' title="bbox 1956 2469 3528 2541">
     <span class='ocr_line' id='line_1_63' title="bbox 1956 2469 3528 2541; baseline 0.002 -18"><span class='ocrx_word' id='word_1_485' title='bbox 1956 2479 2066 2524; x_wconf 87' lang='lat' dir='ltr'><strong>tum</strong></span> <span class='ocrx_word' id='word_1_486' title='bbox 2093 2509 2109 2535; x_wconf 91' lang='lat'><strong>,</strong></span> <span class='ocrx_word' id='word_1_487' title='bbox 2153 2485 2219 2524; x_wconf 91' lang='lat' dir='ltr'><strong>ac</strong></span> <span class='ocrx_word' id='word_1_488' title='bbox 2245 2469 2706 2526; x_wconf 75' lang='lat' dir='ltr'><strong>resurrectionem</strong></span> <span class='ocrx_word' id='word_1_489' title='bbox 2730 2509 2747 2536; x_wconf 95' lang='lat'><strong>,</strong></span> <span class='ocrx_word' id='word_1_490' title='bbox 2779 2469 3011 2525; x_wconf 90' lang='lat' dir='ltr'><strong>salutem</strong></span> <span class='ocrx_word' id='word_1_491' title='bbox 3039 2479 3096 2526; x_wconf 90' lang='lat' dir='ltr'><strong>et</strong></span> <span class='ocrx_word' id='word_1_492' title='bbox 3129 2472 3296 2526; x_wconf 76' lang='lat' dir='ltr'><strong>vitam</strong></span> <span class='ocrx_word' id='word_1_493' title='bbox 3325 2470 3528 2541; x_wconf 85' lang='lat' dir='ltr'><strong>sempi-</strong></span> 
     </span>
    </p>
   </div>
   <div class='ocr_carea' id='block_1_64' title="bbox 1954 2559 3528 2633">
    <p class='ocr_par' dir='ltr' id='par_1_64' title="bbox 1954 2559 3528 2633">
     <span class='ocr_line' id='line_1_64' title="bbox 1954 2559 3528 2633; baseline 0.002 -17"><span class='ocrx_word' id='word_1_494' title='bbox 1954 2573 2165 2617; x_wconf 88' lang='lat' dir='ltr'><strong>ternam</strong></span> <span class='ocrx_word' id='word_1_495' title='bbox 2198 2563 2330 2632; x_wconf 89' lang='lat' dir='ltr'><strong>ipsis</strong></span> <span class='ocrx_word' id='word_1_496' title='bbox 2360 2559 2622 2618; x_wconf 77' lang='lat' dir='ltr'><strong>conferet.</strong></span> <span class='ocrx_word' id='word_1_497' title='bbox 2651 2560 2724 2617; x_wconf 81' lang='lat' dir='ltr'><strong>At</strong></span> <span class='ocrx_word' id='word_1_498' title='bbox 2755 2575 2846 2617; x_wconf 90' lang='lat' dir='ltr'><strong>res</strong></span> <span class='ocrx_word' id='word_1_499' title='bbox 2878 2560 3166 2633; x_wconf 86' lang='lat' dir='ltr'><strong>impiorum</strong></span> <span class='ocrx_word' id='word_1_500' title='bbox 3194 2576 3304 2618; x_wconf 88' lang='lat' dir='ltr'><strong>non</strong></span> <span class='ocrx_word' id='word_1_501' title='bbox 3335 2563 3528 2619; x_wconf 87' lang='lat' dir='ltr'><strong>eodem</strong></span> 
     </span>
    </p>
   </div>
   <div class='ocr_carea' id='block_1_65' title="bbox 1951 2655 3060 2712">
    <p class='ocr_par' dir='ltr' id='par_1_65' title="bbox 1951 2655 3060 2712">
     <span class='ocr_line' id='line_1_65' title="bbox 1951 2655 3060 2712; baseline 0.005 -2"><span class='ocrx_word' id='word_1_502' title='bbox 1951 2655 2113 2711; x_wconf 90' lang='lat' dir='ltr'><strong>modo</strong></span> <span class='ocrx_word' id='word_1_503' title='bbox 2135 2669 2196 2711; x_wconf 86' lang='lat' dir='ltr'><strong>se</strong></span> <span class='ocrx_word' id='word_1_504' title='bbox 2227 2655 2449 2712; x_wconf 82' lang='lat' dir='ltr'><strong>habent.</strong></span> <span class='ocrx_word' id='word_1_505' title='bbox 3058 2703 3060 2706; x_wconf 50' lang='grc' dir='ltr'>μ</span> 
     </span>
    </p>
   </div>
   <div class='ocr_carea' id='block_1_66' title="bbox 2026 2747 3529 2820">
    <p class='ocr_par' dir='ltr' id='par_1_66' title="bbox 2026 2747 3529 2820">
     <span class='ocr_line' id='line_1_66' title="bbox 2026 2747 3529 2820; baseline -0.002 -16"><span class='ocrx_word' id='word_1_506' title='bbox 2026 2747 2191 2804; x_wconf 72' lang='lat' dir='ltr'><strong>Vsus.</strong></span> <span class='ocrx_word' id='word_1_507' title='bbox 2218 2748 2308 2803; x_wconf 73' lang='lat'><strong>20.</strong></span> <span class='ocrx_word' id='word_1_508' title='bbox 2345 2766 2368 2800; x_wconf 72' lang='grc' dir='ltr'><strong>ι</strong></span> <span class='ocrx_word' id='word_1_509' title='bbox 2407 2748 2576 2816; x_wconf 79' lang='lat' dir='ltr'><strong>Vade,</strong></span> <span class='ocrx_word' id='word_1_510' title='bbox 2605 2747 2837 2820; x_wconf 89' lang='lat' dir='ltr'><strong>populus</strong></span> <span class='ocrx_word' id='word_1_511' title='bbox 2882 2761 3038 2804; x_wconf 90' lang='lat' dir='ltr'><strong>meus</strong></span> <span class='ocrx_word' id='word_1_512' title='bbox 3071 2766 3085 2803; x_wconf 88' lang='lat'><strong>:</strong></span> <span class='ocrx_word' id='word_1_513' title='bbox 3119 2747 3261 2804; x_wconf 90' lang='lat' dir='ltr'><strong>intra</strong></span> <span class='ocrx_word' id='word_1_514' title='bbox 3294 2748 3348 2803; x_wconf 93' lang='lat' dir='ltr'><strong>in</strong></span> <span class='ocrx_word' id='word_1_515' title='bbox 3375 2747 3529 2805; x_wconf 81' lang='lat' dir='ltr'><strong>cubi-</strong></span> 
     </span>
    </p>
   </div>
   <div class='ocr_carea' id='block_1_67' title="bbox 1952 2839 3529 2911">
    <p class='ocr_par' dir='ltr' id='par_1_67' title="bbox 1952 2839 3529 2911">
     <span class='ocr_line' id='line_1_67' title="bbox 1952 2839 3529 2911; baseline 0 -15"><span class='ocrx_word' id='word_1_516' title='bbox 1952 2839 2074 2896; x_wconf 88' lang='lat' dir='ltr'><strong>cula</strong></span> <span class='ocrx_word' id='word_1_517' title='bbox 2107 2850 2237 2907; x_wconf 88' lang='lat' dir='ltr'><strong>tua;</strong></span> <span class='ocrx_word' id='word_1_518' title='bbox 2275 2859 2296 2894; x_wconf 85' lang='lat' dir='ltr'><strong>s</strong></span> <span class='ocrx_word' id='word_1_519' title='bbox 2334 2856 2402 2897; x_wconf 93' lang='lat' dir='ltr'><strong>ne</strong></span> <span class='ocrx_word' id='word_1_520' title='bbox 2433 2843 2706 2899; x_wconf 88' lang='lat' dir='ltr'><strong>curiosius</strong></span> <span class='ocrx_word' id='word_1_521' title='bbox 2750 2841 2997 2911; x_wconf 90' lang='lat' dir='ltr'><strong>inquiras</strong></span> <span class='ocrx_word' id='word_1_522' title='bbox 3038 2855 3103 2896; x_wconf 90' lang='lat' dir='ltr'><strong>ea</strong></span> <span class='ocrx_word' id='word_1_523' title='bbox 3131 2880 3147 2906; x_wconf 90' lang='lat'><strong>,</strong></span> <span class='ocrx_word' id='word_1_524' title='bbox 3176 2855 3297 2910; x_wconf 67' lang='lat' dir='ltr'><strong>qua</strong></span> <span class='ocrx_word' id='word_1_525' title='bbox 3340 2840 3529 2911; x_wconf 87' lang='lat' dir='ltr'><strong>procul</strong></span> 
     </span>
    </p>
   </div>
   <div class='ocr_carea' id='block_1_68' title="bbox 1953 2928 3525 2990">
    <p class='ocr_par' dir='ltr' id='par_1_68' title="bbox 1953 2928 3525 2990">
     <span class='ocr_line' id='line_1_68' title="bbox 1953 2928 3525 2990; baseline -0.002 -3"><span class='ocrx_word' id='word_1_526' title='bbox 1953 2931 2217 2987; x_wconf 89' lang='lat' dir='ltr'><strong>cubiculis</strong></span> <span class='ocrx_word' id='word_1_527' title='bbox 2267 2933 2376 2988; x_wconf 89' lang='lat' dir='ltr'><strong>tuis</strong></span> <span class='ocrx_word' id='word_1_528' title='bbox 2419 2941 2727 2990; x_wconf 73' lang='lat' dir='ltr'><strong>versantur.</strong></span> <span class='ocrx_word' id='word_1_529' title='bbox 2779 2947 2800 2985; x_wconf 85' lang='grc' dir='ltr'><strong>ι</strong></span> <span class='ocrx_word' id='word_1_530' title='bbox 2851 2928 3060 2987; x_wconf 90' lang='lat' dir='ltr'><strong>Claude</strong></span> <span class='ocrx_word' id='word_1_531' title='bbox 3094 2930 3293 2985; x_wconf 74' lang='grc' dir='ltr'><strong>οειὶυοι</strong></span> <span class='ocrx_word' id='word_1_532' title='bbox 3329 2939 3476 2984; x_wconf 86' lang='lat' dir='ltr'><strong>tuum</strong></span> <span class='ocrx_word' id='word_1_533' title='bbox 3508 2949 3525 2984; x_wconf 87' lang='lat'><strong>:</strong></span> 
     </span>
    </p>
   </div>
   <div class='ocr_carea' id='block_1_69' title="bbox 1953 3021 3530 3094">
    <p class='ocr_par' dir='ltr' id='par_1_69' title="bbox 1953 3021 3530 3094">
     <span class='ocr_line' id='line_1_69' title="bbox 1953 3021 3530 3094; baseline 0 -16"><span class='ocrx_word' id='word_1_534' title='bbox 1953 3021 2292 3080; x_wconf 84' lang='lat' dir='ltr'><strong>abscondere</strong></span> <span class='ocrx_word' id='word_1_535' title='bbox 2365 3023 2643 3094; x_wconf 88' lang='lat' dir='ltr'><strong>paululum</strong></span> <span class='ocrx_word' id='word_1_536' title='bbox 2711 3021 3246 3094; x_wconf 86' lang='lat' dir='ltr'><strong>quantulumcunque</strong></span> <span class='ocrx_word' id='word_1_537' title='bbox 3279 3059 3298 3088; x_wconf 90' lang='lat'><strong>,</strong></span> <span class='ocrx_word' id='word_1_538' title='bbox 3355 3022 3530 3078; x_wconf 87' lang='lat' dir='ltr'><strong>donec</strong></span> 
     </span>
    </p>
   </div>
   <div class='ocr_carea' id='block_1_70' title="bbox 1954 3111 3529 3184">
    <p class='ocr_par' dir='ltr' id='par_1_70' title="bbox 1954 3111 3529 3184">
     <span class='ocr_line' id='line_1_70' title="bbox 1954 3111 3529 3184; baseline -0.001 -16"><span class='ocrx_word' id='word_1_539' title='bbox 1954 3121 2302 3184; x_wconf 82' lang='lat' dir='ltr'><strong>pertranseat</strong></span> <span class='ocrx_word' id='word_1_540' title='bbox 2325 3118 2408 3174; x_wconf 86' lang='lat' dir='ltr'><strong>ira</strong></span> <span class='ocrx_word' id='word_1_541' title='bbox 2436 3113 2674 3171; x_wconf 87' lang='lat' dir='ltr'><strong>Domini.</strong></span> <span class='ocrx_word' id='word_1_542' title='bbox 2715 3131 2737 3168; x_wconf 88' lang='grc' dir='ltr'><strong>ι</strong></span> <span class='ocrx_word' id='word_1_543' title='bbox 2771 3113 2901 3170; x_wconf 83' lang='lat' dir='ltr'><strong>Post</strong></span> <span class='ocrx_word' id='word_1_544' title='bbox 2936 3111 3155 3170; x_wconf 77' lang='lat' dir='ltr'><strong>allatam</strong></span> <span class='ocrx_word' id='word_1_545' title='bbox 3181 3112 3250 3168; x_wconf 90' lang='lat' dir='ltr'><strong>de</strong></span> <span class='ocrx_word' id='word_1_546' title='bbox 3285 3127 3529 3169; x_wconf 87' lang='lat' dir='ltr'><strong>resurre-</strong></span> 
     </span>
    </p>
   </div>
   <div class='ocr_carea' id='block_1_71' title="bbox 1954 3204 3528 3276">
    <p class='ocr_par' dir='ltr' id='par_1_71' title="bbox 1954 3204 3528 3276">
     <span class='ocr_line' id='line_1_71' title="bbox 1954 3204 3528 3276; baseline -0.001 -15"><span class='ocrx_word' id='word_1_547' title='bbox 1954 3208 2138 3262; x_wconf 90' lang='lat' dir='ltr'><strong>ctione</strong></span> <span class='ocrx_word' id='word_1_548' title='bbox 2198 3220 2542 3264; x_wconf 88' lang='lat' dir='ltr'><strong>mortuorum</strong></span> <span class='ocrx_word' id='word_1_549' title='bbox 2590 3207 2921 3271; x_wconf 87' lang='lat' dir='ltr'><strong>doctrinam,</strong></span> <span class='ocrx_word' id='word_1_550' title='bbox 2965 3216 3186 3262; x_wconf 85' lang='lat' dir='ltr'><strong>sanctos</strong></span> <span class='ocrx_word' id='word_1_551' title='bbox 3237 3204 3380 3272; x_wconf 92' lang='lat' dir='ltr'><strong>Dei,</strong></span> <span class='ocrx_word' id='word_1_552' title='bbox 3430 3204 3528 3276; x_wconf 90' lang='lat' dir='ltr'><strong>qui</strong></span> 
     </span>
    </p>
   </div>
   <div class='ocr_carea' id='block_1_72' title="bbox 1953 3297 3529 3366">
    <p class='ocr_par' dir='ltr' id='par_1_72' title="bbox 1953 3297 3529 3366">
     <span class='ocr_line' id='line_1_72' title="bbox 1953 3297 3529 3366; baseline 0 -15"><span class='ocrx_word' id='word_1_553' title='bbox 1953 3308 2112 3352; x_wconf 89' lang='lat' dir='ltr'><strong>antea</strong></span> <span class='ocrx_word' id='word_1_554' title='bbox 2159 3299 2666 3364; x_wconf 81' lang='lat' dir='ltr'><strong>circumsteterant,</strong></span> <span class='ocrx_word' id='word_1_555' title='bbox 2695 3297 2885 3354; x_wconf 88' lang='lat' dir='ltr'><strong>eodem</strong></span> <span class='ocrx_word' id='word_1_556' title='bbox 2917 3297 2974 3352; x_wconf 91' lang='lat' dir='ltr'><strong>in</strong></span> <span class='ocrx_word' id='word_1_557' title='bbox 3010 3297 3130 3353; x_wconf 93' lang='lat' dir='ltr'><strong>loco</strong></span> <span class='ocrx_word' id='word_1_558' title='bbox 3162 3306 3380 3353; x_wconf 90' lang='lat' dir='ltr'><strong>coactos</strong></span> <span class='ocrx_word' id='word_1_559' title='bbox 3405 3307 3529 3366; x_wconf 86' lang='lat' dir='ltr'><strong>post</strong></span> 
     </span>
    </p>
   </div>
   <div class='ocr_carea' id='block_1_73' title="bbox 1953 3385 3528 3458">
    <p class='ocr_par' dir='ltr' id='par_1_73' title="bbox 1953 3385 3528 3458">
     <span class='ocr_line' id='line_1_73' title="bbox 1953 3385 3528 3458; baseline 0.001 -17"><span class='ocrx_word' id='word_1_560' title='bbox 1953 3387 2408 3442; x_wconf 84' lang='lat' dir='ltr'><strong>resurrectionem</strong></span> <span class='ocrx_word' id='word_1_561' title='bbox 2434 3386 2628 3443; x_wconf 74' lang='lat' dir='ltr'><strong>videns</strong></span> <span class='ocrx_word' id='word_1_562' title='bbox 2653 3385 3002 3458; x_wconf 85' lang='lat' dir='ltr'><strong>propheticus</strong></span> <span class='ocrx_word' id='word_1_563' title='bbox 3055 3387 3301 3458; x_wconf 88' lang='lat' dir='ltr'><strong>spiritus.</strong></span> <span class='ocrx_word' id='word_1_564' title='bbox 3331 3388 3528 3443; x_wconf 70' lang='lat' dir='ltr'><strong>deinde</strong></span> 
     </span>
    </p>
   </div>
   <div class='ocr_carea' id='block_1_74' title="bbox 1950 3468 3527 3549">
    <p class='ocr_par' dir='ltr' id='par_1_74' title="bbox 1950 3468 3527 3549">
     <span class='ocr_line' id='line_1_74' title="bbox 1950 3468 3527 3549; baseline 0.001 -17"><span class='ocrx_word' id='word_1_565' title='bbox 1950 3491 2080 3533; x_wconf 79' lang='lat' dir='ltr'><strong>vero</strong></span> <span class='ocrx_word' id='word_1_566' title='bbox 2106 3478 2210 3532; x_wconf 89' lang='lat' dir='ltr'><strong>alia</strong></span> <span class='ocrx_word' id='word_1_567' title='bbox 2241 3493 2306 3534; x_wconf 77' lang='lat' dir='ltr'><strong>ex</strong></span> <span class='ocrx_word' id='word_1_568' title='bbox 2334 3487 2486 3549; x_wconf 87' lang='lat' dir='ltr'><strong>parte</strong></span> <span class='ocrx_word' id='word_1_569' title='bbox 2519 3476 2893 3534; x_wconf 78' lang='lat' dir='ltr'><strong>imminentem</strong></span> <span class='ocrx_word' id='word_1_570' title='bbox 2932 3468 3277 3548; x_wconf 81' lang='lat' dir='ltr'><strong>impiis&#39;iram</strong></span> <span class='ocrx_word' id='word_1_571' title='bbox 3307 3478 3527 3548; x_wconf 88' lang='lat' dir='ltr'><strong>conspi-</strong></span> 
     </span>
    </p>
   </div>
   <div class='ocr_carea' id='block_1_75' title="bbox 1950 3569 3524 3640">
    <p class='ocr_par' dir='ltr' id='par_1_75' title="bbox 1950 3569 3524 3640">
     <span class='ocr_line' id='line_1_75' title="bbox 1950 3569 3524 3640; baseline 0 -16"><span class='ocrx_word' id='word_1_572' title='bbox 1950 3579 2124 3633; x_wconf 87' lang='lat' dir='ltr'><strong>catus,</strong></span> <span class='ocrx_word' id='word_1_573' title='bbox 2164 3581 2480 3626; x_wconf 86' lang='lat' dir='ltr'><strong>sanctorum</strong></span> <span class='ocrx_word' id='word_1_574' title='bbox 2520 3577 2723 3625; x_wconf 69' lang='lat' dir='ltr'><strong>cretum</strong></span> <span class='ocrx_word' id='word_1_575' title='bbox 2762 3569 2832 3624; x_wconf 92' lang='lat' dir='ltr'><strong>ad</strong></span> <span class='ocrx_word' id='word_1_576' title='bbox 2856 3570 3128 3625; x_wconf 89' lang='lat' dir='ltr'><strong>modicum</strong></span> <span class='ocrx_word' id='word_1_577' title='bbox 3175 3579 3388 3640; x_wconf 84' lang='lat' dir='ltr'><strong>tempus</strong></span> <span class='ocrx_word' id='word_1_578' title='bbox 3433 3583 3524 3624; x_wconf 88' lang='lat' dir='ltr'><strong>se-</strong></span> 
     </span>
    </p>
   </div>
   <div class='ocr_carea' id='block_1_76' title="bbox 1951 3658 3526 3731">
    <p class='ocr_par' dir='ltr' id='par_1_76' title="bbox 1951 3658 3526 3731">
     <span class='ocr_line' id='line_1_76' title="bbox 1951 3658 3526 3731; baseline -0.001 -16"><span class='ocrx_word' id='word_1_579' title='bbox 1951 3661 2144 3716; x_wconf 88' lang='lat' dir='ltr'><strong>cedere</strong></span> <span class='ocrx_word' id='word_1_580' title='bbox 2175 3675 2241 3715; x_wconf 88' lang='lat' dir='ltr'><strong>ac</strong></span> <span class='ocrx_word' id='word_1_581' title='bbox 2270 3658 2464 3731; x_wconf 87' lang='lat' dir='ltr'><strong>procul</strong></span> <span class='ocrx_word' id='word_1_582' title='bbox 2492 3671 2615 3716; x_wconf 85' lang='lat' dir='ltr'><strong>sese</strong></span> <span class='ocrx_word' id='word_1_583' title='bbox 2641 3658 2918 3715; x_wconf 88' lang='lat' dir='ltr'><strong>occultare</strong></span> <span class='ocrx_word' id='word_1_584' title='bbox 2949 3669 3154 3726; x_wconf 88' lang='lat' dir='ltr'><strong>monet,</strong></span> <span class='ocrx_word' id='word_1_585' title='bbox 3183 3677 3250 3717; x_wconf 88' lang='lat' dir='ltr'><strong>ne</strong></span> <span class='ocrx_word' id='word_1_586' title='bbox 3281 3661 3391 3716; x_wconf 85' lang='lat' dir='ltr'><strong>sint</strong></span> <span class='ocrx_word' id='word_1_587' title='bbox 3424 3661 3526 3715; x_wconf 83' lang='lat' dir='ltr'><strong>im-</strong></span> 
     </span>
    </p>
   </div>
   <div class='ocr_carea' id='block_1_77' title="bbox 1953 3748 3526 3821">
    <p class='ocr_par' dir='ltr' id='par_1_77' title="bbox 1953 3748 3526 3821">
     <span class='ocr_line' id='line_1_77' title="bbox 1953 3748 3526 3821; baseline 0 -16"><span class='ocrx_word' id='word_1_588' title='bbox 1953 3751 2164 3821; x_wconf 87' lang='lat' dir='ltr'><strong>piorum</strong></span> <span class='ocrx_word' id='word_1_589' title='bbox 2198 3749 2464 3821; x_wconf 87' lang='lat' dir='ltr'><strong>perniciei</strong></span> <span class='ocrx_word' id='word_1_590' title='bbox 2490 3759 2852 3821; x_wconf 87' lang='lat' dir='ltr'><strong>spectatores.</strong></span> <span class='ocrx_word' id='word_1_591' title='bbox 2898 3748 3160 3807; x_wconf 85' lang='lat' dir='ltr'><strong>Cubicula</strong></span> <span class='ocrx_word' id='word_1_592' title='bbox 3187 3767 3312 3807; x_wconf 76' lang='lat' dir='ltr'><strong>vero</strong></span> <span class='ocrx_word' id='word_1_593' title='bbox 3343 3751 3526 3821; x_wconf 84' lang='lat' dir='ltr'><strong>populi</strong></span> 
     </span>
    </p>
   </div>
   <div class='ocr_carea' id='block_1_78' title="bbox 1953 3839 3524 3915">
    <p class='ocr_par' dir='ltr' id='par_1_78' title="bbox 1953 3839 3524 3915">
     <span class='ocr_line' id='line_1_78' title="bbox 1953 3839 3524 3915; baseline -0.001 -17"><span class='ocrx_word' id='word_1_594' title='bbox 1953 3842 2071 3910; x_wconf 87' lang='lat' dir='ltr'><strong>Dei,</strong></span> <span class='ocrx_word' id='word_1_595' title='bbox 2101 3843 2370 3915; x_wconf 74' lang='lat' dir='ltr'><strong>intelligas</strong></span> <span class='ocrx_word' id='word_1_596' title='bbox 2399 3856 2519 3897; x_wconf 86' lang='lat' dir='ltr'><strong>esse</strong></span> <span class='ocrx_word' id='word_1_597' title='bbox 2549 3839 2746 3896; x_wconf 79' lang='lat' dir='ltr'><strong>inultas</strong></span> <span class='ocrx_word' id='word_1_598' title='bbox 2768 3841 2910 3910; x_wconf 90' lang='lat' dir='ltr'><strong>apud</strong></span> <span class='ocrx_word' id='word_1_599' title='bbox 2939 3841 3158 3898; x_wconf 77' lang='lat' dir='ltr'><strong>Patrem</strong></span> <span class='ocrx_word' id='word_1_600' title='bbox 3184 3842 3524 3912; x_wconf 88' lang='lat' dir='ltr'><strong>mansiones,</strong></span> 
     </span>
    </p>
   </div>
   <div class='ocr_carea' id='block_1_79' title="bbox 266 3915 1852 4006">
    <p class='ocr_par' dir='ltr' id='par_1_79' title="bbox 266 3915 1849 4006">
     <span class='ocr_line' id='line_1_79' title="bbox 266 3915 1849 4006; baseline 0.003 -37"><span class='ocrx_word' id='word_1_601' title='bbox 266 3915 595 4006; x_wconf 77' lang='grc' dir='ltr'><strong>τυγχάνουσι</strong></span> <span class='ocrx_word' id='word_1_602' title='bbox 632 3918 820 3987; x_wconf 79' lang='grc' dir='ltr'><strong>μοναὶ,</strong></span> <span class='ocrx_word' id='word_1_603' title='bbox 846 3917 1060 3988; x_wconf 74' lang='grc' dir='ltr'><strong>ἑκάστῳ</strong></span> <span class='ocrx_word' id='word_1_604' title='bbox 1091 3918 1330 3990; x_wconf 80' lang='grc' dir='ltr'><strong>τάγματι</strong></span> <span class='ocrx_word' id='word_1_605' title='bbox 1360 3918 1468 3972; x_wconf 86' lang='grc' dir='ltr'><strong>τῶν</strong></span> <span class='ocrx_word' id='word_1_606' title='bbox 1502 3918 1673 3986; x_wconf 80' lang='grc' dir='ltr'><strong>ἁγίων</strong></span> <span class='ocrx_word' id='word_1_607' title='bbox 1696 3919 1849 4006; x_wconf 20' lang='grc' dir='ltr'><strong>γκατά</strong></span> 
     </span>
    </p>
   </div>
   <div class='ocr_carea' id='block_1_80' title="bbox 1953 3915 3524 4006">
    <p class='ocr_par' dir='ltr' id='par_1_80' title="bbox 1953 3917 3524 4006">
     <span class='ocr_line' id='line_1_80' title="bbox 1953 3917 3524 4006; baseline -0.001 -15"><span class='ocrx_word' id='word_1_608' title='bbox 1953 3935 2093 4005; x_wconf 85' lang='lat' dir='ltr'><strong>iusto</strong></span> <span class='ocrx_word' id='word_1_609' title='bbox 2130 3936 2221 3992; x_wconf 93' lang='lat' dir='ltr'><strong>Dei</strong></span> <span class='ocrx_word' id='word_1_610' title='bbox 2247 3935 2450 4006; x_wconf 87' lang='lat' dir='ltr'><strong>judicio</strong></span> <span class='ocrx_word' id='word_1_611' title='bbox 2488 3932 2718 4004; x_wconf 73' lang='lat' dir='ltr'><strong>singulis</strong></span> <span class='ocrx_word' id='word_1_612' title='bbox 2769 3934 3048 3990; x_wconf 89' lang='lat' dir='ltr'><strong>ordinibus</strong></span> <span class='ocrx_word' id='word_1_613' title='bbox 3095 3933 3412 3989; x_wconf 84' lang='lat' dir='ltr'><strong>destinatas.</strong></span> <span class='ocrx_word' id='word_1_614' title='bbox 3463 3917 3524 3989; x_wconf 63' lang='lat' dir='ltr'><strong>in</strong></span> 
     </span>
    </p>
   </div>
   <div class='ocr_carea' id='block_1_81' title="bbox 266 4005 1852 4097">
    <p class='ocr_par' dir='ltr' id='par_1_81' title="bbox 266 4005 1849 4081">
     <span class='ocr_line' id='line_1_81' title="bbox 266 4005 1849 4081; baseline 0.004 -23"><span class='ocrx_word' id='word_1_615' title='bbox 266 4005 483 4061; x_wconf 78' lang='grc' dir='ltr'><strong>δικαίαν</strong></span> <span class='ocrx_word' id='word_1_616' title='bbox 515 4006 654 4062; x_wconf 88' lang='grc' dir='ltr'><strong>Θεοῦ</strong></span> <span class='ocrx_word' id='word_1_617' title='bbox 704 4008 885 4080; x_wconf 85' lang='grc' dir='ltr'><strong>κρίσιν</strong></span> <span class='ocrx_word' id='word_1_618' title='bbox 917 4009 1312 4081; x_wconf 79' lang='grc' dir='ltr'><strong>ἀφωρισμέναι.</strong></span> <span class='ocrx_word' id='word_1_619' title='bbox 1347 4009 1443 4072; x_wconf 86' lang='grc' dir='ltr'><strong>Εἰς</strong></span> <span class='ocrx_word' id='word_1_620' title='bbox 1475 4009 1626 4062; x_wconf 87' lang='grc' dir='ltr'><strong>ταῦτ’</strong></span> <span class='ocrx_word' id='word_1_621' title='bbox 1658 4005 1752 4062; x_wconf 82' lang='grc' dir='ltr'><strong>οὖν</strong></span> <span class='ocrx_word' id='word_1_622' title='bbox 1779 4010 1849 4065; x_wconf 84' lang='grc' dir='ltr'><strong>τά</strong></span> 
     </span>
    </p>
   </div>
   <div class='ocr_carea' id='block_1_82' title="bbox 1953 4005 3526 4097">
    <p class='ocr_par' dir='ltr' id='par_1_82' title="bbox 1953 4005 3526 4097">
     <span class='ocr_line' id='line_1_82' title="bbox 1953 4005 3526 4097; baseline -0.001 -15"><span class='ocrx_word' id='word_1_623' title='bbox 1953 4029 2066 4082; x_wconf 74' lang='lat' dir='ltr'><strong>inec</strong></span> <span class='ocrx_word' id='word_1_624' title='bbox 2110 4005 2297 4097; x_wconf 80' lang='lat' dir='ltr'><strong>igitur.</strong></span> <span class='ocrx_word' id='word_1_625' title='bbox 2328 4025 2526 4096; x_wconf 89' lang='lat' dir='ltr'><strong>popule</strong></span> <span class='ocrx_word' id='word_1_626' title='bbox 2556 4026 2629 4080; x_wconf 87' lang='lat' dir='ltr'><strong>mi</strong></span> <span class='ocrx_word' id='word_1_627' title='bbox 2655 4063 2671 4091; x_wconf 92' lang='lat'><strong>,</strong></span> <span class='ocrx_word' id='word_1_628' title='bbox 2715 4034 2905 4095; x_wconf 88' lang='lat' dir='ltr'><strong>parata</strong></span> <span class='ocrx_word' id='word_1_629' title='bbox 2936 4023 3030 4080; x_wconf 89' lang='lat' dir='ltr'><strong>tibi</strong></span> <span class='ocrx_word' id='word_1_630' title='bbox 3061 4022 3308 4080; x_wconf 89' lang='lat' dir='ltr'><strong>cubicula</strong></span> <span class='ocrx_word' id='word_1_631' title='bbox 3346 4023 3526 4094; x_wconf 75' lang='lat' dir='ltr'><strong>ingre-</strong></span> 
     </span>
    </p>
   </div>
   <div class='ocr_carea' id='block_1_83' title="bbox 270 4099 1845 4172">
    <p class='ocr_par' dir='ltr' id='par_1_83' title="bbox 270 4099 1845 4172">
     <span class='ocr_line' id='line_1_83' title="bbox 270 4099 1845 4172; baseline 0.003 -22"><span class='ocrx_word' id='word_1_632' title='bbox 270 4099 352 4152; x_wconf 78' lang='grc' dir='ltr'><strong>σοὶ</strong></span> <span class='ocrx_word' id='word_1_633' title='bbox 370 4100 866 4170; x_wconf 76' lang='grc' dir='ltr'><strong>παρεσκευασμένα</strong></span> <span class='ocrx_word' id='word_1_634' title='bbox 895 4101 1117 4172; x_wconf 78' lang='grc' dir='ltr'><strong>ταμιεῖα</strong></span> <span class='ocrx_word' id='word_1_635' title='bbox 1144 4118 1260 4165; x_wconf 90' lang='grc' dir='ltr'><strong>σου,</strong></span> <span class='ocrx_word' id='word_1_636' title='bbox 1285 4102 1469 4171; x_wconf 68' lang='grc' dir='ltr'><strong>φησιν,</strong></span> <span class='ocrx_word' id='word_1_637' title='bbox 1490 4104 1519 4157; x_wconf 79' lang='grc' dir='ltr'>ὁ</span> <span class='ocrx_word' id='word_1_638' title='bbox 1541 4101 1672 4172; x_wconf 80' lang='grc' dir='ltr'><strong>ἐμὸς</strong></span> <span class='ocrx_word' id='word_1_639' title='bbox 1697 4100 1845 4165; x_wconf 81' lang='grc' dir='ltr'><strong>λαὸς,</strong></span> 
     </span>
    </p>
   </div>
   <div class='ocr_carea' id='block_1_84' title="bbox 268 4186 1460 4263">
    <p class='ocr_par' dir='ltr' id='par_1_84' title="bbox 268 4186 1460 4263">
     <span class='ocr_line' id='line_1_84' title="bbox 268 4186 1460 4263; baseline 0.004 -22"><span class='ocrx_word' id='word_1_640' title='bbox 268 4186 496 4253; x_wconf 73' lang='grc' dir='ltr'><strong>εἴσελθε,</strong></span> <span class='ocrx_word' id='word_1_641' title='bbox 529 4189 628 4243; x_wconf 81' lang='grc' dir='ltr'><strong>καὶ</strong></span> <span class='ocrx_word' id='word_1_642' title='bbox 662 4189 982 4244; x_wconf 84' lang='grc' dir='ltr'><strong>ἀπόκλεισον</strong></span> <span class='ocrx_word' id='word_1_643' title='bbox 1010 4191 1110 4263; x_wconf 79' lang='grc' dir='ltr'><strong>τὴν</strong></span> <span class='ocrx_word' id='word_1_644' title='bbox 1141 4191 1312 4263; x_wconf 80' lang='grc' dir='ltr'><strong>Θύραν</strong></span> <span class='ocrx_word' id='word_1_645' title='bbox 1345 4208 1460 4246; x_wconf 90' lang='grc' dir='ltr'><strong>σου.</strong></span> 
     </span>
    </p>
   </div>
   <div class='ocr_carea' id='block_1_85' title="bbox 341 4278 1844 4355">
    <p class='ocr_par' dir='ltr' id='par_1_85' title="bbox 341 4278 1844 4355">
     <span class='ocr_line' id='line_1_85' title="bbox 341 4278 1844 4355; baseline 0.004 -25"><span class='ocrx_word' id='word_1_646' title='bbox 341 4296 361 4330; x_wconf 83' lang='grc' dir='ltr'><strong>ι</strong></span> <span class='ocrx_word' id='word_1_647' title='bbox 410 4278 548 4334; x_wconf 76' lang='grc' dir='ltr'><strong>Ἰδοὺ</strong></span> <span class='ocrx_word' id='word_1_648' title='bbox 577 4278 688 4352; x_wconf 81' lang='grc' dir='ltr'><strong>γάρ</strong></span> <span class='ocrx_word' id='word_1_649' title='bbox 720 4279 924 4352; x_wconf 78' lang='grc' dir='ltr'><strong>Κύριος</strong></span> <span class='ocrx_word' id='word_1_650' title='bbox 955 4281 1062 4335; x_wconf 80' lang='grc' dir='ltr'><strong>ἀπὸ</strong></span> <span class='ocrx_word' id='word_1_651' title='bbox 1090 4280 1182 4335; x_wconf 85' lang='grc' dir='ltr'><strong>τοῦ</strong></span> <span class='ocrx_word' id='word_1_652' title='bbox 1211 4284 1369 4352; x_wconf 84' lang='grc' dir='ltr'><strong>ἁγίου</strong></span> <span class='ocrx_word' id='word_1_653' title='bbox 1402 4285 1598 4352; x_wconf 87' lang='grc' dir='ltr'><strong>ἐπάγει</strong></span> <span class='ocrx_word' id='word_1_654' title='bbox 1624 4283 1724 4355; x_wconf 81' lang='grc' dir='ltr'><strong>τὴν</strong></span> <span class='ocrx_word' id='word_1_655' title='bbox 1756 4283 1844 4355; x_wconf 79' lang='grc' dir='ltr'><strong>ὀρ-</strong></span> 
     </span>
    </p>
   </div>
   <div class='ocr_carea' id='block_1_86' title="bbox 269 4369 1844 4446">
    <p class='ocr_par' dir='ltr' id='par_1_86' title="bbox 269 4369 1844 4446">
     <span class='ocr_line' id='line_1_86' title="bbox 269 4369 1844 4446; baseline 0.003 -22"><span class='ocrx_word' id='word_1_656' title='bbox 269 4369 370 4444; x_wconf 72' lang='grc' dir='ltr'><strong>γὴν</strong></span> <span class='ocrx_word' id='word_1_657' title='bbox 402 4371 499 4425; x_wconf 81' lang='grc' dir='ltr'><strong>ἐπὶ</strong></span> <span class='ocrx_word' id='word_1_658' title='bbox 535 4371 666 4435; x_wconf 79' lang='grc' dir='ltr'><strong>τοὺς</strong></span> <span class='ocrx_word' id='word_1_659' title='bbox 694 4370 1036 4436; x_wconf 86' lang='grc' dir='ltr'><strong>ἐνοικοῦντας</strong></span> <span class='ocrx_word' id='word_1_660' title='bbox 1066 4374 1158 4428; x_wconf 80' lang='grc' dir='ltr'><strong>ἐπὶ</strong></span> <span class='ocrx_word' id='word_1_661' title='bbox 1185 4374 1284 4445; x_wconf 83' lang='grc' dir='ltr'><strong>τῆς</strong></span> <span class='ocrx_word' id='word_1_662' title='bbox 1311 4374 1434 4444; x_wconf 79' lang='grc' dir='ltr'><strong>γῆς.</strong></span> <span class='ocrx_word' id='word_1_663' title='bbox 1474 4393 1492 4426; x_wconf 87' lang='grc' dir='ltr'><strong>ι</strong></span> <span class='ocrx_word' id='word_1_664' title='bbox 1531 4373 1844 4446; x_wconf 78' lang='grc' dir='ltr'><strong>Παρελοού-</strong></span> 
     </span>
    </p>
   </div>
   <div class='ocr_carea' id='block_1_87' title="bbox 1951 4118 2831 4186">
    <p class='ocr_par' dir='ltr' id='par_1_87' title="bbox 1951 4118 2831 4186">
     <span class='ocr_line' id='line_1_87' title="bbox 1951 4118 2831 4186; baseline -0.003 -12"><span class='ocrx_word' id='word_1_665' title='bbox 1951 4119 2103 4186; x_wconf 89' lang='lat' dir='ltr'><strong>dere,</strong></span> <span class='ocrx_word' id='word_1_666' title='bbox 2133 4129 2188 4175; x_wconf 89' lang='lat' dir='ltr'><strong>et</strong></span> <span class='ocrx_word' id='word_1_667' title='bbox 2216 4119 2408 4174; x_wconf 90' lang='lat' dir='ltr'><strong>claude</strong></span> <span class='ocrx_word' id='word_1_668' title='bbox 2432 4118 2628 4174; x_wconf 86' lang='lat' dir='ltr'><strong>ostium</strong></span> <span class='ocrx_word' id='word_1_669' title='bbox 2659 4127 2831 4173; x_wconf 56' lang='lat' dir='ltr'><strong>tuum.</strong></span> 
     </span>
    </p>
   </div>
   <div class='ocr_carea' id='block_1_88' title="bbox 2024 4271 3526 4333">
    <p class='ocr_par' dir='ltr' id='par_1_88' title="bbox 2024 4271 3526 4333">
     <span class='ocr_line' id='line_1_88' title="bbox 2024 4271 3526 4333; baseline -0.002 -3"><span class='ocrx_word' id='word_1_670' title='bbox 2024 4274 2191 4330; x_wconf 69' lang='lat' dir='ltr'><strong>Vsus.</strong></span> <span class='ocrx_word' id='word_1_671' title='bbox 2220 4275 2314 4333; x_wconf 73' lang='lat'><strong>9.1.</strong></span> <span class='ocrx_word' id='word_1_672' title='bbox 2350 4293 2369 4327; x_wconf 82' lang='grc' dir='ltr'><strong>ι</strong></span> <span class='ocrx_word' id='word_1_673' title='bbox 2420 4275 2569 4332; x_wconf 77' lang='lat' dir='ltr'><strong>Ecce</strong></span> <span class='ocrx_word' id='word_1_674' title='bbox 2590 4273 2736 4330; x_wconf 86' lang='lat' dir='ltr'><strong>enim</strong></span> <span class='ocrx_word' id='word_1_675' title='bbox 2767 4273 3026 4330; x_wconf 87' lang='lat' dir='ltr'><strong>Dominus</strong></span> <span class='ocrx_word' id='word_1_676' title='bbox 3061 4273 3125 4328; x_wconf 88' lang='lat' dir='ltr'><strong>de</strong></span> <span class='ocrx_word' id='word_1_677' title='bbox 3153 4281 3344 4328; x_wconf 87' lang='lat' dir='ltr'><strong>sancto</strong></span> <span class='ocrx_word' id='word_1_678' title='bbox 3374 4271 3526 4327; x_wconf 85' lang='lat' dir='ltr'><strong>indu-</strong></span> 
     </span>
    </p>
   </div>
   <div class='ocr_carea' id='block_1_89' title="bbox 1953 4365 3527 4438">
    <p class='ocr_par' dir='ltr' id='par_1_89' title="bbox 1953 4365 3527 4438">
     <span class='ocr_line' id='line_1_89' title="bbox 1953 4365 3527 4438; baseline -0.005 -12"><span class='ocrx_word' id='word_1_679' title='bbox 1953 4369 2030 4426; x_wconf 90' lang='lat' dir='ltr'><strong>cit</strong></span> <span class='ocrx_word' id='word_1_680' title='bbox 2060 4369 2195 4423; x_wconf 88' lang='lat' dir='ltr'><strong>iram</strong></span> <span class='ocrx_word' id='word_1_681' title='bbox 2229 4382 2391 4438; x_wconf 86' lang='lat' dir='ltr'><strong>super</strong></span> <span class='ocrx_word' id='word_1_682' title='bbox 2427 4369 2764 4424; x_wconf 85' lang='lat' dir='ltr'><strong>habitatores</strong></span> <span class='ocrx_word' id='word_1_683' title='bbox 2795 4377 2976 4424; x_wconf 69' lang='lat' dir='ltr'><strong>terrae.</strong></span> <span class='ocrx_word' id='word_1_684' title='bbox 3027 4386 3047 4418; x_wconf 83' lang='grc' dir='ltr'><strong>ι</strong></span> <span class='ocrx_word' id='word_1_685' title='bbox 3082 4365 3378 4437; x_wconf 87' lang='lat' dir='ltr'><strong>Postquam</strong></span> <span class='ocrx_word' id='word_1_686' title='bbox 3431 4379 3527 4420; x_wconf 87' lang='lat' dir='ltr'><strong>an-</strong></span> 
     </span>
    </p>
   </div>
   <div class='ocr_carea' id='block_1_90' title="bbox 272 4451 1852 4546">
    <p class='ocr_par' dir='ltr' id='par_1_90' title="bbox 272 4451 1842 4532">
     <span class='ocr_line' id='line_1_90' title="bbox 272 4451 1842 4532; baseline 0.002 -17"><span class='ocrx_word' id='word_1_687' title='bbox 272 4477 369 4532; x_wconf 82' lang='grc' dir='ltr'><strong>σης</strong></span> <span class='ocrx_word' id='word_1_688' title='bbox 415 4462 474 4516; x_wconf 77' lang='grc' dir='ltr'><strong>δέ</strong></span> <span class='ocrx_word' id='word_1_689' title='bbox 524 4461 720 4532; x_wconf 80' lang='grc' dir='ltr'><strong>αὐτῆς,</strong></span> <span class='ocrx_word' id='word_1_690' title='bbox 761 4463 1108 4528; x_wconf 82' lang='grc' dir='ltr'><strong>ἀναπετάσας</strong></span> <span class='ocrx_word' id='word_1_691' title='bbox 1154 4465 1340 4518; x_wconf 76' lang='grc' dir='ltr'><strong>λοιπὸν</strong></span> <span class='ocrx_word' id='word_1_692' title='bbox 1367 4463 1467 4529; x_wconf 88' lang='grc' dir='ltr'><strong>τάς</strong></span> <span class='ocrx_word' id='word_1_693' title='bbox 1495 4463 1604 4518; x_wconf 83' lang='grc' dir='ltr'><strong>τῶν</strong></span> <span class='ocrx_word' id='word_1_694' title='bbox 1644 4451 1842 4519; x_wconf 84' lang='grc' dir='ltr'><strong>σαυτοῦ</strong></span> 
     </span>
    </p>
   </div>
   <div class='ocr_carea' id='block_1_91' title="bbox 1953 4451 3529 4546">
    <p class='ocr_par' dir='ltr' id='par_1_91' title="bbox 1954 4455 3529 4530">
     <span class='ocr_line' id='line_1_91' title="bbox 1954 4455 3529 4530; baseline -0.003 -14"><span class='ocrx_word' id='word_1_695' title='bbox 1954 4473 2058 4516; x_wconf 88' lang='lat' dir='ltr'><strong>tem</strong></span> <span class='ocrx_word' id='word_1_696' title='bbox 2087 4459 2174 4514; x_wconf 89' lang='lat' dir='ltr'><strong>illa</strong></span> <span class='ocrx_word' id='word_1_697' title='bbox 2201 4461 2580 4530; x_wconf 86' lang='lat' dir='ltr'><strong>pertransierit</strong></span> <span class='ocrx_word' id='word_1_698' title='bbox 2602 4501 2619 4528; x_wconf 93' lang='lat'><strong>,</strong></span> <span class='ocrx_word' id='word_1_699' title='bbox 2657 4460 2913 4517; x_wconf 87' lang='lat' dir='ltr'><strong>reseratis</strong></span> <span class='ocrx_word' id='word_1_700' title='bbox 2940 4459 3156 4512; x_wconf 89' lang='lat' dir='ltr'><strong>demum</strong></span> <span class='ocrx_word' id='word_1_701' title='bbox 3183 4455 3417 4512; x_wconf 82' lang='lat' dir='ltr'><strong>cubiculi</strong></span> <span class='ocrx_word' id='word_1_702' title='bbox 3452 4455 3529 4511; x_wconf 89' lang='lat' dir='ltr'><strong>tui</strong></span> 
     </span>
    </p>
   </div>
   <div class='ocr_carea' id='block_1_92' title="bbox 271 4552 1844 4628">
    <p class='ocr_par' dir='ltr' id='par_1_92' title="bbox 271 4552 1844 4628">
     <span class='ocr_line' id='line_1_92' title="bbox 271 4552 1844 4628; baseline 0.002 -23"><span class='ocrx_word' id='word_1_703' title='bbox 271 4553 534 4625; x_wconf 88' lang='grc' dir='ltr'><strong>ταμιείων</strong></span> <span class='ocrx_word' id='word_1_704' title='bbox 567 4553 764 4618; x_wconf 80' lang='grc' dir='ltr'><strong>πύλας,</strong></span> <span class='ocrx_word' id='word_1_705' title='bbox 810 4552 950 4624; x_wconf 85' lang='grc' dir='ltr'><strong>μετά</strong></span> <span class='ocrx_word' id='word_1_706' title='bbox 977 4554 1178 4627; x_wconf 74' lang='grc' dir='ltr'><strong>πολλῆς</strong></span> <span class='ocrx_word' id='word_1_707' title='bbox 1215 4554 1460 4620; x_wconf 81' lang='grc' dir='ltr'><strong>ἐξουσίας</strong></span> <span class='ocrx_word' id='word_1_708' title='bbox 1493 4555 1589 4608; x_wconf 77' lang='grc' dir='ltr'><strong>καὶ</strong></span> <span class='ocrx_word' id='word_1_709' title='bbox 1626 4557 1844 4628; x_wconf 77' lang='grc' dir='ltr'><strong>παρρη-</strong></span> 
     </span>
    </p>
   </div>
   <div class='ocr_carea' id='block_1_93' title="bbox 271 4646 1841 4719">
    <p class='ocr_par' dir='ltr' id='par_1_93' title="bbox 271 4646 1841 4719">
     <span class='ocr_line' id='line_1_93' title="bbox 271 4646 1841 4719; baseline -0.001 -18"><span class='ocrx_word' id='word_1_710' title='bbox 271 4647 390 4710; x_wconf 83' lang='grc' dir='ltr'><strong>σίας</strong></span> <span class='ocrx_word' id='word_1_711' title='bbox 410 4646 600 4718; x_wconf 83' lang='grc' dir='ltr'><strong>πρόῖθι</strong></span> <span class='ocrx_word' id='word_1_712' title='bbox 619 4646 711 4700; x_wconf 82' lang='grc' dir='ltr'><strong>τὸν</strong></span> <span class='ocrx_word' id='word_1_713' title='bbox 730 4646 849 4699; x_wconf 76' lang='grc' dir='ltr'><strong>νέον</strong></span> <span class='ocrx_word' id='word_1_714' title='bbox 870 4646 1185 4701; x_wconf 72' lang='grc' dir='ltr'><strong>ἐποπτεύων</strong></span> <span class='ocrx_word' id='word_1_715' title='bbox 1217 4647 1408 4710; x_wconf 72' lang='grc' dir='ltr'><strong>αἰῶνα,</strong></span> <span class='ocrx_word' id='word_1_716' title='bbox 1432 4648 1527 4703; x_wconf 80' lang='grc' dir='ltr'><strong>καὶ</strong></span> <span class='ocrx_word' id='word_1_717' title='bbox 1547 4647 1644 4719; x_wconf 78' lang='grc' dir='ltr'><strong>τὴν</strong></span> <span class='ocrx_word' id='word_1_718' title='bbox 1669 4649 1841 4719; x_wconf 82' lang='grc' dir='ltr'><strong>ἐπηγ-</strong></span> 
     </span>
    </p>
   </div>
   <div class='ocr_carea' id='block_1_94' title="bbox 271 4736 1841 4809">
    <p class='ocr_par' dir='ltr' id='par_1_94' title="bbox 271 4736 1841 4809">
     <span class='ocr_line' id='line_1_94' title="bbox 271 4736 1841 4809; baseline 0.002 -18"><span class='ocrx_word' id='word_1_719' title='bbox 271 4737 537 4809; x_wconf 66' lang='grc' dir='ltr'><strong>γελμένην</strong></span> <span class='ocrx_word' id='word_1_720' title='bbox 571 4754 654 4791; x_wconf 90' lang='grc' dir='ltr'><strong>σοι</strong></span> <span class='ocrx_word' id='word_1_721' title='bbox 685 4736 958 4807; x_wconf 83' lang='grc' dir='ltr'><strong>βασιλείαν</strong></span> <span class='ocrx_word' id='word_1_722' title='bbox 980 4737 1072 4791; x_wconf 83' lang='grc' dir='ltr'><strong>τοῦ</strong></span> <span class='ocrx_word' id='word_1_723' title='bbox 1105 4736 1261 4792; x_wconf 88' lang='grc' dir='ltr'><strong>Θεοῦ.</strong></span> <span class='ocrx_word' id='word_1_724' title='bbox 1305 4756 1325 4789; x_wconf 81' lang='grc' dir='ltr'><strong>ι</strong></span> <span class='ocrx_word' id='word_1_725' title='bbox 1366 4739 1476 4792; x_wconf 81' lang='grc' dir='ltr'><strong>Καὶ</strong></span> <span class='ocrx_word' id='word_1_726' title='bbox 1505 4737 1841 4808; x_wconf 72' lang='grc' dir='ltr'><strong>ἀνακαλύψει</strong></span> 
     </span>
    </p>
   </div>
   <div class='ocr_carea' id='block_1_95' title="bbox 270 4822 1840 4902">
    <p class='ocr_par' dir='ltr' id='par_1_95' title="bbox 270 4822 1840 4902">
     <span class='ocr_line' id='line_1_95' title="bbox 270 4822 1840 4902; baseline -0.006 -12"><span class='ocrx_word' id='word_1_727' title='bbox 270 4829 304 4900; x_wconf 74' lang='grc' dir='ltr'>ἡ</span> <span class='ocrx_word' id='word_1_728' title='bbox 329 4828 401 4899; x_wconf 77' lang='grc' dir='ltr'><strong>γῆ</strong></span> <span class='ocrx_word' id='word_1_729' title='bbox 428 4827 491 4883; x_wconf 80' lang='grc' dir='ltr'><strong>τὺ</strong></span> <span class='ocrx_word' id='word_1_730' title='bbox 522 4822 664 4900; x_wconf 77' lang='grc' dir='ltr'><strong>αἷμα</strong></span> <span class='ocrx_word' id='word_1_731' title='bbox 695 4829 882 4900; x_wconf 80' lang='grc' dir='ltr'><strong>αὐτῆς,</strong></span> <span class='ocrx_word' id='word_1_732' title='bbox 918 4829 1014 4882; x_wconf 81' lang='grc' dir='ltr'><strong>καὶ</strong></span> <span class='ocrx_word' id='word_1_733' title='bbox 1043 4829 1104 4884; x_wconf 87' lang='grc' dir='ltr'><strong>οὑ</strong></span> <span class='ocrx_word' id='word_1_734' title='bbox 1137 4829 1504 4898; x_wconf 78' lang='grc' dir='ltr'><strong>κατακαλύψει</strong></span> <span class='ocrx_word' id='word_1_735' title='bbox 1547 4832 1674 4894; x_wconf 80' lang='grc' dir='ltr'><strong>τοὺς</strong></span> <span class='ocrx_word' id='word_1_736' title='bbox 1706 4831 1840 4902; x_wconf 55' lang='lat' dir='ltr'><strong>avg-</strong></span> 
     </span>
    </p>
   </div>
   <div class='ocr_carea' id='block_1_96' title="bbox 273 4919 1840 4994">
    <p class='ocr_par' dir='ltr' id='par_1_96' title="bbox 273 4919 1840 4994">
     <span class='ocr_line' id='line_1_96' title="bbox 273 4919 1840 4994; baseline 0.003 -22"><span class='ocrx_word' id='word_1_737' title='bbox 273 4919 571 4993; x_wconf 78' lang='grc' dir='ltr'><strong>ρημένουςο</strong></span> <span class='ocrx_word' id='word_1_738' title='bbox 610 4939 630 4973; x_wconf 88' lang='grc' dir='ltr'><strong>ι</strong></span> <span class='ocrx_word' id='word_1_739' title='bbox 680 4921 756 4984; x_wconf 84' lang='grc' dir='ltr'><strong>ὡς</strong></span> <span class='ocrx_word' id='word_1_740' title='bbox 800 4919 1003 4991; x_wconf 79' lang='grc' dir='ltr'><strong>μηδένα</strong></span> <span class='ocrx_word' id='word_1_741' title='bbox 1045 4921 1228 4976; x_wconf 76' lang='grc' dir='ltr'><strong>λαθεῖν</strong></span> <span class='ocrx_word' id='word_1_742' title='bbox 1271 4921 1381 4975; x_wconf 84' lang='grc' dir='ltr'><strong>τῶν</strong></span> <span class='ocrx_word' id='word_1_743' title='bbox 1410 4921 1574 4975; x_wconf 82' lang='grc' dir='ltr'><strong>πάλαι</strong></span> <span class='ocrx_word' id='word_1_744' title='bbox 1605 4924 1666 4976; x_wconf 84' lang='grc' dir='ltr'><strong>ἐν</strong></span> <span class='ocrx_word' id='word_1_745' title='bbox 1699 4923 1840 4994; x_wconf 77' lang='grc' dir='ltr'><strong>αὐτῇ</strong></span> 
     </span>
    </p>
   </div>
   <div class='ocr_carea' id='block_1_97' title="bbox 269 5009 1843 5091">
    <p class='ocr_par' dir='ltr' id='par_1_97' title="bbox 269 5009 1843 5091">
     <span class='ocr_line' id='line_1_97' title="bbox 269 5009 1843 5091; baseline 0.003 -29"><span class='ocrx_word' id='word_1_746' title='bbox 269 5011 366 5074; x_wconf 80' lang='grc' dir='ltr'><strong>τὰς</strong></span> <span class='ocrx_word' id='word_1_747' title='bbox 395 5009 578 5082; x_wconf 81' lang='grc' dir='ltr'><strong>ψυχάς</strong></span> <span class='ocrx_word' id='word_1_748' title='bbox 609 5010 966 5083; x_wconf 78' lang='grc' dir='ltr'><strong>ἀνῃρημένων</strong></span> <span class='ocrx_word' id='word_1_749' title='bbox 985 5011 1072 5066; x_wconf 76' lang='grc' dir='ltr'><strong>διὰ</strong></span> <span class='ocrx_word' id='word_1_750' title='bbox 1095 5012 1209 5091; x_wconf 74' lang='grc' dir='ltr'><strong>τῶν</strong></span> <span class='ocrx_word' id='word_1_751' title='bbox 1237 5012 1374 5084; x_wconf 78' lang='grc' dir='ltr'><strong>πρὸς</strong></span> <span class='ocrx_word' id='word_1_752' title='bbox 1395 5011 1624 5066; x_wconf 82' lang='grc' dir='ltr'><strong>θάνατον</strong></span> <span class='ocrx_word' id='word_1_753' title='bbox 1662 5013 1843 5085; x_wconf 87' lang='grc' dir='ltr'><strong>ἀμαρ-</strong></span> 
     </span>
    </p>
   </div>
   <div class='ocr_carea' id='block_1_98' title="bbox 268 5101 1843 5178">
    <p class='ocr_par' dir='ltr' id='par_1_98' title="bbox 268 5101 1843 5178">
     <span class='ocr_line' id='line_1_98' title="bbox 268 5101 1843 5178; baseline 0.002 -23"><span class='ocrx_word' id='word_1_754' title='bbox 268 5103 526 5173; x_wconf 85' lang='grc' dir='ltr'><strong>τημάτων</strong></span> <span class='ocrx_word' id='word_1_755' title='bbox 544 5118 558 5132; x_wconf 80' lang='grc'><strong><em>⁸</em></strong></span> <span class='ocrx_word' id='word_1_756' title='bbox 588 5102 681 5156; x_wconf 72' lang='grc' dir='ltr'><strong>ἐπὶ</strong></span> <span class='ocrx_word' id='word_1_757' title='bbox 709 5101 884 5172; x_wconf 73' lang='grc' dir='ltr'><strong>τούτῳ</strong></span> <span class='ocrx_word' id='word_1_758' title='bbox 921 5102 1028 5175; x_wconf 84' lang='grc' dir='ltr'><strong>γάρ</strong></span> <span class='ocrx_word' id='word_1_759' title='bbox 1047 5105 1148 5176; x_wconf 82' lang='grc' dir='ltr'><strong>τὴν</strong></span> <span class='ocrx_word' id='word_1_760' title='bbox 1172 5105 1344 5178; x_wconf 81' lang='grc' dir='ltr'><strong>ὀργὴν</strong></span> <span class='ocrx_word' id='word_1_761' title='bbox 1375 5101 1597 5169; x_wconf 80' lang='grc' dir='ltr'><strong>ἐπάξειν</strong></span> <span class='ocrx_word' id='word_1_762' title='bbox 1629 5103 1843 5176; x_wconf 78' lang='grc' dir='ltr'><strong>εἴρηται</strong></span> 
     </span>
    </p>
   </div>
   <div class='ocr_carea' id='block_1_99' title="bbox 266 5191 1839 5266">
    <p class='ocr_par' dir='ltr' id='par_1_99' title="bbox 266 5191 1839 5266">
     <span class='ocr_line' id='line_1_99' title="bbox 266 5191 1839 5266; baseline 0.001 -19"><span class='ocrx_word' id='word_1_763' title='bbox 266 5193 296 5247; x_wconf 78' lang='grc' dir='ltr'><strong>ὁ</strong></span> <span class='ocrx_word' id='word_1_764' title='bbox 322 5191 474 5256; x_wconf 78' lang='grc' dir='ltr'><strong>Θεός’</strong></span> <span class='ocrx_word' id='word_1_765' title='bbox 499 5192 672 5264; x_wconf 81' lang='grc' dir='ltr'><strong>ὀργῆς</strong></span> <span class='ocrx_word' id='word_1_766' title='bbox 707 5191 940 5246; x_wconf 81' lang='grc' dir='ltr'><strong>ἐνταῦθα</strong></span> <span class='ocrx_word' id='word_1_767' title='bbox 961 5193 1364 5266; x_wconf 77' lang='grc' dir='ltr'><strong>ὀνομαζομένης</strong></span> <span class='ocrx_word' id='word_1_768' title='bbox 1391 5193 1500 5248; x_wconf 84' lang='grc' dir='ltr'><strong>τῶν</strong></span> <span class='ocrx_word' id='word_1_769' title='bbox 1531 5195 1650 5256; x_wconf 80' lang='grc' dir='ltr'><strong>ταῖς</strong></span> <span class='ocrx_word' id='word_1_770' title='bbox 1681 5191 1839 5248; x_wconf 79' lang='grc' dir='ltr'><strong>κολά-</strong></span> 
     </span>
    </p>
   </div>
   <div class='ocr_carea' id='block_1_100' title="bbox 1946 4547 3527 4622">
    <p class='ocr_par' dir='ltr' id='par_1_100' title="bbox 1946 4547 3527 4622">
     <span class='ocr_line' id='line_1_100' title="bbox 1946 4547 3527 4622; baseline -0.002 -17"><span class='ocrx_word' id='word_1_771' title='bbox 1946 4551 2149 4622; x_wconf 80' lang='lat' dir='ltr'><strong>januis,</strong></span> <span class='ocrx_word' id='word_1_772' title='bbox 2184 4561 2452 4620; x_wconf 88' lang='lat' dir='ltr'><strong>potestate</strong></span> <span class='ocrx_word' id='word_1_773' title='bbox 2473 4561 2530 4607; x_wconf 92' lang='lat' dir='ltr'><strong>et</strong></span> <span class='ocrx_word' id='word_1_774' title='bbox 2557 4551 2752 4607; x_wconf 80' lang='lat' dir='ltr'><strong>ﬁducia</strong></span> <span class='ocrx_word' id='word_1_775' title='bbox 2792 4549 2959 4604; x_wconf 88' lang='lat' dir='ltr'><strong>multa</strong></span> <span class='ocrx_word' id='word_1_776' title='bbox 2992 4548 3290 4604; x_wconf 89' lang='lat' dir='ltr'><strong>instructus</strong></span> <span class='ocrx_word' id='word_1_777' title='bbox 3329 4547 3527 4616; x_wconf 88' lang='lat' dir='ltr'><strong>prodi,</strong></span> 
     </span>
    </p>
   </div>
   <div class='ocr_carea' id='block_1_101' title="bbox 1953 4639 3527 4714">
    <p class='ocr_par' dir='ltr' id='par_1_101' title="bbox 1953 4639 3527 4714">
     <span class='ocr_line' id='line_1_101' title="bbox 1953 4639 3527 4714; baseline -0.003 -16"><span class='ocrx_word' id='word_1_778' title='bbox 1953 4657 2149 4698; x_wconf 77' lang='lat' dir='ltr'><strong>novum</strong></span> <span class='ocrx_word' id='word_1_779' title='bbox 2196 4642 2452 4699; x_wconf 63' lang='lat' dir='ltr'><strong>seculum</strong></span> <span class='ocrx_word' id='word_1_780' title='bbox 2482 4652 2877 4714; x_wconf 86' lang='lat' dir='ltr'><strong>conspecturus</strong></span> <span class='ocrx_word' id='word_1_781' title='bbox 2898 4683 2913 4706; x_wconf 91' lang='lat'><strong>,</strong></span> <span class='ocrx_word' id='word_1_782' title='bbox 2944 4654 3153 4696; x_wconf 92' lang='lat' dir='ltr'><strong>necnon</strong></span> <span class='ocrx_word' id='word_1_783' title='bbox 3195 4639 3527 4709; x_wconf 82' lang='lat' dir='ltr'><strong>promissum</strong></span> 
     </span>
    </p>
   </div>
   <div class='ocr_carea' id='block_1_102' title="bbox 1951 4733 3520 4803">
    <p class='ocr_par' dir='ltr' id='par_1_102' title="bbox 1951 4733 3520 4803">
     <span class='ocr_line' id='line_1_102' title="bbox 1951 4733 3520 4803; baseline -0.001 -15"><span class='ocrx_word' id='word_1_784' title='bbox 1951 4734 2047 4788; x_wconf 92' lang='lat' dir='ltr'><strong>tibi</strong></span> <span class='ocrx_word' id='word_1_785' title='bbox 2073 4749 2296 4803; x_wconf 80' lang='lat' dir='ltr'><strong>regnum</strong></span> <span class='ocrx_word' id='word_1_786' title='bbox 2348 4733 2465 4790; x_wconf 91' lang='lat' dir='ltr'><strong>Dei.</strong></span> <span class='ocrx_word' id='word_1_787' title='bbox 2511 4752 2530 4787; x_wconf 84' lang='grc' dir='ltr'><strong>ι</strong></span> <span class='ocrx_word' id='word_1_788' title='bbox 2582 4734 2650 4789; x_wconf 84' lang='lat' dir='ltr'><strong>Et</strong></span> <span class='ocrx_word' id='word_1_789' title='bbox 2701 4733 2964 4789; x_wconf 80' lang='lat' dir='ltr'><strong>revelabit</strong></span> <span class='ocrx_word' id='word_1_790' title='bbox 3017 4742 3160 4787; x_wconf 90' lang='lat' dir='ltr'><strong>terra</strong></span> <span class='ocrx_word' id='word_1_791' title='bbox 3202 4733 3520 4802; x_wconf 72' lang='lat' dir='ltr'><strong>sanguinem</strong></span> 
     </span>
    </p>
   </div>
   <div class='ocr_carea' id='block_1_103' title="bbox 1949 4824 3525 4890">
    <p class='ocr_par' dir='ltr' id='par_1_103' title="bbox 1949 4824 3525 4890">
     <span class='ocr_line' id='line_1_103' title="bbox 1949 4824 3525 4890; baseline -0.002 -9"><span class='ocrx_word' id='word_1_792' title='bbox 1949 4841 2131 4890; x_wconf 88' lang='lat' dir='ltr'><strong>suum,</strong></span> <span class='ocrx_word' id='word_1_793' title='bbox 2161 4835 2214 4882; x_wconf 82' lang='lat' dir='ltr'><strong>et</strong></span> <span class='ocrx_word' id='word_1_794' title='bbox 2246 4841 2350 4881; x_wconf 94' lang='lat' dir='ltr'><strong>non</strong></span> <span class='ocrx_word' id='word_1_795' title='bbox 2382 4826 2678 4883; x_wconf 78' lang='lat' dir='ltr'><strong>abscondet</strong></span> <span class='ocrx_word' id='word_1_796' title='bbox 2711 4825 3063 4888; x_wconf 83' lang='lat' dir='ltr'><strong>interiectos;</strong></span> <span class='ocrx_word' id='word_1_797' title='bbox 3101 4842 3121 4879; x_wconf 89' lang='grc' dir='ltr'><strong>ι</strong></span> <span class='ocrx_word' id='word_1_798' title='bbox 3156 4824 3228 4878; x_wconf 84' lang='lat' dir='ltr'><strong>ita</strong></span> <span class='ocrx_word' id='word_1_799' title='bbox 3263 4834 3325 4878; x_wconf 91' lang='lat' dir='ltr'><strong>ut</strong></span> <span class='ocrx_word' id='word_1_800' title='bbox 3364 4838 3525 4878; x_wconf 86' lang='lat' dir='ltr'><strong>nemo</strong></span> 
     </span>
    </p>
   </div>
   <div class='ocr_carea' id='block_1_104' title="bbox 1951 4915 3523 4988">
    <p class='ocr_par' dir='ltr' id='par_1_104' title="bbox 1951 4915 3523 4988">
     <span class='ocr_line' id='line_1_104' title="bbox 1951 4915 3523 4988; baseline 0.001 -17"><span class='ocrx_word' id='word_1_801' title='bbox 1951 4917 2118 4974; x_wconf 84' lang='lat' dir='ltr'><strong>lateat</strong></span> <span class='ocrx_word' id='word_1_802' title='bbox 2149 4934 2337 4974; x_wconf 88' lang='lat' dir='ltr'><strong>eorum</strong></span> <span class='ocrx_word' id='word_1_803' title='bbox 2368 4959 2382 4983; x_wconf 88' lang='lat'><strong>,</strong></span> <span class='ocrx_word' id='word_1_804' title='bbox 2417 4918 2504 4988; x_wconf 83' lang='lat' dir='ltr'><strong>qui</strong></span> <span class='ocrx_word' id='word_1_805' title='bbox 2526 4918 2653 4973; x_wconf 90' lang='lat' dir='ltr'><strong>olim</strong></span> <span class='ocrx_word' id='word_1_806' title='bbox 2681 4918 2732 4973; x_wconf 90' lang='lat' dir='ltr'><strong>in</strong></span> <span class='ocrx_word' id='word_1_807' title='bbox 2765 4933 2823 4974; x_wconf 89' lang='lat' dir='ltr'><strong>ea</strong></span> <span class='ocrx_word' id='word_1_808' title='bbox 2854 4917 3151 4973; x_wconf 87' lang='lat' dir='ltr'><strong>secundum</strong></span> <span class='ocrx_word' id='word_1_809' title='bbox 3180 4915 3417 4970; x_wconf 83' lang='lat' dir='ltr'><strong>animam</strong></span> <span class='ocrx_word' id='word_1_810' title='bbox 3453 4917 3523 4972; x_wconf 92' lang='lat' dir='ltr'><strong>ob</strong></span> 
     </span>
    </p>
   </div>
   <div class='ocr_carea' id='block_1_105' title="bbox 1951 5008 3524 5080">
    <p class='ocr_par' dir='ltr' id='par_1_105' title="bbox 1951 5008 3524 5080">
     <span class='ocr_line' id='line_1_105' title="bbox 1951 5008 3524 5080; baseline 0 -16"><span class='ocrx_word' id='word_1_811' title='bbox 1951 5019 2172 5080; x_wconf 74' lang='lat' dir='ltr'><strong>peccata</strong></span> <span class='ocrx_word' id='word_1_812' title='bbox 2215 5011 2282 5064; x_wconf 85' lang='lat' dir='ltr'><strong>ad</strong></span> <span class='ocrx_word' id='word_1_813' title='bbox 2334 5018 2565 5066; x_wconf 89' lang='lat' dir='ltr'><strong>mortem</strong></span> <span class='ocrx_word' id='word_1_814' title='bbox 2615 5009 2885 5064; x_wconf 83' lang='lat' dir='ltr'><strong>interfecti</strong></span> <span class='ocrx_word' id='word_1_815' title='bbox 2932 5008 3125 5063; x_wconf 79' lang='lat' dir='ltr'><strong>fuere:</strong></span> <span class='ocrx_word' id='word_1_816' title='bbox 3157 5008 3426 5063; x_wconf 85' lang='lat' dir='ltr'><strong>bacenim</strong></span> <span class='ocrx_word' id='word_1_817' title='bbox 3455 5010 3524 5064; x_wconf 90' lang='lat' dir='ltr'><strong>de</strong></span> 
     </span>
    </p>
   </div>
   <div class='ocr_carea' id='block_1_106' title="bbox 1949 5097 3524 5157">
    <p class='ocr_par' dir='ltr' id='par_1_106' title="bbox 1949 5097 3524 5157">
     <span class='ocr_line' id='line_1_106' title="bbox 1949 5097 3524 5157; baseline -0.003 0"><span class='ocrx_word' id='word_1_818' title='bbox 1949 5116 2110 5157; x_wconf 80' lang='lat' dir='ltr'><strong>causa</strong></span> <span class='ocrx_word' id='word_1_819' title='bbox 2144 5102 2277 5156; x_wconf 84' lang='lat' dir='ltr'><strong>iram</strong></span> <span class='ocrx_word' id='word_1_820' title='bbox 2313 5100 2630 5157; x_wconf 88' lang='lat' dir='ltr'><strong>inducturus</strong></span> <span class='ocrx_word' id='word_1_821' title='bbox 2658 5115 2811 5155; x_wconf 86' lang='lat' dir='ltr'><strong>suam</strong></span> <span class='ocrx_word' id='word_1_822' title='bbox 2863 5099 3002 5153; x_wconf 90' lang='lat' dir='ltr'><strong>Deus</strong></span> <span class='ocrx_word' id='word_1_823' title='bbox 3033 5099 3255 5152; x_wconf 88' lang='lat' dir='ltr'><strong>dicitur.</strong></span> <span class='ocrx_word' id='word_1_824' title='bbox 3291 5097 3389 5153; x_wconf 89' lang='lat' dir='ltr'><strong>llic</strong></span> <span class='ocrx_word' id='word_1_825' title='bbox 3420 5100 3524 5153; x_wconf 81' lang='lat' dir='ltr'><strong>sci-</strong></span> 
     </span>
    </p>
   </div>
   <div class='ocr_carea' id='block_1_107' title="bbox 1949 5185 3522 5260">
    <p class='ocr_par' dir='ltr' id='par_1_107' title="bbox 1949 5185 3522 5260">
     <span class='ocr_line' id='line_1_107' title="bbox 1949 5185 3522 5260; baseline -0.003 -13"><span class='ocrx_word' id='word_1_826' title='bbox 1949 5193 2078 5249; x_wconf 90' lang='lat' dir='ltr'><strong>licet</strong></span> <span class='ocrx_word' id='word_1_827' title='bbox 2111 5194 2188 5245; x_wconf 86' lang='lat' dir='ltr'><strong>ira</strong></span> <span class='ocrx_word' id='word_1_828' title='bbox 2234 5202 2496 5246; x_wconf 78' lang='lat' dir='ltr'><strong>vocantur</strong></span> <span class='ocrx_word' id='word_1_829' title='bbox 2543 5190 2722 5260; x_wconf 75' lang='lat' dir='ltr'><strong>angeli</strong></span> <span class='ocrx_word' id='word_1_830' title='bbox 2772 5187 3066 5244; x_wconf 72' lang='lat' dir='ltr'><strong>inferendae</strong></span> <span class='ocrx_word' id='word_1_831' title='bbox 3119 5185 3311 5243; x_wconf 87' lang='lat' dir='ltr'><strong>ultioni</strong></span> <span class='ocrx_word' id='word_1_832' title='bbox 3361 5189 3522 5243; x_wconf 89' lang='lat' dir='ltr'><strong>mini-</strong></span> 
     </span>
    </p>
   </div>
   <div class='ocr_carea' id='block_1_108' title="bbox 267 5278 1852 5357">
    <p class='ocr_par' dir='ltr' id='par_1_108' title="bbox 267 5281 1839 5357">
     <span class='ocr_line' id='line_1_108' title="bbox 267 5281 1839 5357; baseline -0.001 -20"><span class='ocrx_word' id='word_1_833' title='bbox 267 5300 382 5337; x_wconf 82' lang='grc' dir='ltr'><strong>σεσι</strong></span> <span class='ocrx_word' id='word_1_834' title='bbox 411 5281 844 5354; x_wconf 71' lang='grc' dir='ltr'><strong>διακονουμένων</strong></span> <span class='ocrx_word' id='word_1_835' title='bbox 866 5283 1129 5352; x_wconf 75' lang='grc' dir='ltr'><strong>ἀγγέλων.</strong></span> <span class='ocrx_word' id='word_1_836' title='bbox 1151 5283 1263 5357; x_wconf 78' lang='grc'>(50)</span> <span class='ocrx_word' id='word_1_837' title='bbox 1283 5285 1445 5356; x_wconf 81' lang='grc' dir='ltr'><strong>Δηλοῖ</strong></span> <span class='ocrx_word' id='word_1_838' title='bbox 1462 5285 1519 5340; x_wconf 77' lang='grc' dir='ltr'><strong>δὲ</strong></span> <span class='ocrx_word' id='word_1_839' title='bbox 1531 5284 1618 5339; x_wconf 79' lang='grc' dir='ltr'><strong>διὰ</strong></span> <span class='ocrx_word' id='word_1_840' title='bbox 1637 5283 1839 5338; x_wconf 87' lang='grc' dir='ltr'><strong>τούτων</strong></span> 
     </span>
    </p>
   </div>
   <div class='ocr_carea' id='block_1_109' title="bbox 1953 5278 3523 5357">
    <p class='ocr_par' dir='ltr' id='par_1_109' title="bbox 1953 5278 3523 5352">
     <span class='ocr_line' id='line_1_109' title="bbox 1953 5278 3523 5352; baseline -0.003 -13"><span class='ocrx_word' id='word_1_841' title='bbox 1953 5291 2209 5339; x_wconf 77' lang='lat' dir='ltr'><strong>strantes.</strong></span> <span class='ocrx_word' id='word_1_842' title='bbox 2261 5281 2356 5338; x_wconf 80' lang='lat' dir='ltr'><strong>liis</strong></span> <span class='ocrx_word' id='word_1_843' title='bbox 2386 5295 2550 5352; x_wconf 90' lang='lat' dir='ltr'><strong>porro</strong></span> <span class='ocrx_word' id='word_1_844' title='bbox 2611 5279 2879 5350; x_wconf 74' lang='lat' dir='ltr'><strong>signiﬁcat</strong></span> <span class='ocrx_word' id='word_1_845' title='bbox 2935 5287 3248 5337; x_wconf 76' lang='lat' dir='ltr'><strong>sanctomm</strong></span> <span class='ocrx_word' id='word_1_846' title='bbox 3283 5278 3378 5335; x_wconf 87' lang='lat' dir='ltr'><strong>Dei</strong></span> <span class='ocrx_word' id='word_1_847' title='bbox 3427 5294 3523 5335; x_wconf 84' lang='lat' dir='ltr'><strong>ne-</strong></span> 
     </span>
    </p>
   </div>
   <div class='ocr_carea' id='block_1_110' title="bbox 265 5371 1838 5447">
    <p class='ocr_par' dir='ltr' id='par_1_110' title="bbox 265 5371 1838 5447">
     <span class='ocr_line' id='line_1_110' title="bbox 265 5371 1838 5447; baseline 0.001 -20"><span class='ocrx_word' id='word_1_848' title='bbox 265 5373 364 5443; x_wconf 72' lang='grc' dir='ltr'><strong>τὴν</strong></span> <span class='ocrx_word' id='word_1_849' title='bbox 392 5373 503 5426; x_wconf 84' lang='grc' dir='ltr'><strong>τῶν</strong></span> <span class='ocrx_word' id='word_1_850' title='bbox 549 5373 723 5441; x_wconf 80' lang='grc' dir='ltr'><strong>ἀγίων</strong></span> <span class='ocrx_word' id='word_1_851' title='bbox 752 5371 847 5426; x_wconf 88' lang='grc' dir='ltr'><strong>τοῦ</strong></span> <span class='ocrx_word' id='word_1_852' title='bbox 871 5373 1005 5428; x_wconf 86' lang='grc' dir='ltr'><strong>Θεοῦ</strong></span> <span class='ocrx_word' id='word_1_853' title='bbox 1035 5375 1311 5447; x_wconf 87' lang='grc' dir='ltr'><strong>ἀναίρεσιν</strong></span> <span class='ocrx_word' id='word_1_854' title='bbox 1341 5375 1432 5428; x_wconf 70' lang='grc' dir='ltr'><strong>καὶ</strong></span> <span class='ocrx_word' id='word_1_855' title='bbox 1455 5373 1524 5429; x_wconf 81' lang='grc' dir='ltr'><strong>τὰ</strong></span> <span class='ocrx_word' id='word_1_856' title='bbox 1554 5373 1662 5426; x_wconf 86' lang='grc' dir='ltr'><strong>τῶν</strong></span> <span class='ocrx_word' id='word_1_857' title='bbox 1699 5392 1838 5446; x_wconf 83' lang='grc' dir='ltr'><strong>μαρ-</strong></span> 
     </span>
    </p>
   </div>
   <div class='ocr_carea' id='block_1_111' title="bbox 1945 5371 3523 5445">
    <p class='ocr_par' dir='ltr' id='par_1_111' title="bbox 1945 5371 3523 5445">
     <span class='ocr_line' id='line_1_111' title="bbox 1945 5371 3523 5445; baseline -0.001 -15"><span class='ocrx_word' id='word_1_858' title='bbox 1945 5390 2104 5439; x_wconf 89' lang='lat' dir='ltr'><strong>cem,</strong></span> <span class='ocrx_word' id='word_1_859' title='bbox 2162 5383 2217 5428; x_wconf 88' lang='lat' dir='ltr'><strong>et</strong></span> <span class='ocrx_word' id='word_1_860' title='bbox 2277 5383 2577 5445; x_wconf 84' lang='lat' dir='ltr'><strong>martyrum</strong></span> <span class='ocrx_word' id='word_1_861' title='bbox 2632 5372 2947 5442; x_wconf 75' lang='lat' dir='ltr'><strong>sanguinem</strong></span> <span class='ocrx_word' id='word_1_862' title='bbox 2987 5413 3002 5437; x_wconf 92' lang='lat'><strong>,</strong></span> <span class='ocrx_word' id='word_1_863' title='bbox 3059 5371 3127 5427; x_wconf 87' lang='lat' dir='ltr'><strong>de</strong></span> <span class='ocrx_word' id='word_1_864' title='bbox 3161 5373 3360 5443; x_wconf 83' lang='lat' dir='ltr'><strong>quibus</strong></span> <span class='ocrx_word' id='word_1_865' title='bbox 3407 5371 3523 5428; x_wconf 69' lang='lat' dir='ltr'><strong>iure</strong></span> 
     </span>
    </p>
   </div>
   <div class='ocr_carea' id='block_1_112' title="bbox 267 5455 1852 5539">
    <p class='ocr_par' dir='ltr' id='par_1_112' title="bbox 267 5455 1836 5538">
     <span class='ocr_line' id='line_1_112' title="bbox 267 5455 1836 5538; baseline 0.001 -22"><span class='ocrx_word' id='word_1_866' title='bbox 267 5461 444 5534; x_wconf 85' lang='grc' dir='ltr'><strong>τύρων</strong></span> <span class='ocrx_word' id='word_1_867' title='bbox 475 5462 708 5534; x_wconf 71' lang='grc' dir='ltr'><strong>αἵματα,</strong></span> <span class='ocrx_word' id='word_1_868' title='bbox 739 5462 867 5534; x_wconf 79' lang='grc' dir='ltr'><strong>περὶ</strong></span> <span class='ocrx_word' id='word_1_869' title='bbox 897 5455 972 5517; x_wconf 81' lang='grc' dir='ltr'><strong>ὧν</strong></span> <span class='ocrx_word' id='word_1_870' title='bbox 1001 5464 1094 5519; x_wconf 79' lang='grc' dir='ltr'><strong>καὶ</strong></span> <span class='ocrx_word' id='word_1_871' title='bbox 1116 5466 1358 5538; x_wconf 84' lang='grc' dir='ltr'><strong>Μωῦσῆς</strong></span> <span class='ocrx_word' id='word_1_872' title='bbox 1388 5467 1446 5520; x_wconf 77' lang='grc' dir='ltr'><strong>ἐν</strong></span> <span class='ocrx_word' id='word_1_873' title='bbox 1482 5465 1688 5538; x_wconf 79' lang='grc' dir='ltr'><strong>μεγάλῃ</strong></span> <span class='ocrx_word' id='word_1_874' title='bbox 1727 5466 1836 5538; x_wconf 76' lang='grc' dir='ltr'><strong>ᾠδῇ</strong></span> 
     </span>
    </p>
   </div>
   <div class='ocr_carea' id='block_1_113' title="bbox 1953 5455 3521 5539">
    <p class='ocr_par' dir='ltr' id='par_1_113' title="bbox 1953 5463 3521 5539">
     <span class='ocr_line' id='line_1_113' title="bbox 1953 5463 3521 5539; baseline -0.001 -17"><span class='ocrx_word' id='word_1_875' title='bbox 1953 5468 2000 5522; x_wconf 82' lang='grc' dir='ltr'><strong>ἱιι</strong></span> <span class='ocrx_word' id='word_1_876' title='bbox 2041 5482 2236 5539; x_wconf 80' lang='lat' dir='ltr'><strong>magno</strong></span> <span class='ocrx_word' id='word_1_877' title='bbox 2283 5469 2494 5524; x_wconf 87' lang='lat' dir='ltr'><strong>cantico</strong></span> <span class='ocrx_word' id='word_1_878' title='bbox 2551 5465 2740 5520; x_wconf 89' lang='lat' dir='ltr'><strong>scribit</strong></span> <span class='ocrx_word' id='word_1_879' title='bbox 2809 5463 3066 5536; x_wconf 73' lang='lat' dir='ltr'><strong>Moyses,</strong></span> <span class='ocrx_word' id='word_1_880' title='bbox 3123 5483 3145 5517; x_wconf 82' lang='grc' dir='ltr'><strong>ε</strong></span> <span class='ocrx_word' id='word_1_881' title='bbox 3207 5464 3344 5532; x_wconf 87' lang='lat' dir='ltr'><strong>Quia</strong></span> <span class='ocrx_word' id='word_1_882' title='bbox 3401 5479 3521 5521; x_wconf 79' lang='lat' dir='ltr'><strong>san-</strong></span> 
     </span>
    </p>
   </div>
   <div class='ocr_carea' id='block_1_114' title="bbox 268 5550 1842 5629">
    <p class='ocr_par' dir='ltr' id='par_1_114' title="bbox 268 5550 1842 5629">
     <span class='ocr_line' id='line_1_114' title="bbox 268 5550 1842 5629; baseline 0.001 -19"><span class='ocrx_word' id='word_1_883' title='bbox 268 5554 490 5627; x_wconf 58' lang='grc' dir='ltr'><strong>γράφων</strong></span> <span class='ocrx_word' id='word_1_884' title='bbox 520 5553 700 5622; x_wconf 73' lang='grc' dir='ltr'><strong>ἔλεγε·</strong></span> <span class='ocrx_word' id='word_1_885' title='bbox 734 5572 754 5605; x_wconf 79' lang='grc' dir='ltr'><strong>ι</strong></span> <span class='ocrx_word' id='word_1_886' title='bbox 795 5555 915 5610; x_wconf 83' lang='grc' dir='ltr'><strong>Ὅτι</strong></span> <span class='ocrx_word' id='word_1_887' title='bbox 942 5555 1005 5611; x_wconf 78' lang='grc' dir='ltr'><strong>τὸ</strong></span> <span class='ocrx_word' id='word_1_888' title='bbox 1032 5550 1168 5629; x_wconf 70' lang='grc' dir='ltr'><strong>αἷμα</strong></span> <span class='ocrx_word' id='word_1_889' title='bbox 1199 5557 1307 5614; x_wconf 83' lang='grc' dir='ltr'><strong>τῶν</strong></span> <span class='ocrx_word' id='word_1_890' title='bbox 1343 5557 1472 5614; x_wconf 83' lang='grc' dir='ltr'><strong>υίῶν</strong></span> <span class='ocrx_word' id='word_1_891' title='bbox 1513 5556 1677 5613; x_wconf 81' lang='grc' dir='ltr'><strong>αὐτοῦ</strong></span> <span class='ocrx_word' id='word_1_892' title='bbox 1701 5556 1842 5613; x_wconf 71' lang='grc' dir='ltr'><strong>ἐκδι-</strong></span> 
     </span>
    </p>
   </div>
   <div class='ocr_carea' id='block_1_115' title="bbox 337 5725 1026 5790">
    <p class='ocr_par' dir='ltr' id='par_1_115' title="bbox 337 5725 1026 5790">
     <span class='ocr_line' id='line_1_115' title="bbox 337 5725 1026 5790; baseline 0.006 -8"><span class='ocrx_word' id='word_1_893' title='bbox 337 5725 450 5790; x_wconf 78' lang='lat'><strong>(30)</strong></span> <span class='ocrx_word' id='word_1_894' title='bbox 485 5727 622 5783; x_wconf 74' lang='lat' dir='ltr'><strong>llaec</strong></span> <span class='ocrx_word' id='word_1_895' title='bbox 649 5725 1026 5789; x_wconf 68' lang='lat' dir='ltr'><strong>Hieronymus.</strong></span> 
     </span>
    </p>
   </div>
   <div class='ocr_carea' id='block_1_116' title="bbox 1949 5557 3520 5634">
    <p class='ocr_par' dir='ltr' id='par_1_116' title="bbox 1949 5557 3520 5634">
     <span class='ocr_line' id='line_1_116' title="bbox 1949 5557 3520 5634; baseline -0.003 -14"><span class='ocrx_word' id='word_1_896' title='bbox 1949 5561 2166 5634; x_wconf 66' lang='lat' dir='ltr'><strong>guinem</strong></span> <span class='ocrx_word' id='word_1_897' title='bbox 2214 5561 2447 5619; x_wconf 88' lang='lat' dir='ltr'><strong>liliorum</strong></span> <span class='ocrx_word' id='word_1_898' title='bbox 2477 5573 2690 5618; x_wconf 75' lang='lat' dir='ltr'><strong>suorum</strong></span> <span class='ocrx_word' id='word_1_899' title='bbox 2751 5557 3042 5617; x_wconf 86' lang='lat' dir='ltr'><strong>niciscetur</strong></span> <span class='ocrx_word' id='word_1_900' title='bbox 3075 5569 3131 5615; x_wconf 90' lang='lat' dir='ltr'><strong>et</strong></span> <span class='ocrx_word' id='word_1_901' title='bbox 3183 5559 3520 5626; x_wconf 77' lang='lat' dir='ltr'><strong>vindicabit,</strong></span> 
     </span>
    </p>
   </div>
  </div>
