4100 6410
623 434 730 491 279

1277 422 1546 483 EUSEBII
1578 405 2041 483 ωωιειιειε
2071 411 2221 470 OPP.
2259 409 2439 469 ΡΔιιε
2474 409 2562 466 fil.
2600 436 2670 450 -—-
2704 401 3117 465 EXEGETICA.

3706 395 3813 453 280

626 564 681 608 et
703 549 954 606 ultionem
980 543 1237 602 retribuet
1261 540 1494 598 inimicis
1515 578 1535 605 ,
1568 534 1945 610 audientibus
1982 548 2042 589 se
2078 548 2164 587 re-

2274 533 2459 592 ιιιῐται,
2498 528 2593 583 καὶ
2638 526 2925 597 ικδικήσει,
2968 523 3057 579 καὶ
3102 517 3465 575 ἀνταποδώσει
3506 517 3660 591 δίκην
3706 519 3817 583 τοῖς

632 641 826 697 tribuet
853 640 919 692 ι’,

1161 723 1386 781 CAPUT
1418 718 1629 777 XXVII.

699 822 859 877 Vens.
898 822 952 876 l.
982 838 1002 873 ι
1041 819 1095 874 ιιι
1128 818 1213 871 die
1240 816 1325 870 illa
1376 815 1592 868 inducet
1619 813 1757 867 Deus
1784 810 2017 881 gladium
2047 824 2177 883 σεισ-⁴

628 925 801 979 ctum,
830 926 1076 982 magnum
1103 917 1156 964 et
1180 907 1409 961 validum
1439 919 1601 975 super
1623 905 1928 969 draconem,
1961 916 2176 969 serpen-

627 1023 734 1066 tem
780 1010 1068 1079 fugientem
1094 1043 1110 1067 ,
1148 1017 1310 1069 super
1336 1001 1625 1055 draconem
1652 1004 1949 1066 serpentem
1977 1003 2175 1047 tortuo-

625 1117 767 1165 sum,
795 1111 850 1154 et
874 1099 1083 1155 occidet
1114 1097 1427 1149 draconem.
1460 1092 1619 1161 Virga
1650 1090 1827 1159 itaque
1876 1085 1996 1149 Dei,
2027 1091 2170 1137 recta

625 1208 748 1249 cum
774 1193 864 1257 sit,
890 1202 940 1244 et
969 1188 1306 1259 castigatioui
1338 1194 1485 1253 apta,
1519 1182 1806 1237 secundum
1843 1176 1992 1241 illud,
2015 1194 2033 1227 ι
2058 1172 2174 1228 Vir-

626 1297 690 1351 ge
720 1278 1070 1342 rectitudinis,
1101 1278 1245 1347 virga
1273 1275 1418 1344 regni
1447 1274 1522 1327 tui
1555 1273 1630 1337 “,
1664 1290 1683 1323 ι
1722 1271 1786 1325 iis
1809 1272 1899 1338 qui
1929 1269 1981 1321 in
2016 1265 2174 1321 rebus

627 1370 889 1427 medelam
926 1368 1330 1423 admittentibus
1360 1372 1651 1435 peccarunt
1672 1404 1687 1430 ,
1715 1370 1962 1417 servatur
1987 1360 2053 1411 ad
2091 1357 2173 1423 ip-

629 1476 808 1518 sorum
847 1460 1272 1529 castigationem,
1297 1456 1727 1512 emendationem
1756 1463 1812 1508 et
1855 1452 1920 1506 ad
1966 1449 2171 1503 utilita-

626 1562 733 1608 tem
764 1552 992 1621 prolata.
1030 1549 1127 1616 Qui
1172 1560 1348 1603 autem
1400 1547 1531 1603 nihil
1568 1540 1769 1602 rec'ﬂtm
1794 1585 1809 1611 ,
1853 1554 2174 1611 mquumque

626 1643 761 1699 nihil
794 1642 974 1707 habet,
1015 1641 1105 1695 sed
1151 1640 1367 1693 omnino
1402 1637 1636 1693 deflexus
1659 1648 1713 1692 et
1748 1646 2019 1691 tortuosus
2048 1642 2128 1687 est
2153 1674 2168 1697 ,

629 1751 696 1791 ac
726 1746 940 1804 pectore
971 1742 1255 1795 ventreqne
1284 1730 1431 1785 humi
1466 1740 1676 1796 reptat,
1703 1728 2047 1793 omniumque
2082 1738 2173 1791 pe—

629 1828 787 1880 dibus
835 1826 902 1880 ad
942 1822 1429 1892 supplantationem
1477 1831 1533 1876 et
1562 1820 1917 1888 dejectionem
1950 1816 2171 1870 insidias

2267 619 2497 691 ιχθροϊς,
2530 619 2625 672 καὶ
2658 618 2769 680 τοῖς
2795 612 3039 686 μισοῦσιν
3066 609 3448 666 ἀνταποδώσει.
3482 628 3501 661 ι

2752 714 3138 773 κεοΑΑΑιυΝ
3170 715 3297 767 KZ'.

2341 834 2361 868 ι
2408 815 2496 870 Ἐν
2519 815 2587 884 τῇ
2611 812 2792 882 ἡμέρα
2816 807 2995 877 ἐκείνη
3019 806 3206 872 ἑπάξει
3229 808 3258 859 ό
3280 802 3410 867 Θεὸς
3432 800 3527 873 τὴν
3549 798 3821 871 μάχαιραν

2266 907 2363 978 τὴν
2388 904 2566 973 ἁγίαν,
2598 904 2695 971 τὴν
2723 900 2961 971 μεγάλην
2984 898 3078 951 καὶ
3091 894 3187 963 τὴν
3211 894 3432 965 ἰσχυρὰν
3464 892 3556 945 ἐπὶ
3581 890 3671 942 τὸν
3693 887 3821 960 δρά-

2268 1011 2449 1059 κοντα,
2474 994 2564 1047 τὸν
2586 992 2705 1062 δριν
2728 990 3012 1060 φεύγοντα,
3041 988 3132 1040 ἐπὶ
3152 986 3242 1039 τὸν
3263 986 3527 1057 δράκοντα
3544 982 3664 1049 δίξιν
3693 996 3821 1033 σκο-

2269 1085 2401 1149 λιὺν,
2435 1085 2529 1138 καὶ
2554 1082 2731 1136 ἀνελεῖ
2751 1082 2839 1135 τὸν
2865 1080 3147 1152 δράκοντα.
3180 1097 3198 1128 ι
3227 1076 3290 1129 Ἦ
3318 1075 3415 1146 μὲν
3445 1068 3535 1127 οῦν
3567 1071 3662 1125 τοῦ
3683 1068 3821 1124 Θεοῦ

2270 1174 2484 1247 ῥάϐδος,
2535 1172 2718 1227 εὐθεῖά
2756 1188 2838 1235 τις
2876 1180 3008 1224 οζισα
3046 1168 3139 1223 καὶ
3179 1164 3513 1235 παιδευτικὴ,
3558 1160 3697 1216 κατὰ
3735 1159 3820 1223 τὸ,

2275 1282 2294 1315 ι
2318 1264 2534 1326 Ῥάὸδος
2558 1262 2846 1331 εὐθύτητος
2865 1264 2899 1331 ἡ
2924 1258 3113 1331 ῥάϐδος
3123 1258 3219 1327 τῆς
3238 1254 3509 1326 βασιλείας
3530 1251 3642 1306 σοῦ·
3669 1271 3691 1301 ι
3710 1252 3826 1313 τοῖς

2274 1355 2463 1421 ίάσιμα
2479 1351 2815 1423 ἡμαρτηκόσι
2829 1356 3119 1420 τετήρηται
3135 1347 3213 1409 είς
3239 1343 3513 1397 παίδευσιν
3535 1339 3713 1395 αὐτῶν
3731 1339 3827 1394 καὶ

2271 1442 2548 1513 βελτίωσιν
2569 1442 2661 1492 καὶ
2678 1439 2852 1509 ψυχῆς
2870 1437 3128 1505 ὠφέλειαν
3145 1435 3542 1505 προσαγομένη·
3562 1434 3590 1485 ό
3607 1430 3664 1483 δὲ
3688 1426 3827 1500 μηδὲ

2269 1534 2424 1605 ὀρθὸν
2450 1534 2582 1604 μηδὲ
2610 1532 2735 1585 εὐθὺ
2763 1525 3239 1599 κεκτημένος,ὅλος
3264 1523 3319 1577 δὲ
3345 1522 3517 1576 διόλου
3540 1518 3822 1590 καμπύλος

2271 1629 2363 1680 καὶ
2386 1626 2611 1687 σκολιὸς,
2633 1622 2803 1694 χαμαί
2818 1639 2875 1675 τε
2892 1621 2983 1675 ἐπὶ
2999 1620 3061 1673 τὸ
3085 1618 3274 1688 στῆθος
3292 1618 3385 1669 καὶ
3400 1615 3601 1668 κοιλίαν
3616 1614 3821 1685 ἕρπων,

2269 1717 2567 1788 ἐφεδρεύων
2596 1733 2653 1768 τε
2683 1719 2792 1778 τοῖς
2832 1714 3045 1766 πάντων
3074 1711 3226 1764 ποσὶν
3256 1710 3347 1761 επὶ
3373 1708 3435 1759 τὸ
3452 1702 3712 1770 σικελίζειν
3735 1701 3828 1757 καὶ

2269 1808 2619 1863 καταϐάλλειν
2651 1806 2863 1867 αὐτοὺς,
2902 1801 3037 1873 μετά
3088 1801 3291 1862 πάντας
3341 1799 3466 1859 τοὺς
3508 1793 3723 1858 ἀσεῦείς
3760 1796 3829 1865 τῇ

628 1915 865 1978 molitur,
915 1924 1035 1983 post
1067 1914 1257 1981 impios
1286 1926 1475 1966 omnes
1495 1950 1513 1975 ,
1542 1912 1714 1979 gravi,
1741 1924 1934 1977 magno
1960 1907 2168 1960 valido-

2274 1900 2484 1970 σκληρᾷ
2515 1899 2607 1951 καὶ
2643 1894 2851 1966 μεγάλῃ
2883 1894 2970 1947 καλ
3028 1892 3220 1963 ισχυρᾲ
3244 1888 3484 1960 μαχαίρᾳ
3524 1884 3829 1983 παραδοθή-

626 2019 733 2074 que
768 2004 944 2074 gladio
971 2004 1230 2066 tradetur,
1265 2017 1423 2071 quem
1457 2002 1555 2070 ipsi
1584 2002 1683 2055 soli
1716 2015 1937 2070 magnus
1974 1999 2060 2052 ille
2089 1996 2175 2052 Ju-

627 2098 729 2151 dex
758 2096 1085 2150 reconditum
1111 2106 1157 2149 ct
1191 2105 1431 2165 paratum
1464 2095 1674 2148 habuit.
1706 2093 1952 2149 Gladium
1981 2093 2066 2147 hic
2090 2107 2177 2147 νοο

629 2198 715 2243 cat
746 2188 963 2242 ultionis
999 2186 1244 2242 cﬂ'ectnm
1279 2205 1294 2240 :
1326 2200 1482 2255 quem
1535 2187 1659 2240 item
1706 2194 1951 2239 sanctum
2003 2184 2171 2247 dicit,

630 2295 747 2334 cum
777 2288 835 2333 ut
866 2280 1129 2332 minarum
1157 2286 1415 2333 terrorem
1461 2277 1625 2332 leniat
1648 2318 1664 2342 ,
1690 2287 1800 2331 tttm
1834 2284 1892 2330 ut
1931 2276 2178 2330 ostendat

630 2385 721 2426 eos
762 2372 852 2440 qui
895 2370 1154 2440 supplicio
1188 2368 1514 2434 afllcientur,
1558 2385 1665 2424 non
1714 2369 1776 2422 ad
1812 2368 2032 2422 exitium
2063 2380 2177 2419 ver-

629 2467 816 2521 tendos
840 2501 860 2531 ,
892 2465 983 2517 sed
1018 2462 1423 2531 castigationem
1455 2462 1581 2529 ipsis
1613 2460 1913 2516 sanctitatis
1948 2472 2172 2513 causam

631 2556 865 2611 futuram
890 2570 1026 2610 esse.
1052 2556 1118 2607 At
1145 2555 1286 2607 enim
1323 2554 1462 2607 Deus
1486 2553 1613 2606 dum
1643 2554 1892 2622 castigat,
1923 2565 2026 2603 non
2051 2564 2174 2618 per-

633 2646 785 2708 dere,
821 2645 913 2699 sed
937 2660 1029 2698 cos
1055 2644 1143 2712 qui
1171 2653 1554 2698 convertuntur
1578 2644 1862 2698 emendare
1887 2652 1943 2697 et
1976 2640 2173 2697 sancti-

632 2734 793 2790 ﬂcare
810 2744 1071 2804 peruptat.

702 2823 863 2879 Vens.
901 2826 1021 2879 2-4.
1068 2844 1085 2875 ι
1113 2824 1169 2878 ln
1211 2823 1299 2879 illa
1334 2823 1419 2878 die
1454 2823 1607 2877 vinea
1659 2820 1882 2891 pulchra
1917 2818 2171 2877 :deside-

632 2917 767 2970 rium
820 2915 1044 2970 canendi
1077 2923 1261 2969 contra
1313 2914 1478 2969 illam.
1534 2914 1646 2985 Ego
1694 2913 1886 2967 civitas
1943 2906 2169 2975 munita,

631 3007 820 3062 civitas
865 3008 1105 3069 obsessa,
1162 3004 1358 3063 frustra
1407 3013 1586 3072 potum
1630 3004 1768 3057 dabo
1795 3002 1868 3055 illi
1897 3020 1909 3055 :
1935 3001 2172 3067 capietur

629 3098 774 3150 enim
801 3107 981 3157 noctu,
1010 3096 1094 3149 die
1130 3104 1307 3149 autem
1340 3095 1495 3148 cadet
1540 3107 1727 3147 murus
1758 3094 1893 3161 ejus.
1936 3090 2049 3143 Non
2090 3095 2173 3142 cst

632 3201 751 3255 qum
777 3200 877 3238 non
913 3185 1327 3254 apprehenderit
1359 3198 1496 3237 eam.
1530 3183 1658 3249 Quis
1688 3194 1845 3253 ponet
1876 3198 1959 3237 me
1987 3190 2171 3237 custo-

2276 2006 2443 2052 σεται,
2480 1989 2547 2059 ἠν
2574 1985 2720 2057 αὐτῷ
2746 1987 2889 2057 μόνῳ
2929 1988 2959 2038 ό
3003 1984 3171 2054 μέγας
3215 1981 3404 2053 κριτὴς
3456 1976 3828 2049 ἐταμιεύσατο.

2273 2082 2561 2150 Μάχαιραν
2602 2078 2834 2133 ἐνταῦθα
2871 2077 3017 2145 λέγει
3048 2076 3147 2146 τὴν
3186 2074 3460 2144 ἐνέργειαν
3509 2071 3609 2139 τῆς
3651 2069 3829 2137 δίκης·

2274 2173 2408 2227 ἀλλὰ
2436 2175 2527 2226 καὶ
2558 2172 2718 2240 ἁγίαν
2749 2170 2919 2233 καλεῖ,
2953 2166 3086 2238 ὁμοῦ
3130 2166 3225 2236 μὲν
3258 2161 3742 2233 παραμυθούμενος
3770 2157 3831 2213 τὸ

2274 2264 2497 2335 φοϐερὸν
2535 2264 2631 2333 τῆς
2663 2261 2911 2329 ἀπειλῆς,
2944 2257 3078 2329 ὁμοῦ
3111 2257 3169 2309 δὲ
3199 2256 3292 2308 καὶ
3326 2254 3559 2315 δεικνὺς.
3607 2252 3685 2314 ὡς
3729 2249 3831 2304 ούκ

2274 2358 2353 2419 είς
2382 2355 2652 2409 ἀπώλειαν
2683 2351 3140 2422 καταστρέψωσιν
3162 2350 3209 2400 oi
3234 2345 3647 2418 τιμωρούμενοι’
3671 2344 3811 2410 ἀγιω

2275 2448 2436 2516 σύνης
2457 2463 2516 2499 τε
2545 2446 2723 2507 αὐτοῖς
2745 2446 2914 2498 αἴτιον
2944 2443 3090 2495 ἔσται
3120 2437 3453 2510 μετανοοῦσι.
3477 2436 3585 2489 Καὶ
3603 2434 3711 2505 γὰρ
3729 2433 3831 2486 οὐκ

2273 2539 2527 2592 ἀπολέσαι
2569 2536 2815 2606 βούλεται
2857 2536 2886 2586 ὁ
2934 2532 3065 2596 Θεὸς
3104 2530 3389 2593 παιδεύων,
3436 2526 3571 2581 ἀλλά
3595 2525 3831 2597 καθᾶραι

2273 2632 2366 2685 καὶ
2395 2629 2613 2699 ἁγιάσαι
2641 2626 3087 2698 ἐπιστρέψαντας.

2344 2827 2363 2860 ι
2407 2808 2485 2879 Τῇ
2532 2808 2708 2878 ἡμέρᾳ
2757 2807 2937 2876 ἐκείνῃ
2984 2802 3240 2874 ἁμπελὼν
3280 2800 3461 2863 καλὸς,
3511 2799 3831 2869 ἐπιθύμημα

2273 2900 2519 2971 ἐξάρχειν
2554 2900 2671 2951 κατ’
2706 2897 2892 2966 αὐτῆς.
2942 2894 3082 2963 Ἐγὼ
3130 2893 3280 2955 πόλις
3320 2892 3512 2962 ὀχυρὰ,
3560 2892 3709 2954 πόλις
3741 2906 3831 2942 ποο

2271 2991 2645 3064 λιορκουμένη,
2709 2990 2881 3060 μάτην
2929 2986 3094 3039 ποτιῶ
3149 2986 3379 3055 abripi“
3419 2981 3677 3036 ἁλώσεται
3721 2982 3832 3054 γὰρ

2272 3084 2481 3144 νυκτὸς,
2532 3082 2741 3152 ἡμέρας
2780 3079 2836 3132 δὲ
2876 3080 3113 3131 πεσεῖται
3153 3076 3215 3129 τὴ
3259 3078 3435 3144 τεῖχος
3484 3074 3667 3143 αύτῆς.
3717 3073 3832 3125 Οὐκ

2276 3174 2419 3226 ἐστιν
2461 3174 2494 3243 ἢ
2527 3172 2625 3224 οὐκ
2654 3169 2943 3223 ὲπελάῦετο
2974 3166 3164 3236 αὐτῆς.
3199 3164 3293 3228 Τίς
3336 3181 3403 3234 με
3442 3164 3595 3234 Θήσει
3627 3161 3832 3231 φυλάσ-

632 3280 751 3329 dem
783 3275 943 3329 culmi
981 3274 1226 3343 inagro?
1266 3284 1486 3342 propter
1517 3275 1787 3345 inimicam
1820 3274 1964 3341 haue.
2004 3271 2172 3341 repuli

2277 3282 2388 3318 σειν
2426 3234 2671 3333 καλάμην
2716 3263 2771 3314 ἐν
2813 3258 2999 3331 ἀγρῷ;
3047 3234 3133 3311 διά
3179 3256 3275 3327 τὴν
3323 3255 3583 3325 πολεμίαν
3627 3254 3832 3325 ταύτην

632 3382 770 3421 eam.
798 3364 919 3418 Ideo
949 3364 1073 3417 fecit
1105 3366 1358 3419 Dominus
1379 3366 1556 3419 omnia
1580 3379 1697 3433 qute
1715 3366 1993 3433 disposuit.
2018 3363 2177 3418 Cont-

632 3458 787 3509 busta
811 3471 948 3508 sunt.
986 3474 1003 3506 ι
1060 3454 1182 3509 ll:rc
1227 3471 1385 3524 put'ro
1418 3466 1500 3509 est
1549 3457 1675 3509 dieti
1703 3457 1965 3511 sententia
1993 3472 2006 3508 :
2036 3456 2172 3511 Num

634 3547 827 3600 malum
856 3562 951 3614 pro
990 3546 1133 3600 malo
1155 3546 1399 3613 gentibus
1441 3546 1821 3613 reddiderunt,
1859 3549 1949 3615 qui
1984 3562 2172 3615 pacem

637 3638 742 3692 illis
802 3638 1195 3704 prmdicabant?
1273 3636 1333 3689 lli
1385 3638 1526 3691 enim
1584 3638 2002 3705 iusetptehanlur
2059 3654 2171 3703 eos,

634 3728 813 3796 plagis
843 3728 1002 3780 etiam
1035 3727 1263 3790 additis;
1312 3727 1383 3779 illi
1430 3741 1556 3780 vero
1605 3726 1966 3796 pulcherrima
2024 3728 2173 3796 ipsis.

633 3832 824 3887 pacem
888 3817 1094 3871 scilicet
1150 3818 1555 3871 annuntiahant.
1620 3815 1756 3871 Num
1817 3818 1977 3887 igitur
2025 3820 2172 3887 paria

632 3909 969 3977 patiebantur
997 3908 1220 3977 gentiles
1250 3908 1345 3970 illi,
1387 3909 1509 3961 dum
1538 3910 1685 3977 pacis
1712 3924 1985 3977 prmcones
2035 3910 2175 3979 inju-

637 3999 733 4051 riis
787 3997 1094 4050 allleerent?
1141 3996 1506 4049 Vetherabant
1563 3998 1727 4059 enim,
1788 4013 1885 4051 nec
1940 3999 2173 4052 vicissim

634 4089 956 4157 VnptlllllMlll
980 4104 993 4150 ;
1015 4089 1327 4141 occidebant
1354 4103 1455 4141 nec
1478 4089 1862 4142 occidebantur
1890 4104 1905 4143 :
1939 4103 2179 4157 pugnan-

637 4191 719 4232 tes
747 4189 923 4232 autem
957 4188 1009 4231 et
1030 4179 1313 4247 uppt‘oht'iu
1342 4178 1649 4241 inferentes,
1680 4180 1824 4244 ipsos
1855 4181 2177 4234 divexzibant

636 4278 794 4333 atque
824 4266 1126 4333 pellebant:
1179 4267 1251 4319 illi
1301 4282 1428 4319 vero
1482 4283 1586 4320 non
1644 4279 1933 4333 cessantes,
1993 4285 2175 4339 pacem

636 4357 767 4424 ipsis
798 4367 849 4410 et
884 4358 1019 4409 bona
1042 4357 1380 4409 nuntiabant.
1412 4355 1585 4422 Quare
1613 4358 1787 4410 subdit
1819 4374 1831 4407 :

2270 3357 2509 3427 ὴθέτηκα
2569 3356 2752 3424 αὑτήν.
2799 3353 2987 3405 Τοίνυν
3028 3351 3115 3404 διὰ
3160 3349 3318 3403 τοῦτο
3359 3349 3580 3417 ἐποίησε
3627 3344 3831 3419 Κύριος

2271 3448 2444 3501 πάντα
2464 3448 2562 3499 ὅσα
2593 3444 2864 3510 συνέταξε.
2893 3442 3341 3511 Κατακέκαυμαι.
3375 3460 3393 3491 ι
3432 3440 3489 3493 '0
3509 3438 3565 3492 δὲ
3586 3435 3710 3501 νοῦς
3734 3435 3831 3491 τοῦ

2269 3538 2425 3606 λόγου
2460 3536 2695 3599 τοιοῦτός
2728 3537 2876 3587 ἐστι·
2912 3536 3001 3604 Μή
3035 3550 3087 3586 τι
3130 3533 3297 3586 κακὸν
3355 3531 3477 3584 ἀντὶ
3514 3528 3685 3586 κακοῦ
3716 3530 3833 3591 τοῖς

2273 3626 2476 3679 εθνεσιν
2515 3624 2827 3678 ἀπεδίδοσαν
2872 3626 2920 3676 οἱ
2966 3623 3324 3693 κηρύττοντες
3364 3620 3546 3684 αὐτοῖς
3577 3618 3832 3690 smmi};

2272 3718 2337 3770 Oi
2373 3716 2468 3786 μὲν
2499 3715 2604 3784 γὰρ
2634 3715 2851 3767 ἐδίωκον
2893 3714 3088 3775 αὐτοὺς
3134 3714 3228 3765 καὶ
3266 3710 3479 3782 πληγὰς
3513 3707 3791 3771 ἐπιθέντες
3815 3722 3832 3737 ο

2272 3806 2322 3859 ei
2353 3807 2409 3859 δὲ
2435 3806 2502 3858 τά
2529 3805 2785 3857 κάλλιστα
2818 3806 2999 3867 αὐτοῖς
3021 3806 3118 3874 τὴν
3145 3805 3365 3873 εἰρήνην
3398 3801 3826 3875 εὐηγγελίζοντο.

2274 3899 2415 3968 Μήτι
2461 3895 2552 3950 οῦν
2598 3898 2666 3948 τὰ
2706 3896 2795 3949 ἶσα
2842 3896 3074 3966 ἔπασχον
3106 3897 3154 3948 οί
3200 3896 3259 3958 ἐξ
3308 3886 3495 3957 ἐθνῶν,
3530 3892 3834 3957 ἀδικοῦντες

2274 3990 2398 4051 τοὺς
2437 3988 2535 4058 τῆς
2567 3990 2788 4057 εἰρήνης
2830 3989 3107 4057 κήρυκας;
3142 3987 3408 4038 Ἐτυπτον
3441 3985 3569 4055 γὰρ,
3610 3985 3705 4038 καὶ
3734 3986 3833 4037 ούκ

2275 4080 2677 4141 άντετύπτοντο,
2700 4081 2791 4131 καὶ
2829 4077 3077 4149 ἀνῄρουν,
3123 4075 3235 4130 ἀλλ’
3269 4077 3369 4129 οὐκ
3412 4075 3837 4148 ἀντανῃροῦντο··

2277 4170 2369 4221 κα)⁸
2416 4170 2705 4240 μαχόμενοι
2749 4169 2805 4221 δὲ
2850 4161 2941 4221 καίι
2976 4167 3339 4231 ὀνειδίζοντες,
3378 4167 3595 4221 ἐδίωκον
3638 4167 3833 4228 αὐτοὺς

2278 4263 2371 4313 καὶ
2413 4260 2821 4327 ὲξαπέστελλον·
2850 4262 2895 4312 οἱ
2935 4260 2989 4313 δὲ
3027 4261 3126 4313 οὐκ
3157 4262 3461 4331 ἀνεχώρουν
3500 4258 3591 4312 τοῦ
3630 4260 3725 4330 τὴν
3754 4260 3833 4311 εί-

2214 4414 2215 4417 ,
2280 4354 2445 4424 ρήνην
2485 4354 2576 4405 καὶ
2605 4352 2698 4405 τοῦ
2731 4352 2798 4404 τά
2829 4352 3007 4419 ἀγαθὰ
3034 4354 3213 4414 aurei;
3246 4348 3709 4419 εὐαγγελίζεσθαι.
3745 4350 3833 4405 Διὸ

2280 4443 2538 4510 ἐπιλέγει·

706 4538 864 4591 Vens.
906 4536 1018 4590 5-8.
1066 4556 1083 4588 ι
1104 4535 1421 4590 Clamabunt
1452 4536 1781 4589 habitatores
1810 4537 1922 4604 ejus
1950 4555 1962 4591 :
1993 4536 2174 4590 Facia-

2354 4552 2371 4583 ι
2411 4535 2696 4604 Βοήσονται
2740 4536 2782 4587 oi
2832 4534 3160 4597 ἐνοικοῦντες
3206 4535 3262 4588 ὲν
3312 4536 3472 4604 αὐτῇ·
3523 4534 3833 4605 ποιήσωμεν

610 4644 753 4690 ,ωιιει
784 4643 967 4694 pacem
1000 4643 1118 4681 cum
1151 4642 1235 4690 eo,
1270 4628 1529 4680 faciamus
1572 4641 1754 4692 pacem
1792 4643 1804 4678 :
1835 4628 1923 4693 qui
1958 4629 2176 4680 veniunt

634 4721 727 4772 lilii
756 4719 920 4772 .laeob
964 4720 1353 4785 germinabunt,
1404 4729 1458 4773 et
1494 4716 1702 4773 ﬂorebit
1734 4719 1893 4773 Israel
1926 4737 1939 4772 :
1969 4728 2023 4772 et
2074 4722 2174 4773 into

636 4810 867 4875 pleltitttt'
899 4818 1038 4860 terra
1073 4808 1246 4862 fructu
1278 4810 1410 4875 ejus.
1456 4809 1589 4862 Num
1632 4810 1770 4862 sicut
1814 4811 1925 4878 ipse
1953 4824 2177 4876 percus-

636 4901 726 4963 sit,
783 4909 833 4951 et
889 4901 999 4965 ipse
1052 4900 1298 4952 similiter
1355 4901 1717 4967 perculictut‘?
1771 4909 1823 4953 et
1868 4902 2007 4953 sicut
2065 4901 2178 4967 ipse

636 4992 853 5050 occidit,
882 4991 949 5042 ita
976 4990 1279 5043 occidetur?
1304 4989 1551 5061 Pugnans
1575 5003 1630 5044 et
1664 4990 1992 5056 exprobrans
2020 4991 2181 5044 emit-

638 5089 711 5133 tet
740 5094 852 5131 eos.
885 5078 1067 5130 Nonne
1092 5091 1141 5129 tu
1172 5095 1314 5141 eras,
1344 5081 1433 5146 qui
1467 5081 1811 5133 meditabaris
1830 5081 2023 5149 spiritu
2044 5080 2177 5134 duro

638 5167 939 5220 interficere
968 5181 1057 5219 eos
1088 5170 1272 5235 spiritu
1313 5168 1553 5223 furoris?
1579 5188 1594 5218 ι
1636 5168 1757 5223 Ilzec
1804 5172 1947 5223 enim
2002 5170 2175 5224 medio

635 5259 880 5311 tabautnr
921 5260 989 5323 illi
1042 5273 1104 5313 ex
1146 5261 1388 5328 gentibus
1433 5260 1692 5323 infideles,
1730 5261 1955 5328 «spiritu
1994 5263 2126 5313 duro
2153 5279 2173 5312 ι

636 5359 818 5401 centra
878 5350 1141 5417 apostolos
1182 5350 1378 5404 Christi
1435 5352 1714 5419 occupati,
1748 5352 1982 5421 nihilque
2030 5352 2175 5406 aliud

638 5444 951 5506 cogitantes,
983 5458 1138 5507 quam
1175 5443 1435 5511 quomodo
1472 5444 1658 5498 eodem
1686 5445 1872 5512 spiritu
1901 5446 2176 5500 interfice-

640 5541 753 5583 rent
777 5546 888 5585 eos.
918 5531 1023 5585 Sed
1051 5534 1300 5599 quoniam
1353 5535 1603 5588 mrmnnis
1642 5534 1941 5603 huiusmodi
1992 5536 2173 5591 aifeeti

641 5619 735 5684 illi,
782 5638 799 5671 ι
824 5636 886 5674 ex
915 5620 1079 5677 Jacob
1122 5626 1505 5694 germinantes,
1558 5632 1609 5680 et
1648 5639 1713 5679 ex
1752 5624 1914 5682 Israel
1958 5625 2174 5682 cillere-

702 5797 741 5825 "
775 5798 1099 5855 Οευωιιχιι,
1139 5799 1223 5851 ιδ.
1302 5802 1343 5831 ’⁸
1374 5801 1507 5854 Psal.
1538 5815 1677 5863 των,
1704 5800 1752 5853 7.

2281 4626 2498 4696 εἰρήνην
2534 4625 2701 4695 αὐτῷ,
2736 4626 3045 4695 ποιήσωμεν
3076 4626 3320 4695 εἰρήνην·
3357 4626 3404 4677 οἱ
3436 4626 3716 4695 ἐρχόμενοι
3752 4626 3832 4678 τέ·

2281 4733 2384 4768 κνα
2431 4715 2621 4768 Ἰακὼϐ
2658 4716 2969 4786 βλαστήσει,
3014 4718 3108 4768 καὶ
3137 4716 3415 4787 ὲξανθήσει
3471 4717 3702 4787 Ἰσραὴλ,
3742 4718 3831 4771 καὶ

2281 4806 2713 4876 ὲμπλησθήσεται
2758 4810 2791 4877 ἡ
2825 4808 3109 4877 οἰκουμένη
3142 4803 3231 4859 τοῦ
3275 4808 3485 4877 καρποῦ
3526 4807 3709 4861 αὑτοῦ.
3746 4788 3834 4882 litt;

2284 4897 2357 4959 ὡς
2387 4898 2544 4960 αὐτὸς
2569 4896 2822 4961 ἐπάταξε,
2849 4899 2940 4950 καὶ
2960 4898 3119 4961 αὐτὸς
3144 4898 3311 4961 οῦτως
3337 4899 3667 4969 πληγήσεται
3686 4917 3699 4931 ο
3742 4904 3834 4955 καὶ

2284 4988 2357 5049 ὠς
2388 4988 2547 5050 αὐτὸς
2577 4988 2801 5051 ἀνεῖλεν,
2843 4986 3011 5051 οὕτως
3040 4989 3481 5064 ἀναιρεθήσεται;
3515 4992 3834 5063 Μαχόμενος

2286 5079 2376 5129 καὶ
2402 5077 2670 5143 ὀνειδίζων
2696 5078 3039 5142 ὲξαποστελεῑ
3062 5081 3273 5145 αὐτούς.
3304 5085 3377 5136 υύ
3410 5084 3472 5134 σὺ
3508 5078 3647 5153 ἦσθα
3680 5083 3835 5152 μελε-

2284 5167 2390 5219 τῶν
2431 5170 2507 5239 τῷ
2535 5169 2801 5239 πνεύματι
2825 5171 2900 5240 τῷ
2943 5170 3176 5241 σκληρῷ,
3202 5173 3409 5225 ἀνελεῖν
3444 5174 3637 5236 αὐτοὺς
3673 5175 3836 5225 πνεύ-

2287 5273 2411 5327 ματι
2458 5259 2661 5329 θυμοῦ;
2709 5278 2727 5310 ι
2778 5260 2958 5313 Ταῦτα
3010 5260 3116 5332 γὰρ
3155 5261 3418 5330 ἐμελέτων
3463 5262 3512 5314 oi
3557 5259 3616 5324 ἐξ
3666 5258 3837 5311 ὲονῶν

2282 5351 2493 5404 ἄπιστοι
2534 5351 2673 5404 κατά
2708 5351 2815 5403 τῶν
2860 5352 3163 5405 ἀποστόλων
3203 5352 3297 5405 τοῦ
3335 5351 3571 5423 Χριστοῦ
3618 5371 3636 5402 ι
3678 5352 3839 5405 πνεύ-

2287 5458 2411 5511 ματι
2446 5443 2662 5515 σκληρῷ
2693 5462 2711 5493 ι
2762 5443 3127 5512 κατεχόμενοι,
3171 5446 3263 5497 καὶ
3304 5445 3453 5497 οὐδὲν
3494 5444 3676 5513 ἕτερον
3722 5445 3839 5497 δια-

2282 5534 2575 5607 νοούμενοι,
2628 5536 2660 5606 ἢ
2698 5536 2842 5601 ὅπως
2890 5537 3147 5591 ἀνέλωσιν
3202 5540 3396 5602 αὐτοὺς
3436 5538 3512 5609 τῷ
3557 5541 3613 5591 ἐν
3655 5540 3838 5603 αύτοξ

2284 5628 2567 5700 πνεύματι.
2611 5628 2746 5682 Ἀλλ’
2795 5630 2974 5701 ἐπειδὴ
3015 5629 3234 5685 τοιαῦτα
3262 5632 3557 5701 πάσχοντες
3579 5634 3625 5684 oi
3655 5634 3719 5685 ὲκ
3740 5631 3834 5686 τοῦ
