4100 6440
660 422 765 477 εδδ

1359 409 1621 467 EUSEBII
1659 406 2132 464 CESARIENSIS
2168 406 2318 461 OPP.
2359 404 2536 458 PARS
2573 402 2661 457 IlI.
2698 431 2771 449 -η
2804 396 3221 455 EXEGETICA.

3777 392 3883 446 εει

662 533 1023 597 miserebitur.
1050 533 1137 603 qui
1167 528 1441 595 feciteos,
1470 538 1527 583 et
1560 529 1649 598 qui
1686 526 1938 583 formavit
1972 543 2067 584 eos
2109 543 2213 582 non

2315 525 2629 595 οἰκτειρήσῃ
2672 525 2699 576 6
2731 522 2961 590 ποιήσας
2987 520 3203 581 αὐτοὺς,
3227 516 3348 569 οὐδε
3379 517 3408 568 6
3440 514 3647 577 πλάσας
3685 512 3882 574 αὐτοὺς

660 626 1021 681 miserebitur.
1048 622 1067 677 ὁ
1102 625 1195 679 Ilis
1213 622 1504 692 significari
1535 620 1767 674 arbitror
1788 619 1986 673 bellum
2012 619 2212 675 Judais

659 717 713 772 In
737 715 1142 770 Ροιςοςιὶηοιιυιιι
1168 724 1348 786 gente,
1365 721 1486 783 post
1501 713 1704 769 editum
1728 722 1921 767 contra
1942 711 2213 768 Christum

657 807 890 870 facinus,
919 807 1143 859 illatum.

730 894 895 949 Vens.
940 896 1023 950 12.
1070 913 1089 945 ι
1117 894 1182 947 Et
1215 894 1322 948 erit
1349 893 1404 948 in
1442 892 1529 948 die
1552 894 1675 958 illa,
1700 892 1984 949 concludet
2011 893 2150 949 Deus
2181 908 2213 948 a

661 983 804 1038 fossa
833 983 1087 1049 ﬂuminis,
1110 998 1282 1051 usque
1306 983 1373 1037 ad
1397 982 1848 1038 Rhinocoruram.
1882 980 1992 1038 Vos
2033 993 2212 1038 autem

659 1083 983 1144 congregate
1008 1074 1284 1143 sigillatim
1329 1072 1468 1128 [Ilios
1514 1073 1694 1127 Israel.
1724 1092 1743 1126 ι
1777 1072 1873 1127 Est
1916 1074 2018 1129 hoc
2062 1074 2214 1144 oppi-

657 1163 783 1218 tIllnI
819 1165 883 1217 ad
926 1174 1163 1220 montem
1222 1165 1365 1219 inter
1414 1163 1705 1233 Egyptum
1753 1174 1809 1218 et
1868 1163 2211 1225 Palastinam

657 1258 838 1309 situm.
863 1255 1204 1326 Quapropter
1240 1256 1532 1311 secundum
1580 1256 1817 1327 reliquos
1859 1256 2211 1327 interpretes,

662 1362 684 1396 ε
719 1344 859 1398 intra
926 1354 1223 1398 torrentem
1280 1342 1577 1414 Egypti,»
1632 1345 1838 1399 dictum
1886 1353 1992 1399 est.
2047 1343 2211 1412 Qneis

656 1434 1058 1499 subinilicatur,L
1090 1442 1148 1488 ut
1187 1432 1308 1504 .jam
1337 1434 1469 1498 dixi,
1505 1434 1723 1490 bellum
1760 1432 1962 1491 Judais
2006 1435 2061 1492 in
2106 1433 2211 1491 Pa-

664 1524 993 1579 tastinorum
1024 1534 1181 1596 gente
1208 1524 1420 1596 positis,
1453 1523 1814 1581 inferendum.

728 1612 889 1673 Vsus.
932 1616 1019 1670 13.
1062 1634 1083 1669 ι
1112 1616 1177 1670 Ει
1218 1614 1327 1671 erit
1385 1615 1440 1670 in
1489 1616 1578 1671 die
1607 1616 1730 1680 illa,
1780 1616 2032 1685 clangent
2082 1615 2209 1672 tuba

2315 617 2376 669 ού
2415 617 2489 687 μὴ
2525 615 2736 687 ἐλεήσῃ.
2779 633 2797 665 ι
2848 606 3015 682 Οἶμαι
3045 609 3101 661 δὲ
3140 608 3226 661 διὰ
3262 606 3466 660 τούτων
3521 609 3879 674 σημαινεσθαι

2314 708 2407 760 τὸν
2434 706 2727 760 ἐπελθόντα
2764 707 2874 767 τοῖς
2922 701 3187 764 Ἰουδαίοις
3231 699 3463 771 πόλεμον
3500 707 3640 751 κατά
3668 696 3731 748 τὸ
3768 695 3883 749 Παν-

2313 798 2599 852 λαιστίνων
2628 795 2797 859 ἔθνος,
2832 794 2968 865 μετὰ
2991 793 3089 863 τὴν
3122 792 3263 845 κατὰ
3286 789 3520 862 Χριστοῦ
3546 787 3770 858 τόλμαν.

2390 910 2408 941 ι
2443 891 2555 943 Καὶ
2580 888 2731 941 ἔσται
2758 888 2814 940 tv
2840 888 2904 956 τῇ
2926 883 3108 955 ἡμέρᾳ
3133 882 3337 955 ἐκείνῃ,
3369 878 3671 952 συμφράξει
3698 876 3884 943 όΘεδς

2313 981 2422 1034 ἀπὸ
2452 980 2553 1050 τῆς
2582 978 2845 1049 διώρυγος
2876 975 2969 1029 τοῦ
3016 972 3258 1045 ποταμοῦ
3292 973 3397 1037 ιως
3436 970 3879 1042 Ῥινοκορούρων.

2322 1069 2511 1140 Ὑμεῖς
2534 1068 2591 1121 δὲ
2612 1066 2944 1134 συναγάγετε
2973 1065 3111 1118 κατά
3140 1064 3235 1117 ινα
3266 1064 3392 1127 τοὺς
3411 1063 3560 1126 υἱοὺς
3592 1059 3822 1132 Ἰσραήλ.
3855 1076 3878 1112 s

2313 1160 2474 1223 Πόλις
2499 1160 2555 1211 δὲ
2586 1158 2721 1228 αῦτη
2768 1159 2915 1211 ἐστὶν
2945 1158 3087 1227 ἀμφὶ
3115 1153 3209 1208 τοῦ
3235 1153 3395 1227 ὅρους
3418 1152 3514 1206 τοῦ
3542 1150 3741 1224 μεταξὺ
3778 1149 3884 1220 τῆς

2312 1249 2587 1319 Αἰγύπτου
2634 1249 2726 1302 καὶ
2772 1247 2872 1318 τῆς
2913 1243 3273 1314 Παλαιστίνης
3310 1242 3558 1314 κειμένη.
3598 1240 3690 1295 Διὸ
3735 1238 3883 1293 κατὰ

2312 1342 2437 1405 τοὺς
2480 1341 2695 1403 λοιποὺς
2735 1335 3091 1410 ἑρμηνευτάς,
3137 1354 3157 1387 s
3193 1333 3420 1397 ισωτοῦ
3456 1332 3754 1405 χειμάρρου
3786 1330 3886 1383 AI-

2311 1431 2539 1499 γύπτου,
2575 1448 2594 1482 ι
2624 1428 2877 1501 εἴρηταιτ
2901 1425 3293 1498 αίνιττομίνου,
3322 1424 3399 1488 ὡς
3422 1422 3578 1496 ῑφην,
3602 1421 3697 1477 τοῦ
3718 1421 3883 1491 λόγου

2310 1523 2403 1576 τὸν
2439 1520 2798 1592 γενησόμενον
2826 1516 2967 1573 κατά
3018 1514 3282 1571 Ἰουδαίων
3315 1514 3549 1586 πόλεμον
3577 1513 3636 1566 tv
3666 1510 3745 1583 τῷ
3769 1510 3887 1565 Πο-

2313 1608 2597 1664 λαιστίνων
2637 1607 2798 1663 ῑθνει.
2838 1626 2858 1660 ι
2904 1606 3017 1660 Καὶ
3057 1606 3209 1659 ἔσται
3248 1605 3306 1658 tv
3336 1605 3403 1675 τῇ
3445 1604 3630 1676 ἡμέρᾳ
3672 1602 3883 1674 tactum

657 1719 871 1775 magna,
896 1714 951 1761 et
982 1706 1199 1761 venient
1224 1707 1314 1777 qui
1342 1707 1614 1777 perierant
1639 1707 1693 1762 in
1720 1707 1942 1778 regione
1966 1708 2213 1780 Assyrio-

2315 1696 2604 1752 σαλπιοῦσι
2627 1699 2695 1770 τῇ
2748 1696 3006 1765 σάλπιγγι
3049 1699 3118 1768 τῇ
3166 1693 3398 1767 μεγάλῃ,
3440 1693 3536 1747 καὶ
3572 1692 3792 1763 ἥξουσιν
3828 1692 3884 1747 σί

653 1811 800 1860 rum,
847 1806 902 1851 et
942 1798 1034 1866 qui
1065 1798 1344 1866 perierant
1388 1798 1442 1852 in
1490 1796 1722 1869 Egypto
1757 1812 1773 1851 :
1803 1808 1859 1853 et
1905 1799 2211 1854 adorabunt

2315 1791 2635 1862 ἀπολόμενοι
2678 1790 2736 1842 tv
2766 1789 2833 1859 τῇ
2868 1786 3023 1860 χώρᾳ
3047 1786 3158 1841 τῶν
3208 1784 3509 1859 ’Δσσυρίων
3541 1785 3635 1839 καὶ
3666 1786 3716 1838 oi
3746 1785 3886 1839 dao-

656 1885 937 1942 Dominum
981 1902 1143 1957 super
1176 1896 1412 1943 montem
1466 1899 1713 1943 sanctum
1744 1889 1796 1943 iu
1828 1887 2148 1944 Jerusalem.
2184 1907 2203 1941 ι

2315 1882 2523 1954 λόμενοι
2556 1884 2616 1935 tv
2658 1878 2936 1950 Αἰγύπτῳ·
2984 1879 3080 1933 καὶ
3112 1879 3545 1950 προσκυνήσουσι
3571 1875 3651 1947 τῷ
3691 1876 3887 1948 Κυρίῳ

658 1976 1028 2046 Expetendum
1051 1980 1198 2034 enim
1238 1987 1342 2044 est,
1374 1989 1430 2033 ut
1457 1978 1540 2034 vel
1567 1995 1703 2035 unus
1730 1994 1944 2044 eorum,
1974 1980 2055 2036 vel
2080 1981 2203 2044 duo,

2315 1973 2412 2026 επὶ
2433 1972 2495 2026 τὸ
2534 1972 2659 2044 δρος
2683 1971 2746 2024 τδ
2785 1970 2938 2039 ἅγιον
2972 1970 3031 2024 tv
3085 1969 3456 2042 Ἰερουσαλήμ.
3496 1987 3516 2021 s
3578 1967 3889 2040 ’Δγαπητδν

656 2065 739 2118 vel
767 2065 970 2136 aliquot
1002 2081 1170 2137 parvo
1201 2082 1426 2122 numero
1459 2084 1555 2138 per
1600 2068 1838 2140 singulas
1880 2071 2073 2137 urbes,
2117 2080 2210 2125 aut

2315 2062 2422 2133 γὰρ
2442 2062 2505 2115 τὸ
2535 2060 2640 2113 κᾶν
2675 2060 2791 2124 ινα,
2821 2059 2856 2129 ἢ
2889 2059 2982 2113 καὶ
3002 2059 3271 2129 δεύτερον,
3302 2057 3393 2111 καί
3415 2073 3566 2120 τινας
3591 2056 3889 2130 εὐαριθμή-

652 2170 756 2224 per
788 2156 1027 2227 singulas
1046 2168 1232 2228 gentes
1259 2158 1490 2214 salutem
1536 2159 1835 2215 obtineant.
1877 2159 1988 2217 Ilus
2029 2162 2213 2230 itaque

2315 2169 2437 2216 τους
2459 2150 2519 2219 ἐξ
2542 2149 2721 2205 αὐτῶν
2746 2150 2867 2205 καθ’
2897 2152 3131 2221 εκάστην
3153 2150 3305 2205 πόλιν
3327 2149 3360 2222 ἢ
3382 2149 3478 2203 καὶ
3503 2148 3627 2203 καθ’
3651 2148 3889 2204 tum

655 2248 931 2316 sigillatim
967 2260 1290 2321 congregato
1323 2267 1339 2307 :
1372 2252 1593 2323 reliquis
1632 2268 1759 2309 vero
1798 2255 2050 2322 gentibus
2088 2256 2213 2311 tuba

2315 2245 2463 2309 ἔθνος
2493 2243 2780 2311 σώζεσθαι.
2811 2243 3045 2308 Τούτους
3078 2244 3176 2315 μὶν
3213 2239 3309 2297 οὖν
3352 2242 3493 2296 κατά
3523 2242 3620 2296 ινα
3651 2242 3890 2313 συναγά-

659 2350 1048 2408 magnacanet,
1078 2356 1141 2396 ac
1155 2357 1279 2398 cum
1303 2342 1541 2400 clamore
1564 2346 1839 2416 loquetur,
1868 2346 2213 2402 audientibus

2315 2352 2466 2406 γετε’
2501 2340 2615 2400 τοῖς
2644 2336 2701 2389 6t
2738 2334 2944 2400 λοιποῖς
2984 2335 3162 2390 ἔθνεσι
3203 2334 3462 2405 σάλπιγγι
3492 2334 3742 2389 σαλπίσει
3791 2350 3889 2405 με-

653 2430 925 2486 universis
951 2432 1278 2488 hominibus.
1325 2432 1705 2505 Egyptiorum
1735 2436 1952 2492 nomine
1980 2435 2207 2493 idolola-

2315 2428 2473 2499 γάλῃ,
2512 2427 2607 2481 τοῦ
2639 2426 2796 2498 λόγου
2835 2426 3067 2498 βοῶντος
3107 2428 3188 2491 είς
3227 2424 3549 2491 ιξάκουστον
3580 2426 3748 2480 πᾶσιν
3790 2426 3891 2479 ἀν-

656 2532 771 2576 tras
805 2536 996 2578 omnes
1041 2524 1275 2591 indicat;
1309 2539 1404 2593 per
1451 2528 1699 2597 Assyrios
1744 2538 1957 2592 autem.
2000 2528 2213 2586 lsraelis

2315 2519 2570 2591 θρώποις.
2616 2521 2881 2593 Σημαίνει
2923 2519 2980 2573 δὲ
3007 2519 3095 2573 διά
3134 2520 3232 2591 μιν
3261 2520 3369 2573 τῶν
3402 2518 3732 2589 Δίγυπτίων,
3759 2519 3891 2583 τοὺς

2309 2609 2699 2684 εῖδωλολάτρας
2738 2612 2969 2676 πάντας,
3015 2610 3105 2665 διά
3144 2611 3203 2665 δὲ
3240 2610 3351 2664 τῶν
3412 2610 3710 2682 Ἀσσυρίων
3762 2611 3891 2675 τοὺς

2312 2702 2602 2774 πολεμίους
2635 2702 2730 2756 τοῦ
2775 2703 3011 2775 Ἰσραὴλ,
3052 2703 3179 2766 τοὺς
3219 2701 3583 2774 πολιορκητὰς
3610 2702 3709 2773 τῆς
3758 2701 3894 2755 ’1ου-

2309 2791 2473 2846 δαίων
2500 2790 2684 2865 χώρας
2706 2793 3048 2864 γενομένους,
3077 2787 3158 2857 οἷς
3184 2792 3279 2847 τοῦ
3300 2792 3459 2862 λόγου
3476 2791 3563 2845 διά
3602 2790 3705 2862 τῆς
3727 2791 3894 2863 εύαγο

2312 2882 2535 2953 γελικῆς
2580 2881 2876 2950 σάλπιγγος
2908 2883 3009 2953 τῆς
3050 2880 3128 2945 ὡς
3176 2880 3392 2953 ἀληθῶς
3435 2880 3673 2951 μεγάλης
3713 2876 3894 2954 κηρύ-

2315 2970 2522 3036 ξαντος,
2552 2972 2948 3042 μεταϐαλόντες
2965 2975 3013 3027 oi
3040 2974 3097 3026 tv
3119 2975 3234 3037 τοῖς
3256 2972 3464 3027 ἔθνεσιν
3482 2970 3894 3044 εἰδωλολάτραι,

2316 3062 2411 3115 καὶ
2434 3062 2483 3114 oi
2513 3062 2679 3115 πάλαι
2708 3062 2914 3134 ἐχθροὶ,
2946 3064 3040 3116 καὶ
3066 3063 3115 3115 oi
3146 3062 3395 3133 πολέμιοι
3416 3062 3518 3134 τῆς
3537 3060 3631 3115 τοῦ
3672 3059 3895 3135 Ἰσραὴλ

657 3159 744 3206 tes
764 3161 819 3206 et
840 3152 905 3208 ad
936 3154 1030 3211 Dei
1056 3159 1421 3228 cognitionem
1450 3167 1813 3227 maturantes,
1855 3158 2085 3214 salutem
2118 3173 2213 3229 per

2317 3150 2643 3215 θεοσεϐείας,
2670 3151 2857 3223 ἥξουσι
2881 3153 3019 3223 πρὸς
3044 3151 3134 3205 τὸν
3163 3149 3296 3205 Θεὸν
3337 3150 3784 3223 επιστρέψαντες,
3817 3149 3897 3215 ὡς

659 3241 930 3301 Christum
958 3246 1192 3305 oblatam
1215 3251 1617 3306 nanciscantur.

2315 3247 2441 3310 τοὺς
2482 3246 2649 3300 πάλαι
2698 3246 3040 3309 ἀπολωλότας
3093 3246 3152 3297 tv
3191 3247 3258 3317 τῇ
3292 3243 3397 3315 τῆς
3446 3242 3895 3316 είδωλολατρείας

658 3334 852 3411 πλάνῃ,
881 3340 1308 3412 μεταϐληθέντας
1332 3344 1424 3397 καὶ
1448 3340 1784 3408 σπεύσαντας
1807 3341 1982 3397 ἐλθεῖν
2003 3341 2094 3395 ἐπὶ
2114 3340 2213 3413 τὴν
2243 3332 2336 3394 τοῦ
2366 3339 2500 3393 Θεοῦ
2517 3339 2736 3409 γνῶσιν,
2765 3340 2860 3394 καὶ
2886 3340 2987 3410 τῆς
3000 3338 3089 3393 διὰ
3116 3334 3353 3409 Χριστοῦ
3375 3334 3644 3406 σωτηρίας
3664 3335 3883 3405 τυχεῖν.

1177 3431 1403 3489 CAPUT
1451 3431 1685 3488 XXVIII.

2810 3430 3205 3486 ΚΕΦΑΛΑῙΟΝ
3256 3429 3392 3483 κη’.

726 3517 887 3575 Vsus.
929 3521 981 3575 l.
1025 3520 1159 3577 «Va
1200 3536 1412 3578 corona
1462 3524 1841 3590 contumelia,
1890 3522 2213 3581 mercenarii

2392 3542 2411 3577 ι
2444 3524 2580 3579 Οὐαὶ
2640 3524 2716 3596 τῷ
2779 3525 3026 3596 στεφάνῳ
3086 3523 3185 3596 τῆς
3242 3521 3474 3594 ὓὸρεως,
3523 3520 3573 3574 oi
3626 3518 3898 3590 μισθωτοὶ

658 3609 935 3678 prraim.
962 3631 982 3664 ι
1040 3611 1138 3668 llic
1181 3612 1601 3681 Pbarisaorum,
1648 3631 1981 3672 summorum
2032 3630 2212 3672 sacer-

2315 3610 2568 3687 Ἐφραῖμ.
2600 3635 2618 3666 ι
2658 3615 3031 3669 Αἰνίττεταιδι
3062 3614 3123 3667 τὺ
3153 3613 3425 3685 συνέδρων
3452 3611 3561 3666 τῶν
3584 3610 3901 3684 Φαρισαίων

661 3702 866 3768 «totum,
907 3712 962 3757 et
1016 3704 1342 3775 reliquorum
1386 3705 1596 3763 Judaici
1657 3709 1841 3779 populi
1905 3708 2210 3779 principum

2315 3706 2404 3758 καὶ
2417 3706 2724 3776 ἀρχιερέων
2746 3706 2842 3760 καὶ
2867 3704 2977 3759 τῶν
2999 3704 3203 3760 λοιπῶν
3218 3705 3493 3778 ἀρχόντων
3510 3703 3602 3758 τοῦ
3623 3703 3900 3759 Ἰουδαίων

658 3803 972 3845 consessum
1002 3793 1307 3851 subiudicat
1338 3814 1354 3853 :
1384 3810 1522 3868 quos
1565 3811 1631 3851 ex
1667 3797 1896 3853 diversis
1934 3798 2213 3856 ordinibus

2315 3794 2458 3849 λαοῦ’
2495 3796 2609 3860 οὓς,
2635 3800 2699 3850 ὲκ
2730 3796 3001 3869 διαφόρων
3026 3797 3350 3869 ἀξιωμάτων
3383 3795 3734 3861 συνελθόντας
3756 3799 3904 3855 κατά

663 3886 716 3933 et
748 3879 1094 3951 dignitatibus
1116 3882 1171 3938 in
1196 3900 1358 3941 unum
1392 3896 1631 3955 coactos,
1665 3903 1879 3944 corona
1909 3900 2213 3961 comparat,

2315 3886 2371 3938 τὸ
2414 3887 2564 3951 αὐτὸ,
2608 3889 2853 3960 στεφάνῳ
2904 3886 3259 3959 παραϐάλλει,
3294 3887 3356 3940 οὐ
3386 3887 3553 3959 τιμῆς
3583 3902 3731 3950 τινος
3773 3886 3900 3940 οὐδὲ

664 3983 768 4023 non
793 3971 1012 4026 honoris
1045 3983 1137 4027 aut
1172 3975 1382 4045 gloria,
1427 3980 1523 4034 sed
1569 3980 1911 4036 contumelia
1950 3990 2005 4036 et
2051 3982 2213 4037 dede-

2315 3975 2489 4048 δόξης.
2523 3978 2635 4032 ἀλλ’
2672 3978 2879 4050 ὕϐρεως
2906 3979 2999 4033 καὶ
3022 3978 3266 4049 ἀτιμίας.
3291 3978 3381 4031 Διό
3397 3994 3581 4049 φησιν,
3614 3995 3633 4028 ι
3669 3977 3901 4048 θύα).τῷ

665 4061 829 4118 coris.
868 4063 1045 4132 Quare
1071 4067 1169 4134 ait,
1198 4086 1218 4119 ι
1253 4068 1343 4124 Va
1368 4085 1583 4127 corona
1610 4074 1985 4140 contumelia;
2018 4092 2037 4127 ι
2098 4075 2213 4131 sive

2315 4070 2562 4141 στεφάνῳ
2606 4071 2704 4142 τῆς
2736 4070 2966 4141 ὕϐρεως,
3003 4088 3022 4123 ι
3072 4069 3107 4141 ἦ
3142 4068 3283 4123 κατὰ
3330 4072 3455 4133 τοὺς
3485 4068 3703 4132 λοιποὺς
3728 4069 3903 4141 ἑρμη-

659 4155 957 4209 secundum
1000 4158 1235 4229 reliquos
1292 4159 1638 4233 interpretes.
1698 4163 1966 4220 «Corona
2015 4180 2211 4236 super-

2315 4159 2522 4224 νευτάς,
2558 4178 2577 4212 ε
2608 4161 2686 4232 τῷ
2718 4162 2965 4232 στεφάνῳ
2990 4162 3089 4233 τῆς
3113 4160 3503 4234 ὑπερηφανίας.
3531 4177 3551 4211 ι
3580 4159 3903 4231 Ὑπερήφα-

662 4245 783 4327 hia.
809 4264 829 4297 ι
871 4244 1006 4301 Nam
1040 4250 1257 4319 superbi
1289 4252 1510 4321 quidam
1558 4262 1744 4318 erant,
1795 4265 2110 4327 arrogantes
2159 4265 2213 4313 et

2315 4267 2389 4305 νοι
2420 4252 2527 4323 γάρ
2567 4268 2712 4315 τινες
2746 4246 2909 4323 ἦσαν,
2941 4251 3197 4318 ἀλαζόνες
3232 4269 3292 4305 τε
3322 4253 3416 4307 καὶ
3445 4251 3903 4323 ἀπονενοημένοι,

660 4322 855 4401 insani,
920 4337 975 4391 in
1012 4354 1245 4409 quorum
1305 4358 1535 4398 numero
1584 4322 2211 4415 mercenarii'Epltraim

2315 4344 2369 4396 tv
2387 4337 2466 4407 οἷς
2494 4343 2735 4416 ὑπῆρχον
2754 4322 2845 4399 καὶ
2868 4345 2919 4398 οί
2944 4344 3202 4415 μισθωτοί
3216 4344 3311 4398 τοῦ
3327 4345 3566 4416 Ἐφραῖμ
3598 4322 3904 4414 (3)3516-

661 4426 1129 4493 computabantur.
1162 4429 1355 4486 Iudam
1403 4441 1553 4487 certe
1577 4434 1904 4501 proditorem
1952 4451 2019 4490 ex
2068 4436 2212 4491 tribu

2315 4452 2438 4503 γετο
2468 4435 2523 4489 δὲ
2558 4436 2759 4494 Ἰούδας
2815 4438 2844 4490 6
2880 4436 3144 4509 προδότης
3190 4437 3256 4490 ὲκ
3300 4435 3469 4507 φυλῆς
3510 4436 3751 4509 Ἑφραῖμ
3798 4454 3905 4506 γε-

666 4512 922 4581 Ephraim
972 4515 1141 4574 fuisse
1200 4517 1372 4575 fertur
1418 4538 1433 4574 :
1475 4537 1635 4590 quem
1664 4522 1783 4577 ideo
1822 4526 2212 4579 mercenarium

2315 4525 2542 4593 γονὲναιο
2582 4526 2849 4597 μισθωτὸν
2893 4526 2951 4580 δὲ
3004 4525 3181 4591 καλεῖ,
3230 4525 3307 4589 ὼς
3357 4526 3421 4580 ἂν
3455 4524 3907 4597 ἐξηγορασμένον

656 2611 926 2677 inimicos,
949 2615 1041 2686 qui
1067 2614 1376 2672 Judaorum
1396 2618 1672 2688 regionem
1688 2620 2017 2675 obsederunt
2043 2636 2057 2672 :
2087 2636 2210 2676 nam

654 2703 979 2775 evangelica
1021 2705 1163 2762 illius
1211 2700 1338 2763 vere
1388 2722 1596 2779 magna
1640 2711 1782 2766 tuba
1825 2710 2213 2782 pradicatione

653 2792 761 2847 illis
787 2795 1087 2862 enuntiata,
1117 2797 1208 2867 qui
1232 2799 1372 2868 apud
1401 2808 1592 2870 gentes
1626 2799 1955 2865 idololatra,
1987 2810 2039 2857 et
2083 2802 2211 2857 olim

655 2880 861 2939 inimici
884 2894 941 2940 et
965 2884 1152 2943 hostes
1197 2887 1508 2944 lsraelitica
1544 2889 1821 2961 religionis
1851 2900 2041 2956 erant,
2080 2905 2213 2946 con-

655 2973 801 3028 versi
842 2974 909 3028 ad
943 2974 1111 3031 Deum
1150 2979 1448 3045 accedent;
1487 2979 1561 3034 ita
1607 2990 1667 3034 ut
1719 2980 1756 3035 ii
1806 2980 1902 3051 qui
1943 2980 2213 3050 quondam

656 3060 923 3118 idolorum
946 3064 1093 3120 cultu
1123 3074 1180 3121 et
1208 3081 1397 3124 errore
1435 3068 1630 3141 perditi
1659 3077 1852 3136 erant,
1893 3069 2215 3138 resipiscen-

665 4612 836 4666 vocat,
893 4604 1016 4673 quia
1048 4608 1296 4675 pactione
1333 4612 1574 4679 pecunia
1622 4612 1689 4666 ad
1740 4614 2053 4682 magistrum
2089 4627 2213 4681 pro.

666 4690 898 4747 dendum
943 4695 1197 4753 inductus
1237 4698 1417 4755 fuerit.
1484 4701 1653 4757 «Flos
1694 4702 1894 4758 cadens
1932 4705 1999 4758 tle
2044 4705 2212 4773 gloria

2314 4618 2585 4688 χρήμασιν
2631 4619 2723 4671 ἐπὶ
2774 4619 2836 4672 τὸ
2890 4616 3179 4689 προδοῦναι
3238 4618 3329 4671 τὸν
3384 4618 3720 4672 διδάσκαλον.
3766 4636 3787 4669 ε
3822 4620 3909 4673 Τὸ

2313 4706 2468 4770 ἄνθος
2496 4708 2557 4761 τὸ
2582 4708 2814 4761 ἐκπεσὸν
2844 4708 2943 4778 τῆς
2992 4706 3150 4779 δόξης
3213 4709 3306 4761 ἐπὶ
3353 4708 3451 4779 τῆς
3503 4709 3746 4779 κορυφῆς
3799 4710 3908 4764 τοῦ

661 4796 827 4853 super
884 4788 1139 4843 verticem
1202 4792 1399 4846 montis
1452 4795 1687 4863 pinguis,
1734 4794 1825 4863 qui
1882 4793 2016 4848 ebrii
2086 4795 2213 4848 estis

2316 4796 2470 4867 ὅρους
2496 4796 2589 4850 τοῦ
2637 4797 2838 4867 παχέος
2901 4799 2949 4850 οἱ
3004 4796 3293 4867 μεθύοντες
3351 4799 3477 4853 ἀνευ
3532 4798 3697 4851 οῐνου.
3735 4817 3754 4849 ι
3791 4800 3911 4855 Mc.

662 4874 867 4944 absque
904 4878 1050 4936 vino.
1076 4898 1097 4932 ι
1126 4877 1260 4935 Nam
1290 4881 1473 4951 gloria
1526 4884 1803 4953 apostolici
1856 4883 2009 4939 chori
2042 4884 2213 4952 parti-

665 4980 814 5036 ceps,
845 4969 1102 5026 inclinato
1132 4973 1199 5027 ad
1242 4989 1357 5028 rem
1387 4974 1674 5041 pessimam
1717 4977 1919 5042 animo,
1963 4973 2062 5028 ﬂos
2108 4973 2218 5044 glo-

667 5056 761 5111 ria
785 5059 979 5115 cadens
998 5062 1220 5118 eii’ectus
1248 5074 1352 5120 est.
1377 5064 1502 5121 Flos
1519 5075 1696 5118 autem
1720 5077 1774 5120 et
1798 5080 2023 5135 germen
2058 5066 2219 5133 paulo

667 5156 793 5203 ante
822 5151 1149 5207 vocabantur
1168 5155 1397 5225 apostoli
1425 5155 1747 5223 Salvatoris,
1778 5158 1868 5211 ubi
1904 5154 2213 5217 dicebatur.

674 5258 695 5293 ε
724 5240 846 5299 Filii
889 5244 1055 5302 Iacob
1106 5248 1505 5318 germinabunt,
1558 5258 1613 5302 et
1655 5246 1867 5303 ﬂorebit
1916 5246 2108 5314 Israel,
2162 5256 2218 5301 et

671 5334 978 5405 implebitur
1004 5348 1145 5393 terra
1173 5340 1350 5397 fructu
1393 5340 1531 5409 ejus.
1569 5357 1587 5391 ι
1624 5336 1825 5395 Verum
1860 5340 1946 5395 his
1969 5339 2217 5409 delapsus

671 5427 946 5492 propheta,
972 5426 1070 5485 llos
1101 5431 1282 5501 gloria
1309 5432 1565 5488 decidens
1596 5431 1770 5490 dictus
1798 5440 1901 5487 est.
1935 5430 2030 5486 His
2052 5444 2216 5499 porro

669 5514 1039 5585 signiﬁcantur
1062 5521 1099 5577 ii
1118 5524 1209 5594 qui
1237 5534 1522 5595 aggravata
1552 5525 1731 5580 anima
1756 5531 1903 5589 sunt,
1928 5521 1996 5577 de
2017 5519 2215 5593 quibus

661 5648 689 5729 ’Δ
731 5647 1521 5729 _(_3I)__Aititem_Ilieronym1ts
1561 5654 1751 5713 ludam
1794 5656 2099 5729 lscariotem
2154 5670 2217 5710 ex

677 5717 815 5771 tribu
842 5717 1096 5789 'Epltraim
1125 5724 1310 5788 fuisse,
1349 5717 1407 5780 ἐκ
1440 5727 1690 5788 Eusebio.
1743 5738 1798 5780 ut
1841 5726 2050 5780 videtur
2102 5741 2218 5779 mu-

679 5797 871 5845 tuatus.
935 5789 1291 5863 Similiterque
1337 5812 1457 5869 qua
1505 5796 1727 5854 inferius
1771 5799 1834 5855 de
1872 5795 2217 5851 Gethselnalti

2318 4885 2528 4957 τασχὼν
2552 4888 2661 4959 γὰρ
2689 4889 2787 4958 τῆς
2808 4887 2964 4960 δόξης
2988 4888 3081 4943 τοῦ
3106 4888 3461 4943 ἀποστολικοῦ
3480 4888 3663 4963 χοροῦ,
3694 4888 3784 4944 διὰ
3800 4896 3912 4965 τῆς

2324 4979 2413 5030 ἐπὶ
2442 4978 2502 5031 τὸ
2524 4968 2701 5050 χεῖρον
2738 4980 2931 5052 ῥοπῆς,
2957 4981 3143 5050 γέγονε
3177 4980 3239 5036 τὸ
3264 4980 3422 5045 ἀνθος
3440 4980 3501 5034 τὸ
3526 4981 3761 5034 ἐκπεσὸν
3796 4985 3909 5056 τῆς

2322 5068 2495 5139 δόξης.
2532 5070 2726 5135 ’Δνθος
2762 5070 2819 5124 δὲ
2840 5072 2935 5125 καὶ
2960 5071 3186 5142 βλαστὸς
3209 5071 3388 5143 μικρῷ
3416 5070 3649 5142 πρόσθεν
3681 5071 3914 5145 ὠνομά-

2323 5158 2477 5223 ζοντο
2496 5164 2546 5215 οἱ
2578 5161 2967 5216 ἀπόπολοιτοῦ
2994 5162 3260 5234 Σωτῆρος,
3293 5163 3352 5215 ὲν
3368 5156 3449 5225 οἷς
3480 5161 3715 5229 ἐλέγετο·
3749 5182 3769 5214 ε
3800 5166 3915 5221 Τέ-

2322 5266 2423 5303 κνα
2465 5251 2656 5305 Ἰακὼϐ
2697 5251 3005 5323 βλαστήσει,
3049 5253 3141 5307 καὶ
3180 5251 3465 5323 ἑξανθήσει
3499 5251 3737 5323 Ἰσραὴλ,
3804 5257 3915 5312 καὶ

2320 5341 2683 5415 πλησθήσεται
2715 5345 2749 5415 ὴ
2790 5345 3077 5416 οἰκουμένη
3104 5344 3196 5398 τοῦ
3221 5343 3436 5417 καρποῦ
3465 5342 3652 5397 αὑτοῦ.
3691 5363 3711 5396 ι
3756 5347 3912 5401 Ἀλλ’

2319 5432 2384 5483 tx
2413 5430 2615 5487 τούτων
2638 5434 2668 5485 6
2689 5435 2966 5505 προφήτης
2993 5434 3261 5496 ἐκπεσὼν,
3285 5433 3349 5486 τὸ
3370 5432 3526 5496 άνθος
3567 5433 3629 5486 τὸ
3662 5436 3913 5489 ἐκπεσὸν

2318 5524 2416 5595 τῆς
2434 5523 2592 5596 δόξης
2608 5525 2837 5598 εἴρηται.
2859 5525 3116 5598 Σημαίνει
3146 5525 3205 5580 δὲ
3221 5519 3374 5590 οὗτος
3404 5526 3435 5579 6
3462 5523 3619 5593 λόγος
3641 5525 3705 5595 τδ
3729 5527 3915 5600 σπέρ-

2324 5659 2594 5721 dicnntur,
2632 5659 2983 5733 Hieronymus
3007 5661 3183 5719 aﬂer’t.
3234 5660 3347 5719 Vos
3395 5668 3574 5717 autem
3623 5657 3909 5720 Hebraiea

2324 5743 2400 5789 est
2418 5738 2763 5802 num-nu.
