4100 6442
654 432 753 487 291
1315 423 1580 481 EUSEBII
1618 421 2093 480 cmsamsasw
2131 422 2279 475 OPP.
2323 420 2502 475 PARS
2542 419 2629 475 111.
2670 450 2730 459 --
2775 418 3181 474 EXEGETICA.
3782 422 3891 478 292

656 560 803 617 pere,
859 558 958 598 non
1016 542 1068 595 in
1115 556 1175 596 se
1225 550 1504 596 venturam
1552 556 1671 595 esse
1712 542 2022 609 sperabant,
2073 542 2213 609 quod
2244 548 2275 602 Α

2267 549 2287 603 ι
2315 536 2453 593 εἶναι
2486 543 2549 610 τῇ
2602 542 2951 611 ἀντικειμένῃ
2988 538 3212 609 δυνάμει
3244 540 3336 592 καὶ
3372 538 3515 609 αὐτῷ
3545 538 3621 609 τῷ
3652 540 3886 613 θανάτῳ,

657 638 756 706 ipsi
793 636 1116 688 adversariae
1163 635 1417 703 potestati
1474 644 1526 686 et
1577 633 1733 686 morti
1782 631 2211 698 amicitiajnncti

1782 633 2017 685 amicitia
2042 631 2211 698 juncti
2316 634 2498 702 φησὶν,
2534 651 2552 682 ι
2584 633 2850 685 ἀκούσατε
2885 633 3039 698 λόγον
3071 632 3295 702 Κυρίου.
3339 650 3358 684 ι

654 736 872 781 essent:
903 722 1073 781 ideo}
1104 727 1301 785 audite.
1330 744 1347 777 ι
1385 724 1581 793 inquit,
1622 742 1642 774 ‹
1672 724 1891 777 verbum
1928 723 2153 776 Domini.
2189 743 2207 773 υ
3902 766 3941 803 ί

723 817 885 870 Vsus.
916 817 1004 869 16.
1046 834 1065 868 ι
1092 816 1379 883 Propterea
1433 814 1546 868 inec
1585 813 1715 868 dicit
1745 814 2046 867 Dominus:
2080 814 2215 869 Ecce

2390 833 2407 861 ι
2438 812 2537 865 Διὰ
2554 812 2709 865 τοῦτο
2733 813 2857 866 τάδε
2900 811 3047 879 λέγει
3080 811 3297 883 Κύριος·
3337 814 3469 868 Ἰδοὺ
3506 813 3618 883 ἐγὼ
3664 813 3887 884 ἐμϐαλῶ

650 917 750 973 ego
774 906 1057 960 immittam
1104 908 1153 960 in
1200 905 1545 959 fundamenta
1592 906 1719 960 Sion
1747 905 1976 973 lapidem
2012 907 2215 974 pretio-

2314 907 2392 967 εἰς
2419 906 2485 957 τὰ
2514 904 2737 975 θεμέλια
2772 906 2910 977 Σειὼν
2933 904 3076 958 λίθον
3106 906 3391 977 πολυτελῆ,
3422 906 3696 970 ἐκλεκτὸν,
3720 908 3888 978 ἀκρο-

650 1010 794 1062 sum,
847 998 1095 1062 electum,
1148 996 1480 1067 angularem,
1538 997 1911 1050 honorabilem
1944 996 1993 1049 in
2025 998 2215 1051 funda-

2314 1000 2583 1064 γωνιαῖον,
2638 996 2853 1067 ἔντιμον
2903 998 2981 1060 είς
3006 997 3073 1050 τὰ
3121 996 3346 1067 θεμέλια
3377 998 3565 1067 αὐτῆς
3598 999 3691 1052 καὶ
3722 1001 3752 1051 6
3800 1016 3888 1051 πι-

653 1100 830 1144 menta
862 1090 1015 1157 ejus;
1052 1099 1103 1143 et
1134 1090 1224 1158 qui
1253 1069 1549 1142 crediderit
1590 1088 1643 1141 in
1692 1103 1776 1153 eo,
1836 1103 1940 1141 non
1974 1088 2216 1141 confun-

2318 1088 2519 1140 στεύων
2553 1088 2637 1139 ἐπ’
2669 1088 2841 1157 αύτῷ,
2872 1089 2933 1140 ού
2968 1088 3041 1158 μὴ
3075 1089 3461 1159 καταισχυνθῇ.
3499 1108 3517 1139 ι
3577 1090 3765 1160 Ὑμεῖς
3790 1090 3888 1159 μὲν

651 1179 833 1237 detur.
877 1198 896 1231 ι
958 1180 1065 1234 Vos
1118 1180 1336 1248 quidem
1381 1181 1610 1246 primum
1656 1182 1808 1233 vobis
1865 1182 2212 1247 prmdicatam

2314 1181 2375 1229 οὑ
2405 1178 2769 1249 παρεδέξασθε
2816 1180 2915 1249 τὴν
2944 1178 3173 1247 πρώτως
3199 1180 3327 1248 ύμῖν
3356 1177 3888 1247 κατεπαγγελθεῖσαν

653 1273 882 1339 gratiam
922 1285 1027 1325 non
1060 1270 1378 1338 suscepistis
1413 1287 1427 1324 :
1464 1284 1561 1338 ego
1593 1285 1719 1323 vero
1763 1269 1997 1339 lapidem
2034 1286 2210 1324 meum

2314 1266 2493 1337 χάριν·
2542 1265 2649 1334 ἐγὼ
2698 1267 2753 1318 δὲ
2786 1269 2876 1319 τὸν
2910 1269 3145 1337 ἐμαυτοῦ
3170 1267 3316 1321 λίθον
3355 1270 3447 1320 τὸν
3474 1267 3735 1339 πολυτελῆ
3793 1269 3887 1320 καὶ

651 1363 947 1429 pretiosum
989 1371 1044 1417 et
1088 1362 1458 1417 ltonorabilem
1508 1362 1560 1413 in
1617 1361 1827 1430 angulis
1853 1363 2210 1424 constituens,

2314 1359 2491 1428 τίμιον
2520 1362 2575 1411 ἐν
2611 1359 2973 1430 ἀκρογωνίαις
3009 1360 3249 1423 ἀναθεὶς,
3272 1360 3472 1430 ὑψηλὸν
3497 1362 3591 1414 καὶ
3622 1362 3882 1430 ἐπιφανῆ.

648 1450 919 1506 excelsum
957 1466 1105 1516 eum,
1139 1451 1424 1513 illustrem,
1466 1452 1825 1521 omnibusque
1874 1454 1995 1506 aliis
2043 1456 2215 1506 mani-

2315 1454 2407 1503 καὶ
2425 1454 2532 1513 τοῖς
2555 1450 2732 1515 ἄλλοις
2755 1456 2918 1505 πᾶσιν
2955 1452 3174 1519 ἔκδηλον
3202 1455 3432 1522 ποιήσω,
3466 1454 3611 1516 ὅπως
3639 1455 3747 1516 πᾶς
3798 1455 3889 1506 ἐπ’

647 1541 843 1596 festum
883 1542 1101 1606 faciam,
1142 1552 1198 1595 ut
1226 1542 1473 1611 quisquis
1508 1544 1558 1596 in
1586 1545 1755 1610 ipsum
1798 1544 2106 1608 crediderit,
2147 1561 2213 1599 ne

2315 1541 2473 1592 αὑτὸν
2508 1540 2777 1592 πιστεύων
2829 1542 2902 1611 μὴ
2953 1540 3159 1612 ἐκπέσῃ
3190 1541 3287 1610 τῆς
3319 1540 3552 1604 ἐλπίδος.
3587 1540 3787 1594 Τοῦτον
3830 1541 3888 1594 δὲ

648 1644 742 1698 spe
778 1630 1009 1685 labatur.
1062 1631 1214 1686 Hunc
1255 1647 1419 1699 porro
1469 1634 1698 1700 lapidem
1749 1633 1803 1688 in
1851 1635 2213 1689 fundamentis

2314 1633 2403 1684 τὸν
2428 1632 2571 1685 λίθον
2589 1632 2980 1700 ἐπαγγέλλεται
3005 1632 3187 1702 θήσειν
3218 1633 3296 1694 είς
3323 1632 3392 1684 τὰ
3424 1632 3650 1703 θεμέλια
3681 1632 3890 1697 Σιὼν,δ

650 1721 781 1775 Sion
827 1737 885 1776 se
914 1722 1212 1790 positurum
1262 1723 1570 1790 pollicetur,
1606 1725 1748 1793 quod
1804 1726 1965 1780 etiam
2010 1726 2207 1793 effecit,

2312 1724 2375 1795 δὴ
2430 1726 2521 1777 καὶ
2566 1724 2710 1793 ἔργῳ
2745 1725 3059 1792 πεποίηκεν,
3107 1721 3275 1775 εἰπὼν
3308 1724 3401 1776 καὶ
3447 1723 3762 1787 ἐπιτελέσας
3802 1724 3884 1787 τὸ,

648 1828 772 1865 cum
804 1814 907 1869 hoc
930 1814 1132 1868 dictum
1181 1815 1491 1883 complevit,
1542 1835 1559 1867 ι
1593 1815 1765 1886 Supra
1810 1827 2013 1885 petram
2041 1818 2207 1873 aedili-

2320 1834 2336 1863 ι
2375 1815 2494 1866 Ἐπὶ
2514 1814 2611 1884 τὴν
2639 1816 2843 1885 πέτραν
2866 1813 3197 1883 οἰκοδομήσω
3224 1830 3324 1883 μου
3353 1813 3449 1884 τὴν
3477 1814 3819 1886 Ἐκκλησίαν.
3860 1834 3880 1868 ι

648 1904 781 1959 cabo
821 1905 1116 1960 Ecclesiam
1150 1922 1322 1959 meam
1357 1908 1423 1961 ⁸⁸.
1456 1927 1473 1958 ι
1513 1907 1645 1961 Nam
1684 1920 1919 1963 montem
1948 1910 2077 1964 Sion
2114 1926 2212 1979 pro
2247 1886 2267 1937 ί

2266 1886 2450 1955 3Σιὼν
2494 1903 2602 1975 γάρ
2646 1904 2771 1975 ὅρος
2816 1904 2876 1957 τὸ
2917 1903 3266 1971 εὐαγγελικὸν
3311 1906 3593 1975 κήρυγμα,
3646 1907 3741 1959 καὶ
3795 1907 3885 1959 ἐπὶ

645 1998 952 2066 evangelica
981 1997 1384 2065 praedicatione,
1419 2008 1473 2052 et
1507 2014 1601 2067 pro
1633 1998 1872 2053 Ecclesia
1909 2013 2067 2067 supra
2090 2016 2210 2054 eam

2310 1993 2484 2064 τούτῳ
2516 1994 2984 2065 τεθεμελιωμένην
3028 1995 3349 2066 Ἐκκλησίαν
3384 1996 3641 2060 πολλάκις
3680 1997 3882 2070 ἐξειλή-

644 2086 867 2141 l‘undata
916 2089 1236 2157 plerumque
1280 2090 1612 2161 accepimus.
1664 2089 1819 2143 llunc
1870 2105 2033 2159 porro
2073 2090 2209 2159 lapi-

2311 2100 2506 2152 φαμεν.
2539 2084 2812 2156 Πολυτελῆ
2840 2085 2897 2139 δὲ
2921 2087 3048 2139 ὅντα
3070 2086 3161 2138 τὸν
3211 2085 3355 2139 λίθον
3380 2084 3567 2140 τοῦτον
3595 2087 3687 2140 καὶ
3730 2087 3887 2141 ἐκλε-

645 2180 766 2232 dem
796 2180 1113 2247 pretiosum,
1160 2179 1389 2233 electum
1429 2189 1483 2235 et
1530 2178 1903 2233 lionorabilem
1936 2182 1988 2233 in
2020 2180 2211 2234 funda-

2310 2173 2433 2225 κτὸν
2472 2176 2563 2228 καὶ
2602 2174 2780 2244 τίμιον
2815 2174 3001 2245 θήσειν
3033 2178 3112 2237 είς
3156 2176 3222 2227 τὰ
3261 2174 3485 2245 θεμέλια
3516 2176 3612 2246 τῆς
3656 2177 3883 2247 Ἐκκλη-

644 2281 821 2325 menta
878 2270 1126 2324 Ecclesia:
1166 2285 1225 2325 se
1277 2270 1579 2338 positurum
1632 2270 1935 2340 promittit;
1979 2270 2210 2339 indeque

2311 2266 2429 2327 σίας
2460 2266 2876 2333 ἐπαγγέλλεται·
2911 2266 3158 2319 ἐντεῦθεν
3209 2271 3459 2336 γωνιαῖος
3509 2269 3603 2320 καὶ
3635 2269 3882 2339 ἀκρογω-

642 2367 725 2413 est
759 2361 901 2429 quod
952 2361 1226 2430 angularis
1260 2370 1316 2414 et
1348 2377 1596 2417 summus
1641 2362 1924 2431 angularis
1962 2372 2204 2418 vocetur.

2307 2358 2473 2418 νιαῖος
2500 2356 2776 2425 κέκληται.
2818 2358 2915 2427 Εἴη
2947 2357 2991 2410 δ’
3024 2359 3089 2411 ἂν
3112 2358 3172 2411 τὸ
3210 2357 3543 2430 ἀνθρώπινον
3574 2359 3667 2412 τοῦ
3701 2361 3883 2432 ἃ.)τῆ-

643 2449 943 2506 Humanum
974 2461 1153 2505 autem
1186 2451 1487 2510 Salvatoris
1544 2451 1711 2505 nostri
1760 2466 1957 2519 corpus
1990 2452 2071 2505 sic
2107 2466 2205 2505 vo-

2316 2464 2405 2517 ρος
2436 2446 2592 2516 ήμῶν
2622 2447 2792 2510 οὕτως
2823 2447 3208 2519 ὠνομασμένον
3242 2449 3419 2519 σῶμα·
3448 2451 3570 2503 ἐπεὶ
3612 2452 3708 2504 καὶ
3740 2454 3886 2507 κατὰ

647 2544 762 2598 cari
797 2544 991 2613 potuit.
1020 2542 1300 2611 quoniam.
1352 2542 1650 2597 secundum
1687 2540 1986 2605 Danielem,
2020 2557 2040 2590 ι
2072 2538 2208 2607 lapis

2308 2540 2397 2591 τὸν
2434 2540 2652 2611 Δανιὴλ,
2687 2559 2705 2591 t
2750 2541 2892 2605 λίθος
2927 2542 3155 2611 τμηθεὶς
3190 2543 3319 2597 ἄνευ
3354 2542 3551 2616 χειρῶν
3590 2563 3608 2595 ι
3648 2546 3880 2616 ἑωρᾶτο-

641 2632 854 2688 excisus
879 2634 996 2689 sine
1027 2635 1297 2695 manibus.
1336 2652 1357 2685 ι
1394 2633 1545 2686 visus
1571 2631 1705 2697 fuit;
1739 2632 1811 2685 ita
1843 2641 1901 2684 ut
1931 2631 2065 2699 lapis
2088 2634 2207 2700 qui-

2305 2630 2451 2684 λίθου
2484 2632 2580 2702 μὲν
2604 2631 2698 2685 τοῦ
2733 2632 3072 2703 ἀνθρωπίνου
3097 2636 3389 2706 νοουμένου
3417 2634 3691 2706 σώματοςί
3718 2637 3882 2709 ὅρους

643 2724 761 2777 dem
784 2739 882 2793 pro
911 2725 1144 2778 humano
1171 2738 1417 2791 corpore,
1450 2736 1605 2776 mons
1634 2736 1733 2791 pro
1756 2720 2056 2776 Salvatoris
2087 2722 2202 2777 dei—

1722 2720 2056 2776 iSalvatoris
2087 2722 2202 2777 dei—
2304 2723 2361 2775 δὲ
2392 2724 2490 2792 τῆς
2524 2724 2660 2777 κατὰ
2684 2725 2773 2777 τὸν
2806 2726 3034 2795 Σωτῆρα
3067 2725 3341 2797 θεότητος.

643 2824 770 2879 tate,
808 2816 1158 2885 intelligatur.

708 2905 872 2961 Vsus.
904 2908 990 2963 17.
1027 2927 1044 2959 ι
1074 2906 1139 2959 Ει
1166 2922 1359 2976 ponam
1388 2905 1653 2973 judicium
1684 2905 1735 2961 in
1772 2920 1952 2975 spem:
1995 2904 2207 2961 miseri-

2379 2921 2397 2951 ‹
2440 2903 2548 2955 Καὶ
2576 2901 2726 2972 θήσω
2775 2903 2953 2971 κρίσιν
2993 2902 3073 2964 είς
3122 2902 3341 2956 ἐλπίδασ
3375 2903 3492 2973 ήνδέ
3529 2901 3885 2973 ἐλεημοσύνη,

639 2997 821 3051 cordia
850 3007 1032 3051 autem
1080 3012 1196 3051 mea
1245 2998 1297 3050 in
1350 2998 1628 3064 pondera;
1664 3005 1720 3051 et
1751 2997 1845 3065 qul
1880 2997 2044 3051 liditis
2091 2996 2206 3053 fru—

2309 3009 2408 3063 μου
2444 2995 2522 3054 είς
2554 2993 2853 3062 σταθμοὺς,
2884 2993 2977 3045 καὶ
3016 2996 3066 3046 οἱ
3096 2995 3415 3059 πεποιθότες
3450 2995 3624 3066 μάτην
3668 2994 3877 3063 ψεύδει,

639 3098 747 3141 stra
780 3090 1080 3151 mendacio,
1133 3089 1260 3156 quia
1317 3103 1422 3142 non
1480 3087 1833 3156 pertransibit
1873 3102 1970 3141 vos
1996 3098 2202 3158 tempe-

2304 3084 2387 3137 ὅτι
2430 3085 2491 3136 οὐ
2539 3087 2611 3154 μὴ
2659 3085 2914 3157 παρέλθῃ,
2939 3086 3085 3154 ὑμᾶς
3112 3088 3380 3155 καταιγίς.
3421 3106 3440 3138 ι
3469 3086 3626 3140 Κατὰ
3661 3087 3720 3139 δὲ
3752 3088 3884 3149 τοὺς

640 3186 772 3231 stas.
806 3196 825 3229 ι
870 3177 1177 3232 Secundum
1206 3178 1443 3245 reliquos
1481 3189 1661 3232 autem
1698 3181 2027 3247 interpretes
2060 3197 2079 3229 ι
2111 3183 2201 3249 qui
2230 3210 2259 3266 ε

2260 3212 2272 3264 ⁵
2304 3176 2523 3239 λοιποὺς
2553 3177 2913 3247 ἐρμηνευτὰς,
2936 3199 2953 3227 ι
2978 3182 3004 3232 6
3034 3179 3301 3232 πιστεύων
3338 3180 3399 3232 ού
3431 3178 3671 3233 σπεύσει.
3709 3200 3727 3229 ι
3754 3181 3879 3233 Μα-

639 3269 832 3331 credit,
869 3284 972 3323 non
1015 3268 1311 3323 festinalnit.
1348 3288 1366 3320 ι
1403 3268 1540 3322 Nam
1585 3271 1676 3338 qui
1727 3270 1922 3332 credit,
1952 3286 2201 3338 perseve—

2309 3267 2641 3338 κροθυμήσει
2691 3270 2798 3341 γὰρ
2829 3272 2858 3322 6
2893 3270 3184 3334 πιστεύων,
3234 3272 3541 3343 περιμένων
3573 3270 3669 3324 τοῦ
3715 3270 3880 3339 λόγου

635 3369 821 3414 ranter
849 3369 988 3428 aget.
1016 3375 1126 3412 rem
1159 3360 1323 3413 verbo
1354 3362 1674 3429 promissam
1724 3370 2065 3428 exspectans.
2102 3362 2199 3418 Hic

2307 3359 2406 3429 τὴν
2439 3360 2786 3427 ἐπαγγελιαν.
2822 3354 2989 3425 Οὗτος
3016 3362 3062 3415 δ’
3086 3362 3153 3416 ἂν
3185 3362 3270 3433 εῖη
3298 3364 3326 3415 6
3351 3362 3517 3427 λίθος,
3559 3364 3589 3415 6
3627 3362 3792 3425 αὐτός
3820 3380 3878 3415 τε

638 3466 765 3503 vero
797 3451 931 3519 lapis
963 3450 1142 3516 fuerit,
1180 3450 1401 3520 ipsaque
1429 3461 1579 3519 petra
1613 3451 1679 3504 de
1705 3465 1811 3520 qua
1852 3449 2101 3508 Salvator
2121 3452 2199 3506 di-

2306 3447 2477 3517 πέτρα
2497 3489 2510 3509 ,
2558 3450 2682 3519 περὶ
2709 3445 2773 3520 ἧς
2806 3452 2834 3503 6
2862 3448 3052 3522 Σωτὴρ
3090 3451 3242 3521 ἔλεγε
3264 3469 3280 3484 ο
3314 3471 3333 3503 ι
3383 3453 3505 3505 Ἐπὶ
3537 3452 3636 3524 τὴν
3670 3451 3888 3523 πέτραν

636 3541 816 3604 cebat,
857 3561 875 3593 ι
910 3541 1084 3609 Super
1134 3542 1269 3595 hanc
1315 3552 1522 3610 petram
1570 3543 1849 3597 aedificabo
1900 3543 2196 3599 Ecclesiam

2303 3538 2505 3608 ταύτην
2538 3540 2874 3610 οἰκοδομήσω
2923 3559 3022 3611 μου
3055 3543 3156 3611 τὴν
3192 3543 3535 3615 Ἐκκλησίαν.
3573 3562 3593 3595 s
3631 3538 3800 3606 Οὗτος
3854 3542 3886 3595 ὅ

638 3648 834 3686 meam.
870 3651 890 3685 ι
924 3632 1020 3686 ilic
1054 3630 1211 3700 lapis,
1240 3633 1324 3685 vel
1357 3648 1477 3686 cum
1500 3632 1789 3701 judicabit,
1821 3651 2070 3703 magnam
2108 3637 2196 3700 iis,

2303 3631 2446 3694 λίθος
2478 3634 2567 3684 καὶ⁵
2595 3633 2795 3703 κρίνων
2841 3633 3051 3699 ἀγαθὰς
3096 3635 3321 3704 παρέξει
3376 3638 3487 3699 τοῖς
3534 3637 3878 3708 κρινομένοις

638 3724 705 3779 de
733 3722 929 3791 quibus
964 3722 1228 3790 judicium
1281 3724 1603 3789 instituitur,
1636 3740 1787 3795 spem
1822 3726 2036 3795 all'eret,
2071 3730 2198 3798 quia

2305 3722 2546 3785 ἐλπίδας,
2580 3724 2765 3793 ἐπειδὴ
2815 3723 3081 3793 συνῆπται
3140 3725 3292 3795 αὐτῷ
3344 3724 3680 3798 ἐλεημοσύνη
3738 3732 3888 3799 μετὲ

636 3817 761 3888 ipsi,
782 3817 1088 3887 justissima
1122 3818 1357 3886 pondere
1400 3826 1456 3870 et
1499 3832 1774 3883 mensura,
1828 3818 2198 3874 misericordia

2093 3820 2198 3874 alia
2302 3812 2638 3867 δικαιοτάτου
2673 3815 2915 3885 σταθμοῦ
2945 3817 3041 3870 καὶ
3069 3817 3267 3888 μέτρου
3293 3834 3305 3846 ·
3333 3816 3416 3870 διὸ
3444 3816 3712 3872 λέλεκται·

634 3909 943 3979 adiungitur
967 3926 982 3975 ;
1014 3908 1364 3977 quamobrem
1400 3907 1601 3961 dicitur
1627 3924 1641 3961 :

708 4001 867 4055 Vsus.
904 4000 989 4055 18.
1032 4018 1051 4051 ι
1085 3999 1451 4054 Misericordia
1488 4010 1668 4051 autem
1702 4012 1818 4052 mea
1851 3997 1903 4051 in
1935 3996 2195 4067 pondera,

2380 4029 2399 4061 ι
2433 4012 2495 4064 Ἦ
2508 4012 2561 4064 δὲ
2585 4012 2918 4086 ἐλεημοσύνη
2943 4033 3043 4088 μου
3066 4034 3146 4080 εις
3168 4019 3461 4089 σταθμούς.
3480 4020 3570 4091 Μὴ
3586 4022 3681 4087 καὶ
3700 4022 3888 4096 άφὲλιι

634 4094 701 4148 Et
740 4109 845 4147 non
872 4091 1078 4145 auferet
1124 4092 1275 4145 vobis
1320 4100 1705 4145 testamentum
1736 4090 1955 4145 mortis;
1993 4102 2048 4143 et
2069 4104 2196 4157 spes

2305 4098 2456 4169 ὑμῶν
2488 4099 2586 4170 τὴν
2629 4101 2892 4173 διαθήκην
2921 4105 3014 4156 τοῦ
3046 4106 3277 4158 θανάτου
3301 4120 3315 4136 ⁸
3354 4109 3446 4160 καὶ
3467 4109 3509 4178 it
3529 4090 3683 4173 ἐλπὶς
3921 4105 3924 4109 ’

633 4192 813 4237 vestra
852 4182 907 4235 in
940 4181 1233 4247 infernum,
1264 4196 1371 4234 non
1402 4181 1779 4249 permanebit:
1832 4181 2067 4247 procella
2100 4196 2194 4236 ve-

2302 4192 2335 4261 ἡ
2367 4192 2500 4261 πρὸς
2538 4194 2626 4247 τὸν
2666 4195 2794 4265 ᾅδην
2824 4198 2883 4249 ού
2918 4196 2991 4269 μὴ
3021 4200 3275 4271 ἐμμείνῃ.
3304 4202 3567 4270 Καταιγὶς
3600 4204 3889 4278 φερομένη

633 4275 787 4329 niens
814 4274 857 4329 si
888 4272 1189 4338 transierit,
1231 4272 1386 4327 eritis
1421 4272 1495 4325 illi
1544 4272 1597 4324 in
1644 4273 2128 4327 eonculcationem.
2162 4292 2181 4325 ι

2298 4282 2395 4343 ἐὰν
2424 4284 2643 4356 ἐπέλθῃ,
2679 4286 2867 4339 ἔσεσθε
2890 4290 3029 4360 αὐτῇ
3060 4296 3140 4353 εἰς
3174 4294 3569 4363 καταπάτημα.
3597 4311 3617 4344 ι
3650 4272 3881 4367 γάῥ

630 4366 709 4423 Ne
733 4381 827 4420 vos
862 4365 961 4433 ipsi
1000 4363 1303 4433 decipiatis,
1364 4363 1559 4432 inquit,
1600 4363 1889 4416 dicentes:
1930 4366 2193 4430 Quoniam

2302 4372 2540 4436 ἑαυτοὺς,
2571 4376 2750 4443 φησὶν,
2786 4375 3029 4430 sna-.51:
3064 4377 3361 4445 φάσκοντες
3381 4397 3394 4411 ·
3414 4379 3626 4453 Ἐπειδὴ
3774 4363 3875 4438 ea;

630 4458 822 4513 mortis
855 4456 1016 4511 amici
1045 4470 1275 4523 ,sumus,
1323 4469 1431 4508 non
1464 4455 1630 4507 irruet
1660 4453 1713 4507 in
1740 4469 1838 4507 nos
1882 4464 2191 4522 tempestas,

2300 4461 2442 4532 νάτῳ
2473 4464 2854 4536 ὲφιλιώθημεν,
2877 4470 2939 4521 ού
2978 4468 3052 4539 μὴ
3075 4470 3277 4543 ἐπέλθῃ
3310 4471 3393 4540 ἐφ’
3424 4472 3568 4542 ἡμᾶς
3592 4476 3868 4543 καταιγὶς.

632 4566 731 4605 nec
760 4550 1031 4618 quidpiam
1065 4547 1265 4604 doloris
1294 4546 1657 4616 experiemur.
1687 4542 1904 4605 Verum.
1925 4547 2057 4599 hens
2078 4562 2193 4615 vos,
2227 4556 2251 4611 ι

2268 4551 2417 4604 ιοὺδέ
2466 4555 2912 4627 πειραθησόμεθά
2951 4576 3097 4622 τινος
3152 4542 3418 4629 λυπηροῦ.
3462 4560 3711 4615 Ἀκούετε
3765 4542 3887 4632 γὰρ

628 4641 738 4709 iam
770 4643 949 4695 audite
979 4650 1033 4693 et
1065 4639 1311 4701 ediscite,
1337 4637 1430 4706 qui
1468 4635 1752 4689 mendacio
1782 4634 1966 4699 fiditis,
1992 4636 2196 4689 dicitis-

2302 4646 2546 4701 ἐντεῦθεν
2574 4648 2671 4719 ἤδη
2718 4651 2810 4703 καὶ
2843 4651 3162 4720 μανθάνετε,
3205 4646 3249 4703 ὦ
3294 4646 3438 4705 οῦτοι
3471 4653 3520 4706 οἱ
3551 4654 3884 4718 πεποιθότες

630 4748 759 4804 que,
824 4749 843 4782 ι
900 4730 1181 4784 Posuimus
1234 4727 1574 4783 mendacium
1624 4742 1771 4796 spem
1823 4737 2087 4791 nostram,
2142 4737 2198 4782 et

2300 4732 2374 4803 τῷ
2410 4732 2589 4803 ψεύδει
2630 4738 2724 4789 καὶ
2768 4739 3069 4809 εἰρηκότες,
3112 4758 3131 4789 ι
3184 4740 3493 4812 Ἐθήκαμεν
3536 4741 3733 4812 ψεῦδος
3773 4744 3878 4814 τὴν

632 4824 913 4881 mendacio
971 4831 1358 4892 protegemur;
1396 4839 1415 4872 ι
1463 4820 1695 4889 procella
1748 4819 2053 4889 irrumpens
2096 4835 2195 4874 ne-

2300 4826 2485 4880 ὲλπίδα
2514 4830 2690 4907 ἡμῶν,
2724 4834 2817 4884 καὶ
2844 4831 2920 4901 τῷ
2952 4832 3134 4901 ψεύδει
3169 4834 3658 4906 σκεπασθησόμεθα
3678 4852 3692 4865 ο
3726 4855 3751 4887 s
3790 4837 3878 4891 ὅτι

632 4929 900 4983 quaquam
953 4928 1045 4968 vos
1096 4911 1430 4983 przeteribit;
1467 4912 1562 4965 sed
1593 4921 1828 4965 vestrum
1857 4925 1979 4964 cum
2021 4921 2196 4966 morte

2301 4922 2548 4989 καταιγὶς
2593 4922 2935 4992 παρελθοῦσα
2981 4924 3042 4975 οὐ
3084 4925 3480 4995 παρελεύσεται
3523 4927 3707 4997 ὑμᾶς’
3734 4926 3881 4980 ἀλλὲτ

631 5014 846 5078 pactum
876 5003 1104 5065 auferet,
1148 5017 1213 5056 ac
1261 5016 1385 5071 spes
1433 5010 1631 5066 vestra,
1665 5016 1825 5069 quam
1880 5002 1933 5055 in
1984 5001 2195 5058 inferno

2298 5009 2484 5079 ἀφελεῖ
2510 5014 2662 5083 ὑμῶν
2688 5016 2788 5085 τὴν
2827 5015 2965 5086 πρὸς
2994 5016 3084 5067 τὸν
3118 5016 3347 5070 θάνατον
3379 5017 3672 5089 συνθήκην,
3703 5020 3802 5072 καὶ
3838 5022 3874 5088 ἡ

633 5097 922 5163 repositam
955 5094 1255 5159 habebatis,
1305 5110 1411 5149 non
1464 5093 1719 5147 manebit.
1764 5092 2044 5162 Siquidem
2094 5095 2195 5148 im-

2299 5103 2451 5168 ἐλπὶς
2479 5106 2631 5176 ὑμῶν
2659 5110 2697 5183 ή
2728 5108 2863 5179 πρὸς
2889 5108 2980 5161 τὸν
3014 5109 3147 5180 ᾅδην
3174 5110 3236 5163 ού
3280 5111 3354 5183 μὴ
3378 5109 3633 5182 ἐμμείνῃ.
3677 5109 3880 5181 Σαθρῷ

635 5187 837 5241 becillz
865 5188 941 5242 rei
976 5202 1070 5241 vos
1098 5184 1533 5250 concredidistis,
1564 5200 1685 5239 cum
1720 5184 1774 5239 in
1818 5193 1992 5239 morte
2023 5196 2079 5239 et
2113 5186 2196 5238 in-

2300 5196 2406 5268 γὰρ
2437 5202 2725 5271 πράγματα
2756 5203 2979 5268 ἑαυτοὺς
3007 5204 3385 5268 ἐπιστεύσατε,
3408 5201 3622 5274 θανάτῳ
3650 5204 3745 5257 καὶ
3769 5205 3879 5278 ᾄδῃ

634 5279 785 5332 ferno
811 5294 960 5347 spem
989 5287 1224 5332 vestram
1260 5278 1612 5349 apposuistis.

2300 5264 2396 5350 τὰς
2425 5264 2695 5360 ὑμετέρας
2721 5291 2936 5355 ἐλπίδας
2957 5264 3380 5365 άναρτήσαντεςξ
3592 5264 3605 5274 ’
3780 5264 3796 5277 ’
3847 5264 3857 5277 ’

708 5368 865 5424 Vsus.
896 5368 1073 5433 t9,20.
1110 5387 1130 5419 ι
1160 5367 1295 5425 Cum
1330 5370 1631 5434 transierit,
1667 5369 1817 5425 tollet
1845 5385 1937 5424 vos
1968 5388 1983 5421 :
2015 5383 2192 5452 mane,

2376 5397 2395 5429 ι
2429 5381 2596 5434 Ὅταν
2612 5382 2880 5455 παρέλθῃ,
2913 5382 3141 5454 λήψεται
3164 5387 3332 5455 ὑμᾶς*
3378 5384 3524 5456 πρωῒ
3548 5383 3694 5456 πρωῒ
3732 5402 3874 5457 πταρ-

636 5473 809 5523 maue,
844 5459 1093 5514 transibit
1129 5460 1182 5514 in
1225 5461 1332 5523 die,
1369 5472 1426 5513 et
1460 5461 1512 5514 in
1549 5470 1705 5516 nocte
1731 5464 1837 5515 erit
1870 5478 1995 5529 spes
2028 5460 2189 5515 mala.
2238 5491 2246 5500 ι

2299 5469 2576 5524 ελεύσεται
2610 5474 2846 5545 ἡμέρας,
2874 5475 2967 5528 καὶ
3002 5476 3060 5528 ἐν
3087 5477 3243 5529 νυκτὶ
3272 5476 3422 5530 ἔσται
3448 5476 3600 5540 ἐλπὶς
3627 5478 3864 5548 πονηρά.

635 5544 831 5625 Discite
862 5558 919 5603 ut
945 5550 1195 5604 audiatis.
1249 5548 1308 5607 In
1344 5551 1609 5620 angustiis
1645 5554 1801 5621 positi
1853 5569 1956 5609 non
2005 5567 2193 5622 possu-

2296 5557 2511 5612 Μάθετε
2536 5563 2775 5616 ἀκούειν.
2805 5553 3319 5640 Στενοχωρούμενοι,
3352 5567 3412 5629 ού
3456 5565 3732 5637 δυνάμεθα
3757 5544 3867 5637 μά-

635 5652 752 5689 nius
798 5652 1084 5708 pugnare:
1141 5642 1241 5711 ipsi
1286 5654 1466 5699 autem
1524 5643 1718 5697 infirmi
1758 5661 1969 5711 sumus,
2008 5655 2066 5699 ut
2094 5656 2190 5699 vos

2297 5645 2485 5717 χεσθαι
2503 5669 2517 5683 ·
2547 5650 2698 5706 αὗτοὶ
2726 5655 2781 5708 δὲ
2808 5652 3139 5728 ἀσθενοῦμεν
3168 5658 3261 5711 τοῦ
3297 5660 3437 5727 ὑμᾶς
3461 5657 3817 5727 συναχθῆναι.
3847 5678 3869 5709 r

633 5732 1049 5800 congregemini.
1096 5751 1113 5783 ι
1158 5731 1289 5787 Nam
1351 5734 1395 5789 si
1458 5734 1792 5803 voluissetis,
1840 5738 1892 5791 in
1945 5736 2192 5807 portione

2298 5742 2361 5795 Εί
2398 5745 2504 5817 γάρ
2534 5747 2774 5818 ἐθέλητε,
2803 5751 2895 5803 καὶ
2923 5752 2979 5807 ἐν
3004 5752 3067 5821 τῇ
3104 5751 3275 5822 μερίδι
3311 5751 3401 5803 τοῦ
3428 5749 3561 5802 Θεοῦ
3595 5746 3870 5821 συναχθή-

708 5838 755 5870 ⁸⁶
782 5838 971 5898 Mattlt.
1020 5857 1127 5905 xvr,
1156 5842 1238 5897 l8.
