4100 6432
223 449 323 502 ινδ

1137 438 1662 496 ΕΟΜΜΕΝΤΔΒΙΔ
1699 437 1768 493 IN
1812 436 2067 493 ISAIAM.
2107 466 2177 478 --
2213 434 2366 493 CAP.
2410 433 2644 489 XXVIII.

3390 435 3496 490 294

223 556 394 616 σεσθε,
427 556 526 609 καὶ
561 556 665 608 οὐκ
697 554 1011 623 ἀσθενήσετε
1045 551 1187 620 ὑπερ
1229 547 1523 612 εύσεὸείας
1553 547 1805 618 ἀγωνιζό-

1921 546 2012 600 Dei
2045 545 2362 616 congregati
2397 543 2662 607 fuissetis,
2702 557 2800 597 nec
2849 543 2902 596 in
2949 555 3127 612 pugna
3164 557 3261 610 pro
3293 545 3495 612 pietate

223 664 367 717 μενοι
388 663 402 675 ·
431 647 629 717 ἐπειδὴ
649 647 705 700 δι
724 646 931 708 ῑκοντες
953 642 1034 712 τῷ
1058 643 1284 712 Θανάτῳ
1310 642 1408 696 καὶ
1432 641 1518 710 τῷ
1550 640 1651 712 ᾅδῃ
1684 642 1813 695 ιαυ.

220 737 340 802 τοὺς
370 735 889 808 προσεκληρὼσατε,
913 733 1235 803 γινώσκετε,
1273 733 1355 785 ὅτι
1385 731 1488 801 ήδη
1519 732 1648 801 ὑμῖν
1680 733 1813 782 ἑπε-

219 825 464 880 λεύσεται
489 826 662 887 αὐτὸς
683 826 712 877 ὁ
731 823 945 895 Κύριος,
960 825 1182 890 επάγων
1207 821 1331 875 καθ’
1351 820 1510 890 ὑμῶν
1534 819 1703 893 ὀργήν
1725 819 1815 872 διά

219 915 284 969 τὰ
312 916 700 987 προλεχθέντα
729 915 923 969 πάντα.

290 1049 309 1079 ι
350 1031 576 1098 Ὠσπερ
603 1027 732 1098 ὅρος
763 1026 972 1080 ἀσεϐῶν
1007 1027 1373 1095 ἀναστήσεται
1424 1023 1632 1096 Κύριος
1655 1065 1668 1087 ,
1718 1026 1806 1078 καὶ

218 1120 364 1174 ἔσται
396 1123 457 1172 ἐν
483 1123 559 1190 τῇ
597 1119 844 1190 φάραγγι
873 1117 1130 1171 Γαὸαών·
1183 1117 1320 1188 μετά
1369 1117 1545 1187 θυμοῦ
1596 1122 1812 1185 ποιήσει

218 1209 283 1263 τὰ
311 1208 449 1280 ιργα
486 1208 686 1272 αὑτοῦ,
723 1208 950 1278 πικρίας
977 1208 1159 1277 ἔργον.
1201 1225 1218 1258 ι
1252 1207 1486 1278 Πικρίας
1515 1206 1651 1278 ἔργα
1697 1211 1813 1270 τοῖς

216 1303 485 1374 δεηθεῖσιν
500 1302 702 1372 ὥσπερ
724 1300 993 1354 ἀντιδότου
1011 1300 1212 1370 πικρᾶς
1226 1298 1314 1351 διὰ
1331 1299 1428 1369 τὴν
1445 1299 1811 1368 ὑποκειμένην

217 1396 390 1448 αὐτῶν
421 1399 489 1466 τῇ
521 1395 675 1464 ψυχῇ
695 1394 909 1446 κακίαν.
926 1393 1127 1462 Πικρία
1146 1392 1202 1444 δὲ
1223 1391 1317 1445 καὶ
1334 1392 1473 1462 ὀργὴ
1492 1393 1585 1444 καὶ
1615 1390 1806 1462 θυμὸς,

216 1489 304 1542 καὶ
330 1489 398 1541 τά
419 1487 656 1541 τοιαῦτα
682 1485 947 1555 λεγόμενα
973 1485 1066 1536 επὶ
1092 1483 1226 1538 Θεοῦ
1246 1483 1397 1536 οὐδὲν
1429 1482 1616 1552 ἕτερον
1649 1483 1681 1553 ἢ
1712 1483 1810 1546 τάς

217 1577 352 1631 κατά
377 1578 492 1630 τῶν
525 1574 748 1630 ἀσεσῶν
768 1574 1017 1636 κολάσεις
1040 1573 1140 1635 τὰς
1164 1573 1229 1625 ὲκ
1260 1569 1354 1623 τοῦ
1383 1570 1532 1624 θείου
1559 1571 1812 1640 δικαστη-

219 1671 332 1740 ρίου
354 1667 800 1738 ἑπελευσομένας
817 1665 975 1720 εῐωθε
996 1665 1302 1736 σημαίνειν.
1324 1683 1344 1714 ι
1369 1665 1426 1716 '0
1452 1664 1510 1716 δὲ
1527 1662 1695 1733 θυμὸς
1712 1666 1809 1716 αὑ-

211 1759 303 1812 τοῦ
356 1759 670 1829 ἀλλοτρίαις
725 1760 1000 1829 χρήσεται,
1052 1755 1145 1809 καὶ
1181 1758 1214 1826 ή
1256 1757 1461 1826 σαπρία
1497 1755 1662 1808 αὑτοῦ
1713 1755 1808 1807 ἀλ-

212 1852 394 1924 λοτρία
413 1869 427 1882 ·
466 1871 486 1903 ι

281 1979 302 2014 ι
340 1963 453 2015 Καὶ
498 1962 668 2032 ὑμεῖς
712 1960 784 2032 μὴ
818 1957 1232 2030 εύφρανθείητε,
1264 1959 1396 2028 μηδὲ
1427 1959 1804 2028 ίσχυσάτωσαν

213 2052 359 2121 ὑμῶν
370 2053 421 2105 οἱ
435 2051 657 2122 δεσμοί⁸
674 2049 804 2104 διότι
821 2049 1276 2120 συντετελεσμένα
1287 2036 1804 2119 καὶσυντετμημένᾶ

213 2144 520 2216 πράγματα
556 2143 770 2214 ἥκουσα
780 2139 928 2213 παρά
938 2140 1146 2213 Κυρίου
1163 2139 1412 2202 Σαϐαὼθ.
1429 2140 1465 2193 ἀ
1481 2141 1609 2211 md)
1618 2157 1697 2193 σει
1712 2142 1806 2193 ἐπὶ

213 2237 385 2287 πᾶσαν
402 2236 507 2308 τὴν
524 2233 658 2304 γῆν.
681 2253 700 2285 ι
719 2233 868 2303 Μηδὲ
892 2232 1264 2303 ίσχυσάτωσαν
1277 2233 1327 2284 οί
1347 2231 1506 2294 πόδες
1532 2231 1705 2300 ὑμῶν,
1723 2226 1806 2295 οἷς

212 2326 546 2396 κατεδήσατε
579 2326 807 2388 ἑαυτοὺς
837 2324 1106 2396 διαθήκην
1134 2322 1376 2394 μετάτοῦ
1399 2323 1633 2377 θανάτου
1648 2339 1804 2393 mu;-

213 2416 432 2486 σάμενοι
462 2417 561 2469 καὶ
588 2413 731 2485 μιτά
761 2413 851 2468 τοῦ
869 2415 995 2486 ᾅδου
1027 2415 1296 2486 συνθήκας
1313 2433 1326 2445 ·
1349 2415 1463 2469 ἀλλ’
1492 2416 1546 2468 εἴ
1568 2432 1653 2477 τις
1675 2415 1804 2484 ὑμῖν

211 2507 321 2558 ἐστι
352 2505 648 2575 σωτηρίας
672 2504 846 2570 ὶλπὶς,
877 2504 1212 2578 ὃιαρῤήξατε
1242 2504 1371 2568 τοὺς
1404 2504 1542 2576 πρὸς
1574 2503 1667 2558 τὸν
1708 2504 1803 2556 θά-

214 2610 365 2647 νατον
410 2593 687 2661 δεσμούςο
717 2594 1041 2664 ἀναχωρείτε
1075 2594 1132 2646 δὲ
1169 2593 1264 2648 καὶ
1296 2593 1397 2665 τῆς
1438 2594 1802 2666 νομιζομένης

213 2673 334 2751 ὅμῖν
364 2681 742 2753 εὐφροσύνης,
773 2682 872 2749 τῆς
905 2699 965 2734 τε
995 2681 1330 2753 προσκαίρου
1374 2682 1658 2737 παύσασθε
1684 2683 1803 2754 ήδοι-

213 2773 326 2844 νῆς·
369 2773 586 2825 τούτων
609 2771 721 2841 γὰρ
751 2773 932 2825 ὁποῖον
951 2771 1101 2824 ἔσται
1135 2772 1197 2824 τὸ
1220 2771 1374 2836 τέλος
1419 2772 1801 2843 μεμαθήκατε.

213 2864 392 2919 Ταῦτα
425 2865 486 2918 δὲ
523 2866 604 2936 μὴ
634 2863 890 2934 νομίσητε
929 2863 1108 2932 λέγειν
1151 2863 1252 2934 ἐμὲ
1283 2863 1376 2918 τὸν
1406 2865 1730 2936 προφήτην·
1766 2865 1804 2918 ἀ

215 2955 315 3026 γὰρ
343 2956 564 3025 ἤκουσα
591 2953 771 3024 ψυχῆς
806 2957 942 3024 ἀκοῇ
989 2954 1272 3025 εἰρηκότος
1299 2953 1393 3007 τοῦ
1439 2956 1652 3026 Κυρίου
1695 2957 1801 3008 Σα-

210 3047 375 3111 ϐαὼθ,
427 3046 592 3099 ταῦθ’
617 3046 748 3116 ὑμῖν
802 3046 1146 3116 μεταδέδωκα
1168 3062 1181 3076 ⁸
1220 3045 1496 3117 ἠϐουλήθη
1527 3045 1636 3118 γὰρ
1661 3048 1805 3118 ὑμᾶς

214 3141 286 3209 μή
306 3141 529 3207 ἀγνοεῖν
567 3139 640 3192 τά
667 3137 794 3209 παρ’
822 3139 969 3208 αὐτῷ
1000 3139 1358 3209 κεκρυμμένα
1387 3141 1483 3191 καὶ
1520 3139 1804 3209 ὡρισμένα

212 3233 298 3283 καί
321 3233 744 3300 συντεταγμένα
771 3234 1094 3302 πράγματα.

283 3343 300 3376 ι
353 3323 720 3387 Ἑνωτίξεσθε
762 3327 850 3378 καὶ
879 3324 1100 3378 ἀκούετε
1127 3324 1227 3392 τῆς
1254 3323 1438 3394 φωνῆς
1476 3340 1577 3392 μου
1602 3339 1615 3351 ·
1642 3339 1808 3394 προσ-

212 3421 360 3487 έχετε
392 3421 493 3472 καὶ
524 3416 757 3471 ἀκούετέ
782 3419 906 3479 τοὺς
923 3417 1113 3484 λόγους
1137 3433 1258 3486 μου.
1297 3435 1315 3466 ι
1346 3416 1445 3467 Διά
1481 3414 1579 3484 μὲν
1619 3413 1715 3467 τοῦ
1736 3417 1805 3483 τῇ

211 3513 354 3581 φωνῇ
381 3513 449 3580 τῇ
473 3511 544 3564 δι’
564 3510 731 3581 ἀέρος
748 3508 1020 3580 φερομένῃ
1038 3508 1105 3561 τά
1126 3502 1240 3560 ὦτα
1263 3507 1523 3577 παρέχειν
1539 3506 1599 3557 τὸ
1619 3506 1807 3557 ἐνωτί-

210 3598 389 3662 ζεσθαι
422 3598 612 3670 δηλῶν
639 3615 653 3628 ⁸
679 3597 766 3650 διὰ
785 3598 841 3650 δὲ
867 3598 961 3650 τοῦ
997 3596 1214 3650 ἀκούειν
1241 3598 1336 3649 καὶ
1358 3595 1673 3666 πειθαρχεῖν
1697 3599 1807 3658 τοῖς

165 3753 170 3755 _
210 3691 520 3761 Αεγομένοις
547 3689 614 3742 τὸ
647 3689 882 3742 ἀκούειν’
907 3688 994 3742 διά
1017 3689 1072 3742 δὲ
1085 3687 1176 3741 τοῦ
1189 3691 1329 3741 νοείν
1345 3690 1459 3750 τοῖς
1474 3687 1807 3758 σημαινομέ-

209 3797 314 3846 νοις
336 3784 604 3852 νοήμασι,
615 3780 715 3851 τὴν
736 3781 1007 3852 προσοχὴν
1022 3779 1118 3832 καὶ
1133 3779 1232 3850 τὴν
1251 3778 1486 3848 θεωρίαν
1503 3779 1800 3850 σημαίνων.

281 3892 300 3923 ι
343 3873 438 3943 Μὴ
498 3872 636 3941 ὃλην
694 3871 793 3940 τὴν
851 3870 1066 3941 ⁴ἡμέραν
1124 3868 1440 3941 ἀροτριάσει
1500 3868 1805 3940 ἀρσεριῶν;

208 3962 240 4034 ἢ
269 3965 477 4035 σπόρον
531 3962 944 4034 προετοιμάσει,
997 3961 1124 4031 πρὶν
1174 3960 1512 4032 ἐργάσασθαι
1540 3959 1639 4031 τὴν
1665 3961 1807 4032 γῆν;

207 4055 316 4124 θύχ
365 4055 503 4106 ὅταν
531 4049 773 4122 ὁμαλίσῃ
806 4051 865 4104 τὸ
895 4051 1187 4121 πρόσωπον
1211 4051 1402 4121 αὐτῆς,
1438 4051 1561 4104 τότε
1591 4053 1807 4123 σπείρει

209 4143 404 4216 μικρὸν
429 4140 727 4215 μελάνθιω
745 4140 778 4212 ἢ
798 4140 862 4193 κύ
872 4157 1053 4210 μινον;
1075 4141 1170 4192 δια)⁸
1191 4141 1352 4194 πάλιν
1378 4140 1592 4209 σπείρει
1610 4141 1805 4212 πυρὸν,

206 4236 296 4288 καὶ
322 4234 551 4307 κριθὴν,
578 4233 680 4286 καὶ
712 4231 944 4302 κέγχρον
971 4231 1065 4284 καὶ
1093 4229 1222 4295 ζέαν
1249 4234 1310 4284 εν
1327 4233 1440 4293 τοῖς
1462 4230 1635 4301 ὁρίοις
1660 4249 1752 4284 σου
1787 4247 1803 4294 ;

206 4327 293 4380 καὶ
327 4325 685 4395 παιδευθήσῃ
713 4322 938 4394 κρίματι
979 4322 1115 4376 Θεοῦ
1142 4339 1256 4386 σου,
1301 4322 1398 4375 καὶ
1431 4320 1802 4395 εύφρανθήση.

209 4420 281 4473 Ut"
320 4419 433 4490 γὰρ
469 4415 620 4488 μετά
653 4413 1017 4486 σκληρότητος
1049 4413 1374 4484 καθαίρεται
1405 4412 1467 4464 τὸ
1496 4412 1802 4483 μελάνθιον,

205 4512 321 4565 οὐδὲ
347 4510 555 4582 τροχὸς
599 4504 819 4577 ἀμάξης
845 4504 1088 4577 περιάξει
1121 4505 1216 4557 ἐπὶ
1265 4503 1328 4555 τὸ
1367 4501 1628 4572 κύμινονο
1668 4502 1806 4555 ἀλλά

207 4599 385 4670 ῥάϐδῳ
420 4597 748 4652 τινάσσεται
772 4595 830 4646 τὸ
861 4593 1170 4665 μελάνθιον,
1203 4591 1264 4643 τὸ
1301 4589 1357 4644 δὲ
1399 4591 1622 4659 κύμινον
1665 4592 1804 4661 μετά

206 4691 367 4761 ἄρτου
397 4689 776 4762 βρωθήσεται.
815 4705 832 4738 ι
864 4682 975 4738 Εἶθ’
1005 4684 1363 4754 ὑποδείγματι
1406 4681 1669 4752 κέχρηται
1710 4701 1807 4751 gau-

208 4783 371 4852 σικῷ’
398 4783 480 4844 ὡς
520 4779 640 4849 γὰρ
668 4777 767 4846 τῆς
793 4777 933 4829 κατά
960 4777 1058 4845 τὴν
1102 4774 1286 4845 χώραν
1313 4776 1589 4844 γεωργίας
1619 4777 1806 4847 ἕτερός

204 4876 345 4927 ἐστιν
376 4877 406 4927 6
425 4872 633 4943 καιρὸς
663 4868 756 4921 τοῦ
787 4868 952 4940 ἀροῦν
988 4866 1086 4937 τὴν
1127 4865 1332 4936 χώραν,
1365 4867 1459 4918 καὶ
1497 4865 1679 4937 ἔτερος
1710 4867 1803 4920 τοῦ

204 4967 445 5039 σπείρειν
480 4961 817 5032 σπέρματα,
855 4961 919 5029 τῇ
967 4956 1303 5027 ὑποκειμένῃ
1345 4959 1417 5024 γῇ
1456 4956 1766 5027 κατάλληλα
1789 4974 1802 4986 ·

204 5057 339 5111 κατά
363 5054 436 5108 τά
472 5049 624 5105 αὐτά
659 5049 754 5101 καὶ
799 5049 828 5099 ὁ
869 5046 979 5098 τῶν
1023 5043 1210 5115 ψυχῶν
1241 5040 1488 5113 γεωργὸς
1529 5041 1623 5093 τοῦ
1668 5041 1804 5094 Θεοῦ

204 5149 393 5218 Λόγος,
421 5143 576 5201 κατά
613 5141 716 5213 μὲν
748 5139 838 5192 τὸν
885 5137 1187 5207 ἐπιτήδειον
1218 5135 1415 5203 καιρὸν
1444 5133 1540 5196 τὰς
1578 5131 1686 5184 τῶν
1712 5135 1804 5186 ἁν-

201 5241 436 5314 ορὼςανν
474 5235 668 5307 ψυχὰς
696 5231 947 5286 νεοῦσθαι
994 5230 1276 5300 βούλεται,
1318 5227 1410 5280 διὰ
1441 5225 1541 5294 τῆς
1584 5225 1804 5295 λογικῆς

201 5331 556 5392 διδασκαλίας
620 5324 912 5395 σχιζούσης
960 5323 1051 5375 καὶ⁵
1097 5319 1511 5390 ἀνατεμνούοης
1566 5319 1691 5380 τοὺς
1744 5320 1805 5370 ιν

203 5422 352 5491 βάθει
377 5416 809 5493 κρυπτομένους
835 5414 1125 5481 λογισμοὺς
1153 5410 1231 5480 τῷ
1249 5409 1345 5462 τοῦ
1370 5409 1531 5475 λόγου
1560 5409 1796 5478 ἀρότρῳ.

202 5517 289 5569 Διὸ
306 5512 659 5588 προστάττει
685 5505 881 5574 λέγων’
924 5524 940 5554 ι
977 5502 1230 5554 Nuitones
1262 5503 1481 5561 ἑαυτοῖς
1523 5498 1803 5567 valitura,

203 5604 289 5661 καὶ
339 5608 419 5680 μὴ
474 5602 754 5670 σπείρητε
783 5600 878 5649 ἐπ’,
896 5595 1176 5657 ἀκάνθαις.
1211 5613 1229 5644 ι
1276 5590 1533 5645 Ἐπειδὰν
1572 5589 1629 5642 δὲ
1664 5593 1801 5658 opu.

189 5698 347 5768 ,λισθῇ
380 5698 446 5749 τὸ
469 5689 729 5758 ὡσπερεὶ
759 5689 1044 5757 πρόσωπον
1062 5687 1158 5755 τῆς
1177 5680 1382 5752 ψυχῆς,
1406 5684 1586 5748 πάσης
1611 5681 1807 5742 κακίας

198 5783 658 5856 περιαιρεθείσης
714 5776 811 5843 τῆς
846 5775 1008 5826 πάλαι
1040 5775 1096 5825 ἐν
1146 5775 1282 5841 αὐτῇ
1334 5771 1592 5825 ἀκανθῶν
1644 5769 1798 5836 δίκην

197 5862 440 5950 (ῥυείσης,
471 5868 792 5947 τηνικαῦτα
831 5869 1176 5934 καταλλήλως
1220 5870 1286 5932 τῇ
1323 5868 1434 5922 τῶν
1467 5866 1792 5934 ὑποδεχομέ-

1918 637 2236 693 sustinenda
2289 636 2491 691 infirmi
2551 635 2786 701 essetis;
2857 633 2981 702 quia
3043 647 3176 686 vero
3245 634 3496 690 lubenter

1912 730 2073 783 morti
2105 727 2406 791 etinl‘erno
2437 740 2532 781 vos
2596 724 2900 787 dedidistis,
2934 722 3130 777 scitote
3165 721 3276 789 jam
3318 725 3494 791 ipsum

1915 820 2200 874 Dominum
2253 835 2350 872 vos
2415 819 2727 871 invasurum
2783 831 2931 880 esse,
2990 825 3050 868 ut
3089 817 3160 870 ob
3194 827 3494 872 memorata

1912 913 2093 966 omnia
2130 912 2265 966 iram
2296 922 2351 965 et
2377 911 2635 965 ultionem
2670 907 2868 964 inferat
2893 907 3067 987 vobis.

1981 1046 2147 1100 Vens.
2170 1046 2262 1102 2i.
2295 1063 2313 1097 t
2347 1044 2501 1100 Sicut
2543 1060 2701 1099 mons
2749 1043 3039 1114 impiorum
3068 1052 3359 1111 consurget
3383 1043 3492 1098 Do-

1912 1138 2114 1202 minus.
2143 1150 2202 1193 et
2225 1139 2331 1206 erit
2359 1137 2417 1192 In
2448 1137 2588 1192 valle
2617 1136 2883 1190 Gabaon:
2929 1151 3053 1208 cum
3103 1134 3292 1190 furore
3331 1136 3496 1192 faciet

1909 1243 2074 1298 opera
2103 1243 2220 1293 sua,
2253 1228 2638 1282 amaritudinis
2662 1243 2816 1297 opus.
2849 1246 2868 1279 ι
2904 1227 3304 1283 Amaritudinis
3326 1243 3492 1297 opera

1912 1322 1978 1374 iis
2002 1320 2229 1389 indiget,
2258 1321 2349 1389 qui
2376 1320 2447 1374 ob
2495 1320 2713 1374 insitam
2763 1321 2957 1374 anima:
3003 1320 3288 1384 malitiam,
3335 1322 3491 1391 quasi

1910 1415 2108 1467 acerbo
2139 1413 2376 1466 remedio
2405 1428 2542 1480 opus
2574 1413 2798 1466 habent.
2837 1412 3115 1466 Caeterum
3159 1412 3490 1477 amaritudo.

1911 1503 1987 1557 ira
2013 1515 2070 1559 et
2099 1505 2270 1570 furor,
2303 1515 2357 1559 et
2387 1504 2582 1558 similia
2637 1505 2705 1558 de
2752 1503 2863 1557 Deo
2908 1503 3140 1572 prolata,
3180 1505 3314 1558 nihil
3344 1505 3491 1560 aliud

1909 1595 2223 1664 signiﬁcare
2257 1595 2453 1657 solent,
2498 1609 2661 1664 quam
2706 1610 2736 1647 a
2793 1595 2977 1648 divino
3004 1595 3264 1650 tribunali
3292 1597 3495 1654 immit-

1910 1689 2072 1743 tenda
2109 1688 2289 1757 impiis
2315 1687 2600 1758 supplicia.
2650 1705 2669 1736 ι
2716 1686 2888 1741 Furor
2919 1697 3100 1741 autem
3154 1687 3270 1756 ejus
3310 1689 3492 1748 alieno

1907 1782 2067 1837 modo
2097 1790 2301 1845 utetur,
2325 1791 2379 1836 et
2403 1781 2579 1834 caries
2605 1779 2724 1848 ejus
2753 1779 2927 1833 aliena
2951 1797 2965 1832 :
2998 1797 3019 1832 ι

1979 1965 2147 2019 Vsas.
2180 1964 2270 2019 22.
2303 1985 2325 2016 ι
2355 1963 2423 2018 Et
2467 1978 2559 2018 vos
2601 1962 2772 2018 nolite
2815 1962 3008 2027 uetari,
3044 1975 3228 2032 neque
3268 1963 3493 2019 confor-

1907 2065 2094 2112 tentur
2119 2058 2332 2112 vincula
2367 2066 2578 2111 vestra:
2608 2057 2732 2125 quia
2759 2065 3172 2111 consummatae
3211 2065 3268 2111 et
3289 2056 3490 2112 abbre-
3599 2047 3603 2051 ’

1907 2149 2080 2202 viatas
2114 2165 2199 2204 res
2235 2148 2415 2202 audivi
2467 2162 2499 2200 a
2545 2147 2777 2202 Domino
2822 2147 3061 2202 Sabaoth
3095 2166 3108 2201 :
3155 2161 3295 2218 quas
3326 2147 3495 2203 faciet

1907 2256 2071 2311 super
2103 2241 2414 2295 universam
2449 2249 2670 2293 terram.
2701 2257 2720 2290 ι
2771 2237 2956 2307 Neque
2979 2235 3358 2293 confortentur
3398 2252 3492 2308 pe-

1905 2333 2002 2386 des
2033 2332 2222 2397 vestri,
2245 2331 2466 2400 quibus,
2504 2331 2643 2385 inito
2691 2345 2813 2385 cum
2843 2341 3018 2385 morte
3050 2328 3283 2397 ﬁndere,
3309 2339 3366 2385 et
3398 2345 3492 2401 pa.

1904 2423 2088 2478 ctione
2128 2438 2252 2477 cum
2288 2421 2508 2477 inferno
2537 2421 2703 2489 facta,
2748 2437 2848 2478 vos
2891 2421 3195 2494 colligastis
3239 2442 3254 2477 :
3305 2423 3402 2478 sed
3445 2423 3491 2479 si

1905 2531 2009 2585 qua
2040 2516 2191 2571 vobis
2215 2530 2341 2586 spes
2372 2515 2568 2571 salutis
2587 2516 2852 2586 supersit,
2875 2516 3115 2586 rumpite
3151 2515 3342 2570 mortis
3370 2515 3494 2570 vin-

1905 2609 2062 2664 cula:
2111 2610 2179 2664 ab
2207 2623 2296 2675 ea,
2324 2623 2486 2679 quam
2528 2607 2777 2662 Iatitiam
2817 2608 3146 2676 opinamini,
3187 2608 3492 2672 abscedite,

1908 2711 2270 2771 temporaneae
2295 2701 2587 2770 voluptatis
2611 2701 2772 2755 tine‘m
2805 2700 3000 2756 facite:
3025 2701 3221 2756 borum
3255 2715 3495 2771 namque

1904 2793 1996 2862 qui
2025 2792 2242 2849 futurus
2274 2793 2396 2849 linis
2418 2793 2490 2848 sit
2512 2793 2840 2849 edidicistis.
2871 2793 3142 2849 Caeterum
3181 2809 3254 2850 ne
3290 2794 3496 2863 putetis

1907 2899 1993 2937 me
2015 2885 2341 2954 prophetam
2373 2886 2563 2940 isthazc
2593 2885 2776 2940 dicere
2803 2903 2818 2939 :
2855 2901 2978 2939 nam
3011 2901 3132 2955 qua:
3168 2887 3367 2941 anima:
3391 2901 3494 2944 alt-

1908 2975 2057 3030 ribus
2079 2975 2388 3046 loquentem
2419 2977 2711 3031 Dominum
2741 2977 2984 3033 Sabaoth
3017 2981 3225 3044 audivi,
3260 2981 3374 3036 haec
3402 2995 3477 3034 vo

1907 3068 1990 3122 bis
2022 3069 2360 3124 renuntiavi:
2396 3069 2511 3138 ipse
2537 3070 2738 3141 quippe
2767 3070 2980 3126 occulta
3013 3081 3070 3126 et
3095 3081 3300 3126 statuta
3332 3071 3402 3128 ab
3433 3087 3494 3127 se

1909 3163 2122 3215 decreta
2148 3175 2179 3216 a
2209 3161 2365 3216 vobis
2399 3177 2506 3215 non
2535 3162 2777 3230 ignorari
2806 3161 3052 3231 expetiit.

1983 3319 2147 3373 Vens.
2187 3319 2280 3374 25.
2329 3322 2614 3375 «Δυηοιιε
2661 3321 2925 3390 percipite
2973 3329 3030 3375 et
3086 3319 3271 3375 audite
3302 3335 3492 3379 vocem

1909 3425 2126 3465 meam:
2156 3413 2423 3468 attendite
2455 3424 2506 3468 et
2538 3415 2722 3468 audite
2746 3415 2911 3470 verba
2951 3429 3092 3468 mea.
3130 3433 3150 3466 ι
3189 3414 3297 3471 Per
3335 3417 3490 3484 illud,

1915 3517 1933 3550 ι
1970 3501 2191 3557 auribus
2215 3506 2518 3574 percipere,
2545 3524 2564 3556 ι
2597 3507 2712 3560 voci
2742 3522 2839 3574 per
2866 3522 2994 3560 aera
3019 3506 3144 3562 lata:
3169 3523 3330 3564 aures
3358 3527 3496 3580 prae-

1909 3593 2058 3656 bere,
2095 3595 2406 3666 signiﬁcat;
2445 3612 2543 3666 per
2579 3598 2709 3652 illud
2743 3609 2953 3662 autem,
2990 3617 3010 3650 ι
3042 3601 3254 3666 audire,
3288 3620 3310 3654 ι
3348 3604 3494 3660 dicta

1909 3686 2217 3744 auscultare
2233 3688 2409 3758 iisque
2425 3691 2650 3760 obsequi
2672 3709 2686 3744 :
2705 3691 3060 3746 attentionem
3092 3702 3343 3748 autemet
3371 3710 3499 3765 spe-

1908 3791 2232 3848 culationem
2263 3805 2420 3850 vocat
2437 3795 2833 3850 declaratarum
2857 3812 3037 3851 rerum
3058 3797 3491 3869 intelligentiam.

1981 3885 2356 3941 Vsas.2I-27.
2392 3901 2412 3940 ι
2440 3886 2710 3958 Numquid
2739 3898 2854 3944 tota
2879 3891 2968 3945 die
2990 3890 3192 3955 arabit,
3215 3893 3308 3961 qui
3336 3897 3499 3950 arat?

1907 3986 1999 4030 aut
2027 3992 2212 4032 semen
2238 3981 2590 4048 praeparabit,
2616 3992 2910 4052 antequam
2949 3992 3206 4053 operetur
3245 3992 3447 4040 terram
3470 3990 3500 4044 ?

1907 4067 2097 4123 Nonne
2128 4087 2250 4126 cum
2279 4073 2580 4141 aequaverit
2610 4077 2961 4144 superﬁciem
2989 4075 3128 4143 ejus,
3157 4087 3287 4132 tunc
3329 4081 3495 4135 semi-

1909 4163 2057 4218 nabit
2111 4177 2333 4233 parvum
2383 4179 2641 4234 papaver,
2683 4176 2779 4221 aut
2820 4167 3096 4238 cyminum
3130 4169 3154 4220 τ
3195 4179 3249 4224 et
3274 4184 3493 4226 rursum

1907 4257 2199 4312 semiuabit
2254 4258 2522 4323 triticum,
2576 4269 2630 4314 et
2689 4259 2980 4325 hordeum,
3038 4269 3096 4314 et
3143 4261 3380 4328 milium,
3436 4277 3493 4318 et

1907 4363 2135 4431 spcltam
2200 4363 2252 4418 in
2308 4363 2512 4420 ﬁnibus
2559 4366 2707 4420 tuis?
2739 4365 2806 4420 Et
2839 4366 3108 4420 erudieris
3151 4365 3359 4435 judicio
3393 4369 3491 4423 Dei

1909 4453 2005 4519 tui,
2037 4463 2091 4508 et
2131 4455 2419 4510 laatabcris.
2478 4454 2591 4510 Non
2631 4459 2776 4511 enim
2812 4473 2940 4512 cum
2992 4457 3193 4512 duritia
3223 4473 3491 4530 purgatur

1838 4566 1877 4618 ο
1909 4561 2166 4616 papaver,
2201 4562 2376 4617 neque
2412 4559 2528 4602 rota
2569 4550 2795 4618 plaustri
2822 4551 3067 4605 volvetur
3114 4566 3279 4619 super
3315 4554 3488 4623 cymi-

1908 4654 2067 4704 num;
2117 4639 2210 4694 sed
2252 4641 2400 4707 virga
2435 4641 2715 4694 excutitur
2763 4656 3028 4711 papaver:
3062 4641 3334 4712 cyminum
3386 4657 3487 4697 an-

1910 4742 2016 4787 tem
2045 4747 2166 4786 cum
2199 4747 2339 4802 pane
2363 4735 2702 4788 comedetur.
2738 4753 2756 4786 »
2795 4731 3035 4787 Naturali
3081 4733 3274 4787 deinde
3300 4749 3488 4790 exem-

1909 4825 1994 4895 plo
2051 4827 2259 4880 utitur:
2321 4828 2776 4894 quemadmodum
2835 4826 2979 4879 enim
3029 4826 3082 4879 in
3127 4826 3486 4894 agricultura,

1909 4919 2052 4975 aliud
2101 4930 2313 4989 tempus
2343 4919 2530 4973 arandi
2563 4935 2747 4988 agrum
2783 4927 2887 4982 est,
2921 4917 3068 4971 aliud
3098 4931 3228 4971 vero
3279 4917 3488 4972 semina

1908 5014 2146 5068 subacta
2177 5020 2336 5066 terrae
2363 5012 2719 5081 congruentia
2739 5008 2978 5080 jaciendi
3002 5024 3017 5072 ;
3039 5007 3228 5062 eadem
3261 5023 3486 5076 prorsus

1906 5121 2115 5176 ratione
2169 5121 2475 5172 animarum
2526 5116 2786 5189 agricola,
2838 5117 2933 5171 Dei
2971 5113 3234 5179 Verbum,
3275 5113 3488 5168 animas

1907 5217 2189 5272 hominum
2233 5212 2404 5275 arari,
2432 5225 2500 5266 ac
2527 5227 2626 5277 per
2648 5208 3026 5265 rationabilem
3066 5207 3374 5262 doctrinam
3415 5205 3489 5258 Ia-

1910 5320 2083 5364 tentes
2112 5309 2218 5361 imo
2243 5314 2464 5374 pectore
2495 5302 2855 5373 cogitationes
2884 5298 3034 5354 verbi
3069 5308 3254 5352 aratro
3285 5296 3487 5352 sulcari

1906 5403 2129 5474 expetit.
2173 5398 2537 5466 Quamobrem
2585 5396 2660 5448 ita
2699 5393 2942 5463 pra-cipit
2979 5407 2994 5442 :
3027 5409 3045 5441 ι
3072 5389 3278 5442 Novate
3325 5387 3484 5440 nobis

1907 5493 2144 5555 novalia,
2172 5501 2228 5550 et
2264 5504 2329 5543 ne
2357 5489 2623 5542 seminate
2654 5502 2817 5555 supra
2859 5485 3067 5553 spinas.
3105 5499 3122 5532 ι
3179 5479 3481 5548 Postquam

1907 5594 2085 5638 autem
2123 5581 2208 5635 illa
2241 5580 2435 5632 anima
2465 5577 2630 5632 veluti
2657 5577 2973 5648 superficies
3006 5573 3348 5640 complanata
3376 5579 3481 5632 est,

1913 5675 2121 5731 sublata
2158 5673 2324 5736 omni,
2371 5670 2499 5731 olim
2552 5673 2605 5725 in
2644 5683 2713 5725 ea
2741 5670 3020 5738 spinarum
3083 5666 3258 5719 instar
3307 5661 3484 5729 pullu-

1907 5767 2076 5831 Iante,
2109 5766 2348 5835 nequitia
2390 5780 2405 5828 ;
2466 5776 2592 5819 tunc
2639 5765 2851 5817 ratione
2903 5761 3087 5815 habita
3150 5753 3484 5811 discriminis

1908 5877 2094 5921 eorum
2129 5863 2221 5932 qui
2265 5876 2450 5918 scmcu
2487 5862 2787 5928 excipiunt,
2821 5857 3024 5913 semina
3052 5854 3229 5919 jacit;
3261 5852 3314 5906 in
3348 5847 3486 5904 alios
