4100 6426
225 377 325 431 297

1148 372 1661 434 ΟΟΜΜΕΝΤΑΠΙᾹ
1700 369 1767 426 IN
1806 368 2066 429 ISAIAM.
2109 401 2179 412 —-
2212 368 2367 427 CAP.
2411 368 2599 423 XXIX.

3411 371 3514 426 ὶθὸ

227 496 543 566 ἐπολέμησε
576 494 771 559 Δαυῖδ,
804 495 889 548 ὅτε
937 494 1041 549 ὑπὸ
1103 492 1424 562 ἀλλοφύλοις
1458 486 1548 562 ἦν.
1595 489 1823 541 Δύναται

1934 497 2082 540 ctum
2116 487 2303 551 fuisse,
2340 503 2359 536 ι
2396 500 2489 554 per
2522 498 2683 554 quam
2726 483 3053 552 expugnavit
3099 482 3288 539 David.
3331 505 3348 536 ι
3385 486 3517 542 Illud

224 585 280 637 δὲ
304 586 402 638 καὶ
425 586 561 637 ἀντὶ
588 585 712 650 τοῦ,
741 604 758 636 ι
786 586 850 638 δι’
873 586 938 655 ἢν
964 584 1270 655 ἐπολέμησε
1302 582 1486 645 Δαυῖδ,
1513 599 1533 634 ι
1552 578 1830 647 λέγεσθαι.

224 673 296 726 T6
322 673 401 737 δὲ,
438 692 458 724 ι
508 674 862 741 Συναγάγετε
899 675 1234 745 γεννήματα,
1280 690 1300 724 ι
1329 672 1498 743 φησίν
1522 687 1538 701 ·
1573 671 1697 723 ὅσον
1723 669 1833 739 γὰρ

224 761 379 817 οὔπω
410 764 833 835 στερηθήσεσθε
862 763 1512 836 πάσηςλογικῆςτροφῆς.
1530 763 1622 825 Ὠς
1642 756 1834 814 ἔτιοῦν

227 854 419 923 καιρός
440 855 589 917 ἐστι,
614 853 886 924 χρήσασθε
898 857 1009 918 τοῖς
1028 856 1287 916 ἐνιαυτοῖς
1301 852 1517 917 τούτοις
1539 852 1679 923 πρὸς
1689 851 1834 921 ὠφέ-

226 943 374 996 λειαν
396 944 515 997 τῶν
547 945 836 1016 ὑμετέρων
856 945 1040 1017 ψυχῶν
1061 965 1075 979 ο
1101 946 1195 1003 καί
1218 963 1308 1017 μοι
1333 945 1483 999 δοκεῖ
1506 945 1597 999 διὰ
1623 944 1832 998 τούτων

226 1035 566 1089 αἰνίττεσθαι
605 1036 705 1089 τὸν
750 1037 933 1108 χρόνον
981 1036 1073 1091 τοῦ
1127 1037 1397 1108 σωτηρίου
1448 1035 1829 1107 κηρύγματος,

228 1124 349 1177 καθ’
378 1127 440 1179 ὃν
464 1126 824 1197 ἐπιδημήσας
842 1128 1020 1192 αὐτοῖς
1037 1128 1066 1179 6
1086 1127 1299 1197 Σωτὴρ,
1323 1127 1621 1197 ἐκήρυττεν
1648 1126 1829 1177 ἐνιαυ-

228 1215 317 1268 τὸν
344 1218 564 1288 Κυρίου
594 1217 787 1271 δεκτὺν
825 1219 918 1271 καὶ
956 1217 1171 1289 ἡμέραν
1200 1216 1632 1279 ἀνταποδόσεως.
1673 1216 1829 1285 Τάχα

228 1307 284 1359 δὲ
309 1310 404 1363 καὶ⁴
432 1309 701 1382 δεύτερον
726 1311 903 1373 αὐτοῖς
930 1309 1193 1371 ἐνιαυτὸν,
1219 1308 1253 1380 ἢ
1279 1310 1375 1362 καὶ
1407 1308 1593 1380 τρίτον
1618 1306 1830 1377 ὡμιληο

229 1400 341 1465 κὼς
379 1402 667 1470 φαίνεται,
709 1402 875 1454 Αὑτὸν
915 1397 1006 1454 οὖν
1046 1402 1251 1453 ἐκεῖνον
1292 1399 1415 1453 καθ’
1459 1400 1519 1452 ὃν
1566 1402 1829 1470 παρεῖχεν

229 1493 412 1557 αὐτοῖς
438 1494 514 1546 τὰ
556 1496 691 1565 περὶ
733 1497 828 1564 τῆς
852 1493 958 1546 τῶν
986 1492 1230 1565 οὐρανῶν
1259 1491 1539 1562 βασιλείας
1573 1492 1830 1563 μαθήμα-

230 1600 313 1646 τα,
332 1586 627 1655 σημαίνων
662 1584 791 1654 φησί
810 1602 823 1614 ο
856 1604 873 1637 ι
898 1586 1238 1653 Συναγάγετε
1268 1584 1617 1653 γεννήματα,
1652 1584 1830 1636 ἐνιαυ-

231 1671 319 1724 τὸν
345 1676 437 1726 ἐπ’
470 1674 725 1726 ἐνιαυτὸν
756 1674 1011 1742 φάγεσθε.
1042 1693 1059 1725 ι

306 1786 324 1817 ι
375 1766 663 1834 Ἐκθλίψω
685 1766 791 1837 γὰρ
835 1767 1035 1837 Ἀριὴλ,
1069 1764 1163 1819 καὶ⁸
1196 1764 1349 1818 ἔσται
1389 1764 1563 1833 αὐτῆς
1595 1766 1627 1836 ή
1676 1765 1829 1835 ἰσχὺς

1938 594 2063 632 vero
2089 619 2103 642 ,
2144 596 2165 629 ι
2201 589 2521 646 congregate
2551 576 2793 639 fructus,
2828 594 2845 626 ι
2887 576 2991 630 hoc
3043 590 3207 631 sensu
3240 579 3407 632 dicit:
3440 582 3516 635 si-

1935 671 2155 740 quidem
2198 671 2504 739 proximum
2536 679 2616 722 est
2664 678 2722 723 ut
2755 666 3061 722 rationabili
3110 672 3232 725 cibo
3259 671 3516 726 careatis.

1936 760 2068 813 Dum
2110 761 2277 831 igitur
2310 771 2521 828 tempus
2544 771 2653 823 est,
2700 760 2852 815 ltisce
2899 761 3057 815 anuis
3090 763 3155 815 ad
3210 762 3519 817 animarum

1935 861 2231 905 vestrarum
2264 853 2552 906 utilitatem
2590 852 2830 906 iruimini
2859 869 2873 906 :
2905 854 3147 923 mihique
3180 854 3397 909 videtur
3432 856 3519 911 his

1934 941 2276 996 subindicare
2301 942 2556 997 salutaris
2583 943 2986 1009 praedicationis
3004 953 3237 1013 tempus,
3255 960 3363 1014 quo
3376 948 3519 1017 apud

1934 1030 2052 1084 illos
2079 1033 2457 1102 peregrinatus
2490 1032 2775 1098 Salvator,
2822 1035 3142 1103 praedicavit
3170 1052 3373 1091 annum
3408 1039 3517 1094 Do-

1934 1121 2063 1175 mini
2094 1123 2485 1192 acceptabilem
2516 1135 2571 1179 et
2606 1134 2820 1193 tempus
2871 1126 3267 1183 retributionis.
3309 1128 3375 1183 Et
3409 1129 3521 1185 for-

1934 1217 2085 1265 tasse
2116 1212 2347 1268 alterum
2378 1229 2579 1268 annum
2609 1254 2625 1281 ,
2666 1217 2772 1269 imo
2798 1216 2937 1270 forte
2972 1217 3195 1271 tertium
3224 1258 3239 1284 ,
3265 1234 3389 1275 cum
3417 1220 3527 1276 illis

1931 1313 2283 1356 conversatus
2322 1303 2585 1358 videatur.
2632 1302 2784 1356 illum
2838 1304 3023 1373 itaque
3075 1304 3255 1373 ipsum
3293 1323 3533 1377 annum,

1931 1408 2039 1461 quo
2061 1393 2191 1462 ipsis
2207 1394 2273 1447 de
2303 1409 2470 1461 regno
2493 1394 2754 1447 ctelorum
2784 1394 3033 1448 instituta
3068 1396 3534 1469 disciplinamque

1933 1483 2175 1547 tradidit,
2210 1483 2529 1554 signiﬁcans
2558 1484 2669 1547 ait,
2703 1501 2721 1533 ε
2758 1484 3104 1553 Congrcgate
3150 1486 3385 1558 fructus,
3421 1506 3527 1545 an-

1931 1591 2057 1629 num
2084 1590 2247 1645 supra
2278 1590 2479 1631 annum
2514 1575 2832 1633 comedetis.
2873 1596 2891 1628 ι

1946 1772 1957 1781 ⁸
1999 1755 2163 1810 Vens.
2192 1755 2307 1810 2-5.
2350 1776 2368 1809 ‹
2403 1755 2645 1827 Atliigam
2681 1757 2824 1811 enim
2851 1757 3020 1823 Ariel,
3047 1765 3101 1812 et
3126 1758 3231 1813 erit
3260 1758 3376 1826 ejus
3402 1758 3512 1814 for-

230 1853 322 1905 καὶ
347 1854 377 1905 6
410 1852 655 1915 πλοῦτος
683 1854 821 1923 ἐμοί.
866 1854 973 1907 Kal
1017 1853 1281 1907 κυκλώσω
1323 1854 1400 1917 ὡς
1421 1853 1585 1907 Δαυῖδ
1612 1854 1707 1906 ἐπὶ
1736 1853 1817 1915 σὲ,

1928 1846 2096 1899 titudo
2126 1856 2180 1900 et
2218 1847 2424 1901 divitiae
2455 1847 2607 1900 mihi.
2660 1848 2724 1901 Et
2754 1848 3103 1903 circumdabo
3145 1860 3199 1903 te
3232 1848 3377 1903 sicut
3405 1849 3512 1903 Da-

232 1945 343 1998 xal'
364 1944 521 2013 βαλῶ
558 1946 645 2007 εἰς
678 1946 913 2015 χάρακα,
962 1946 1053 1998 καί
1078 1945 1436 2017 οἰκοδομήσω,
1463 1945 1613 2016 θήσω
1636 1946 1728 1999 ἐπὶ
1765 1946 1825 1999 σὲ

232 2030 503 2102 πύργους.
542 2033 658 2085 Kal
686 2032 1173 2105 ταπεινωθήσονται
1199 2035 1248 2086 οἱ
1281 2034 1426 2102 λόγοι
1465 2052 1581 2097 σου,
1617 2036 1713 2089 καὶ
1743 2037 1826 2099 είς

228 2124 325 2193 τὴν
349 2124 461 2193 γῆν
494 2123 545 2175 οί
592 2122 744 2191 λόγοι
782 2139 872 2176 σου
914 2125 1175 2179 δύσονται.
1208 2125 1319 2177 Kal
1347 2124 1499 2178 ἔσται
1526 2126 1603 2189 ῶς
1628 2127 1679 2179 ot
1714 2144 1827 2196 φω-

228 2214 451 2278 νοῦντες
491 2216 563 2268 ἐκ
598 2215 704 2283 τῆς
740 2217 838 2286 γῆς
865 2220 896 2288 ή
933 2219 1080 2287 φωνή
1114 2235 1230 2281 σου,
1258 2218 1354 2271 καὶ
1376 2218 1513 2289 πρὸς
1541 2220 1603 2272 τὸ
1631 2220 1826 2289 ἔδαφος

230 2307 264 2375 ή
289 2309 447 2377 φωνή
493 2324 592 2360 σου
624 2306 932 2378 ἀσθενήσει.
979 2310 1087 2361 Kal
1123 2309 1275 2363 ἔσται
1305 2308 1379 2372 ὡς
1414 2310 1691 2380 κονιορτὸς
1718 2310 1827 2363 ἀπὸ

229 2397 430 2469 τροχοῦ
466 2402 495 2452 6
524 2397 762 2462 πλοῦτος
798 2400 904 2452 τῶν
950 2399 1184 2463 ἀσεϐῶν,
1233 2401 1327 2453 καὶ
1367 2400 1444 2462 ὼς
1470 2400 1630 2470 χνοῦς
1665 2402 1827 2476 φερό-

233 2503 396 2555 μενος
438 2487 524 2540 έτὸ
575 2488 781 2557 πλῆθος
832 2490 940 2542 τῶν
983 2490 1557 2545 καταδυναστευόντων
1598 2507 1679 2555 σε,
1734 2493 1827 2546 καὶ

200 2576 388 2630 ,ἕσται
413 2580 494 2641 ὡς
520 2579 731 2649 στιγμὴ
761 2582 1101 2651 παραχρῆμα
1132 2581 1285 2652 παρὰ
1311 2582 1512 2652 Κυρίου
1536 2581 1819 2637 Σαϐαὼθ.»

234 2666 448 2737 ’Ὠσπερ
483 2672 599 2737 γάρ
636 2684 762 2720 ποτε
804 2671 831 2721 6
881 2670 1042 2722 Δαυῖδ
1077 2669 1427 2741 παρεμϐολὴν
1470 2671 1601 2743 περὶ
1645 2671 1703 2724 σὲ
1726 2673 1825 2742 τὴν

260 2754 611 2826 ἱερουσαλῆμ
635 2755 931 2820 ἐκύκλωσε,
962 2758 1050 2809 ὅτε
1076 2756 1386 2825 ἀλλοφύλων
1403 2750 1563 2827 ἦσθα,
1592 2758 1685 2809 καὶ
1708 2758 1827 2810 ἐπο-

233 2843 444 2916 λεμησὲ
489 2863 554 2898 σε
589 2845 746 2897 τώλιν
797 2842 959 2900 οὖσαν
1012 2848 1359 2917 ἀλλοφύλων’
1408 2848 1550 2901 οὕτω
1608 2849 1765 2917 κάγὼ
1798 2851 1826 2903 6

234 2937 404 2990 ταῦτα
420 2938 605 3006 λέγων
632 2936 835 3007 Κύριος
860 2940 952 2991 νῦν
970 2956 1027 2991 σε
1052 2938 1333 2993 κυκλώσω.
1362 2939 1826 3013 ’Δλλοφύλωνογάρ

234 3032 555 3101 οἰκητήριον
602 3030 852 3096 γέγονας,
902 3031 1249 3101 πληρωθεῖσα
1292 3033 1475 3085 κακῶν
1520 3034 1821 3105 ἀρχόντων.

239 3122 412 3193 "Amp
451 3120 765 3192 ἐπληροῦτο
792 3124 927 3192 μετά
959 3124 1026 3176 τά
1049 3125 1389 3195 τολμηθέντα
1424 3130 1536 3190 τοῖς
1569 3128 1669 3198 τὴν
1720 3129 1821 3180 Ἰε-

1930 1936 2039 1999 vid,
2068 1946 2123 1991 et
2150 1936 2363 2006 cingam
2400 1946 2450 1990 te
2484 1937 2643 1998 vallo,
2670 1948 2723 1990 et
2745 1949 3048 1999 exstruam,
3069 1945 3122 1990 et
3153 1951 3349 2005 ponam
3376 1949 3512 1989 cou-

1930 2033 2010 2077 tra
2041 2033 2091 2078 te
2120 2034 2315 2079 turres.
2352 2024 2419 2079 Et
2451 2025 2883 2079 humiliabuntur
2924 2040 3206 2081 sermones
3238 2025 3336 2089 tui,
3370 2034 3424 2079 et
3454 2024 3511 2078 in

1932 2123 2131 2168 terram
2166 2114 2423 2168 subibunt
2457 2115 2619 2167 verba
2649 2124 2758 2166 tua.
2799 2113 2864 2167 Et
2889 2115 2994 2167 erit
3018 2125 3275 2184 tanquam
3302 2113 3395 2181 qui
3434 2112 3511 2166 lo-

1928 2214 2169 2273 quuntur
2204 2204 2271 2259 de
2312 2216 2457 2259 terra
2486 2219 2587 2257 vox
2640 2214 2728 2257 tua
2757 2245 2772 2270 ,
2818 2213 2870 2258 et
2902 2205 2969 2259 ad
3014 2205 3383 2273 pavimentum
3408 2218 3514 2257 vox

1930 2305 2018 2350 tua
2066 2296 2432 2350 inﬁrmabitur
2470 2312 2486 2361 ;
2539 2305 2594 2350 et
2638 2305 2799 2349 erunt
2840 2304 3095 2364 tanquam
3126 2295 3301 2363 pulvis
3334 2309 3363 2348 a
3396 2306 3515 2349 rota

1928 2386 2128 2441 divitiae
2179 2386 2491 2455 impiorum,
2520 2396 2576 2441 et
2630 2385 2771 2440 sicut
2812 2385 2998 2440 favilla
3024 2396 3299 2441 commota
3328 2386 3511 2439 multi-

1931 2479 2056 2531 tudo
2084 2492 2269 2532 eorum
2304 2480 2395 2547 qui
2429 2490 2482 2533 te
2508 2478 2794 2545 subigent:
2837 2488 2893 2531 et
2934 2479 3039 2532 erit
3087 2487 3343 2547 tanquam
3375 2494 3515 2547 puu-

1928 2579 2075 2622 ctum
2111 2570 2399 2623 confeStim
2438 2586 2465 2623 a
2510 2570 2739 2623 Domino
2784 2570 3048 2624 Sabaoth.
3095 2588 3114 2620 ι
3145 2568 3514 2635 Quemadmo-

1928 2661 2053 2713 dum
2083 2661 2225 2713 euim
2258 2661 2425 2715 David
2458 2662 2726 2727 quondam
2752 2672 2932 2715 castra
2962 2671 3155 2716 contra
3181 2670 3259 2725 te,
3286 2659 3513 2715 Jerusa-

1928 2749 2055 2817 lem,
2090 2751 2294 2819 posuit,
2329 2764 2487 2820 teque
2514 2752 2899 2814 circumsedit,
2930 2766 3054 2805 cum
3087 2752 3139 2804 in
3178 2750 3515 2820 alienigena-

1929 2856 2047 2893 rum
2076 2841 2280 2895 ditione
2307 2856 2476 2907 esses,
2503 2853 2664 2911 teque
2694 2844 3057 2910 expugnavit;
3086 2842 3164 2897 sic
3194 2852 3247 2895 et
3268 2857 3390 2912 ego,
3418 2842 3513 2909 qui

1928 2932 2042 2985 haec
2069 2931 2276 3001 loquor,
2310 2933 2587 2999 Dominus,
2622 2949 2765 2987 nunc
2802 2944 2851 2987 tc
2884 2933 3168 2989 obsidcbo.
3202 2932 3336 2987 Nam
3370 2934 3507 2989 alie-

1928 3020 2249 3089 nigenarum
2308 3022 2637 3077 domicilium
2685 3024 2943 3085 evasisti,
2994 3023 3256 3089 improbis
3307 3024 3511 3093 rcpleta

1929 3119 2284 3189 principibus.
2316 3120 2445 3186 Quae
2473 3118 2687 3189 impleta
2713 3128 2859 3183 sunt,
2887 3127 3007 3188 post
3040 3129 3405 3189 perpetratum
3446 3122 3514 3176 at;

238 3183 523 3284 ρουσα).ὴμ
556 3183 768 3266 cimini
792 3183 943 3268 acati
982 3216 1077 3268 τοῦ
1406 3183 1565 3287 ήμῶν
1590 3183 1819 3271 ἀκολού-

1928 3212 2397 3283 Jerosolymitanis
2423 3223 2610 3268 contra
2635 3212 2972 3267 Salvatorem
3006 3220 3250 3267 nostrum
3279 3212 3517 3276 facinus:

236 3303 362 3369 θως,
394 3294 611 3367 ὡς’καὶ
648 3302 804 3367 αὐτὸ,
828 3306 865 3357 6
902 3306 1121 3377 Σωτὴρ,
1168 3308 1653 3377 ἀποκλαυσάμενος
1698 3310 1822 3362 τότε

234 3394 332 3464 τὴν
358 3393 748 3465 Ἰερουσαλὴμ,
782 3395 1193 3467 ἀναγέγραπται
1226 3397 1485 3469 εἰρηκώς·
1512 3416 1532 3449 ι
1564 3400 1626 3452 Εί
1648 3398 1822 3468 ἔγνως

237 3486 330 3538 καὶ
370 3486 435 3539 σύ
465 3504 531 3554 γε
566 3484 639 3537 τὰ
666 3485 799 3557 πρὸς
831 3488 1052 3557 είρήνην
1090 3506 1203 3551 σου,
1242 3490 1325 3542 ὅτι
1371 3490 1589 3559 ἥξουσιν
1618 3490 1825 3561 ἡμέραι

237 3579 327 3630 ἐπὶ
372 3578 464 3643 σὲ,
521 3578 623 3631 καὶ
666 3579 1111 3651 παρεμϐαλοῦσιν
1156 3582 1250 3635 ἐπὶ
1289 3582 1348 3634 σὲ
1389 3583 1439 3634 οἰ
1490 3581 1673 3653 ἐχθροί
1727 3600 1823 3635 σου

236 3669 474 3739 χάρακα,
502 3668 603 3721 καὶ
634 3667 969 3722 κυκλώσουσί
1012 3686 1101 3734 σε,
1138 3672 1231 3725 καὶ
1265 3673 1344 3735 είς
1370 3672 1471 3741 τὴν
1501 3672 1604 3742 γῆν
1639 3672 1825 3739 ἐδαφι-

236 3760 429 3833 σθήσῃ.
462 3780 485 3813 ι

308 3872 325 3904 ι
361 3853 681 3923 Ἐπισκοπὴ
704 3853 813 3923 γὰρ
844 3853 997 3908 ἔσται
1026 3854 1166 3925 μετὰ
1183 3854 1431 3926 βροντῆς,
1456 3854 1550 3908 xal
1571 3855 1820 3927 σεισμοῦ,

235 3943 329 3997 καὶ
368 3944 562 4013 φωνῆς
601 3942 862 4013 μεγάλης,
904 3945 1160 4013 καταιγὶς
1211 3945 1509 4017 φερομένη,
1550 3946 1641 3999 καὶ
1690 3943 1826 4015 φλὸξ

232 4035 404 4103 πυρὸς
432 4032 815 4088 κατεσθίουσα.
859 4053 878 4087 ι
900 4036 982 4109 Δι’
1008 4026 1084 4087 ῶν
1114 4036 1334 4106 ᾐνίξατο
1371 4035 1446 4099 ὡς
1464 4036 1571 4107 ἄρα
1598 4035 1692 4090 καὶ
1724 4053 1828 4089 πυ-

236 4128 530 4198 ρίκαυστος
546 4128 840 4198 γενήσεται
863 4129 897 4199 ή
924 4128 1100 4193 πόλις,
1134 4128 1339 4183 ἀνωθεν
1358 4132 1422 4183 ἐκ
1437 4128 1573 4183 Θεοῦ
1594 4130 1823 4201 βροντῆς

230 4220 326 4273 καὶ
354 4219 588 4289 σεισμοῦ
630 4220 725 4272 καὶ
749 4220 1061 4288 καταιγίδος
1092 4222 1212 4274 κατ’
1240 4219 1413 4290 αὐτῆς
1446 4221 1781 4292 ἐνεχθείσης.

307 4330 326 4361 ι
361 4312 474 4365 Kal
500 4310 659 4364 ἔσται
688 4309 762 4373 ὼς
795 4310 822 4363 6
852 4310 1311 4382 ἐνυπνιαζόμενος
1330 4314 1388 4367 ἐν
1419 4312 1573 4384 ὕπνῳ
1595 4315 1624 4367 6
1656 4310 1823 4365 πλοῦ-

230 4418 322 4465 τος
356 4401 531 4456 ἐθνῶν
572 4402 812 4466 πάντων,
849 4404 963 4457 ὅσοι
1006 4402 1448 4475 ἐπεστράτευσαν
1482 4404 1575 4456 ἐπὶ
1608 4403 1818 4475 Ἀριὴλ,

1927 3307 2066 3359 sicut
2116 3307 2230 3374 ipse
2278 3304 2539 3361 Servator
2570 3305 2998 3375 Hierosolymam
3050 3290 3337 3373 deplorans
3385 3313 3514 3359 tunc

1927 3398 2130 3452 dixisse
2159 3397 2355 3468 legitur
2383 3412 2399 3452 :
2438 3417 2455 3449 ι
2490 3395 2550 3452 Si
2583 3397 2932 3468 cognovisses
2964 3406 3020 3450 ct
3052 3405 3129 3461 tu,
3174 3410 3294 3465 qua:
3319 3395 3385 3448 ad
3419 3412 3515 3463 pa-

1926 3506 2047 3545 cem
2088 3498 2257 3555 tuam,
2291 3491 2417 3560 quia
2447 3490 2665 3546 venient
2694 3489 2811 3544 dies
2854 3488 2907 3543 in
2960 3500 3033 3553 te,
3095 3499 3151 3544 et
3202 3489 3512 3542 circumda-

1925 3583 2060 3638 bunt
2094 3593 2145 3637 te
2188 3584 2393 3639 inimici
2432 3584 2505 3637 tui
2542 3582 2704 3648 vallo,
2756 3590 2810 3638 et
2838 3580 3164 3637 obsidebunt
3219 3591 3273 3635 te
3299 3621 3314 3644 .
3346 3588 3405 3635 et
3443 3582 3512 3634 ad

1927 3688 2132 3731 terram
2165 3678 2436 3747 dejicieris
2463 3677 2530 3729 “.
2575 3696 2595 3728 ι

1999 3853 2162 3911 Vsus.
2196 3856 2248 3911 6.
2293 3875 2311 3909 ι
2361 3856 2613 3913 Visitatio
2650 3859 2792 3913 enim
2839 3860 2946 3913 erit
2990 3874 3112 3914 cum
3162 3860 3400 3924 tonitru,
3456 3871 3513 3915 et

1927 3954 2087 4001 terrm
2123 3957 2294 4013 motu,
2326 3959 2383 4003 et
2413 3964 2545 4005 voce
2590 3964 2787 4019 magna
2834 3967 2850 4003 :
2903 3949 3137 4019 procella
3185 3950 3423 4019 irruens,
3458 3961 3515 4005 et

1924 4036 2144 4091 ﬂamma
2171 4038 2311 4107 ignis
2343 4038 2632 4095 devorans.
2670 4059 2692 4091 ι
2726 4039 2892 4107 Queis
2922 4040 3235 4094 subindicat
3261 4042 3514 4096 incendio

1925 4126 2317 4182 absumendam
2348 4130 2564 4194 urbem,
2590 4130 2917 4185 imminente
2942 4129 3055 4185 Deo
3080 4145 3295 4185 sursum
3320 4141 3515 4187 contra

1928 4215 2074 4271 illam
2109 4218 2338 4283 tonitru,
2370 4226 2529 4273 terra:
2568 4230 2771 4275 motum
2808 4229 2864 4274 et
2894 4219 3214 4287 procellam.

1999 4305 2168 4361 Vsus.
2212 4307 2266 4372 7,
2299 4308 2356 4363 8.
2401 4326 2420 4360 ι
2457 4308 2522 4361 Et
2555 4317 2715 4363 erunt
2740 4318 2999 4379 tanquam
3052 4308 3147 4379 qui
3187 4311 3425 4364 somnia!
3455 4312 3514 4366 iu

1925 4415 2119 4457 somno
2151 4415 2284 4470 Opes
2329 4403 2568 4471 gentium
2601 4402 2881 4467 omnium,
2927 4410 3197 4473 quotquot
3245 4402 3515 4457 militave-

230 4492 326 4545 καὶ
358 4492 568 4555 πάντες
594 4490 647 4544 oi
678 4493 1141 4564 στρατευσάμενοι
1170 4494 1263 4546 ἐπὶ
1310 4493 1693 4564 Ἰερουσαλὴμ,
1728 4494 1821 4548 καὶ

1931 4502 2057 4548 runt
2111 4494 2373 4547 adversus
2435 4492 2627 4557 Ariel,
2684 4502 2743 4549 et
2797 4503 3065 4565 quotquot
3142 4493 3515 4548 militaverunt

230 4584 436 4647 πάντες
479 4583 530 4636 οἱ
567 4582 897 4653 συνηγμένοι
944 4584 1033 4635 ἐπ’
1063 4582 1265 4653 αὐτὴν,
1316 4583 1410 4637 καὶ
1444 4582 1494 4636 oi
1540 4582 1816 4647 θλίϐοντες

1928 4579 2189 4634 adversus
2241 4577 2583 4646 Jerusalem,
2651 4590 2706 4637 et
2783 4581 3063 4647 universi,
3137 4583 3227 4652 qui
3282 4597 3511 4651 congreo

228 4675 421 4745 αὐτήν.
472 4674 586 4727 Kal
634 4672 847 4726 ἔσονται
892 4673 969 4736 ὡς
1004 4675 1053 4727 οἱ
1090 4675 1149 4727 ἐν
1192 4674 1346 4745 ὖπνῳ
1380 4675 1631 4739 πίνοντες
1655 4715 1672 4738 ,
1719 4674 1815 4727 καὶ

226 4766 524 4827 ἐσθίοντες,
557 4764 653 4817 καὶ
680 4764 1107 4830 ἐξαναστάντων,
1146 4765 1372 4836 μάταιον
1403 4766 1584 4819 αὐτῶν
1616 4768 1679 4819 τὸ
1725 4768 1813 4820 ἐν-
1865 4801 1872 4809 π

229 4855 443 4908 ύπνιον.
486 4854 601 4907 Kal
665 4853 723 4906 ὃν
776 4854 976 4926 τρόπον
1024 4856 1399 4921 ἐνυπνιάζεται
1430 4858 1460 4910 6
1500 4856 1669 4928 διψῶν
1718 4858 1813 4912 κα)⁵

227 4946 424 5012 πίνων,
452 4944 553 5003 καὶ
578 4943 880 5010 ἐξαναστὰς
910 4945 989 5000 ἔτι
1020 4946 1179 5018 διψᾷ’
1214 4949 1247 5018 ή
1280 4947 1337 5001 δὲ
1363 4946 1510 5018 ψυχὴ
1536 4948 1699 5002 αὑτοῦ
1733 4950 1813 5013 εἰς

229 5037 387 5091 κενδν
432 5037 697 5108 ἤλπισεν
736 5036 909 5102 οὕτως
961 5038 1114 5092 ἔσται
1144 5040 1172 5091 6
1208 5038 1435 5105 πλοῦτος
1481 5040 1590 5095 τῶν
1638 5039 1812 5094 ἐθνῶν

230 5128 473 5192 πάντων,
505 5128 624 5180 ὅσοι
657 5125 1081 5198 ἐξεστράτευσαν
1114 5130 1207 5183 ἐπὶ
1239 5130 1301 5183 τδ
1330 5128 1456 5199 ϐρος
1491 5129 1651 5187 Σιὼν.
1679 5149 1698 5181 ι
1730 5131 1810 5183 Δι’

230 5214 302 5274 ὧν
331 5220 558 5291 ᾐνίξατο
581 5220 683 5289 τὴν
708 5219 1002 5273 ἀπόλαυσιν
1026 5220 1128 5291 τῆς
1154 5224 1210 5275 ἐν
1241 5221 1315 5293 τῷ
1340 5220 1441 5291 βίῳ
1466 5221 1640 5293 τούτῳ
1676 5238 1809 5295 τρυ-

229 5311 335 5381 φῆς
362 5311 478 5364 τῶν
523 5310 853 5381 Ῥωμαϊκῶν
888 5310 1181 5383 ἀρχόντων.
1223 5306 1387 5367 Οὗτοι
1431 5312 1540 5385 γὰρ
1579 5310 1721 5384 ἦσαν
1760 5315 1810 5367 οί

228 5400 323 5473 τήν
349 5400 595 5473 ἐσχάτην
618 5400 931 5472 πολιορκίαν
955 5402 1321 5471 ἐπαγαγόντες
1337 5406 1404 5475 τῇ
1428 5403 1805 5475 Ἰερουσαλήμ.

239 5492 437 5565 Ἐχρῆν
456 5491 570 5561 γὰρ
583 5491 731 5560 ἡμᾶς
749 5490 844 5545 καὶ
866 5491 996 5562 περὶ
1008 5490 1187 5546 αὐτῶν
1202 5510 1255 5547 τι
1278 5493 1491 5565 μαθεῖν,
1505 5495 1602 5548 καὶ
1622 5494 1806 5550 ὁποῖον

224 5584 374 5641 ἔσται
404 5584 507 5639 καὶ
528 5583 595 5635 τὸ
630 5582 805 5637 αὐτῶν
832 5578 985 5648 τέλος
1014 5584 1346 5657 διδαχθῆναι.
1387 5586 1556 5658 Φησὶν
1584 5580 1677 5643 οὖν
1714 5587 1808 5642 τὸν

298 5785 348 5819 ³⁸
377 5783 519 5840 Luc.
561 5794 675 5839 six.
704 5778 791 5835 ιδ.

560 5873 831 5934 Parnm.
877 5873 995 5937 Gn.
1040 5874 1276 5938 ΧΧιν.

1924 4673 2034 4740 gati
2077 4682 2203 4725 sunt
2235 4672 2497 4728 adversus
2520 4688 2638 4728 eam
2663 4715 2679 4741 ,
2709 4684 2762 4729 et
2787 4676 2879 4743 qui
2910 4674 3224 4730 amixcrunt
3269 4689 3409 4729 eam.
3447 4676 3514 4731 Et
3536 4680 3555 4701 "

1922 4770 2087 4816 erunt
2121 4763 2261 4817 sicut
2289 4764 2381 4830 qui
2413 4764 2466 4818 in
2502 4765 2707 4821 somnis
2744 4765 2937 4821 bibunt
2964 4775 3020 4821 et
3048 4764 3379 4828 comedunt;
3410 4769 3513 4823 sed

1921 4870 2044 4909 cum
2078 4868 2474 4921 surrexerunt,
2502 4872 2706 4912 vanum
2750 4867 2832 4912 est
2872 4858 3147 4914 somnium
3185 4872 3396 4913 eorum.
3448 4858 3514 4915 Et

1921 4950 2064 5005 sicut
2088 4950 2181 5017 qui
2216 4963 2311 5020 per
2340 4952 2606 5007 somnium
2644 4951 2778 5007 bibit
2806 4960 2861 5005 et
2881 4951 3142 5015 comedit,
3160 4962 3215 5006 et
3239 4967 3361 5007 cum
3389 4966 3514 5006 sur-

1926 5040 2093 5105 rexit,
2120 5040 2297 5096 adhuc
2323 5032 2477 5096 sititi
2507 5042 2688 5096 anima
2720 5052 2899 5095 autem
2929 5039 3047 5110 ejus
3079 5039 3281 5096 frustra
3311 5057 3506 5112 spera-

1918 5132 2034 5198 vit;
2066 5129 2147 5184 sic
2179 5141 2341 5187 erunt
2373 5131 2576 5187 divitia:
2608 5133 2851 5202 gentium
2883 5134 3127 5186 omnium
3152 5171 3171 5198 ,
3203 5147 3326 5201 qua:
3358 5132 3506 5188 mili-

1921 5228 2177 5275 taverunt
2202 5229 2392 5275 contra
2420 5233 2657 5277 montem
2690 5221 2878 5277 Sion.»
2902 5221 2997 5277 His
3025 5224 3373 5277 adumbravit
3391 5222 3474 5279 Ro
3499 5253 3508 5264 -

1922 5326 2207 5366 manorum
2241 5312 2545 5383 principum
2580 5314 2631 5367 in
2662 5315 2763 5368 hac
2791 5313 2900 5368 vita
2933 5313 3238 5384 voluptates
3263 5324 3320 5369 et
3343 5328 3499 5382 opes.

1918 5403 1982 5459 lli
2012 5402 2216 5473 quippe
2250 5412 2409 5457 erant
2451 5406 2544 5472 qui
2581 5414 2881 5462 extremam
2920 5404 3311 5477 Hierosolyma:
3347 5406 3499 5463 obsi-

1916 5497 2134 5551 dionem
2162 5493 2514 5553 induxerunt.
2542 5496 2981 5553 Consentaneum
3013 5496 3213 5566 quippe
3242 5505 3387 5558 erat.
3435 5507 3496 5551 ut

1918 5582 2198 5656 quidpiam
2235 5582 2302 5640 ad
2336 5584 2459 5642 illos
2499 5597 2757 5658 spectans
2784 5588 3173 5654 edoceremur,
3206 5600 3308 5643 nec
3334 5586 3499 5659 igno-

3102 5872 3271 5932 10.
