  <div class='ocr_page' id='page_1' title='image "/cluster/home/n/w/nwhite01/storage/ocr_20150623/24/uva.x004246623/165.png"; bbox 0 0 4100 6436; ppageno 0'>
   <div class='ocr_carea' id='block_1_1' title="bbox 589 401 3800 500">
    <p class='ocr_par' dir='ltr' id='par_1_1' title="bbox 589 401 3800 500">
     <span class='ocr_line' id='line_1_1' title="bbox 589 401 3800 500; baseline -0.014 1"><span class='ocrx_word' id='word_1_1' title='bbox 589 441 703 500; x_wconf 65' lang='grc'><strong>299</strong></span> <span class='ocrx_word' id='word_1_2' title='bbox 1260 426 1525 488; x_wconf 80' lang='lat' dir='ltr'><strong>EUSEBII</strong></span> <span class='ocrx_word' id='word_1_3' title='bbox 1558 419 2029 483; x_wconf 67' lang='lat' dir='ltr'><strong>CAESARIENSIS</strong></span> <span class='ocrx_word' id='word_1_4' title='bbox 2065 416 2215 473; x_wconf 77' lang='lat' dir='ltr'><strong>OPP.</strong></span> <span class='ocrx_word' id='word_1_5' title='bbox 2257 414 2434 471; x_wconf 80' lang='lat' dir='ltr'><strong>PARS</strong></span> <span class='ocrx_word' id='word_1_6' title='bbox 2471 412 2554 469; x_wconf 94' lang='grc' dir='ltr'><strong>ΙΙΙ.</strong></span> <span class='ocrx_word' id='word_1_7' title='bbox 2576 444 2664 474; x_wconf 87' lang='grc'>,-</span> <span class='ocrx_word' id='word_1_8' title='bbox 2698 409 3108 467; x_wconf 74' lang='lat' dir='ltr'><strong>EXEGETICA.</strong></span> <span class='ocrx_word' id='word_1_9' title='bbox 3694 401 3800 458; x_wconf 70' lang='lat'><strong>300</strong></span> 
     </span>
    </p>
   </div>
   <div class='ocr_carea' id='block_1_2' title="bbox 588 521 2148 623">
    <p class='ocr_par' dir='ltr' id='par_1_2' title="bbox 588 540 2130 623">
     <span class='ocr_line' id='line_1_2' title="bbox 588 540 2130 623; baseline -0.017 -8"><span class='ocrx_word' id='word_1_10' title='bbox 588 570 828 615; x_wconf 87' lang='lat' dir='ltr'><strong>rarcmus</strong></span> <span class='ocrx_word' id='word_1_11' title='bbox 854 552 973 623; x_wconf 89' lang='lat' dir='ltr'><strong>quis</strong></span> <span class='ocrx_word' id='word_1_12' title='bbox 998 550 1207 606; x_wconf 89' lang='lat' dir='ltr'><strong>illorum</strong></span> <span class='ocrx_word' id='word_1_13' title='bbox 1235 548 1445 602; x_wconf 78' lang='lat' dir='ltr'><strong>futurus</strong></span> <span class='ocrx_word' id='word_1_14' title='bbox 1470 543 1591 599; x_wconf 85' lang='lat' dir='ltr'><strong>linis</strong></span> <span class='ocrx_word' id='word_1_15' title='bbox 1624 542 1715 597; x_wconf 92' lang='lat' dir='ltr'><strong>sit.</strong></span> <span class='ocrx_word' id='word_1_16' title='bbox 1740 540 1824 594; x_wconf 79' lang='lat' dir='ltr'><strong>Ait</strong></span> <span class='ocrx_word' id='word_1_17' title='bbox 1850 552 1977 607; x_wconf 76' lang='lat' dir='ltr'><strong>ergo</strong></span> <span class='ocrx_word' id='word_1_18' title='bbox 1999 548 2130 605; x_wconf 85' lang='lat' dir='ltr'><strong>opes</strong></span> 
     </span>
    </p>
   </div>
   <div class='ocr_carea' id='block_1_3' title="bbox 2249 521 3825 623">
    <p class='ocr_par' dir='ltr' id='par_1_3' title="bbox 2249 521 3825 601">
     <span class='ocr_line' id='line_1_3' title="bbox 2249 521 3825 601; baseline -0.008 -16"><span class='ocrx_word' id='word_1_19' title='bbox 2249 530 2457 585; x_wconf 65' lang='grc' dir='ltr'>πλοῦτον</span> <span class='ocrx_word' id='word_1_20' title='bbox 2481 529 2578 583; x_wconf 79' lang='grc' dir='ltr'>καὶ</span> <span class='ocrx_word' id='word_1_21' title='bbox 2608 530 2707 601; x_wconf 75' lang='grc' dir='ltr'>τὴν</span> <span class='ocrx_word' id='word_1_22' title='bbox 2727 527 2935 600; x_wconf 81' lang='grc' dir='ltr'>τρυφὴν</span> <span class='ocrx_word' id='word_1_23' title='bbox 2956 525 3134 580; x_wconf 82' lang='grc' dir='ltr'>αὐτῶν</span> <span class='ocrx_word' id='word_1_24' title='bbox 3167 524 3327 595; x_wconf 83' lang='grc' dir='ltr'>μέχρι</span> <span class='ocrx_word' id='word_1_25' title='bbox 3359 522 3456 592; x_wconf 83' lang='grc' dir='ltr'><strong>τῆς</strong></span> <span class='ocrx_word' id='word_1_26' title='bbox 3493 521 3825 591; x_wconf 71' lang='grc' dir='ltr'>ἐνεστώσης</span> 
     </span>
    </p>
   </div>
   <div class='ocr_carea' id='block_1_4' title="bbox 581 613 2148 717">
    <p class='ocr_par' dir='ltr' id='par_1_4' title="bbox 581 613 2127 716">
     <span class='ocr_line' id='line_1_4' title="bbox 581 613 2127 716; baseline -0.017 -12"><span class='ocrx_word' id='word_1_27' title='bbox 581 613 984 716; x_wconf 61' lang='lat' dir='ltr'><strong>voluptatesque</strong></span> <span class='ocrx_word' id='word_1_28' title='bbox 1009 655 1196 697; x_wconf 88' lang='lat' dir='ltr'><strong>eorum</strong></span> <span class='ocrx_word' id='word_1_29' title='bbox 1236 640 1288 692; x_wconf 88' lang='lat' dir='ltr'><strong>itt</strong></span> <span class='ocrx_word' id='word_1_30' title='bbox 1326 638 1425 691; x_wconf 90' lang='lat' dir='ltr'><strong>hac</strong></span> <span class='ocrx_word' id='word_1_31' title='bbox 1449 644 1653 690; x_wconf 87' lang='lat' dir='ltr'><strong>tantum</strong></span> <span class='ocrx_word' id='word_1_32' title='bbox 1685 638 1791 685; x_wconf 88' lang='lat' dir='ltr'><strong>vita</strong></span> <span class='ocrx_word' id='word_1_33' title='bbox 1829 636 2127 689; x_wconf 88' lang='lat' dir='ltr'><strong>manentes,</strong></span> 
     </span>
    </p>
   </div>
   <div class='ocr_carea' id='block_1_5' title="bbox 2249 613 3797 717">
    <p class='ocr_par' dir='ltr' id='par_1_5' title="bbox 2249 613 3797 694">
     <span class='ocr_line' id='line_1_5' title="bbox 2249 613 3797 694; baseline -0.004 -19"><span class='ocrx_word' id='word_1_34' title='bbox 2249 622 2371 694; x_wconf 72' lang='grc' dir='ltr'>ζωῆς</span> <span class='ocrx_word' id='word_1_35' title='bbox 2390 622 2737 693; x_wconf 85' lang='grc' dir='ltr'>ὑπάρχουσαν</span> <span class='ocrx_word' id='word_1_36' title='bbox 2767 618 2999 674; x_wconf 71' lang='grc' dir='ltr'>ἐοικέναι</span> <span class='ocrx_word' id='word_1_37' title='bbox 3013 619 3124 680; x_wconf 87' lang='grc' dir='ltr'>τοῖς</span> <span class='ocrx_word' id='word_1_38' title='bbox 3160 614 3300 669; x_wconf 87' lang='grc' dir='ltr'><strong>κατά</strong></span> <span class='ocrx_word' id='word_1_39' title='bbox 3323 616 3436 677; x_wconf 88' lang='grc' dir='ltr'>τοῖς</span> <span class='ocrx_word' id='word_1_40' title='bbox 3457 614 3646 676; x_wconf 79' lang='grc' dir='ltr'><strong>ὕπνοις</strong></span> <span class='ocrx_word' id='word_1_41' title='bbox 3684 613 3797 684; x_wconf 69' lang='lat'><strong>(33)</strong></span> 
     </span>
    </p>
   </div>
   <div class='ocr_carea' id='block_1_6' title="bbox 582 705 2148 813">
    <p class='ocr_par' dir='ltr' id='par_1_6' title="bbox 582 705 2128 813">
     <span class='ocr_line' id='line_1_6' title="bbox 582 705 2128 813; baseline -0.016 -16"><span class='ocrx_word' id='word_1_42' title='bbox 582 705 801 813; x_wconf 79' lang='lat' dir='ltr'><strong>perinde</strong></span> <span class='ocrx_word' id='word_1_43' title='bbox 827 705 1111 794; x_wconf 64' lang='lat' dir='ltr'><strong>soliabere</strong></span> <span class='ocrx_word' id='word_1_44' title='bbox 1150 742 1311 800; x_wconf 87' lang='lat' dir='ltr'><strong>atque</strong></span> <span class='ocrx_word' id='word_1_45' title='bbox 1358 728 1564 784; x_wconf 89' lang='lat' dir='ltr'><strong>somnia</strong></span> <span class='ocrx_word' id='word_1_46' title='bbox 1613 723 2016 813; x_wconf 75' lang='lat' dir='ltr'><strong>dormientium,</strong></span> <span class='ocrx_word' id='word_1_47' title='bbox 2039 718 2128 789; x_wconf 82' lang='lat' dir='ltr'><strong>qui</strong></span> 
     </span>
    </p>
   </div>
   <div class='ocr_carea' id='block_1_7' title="bbox 2249 705 3802 813">
    <p class='ocr_par' dir='ltr' id='par_1_7' title="bbox 2249 705 3802 784">
     <span class='ocr_line' id='line_1_7' title="bbox 2249 705 3802 784; baseline -0.005 -19"><span class='ocrx_word' id='word_1_48' title='bbox 2249 710 2603 784; x_wconf 73' lang='lat' dir='ltr'><strong>ivstptimouat</strong></span> <span class='ocrx_word' id='word_1_49' title='bbox 2647 712 2739 764; x_wconf 74' lang='grc' dir='ltr'>καὶ</span> <span class='ocrx_word' id='word_1_50' title='bbox 2764 709 2925 781; x_wconf 74' lang='grc' dir='ltr'>μέχρι</span> <span class='ocrx_word' id='word_1_51' title='bbox 2943 706 3037 761; x_wconf 82' lang='grc' dir='ltr'>τοῦ</span> <span class='ocrx_word' id='word_1_52' title='bbox 3069 706 3244 759; x_wconf 82' lang='grc' dir='ltr'><strong>δοκεῖν</strong></span> <span class='ocrx_word' id='word_1_53' title='bbox 3271 705 3603 773; x_wconf 80' lang='grc' dir='ltr'><strong>διακατέχειν</strong></span> <span class='ocrx_word' id='word_1_54' title='bbox 3628 705 3802 757; x_wconf 77' lang='grc' dir='ltr'>ταῦτα</span> 
     </span>
    </p>
   </div>
   <div class='ocr_carea' id='block_1_8' title="bbox 582 792 2148 901">
    <p class='ocr_par' dir='ltr' id='par_1_8' title="bbox 582 792 2131 900">
     <span class='ocr_line' id='line_1_8' title="bbox 582 792 2131 900; baseline -0.015 -13"><span class='ocrx_word' id='word_1_55' title='bbox 582 792 969 900; x_wconf 39' lang='lat' dir='ltr'><strong>imaginatione</strong></span> <span class='ocrx_word' id='word_1_56' title='bbox 988 792 1272 890; x_wconf 69' lang='lat' dir='ltr'><strong>duntaxat,</strong></span> <span class='ocrx_word' id='word_1_57' title='bbox 1294 820 1381 874; x_wconf 91' lang='lat' dir='ltr'><strong>illa</strong></span> <span class='ocrx_word' id='word_1_58' title='bbox 1406 832 1526 888; x_wconf 71' lang='lat' dir='ltr'><strong>qua:</strong></span> <span class='ocrx_word' id='word_1_59' title='bbox 1554 815 1824 872; x_wconf 87' lang='lat' dir='ltr'><strong>somniant</strong></span> <span class='ocrx_word' id='word_1_60' title='bbox 1850 828 1909 868; x_wconf 90' lang='lat' dir='ltr'><strong>se</strong></span> <span class='ocrx_word' id='word_1_61' title='bbox 1934 810 2131 865; x_wconf 88' lang='lat' dir='ltr'><strong>habere</strong></span> 
     </span>
    </p>
   </div>
   <div class='ocr_carea' id='block_1_9' title="bbox 2249 792 3803 901">
    <p class='ocr_par' dir='ltr' id='par_1_9' title="bbox 2249 792 3803 872">
     <span class='ocr_line' id='line_1_9' title="bbox 2249 792 3803 872; baseline -0.006 -17"><span class='ocrx_word' id='word_1_62' title='bbox 2249 802 2508 872; x_wconf 68' lang='grc' dir='ltr'>νομίζουσι</span> <span class='ocrx_word' id='word_1_63' title='bbox 2526 818 2541 833; x_wconf 87' lang='grc'><strong>·</strong></span> <span class='ocrx_word' id='word_1_64' title='bbox 2565 800 2818 871; x_wconf 80' lang='grc' dir='ltr'><strong>τοιαύτην</strong></span> <span class='ocrx_word' id='word_1_65' title='bbox 2832 799 2940 870; x_wconf 80' lang='grc' dir='ltr'>γὰρ</span> <span class='ocrx_word' id='word_1_66' title='bbox 2954 792 3090 851; x_wconf 76' lang='grc' dir='ltr'>εἶναι</span> <span class='ocrx_word' id='word_1_67' title='bbox 3105 797 3204 868; x_wconf 84' lang='grc' dir='ltr'>τὴν</span> <span class='ocrx_word' id='word_1_68' title='bbox 3224 794 3317 849; x_wconf 84' lang='grc' dir='ltr'>τοῦ</span> <span class='ocrx_word' id='word_1_69' title='bbox 3355 795 3621 866; x_wconf 82' lang='grc' dir='ltr'><strong>παρόντος</strong></span> <span class='ocrx_word' id='word_1_70' title='bbox 3644 793 3803 847; x_wconf 54' lang='grc' dir='ltr'>πλού-</span> 
     </span>
    </p>
   </div>
   <div class='ocr_carea' id='block_1_10' title="bbox 2229 884 3802 961">
    <p class='ocr_par' dir='ltr' id='par_1_10' title="bbox 2229 884 3802 961">
     <span class='ocr_line' id='line_1_10' title="bbox 2229 884 3802 961; baseline -0.005 -16"><span class='ocrx_word' id='word_1_71' title='bbox 2229 910 2321 946; x_wconf 91' lang='grc' dir='ltr'><strong>του</strong></span> <span class='ocrx_word' id='word_1_72' title='bbox 2351 891 2667 961; x_wconf 76' lang='grc' dir='ltr'>φαντασίαν.</span> <span class='ocrx_word' id='word_1_73' title='bbox 2693 888 2849 945; x_wconf 78' lang='grc' dir='ltr'>Μετά</span> <span class='ocrx_word' id='word_1_74' title='bbox 2877 889 2986 961; x_wconf 81' lang='grc' dir='ltr'>γὰρ</span> <span class='ocrx_word' id='word_1_75' title='bbox 3008 889 3101 942; x_wconf 81' lang='grc' dir='ltr'>τὸν</span> <span class='ocrx_word' id='word_1_76' title='bbox 3129 888 3400 941; x_wconf 74' lang='grc' dir='ltr'><strong>ἐνεστῶτα</strong></span> <span class='ocrx_word' id='word_1_77' title='bbox 3426 886 3539 956; x_wconf 89' lang='grc' dir='ltr'>βίον</span> <span class='ocrx_word' id='word_1_78' title='bbox 3571 884 3802 957; x_wconf 85' lang='grc' dir='ltr'>μάταιον</span> 
     </span>
    </p>
   </div>
   <div class='ocr_carea' id='block_1_11' title="bbox 2229 970 3805 1055">
    <p class='ocr_par' dir='ltr' id='par_1_11' title="bbox 2229 970 3805 1055">
     <span class='ocr_line' id='line_1_11' title="bbox 2229 970 3805 1055; baseline -0.005 -19"><span class='ocrx_word' id='word_1_79' title='bbox 2229 984 2413 1047; x_wconf 86' lang='grc' dir='ltr'>αὐτοῖς</span> <span class='ocrx_word' id='word_1_80' title='bbox 2454 982 2806 1055; x_wconf 76' lang='grc' dir='ltr'><strong>εὑρεθήσεται</strong></span> <span class='ocrx_word' id='word_1_81' title='bbox 2841 982 2903 1035; x_wconf 80' lang='grc' dir='ltr'><strong>το</strong></span> <span class='ocrx_word' id='word_1_82' title='bbox 2950 981 3235 1045; x_wconf 85' lang='grc' dir='ltr'>ἐνύπνιον,</span> <span class='ocrx_word' id='word_1_83' title='bbox 3291 979 3387 1034; x_wconf 80' lang='grc' dir='ltr'>καὶ</span> <span class='ocrx_word' id='word_1_84' title='bbox 3439 978 3502 1031; x_wconf 80' lang='grc' dir='ltr'>τὸ</span> <span class='ocrx_word' id='word_1_85' title='bbox 3538 976 3691 1040; x_wconf 83' lang='grc' dir='ltr'>τέλος</span> <span class='ocrx_word' id='word_1_86' title='bbox 3732 970 3805 1047; x_wconf 72' lang='grc' dir='ltr'><strong>ἧς</strong></span> 
     </span>
    </p>
   </div>
   <div class='ocr_carea' id='block_1_12' title="bbox 2231 1072 3044 1147">
    <p class='ocr_par' dir='ltr' id='par_1_12' title="bbox 2231 1072 3044 1147">
     <span class='ocr_line' id='line_1_12' title="bbox 2231 1072 3044 1147; baseline -0.005 -17"><span class='ocrx_word' id='word_1_87' title='bbox 2231 1076 2477 1147; x_wconf 76' lang='grc' dir='ltr'>ἐνόμιζον</span> <span class='ocrx_word' id='word_1_88' title='bbox 2497 1073 2790 1129; x_wconf 78' lang='grc' dir='ltr'>ἀπολαύειν</span> <span class='ocrx_word' id='word_1_89' title='bbox 2812 1072 3044 1145; x_wconf 79' lang='grc' dir='ltr'><strong>τρυφῆς.</strong></span> 
     </span>
    </p>
   </div>
   <div class='ocr_carea' id='block_1_13' title="bbox 582 904 2127 994">
    <p class='ocr_par' dir='ltr' id='par_1_13' title="bbox 582 904 2127 994">
     <span class='ocr_line' id='line_1_13' title="bbox 582 904 2127 994; baseline -0.017 -14"><span class='ocrx_word' id='word_1_90' title='bbox 582 932 771 994; x_wconf 85' lang='lat' dir='ltr'><strong>putant</strong></span> <span class='ocrx_word' id='word_1_91' title='bbox 803 938 819 977; x_wconf 87' lang='lat'><strong>:</strong></span> <span class='ocrx_word' id='word_1_92' title='bbox 858 919 1015 976; x_wconf 89' lang='lat' dir='ltr'><strong>talem</strong></span> <span class='ocrx_word' id='word_1_93' title='bbox 1038 916 1232 986; x_wconf 78' lang='lat' dir='ltr'><strong>quippe</strong></span> <span class='ocrx_word' id='word_1_94' title='bbox 1258 927 1379 969; x_wconf 88' lang='lat' dir='ltr'><strong>esse</strong></span> <span class='ocrx_word' id='word_1_95' title='bbox 1410 911 1569 981; x_wconf 78' lang='lat' dir='ltr'><strong>hujus</strong></span> <span class='ocrx_word' id='word_1_96' title='bbox 1599 908 1781 963; x_wconf 89' lang='lat' dir='ltr'><strong>mundi</strong></span> <span class='ocrx_word' id='word_1_97' title='bbox 1820 904 2127 960; x_wconf 75' lang='lat' dir='ltr'><strong>divitiarum</strong></span> 
     </span>
    </p>
   </div>
   <div class='ocr_carea' id='block_1_14' title="bbox 582 999 2129 1086">
    <p class='ocr_par' dir='ltr' id='par_1_14' title="bbox 582 999 2129 1086">
     <span class='ocr_line' id='line_1_14' title="bbox 582 999 2129 1086; baseline -0.016 -15"><span class='ocrx_word' id='word_1_98' title='bbox 582 1014 937 1086; x_wconf 80' lang='lat' dir='ltr'><strong>phantasiam.</strong></span> <span class='ocrx_word' id='word_1_99' title='bbox 991 1008 1123 1064; x_wconf 81' lang='lat' dir='ltr'><strong>Nam</strong></span> <span class='ocrx_word' id='word_1_100' title='bbox 1174 1015 1296 1077; x_wconf 87' lang='lat' dir='ltr'><strong>post</strong></span> <span class='ocrx_word' id='word_1_101' title='bbox 1346 1012 1664 1073; x_wconf 63' lang='lat' dir='ltr'><strong>prasentem</strong></span> <span class='ocrx_word' id='word_1_102' title='bbox 1732 999 1894 1051; x_wconf 85' lang='lat' dir='ltr'><strong>vitam</strong></span> <span class='ocrx_word' id='word_1_103' title='bbox 1934 1008 2129 1086; x_wconf 83' lang='lat' dir='ltr'><strong>vanum</strong></span> 
     </span>
    </p>
   </div>
   <div class='ocr_carea' id='block_1_15' title="bbox 585 1084 2130 1169">
    <p class='ocr_par' dir='ltr' id='par_1_15' title="bbox 585 1084 2130 1169">
     <span class='ocr_line' id='line_1_15' title="bbox 585 1084 2130 1169; baseline -0.016 -6"><span class='ocrx_word' id='word_1_104' title='bbox 585 1084 849 1163; x_wconf 78' lang='lat' dir='ltr'><strong>somnium</strong></span> <span class='ocrx_word' id='word_1_105' title='bbox 879 1102 947 1158; x_wconf 87' lang='lat' dir='ltr'><strong>ab</strong></span> <span class='ocrx_word' id='word_1_106' title='bbox 995 1099 1127 1169; x_wconf 87' lang='lat' dir='ltr'><strong>ipsis</strong></span> <span class='ocrx_word' id='word_1_107' title='bbox 1169 1094 1634 1167; x_wconf 86' lang='lat' dir='ltr'><strong>deprehendetur,</strong></span> <span class='ocrx_word' id='word_1_108' title='bbox 1679 1090 1963 1159; x_wconf 86' lang='lat' dir='ltr'><strong>inanisque</strong></span> <span class='ocrx_word' id='word_1_109' title='bbox 2006 1084 2130 1139; x_wconf 84' lang='lat' dir='ltr'><strong>linis</strong></span> 
     </span>
    </p>
   </div>
   <div class='ocr_carea' id='block_1_16' title="bbox 582 1186 1698 1270">
    <p class='ocr_par' dir='ltr' id='par_1_16' title="bbox 582 1186 1698 1270">
     <span class='ocr_line' id='line_1_16' title="bbox 582 1186 1698 1270; baseline -0.017 -16"><span class='ocrx_word' id='word_1_110' title='bbox 582 1198 893 1270; x_wconf 86' lang='lat' dir='ltr'><strong>voluptatis,</strong></span> <span class='ocrx_word' id='word_1_111' title='bbox 924 1208 1028 1264; x_wconf 88' lang='lat' dir='ltr'><strong>qua</strong></span> <span class='ocrx_word' id='word_1_112' title='bbox 1055 1206 1115 1248; x_wconf 86' lang='lat' dir='ltr'><strong>se</strong></span> <span class='ocrx_word' id='word_1_113' title='bbox 1142 1189 1247 1244; x_wconf 82' lang='lat' dir='ltr'><strong>frui</strong></span> <span class='ocrx_word' id='word_1_114' title='bbox 1281 1186 1698 1243; x_wconf 81' lang='lat' dir='ltr'><strong>arbitrabantur.</strong></span> 
     </span>
    </p>
   </div>
   <div class='ocr_carea' id='block_1_17' title="bbox 660 1268 2134 1351">
    <p class='ocr_par' dir='ltr' id='par_1_17' title="bbox 660 1268 2134 1351">
     <span class='ocr_line' id='line_1_17' title="bbox 660 1268 2134 1351; baseline -0.014 -6"><span class='ocrx_word' id='word_1_115' title='bbox 660 1268 818 1347; x_wconf 66' lang='lat' dir='ltr'><strong>Vleas.</strong></span> <span class='ocrx_word' id='word_1_116' title='bbox 855 1285 1005 1351; x_wconf 66' lang='lat'><strong>9,“).</strong></span> <span class='ocrx_word' id='word_1_117' title='bbox 1044 1302 1063 1335; x_wconf 76' lang='grc' dir='ltr'><strong>ι</strong></span> <span class='ocrx_word' id='word_1_118' title='bbox 1094 1281 1315 1338; x_wconf 82' lang='lat' dir='ltr'><strong>Deﬂclte</strong></span> <span class='ocrx_word' id='word_1_119' title='bbox 1337 1289 1391 1333; x_wconf 93' lang='lat' dir='ltr'><strong>et</strong></span> <span class='ocrx_word' id='word_1_120' title='bbox 1413 1274 1797 1345; x_wconf 81' lang='lat' dir='ltr'><strong>obstupescite,</strong></span> <span class='ocrx_word' id='word_1_121' title='bbox 1819 1281 1872 1326; x_wconf 93' lang='lat' dir='ltr'><strong>et</strong></span> <span class='ocrx_word' id='word_1_122' title='bbox 1900 1268 2134 1325; x_wconf 87' lang='lat' dir='ltr'><strong>inebrie-</strong></span> 
     </span>
    </p>
   </div>
   <div class='ocr_carea' id='block_1_18' title="bbox 588 1355 2131 1443">
    <p class='ocr_par' dir='ltr' id='par_1_18' title="bbox 588 1355 2131 1443">
     <span class='ocr_line' id='line_1_18' title="bbox 588 1355 2131 1443; baseline -0.016 -9"><span class='ocrx_word' id='word_1_123' title='bbox 588 1380 739 1443; x_wconf 93' lang='lat' dir='ltr'><strong>mini,</strong></span> <span class='ocrx_word' id='word_1_124' title='bbox 767 1392 871 1431; x_wconf 90' lang='lat' dir='ltr'><strong>non</strong></span> <span class='ocrx_word' id='word_1_125' title='bbox 894 1374 1092 1436; x_wconf 81' lang='lat' dir='ltr'><strong>sicera,</strong></span> <span class='ocrx_word' id='word_1_126' title='bbox 1122 1381 1293 1438; x_wconf 86' lang='lat' dir='ltr'><strong>neque</strong></span> <span class='ocrx_word' id='word_1_127' title='bbox 1328 1366 1475 1429; x_wconf 85' lang='lat' dir='ltr'><strong>vino,</strong></span> <span class='ocrx_word' id='word_1_128' title='bbox 1512 1364 1636 1433; x_wconf 87' lang='lat' dir='ltr'><strong>quia</strong></span> <span class='ocrx_word' id='word_1_129' title='bbox 1666 1361 1870 1431; x_wconf 80' lang='lat' dir='ltr'><strong>potavit</strong></span> <span class='ocrx_word' id='word_1_130' title='bbox 1904 1372 1997 1413; x_wconf 84' lang='lat' dir='ltr'><strong>vos</strong></span> <span class='ocrx_word' id='word_1_131' title='bbox 2024 1355 2131 1411; x_wconf 89' lang='lat' dir='ltr'><strong>Do-</strong></span> 
     </span>
    </p>
   </div>
   <div class='ocr_carea' id='block_1_19' title="bbox 577 1445 2132 1535">
    <p class='ocr_par' dir='ltr' id='par_1_19' title="bbox 577 1445 2132 1535">
     <span class='ocr_line' id='line_1_19' title="bbox 577 1445 2132 1535; baseline -0.018 -12"><span class='ocrx_word' id='word_1_132' title='bbox 577 1470 764 1523; x_wconf 83' lang='lat' dir='ltr'><strong>minus</strong></span> <span class='ocrx_word' id='word_1_133' title='bbox 792 1464 981 1535; x_wconf 84' lang='lat' dir='ltr'><strong>spiritu</strong></span> <span class='ocrx_word' id='word_1_134' title='bbox 1008 1454 1435 1528; x_wconf 74' lang='lat' dir='ltr'><strong>cOInpunctionis</strong></span> <span class='ocrx_word' id='word_1_135' title='bbox 1463 1471 1477 1506; x_wconf 93' lang='lat'><strong>:</strong></span> <span class='ocrx_word' id='word_1_136' title='bbox 1514 1460 1568 1505; x_wconf 90' lang='lat' dir='ltr'><strong>et</strong></span> <span class='ocrx_word' id='word_1_137' title='bbox 1598 1449 1809 1504; x_wconf 91' lang='lat' dir='ltr'><strong>claudet</strong></span> <span class='ocrx_word' id='word_1_138' title='bbox 1831 1445 2017 1501; x_wconf 81' lang='lat' dir='ltr'><strong>oculos</strong></span> <span class='ocrx_word' id='word_1_139' title='bbox 2042 1457 2132 1496; x_wconf 89' lang='lat' dir='ltr'><strong>eo-</strong></span> 
     </span>
    </p>
   </div>
   <div class='ocr_carea' id='block_1_20' title="bbox 588 1539 2128 1627">
    <p class='ocr_par' dir='ltr' id='par_1_20' title="bbox 588 1539 2128 1627">
     <span class='ocr_line' id='line_1_20' title="bbox 588 1539 2128 1627; baseline -0.021 -10"><span class='ocrx_word' id='word_1_140' title='bbox 588 1576 733 1627; x_wconf 85' lang='lat' dir='ltr'><strong>rum,</strong></span> <span class='ocrx_word' id='word_1_141' title='bbox 761 1568 816 1613; x_wconf 91' lang='lat' dir='ltr'><strong>et</strong></span> <span class='ocrx_word' id='word_1_142' title='bbox 844 1556 1218 1627; x_wconf 88' lang='lat' dir='ltr'><strong>prophetarum</strong></span> <span class='ocrx_word' id='word_1_143' title='bbox 1250 1560 1457 1609; x_wconf 89' lang='lat' dir='ltr'><strong>eorum,</strong></span> <span class='ocrx_word' id='word_1_144' title='bbox 1492 1554 1546 1598; x_wconf 89' lang='lat' dir='ltr'><strong>et</strong></span> <span class='ocrx_word' id='word_1_145' title='bbox 1591 1539 1889 1610; x_wconf 84' lang='lat' dir='ltr'><strong>principum</strong></span> <span class='ocrx_word' id='word_1_146' title='bbox 1924 1548 2128 1596; x_wconf 89' lang='lat' dir='ltr'><strong>eorum,</strong></span> 
     </span>
    </p>
   </div>
   <div class='ocr_carea' id='block_1_21' title="bbox 2308 1247 3807 1323">
    <p class='ocr_par' dir='ltr' id='par_1_21' title="bbox 2308 1247 3807 1323">
     <span class='ocr_line' id='line_1_21' title="bbox 2308 1247 3807 1323; baseline -0.003 -19"><span class='ocrx_word' id='word_1_147' title='bbox 2308 1273 2325 1304; x_wconf 83' lang='grc' dir='ltr'><strong>ι</strong></span> <span class='ocrx_word' id='word_1_148' title='bbox 2349 1252 2640 1323; x_wconf 79' lang='grc' dir='ltr'>Ἐκλυθῆτε</span> <span class='ocrx_word' id='word_1_149' title='bbox 2677 1252 2772 1305; x_wconf 75' lang='grc' dir='ltr'>καὶ</span> <span class='ocrx_word' id='word_1_150' title='bbox 2817 1252 3068 1323; x_wconf 65' lang='grc' dir='ltr'>ἐκστῆτε,</span> <span class='ocrx_word' id='word_1_151' title='bbox 3120 1251 3213 1305; x_wconf 67' lang='grc' dir='ltr'>καὶ</span> <span class='ocrx_word' id='word_1_152' title='bbox 3258 1248 3667 1321; x_wconf 77' lang='grc' dir='ltr'>κραιπαλήσατε</span> <span class='ocrx_word' id='word_1_153' title='bbox 3704 1247 3807 1300; x_wconf 78' lang='grc' dir='ltr'>οὐκ</span> 
     </span>
    </p>
   </div>
   <div class='ocr_carea' id='block_1_22' title="bbox 2232 1337 3810 1415">
    <p class='ocr_par' dir='ltr' id='par_1_22' title="bbox 2232 1337 3810 1415">
     <span class='ocr_line' id='line_1_22' title="bbox 2232 1337 3810 1415; baseline -0.004 -19"><span class='ocrx_word' id='word_1_154' title='bbox 2232 1343 2339 1396; x_wconf 80' lang='grc' dir='ltr'>ἀπὸ</span> <span class='ocrx_word' id='word_1_155' title='bbox 2377 1345 2582 1415; x_wconf 79' lang='grc' dir='ltr'>σίκερα,</span> <span class='ocrx_word' id='word_1_156' title='bbox 2602 1343 2724 1397; x_wconf 73' lang='grc' dir='ltr'>ούδὶ</span> <span class='ocrx_word' id='word_1_157' title='bbox 2754 1344 2861 1397; x_wconf 78' lang='grc' dir='ltr'>ἀπὸ</span> <span class='ocrx_word' id='word_1_158' title='bbox 2888 1345 3060 1398; x_wconf 86' lang='grc' dir='ltr'>οῐνου·</span> <span class='ocrx_word' id='word_1_159' title='bbox 3101 1343 3181 1396; x_wconf 84' lang='grc' dir='ltr'><strong>δτι</strong></span> <span class='ocrx_word' id='word_1_160' title='bbox 3215 1341 3503 1394; x_wconf 78' lang='grc' dir='ltr'>πεπότικεν</span> <span class='ocrx_word' id='word_1_161' title='bbox 3530 1340 3673 1409; x_wconf 78' lang='grc' dir='ltr'>ὑμᾶς</span> <span class='ocrx_word' id='word_1_162' title='bbox 3693 1337 3810 1391; x_wconf 77' lang='grc' dir='ltr'><strong>Κύ-</strong></span> 
     </span>
    </p>
   </div>
   <div class='ocr_carea' id='block_1_23' title="bbox 2236 1426 3810 1504">
    <p class='ocr_par' dir='ltr' id='par_1_23' title="bbox 2236 1426 3810 1504">
     <span class='ocr_line' id='line_1_23' title="bbox 2236 1426 3810 1504; baseline -0.003 -18"><span class='ocrx_word' id='word_1_163' title='bbox 2236 1451 2346 1504; x_wconf 91' lang='grc' dir='ltr'>ριος</span> <span class='ocrx_word' id='word_1_164' title='bbox 2371 1434 2636 1504; x_wconf 85' lang='grc' dir='ltr'>πνεύματι</span> <span class='ocrx_word' id='word_1_165' title='bbox 2654 1432 2996 1497; x_wconf 81' lang='grc' dir='ltr'>κατανύξεως</span> <span class='ocrx_word' id='word_1_166' title='bbox 3015 1450 3028 1463; x_wconf 89' lang='grc'><strong>·</strong></span> <span class='ocrx_word' id='word_1_167' title='bbox 3057 1432 3152 1486; x_wconf 75' lang='grc' dir='ltr'>καὶ</span> <span class='ocrx_word' id='word_1_168' title='bbox 3172 1431 3448 1503; x_wconf 86' lang='grc' dir='ltr'>καμμύσει</span> <span class='ocrx_word' id='word_1_169' title='bbox 3469 1430 3593 1493; x_wconf 81' lang='grc' dir='ltr'>τοὺς</span> <span class='ocrx_word' id='word_1_170' title='bbox 3610 1426 3810 1497; x_wconf 75' lang='grc' dir='ltr'>ὀφθαλ-</span> 
     </span>
    </p>
   </div>
   <div class='ocr_carea' id='block_1_24' title="bbox 2236 1518 3813 1596">
    <p class='ocr_par' dir='ltr' id='par_1_24' title="bbox 2236 1518 3813 1596">
     <span class='ocr_line' id='line_1_24' title="bbox 2236 1518 3813 1596; baseline -0.006 -17"><span class='ocrx_word' id='word_1_171' title='bbox 2236 1526 2369 1595; x_wconf 80' lang='grc' dir='ltr'>μοὺς</span> <span class='ocrx_word' id='word_1_172' title='bbox 2401 1525 2599 1590; x_wconf 83' lang='grc' dir='ltr'>αὐτῶν,</span> <span class='ocrx_word' id='word_1_173' title='bbox 2644 1525 2737 1578; x_wconf 79' lang='grc' dir='ltr'>καὶ</span> <span class='ocrx_word' id='word_1_174' title='bbox 2760 1524 2869 1577; x_wconf 89' lang='grc' dir='ltr'><strong>τῶν</strong></span> <span class='ocrx_word' id='word_1_175' title='bbox 2898 1524 3193 1596; x_wconf 80' lang='grc' dir='ltr'>προφητῶν</span> <span class='ocrx_word' id='word_1_176' title='bbox 3221 1522 3415 1589; x_wconf 79' lang='grc' dir='ltr'>αὐτῶν,</span> <span class='ocrx_word' id='word_1_177' title='bbox 3456 1522 3548 1576; x_wconf 83' lang='grc' dir='ltr'>καὶ</span> <span class='ocrx_word' id='word_1_178' title='bbox 3573 1518 3680 1573; x_wconf 74' lang='grc' dir='ltr'><strong>τῶν</strong></span> <span class='ocrx_word' id='word_1_179' title='bbox 3706 1519 3813 1590; x_wconf 87' lang='grc' dir='ltr'>ἀρ-</span> 
     </span>
    </p>
   </div>
   <div class='ocr_carea' id='block_1_25' title="bbox 587 1610 2148 1723">
    <p class='ocr_par' dir='ltr' id='par_1_25' title="bbox 587 1610 2130 1723">
     <span class='ocr_line' id='line_1_25' title="bbox 587 1610 2130 1723; baseline -0.022 -14"><span class='ocrx_word' id='word_1_180' title='bbox 918 1610 1247 1699; x_wconf 67' lang='lat' dir='ltr'><strong>abscondita.</strong></span> <span class='ocrx_word' id='word_1_181' title='bbox 1286 1657 1304 1690; x_wconf 78' lang='grc' dir='ltr'><strong>ι</strong></span> <span class='ocrx_word' id='word_1_182' title='bbox 1331 1638 1467 1704; x_wconf 80' lang='lat' dir='ltr'><strong>Quia</strong></span> <span class='ocrx_word' id='word_1_183' title='bbox 1501 1642 1820 1705; x_wconf 71' lang='lat' dir='ltr'><strong>prmsentem</strong></span> <span class='ocrx_word' id='word_1_184' title='bbox 1850 1626 2130 1682; x_wconf 89' lang='lat' dir='ltr'><strong>Dominum</strong></span> 
     </span>
    </p>
   </div>
   <div class='ocr_carea' id='block_1_26' title="bbox 2249 1610 3809 1723">
    <p class='ocr_par' dir='ltr' id='par_1_26' title="bbox 2249 1610 3809 1723">
     <span class='ocr_line' id='line_1_26' title="bbox 2249 1610 3809 1685; baseline -0.005 -16"><span class='ocrx_word' id='word_1_185' title='bbox 2249 1616 2434 1685; x_wconf 77' lang='grc' dir='ltr'>(όντων</span> <span class='ocrx_word' id='word_1_186' title='bbox 2462 1613 2661 1678; x_wconf 82' lang='grc' dir='ltr'>αὐτῶν,</span> <span class='ocrx_word' id='word_1_187' title='bbox 2688 1615 2736 1667; x_wconf 79' lang='lat' dir='ltr'><strong>el</strong></span> <span class='ocrx_word' id='word_1_188' title='bbox 2772 1614 3005 1685; x_wconf 86' lang='grc' dir='ltr'>ὁρῶντες</span> <span class='ocrx_word' id='word_1_189' title='bbox 3032 1612 3370 1685; x_wconf 80' lang='grc' dir='ltr'>τά’κρυπτά.</span> <span class='ocrx_word' id='word_1_190' title='bbox 3397 1632 3417 1665; x_wconf 75' lang='grc' dir='ltr'><strong>ι</strong></span> <span class='ocrx_word' id='word_1_191' title='bbox 3455 1610 3809 1682; x_wconf 80' lang='grc' dir='ltr'>Ἐπειδήπερ,</span> 
     </span>
     <span class='ocr_line' id='line_1_27' title="bbox 2249 1698 3773 1723; baseline 0 0"><span class='ocrx_word' id='word_1_192' title='bbox 2249 1706 2257 1723; x_wconf 63' lang='grc' dir='ltr'>ρ</span> <span class='ocrx_word' id='word_1_193' title='bbox 2352 1721 2401 1723; x_wconf 65' lang='lat'><strong>_,</strong></span> <span class='ocrx_word' id='word_1_194' title='bbox 2440 1704 2525 1723; x_wconf 67' lang='grc' dir='ltr'><strong>,ιςΔ</strong></span> <span class='ocrx_word' id='word_1_195' title='bbox 2600 1705 2706 1723; x_wconf 46' lang='grc' dir='ltr'>ιη..</span> <span class='ocrx_word' id='word_1_196' title='bbox 2773 1707 2787 1723; x_wconf 87' lang='lat'><strong>.</strong></span> <span class='ocrx_word' id='word_1_197' title='bbox 2854 1703 3191 1723; x_wconf 58' lang='lat' dir='ltr'><strong>,n_,,_._-_</strong></span> <span class='ocrx_word' id='word_1_198' title='bbox 3236 1704 3255 1723; x_wconf 67' lang='grc' dir='ltr'><strong>ι</strong></span> <span class='ocrx_word' id='word_1_199' title='bbox 3314 1702 3517 1723; x_wconf 63' lang='grc' dir='ltr'><strong>ν.ρ----</strong></span> <span class='ocrx_word' id='word_1_200' title='bbox 3579 1698 3705 1723; x_wconf 54' lang='lat' dir='ltr'><strong>Lm:</strong></span> <span class='ocrx_word' id='word_1_201' title='bbox 3746 1699 3773 1723; x_wconf 74' lang='grc' dir='ltr'>ι.</span> 
     </span>
    </p>
   </div>
   <div class='ocr_carea' id='block_1_27' title="bbox 587 1698 2148 1797">
    <p class='ocr_par' dir='ltr' id='par_1_27' title="bbox 587 1698 2133 1797">
     <span class='ocr_line' id='line_1_28' title="bbox 587 1698 2133 1797; baseline -0.022 1"><span class='ocrx_word' id='word_1_202' title='bbox 587 1698 859 1797; x_wconf 67' lang='lat' dir='ltr'><strong>hominem</strong></span> <span class='ocrx_word' id='word_1_203' title='bbox 888 1738 1086 1791; x_wconf 77' lang='lat' dir='ltr'><strong>factum</strong></span> <span class='ocrx_word' id='word_1_204' title='bbox 1118 1730 1397 1786; x_wconf 89' lang='lat' dir='ltr'><strong>audientes</strong></span> <span class='ocrx_word' id='word_1_205' title='bbox 1418 1765 1433 1790; x_wconf 90' lang='lat'><strong>,</strong></span> <span class='ocrx_word' id='word_1_206' title='bbox 1469 1739 1575 1778; x_wconf 92' lang='lat' dir='ltr'><strong>non</strong></span> <span class='ocrx_word' id='word_1_207' title='bbox 1626 1720 2038 1779; x_wconf 80' lang='lat' dir='ltr'><strong>intellexerunt,</strong></span> <span class='ocrx_word' id='word_1_208' title='bbox 2071 1724 2133 1764; x_wconf 87' lang='lat' dir='ltr'><strong>ac</strong></span> 
     </span>
    </p>
   </div>
   <div class='ocr_carea' id='block_1_28' title="bbox 2249 1698 3811 1797">
    <p class='ocr_par' dir='ltr' id='par_1_28' title="bbox 2249 1698 3811 1775">
     <span class='ocr_line' id='line_1_29' title="bbox 2249 1698 3811 1775; baseline -0.003 -18"><span class='ocrx_word' id='word_1_209' title='bbox 2249 1706 2319 1757; x_wconf 71' lang='grc' dir='ltr'>ἱτε</span> <span class='ocrx_word' id='word_1_210' title='bbox 2345 1704 2527 1775; x_wconf 85' lang='grc' dir='ltr'>παρῆν</span> <span class='ocrx_word' id='word_1_211' title='bbox 2554 1705 2733 1769; x_wconf 78' lang='grc' dir='ltr'>αὐτοῖς</span> <span class='ocrx_word' id='word_1_212' title='bbox 2770 1703 3193 1775; x_wconf 79' lang='grc' dir='ltr'>ὲνανθρωπήσας</span> <span class='ocrx_word' id='word_1_213' title='bbox 3232 1704 3260 1754; x_wconf 84' lang='grc' dir='ltr'>ὁ</span> <span class='ocrx_word' id='word_1_214' title='bbox 3314 1702 3537 1772; x_wconf 78' lang='grc' dir='ltr'>Κύριος,</span> <span class='ocrx_word' id='word_1_215' title='bbox 3574 1698 3709 1771; x_wconf 85' lang='grc' dir='ltr'>ἀκοῇ</span> <span class='ocrx_word' id='word_1_216' title='bbox 3740 1699 3811 1752; x_wconf 87' lang='grc' dir='ltr'>ἀ-</span> 
     </span>
    </p>
   </div>
   <div class='ocr_carea' id='block_1_29' title="bbox 586 1792 2148 1897">
    <p class='ocr_par' dir='ltr' id='par_1_29' title="bbox 586 1814 2132 1889">
     <span class='ocr_line' id='line_1_30' title="bbox 586 1814 2132 1889; baseline -0.024 0"><span class='ocrx_word' id='word_1_217' title='bbox 586 1834 830 1888; x_wconf 89' lang='lat' dir='ltr'><strong>videntes</strong></span> <span class='ocrx_word' id='word_1_218' title='bbox 858 1827 1025 1883; x_wconf 87' lang='lat' dir='ltr'><strong>oculis</strong></span> <span class='ocrx_word' id='word_1_219' title='bbox 1046 1864 1063 1889; x_wconf 87' lang='lat'><strong>,</strong></span> <span class='ocrx_word' id='word_1_220' title='bbox 1099 1824 1291 1877; x_wconf 77' lang='lat' dir='ltr'><strong>anima:</strong></span> <span class='ocrx_word' id='word_1_221' title='bbox 1315 1817 1429 1872; x_wconf 89' lang='lat' dir='ltr'><strong>visu</strong></span> <span class='ocrx_word' id='word_1_222' title='bbox 1461 1828 1566 1869; x_wconf 90' lang='lat' dir='ltr'><strong>non</strong></span> <span class='ocrx_word' id='word_1_223' title='bbox 1596 1814 2008 1879; x_wconf 84' lang='lat' dir='ltr'><strong>conspexerunt,</strong></span> <span class='ocrx_word' id='word_1_224' title='bbox 2039 1816 2132 1854; x_wconf 89' lang='lat' dir='ltr'><strong>att-</strong></span> 
     </span>
    </p>
   </div>
   <div class='ocr_carea' id='block_1_30' title="bbox 2249 1792 3812 1897">
    <p class='ocr_par' dir='ltr' id='par_1_30' title="bbox 2249 1792 3812 1865">
     <span class='ocr_line' id='line_1_31' title="bbox 2249 1792 3812 1865; baseline -0.003 -14"><span class='ocrx_word' id='word_1_225' title='bbox 2249 1798 2481 1863; x_wconf 84' lang='grc' dir='ltr'>ιούοντες</span> <span class='ocrx_word' id='word_1_226' title='bbox 2530 1798 2715 1863; x_wconf 77' lang='grc' dir='ltr'>αὑτοῦ,</span> <span class='ocrx_word' id='word_1_227' title='bbox 2754 1800 2813 1852; x_wconf 84' lang='grc' dir='ltr'><strong>ού</strong></span> <span class='ocrx_word' id='word_1_228' title='bbox 2864 1797 3137 1861; x_wconf 83' lang='grc' dir='ltr'>συνίεσαν,</span> <span class='ocrx_word' id='word_1_229' title='bbox 3179 1797 3273 1850; x_wconf 79' lang='grc' dir='ltr'>καὶ</span> <span class='ocrx_word' id='word_1_230' title='bbox 3310 1795 3596 1865; x_wconf 89' lang='grc' dir='ltr'>βλέποντες</span> <span class='ocrx_word' id='word_1_231' title='bbox 3644 1792 3812 1847; x_wconf 81' lang='grc' dir='ltr'>αὐτὸν</span> 
     </span>
    </p>
   </div>
   <div class='ocr_carea' id='block_1_31' title="bbox 587 1883 2148 1993">
    <p class='ocr_par' dir='ltr' id='par_1_31' title="bbox 587 1896 2133 1993">
     <span class='ocr_line' id='line_1_32' title="bbox 587 1896 2133 1993; baseline -0.023 -12"><span class='ocrx_word' id='word_1_232' title='bbox 587 1936 781 1993; x_wconf 82' lang='lat' dir='ltr'><strong>resque</strong></span> <span class='ocrx_word' id='word_1_233' title='bbox 807 1933 960 1983; x_wconf 87' lang='lat' dir='ltr'><strong>suas,</strong></span> <span class='ocrx_word' id='word_1_234' title='bbox 992 1932 1057 1971; x_wconf 89' lang='lat' dir='ltr'><strong>ne</strong></span> <span class='ocrx_word' id='word_1_235' title='bbox 1083 1912 1360 1974; x_wconf 87' lang='lat' dir='ltr'><strong>audirent,</strong></span> <span class='ocrx_word' id='word_1_236' title='bbox 1392 1910 1775 1974; x_wconf 78' lang='lat' dir='ltr'><strong>aggravarunt,</strong></span> <span class='ocrx_word' id='word_1_237' title='bbox 1804 1896 2007 1968; x_wconf 86' lang='lat' dir='ltr'><strong>potabit</strong></span> <span class='ocrx_word' id='word_1_238' title='bbox 2040 1908 2133 1948; x_wconf 85' lang='lat' dir='ltr'><strong>eos</strong></span> 
     </span>
    </p>
   </div>
   <div class='ocr_carea' id='block_1_32' title="bbox 2249 1883 3815 1993">
    <p class='ocr_par' dir='ltr' id='par_1_32' title="bbox 2249 1883 3815 1961">
     <span class='ocr_line' id='line_1_33' title="bbox 2249 1883 3815 1961; baseline -0.002 -23"><span class='ocrx_word' id='word_1_239' title='bbox 2249 1888 2550 1958; x_wconf 57' lang='grc' dir='ltr'>ἄφθαλμοῖς,</span> <span class='ocrx_word' id='word_1_240' title='bbox 2591 1891 2656 1959; x_wconf 80' lang='grc' dir='ltr'>τῇ</span> <span class='ocrx_word' id='word_1_241' title='bbox 2691 1888 2875 1961; x_wconf 84' lang='grc' dir='ltr'>ὁράσει</span> <span class='ocrx_word' id='word_1_242' title='bbox 2903 1888 3002 1958; x_wconf 85' lang='grc' dir='ltr'><strong>τῆς</strong></span> <span class='ocrx_word' id='word_1_243' title='bbox 3037 1887 3211 1957; x_wconf 77' lang='grc' dir='ltr'>ψυχῆς</span> <span class='ocrx_word' id='word_1_244' title='bbox 3248 1886 3346 1955; x_wconf 84' lang='grc' dir='ltr'>οὐχ</span> <span class='ocrx_word' id='word_1_245' title='bbox 3378 1884 3582 1953; x_wconf 86' lang='grc' dir='ltr'>ἐώρων,</span> <span class='ocrx_word' id='word_1_246' title='bbox 3612 1883 3707 1936; x_wconf 82' lang='grc' dir='ltr'>καὶ</span> <span class='ocrx_word' id='word_1_247' title='bbox 3740 1883 3815 1936; x_wconf 78' lang='grc' dir='ltr'>τὰ</span> 
     </span>
    </p>
   </div>
   <div class='ocr_carea' id='block_1_33' title="bbox 593 1965 2148 2081">
    <p class='ocr_par' dir='ltr' id='par_1_33' title="bbox 593 1965 1819 2081">
     <span class='ocr_line' id='line_1_34' title="bbox 593 1965 1819 1993; baseline -0.022 -2"><span class='ocrx_word' id='word_1_248' title='bbox 593 1965 781 1993; x_wconf 57' lang='grc' dir='ltr'><strong>αντη-ι*</strong></span> <span class='ocrx_word' id='word_1_249' title='bbox 807 1965 960 1983; x_wconf 71' lang='grc' dir='ltr'><strong>ν--ι</strong></span> <span class='ocrx_word' id='word_1_250' title='bbox 992 1965 1056 1971; x_wconf 84' lang='lat'><strong>--—</strong></span> <span class='ocrx_word' id='word_1_251' title='bbox 1085 1965 1169 1969; x_wconf 55' lang='grc' dir='ltr'><strong>-ντ</strong></span> <span class='ocrx_word' id='word_1_252' title='bbox 1193 1965 1202 1967; x_wconf 48' lang='grc' dir='ltr'><strong>ε</strong></span> <span class='ocrx_word' id='word_1_253' title='bbox 1347 1965 1358 1974; x_wconf 85' lang='lat'><strong>.</strong></span> <span class='ocrx_word' id='word_1_254' title='bbox 1426 1965 1489 1974; x_wconf 70' lang='grc' dir='ltr'>ν..</span> <span class='ocrx_word' id='word_1_255' title='bbox 1806 1965 1819 1968; x_wconf 70' lang='grc'>,</span> 
     </span>
     <span class='ocr_line' id='line_1_35' title="bbox 593 1999 1542 2081; baseline -0.019 -14"><span class='ocrx_word' id='word_1_256' title='bbox 593 2015 848 2071; x_wconf 87' lang='lat' dir='ltr'><strong>Dominus</strong></span> <span class='ocrx_word' id='word_1_257' title='bbox 878 2010 1065 2081; x_wconf 86' lang='lat' dir='ltr'><strong>spiritu</strong></span> <span class='ocrx_word' id='word_1_258' title='bbox 1094 1999 1542 2073; x_wconf 88' lang='lat' dir='ltr'><strong>compunctionis.</strong></span> 
     </span>
    </p>
   </div>
   <div class='ocr_carea' id='block_1_34' title="bbox 2249 1965 3815 2081">
    <p class='ocr_par' dir='ltr' id='par_1_34' title="bbox 2249 1972 3815 2049">
     <span class='ocr_line' id='line_1_36' title="bbox 2249 1972 3815 2049; baseline -0.004 -17"><span class='ocrx_word' id='word_1_259' title='bbox 2249 1972 2348 2032; x_wconf 65' lang='lat' dir='ltr'><strong>Ima</strong></span> <span class='ocrx_word' id='word_1_260' title='bbox 2372 1978 2547 2032; x_wconf 77' lang='grc' dir='ltr'>αὐτῶν</span> <span class='ocrx_word' id='word_1_261' title='bbox 2578 1978 2843 2049; x_wconf 82' lang='grc' dir='ltr'>ἐϐάρυναν</span> <span class='ocrx_word' id='word_1_262' title='bbox 2870 1976 2963 2031; x_wconf 79' lang='grc' dir='ltr'>τοῦ</span> <span class='ocrx_word' id='word_1_263' title='bbox 2998 1978 3071 2048; x_wconf 82' lang='grc' dir='ltr'><strong>μὴ</strong></span> <span class='ocrx_word' id='word_1_264' title='bbox 3102 1976 3339 2041; x_wconf 84' lang='grc' dir='ltr'>ἀκούειν,</span> <span class='ocrx_word' id='word_1_265' title='bbox 3375 1973 3581 2027; x_wconf 86' lang='grc' dir='ltr'>ποτίσει</span> <span class='ocrx_word' id='word_1_266' title='bbox 3614 1974 3815 2037; x_wconf 79' lang='grc' dir='ltr'>αὐτοὺς</span> 
     </span>
    </p>
   </div>
   <div class='ocr_carea' id='block_1_35' title="bbox 2237 2069 3121 2141">
    <p class='ocr_par' dir='ltr' id='par_1_35' title="bbox 2237 2069 3121 2141">
     <span class='ocr_line' id='line_1_37' title="bbox 2237 2069 3121 2141; baseline -0.002 -18"><span class='ocrx_word' id='word_1_267' title='bbox 2237 2072 2437 2141; x_wconf 84' lang='grc' dir='ltr'>Κύριος</span> <span class='ocrx_word' id='word_1_268' title='bbox 2461 2070 2730 2140; x_wconf 83' lang='grc' dir='ltr'>πνεύματι</span> <span class='ocrx_word' id='word_1_269' title='bbox 2761 2069 3121 2134; x_wconf 80' lang='grc' dir='ltr'>κατανύξεως.</span> 
     </span>
    </p>
   </div>
   <div class='ocr_carea' id='block_1_36' title="bbox 662 2156 2148 2248">
    <p class='ocr_par' dir='ltr' id='par_1_36' title="bbox 662 2166 2139 2248">
     <span class='ocr_line' id='line_1_38' title="bbox 662 2166 2139 2248; baseline -0.022 0"><span class='ocrx_word' id='word_1_270' title='bbox 662 2195 820 2248; x_wconf 78' lang='lat' dir='ltr'><strong>Vsns.</strong></span> <span class='ocrx_word' id='word_1_271' title='bbox 853 2192 936 2246; x_wconf 81' lang='grc'>11.</span> <span class='ocrx_word' id='word_1_272' title='bbox 978 2207 994 2238; x_wconf 78' lang='lat' dir='ltr'><strong>t</strong></span> <span class='ocrx_word' id='word_1_273' title='bbox 1017 2188 1080 2242; x_wconf 85' lang='lat' dir='ltr'><strong>Et</strong></span> <span class='ocrx_word' id='word_1_274' title='bbox 1106 2192 1263 2239; x_wconf 89' lang='lat' dir='ltr'><strong>erunt</strong></span> <span class='ocrx_word' id='word_1_275' title='bbox 1283 2180 1430 2235; x_wconf 84' lang='lat' dir='ltr'><strong>vobis</strong></span> <span class='ocrx_word' id='word_1_276' title='bbox 1461 2179 1574 2231; x_wconf 74' lang='lat' dir='ltr'><strong>ltzec</strong></span> <span class='ocrx_word' id='word_1_277' title='bbox 1602 2173 1781 2227; x_wconf 83' lang='lat' dir='ltr'><strong>omnia</strong></span> <span class='ocrx_word' id='word_1_278' title='bbox 1799 2166 2139 2232; x_wconf 81' lang='lat' dir='ltr'><strong>verba,velut</strong></span> 
     </span>
    </p>
   </div>
   <div class='ocr_carea' id='block_1_37' title="bbox 2249 2156 3815 2248">
    <p class='ocr_par' dir='ltr' id='par_1_37' title="bbox 2314 2156 3815 2232">
     <span class='ocr_line' id='line_1_39' title="bbox 2314 2156 3815 2232; baseline -0.003 -19"><span class='ocrx_word' id='word_1_279' title='bbox 2314 2180 2331 2212; x_wconf 81' lang='grc' dir='ltr'><strong>ι</strong></span> <span class='ocrx_word' id='word_1_280' title='bbox 2357 2163 2464 2214; x_wconf 98' lang='lat' dir='ltr'><strong>Kal</strong></span> <span class='ocrx_word' id='word_1_281' title='bbox 2486 2162 2696 2215; x_wconf 81' lang='grc' dir='ltr'>ἔσονται</span> <span class='ocrx_word' id='word_1_282' title='bbox 2733 2163 2858 2232; x_wconf 82' lang='grc' dir='ltr'>ὑμῖν</span> <span class='ocrx_word' id='word_1_283' title='bbox 2882 2161 2949 2215; x_wconf 75' lang='grc' dir='ltr'>τὰ</span> <span class='ocrx_word' id='word_1_284' title='bbox 2983 2162 3203 2232; x_wconf 76' lang='grc' dir='ltr'>ῥήματα</span> <span class='ocrx_word' id='word_1_285' title='bbox 3238 2160 3411 2214; x_wconf 87' lang='grc' dir='ltr'>πάντα</span> <span class='ocrx_word' id='word_1_286' title='bbox 3440 2158 3633 2215; x_wconf 83' lang='grc' dir='ltr'>ταῦτα.</span> <span class='ocrx_word' id='word_1_287' title='bbox 3666 2157 3742 2219; x_wconf 83' lang='grc' dir='ltr'>ὡς</span> <span class='ocrx_word' id='word_1_288' title='bbox 3764 2156 3815 2208; x_wconf 68' lang='grc' dir='ltr'><strong>εί</strong></span> 
     </span>
    </p>
   </div>
   <div class='ocr_carea' id='block_1_38' title="bbox 576 2246 2148 2343">
    <p class='ocr_par' dir='ltr' id='par_1_38' title="bbox 576 2246 2135 2343">
     <span class='ocr_line' id='line_1_40' title="bbox 576 2246 2135 2343; baseline -0.022 -3"><span class='ocrx_word' id='word_1_289' title='bbox 576 2246 864 2339; x_wconf 73' lang='lat' dir='ltr'><strong>sermones</strong></span> <span class='ocrx_word' id='word_1_290' title='bbox 889 2278 1011 2332; x_wconf 88' lang='lat' dir='ltr'><strong>libri</strong></span> <span class='ocrx_word' id='word_1_291' title='bbox 1053 2272 1248 2343; x_wconf 84' lang='lat' dir='ltr'><strong>signati</strong></span> <span class='ocrx_word' id='word_1_292' title='bbox 1293 2269 1483 2337; x_wconf 86' lang='lat' dir='ltr'><strong>hujus,</strong></span> <span class='ocrx_word' id='word_1_293' title='bbox 1513 2278 1670 2334; x_wconf 83' lang='lat' dir='ltr'><strong>quem</strong></span> <span class='ocrx_word' id='word_1_294' title='bbox 1697 2260 1741 2315; x_wconf 90' lang='lat' dir='ltr'><strong>si</strong></span> <span class='ocrx_word' id='word_1_295' title='bbox 1769 2259 1898 2313; x_wconf 87' lang='lat' dir='ltr'><strong>dent</strong></span> <span class='ocrx_word' id='word_1_296' title='bbox 1932 2255 2135 2310; x_wconf 85' lang='lat' dir='ltr'><strong>homini</strong></span> 
     </span>
    </p>
   </div>
   <div class='ocr_carea' id='block_1_39' title="bbox 2249 2246 3816 2343">
    <p class='ocr_par' dir='ltr' id='par_1_39' title="bbox 2249 2246 3816 2333">
     <span class='ocr_line' id='line_1_41' title="bbox 2249 2246 3816 2333; baseline -0.004 -29"><span class='ocrx_word' id='word_1_297' title='bbox 2249 2253 2384 2320; x_wconf 74' lang='grc' dir='ltr'>λόγοι</span> <span class='ocrx_word' id='word_1_298' title='bbox 2414 2251 2506 2305; x_wconf 83' lang='grc' dir='ltr'>τοῦ</span> <span class='ocrx_word' id='word_1_299' title='bbox 2562 2251 2767 2321; x_wconf 91' lang='grc' dir='ltr'>βιϐλίου</span> <span class='ocrx_word' id='word_1_300' title='bbox 2822 2252 2914 2305; x_wconf 83' lang='grc' dir='ltr'>τοῦ</span> <span class='ocrx_word' id='word_1_301' title='bbox 2945 2250 3377 2333; x_wconf 81' lang='grc' dir='ltr'>ἐσφραγισμένου</span> <span class='ocrx_word' id='word_1_302' title='bbox 3428 2248 3638 2311; x_wconf 86' lang='grc' dir='ltr'>τούτου,</span> <span class='ocrx_word' id='word_1_303' title='bbox 3666 2247 3695 2299; x_wconf 83' lang='grc' dir='ltr'><strong>δ</strong></span> <span class='ocrx_word' id='word_1_304' title='bbox 3716 2246 3816 2299; x_wconf 79' lang='grc' dir='ltr'><strong>ἐάν</strong></span> 
     </span>
    </p>
   </div>
   <div class='ocr_carea' id='block_1_40' title="bbox 589 2338 2148 2431">
    <p class='ocr_par' dir='ltr' id='par_1_40' title="bbox 589 2338 2135 2431">
     <span class='ocr_line' id='line_1_42' title="bbox 589 2338 2135 2431; baseline -0.019 -2"><span class='ocrx_word' id='word_1_305' title='bbox 589 2338 778 2429; x_wconf 87' lang='lat' dir='ltr'><strong>scienti</strong></span> <span class='ocrx_word' id='word_1_306' title='bbox 800 2338 1284 2431; x_wconf 70' lang='lat' dir='ltr'><strong>litteras,dicentcs</strong></span> <span class='ocrx_word' id='word_1_307' title='bbox 1303 2379 1315 2413; x_wconf 88' lang='lat'>:</span> <span class='ocrx_word' id='word_1_308' title='bbox 1334 2358 1486 2426; x_wconf 76' lang='lat' dir='ltr'><strong>-Lege</strong></span> <span class='ocrx_word' id='word_1_309' title='bbox 1515 2356 1648 2418; x_wconf 82' lang='lat' dir='ltr'><strong>haec,</strong></span> <span class='ocrx_word' id='word_1_310' title='bbox 1683 2352 1840 2411; x_wconf 89' lang='lat' dir='ltr'><strong>dicet,</strong></span> <span class='ocrx_word' id='word_1_311' title='bbox 1873 2347 1987 2400; x_wconf 87' lang='lat' dir='ltr'><strong>Non</strong></span> <span class='ocrx_word' id='word_1_312' title='bbox 2015 2360 2135 2415; x_wconf 85' lang='lat' dir='ltr'><strong>pos-</strong></span> 
     </span>
    </p>
   </div>
   <div class='ocr_carea' id='block_1_41' title="bbox 2249 2338 3816 2431">
    <p class='ocr_par' dir='ltr' id='par_1_41' title="bbox 2249 2338 3816 2419">
     <span class='ocr_line' id='line_1_43' title="bbox 2249 2338 3816 2419; baseline -0.003 -24"><span class='ocrx_word' id='word_1_313' title='bbox 2249 2343 2399 2396; x_wconf 71' lang='grc' dir='ltr'>δῶσιν</span> <span class='ocrx_word' id='word_1_314' title='bbox 2429 2344 2557 2396; x_wconf 82' lang='grc' dir='ltr'>αὐτὸ</span> <span class='ocrx_word' id='word_1_315' title='bbox 2597 2341 2865 2414; x_wconf 81' lang='grc' dir='ltr'>ἀνθρώπῳ</span> <span class='ocrx_word' id='word_1_316' title='bbox 2904 2343 3249 2412; x_wconf 74' lang='grc' dir='ltr'>ἐπισταμένῳ</span> <span class='ocrx_word' id='word_1_317' title='bbox 3297 2342 3599 2419; x_wconf 73' lang='grc' dir='ltr'>γράμματα</span> <span class='ocrx_word' id='word_1_318' title='bbox 3625 2338 3816 2407; x_wconf 86' lang='grc' dir='ltr'>λέγον-</span> 
     </span>
    </p>
   </div>
   <div class='ocr_carea' id='block_1_42' title="bbox 592 2427 2148 2527">
    <p class='ocr_par' dir='ltr' id='par_1_42' title="bbox 592 2434 2135 2527">
     <span class='ocr_line' id='line_1_44' title="bbox 592 2434 2135 2527; baseline -0.019 -9"><span class='ocrx_word' id='word_1_319' title='bbox 592 2478 708 2518; x_wconf 90' lang='lat' dir='ltr'><strong>sum</strong></span> <span class='ocrx_word' id='word_1_320' title='bbox 743 2461 917 2527; x_wconf 75' lang='lat' dir='ltr'><strong>legere</strong></span> <span class='ocrx_word' id='word_1_321' title='bbox 951 2474 965 2522; x_wconf 86' lang='lat'>;</span> <span class='ocrx_word' id='word_1_322' title='bbox 995 2456 1235 2525; x_wconf 76' lang='lat' dir='ltr'><strong>signatus</strong></span> <span class='ocrx_word' id='word_1_323' title='bbox 1266 2450 1411 2503; x_wconf 90' lang='lat' dir='ltr'><strong>enim</strong></span> <span class='ocrx_word' id='word_1_324' title='bbox 1465 2452 1567 2500; x_wconf 82' lang='lat' dir='ltr'><strong>est.</strong></span> <span class='ocrx_word' id='word_1_325' title='bbox 1610 2462 1627 2495; x_wconf 78' lang='grc' dir='ltr'><strong>ι</strong></span> <span class='ocrx_word' id='word_1_326' title='bbox 1676 2440 1747 2494; x_wconf 92' lang='lat' dir='ltr'><strong>De</strong></span> <span class='ocrx_word' id='word_1_327' title='bbox 1794 2440 1860 2492; x_wconf 85' lang='lat' dir='ltr'><strong>iis</strong></span> <span class='ocrx_word' id='word_1_328' title='bbox 1896 2437 1985 2506; x_wconf 88' lang='lat' dir='ltr'><strong>qui</strong></span> <span class='ocrx_word' id='word_1_329' title='bbox 2036 2434 2135 2489; x_wconf 89' lang='lat' dir='ltr'><strong>sub</strong></span> 
     </span>
    </p>
   </div>
   <div class='ocr_carea' id='block_1_43' title="bbox 2249 2427 3818 2527">
    <p class='ocr_par' dir='ltr' id='par_1_43' title="bbox 2249 2427 3818 2501">
     <span class='ocr_line' id='line_1_45' title="bbox 2249 2427 3818 2501; baseline -0.003 -17"><span class='ocrx_word' id='word_1_330' title='bbox 2249 2449 2348 2496; x_wconf 79' lang='grc' dir='ltr'>τες·</span> <span class='ocrx_word' id='word_1_331' title='bbox 2389 2431 2682 2499; x_wconf 79' lang='grc' dir='ltr'>Ἀνάγνωθι</span> <span class='ocrx_word' id='word_1_332' title='bbox 2704 2432 2873 2484; x_wconf 82' lang='grc' dir='ltr'>ταῦτα</span> <span class='ocrx_word' id='word_1_333' title='bbox 2897 2474 2912 2495; x_wconf 87' lang='grc'><strong>,</strong></span> <span class='ocrx_word' id='word_1_334' title='bbox 2941 2432 3035 2483; x_wconf 77' lang='grc' dir='ltr'>καὶ</span> <span class='ocrx_word' id='word_1_335' title='bbox 3056 2431 3189 2501; x_wconf 85' lang='grc' dir='ltr'>ἐρεῖ,</span> <span class='ocrx_word' id='word_1_336' title='bbox 3219 2430 3292 2483; x_wconf 78' lang='grc' dir='ltr'><strong>Οὐ</strong></span> <span class='ocrx_word' id='word_1_337' title='bbox 3314 2429 3545 2499; x_wconf 85' lang='grc' dir='ltr'>δύναμαι</span> <span class='ocrx_word' id='word_1_338' title='bbox 3570 2427 3818 2495; x_wconf 84' lang='grc' dir='ltr'>ἀναγνῶ-</span> 
     </span>
    </p>
   </div>
   <div class='ocr_carea' id='block_1_44' title="bbox 590 2519 2148 2619">
    <p class='ocr_par' dir='ltr' id='par_1_44' title="bbox 590 2519 2133 2619">
     <span class='ocr_line' id='line_1_46' title="bbox 590 2519 2133 2619; baseline -0.019 -13"><span class='ocrx_word' id='word_1_339' title='bbox 590 2552 706 2606; x_wconf 76' lang='lat' dir='ltr'><strong>inec</strong></span> <span class='ocrx_word' id='word_1_340' title='bbox 736 2519 912 2619; x_wconf 72' lang='lat' dir='ltr'><strong>populi</strong></span> <span class='ocrx_word' id='word_1_341' title='bbox 953 2519 1017 2599; x_wconf 80' lang='lat' dir='ltr'><strong>ex</strong></span> <span class='ocrx_word' id='word_1_342' title='bbox 1047 2519 1471 2598; x_wconf 62' lang='lat' dir='ltr'><strong>circumcisione</strong></span> <span class='ocrx_word' id='word_1_343' title='bbox 1510 2530 1748 2605; x_wconf 71' lang='lat' dir='ltr'><strong>prtefecti</strong></span> <span class='ocrx_word' id='word_1_344' title='bbox 1790 2527 1952 2582; x_wconf 87' lang='lat' dir='ltr'><strong>l‘nturi</strong></span> <span class='ocrx_word' id='word_1_345' title='bbox 1985 2533 2133 2587; x_wconf 87' lang='lat' dir='ltr'><strong>sunt,</strong></span> 
     </span>
    </p>
   </div>
   <div class='ocr_carea' id='block_1_45' title="bbox 2249 2519 3817 2619">
    <p class='ocr_par' dir='ltr' id='par_1_45' title="bbox 2249 2519 3817 2594">
     <span class='ocr_line' id='line_1_47' title="bbox 2249 2519 3817 2594; baseline -0.003 -18"><span class='ocrx_word' id='word_1_346' title='bbox 2249 2542 2360 2577; x_wconf 83' lang='grc' dir='ltr'>ναι·</span> <span class='ocrx_word' id='word_1_347' title='bbox 2397 2524 2754 2594; x_wconf 84' lang='grc' dir='ltr'>ἐσφράγισται</span> <span class='ocrx_word' id='word_1_348' title='bbox 2789 2525 2916 2594; x_wconf 90' lang='grc' dir='ltr'>γάρ.</span> <span class='ocrx_word' id='word_1_349' title='bbox 2950 2541 2969 2575; x_wconf 74' lang='grc' dir='ltr'><strong>ι</strong></span> <span class='ocrx_word' id='word_1_350' title='bbox 3004 2524 3137 2593; x_wconf 76' lang='grc' dir='ltr'>Περὶ</span> <span class='ocrx_word' id='word_1_351' title='bbox 3160 2522 3267 2575; x_wconf 86' lang='grc' dir='ltr'><strong>τῶν</strong></span> <span class='ocrx_word' id='word_1_352' title='bbox 3310 2520 3446 2591; x_wconf 79' lang='grc' dir='ltr'>μετὰ</span> <span class='ocrx_word' id='word_1_353' title='bbox 3478 2519 3648 2573; x_wconf 81' lang='grc' dir='ltr'>ταῦτα</span> <span class='ocrx_word' id='word_1_354' title='bbox 3679 2535 3817 2590; x_wconf 85' lang='grc' dir='ltr'>προ-</span> 
     </span>
    </p>
   </div>
   <div class='ocr_carea' id='block_1_46' title="bbox 592 2612 2148 2712">
    <p class='ocr_par' dir='ltr' id='par_1_46' title="bbox 592 2612 2134 2712">
     <span class='ocr_line' id='line_1_48' title="bbox 592 2612 2134 2712; baseline -0.019 -15"><span class='ocrx_word' id='word_1_355' title='bbox 592 2612 765 2712; x_wconf 65' lang='lat' dir='ltr'><strong>pergil</strong></span> <span class='ocrx_word' id='word_1_356' title='bbox 790 2612 1106 2692; x_wconf 72' lang='lat' dir='ltr'><strong>vaticinari:</strong></span> <span class='ocrx_word' id='word_1_357' title='bbox 1139 2652 1156 2683; x_wconf 82' lang='grc' dir='ltr'><strong>ι</strong></span> <span class='ocrx_word' id='word_1_358' title='bbox 1193 2632 1254 2685; x_wconf 82' lang='lat' dir='ltr'><strong>Et</strong></span> <span class='ocrx_word' id='word_1_359' title='bbox 1285 2636 1445 2683; x_wconf 86' lang='lat' dir='ltr'><strong>erunt</strong></span> <span class='ocrx_word' id='word_1_360' title='bbox 1477 2625 1629 2679; x_wconf 84' lang='lat' dir='ltr'><strong>vobis</strong></span> <span class='ocrx_word' id='word_1_361' title='bbox 1667 2620 1842 2675; x_wconf 89' lang='lat' dir='ltr'><strong>omnia</strong></span> <span class='ocrx_word' id='word_1_362' title='bbox 1875 2618 2035 2671; x_wconf 88' lang='lat' dir='ltr'><strong>verba</strong></span> <span class='ocrx_word' id='word_1_363' title='bbox 2070 2616 2134 2668; x_wconf 87' lang='lat' dir='ltr'><strong>li-</strong></span> 
     </span>
    </p>
   </div>
   <div class='ocr_carea' id='block_1_47' title="bbox 2249 2612 3818 2712">
    <p class='ocr_par' dir='ltr' id='par_1_47' title="bbox 2249 2612 3818 2695">
     <span class='ocr_line' id='line_1_49' title="bbox 2249 2612 3818 2695; baseline -0.004 -27"><span class='ocrx_word' id='word_1_364' title='bbox 2249 2616 2459 2669; x_wconf 86' lang='grc' dir='ltr'>εστάναι</span> <span class='ocrx_word' id='word_1_365' title='bbox 2505 2614 2801 2668; x_wconf 87' lang='grc' dir='ltr'>δοκούντων</span> <span class='ocrx_word' id='word_1_366' title='bbox 2830 2614 2923 2668; x_wconf 83' lang='grc' dir='ltr'>τοῦ</span> <span class='ocrx_word' id='word_1_367' title='bbox 2956 2617 3019 2668; x_wconf 87' lang='grc' dir='ltr'><strong>ἐκ</strong></span> <span class='ocrx_word' id='word_1_368' title='bbox 3061 2614 3361 2686; x_wconf 77' lang='grc' dir='ltr'>περιτομῆς</span> <span class='ocrx_word' id='word_1_369' title='bbox 3390 2613 3517 2667; x_wconf 81' lang='grc' dir='ltr'>λαοῦ</span> <span class='ocrx_word' id='word_1_370' title='bbox 3543 2612 3818 2695; x_wconf 71' lang='grc' dir='ltr'>διέρχεται</span> 
     </span>
    </p>
   </div>
   <div class='ocr_carea' id='block_1_48' title="bbox 593 2699 2148 2798">
    <p class='ocr_par' dir='ltr' id='par_1_48' title="bbox 593 2699 2134 2798">
     <span class='ocr_line' id='line_1_50' title="bbox 593 2699 2134 2798; baseline -0.018 -11"><span class='ocrx_word' id='word_1_371' title='bbox 593 2699 728 2787; x_wconf 46' lang='lat' dir='ltr'><strong>bri&quot;)</strong></span> <span class='ocrx_word' id='word_1_372' title='bbox 758 2750 772 2785; x_wconf 88' lang='lat'>:</span> <span class='ocrx_word' id='word_1_373' title='bbox 800 2744 916 2798; x_wconf 76' lang='lat' dir='ltr'><strong>qua:</strong></span> <span class='ocrx_word' id='word_1_374' title='bbox 950 2741 1077 2781; x_wconf 88' lang='lat' dir='ltr'><strong>sane</strong></span> <span class='ocrx_word' id='word_1_375' title='bbox 1121 2723 1194 2776; x_wconf 91' lang='lat' dir='ltr'><strong>illi</strong></span> <span class='ocrx_word' id='word_1_376' title='bbox 1238 2736 1341 2775; x_wconf 84' lang='lat' dir='ltr'><strong>non</strong></span> <span class='ocrx_word' id='word_1_377' title='bbox 1389 2716 1776 2784; x_wconf 82' lang='lat' dir='ltr'><strong>intelligebant.</strong></span> <span class='ocrx_word' id='word_1_378' title='bbox 1824 2708 1967 2763; x_wconf 86' lang='lat' dir='ltr'><strong>Nihil</strong></span> <span class='ocrx_word' id='word_1_379' title='bbox 1991 2710 2134 2761; x_wconf 88' lang='lat' dir='ltr'><strong>enim</strong></span> 
     </span>
    </p>
   </div>
   <div class='ocr_carea' id='block_1_49' title="bbox 2249 2699 3817 2798">
    <p class='ocr_par' dir='ltr' id='par_1_49' title="bbox 2249 2699 3817 2777">
     <span class='ocr_line' id='line_1_51' title="bbox 2249 2699 3817 2777; baseline -0.004 -18"><span class='ocrx_word' id='word_1_380' title='bbox 2249 2706 2539 2770; x_wconf 57' lang='grc' dir='ltr'>θεσπίζων</span> <span class='ocrx_word' id='word_1_381' title='bbox 2584 2726 2601 2756; x_wconf 76' lang='grc' dir='ltr'><strong>ι</strong></span> <span class='ocrx_word' id='word_1_382' title='bbox 2632 2708 2740 2760; x_wconf 82' lang='lat' dir='ltr'><strong>Kal</strong></span> <span class='ocrx_word' id='word_1_383' title='bbox 2768 2707 2978 2760; x_wconf 76' lang='grc' dir='ltr'>ἔσονται</span> <span class='ocrx_word' id='word_1_384' title='bbox 3010 2708 3138 2777; x_wconf 83' lang='grc' dir='ltr'>ύμῖν</span> <span class='ocrx_word' id='word_1_385' title='bbox 3169 2706 3345 2759; x_wconf 86' lang='grc' dir='ltr'>πάντα</span> <span class='ocrx_word' id='word_1_386' title='bbox 3376 2704 3442 2757; x_wconf 79' lang='grc' dir='ltr'><strong>τὰ</strong></span> <span class='ocrx_word' id='word_1_387' title='bbox 3476 2704 3695 2775; x_wconf 74' lang='grc' dir='ltr'>ῥήματα</span> <span class='ocrx_word' id='word_1_388' title='bbox 3720 2699 3817 2753; x_wconf 76' lang='grc' dir='ltr'>τοῦ</span> 
     </span>
    </p>
   </div>
   <div class='ocr_carea' id='block_1_50' title="bbox 594 2789 2148 2879">
    <p class='ocr_par' dir='ltr' id='par_1_50' title="bbox 594 2789 2136 2879">
     <span class='ocr_line' id='line_1_52' title="bbox 594 2789 2136 2879; baseline -0.018 -2"><span class='ocrx_word' id='word_1_389' title='bbox 594 2789 906 2876; x_wconf 73' lang='lat' dir='ltr'><strong>differebant</strong></span> <span class='ocrx_word' id='word_1_390' title='bbox 934 2816 1021 2869; x_wconf 83' lang='lat' dir='ltr'><strong>illa</strong></span> <span class='ocrx_word' id='word_1_391' title='bbox 1053 2816 1117 2868; x_wconf 85' lang='lat' dir='ltr'><strong>ab</strong></span> <span class='ocrx_word' id='word_1_392' title='bbox 1146 2812 1543 2879; x_wconf 81' lang='lat' dir='ltr'><strong>obsignatorum</strong></span> <span class='ocrx_word' id='word_1_393' title='bbox 1574 2802 1759 2873; x_wconf 79' lang='lat' dir='ltr'><strong>sigillis</strong></span> <span class='ocrx_word' id='word_1_394' title='bbox 1779 2842 1793 2868; x_wconf 89' lang='lat'><strong>,</strong></span> <span class='ocrx_word' id='word_1_395' title='bbox 1828 2801 1897 2854; x_wconf 83' lang='lat' dir='ltr'><strong>ita</strong></span> <span class='ocrx_word' id='word_1_396' title='bbox 1948 2810 2004 2852; x_wconf 92' lang='lat' dir='ltr'><strong>ut</strong></span> <span class='ocrx_word' id='word_1_397' title='bbox 2031 2813 2136 2851; x_wconf 87' lang='lat' dir='ltr'><strong>non</strong></span> 
     </span>
    </p>
   </div>
   <div class='ocr_carea' id='block_1_51' title="bbox 2249 2789 3819 2879">
    <p class='ocr_par' dir='ltr' id='par_1_51' title="bbox 2249 2789 3819 2866">
     <span class='ocr_line' id='line_1_53' title="bbox 2249 2789 3819 2866; baseline -0.003 -19"><span class='ocrx_word' id='word_1_398' title='bbox 2249 2796 2465 2865; x_wconf 79' lang='grc' dir='ltr'>βιϐλίου,</span> <span class='ocrx_word' id='word_1_399' title='bbox 2492 2816 2509 2847; x_wconf 81' lang='grc' dir='ltr'><strong>ι</strong></span> <span class='ocrx_word' id='word_1_400' title='bbox 2559 2797 2620 2849; x_wconf 87' lang='grc' dir='ltr'><strong>ού</strong></span> <span class='ocrx_word' id='word_1_401' title='bbox 2682 2797 2786 2866; x_wconf 79' lang='grc' dir='ltr'><strong>μὴν</strong></span> <span class='ocrx_word' id='word_1_402' title='bbox 2834 2797 2925 2849; x_wconf 75' lang='grc' dir='ltr'>καὶ</span> <span class='ocrx_word' id='word_1_403' title='bbox 2956 2797 3222 2857; x_wconf 85' lang='grc' dir='ltr'>συνιέντες</span> <span class='ocrx_word' id='word_1_404' title='bbox 3274 2794 3445 2848; x_wconf 86' lang='grc' dir='ltr'>αύτά·</span> <span class='ocrx_word' id='word_1_405' title='bbox 3498 2791 3659 2861; x_wconf 81' lang='grc' dir='ltr'>μηδὲν</span> <span class='ocrx_word' id='word_1_406' title='bbox 3706 2789 3819 2860; x_wconf 84' lang='grc' dir='ltr'>γὰρ</span> 
     </span>
    </p>
   </div>
   <div class='ocr_carea' id='block_1_52' title="bbox 592 2884 2148 2975">
    <p class='ocr_par' dir='ltr' id='par_1_52' title="bbox 592 2886 2138 2975">
     <span class='ocr_line' id='line_1_54' title="bbox 592 2886 2138 2975; baseline -0.014 -15"><span class='ocrx_word' id='word_1_407' title='bbox 592 2914 775 2975; x_wconf 87' lang='lat' dir='ltr'><strong>posset</strong></span> <span class='ocrx_word' id='word_1_408' title='bbox 802 2902 1105 2957; x_wconf 70' lang='lat' dir='ltr'><strong>Judmorum</strong></span> <span class='ocrx_word' id='word_1_409' title='bbox 1149 2899 1286 2951; x_wconf 89' lang='lat' dir='ltr'><strong>nllus</strong></span> <span class='ocrx_word' id='word_1_410' title='bbox 1328 2895 1528 2962; x_wconf 89' lang='lat' dir='ltr'><strong>scripta</strong></span> <span class='ocrx_word' id='word_1_411' title='bbox 1568 2891 1886 2959; x_wconf 82' lang='lat' dir='ltr'><strong>perlegere;</strong></span> <span class='ocrx_word' id='word_1_412' title='bbox 1935 2888 2005 2941; x_wconf 91' lang='lat' dir='ltr'><strong>ita</strong></span> <span class='ocrx_word' id='word_1_413' title='bbox 2035 2886 2138 2940; x_wconf 84' lang='lat' dir='ltr'><strong>illis</strong></span> 
     </span>
    </p>
   </div>
   <div class='ocr_carea' id='block_1_53' title="bbox 2249 2884 3817 2975">
    <p class='ocr_par' dir='ltr' id='par_1_53' title="bbox 2249 2884 3817 2959">
     <span class='ocr_line' id='line_1_55' title="bbox 2249 2884 3817 2959; baseline -0.004 -20"><span class='ocrx_word' id='word_1_414' title='bbox 2249 2888 2513 2959; x_wconf 79' lang='grc' dir='ltr'>διαφέρειν</span> <span class='ocrx_word' id='word_1_415' title='bbox 2588 2888 2726 2941; x_wconf 76' lang='grc' dir='ltr'>αὐτὰ</span> <span class='ocrx_word' id='word_1_416' title='bbox 2770 2888 2877 2940; x_wconf 87' lang='grc' dir='ltr'><strong>τῶν</strong></span> <span class='ocrx_word' id='word_1_417' title='bbox 2926 2886 3483 2957; x_wconf 86' lang='grc' dir='ltr'>κατεσφραγισμένων</span> <span class='ocrx_word' id='word_1_418' title='bbox 3533 2884 3817 2953; x_wconf 82' lang='grc' dir='ltr'>σφραγῖσι,</span> 
     </span>
    </p>
   </div>
   <div class='ocr_carea' id='block_1_54' title="bbox 594 2972 2148 3062">
    <p class='ocr_par' dir='ltr' id='par_1_54' title="bbox 594 2972 2135 3062">
     <span class='ocr_line' id='line_1_56' title="bbox 594 2972 2135 3062; baseline -0.01 -15"><span class='ocrx_word' id='word_1_419' title='bbox 594 2972 804 3062; x_wconf 78' lang='lat' dir='ltr'><strong>ignotos</strong></span> <span class='ocrx_word' id='word_1_420' title='bbox 848 2990 962 3044; x_wconf 80' lang='lat' dir='ltr'><strong>fore</strong></span> <span class='ocrx_word' id='word_1_421' title='bbox 1005 2990 1079 3042; x_wconf 86' lang='lat' dir='ltr'><strong>ait</strong></span> <span class='ocrx_word' id='word_1_422' title='bbox 1132 2984 1465 3057; x_wconf 86' lang='lat' dir='ltr'><strong>propheticos</strong></span> <span class='ocrx_word' id='word_1_423' title='bbox 1521 2995 1829 3041; x_wconf 86' lang='lat' dir='ltr'><strong>sermones,</strong></span> <span class='ocrx_word' id='word_1_424' title='bbox 1876 2978 1986 3032; x_wconf 89' lang='lat' dir='ltr'><strong>sive</strong></span> <span class='ocrx_word' id='word_1_425' title='bbox 2031 2976 2135 3031; x_wconf 86' lang='lat' dir='ltr'><strong>illis</strong></span> 
     </span>
    </p>
   </div>
   <div class='ocr_carea' id='block_1_55' title="bbox 2249 2972 3818 3062">
    <p class='ocr_par' dir='ltr' id='par_1_55' title="bbox 2249 2972 3818 3049">
     <span class='ocr_line' id='line_1_57' title="bbox 2249 2972 3818 3049; baseline -0.004 -19"><span class='ocrx_word' id='word_1_426' title='bbox 2249 2980 2376 3049; x_wconf 77' lang='grc' dir='ltr'>πρὸς</span> <span class='ocrx_word' id='word_1_427' title='bbox 2387 2979 2446 3031; x_wconf 86' lang='grc' dir='ltr'>τὸ</span> <span class='ocrx_word' id='word_1_428' title='bbox 2463 2979 2536 3049; x_wconf 84' lang='grc' dir='ltr'><strong>μὴ</strong></span> <span class='ocrx_word' id='word_1_429' title='bbox 2549 2980 2803 3032; x_wconf 84' lang='grc' dir='ltr'>δύνασθαί</span> <span class='ocrx_word' id='word_1_430' title='bbox 2817 2997 2937 3032; x_wconf 89' lang='grc' dir='ltr'>τινα</span> <span class='ocrx_word' id='word_1_431' title='bbox 2958 2980 3046 3031; x_wconf 83' lang='grc' dir='ltr'>τὸν</span> <span class='ocrx_word' id='word_1_432' title='bbox 3067 2978 3179 3049; x_wconf 74' lang='grc'><strong>(54)</strong></span> <span class='ocrx_word' id='word_1_433' title='bbox 3198 2980 3260 3031; x_wconf 86' lang='grc' dir='ltr'><strong>ἐκ</strong></span> <span class='ocrx_word' id='word_1_434' title='bbox 3280 2977 3374 3031; x_wconf 81' lang='grc' dir='ltr'>τοῦ</span> <span class='ocrx_word' id='word_1_435' title='bbox 3399 2976 3663 3029; x_wconf 79' lang='grc' dir='ltr'>Ἰουδαίων</span> <span class='ocrx_word' id='word_1_436' title='bbox 3683 2972 3818 3025; x_wconf 80' lang='grc' dir='ltr'>λαοῦ</span> 
     </span>
    </p>
   </div>
   <div class='ocr_carea' id='block_1_56' title="bbox 594 3067 2148 3150">
    <p class='ocr_par' dir='ltr' id='par_1_56' title="bbox 594 3070 2131 3150">
     <span class='ocr_line' id='line_1_58' title="bbox 594 3070 2131 3150; baseline -0.007 -17"><span class='ocrx_word' id='word_1_437' title='bbox 594 3096 689 3135; x_wconf 86' lang='lat' dir='ltr'><strong>ore</strong></span> <span class='ocrx_word' id='word_1_438' title='bbox 713 3079 1140 3150; x_wconf 86' lang='lat' dir='ltr'><strong>pronuntientur,</strong></span> <span class='ocrx_word' id='word_1_439' title='bbox 1171 3077 1279 3129; x_wconf 90' lang='lat' dir='ltr'><strong>sive</strong></span> <span class='ocrx_word' id='word_1_440' title='bbox 1297 3089 1477 3129; x_wconf 89' lang='lat' dir='ltr'><strong>eorum</strong></span> <span class='ocrx_word' id='word_1_441' title='bbox 1504 3086 1724 3139; x_wconf 81' lang='lat' dir='ltr'><strong>prorsus</strong></span> <span class='ocrx_word' id='word_1_442' title='bbox 1747 3070 1976 3137; x_wconf 83' lang='lat' dir='ltr'><strong>imperiti</strong></span> <span class='ocrx_word' id='word_1_443' title='bbox 2004 3071 2131 3123; x_wconf 90' lang='lat' dir='ltr'><strong>sint.</strong></span> 
     </span>
    </p>
   </div>
   <div class='ocr_carea' id='block_1_57' title="bbox 2249 3067 3817 3150">
    <p class='ocr_par' dir='ltr' id='par_1_57' title="bbox 2249 3067 3817 3142">
     <span class='ocr_line' id='line_1_59' title="bbox 2249 3067 3817 3142; baseline -0.003 -19"><span class='ocrx_word' id='word_1_444' title='bbox 2249 3074 2307 3123; x_wconf 72' lang='grc' dir='ltr'>τὰ</span> <span class='ocrx_word' id='word_1_445' title='bbox 2336 3071 2758 3142; x_wconf 80' lang='grc' dir='ltr'><strong>ἐγγεγραμμένα</strong></span> <span class='ocrx_word' id='word_1_446' title='bbox 2802 3070 3197 3139; x_wconf 62' lang='grc' dir='ltr'>διαγινώσκειν</span> <span class='ocrx_word' id='word_1_447' title='bbox 3237 3071 3403 3133; x_wconf 76' lang='grc' dir='ltr'>οὕτως</span> <span class='ocrx_word' id='word_1_448' title='bbox 3430 3068 3608 3132; x_wconf 86' lang='grc' dir='ltr'>αὐτοῖς</span> <span class='ocrx_word' id='word_1_449' title='bbox 3638 3067 3817 3136; x_wconf 81' lang='grc' dir='ltr'>ἀγνώ-</span> 
     </span>
    </p>
   </div>
   <div class='ocr_carea' id='block_1_58' title="bbox 599 3158 3815 3238">
    <p class='ocr_par' dir='ltr' id='par_1_58' title="bbox 599 3158 3815 3238">
     <span class='ocr_line' id='line_1_60' title="bbox 599 3158 3815 3238; baseline -0.003 -11"><span class='ocrx_word' id='word_1_450' title='bbox 599 3191 752 3233; x_wconf 86' lang='grc' dir='ltr'>στους</span> <span class='ocrx_word' id='word_1_451' title='bbox 786 3172 998 3224; x_wconf 70' lang='grc' dir='ltr'>ἔσεσθαι</span> <span class='ocrx_word' id='word_1_452' title='bbox 1026 3170 1148 3231; x_wconf 82' lang='grc' dir='ltr'>τοὺς</span> <span class='ocrx_word' id='word_1_453' title='bbox 1177 3165 1539 3238; x_wconf 74' lang='grc' dir='ltr'>προφητικοὺς</span> <span class='ocrx_word' id='word_1_454' title='bbox 1577 3164 1765 3231; x_wconf 82' lang='grc' dir='ltr'>λόγους</span> <span class='ocrx_word' id='word_1_455' title='bbox 1792 3163 1889 3215; x_wconf 71' lang='grc' dir='ltr'>κᾶν</span> <span class='ocrx_word' id='word_1_456' title='bbox 1908 3181 1963 3215; x_wconf 86' lang='grc' dir='ltr'><strong>τε</strong></span> <span class='ocrx_word' id='word_1_457' title='bbox 1989 3162 2389 3233; x_wconf 76' lang='grc' dir='ltr'>ἀπαγγέλληται</span> <span class='ocrx_word' id='word_1_458' title='bbox 2408 3166 2588 3227; x_wconf 75' lang='grc' dir='ltr'>αὐτοῖς</span> <span class='ocrx_word' id='word_1_459' title='bbox 2612 3166 2718 3217; x_wconf 82' lang='grc' dir='ltr'>ἀπὸ</span> <span class='ocrx_word' id='word_1_460' title='bbox 2745 3167 3027 3236; x_wconf 85' lang='grc' dir='ltr'>στόματος,</span> <span class='ocrx_word' id='word_1_461' title='bbox 3046 3167 3147 3220; x_wconf 82' lang='grc' dir='ltr'>κᾶν</span> <span class='ocrx_word' id='word_1_462' title='bbox 3161 3182 3215 3217; x_wconf 86' lang='grc' dir='ltr'><strong>τε</strong></span> <span class='ocrx_word' id='word_1_463' title='bbox 3234 3166 3445 3235; x_wconf 82' lang='grc' dir='ltr'>ἄπειροι</span> <span class='ocrx_word' id='word_1_464' title='bbox 3460 3158 3590 3216; x_wconf 80' lang='grc' dir='ltr'>ὦσιν</span> <span class='ocrx_word' id='word_1_465' title='bbox 3616 3162 3815 3217; x_wconf 65' lang='grc' dir='ltr'>αὐτῶν.</span> 
     </span>
    </p>
   </div>
   <div class='ocr_carea' id='block_1_59' title="bbox 676 3251 2148 3327">
    <p class='ocr_par' dir='ltr' id='par_1_59' title="bbox 676 3255 2138 3319">
     <span class='ocr_line' id='line_1_61' title="bbox 676 3255 2138 3319; baseline -0.007 -2"><span class='ocrx_word' id='word_1_466' title='bbox 676 3264 833 3319; x_wconf 74' lang='lat' dir='ltr'><strong>Vens:</strong></span> <span class='ocrx_word' id='word_1_467' title='bbox 863 3262 947 3316; x_wconf 73' lang='grc' dir='ltr'><strong>ιε.</strong></span> <span class='ocrx_word' id='word_1_468' title='bbox 991 3280 1007 3311; x_wconf 79' lang='lat' dir='ltr'><strong>t</strong></span> <span class='ocrx_word' id='word_1_469' title='bbox 1048 3261 1110 3312; x_wconf 82' lang='lat' dir='ltr'><strong>Et</strong></span> <span class='ocrx_word' id='word_1_470' title='bbox 1135 3259 1349 3312; x_wconf 84' lang='lat' dir='ltr'><strong>dabitur</strong></span> <span class='ocrx_word' id='word_1_471' title='bbox 1379 3257 1466 3310; x_wconf 89' lang='lat' dir='ltr'><strong>hic</strong></span> <span class='ocrx_word' id='word_1_472' title='bbox 1504 3255 1636 3310; x_wconf 87' lang='lat' dir='ltr'><strong>liber</strong></span> <span class='ocrx_word' id='word_1_473' title='bbox 1669 3256 1721 3307; x_wconf 89' lang='lat' dir='ltr'><strong>in</strong></span> <span class='ocrx_word' id='word_1_474' title='bbox 1753 3269 1939 3307; x_wconf 86' lang='lat' dir='ltr'><strong>manus</strong></span> <span class='ocrx_word' id='word_1_475' title='bbox 1969 3256 2138 3308; x_wconf 87' lang='lat' dir='ltr'><strong>homi-</strong></span> 
     </span>
    </p>
   </div>
   <div class='ocr_carea' id='block_1_60' title="bbox 2249 3251 3821 3327">
    <p class='ocr_par' dir='ltr' id='par_1_60' title="bbox 2318 3251 3821 3327">
     <span class='ocr_line' id='line_1_62' title="bbox 2318 3251 3821 3327; baseline -0.003 -19"><span class='ocrx_word' id='word_1_476' title='bbox 2318 3278 2334 3307; x_wconf 82' lang='grc' dir='ltr'><strong>ι</strong></span> <span class='ocrx_word' id='word_1_477' title='bbox 2354 3258 2461 3309; x_wconf 90' lang='lat' dir='ltr'><strong>Kal</strong></span> <span class='ocrx_word' id='word_1_478' title='bbox 2481 3258 2759 3327; x_wconf 78' lang='grc' dir='ltr'>δοθήσεται</span> <span class='ocrx_word' id='word_1_479' title='bbox 2806 3256 2865 3308; x_wconf 75' lang='grc' dir='ltr'>τὸ</span> <span class='ocrx_word' id='word_1_480' title='bbox 2883 3256 3081 3325; x_wconf 85' lang='grc' dir='ltr'>βιϐλίον</span> <span class='ocrx_word' id='word_1_481' title='bbox 3107 3256 3265 3308; x_wconf 79' lang='grc' dir='ltr'>τοῦτο</span> <span class='ocrx_word' id='word_1_482' title='bbox 3286 3256 3365 3317; x_wconf 87' lang='grc' dir='ltr'><strong>είς</strong></span> <span class='ocrx_word' id='word_1_483' title='bbox 3392 3256 3573 3323; x_wconf 85' lang='grc' dir='ltr'>χεῖρας</span> <span class='ocrx_word' id='word_1_484' title='bbox 3606 3251 3821 3324; x_wconf 83' lang='grc' dir='ltr'>ἀνθρώ-</span> 
     </span>
    </p>
   </div>
   <div class='ocr_carea' id='block_1_61' title="bbox 601 3345 2145 3413">
    <p class='ocr_par' dir='ltr' id='par_1_61' title="bbox 601 3345 2145 3413">
     <span class='ocr_line' id='line_1_63' title="bbox 601 3345 2145 3413; baseline -0.008 -2"><span class='ocrx_word' id='word_1_485' title='bbox 601 3358 686 3412; x_wconf 80' lang='lat' dir='ltr'><strong>ttis</strong></span> <span class='ocrx_word' id='word_1_486' title='bbox 712 3353 997 3409; x_wconf 82' lang='lat' dir='ltr'><strong>nescientis</strong></span> <span class='ocrx_word' id='word_1_487' title='bbox 1028 3352 1230 3403; x_wconf 88' lang='lat' dir='ltr'><strong>litteras</strong></span> <span class='ocrx_word' id='word_1_488' title='bbox 1255 3366 1268 3402; x_wconf 91' lang='lat'>:</span> <span class='ocrx_word' id='word_1_489' title='bbox 1296 3356 1349 3401; x_wconf 87' lang='lat' dir='ltr'><strong>et</strong></span> <span class='ocrx_word' id='word_1_490' title='bbox 1370 3348 1510 3399; x_wconf 84' lang='lat' dir='ltr'><strong>dicet</strong></span> <span class='ocrx_word' id='word_1_491' title='bbox 1538 3347 1609 3409; x_wconf 90' lang='lat' dir='ltr'><strong>ei,</strong></span> <span class='ocrx_word' id='word_1_492' title='bbox 1644 3345 1783 3413; x_wconf 78' lang='lat' dir='ltr'><strong>Lege</strong></span> <span class='ocrx_word' id='word_1_493' title='bbox 1815 3346 1950 3410; x_wconf 85' lang='lat' dir='ltr'><strong>hoc;</strong></span> <span class='ocrx_word' id='word_1_494' title='bbox 1979 3356 2031 3398; x_wconf 89' lang='lat' dir='ltr'><strong>et</strong></span> <span class='ocrx_word' id='word_1_495' title='bbox 2066 3346 2145 3398; x_wconf 87' lang='lat' dir='ltr'><strong>di-</strong></span> 
     </span>
    </p>
   </div>
   <div class='ocr_carea' id='block_1_62' title="bbox 598 3436 2143 3509">
    <p class='ocr_par' dir='ltr' id='par_1_62' title="bbox 598 3436 2143 3509">
     <span class='ocr_line' id='line_1_64' title="bbox 598 3436 2143 3509; baseline -0.005 -12"><span class='ocrx_word' id='word_1_496' title='bbox 598 3455 716 3507; x_wconf 86' lang='lat' dir='ltr'><strong>cet,</strong></span> <span class='ocrx_word' id='word_1_497' title='bbox 749 3443 861 3495; x_wconf 84' lang='lat' dir='ltr'><strong>Non</strong></span> <span class='ocrx_word' id='word_1_498' title='bbox 904 3455 1120 3509; x_wconf 84' lang='lat' dir='ltr'><strong>possunt</strong></span> <span class='ocrx_word' id='word_1_499' title='bbox 1161 3439 1369 3507; x_wconf 76' lang='lat' dir='ltr'><strong>legere,</strong></span> <span class='ocrx_word' id='word_1_500' title='bbox 1405 3436 1582 3490; x_wconf 84' lang='lat' dir='ltr'><strong>nescio</strong></span> <span class='ocrx_word' id='word_1_501' title='bbox 1628 3436 1856 3490; x_wconf 82' lang='lat' dir='ltr'><strong>litteras.</strong></span> <span class='ocrx_word' id='word_1_502' title='bbox 1910 3454 1929 3487; x_wconf 77' lang='grc' dir='ltr'><strong>ι</strong></span> <span class='ocrx_word' id='word_1_503' title='bbox 1964 3436 2143 3489; x_wconf 85' lang='lat' dir='ltr'><strong>Talem</strong></span> 
     </span>
    </p>
   </div>
   <div class='ocr_carea' id='block_1_63' title="bbox 603 3527 2149 3600">
    <p class='ocr_par' dir='ltr' id='par_1_63' title="bbox 603 3527 2149 3600">
     <span class='ocr_line' id='line_1_65' title="bbox 603 3527 2149 3600; baseline -0.006 -11"><span class='ocrx_word' id='word_1_504' title='bbox 603 3537 831 3589; x_wconf 71' lang='lat' dir='ltr'><strong>futuram</strong></span> <span class='ocrx_word' id='word_1_505' title='bbox 862 3532 937 3585; x_wconf 89' lang='lat' dir='ltr'><strong>ait</strong></span> <span class='ocrx_word' id='word_1_506' title='bbox 966 3529 1332 3600; x_wconf 87' lang='lat' dir='ltr'><strong>propheticatn</strong></span> <span class='ocrx_word' id='word_1_507' title='bbox 1367 3537 1622 3593; x_wconf 84' lang='lat' dir='ltr'><strong>mentem,</strong></span> <span class='ocrx_word' id='word_1_508' title='bbox 1655 3542 1759 3579; x_wconf 91' lang='lat' dir='ltr'><strong>non</strong></span> <span class='ocrx_word' id='word_1_509' title='bbox 1788 3527 2001 3595; x_wconf 87' lang='lat' dir='ltr'><strong>quidem</strong></span> <span class='ocrx_word' id='word_1_510' title='bbox 2034 3543 2149 3582; x_wconf 90' lang='lat' dir='ltr'><strong>om-</strong></span> 
     </span>
    </p>
   </div>
   <div class='ocr_carea' id='block_1_64' title="bbox 603 3604 2144 3686">
    <p class='ocr_par' dir='ltr' id='par_1_64' title="bbox 603 3604 2144 3686">
     <span class='ocr_line' id='line_1_66' title="bbox 603 3604 2144 3686; baseline -0.005 -7"><span class='ocrx_word' id='word_1_511' title='bbox 603 3604 789 3686; x_wconf 80' lang='lat' dir='ltr'><strong>nibus,</strong></span> <span class='ocrx_word' id='word_1_512' title='bbox 830 3623 923 3677; x_wconf 85' lang='lat' dir='ltr'><strong>sed</strong></span> <span class='ocrx_word' id='word_1_513' title='bbox 956 3623 1022 3675; x_wconf 90' lang='lat' dir='ltr'><strong>iis</strong></span> <span class='ocrx_word' id='word_1_514' title='bbox 1055 3630 1259 3674; x_wconf 86' lang='lat' dir='ltr'><strong>tantum</strong></span> <span class='ocrx_word' id='word_1_515' title='bbox 1282 3660 1295 3681; x_wconf 93' lang='lat'><strong>,</strong></span> <span class='ocrx_word' id='word_1_516' title='bbox 1333 3619 1398 3671; x_wconf 89' lang='lat' dir='ltr'><strong>de</strong></span> <span class='ocrx_word' id='word_1_517' title='bbox 1435 3618 1629 3686; x_wconf 89' lang='lat' dir='ltr'><strong>quibus</strong></span> <span class='ocrx_word' id='word_1_518' title='bbox 1668 3619 1779 3673; x_wconf 56' lang='lat' dir='ltr'><strong>hac</strong></span> <span class='ocrx_word' id='word_1_519' title='bbox 1807 3620 2144 3672; x_wconf 85' lang='lat' dir='ltr'><strong>vaticinatur.</strong></span> 
     </span>
    </p>
   </div>
   <div class='ocr_carea' id='block_1_65' title="bbox 601 3709 2150 3777">
    <p class='ocr_par' dir='ltr' id='par_1_65' title="bbox 601 3709 2150 3777">
     <span class='ocr_line' id='line_1_67' title="bbox 601 3709 2150 3777; baseline -0.003 -7"><span class='ocrx_word' id='word_1_520' title='bbox 601 3716 733 3770; x_wconf 84' lang='lat' dir='ltr'><strong>Nam</strong></span> <span class='ocrx_word' id='word_1_521' title='bbox 765 3714 948 3767; x_wconf 84' lang='lat' dir='ltr'><strong>sedulo</strong></span> <span class='ocrx_word' id='word_1_522' title='bbox 975 3710 1369 3765; x_wconf 86' lang='lat' dir='ltr'><strong>animadvertas</strong></span> <span class='ocrx_word' id='word_1_523' title='bbox 1393 3724 1499 3777; x_wconf 90' lang='lat' dir='ltr'><strong>qua</strong></span> <span class='ocrx_word' id='word_1_524' title='bbox 1528 3709 1735 3764; x_wconf 85' lang='lat' dir='ltr'><strong>ratione</strong></span> <span class='ocrx_word' id='word_1_525' title='bbox 1762 3710 1990 3777; x_wconf 81' lang='lat' dir='ltr'><strong>dicatur,</strong></span> <span class='ocrx_word' id='word_1_526' title='bbox 2033 3730 2050 3761; x_wconf 76' lang='grc' dir='ltr'><strong>ι</strong></span> <span class='ocrx_word' id='word_1_527' title='bbox 2084 3710 2150 3765; x_wconf 86' lang='grc' dir='ltr'><strong>Ει</strong></span> 
     </span>
    </p>
   </div>
   <div class='ocr_carea' id='block_1_66' title="bbox 604 3799 2145 3869">
    <p class='ocr_par' dir='ltr' id='par_1_66' title="bbox 604 3799 2145 3869">
     <span class='ocr_line' id='line_1_68' title="bbox 604 3799 2145 3869; baseline -0.002 -11"><span class='ocrx_word' id='word_1_528' title='bbox 604 3813 760 3860; x_wconf 85' lang='lat' dir='ltr'><strong>erunt</strong></span> <span class='ocrx_word' id='word_1_529' title='bbox 789 3802 937 3856; x_wconf 85' lang='lat' dir='ltr'><strong>vobis</strong></span> <span class='ocrx_word' id='word_1_530' title='bbox 958 3802 1071 3856; x_wconf 73' lang='lat' dir='ltr'><strong>hzec</strong></span> <span class='ocrx_word' id='word_1_531' title='bbox 1085 3800 1244 3854; x_wconf 89' lang='lat' dir='ltr'><strong>verba</strong></span> <span class='ocrx_word' id='word_1_532' title='bbox 1268 3816 1284 3865; x_wconf 89' lang='lat'><strong>;</strong></span> <span class='ocrx_word' id='word_1_533' title='bbox 1310 3818 1327 3850; x_wconf 76' lang='grc' dir='ltr'><strong>ι</strong></span> <span class='ocrx_word' id='word_1_534' title='bbox 1352 3799 1502 3853; x_wconf 84' lang='lat' dir='ltr'><strong>vobis</strong></span> <span class='ocrx_word' id='word_1_535' title='bbox 1534 3799 1741 3854; x_wconf 87' lang='lat' dir='ltr'><strong>scilicet</strong></span> <span class='ocrx_word' id='word_1_536' title='bbox 1771 3801 2145 3869; x_wconf 65' lang='lat' dir='ltr'><strong>prmsentibus,</strong></span> 
     </span>
    </p>
   </div>
   <div class='ocr_carea' id='block_1_67' title="bbox 603 3890 2147 3961">
    <p class='ocr_par' dir='ltr' id='par_1_67' title="bbox 603 3890 2147 3961">
     <span class='ocr_line' id='line_1_69' title="bbox 603 3890 2147 3961; baseline -0.002 -11"><span class='ocrx_word' id='word_1_537' title='bbox 603 3894 920 3957; x_wconf 83' lang='lat' dir='ltr'><strong>videntibus,</strong></span> <span class='ocrx_word' id='word_1_538' title='bbox 967 3903 1021 3946; x_wconf 90' lang='lat' dir='ltr'><strong>et</strong></span> <span class='ocrx_word' id='word_1_539' title='bbox 1050 3892 1405 3946; x_wconf 83' lang='lat' dir='ltr'><strong>audientibus.</strong></span> <span class='ocrx_word' id='word_1_540' title='bbox 1442 3890 1654 3951; x_wconf 63' lang='lat' dir='ltr'><strong>Judeos</strong></span> <span class='ocrx_word' id='word_1_541' title='bbox 1693 3900 1869 3945; x_wconf 88' lang='lat' dir='ltr'><strong>autem</strong></span> <span class='ocrx_word' id='word_1_542' title='bbox 1904 3892 2147 3961; x_wconf 80' lang='lat' dir='ltr'><strong>alloque-</strong></span> 
     </span>
    </p>
   </div>
   <div class='ocr_carea' id='block_1_68' title="bbox 608 3983 2149 4053">
    <p class='ocr_par' dir='ltr' id='par_1_68' title="bbox 608 3983 2149 4053">
     <span class='ocr_line' id='line_1_70' title="bbox 608 3983 2149 4053; baseline 0 -14"><span class='ocrx_word' id='word_1_543' title='bbox 608 3989 761 4040; x_wconf 86' lang='lat' dir='ltr'><strong>batur</strong></span> <span class='ocrx_word' id='word_1_544' title='bbox 782 4025 797 4051; x_wconf 91' lang='lat'><strong>,</strong></span> <span class='ocrx_word' id='word_1_545' title='bbox 830 3985 981 4053; x_wconf 87' lang='lat' dir='ltr'><strong>queis</strong></span> <span class='ocrx_word' id='word_1_546' title='bbox 1011 3985 1250 4053; x_wconf 77' lang='lat' dir='ltr'><strong>ignotam</strong></span> <span class='ocrx_word' id='word_1_547' title='bbox 1280 3996 1401 4037; x_wconf 86' lang='lat' dir='ltr'><strong>esse</strong></span> <span class='ocrx_word' id='word_1_548' title='bbox 1438 3983 1735 4051; x_wconf 70' lang='lat' dir='ltr'><strong>prophetia:</strong></span> <span class='ocrx_word' id='word_1_549' title='bbox 1772 3993 2006 4038; x_wconf 88' lang='lat' dir='ltr'><strong>mentem</strong></span> <span class='ocrx_word' id='word_1_550' title='bbox 2050 3984 2149 4039; x_wconf 90' lang='lat' dir='ltr'><strong>sub</strong></span> 
     </span>
    </p>
   </div>
   <div class='ocr_carea' id='block_1_69' title="bbox 607 4071 2151 4139">
    <p class='ocr_par' dir='ltr' id='par_1_69' title="bbox 607 4071 2151 4139">
     <span class='ocr_line' id='line_1_71' title="bbox 607 4071 2151 4139; baseline 0 -11"><span class='ocrx_word' id='word_1_551' title='bbox 607 4076 720 4129; x_wconf 79' lang='lat' dir='ltr'><strong>haec</strong></span> <span class='ocrx_word' id='word_1_552' title='bbox 756 4073 970 4137; x_wconf 87' lang='lat' dir='ltr'><strong>edocet,</strong></span> <span class='ocrx_word' id='word_1_553' title='bbox 1000 4088 1119 4128; x_wconf 89' lang='lat' dir='ltr'><strong>cum</strong></span> <span class='ocrx_word' id='word_1_554' title='bbox 1165 4073 1276 4126; x_wconf 66' lang='lat' dir='ltr'><strong>hare</strong></span> <span class='ocrx_word' id='word_1_555' title='bbox 1302 4071 1509 4139; x_wconf 76' lang='lat' dir='ltr'><strong>adjicit,</strong></span> <span class='ocrx_word' id='word_1_556' title='bbox 1553 4089 1571 4121; x_wconf 83' lang='grc' dir='ltr'><strong>ι</strong></span> <span class='ocrx_word' id='word_1_557' title='bbox 1614 4071 1679 4125; x_wconf 88' lang='grc' dir='ltr'><strong>Ει</strong></span> <span class='ocrx_word' id='word_1_558' title='bbox 1716 4072 1934 4127; x_wconf 89' lang='lat' dir='ltr'><strong>audient</strong></span> <span class='ocrx_word' id='word_1_559' title='bbox 1979 4074 2029 4127; x_wconf 92' lang='lat' dir='ltr'><strong>in</strong></span> <span class='ocrx_word' id='word_1_560' title='bbox 2066 4074 2151 4128; x_wconf 90' lang='lat' dir='ltr'><strong>die</strong></span> 
     </span>
    </p>
   </div>
   <div class='ocr_carea' id='block_1_70' title="bbox 606 4162 2163 4231">
    <p class='ocr_par' dir='ltr' id='par_1_70' title="bbox 606 4162 2163 4231">
     <span class='ocr_line' id='line_1_72' title="bbox 606 4162 2163 4231; baseline -0.001 -11"><span class='ocrx_word' id='word_1_561' title='bbox 606 4168 693 4220; x_wconf 88' lang='lat' dir='ltr'><strong>illa</strong></span> <span class='ocrx_word' id='word_1_562' title='bbox 724 4165 867 4219; x_wconf 85' lang='lat' dir='ltr'><strong>surdi</strong></span> <span class='ocrx_word' id='word_1_563' title='bbox 897 4165 1054 4218; x_wconf 89' lang='lat' dir='ltr'><strong>verba</strong></span> <span class='ocrx_word' id='word_1_564' title='bbox 1084 4164 1225 4228; x_wconf 89' lang='lat' dir='ltr'><strong>libri,</strong></span> <span class='ocrx_word' id='word_1_565' title='bbox 1262 4174 1317 4217; x_wconf 88' lang='lat' dir='ltr'><strong>et</strong></span> <span class='ocrx_word' id='word_1_566' title='bbox 1343 4162 1481 4217; x_wconf 92' lang='lat' dir='ltr'><strong>oculi</strong></span> <span class='ocrx_word' id='word_1_567' title='bbox 1509 4176 1772 4217; x_wconf 69' lang='lat' dir='ltr'><strong>cmcorum</strong></span> <span class='ocrx_word' id='word_1_568' title='bbox 1799 4164 2074 4231; x_wconf 90' lang='lat' dir='ltr'><strong>videbunt,</strong></span> <span class='ocrx_word' id='word_1_569' title='bbox 2098 4175 2163 4231; x_wconf 34' lang='lat' dir='ltr'><strong>et,</strong></span> 
     </span>
    </p>
   </div>
   <div class='ocr_carea' id='block_1_71' title="bbox 606 4256 1031 4311">
    <p class='ocr_par' dir='ltr' id='par_1_71' title="bbox 606 4256 1031 4311">
     <span class='ocr_line' id='line_1_73' title="bbox 606 4256 1031 4311; baseline -0.012 0"><span class='ocrx_word' id='word_1_570' title='bbox 606 4256 971 4311; x_wconf 79' lang='lat' dir='ltr'><strong>exsultabunt.</strong></span> <span class='ocrx_word' id='word_1_571' title='bbox 1014 4275 1031 4306; x_wconf 76' lang='grc' dir='ltr'><strong>ι</strong></span> 
     </span>
    </p>
   </div>
   <div class='ocr_carea' id='block_1_72' title="bbox 682 4429 2155 4505">
    <p class='ocr_par' dir='ltr' id='par_1_72' title="bbox 682 4429 2155 4505">
     <span class='ocr_line' id='line_1_74' title="bbox 682 4429 2155 4505; baseline 0.003 -20"><span class='ocrx_word' id='word_1_572' title='bbox 682 4432 840 4485; x_wconf 71' lang='lat' dir='ltr'><strong>Vens.</strong></span> <span class='ocrx_word' id='word_1_573' title='bbox 884 4431 1065 4495; x_wconf 67' lang='lat'><strong>13,14.</strong></span> <span class='ocrx_word' id='word_1_574' title='bbox 1100 4448 1118 4481; x_wconf 76' lang='grc' dir='ltr'><strong>ι</strong></span> <span class='ocrx_word' id='word_1_575' title='bbox 1157 4431 1214 4484; x_wconf 84' lang='lat' dir='ltr'><strong>Et</strong></span> <span class='ocrx_word' id='word_1_576' title='bbox 1262 4429 1394 4484; x_wconf 80' lang='lat' dir='ltr'><strong>dixit</strong></span> <span class='ocrx_word' id='word_1_577' title='bbox 1421 4430 1676 4487; x_wconf 88' lang='lat' dir='ltr'><strong>Dominus</strong></span> <span class='ocrx_word' id='word_1_578' title='bbox 1707 4450 1721 4485; x_wconf 89' lang='lat'><strong>:</strong></span> <span class='ocrx_word' id='word_1_579' title='bbox 1756 4434 2155 4505; x_wconf 79' lang='lat' dir='ltr'><strong>Appropinquat</strong></span> 
     </span>
    </p>
   </div>
   <div class='ocr_carea' id='block_1_73' title="bbox 608 4524 2151 4594">
    <p class='ocr_par' dir='ltr' id='par_1_73' title="bbox 608 4524 2151 4594">
     <span class='ocr_line' id='line_1_75' title="bbox 608 4524 2151 4594; baseline 0.002 -14"><span class='ocrx_word' id='word_1_580' title='bbox 608 4526 740 4580; x_wconf 87' lang='lat' dir='ltr'><strong>mihi</strong></span> <span class='ocrx_word' id='word_1_581' title='bbox 764 4525 985 4594; x_wconf 89' lang='lat' dir='ltr'><strong>populus</strong></span> <span class='ocrx_word' id='word_1_582' title='bbox 1005 4524 1091 4579; x_wconf 87' lang='lat' dir='ltr'><strong>hic</strong></span> <span class='ocrx_word' id='word_1_583' title='bbox 1105 4538 1197 4579; x_wconf 91' lang='lat' dir='ltr'><strong>ore</strong></span> <span class='ocrx_word' id='word_1_584' title='bbox 1220 4541 1316 4581; x_wconf 87' lang='lat' dir='ltr'><strong>suo</strong></span> <span class='ocrx_word' id='word_1_585' title='bbox 1332 4566 1347 4592; x_wconf 90' lang='lat'><strong>,</strong></span> <span class='ocrx_word' id='word_1_586' title='bbox 1365 4536 1417 4581; x_wconf 91' lang='lat' dir='ltr'><strong>et</strong></span> <span class='ocrx_word' id='word_1_587' title='bbox 1433 4525 1591 4580; x_wconf 90' lang='lat' dir='ltr'><strong>labiis</strong></span> <span class='ocrx_word' id='word_1_588' title='bbox 1606 4527 1716 4579; x_wconf 88' lang='lat' dir='ltr'><strong>suis</strong></span> <span class='ocrx_word' id='word_1_589' title='bbox 1744 4528 2008 4583; x_wconf 88' lang='lat' dir='ltr'><strong>honorant</strong></span> <span class='ocrx_word' id='word_1_590' title='bbox 2035 4544 2118 4583; x_wconf 89' lang='lat' dir='ltr'><strong>me</strong></span> <span class='ocrx_word' id='word_1_591' title='bbox 2138 4547 2151 4583; x_wconf 92' lang='lat'><strong>:</strong></span> 
     </span>
    </p>
   </div>
   <div class='ocr_carea' id='block_1_74' title="bbox 2247 3348 3820 3422">
    <p class='ocr_par' dir='ltr' id='par_1_74' title="bbox 2247 3348 3820 3422">
     <span class='ocr_line' id='line_1_76' title="bbox 2247 3348 3820 3422; baseline -0.001 -20"><span class='ocrx_word' id='word_1_592' title='bbox 2247 3368 2346 3403; x_wconf 88' lang='grc' dir='ltr'><strong>που</strong></span> <span class='ocrx_word' id='word_1_593' title='bbox 2380 3351 2453 3421; x_wconf 85' lang='grc' dir='ltr'><strong>μὴ</strong></span> <span class='ocrx_word' id='word_1_594' title='bbox 2491 3352 2853 3422; x_wconf 82' lang='grc' dir='ltr'>ἐπισταμένου</span> <span class='ocrx_word' id='word_1_595' title='bbox 2884 3351 3187 3421; x_wconf 84' lang='grc' dir='ltr'>γράμματα</span> <span class='ocrx_word' id='word_1_596' title='bbox 3210 3368 3222 3381; x_wconf 84' lang='grc'><strong>·</strong></span> <span class='ocrx_word' id='word_1_597' title='bbox 3252 3352 3345 3404; x_wconf 75' lang='grc' dir='ltr'>καὶ</span> <span class='ocrx_word' id='word_1_598' title='bbox 3375 3352 3489 3420; x_wconf 86' lang='grc' dir='ltr'>ἐρεῖ</span> <span class='ocrx_word' id='word_1_599' title='bbox 3514 3348 3683 3419; x_wconf 81' lang='grc' dir='ltr'>αὐτῷ,</span> <span class='ocrx_word' id='word_1_600' title='bbox 3728 3349 3820 3401; x_wconf 81' lang='grc' dir='ltr'><strong>Ἀ-</strong></span> 
     </span>
    </p>
   </div>
   <div class='ocr_carea' id='block_1_75' title="bbox 2246 3440 3824 3512">
    <p class='ocr_par' dir='ltr' id='par_1_75' title="bbox 2246 3440 3824 3512">
     <span class='ocr_line' id='line_1_77' title="bbox 2246 3440 3824 3512; baseline 0 -18"><span class='ocrx_word' id='word_1_601' title='bbox 2246 3442 2476 3509; x_wconf 85' lang='grc' dir='ltr'>νάγνωθι</span> <span class='ocrx_word' id='word_1_602' title='bbox 2498 3442 2654 3495; x_wconf 79' lang='grc' dir='ltr'>τοῦτο</span> <span class='ocrx_word' id='word_1_603' title='bbox 2673 3459 2685 3471; x_wconf 74' lang='grc'><strong>⁸</strong></span> <span class='ocrx_word' id='word_1_604' title='bbox 2723 3443 2813 3494; x_wconf 74' lang='grc' dir='ltr'>καὶ</span> <span class='ocrx_word' id='word_1_605' title='bbox 2842 3444 2976 3512; x_wconf 86' lang='grc' dir='ltr'>ἐρεῖ,</span> <span class='ocrx_word' id='word_1_606' title='bbox 3002 3442 3076 3494; x_wconf 86' lang='grc' dir='ltr'>Ού</span> <span class='ocrx_word' id='word_1_607' title='bbox 3107 3441 3338 3512; x_wconf 82' lang='grc' dir='ltr'>δύναμαι</span> <span class='ocrx_word' id='word_1_608' title='bbox 3369 3440 3694 3509; x_wconf 84' lang='grc' dir='ltr'>ἀναγνῶναι,</span> <span class='ocrx_word' id='word_1_609' title='bbox 3718 3442 3824 3494; x_wconf 79' lang='grc' dir='ltr'>οὐκ</span> 
     </span>
    </p>
   </div>
   <div class='ocr_carea' id='block_1_76' title="bbox 2248 3532 3825 3604">
    <p class='ocr_par' dir='ltr' id='par_1_76' title="bbox 2248 3532 3825 3604">
     <span class='ocr_line' id='line_1_78' title="bbox 2248 3532 3825 3604; baseline 0.001 -19"><span class='ocrx_word' id='word_1_610' title='bbox 2248 3534 2539 3603; x_wconf 80' lang='grc' dir='ltr'>ἐπίσταμαι</span> <span class='ocrx_word' id='word_1_611' title='bbox 2570 3535 2891 3604; x_wconf 80' lang='grc' dir='ltr'>γράμματα.</span> <span class='ocrx_word' id='word_1_612' title='bbox 2917 3554 2934 3584; x_wconf 79' lang='grc' dir='ltr'><strong>ι</strong></span> <span class='ocrx_word' id='word_1_613' title='bbox 2964 3532 3215 3587; x_wconf 81' lang='grc' dir='ltr'>Τοιοῦτον</span> <span class='ocrx_word' id='word_1_614' title='bbox 3239 3533 3295 3586; x_wconf 77' lang='grc' dir='ltr'>δὲ</span> <span class='ocrx_word' id='word_1_615' title='bbox 3324 3534 3539 3586; x_wconf 75' lang='grc' dir='ltr'>ἔσεσθαι</span> <span class='ocrx_word' id='word_1_616' title='bbox 3566 3534 3658 3586; x_wconf 79' lang='grc' dir='ltr'>τὸν</span> <span class='ocrx_word' id='word_1_617' title='bbox 3687 3549 3825 3604; x_wconf 85' lang='grc' dir='ltr'>προ-</span> 
     </span>
    </p>
   </div>
   <div class='ocr_carea' id='block_1_77' title="bbox 2248 3623 3823 3697">
    <p class='ocr_par' dir='ltr' id='par_1_77' title="bbox 2248 3623 3823 3697">
     <span class='ocr_line' id='line_1_79' title="bbox 2248 3623 3823 3697; baseline -0.002 -18"><span class='ocrx_word' id='word_1_618' title='bbox 2248 3626 2471 3697; x_wconf 74' lang='grc' dir='ltr'>φητικὸν</span> <span class='ocrx_word' id='word_1_619' title='bbox 2508 3626 2651 3690; x_wconf 80' lang='grc' dir='ltr'>νοῦν,</span> <span class='ocrx_word' id='word_1_620' title='bbox 2684 3627 2745 3679; x_wconf 90' lang='grc' dir='ltr'><strong>ού</strong></span> <span class='ocrx_word' id='word_1_621' title='bbox 2777 3628 2940 3678; x_wconf 84' lang='grc' dir='ltr'>πᾶσιν</span> <span class='ocrx_word' id='word_1_622' title='bbox 2978 3623 3304 3696; x_wconf 84' lang='grc' dir='ltr'>ἀνθρώποις,</span> <span class='ocrx_word' id='word_1_623' title='bbox 3345 3624 3477 3678; x_wconf 78' lang='grc' dir='ltr'>ἀλλὰ</span> <span class='ocrx_word' id='word_1_624' title='bbox 3511 3624 3689 3694; x_wconf 85' lang='grc' dir='ltr'>μόνοις</span> <span class='ocrx_word' id='word_1_625' title='bbox 3719 3624 3823 3677; x_wconf 82' lang='grc' dir='ltr'>αύ-</span> 
     </span>
    </p>
   </div>
   <div class='ocr_carea' id='block_1_78' title="bbox 2248 3714 3825 3787">
    <p class='ocr_par' dir='ltr' id='par_1_78' title="bbox 2248 3714 3825 3787">
     <span class='ocr_line' id='line_1_80' title="bbox 2248 3714 3825 3787; baseline 0.001 -20"><span class='ocrx_word' id='word_1_626' title='bbox 2248 3720 2376 3779; x_wconf 77' lang='grc' dir='ltr'><strong>τοίς,</strong></span> <span class='ocrx_word' id='word_1_627' title='bbox 2408 3717 2542 3786; x_wconf 85' lang='grc' dir='ltr'>πρὸς</span> <span class='ocrx_word' id='word_1_628' title='bbox 2568 3716 2659 3778; x_wconf 72' lang='grc' dir='ltr'>οὓς</span> <span class='ocrx_word' id='word_1_629' title='bbox 2686 3716 2858 3769; x_wconf 78' lang='grc' dir='ltr'>ταῦτα</span> <span class='ocrx_word' id='word_1_630' title='bbox 2891 3714 3223 3779; x_wconf 76' lang='grc' dir='ltr'>ἑθεσπίζετο.</span> <span class='ocrx_word' id='word_1_631' title='bbox 3252 3735 3271 3767; x_wconf 80' lang='grc' dir='ltr'><strong>ι</strong></span> <span class='ocrx_word' id='word_1_632' title='bbox 3298 3716 3537 3787; x_wconf 80' lang='grc' dir='ltr'>Πρὸσχες</span> <span class='ocrx_word' id='word_1_633' title='bbox 3566 3714 3674 3787; x_wconf 83' lang='grc' dir='ltr'>γὰρ</span> <span class='ocrx_word' id='word_1_634' title='bbox 3703 3718 3825 3768; x_wconf 83' lang='grc' dir='ltr'>ἐπι-</span> 
     </span>
    </p>
   </div>
   <div class='ocr_carea' id='block_1_79' title="bbox 2252 3806 3826 3879">
    <p class='ocr_par' dir='ltr' id='par_1_79' title="bbox 2252 3806 3826 3879">
     <span class='ocr_line' id='line_1_81' title="bbox 2252 3806 3826 3879; baseline 0.001 -20"><span class='ocrx_word' id='word_1_635' title='bbox 2252 3808 2426 3877; x_wconf 78' lang='grc' dir='ltr'>μελῶς</span> <span class='ocrx_word' id='word_1_636' title='bbox 2442 3809 2586 3871; x_wconf 80' lang='grc' dir='ltr'>ὅπως</span> <span class='ocrx_word' id='word_1_637' title='bbox 2602 3810 2813 3878; x_wconf 79' lang='grc' dir='ltr'>εἴρηται</span> <span class='ocrx_word' id='word_1_638' title='bbox 2832 3824 2847 3838; x_wconf 74' lang='grc' dir='ltr'><strong>ο</strong></span> <span class='ocrx_word' id='word_1_639' title='bbox 2879 3808 3016 3861; x_wconf 84' lang='lat' dir='ltr'><strong>tKa‘t</strong></span> <span class='ocrx_word' id='word_1_640' title='bbox 3034 3806 3183 3859; x_wconf 74' lang='grc' dir='ltr'>ἔσται</span> <span class='ocrx_word' id='word_1_641' title='bbox 3203 3808 3329 3878; x_wconf 86' lang='grc' dir='ltr'>ὑμῖν</span> <span class='ocrx_word' id='word_1_642' title='bbox 3355 3807 3424 3861; x_wconf 76' lang='grc' dir='ltr'><strong>τὰ</strong></span> <span class='ocrx_word' id='word_1_643' title='bbox 3450 3810 3666 3879; x_wconf 74' lang='grc' dir='ltr'>ῥήματα</span> <span class='ocrx_word' id='word_1_644' title='bbox 3692 3806 3826 3861; x_wconf 85' lang='grc' dir='ltr'>ταῦ-</span> 
     </span>
    </p>
   </div>
   <div class='ocr_carea' id='block_1_80' title="bbox 2249 3898 3826 3970">
    <p class='ocr_par' dir='ltr' id='par_1_80' title="bbox 2249 3898 3826 3970">
     <span class='ocr_line' id='line_1_82' title="bbox 2249 3898 3826 3970; baseline 0.003 -21"><span class='ocrx_word' id='word_1_645' title='bbox 2249 3915 2315 3949; x_wconf 89' lang='grc' dir='ltr'><strong>τα</strong></span> <span class='ocrx_word' id='word_1_646' title='bbox 2337 3916 2348 3927; x_wconf 81' lang='grc'><em>’</em></span> <span class='ocrx_word' id='word_1_647' title='bbox 2375 3918 2392 3949; x_wconf 73' lang='grc' dir='ltr'><strong>ι</strong></span> <span class='ocrx_word' id='word_1_648' title='bbox 2416 3898 2544 3967; x_wconf 84' lang='grc' dir='ltr'>ὑμῖν</span> <span class='ocrx_word' id='word_1_649' title='bbox 2576 3899 2681 3967; x_wconf 84' lang='grc' dir='ltr'><strong>γάρ</strong></span> <span class='ocrx_word' id='word_1_650' title='bbox 2708 3915 2836 3967; x_wconf 79' lang='grc' dir='ltr'>φησι</span> <span class='ocrx_word' id='word_1_651' title='bbox 2867 3901 2977 3960; x_wconf 86' lang='grc' dir='ltr'>τοῖς</span> <span class='ocrx_word' id='word_1_652' title='bbox 3007 3898 3263 3968; x_wconf 80' lang='grc' dir='ltr'>παροῦσι,</span> <span class='ocrx_word' id='word_1_653' title='bbox 3300 3899 3393 3951; x_wconf 71' lang='grc' dir='ltr'>καὶ</span> <span class='ocrx_word' id='word_1_654' title='bbox 3423 3900 3606 3970; x_wconf 82' lang='grc' dir='ltr'>ὁρῶσι,</span> <span class='ocrx_word' id='word_1_655' title='bbox 3637 3902 3733 3952; x_wconf 73' lang='grc' dir='ltr'><strong>καὶ</strong></span> <span class='ocrx_word' id='word_1_656' title='bbox 3760 3902 3826 3954; x_wconf 72' lang='lat' dir='ltr'><strong>d-</strong></span> 
     </span>
    </p>
   </div>
   <div class='ocr_carea' id='block_1_81' title="bbox 2251 3982 3825 4057">
    <p class='ocr_par' dir='ltr' id='par_1_81' title="bbox 2251 3982 3825 4057">
     <span class='ocr_line' id='line_1_83' title="bbox 2251 3982 3825 4057; baseline 0.001 -17"><span class='ocrx_word' id='word_1_657' title='bbox 2251 3987 2515 4041; x_wconf 80' lang='grc' dir='ltr'>κούουσιν.</span> <span class='ocrx_word' id='word_1_658' title='bbox 2559 4005 2577 4037; x_wconf 85' lang='grc'><strong><em>‹</em></strong></span> <span class='ocrx_word' id='word_1_659' title='bbox 2602 3988 2660 4039; x_wconf 88' lang='lat'><strong>&#39;0</strong></span> <span class='ocrx_word' id='word_1_660' title='bbox 2710 3987 2765 4039; x_wconf 77' lang='grc' dir='ltr'>δὲ</span> <span class='ocrx_word' id='word_1_661' title='bbox 2798 3987 2951 4053; x_wconf 78' lang='grc' dir='ltr'>λόγος</span> <span class='ocrx_word' id='word_1_662' title='bbox 2982 3982 3049 4057; x_wconf 80' lang='grc' dir='ltr'>ἦν</span> <span class='ocrx_word' id='word_1_663' title='bbox 3097 3987 3232 4057; x_wconf 74' lang='grc' dir='ltr'>πρὸς</span> <span class='ocrx_word' id='word_1_664' title='bbox 3265 3989 3569 4053; x_wconf 86' lang='grc' dir='ltr'>Ἰουδαίους,</span> <span class='ocrx_word' id='word_1_665' title='bbox 3603 3983 3685 4050; x_wconf 75' lang='grc' dir='ltr'>οἷς</span> <span class='ocrx_word' id='word_1_666' title='bbox 3729 3989 3825 4042; x_wconf 79' lang='grc' dir='ltr'>τὸν</span> 
     </span>
    </p>
   </div>
   <div class='ocr_carea' id='block_1_82' title="bbox 2251 4075 3826 4146">
    <p class='ocr_par' dir='ltr' id='par_1_82' title="bbox 2251 4075 3826 4146">
     <span class='ocr_line' id='line_1_84' title="bbox 2251 4075 3826 4146; baseline 0.003 -19"><span class='ocrx_word' id='word_1_667' title='bbox 2251 4075 2375 4128; x_wconf 76' lang='grc' dir='ltr'>νοῦν</span> <span class='ocrx_word' id='word_1_668' title='bbox 2406 4079 2501 4146; x_wconf 81' lang='grc' dir='ltr'><strong>τῆς</strong></span> <span class='ocrx_word' id='word_1_669' title='bbox 2535 4076 2865 4145; x_wconf 78' lang='grc' dir='ltr'>προφητείας</span> <span class='ocrx_word' id='word_1_670' title='bbox 2894 4076 3166 4143; x_wconf 77' lang='grc' dir='ltr'>ἄγνωστον</span> <span class='ocrx_word' id='word_1_671' title='bbox 3200 4078 3545 4141; x_wconf 80' lang='grc' dir='ltr'>ὑποκαταϐὰς</span> <span class='ocrx_word' id='word_1_672' title='bbox 3582 4078 3826 4132; x_wconf 78' lang='grc' dir='ltr'>διδάσκει</span> 
     </span>
    </p>
   </div>
   <div class='ocr_carea' id='block_1_83' title="bbox 2252 4162 3827 4241">
    <p class='ocr_par' dir='ltr' id='par_1_83' title="bbox 2252 4162 3827 4241">
     <span class='ocr_line' id='line_1_85' title="bbox 2252 4162 3827 4241; baseline 0.003 -21"><span class='ocrx_word' id='word_1_673' title='bbox 2252 4169 2316 4220; x_wconf 89' lang='grc' dir='ltr'>δι’</span> <span class='ocrx_word' id='word_1_674' title='bbox 2350 4162 2422 4221; x_wconf 84' lang='grc' dir='ltr'>ὧν</span> <span class='ocrx_word' id='word_1_675' title='bbox 2452 4168 2724 4236; x_wconf 80' lang='grc' dir='ltr'>ἐπιλέγει·</span> <span class='ocrx_word' id='word_1_676' title='bbox 2764 4189 2782 4219; x_wconf 86' lang='grc'><strong><em>‹</em></strong></span> <span class='ocrx_word' id='word_1_677' title='bbox 2805 4171 2913 4221; x_wconf 86' lang='lat' dir='ltr'><strong>Kal</strong></span> <span class='ocrx_word' id='word_1_678' title='bbox 2939 4170 3257 4223; x_wconf 80' lang='grc' dir='ltr'>ἀκούσονται</span> <span class='ocrx_word' id='word_1_679' title='bbox 3290 4172 3346 4223; x_wconf 82' lang='grc' dir='ltr'><strong>ἐν</strong></span> <span class='ocrx_word' id='word_1_680' title='bbox 3366 4172 3430 4240; x_wconf 83' lang='grc' dir='ltr'><strong>τῇ</strong></span> <span class='ocrx_word' id='word_1_681' title='bbox 3465 4171 3647 4241; x_wconf 71' lang='grc' dir='ltr'>ἡμέρα</span> <span class='ocrx_word' id='word_1_682' title='bbox 3674 4172 3827 4224; x_wconf 75' lang='grc' dir='ltr'>ἐκείο</span> 
     </span>
    </p>
   </div>
   <div class='ocr_carea' id='block_1_84' title="bbox 2253 4259 3827 4334">
    <p class='ocr_par' dir='ltr' id='par_1_84' title="bbox 2253 4259 3827 4334">
     <span class='ocr_line' id='line_1_86' title="bbox 2253 4259 3827 4334; baseline 0.002 -21"><span class='ocrx_word' id='word_1_683' title='bbox 2253 4276 2319 4330; x_wconf 85' lang='grc' dir='ltr'>νῃ</span> <span class='ocrx_word' id='word_1_684' title='bbox 2346 4261 2520 4328; x_wconf 79' lang='grc' dir='ltr'>κωφοὶ</span> <span class='ocrx_word' id='word_1_685' title='bbox 2546 4259 2733 4329; x_wconf 86' lang='grc' dir='ltr'>λόγους</span> <span class='ocrx_word' id='word_1_686' title='bbox 2768 4261 2992 4330; x_wconf 83' lang='grc' dir='ltr'>βιϐλίου,</span> <span class='ocrx_word' id='word_1_687' title='bbox 3025 4263 3117 4316; x_wconf 72' lang='grc' dir='ltr'>καὶ</span> <span class='ocrx_word' id='word_1_688' title='bbox 3143 4262 3407 4334; x_wconf 74' lang='grc' dir='ltr'>ὀφθαλμοὶ</span> <span class='ocrx_word' id='word_1_689' title='bbox 3429 4263 3643 4331; x_wconf 78' lang='grc' dir='ltr'>τυφλῶν</span> <span class='ocrx_word' id='word_1_690' title='bbox 3665 4262 3827 4331; x_wconf 54' lang='lat' dir='ltr'><strong>640v-</strong></span> 
     </span>
    </p>
   </div>
   <div class='ocr_carea' id='block_1_85' title="bbox 2252 4351 3691 4419">
    <p class='ocr_par' dir='ltr' id='par_1_85' title="bbox 2252 4351 3691 4419">
     <span class='ocr_line' id='line_1_87' title="bbox 2252 4351 3691 4419; baseline 0.003 -17"><span class='ocrx_word' id='word_1_691' title='bbox 2252 4368 2360 4413; x_wconf 89' lang='grc' dir='ltr'>ται,</span> <span class='ocrx_word' id='word_1_692' title='bbox 2391 4352 2481 4404; x_wconf 76' lang='grc' dir='ltr'>καὶ</span> <span class='ocrx_word' id='word_1_693' title='bbox 2509 4351 2940 4419; x_wconf 86' lang='grc' dir='ltr'>ἀγαλλιάσονται.</span> <span class='ocrx_word' id='word_1_694' title='bbox 2974 4373 2993 4404; x_wconf 74' lang='grc' dir='ltr'><strong>ι</strong></span> <span class='ocrx_word' id='word_1_695' title='bbox 3686 4384 3691 4389; x_wconf 89' lang='grc'><strong>-</strong></span> 
     </span>
    </p>
   </div>
   <div class='ocr_carea' id='block_1_86' title="bbox 2333 4436 3828 4514">
    <p class='ocr_par' dir='ltr' id='par_1_86' title="bbox 2333 4436 3828 4514">
     <span class='ocr_line' id='line_1_88' title="bbox 2333 4436 3828 4514; baseline 0.003 -21"><span class='ocrx_word' id='word_1_696' title='bbox 2333 4462 2349 4493; x_wconf 85' lang='grc' dir='ltr'><strong>ι</strong></span> <span class='ocrx_word' id='word_1_697' title='bbox 2373 4444 2479 4494; x_wconf 87' lang='lat' dir='ltr'><strong>Kal</strong></span> <span class='ocrx_word' id='word_1_698' title='bbox 2506 4439 2625 4495; x_wconf 80' lang='grc' dir='ltr'>εἷπε</span> <span class='ocrx_word' id='word_1_699' title='bbox 2668 4443 2870 4514; x_wconf 83' lang='grc' dir='ltr'>Κύριος</span> <span class='ocrx_word' id='word_1_700' title='bbox 2894 4461 2906 4473; x_wconf 93' lang='grc'><strong>·</strong></span> <span class='ocrx_word' id='word_1_701' title='bbox 2966 4443 3201 4512; x_wconf 74' lang='grc' dir='ltr'>Ἐγγίζει</span> <span class='ocrx_word' id='word_1_702' title='bbox 3231 4462 3319 4513; x_wconf 87' lang='grc' dir='ltr'>μοι</span> <span class='ocrx_word' id='word_1_703' title='bbox 3344 4446 3372 4496; x_wconf 88' lang='grc' dir='ltr'><strong>ό</strong></span> <span class='ocrx_word' id='word_1_704' title='bbox 3405 4443 3527 4505; x_wconf 82' lang='grc' dir='ltr'>λαὸς</span> <span class='ocrx_word' id='word_1_705' title='bbox 3571 4436 3726 4506; x_wconf 70' lang='grc' dir='ltr'>οὗτος</span> <span class='ocrx_word' id='word_1_706' title='bbox 3768 4446 3828 4497; x_wconf 81' lang='grc' dir='ltr'><strong>ἐν</strong></span> 
     </span>
    </p>
   </div>
   <div class='ocr_carea' id='block_1_87' title="bbox 2258 4534 3796 4605">
    <p class='ocr_par' dir='ltr' id='par_1_87' title="bbox 2258 4534 3796 4605">
     <span class='ocr_line' id='line_1_89' title="bbox 2258 4534 3796 4605; baseline 0 -17"><span class='ocrx_word' id='word_1_707' title='bbox 2258 4534 2333 4603; x_wconf 78' lang='grc' dir='ltr'>τῷ</span> <span class='ocrx_word' id='word_1_708' title='bbox 2367 4535 2590 4605; x_wconf 81' lang='grc' dir='ltr'>στόματι</span> <span class='ocrx_word' id='word_1_709' title='bbox 2624 4536 2808 4598; x_wconf 79' lang='grc' dir='ltr'>αὑτοῦ,</span> <span class='ocrx_word' id='word_1_710' title='bbox 2836 4536 2928 4588; x_wconf 78' lang='grc' dir='ltr'>καὶ</span> <span class='ocrx_word' id='word_1_711' title='bbox 2966 4537 3023 4588; x_wconf 82' lang='grc' dir='ltr'><strong>ἐν</strong></span> <span class='ocrx_word' id='word_1_712' title='bbox 3046 4538 3159 4597; x_wconf 84' lang='grc' dir='ltr'>τοῖς</span> <span class='ocrx_word' id='word_1_713' title='bbox 3190 4536 3418 4605; x_wconf 84' lang='grc' dir='ltr'>χείλεσιν</span> <span class='ocrx_word' id='word_1_714' title='bbox 3444 4534 3619 4589; x_wconf 83' lang='grc' dir='ltr'>αὐτῶν</span> <span class='ocrx_word' id='word_1_715' title='bbox 3647 4536 3796 4605; x_wconf 85' lang='grc' dir='ltr'>τιμῶ</span> 
     </span>
    </p>
   </div>
   <div class='ocr_carea' id='block_1_88' title="bbox 607 4605 2148 4699">
    <p class='ocr_par' dir='ltr' id='par_1_88' title="bbox 607 4616 2148 4687">
     <span class='ocr_line' id='line_1_90' title="bbox 607 4616 2148 4687; baseline 0.004 -16"><span class='ocrx_word' id='word_1_716' title='bbox 607 4631 701 4671; x_wconf 83' lang='lat' dir='ltr'><strong>eor</strong></span> <span class='ocrx_word' id='word_1_717' title='bbox 729 4627 905 4670; x_wconf 90' lang='lat' dir='ltr'><strong>autem</strong></span> <span class='ocrx_word' id='word_1_718' title='bbox 921 4629 1115 4671; x_wconf 84' lang='lat' dir='ltr'><strong>eorum</strong></span> <span class='ocrx_word' id='word_1_719' title='bbox 1145 4617 1297 4687; x_wconf 78' lang='lat' dir='ltr'><strong>longe</strong></span> <span class='ocrx_word' id='word_1_720' title='bbox 1324 4628 1404 4672; x_wconf 84' lang='lat' dir='ltr'><strong>est</strong></span> <span class='ocrx_word' id='word_1_721' title='bbox 1424 4633 1453 4671; x_wconf 90' lang='lat' dir='ltr'><strong>a</strong></span> <span class='ocrx_word' id='word_1_722' title='bbox 1473 4632 1577 4671; x_wconf 92' lang='lat' dir='ltr'><strong>me.</strong></span> <span class='ocrx_word' id='word_1_723' title='bbox 1606 4616 1830 4671; x_wconf 82' lang='lat' dir='ltr'><strong>Frustra</strong></span> <span class='ocrx_word' id='word_1_724' title='bbox 1854 4630 2033 4675; x_wconf 85' lang='lat' dir='ltr'><strong>autent</strong></span> <span class='ocrx_word' id='word_1_725' title='bbox 2060 4636 2148 4676; x_wconf 92' lang='lat' dir='ltr'><strong>co-</strong></span> 
     </span>
    </p>
   </div>
   <div class='ocr_carea' id='block_1_89' title="bbox 2249 4605 3824 4699">
    <p class='ocr_par' dir='ltr' id='par_1_89' title="bbox 2258 4627 3824 4699">
     <span class='ocr_line' id='line_1_91' title="bbox 2258 4627 3824 4699; baseline 0.002 -21"><span class='ocrx_word' id='word_1_726' title='bbox 2258 4628 2309 4679; x_wconf 86' lang='grc' dir='ltr'><strong>σί</strong></span> <span class='ocrx_word' id='word_1_727' title='bbox 2342 4644 2437 4695; x_wconf 88' lang='grc' dir='ltr'><strong>με·</strong></span> <span class='ocrx_word' id='word_1_728' title='bbox 2474 4630 2505 4697; x_wconf 83' lang='grc' dir='ltr'>ἡ</span> <span class='ocrx_word' id='word_1_729' title='bbox 2544 4629 2600 4680; x_wconf 85' lang='grc' dir='ltr'>δὲ</span> <span class='ocrx_word' id='word_1_730' title='bbox 2638 4628 2835 4699; x_wconf 88' lang='grc' dir='ltr'>καρδία</span> <span class='ocrx_word' id='word_1_731' title='bbox 2866 4627 3045 4680; x_wconf 81' lang='grc' dir='ltr'>αὐτῶν</span> <span class='ocrx_word' id='word_1_732' title='bbox 3085 4627 3273 4697; x_wconf 74' lang='grc' dir='ltr'>πόρρω</span> <span class='ocrx_word' id='word_1_733' title='bbox 3300 4627 3490 4695; x_wconf 87' lang='grc' dir='ltr'>ἀπέχει</span> <span class='ocrx_word' id='word_1_734' title='bbox 3534 4628 3629 4679; x_wconf 75' lang='grc' dir='ltr'>ἀπ’</span> <span class='ocrx_word' id='word_1_735' title='bbox 3664 4628 3824 4698; x_wconf 76' lang='grc' dir='ltr'>ἐμοῦ.</span> 
     </span>
    </p>
   </div>
   <div class='ocr_carea' id='block_1_90' title="bbox 612 4707 2157 4778">
    <p class='ocr_par' dir='ltr' id='par_1_90' title="bbox 612 4707 2157 4778">
     <span class='ocr_line' id='line_1_92' title="bbox 612 4707 2157 4778; baseline 0.003 -18"><span class='ocrx_word' id='word_1_736' title='bbox 612 4709 724 4760; x_wconf 82' lang='grc' dir='ltr'>Ιυηι</span> <span class='ocrx_word' id='word_1_737' title='bbox 757 4722 862 4769; x_wconf 88' lang='lat' dir='ltr'><strong>me,</strong></span> <span class='ocrx_word' id='word_1_738' title='bbox 886 4707 1138 4761; x_wconf 89' lang='lat' dir='ltr'><strong>docentes</strong></span> <span class='ocrx_word' id='word_1_739' title='bbox 1163 4720 1430 4777; x_wconf 64' lang='lat' dir='ltr'><strong>praecepta</strong></span> <span class='ocrx_word' id='word_1_740' title='bbox 1454 4709 1757 4775; x_wconf 84' lang='lat' dir='ltr'><strong>hominum,</strong></span> <span class='ocrx_word' id='word_1_741' title='bbox 1775 4718 1936 4778; x_wconf 85' lang='lat' dir='ltr'><strong>atque</strong></span> <span class='ocrx_word' id='word_1_742' title='bbox 1960 4713 2157 4767; x_wconf 85' lang='lat' dir='ltr'><strong>doctri-</strong></span> 
     </span>
    </p>
   </div>
   <div class='ocr_carea' id='block_1_91' title="bbox 614 4796 2158 4871">
    <p class='ocr_par' dir='ltr' id='par_1_91' title="bbox 614 4796 2158 4871">
     <span class='ocr_line' id='line_1_93' title="bbox 614 4796 2158 4871; baseline 0.004 -21"><span class='ocrx_word' id='word_1_743' title='bbox 614 4813 729 4850; x_wconf 87' lang='lat' dir='ltr'><strong>nas.</strong></span> <span class='ocrx_word' id='word_1_744' title='bbox 753 4796 1059 4864; x_wconf 87' lang='lat' dir='ltr'><strong>Propterea,</strong></span> <span class='ocrx_word' id='word_1_745' title='bbox 1077 4811 1202 4851; x_wconf 89' lang='lat' dir='ltr'><strong>ecce</strong></span> <span class='ocrx_word' id='word_1_746' title='bbox 1226 4796 1468 4864; x_wconf 87' lang='lat' dir='ltr'><strong>adjiciam</strong></span> <span class='ocrx_word' id='word_1_747' title='bbox 1493 4808 1550 4852; x_wconf 89' lang='lat' dir='ltr'><strong>ut</strong></span> <span class='ocrx_word' id='word_1_748' title='bbox 1568 4799 1884 4854; x_wconf 77' lang='lat' dir='ltr'><strong>transferant</strong></span> <span class='ocrx_word' id='word_1_749' title='bbox 1904 4804 2158 4871; x_wconf 88' lang='lat' dir='ltr'><strong>populum</strong></span> 
     </span>
    </p>
   </div>
   <div class='ocr_carea' id='block_1_92' title="bbox 614 4886 2160 4958">
    <p class='ocr_par' dir='ltr' id='par_1_92' title="bbox 614 4886 2160 4958">
     <span class='ocr_line' id='line_1_94' title="bbox 614 4886 2160 4958; baseline 0.005 -18"><span class='ocrx_word' id='word_1_750' title='bbox 614 4888 775 4951; x_wconf 89' lang='lat' dir='ltr'><strong>hunc,</strong></span> <span class='ocrx_word' id='word_1_751' title='bbox 806 4897 859 4940; x_wconf 91' lang='lat' dir='ltr'><strong>et</strong></span> <span class='ocrx_word' id='word_1_752' title='bbox 882 4887 1205 4940; x_wconf 81' lang='lat' dir='ltr'><strong>transferam</strong></span> <span class='ocrx_word' id='word_1_753' title='bbox 1234 4901 1377 4940; x_wconf 85' lang='lat' dir='ltr'><strong>eum.</strong></span> <span class='ocrx_word' id='word_1_754' title='bbox 1413 4906 1433 4938; x_wconf 77' lang='grc' dir='ltr'><strong>ι</strong></span> <span class='ocrx_word' id='word_1_755' title='bbox 1466 4886 1530 4941; x_wconf 82' lang='lat' dir='ltr'><strong>Et</strong></span> <span class='ocrx_word' id='word_1_756' title='bbox 1558 4890 1683 4958; x_wconf 91' lang='lat' dir='ltr'><strong>quia</strong></span> <span class='ocrx_word' id='word_1_757' title='bbox 1711 4890 2033 4958; x_wconf 78' lang='lat' dir='ltr'><strong>Sapientiam</strong></span> <span class='ocrx_word' id='word_1_758' title='bbox 2066 4893 2160 4947; x_wconf 83' lang='lat' dir='ltr'><strong>ho-</strong></span> 
     </span>
    </p>
   </div>
   <div class='ocr_carea' id='block_1_93' title="bbox 614 4979 2158 5051">
    <p class='ocr_par' dir='ltr' id='par_1_93' title="bbox 614 4979 2158 5051">
     <span class='ocr_line' id='line_1_95' title="bbox 614 4979 2158 5051; baseline 0.005 -19"><span class='ocrx_word' id='word_1_759' title='bbox 614 4981 813 5033; x_wconf 84' lang='lat' dir='ltr'><strong>minum</strong></span> <span class='ocrx_word' id='word_1_760' title='bbox 841 4980 1154 5048; x_wconf 80' lang='lat' dir='ltr'><strong>pra:ferunt,</strong></span> <span class='ocrx_word' id='word_1_761' title='bbox 1181 4979 1303 5033; x_wconf 87' lang='lat' dir='ltr'><strong>dtttn</strong></span> <span class='ocrx_word' id='word_1_762' title='bbox 1332 4979 1544 5035; x_wconf 84' lang='lat' dir='ltr'><strong>interim</strong></span> <span class='ocrx_word' id='word_1_763' title='bbox 1572 4985 1885 5051; x_wconf 85' lang='lat' dir='ltr'><strong>sapientiam</strong></span> <span class='ocrx_word' id='word_1_764' title='bbox 1916 4996 1969 5037; x_wconf 88' lang='lat' dir='ltr'><strong>et</strong></span> <span class='ocrx_word' id='word_1_765' title='bbox 1998 4989 2158 5040; x_wconf 86' lang='lat' dir='ltr'><strong>verba</strong></span> 
     </span>
    </p>
   </div>
   <div class='ocr_carea' id='block_1_94' title="bbox 614 5071 2161 5141">
    <p class='ocr_par' dir='ltr' id='par_1_94' title="bbox 614 5071 2161 5141">
     <span class='ocr_line' id='line_1_96' title="bbox 614 5071 2161 5141; baseline 0.006 -19"><span class='ocrx_word' id='word_1_766' title='bbox 614 5086 729 5124; x_wconf 88' lang='lat' dir='ltr'><strong>mea</strong></span> <span class='ocrx_word' id='word_1_767' title='bbox 759 5081 1113 5135; x_wconf 86' lang='lat' dir='ltr'><strong>aversantur;</strong></span> <span class='ocrx_word' id='word_1_768' title='bbox 1150 5071 1283 5124; x_wconf 83' lang='lat' dir='ltr'><strong>alias</strong></span> <span class='ocrx_word' id='word_1_769' title='bbox 1298 5086 1427 5126; x_wconf 87' lang='lat' dir='ltr'><strong>vero</strong></span> <span class='ocrx_word' id='word_1_770' title='bbox 1453 5075 1710 5141; x_wconf 85' lang='lat' dir='ltr'><strong>quasdam</strong></span> <span class='ocrx_word' id='word_1_771' title='bbox 1739 5077 2010 5131; x_wconf 82' lang='lat' dir='ltr'><strong>seniorum</strong></span> <span class='ocrx_word' id='word_1_772' title='bbox 2045 5093 2161 5131; x_wconf 82' lang='lat' dir='ltr'><strong>suu-</strong></span> 
     </span>
    </p>
   </div>
   <div class='ocr_carea' id='block_1_95' title="bbox 614 5161 2154 5234">
    <p class='ocr_par' dir='ltr' id='par_1_95' title="bbox 614 5161 2154 5234">
     <span class='ocr_line' id='line_1_97' title="bbox 614 5161 2154 5234; baseline 0.005 -21"><span class='ocrx_word' id='word_1_773' title='bbox 614 5176 731 5214; x_wconf 90' lang='lat' dir='ltr'><strong>rutn</strong></span> <span class='ocrx_word' id='word_1_774' title='bbox 759 5161 1104 5225; x_wconf 88' lang='lat' dir='ltr'><strong>traditiones,</strong></span> <span class='ocrx_word' id='word_1_775' title='bbox 1140 5176 1204 5214; x_wconf 90' lang='lat' dir='ltr'><strong>ac</strong></span> <span class='ocrx_word' id='word_1_776' title='bbox 1246 5161 1292 5215; x_wconf 88' lang='lat' dir='ltr'><strong>si</strong></span> <span class='ocrx_word' id='word_1_777' title='bbox 1336 5162 1660 5230; x_wconf 87' lang='lat' dir='ltr'><strong>sapientium</strong></span> <span class='ocrx_word' id='word_1_778' title='bbox 1688 5166 1921 5219; x_wconf 86' lang='lat' dir='ltr'><strong>virorum</strong></span> <span class='ocrx_word' id='word_1_779' title='bbox 1956 5178 2154 5234; x_wconf 90' lang='lat' dir='ltr'><strong>essent,</strong></span> 
     </span>
    </p>
   </div>
   <div class='ocr_carea' id='block_1_96' title="bbox 615 5251 2161 5321">
    <p class='ocr_par' dir='ltr' id='par_1_96' title="bbox 615 5251 2161 5321">
     <span class='ocr_line' id='line_1_98' title="bbox 615 5251 2161 5321; baseline 0.005 -15"><span class='ocrx_word' id='word_1_780' title='bbox 615 5263 1015 5318; x_wconf 83' lang='lat' dir='ltr'><strong>consectantur,</strong></span> <span class='ocrx_word' id='word_1_781' title='bbox 1038 5251 1160 5307; x_wconf 88' lang='lat' dir='ltr'><strong>ideo</strong></span> <span class='ocrx_word' id='word_1_782' title='bbox 1188 5252 1495 5321; x_wconf 89' lang='lat' dir='ltr'><strong>Scripturas</strong></span> <span class='ocrx_word' id='word_1_783' title='bbox 1524 5254 1737 5321; x_wconf 87' lang='lat' dir='ltr'><strong>quidem</strong></span> <span class='ocrx_word' id='word_1_784' title='bbox 1769 5271 1917 5311; x_wconf 88' lang='lat' dir='ltr'><strong>meas</strong></span> <span class='ocrx_word' id='word_1_785' title='bbox 1946 5274 2050 5313; x_wconf 91' lang='lat' dir='ltr'><strong>non</strong></span> <span class='ocrx_word' id='word_1_786' title='bbox 2081 5260 2161 5313; x_wconf 92' lang='lat' dir='ltr'><strong>in-</strong></span> 
     </span>
    </p>
   </div>
   <div class='ocr_carea' id='block_1_97' title="bbox 615 5343 2155 5420">
    <p class='ocr_par' dir='ltr' id='par_1_97' title="bbox 615 5343 2155 5420">
     <span class='ocr_line' id='line_1_99' title="bbox 615 5343 2155 5420; baseline 0.007 -24"><span class='ocrx_word' id='word_1_787' title='bbox 615 5343 855 5413; x_wconf 76' lang='lat' dir='ltr'><strong>telligent</strong></span> <span class='ocrx_word' id='word_1_788' title='bbox 912 5359 928 5397; x_wconf 89' lang='lat'><strong>:</strong></span> <span class='ocrx_word' id='word_1_789' title='bbox 1000 5362 1017 5393; x_wconf 82' lang='lat' dir='ltr'><strong>t</strong></span> <span class='ocrx_word' id='word_1_790' title='bbox 1072 5344 1182 5414; x_wconf 74' lang='lat' dir='ltr'><strong>Ego</strong></span> <span class='ocrx_word' id='word_1_791' title='bbox 1253 5360 1383 5400; x_wconf 80' lang='lat' dir='ltr'><strong>vero</strong></span> <span class='ocrx_word' id='word_1_792' title='bbox 1447 5345 1763 5414; x_wconf 86' lang='lat' dir='ltr'><strong>sapientiam</strong></span> <span class='ocrx_word' id='word_1_793' title='bbox 1836 5352 2155 5420; x_wconf 88' lang='lat' dir='ltr'><strong>sapientium</strong></span> 
     </span>
    </p>
   </div>
   <div class='ocr_carea' id='block_1_98' title="bbox 617 5432 2159 5503">
    <p class='ocr_par' dir='ltr' id='par_1_98' title="bbox 617 5432 2159 5503">
     <span class='ocr_line' id='line_1_100' title="bbox 617 5432 2159 5503; baseline 0.006 -19"><span class='ocrx_word' id='word_1_794' title='bbox 617 5432 821 5486; x_wconf 90' lang='lat' dir='ltr'><strong>illorum</strong></span> <span class='ocrx_word' id='word_1_795' title='bbox 862 5433 1117 5503; x_wconf 87' lang='lat' dir='ltr'><strong>perdam,</strong></span> <span class='ocrx_word' id='word_1_796' title='bbox 1152 5444 1206 5487; x_wconf 88' lang='lat' dir='ltr'><strong>et</strong></span> <span class='ocrx_word' id='word_1_797' title='bbox 1253 5434 1590 5501; x_wconf 86' lang='lat' dir='ltr'><strong>prudentiam</strong></span> <span class='ocrx_word' id='word_1_798' title='bbox 1638 5435 1958 5501; x_wconf 85' lang='lat' dir='ltr'><strong>prudentum</strong></span> <span class='ocrx_word' id='word_1_799' title='bbox 1999 5440 2159 5494; x_wconf 85' lang='lat' dir='ltr'><strong>abro-</strong></span> 
     </span>
    </p>
   </div>
   <div class='ocr_carea' id='block_1_99' title="bbox 615 5525 822 5591">
    <p class='ocr_par' dir='ltr' id='par_1_99' title="bbox 615 5525 822 5591">
     <span class='ocr_line' id='line_1_101' title="bbox 615 5525 822 5591; baseline 0 -16"><span class='ocrx_word' id='word_1_800' title='bbox 615 5525 769 5591; x_wconf 82' lang='lat' dir='ltr'><strong>gaho.</strong></span> <span class='ocrx_word' id='word_1_801' title='bbox 804 5542 822 5575; x_wconf 78' lang='grc' dir='ltr'><strong>ι</strong></span> 
     </span>
    </p>
   </div>
   <div class='ocr_carea' id='block_1_100' title="bbox 690 5610 2161 5690">
    <p class='ocr_par' dir='ltr' id='par_1_100' title="bbox 690 5610 2161 5690">
     <span class='ocr_line' id='line_1_102' title="bbox 690 5610 2161 5690; baseline 0.008 -26"><span class='ocrx_word' id='word_1_802' title='bbox 690 5610 847 5667; x_wconf 71' lang='lat' dir='ltr'><strong>Vens.</strong></span> <span class='ocrx_word' id='word_1_803' title='bbox 877 5612 966 5670; x_wconf 80' lang='grc'>15.</span> <span class='ocrx_word' id='word_1_804' title='bbox 1000 5632 1018 5664; x_wconf 82' lang='grc' dir='ltr'><strong>ι</strong></span> <span class='ocrx_word' id='word_1_805' title='bbox 1050 5612 1139 5669; x_wconf 73' lang='lat' dir='ltr'><strong>Va:</strong></span> <span class='ocrx_word' id='word_1_806' title='bbox 1171 5616 1262 5684; x_wconf 88' lang='lat' dir='ltr'><strong>qui</strong></span> <span class='ocrx_word' id='word_1_807' title='bbox 1296 5617 1614 5685; x_wconf 81' lang='lat' dir='ltr'><strong>profundum</strong></span> <span class='ocrx_word' id='word_1_808' title='bbox 1645 5622 1923 5675; x_wconf 83' lang='lat' dir='ltr'><strong>consilium</strong></span> <span class='ocrx_word' id='word_1_809' title='bbox 1956 5623 2161 5690; x_wconf 88' lang='lat' dir='ltr'><strong>ineunt,</strong></span> 
     </span>
    </p>
   </div>
   <div class='ocr_carea' id='block_1_101' title="bbox 617 5705 2162 5775">
    <p class='ocr_par' dir='ltr' id='par_1_101' title="bbox 617 5705 2162 5775">
     <span class='ocr_line' id='line_1_103' title="bbox 617 5705 2162 5775; baseline 0.009 -22"><span class='ocrx_word' id='word_1_810' title='bbox 617 5712 669 5754; x_wconf 77' lang='lat' dir='ltr'><strong>et</strong></span> <span class='ocrx_word' id='word_1_811' title='bbox 700 5718 801 5755; x_wconf 86' lang='lat' dir='ltr'><strong>non</strong></span> <span class='ocrx_word' id='word_1_812' title='bbox 836 5718 928 5772; x_wconf 88' lang='lat' dir='ltr'><strong>per</strong></span> <span class='ocrx_word' id='word_1_813' title='bbox 968 5705 1150 5760; x_wconf 84' lang='lat' dir='ltr'><strong>Deum.</strong></span> <span class='ocrx_word' id='word_1_814' title='bbox 1183 5705 1274 5761; x_wconf 76' lang='lat' dir='ltr'><strong>Va:</strong></span> <span class='ocrx_word' id='word_1_815' title='bbox 1305 5711 1393 5775; x_wconf 91' lang='lat' dir='ltr'><strong>qni</strong></span> <span class='ocrx_word' id='word_1_816' title='bbox 1440 5710 1491 5761; x_wconf 90' lang='lat' dir='ltr'><strong>in</strong></span> <span class='ocrx_word' id='word_1_817' title='bbox 1537 5709 1851 5766; x_wconf 88' lang='lat' dir='ltr'><strong>abscondito</strong></span> <span class='ocrx_word' id='word_1_818' title='bbox 1876 5714 2162 5768; x_wconf 87' lang='lat' dir='ltr'><strong>consilium</strong></span> 
     </span>
    </p>
   </div>
   <div class='ocr_carea' id='block_1_102' title="bbox 688 5814 2160 5895">
    <p class='ocr_par' dir='ltr' id='par_1_102' title="bbox 688 5814 2160 5895">
     <span class='ocr_line' id='line_1_104' title="bbox 688 5814 2160 5895; baseline 0.007 -25"><span class='ocrx_word' id='word_1_819' title='bbox 688 5816 797 5888; x_wconf 70' lang='lat'><strong>(53)</strong></span> <span class='ocrx_word' id='word_1_820' title='bbox 820 5814 1235 5889; x_wconf 35' lang='lat' dir='ltr'><strong>Lege‘xazarob;</strong></span> <span class='ocrx_word' id='word_1_821' title='bbox 1253 5817 1465 5888; x_wconf 75' lang='grc' dir='ltr'>ὕπνους,</span> <span class='ocrx_word' id='word_1_822' title='bbox 1484 5821 1564 5877; x_wconf 82' lang='lat' dir='ltr'><strong>vel</strong></span> <span class='ocrx_word' id='word_1_823' title='bbox 1585 5822 1763 5895; x_wconf 80' lang='grc' dir='ltr'>ἐντοῖς</span> <span class='ocrx_word' id='word_1_824' title='bbox 1786 5821 1986 5888; x_wconf 83' lang='grc' dir='ltr'>ὕπνοις.</span> <span class='ocrx_word' id='word_1_825' title='bbox 2009 5825 2160 5879; x_wconf 83' lang='grc' dir='ltr'>Εοιτ.</span> 
     </span>
    </p>
   </div>
   <div class='ocr_carea' id='block_1_103' title="bbox 2255 4717 3829 4791">
    <p class='ocr_par' dir='ltr' id='par_1_103' title="bbox 2255 4717 3829 4791">
     <span class='ocr_line' id='line_1_105' title="bbox 2255 4717 3829 4791; baseline 0 -20"><span class='ocrx_word' id='word_1_826' title='bbox 2255 4718 2443 4785; x_wconf 81' lang='grc' dir='ltr'>Μάτην</span> <span class='ocrx_word' id='word_1_827' title='bbox 2470 4718 2525 4771; x_wconf 85' lang='grc' dir='ltr'><strong>δέ</strong></span> <span class='ocrx_word' id='word_1_828' title='bbox 2550 4718 2794 4771; x_wconf 86' lang='grc' dir='ltr'>σέϐονταί</span> <span class='ocrx_word' id='word_1_829' title='bbox 2820 4737 2907 4788; x_wconf 83' lang='grc' dir='ltr'>με,</span> <span class='ocrx_word' id='word_1_830' title='bbox 2931 4718 3271 4782; x_wconf 84' lang='grc' dir='ltr'>διδάσκοντες</span> <span class='ocrx_word' id='word_1_831' title='bbox 3291 4719 3591 4788; x_wconf 76' lang='grc' dir='ltr'>ἐντάλματα</span> <span class='ocrx_word' id='word_1_832' title='bbox 3616 4717 3829 4791; x_wconf 85' lang='grc' dir='ltr'>ἀνθρὼ-</span> 
     </span>
    </p>
   </div>
   <div class='ocr_carea' id='block_1_104' title="bbox 2259 4810 3826 4881">
    <p class='ocr_par' dir='ltr' id='par_1_104' title="bbox 2259 4810 3826 4881">
     <span class='ocr_line' id='line_1_106' title="bbox 2259 4810 3826 4881; baseline 0.001 -19"><span class='ocrx_word' id='word_1_833' title='bbox 2259 4828 2371 4862; x_wconf 84' lang='grc' dir='ltr'><strong>πων</strong></span> <span class='ocrx_word' id='word_1_834' title='bbox 2406 4810 2498 4864; x_wconf 74' lang='grc' dir='ltr'>καὶ</span> <span class='ocrx_word' id='word_1_835' title='bbox 2523 4811 2887 4873; x_wconf 85' lang='grc' dir='ltr'>διδασκαλίας.</span> <span class='ocrx_word' id='word_1_836' title='bbox 2914 4811 3011 4863; x_wconf 87' lang='grc' dir='ltr'><strong>Διὰ</strong></span> <span class='ocrx_word' id='word_1_837' title='bbox 3061 4810 3216 4863; x_wconf 78' lang='grc' dir='ltr'>τοῦτο</span> <span class='ocrx_word' id='word_1_838' title='bbox 3249 4811 3357 4864; x_wconf 81' lang='grc' dir='ltr'>ἰδοὺ</span> <span class='ocrx_word' id='word_1_839' title='bbox 3388 4810 3679 4881; x_wconf 76' lang='grc' dir='ltr'>προσθήσω</span> <span class='ocrx_word' id='word_1_840' title='bbox 3729 4812 3826 4865; x_wconf 82' lang='grc' dir='ltr'>τοῦ</span> 
     </span>
    </p>
   </div>
   <div class='ocr_carea' id='block_1_105' title="bbox 2260 4900 3821 4973">
    <p class='ocr_par' dir='ltr' id='par_1_105' title="bbox 2260 4900 3821 4973">
     <span class='ocr_line' id='line_1_107' title="bbox 2260 4900 3821 4973; baseline 0.005 -23"><span class='ocrx_word' id='word_1_841' title='bbox 2260 4900 2564 4968; x_wconf 82' lang='grc' dir='ltr'>μεταθεῖναι</span> <span class='ocrx_word' id='word_1_842' title='bbox 2590 4904 2680 4953; x_wconf 87' lang='grc' dir='ltr'>τὸν</span> <span class='ocrx_word' id='word_1_843' title='bbox 2708 4902 2834 4954; x_wconf 81' lang='grc' dir='ltr'>λαὸν</span> <span class='ocrx_word' id='word_1_844' title='bbox 2866 4901 3071 4964; x_wconf 83' lang='grc' dir='ltr'>τοῦτον,</span> <span class='ocrx_word' id='word_1_845' title='bbox 3124 4902 3217 4956; x_wconf 82' lang='grc' dir='ltr'>καὶ</span> <span class='ocrx_word' id='word_1_846' title='bbox 3264 4903 3552 4973; x_wconf 82' lang='grc' dir='ltr'>μεταθήσω</span> <span class='ocrx_word' id='word_1_847' title='bbox 3588 4904 3769 4958; x_wconf 82' lang='grc' dir='ltr'>αὐτόν.</span> <span class='ocrx_word' id='word_1_848' title='bbox 3802 4926 3821 4957; x_wconf 77' lang='grc' dir='ltr'><strong>ι</strong></span> 
     </span>
    </p>
   </div>
   <div class='ocr_carea' id='block_1_106' title="bbox 2260 4989 3826 5065">
    <p class='ocr_par' dir='ltr' id='par_1_106' title="bbox 2260 4989 3826 5065">
     <span class='ocr_line' id='line_1_108' title="bbox 2260 4989 3826 5065; baseline 0.006 -26"><span class='ocrx_word' id='word_1_849' title='bbox 2260 4989 2367 5039; x_wconf 80' lang='lat' dir='ltr'><strong>Kal</strong></span> <span class='ocrx_word' id='word_1_850' title='bbox 2399 4990 2583 5060; x_wconf 84' lang='grc' dir='ltr'>ἐπειδὴ</span> <span class='ocrx_word' id='word_1_851' title='bbox 2638 4992 2829 5059; x_wconf 86' lang='grc' dir='ltr'>σοφίαν</span> <span class='ocrx_word' id='word_1_852' title='bbox 2862 4990 3161 5062; x_wconf 80' lang='grc' dir='ltr'>ἀνθρώπων</span> <span class='ocrx_word' id='word_1_853' title='bbox 3189 4993 3596 5064; x_wconf 80' lang='grc' dir='ltr'>προϐάλλονται,</span> <span class='ocrx_word' id='word_1_854' title='bbox 3636 4995 3737 5065; x_wconf 78' lang='grc' dir='ltr'>τὴν</span> <span class='ocrx_word' id='word_1_855' title='bbox 3768 4999 3826 5048; x_wconf 80' lang='grc' dir='ltr'>ἐ-</span> 
     </span>
    </p>
   </div>
   <div class='ocr_carea' id='block_1_107' title="bbox 2262 5081 3825 5157">
    <p class='ocr_par' dir='ltr' id='par_1_107' title="bbox 2262 5081 3825 5157">
     <span class='ocr_line' id='line_1_109' title="bbox 2262 5081 3825 5157; baseline 0.007 -27"><span class='ocrx_word' id='word_1_856' title='bbox 2262 5081 2365 5148; x_wconf 79' lang='grc' dir='ltr'><strong>μὴν</strong></span> <span class='ocrx_word' id='word_1_857' title='bbox 2397 5082 2492 5149; x_wconf 83' lang='grc' dir='ltr'><strong>μὲν</strong></span> <span class='ocrx_word' id='word_1_858' title='bbox 2518 5082 2951 5153; x_wconf 82' lang='grc' dir='ltr'>ἀποστρέφοντες</span> <span class='ocrx_word' id='word_1_859' title='bbox 2998 5084 3186 5152; x_wconf 76' lang='grc' dir='ltr'>σοφίαν</span> <span class='ocrx_word' id='word_1_860' title='bbox 3230 5087 3322 5137; x_wconf 84' lang='grc' dir='ltr'>καὶ</span> <span class='ocrx_word' id='word_1_861' title='bbox 3353 5087 3441 5140; x_wconf 77' lang='grc' dir='ltr'>τὸν</span> <span class='ocrx_word' id='word_1_862' title='bbox 3487 5086 3616 5157; x_wconf 81' lang='grc' dir='ltr'>ἐμὸν</span> <span class='ocrx_word' id='word_1_863' title='bbox 3644 5085 3825 5155; x_wconf 90' lang='grc' dir='ltr'>λόγον,</span> 
     </span>
    </p>
   </div>
   <div class='ocr_carea' id='block_1_108' title="bbox 2259 5170 3826 5249">
    <p class='ocr_par' dir='ltr' id='par_1_108' title="bbox 2259 5170 3826 5249">
     <span class='ocr_line' id='line_1_110' title="bbox 2259 5170 3826 5249; baseline 0.007 -28"><span class='ocrx_word' id='word_1_864' title='bbox 2259 5170 2446 5241; x_wconf 85' lang='grc' dir='ltr'>ἐτέρας</span> <span class='ocrx_word' id='word_1_865' title='bbox 2470 5171 2527 5224; x_wconf 89' lang='grc' dir='ltr'><strong>δέ</strong></span> <span class='ocrx_word' id='word_1_866' title='bbox 2555 5191 2702 5236; x_wconf 89' lang='grc' dir='ltr'>τινας</span> <span class='ocrx_word' id='word_1_867' title='bbox 2728 5172 3051 5244; x_wconf 84' lang='grc' dir='ltr'>παραδόσεις</span> <span class='ocrx_word' id='word_1_868' title='bbox 3080 5176 3183 5230; x_wconf 83' lang='grc' dir='ltr'><strong>τῶν</strong></span> <span class='ocrx_word' id='word_1_869' title='bbox 3212 5180 3341 5247; x_wconf 83' lang='grc' dir='ltr'>παρ’</span> <span class='ocrx_word' id='word_1_870' title='bbox 3376 5180 3554 5241; x_wconf 77' lang='grc' dir='ltr'>αὐτοῖς</span> <span class='ocrx_word' id='word_1_871' title='bbox 3584 5182 3826 5249; x_wconf 82' lang='grc' dir='ltr'>πρεσϐυ-</span> 
     </span>
    </p>
   </div>
   <div class='ocr_carea' id='block_1_109' title="bbox 2257 5262 3831 5338">
    <p class='ocr_par' dir='ltr' id='par_1_109' title="bbox 2257 5262 3831 5338">
     <span class='ocr_line' id='line_1_111' title="bbox 2257 5262 3831 5338; baseline 0.004 -25"><span class='ocrx_word' id='word_1_872' title='bbox 2257 5263 2446 5331; x_wconf 84' lang='grc' dir='ltr'>τέρων,</span> <span class='ocrx_word' id='word_1_873' title='bbox 2475 5262 2661 5333; x_wconf 86' lang='grc' dir='ltr'>ῶσπερ</span> <span class='ocrx_word' id='word_1_874' title='bbox 2714 5262 2876 5315; x_wconf 85' lang='grc' dir='ltr'>τινῶν</span> <span class='ocrx_word' id='word_1_875' title='bbox 2930 5264 3105 5333; x_wconf 83' lang='grc' dir='ltr'>σοφῶν</span> <span class='ocrx_word' id='word_1_876' title='bbox 3131 5267 3443 5337; x_wconf 80' lang='grc' dir='ltr'>κατέχοντες</span> <span class='ocrx_word' id='word_1_877' title='bbox 3462 5284 3474 5295; x_wconf 77' lang='lat'><strong>&#39;</strong></span> <span class='ocrx_word' id='word_1_878' title='bbox 3499 5267 3686 5319; x_wconf 81' lang='grc' dir='ltr'>τούτου</span> <span class='ocrx_word' id='word_1_879' title='bbox 3727 5270 3831 5338; x_wconf 77' lang='grc' dir='ltr'>χά·</span> 
     </span>
    </p>
   </div>
   <div class='ocr_carea' id='block_1_110' title="bbox 2258 5353 3827 5429">
    <p class='ocr_par' dir='ltr' id='par_1_110' title="bbox 2258 5353 3827 5429">
     <span class='ocr_line' id='line_1_112' title="bbox 2258 5353 3827 5429; baseline 0.006 -26"><span class='ocrx_word' id='word_1_880' title='bbox 2258 5370 2340 5423; x_wconf 86' lang='grc' dir='ltr'><strong>ριν</strong></span> <span class='ocrx_word' id='word_1_881' title='bbox 2369 5353 2465 5416; x_wconf 73' lang='grc' dir='ltr'><strong>τὰς</strong></span> <span class='ocrx_word' id='word_1_882' title='bbox 2499 5356 2595 5424; x_wconf 82' lang='grc' dir='ltr'><strong>μὲν</strong></span> <span class='ocrx_word' id='word_1_883' title='bbox 2632 5354 2770 5423; x_wconf 80' lang='grc' dir='ltr'>ἐμὰς</span> <span class='ocrx_word' id='word_1_884' title='bbox 2818 5356 3035 5426; x_wconf 83' lang='grc' dir='ltr'>Γραφὰς</span> <span class='ocrx_word' id='word_1_885' title='bbox 3074 5358 3135 5411; x_wconf 73' lang='grc' dir='ltr'>οὐ</span> <span class='ocrx_word' id='word_1_886' title='bbox 3176 5361 3511 5429; x_wconf 74' lang='grc' dir='ltr'>συνήσουσιν.</span> <span class='ocrx_word' id='word_1_887' title='bbox 3544 5378 3561 5408; x_wconf 78' lang='grc' dir='ltr'><strong>ι</strong></span> <span class='ocrx_word' id='word_1_888' title='bbox 3585 5358 3726 5427; x_wconf 82' lang='grc' dir='ltr'><strong>Ἐγὼ</strong></span> <span class='ocrx_word' id='word_1_889' title='bbox 3767 5361 3827 5413; x_wconf 82' lang='grc' dir='ltr'>δὲ</span> 
     </span>
    </p>
   </div>
   <div class='ocr_carea' id='block_1_111' title="bbox 2257 5444 3828 5525">
    <p class='ocr_par' dir='ltr' id='par_1_111' title="bbox 2257 5444 3828 5525">
     <span class='ocr_line' id='line_1_113' title="bbox 2257 5444 3828 5525; baseline 0.008 -32"><span class='ocrx_word' id='word_1_890' title='bbox 2257 5444 2414 5506; x_wconf 76' lang='grc' dir='ltr'>αὐτὸς</span> <span class='ocrx_word' id='word_1_891' title='bbox 2450 5446 2559 5498; x_wconf 85' lang='grc' dir='ltr'><strong>τῶν</strong></span> <span class='ocrx_word' id='word_1_892' title='bbox 2599 5446 2775 5515; x_wconf 83' lang='grc' dir='ltr'>σοφῶν</span> <span class='ocrx_word' id='word_1_893' title='bbox 2801 5448 2975 5500; x_wconf 79' lang='grc' dir='ltr'>αὐτῶν</span> <span class='ocrx_word' id='word_1_894' title='bbox 3012 5448 3108 5519; x_wconf 80' lang='grc' dir='ltr'>τὴν</span> <span class='ocrx_word' id='word_1_895' title='bbox 3140 5452 3330 5519; x_wconf 79' lang='grc' dir='ltr'>σοφίαν</span> <span class='ocrx_word' id='word_1_896' title='bbox 3363 5448 3565 5516; x_wconf 83' lang='grc' dir='ltr'>ἀπολῶ,</span> <span class='ocrx_word' id='word_1_897' title='bbox 3596 5452 3687 5505; x_wconf 69' lang='grc' dir='ltr'><strong>καὶ</strong></span> <span class='ocrx_word' id='word_1_898' title='bbox 3726 5453 3828 5525; x_wconf 77' lang='grc' dir='ltr'>τὴν</span> 
     </span>
    </p>
   </div>
   <div class='ocr_carea' id='block_1_112' title="bbox 2258 5534 3199 5610">
    <p class='ocr_par' dir='ltr' id='par_1_112' title="bbox 2258 5534 3199 5610">
     <span class='ocr_line' id='line_1_114' title="bbox 2258 5534 3199 5610; baseline 0.003 -24"><span class='ocrx_word' id='word_1_899' title='bbox 2258 5534 2466 5588; x_wconf 85' lang='grc' dir='ltr'>σύνεσιν</span> <span class='ocrx_word' id='word_1_900' title='bbox 2494 5538 2601 5588; x_wconf 86' lang='grc' dir='ltr'><strong>τῶν</strong></span> <span class='ocrx_word' id='word_1_901' title='bbox 2629 5538 2858 5590; x_wconf 83' lang='grc' dir='ltr'>συνετῶν</span> <span class='ocrx_word' id='word_1_902' title='bbox 2890 5538 3159 5610; x_wconf 82' lang='grc' dir='ltr'>ἀθετήσω.</span> <span class='ocrx_word' id='word_1_903' title='bbox 3184 5562 3199 5589; x_wconf 72' lang='grc' dir='ltr'><strong>ι</strong></span> 
     </span>
    </p>
   </div>
   <div class='ocr_carea' id='block_1_113' title="bbox 2330 5627 3827 5700">
    <p class='ocr_par' dir='ltr' id='par_1_113' title="bbox 2330 5627 3827 5700">
     <span class='ocr_line' id='line_1_115' title="bbox 2330 5627 3827 5700; baseline 0.006 -23"><span class='ocrx_word' id='word_1_904' title='bbox 2330 5645 2346 5677; x_wconf 85' lang='grc' dir='ltr'><strong>ι</strong></span> <span class='ocrx_word' id='word_1_905' title='bbox 2373 5628 2507 5679; x_wconf 82' lang='grc' dir='ltr'>Ούαὶ</span> <span class='ocrx_word' id='word_1_906' title='bbox 2537 5629 2585 5678; x_wconf 85' lang='grc' dir='ltr'>οἱ</span> <span class='ocrx_word' id='word_1_907' title='bbox 2604 5627 2818 5695; x_wconf 87' lang='grc' dir='ltr'>βαθεῖαν</span> <span class='ocrx_word' id='word_1_908' title='bbox 2841 5628 3032 5700; x_wconf 81' lang='grc' dir='ltr'>βουλὴν</span> <span class='ocrx_word' id='word_1_909' title='bbox 3053 5629 3349 5694; x_wconf 80' lang='grc' dir='ltr'>ποιοῦντες,</span> <span class='ocrx_word' id='word_1_910' title='bbox 3378 5632 3469 5685; x_wconf 75' lang='grc' dir='ltr'>καὶ</span> <span class='ocrx_word' id='word_1_911' title='bbox 3488 5632 3549 5684; x_wconf 85' lang='grc' dir='ltr'><strong>ού</strong></span> <span class='ocrx_word' id='word_1_912' title='bbox 3564 5632 3651 5686; x_wconf 84' lang='grc' dir='ltr'>διὰ</span> <span class='ocrx_word' id='word_1_913' title='bbox 3664 5632 3827 5688; x_wconf 72' lang='grc' dir='ltr'>Θεοῦ.</span> 
     </span>
    </p>
   </div>
   <div class='ocr_carea' id='block_1_114' title="bbox 2256 5715 3827 5791">
    <p class='ocr_par' dir='ltr' id='par_1_114' title="bbox 2256 5715 3827 5791">
     <span class='ocr_line' id='line_1_116' title="bbox 2256 5715 3827 5791; baseline 0.01 -24"><span class='ocrx_word' id='word_1_914' title='bbox 2256 5715 2390 5769; x_wconf 73' lang='grc' dir='ltr'><strong>Οὐαὶ</strong></span> <span class='ocrx_word' id='word_1_915' title='bbox 2410 5717 2457 5767; x_wconf 86' lang='grc' dir='ltr'>οἱ</span> <span class='ocrx_word' id='word_1_916' title='bbox 2490 5718 2547 5769; x_wconf 86' lang='grc' dir='ltr'><strong>ἐν</strong></span> <span class='ocrx_word' id='word_1_917' title='bbox 2565 5720 2743 5786; x_wconf 80' lang='grc' dir='ltr'>κρυφῇ</span> <span class='ocrx_word' id='word_1_918' title='bbox 2774 5719 2962 5791; x_wconf 78' lang='grc' dir='ltr'>βουλὴν</span> <span class='ocrx_word' id='word_1_919' title='bbox 2993 5719 3290 5785; x_wconf 76' lang='grc' dir='ltr'>ποιοῦντες,</span> <span class='ocrx_word' id='word_1_920' title='bbox 3320 5723 3413 5777; x_wconf 83' lang='lat' dir='ltr'><strong>xal</strong></span> <span class='ocrx_word' id='word_1_921' title='bbox 3440 5723 3590 5778; x_wconf 78' lang='grc' dir='ltr'>ἔσται</span> <span class='ocrx_word' id='word_1_922' title='bbox 3611 5724 3668 5777; x_wconf 88' lang='grc' dir='ltr'><strong>ἐν</strong></span> <span class='ocrx_word' id='word_1_923' title='bbox 3698 5724 3827 5781; x_wconf 73' lang='grc' dir='ltr'>σκό-</span> 
     </span>
    </p>
   </div>
   <div class='ocr_carea' id='block_1_115' title="bbox 2327 5829 3295 5903">
    <p class='ocr_par' dir='ltr' id='par_1_115' title="bbox 2327 5829 3295 5903">
     <span class='ocr_line' id='line_1_117' title="bbox 2327 5829 3295 5903; baseline 0.007 -21"><span class='ocrx_word' id='word_1_924' title='bbox 2327 5830 2437 5900; x_wconf 61' lang='grc'><strong>(54)</strong></span> <span class='ocrx_word' id='word_1_925' title='bbox 2478 5829 2641 5887; x_wconf 82' lang='lat' dir='ltr'><strong>Forte</strong></span> <span class='ocrx_word' id='word_1_926' title='bbox 2668 5831 2946 5903; x_wconf 74' lang='lat' dir='ltr'><strong>legendum</strong></span> <span class='ocrx_word' id='word_1_927' title='bbox 2984 5835 3107 5890; x_wconf 79' lang='grc' dir='ltr'>τῶν.</span> <span class='ocrx_word' id='word_1_928' title='bbox 3140 5835 3295 5893; x_wconf 81' lang='lat' dir='ltr'><strong>Eutr.</strong></span> 
     </span>
    </p>
   </div>
  </div>
