4100 6418
146 498 248 556 SOI

1081 471 1588 554 consimilium
1627 492 1696 549 IN
1735 491 1988 551 ISAIAI.
2028 530 2099 542 —
2132 498 2290 556 csr.
2331 499 2522 557 xm.

3325 507 3430 562 302

146 635 230 674 τεε
255 619 331 675 τὰ
365 621 518 694 ἔργα
568 622 774 676 αὐτῶν·
808 622 900 674 καὶ
925 619 1134 690 ἐροῦσι,
1163 620 1261 684 Τίς
1292 619 1536 689 ἑώρακεν
1576 618 1749 688 quac;

1863 616 2066 680 ineunt.
2088 629 2143 674 et
2165 631 2324 676 erunt
2353 621 2405 676 in
2431 618 2669 677 tenebris
2693 634 2854 689 opera
2881 635 3067 677 eorum
3092 639 3108 677 :
3136 632 3188 678 et
3224 623 3427 687 diecttl,

148 711 244 764 καὶ
269 711 362 775 τίς
395 714 559 784 ἡμᾶς
601 710 882 780 γνώσεται,
909 711 944 782 ἢ
965 709 1002 765 ε
1062 711 1228 780 ἡμεῖς
1258 709 1552 778 ποιοῦμενς
1581 734 1601 760 ο
1646 702 1759 760 Εἶτ’

149 801 466 874 ἐπειδήπερ
491 802 765 856 θεοσεϐεῐν
791 800 1252 872 ἐπαγγελλόμενα
1285 803 1398 863 τοῖς
1425 798 1677 870 χείλεσιν,
1701 801 1760 852 ἐν

149 892 227 963 τῷ
266 895 518 966 κρυπτῷ
551 895 622 948 τὰ
657 894 901 966 χείριστα
931 893 1338 964 διεπράττοντο,
1393 892 1759 964 φαρμακείαις

151 983 249 1037 καὶ
271 985 682 1057 ἀκαθαρσίαις,
717 987 810 1039 καὶ
829 985 1015 1050 ἄλλαις
1055 984 1284 1055 μυρίαις
1306 982 1587 1054 ἀθεμίτοις
1615 981 1758 1054 πρά-

153 1073 269 1138 ξεσι
292 1076 723 1148 συμφυρόμενοι
744 1093 758 1108 ·
786 1078 918 1131 πᾶσι
935 1076 992 1130 δέ
1013 1074 1229 1138 τούτοις
1250 1075 1561 1145 ἐνεχείρουν
1585 1073 1660 1138 ὡς
1683 1073 1760 1146 μή

152 1168 474 1239 ἐφορῶντος
515 1168 618 1223 τοῦ
647 1168 780 1222 Θεοῦ
798 1186 812 1200 ·
839 1168 1063 1232 είκότως
1096 1167 1297 1232 αὐτοὺς
1327 1166 1600 1234 ταλανίζει
1629 1166 1759 1221 ταῦ-

153 1259 468 1328 amr
1135 1323 1138 1326 .

230 1370 250 1403 ι
276 1353 403 1423 Οὐχ
444 1351 528 1415 ὡς
554 1350 726 1422 πηλὸς
755 1349 847 1405 τοῦ
885 1350 1174 1422 κεραμέως
1214 1349 1636 1423 λογισθήσεσθες
1665 1350 1758 1423 Μή

155 1443 271 1513 ἐρεῖ
300 1445 368 1498 τὸ
401 1443 640 1514 πλάσμα
670 1443 748 1514 τῷ
798 1443 1060 1498 πλάσαντι
1107 1442 1259 1509 αὐτὸ,
1295 1444 1376 1496 Οὐ
1406 1444 1470 1498 σύ
1505 1460 1574 1514 με
1595 1443 1759 1496 ιπλα-

156 1549 284 1600 σαςς
315 1535 354 1606 ή
376 1535 448 1588 τὺ
467 1535 684 1606 ποίημα
700 1533 775 1605 τῷ
797 1535 1100 1606 ποιήσαντι,
1125 1535 1202 1588 Οὐ
1226 1536 1462 1599 συνετῶς
1483 1553 1550 1606 με
1574 1536 1757 1606 ἐποίη-

158 1641 293 1692 cas;
325 1645 349 1679 ι
385 1626 458 1681 BR
488 1624 605 1697 γὰρ
646 1625 711 1696 δὴ
743 1625 940 1690 πάντες
971 1624 1246 1698 ἂνθρωποι
1281 1626 1440 1699 πηλῷ
1467 1628 1757 1700 κεραμέως

156 1715 430 1788 ἐοίκαμεν
461 1715 631 1769 διὰτὸ
653 1717 871 1788 πήλινον
901 1717 1056 1788 ἡμῶν
1077 1717 1256 1788 σῶμα,
1289 1717 1408 1781 πῶς
1437 1719 1536 1788 οὐχ
1565 1717 1755 1771 ἕπεται

155 1810 322 1872 νοεῖν,
354 1809 449 1862 δτι
477 1807 555 1879 μὴ
581 1807 803 1862 δυνατὸν
834 1807 1016 1862 λαθεῖν
1043 1808 1135 1862 τὸν
1169 1809 1417 1880 ποιητὴν,
1445 1810 1637 1874 ὁποίας
1665 1812 1758 1880 ἐρ-

156 1899 358 1967 γασίας
382 1899 630 1972 ὑπάρχει
656 1898 716 1952 τὸ
745 1900 834 1952 ὑπ’
864 1898 1028 1953 αὐτοῦ
1048 1901 1442 1972 πεποιημένονς
1471 1901 1570 1964 Τίς
1599 1901 1756 1956 δύνα-

156 2007 268 2053 ται,
300 1991 337 2062 ἢ
370 1978 465 2056 τίς
483 1989 748 2061 τολμήσει
772 1991 957 2060 φάναι,
981 1991 1064 2045 δτι
1089 1992 1164 2063 μή
1189 1994 1219 2046 ὁ
1240 1992 1370 2056 Θεὸς
1402 1995 1564 2047 αὐτὸν
1587 1994 1750 2048 ἐπλα-

160 2098 294 2147 σενς
331 2083 400 2137 Et
433 2083 492 2138 δέ
521 2084 626 2138 οὐκ
657 2082 724 2136 ἂν
749 2081 890 2136 είποι
917 2083 1091 2139 ταῦτα
1121 2101 1249 2138 ποτε
1278 2085 1408 2154 περὶ
1449 2086 1544 2140 τού
1581 2103 1749 2159 κερα-

161 2171 312 2240 μεως
344 2173 376 2226 ὁ
409 2170 772 2242 ὑποκείμενος
801 2171 950 2244 αύτῷ
976 2172 1164 2244 πηλὸς,
1202 2172 1379 2245 δῆλον,
1411 2175 1487 2239 ὡς
1529 2176 1748 2246 μάταιοι

160 2264 371 2329 πάντες
400 2266 454 2318 οί
486 2264 638 2318 ινδον
663 2267 729 2336 τῇ
765 2265 909 2336 ψυχῇ
940 2265 1118 2320 αὐτῶν
1161 2265 1355 2338 βουλὴν
1385 2267 1606 2337 βαθεῖαν
1635 2269 1749 2322 δια-

160 2355 472 2426 νοούμενοι,
515 2355 618 2408 καὶ⁵
666 2355 757 2409 τὸν
794 2355 925 2410 Θεὸν
969 2357 1203 2427 οἰόμενοι
1233 2357 1451 2426 ἀγνοεῖν
1473 2358 1542 2412 τὰ
1587 2360 1643 2412 ἐν
1671 2359 1749 2430 τῷ

163 2446 346 2516 σκότῳ
379 2445 737 2517 πραττόμενα
764 2446 945 2509 αὐτοῖς
967 2446 1123 2518 ἐργα.

236 2555 259 2590 s
284 2539 491 2594 ούκὲτι
523 2537 718 2608 μικρὸν
748 2539 844 2592 καὶ
877 2540 1296 2612 μετατεθήσεται
1326 2543 1355 2594 ὁ
1390 2541 1640 2605 Λίϐανος,
1673 2543 1748 2606 ὡς

161 2628 224 2692 τὸ
255 2628 388 2699 δρος
418 2629 482 2682 τὸ
505 2627 748 2699 Χὲρμελ,
771 2629 863 2682 καὶ
893 2630 954 2682 τὸ
999 2631 1216 2701 Χέρμελ
1245 2633 1325 2695 είς
1371 2630 1572 2702 δρυμὸν
1605 2633 1751 2701 λογι-

165 2720 429 2792 σθήσεται
454 2737 469 2785 ;
498 2740 517 2772 ι
554 2719 783 2774 Λίϐανον
807 2721 904 2790 μὲν
934 2720 1026 2773 τὸν
1052 2721 1115 2785 ἐξ
1146 2722 1312 2775 ἐθνῶν
1338 2722 1485 2786 λαδν,
1518 2723 1749 2794 Κάρμη-

165 2811 334 2866 λονδέ
360 2813 423 2867 τδ
436 2811 708 2866 Ἰουδαίων
742 2811 889 2875 ἱθνος
911 2812 1042 2884 (35).
1065 2814 1320 2868 Ἐσεσθαι
1339 2817 1516 2870 τοίνυν
1538 2832 1751 2888 προφη-

165 2904 316 2957 τεύει
341 2905 402 2957 τδ
425 2904 527 2975 μὲν
571 2902 835 2957 Ἰουδαίων
875 2905 1026 2969 ἔθνος
1057 2900 1167 2958 οἷόν
1202 2923 1324 2961 τινα
1353 2908 1554 2979 δρυμὸν
1577 2910 1749 2974 ξύλων

168 2997 378 3066 ἀγρίων
411 2997 507 3049 καὶ
551 2994 836 3065 ἀκάρπων·
887 2997 978 3050 τὸν
1017 2997 1074 3050 δέ
1107 2997 1272 3051 πάλαι
1317 2999 1506 3070 δρυμῷ
1539 3001 1749 3054 ἐοικότα

171 3082 424 3146 Λίϐανον,
452 3083 546 3136 τὸν
579 3083 837 3156 ἐξηέθνῶν
888 3084 1035 3148 λαὸν,
1086 3089 1266 3150 όποίος
1294 3082 1362 3157 ἦν
1395 3105 1523 3142 ποτε
1551 3090 1580 3141 ὁ
1623 3091 1749 3142 ’1ου-

170 3171 333 3226 δαίων
355 3173 504 3238 λαὸς,
539 3173 963 3247 πεπληρωμένος
989 3177 1217 3250 δένδρων
1242 3179 1459 3248 ἀγαθῶν
1491 3183 1584 3234 καὶ
1613 3200 1746 3236 παν-

172 3266 330 3320 τοίων
362 3267 546 3336 φυτῶν
573 3283 635 3320 τε
658 3267 749 3320 καὶ
771 3267 1014 3340 καρπιῖιν.

249 3463 267 3497 ι
291 3445 399 3498 Καὶ
426 3444 754 3500 ἀκούσονται
779 3447 838 3500 ἐν
867 3450 932 3520 τῇ
953 3449 1132 3520 ήμέρᾳ
1158 3451 1338 3523 ἐκείνῃ
1366 3453 1536 3521 κωφοὶ
1562 3452 1748 3520 λόγους

177 3534 400 3605 βιϐλίου,
431 3541 538 3603 ,καὶ
564 3539 615 3590 si
636 3539 694 3590 ἐν
717 3538 797 3609 τῷ
833 3541 1032 3606 σκότει,
1064 3545 1157 3596 καὶ
1177 3545 1225 3596 οί
1261 3545 1319 3597 ἐν
1352 3548 1416 3615 τῇ
1442 3546 1662 3615 ὁμίχλῃ·
1694 3546 1748 3597 o-

176 3629 407 3698 φθαλμοὶ
437 3627 661 3698 τυφλῶν
699 3630 932 3698 ὄψονται.
965 3652 984 3684 ι
1029 3634 1193 3698 Ποίας
1229 3635 1286 3688 δέ
1324 3635 1582 3708 βίϐλου,ἢ
1615 3639 1746 3692 ταύ-

173 3738 268 3793 της
289 3723 460 3793 αὐτῆς
475 3723 579 3792 τῆς
606 3724 741 3793 μετὰ
753 3713 1108 3796 χεῖῖραςξιτερὶ⁵
1132 3721 1198 3798 ἧς
1222 3727 1477 3800 ἀνωτέρω
1497 3729 1711 3797 ἐλέγετο
1729 3748 1742 3760 ·

183 3832 201 3864 ι
225 3813 381 3886 Ὑμῖν
410 3816 483 3869 τὰ
515 3817 741 3887 ῥήματα
760 3815 928 3872 ταῦτα
958 3821 1155 3887 πάντα,
1199 3822 1274 3885 ὡς
1299 3825 1347 3876 οἱ
1375 3823 1522 3893 λόγοι
1550 3825 1642 3878 τοῦ
1665 3826 1746 3896 βι-

174 3904 318 3960 ϐλίου
342 3907 438 3961 τοῦ
469 3910 907 3978 ἐσφραγισμένου
929 3913 1136 3968 τούτου.
1160 3933 1178 3967 ι
1227 3913 1386 3970 Ἀλλὰ
1412 3916 1490 3987 τῷ
1524 3917 1624 3988 μέν
1652 3936 1747 3972 πο-

173 4013 230 4049 τε
260 3999 566 4070 Καρμήλῳ,
595 3999 977 4072 μεταϐληθέντι
1009 4003 1067 4057 δέ
1099 4006 1178 4069 είς
1209 4006 1434 4078 δρυμὸν,
1463 4009 1672 4063 ἔσονται
1694 4014 1744 4064 οἱ

172 4087 313 4156 λόγοι
357 4089 453 4143 τοῦ
499 4089 710 4159 βιϐλίου
760 4092 856 4162 τῆς
905 4093 1236 4166 προφητείας
1284 4100 1742 4172 ἐσφραγισμένοι·

173 4183 280 4242 τοῖς
307 4181 363 4234 δὲ
392 4182 566 4234 πάλαι
600 4183 818 4250 τυφλοῖς
859 4185 952 4238 καὶ
980 4188 1037 4240 ἐν
1066 4187 1144 4258 τῷ
1169 4187 1359 4260 δρυμῷ
1391 4190 1485 4244 τοῦ
1514 4193 1745 4248 Λιϐάνου

1860 707 1992 773 Quis
2018 709 2151 765 vidit
2178 725 2277 766 nos
2310 711 2334 764 τ
2365 721 2459 766 aut
2487 711 2611 781 quis
2660 725 2762 766 nos
2810 722 3135 782 cognoscet.
3181 722 3277 767 aut
3311 729 3431 782 quae

1860 812 1960 853 nos
1989 799 2260 880 facimus?
2290 821 2310 852 ι
2339 801 2542 858 Deinde
2574 800 2700 872 quia
2736 815 2798 858 se
2836 801 3004 857 Deum
3043 803 3222 860 colere
3271 804 3432 859 labiis

1860 888 2194 958 proﬁtentes,
2246 892 2299 945 in
2343 890 2557 947 occulto
2594 890 2828 961 pessima
2874 907 3103 963 quaque
3143 905 3426 964 perpetra-

1858 980 2009 1046 bant,
2043 981 2095 1035 in
2124 979 2416 1046 veneﬁciis,
2462 981 2838 1046 immunditiis,
2873 993 2931 1038 et
2978 985 3252 1039 sexcentis
3305 982 3430 1038 aliis

1860 1073 2080 1128 nefariis
2104 1074 2270 1142 gestis
2295 1086 2414 1130 sese
2430 1072 2767 1130 volutantes:
2805 1075 3027 1144 litaeque
3052 1075 3235 1130 omnia
3268 1074 3426 1144 quasi

1859 1181 1968 1221 non
2017 1168 2378 1238 prospiciente
2426 1168 2536 1224 Deo
2572 1169 2950 1241 peragebant;
2996 1170 3124 1242 jure
3170 1169 3291 1227 illos
3339 1169 3427 1225 bis

1859 1257 2038 1313 verbis
2067 1258 2295 1314 miseros
2319 1259 2651 1329 depredicat
2690 1277 2704 1314 :

1932 1347 2092 1404 Vns.
2125 1349 2211 1404 l6.
2251 1367 2270 1401 ι
2306 1348 2494 1407 Nonne
2524 1361 2583 1406 ut
2611 1352 2784 1407 lutum
2817 1351 2964 1424 ﬁguli
2998 1351 3427 1423 reputabimini?

1857 1435 1994 1491 Num
2027 1438 2172 1493 dicet
2203 1439 2515 1507 gmentum
2541 1440 2716 1497 ﬁctori
2757 1457 2877 1508 suo,
2904 1441 2986 1496 Tn
3013 1458 3098 1498 tne
3121 1456 3229 1498 non
3264 1442 3426 1497 tinxi-

1857 1529 1967 1583 sti?
1997 1538 2093 1584 aut
2128 1544 2264 1598 opus
2319 1530 2616 1600 opilici,’l‘u
2644 1549 2729 1587 me
2755 1548 2862 1589 non
2891 1535 3161 1604 sapienter
3177 1534 3419 1590 lecistih

1856 1620 1925 1673 At
1951 1621 2094 1675 enim
2130 1622 2176 1677 si
2215 1635 2404 1678 omnes
2444 1622 2689 1679 homines
2726 1624 2795 1678 ob
2824 1623 3029 1680 luteum
3062 1638 3262 1695 corpus
3306 1624 3422 1682 luto

1858 1712 2002 1784 ﬁguli
2029 1714 2235 1772 similes
2260 1730 2470 1778 sumus,
2499 1718 2598 1788 qui
2621 1730 2730 1785 non
2751 1728 3147 1786 consequenter
3173 1729 3425 1789 putemus

1857 1817 1962 1856 non
1983 1816 2140 1872 posse
2163 1803 2408 1873 opiﬁcem
2442 1806 2632 1873 latere,
2655 1821 2789 1879 quas
2804 1817 3147 1879 operatione:
3163 1809 3284 1866 edat
3300 1809 3424 1878 opi-

1858 1893 2046 1950 licium
2083 1897 2281 1951 suum?
2312 1896 2445 1965 Quis
2469 1899 2651 1955 dicere
2677 1901 2845 1970 possit
2872 1901 2952 1956 vel
2975 1903 3189 1966 audeat,
3224 1918 3283 1958 se
3312 1917 3421 1958 non

1855 1999 1886 2039 a
1919 1984 2026 2040 Deo
2047 1985 2386 2043 eﬂ'ormatmn
2411 1992 2564 2046 esse?
2584 1992 2734 2058 Quod
2767 1992 2811 2047 si
2844 1993 2896 2047 id
2931 1993 3094 2064 ilgulo
3117 1995 3419 2064 subjectum

1856 2075 1958 2147 ipsi
1995 2076 2166 2133 lutum
2214 2095 2488 2151 nunquam
2518 2081 2753 2150 dixerit;
2789 2083 2964 2152 palam
3003 2098 3150 2140 certe
3181 2095 3262 2140 est
3291 2085 3422 2140 futi-

1855 2167 1935 2228 les
1970 2178 2026 2224 et
2067 2184 2237 2227 vanos
2274 2187 2398 2228 esse
2432 2189 2622 2230 omnes
2660 2176 2750 2246 qui
2796 2177 2946 2232 intus
2979 2176 3033 2232 in
3078 2179 3263 2233 animo
3293 2193 3422 2249 pro-

1853 2259 2016 2314 funda
2037 2261 2265 2319 consilia
2313 2263 2521 2329 ineunt,
2547 2275 2602 2320 et
2643 2281 2764 2336 qua
2794 2266 2897 2337 ipsi
2935 2267 2988 2322 in
3019 2268 3256 2326 tenebris
3279 2267 3422 2327 laci.

1855 2368 1987 2408 nors
2023 2354 2213 2418 edunt,
2252 2355 2417 2410 Deum
2461 2357 2711 2428 ignorare
2747 2361 3082 2416 existimant.

1926 2522 2090 2580 Vsus.
2133 2527 2221 2582 l7.
2266 2547 2284 2579 ι
2332 2527 2523 2587 Nonne
2559 2533 2732 2589 adhuc
2768 2535 3061 2604 paululum,
3095 2547 3150 2592 et
3188 2539 3420 2596 transfe-

1856 2625 2006 2670 retur
2039 2616 2276 2674 Libanus
2312 2622 2456 2676 sicut
2493 2639 2647 2680 mons
2685 2625 2950 2688 Chermel,
2985 2637 3039 2683 et
3076 2629 3325 2687 Cbermel
3366 2636 3421 2690 in

1856 2708 2047 2764 saltum
2088 2713 2426 2782 reputabitur
2460 2715 2484 2769 Υ
2529 2735 2548 2769 i
2606 2716 2869 2774 Libanum
2909 2723 3123 2790 quidem
3165 2726 3419 2795 populum

1855 2814 1920 2856 ex
1963 2803 2231 2872 gentibus,
2261 2805 2564 2862 Carmelum
2606 2825 2733 2864 vero
2767 2810 3045 2867 Judaicam
3079 2825 3293 2884 gentem
3328 2833 3423 2872 vo-

1856 2903 1964 2947 cat.
2005 2893 2116 2949 Ceu
2146 2901 2432 2964 quemdam
2481 2899 2679 2954 saltum
2719 2904 3012 2972 agrestium
3040 2917 3096 2961 et
3124 2906 3425 2965 infructuo-

1855 3000 2036 3040 sarum
2065 2989 2320 3043 arborum
2349 2988 2465 3044 lore
2491 2989 2773 3045 Judaicum
2799 2993 3051 3063 populum
3069 2997 3419 3052 vaticinatur.

1854 3079 2118 3135 Libanum
2154 3093 2354 3146 autem,
2377 3085 2469 3152 qui
2505 3086 2632 3139 olim
2679 3088 2836 3140 saltni
2864 3089 3056 3144 similis
3084 3102 3223 3154 erat,
3254 3107 3422 3160 papu—

1855 3170 1965 3224 lum
1993 3171 2243 3228 videlicet
2271 3188 2338 3227 ex
2365 3175 2640 3244 gentibus,
2683 3175 2920 3233 futurum
2952 3180 3048 3243 ait,
3078 3183 3254 3250 qualis
3289 3183 3420 3238 olim

1853 3269 1970 3315 erat
2014 3259 2270 3318 Judaicus
2316 3269 2579 3333 populus,
2637 3267 2852 3336 plenum
2906 3271 3062 3327 bonis
3111 3271 3418 3339 arboribus,

1850 3353 2198 3423 omniumque
2225 3370 2478 3425 generum
2513 3356 2712 3425 plantis
2732 3369 2782 3412 et
2808 3358 3093 3417 fructibus.

1921 3443 2084 3500 Vens.
2116 3444 2200 3499 l8.
2239 3464 2257 3496 ι
2293 3444 2356 3499 Ει
2381 3445 2600 3500 audient
2639 3448 2691 3501 in
2721 3448 2926 3503 die‘illa
2955 3453 3100 3507 surdi
3131 3468 3418 3512 sermones

1849 3535 1994 3600 libri,
2023 3549 2075 3592 et
2113 3539 2205 3607 qui
2247 3538 2300 3592 in
2341 3540 2615 3605 tenebris,
2654 3553 2708 3596 et
2746 3544 2835 3611 qui
2874 3545 2924 3597 in
2967 3543 3233 3616 caligine;
3271 3547 3417 3602 oculi

1849 3642 2113 3682 caecorum
2172 3629 2449 3683 videbunt.
2504 3649 2523 3680 ι
2568 3630 2734 3700 Cujus
2787 3631 2955 3696 libri,
3000 3634 3102 3688 nisi
3159 3635 3408 3704 hujusce,

1849 3733 2004 3786 quem
2045 3733 2155 3786 pra?
2197 3719 2442 3774 manibus
2479 3718 2774 3785 habemus,
2815 3724 2881 3778 de
2919 3739 3027 3793 quo
3066 3740 3228 3794 supra
3266 3726 3416 3780 dice-

1849 3812 2040 3877 batur,
2079 3829 2098 3862 ι
2138 3811 2304 3866 Vobis
2342 3813 2503 3867 verba
2544 3813 2658 3868 haec
2693 3814 2873 3868 omnia
2899 3854 2914 3879 ,
2956 3815 3102 3869 velut
3137 3831 3420 3872 sermones

1849 3905 2046 3974 signati
2087 3906 2209 3962 libri
2262 3905 2461 3974 hujus?
2500 3927 2518 3959 ε
2560 3905 2756 3962 Verum
2799 3907 2848 3962 ei
2894 3909 2984 3977 qui
3035 3908 3163 3964 olim
3201 3909 3417 3978 quidem

1849 3996 2148 4066 Carmelus,
2181 4001 2274 4054 sed
2303 3999 2414 4068 jam
2441 4009 2680 4055 mutatus
2703 4011 2786 4055 est
2813 4001 2866 4055 in
2892 3999 3112 4067 saltum,
3134 4010 3298 4056 erunt
3324 4001 3418 4054 liu-

1844 4089 1998 4159 jusce
2048 4090 2168 4144 libri
2218 4102 2274 4145 et
2326 4092 2625 4162 prophetia:
2669 4107 2947 4148 sermones
2999 4092 3417 4164 obsignati;illi

1849 4193 1978 4233 vero
2015 4177 2109 4248 qui
2146 4181 2274 4237 olim
2313 4183 2462 4246 caeci,
2501 4192 2557 4236 et
2595 4183 2648 4235 in
2686 4181 3054 4236 saltu-Libani
3095 4181 3420 4252 reputaban-

174 4269 592 4342 λελογισμένοις,
633 4273 1038 4346 μεταϐληθετσιν
1062 4277 1153 4330 ἐπὶ
1176 4280 1237 4332 τὸ
1261 4279 1465 4352 ήμερον
1499 4283 1593 4336 καὶ
1613 4300 1747 4355 καρ-

1853 4277 1938 4322 ιυι·
1977 4285 2117 4352 esse,
2158 4281 2445 4341 postquam
2494 4271 2563 4327 ad
2609 4283 2945 4326 mansuetum
2978 4283 3034 4327 et
3074 4271 3416 4328 fructuosum

175 4363 424 4433 ποψόρον,
475 4364 737 4417 ἁκουστοὶ
778 4367 1094 4438 γενήσονται
1140 4370 1190 4424 οί
1243 4370 1388 4438 λόγοι
1411 4371 1519 4425 τῶν
1573 4373 1730 4428 θείων

1853 4373 2054 4414 morem
2072 4361 2547 4438 translatiluerint,
2564 4361 2871 4416 divinarum
2888 4363 3163 4432 Scriptura
3173 4378 3230 4415 ru
3240 4378 3288 4416 tn
3302 4376 3419 4418 ser-

175 4458 510 4527 γραμμάτων
529 4475 544 4487 ·
584 4457 679 4510 καὶ
714 4458 762 4510 oi
791 4459 956 4513 πάλαι
976 4459 1032 4514 δέ
1060 4461 1209 4525 ὄντες
1246 4464 1304 4516 ἐν
1334 4463 1412 4533 τῷ
1449 4465 1627 4517 σκότει
1657 4466 1748 4518 καὶ

1853 4465 2040 4507 mones
2073 4455 2333 4519 audient;
2374 4465 2428 4509 et
2463 4457 2552 4525 qui
2588 4455 2716 4510 olim
2751 4457 2802 4510 in
2835 4456 3072 4512 tenebris
3104 4466 3160 4510 et
3185 4456 3420 4526 caligine

176 4548 226 4598 ἐν
261 4551 324 4619 τῇ
373 4549 599 4621 ὁμίχλῃ,
630 4547 768 4601 ὥστε
799 4550 872 4622 μὴ
902 4551 1116 4620 βλέπειν
1142 4557 1282 4623 μήτε
1314 4554 1574 4620 συνιέναι,
1609 4556 1743 4626 μήτε

1853 4546 2229 4611 versabantur,
2257 4548 2360 4615 ,ita
2391 4557 2447 4600 ut
2490 4562 2595 4602 non
2625 4547 2902 4610 viderent,
2935 4562 3110 4616 neque
3155 4546 3420 4616 intellige-

174 4618 328 4703 νοεῖν,
368 4640 454 4693 διὰ
503 4618 576 4692 τί)⁷
596 4618 826 4707 τυφλοὺς
852 4618 995 4710 ἐχειν
1039 4618 1164 4705 τοὺς
1205 4618 1538 4714 δφθαλμοὺς,
1563 4618 1740 4712 ὀῦτὸι,

1854 4643 1992 4700 rent,
2029 4651 2202 4706 neque
2225 4638 2562 4706 cogitarent,
2593 4642 2718 4706 quia
2749 4638 2923 4692 oculis
2951 4641 3078 4693 caci
3103 4649 3262 4693 erant
3287 4679 3302 4704 ,
3329 4639 3416 4694 in-

174 4732 466 4804 παραδόξου
501 4731 806 4803 μεταϐολῆς
834 4732 1166 4798 ἀξιωθέντες,
1206 4733 1401 4804 θεωροὶ
1426 4739 1742 4807 γενήσονται

173 4823 270 4877 τῶν
286 4822 723 4892 ἐναποκειμένων
737 4823 792 4876 ἐν
803 4828 910 4888 τοῖς
930 4823 1092 4888 θείοις
1105 4825 1391 4896 γράμμασι
1414 4843 1586 4898 μυστη
1596 4829 1743 4899 ρίων.

240 4933 258 4967 ι
278 4917 387 4969 Καὶ
422 4913 841 4983 ἅγαλλιάσονται
864 4917 1066 4986 πτωχοὶ
1097 4916 1183 4969 διὰ
1220 4915 1424 4987 Κύριον
1447 4919 1504 4970 ἐν
1543 4920 1741 4990 εὐφρο-

173 5005 319 5078 σύνῃ,
363 5006 458 5060 καὶ
501 5007 554 5058 oi
612 5005 1008 5077 ἀπηλπισμένοι
1057 5007 1164 5060 τῶν
1200 5005 1501 5077 ἀνθρώπων
1529 5011 1741 5084 ἐμπλη-

173 5099 452 5170 σθήσονται
481 5097 840 5169 εὐφροσύνης.
868 5120 886 5151 ι
941 5101 1038 5164 Τίς
1061 5101 1167 5172 γὰρ
1204 5100 1301 5155 καὶ
1341 5103 1587 5176 διενοήθη
1624 5108 1741 5159 πώ-

170 5206 292 5244 ποτε
314 5193 441 5254 τοὺς
465 5192 531 5244 ἐκ
563 5190 814 5261 πατέρων
831 5192 1235 5265 είδωλολάτρας,
1259 5193 1453 5260 ἀθέους
1469 5198 1626 5263 ὄντας
1647 5201 1740 5253 καὶ

171 5281 375 5346 ἀσεϐεῖς
422 5284 517 5334 καὶ⁵
549 5280 860 5352 ἀλλοτρίους
912 5283 1010 5354 τῆς
1050 5284 1303 5354 γνώσεως
1337 5287 1430 5342 τοῦ
1477 5289 1632 5353 Θεοῦ,
1665 5292 1746 5354 είς

169 5373 412 5443 τοιαύτην
442 5373 599 5444 ήξειν
631 5371 848 5438 ἐλπίδας
881 5374 1068 5444 Ὅμως
1099 5376 1143 5430 δ’
1171 5373 1264 5430 οὖν
1310 5380 1402 5431 καὶ
1436 5397 1453 5430 ι
1485 5382 1534 5432 oi
1571 5382 1745 5452 ἀπηλ-

173 5464 436 5534 πισμένοι,
519 5463 677 5532 φησὶ,
731 5461 839 5518 τῶν
879 5465 1180 5536 ἀνθρώπων
1251 5469 1733 5542 ἐμπλησθήσονται

173 5555 520 5627 εὐφροσύνης.
545 5575 566 5606 a

239 5665 257 5698 ι
278 5647 557 5713 Ὲξέλιπεν
579 5645 800 5716 ἄνομος,
835 5649 929 5702 καὶ
967 5648 1212 5703 ἀπώλετο
1245 5651 1618 5724 ὑπερήφανος,
1645 5655 1738 5706 καὶ

1851 4737 2163 4795 exspectata
2196 4730 2493 4784 mutatione
2532 4729 2770 4798 dignati,
2804 4731 3180 4800 mysteriorum
3220 4730 3276 4784 in
3324 4744 3416 4785 sa-

1851 4821 1960 4875 cris
1994 4820 2190 4876 litteris
2224 4821 2626 4878 reconditorum
2654 4821 3023 4894 speculatores
3054 4832 3236 4876 erunt.

1921 4910 2088 4967 Vens.
2139 4913 2224 4969 l9.
2296 4935 2314 4966 ι
2355 4914 2420 4967 Et
2469 4917 2816 4972 exsultabant
2862 4932 3123 4986 pauperes
3193 4926 3418 4987 propter

1852 5003 2137 5059 Dominum
2164 5007 2216 5060 in
2253 5006 2458 5073 latitia,
2499 5020 2552 5062 et
2575 5023 2669 5078 spe
2720 5008 2962 5064 destituti
3009 5009 3277 5073 homines,
3314 5010 3418 5063 im-

1850 5095 2140 5165 plebuntur
2167 5098 2370 5153 laetitia.
2410 5119 2429 5152 ι
2459 5098 2591 5165 Quis
2645 5099 2787 5154 enim
2833 5114 3072 5168 unquam
3123 5100 3416 5170 cogitasset

1851 5201 1965 5252 eos,
2001 5189 2090 5256 qui
2125 5204 2154 5242 a
2186 5191 2482 5259 majoribus
2514 5189 2830 5253 idololatrae,
2867 5190 3012 5243 atltei
3039 5200 3094 5244 et
3119 5191 3306 5259 impii,
3339 5201 3418 5244 at-

1849 5296 1954 5348 que
1983 5297 2012 5333 a
2045 5280 2136 5336 Dei
2165 5283 2473 5351 cognitione
2499 5282 2659 5337 alieni
2699 5292 2886 5347 erant,
2937 5291 3138 5335 tantam
3169 5283 3222 5336 in
3263 5299 3412 5353 spem

1849 5383 2109 5428 venturos
2126 5371 2618 5436 fuisse2Attamen,
2642 5374 2739 5440 ait,
2757 5374 2919 5428 etiam
2940 5374 3000 5437 ii,
3021 5375 3113 5442 qui
3137 5393 3155 5424 ι
3185 5390 3280 5443 spe
3321 5378 3416 5429 dc-

1851 5465 2026 5520 stituti
2056 5475 2215 5518 erant
2244 5465 2510 5526 homines,
2547 5465 2915 5534 implebantur
2945 5466 3148 5518 laetitia.
3193 5485 3214 5516 ι

1913 5647 2076 5701 Vens.
2111 5646 2203 5702 20.
2236 5665 2255 5698 ε
2295 5644 2507 5701 Deiecit
2545 5646 2786 5717 iniquus,
2827 5656 2883 5700 et
2917 5645 3081 5716 periit
3123 5647 3412 5716 superbus,

178 5735 641 5812 ἑξωλοθρεύθησαν
673 5737 725 5789 oi
756 5738 1078 5810 ἁνομοῦντες
1113 5741 1206 5794 ἐπὶ
1237 5743 1426 5814 κακία.
1455 5762 1473 5794 ι
1520 5744 1738 5796 Τούτων

1853 5749 1901 5793 et
1931 5739 2092 5794 deleti
2140 5747 2270 5793 sunt
2311 5737 2498 5806 inique
2551 5750 2774 5809 agentes
2825 5752 2937 5806 pra:
2968 5737 3198 5792 malitia.
3246 5757 3267 5790 ι
3317 5739 3412 5794 His

176 5829 561 5885 ἀπολαύσουσιν
595 5820 744 5881 οὗτοι
784 5829 1000 5896 πάντες,
1032 5833 1216 5900 ἐπειδὴ
1249 5834 1280 5886 ό
1309 5835 1478 5889 πάλαι
1523 5835 1739 5907 κρατῶν

1853 5830 2094 5886 fruentur
2128 5830 2185 5886 bi
2217 5842 2441 5897 omnes,
2467 5830 2592 5900 quia
2625 5830 2672 5886 is
2709 5828 2801 5898 qui
2842 5829 2972 5885 olim
3019 5829 3308 5900 imperium
3357 5838 3414 5883 et

233 5943 340 6016 (35)
379 5947 586 6005 Doesse
619 5939 833 6000 videtur
868 5942 1082 6015 aliquod
1117 5947 1371 6017 verbum,
1407 5957 1458 6003 ν.
1485 5962 1562 6017 g.,
1593 5947 1764 6003 καλεῖ.
1797 5945 1955 6004 Enn.
