4100 6512
666 464 767 518 503

1315 459 1576 515 EUSEBII
1614 455 2089 513 CESARIENSIS
2128 454 2278 510 OPP.
2319 453 2498 509 PARS
2536 454 2625 509 Ill.
2667 488 2733 498 ——
2772 454 3179 511 EXEGETICA.

3794 461 3893 514 501

666 572 995 644 tyrannidem
1025 573 1192 628 ineo:
1215 575 1510 639 obtinebat,
1542 576 1753 644 iniquus
1780 584 1833 629 et
1867 575 2061 644 impius
2090 575 2204 643 qui-

2315 572 2493 624 αύτῶν
2540 574 2631 624 καὶ
2668 573 2963 641 τυραννῶν,
3031 573 3229 642 ἀνομὸς
3267 592 3348 637 τις
3398 574 3491 627 καὶ
3543 573 3743 643 ἀσεϐὴς
3796 576 3892 644 ἄρ-

661 666 780 719 dam
811 664 1092 734 princeps,
1128 665 1374 718 diabolus
1407 667 1624 741 inquam
1654 707 1669 731 ,
1716 666 1917 721 defecit
1954 678 2010 721 et
2056 666 2215 736 periit

660 756 815 827 longe
844 756 1117 826 depulsus,
1154 756 1415 823 superbus
1444 758 1549 817 ille.
1580 759 1673 826 qui
1706 759 1831 812 olim
1855 759 2000 827 ipsos
2022 758 2074 811 in
2102 772 2213 813 ser-

658 849 882 901 vitutem
914 849 1211 917 redegerat.
1236 845 1345 900 lmo
1362 849 1521 900 etiam
1544 850 1634 916 qui
1655 850 1753 903 sub
1782 849 2020 917 eoimpie
2038 858 2091 903 ct
2107 850 2213 903 ini-

658 954 761 1007 que
784 940 1029 1009 agebant,
1050 938 1203 992 deleti
1220 947 1374 1001 sunt;
1409 938 1629 1007 maligni
1649 940 1895 995 videlicet
1923 941 2209 995 damones.

728 1029 891 1084 Vens.
919 1029 1007 1082 2|.
1045 1046 1063 1079 ‹
1103 1027 1201 1094 Qui
1234 1042 1461 1097 peccare
1484 1030 1693 1084 faciunt
1725 1030 1970 1085 homines
2013 1032 2066 1084 in
2101 1046 2215 1085 ser-

655 1135 836 1175 mone.
872 1120 1069 1175 Omnes
1103 1128 1283 1173 autem
1316 1128 1603 1190 arguentes
1637 1121 1689 1173 in
1723 1121 1893 1189 portis
1920 1121 2213 1177 offendicu-

658 1212 766 1265 lum
799 1220 999 1282 ponent
1045 1227 1058 1261 :
1096 1212 1348 1280 quoniam
1386 1212 1738 1266 detorserunt
1778 1213 1843 1267 ad
1875 1213 2074 1283 injusta
2124 1215 2213 1284 ju-

656 1312 819 1357 stum.
857 1320 876 1354 ι
912 1300 1041 1356 Nam
1076 1303 1351 1371 prophetis
1381 1317 1438 1357 se
1468 1318 1649 1358 coram
1690 1307 2042 1375 arguentibus
2067 1345 2082 1370 ,
2124 1320 2210 1360 se-

656 1408 761 1465 que
790 1409 818 1447 a
854 1395 1113 1464 peccandi
1136 1393 1523 1449 consuetudine
1556 1397 1927 1451 averteutibus
1947 1437 1962 1460 ,
1994 1398 2214 1467 laqueos

656 1486 965 1550 tendebant,
991 1487 1301 1541 occasiones
1332 1486 1585 1542 adversus
1606 1502 1700 1541 eos
1729 1498 2025 1557 captantes,
2058 1498 2115 1543 ut
2135 1490 2215 1558 ip-

654 1590 747 1631 sos
784 1576 1085 1643 perderent.

729 1667 893 1722 Vens.
938 1668 1129 1731 22,25.
1174 1686 1192 1718 ‹
1246 1667 1536 1738 Propterea
1592 1670 1706 1723 ha:c
1768 1671 1897 1725 dicit
1955 1671 2214 1728 Dominus

656 1778 817 1830 super
851 1763 1063 1815 domum
1101 1760 1287 1825 Jacob,
1330 1776 1489 1829 quam
1515 1761 1787 1831 separavit
1810 1777 1875 1816 ex
1906 1762 2208 1817 Abraham:

656 1853 770 1907 Non
810 1866 949 1905 nunc
985 1851 1340 1905 confundetur
1371 1849 1573 1917 Jacob,
1626 1866 1798 1920 neque
1837 1866 1978 1906 nunc
2012 1852 2205 1908 faciem

2315 680 2445 731 χων,
2484 662 2624 730 λέγω
2668 663 2731 733 δὴ
2783 663 2943 725 αὑτὸς
2983 664 3012 714 6
3063 664 3325 731 διάϐολος,
3374 662 3619 729 ἐξέλιπεν
3656 664 3752 716 καὶ
3790 665 3869 715 ἀπ

2315 750 2481 805 ὡλετο
2495 754 2709 823 μακρὰν
2736 753 2999 822 διωχθεὶς,
3017 754 3045 803 ὁ
3070 754 3235 805 πάλαι
3257 753 3797 823 καταδουλωσάμενος
3808 752 3896 806 αὐ-

2312 846 2437 907 τοὺς
2453 845 2815 915 ὑπερήφανος·
2836 846 2969 898 ἀλλά
2984 847 3077 898 καὶ
3091 848 3137 897 οί
3155 846 3259 897 ὑπὸ
3274 847 3446 916 τούτῳ
3462 846 3785 908 ἀσεϐοῦντες
3802 847 3894 899 ἐπὶ

2313 936 2494 1007 ἀδικίᾳ
2537 936 3026 1007 ὲξωλοθρεύθηοαν,
3058 936 3256 1006 δηλαδὴ
3290 938 3338 989 οἰ
3365 938 3587 1008 πονηροὶ
3617 936 3887 1006 δαίμονες.

2390 1044 2407 1076 ι
2434 1026 2496 1079 Οἱ
2552 1025 2831 1090 ποιοῦντες
2879 1025 3195 1097 ἀνθρώπους
3248 1028 3579 1097 ἁμαρτάνειν
3621 1029 3679 1080 ἐν
3724 1028 3887 1096 λόγῳ.

2314 1116 2525 1181 Πάντας
2540 1117 2595 1169 δὲ
2624 1118 2749 1180 τοὺς
2780 1118 3097 1187 ἐλέγχοντας
3130 1119 3187 1171 ὲν
3216 1118 3412 1181 πύλαις
3442 1118 3774 1189 πρόσκομμα
3795 1118 3891 1188 θή-

2316 1226 2525 1262 σουσιν·
2557 1210 2638 1261 ὅτι
2684 1208 3018 1276 ὲπλαγίασαν
3078 1210 3162 1261 ἐπ’
3192 1208 3396 1271 ἀδίκοις
3445 1209 3668 1262 δίκαιον.
3697 1228 3717 1260 ι
3751 1210 3890 1273 Τοὺς

2312 1300 2421 1371 γάρ
2445 1301 2725 1371 προφήτας
2751 1301 2832 1362 εἰς
2865 1301 3153 1369 πρόσωπον
3190 1301 3385 1364 αὐτοὺς
3423 1301 3763 1370 ἐλέγχοντας,
3800 1303 3892 1355 καὶ

2311 1390 2419 1443 τῶν
2470 1391 2883 1461 ἁμαρτημάτων
2919 1390 3345 1462 ἐπιστρέφοντας
3379 1392 3516 1461 (56),
3547 1391 3885 1459 ὲπαγίδευον,

2314 1481 2483 1545 λαϐὰς
2504 1483 2624 1535 κατ’
2641 1482 2819 1534 αὐτῶν
2836 1481 3159 1552 θηρώμενοι,
3177 1483 3323 1545 ὅπως
3346 1484 3537 1546 αὐτοὺς
3558 1484 3886 1539 ἀπολέσωσι.

2390 1682 2407 1713 r
2430 1662 2527 1716 Διά
2565 1662 2720 1716 τοῦτο
2752 1662 2874 1716 τάδε
2918 1664 3063 1731 λέγει
3094 1664 3294 1732 Κύριος
3331 1664 3423 1715 ἐπὶ
3451 1663 3541 1716 τὸν
3594 1658 3743 1717 οἷκον
3786 1665 3888 1717 Ἰα-

2314 1753 2447 1817 κὼϐ,
2474 1754 2532 1807 ὃν
2559 1754 2833 1825 ἀφώρισεν
2864 1754 2923 1819 ἐξ
2959 1755 3238 1825 Ἀϐραάμ”
3260 1755 3334 1807 Ού
3360 1754 3454 1807 νῦν
3470 1756 3889 1826 αἰσχυνθήσεται

2310 1847 2526 1910 Ἰακὼϐ,
2572 1848 2691 1899 οὐδὲ
2744 1848 2837 1900 νῦν
2898 1847 2958 1900 τὸ
2995 1848 3281 1917 πρόσωπον
3326 1848 3654 1918 μεταϐαλεῖ·
3698 1850 3814 1902 ἀλλ’
3837 1849 3895 1901 ὅ·

656 1941 883 1996 mutabit
914 1959 926 1992 :
953 1944 1048 1994 sed
1096 1941 1311 2009 quando
1351 1942 1607 1995 videbunt
1666 1942 1760 1995 lilii
1798 1956 1985 1996 eorum
2041 1958 2203 2012 opera

2308 1958 2404 1994 ταν
2432 1942 2580 1994 ἴδωσι
2609 1941 2676 1992 τὰ
2699 1942 2863 1993 τέκνα
2888 1940 3065 1993 αὐτῶν
3094 1940 3161 1992 τά
3183 1940 3318 2011 ἔργα
3344 1957 3465 2009 μου,
3499 1940 3568 1991 δι’
3605 1940 3707 2010 ἐμὲ
3730 1941 3891 2007 ἀγιά-

654 2050 800 2099 mea,
838 2043 1057 2103 propter
1089 2048 1176 2088 me
1211 2034 1618 2089 sanctilicabunt
1663 2048 1856 2089 nomen
1906 2050 2080 2089 meum
2102 2076 2117 2100 ,
2152 2044 2207 2089 et

656 2126 1070 2182 sanctiﬁcabunt
1090 2124 1347 2180 Sanctum
1374 2126 1560 2192 Jacob,
1592 2137 1644 2180 et
1670 2127 1834 2181 Deum
1861 2126 2020 2182 Israel
2054 2128 2208 2182 time—

652 2220 807 2273 bunt.
852 2240 869 2272 ι
908 2219 1012 2274 Vos
1034 2221 1172 2283 dico,
1205 2220 1416 2272 domum
1440 2216 1604 2272 Jacob
1636 2228 1853 2272 vocatos
1894 2238 1908 2273 :
1951 2235 2109 2287 quam
2153 2226 2208 2273 ut

653 2313 906 2382 religioso
952 2313 1040 2366 illo
1087 2311 1397 2365 Abrahamo
1466 2310 1736 2379 indignam
1813 2312 2111 2379 separavit,
2157 2321 2209 2365 et

651 2406 858 2459 alienos
892 2405 1014 2460 illos
1055 2404 1236 2474 posuit
1269 2403 1442 2467 Deus;
1488 2403 1611 2472 quia
1658 2418 1716 2457 se
1757 2418 1861 2456 non
1902 2403 2208 2456 Abraham.

656 2498 843 2566 dignos
888 2512 1007 2552 esse
1060 2498 1314 2571 operibus
1375 2495 1719 2550 exhibebant.
1784 2494 1850 2546 At
1908 2495 2051 2546 enim
2115 2493 2205 2547 ﬁlii

655 2591 886 2644 Abrahae
913 2591 1163 2659 Operibus
1192 2598 1486 2643 noscuntur
1507 2628 1521 2651 ,
1554 2595 1612 2640 ut
1641 2587 1819 2641 docuit
1844 2586 2098 2640 Servator
2122 2588 2207 2641 his

654 2680 865 2734 verbis:
907 2700 923 2729 ι
966 2680 1019 2733 Si
1076 2678 1170 2732 ﬁlii
1226 2679 1452 2731 Abrahae
1503 2677 1709 2739 essetis,
1762 2691 1925 2743 opera
1980 2677 2207 2731 Abralue

652 2764 898 2820 faceretis
922 2766 986 2814 '7.
1022 2782 1041 2815 ›
1077 2763 1353 2829 Quodnam
1402 2776 1533 2815 vero
1584 2771 1793 2829 tempus
1840 2760 1970 2812 illud
2018 2760 2203 2822 fuerit.

649 2856 750 2909 nisi
782 2869 885 2924 quo
918 2854 1079 2908 verba
1110 2868 1227 2909 mea
1256 2854 1669 2922 complebantur
1692 2892 1706 2915 ,
1745 2868 1862 2907 cum
1902 2852 1996 2907 ﬁlii
2041 2854 2205 2908 vestri

648 2947 979 3016 alienigenas
1004 2956 1059 3001 et
1090 2946 1271 3013 generi
1303 2954 1484 2999 vestro
1509 2954 1794 2999 extraneos
1834 2960 2027 3000 nomen
2063 2945 2208 3001 celeo

647 3035 808 3087 hrare
842 3049 1015 3088 meum
1052 3032 1349 3087 videbunt?
1378 3034 1527 3088 Tunc
1578 3036 1720 3087 enim
1752 3035 1852 3102 ipsi
1898 3034 1989 3087 lilii
2038 3036 2206 3089 vestri

647 3125 1037 3178 confundentur
1060 3134 1114 3177 et
1138 3125 1454 3178 erubescent
1478 3164 1491 3187 ,
1521 3128 1839 3192 stupendam
1885 3122 2033 3178 illam
2064 3140 2199 3195 gen-

647 3218 781 3269 tium
816 3216 1163 3269 mutationem
1198 3224 1480 3269 cernentes
1503 3255 1517 3278 ,
1563 3215 1967 3285 conspicatique
2016 3216 2204 3269 alieni-

648 3323 811 3378 genas
869 3308 1110 3360 homines
1166 3306 1420 3361 Sanctum
1482 3306 1644 3361 Israel
1696 3315 1748 3360 et
1812 3308 1977 3361 Deum
2037 3306 2204 3362 Jacob

647 3400 1007 3461 sanctificare,
1038 3414 1101 3451 ac
1129 3399 1221 3451 Dei
1258 3399 1626 3453 universorum
1662 3400 1853 3454 timore
1880 3396 2040 3453 afﬁci.

718 3581 879 3637 Vsus.
904 3582 991 3636 24.
1039 3600 1056 3632 ι
1088 3581 1149 3635 Et
1179 3581 1352 3636 scient
1375 3582 1463 3649 qui
1496 3593 1677 3635 errant
1716 3582 1912 3651 spiritu
1934 3621 1953 3649 ,
2002 3582 2200 3637 intelli-

646 3673 879 3743 gentiam
924 3691 937 3725 :
974 3674 1061 3741 qui
1097 3684 1276 3726 autem
1313 3675 1725 3727 obmurmurant
1752 3714 1766 3738 ,
1816 3674 2025 3729 discent
2076 3675 2203 3729 obe-

647 3765 928 3831 dientiam,
952 3774 1009 3819 et
1037 3764 1228 3834 lingua:
1254 3762 1613 3817 balbutientes
1649 3764 1857 3818 discent
1909 3763 2053 3832 loqui
2102 3749 2201 3833 p5-

643 3870 782 3910 cem.
823 3875 841 3907 ›
877 3854 1095 3925 Linguae.
1135 3854 1508 3919 balbutientes,
1540 3868 1657 3922 quae
1692 3856 1823 3908 nihil
1863 3857 2040 3921 clare,
2068 3857 2201 3911 nihil

645 3964 771 4003 vere
821 3947 964 4015 loqui
1018 3954 1288 4015 poterant,
1346 3945 1409 3998 ad
1444 3954 1688 3999 naturam
1724 3935 2196 4015 regressae'suam,

640 4037 946 4091 clarissime
972 4035 1277 4104 loquentur,
1319 4034 1467 4103 pacis
1506 4049 1788 4091 sermones
1833 4034 2075 4100 edocue;
2109 4044 2197 4088 ut-

646 4138 773 4197 pote
805 4141 927 4194 quze
966 4134 1019 4179 et
1049 4125 1189 4179 bello
1224 4124 1408 4179 liberae
1428 4164 1442 4189 ,
1469 4135 1524 4179 et
1550 4140 1733 4194 pacem
1774 4139 1897 4179 cum
1938 4123 2046 4179 Deo
2078 4140 2199 4179 am-

646 4218 816 4287 plexae
841 4218 965 4271 sint.
2004 4206 2009 4211 ’

1219 4306 1445 4362 CAPUT
1478 4306 1642 4361 XXX.

718 4402 878 4462 Vens.
912 4401 1025 4455 1-5.
1063 4400 1170 4466 Vae,
1212 4401 1301 4454 ﬁlii
1340 4402 1681 4463 desertores,
1732 4400 1861 4454 dicit
1920 4401 2194 4459 Dominus.

638 4494 849 4549 iniistis
880 4492 1184 4555 consilium,
1214 4506 1315 4545 non
1347 4506 1440 4560 per
1464 4507 1548 4545 me
1590 4509 1605 4557 ;
1640 4500 1692 4544 et
1731 4501 1884 4559 pacta
1911 4532 1925 4555 ,
1972 4508 2076 4547 non
2104 4509 2201 4562 per

2311 2050 2459 2085 σουσι
2484 2032 2545 2083 τὸ
2574 2031 2745 2102 ὅνομά
2778 2050 2901 2101 μου,
2932 2033 3025 2085 καὶ
3053 2032 3338 2099 ἀγιάσουσι
3353 2033 3443 2085 τὸν
3459 2033 3645 2099 Ἂγιον
3668 2031 3886 2096 Ἰακὼϐ,

2308 2123 2517 2177 καὶτὸν
2540 2123 2672 2175 Θεὸν
2727 2123 2819 2176 τοῦ
2865 2123 3076 2195 Ἰσραὴλ
3126 2124 3542 2194 φοϐηθήσονται.
3565 2143 3583 2174 ι
3628 2123 3804 2195 Ὑμᾶς
3833 2124 3889 2177 δὲ

2308 2217 2468 2282 λέγω,
2500 2217 2590 2268 τὸν
2648 2216 2981 2287 καλούμενον
3032 2214 3176 2269 οἷκον
3217 2216 3429 2283 Ἰακὼϐ,
3480 2216 3537 2269 ὃν
3588 2218 3688 2269 οὐκ
3739 2218 3891 2283 ἄξιον

2307 2309 2434 2361 ὄντα
2476 2308 2570 2359 τοῦ
2618 2306 2896 2375 θεοφιλοῦς
2939 2309 3145 2360 ἐκείνου
3188 2308 3437 2378 ’Λϐραάμ
3492 2308 3757 2377 ἀφώρισε,
3795 2310 3889 2363 καὶ

2306 2398 2743 2469 ἀπηλλοτρίωσεν
2774 2400 2971 2461 αὐτοὺς
3004 2401 3032 2450 6
3061 2397 3210 2462 Θεὸς,
3238 2399 3327 2451 διὰ
3368 2400 3426 2451 τὸ
3462 2399 3536 2470 μὴ
3562 2402 3674 2462 τοῖς
3707 2400 3890 2471 ἔργοις

2306 2489 2486 2555 ἀξίους
2517 2490 2610 2541 τοῦ
2650 2490 2895 2560 Ἀϐραὰμ
2918 2490 3256 2559 καταστῆσαι
3287 2490 3531 2554 ἑαυτούς.
3564 2490 3645 2543 Τὰ
3666 2492 3775 2563 γὰρ
3802 2493 3889 2545 τὲ-

2306 2599 2409 2633 κνα
2433 2579 2527 2633 τοῦ
2566 2580 2815 2651 Ἀϐραὰμ
2843 2581 2931 2634 διὰ
2964 2582 3071 2634 τῶν
3100 2582 3272 2653 ἔργων
3308 2585 3644 2653 γνωρίζεται,
3678 2584 3755 2646 ὼς
3784 2585 3893 2639 ιδι-

2304 2673 2459 2736 δαξεν
2489 2676 2515 2725 6
2546 2672 2732 2743 Σωτὴρ
2767 2672 2964 2725 εἰπών·
3017 2694 3033 2724 ‹
3060 2674 3123 2727 Εἰ
3159 2674 3322 2727 τέκνα
3354 2675 3449 2727 τοῦ
3493 2676 3742 2747 Ἀϐραὰμ
3768 2672 3887 2749 ἦτε,

2303 2764 2371 2816 τὰ
2399 2763 2533 2835 ἔργα
2563 2766 2656 2817 τοῦ
2704 2765 2953 2834 ’Λϐραάμ
2985 2766 3236 2821 Ξποιεῖτε.
3268 2787 3286 2819 ι
3323 2768 3417 2831 Τίς
3457 2769 3498 2821 δ’
3523 2770 3589 2822 ἂν
3616 2770 3701 2841 εἴη
3738 2765 3890 2835 οὗτος

2304 2861 2331 2909 6
2356 2859 2563 2928 καιρὸς,
2595 2858 2626 2926 ἢ
2662 2859 2803 2928 ὁτῆς
2834 2858 3111 2921 ἐκϐάσεως
3137 2858 3243 2911 τῶν
3274 2858 3420 2927 ἐμῶν
3446 2858 3637 2927 λόγων,
3678 2862 3801 2913 καθ’
3833 2862 3891 2915 ὃν

2304 2950 2373 3002 τά
2399 2950 2562 3002 τέκνα
2590 2948 2659 3002 τὰ
2692 2949 2933 3019 ὑμέτερα
2972 2950 3094 3012 τοὺς
3118 2950 3418 3018 ἀλλογενεῖς
3459 2952 3553 3005 καὶ
3582 2951 3891 3021 ἀλλοτρίους

2304 3041 2397 3093 τοῦ
2430 3041 2698 3111 ἡμετέρου
2727 3040 2917 3108 γένους
2946 3041 3165 3110 ὄψονται
3195 3040 3511 3107 δοξάζοντας
3537 3045 3594 3095 τὸ
3623 3046 3757 3115 ἐμὸν
3777 3046 3892 3100 ὅνο-

2310 3148 2422 3201 μα;
2456 3132 2591 3184 Τότε
2618 3132 2725 3203 γάρ
2756 3129 2897 3184 αύτά
2926 3131 2993 3184 τὰ
3022 3133 3266 3202 ὑμέτερα
3294 3135 3456 3186 τέκνα
3486 3136 3890 3206 καταισχυνθή-

2308 3240 2459 3278 σεται
2489 3225 2582 3276 καὶ
2622 3224 3068 3297 διατραπήσεται,
3110 3226 3321 3295 ὁρῶντα
3365 3230 3426 3281 τὸ
3456 3230 3759 3300 παράδοξον
3792 3232 3890 3301 τῆς

2306 3314 2411 3367 τῶν
2438 3316 2603 3370 ἐθνῶν
2641 3318 2961 3388 μεταϐολῆς,
2992 3318 3084 3370 καὶ
3111 3319 3185 3381 ὡς
3211 3320 3491 3389 ἀλλόφυλοί
3526 3340 3665 3386 τινες
3700 3324 3893 3394 ἀνδρες

2313 3404 2403 3455 τὸν
2423 3405 2608 3472 ’Ἃγιον
2624 3406 2716 3459 τοῦ
2753 3408 2964 3479 Ἰσραὴλ
2995 3410 3088 3463 καὶ
3116 3410 3204 3461 τὸν
3233 3411 3362 3464 Θεὸν
3379 3412 3470 3465 τοῦ
3511 3412 3701 3465 Ἰακὼϐ
3734 3416 3891 3483 ἀγιάο

2305 3494 2471 3559 ζουσι,
2490 3499 2582 3549 καὶ
2604 3498 2764 3566 φόϐον
2777 3499 3129 3553 ἀναλάϐονται
3148 3502 3259 3573 (57)
3277 3502 3370 3555 τοῦ
3387 3504 3478 3556 ἐπὶ
3498 3504 3713 3557 πάντων
3729 3502 3887 3562 Θεοῦ.

2379 3606 2397 3638 ι
2424 3590 2532 3641 Καὶ
2563 3590 2858 3657 γνώσονται
2884 3594 2932 3643 οἱ
2972 3593 3315 3664 πλανώμενοι
3339 3596 3415 3666 τῷ
3444 3597 3713 3667 πνεύματι
3774 3599 3893 3653 σύν-

2303 3696 2418 3732 εσιν
2440 3698 2452 3710 ·
2500 3684 2550 3733 οἱ
2579 3684 2636 3735 δὲ
2662 3685 3021 3752 γογγύζοντες
3054 3687 3385 3759 μαθήσονται
3442 3691 3757 3755 ὑπακούειν,
3792 3694 3891 3747 καὶ

2302 3775 2358 3823 αί
2399 3772 2637 3841 γλῶσσαι
2674 3778 2729 3828 αἱ
2761 3777 3101 3845 ψελλίζουσαι
3154 3780 3488 3853 μαθήσονται
3529 3783 3711 3838 λαλεῖν
3737 3787 3893 3857 εἰρή-

2303 3881 2419 3933 νην.
2448 3884 2464 3914 ι
2515 3869 2577 3919 Αἱ
2610 3868 2853 3935 γλῶσσαι
2887 3872 2944 3922 αἱ
2981 3869 3325 3939 ψελλίξουσαι
3356 3874 3450 3928 καὶ
3494 3876 3657 3951 μηδὲν
3688 3879 3891 3948 τρανὸν

2307 3956 2439 4025 μηδὲ
2469 3958 2667 4029 ἀληθὲς
2696 3961 2872 4015 λαλεῖν
2903 3962 3215 4033 δυνάμεναι,
3258 3968 3339 4028 εἰς
3359 3967 3419 4019 τὸ
3446 3957 3585 4021 κατά
3611 3968 3773 4038 φύσιν
3795 3970 3887 4022 ἐλ-

2304 4045 2516 4114 θοῦσαι,
2556 4053 2873 4123 τρανώτατα
2900 4054 3211 4123 λαλήσουσι,
3256 4056 3521 4125 μαθοῦσαι
3554 4062 3775 4131 εἰρήνης
3800 4062 3891 4115 λό⁴

2302 4152 2451 4203 γους,
2476 4141 2553 4205 ὡς
2593 4142 2657 4197 ἂν
2695 4145 2891 4208 παντὸς
2925 4146 3337 4218 ἀπηλλαγμέναι
3377 4150 3634 4221 πολέμου,
3667 4154 3761 4206 καὶ
3787 4168 3888 4225 την

2304 4229 2440 4298 πρὸς
2472 4231 2605 4287 Θεὸν
2634 4236 2855 4308 εἰρήνην
2880 4236 3289 4308 ἀσπασάμεναι.

2834 4329 3230 4384 ΚΕΦΑΛΑΙΟΝ
3258 4333 3336 4384 Δ’.

2376 4435 2393 4467 ι
2416 4418 2551 4471 Οὐαὶ
2575 4418 2741 4471 τέκνα
2768 4418 3089 4483 ἀποστάται,
3114 4420 3263 4489 λέγει
3292 4422 3511 4493 Κύριος.
3558 4424 3885 4497 Ἐποιήσατε

2303 4510 2511 4581 βουλὴν,
2538 4512 2598 4563 ού
2620 4512 2685 4565 δι’
2712 4512 2867 4581 ἐμοῦ,
2897 4514 2989 4566 καὶ
3021 4513 3311 4584 συνθήκας,
3340 4515 3400 4567 οὐ
3420 4515 3507 4567 διά
3524 4514 3616 4568 τοῦ
3643 4516 3888 4589 πνεύμαρ

642 4586 891 4655 spiritum
917 4597 1125 4645 meum;
1152 4588 1208 4633 ut
1242 4580 1511 4634 adderetis
1537 4589 1755 4647 peccata
1788 4583 2024 4648 peccatis
2066 4599 2079 4635 :
2108 4582 2198 4651 qui

2308 4603 2391 4665 τός
2423 4620 2544 4672 μου,
2566 4580 2881 4674 προσθεῖναι
2922 4580 3198 4677 ἁμαρτίας
3251 4606 3334 4673 ἐφ’
3372 4605 3664 4675 ἁμαρτίας,
3699 4610 3747 4660 οἱ

644 4678 849 4731 vadunt
906 4685 961 4727 et
1032 4673 1363 4726 descendunt
1423 4671 1477 4725 in
1529 4670 1851 4740 Egyptum,
1892 4687 1977 4725 me
2024 4684 2199 4728 autem

646 4784 750 4825 non
779 4769 1201 4835 interrogarunt,
1225 4773 1283 4816 ut
1309 4764 1561 4817 auxilium
1587 4764 1821 4817 habeant
1846 4779 1873 4816 a
1897 4762 2197 4831 Pharaone,

645 4872 702 4918 et
742 4867 1087 4931 protegantur
1120 4858 1187 4911 ab
1230 4854 1518 4927 Egyptiis.
1550 4857 1667 4911 Erit
1716 4857 1861 4911 enim
1896 4858 2050 4913 vobis
2078 4874 2201 4927 pro-

645 4958 809 5011 tectio
843 4954 1140 5008 Pharaonis
1172 4954 1225 5005 in
1273 4952 1663 5015 confusionem,
1698 4963 1752 5007 et
1801 4954 1866 5008 iis
1893 4954 1984 5023 qui
2033 4955 2201 5008 confl-

645 5052 780 5103 dunt
823 5048 877 5102 in
932 5044 1585 5116 Egypto,"opprobrium
1618 5062 1631 5095 :
1663 5046 1918 5113 quoniam
1968 5057 2097 5101 sunt
2148 5048 2200 5100 in

646 5139 778 5192 Tani
800 5138 1086 5207 principes,
1109 5137 1279 5207 angeli
1304 5136 1450 5193 mali.
1478 5137 1694 5191 Frustra
1719 5138 2041 5193 laborabunt
2063 5141 2200 5209 apud

644 5232 923 5300 populum,
949 5229 1038 5297 qui
1065 5229 1142 5283 eis
1175 5244 1277 5282 non
1306 5229 1545 5297 proderit
1572 5231 1637 5283 ad
1669 5231 1927 5284 auxilium
1954 5272 1968 5295 ,
2014 5232 2107 5285 sed
2133 5232 2198 5283 ad

649 5320 1015 5375 confusionem
1036 5320 1478 5388 etopprubrium.
1513 5338 1531 5371 ι
1568 5324 1762 5388 Aperte
1789 5321 2050 5383 declarat,
2077 5332 2203 5376 tunc

648 5410 922 5463 daemonas
962 5407 1019 5462 in
1066 5409 1299 5478 IEgypto
1342 5409 1527 5472 fuisse,
1579 5423 1715 5477 quos
1759 5412 1982 5482 angelos
2031 5413 2202 5466 malos

648 5506 951 5565 nuncupat,
984 5496 1074 5565 qui
1102 5497 1269 5550 multa
1316 5499 1680 5565 operabantur
1740 5500 1791 5555 in
1838 5500 1930 5555 illa
1980 5500 2201 5572 Egypti

648 5589 861 5643 civitate
903 5605 1021 5659 quae
1059 5590 1257 5644 dicitur
1278 5590 1443 5646 Tanis
1467 5632 1482 5657 ,
1515 5592 1602 5647 ubi
1636 5593 1725 5647 illo
1772 5602 2009 5663 tempore
2052 5597 2198 5665 regia

715 5705 757 5734 ’⁷
781 5704 935 5758 Joan.
961 5722 1077 5771 vnt,
1101 5707 1187 5760 50.

716 5798 824 5875 (ξς)
865 5800 1071 5875 hlallcm
1103 5802 1279 5875 legere
1304 5804 1760 5875 ἀποστρέψοντας.
1790 5808 1945 5863 Ευιτ.

2310 4694 2585 4764 ρευόμενοι
2628 4696 2931 4767 καταϐῆναι
2980 4700 3058 4760 εἰς
3090 4698 3381 4765 Αἴγυπτον.
3421 4700 3519 4770 ἐμὲ
3549 4699 3607 4752 δὲ
3650 4700 3752 4753 οὐκ
3784 4701 3887 4754 £1:-

2307 4783 2614 4855 ηρώτησαν,
2656 4786 2749 4839 τοῦ
2782 4785 3037 4857 βοηθῆναι
3064 4788 3167 4840 ὑπὸ
3210 4786 3427 4858 Φαραὼ,
3454 4788 3545 4841 καὶ
3567 4789 3885 4860 σκεπασθῆ-

2308 4892 2393 4928 ναι
2444 4877 2547 4928 ὑπὸ
2572 4878 2901 4944 Αἰγυπτίων.
2950 4878 3139 4931 Ἔσται
3169 4878 3276 4949 γὰρ
3315 4879 3441 4949 ύμῖν
3469 4878 3642 4949 σκέπη
3681 4880 3885 4953 Φαραὼ

2310 4968 2385 5029 εἰς
2417 4968 2697 5039 αίσχύνην,
2733 4971 2826 5022 καὶ
2858 4972 2968 5033 τοῖς
3006 4968 3313 5023 πεποιθόσιν
3339 4973 3425 5023 ἐπ’
3449 4970 3724 5037 Αἴγυπτον
3750 4973 3884 5026 ὄνει-

2308 5054 2426 5117 δος·
2468 5058 2549 5109 ὅτι
2606 5059 2743 5110 εἰσιν
2776 5061 2833 5111 ἐν
2864 5059 3023 5113 Τάνει
3055 5059 3304 5129 ἀρχηγοὶ,
3360 5059 3578 5128 ἄγγελοι
3627 5061 3877 5134 πονηροί,

2308 5145 2497 5215 Μάτην
2523 5148 2843 5201 κοπιάσουσι
2868 5149 3001 5220 πρὸς
3027 5150 3173 5211 λαὸν,
3199 5150 3370 5217 ὃςοὺκ
3392 5148 3660 5220 ὠφελήσει
3683 5151 3885 5214 αὐτοὺς

2306 5236 2386 5297 εἰς
2418 5235 2688 5308 βοήθειαν,
2719 5239 2853 5291 ἀλλά
2877 5242 2954 5304 εἰς
2981 5242 3239 5312 αἰσχύνην
3268 5244 3358 5295 καὶ
3387 5242 3603 5306 ὄνειδος.
3631 5263 3651 5295 ι
3685 5244 3883 5314 Σαφῶς

2309 5332 2548 5399 παριστᾷ
2576 5332 2853 5398 γεγονέναι
2889 5334 3009 5386 τότε
3060 5334 3189 5405 παρ’
3232 5335 3550 5402 Αἰγυπτίοις
3582 5335 3880 5406 δαίμονας,

2307 5418 2567 5486 ἀγγέλους
2594 5425 2858 5494 πονηροὺς
2880 5424 3131 5496 ὀνομάζει
3156 5427 3371 5493 αὐτοὺς,
3400 5428 3448 5480 οἳ
3472 5427 3707 5497 μάλιστα
3729 5432 3883 5502 ἑνήρ-

2308 5524 2433 5575 γουν
2457 5512 2524 5566 τὰ
2556 5515 2722 5569 πολλά
2747 5519 2804 5569 ὲν
2842 5520 2906 5587 τῇ
2934 5518 3239 5590 καλουμένῃ
3272 5518 3424 5573 πόλει
3460 5520 3558 5591 τῆς
3595 5520 3881 5591 Αἰγύπτου

2307 5600 2487 5668 Τάνει,
2510 5606 2638 5660 ἔνθα
2650 5608 2709 5660 τὸ
2725 5608 2990 5677 βασίλειον
3005 5610 3097 5665 τοῦ
3117 5610 3314 5681 Φαραὼ
3336 5612 3456 5665 κατ’
3471 5612 3652 5665 ἐκεῖνο
3671 5613 3881 5686 ἵδρυτο.

714 5870 824 5938 (57)
872 5870 978 5924 Vox
1034 5870 1383 5927 ἀναλάϐονται
1425 5870 1605 5933 merus
1659 5870 1741 5935 est
1779 5877 2176 5947 barbarismus,

2318 5894 2376 5937 us
2407 5880 2522 5938 loco
2558 5881 2835 5952 legendum
2877 5886 3369 5958 ἀναλαμϐάνονται.
3414 5884 3577 5945 Eutr.
