4100 6416
221 431 332 489 505
896 482 906 490 ,
1181 430 1694 488 COMMENTARIA
1735 430 1800 484 IN
1842 429 2100 486 ISAIAM.
2141 461 2210 474 -—-
2247 429 2402 486 CAP.
2447 429 2609 486 XXX.
3421 437 3528 491 506

225 551 373 621 Πλὴν
409 552 562 607 ἀλλά
605 555 700 606 καὶ
728 545 897 618 οῦτιῗί,
931 549 1123 620 φησὶν,
1177 549 1235 603 οί
1271 551 1332 603 ἐν
1394 551 1557 604 Τάνει
1592 552 1810 621 ἀρχηγοῖ

1915 590 1926 610 ,
1951 548 2253 603 Pharaoiiis
2284 558 2424 605 erat.
2448 548 2720 603 (laterum
2749 549 2804 602 hi
2834 563 3082 619 quoque,
3116 545 3192 603 ait
3211 589 3226 615 ,
3251 549 3525 622 principes

222 649 452 715 ἄγγελοι
515 649 749 718 πονηροὶ
775 645 925 700 οὐδὲν
952 644 1340 714 ὠφελήσουσιν
1366 647 1446 707 είς
1484 645 1544 696 τὸ
1572 644 1810 714 ὲπαμῦνε

1953 635 2164 692 Taneos
2185 679 2200 703 ,
2227 639 2405 707 angeli
2434 637 2595 704 mali,
2625 638 2758 692 nihil
2780 639 3046 707 juvabunt
3075 653 3203 703 eos,
3231 640 3325 709 qui
3363 643 3430 694 ad
3465 657 3525 696 se

222 740 336 806 τοῖς
374 737 802 811 προσφυγοῦσιν
827 737 1026 801 αὐτοῖς,
1059 735 1154 796 καὶ
1172 734 1276 806 τὴν
1299 732 1363 798 ἐξ
1384 734 1564 786 αὐτῶν
1599 733 1810 805 βοήθεια

1949 729 2294 799 confugient,
2317 740 2373 784 et
2399 745 2555 799 Opem
2582 731 2821 799 ipsorum
2855 729 3243 798 implorabunt.
3275 731 3429 797 Quod
3462 745 3523 786 re

223 832 769 902 ἀνακαλεσαμένοις.
817 829 926 882 Καὶ
952 830 1140 892 αὐτοῖς
1172 827 1362 899 ἔργοις
1402 827 1704 898 ἐπληροῦτο
1724 826 1810 879 καί

1948 823 2062 890 ipsa
2097 832 2223 876 tunc
2264 822 2542 890 impletum
2585 831 2714 885 est,
2767 837 2891 877 cum
2934 835 3029 875 rex
3076 821 3520 893 Babyloniorum.

220 923 279 976 ὃν
328 924 535 995 χρόνον
582 924 615 985 ὁ
660 922 764 975 τῶν
814 920 1174 976 Βαϐυλωνίων
1211 919 1492 990 βασιλεὺς,
1536 919 1810 989 ὑποχείρια

1947 914 2179 984 Εεγριο
2214 923 2368 982 capta
2393 954 2409 979 ,
2444 929 2551 968 non
2588 923 2796 967 tantum
2845 912 3167 985 Egyptios,
3210 914 3304 970 sed
3331 915 3520 983 [etiam

223 1015 613 1086 ποιησάμενος
668 1013 764 1084 τὴν
795 1011 1089 1081 Αἴγυπτον,
1138 1010 1204 1063 ού
1243 1010 1439 1081 μόνους
1494 1009 1810 1078 Αἰγυπτίους

1944 1005 2200 1076 profugos
2227 1005 2441 1061 Judzeos
2479 1021 2586 1060 una
2616 1006 2897 1062 debellans
2919 1046 2936 1070 ,
2979 1007 3224 1077 captivos
3268 1007 3516 1063 abduxit.

219 1107 357 1163 ἀλλά
384 1105 630 1160 καὶτῶν
663 1105 925 1159 Ἰουδαίων
946 1104 1074 1167 τοὺς
1104 1102 1432 1174 πρόσφυγας
1458 1101 1656 1166 αὐτοὺς
1685 1119 1810 1170 γενο

1946 1096 2095 1152 Tunc
2123 1098 2265 1153 enim
2297 1097 2602 1154 Judaaorum
2632 1114 2758 1166 spes
2795 1096 2850 1152 in
2872 1096 3222 1182 Pharaonem
3253 1112 3408 1155 versa
3437 1105 3522 1154 est

223 1201 441 1269 μένους,
472 1198 739 1270 πολεμῶν
763 1197 898 1269 ὁμοῦ
935 1195 1454 1267 ἐξηνδραποδίσατο.
1484 1195 1556 1248 Τὸ
1585 1193 1810 1264 τηνικαῦ

1945 1189 2056 1246 illis
2083 1191 2135 1244 in
2168 1191 2539 1248 confusionem
2569 1202 2624 1248 et
2655 1193 2706 1247 in
2734 1191 3106 1264 opprobrium.

219 1309 285 1345 τα
311 1294 424 1364 γάρ
454 1294 489 1362 ή
523 1293 624 1346 ἐπὶ
657 1290 855 1360 Φαραὼ
884 1289 988 1343 τῶν
1036 1288 1312 1342 Ἰουδαίων
1349 1289 1505 1352 ὲλπὶς
1544 1289 1623 1350 είς
1646 1286 1838 1358 αίσχύ-

219 1403 316 1456 νην
347 1384 446 1438 καὶ
473 1383 685 1446 ὄνειδος
708 1383 891 1443 αὐτοῖς
924 1379 1298 1451 περιετράπη.

294 1477 405 1533 «Ἡ
436 1477 644 1547 ὅρασις
697 1473 805 1526 τῶν
833 1470 1179 1542 τετραπόδων
1232 1469 1341 1522 τῶν
1397 1470 1457 1522 ὲν
1505 1471 1570 1539 τῇ
1621 1471 1810 1540 ἐρήμῳ

2016 1462 2175 1517 Vsus.
2242 1462 2297 1518 ϐ.
2368 1482 2387 1514 ι
2460 1463 2612 1520 Visio
2677 1464 3084 1534 quadrupedum
3154 1465 3208 1518 in
3275 1465 3514 1520 deserto.

219 1567 574 1638 (Σύμμαχος,
593 1563 806 1633 Λῆμμα
834 1560 1071 1629 κτηνῶν
1095 1562 1338 1628 Νότου.)
1357 1561 1443 1636 Ἐν
1470 1562 1534 1631 τῇ
1557 1559 1810 1629 θλίψεικα

1940 1551 2372 1622 (Symmachus,
2422 1554 2724 1624 Assumptio
2773 1556 3137 1625 jumentorum
3172 1554 3424 1624 Austri.)
3457 1554 3515 1610 In

217 1663 282 1731 τῇ
319 1657 668 1728 στενοχωρίᾳ
696 1655 830 1708 λέων
856 1655 948 1708 καὶ
980 1653 1225 1722 σκύμνος
1249 1652 1482 1715 λέοντος,
1511 1652 1719 1706 ἐκεῖθεν
1744 1670 1810 1706 κα

1941 1645 2292 1702 tribulatione
2326 1655 2381 1703 et
2415 1647 2664 1717 angustia
2690 1647 2795 1714 leo,
2837 1657 2893 1702 et
2916 1647 3134 1704 catulus
3161 1647 3353 1712 leonis,
3390 1649 3518 1705 inde

217 1751 450 1813 ἀσπίδες
477 1751 579 1803 καὶ
605 1749 801 1817 ἔκγονα
826 1747 1068 1801 ἀσπίδων
1098 1745 1429 1814 πετομένων,
1454 1745 1504 1796 οῖ
1528 1745 1719 1814 ἔφερον
1744 1745 1810 1795 ὲπ

1937 1749 1990 1795 et
2041 1739 2295 1808 aspides,
2329 1749 2384 1794 et
2425 1741 2713 1810 progenies
2755 1741 3004 1810 aspidum
3047 1741 3376 1810 volantium,
3421 1745 3513 1813 qui

216 1846 353 1898 ὄνων
385 1845 486 1896 καὶ
526 1842 794 1913 καμήλων
825 1842 916 1893 τὸν
941 1837 1170 1892 πλοῦτον
1216 1838 1394 1891 αὐτῶν
1426 1838 1560 1908 πρὸς
1595 1837 1766 1902 ἔθνος,
1807 1861 1810 1883 ι

1939 1831 2186 1886 ferebant
2227 1846 2388 1900 super
2420 1833 2608 1887 asinos
2633 1841 2690 1887 et
2723 1832 2965 1888 camelos
3015 1833 3239 1889 divitias
3279 1850 3406 1890 suas
3444 1836 3513 1890 ad

215 1935 315 1988 οὐκ
344 1893 636 2004 ὠφελήσεὶ
695 1930 890 1992 αὐτούς
911 1947 922 1958 ·
949 1948 968 1980 ›
1002 1927 1093 1981 διά
1135 1928 1196 1979 τὸ
1222 1928 1428 1999 ἔρημον
1481 1923 1618 1980 εἶναι
1651 1929 1810 1979 πᾶσαε

1937 1932 2149 1992 gentem
2180 1893 2307 1992 quas
2337 1921 2446 1977 illis
2478 1937 2583 1976 non
2622 1923 2883 1994 proderit.
2924 1942 2945 1977 ι
2995 1923 3131 1991 Quia
3165 1923 3375 1979 scilicet
3399 1935 3512 1979 tota

216 2017 375 2093 Θεοῦ,
417 2024 820 2095 πεπληρῶσθαι
848 2023 904 2075 δὲ
939 2020 1282 2092 τετραπόδων
1327 2021 1436 2074 τῶν
1486 2020 1616 2091 παρ’
1647 2021 1810 2074 αὐτοῖς

1937 2017 2048 2071 Deo
2073 2031 2242 2069 vacua
2273 2026 2412 2080 erat,
2448 2016 2762 2086 repletaque
2792 2017 3250 2086 quadrupedibus,
3281 2031 3422 2087 quos
3454 2025 3513 2070 ut

216 2118 687 2188 θεοτεοιουμὲνων,
720 2115 942 2170 καὶτῶν
969 2115 1098 2184 παρ’
1116 2114 1296 2176 αὐτοῖς
1321 2113 1689 2183 ἐνεργούντων
1715 2112 1810 2166 δαι·

1934 2104 2064 2158 deos
2096 2103 2370 2169 colebant,
2407 2119 2616 2159 necnon
2660 2104 2996 2160 damonibus
3039 2118 3209 2174 penes
3251 2105 3400 2176 ipsos
3428 2107 3512 2160 vi-

219 2212 422 2280 μόνων.
470 2209 633 2279 Αὕτη
690 2209 866 2262 τοίνυν
902 2210 934 2277 η
969 2209 1158 2277 ὅρασις
1196 2205 1304 2258 τῶν
1332 2205 1675 2276 τετραπόδων
1720 2207 1810 2259 τῶι

1934 2194 2210 2265 gentibus.
2273 2194 2398 2249 Haec
2443 2194 2610 2264 igitur
2662 2195 2940 2265 prophetae
2998 2194 3182 2252 oblata
3237 2207 3321 2252 est
3375 2199 3511 2253 visio

215 2306 274 2357 ὲν
301 2307 371 2374 τῇ
406 2301 736 2371 Αἰγυπτίων
769 2302 974 2371 ἐρημίᾳ
1011 2298 1295 2369 ὲθεωρεῖτο
1317 2299 1394 2368 τῷ
1429 2300 1707 2370 προφήτῃ,
1733 2300 1827 2352 καὶ

217 2394 441 2457 τούτοις
481 2394 536 2445 οἱ
564 2392 880 2462 πρόσφυγες
918 2389 1026 2443 τῶν
1068 2387 1336 2441 Ἰουδαίων
1365 2388 1694 2458 ὲπεκόμιζον
1735 2389 1824 2442 τὸν

215 2485 434 2540 ἑαυτῶν
470 2483 710 2537 πλοῦτον
729 2501 742 2513 ο
783 2483 850 2536 τὰ
878 2484 987 2554 γὰρ
1020 2484 1243 2552 ταμιεῖα
1273 2482 1373 2550 τῆς
1415 2482 1621 2534 ἑαυτῶν
1647 2482 1824 2553 ψυχῆς

214 2579 279 2647 τῇ
314 2578 678 2646 Δίγυπτιακῇ
710 2575 1017 2646 παρέδοσαν
1050 2573 1243 2646 πλάνῃ.

289 2666 642 2733 «Αίγύπτιοι
686 2667 892 2734 μάταια
935 2667 1028 2718 καὶ
1072 2664 1206 2717 κενά
1251 2664 1623 2733 ὠφελήσουσιν
1655 2667 1817 2735 ὑμᾶς.

227 2756 598 2825 Ἀπάγγειλον
625 2757 827 2822 αὐτοῖς,
855 2758 959 2820 ὅτι,
991 2755 1257 2825 Ματαίαή
1289 2757 1634 2828 παράκλησις
1667 2759 1694 2810 ύ
1705 2759 1820 2828 μῶν

214 2845 375 2919 αῦτη.
405 2848 527 2901 Νῦν
551 2843 646 2901 οὖν
673 2847 900 2910 καθίσας
929 2848 1138 2919 γράψον
1169 2849 1261 2900 ἐπὶ
1289 2849 1478 2915 πυξίου
1512 2849 1701 2914 ταῦτα,
1728 2853 1820 2904 καὶ

217 2940 294 3001 είς
319 2938 557 3007 βιϐλίον,
594 2939 677 2990 ὅτι
731 2939 883 2990 ἔσται
915 2941 995 3001 είς
1043 2940 1257 3010 ἡμέρας
1290 2940 1465 2994 ταῦτα
1495 2942 1694 3012 καιρῷ,
1727 2945 1820 2996 καὶ

216 3027 319 3090 ἕως
344 3030 440 3082 τὸν
473 3029 689 3082 αίῶναο
727 3030 810 3081 ὅτι
843 3032 871 3082 ὁ
920 3028 1046 3092 λαὸς
1081 3031 1312 3102 ἀπειθής
1354 3033 1518 3096 ἐστιν,
1552 3035 1657 3086 υἱοὶ
1691 3035 1818 3103 geu-

215 3119 342 3188 δεῖς,
370 3122 421 3173 οἶ
461 3122 569 3175 ούκ
608 3120 894 3189 ἠόούλοντο
921 3122 1139 3175 ἀκούειν
1173 3124 1262 3176 τὸν
1295 3125 1455 3195 νόμον
1480 3127 1574 3179 τοῦ
1599 3126 1734 3179 Θεοῦ
1756 3145 1767 3155 ο
1794 3145 1810 3177 ι

1945 2287 2393 2358 quadrupedum,
2447 2288 2500 2342 in
2546 2286 2922 2358 Egyptiorum
2971 2289 3265 2345 solitudine
3297 2305 3511 2345 moran-

1934 2384 2093 2448 tium,
2121 2383 2279 2450 queis
2307 2381 2517 2452 profugi
2548 2380 2857 2438 Iudaeorum
2906 2397 3037 2452 opes
3085 2398 3212 2437 suas
3260 2383 3506 2454 deporta-

1930 2474 2063 2528 bant
2091 2493 2106 2528 :
2137 2489 2261 2528 nam
2287 2474 2481 2528 animze
2531 2489 2644 2528 suae
2681 2475 2941 2544 penuaria
2973 2473 3297 2545 Egyptiaco
3329 2477 3505 2532 errori

1928 2567 2274 2623 dediderant.

2000 2658 2166 2712 Vens.
2201 2659 2320 2714 7-9.
2359 2677 2377 2712 ι
2418 2657 2658 2730 Egyptli
2690 2658 2888 2714 frustra
2922 2669 2977 2716 et
3013 2661 3245 2716 inaniter
3271 2662 3504 2717 auxilia-

1928 2751 2128 2806 buntur
2161 2753 2331 2806 vobis.
2380 2751 2654 2805 Annuntia
2681 2753 2758 2807 eis
2785 2792 2800 2816 ,
2824 2754 2969 2821 quia,
3003 2750 3149 2807 Vana
3197 2762 3281 2809 est
3310 2769 3505 2809 conso-

1926 2845 2056 2899 latio
2083 2854 2260 2900 vestra
2285 2846 2418 2900 haec.
2454 2844 2608 2899 Nunc
2642 2845 2806 2916 igitur
2830 2846 3029 2901 sedens
3068 2847 3244 2902 scribe
3279 2846 3332 2901 in
3361 2848 3503 2902 buxo

1927 2936 2062 2998 hare,
2091 2946 2146 2990 et
2180 2937 2234 2990 in
2271 2937 2431 3003 libro,
2469 2938 2596 3008 quia
2620 2946 2778 2992 erunt
2815 2937 2868 2990 in
2905 2938 3021 2992 dies
3069 2939 3183 2992 haec
3236 2948 3500 3008 tempore,

1924 3038 1979 3082 et
2011 3043 2184 3097 usque
2226 3029 2279 3082 in
2331 3030 2591 3083 saaculum
2642 3045 2655 3082 :
2691 3032 2815 3098 quia
2845 3029 3074 3099 p0pulus
3122 3031 3503 3100 itnmorigerus

1922 3132 2030 3187 est,
2065 3122 2159 3176 lilii
2215 3123 2542 3185 mendaces,
2577 3122 2668 3191 qui
2729 3123 3018 3177 noluerunt
3079 3124 3269 3178 audire
3328 3123 3502 3194 legem

215 3213 315 3281 τῆς
372 3213 609 3281 ἀλογίας
648 3214 740 3266 καὶ
792 3213 1102 3284 ἀφροσύνης
1143 3216 1321 3268 αὐτῶν
1368 3217 1513 3272 οὕτω
1560 3237 1676 3282 πως
1721 3221 1810 3291 δη-

1926 3216 2041 3270 Dei.
2084 3235 2101 3267 ι
2145 3214 2237 3269 Sic
2289 3229 2477 3270 eorum
2526 3216 2750 3270 Stultitia
2809 3227 2864 3270 et
2927 3216 3135 3276 insania
3192 3227 3499 3271 enarratur.

217 3303 508 3376 λουμένης.
575 3303 714 3358 Οὔτε
765 3306 873 3378 γάρ
919 3309 966 3359 οἱ
1021 3307 1272 3377 αίσθητοὶ
1333 3310 1643 3380 Αίγύπτιοι,
1695 3313 1810 3368 οὔτε

1921 3306 2106 3376 Neque
2140 3307 2282 3363 enim
2335 3306 2564 3362 sensiles
2612 3307 2690 3361 illi
2733 3305 2973 3377 Egyptii
3000 3348 3016 3372 ,
3060 3321 3234 3376 neque
3281 3307 3376 3371 illi,
3409 3308 3501 3376 qui

212 3396 259 3446 οί
311 3396 531 3450 τούτων
571 3396 913 3467 νομιζόμενοι
949 3399 1084 3461 θεοὶ,
1123 3400 1413 3472 βοηθήσειν
1467 3403 1691 3472 ἔμελλον
1741 3408 1818 3477 τῷ

226 3488 610 3558 προσφυγόντι
631 3488 810 3552 αὐτοῖς
850 3489 1114 3544 Ἰουδαίων
1144 3492 1278 3561 λαῷ.
1311 3495 1466 3548 Κατά
1489 3498 1597 3567 γὰρ
1621 3499 1815 3571 πολλὴν

229 3579 604 3650 στενοχωρίαν
623 3579 800 3649 ψυχῆς
827 3580 920 3633 καὶ
955 3580 1075 3634 καθ’
1107 3583 1414 3655 ὑπερϐολὴν
1437 3585 1666 3657 θλίψεως
1692 3593 1814 3654 τοὺς

215 3671 342 3740 παρ’
370 3671 564 3732 αὐτοῖς
606 3672 929 3741 ἀνηγόρευον
979 3673 1134 3737 θεούς
1176 3692 1187 3706 °
1221 3675 1418 3741 αὐτοὺς
1462 3679 1524 3751 δὴ
1576 3683 1815 3747 ἐκείνους

216 3763 341 3826 τοὺς
365 3763 466 3827 τάς
492 3762 676 3833 ψυχὰς
713 3765 890 3818 αὐτῶν
919 3766 1197 3821 θλίόοντας
1227 3769 1320 3820 καὶ
1350 3773 1813 3843 στενοχωροῦντας

214 3857 489 3925 πονηροὺς
525 3854 787 3924 δαίμονας
809 3873 822 3886 ⁸
854 3859 912 3910 ὲν
932 3853 1012 3921 οἷς
1039 3854 1180 3930 ἦσαν
1211 3858 1425 3925 λέοντες
1454 3864 1546 3916 καὶ
1568 3867 1810 3931 ἀσπίδες,

214 3947 305 4000 καὶ
328 3947 543 4000 τούτων
575 3945 791 4014 ἔκγονα,
818 3950 910 4000 καὶ
941 3949 1112 4018 ὄφεις,
1138 3952 1232 4006 καὶ
1261 3953 1395 4006 ἄλλα
1419 3955 1586 4026 μυρία
1611 3959 1813 4027 ἑρπετά

211 4051 268 4087 τε
302 4038 396 4088 καὶ
444 4035 651 4106 θηρία·
689 4029 761 4088 ὧν
792 4038 997 4102 είκόνες
1025 4035 1164 4109 ἦσαν
1199 4042 1294 4094 καὶ
1334 4045 1401 4096 τά
1435 4046 1668 4116 αἰσθητά
1697 4049 1808 4112 ζῶα

214 4126 333 4179 καθ’
359 4128 496 4198 ὅλης
520 4128 622 4198 τῆς
653 4128 926 4195 Αἰγύπτου
957 4130 1365 4204 θεοποιούμενα.
1398 4138 1506 4189 Καὶ
1529 4138 1636 4210 γὰρ
1660 4140 1809 4192 λέον-

211 4234 306 4282 τας
328 4219 557 4290 ἀληθῶς
591 4220 681 4271 καὶ
719 4220 969 4286 ἀσπίδας,
1017 4224 1110 4276 καὶ
1148 4225 1300 4293 ὄφεις
1342 4232 1437 4280 καί
1469 4230 1602 4283 ἄλλα
1642 4234 1810 4303 μυρία

211 4304 296 4364 οἷα
321 4311 484 4374 θεοὺς
505 4312 852 4381 τετιμήκασι.
892 4314 1029 4384 Ἤδη
1054 4315 1183 4383 γοῦν
1205 4317 1314 4370 ἀπὸ
1329 4320 1429 4389 τῆς
1460 4321 1569 4375 τῶν
1591 4323 1807 4395 νομιζο-

216 4405 389 4474 μένων
419 4405 612 4466 αὑτοῖς
626 4404 762 4458 θεῶν
785 4407 1098 4478 ἐπωνυμίας
1114 4410 1319 4475 καὶτὰς
1336 4413 1518 4478 πόλεις
1541 4418 1706 4489 κεκλή
1715 4436 1810 4471 κα-

214 4513 314 4560 σιν,
339 4499 456 4552 ἀπὸ
482 4497 580 4550 τοῦ
603 4496 832 4561 λέοντος,
854 4499 950 4571 τὴν
971 4502 1204 4566 Λεοντὼ,
1222 4505 1330 4557 ἀπὸ
1345 4506 1402 4559 δὲ
1417 4507 1509 4560 τοῦ
1533 4510 1690 4574 κυνὸς
1710 4512 1807 4582 τὴν

1921 3411 2087 3466 penes
2137 3412 2234 3453 eos
2276 3397 2349 3451 dii
2399 3398 2826 3468 reputabanlur,
2861 3399 3179 3467 Opitulaturi
3217 3399 3500 3457 erantJu-

1918 3487 2160 3541 deorum
2211 3490 2441 3557 populo,
2495 3487 2561 3540 ad
2609 3487 2756 3556 ipsos
2808 3488 3165 3558 confugienti.
3220 3488 3500 3558 Siquidem

1919 3595 2030 3649 prae
2070 3594 2264 3648 magna
2295 3578 2460 3631 animi
2489 3579 2784 3642 anxietate,
2819 3595 2881 3634 ac
2911 3595 3020 3649 pra:
3049 3579 3358 3638 aﬂlictiouis
3388 3583 3503 3637 vio-

1918 3671 2103 3736 lentia,
2135 3671 2512 3742 Egyptiorunt
2544 3671 2675 3724 deos
2709 3671 3097 3740 celebrabant;
3148 3675 3296 3745 ipsos
3347 3678 3501 3732 vide-

1918 3764 2045 3819 licet
2075 3764 2350 3818 dentonas
2379 3761 2668 3832 malignos,
2725 3765 2962 3818 animam
3011 3783 3166 3821 suam
3223 3770 3274 3821 in
3328 3784 3499 3839 angu-

1915 3857 2051 3911 stias
2079 3865 2132 3909 et
2164 3869 2434 3908 atrumnas
2465 3855 2819 3923 conjicientes
2846 3873 2860 3922 ;
2891 3858 2944 3911 in
2977 3860 3176 3927 quibus
3203 3871 3359 3913 erant
3385 3860 3498 3916 leo-

1916 3965 2014 4004 nes
2048 3957 2102 4004 et
2134 3949 2350 4017 aspides
2376 3989 2390 4013 ,
2417 3962 2714 4020 eorumque
2741 3950 3052 4020 progenies,
3095 3966 3160 4006 ac
3188 3964 3495 4020 serpentes,

1913 4051 1968 4097 et
1999 4041 2103 4096 alia
2139 4052 2396 4096 sexcenta
2425 4041 2636 4110 reptilia
2665 4053 2828 4112 atque
2854 4042 3002 4108 ferae,
3028 4059 3256 4113 quorum
3286 4046 3494 4113 icones,

1914 4151 2126 4191 necnon
2158 4135 2270 4204 ipsa
2304 4135 2523 4188 sensilia
2560 4135 2817 4188 animalia
2850 4151 2948 4205 per
2999 4146 3165 4190 totam
3198 4136 3496 4208 Egyptutn

1913 4245 2013 4299 pro
2039 4229 2142 4282 diis
2169 4228 2509 4282 colebantur.
2540 4227 2757 4280 Atenim
2787 4227 2974 4282 leones
3001 4245 3186 4283 revera
3209 4269 3226 4294 ,
3253 4230 3492 4299 aspides,

1912 4327 2222 4388 serpentes,
2253 4327 2306 4372 et
2333 4317 2441 4370 alia
2471 4326 2730 4372 sexcenta
2787 4333 2887 4387 pro
2934 4319 3040 4372 diis
3069 4321 3490 4374 venerabantur.

1910 4413 1978 4468 Et
2005 4425 2140 4466 sane
2173 4425 2386 4474 eorum,
2419 4425 2559 4479 quos
2590 4410 2720 4465 deos
2746 4412 3032 4480 putabant,
3081 4412 3298 4466 nomine
3331 4413 3495 4468 urbes

1911 4521 2040 4561 suas
2063 4504 2405 4573 appellarunt
2431 4519 2447 4569 ;
2484 4519 2514 4556 a
2545 4505 2700 4560 leone
2735 4505 2960 4568 scilicet,
2991 4503 3227 4570 Leonte;
3273 4521 3305 4560 a
3332 4521 3490 4571 cane,

213 4590 415 4654 Κυνὼ,
467 4591 567 4643 καὶ
614 4589 723 4643 ἀπὸ
759 4590 918 4644 ἀλλου
964 4593 1125 4647 πάλιν
1169 4594 1335 4666 θηρὸς
1383 4599 1576 4670 ἑτέραν
1621 4601 1795 4655 πόλιν.

1915 4599 2075 4670 Cyno,
2107 4598 2174 4651 ab
2207 4597 2309 4652 alia
2350 4597 2478 4651 item
2511 4596 2621 4650 fera
2671 4597 2831 4651 aliam
2867 4599 3164 4651 civitatem.

281 4704 300 4738 ι
327 4688 395 4740 υἱ
435 4684 691 4752 λέγοντες
737 4688 850 4749 τοῖς
910 4688 1256 4758 προφήταις,
1296 4690 1388 4760 Μὴ
1450 4692 1809 4760 ἀναγγέλλετε

213 4778 336 4847 ἡμῖν
360 4797 373 4808 ·
398 4778 498 4830 καὶ
515 4778 633 4838 τοῖς
651 4777 902 4846 ὁράματα
925 4778 1121 4850 ὁρῶσι,
1144 4780 1238 4852 Μὴ
1254 4782 1464 4836 λαλεῖτε
1486 4786 1617 4854 ἡμῖν
1636 4805 1649 4816 ·
1675 4788 1811 4842 ἀλλά

212 4869 334 4938 ἡμῖν
354 4868 582 4922 λαλεῖτε
629 4869 721 4920 καὶ
760 4870 1116 4938 ἀναγγέλλετε
1136 4874 1266 4942 ἡμῖν
1294 4873 1483 4944 ἑτέραν
1511 4876 1774 4949 πλάνησιν
1792 4899 1803 4910 ·

213 4963 302 5014 καὶ
334 4959 728 5031 ἀποστρέψατε
773 4963 919 5032 ἡμᾶς
953 4963 1060 5016 ἀπὸ
1090 4964 1189 5033 τῆς
1220 4963 1342 5016 ὁδοῦ
1389 4967 1611 5039 ταύτης,
1652 4972 1809 5041 Ἀφέ-

210 5048 324 5106 λετε
347 5054 451 5122 ἀφ’
492 5050 656 5123 ἡμῶν
686 5052 774 5106 τὸν
809 5054 994 5126 τρίϐον
1026 5055 1236 5117 τοῦτον.
1279 5061 1370 5112 καὶ
1427 5061 1653 5128 ἀφέλετε
1706 5066 1799 5134 ἀφ’

213 5143 361 5212 ἡμῶν
396 5144 462 5196 τὸ
495 5142 679 5210 λόγιον
718 5143 812 5195 τοῦ
855 5145 1087 5216 Ἰσραήλ.
1124 5164 1143 5196 ι
1205 5146 1389 5200 Ταῦτα
1446 5148 1554 5220 γάρ
1611 5152 1660 5202 οἱ
1724 5153 1798 5224 μὴ

214 5235 612 5294 πιστεύσαντες
633 5236 750 5296 ταῖς
780 5235 874 5288 τοῦ
910 5237 1171 5308 Ἰερεμίου
1211 5241 1415 5306 φωναῖς
1449 5239 1585 5310 πρὸς
1638 5243 1800 5296 αὑτὸν

212 5326 450 5389 καὶτοὺς
481 5324 554 5377 τά
588 5323 749 5392 ὃμοια
770 5325 914 5395 αὐτῷ
949 5327 1277 5398 φρονοῦντας
1307 5330 1510 5399 ελεγον.

283 5435 301 5469 ι
331 5418 435 5470 Διά
467 5413 636 5468 τοῦτο
662 5415 786 5468 τάδε
836 5414 984 5485 λέγει
1034 5418 1235 5490 Κύριος
1261 5421 1289 5472 ὁ
1341 5423 1496 5491 ἆγιος
1544 5423 1758 5496 Ἰσραήλ
1781 5444 1794 5455 ·

213 5507 326 5562 ὀτι
349 5507 700 5579 ἠπειθήσατε
725 5510 836 5571 τοῖς
871 5507 1049 5577 λόγοις
1093 5511 1321 5580 τούτοις,
1384 5516 1475 5568 καὶ
1525 5515 1793 5584 ἠλπίσατε

210 5599 294 5652 hri
316 5599 538 5671 ψεύδει,
570 5599 663 5650 καὶ
691 5600 772 5652 ὅτι
813 5601 1134 5670 ὲγόγγυσας,
1170 5603 1267 5656 καὶ
1299 5608 1574 5670 πεποιθὼς
1607 5610 1794 5677 ὲγένου

209 5690 293 5745 ἐπὶ
315 5692 396 5764 τῷ
435 5689 592 5759 λόγῳ
616 5690 818 5761 τούτῳ·
853 5692 940 5746 διὰ
957 5692 1110 5746 τοῦτο
1132 5693 1288 5747 ἔσται
1327 5700 1456 5769 ὑμῖν
1485 5701 1518 5769 ἡ
1553 5701 1795 5774 ἁμαρτία

209 5785 337 5847 αῦτη
370 5785 452 5849 ὡς
484 5786 670 5853 τεῖχος
719 5784 913 5838 πῖπτον
954 5789 1295 5859 παραχρῆμα
1344 5793 1548 5855 πόλεως
1591 5795 1793 5864 ὀχυρᾶς

211 5875 542 5942 ἑαλωκυίας,
573 5869 640 5947 ἧς
665 5879 990 5950 παραχρῆμα
1010 5881 1319 5950 πάρεστιτὸ
1351 5885 1547 5956 πτῶμα
1573 5903 1578 5910 ·
1615 5887 1706 5938 καὶ
1736 5886 1794 5938 τὸ

1983 4693 2150 4746 Vens.
2180 4693 2267 4756 10,
2303 4691 2388 4745 ll.
2414 4689 2514 4756 Qui
2547 4691 2730 4744 dicunt
2753 4690 3052 4760 prophetis,
3091 4689 3168 4744 Ne
3199 4689 3492 4744 annuntio-

1911 4784 1979 4838 tis
2009 4783 2185 4848 nobis,
2223 4792 2277 4838 et
2303 4782 2615 4836 videntibus
2646 4781 2903 4845 visiones,
2944 4781 3022 4835 Nc
3060 4781 3349 4850 loquamini
3387 4797 3492 4838 no-

1907 4875 1993 4930 bis
2025 4891 2037 4927 :
2073 4877 2168 4927 sed
2196 4871 2684 4940 nobis.loquimiui,
2717 4881 2774 4928 et
2799 4874 3119 4928 annuntiate
3143 4873 3297 4928 nobis
3325 4873 3494 4929 alium

1908 4981 2150 5023 errorem
2195 4984 2209 5020 :
2249 4975 2304 5018 ct
2349 4967 2581 5021 avertite
2634 4983 2732 5021 nos
2780 4967 2848 5018 ah
2901 4968 3000 5020 hac
3053 4969 3158 5022 via.
3196 4967 3420 5022 Auferte
3459 4985 3489 5022 a

1909 5059 2067 5114 nobis
2095 5059 2349 5112 semitam
2397 5058 2539 5114 hanc
2567 5099 2581 5123 ,
2611 5069 2665 5114 et
2709 5059 2919 5113 auferte
2949 5077 2977 5112 a
3025 5060 3178 5113 nobis
3207 5060 3486 5113 oraculum

1907 5149 2097 5204 Israel.
2140 5167 2158 5200 ι
2194 5148 2317 5202 "me
2354 5150 2554 5218 quippe
2588 5149 2875 5213 Jcrcmizn,
2912 5160 2966 5203 et
3020 5152 3168 5219 paria
3228 5165 3352 5204 cum
3396 5151 3488 5205 illo

1907 5240 2268 5296 sentientibus
2307 5241 2583 5306 dicebant,
2619 5243 2707 5310 qui
2742 5255 2931 5296 eorum
2961 5242 3185 5297 vocibus
3227 5258 3330 5295 non
3365 5259 3486 5298 cre-

1905 5335 2125 5388 debant.

1977 5421 2140 5476 Vens.
2169 5421 2352 5477 12-16.
2397 5446 2417 5475 ι
2461 5422 2585 5480 Ideo
2615 5426 2731 5479 hate
2762 5425 2892 5478 dicit
2923 5421 3205 5490 Dominus,
3250 5426 3485 5481 Sanctus

1905 5516 2111 5573 Israel:
2145 5517 2279 5583 Quia
2330 5533 2435 5572 non
2478 5518 2896 5587 obtemperastis
2955 5519 3042 5572 his
3110 5516 3480 5581 sermonibus,

1906 5609 2000 5664 sed
2029 5609 2288 5678 sperastis
2314 5609 2366 5662 in
2395 5610 2679 5665 mendacio
2704 5648 2720 5673 ,
2755 5622 2809 5666 et
2853 5611 2979 5679 quia
3011 5609 3394 5672 murmurasti,
3428 5620 3482 5662 et

1903 5700 2179 5755 credidisti
2211 5702 2448 5755 sermoni
2489 5703 2649 5768 huic;
2701 5703 2901 5758 idcirco
2944 5703 3052 5756 erit
3083 5700 3239 5756 vobis
3281 5714 3476 5768 pecca-

1903 5801 2018 5845 tum
2054 5791 2156 5845 hoc
2193 5791 2345 5859 quasi
2387 5807 2574 5849 murus
2611 5796 2812 5849 cadens
2846 5796 3025 5848 subito
3069 5793 3216 5849 urbis
3259 5804 3480 5846 munita:

1903 5894 2243 5956 υηιυειιειιλιι.
2267 5886 2419 5956 cujus
2452 5889 2629 5946 subito
2661 5891 2809 5948 adest
2842 5889 2994 5947 ruina
3032 5906 3047 5944 :
3095 5899 3148 5945 et
3179 5889 3330 5944 ruina
3361 5886 3478 5955 ejus
