4100 6440
608 367 716 423 507
1274 354 1537 417 EUSEBH
1572 349 2036 411 CESABIENSlS
2070 345 2220 405 OPP.
2258 345 2436 402 PARS
2472 342 2563 423 ιιι.
2602 372 2672 384 -
2707 334 3119 396 ειεεετιω.
3720 326 3827 386 308

605 484 713 541 erit
739 479 891 551 quasi
946 476 1199 535 contritio
1235 474 1379 531 vasis
1430 473 1648 530 testacei
1692 487 1759 527 ex
1802 468 2037 534 omcina,
2086 466 2159 519 ita
2189 472 2224 526 Α

2207 472 2233 525 ι
2262 466 2461 535 πτῶμα
2490 463 2659 533 αὐτῆς
2684 461 2833 516 ἔσται
2860 459 2936 523 ὡς
2984 455 3294 526 σύντριμμα
3327 451 3549 521 ἀγγείου
3569 449 3826 522 ὀστρακί-

608 539 920 629 comminuti
982 578 1041 631 ut
1092 584 1197 625 non
1262 566 1571 627 inveniatur
1615 565 1669 619 in
1707 564 1788 619 eis
1840 569 2012 625 testa,
2056 573 2161 627 qua

2262 574 2353 609 νου
2394 558 2458 609 ὲκ
2508 552 2773 624 κεραμίου
2798 548 2993 613 λεπτὰ,
3026 548 3167 603 ὥστε
3198 546 3274 617 μὴ
3294 545 3484 631 ξύρεῐν
3541 544 3603 597 ιν
3648 539 3830 603 αὐτοῖς

607 665 789 733 ignem
816 663 980 726 feras,
998 628 1063 717 et
1087 660 1302 733 paulum
1331 673 1488 725 aqua:
1515 656 1757 711 haurias.
1791 654 1881 709 Sic
1901 652 2035 707 dicit
2062 650 2165 703 De-

2260 646 2547 715 6στρακον,
2578 643 2636 695 ὲν
2730 640 2840 711 πῦρ
2875 639 3045 710 ἀρεῖς,
3068 637 3164 690 καὶ
3193 636 3252 688 ἐν
3284 628 3329 703 ᾧ
3349 633 3662 702 ἀποσυριεῐς
3687 628 3831 699 ὕδωρ

610 756 789 810 minus
825 718 1106 815 Dominus:
1129 750 1359 805 Sanctus
1385 748 1549 803 Israel
1578 764 1593 800 :
1620 746 1753 802 Cum
1806 756 2053 798 reversus
2092 740 2167 793 in-

2266 735 2478 809 μικρόν.
2534 732 2689 787 Οῦτω
2744 732 2889 801 λέγει
2938 730 3141 799 Κύριος
3181 726 3406 797 Κύριος,
3432 727 3463 779 ὁ
3500 725 3693 792 ’Δγιος
3735 718 3832 773 τοῦ

610 845 896 914 gemueris,
928 852 1057 897 tunc
1081 839 1260 896 salvus
1274 838 1409 902 eris,
1438 846 1495 893 et
1534 837 1674 891 scies
1693 832 1781 887 ubi
1809 831 2001 893 fueris,
2036 843 2157 884 cum

2276 825 2491 898 Ἰσραήλ
2513 841 2527 855 ·
2552 824 2718 878 Ὅταν
2739 820 3101 899 ᾲποστραφεὶς
3125 815 3405 887 στενάξῃς,
3436 814 3558 868 τάκ
3587 811 3832 883 σωθήσῃ,

611 906 918 989 confidebas
948 945 1110 999 super
1152 928 1307 983 vanis
1346 942 1361 979 :
1404 940 1539 980 vana
1586 924 1724 979 facta
1772 928 1857 977 est
1902 918 2164 973 fortitudo

2264 920 2359 974 καὶ
2378 916 2560 988 γνώσῃ
2595 912 2698 968 ποῦ
2740 909 2903 985 ἦσθα,
2932 913 3020 966 ὅτε
3058 907 3367 971 ἑπεποίθεις
3404 906 3497 960 ἐπὶ
3558 907 3671 968 τοῖς
3733 920 3837 974 μα-

614 1038 812 1094 vestra,
843 1035 897 1083 et
918 994 1162 1081 noluistis
1182 1023 1399 1087 audire;
1426 1019 1521 1075 sed
1539 1016 1771 1079 dixistis,
1798 1013 1962 1085 Equis
1984 1011 2165 1081 fugie-

2264 1012 2436 1074 ταίοις
2453 1026 2467 1041 ο
2508 1006 2711 1081 ματαία
2732 1009 2765 1077 ή
2795 1007 2947 1075 ἰσχὺς
2968 1002 3121 1074 ὑμῶν
3148 999 3381 1072 ἐγενήθη
3398 998 3522 1053 ’καὶ
3544 998 3647 1050 οὐκ
3674 994 3838 1066 ἠϐού-

614 1083 736 1175 mus
761 1083 1104 1185 {propterea
1141 1083 1399 1183 fugietis;
1443 1119 1500 1166 et
1540 1106 1814 1165 velocibus
1857 1083 2167 1160 cursoribus

2265 1099 2421 1153 λεσθε
2439 1096 2655 1152 ἀκούειν
2677 1112 2691 1125 ο
2722 1093 2836 1148 ἀλλ’
2872 1091 3093 1155 εἴπατε,
3138 1090 3253 1158 Ἐφ’
3282 1088 3463 1141 ἵππων
3492 1083 3801 1156 φευξόμεθα
3820 1099 3836 1115 ·

616 1176 983 1267 insidebimus.
1025 1225 1045 1259 ι
1075 1176 1315 1274 Fugietls
1341 1202 1593 1274 quidem;
1641 1198 1736 1255 sed
1782 1210 1891 1267 quo
1935 1192 2171 1265 clusere

2265 1190 2353 1246 διὰ
2392 1188 2551 1245 τοῦτο
2584 1185 2871 1258 φεύξεσθε·
2896 1186 2989 1238 καὶ
3020 1183 3111 1237 ἐπὶ
3148 1180 3371 1249 κούφοις
3391 1178 3689 1241 ἀναϐάταις
3722 1176 3842 1230 ἰσό-

620 1301 870 1357 valebitis
909 1270 1329 1369 Babyloniorum
1359 1270 1618 1354 ‘manum.
1665 1302 1785 1359 qua
1834 1299 1928 1341 vos
1979 1297 2171 1355 appre-

2271 1284 2427 1358 μεθα.
2464 1303 2482 1335 ι
2507 1278 2768 1343 Φεύξεσθε
2804 1278 2903 1349 μέν
2924 1294 2939 1308 ·
2983 1275 3084 1330 ποῦ
3118 1276 3223 1345 μὴν
3240 1274 3520 1342 διαφυγεῖν
3547 1270 3841 1341 δυνήσεσθε

624 1390 827 1444 ὴειιόοιι
845 1397 899 1442 et
920 1386 973 1442 in
999 1361 1060 1441 se
1080 1382 1377 1441 detinebit?
1410 1398 1430 1432 ι
1459 1379 1751 1449 Propterea
1782 1373 1985 1431 celeres
2013 1378 2171 1428 erunt

2267 1375 2367 1446 τὴν
2421 1372 2533 1426 τῶν
2561 1368 2914 1424 Βαϐυλωνίων
2969 1369 3145 1436 χεῖρα,
3181 1362 3633 1434 καταληψομένην
3672 1361 3843 1431 ύμᾶς,

620 1479 718 1550 qui
746 1485 1136 1548 persequentur
1162 1487 1278 1528 vos.
1314 1490 1333 1523 ι

2270 1466 2363 1519 καὶ
2399 1466 2455 1518 ὲν
2483 1462 2618 1532 αὐτῇ
2663 1460 2925 1530 ἰχουσαν;
2959 1477 2976 1509 ι
3015 1456 3113 1510 Διὰ
3141 1454 3295 1508 τοῦτο
3319 1452 3509 1523 κοῦφοι
3550 1452 3761 1506 ἔσονται
3794 1451 3844 1503 οἱ

2269 1556 2550 1618 διώκοντες
2580 1552 2740 1622 ὑμᾶς.
2785 1567 2805 1602 ι

698 1657 864 1712 Vna.
899 1654 987 1710 ΓΙ.
1023 1671 1042 1704 ι
1075 1650 1155 1706 Ad
1184 1664 1369 1706 vocem
1395 1646 1554 1702 unius
1582 1644 1788 1714 fugient
1820 1641 1997 1706 mille,
2028 1649 2083 1694 et
2104 1641 2171 1695 ad

2347 1667 2366 1696 ι
2404 1645 2575 1699 Χίλιοι
2614 1640 2704 1694 διὰ
2736 1638 2916 1711 φωνὴν
2945 1638 3061 1701 ἑνὸς
3090 1634 3394 1705 φεύξονται,
3421 1632 3515 1686 καὶ
3544 1630 3633 1684 διὰ
3663 1627 3850 1700 φωνὴν

625 1760 812 1803 vocem
840 1744 1077 1813 quinque
1112 1740 1315 1812 fugient
1344 1737 1496 1793 multi
1536 1754 1549 1790 :
1581 1736 1753 1790 donec
1794 1729 2171 1800 relinquamini
2207 1797 2244 1813 n

2233 1798 2246 1813 _
2276 1739 2432 1791 πέντε
2450 1735 2729 1805 φεύξονται
2752 1730 3071 1793 πολλοὶ,ἐως
3094 1728 3160 1782 ἂν
3176 1724 3573 1795 καταλειφθῑβε
3598 1723 3674 1787 ὡς
3704 1721 3852 1785 ίστδς

625 1836 783 1905 quasi
815 1833 986 1889 malus
1014 1797 1247 1887 navisvin
1279 1838 1482 1892 monte,
1504 1836 1558 1881 et
1581 1824 1733 1896 quasi
1758 1797 1972 1893 signum
1998 1821 2177 1876 ferens
2207 1797 2244 1851 Β

2233 1798 2248 1849 ι
2278 1833 2364 1886 ἐπ’
2379 1797 2553 1901 ὄρους,
2567 1797 2661 1880 καὶ
2684 1826 2759 1889 ὡς
2773 1821 3009 1894 σημαίαν
3024 1820 3203 1891 φέρων
3232 1819 3325 1871 ἐπὶ
3352 1814 3559 1887 βουνοῦ.
3589 1834 3608 1866 ι
3638 1814 3852 1884 Ὠσπερ

626 1940 788 1996 super
805 1923 1020 1980 collem.
1060 1941 1081 1975 ι
1122 1920 1578 1989 Quemadmodum
1619 1914 1771 1971 navis
1803 1916 1855 1969 in
1882 1914 2015 1969 mari
2059 1928 2179 1983 per-

2279 1924 2406 1993 νηδς
2434 1916 2857 1991 παραπεσούσης
2884 1915 2977 1968 καὶ
3004 1910 3347 1981 ἀπολομένης
3390 1909 3445 1962 ὲν
3476 1906 3714 1979 θαλάττῃ
3750 1921 3852 1976 ση-

626 2006 752 2070 dite
782 2028 843 2069 ac
869 2016 1125 2069 demersa
1166 2012 1373 2079 signum
1409 2018 1491 2063 est
1530 2006 1768 2062 malusin
1791 2006 1992 2060 vertice
2027 2018 2182 2057 mon-

2284 1992 2431 2085 μεῖον
2456 2009 2713 2079 τυγχάνει
2743 2004 3024 2068 ἀποτεθεὶς
3052 2004 3138 2057 ἐπ’
3173 2002 3342 2071 ἄκρου
3370 2000 3526 2071 ὅρους
3560 1995 3727 2060 ίστὺς,
3757 1992 3852 2046 τοῦ

631 2108 700 2161 tis
720 2105 949 2176 positus,
973 2104 1113 2173 quod
1144 2117 1246 2156 non
1280 2101 1415 2154 ultra
1458 2098 1551 2153 illo
1577 2099 1645 2152 sit
1670 2111 1840 2167 opus;
1866 2098 1939 2150 ita
1967 2094 2182 2163 conspi—

2285 2083 2477 2177 μηκέτι
2512 2098 2675 2155 αὑτοῦ
2721 2097 2908 2170 χρείαν
2956 2090 3124 2147 εἶναι’
3174 2090 3347 2153 οὕτως
3399 2088 3665 2158 ἐπίσημον
3689 2083 3855 2154 γενή-

629 2210 787 2249 cuam
819 2193 933 2249 fore
982 2192 1056 2246 ait
1101 2198 1511 2246 memoratorum
1551 2188 1826 2241 hominum
1856 2184 2169 2254 perniciem.

2285 2176 2469 2251 σεσθαι
2492 2192 2589 2264 τὴν
2614 2190 2883 2246 ἀπώλειαν
2912 2186 3017 2239 τῶν
3040 2182 3381 2255 δηλουμένων
3395 2198 3409 2211 ·
3430 2178 3567 2250 πλὴν
3592 2178 3652 2230 ού
3675 2176 3855 2247 πάντη

630 2278 830 2334 Verum
860 2293 963 2333 non
990 2291 1178 2334 omnes
1207 2276 1448 2331 funditus
1486 2277 1752 2344 perituros
1783 2288 1901 2329 esse
1936 2274 2045 2339 ait;
2078 2271 2175 2326 sed

2284 2291 2489 2351 πάντας
2509 2282 2819 2340 ἀπολεῖσθαί
2837 2298 2989 2350 φησι,
3016 2271 3526 2349 περιλειφθήσεσθαι
3544 2270 3601 2323 δὲ
3635 2267 3858 2340 βραχεῖε

632 2370 889 2439 quosdam
920 2383 1147 2423 numero
1178 2382 1376 2436 paucos
1407 2367 1648 2422 relictum
1681 2364 1768 2430 iri,
1794 2379 1929 2430 quos
1952 2363 2180 2419 misera-

2285 2397 2455 2443 τινας,
2483 2378 2575 2441 οὓς
2609 2378 2831 2448 ἐλεήσας
2861 2376 2889 2425 ὁ
2907 2369 3164 2434 Θεὸς,καὶ
3190 2364 3369 2421 οἶκτον
3401 2363 3581 2417 λαῦὼν
3602 2359 3859 2423 διασώζει

639 2472 728 2517 tus
755 2460 914 2527 Deus,
943 2461 1121 2515 salvos
1156 2457 1341 2525 faciet,
1365 2458 1434 2511 ob
1464 2454 1887 2510 misericordiam
1917 2452 2050 2522 ipsis
2083 2466 2184 2507 ex-

2284 2469 2665 2542 δοξαζόμενος,
2714 2468 2810 2520 καὶ¹
2845 2462 3146 2533 ὑψούμενος
3205 2458 3293 2513 διὰ
3352 2454 3445 2510 τοῦ
3476 2454 3693 2524 ἐλεῆσαι
3760 2450 3861 2505 αὑ-

636 2510 1188 2609 bibitamviaudandus
1303 2510 1699 2603 celebrandum:
1733 2544 1813 2599 sic
1850 2510 1997 2597 enim
2031 2541 2184 2598 illuni

2284 2510 2665 2542 νυν-ινικν-νυ
2718 2510 2810 2520 ν--η
2849 2510 3144 2533 *γ’-Γν-’νσ
3214 2510 3289 2513 ην
3589 2510 3600 2524 .

2285 2565 2412 2627 τούς
2432 2581 2446 2595 ’
2477 2562 2617 2615 οὕτω
2638 2560 2745 2631 γὰρ
2773 2557 2933 2611 αὐτὸν
2970 2553 3159 2625 κριτὴν
3183 2551 3387 2605 δίκαιον
3414 2544 3574 2612 εἶναι,
3600 2545 3679 2609 ὡς
3735 2541 3863 2606 τοὺς

635 2642 833 2710 ιυεωηι
875 2639 1107 2709 iudicem
1155 2652 1293 2704 esse,
1343 2646 1402 2691 ut
1434 2637 1623 2708 dignos
1663 2636 1879 2706 quidem
1924 2633 2189 2704 supplicio

2292 2657 2388 2727 μὲν
2414 2654 2595 2719 ἀξίους
2636 2649 2905 2720 τιμωρίας
2936 2642 3206 2708 κολάζειν,
3254 2642 3380 2703 τοὺς
3424 2638 3483 2692 δὲ
3529 2634 3863 2707 δυναμένους

642 2733 867 2803 plectat;
918 2746 1011 2786 eos
1065 2739 1277 2793 autem,
1319 2729 1409 2796 qui
1465 2728 1886 2783 misericordiam
1934 2725 2189 2795 consequi

2289 2725 2440 2802 ἐλέου
2470 2746 2675 2815 τυχεῖν,
2706 2742 2805 2811 τῆς
2840 2740 2968 2810 παρ’
3001 2734 3165 2790 αὐτοῦ
3215 2728 3502 2795 καταξιοῦν
3564 2726 3862 2799 σωτηρίας.

640 2824 843 2887 valent,
874 2823 1047 2879 salute
1074 2822 1321 2895 dignetur
1349 2834 1463 2874 sua.
1492 2819 1669 2885 Quare
1697 2817 1772 2870 ait
1802 2833 1818 2869 :
2293 2838 2383 2890 Διό
2416 2851 2549 2905 φησι
2569 2850 2583 2863 .

714 2916 876 2971 Vatis.
901 2914 989 2970 18.
1035 2932 1054 2965 ι
1088 2911 1154 2967 Et
1180 2926 1393 2990 rursum
1428 2919 1705 2979 exspectat
1736 2908 1875 2963 Deus
1896 2947 1912 2972 ,
1941 2915 2000 2959 ut
2039 2905 2196 2961 mise-

2368 2948 2388 2979 ι
2430 2927 2539 2981 Καὶ
2595 2924 2755 2978 πάλιν
2789 2922 2937 2993 μένει
2964 2919 3143 2981 sese;
3169 2916 3262 2969 τοῦ
3293 2912 3628 2985 οίκτειρῆσαι
3676 2908 3822 2981 ὑμᾶς
3847 2923 3862 2941 ο

645 3018 831 3064 reatur
860 3008 1025 3064 vestri
1057 3024 1074 3061 :
1108 3015 1162 3061 et
1191 3014 1471 3074 propterea
1501 2993 1828 3067 extolletur,
1854 3010 1913 3055 ut
1936 3000 2197 3055 miserea-

2296 3020 2389 3073 καὶ
2406 3016 2494 3071 διὰ
2527 3014 2685 3069 τοῦτο
2718 3012 3056 3082 ὑψωθήσεται
3088 3008 3183 3062 τοῦ
3236 3006 3458 3075 ἐλεῆσαι
3510 3003 3687 3073 ὑμᾶς’
3729 2997 3865 3053 διότι

648 3112 737 3155 ιιιι·
779 3101 946 3157 vestri
975 3099 1268 3171 :quoniam
1308 3097 1475 3167 iudex
1520 3097 1777 3151 Dominus
1825 3094 1969 3149 Deus
2011 3092 2194 3146 vestri.
2222 3121 2266 3180 ο

2248 3122 2266 3179 ζ
2298 3108 2488 3181 κριτὴς
2507 3108 2709 3179 Κύριος
2736 3105 2765 3156 ὁ
2801 3104 2931 3165 Θεὸς
2966 3101 3135 3170 ὑμῶν.
3163 3097 3437 3169 Μακάριοι
3464 3095 3512 3148 οί
3537 3091 3867 3181 ἐμμένοντες

647 3192 795 3248 Beati
811 3193 901 3262 qui
922 3198 1136 3246 manent
1172 3190 1225 3244 in
1246 3203 1332 3244 eo.
1365 3208 1384 3241 ι
1419 3186 1552 3241 Nam
1575 3202 1694 3242 cum
1719 3185 1901 3255 justus
1918 3184 1988 3238 sit
2010 3182 2195 3251 iudex,
2240 3178 2251 3180 ⁷

2247 3178 2251 3180 ί
2298 3178 2356 3252 ἒν
2381 3178 2548 3268 αὐτῷ.
2586 3178 2606 3248 ι
2630 3194 2847 3255 Δίκαιος
2873 3190 2982 3261 γὰρ
3013 3187 3088 3241 ὢν
3145 3186 3357 3259 κριτὴς,
3385 3184 3512 3245 τοὺς
3540 3182 3637 3252 μὲν
3682 3178 3866 3243 ἀξίους

653 3284 845 3354 dignos
865 3282 1081 3354 quidem
1102 3279 1395 3349 captivitati
1426 3277 1645 3333 tradidit
1675 3292 1687 3328 :
1715 3289 1850 3344 quos
1884 3277 2064 3328 autem
2094 3272 2198 3325 mi-

2300 3287 2642 3360 αίχμαλωσία
2661 3282 2941 3355 παρεδίδου
2957 3298 2971 3311 ·
3005 3279 3098 3342 οὒς
3119 3279 3175 3331 δὲ
3201 3276 3404 3329 δίκαιον
3418 3273 3607 3335 ἐλεεῖν,
3633 3270 3868 3335 ἔσωζεν*

649 3374 823 3429 serari
849 3388 949 3444 par
977 3379 1118 3432 erat.
1149 3383 1243 3425 eos
1267 3370 1442 3424 salvos
1481 3367 1612 3422 fecit
1639 3383 1653 3418 :
1683 3367 1826 3421 unde
1866 3365 2083 3420 beatum
2120 3370 2202 3418 est

2300 3357 2423 3431 ὅθεν
2456 3374 2551 3428 καὶ
2583 3372 2847 3446 μακάριόν
2877 3372 2993 3423 ἐστι
3014 3365 3349 3437 τὺὲμμένειν
3378 3365 3437 3417 ὲν
3458 3360 3634 3431 αὐτῷ’
3661 3360 3696 3431 ἢ
3729 3357 3872 3413 κατὰ

638 3464 706 3541 in
735 3464 825 3520 illo
843 3477 1103 3527 manere;
1138 3460 1251 3516 sive
1280 3470 1339 3514 ut
1367 3458 1724 3530 Symmachus
1744 3456 1931 3519 edidit,
1969 3472 1989 3507 ι
2028 3454 2201 3524 ipsum

2302 3468 2392 3521 τὸν
2416 3466 2726 3536 Σύμμαχον,
2765 3481 2785 3515 ι
2824 3459 3112 3529 ὑπομένειν
3146 3455 3324 3510 αὐτόν.
3370 3473 3389 3506 ι
3421 3453 3600 3506 Καλὸν
3643 3450 3752 3521 γὰρ
3810 3449 3875 3503 τὸ

654 3554 939 3609 sustinere.
978 3572 997 3605 ι
1048 3554 1473 3610 Consentaneum
1521 3549 1719 3619 quippe
1777 3555 1862 3601 est
1915 3544 2203 3600 stationem

2309 3560 2382 3632 μὴ
2406 3556 2799 3616 λειποτακτεῖν,
2830 3552 2926 3606 καὶ
2953 3550 3027 3622 μή
3059 3547 3454 3616 ἀπογινώσκειν
3486 3546 3584 3615 τὴν
3612 3543 3706 3596 τοῦ
3736 3542 3872 3596 Θεοῦ

658 3661 766 3701 non
790 3645 1062 3710 deserere,
1088 3658 1188 3700 nec
1208 3644 1275 3698 de
1310 3640 1508 3696 auxilio
1540 3639 1632 3695 Dei
1660 3639 1948 3708 desperare
1978 3636 2030 3690 in
2059 3636 2204 3690 cala-

2309 3646 2559 3719 βοήθειαν
2596 3647 2654 3699 ὲν
2701 3646 2819 3706 ταῖς
2850 3637 3387 3709 καταλαμϐανούσαις
3417 3635 3739 3705 συμφοραῖς.
3788 3632 3878 3696 ὀς

657 3738 931 3794 mitatibus
982 3734 1407 3793 occurrentibus.
1451 3732 1521 3789 Ut
1550 3732 1731 3803 justus
1776 3730 1959 3799 itaque
2012 3727 2203 3797 judex,

2307 3740 2512 3801 δίκαιος
2553 3733 2834 3807 τοιγαροῦν
2876 3730 3085 3803 κριτὴς,
3135 3728 3231 3782 καλ⁵
3255 3727 3332 3791 ὡς
3367 3725 3567 3794 ἀγαθὸς
3613 3724 3774 3778 πάλιν
3802 3724 3880 3776 oi-

658 3839 715 3885 et
736 3837 916 3901 utpote
936 3830 1131 3891 bonus,
1166 3824 1539 3887 miserebitur;
1574 3824 1649 3910 ita
1671 3831 1731 3876 nt
1757 3820 1887 3876 Sion
1912 3828 1967 3873 et
1994 3818 2209 3873 Jerusa-

2310 3829 2585 3901 κτειρήσει
2608 3844 2621 3858 ·
2654 3826 2729 3891 ὡς
2759 3825 2854 3895 τὴν
2886 3822 3021 3877 Σιὼν
3048 3822 3143 3875 καὶ
3178 3821 3275 3891 τὴν
3319 3816 3671 3890 Ἰερουσαλὴμ
3698 3814 3883 3868 δεύτε-

660 3922 766 3977 lem
803 3922 977 3977 denuo
1010 3918 1359 3984 aediﬁcentur,
1400 3925 1455 3972 et
1487 3915 1543 3969 in
1589 3906 1681 3969 illa
1725 3926 1942 3967 rursum
1983 3908 2211 3980 populus

2316 3937 2406 3991 ρον
2458 3914 2909 3988 οἰκοδομηθῆναι,
2952 3914 3045 3968 καὶ
3074 3908 3230 3974 αὖθις
3268 3912 3325 3962 ἐν
3377 3907 3513 3979 αὐτῇ
3556 3906 3881 3975 κατοικῆσαι

670 4011 894 4067 habitet.
2313 4006 2460 4058 λαόν.

742 4100 900 4156 Vns.
930 4100 1018 4156 i9.
1058 4099 1315 4165 Quoniam
1338 4098 1560 4168 populus
1592 4104 1813 4152 sanctus
1842 4096 1897 4151 in
1935 4095 2065 4150 Sion
2114 4094 2216 4149 ba-

2389 4117 2405 4147 ι
2440 4096 2581 4149 Διότι
2608 4094 2735 4157 λαὸς
2757 4093 2911 4161 ἅγιος
2940 4093 2998 4145 ὲν
3056 4090 3195 4144 Σιὼν
3218 4091 3452 4160 οἰκήσει,
3481 4086 3577 4142 καὶ
3614 4088 3884 4158 Ἰερουσα-

669 4193 880 4259 bitabit,
900 4200 954 4249 et
968 4190 1261 4246 Jerusalem
1283 4188 1407 4244 ﬂetu
1436 4203 1538 4242 non
1564 4186 1731 4243 ﬂevit.
1777 4186 2038 4242 Miserere
2066 4184 2168 4238 mei
2201 4200 2214 4236 :

2316 4188 2427 4258 λήμ
2466 4185 2725 4257 κλαυθμῷ
2748 4186 2849 4238 οὐκ
2892 4183 3173 4237 ἔκλαυσεν.
3218 4181 3469 4252 Ἐλέησόν
3521 4196 3619 4251 με·
3671 4178 3886 4249 ἐλεήσει

666 4283 1010 4341 miserebitur
1034 4283 1133 4337 tui.
1166 4278 1365 4336 Vocem
1412 4277 1667 4334 clamoris
1692 4280 1767 4332 tui
1804 4276 2019 4347 quando
2068 4272 2216 4339 vidit,

2320 4294 2399 4329 σε.
2426 4275 2535 4346 Τὴν
2559 4274 2740 4345 φωνὴν
2772 4272 2872 4342 τῆς
2920 4269 3169 4340 κραυγῆς
3208 4286 3300 4323 σου
3331 4268 3494 4340 ήνίκα
3559 4261 3718 4330 εἶδεν,
3786 4268 3885 4318 ἑπ-

668 4374 943 4431 exaudivit
968 4382 1040 4428 te.
1077 4390 1098 4425 ι
1131 4371 1206 4426 Ita
1232 4372 1374 4426 enim
1398 4369 1660 4425 Hebraica
1684 4368 1842 4425 lectio
1877 4365 2217 4423 circumfert:

2321 4364 2519 4437 ήκουσέ
2543 4381 2655 4417 σου.
2693 4382 2713 4414 ι
2766 4362 2920 4415 υῦτω
2942 4359 3051 4431 γὰρ
3080 4359 3321 4431 περιέχει
3346 4360 3380 4430 ή
3423 4357 3681 4429 Ἐσραῖκὴ
3708 4355 3853 4422 λέξις
3871 4372 3884 4384 ·

670 4484 835 4537 quare
862 4466 1214 4539 Symmachus
1239 4464 1319 4519 sic
1343 4463 1523 4526 habet.
1564 4482 1583 4514 ι
1610 4460 1930 4523 Jerusalem,
1960 4460 2084 4513 ﬂetu
2121 4472 2223 4510 non
2259 4458 2289 4512 ί]

2269 4458 2299 4512 D
2326 4455 2405 4508 διὸ
2450 4453 2588 4507 κατὰ
2626 4451 2717 4505 τὸν
2776 4449 3071 4519 Σύμμαχον
3133 4448 3378 4518 εἴρηται·
3440 4464 3459 4496 ι
3503 4441 3888 4527 Ἰερουσαλὴμ,

673 4516 860 4624 Deliis;
888 4516 925 4613 al
939 4516 1525 4619 Tb-eodoiio‘similiter;
1550 4573 1568 4605 ι
1593 4516 1965 4609 Ιηῗιεευεειιειη
1977 4549 2099 4603 ﬂetu
2127 4565 2231 4602 non

2332 4545 2599 4615 κλαυθμὸν
2619 4545 2679 4596 οὐ
2705 4516 2957 4604 κλαύσεις
2977 4516 3009 4569 λθ
3026 4560 3044 4591 ι
3071 4516 3270 4608 ὁμοίως
3289 4536 3345 4589 δὲ
3374 4536 3465 4588 καὶ
3487 4516 3739 4589 κατςῖτδν
3764 4532 3894 4586 Θεο-

676 4622 907 4707 ﬂebitur.
935 4670 953 4701 ο
996 4648 1272 4718 Siquidem
1330 4660 1436 4700 non
1485 4644 1644 4699 ﬂendi
1684 4652 1893 4711 tempus
1935 4640 2119 4693 aderat
2165 4640 2231 4692 iis

2331 4638 2551 4691 δοτίωνα
2592 4635 2834 4705 είρηται·
2884 4651 2903 4683 ι
2957 4631 3044 4683 Ἐν
3101 4626 3448 4699 Ἰερουσαλὴμ
3504 4622 3776 4694 κλαυθμὸς
3830 4622 3891 4676 οὐ

679 4745 768 4813 qui
796 4759 860 4798 ex
880 4738 1246 4797 misericordia
1268 4737 1357 4792 Dei
1372 4747 1652 4805 paternum
1675 4734 1847 4790 solum
1871 4731 2231 4800 repetierant;

2332 4726 2747 4797 κλαυσθὴσεται.
2774 4743 2791 4774 ι
2828 4721 3020 4775 Οὐκέτι
3043 4719 3150 4791 γὰρ
3170 4715 3237 4789 ἦν
3272 4718 3459 4789 καιρὸς
3476 4712 3753 4785 κλαυθμοῦ
3782 4715 3894 4776 τοῖς

680 4805 883 4904 quique
911 4848 971 4888 ea
994 4832 1060 4887 de
1077 4844 1235 4886 causa
1255 4827 1558 4899 gaudebant
1583 4837 1641 4883 et
1681 4824 1997 4881 latabantur
2015 4863 2030 4885 ,
2062 4830 2121 4873 ut
2153 4821 2235 4874 di-

2332 4820 2417 4873 διὰ
2442 4819 2531 4872 τὸν
2556 4818 2699 4871 ἔλεον
2720 4814 2814 4868 τοῦ
2844 4814 2977 4867 Θεοῦ
3010 4812 3336 4865 άπολαόοῦσι
3373 4811 3432 4862 τὸ
3475 4807 3725 4878 πατρῷον
3778 4805 3896 4857 ἑδα-

682 4929 903 4981 cituru
936 4924 1224 4977 Venientes
1268 4930 1449 4975 autem
1495 4920 1711 4974 venient
1754 4919 1806 4972 in
1855 4910 2230 4978 exsultatione,

2334 4929 2448 4981 φος,
2478 4910 2569 4963 καὶ
2595 4909 2687 4961 ἐπὶ
2704 4908 2875 4975 τούτῳ
2891 4905 3136 4974 χαίρουσι
3164 4905 3255 4955 καὶ
3281 4901 3738 4972 εύφραινομένοις,
3758 4896 3898 4950 κατὰ

686 5026 960 5087 portantes
985 5013 1279 5081 manipulos
1303 5027 1430 5068 suos
1455 5011 1521 5065 ".
1563 5031 1581 5062 ι
1613 5010 1842 5063 Sanctos
1890 5020 2051 5075 porro
2082 5014 2233 5057 vocat

2334 5004 2394 5055 τὸ
2419 5000 2700 5072 είρημένον
2720 5016 2732 5027 ·
2758 5016 2776 5048 ι
2824 4996 3129 5067 Ἐρχόμενοι
3154 4995 3209 5047 δὲ
3230 4995 3445 5063 ἥξουσιν
3470 4996 3526 5045 ὲν
3562 4990 3897 5059 ἀγαλλιάσει,

687 5125 783 5163 eos
810 5108 901 5177 qui
965 5105 1279 5174 pmnitentia
1323 5103 1664 5157 sanctitatem
1711 5101 1812 5154 sibi
1853 5105 2229 5168 procurarunt.

2339 5093 2579 5163 αἴροντες
2624 5089 2691 5144 τὰ
2723 5088 3010 5159 δράγματα
3072 5086 3269 5139 αὐτῶν.
3316 5106 3333 5135 ι
3378 5086 3590 5152 Ἀγίους
3636 5082 3692 5135 δὲ
3748 5082 3902 5135 καλεῖ

692 5171 1112 5267 Hierosolymam
1145 5210 1270 5250 vero
1306 5194 1516 5249 [lentem
1541 5192 1747 5248 inducit
1776 5192 2054 5263 prepheta,
2094 5188 2235 5255 quod

2340 5186 2464 5246 τοὺς
2486 5183 2574 5235 διὰ
2609 5180 2709 5251 τῆς
2745 5176 3025 5250 μετανοίας
3081 5178 3171 5229 τὸν
3218 5176 3483 5244 ἁγιασμὸν
3530 5171 3900 5242 ἐφελκυσαμέ-

692 5274 1163 5342 eommiseratione
1198 5294 1371 5339 motus
1400 5284 1562 5339 talem
1603 5283 1744 5336 illam
1772 5296 1890 5337 esse
1923 5281 2022 5335 sibi
2056 5288 2237 5333 mente

2343 5292 2483 5338 νους.
2523 5272 2826 5326 Κλαίουσαν
2856 5272 2911 5325 δὲ
2938 5273 3035 5341 τὴν
3080 5267 3429 5340 Ἰερουσαλὴμ
3456 5264 3660 5331 εἰσάγει
3689 5264 3719 5315 ὁ
3768 5279 3905 5334 προ-

691 5378 1022 5434 formaverit.
1062 5376 1165 5431 Pro
1213 5375 1301 5429 illo
1335 5384 1533 5440 autem,
1588 5392 1607 5426 ι
1646 5375 1840 5429 Vocem
1880 5372 2127 5427 clamoris
2163 5370 2238 5424 tui

2346 5366 2518 5435 φήτης
2544 5404 2558 5427 ,
2616 5363 3005 5435 προανατυπὼν
3061 5362 3229 5431 αὐτὴν
3290 5355 3544 5424 τοιαύτην
3594 5354 3734 5407 κατὰ
3784 5352 3907 5406 νοῦν

694 5472 906 5538 quando
929 5469 1082 5533 vidit,
1108 5467 1380 5523 exaudivit
1409 5476 1481 5532 te,
1515 5484 1534 5519 ι
1580 5464 1934 5535 Symmachus
1957 5463 2054 5524 ait,
2090 5479 2109 5513 ι
2133 5461 2239 5515 Vo-

2347 5455 2534 5509 ὲαυτοῦ
2552 5458 2664 5518 τοῖς
2690 5454 2790 5525 τῆς
2814 5454 3150 5524 συμπαθείας
3182 5450 3521 5517 σπλάγχνοις.
3542 5444 3685 5498 Ἀντὶ
3706 5445 3763 5497 δὲ
3790 5442 3906 5499 τοῦ.

697 5576 814 5617 cem
844 5561 1095 5617 clamoris
1121 5562 1221 5627 tui,
1248 5562 1385 5617 sicut
1422 5533 1665 5616 auditum
1693 5556 1875 5622 fuerit,
1909 5554 2091 5611 audiet
2116 5563 2186 5609 te.
2221 5574 2239 5605 ι

2349 5568 2365 5599 ι
2403 5548 2513 5620 Τὴν
2535 5548 2718 5620 φωνὴν
2739 5546 2841 5617 τῆς
2872 5544 3113 5618 κραυγῆς
3156 5560 3250 5595 σου
3284 5540 3443 5611 ἡνίκα
3469 5533 3607 5591 εἶδεν
3626 5577 3639 5603 ,
3668 5537 3904 5606 ἐπήκου-

771 5736 814 5776 ¹⁸
844 5735 984 5793 Psal.
1010 5749 1169 5801 cxxv,
1194 5738 1247 5792 θ.
