4100 6434
228 447 332 507 309

1155 428 1678 493 COIIIENTANA.
1705 426 1772 482 ΙΝ
1813 423 2072 482 ιδΑιΔιι.
2113 450 2181 465 --
2218 420 2370 476 CAP.
2407 418 2576 475 XXX.

3393 409 3497 464 310

231 566 291 622 σι
333 581 456 630 σου,
500 585 521 617 ι
577 565 605 618 ό
628 558 916 632 Σύμμαχος
948 572 1103 627 φησι,
1150 572 1171 606 t
1203 552 1317 623 τὴν
1351 547 1534 620 φωνὴν
1563 546 1661 616 τῆς
1700 542 1827 632 βοῆς

1933 537 2122 595 Simile
2158 546 2334 593 autem
2373 534 2499 591 huic
2548 540 2632 587 est
2690 527 2845 591 illud,
2909 543 2929 578 ι
2973 508 3282 581 Secundum
3335 522 3495 632 suos.

232 674 351 722 σου,
380 654 579 719 καθὼς
605 654 674 708 δν
710 631 987 719 Ϋάκόυσθῇ,
1025 642 1215 700 ἀκούει
1265 658 1383 694 σου.
1418 658 1437 690 ι
1491 637 1720 706 Ὅμοιον
1769 631 1828 685 δὲ

230 747 428 818 τούτῳ,
466 764 486 797 ι
523 742 684 800 Κατὰ
706 741 803 811 τὴν
823 739 1004 793 πίστιν
1051 751 1147 789 σου
1177 730 1464 803 γενηθήτω
1495 743 1602 818 σοι,
1644 743 1664 777 ι
1703 725 1827 818 εἰω-

233 839 349 892 θότι
377 813 642 903 λέγεσθαι
677 831 781 885 ὑπὸ
802 828 897 883 τοῦ
915 825 1190 895 Σωτῆρος.
1222 821 1338 876 Νῦν
1373 820 1471 891 μιν
1489 816 1622 888 γὰρ,
1641 813 1826 884 φησὶν,

234 930 335 982 οὐκ
361 926 626 988 ικλαυσε,
649 921 767 976 καθ’
793 921 976 992 ιτερον
1001 917 1064 970 δι
1084 912 1277 984 καιρὸν
1304 910 1462 964 τοῦτο
1487 909 1653 961 ποιεῖ.
1685 903 1830 973 Πλὴν

236 1022 265 1073 ὁ
294 1018 455 1086 λόγος
494 1016 754 1086 παραινεῖ
791 1012 929 1082 αὐτῇ
972 1008 1103 1079 βοᾷν
1126 1006 1265 1077 πρὸς
1286 1003 1379 1056 τδν
1404 1000 1538 1054 Θεὸν
1577 998 1824 1051 πάντοτε.

1207 1137 1222 1162 ,
1277 1087 1706 1164 άποκριθήσεταί
1750 1103 1828 1139 σοι

235 1199 501 1264 ὀΘεός.»

309 1311 330 1343 ε
365 1291 483 1345 Καὶ
513 1289 679 1343 δώσει
705 1287 907 1359 Κύριος
937 1286 1066 1355 ὑμῖν
1087 1283 1251 1354 ᾶρτον
1280 1277 1533 1348 θλίψεως,
1563 1275 1654 1328 καὶ
1686 1271 1829 1340 ὕδωρ

240 1382 428 1437 στενόν
449 1396 463 1410 ·
491 1382 591 1436 καὶ
608 1379 790 1434 οὐκετι
825 1377 901 1448 μὴ
930 1373 1191 1445 ἐγγίσωσι
1218 1389 1300 1425 σοι
1321 1371 1369 1423 οί
1394 1365 1702 1428 πλανῶντές
1729 1381 1787 1417 σε
1812 1384 1824 1395 ·

236 1475 318 1529 δτι
348 1475 400 1527 οί
429 1471 704 1542 ὀφθαλμοί
733 1486 827 1523 σου
846 1467 1067 1538 δψονται
1085 1467 1212 1529 τοὺς
1237 1460 1553 1524 πλανῶντάς
1596 1474 1656 1510 σε
1673 1475 1686 1488 ⁸
1738 1457 1831 1510 καὶ

237 1563 304 1617 τὰ
332 1557 456 1617 ὦτά
485 1579 584 1616 σου
623 1560 950 1626 ἀκούσονται
977 1558 1105 1620 τοὺς
1162 1555 1355 1623 λόγους
1377 1552 1487 1606 τῶν
1545 1548 1721 1602 ὀπίσω
1771 1563 1829 1598 σε

241 1652 643 1723 πλανησάντων
665 1667 680 1682 ν
713 1653 762 1705 οί
787 1651 1065 1719 λέγοντες·
1088 1645 1238 1718 Αὕτη
1264 1646 1300 1716 ὴ
1317 1642 1454 1706 ὁδὸς,
1479 1637 1832 1712 πορευθῶμεν

237 1743 295 1796 εν
327 1744 500 1816 αὐτῇ,
528 1742 642 1797 εἴτε
668 1742 837 1808 δεξιὰ,
870 1740 981 1794 εῐτε
1013 1737 1298 1811 ἀριστερά.
1332 1754 1350 1786 ι
1371 1733 1623 1788 Διδάσκει
1650 1729 1706 1782 δι
1745 1729 1834 1782 διὰ

237 1835 472 1898 τούτων,
510 1835 588 1898 ὡς
610 1836 670 1888 ιν
697 1836 795 1905 μιν
813 1832 1038 1904 meum
1068 1829 1169 1899 τῆς
1203 1827 1461 1881 ἐπανόδου
1488 1823 1690 1894 πολλῆς
1718 1821 1830 1875 θλι-

1933 642 2077 686 tuam
2128 629 2221 684 fiat
2260 627 2395 692 tibi,
2439 643 2459 678 ι
2515 622 2658 694 quod
2693 636 2724 676 a
2761 618 3042 674 Salvatore
3086 615 3194 671 d-ici
3224 613 3379 670 solet.
3434 611 3503 668 Et

1932 737 2076 778 nunc
2095 720 2334 791 quidem,
2366 717 2463 783 ait,
2518 729 2624 771 non
2672 711 2842 774 flevit,
2885 709 2983 764 sed
3025 707 3134 762 alio
3168 716 3411 775 tempore
3448 704 3501 758 id

1929 812 2223 884 praestabit.
2262 809 2532 865 Ceterum
2573 805 2662 861 hic
2685 810 2963 866 monetur,
2993 798 3136 854 utad
3165 796 3336 852 Deum
3360 810 3504 852 sens-

1931 920 2030 976 per
2054 904 2271 959 clamet.
2318 920 2337 955 ι
2377 901 2458 956 Ad
2480 911 2664 955 vocem
2692 904 2863 962 tuam,
2897 891 3110 962 lnqult,
3148 887 3501 958 respondebit

1931 998 2025 1054 tibi
2051 997 2211 1052 Deus.
2245 1015 2263 1047 ο
2586 992 2592 998 ’

2007 1259 2166 1314 Vens.
2204 1259 2294 1324 20,
2322 1258 2413 1312 2i.
2460 1278 2478 1310 ι
2527 1257 2592 1313 Et
2625 1257 2777 1313 dabit
2803 1255 2959 1311 vobis
3011 1253 3272 1309 Dominus
3312 1265 3505 1322 panem

1932 1353 2254 1416 amictionis,
2280 1361 2335 1405 et
2359 1365 2552 1420 aquam
2577 1357 2862 1418 angustam
2883 1363 2896 1398 :
2917 1355 2972 1400 et
3010 1357 3348 1414 nequaquam
3367 1340 3505 1394 ultra

1932 1443 2438 1514 appropinquabunt
2468 1441 2562 1495 tibi
2587 1440 2699 1511 [qui
2738 1453 2923 1494 errare
2985 1436 3192 1491 faciunt
3241 1443 3334 1498 te,
3380 1432 3509 1502 quia

1932 1537 2070 1591 oculi
2117 1536 2191 1590 tui
2241 1533 2498 1590 videbunt
2535 1548 2660 1596 eos,
2701 1532 2794 1602 qui
2840 1545 3028 1585 errare
3065 1528 3268 1582 faciunt
3308 1534 3362 1580 te
3403 1540 3417 1576 :
3453 1534 3511 1578 et

1933 1645 2094 1684 aures
2121 1639 2225 1683 tum
2272 1629 2492 1682 audient
2522 1628 2685 1680 verba
2726 1639 2913 1680 eorum
2972 1621 3064 1693 qni
3108 1627 3425 1675 retrorsum.
3458 1626 3512 1671 te

1934 1735 2124 1776 errare
2154 1719 2402 1775 fecerunt
2433 1737 2446 1772 :
2479 1717 2571 1786 qui
2600 1717 2789 1772 dicunt
2823 1734 2837 1770 :
2877 1715 3000 1768 llaec
3026 1714 3138 1777 via,
3170 1710 3513 1765 ambulemus

1935 1811 1988 1866 in
2027 1827 2126 1876 ea,
2170 1813 2284 1867 sive
2319 1812 2387 1864 ad
2425 1811 2708 1873 dextram,
2749 1809 2864 1863 sive
2898 1807 2963 1859 ad
3008 1805 3312 1859 sinistram.
3349 1821 3369 1856 ι
3410 1800 3511 1857 Hic

237 1926 383 1997 ψως
407 1891 680 1996 μὲτέᾶχον
697 1891 754 1976 oi.
779 1891 887 1976 διτῶ
927 1891 1038 1992 is};
1056 1891 1159 1989 γῆς
1190 1916 1456 1986 πολεμίας
1505 1891 1824 1967 ἐπανελθόν-

1930 1905 2109 1968 docet,
2151 1918 2246 1959 eos
2296 1903 2386 1974 qui
2442 1916 2508 1956 ex
2539 1901 2758 1955 inimica
2810 1909 2956 1954 terra
2998 1898 3198 1952 reversi
3257 1906 3422 1961 sunt,
3457 1897 3508 1948 in

238 2033 351 2082 τες,
387 2016 504 2069 τῶν
543 2012 866 2084 περιχώρων
907 2009 1194 2064 θλιϐόντων
1223 2006 1443 2069 αὐτοὺς,
1494 2004 1572 2066 ὡς
1623 2005 1717 2056 καὶ
1763 2002 1823 2055 τὸ

241 2105 401 2174 ιργον
435 2089 692 2173 ἰπισχεῖῖν
723 2104 822 2172 τῆς
858 2099 1143 2170 οἰκοδομῆς
1169 2098 1264 2152 τοῦ
1297 2097 1466 2168 ἱεροῦ.
1514 2097 1687 2151 Τοῦτο
1729 2093 1822 2152 οὖν

242 2197 337 2249 καὶ
368 2198 430 2249 ιν
452 2197 524 2265 τῇ
559 2193 772 2265 ἱστορίᾳ
805 2194 862 2244 ὲν
883 2193 950 2262 τῇ
985 2189 1151 2260 βίϐλῳ
1193 2189 1289 2242 τοῦ
1325 2188 1530 2260 Ἔσδρα
1561 2189 1819 2243 διδάσκει.

243 2286 335 2340 Διὸ
365 2285 556 2339 οὐκέτι
587 2281 915 2354 πλανήσουσί
967 2296 1058 2334 σε·
1113 2281 1163 2332 εί
1223 2278 1333 2349 γάρ
1382 2281 1474 2332 καὶ
1516 2277 1824 2350 πειραθεῖεν

237 2377 397 2430 τοῦτο
444 2375 657 2448 πρᾶξαί
707 2391 872 2438 τινες,
903 2371 1016 2426 ἀλλ’
1048 2372 1100 2425 0i
1153 2369 1421 2440 ὀφθαλμοί
1462 2387 1556 2424 σου
1605 2370 1824 2439 ὄψονται

240 2466 462 2529 αὐτούς.
510 2465 733 2528 Ἰδόντες
785 2463 843 2516 δι
890 2461 1086 2524 αὐτοὺς
1125 2461 1224 2513 καὶ
1255 2461 1547 2530 νοήσαντες
1567 2500 1582 2524 ,
1605 2462 1666 2514 οὐ
1692 2462 1824 2515 πλα-

243 2557 594 2628 νηθήσονται.
624 2555 734 2609 Καὶ
782 2553 941 2607 πάλιν
975 2552 1024 2604 εί
1053 2550 1358 2622 πειραθεῖεν
1396 2552 1606 2628 ἑτέροις
1645 2551 1823 2620 λόγοις

242 2651 546 2721 ἀπατηλοῖς
576 2645 904 2718 διαστροφάς
925 2645 1062 2717 πρὸς
1088 2646 1232 2715 ὑμᾶς
1263 2644 1466 2702 λαλεῖν,
1489 2646 1586 2698 καὶ
1621 2645 1824 2698 τούτων

243 2739 312 2794 τὰ
337 2742 565 2812 ῥήματα
592 2739 656 2792 οὐ
687 2734 1075 2810 παραδέξονται
1110 2735 1180 2789 τὰ
1212 2729 1329 2789 ὦτά
1356 2753 1448 2788 σου
1467 2752 1480 2766 ο
1531 2735 1633 2789 κᾶν
1679 2737 1822 2790 άπα-

241 2831 443 2895 τῶντες
469 2831 684 2900 λέγοιεν
702 2845 715 2859 ·
749 2848 768 2880 ι
794 2829 999 2914 Δδτηὴ
1019 2827 1155 2894 ὁδὸς,
1188 2826 1540 2898 πορευθῶμεν
1579 2829 1637 2880 tv
1664 2829 1823 2901 αὐτῇ,

246 2922 358 2976 εἴτε
383 2922 562 2988 δεξιὰ,
591 2922 705 2976 εῐτε
735 2920 1028 2991 ἀριστερά·
1071 2938 1091 2971 ι
1121 2919 1179 2972 οὐ
1206 2917 1476 2990 πεισθήσῃ
1499 2918 1609 2990 γὰρ
1646 2920 1826 2984 αὐτοῖς

247 3013 466 3083 λέγουσι
498 3013 706 3068 ταῦτα’
739 3012 853 3066 ἀλλ’
886 3010 1004 3082 ὀδῷ.
1019 3011 1272 3082 βασιλικῇ
1296 3012 1557 3083 πορεύσῃ,
1578 3014 1678 3082 τὴν
1727 3014 1824 3082 μέ-

251 3121 347 3176 σην
381 3105 610 3171 όδεύων,
641 3103 733 3157 καὶ
761 3104 834 3174 μὴ
854 3103 1115 3157 ἐκκλίνων
1139 3103 1276 3172 μήτε
1305 3105 1383 3167 είς
1413 3103 1563 3167 δεξιὰ
1591 3105 1724 3175 μήτε
1749 3107 1826 3168 εἰς

247 3196 536 3269 ἀριστερά»

313 3306 332 3338 ι
360 3288 476 3342 Καὶ
516 3288 732 3359 μιανεῐς
756 3285 826 3340 τὰ
851 3285 1041 3340 είδωλα
1066 3287 1135 3341 τὰ
1171 3289 1684 3361 περιηργυρωμένα,
1737 3289 1829 3342 καὶ

247 3377 776 3450 περικεχρυσωμένα
809 3375 979 3430 λεπτὰ
1007 3379 1280 3449 ποιήσεις,
1315 3379 1408 3431 καὶ
1446 3379 1729 3450 λικμήσεις
1755 3381 1828 3444 ὡς

251 3465 391 3541 ὕδωρ
409 3466 865 3538 άποκαθημένης,
895 3468 988 3522 καὶ
1015 3468 1091 3533 ὡς
1124 3470 1326 3542 κόπρον
1346 3470 1505 3534 diost;
1526 3471 1680 3525 αὑτά.
1695 3472 1827 3524 Τότε

251 3559 400 3615 ἕσται
420 3564 451 3616 ό
483 3560 644 3624 ὑετὸς
671 3558 748 3629 τῷ
780 3559 1052 3631 σπέρματι
1070 3562 1170 3632 τῆς
1201 3562 1306 3631 γῆς
1336 3578 1450 3623 σου,
1485 3561 1578 3614 καὶ
1605 3563 1634 3612 ὁ
1665 3561 1827 3631 ἄρτος

254 3653 345 3706 τοῦ
374 3656 720 3726 γεννήματος
763 3653 864 3720 τῆς
896 3651 1000 3722 γῆς
1050 3669 1144 3706 σου
1194 3653 1346 3706 ισται
1393 3652 1676 3724 πλησμονὴ
1734 3654 1828 3706 καὶ

252 3743 497 3819 λιπαρός.
546 3764 567 3797 ι
604 3744 791 3798 Πάντα
827 3745 907 3808 είς
934 3745 994 3798 σε
1038 3745 1458 3816 πληρωθήσεται
1507 3747 1566 3797 ὲν
1606 3744 1828 3815 εὐθηνία

253 3836 438 3909 πολλῇ,
463 3837 563 3892 καὶ
595 3835 872 3911 βαθυτάτῃ
899 3839 1091 3910 εἰρήνη
1132 3837 1230 3908 τὴν
1273 3837 1419 3907 ζωὴν
1466 3835 1823 3892 διατελοῦντιο

251 3925 438 3991 ὡςκαὶ
466 3927 622 3999 παρὰ
651 3929 733 3981 σοὶ
759 3927 892 3994 ζῶα,
925 3929 1018 3983 καὶ
1041 3928 1272 3999 μάλιστα
1305 3929 1404 4000 τὴν
1433 3928 1614 4002 χώραν
1658 3946 1828 4001 γεωρ-

251 4019 448 4089 γοῦντα
470 4061 488 4086 ,
516 4019 852 4091 πληροῦσθαι
876 4021 973 4092 τῆς
1000 4021 1181 4083 αὐτοῖς
1209 4019 1351 4074 κατὰ
1373 4023 1534 4090 φύσιν
1550 4022 1774 4092 τροφῆς.

326 4129 346 4162 ι
384 4113 502 4167 Καὶ
527 4109 924 4182 βοσκηθήσεταί
951 4127 1044 4164 σου
1074 4110 1143 4164 τὰ
1171 4113 1343 4184 κτήνη
1369 4115 1434 4183 τῇ
1471 4112 1654 4184 ἡμέρᾳ
1682 4114 1826 4166 εκεί-

254 4203 503 4276 νῃτὸπον
530 4203 692 4256 πίονα
715 4203 809 4256 καὶ
827 4202 1156 4274 εὐρύχωρον.
1189 4204 1252 4256 0i
1297 4203 1488 4274 ταῦροι
1519 4203 1675 4274 ὑμῶν
1735 4206 1829 4258 καὶ

251 4294 301 4347 οί
333 4295 454 4366 βόες
486 4296 540 4348 οἱ
559 4292 914 4365 ἔργαζόμενοι
934 4293 1032 4365 τὴν
1059 4281 1166 4365 γῆν
1193 4294 1457 4364 φάγονται
1481 4296 1661 4374 ἄχυρα
1699 4297 1829 4350 ἁνα-

253 4383 600 4457 πεποιημινα
625 4383 684 4434 ὲν
720 4382 880 4454 κριθῇ
925 4382 1320 4457 λελικμημενῃ.
1382 4384 1491 4438 Καὶ
1531 4384 1686 4437 ἔσται
1736 4386 1830 4439 επὶ

255 4478 449 4541 παντὸς
492 4476 660 4547 δρους
687 4473 890 4546 ὑψηλοῦ
922 4476 1016 4528 καὶ
1044 4476 1139 4529 tut
1168 4475 1368 4539 παντὸς
1409 4475 1597 4546 βουνοῦ
1628 4476 1829 4548 μετεώ-

1926 1995 2192 2065 principio
2232 1996 2439 2049 reditus
2460 1994 2656 2048 multas
2696 2007 2968 2047 :erumnas
3013 2001 3174 2054 atque
3227 1989 3508 2044 molestias

1925 2100 1954 2138 a
1984 2085 2229 2140 linitimis
2254 2087 2368 2140 suis
2397 2098 2518 2140 esse
2545 2097 2866 2154 perpessos,
2904 2083 2977 2136 ita
3017 2089 3074 2136 ut
3098 2080 3300 2150 templi
3337 2080 3506 2136 fabri-

1925 2192 2047 2232 catn
2076 2177 2413 2232 cohiberent.
2440 2175 2495 2230 Id
2524 2190 2653 2231 vero
2678 2175 2731 2230 in
2767 2175 2992 2230 historia
3019 2173 3140 2227 libri
3189 2171 3378 2227 Esdra:
3415 2173 3513 2227 de-

1928 2271 2184 2326 claratur.
2218 2270 2581 2337 Quamobrem
2621 2282 2726 2323 non
2759 2265 2899 2322 ultra
2942 2279 3130 2320 errare
3186 2274 3239 2318 te
3271 2263 3507 2328 facient;

1924 2365 2136 2418 etiamsi
2179 2365 2323 2420 enim
2374 2363 2592 2434 quidam
2640 2362 2691 2416 id
2741 2359 3096 2422 tentaverint,
3144 2368 3199 2411 at
3239 2359 3382 2412 oculi
3433 2359 3511 2412 tui

1926 2457 2185 2512 videbunt
2229 2457 2371 2512 illos.
2411 2456 2547 2512 Cum
2597 2468 2758 2523 porro
2805 2453 3031 2507 videant
3077 2461 3132 2504 ct
3181 2451 3510 2521 intelligant,

1927 2565 2270 2622 nequaquam
2301 2550 2353 2604 in
2385 2562 2626 2605 errorem
2665 2545 3021 2600 deducentur.
3072 2541 3422 2613 Rursumque
3461 2543 3508 2597 si

1926 2646 2168 2703 subdolis
2218 2645 2608 2713 fallacibusque
2649 2638 2810 2696 dictis
2861 2649 3115 2706 perversa
3165 2633 3321 2688 vobis
3362 2632 3511 2702 loqui

1927 2747 2208 2801 conentur,
2242 2737 2436 2791 borum
2466 2735 2631 2790 verba
2682 2746 2788 2786 non
2825 2730 3101 2799 excipient
3143 2742 3307 2782 aures
3359 2736 3463 2781 tua:
3495 2744 3508 2775 -.

1926 2829 2140 2883 etiamsi
2167 2828 2435 2883 fallaciter
2465 2827 2670 2890 dicant,
2715 2842 2734 2874 ι
2769 2823 2893 2878 Haec
2924 2824 3030 2884 via,
3065 2821 3408 2874 ambulemus
3453 2819 3507 2874 in

1927 2935 2015 2988 ea,
2033 2922 2147 2977 sive
2172 2921 2242 2976 ad
2263 2921 2532 2984 dextram,
2557 2919 2672 2974 sive
2694 2919 2762 2971 ad
2785 2915 3062 2971 sinistram
3091 2931 3104 2966 :
3133 2932 3152 2964 ι
3190 2912 3274 2967 his
3311 2912 3513 2980 quippe

1929 3013 2056 3067 talia
2087 3010 2463 3068 eﬂutientibus
2507 3026 2614 3066 non
2648 3007 3088 3077 obtemperabis;
3124 3006 3217 3061 sed
3262 3005 3315 3059 in
3363 3007 3507 3073 regia

1930 3106 2015 3159 via
2056 3103 2382 3168 ambulabis,
2429 3103 2662 3158 mediam
2723 3111 2953 3166 tenens,
2995 3113 3169 3168 neque
3227 3097 3510 3153 declinans

1855 3222 1897 3280 ο
1932 3196 2000 3250 ad
2027 3194 2312 3250 dexteram
2349 3194 2433 3250 vel
2464 3197 2531 3248 ad
2561 3195 2858 3250 sinistram.

2000 3285 2382 3342 “asia-35.
2443 3305 2462 3340 ι
2504 3287 2570 3341 Ει
2615 3286 3011 3342 contaminabis
3050 3285 3190 3340 idola
3246 3286 3512 3356 dcargcn-

1933 3387 2070 3444 tata,
2101 3385 2158 3432 et
2195 3377 2458 3432 deaurata
2513 3379 2870 3442 comminues,
2915 3387 2970 3433 et
3027 3377 3308 3448 disperges
3370 3378 3512 3432 sicut

1930 3482 2124 3536 aquam
2166 3478 2540 3537 menstruam,
2566 3479 2621 3523 et
2674 3470 2818 3523 sicut
2873 3479 3086 3524 stercus
3137 3469 3362 3538 abjicics
3421 3484 3508 3522 ca.

1929 3558 2081 3614 Tunc
2101 3559 2206 3614 erit
2244 3560 2424 3629 pluvia
2460 3559 2657 3615 semini
2687 3567 2846 3613 terrae
2879 3571 3006 3622 tuae,
3033 3569 3088 3614 ct
3119 3560 3271 3628 panis
3292 3558 3510 3630 frugum

1933 3658 2092 3705 terra
2123 3660 2229 3707 tuas
2278 3652 2386 3708 erit
2424 3651 2708 3706 abundans
2741 3658 2796 3705 et
2821 3650 3060 3721 pinguis.
3091 3669 3110 3702 ι
3144 3649 3338 3706 Omnia
3366 3652 3510 3720 apud

1933 3747 1986 3794 te
2030 3739 2188 3810 copia
2245 3757 2429 3796 rerum
2480 3741 2872 3811 implebuiitur,
2925 3749 2981 3796 et
3043 3739 3306 3794 altissima
3380 3755 3512 3810 pace

1929 3830 2158 3900 frueris;
2193 3834 2266 3889 ita
2299 3834 2627 3889 utanimalia
2649 3843 2759 3898 tua,
2792 3835 3135 3902 maximeque
3164 3849 3226 3888 ea
3262 3849 3382 3903 qua:
3416 3849 3512 3890 co-

1931 3923 2104 3980 lendis
2123 3925 2270 3996 agris
2301 3926 2419 3980 usui
2438 3925 2798 3998 sunt,pabulo
2823 3934 3034 3980 natura:
3057 3939 3168 3980 sua:
3185 3925 3509 3995 congruenti

1931 4016 2228 4072 abundent.
2263 4036 2282 4070 ι

2009 4127 2028 4161 ι
2053 4108 2119 4163 Et
2141 4119 2431 4178 pascentur
2446 4110 2684 4178 iumenta
2721 4117 2807 4163 tua
2839 4109 2892 4163 in
2923 4109 3010 4164 dic
3039 4109 3128 4163 illa
3151 4109 3206 4163 in
3239 4109 3358 4165 loco
3385 4111 3509 4181 pin-

1927 4200 2017 4271 gui
2053 4209 2110 4256 et
2133 4202 2394 4270 spatioso.
2429 4201 2592 4257 Tauri
2625 4203 2886 4260 vestri'et
2924 4203 3114 4266 boves,
3155 4203 3246 4270 qui
3280 4217 3513 4272 operan-

1931 4301 2024 4347 tur
2062 4302 2290 4358 terram,
2341 4294 2624 4349 comedent
2686 4294 2874 4366 paleas
2920 4293 3246 4348 commixtas
3305 4296 3512 4364 hordeo

1930 4384 2214 4440 ventilato.
2239 4384 2306 4441 Et
2331 4386 2439 4441 erit
2476 4401 2638 4457 super
2675 4402 2890 4452 omnem
2935 4393 3174 4442 montem
3231 4388 3512 4443 excelsum

1931 4487 1988 4532 et
2009 4490 2172 4546 super
2209 4490 2427 4531 omnem
2457 4476 2650 4532 collem
2698 4478 2985 4534 sublimem
3025 4494 3163 4548 aqua
3209 4479 3509 4534 decurrens

257 4580 344 4624 οου
374 4564 526 4636 ὕδωρ
551 4563 1004 4635 διαπορευόμενον
1032 4564 1091 4617 ιν
1114 4565 1182 4634 τῇ
1226 4562 1412 4635 ἡμέρᾳ
1449 4564 1656 4634 εκείνη,
1701 4565 1827 4618 ὅταν

1933 4567 1990 4622 in
2016 4565 2105 4621 die
2135 4565 2248 4633 illa,
2275 4582 2396 4621 cum
2437 4567 2702 4638 perierint
2721 4568 2898 4634 multi,
2921 4577 2978 4622 et
3023 4584 3146 4623 cum
3197 4568 3510 4625 ceciderint

254 4653 559 4711 ἀπόλωνται
620 4653 805 4709 πολλοὶ
827 4695 843 4722 ,
885 4654 981 4709 καὶ
1033 4655 1164 4708 όταν
1212 4656 1420 4710 πέσωσι
1475 4656 1697 4728 πύργοι.
1737 4677 1754 4706 ι
1798 4657 1832 4727 ἢ

255 4748 386 4802 κατὰ
406 4749 508 4803 τὸν
526 4745 843 4817 Σύμμαχον,
867 4764 884 4794 ι
913 4747 969 4799 ὲν
983 4745 1168 4817 ἡμέρᾳ
1188 4748 1402 4818 σφαγῆς
1427 4748 1646 4818 πολλῆς,
1675 4750 1734 4802 ὲν
1755 4748 1832 4818 τῷ

258 4843 431 4894 πεσεῖν
465 4837 788 4911 μεγάλους.»
813 4837 960 4891 Πότε
976 4837 1034 4891 δὲ
1060 4837 1210 4891 ἔσται
1235 4841 1268 4908 ἡ
1304 4840 1472 4909 πολλὴ
1501 4840 1705 4910 σφαγὴ,
1740 4842 1833 4894 καὶ

257 4929 378 4983 πότε
404 4929 710 4986 πεσοῦνται
733 4931 784 4982 0i.
813 4929 1060 5001 μεγάλοι,
1094 4929 1127 5002 ἢ
1173 4929 1315 4983 κατὰ
1339 4931 1432 4984 τὸν
1481 4931 1674 5002 καιρὸν
1731 4931 1829 5002 τῆς

258 5018 478 5075 καθόλου
509 5019 746 5091 κρίσεως
762 5019 862 5089 τῆς
879 5019 1019 5090 μετὰ
1045 5019 1145 5089 τὴν
1177 5020 1484 5075 συντέλειαν
1510 5021 1607 5075 τοῦ
1635 5022 1830 5084 αἰῶνος

257 5108 431 5166 τούτου
448 5109 828 5182 γεγενημένης
843 5110 978 5181 (38);
1007 5111 1096 5164 Διὸ
1110 5109 1324 5182 εἴρηται
1342 5113 1483 5168 κατὰ
1506 5111 1828 5175 τοὺςἙὸδο-

259 5203 519 5274 μήκοντα,
557 5220 578 5255 ε
612 5201 778 5256 Ὅταν
819 5203 1026 5256 πέσωσι
1052 5201 1270 5275 πύργοι,
1301 5204 1396 5257 καὶ
1433 5204 1560 5258 ὅταν
1584 5206 1827 5259 ἀπόλων-

244 5307 336 5346 ται
372 5292 585 5348 πολλοιῐ
620 5309 642 5344 ι
681 5290 870 5345 Πολλοὶ
909 5293 1020 5364 γὰρ
1077 5293 1195 5346 κατ’
1255 5295 1460 5347 ἐκεῖνον
1502 5295 1828 5348 ἀπολοῦνται

257 5379 584 5456 ⁴ιεδνχρόνον,
618 5381 680 5434 ἑν
722 5374 767 5448 ᾧ
809 5383 902 5435 καὶ
949 5380 1018 5434 τὰ
1061 5383 1444 5454 ἐπηγγελμένα
1492 5386 1604 5448 τοῖς
1659 5384 1829 5450 ἀξίοις

259 5471 672 5546 ἀποδοθήσεται.
739 5471 998 5526 Ἐνταῦθα
1054 5471 1177 5526 οὗτε
1226 5474 1321 5528 τοῦ
1358 5475 1569 5547 Ἰσραὴλ
1623 5493 1830 5546 μνημο-

260 5565 410 5634 νεύει,
431 5565 562 5620 οὺδὲ
589 5564 727 5629 ὅλως
757 5564 866 5617 τῶν
892 5563 1180 5630 Ἰουδαίων,
1200 5565 1337 5620 ἀλλὰ
1357 5567 1451 5620 τοῦ
1481 5566 1614 5622 λαοῦ
1643 5567 1830 5621 αὐτοῦ’

261 5656 328 5722 ὡς
356 5659 570 5722 πάντας
621 5656 748 5720 τοὺς
775 5656 959 5724 ἀξίους
998 5659 1356 5728 χρηματίζειν
1384 5658 1510 5715 λαὸν
1539 5659 1697 5728 Θεοῦ,
1733 5659 1832 5712 ﬁ”

261 5747 587 5824 ἐπαγγελίας
609 5746 843 5812 ἑξαπλου
849 5748 1036 5820 μένης.

320 5863 428 5938 (38)
469 5861 650 5920 Forte
679 5857 782 5931 lcg.
815 5861 1200 5935 γενησομένης.
1230 5863 1384 5920 Eutr.

1937 4668 2138 4723 turres,
2179 4677 2200 4710 ι
2247 4660 2363 4714 sive
2398 4660 2696 4715 secundum
2764 4660 3192 4730 Symmachum,
3244 4680 3264 4714 ι
3326 4662 3384 4716 In
3422 4662 3511 4716 die

1935 4749 2096 4805 cadis
2124 4748 2323 4815 multas,
2354 4765 2476 4804 cum
2495 4750 2694 4805 cadent
2714 4751 2918 4822 magni.
2953 4770 2972 4804 ι
3017 4740 3370 4820 Quandonam
3401 4767 3511 4807 ca:-

1934 4842 2030 4897 des
2063 4841 2232 4896 multa
2260 4843 2558 4911 continget,
2587 4852 2642 4898 et
2667 4845 3013 4912 quandonam
3050 4844 3228 4914 magni
3273 4844 3503 4908 cadent,

1931 4932 2034 4986 nisi
2069 4941 2310 5001 tempore
2344 4931 2670 4987 universalis
2692 4931 2902 4998 iudicii,
2934 4933 3075 5000 quod
3110 4941 3230 5002 post
3253 4947 3508 4989 consum-

1934 5023 2228 5078 mationem
2258 5021 2442 5078 saeculi
2472 5021 2632 5092 hujus
2661 5023 2944 5080 ferendum
2967 5024 3089 5078 est?
3113 5023 3292 5090 Quare
3319 5039 3512 5080 secun-

1937 5114 2062 5167 dum
2081 5109 2224 5166 LXX
2245 5111 2573 5183 Interpretcs
2594 5113 2814 5177 dicitur,
2853 5133 2873 5166 ι
2900 5130 3023 5168 cum
3066 5113 3264 5168 cadent
3306 5125 3507 5178 turres,

1934 5213 1990 5260 et
2029 5218 2152 5258 cum
2188 5204 2438 5272 peribunt
2493 5205 2668 5258 multi.
2707 5223 2727 5256 ι
2787 5204 2922 5260 Nam
2978 5220 3044 5260 co
3073 5214 3316 5272 tempore
3348 5205 3503 5260 multi

1936 5296 2209 5366 peribunt,
2240 5310 2350 5363 quo
2385 5297 2472 5359 iis,
2496 5297 2587 5364 qui
2617 5295 2764 5366 digni
2802 5305 2980 5358 erunt,
3027 5293 3293 5364 promissa
3348 5295 3512 5349 retri—

1937 5389 2187 5444 buentur.
2226 5385 2324 5442 Hic
2366 5401 2529 5456 porro
2556 5401 2730 5456 neque
2772 5386 3025 5442 lsraelem
3072 5399 3246 5454 neque
3292 5384 3511 5442 Judwos

1937 5488 2226 5542 memorat,
2254 5479 2349 5535 sed
2369 5478 2622 5550 populum
2652 5493 2846 5542 suum;
2877 5479 2951 5533 ita
2982 5489 3060 5544 ut,
3105 5476 3339 5544 expletis
3383 5493 3510 5546 pro-

1931 5569 2304 5638 missionibus,
2344 5585 2536 5628 omnes
2563 5571 2656 5641 qui
2695 5570 2840 5642 digni
2872 5579 3028 5627 crunt
3053 5611 3067 5634 ,
3119 5569 3346 5638 populus
3414 5570 3519 5629 Det

1933 5662 2304 5719 nominentur.
