4100 6446
588 470 684 524 511

1264 462 1529 519 EUSEBII
1564 461 2035 519 CESARIENSIS
2071 460 2216 517 OPP.
2258 459 2435 515 PARS
2476 458 2560 514 Ill.
2600 488 2670 499 —
2703 454 3107 515 EXEGETICA.

3700 455 3808 513 512

664 588 826 640 Vsus.
854 585 945 649 ες,
980 585 1067 638 27.
1109 602 1129 635 ι
1173 583 1357 637 Etcrit
1386 582 1472 635 lux
1498 582 1659 647 lunre,
1688 584 1839 652 quasi
1871 583 1955 636 lux
1985 584 2136 646 solis,

2311 601 2329 630 ι
2368 580 2476 633 Καὶ
2504 578 2655 631 ἔσται
2699 578 2760 631 τὸ
2792 578 2907 649 φῶς
2956 576 3055 647 τῆς
3083 575 3313 646 σελήνης
3340 574 3420 637 ὡς
3445 575 3508 628 τὸ
3546 571 3665 645 φῶς
3709 575 3806 630 τοῦ

592 678 747 732 ctlux
779 678 911 731 solls
936 678 1040 731 erit
1064 673 1485 743 scptempliciter
1513 676 1567 728 in
1616 675 1725 739 die,
1749 690 1872 729 cum
1913 689 2139 729 sanave-

596 769 663 821 rit
690 767 951 822 Dominus
986 764 1365 820 contritionem
1412 763 1591 833 populi
1646 766 1761 828 sui,
1795 775 1851 819 et
1901 764 2140 819 dolorem

594 860 763 928 plaga:
806 868 907 912 tua
935 856 1166 912 curabit.
1203 854 1338 909 Ecce
1370 870 1561 909 nomen
1596 855 1804 909 Domini
1850 854 2000 909 venit
2048 868 2145 922 per

597 950 821 1003 multum
843 959 1047 1018 tempus
1076 948 1304 1001 :ardens
1330 947 1479 1000 furor
1502 961 1621 1000 cum
1646 946 1835 1014 gloria.
1860 946 2141 1015 Eloquium

600 1042 863 1095 labiorum
889 1041 1023 1109 ejus,
1046 1038 1316 1106 eloquium
1342 1038 1435 1091 ira:
1467 1037 1704 1105 plenum,
1735 1047 1791 1090 et
1839 1038 1918 1091 ira
1946 1034 2143 1089 furoris

597 1135 717 1201 rjus
766 1134 903 1187 sicut
956 1131 1093 1199 ignis
1146 1129 1389 1183 devorat.
1421 1148 1440 1180 ι
1505 1130 1608 1184 Pro
1657 1131 1801 1183 dicto
1830 1129 1943 1192 illo,
1984 1147 2004 1181 ι
2047 1144 2144 1199 per

597 1224 822 1277 mullum
854 1232 1082 1291 tempus,
1124 1242 1143 1275 ι
1184 1222 1372 1292 reliqui
1402 1224 1746 1289 interpretes,
1783 1237 1801 1271 ι
1836 1223 1901 1276 de
1927 1222 2137 1290 longe,»

595 1317 903 1371 ediderunt.
929 1314 1195 1370 Observes
1225 1330 1387 1384 porro
1412 1314 1589 1377 velim,
1632 1328 1735 1367 non
1767 1313 1936 1381 ipsum
1963 1313 2143 1368 Domi-

598 1422 724 1460 num
785 1415 1066 1461 venturum
1124 1406 1256 1473 dici,
1320 1407 1414 1460 sed
1473 1420 1668 1460 nomen
1732 1404 1983 1469 Domini,
2037 1420 2143 1475 quo

593 1499 840 1553 Christus
878 1498 1289 1563 subindicatur;
1326 1498 1393 1551 de
1446 1497 1535 1553 illo
1572 1498 1767 1567 quippe
1796 1496 2002 1550 dictum
2037 1505 2141 1563 est,

596 1610 613 1640 ι
657 1589 974 1642 Benedictus
1002 1590 1087 1653 qui
1114 1588 1257 1640 venit
1281 1588 1333 1640 in
1360 1589 1576 1642 nomine
1607 1588 1838 1655 Domini,
1870 1589 2005 1643 Deus
2038 1588 2141 1643 Do-

592 1681 771 1733 minus
810 1687 865 1732 et
928 1677 1097 1729 illuxit
1131 1674 1284 1731 nobis
1305 1678 1371 1731 ’9.
1413 1698 1429 1729 ι
1468 1678 1600 1732 Cum
1628 1680 2145 1743 veneritautctn,ac

595 1771 888 1823 secundum
919 1769 1320 1837 gloriosumque
1350 1770 1635 1825 adventum
1678 1784 1835 1825 suum
1887 1772 2147 1825 exhibue-

596 1864 687 1923 rit,
710 1862 1104 1928 subsequentur
1127 1860 1351 1914 ultrices
1385 1862 1631 1925 virtutes,
1660 1877 1755 1932 per
1784 1878 1916 1932 quas
1945 1865 2145 1935 suppli-

594 1957 676 2005 cia
708 1950 884 2020 impiis
916 1949 1241 2015 inferentur,
1270 1965 1401 2018 quas
1433 1952 1545 2007 haec
1587 1952 1867 2023 Scriptura
1904 1953 2143 2010 furorem

604 2044 845 2110 iramque
867 2051 1025 2095 vocat
1061 2059 1075 2094 :
1108 2042 1370 2109 siquidem
1394 2052 1513 2109 post
1542 2044 1799 2111 prolatam
1825 2049 2143 2102 sententiain

595 2132 858 2201 supplicio
882 2131 1057 2201 dignis
1080 2132 1211 2186 ultio
1242 2130 1523 2188 inferetur.

660 2489 822 2543 Vsus.
858 2488 943 2543 28.
984 2506 1002 2538 ι
1037 2488 1101 2542 Et
1137 2488 1362 2557 spiritus
1416 2486 1531 2553 ejus
1571 2486 1709 2541 sicut
1739 2500 1873 2554 aqua
1904 2486 1956 2539 in
2010 2485 2148 2539 valle

592 2582 834 2643 trahens,
883 2580 1061 2634 veniet
1118 2594 1288 2647 usque
1326 2578 1391 2633 ad
1423 2578 1652 2643 collum,
1686 2588 1741 2633 et
1788 2578 2079 2633 dividetur.
2124 2596 2143 2629 ι

596 2673 694 2729 Hic
735 2673 962 2743 spiritus
997 2670 1141 2725 ultor
1173 2670 1367 2724 multas
1405 2670 1457 2723 in
1505 2677 1687 2738 partes
1711 2669 1995 2734 dividetur,
2022 2670 2148 2738 quia

595 2767 821 2822 multum
853 2766 1097 2820 estinter
1129 2761 1432 2831 puniendos
1476 2760 1787 2817 discrimen.
1821 2778 1839 2810 ι
1878 2760 1946 2815 Ut
1971 2761 2148 2815 turbet

595 2868 781 2933 gentes
809 2870 968 2925 super
1001 2870 1185 2910 errore
1230 2870 1401 2918 vano,
1428 2862 1481 2909 et
1519 2862 1870 2923 persequetur
1914 2867 2005 2907 eos
2062 2867 2149 2906 er—

598 2964 707 3013 ror,
730 2949 978 3019 etcapiet
1004 2964 1095 3003 eos
1132 2948 1185 3003 in
1230 2956 1519 3016 conspectu
1562 2961 1771 3001 eorum.
1821 2966 1839 2998 ι
1896 2945 1995 2999 Hic
2050 2944 2145 3000 Dei

592 3042 852 3110 inspectio
888 3040 955 3094 ad
1001 3040 1182 3095 omnia
1208 3048 1429 3093 extensa
1477 3038 1820 3102 declaratur;
1870 3038 1995 3107 quia
2040 3053 2147 3093 non

594 3133 644 3183 in
679 3132 760 3185 his
795 3138 999 3184 tantum
1042 3132 1305 3185 consistet
1341 3130 1455 3195 ira,
1508 3130 1599 3184 sed
1644 3137 1830 3199 gentes
1889 3130 2149 3198 pervadet

596 3225 745 3278 ultio.
777 3223 989 3277 Atenint
1015 3232 1191 3275 utnon
1226 3228 1444 3289 possent
1474 3219 1750 3285 Israelitze,
1800 3222 1897 3275 soli
1948 3236 1978 3274 a
2041 3221 2151 3275 Deo

595 3311 927 3381 reprehensi,
976 3311 1187 3374 dicere,
1220 3310 1385 3362 Deum
1434 3324 1529 3363 sua
1589 3318 1818 3373 tantum,
1868 3324 1972 3364 non
2025 3324 2151 3364 vero

2242 670 2412 740 ἡλίου,
2445 670 2616 721 καὶτὸ
2648 668 2762 738 φῶς
2786 667 2880 721 τοῦ
2912 668 3063 738 ἡλίου
3088 666 3241 719 ἔσται
3268 665 3631 721 ἑπταπλάσιον
3655 667 3714 719 ιν
3738 670 3807 738 τῇ

2241 761 2443 831 ἡμέρᾳ,
2464 761 2592 813 ὅταν
2618 761 2833 830 ἰάσηται
2872 758 3077 829 Κύριος
3109 759 3170 811 τὸ
3204 757 3517 829 σύντριμμα
3549 756 3643 810 τοῦ
3674 757 3808 812 λαοῦ

2242 850 2428 917 αὑτοῦ,
2475 850 2567 903 καὶ
2622 851 2719 922 τὴν
2768 851 2958 920 ὀδύνην
3012 850 3112 920 τῆς
3166 850 3377 921 πληγῆς
3435 866 3525 903 σου
3576 850 3807 905 ίάσεται.

2255 942 2383 1007 ἰδου
2408 942 2469 994 τὸ
2502 940 2674 1011 ὄνομα
2702 942 2906 1011 Κυρίου
2940 940 3155 1012 ἔρχεται
3208 940 3297 995 διὰ
3348 940 3540 995 πολλοῦ
3591 941 3809 1011 χρόνου,

2244 1032 2527 1103 καιόμενος
2562 1031 2731 1101 θυμὸς
2767 1033 2903 1102 μετὰ
2938 1031 3113 1103 δόξης.
3132 1032 3209 1084 Τὸ
3248 1033 3426 1101 λόγιον
3453 1033 3561 1086 τῶν
3588 1031 3812 1102 χειλέων

2244 1127 2423 1189 αὑτοῦ,
2455 1125 2635 1193 λόγιον
2658 1124 2829 1195 ὀργῆς
2863 1123 3085 1197 πλῆρες,
3113 1122 3207 1177 καὶ
3237 1125 3270 1193 ἠ
3318 1124 3452 1195 ὀργὴ
3484 1123 3575 1177 τοῦ
3635 1121 3810 1193 θυμοῦ

2244 1217 2408 1270 αὐτοῦ
2457 1217 2531 1279 ὼς
2580 1217 2691 1288 πῦρ
2750 1218 2941 1271 ἔδεται.
2977 1236 2996 1267 ι
3041 1215 3266 1269 names
3293 1215 3406 1279 τοῦ,
3436 1235 3453 1267 t
3494 1216 3581 1269 διὰ
3614 1214 3814 1269 πολλοῦ

2246 1311 2491 1381 χρόνου.)
2528 1312 2577 1363 οἱ
2608 1310 2782 1364 λοιποὶ
2820 1310 3146 1383 ἐρμηνευταὶ
3174 1350 3189 1373 ,
3230 1328 3249 1361 ι
3281 1308 3568 1381 μακρόθεν.
3593 1329 3612 1360 ι
3663 1309 3817 1381 είρή-

2245 1420 2389 1457 κασι.
2424 1403 2532 1457 Καὶ
2559 1405 2732 1473 τήρει,
2766 1405 2841 1465 ὠς
2864 1405 2961 1455 οὐκ
2998 1403 3063 1456 ἂν
3091 1402 3253 1457 αὐτόν
3289 1419 3421 1472 φησι
3460 1401 3552 1455 τὸν
3607 1402 3816 1474 Κύριον

2246 1497 2517 1568 ἔρχεσθαι,
2544 1497 2679 1549 ἀλλὰ
2702 1496 2761 1548 τὸ
2789 1496 2956 1567 ὄνομα
2993 1495 3219 1565 Κυρίου,
3266 1495 3355 1547 τὸν
3383 1494 3612 1566 Χριστὸν
3645 1496 3817 1548 αίνιτ-

2244 1588 2490 1656 τόμενος,
2516 1587 2643 1657 περὶ
2674 1603 2735 1641 ου
2762 1587 3006 1656 εἴρηται⁸
3044 1605 3062 1637 ι
3096 1583 3469 1655 Εὐλογημένος
3508 1587 3537 1638 ὁ
3588 1586 3819 1656 ἐρχόμε-

2246 1695 2333 1741 νος
2355 1680 2412 1731 ὲν
2436 1677 2655 1747 ὀνόματι
2700 1677 3073 1748 Κυρίου,Θεὸς
3130 1676 3332 1746 Κύριος
3398 1677 3490 1728 καὶ
3550 1676 3821 1745 ὲπέφανεν

2246 1772 2395 1838 ἡμῖν.
2439 1788 2458 1820 ι
2511 1768 2833 1839 Ἑρχομένου
2866 1768 2920 1821 δὲ
2956 1769 3050 1821 καὶ
3080 1767 3177 1837 τὴν
3218 1767 3473 1837 δευτέραν
3522 1768 3687 1820 αὑτοῦ
3730 1768 3820 1822 ἔν·

2247 1860 2394 1924 δοξον
2416 1858 2714 1929 παρουσίαν
2745 1857 3089 1927 ποιουμένου,
3116 1855 3606 1926 ὲπακολουθήσουσι
3649 1873 3823 1925 τιμω-

2257 1950 2474 2018 ρητικαὶ
2505 1948 2791 2019 δυνάμεις,
2838 1948 2905 2001 δι’
2931 1940 3005 2001 ὧν
3032 1950 3087 2000 αἱ
3136 1947 3387 2011 κολάσεις
3416 1951 3527 2011 τοῖς
3566 1947 3823 2000 ἀσεϐέσιν

2248 2040 2663 2110 ὲπαχθήσονται,
2697 2038 2763 2103 ἃς
2790 2042 2822 2108 ή
2878 2038 3125 2110 παροῦσα
3154 2038 3342 2108 Γραφὴ
3376 2039 3541 2109 Θυμὸν
3577 2039 3672 2091 καὶ
3731 2038 3825 2108 ὀρ-

2246 2132 2349 2203 γὴν
2374 2130 2627 2202 ὀνομάζει
2648 2149 2659 2159 ·
2694 2129 2998 2192 ἀκολούθως
3022 2130 3129 2199 γὰρ
3149 2132 3212 2199 τῇ
3240 2128 3333 2181 τοῦ
3367 2130 3522 2199 λόγου
3548 2128 3824 2196 ἀποφάσει

2246 2223 2313 2277 τὰ
2367 2224 2465 2295 τῆς
2517 2224 2686 2293 ὀργῆς
2746 2225 2858 2285 τοῖς
2926 2220 3411 2292 κολασθησομένοις
3466 2219 3825 2291 ὲπενεχθήσι-

2246 2332 2357 2368 ται.

2321 2510 2340 2543 ‹
2374 2493 2479 2547 Καὶ
2494 2493 2554 2545 τὸ
2574 2492 2789 2562 πνεῦμα
2814 2492 2996 2557 αὑτοῦ,
3016 2492 3090 2555 ὠς
3117 2492 3262 2561 ὕδωρ
3286 2492 3343 2545 ἐν
3362 2492 3606 2563 φάραγγι
3635 2489 3824 2562 σύρον,

2244 2581 2363 2651 ἥξει
2390 2584 2493 2645 ἕως
2518 2582 2611 2635 τού
2643 2584 2936 2655 τραχήλου,
2957 2584 3048 2638 καὶ
3063 2583 3477 2655 διαιρεθήσεται.
3511 2603 3531 2636 ι
3551 2582 3662 2636 Καὶ
3692 2582 3827 2636 διαι-

2247 2672 2375 2743 ρεθή
2385 2690 2532 2726 σεται
2548 2673 2606 2725 τὸ
2620 2664 2936 2729 κολαστικὸν
2949 2674 3107 2727 τοῦτο
3122 2673 3338 2745 πνεῦμα
3368 2675 3448 2736 είς
3463 2671 3663 2736 πολλὰς
3687 2671 3827 2724 διαι-

2250 2762 2445 2833 ρέσεις,
2476 2762 2564 2815 διὰ
2586 2762 2645 2815 τὸ
2666 2763 2923 2833 πλείστην
2946 2760 3081 2817 εἶναι
3098 2762 3205 2816 τῶν
3226 2761 3600 2833 κολαζομένων
3629 2762 3820 2831 διαφο-

2250 2854 2367 2924 ράν.
2416 2872 2433 2905 ι
2464 2853 2567 2905 Τοῦ
2601 2855 2831 2925 ταράξαι
2867 2854 2990 2924 ἔθνη
3020 2854 3111 2906 ἐπὶ
3132 2854 3393 2925 πλανήσει
3451 2853 3675 2924 ματαίᾳ,
3731 2851 3825 2905 καὶ

2246 2944 2492 3009 διώξεται
2526 2945 2721 3009 αὐτοὺς
2746 2946 3027 3016 πλάνησις,
3060 2947 3154 2998 καὶ
3200 2945 3427 3014 λήψεται
3455 2945 3652 3007 αὐτοὺς
3682 2942 3822 2997 κατά

2250 3038 2536 3107 πρόσωπον
2562 3038 2759 3091 αὐτῶν.
2799 3055 2817 3087 ι
2856 3037 2967 3107 Τὴν
2996 3035 3137 3090 κατὰ
3168 3037 3383 3089 πάντων
3429 3035 3684 3089 θεοπτίαν
3732 3036 3825 3088 καὶ

2248 3129 2405 3181 τοῦτο
2424 3130 2711 3193 δείκνυσιν,
2737 3131 2940 3182 ὅτιούκ
2964 3129 3071 3181 ἔσω
3104 3127 3309 3181 τούτων
3345 3130 3597 3198 στήσεται
3625 3126 3693 3181 τὰ
3724 3127 3824 3197 τῆς

2250 3221 2417 3289 ὀργῆς
2443 3238 2455 3249 ⁸
2487 3220 2873 3289 διαϐήσεταιδὲ
2898 3220 2992 3272 καὶ
3015 3220 3093 3281 είς
3113 3219 3182 3273 τὰ
3204 3218 3329 3291 ἔθνη
3360 3221 3392 3290 ἡ
3422 3218 3678 3289 τιμωρία.
3708 3219 3825 3271 Ἵνα

2252 3312 2359 3382 γὰρ
2392 3313 2463 3382 μὴ
2494 3312 2585 3384 ἐξῇ
2624 3316 2734 3376 τοῖς
2775 3312 3162 3382 Ἰσραηλίταις,
3206 3313 3385 3384 μόνοις
3418 3313 3521 3366 ὑπὸ
3553 3312 3647 3365 τοῦ
3688 3311 3826 3365 Θεοῦ

594 3403 835 3469 gentium
891 3409 1107 3469 peccata
1146 3400 1351 3468 punire,
1388 3400 1693 3453 necessario
1735 3400 2029 3453 vindictam
2090 3400 2143 3453 in

2251 3402 2641 3473 ἐλεγχομένοις,
2661 3405 2837 3473 λέγειν
2864 3404 3058 3467 αὐτοὺς
3086 3405 3243 3474 μόνον
3276 3404 3363 3457 τὸν
3392 3404 3523 3457 Θεὸν
3576 3404 3669 3459 ὲπὶ
3712 3404 3827 3466 τοῖς

591 3500 779 3559 gentes
806 3502 1021 3559 quoque
1045 3488 1394 3541 transituram
1424 3486 1697 3547 declarat,
1736 3494 1901 3555 atque
1941 3486 2145 3541 erroris

595 3578 848 3631 ultionem
879 3577 1024 3646 ipsos
1056 3577 1367 3629 invasuram
1387 3589 1503 3629 esse
1529 3574 1793 3641 praadicit.

2250 3494 2606 3565 ἁμαρτήμασι
2640 3496 3137 3567 τιμωρηθήσεσθαι,
3166 3496 3288 3566 οὐχ).
3325 3496 3381 3549 δὲ
3420 3498 3512 3550 καὶ
3554 3496 3624 3549 τὰ
3672 3494 3823 3565 ἔθνη,

2252 3584 2564 3652 ἀναγκαίως
2588 3588 2681 3640 καὶ
2712 3587 2810 3657 τὴν
2843 3588 2937 3640 ἐπὶ
2967 3588 3034 3642 τὰ
3063 3586 3188 3658 ἔθνη
3213 3586 3562 3659 διαϐήσεσθαι
3582 3586 3829 3641 ἐκδικίαν

596 3672 826 3736 φάσκει,
878 3669 969 3721 καὶ
1002 3664 1402 3736 καταλήψεσθαι
1446 3666 1544 3734 τὴν
1597 3666 1660 3715 ἐκ
1714 3667 1814 3734 τῆς
1864 3664 2179 3736 πλανήσεως
2216 3670 2370 3743 δίκην
2391 3677 2770 3747 προαγορεύει,

670 3846 827 3899 Vens.
848 3843 933 3898 29-
950 3843 1036 3897 32.
1061 3861 1079 3895 ‹
1102 3841 1350 3911 Nunquid
1381 3855 1591 3910 semper
1612 3850 1820 3908 oportet
1846 3856 1939 3897 vos
1955 3841 2150 3912 laetari,

600 3949 657 3990 et
690 3949 902 4003 semper
931 3934 1136 4004 ingredi
1163 3934 1212 3987 in
1238 3944 1420 3987 sancta
1470 3948 1609 3997 mea,
1648 3934 1799 4001 quasi
1831 3932 1965 3987 festa
1998 3936 2143 3990 cele-

594 4029 833 4088 brantes,
865 4028 1015 4096 quasi
1056 4027 1302 4080 laetantes
1338 4026 1544 4094 ingredi
1580 4041 1704 4079 cum
1741 4026 1868 4079 tibia
1902 4028 1967 4079 ad
1998 4042 2150 4080 mon-

598 4131 704 4171 tem
740 4118 971 4179 Domini,
1012 4118 1079 4171 ad
1126 4116 1292 4171 Deum
1345 4116 1543 4171 lsrael?
1589 4116 1653 4171 Et
1702 4117 1947 4171 auditam
1994 4117 2151 4173 faciet

600 4209 859 4264 Dominus
920 4210 1145 4278 gloriam
1181 4211 1331 4263 vocis
1377 4225 1509 4276 sua,
1548 4217 1603 4265 et
1652 4209 1887 4264 furorem
1940 4212 2148 4265 brachii

595 4301 702 4363 siti,
737 4308 794 4353 ttt
824 4302 1073 4355 ostendat
1102 4316 1223 4355 cum
1251 4300 1429 4355 lurore
1454 4316 1509 4357 et
1535 4303 1613 4355 ira
1638 4311 1690 4356 et
1732 4302 1946 4356 ﬂamma
1982 4304 2147 4358 devo-

596 4402 771 4455 rante,
834 4391 1141 4447 fulminabit
1171 4392 1538 4459 vehementer,
1597 4406 1648 4449 et
1700 4396 1839 4450 sicut
1892 4412 2026 4467 aqua
2095 4405 2150 4450 et

596 4483 822 4551 grando,
868 4497 984 4551 qua:
1015 4486 1065 4537 vi
1110 4482 1357 4536 deorsum
1398 4483 1590 4537 fertur.
1640 4482 1740 4537 Per
1773 4498 1957 4538 vocem
2002 4484 2147 4538 enim

596 4574 807 4628 Domini
835 4577 1228 4643 superabuntur
1254 4574 1461 4640 Assyrii
1510 4574 1689 4643 plaga.
1732 4589 1833 4643 qua
1886 4577 2151 4643 percutiet

595 4680 689 4718 ens
724 4683 736 4718 :
767 4676 820 4719 et
844 4666 948 4718 erit
979 4666 1025 4719 ei
1058 4666 1109 4718 in
1154 4666 1409 4720 circuitu.
1453 4684 1470 4716 ι
1511 4666 1681 4730 Tunc,
1713 4668 1806 4731 ait,
1836 4667 1868 4719 ii
1905 4668 1995 4735 qui
2029 4683 2150 4735 per-

595 4757 871 4810 cutiebant
898 4766 951 4810 et
997 4756 1352 4812 verberabant
1387 4771 1501 4818 eos,
1536 4770 1725 4824 pinnas
1768 4756 1968 4810 dabunt
1998 4772 2013 4809 :
2045 4758 2149 4811 da:-

596 4861 782 4899 moncs
807 4847 946 4899 enim
969 4847 1425 4902 circumsistentes
1446 4847 1565 4901 illos
1596 4847 1871 4916 suppliciis
1898 4846 2146 4902 aliieient.

596 4932 825 4998 Quinam
855 4950 979 4987 vero
1023 4936 1131 4989 sint
1166 4937 1239 4988 illi
1283 4950 1405 4989 mox
1454 4936 1629 5005 aperit
1676 4938 1893 4991 dicens:
1930 4956 1949 4988 ι
1999 4938 2150 4993 Unde

597 5035 715 5079 crat
752 5026 856 5079 illis
885 5041 1006 5093 Spes
1034 5026 1238 5087 auxilii,
1270 5027 1321 5079 in
1354 5041 1457 5094 quo
1506 5028 1617 5095 ipse
1665 5028 1994 5082 confidebat.
2047 5030 2147 5096 Ipsi

2318 3868 2337 3899 ι
2392 3850 2483 3920 Μὴ
2527 3850 2613 3903 διὰ
2668 3853 2865 3916 παντὸς
2914 3854 2995 3906 δεῖ
3043 3827 3213 3925 ὑμᾶς⁸
3245 3852 3625 3925 εὐφραίνεσθαι
3656 3892 3672 3917 ,
3732 3855 3828 3908 καὶ

2252 3939 2667 4010 εἰσπορεύεσθαι
2696 3942 2774 4003 είς
2790 3944 2859 3994 τὰ
2884 3943 3011 4010 ἅγιά
3033 3962 3132 4013 μου
3156 3944 3463 4008 διαπαντὸς,
3486 3944 3615 3995 ὡσεὶ
3636 3943 3825 4015 ἑορτά-

2252 4025 2463 4091 ζοντας,
2498 4029 2629 4081 ὡσεὶ
2653 4030 3107 4101 εὐφραινομένους
3130 4033 3389 4086 εἰσελθεῖν
3424 4036 3539 4104 μετ’
3556 4033 3719 4086 αὐλοῦ
3746 4036 3825 4097 είς

2250 4116 2311 4168 τὸ
2366 4116 2491 4187 ὅρος
2538 4120 2740 4189 Κυρίου
2798 4122 2932 4191 πρὸς
2988 4123 3077 4175 τὸν
3129 4124 3259 4176 Θεὸν
3286 4123 3378 4176 τοῦ
3436 4123 3682 4195 Ἰσραηλς
3714 4126 3825 4178 Καὶ

2250 4208 2521 4278 ἀκουστὴν
2553 4211 2766 4281 ποιήσει
2793 4212 2994 4282 Κύριος
3029 4215 3127 4285 τὴν
3167 4214 3322 4279 δόξαν
3375 4219 3470 4286 τῆς
3500 4217 3681 4286 φωνῆς
3727 4217 3827 4270 αύ-

2248 4300 2364 4363 τοῦ,
2397 4302 2489 4353 καὶ
2520 4301 2613 4354 τὸν
2642 4301 2809 4372 θυμὸν
2840 4303 2932 4356 τοῦ
2958 4304 3235 4376 βραχίονος
3262 4306 3447 4366 αὐτοῦ,
3478 4306 3645 4372 δεῖξαι
3685 4308 3823 4377 μετὰ

2250 4392 2423 4461 θυμοῦ
2452 4395 2541 4446 καὶ
2573 4395 2741 4466 ὀργῆς
2787 4397 2880 4449 καὶ
2918 4396 3110 4465 φλογὸς
3158 4398 3566 4469 κατεσθιούσης,
3620 4417 3824 4471 κεραυ-

2249 4480 2407 4534 νώσει
2436 4480 2641 4549 βιαίως,
2668 4484 2757 4534 καὶ
2782 4484 2857 4547 ὡς
2884 4484 3026 4555 ὕδωρ
3059 4486 3153 4539 καὶ
3182 4487 3389 4557 χάλαζα
3416 4505 3825 4561 συγκαταφερο-

2254 4573 2387 4641 μένη
2415 4572 2523 4643 βίᾳ.
2557 4575 2655 4627 Διά
2681 4574 2788 4643 γὰρ
2820 4578 2918 4646 τῆς
2949 4580 3128 4647 φωνῆς
3178 4576 3381 4648 Κυρίου
3428 4579 3823 4650 ἡττηθήσονται

2265 4664 2532 4734 Ἀσσύριοι
2558 4669 2625 4737 τῇ
2660 4668 2861 4736 πληγῇ,
2956 4668 3021 4721 ἂν
3049 4669 3260 4741 πατάξῃ
3284 4670 3475 4734 αὐτούς
3500 4687 3513 4699 ·
3552 4671 3644 4723 καὶ
3668 4670 3821 4725 ἔσται

2252 4753 2399 4825 αύτῷ
2422 4756 2698 4809 κυκλόθεν.
2734 4777 2750 4807 ι
2784 4758 2917 4811 Τότε
2943 4760 3027 4829 δὴ,
3064 4761 3246 4829 φησιν,
3269 4764 3316 4814 οξ
3352 4761 3597 4825 παίοντες
3622 4763 3823 4827 αὐτοὺς

2253 4848 2343 4898 καὶ
2366 4846 2655 4910 τύπτοντες
2687 4850 3194 4921 τιμωρηθήσονται·
3240 4854 3488 4924 δαίμονες
3533 4854 3663 4924 γὰρ,
3724 4873 3812 4907 κυ-

2252 4938 2436 4990 κλόθεν
2493 4943 2689 5004 αὐτοὺς
2750 4946 3291 5015 περιστοιχησάμενοι
3323 4987 3336 5009 ,
3395 4946 3492 5009 τὰς
3548 4949 3821 5018 τιμωρίας

2251 5028 2525 5094 ἐπάξουσι.
2552 5032 2707 5095 Τίνες
2761 5034 2816 5085 δέ
2871 5037 3005 5087 εἰσιν
3058 5030 3203 5088 οὗτοι
3253 5037 3503 5105 διασαφεῖ
3557 5039 3814 5105 φάσκων·

593 5130 715 5168 cum
741 5116 1003 5185 tympanis
1028 5123 1080 5169 et
1109 5117 1318 5169 cithara
1366 5117 1693 5182 pugnabunt.
1733 5135 1751 5167 ι
1792 5114 1977 5184 lmpiis
2023 5133 2145 5186 spes

2254 5137 2271 5168 ε
2311 5117 2569 5191 ὋθενΑῆν
2602 5123 2842 5195 αύτοῖςή
2904 5126 3054 5189 ἐλπὶς
3099 5128 3199 5195 τῆς
3250 5127 3499 5198 βοηθείας
3526 5168 3540 5189 9
3597 5129 3681 5197 ἐφ’
3748 5124 3818 5201 ἧς

594 5210 782 5261 auxilii
810 5218 976 5261 erata
1016 5210 1117 5263 diis
1146 5210 1279 5271 suis,
1324 5209 1652 5262 adversariis
1688 5224 1878 5278 nempe
1910 5220 2147 5278 potesta-

599 5302 760 5360 tibus,
795 5311 847 5353 et
884 5301 1135 5368 malignis
1161 5301 1457 5369 spiritibus.
1500 5300 1593 5354 His
1614 5302 1805 5370 quippe
1843 5302 1997 5371 quasi
2043 5302 2147 5355 diis

594 5394 959 5459 adhaerebant,
986 5410 1049 5448 ac
1073 5410 1219 5461 spem
1264 5395 1450 5447 auxilii
1500 5393 1552 5446 iu
1591 5394 1655 5447 iis
1683 5393 1955 5461 locarant;
1993 5395 2145 5464 igno-

594 5492 777 5538 rantes
811 5484 953 5552 ipsos
983 5494 1213 5539 tortores
1248 5487 1349 5540 sibi
1385 5487 1613 5541 futuros.
1646 5484 1776 5538 Nam
1802 5486 1881 5539 ira
1913 5497 1966 5540 et
1999 5485 2148 5539 furor

594 5585 778 5626 contra
808 5577 1001 5643 impios
1046 5576 1317 5633 immissus
1371 5595 1464 5645 per
1511 5577 1731 5645 angelos
1782 5578 1955 5633 malos
2006 5576 2148 5631 infe-

596 5670 807 5714 fciunt
844 5663 945 5731 Ipsi
998 5680 1118 5718 cum
1162 5666 1429 5734 tympanis
1474 5677 1528 5721 et
1578 5665 1784 5721 cithara
1828 5667 2147 5738 pugnabunt

668 5868 709 5898 "
748 5867 890 5929 Psal.
930 5885 1087 5927 cxvu.
1126 5872 1317 5936 26,27.

2253 5211 2410 5274 αὐτὸς
2432 5213 2727 5267 ἐπεποίθει.
2761 5216 2922 5269 Αὐτοὶ
2947 5216 3085 5286 μετὰ
3105 5220 3399 5287 τυμπάνων
3442 5220 3535 5271 καὶ
3585 5219 3817 5290 κιθάρας

2254 5304 2700 5376 πολεμήσουσιν.»
2738 5309 2918 5373 Ἐλπὶς
2938 5313 3046 5373 τοῖς
3072 5312 3290 5364 ἀσεϐέσι
3324 5310 3572 5381 βοηθείας
3598 5308 3665 5382 ἦν
3711 5314 3819 5367 ἀπὸ

2253 5394 2359 5449 τῶν
2381 5396 2517 5450 θεῶν
2537 5398 2733 5463 αὐτῶν,
2762 5399 2868 5452 τῶν
2887 5401 3271 5471 ἀντικειμένων
3303 5401 3501 5473 δηλαδὴ
3516 5401 3815 5473 δυνάμεων,

2254 5485 2346 5539 καὶ
2376 5485 2483 5538 τῶν
2522 5487 2770 5558 πονηρῶν
2805 5488 3147 5559 πνευμάτων.
3184 5488 3410 5552 Τούτοις
3445 5488 3552 5559 γὰρ
3578 5489 3653 5553 ὡς
3679 5490 3819 5555 θεοῖς

2255 5580 2554 5647 προσεῖχον,
2587 5579 2678 5631 καὶ
2695 5578 2792 5650 τὴν
2817 5579 3003 5632 ἐλπίδα
3023 5580 3121 5649 τῆς
3142 5579 3389 5651 βοηθείας
3408 5582 3473 5633 ὲκ
3501 5580 3704 5634 τούτων
3723 5584 3822 5636 αύ-

2254 5670 2361 5731 τοῖς
2393 5668 2605 5725 ἔσεσθαι
2636 5669 2879 5741 ἤλπιζον,
2902 5672 2999 5725 οὐκ
3035 5671 3253 5735 εἰδότες,
3286 5672 3365 5725 ὅτι
3386 5667 3525 5726 οὗτοι
3558 5673 3819 5726 κολασταὶ
