4100 6434
177 474 280 531 διδ
1071 459 1594 522 COMMENTARIA
1633 458 1702 520 IN
1743 456 2003 513 ISAIAI.
2047 489 2114 498 —
2152 453 2307 512 CAP.
2347 449 2540 506 XXXI.
3371 452 3482 508 δη

181 587 358 644 αὐτῶν
381 587 640 640 ἔσονται.
687 585 753 639 Ἦ
785 584 891 652 γὰρ
915 581 1052 653 ὀργὴ
1080 580 1175 634 καὶ
1207 582 1236 633 6
1285 578 1458 647 θυμὸς
1483 575 1626 628 κατὰ
1681 573 1780 626 τῶν

1895 580 2089 625 contra
2112 584 2239 623 eum
2279 582 2346 620 ex.
2382 562 2846 625 commutatione;
2876 579 2894 615 ι
2942 570 3127 632 utpote
3158 565 3248 632 qui
3286 566 3484 625 alienis

184 679 392 733 ἀσεϐῶν
430 675 915 744 ἀποστελλόμενος
959 673 1026 726 δι’
1076 669 1325 738 ἀγγέλων
1359 667 1653 735 γενήσεται
1699 680 1780 714 πο

1899 663 2060 716 malis
2102 660 2374 730 gaudeant
2407 671 2571 712 :nam
2600 669 2666 708 ex
2701 653 2896 707 amicis
2920 655 3128 707 inimici
3151 657 3408 711 evadent.

181 774 375 843 γηρῶν.
407 791 427 824 ι
463 772 646 826 Αὐτοὶ
682 769 818 840 μετὰ
852 766 1147 838 τυμπάνων
1185 767 1284 817 καὶ
1317 762 1550 831 κιθάρας
1579 759 1978 827 πολεμήσουσιν
2002 755 2165 808 αὐτὸν
2203 756 2266 806 ἐκ
2293 750 2628 822 μεταϐολῆς·
2665 768 2684 801 ι
2720 749 2815 802 ἆτε
2845 750 3315 819 ἐπιχαιρεσίκακοί
3336 769 3483 818 τινες

179 870 360 933 ὄντες·
427 868 562 923 ἀντὶ
625 866 739 938 γὰρ
795 865 902 918 τῶν
961 864 1130 933 φίλων
1177 861 1362 931 ἐχθροί¹
1414 859 1871 926 καταστήσονται.

244 1009 260 1039 ι
304 991 378 1043 Σὺ
407 988 676 1067 γὰρέπρδ
719 985 940 1057 ἡμερῶν
997 982 1372 1054 άπαιτηθήσῃ.
1408 982 1501 1051 Μὴ
1558 979 1653 1032 καὶ
1705 979 1788 1029 σοὶ

178 1079 486 1150 ήτοιμάσθη
523 1077 874 1146 βασιλεῦειν;
918 1095 936 1126 ι
977 1074 1160 1128 Ταῦτα
1179 1074 1257 1130 δὲ.
1297 1072 1452 1142 φησὶ,
1515 1069 1576 1122 σὲ
1634 1084 1788 1138 περι-

182 1171 347 1240 μένει,
367 1171 464 1223 τὸν
495 1169 680 1222 πάλαι
699 1167 966 1238 τρυερερὸν
994 1168 1083 1218 καὶ
1104 1166 1471 1234 ὑπερήφανον·
1503 1164 1549 1213 εί
1583 1160 1654 1231 μὴ
1682 1161 1789 1230 ἄρα

181 1261 370 1314 σαυτὸν
387 1260 640 1312 ἀπατῶν
666 1259 971 1329 προσδοκᾷς
1002 1258 1082 1308 ὅτι
1103 1257 1195 1308 καὶ
1226 1257 1308 1306 σοὶ
1327 1253 1633 1323 βασιλεύειν
1650 1254 1790 1323 ἡτοί-

182 1366 377 1418 μασται
405 1349 631 1418 δμοίως
655 1350 767 1408 τοῖς
801 1346 992 1414 στενὴν
1022 1346 1115 1396 καί
1140 1342 1513 1411 τεθλιμμένην
1530 1342 1784 1394 ὁδεύσασι

175 1417 378 1508 τρίϐον,
412 1417 516 1490 καὶ
571 1439 811 1505 πτωχοῖς
843 1434 932 1487 διὰ
970 1433 1100 1487 Θεὸν
1135 1433 1450 1508 γενομένοις
1483 1433 1668 1484 ἕνεκεν
1703 1430 1783 1481 διο

178 1530 494 1601 καιοσῦνης.
537 1531 686 1583 Hist
717 1529 820 1600 γὰρ
854 1529 1082 1589 ἐκείνοις
1109 1501 1436 1594 ἡτοίμασται
1463 1523 1784 1594 ἡβασιλεία,

178 1623 359 1674 ἀλλὀὐ
385 1623 475 1674 σοὶ
493 1623 582 1692 τῷ
596 1623 695 1692 τὴν
711 1621 970 1672 πλατεῖαν
988 1621 1077 1670 καὶ
1095 1618 1409 1688 εὐρύχωρον
1421 1616 1540 1667 ὁδὸν
1558 1632 1785 1685 πορευο-

179 1717 342 1782 μένῳ.
377 1733 393 1763 ι
419 1714 698 1782 Φάραγγα
718 1712 957 1780 βαθεῖαν,
982 1710 1108 1773 ξύλα
1125 1704 1374 1778 κείμενα,
1398 1709 1506 1779 πῦρ
1528 1709 1618 1761 καὶ
1650 1708 1781 1773 ξύλα

410 1808 475 1858 ’0
511 1805 691 1873 θυμὸς
718 1805 922 1873 Κυρίου
959 1803 1030 1864 ὡς
1057 1801 1275 1872 φάραγξ
1306 1801 1409 1852 ὑπὸ
1439 1801 1581 1853 θείου
1625 1818 1779 1853 καιοο

177 1897 332 1965 μένη.
381 1915 398 1946 ι
429 1897 599 1948 Θεῖον
629 1898 722 1947 καὶ
747 1895 853 1963 πῦρ
881 1894 1236 1946 ὑποκαίουσιν
1280 1895 1357 1954 εἰς
1390 1892 1485 1962 τὴν
1527 1891 1634 1943 τῶν
1685 1893 1781 1944 αῦ-

1968 973 2135 1026 sts.
2161 971 2248 1024 55.
2290 989 2306 1019 ι
2345 968 2424 1022 Tu
2457 966 2606 1021 enim
2639 976 2765 1019 ante
2798 963 2914 1018 dies
2941 963 3213 1017 rationem
3254 964 3482 1018 reddere

1892 1066 2128 1133 cogeris.
2163 1062 2434 1129 Numquid
2457 1061 2624 1112 etiam
2658 1055 2754 1111 tibi
2785 1067 3034 1126 paratum
3073 1065 3157 1110 est
3186 1057 3476 1122 regnare'h

1894 1157 2042 1220 Haec,
2079 1156 2274 1223 inquit,
2302 1164 2354 1205 te
2407 1151 2539 1205 olim
2585 1150 2953 1219 voluptarium
2978 1157 3034 1200 et
3057 1148 3359 1214 superbum
3394 1163 3486 1200 cx-

1893 1257 2148 1319 spectant
2181 1263 2192 1298 :
2229 1247 2330 1299 nisi
2374 1245 2610 1298 fortasse
2656 1242 2889 1309 teipsum
2923 1237 3227 1306 decipiens,
3289 1253 3486 1308 exspe-

1895 1354 2013 1396 cras
2056 1339 2149 1392 tibi
2217 1353 2434 1406 quoque
2493 1343 2745 1406 paratum
2803 1348 3028 1401 regnum
3073 1346 3219 1395 esse,
3257 1332 3493 1400 perinde

1894 1443 2058 1498 atque
2098 1431 2182 1490 iis,
2221 1430 2314 1498 qui
2371 1430 2420 1480 in
2470 1435 2697 1494 angusta
2723 1435 2777 1477 et
2803 1434 2954 1476 arcta
2987 1424 3068 1474 via
3116 1421 3488 1484 incesserunt,

1892 1535 1947 1577 et
2001 1535 2267 1591 pauperes
2322 1529 2546 1588 propter
2598 1517 2766 1571 Deum
2829 1524 3165 1582 propterque
3212 1513 3488 1580 justitiam

1892 1615 2070 1669 εῦρυιὶ
2104 1623 2249 1667 sunt.
2299 1610 2396 1663 His
2428 1611 2632 1678 quippe
2659 1607 2911 1661 omnibus
2969 1616 3215 1674 paratum
3255 1619 3482 1672 regnum

1890 1718 1995 1765 est.
2031 1723 2136 1759 non
2191 1705 2307 1763 tibi.
2346 1704 2437 1772 qui
2480 1704 2530 1755 in
2570 1703 2674 1753 lata
2715 1710 2768 1753 et
2828 1699 3067 1767 spatiosa
3112 1698 3198 1750 via
3250 1695 3479 1750 incedis.

1896 1820 1912 1850 ‹
1958 1799 2159 1852 Vallem
2191 1796 2541 1865 profundam.
2577 1793 2719 1861 ligna
2760 1791 3019 1858 jacentia,
3053 1791 3228 1859 ignem
3253 1798 3306 1842 et
3335 1788 3481 1857 ligna

1889 1890 2083 1943 inulta.
2118 1889 2293 1942 Furor
2321 1885 2532 1940 Domini
2571 1883 2883 1939 sicutvallis
2908 1882 3166 1950 sulphure
3187 1894 3476 1934 accensa.)

172 1955 889 2058 Laﬂt'xataxptﬁqaouévmv
927 1987 1163 2038 κόλασιν.
1207 1955 1457 2036 Τοσαῦτα
1485 1984 1542 2035 δὲ
1573 1983 1658 2036 διὰ
1687 1983 1780 2051 μέ-

1887 1983 2129 2050 Sulpbur
2185 1990 2240 2035 et
2298 1980 2481 2047 ignem
2539 1968 2902 2038 succendunt,
2966 1975 3030 2025 ad
3106 1987 3318 2034 eorum,
3385 1971 3479 2039 qui

174 2093 269 2129 σου
302 2078 508 2140 εἰπὼν,
542 2077 918 2147 ἀναλαμϐάνει
950 2077 1046 2144 τὴν
1099 2077 1233 2146 πρὸς
1258 2077 1382 2137 τοὺς
1413 2075 1784 2141 καταφεῦγον·

174 2183 269 2231 τας
304 2171 386 2233 εἰς
412 2169 702 2239 Αἴγυπτον
735 2169 1094 2240 προφητείαν.

712 2413 1108 2468 ΚΕΦΑΛΑΙΟΝ
1142 2413 1266 2465 AA'.

250 2547 269 2581 ι
297 2529 445 2582 Οὐαὶ
466 2529 517 2582 οἱ
543 2527 970 2588 καταϐαίνοντες
991 2526 1069 2587 εις
1097 2524 1369 2591 Αἴγυπτον
1394 2525 1484 2576 ἐπὶ
1509 2524 1780 2594 βοήθειαν,

175 2623 222 2671 oi
251 2621 336 2688 ἐφ’
376 2620 578 2683 ἵπποις
611 2619 926 2681 πεποιθότες
959 2618 1049 2670 καὶ
1077 2618 1160 2686 ἐφ’
1190 2619 1448 2686 ἅρμασιν.
1493 2616 1648 2666 Ἔστι
1676 2615 1781 2684 γὰρ

173 2711 370 2776 πολλὰ,
401 2712 503 2765 καὶ
535 2711 626 2778 ἐφ’
663 2711 847 2773 ἵπποις
882 2710 1082 2778 πλῆθος
1112 2709 1335 2777 σφόδρα.
1373 2709 1482 2759 Καὶ
1515 2708 1614 2759 οὐκ
1643 2702 1782 2776 ἦσαν

177 2802 512 2865 πεποιθότες
548 2800 649 2852 ἐπὶ
684 2801 773 2852 τὸν
803 2799 996 2866 ’Ᾱγιον
1029 2796 1122 2850 τοῦ
1165 2796 1404 2868 Ἰσραὴλ,
1433 2799 1524 2849 καὶ
1553 2799 1641 2849 τὸν
1669 2797 1782 2849 Κύ-

183 2911 294 2964 ριον
323 2897 431 2949 οὐκ
460 2896 759 2966 ἐζήτησαν.
791 2895 897 2947 Καὶ
926 2892 1088 2957 αὐτὸς
1117 2893 1297 2960 σοφῶς
1319 2887 1451 2960 ἦγεν
1475 2892 1559 2943 ἐπ’
1586 2893 1782 2956 αὐτοὺς

182 2988 350 3051 κακὰ,
401 2989 502 3040 καὶ
540 2987 571 3039 6
603 2984 756 3053 λόγος
793 2983 957 3038 αὑτοῦ
1002 2984 1062 3036 οὑ
1109 2983 1183 3054 μὴ
1225 2983 1485 3052 ἀθετηθῇ,
1553 2983 1647 3035 καὶ
1686 2985 1782 3034 ἐπ-

180 3081 557 3148 αναστήσεται
595 3077 682 3128 ἐπ’
714 3075 892 3138 οἴκους
918 3074 1220 3145 ἀνθρώπων
1267 3075 1544 3144 πονηρῶν,
1583 3076 1673 3125 καὶ
1692 3075 1783 3124 ἐπὶ

181 3169 279 3239 τὴν
304 3169 507 3222 ἐλπίδα
538 3167 719 3220 αὐτῶν
751 3168 847 3237 τὴν
890 3167 1144 3236 ματαίαν,
1171 3166 1466 3234 Αίγύπτιον
1498 3165 1782 3233 ἄνθρωπον

182 3259 274 3314 καὶ
307 3262 371 3313 οὐ
397 3260 560 3323 Θεὸν,
594 3259 774 3311 ἵππων
807 3259 1012 3329 σάρκας
1042 3259 1133 3310 καὶ
1164 3258 1266 3309 οὐκ
1296 3257 1410 3309 ἐστι
1444 3256 1683 3326 βοήθεια.
1724 3258 1780 3310 '0
1811 3298 1850 3351 C

181 3350 236 3406 ἃ
276 3352 494 3424 Κύριος
529 3349 730 3416 ἐπάγει
770 3349 866 3418 τὴν
907 3352 1060 3419 χετρα
1104 3348 1272 3402 αὐτοῦ
1305 3350 1392 3400 ἐπ’
1421 3349 1637 3410 αὐτοὺς,
1683 3349 1776 3401 καὶ

183 3441 549 3493 κοπιάσουσιν
613 3440 661 3490 oi
708 3436 1054 3507 βοηθοῦντες,
1109 3438 1202 3489 καὶ
1250 3437 1364 3506 ἅμα
1417 3438 1618 3499 πάντες
1673 3439 1778 3489 άπ-

180 3531 438 3586 ολοῦνται
479 3529 748 3602 μαχαίρᾳ.
791 3547 810 3579 ι
845 3529 1136 3596 Μέμφεται
1177 3528 1374 3589 αὐτοὺς
1404 3530 1432 3580 6
1472 3527 1646 3594 λόγος,
1672 3529 1775 3591 ὅτι,

185 3623 260 3692 μὴ
285 3620 621 3682 πεποιθότες
653 3619 744 3672 ἐπὶ
769 3619 858 3672 τὸν
884 3619 1074 3687 ’Λγιον
1105 3617 1198 3672 τοῦ
1229 3617 1462 3687 Ἰσραὴλ,
1495 3621 1575 3682 είς
1612 3621 1780 3686 Δίγυ-

182 3714 376 3789 πτίους
405 3713 740 3780 κατέφυγον·
765 3711 842 3764 διδ
870 3711 966 3764 καὶ
987 3712 1388 3784 καταλήψεσθαι
1415 3711 1610 3774 αὐτοὺς
1641 3709 1675 3764 ἃ
1703 3712 1777 3780 μὴ

184 3806 604 3875 προσεδόκησαν
631 3804 775 3856 κακὰ
802 3803 888 3856 ἐπ’
915 3804 1082 3874 αὐτῆς
1107 3803 1206 3873 τῆς
1235 3805 1508 3872 Αἰγύπτου
1542 3804 1774 3856 ἀπειλεῖ.

186 3897 438 3951 Διδάσκει
463 3896 534 3948 δι’
560 3895 690 3963 ὅλης
717 3895 814 3965 τῆς
852 3896 1220 3966 προκειμένης
1266 3895 1504 3966 ἱστορίας
1543 3897 1570 3947 6
1599 3894 1776 3978 λόγος,

185 3984 243 4036 ἐν
265 3985 385 4046 τοῖς
416 3983 634 4051 καιροῖς
665 3982 771 4034 τῶν
799 3982 1075 4053 διωγμῶν,
1104 3984 1158 4036 εῐ
1178 4001 1308 4037 ποτε
1340 3988 1574 4053 κρινεῐεν
1594 3985 1777 4048 ό,Θεὸς

182 4071 275 4123 τὸν
297 4071 432 4125 λαὸν
460 4070 656 4134 αὑτοῦ,
693 4071 725 4142 ἢ
767 4073 860 4124 καὶ
896 4073 996 4143 τὴν
1036 4073 1360 4144 Ἐκκλησίαν
1385 4076 1548 4128 αὐτοῦ
1594 4093 1774 4146 παρα-

182 4160 363 4215 δοῦναι
410 4165 528 4224 τοῖς
561 4161 664 4232 τὴν
704 4161 1011 4216 θεοσέϐειαν
1043 4165 1344 4229 ἐλαύνουσι,
1392 4166 1465 4236 μὴ
1505 4166 1612 4218 δεῖν
1646 4169 1774 4220 ἀνα-

185 4257 386 4324 χωρεῖν
420 4253 528 4323 τῆς
562 4252 746 4306 ἐνθέου
786 4255 1048 4320 πίστεως,
1092 4257 1225 4328 μηδὲ
1255 4259 1353 4327 τῆς
1387 4258 1479 4310 ἐπὶ
1517 4257 1608 4310 τὸν
1641 4257 1773 4311 Θεὸν

183 4344 580 4416 πεποιθήσεως
623 4345 988 4413 ἀφίστασθαι,
1042 4349 1176 4420 μηδὲ
1230 4349 1626 4418 ἀπογινώσκειν
1676 4350 1774 4415 τὰς

183 4438 376 4492 τούτου
407 4437 728 4506 διαλλαγὰς,
754 4440 891 4510 μηδέ
917 4443 1009 4496 ἐπὶ
1034 4442 1122 4494 τὸν
1146 4443 1510 4510 Αίγυπτιακὸν
1533 4444 1647 4513 βίον
1677 4444 1773 4496 αὑ-

182 4528 455 4598 τομολεῖν,
485 4528 635 4597 λέγω
657 4529 722 4600 δὴ
751 4530 839 4582 τὸν
863 4531 971 4585 τῶν
996 4531 1410 4603 είδ‹ι›λολατρῶν.
1443 4534 1632 4587 Πολλοὶ
1663 4535 1771 4606 γὰρ

1887 2076 2009 2129 istic
2046 2071 2578 2130 condemnabuntur,
2635 2067 2984 2134 supplicium.
3045 2065 3141 2120 llis
3185 2081 3350 2134 porro
3383 2065 3480 2117 ad-

1883 2169 2066 2220 ductis
2107 2167 2161 2220 in
2220 2165 2478 2228 medium,
2544 2161 2890 2230 prOphetiam
2939 2173 3106 2226 super
3156 2158 3245 2221 iis,
3281 2158 3373 2228 qui
3423 2157 3478 2211 in

1885 2257 2180 2328 Algvptum
2209 2252 2619 2324 confugiebant,
2662 2250 2911 2304 resumit.

2450 2404 2682 2462 CAPUT
2716 2402 2910 2459 XXXI.

1955 2522 2118 2576 Vsus.
2139 2520 2252 2574 1-3.
2290 2540 2307 2572 ι
2321 2519 2415 2573 Vae
2433 2517 2522 2586 qui
2544 2516 2880 2570 descendunt
2903 2515 2955 2567 in
2976 2512 3270 2583 Egyptnm
3290 2512 3356 2564 ad
3374 2526 3476 2565 au-

1887 2615 2100 2675 xilium,
2126 2613 2215 2682 qui
2271 2611 2552 2666 conﬁdunt
2584 2609 2636 2663 in
2671 2608 2830 2676 equis
2863 2615 2918 2660 et
2950 2607 3000 2659 in
3029 2604 3300 2658 curribus.
3337 2602 3480 2657 Sunt

1884 2705 2025 2757 enim
2046 2704 2224 2766 multi,
2242 2713 2297 2756 et
2321 2704 2373 2755 in
2399 2701 2554 2769 equis
2573 2697 2859 2752 multitudo
2883 2696 3094 2765 ingens.
3127 2694 3189 2746 Et
3214 2709 3317 2747 non
3338 2709 3475 2746 eon—

1885 2797 1966 2850 ﬁsi
1984 2806 2109 2849 sunt
2127 2797 2177 2848 in
2194 2793 2396 2848 Sancto
2416 2791 2599 2858 Israel,
2619 2799 2673 2843 et
2691 2789 2975 2842 Dominum
2997 2804 3100 2840 non
3119 2785 3474 2855 quaesierunt.

1886 2890 1952 2943 Et
1981 2889 2094 2957 ipse
2117 2887 2392 2956 sapienter
2412 2885 2624 2937 induxit
2646 2898 2809 2951 super
2829 2896 2924 2934 eos
2966 2879 3130 2940 mala,
3167 2888 3222 2931 et
3251 2875 3475 2931 verbum

1884 2983 1999 3050 ejus
2017 2995 2121 3034 non
2144 2978 2520 3039 frustrabitur,
2545 2985 2600 3028 et
2624 2976 2871 3043 insurget
2907 2973 2960 3026 in
2986 2973 3175 3024 domos
3194 2971 3474 3023 hominum

1887 3074 2171 3133 malorum,
2207 3082 2259 3125 et
2297 3072 2348 3123 in
2373 3085 2521 3139 spem
2545 3083 2731 3122 eorum
2762 3083 2977 3130 vanam,
3019 3065 3336 3133 Egyptium
3366 3065 3470 3118 ho-

1887 3165 2084 3215 minem
2135 3172 2188 3214 ct
2217 3176 2322 3213 non
2384 3160 2577 3222 Deum,
2609 3173 2872 3228 equorum
2915 3173 3130 3220 carnes,
3159 3168 3216 3211 et
3255 3173 3361 3211 non
3391 3167 3477 3214 est

1886 3253 2172 3307 auxilium.
2206 3251 2468 3305 Dominus
2506 3260 2689 3304 autem
2726 3251 2942 3303 inducet
2984 3264 3199 3302 manmu
3236 3264 3389 3302 suam
3415 3250 3473 3304 in

1885 3361 1998 3404 eos.
2031 3354 2086 3397 et
2122 3342 2553 3410 Iaborabuntqui
2583 3342 2938 3403 auxiliantur,
2993 3351 3048 3393 et
3092 3339 3252 3392 simul
3277 3347 3473 3395 omnes

1886 3435 2137 3502 peribunt
2171 3432 2368 3502 gladio.
2398 3449 2417 3482 ι
2458 3429 2608 3498 Ipsos
2631 3430 2898 3498 coarguit,
2921 3428 3047 3498 quia
3075 3428 3279 3483 Sancto
3304 3427 3472 3484 Israel

1888 3540 1993 3577 non
2036 3522 2284 3586 ﬁdentes,
2325 3522 2390 3574 ad
2416 3519 2702 3590 Egyptios
2727 3521 3095 3588 confugerunt
3129 3539 3143 3574 :
3201 3521 3472 3589 quamob~

1887 3616 2173 3684 remjipsos
2192 3614 2579 3681 inexspectatis
2606 3614 2762 3668 malis
2788 3615 2840 3667 in
2866 3613 3103 3684 Egypto
3134 3614 3475 3669 invadendos

1883 3723 2004 3763 esse
2027 3708 2412 3760 comminatur.
2440 3707 2628 3760 lntota
2657 3706 2824 3775 igitur
2842 3709 3095 3775 pmsenti
3123 3709 3347 3762 historia
3371 3708 3470 3762 do-

1881 3810 1967 3854 cet
1992 3839 2006 3863 ,
2039 3799 2085 3854 si
2117 3800 2334 3868 quando
2381 3799 2556 3853 visum
2595 3799 2706 3854 Deo
2742 3798 2928 3864 fuerit,
2982 3801 3237 3872 pepulum
3274 3815 3471 3865 suum,

1878 3894 1992 3947 sive
2020 3891 2317 3947 Ecclesiam
2359 3891 2977 3960 suam,.pefsecutionis
3032 3899 3274 3960 tempore
3321 3891 3472 3960 piam

1877 3983 2193 4052 religionem
2224 3983 2548 4040 vexantibus
2579 3983 2815 4049 tradere,
2854 3999 2883 4036 a
2931 3983 3114 4036 divina
3161 3982 3265 4038 ﬁde
3313 3997 3472 4038 rece-

1882 4075 2121 4130 dendum
2147 4091 2253 4128 non
2274 4090 2419 4141 esse,
2451 4089 2624 4143 neque
2644 4075 3027 4129 abstinendum
3057 4090 3087 4128 a
3112 4073 3309 4130 ﬁducia
3340 4091 3471 4146 erga

1883 4166 2074 4231 Deum,
2125 4182 2228 4222 nec
2271 4168 2338 4222 de
2393 4167 2510 4236 ejus
2560 4167 3011 4223 reconciliatione
3044 4169 3470 4238 desperandum,

1881 4277 1981 4316 nec
2014 4261 2398 4317 declinandum
2431 4264 2498 4317 ad
2538 4261 2919 4332 Egyptiacam
2951 4260 3118 4314 vitam
3149 4298 3164 4323 ,
3212 4260 3473 4315 videlicet

1878 4354 1944 4404 ad
1968 4353 2378 4409 idololatrarum
2407 4355 2738 4410 institutum.
2765 4354 2916 4408 Multi
2942 4368 3178 4422 namque
3209 4354 3261 4407 in
3283 4352 3470 4424 hujus-

1882 4446 2024 4501 modi
2052 4448 2388 4517 temporibus
2421 4463 2448 4500 a
2476 4448 2579 4517 piae
2613 4448 2892 4517 religionis
2919 4448 3164 4500 doctrina
3185 4446 3471 4499 disceden-

1882 4548 1982 4605 tes,
2007 4553 2157 4606 spem
2186 4556 2339 4595 suam
2375 4541 2426 4594 in
2463 4540 2870 4595 ldololatrarom
2890 4539 3092 4592 auxilio
3127 4539 3463 4590 locaverunt.

183 4617 242 4675 ἐν
265 4625 385 4687 τοῖς
410 4622 679 4687 τοιούτοις
704 4629 935 4695 καιροῖς,
970 4628 1377 4698 ἀποστήσαντες
1443 4629 1538 4682 τοῦ
1601 4633 1700 4702 τῆς
1767 4631 2082 4698 θεοσεϐείας
2122 4636 2304 4706 λόγου,
2339 4635 2439 4700 τὰς
2482 4635 2704 4697 ἐλπίδας
2748 4635 3062 4704 ἀνήρτησαν
3105 4630 3314 4685 ἑαυτῶν
3367 4628 3470 4701 τῆς

179 4716 290 4770 τῶν
327 4715 734 4788 εἰδωλολατρῶν
769 4718 1039 4790 βοηθείας.

255 4857 275 4890 ί
325 4836 450 4890 Ὀτι
487 4833 664 4896 οὕτως
693 4830 812 4886 εἶπέ
853 4851 945 4905 μοι
992 4835 1223 4906 Κύριος·
1269 4839 1363 4889 Ὃν
1400 4839 1600 4908 τρόπον
1645 4841 1770 4892 ὅταν

1950 4839 2118 4896 Vens.
2154 4838 2278 4893 4-7.
2317 4857 2335 4890 ι
2373 4838 2638 4905 Quoniam
2686 4837 2769 4892 sic
2819 4835 2955 4889 dixit
2999 4834 3129 4889 mibi
3162 4833 3464 4889 Dominus:

183 4924 350 4996 βοήσῃ
384 4927 414 4978 6
457 4924 621 4985 λέων,
657 4922 689 4993 ἢ
726 4924 755 4975 6
797 4923 1038 4993 σκύμνος
1085 4927 1179 4979 ἐπὶ
1211 4931 1276 4997 τῇ
1328 4927 1470 4998 θήρᾳ
1585 4930 1764 4991 ἔλαϐε,

181 5020 273 5071 καὶ
294 5015 546 5087 κεκράξῃ
577 5013 661 5066 ἐπ’
687 5014 856 5086 αὐτὴν
887 5015 994 5078 ἕως
1031 5017 1100 5070 ἂν
1140 5017 1424 5088 ἐμπλησθῇ
1457 5019 1525 5072 τὰ
1546 5020 1645 5090 ὅρη
1670 5021 1767 5089 τῆς

183 5109 362 5178 φωνῆς
389 5105 585 5170 αὑτοῦ,
617 5106 709 5158 καί
733 5106 1070 5178 ἡττήθησαν,
1102 5110 1193 5161 καὶ
1221 5109 1282 5162 τὸ
1316 5109 1518 5178 πλῆθος
1549 5111 1642 5162 τοῦ
1677 5111 1769 5163 θυ-

183 5201 282 5270 μοῦ
309 5198 688 5268 ἐπτοήθησαν·
715 5197 885 5261 οὕτως
912 5199 1287 5270 καταϐήσεται
1314 5203 1515 5272 Κύριος
1543 5202 1766 5256 Σαϐαὼθ

181 5290 611 5363 ἐπιστρατεῦσαι
642 5289 738 5342 ἐπὶ
771 5289 834 5342 τὺ
872 5290 1000 5360 ὅρος
1041 5291 1205 5358 Σιὼν,
1251 5295 1344 5347 ἐπὶ
1372 5294 1439 5347 τά
1469 5296 1568 5366 ὅρη
1599 5296 1770 5365 αὐτῆς

178 5386 250 5449 ὡς
277 5386 442 5456 ὄρνεα
475 5384 781 5452 πετόμενα·
822 5383 1000 5447 οὓτως
1041 5387 1378 5457 ὑπερασπιεῐ
1415 5387 1638 5457 Κύριος,
1678 5392 1770 5443 καὶ⁹

178 5480 462 5547 ἐξελείται,
499 5479 599 5531 καὶ
633 5481 1066 5551 περιποιήσεται,
1117 5483 1209 5534 καὶ
1249 5482 1433 5536 σώσει.
1478 5484 1771 5556 Ἐπιστρά-

178 5587 311 5641 φητε
330 5571 382 5623 οἱ
413 5568 518 5640 τὴν
549 5566 766 5636 βαθεῖαν
797 5570 992 5639 βουλὴν
1016 5571 1397 5643 βουλευόμενοι
1426 5574 1521 5628 καὶ
1547 5573 1766 5646 ἄνομον,

179 5665 279 5716 υἱοὶ
335 5658 594 5732 Ἰσραήλ·
631 5659 711 5712 ὃτι
743 5663 806 5731 τῇ
844 5660 1027 5733 ἡμέρᾳ
1057 5664 1241 5736 ἐκείνῃ
1291 5665 1769 5738 ἀπαρνηθήσονται

176 5755 221 5805 οἱ
256 5754 546 5826 ἄνθρωποι
579 5748 649 5802 τὰ
675 5753 1028 5822 χειροποίητα
1072 5756 1275 5820 αὐτῶν,
1310 5759 1380 5811 τὰ
1427 5760 1644 5831 ἀργυρᾶ
1670 5760 1764 5812 καὶ

174 5845 234 5898 τὰ
262 5845 468 5917 χρυσᾶ,
515 5841 553 5895 ἃ
595 5841 853 5912 ἐποίησαν
901 5843 956 5895 αἱ
1004 5847 1188 5916 χεῖρες
1237 5848 1434 5904 αὐτῶν.
1481 5871 1497 5905 t
1546 5849 1761 5920 Ἔξεστι

1879 4931 2350 4999 Quemadmodum
2379 4947 2502 4986 cum
2543 4929 2802 4986 clamabit
2845 4928 2952 4992 leo,
2994 4928 3338 4993 autcatulns,
3367 4942 3467 4982 su-

1876 5038 1970 5092 per
2005 5025 2184 5091 prazda
2230 5037 2392 5090 quam
2448 5023 2610 5089 cepit,
2643 5031 2698 5075 et
2740 5019 3130 5074 vociferabitur
3159 5034 3325 5086 super
3372 5035 3461 5085 ea,

1876 5116 2053 5170 donec
2104 5115 2432 5183 impleantur
2458 5125 2669 5168 montes
2702 5127 2835 5167 voce
2866 5112 3006 5180 ejus,
3039 5120 3093 5165 et
3129 5111 3254 5164 victi
3300 5123 3460 5176 sunt,

1876 5219 1932 5264 et
1968 5209 2368 5263 vehementiam
2397 5209 2602 5262 furoris
2637 5208 2758 5277 ejus
2779 5220 3084 5276 expavere;
3121 5206 3200 5260 sic
3232 5208 3461 5260 descen-

1876 5300 1968 5354 det
1993 5298 2248 5352 Dominns
2281 5299 2544 5362 Sabaoth,
2584 5311 2639 5351 nt
2671 5298 2946 5368 praelietur
2978 5299 3030 5352 in
3067 5308 3248 5352 monte
3281 5298 3414 5352 Sion
3445 5338 3461 5364 ,

1877 5405 2036 5460 supra
2064 5400 2273 5446 montes
2302 5394 2440 5460 ejus,
2495 5394 2638 5446 sicut
2690 5406 2821 5445 aves
2849 5390 3125 5453 volantes;
3157 5392 3238 5444 sic
3279 5401 3463 5459 prote-

1877 5492 1966 5550 get
1995 5480 2276 5547 Dominus,
2302 5491 2355 5536 et
2377 5483 2595 5552 eripiet,
2631 5493 2683 5538 et
2711 5481 2932 5546 fovebit,
2959 5491 3013 5537 et
3040 5483 3298 5538 servabit.
3323 5482 3463 5537 Con-

1879 5575 2177 5639 vertimini,
2207 5578 2300 5644 qui
2329 5577 2658 5647 profundum
2689 5576 2972 5632 consilium
2994 5577 3239 5630 inieratis
3263 5586 3318 5630 et
3348 5576 3456 5630 ini-

1878 5683 2065 5737 quum,
2096 5668 2192 5721 ﬁlii
2222 5669 2388 5722 lsracl
2418 5686 2431 5722 :
2464 5669 2588 5737 quia
2625 5669 2680 5723 in
2717 5669 2805 5723 die
2842 5667 2929 5721 illa
2981 5666 3326 5737 abnegabunt
3355 5666 3455 5720 ho-

1874 5760 2048 5813 mines
2080 5760 2220 5815 idola
2250 5777 2348 5815 sua
2396 5769 2656 5829 argentea
2685 5771 2739 5813 ct
2799 5773 2988 5823 aurea,
3039 5772 3161 5826 qua:
3211 5756 3456 5811 fecerunt

1876 5867 2069 5908 manus
2104 5867 2312 5908 corum.
2343 5873 2361 5907 ι
2416 5853 2573 5910 Licet
2626 5854 2768 5907 enim
2828 5851 2959 5920 ipsis
3012 5853 3174 5907 etiam
3211 5866 3370 5914 nunc,
3407 5849 3453 5905 si
