4100 6398
696 356 801 411 315

1355 349 1619 407 EUSEBII
1655 349 2130 408 ειεεεῐιιεκδιδ
2166 348 2250 405 0P

2354 346 2533 401 PARS
2570 344 2661 399 Ill.
2701 376 2772 386 -ο
2809 343 3217 399 EXEGETICA.

3808 341 3910 396 516

695 464 1061 539 pmnitentiam
1094 471 1278 533 agant,
1300 462 1353 518 in
1375 477 1528 517 suam
1555 463 1850 533 remigrare
1873 472 2092 527 terram,
2127 476 2247 515 cum

2350 459 2459 529 γὰρ
2485 459 2648 512 είσέτι
2681 459 2775 512 καὶ
2798 458 2893 511 νῦν
2922 457 3353 528 μετανοήσαντας
3375 456 3683 510 ἐπανελθεῖν
3710 458 3791 520 είς
3813 456 3912 528 τὴν

697 554 1011 613 edidicerint
1061 553 1241 623 qualia
1275 551 1418 608 Deus
1446 554 1588 608 circa
1620 568 1744 608 eam
1785 554 2056 623 pollicitus
2081 552 2249 632 sit..ld

2353 550 2559 602 ἑαυτῶν
2591 549 2714 618 γῆν,
2757 547 3023 619 μαθόντας
3048 547 3207 599 ὁποῖα
3230 544 3555 617 ἐπήγγελται
3583 546 3711 617 περὶ
3742 548 3907 616 αὐτῆς

696 648 857 702 etiam
893 645 1131 701 declarat
1153 643 1373 698 historia
1410 664 1424 697 :
1457 653 1741 713 nam‘post
1764 643 1994 697 reditum
2041 658 2105 697 ex
2156 641 2250 694 Ba-

2350 643 2379 694 6
2419 640 2571 703 Θεός.
2604 640 2714 692 Καὶ
2742 640 2898 693 τοῦτο
2939 638 2995 692 δὲ
3040 638 3363 708 παρίστησιν
3404 639 3438 708 ή
3488 636 3727 707 ἱστορίαο
3775 639 3909 707 μετὰ

694 736 907 807 bylone,
934 750 998 791 ac
1022 736 1310 790 excitatum
1350 734 1525 787 denuo
1567 734 1818 801 templum
1849 734 1903 788 in
1931 733 2247 798 Jerusalem,

698 841 804 881 non
826 827 965 881 ultra
988 825 1143 881 idolis
1176 825 1256 879 usi
1283 824 1453 879 fuisse
1490 827 1757 881 videnlur.

769 1000 929 1055 Vsus.
954 1002 1005 1057 8.
1039 1020 1058 1052 ι
1088 1001 1151 1055 Et
1188 1001 1347 1057 cadet
1366 1004 1537 1058 Assur
1570 1019 1673 1058 non
1715 1005 1893 1073 gladio
1919 1006 2042 1071 viri,
2079 1020 2251 1075 neque

700 1090 909 1161 gladius
937 1093 1036 1146 viri
1062 1092 1342 1146 devorahit
1366 1109 1484 1147 eum
1515 1111 1529 1146 :
1562 1102 1617 1147 et
1656 1092 1846 1164 fugiet.
1885 1109 1989 1147 non
2022 1109 2050 1148 a
2108 1096 2247 1150 facie

698 1183 899 1253 gladii:
952 1184 1189 1250 juvenes
1231 1194 1408 1237 autem
1451 1183 1871 1251 superabantur.
1908 1202 1927 1237 ι
1970 1183 2251 1255 Signiﬁcat

694 1283 874 1327 autem
932 1272 1334 1327 idololatrarum
1390 1275 1540 1343 regni
1591 1274 1882 1338 excidium,
1931 1276 2251 1344 ruinantque

693 1379 878 1418 eorum
909 1383 923 1417 :
953 1364 1175 1431 pristina
1210 1364 1295 1417 illa
1328 1366 1471 1435 regia
1522 1366 1807 1434 dignitate,
1832 1366 1989 1433 quasi
2039 1366 2107 1420 ah
2140 1368 2249 1419 alto

694 1454 951 1509 humilem
976 1456 1027 1508 in
1058 1455 1233 1511 locum
1273 1455 1499 1524 dejecta.
1523 1456 1583 1516 ,ιιι
1616 1464 1793 1510 autem
1824 1456 1929 1511 illis
1951 1456 2247 1526 continget,

693 1544 791 1610 ait,
824 1560 926 1599 non
954 1561 1019 1600 ex
1047 1546 1277 1600 humana
1320 1546 1615 1615 irruptione
1642 1565 1656 1601 :
1697 1547 1790 1601 sed
1822 1555 1889 1601 ex
1915 1547 2093 1601 divina
2116 1563 2247 1599 con-

694 1641 777 1685 tra
810 1634 930 1687 illos
967 1648 1192 1689 accensa
1220 1635 1320 1688 ira.
1358 1635 1582 1691 Etiamsi
1602 1637 1746 1691 enim
1774 1636 2021 1692 homines
2047 1636 2246 1692 excidii

693 1737 878 1777 eorum
914 1723 1142 1777 ministri
1189 1740 1350 1791 quam
1396 1728 1629 1781 maxime
1667 1728 1949 1783 videantur
1994 1742 2148 1791 esse;
2193 1736 2251 1781 at

692 1813 807 1881 ipse
843 1812 978 1868 Deus
1020 1824 1140 1869 erat
1186 1816 1277 1883 qui
1328 1816 1603 1871 hominum
1645 1831 1807 1887 opera
1846 1816 2079 1873 funditus
2131 1817 2251 1873 illos

691 1906 907 1960 evertit.

762 2076 924 2131 Vens.
954 2079 1006 2134 9.
1055 2096 1075 2130 ι
1125 2079 1282 2135 Petra
1332 2081 1476 2136 enim
1524 2083 2042 2150 circumdabuntur,
2095 2086 2246 2155 quasi

689 2165 849 2231 vallo,
886 2176 938 2222 et
966 2169 1270 2224 vincentur.
1310 2190 1329 2223 ι
1363 2170 1577 2227 Petram
1612 2184 1770 2230 vocat
1825 2176 1968 2231 illam
1995 2177 2121 2231 olim
2147 2178 2249 2233 As—

691 2255 960 2323 syriorum
1000 2257 1329 2322 ﬁrmitatem,
1374 2262 1629 2333 regnique
1663 2265 1845 2329 robur,
1902 2268 2043 2337 quod
2075 2278 2250 2325 trans-

691 2343 890 2398 iturum
920 2360 1041 2402 esse
1062 2348 1213 2403 dicit.
1247 2367 1267 2400 ι
1288 2349 1388 2415 Qui
1415 2360 1592 2407 autem
1621 2354 2092 2426 lngiet,capietur.
2124 2360 2248 2415 llaec

690 2434 824 2488 dicit
852 2436 1106 2494 Dominus
1137 2459 1149 2494 :
1179 2439 1395 2505 Beatus,
1439 2446 1526 2511 qui
1560 2447 1718 2501 habet
1751 2448 1804 2501 in
1847 2447 1974 2503 Sion
2019 2465 2200 2504 semen
2228 2492 2244 2517 ,

691 2533 749 2578 et
776 2526 1099 2585 domesticos
1128 2531 1182 2586 in
1211 2530 1527 2589 Jerusalem.
1568 2556 1586 2588 ι
1610 2536 1702 2593 His
1726 2539 1850 2593 item
1879 2539 2127 2594 hortatur
2152 2557 2247 2596 eos

690 2615 784 2683 qui
833 2618 885 2670 in
944 2618 1233 2690 Egyptum
1265 2625 1633 2693 confugerant,
1667 2638 1723 2682 ut
1758 2646 1825 2685 ne
1859 2633 2169 2689 recederent
2215 2651 2245 2689 a

692 2704 811 2761 loco
850 2709 935 2762 ubi
958 2722 1076 2766 erat
1109 2713 1363 2781 templum
1391 2717 1481 2770 Dei
1508 2736 1524 2771 :
1560 2720 1652 2773 sed
1673 2722 1837 2775 etiam
1888 2723 2079 2779 beatos
2109 2740 2249 2793 prte-

690 2795 837 2850 dicat
860 2814 975 2862 eos,
1012 2802 1102 2870 qui
1150 2817 1331 2859 semen
1371 2806 1421 2859 in
1454 2806 1583 2863 Sion
1620 2810 1853 2867 habituri
1890 2825 2039 2881 sunt,
2068 2828 2124 2871 et
2148 2819 2246 2871 do-

691 2888 946 2943 mesticos
974 2890 1028 2945 in
1076 2891 1410 2964 Jerusalem;
1460 2904 1712 2969 quoniam
1746 2906 1834 2960 illa
1870 2912 2245 2977 restauramla,

689 2986 747 3030 et
776 2979 1054 3047 pristinam
1085 2984 1487 3055 gloriamsuam
1538 3005 1916 3064 recuperatum
1964 3010 2083 3053 erat
2106 3043 2121 3068 ,
2152 3018 2245 3056 seu

691 3069 853 3123 etiam
883 3072 1143 3140 majorem
1176 3076 1284 3139 illa.
1320 3096 1480 3147 quam
1514 3083 1663 3150 prius
1691 3096 1851 3142 nacta
1878 3086 2075 3144 fuerat.
2107 3093 2248 3158 Qua-
2274 3109 2316 3166 (ι

691 3169 912 3229 propter
935 3164 1055 3218 aliis
1086 3166 1381 3234 dicebatur,
1415 3190 1433 3222 I
1466 3172 1533 3226 Et
1557 3177 1660 3229 erit
1688 3177 1853 3246 gloria
1880 3180 2070 3236 domus
2096 3183 2247 3239 istius

693 3249 987 3305 novissima
1024 3268 1185 3322 super
1212 3258 1442 3325 priorem
1476 3262 1539 3315 ³⁸.
1576 3283 1595 3316 ι
1628 3264 1781 3323 Scias
1820 3281 2057 3339 oportet,
2092 3275 2240 3338 illud,

700 3356 719 3389 ι
750 3340 957 3406 beatus,
989 3362 1010 3395 ι
1029 3359 1057 3398 a
1078 3348 1287 3401 nemine
1317 3348 1419 3404 alio
1442 3351 1792 3423 interpretum
1814 3359 2014 3414 dictum
2042 3362 2243 3419 fuisse:

692 3444 793 3497 pro
826 3431 914 3485 illo
940 3444 1137 3500 autem,
1171 3455 1190 3488 ι
1224 3438 1323 3504 Qui
1360 3440 1516 3497 habet
1548 3444 1603 3498 in
1646 3446 1773 3501 Sion
1812 3462 2018 3515 semen,
2049 3464 2104 3507 et
2156 3456 2248 3510 do-

694 3523 948 3578 mesticos
981 3525 1031 3578 in
1057 3524 1370 3592 Jerusalem,
1397 3549 1416 3582 ι
1447 3532 1802 3602 Symmachus
1823 3538 1999 3606 habet,
2023 3561 2041 3593 ι
2070 3544 2243 3611 ignem

695 3610 749 3666 in
784 3611 911 3668 Sion
939 3626 992 3669 et
1018 3617 1285 3673 clibannm
1319 3621 1371 3675 in
1403 3622 1736 3687 Jerusalem:
1767 3646 1787 3681 ι
1823 3630 2011 3699 Aquila
2041 3610 2171 3688 vero
2191 3645 2245 3691 et

696 3698 1013 3794 '_l‘lteodotio,
1052 3724 1072 3759 ι
1110 3706 1225 3762 Lux
1260 3711 1357 3779 ipsi
1392 3714 1443 3766 in
1491 3714 1646 3778 Sion,
1678 3727 1734 3772 et
1767 3698 2010 3777 clibanus
2044 3724 2142 3794 ipsi
2189 3727 2243 3782 in

695 3788 1015 3849 Jerusalem.
1047 3814 1066 3848 ι
1094 3800 1255 3863 Queis
1294 3802 1516 3858 docetur
1564 3808 1938 3866 universorum
1988 3788 2156 3870 Deum
2192 3830 2247 3873 et

700 3881 1005 3950 Dominum,
1034 3891 1123 3957 qui
1150 3890 1314 3946 hasce
1339 3904 1526 3949 contra
1549 3897 1804 3971 Assyrios
1842 3905 2015 3961 minas
2062 3918 2247 3977 protu-

699 3972 784 4037 lit,
832 3976 1007 4045 ignem
1040 3980 1237 4034 habere
1268 3982 1319 4037 in
1369 3983 1519 4053 Sion,
1549 3996 1605 4042 et
1630 3989 1899 4047 clibanum
1945 3995 1997 4051 in
2027 3972 2248 4053 Jerusa-

697 4061 840 4127 lem;
868 4076 925 4119 ut
948 4069 992 4121 si
1010 4071 1223 4137 quando
1246 4074 1490 4142 voluerit,
1517 4078 1618 4134 hoc
1646 4081 1767 4151 igne
1791 4093 1846 4138 et
1870 4085 2082 4143 clibano
2106 4105 2247 4144 com-

696 4153 857 4207 burat
877 4166 931 4211 et
950 4172 1216 4230 excoquat
1236 4178 1327 4219 eos
1350 4166 1439 4233 qui
1461 4169 1839 4229 combustione
1864 4189 1996 4245 opus
2023 4179 2243 4236 habent.

697 4245 956 4311 Quocirca
983 4249 1073 4305 Dei
1106 4252 1193 4306 illa
1221 4254 1421 4314 civitas
1438 4260 1711 4327 despectui
1740 4263 1983 4322 habenda
2014 4283 2244 4327 nonest.

698 4334 823 4431 llaec
860 4354 1022 4407 porro
1078 4343 1146 4398 de
1187 4344 1423 4400 Ecclesia
1469 4348 1608 4404 item
1637 4348 1758 4417 jure
1798 4354 2072 4424 dicantur,
2120 4363 2245 4431 quia

699 4425 813 4494 ipsa
840 4436 921 4481 est
953 4430 1143 4488 civitas
1194 4433 1280 4488 illa
1334 4436 1427 4490 Dei
1480 4437 1735 4509 gloriosa,
1763 4446 1829 4498 de
1876 4460 1979 4513 qua
2009 4425 2206 4506 dicitur
2231 4494 2247 4519 ,
2284 4463 2325 4515 ι)

704 4534 725 4567 ι
759 4516 1003 4575 Gloriosa
1035 4523 1174 4577 dicta
1209 4534 1339 4579 sunt
1372 4527 1438 4583 de
1470 4537 1542 4595 te,
1583 4531 1778 4605 civitas
1830 4535 1923 4591 Dei
1973 4538 2040 4594 “.
2078 4560 2099 4593 ι

700 4608 829 4663 item
864 4610 918 4663 in
974 4613 1061 4667 illa
1095 4614 1233 4682 ignis
1270 4625 1325 4671 et
1369 4618 1630 4688 clibanus,
1665 4637 1773 4695 quo
1823 4628 2251 4703 uniuscujusque

701 4701 892 4754 animae
919 4702 1082 4769 ligna,
1116 4703 1294 4761 fenum
1325 4716 1378 4763 et
1402 4711 1652 4780 stipulam
1683 4718 1966 4775 comburat
2006 4701 2061 4777 et
2090 4701 2253 4781 absu~

701 4801 829 4844 mat.
860 4794 1009 4858 Quod
1034 4795 1077 4848 si
1100 4796 1332 4867 dicatur,
1363 4817 1382 4851 ι
1421 4800 1536 4856 Lux
1567 4803 1666 4873 ipsi
1702 4808 1754 4860 in
1797 4807 1950 4875 Sion,
1994 4821 2049 4867 et
2078 4814 2248 4869 cliba-

703 4897 803 4936 nus
835 4884 930 4952 ipsi
965 4887 1016 4939 in
1048 4886 1369 4955 Jerusalem,
1411 4910 1431 4945 ι
1473 4893 1649 4963 ignem
1682 4897 2044 4971 intelligamus
2089 4919 2251 4974 opor-

706 4983 801 5037 tet,
855 4987 1070 5045 propter
1098 4994 1191 5034 eos
1220 4996 1287 5035 ex
1316 4992 1481 5049 cmtu,
1515 4986 1601 5053 qui
1652 4988 1854 5045 lumine
1883 5002 2011 5047 sunt
2054 4995 2201 5065 digni
2228 5015 2243 5063 ;

704 5066 969 5119 clibanttm
999 5080 1176 5124 autem
1208 5071 1260 5126 in
1290 5071 1609 5142 Jerusalem,
1642 5090 1857 5150 propter
1881 5097 1975 5138 eos
1992 5085 2079 5154 qui
2098 5100 2247 5142 com-

703 5158 947 5215 bustioue
978 5173 1027 5215 ct
1059 5168 1374 5234 purgatione
1410 5174 1544 5239 opus
1575 5171 1791 5228 habent.

1234 5431 1459 5489 CAPUT
1494 5432 1704 5489 XXXII.

777 5513 934 5572 Vsus.
979 5519 999 5573 l
1050 5520 1105 5575 2.
1137 5522 1312 5578 tEece
1349 5525 1491 5579 enim
1526 5541 1616 5579 rex
1668 5526 1842 5594 justus
1880 5527 2144 5599 regnabit,
2193 5538 2246 5584 et

780 5711 825 5743 ³·
853 5718 982 5785 Agg.
1020 5732 1080 5783 tt,
1120 5720 1203 5774 10.
1279 5721 1483 5778 "Psal.
1514 5723 1811 5791 usums-

2349 730 2459 799 γὰρ
2485 730 2545 782 τὸ
2569 728 2883 782 ἐπανελθεῖν
2915 728 3109 792 αὐτοὺς
3145 728 3254 782 ἀπὸ
3296 727 3629 789 Βαϐυλῶνος,
3687 726 3783 779 καὶ
3823 726 3898 779 ἀν

2351 823 2558 890 εγεῖραι
2604 818 2852 889 δεύτερον
2896 819 2988 873 τὸν
3025 821 3082 871 ὲν
3119 817 3505 888 Ἱεροσολύμοις
3542 816 3689 880 ναὸν,
3730 815 3909 869 οὐκέτι

2308 926 2313 933 ·
2350 911 2629 979 φαίνονται
2655 908 2891 975 είδώλοις
2919 911 3263 983 χρησάμενοι.

2425 1017 2444 1052 ι
2478 999 2586 1052 Καὶ
2616 1001 2857 1052 πεσεῖται
2908 998 3135 1067 ’Δσσοὺρ
3163 997 3223 1050 οὐ
3262 997 3504 1068 μαχαίρᾳ
3546 994 3757 1066 ἀνδρὸς,
3790 993 3911 1047 οὐδὲ

2353 1091 2594 1163 μάχαιρα
2616 1090 2900 1161 ἀνθρώπου
2929 1090 3301 1158 καταφάγεται
3328 1089 3509 1149 αὑτὸν,
3540 1088 3632 1142 καὶ
3660 1085 3913 1157 φεύξεται

2349 1181 2449 1233 οὐκ
2482 1177 2590 1233 ἀπὸ
2622 1177 2911 1250 προσώπου
2958 1178 3255 1250 μαχαίραςο
3289 1178 3340 1229 oi
3378 1177 3434 1229 δὲ
3467 1176 3739 1229 νεανίσκοι
3774 1174 3913 1227 Eam-

2348 1287 2437 1322 ται
2478 1270 2557 1332 είς
2602 1269 2840 1339 ήττημα.
2888 1289 2907 1322 ι
2958 1270 3217 1339 Σημαίνει
3252 1267 3309 1321 δὲ
3344 1266 3441 1337 τὴν
3473 1265 3784 1336 καθαίρεσιν
3815 1265 3915 1336 τῆς

2349 1356 2455 1414 τῶν
2478 1358 2877 1430 είδωλολατρῶν
2907 1358 3202 1429 βασιλείας,
3228 1358 3322 1410 καὶ
3351 1356 3447 1426 τὴν
3473 1356 3681 1408 πτῶσιν
3715 1356 3913 1420 αὐτῶν,
4008 1358 4013 1365 ’

2350 1448 2539 1521 ὥσπερ
2570 1451 2661 1518 ἀφ’
2690 1448 2857 1517 ὕψους
2886 1449 2979 1502 τοῦ
3008 1449 3272 1520 προτέρου
3305 1444 3578 1517 βασιλικοῦ
3612 1442 3917 1514 ἀξιώματος

2350 1544 2443 1597 ἐπὶ
2481 1542 2541 1595 τὸ
2576 1541 2827 1594 ταπεινὸν
2854 1542 3154 1612 φερομένου
3174 1556 3187 1569 ·
3221 1541 3313 1592 καὶ
3346 1536 3501 1591 τοῦτο
3526 1537 3725 1600 αὐτοῖς,
3758 1536 3916 1605 φησὶ,

2352 1632 2687 1702 συμϐήσεται
2718 1632 2819 1684 οὐκ
2847 1630 2908 1694 ἐξ
2948 1629 3298 1702 ἀνθρωπίνης
3342 1628 3552 1697 ἐφόδου,
3579 1625 3691 1680 ἀλλ’
3721 1628 3789 1680 ὲκ
3816 1626 3920 1696 τῆς

2348 1722 2442 1775 τοῦ
2479 1721 2611 1775 Θεοῦ
2649 1724 2766 1775 κατ’
2795 1722 2973 1775 αὐτῶν
3016 1720 3203 1791 ὀργῆς.
3236 1721 3299 1774 El
3324 1719 3433 1790 γὰρ
3463 1718 3556 1773 καὶ
3584 1718 3654 1772 τά
3684 1718 3922 1789 μάλιστα

2350 1814 2564 1867 ἐδόκουν
2608 1813 2882 1885 ἄνθρωποι
2921 1813 3191 1884 ὑπηρέται
3223 1812 3501 1882 γεγονέναι
3536 1813 3632 1881 τῆς
3661 1810 3892 1883 καθαιρι

2351 1920 2485 1967 σεως
2507 1904 2707 1966 αὐτῶν,
2730 1904 2843 1957 ἀλλ’
2870 1904 3030 1967 αὐτὸς
3054 1899 3121 1974 ἦν
3144 1905 3173 1958 6
3201 1903 3353 1967 Θεὸς,
3380 1902 3409 1954 6
3436 1902 3530 1956 διὰ
3568 1901 3678 1955 τῶν
3716 1899 3922 1973 ἀνθρώ-

2350 2012 2467 2049 πων
2494 1995 2776 2065 καθαιρῶν
2801 1994 3019 2058 αὐτούς.
3156 2004 3159 2007 “

2423 2104 2442 2138 ι
2501 2086 2685 2157 Πέτρᾳ
2726 2087 2834 2156 γὰρ
2884 2085 3374 2157 περιληφῦήσονται
3417 2086 3493 2149 ὼς
3537 2085 3775 2157 χάρακι,
3823 2086 3921 2139 καὶ

2348 2150 2762 2247 ἡττηθήσονται..
2805 2150 2841 2227 1»
2900 2150 3113 2247 Πέτραν
3168 2150 3317 2244 λέγει
3364 2174 3458 2228 τοῦ
3523 2150 3803 2247 ’λσσυρίου
3855 2175 3925 2231 τδ

2348 2266 2512 2320 πάλαι
2545 2268 2769 2339 στερᾣ
2789 2268 2882 2319 καὶ
2908 2266 3123 2337 βέϐαιον
3147 2266 3239 2321 καὶ
3266 2267 3483 2338 ίσχυρὸν
3508 2267 3609 2337 τῆς
3640 2266 3920 2337 βασιλείας

2348 2353 2507 2406 αὐτοῦ
2537 2394 2551 2417 ,
2610 2355 2745 2426 ὅπερ
2810 2355 3235 2427 παρελεύσεσθαι
3285 2374 3447 2426 φησιν
3504 2358 3535 2409 6
3580 2356 3757 2427 λόγος.
3796 2378 3815 2410 ι
3861 2360 3921 2413 ’Θ

2348 2444 2404 2496 δὲ
2461 2445 2675 2513 φεύγων
2738 2445 3025 2501 ἁλώσεται.
3092 2446 3229 2500 Τάδε
3306 2446 3453 2515 λέγει
3504 2447 3709 2519 Κύριος
3737 2467 3752 2481 ο
3807 2450 3921 2504 Μαι

2347 2535 2534 2606 κάριος
2581 2536 2639 2599 ὃς
2686 2536 2796 2606 ἔχει
2847 2538 2904 2589 ὲν
2956 2535 3095 2590 Σιὼν
3145 2536 3386 2608 σπέρμα,
3441 2538 3536 2591 καὶ
3579 2539 3813 2602 οίκείους
3862 2539 3921 2591 ὲν

2358 2625 2731 2696 Ἰερουσαλήμ.
2786 2644 2805 2677 ι
2852 2627 2962 2679 Καὶ
3000 2627 3087 2681 διὰ
3119 2627 3308 2681 τούτου
3344 2628 3641 2700 προτρέπει
3666 2630 3796 2694 τοὺς
3841 2633 3921 2694 είς

2346 2715 2444 2785 τὴν
2486 2714 2757 2783 Αἴγυπτον
2789 2717 3133 2787 ὁρμήσαντας
3176 2718 3251 2787 μὴ
3298 2718 3596 2788 ἀναχωρεῖν
3624 2716 3720 2771 τοῦ
3749 2718 3919 2773 τόπου

2348 2805 2476 2859 ἔνθα
2506 2801 2572 2876 ἦν
2600 2808 2627 2858 6
2660 2804 2795 2868 νεὼς
2826 2805 2921 2858 τοῦ
2953 2806 3087 2859 Θεοῦ
3108 2824 3121 2837 ⁸
3158 2808 3291 2861 ἀλλὰ
3332 2808 3425 2860 καὶ
3469 2808 3760 2879 μακαρίζει
3792 2810 3920 2873 τοὺς

2346 2896 2562 2961 ἕξοντας
2612 2898 2668 2949 ὲν
2708 2896 2843 2950 Σιὼν
2895 2896 3137 2967 σπέρμα,
3190 2899 3285 2952 καὶ
3326 2901 3384 2952 ὲν
3441 2898 3792 2970 Ἰερουσαλὴμ
3836 2901 3919 2953 oi-

2348 2988 2545 3050 κείους,
2585 2986 2671 3039 διὰ
2710 2988 2770 3040 τὺ
2814 2988 3025 3057 μέλλειν
3058 2988 3229 3059 αὐτὴν
3273 2989 3645 3052 ἀνανεοῦσθαι,
3678 2990 3777 3044 καὶ
3818 2990 3919 3062 τήν

2347 3077 2553 3129 οίκείαν
2595 3074 2751 3140 αὖθις
2783 3078 3188 3148 ἀπολαμϐάνειν
3217 3078 3393 3144 δόξαν,
3434 3080 3468 3149 ἢ
3502 3080 3593 3134 καὶ
3634 3080 3919 3151 κρείττονα

2351 3161 2418 3236 ἦς
2446 3163 2558 3236 εἶχε
2592 3168 2872 3238 πρότερον.
2905 3168 2999 3221 Διὸ
3031 3168 3246 3238 ἐλέγετο
3278 3170 3487 3241 ἑτέροις
3508 3187 3522 3200 ⁸
3562 3190 3581 3221 ε
3625 3172 3737 3225 Καεί-
3764 3161 3920 3228 Em‘

2352 3260 2385 3328 ἡ
2417 3258 2538 3325 δόξα
2570 3258 2662 3311 τοῦ
2706 3260 2854 3313 οῐκου
2899 3260 3088 3315 τούτου
3125 3264 3159 3332 ή
3206 3262 3409 3333 ἐσχάτη
3450 3262 3594 3334 ὑπὲρ
3631 3261 3730 3334 τὴν
3764 3264 3920 3336 πρώ-

2348 3366 2467 3420 την.
2527 3370 2544 3401 ι
2583 3351 2797 3404 Εἱδέναι
2845 3352 2902 3405 δὲ
2955 3352 3079 3423 χρὴ,
3111 3354 3193 3405 ὅτι
3226 3354 3286 3407 τὺ
3321 3355 3439 3425 μὲν,
3480 3372 3499 3405 ι
3554 3354 3842 3426 μακάριος,
3894 3375 3920 3408 ι

2349 3440 2520 3504 οὐδεὶς
2556 3440 2663 3493 τῶν
2692 3442 3045 3513 ἑρμηνευτῶν
3064 3444 3313 3514 σείρηκεψ
3348 3446 3469 3499 ἀντὶ
3503 3444 3559 3499 δὲ
3593 3446 3715 3511 τοῦ,
3753 3466 3772 3498 ι
3823 3449 3920 3512 Ὃς

2350 3529 2462 3600 ἔχει
2482 3534 2538 3584 ὲν
2567 3531 2703 3586 Σιὼν
2736 3534 2958 3605 σπέρμα
2996 3526 3089 3588 ita!
3120 3536 3351 3599 οίκείους
3377 3537 3435 3589 ἑν
3483 3536 3857 3608 Ἰερουσαλὴμ,
3893 3557 3913 3591 ι

2350 3620 2379 3670 6
2419 3620 2516 3689 μὲν
2557 3621 2849 3692 Σύμμαχος
2879 3622 3012 3691 ἔχει,
3052 3641 3072 3674 ι
3110 3621 3221 3695 πῦρ
3257 3626 3315 3677 ἂν
3348 3624 3505 3688 Σιὼν,
3539 3626 3633 3678 καὶ
3664 3625 3922 3681 κλίϐανον

2351 3712 2408 3762 ὲν
2452 3712 2832 3782 ἰερουσαλήμο
2870 3732 2888 3764 ι
2929 3714 2959 3765 6
2998 3712 3226 3778 ’Δκύλας
3268 3716 3361 3768 καὶ
3399 3714 3705 3781 Θεοδοτίων,
3742 3735 3762 3767 ι
3798 3716 3921 3781 Φῶς

2355 3801 2503 3871 αὐτῷ
2534 3804 2590 3854 ὲν
2626 3802 2763 3854 Σιὼν
2796 3804 2887 3856 καὶ
2918 3804 3167 3869 κλίϐανος
3195 3805 3344 3876 αὐτῷ
3382 3807 3441 3859 ὲν
3485 3806 3860 3879 Ἰερουσαλὴμ,
3892 3826 3915 3861 s

2352 3892 2635 3962 είρήκασι’
2687 3892 3022 3959 διδάσκοντος
3053 3895 3147 3949 τοῦ
3196 3896 3376 3965 λόγου,
3422 3898 3502 3952 ὅτι
3547 3901 3575 3953 6
3621 3899 3731 3953 τῶν
3778 3901 3918 3955 ὅλων

2351 3982 2482 4046 Θεὸς
2511 3984 2605 4037 καὶ
2636 3985 2866 4057 Κύριος,
2897 3989 2927 4040 6
2958 3989 3097 4044 κατὰ
3132 3990 3238 4044 τῶν
3282 3992 3579 4063 Ἀσσυρίων
3617 3995 3923 4068 ἀπειλήσας

2350 4074 2421 4129 τὰ
2444 4075 2732 4146 λεγόμενα,
2765 4077 2877 4147 ἔχει
2902 4078 3011 4150 πῦρ
3038 4081 3095 4133 ὲν
3124 4081 3285 4147 Σιὼν,
3314 4083 3407 4137 καὶ
3434 4081 3681 4138 κλίϐανον
3711 4086 3771 4137 ἐν
3823 4088 3918 4141 Ἰε-

2354 4165 2662 4237 ρουσαλήμο
2697 4166 2775 4219 ἶν’
2805 4168 2892 4221 ὅτε
2928 4168 3203 4242 βούληται,
3235 4171 3315 4244 τῷ
3346 4174 3479 4245 πυρὶ
3502 4173 3674 4245 τούτῳ
3712 4176 3810 4231 καὶ
3838 4177 3927 4249 τῷ

2352 4256 2587 4327 κλιϐάνῳ
2634 4260 2953 4334 κατακαύσῃ
2999 4261 3091 4314 καὶ
3140 4266 3461 4339 κατοπτήσῃ
3508 4267 3633 4331 τοὺς
3669 4268 3920 4335 καύσεως

2351 4347 2648 4417 δεομένους.
2702 4350 2793 4403 Διὸ
2828 4351 2889 4403 οὐ
2943 4354 3208 4423 προσήκει
3256 4347 3614 4428 καταφρονεῖν
3664 4358 3767 4429 τῆς
3823 4360 3921 4416 τοῦ

2352 4435 2484 4489 Θεοῦ
2510 4438 2735 4503 πόλεως.
2767 4441 2949 4495 Ταῦτα
2978 4443 3034 4497 δὲ
3065 4445 3158 4497 καὶ
3198 4444 3326 4517 περὶ
3349 4446 3449 4517 τῆς
3486 4447 3811 4519 Ἐκκλησίας
3835 4454 3918 4505 εί-

2356 4528 2523 4593 κότως
2554 4529 2619 4583 ἂν
2651 4530 2861 4602 ῥηθείη,
2894 4533 3192 4605 ἐπειδήπερ
3227 4537 3261 4606 ή
3298 4535 3453 4600 πόλις
3485 4536 3578 4591 τοῦ
3605 4536 3741 4592 Θεοῦ
3773 4543 3807 4609 ὴ
3833 4541 3918 4595 δεο

2355 4618 2649 4692 δοξασμένη
2673 4623 2807 4693 αὐτή
2832 4625 2967 4689 ἐστι,
2994 4627 3121 4696 περὶ
3145 4622 3212 4697 ἧς
3232 4627 3443 4697 εῐρηται
3459 4645 3474 4659 ο
3501 4649 3520 4680 ι
3548 4630 3917 4704 Δεδοξασμένα

2355 4709 2584 4782 ἐλαλήθη
2618 4714 2745 4783 περὶ
2774 4713 2889 4779 σοῦ,
2918 4716 2951 4784 ἡ
2982 4716 3135 4779 πόλις
3165 4716 3259 4770 τοῦ
3288 4716 3443 4773 Θεοῦ.
3480 4739 3500 4772 ι
3552 4720 3708 4775 Ἔστι
3740 4726 3834 4778 καὶ
3858 4727 3919 4781 ἐν

2356 4801 2492 4873 αὐτῇ
2520 4802 2754 4880 πῦρὶκαὶ
2784 4805 3052 4870 κλίϐανος,
3077 4808 3156 4871 είς
3182 4808 3243 4861 τὸ
3278 4810 3634 4881 καταφλέγειν
3682 4815 3777 4867 καὶ
3824 4817 3915 4870 άνυ

2350 4892 2596 4947 αλίσκειν
2620 4894 2689 4947 τὰ
2713 4896 2771 4947 ὲν
2806 4896 3008 4968 ἑκάστῃ
3030 4896 3172 4971 ψυχῇ
3206 4898 3335 4964 ξύλα
3357 4903 3449 4955 καὶ
3474 4903 3663 4976 χόρτον
3692 4906 3789 4959 καὶ
3820 4924 3916 4962 κα-

2348 4982 2543 5053 λάμην.
2585 4984 2710 5037 Ἐὰν
2748 4985 2805 5038 δὲ
2850 4985 3095 5055 λέγηται,
3133 5007 3152 5040 ι
3187 4989 3307 5055 Φῶς
3342 4991 3490 5063 αὐτῷ
3521 4994 3580 5047 ὲν
3619 4993 3778 5060 Σιὼν,
3822 5001 3915 5053 καὶ

2348 5072 2594 5140 κλίϐανος
2617 5072 2765 5147 αὐτῷ
2791 5079 2849 5129 εν
2882 5075 3250 5152 Ἰερουσαλὴμ,
3290 5100 3309 5134 ι
3340 5082 3427 5136 διὰ
3455 5084 3554 5155 μὲν
3585 5086 3711 5149 τοὺς
3736 5090 3913 5155 φωτὸς

2346 5165 2526 5229 ἀξίους
2546 5166 2654 5221 τῶν
2677 5170 3051 5243 συναγομένων
3070 5172 3131 5224 τὸ
3145 5170 3273 5239 φῶς
3290 5173 3537 5244 είρῆσθαι
3561 5176 3907 5247 ὲκδεξόμεθα’

2348 5254 2437 5309 διὰ
2466 5255 2524 5309 δὲ
2554 5258 2678 5321 τοὺς
2714 5248 2957 5323 καύσεως
2990 5261 3080 5315 καὶ¹
3112 5262 3427 5334 καθάρσεως
3470 5265 3660 5335 χρείαν
3690 5266 3912 5337 ἔχοντας

2346 5345 2425 5413 τὸ,
2457 5348 2738 5415 κλίϐανος
2764 5350 2833 5404 ἐν
2872 5350 3281 5422 Ἰερουσαλήμ.

2847 5441 3238 5497 ΚΕΦΔΛΑΙΟΝ
3260 5444 3379 5500 ΛΒ¹.

2423 5542 2443 5577 t
2490 5527 2621 5585 ’1δοῦ
2664 5528 2770 5603 γὰρ
2798 5529 3048 5602 βασιλεὺς
3074 5533 3280 5601 δίκαιος
3314 5535 3635 5609 βασιλεύσει,
3679 5541 3774 5594 καὶ
3812 5538 3911 5614 ἄρ-
