4100 6430
212 374 316 429 317

1149 351 1663 428 consumant
1701 367 1769 424 IN
1809 367 2334 428 Μαι-εει».
2368 367 2590 425 ann.

213 527 399 581 χοντες
430 511 587 583 μετά
619 511 853 582 κρίσεως
883 508 1123 580 ἄρξουσι.
1150 507 1260 562 Καὶ
1285 508 1442 561 ἐσται
1472 508 1503 561 6
1531 507 1816 579 ἄνθρωπος

1923 509 2191 578 principes
2215 522 2340 564 eum
2362 504 2568 576 judicio
2591 505 2954 587 imperabunt.
2983 499 3049 556 Et
3073 499 3182 556 erit
3207 500 3371 555 homo
3394 514 3489 553 oc-

212 603 481 673 κρύπτων
513 603 650 664 τοὺς
685 601 876 669 λόγους
899 599 1098 663 αὑτοῦ,
1122 599 1217 653 καὶ
1252 596 1594 670 κρυϐήσεται
1621 597 1697 660 ὡς
1719 595 1814 665 ἀφ’

213 693 404 756 ὓδατος
437 691 782 763 φερομένου.
823 690 933 742 Καὶ
961 690 1257 759 φανήσεται
1287 691 1345 741 ἐν
1373 686 1515 740 Σιὼν
1538 687 1615 750 ὡς
1651 702 1818 740 ταντα-

213 784 308 854 μδς
334 785 662 856 φερόμενος
681 823 698 848 ,
725 781 932 846 ἐνδοξος
957 783 1014 836 ἐν
1039 784 1110 852 γῇ
1136 779 1365 850 διψώσῃ.
1413 798 1433 831 ι
1463 778 1722 842 Θεσπίξει
1747 777 1818 831 τά

211 875 338 944 περὶ
370 875 478 945 τῆς
511 872 846 942 θεοφανείας
887 872 982 926 τοῦ
1023 870 1256 942 Χριστοῦ
1275 886 1289 900 ⁸
1337 871 1497 941 μόνος
1523 871 1632 943 γάρ
1662 865 1818 934 οὗτος

209 966 418 1028 δίκαιος
461 965 526 1018 ἐν
579 963 892 1035 ἀνθρώποις
927 963 1168 1033 ἀνεφάνη
1218 963 1248 1016 6
1296 961 1569 1032 βασιλεύς.
1613 962 1726 1016 Καὶ
1765 964 1816 1016 οί

210 1055 506 1109 ἀπόστολοι
543 1056 608 1108 δι
642 1054 809 1108 αὑτοῦ
846 1053 984 1125 μιτά
1019 1052 1252 1124 κρίσεως
1281 1052 1375 1106 τοῦ
1408 1039 1617 1107 ἑαυτῶν
1661 1051 1816 1121 βασι-

210 1147 367 1210 λέως,
403 1147 513 1216 τῆς
583 1147 915 1215 Ἐκκλησίας
946 1143 1112 1199 αὐτοῦ
1146 1142 1548 1214 καθηγήσαντο.
1601 1141 1814 1196 Ἐϐασί-

209 1238 366 1292 λευσε
401 1238 599 1292 τοίνυν
632 1239 713 1300 εἰς
744 1237 1091 1308 δικαιοσύνην
1135 1237 1166 1290 6
1203 1235 1438 1306 Χριστὸς
1471 1235 1665 1306 καινήν
1694 1249 1816 1286 τινα

207 1329 413 1398 ταύτην
442 1328 556 1399 τὴν
585 1327 894 1397 βασιλεία-δ’
931 1327 992 1381 οὐ
1024 1326 1132 1397 7&p
1165 1327 1245 1389 είς
1276 1325 1625 1397 ἀνθρωπίνην
1657 1324 1817 1391 ἀξίαν

209 1417 572 1482 ἀποσλόταιιν,
616 1419 738 1472 οὐδὲ
772 1420 853 1482 είς
887 1418 1050 1489 τιμὴν
1091 1419 1186 1472 καὶ
1211 1416 1369 1483 δόξαν
1398 1417 1498 1488 τὴν
1539 1417 1691 1488 παρά
1715 1417 1814 1469 ἀν-

209 1510 478 1580 θρώποις,
519 1510 627 1580 τὴν
677 1508 953 1580 βασιλείαν
982 1510 1337 1580 ἐπανήρατο,
1363 1508 1475 1562 ἀλλ’
1502 1509 1582 1571 είς
1614 1507 1816 1561 δικαιο-

210 1601 414 1672 σύνηνο
447 1600 652 1672 ὥσπερ
683 1597 775 1654 οὖν
827 1599 922 1654 καὶ
971 1601 1022 1652 οἱ
1071 1598 1332 1670 ἄρχοντες
1379 1598 1565 1662 αὐτοῦ,
1613 1600 1713 1651 οὐκ
1758 1599 1816 1650 ἐν

210 1692 496 1764 ἀξιώμασι
555 1693 846 1761 κωμικοῖς
896 1690 1263 1762 προαχθέντες
1315 1685 1504 1762 ἦρχον,
1565 1689 1680 1743 ἀλλ’
1735 1689 1815 1752 είς

208 1784 419 1854 κρίσιν.
463 1781 568 1836 Διδ
620 1781 763 1835 κατά
785 1782 911 1844 τοὺς
939 1781 1161 1846 λοιποὺς
1195 1781 1537 1852 ἐρμηνευτάς
1578 1781 1813 1851 εῖρηται,

213 1895 233 1927 ι
267 1875 386 1929 Καὶ
415 1876 694 1947 ἄρχοντες
725 1876 804 1937 είς
844 1875 1017 1945 κρῖμα
1045 1873 1322 1943 ἄρξουσιν.
1364 1893 1383 1925 ι
1437 1873 1582 1925 ’Δντὶ
1611 1871 1668 1924 δέ
1699 1870 1815 1933 τοῦ,

213 1985 232 2016 ι
287 1965 403 2018 Καὶ
448 1963 616 2017 ἔσται
652 1966 683 2018 6
711 1961 995 2033 ἄνθρωπος
1030 1962 1288 2032 κρύπτων
1333 1963 1460 2026 τοὺς
1496 1962 1689 2030 λόγους
1719 1960 1818 2013 αύ-

206 2057 324 2122 τοῠ,
366 2077 387 2110 ι
437 2061 471 2112 6
516 2057 832 2128 Σύμμαχος,
893 2074 913 2107 ι
951 2056 1060 2110 Καὶ
1092 2054 1267 2117 ἐσται,
1335 2054 1524 2124 φησὶν,
1573 2051 1713 2122 ἀνὴρ
1744 2052 1820 2116 ὡς

208 2149 520 2220 ἀποκρυφὴ
582 2148 691 2202 ἀπὺ
762 2146 1070 2217 πνεύματος
1112 2147 1207 2200 καὶ
1264 2146 1546 2208 λαίλαπος.
1583 2163 1601 2195 ι
1664 2145 1821 2206 Ποῖος

207 2234 301 2292 οὖν
331 2239 640 2310 ἄνθρωπος
679 2237 832 2292 ἐσται
863 2238 979 2290 ἀλλ’
1007 2240 1036 2291 6
1065 2237 1323 2307 ἀνωτέρω
1371 2235 1578 2298 δίκαιος
1606 2234 1822 2304 ὠνομα-

212 2331 450 2400 σμὲνοςς
489 2331 667 2392 Αὐτὸς
691 2330 802 2401 γάρ
831 2325 986 2393 οὗτος
1010 2329 1165 2383 ἔσται
1195 2329 1357 2399 ἀνὴρ,
1383 2327 1582 2381 οὐκοῦν
1617 2329 1685 2396 τῇ
1719 2325 1820 2394 φύ-

211 2436 294 2474 σει
325 2423 500 2493 ἀνὴρ.
544 2421 682 2474 ἀλλά
725 2421 989 2493 κρείττων
1029 2420 1063 2491 ἢ
1109 2419 1250 2472 κατὰ
1295 2417 1587 2490 ἀνθρώπου
1633 2416 1815 2487 φύσιν.

208 2509 358 2580 Πλὴν
417 2509 581 2564 ἔσται
633 2508 917 2581 ἄνθρωπος
960 2507 1313 2579 ἐπικρύπτων
1363 2504 1533 2560 αὑτοῦ
1571 2507 1670 2577 τὴν
1703 2505 1820 2558 θεό-

207 2618 372 2672 τητα.
411 2602 610 2673 ’Υδωρ
650 2601 759 2672 γάρ
791 2600 1089 2670 φερόμενον
1120 2593 1189 2668 ἦν
1217 2598 1312 2674 καὶ
1343 2596 1717 2667 ἀπολλύμενον
1757 2597 1820 2650 τὸ

210 2692 428 2763 πλῆθος
459 2690 562 2745 τοῦ
597 2692 707 2744 τῶν
738 2690 1002 2746 Ἰουδαίων
1034 2688 1163 2743 λαοῦ
1188 2706 1201 2719 ⁸
1235 2689 1316 2742 διὸ
1345 2689 1439 2742 καὶ
1466 2689 1819 2760 ἀπέκρυπτεν

210 2783 384 2838 αὑτὸν
410 2783 475 2850 ἐξ
505 2781 712 2843 αὐτῶν,
753 2782 849 2834 καὶ
883 2781 1010 2844 τοὺς
1047 2781 1238 2844 λόγους
1263 2778 1430 2833 αὐτοῦ
1468 2780 1564 2832 ἀπ’
1593 2780 1820 2832 ἐκείνων

215 2871 316 2942 μιν
345 2870 654 2930 ἐκάλυπτε.
687 2871 797 2931 τοῖς
827 2869 883 2922 δὲ
913 2868 1080 2922 αὑτοῦ
1104 2868 1372 2939 μαθηταῖς
1400 2869 1689 2940 ἐφανέρου.
1719 2870 1817 2933 Τίς

211 2959 270 3014 δέ
304 2961 622 3029 φανήσεται
664 2957 708 3028 η’
733 2957 894 3021 αὐτὸς
927 2956 1456 3027 δίκαιος,βασιλεύς;
1509 2959 1671 3022 αὐτὸς
1710 2960 1817 3029 γάρ

213 3053 532 3122 φανήσεται
581 3050 659 3114 ὡς
711 3049 956 3120 ποταμὸς
1003 3049 1306 3121 φερόμενος
1350 3050 1578 3116 ἔνδοξος.
1623 3053 1718 3115 Τίς
1760 3051 1817 3104 δέ

1917 599 2132 654 cultans
2168 613 2448 662 sermones
2476 612 2626 660 suos.
2667 606 2724 652 et
2744 593 3110 650 occultabitnr
3141 601 3199 645 ut
3250 591 3320 646 ab
3345 606 3492 661 aqua

1917 702 2192 747 manante.
2218 691 2288 746 Et
2303 689 2588 760 apparebit
2615 688 2670 744 in
2689 687 2843 753 Sion,
2863 687 3007 742 sicut
3024 682 3219 738 ﬁuvius
3239 697 3491 746 currens,

1917 784 2156 854 inclytus
2189 785 2244 838 in
2275 793 2420 838 terra
2445 780 2681 838 sitienti.
2714 798 2734 832 s
2763 777 2896 846 Quae
2924 777 2992 831 ad
3023 776 3262 830 divinum
3288 772 3492 829 Christi

1916 875 2206 932 adventunl
2233 882 2479 945 spectant
2507 872 2866 927 vaticinatur:
2897 869 2946 924 is
2971 879 3204 934 namque
3227 863 3374 920 solus
3397 878 3491 918 rex

1911 968 2092 1038 justus
2120 969 2174 1022 in
2228 966 2542 1022 hominibus
2583 962 2858 1035 apparuit.
2915 957 3160 1029 Apostoli
3209 970 3340 1012 vero
3375 955 3494 1025 ejus

1915 1073 2040 1114 cum
2073 1059 2276 1127 judicio
2307 1057 2452 1128 regis
2503 1056 2588 1111 sui
2629 1053 2888 1109 Ecclesia
2934 1051 3109 1122 ipsius
3138 1047 3491 1118 prcluerunt.

1918 1151 2182 1222 lleguavit
2212 1151 2395 1219 itaque
2434 1150 2489 1203 ln
2516 1146 2787 1215 Justitiam
2817 1143 3094 1206 Christus,
3136 1154 3333 1195 norum
3362 1153 3495 1194 sane

1919 1243 2066 1314 regni
2103 1256 2310 1313 genus;
2354 1255 2459 1294 non
2504 1238 2562 1294 in
2589 1238 2885 1293 humanam
2916 1234 3116 1306 quippe
3155 1231 3493 1302 dignitatem,

1917 1351 2023 1392 non
2042 1336 2095 1389 in
2127 1337 2387 1387 honorem
2417 1341 2474 1387 et
2489 1328 2722 1400 gloriam
2745 1327 3026 1382 hominum
3057 1321 3374 1391 respiciens,
3409 1334 3500 1374 re-

1917 1441 2082 1497 gnum
2099 1425 2308 1490 erexit;
2339 1423 2432 1478 sed
2456 1419 2800 1490 iniustitiam
2826 1435 2842 1473 :
2873 1413 3329 1487 quemadmodum
3348 1411 3497 1482 prin-

1916 1519 2066 1588 cipes
2100 1516 2238 1584 ejus,
2269 1530 2374 1569 non
2404 1513 2470 1566 ad
2493 1512 2802 1566 mundanas
2848 1509 3142 1579 dignitates
3164 1503 3363 1565 evecti,
3394 1503 3497 1556 im.

1917 1609 2210 1681 perabant';
2241 1608 2334 1665 sed
2393 1605 2460 1659 ad
2489 1603 2777 1673 judicium.
2819 1597 3161 1667 Quapropter
3196 1593 3492 1648 secundum

1920 1701 2159 1771 reliquos
2185 1701 2512 1768 interpretes
2552 1695 2756 1751 dictum
2782 1702 2908 1756 est,
2950 1708 2969 1741 ι
3009 1689 3075 1743 Et
3122 1683 3398 1756 principes
3427 1682 3495 1736 ad

1914 1794 2177 1863 judicium
2221 1789 2584 1860 imperabunt.
2618 1805 2637 1838 ι
2684 1783 2789 1838 Pro
2837 1783 2930 1836 illo
2987 1790 3192 1842 autem,
3241 1794 3262 1827 ι
3301 1773 3498 1830 Eterit

1923 1888 2084 1941 homo
2131 1883 2472 1939 abscondens
2517 1890 2801 1934 sermones
2851 1889 3004 1938 suos,
3037 1890 3055 1923 ι
3092 1867 3451 1939 Symmachus
3477 1903 3493 1930 ,

1928 1999 1947 2031 ι
1984 1979 2050 2033 Ει
2075 1978 2182 2032 erit
2217 1977 2298 2029 vir
2335 1976 2477 2030 sicut
2513 1969 2807 2025 absconsio
2833 1981 2861 2019 a
2893 1963 3084 2034 spiritu
3114 1969 3168 2016 et
3198 1957 3490 2028 procellam

1921 2073 2056 2141 Quis
2115 2072 2281 2141 igitur
2315 2069 2477 2123 homo
2511 2066 2637 2128 erit,
2677 2062 2783 2116 nisi
2820 2060 2865 2114 is
2910 2057 3003 2127 qui
3039 2054 3288 2125 superius
3314 2051 3498 2120 justus

1921 2163 2225 2234 appellatus
2256 2159 2379 2214 est?
2421 2157 2519 2211 Hic
2557 2155 2702 2210 enim
2740 2153 2855 2222 ipse
2898 2151 2981 2203 vir
3027 2149 3154 2212 erit,
3187 2153 3383 2199 natura
3416 2143 3499 2197 vir

1922 2231 2161 2325 quidem,
2193 2253 2288 2308 sed
2312 2248 2551 2305 hominis
2578 2256 2774 2300 natura
2800 2243 2957 2312 longe
2982 2238 3348 2311 praestantior.
3379 2231 3500 2289 Cc-

1924 2357 2096 2401 terum
2150 2345 2313 2399 homo
2352 2342 2457 2396 erit
2499 2353 2654 2395 suam
2694 2334 2982 2390 occultans
3034 2330 3314 2384 deitatem.
3361 2325 3498 2380 Nam

1921 2452 2062 2506 aqua
2095 2438 2236 2491 ﬁuxa
2254 2444 2310 2490 et
2349 2431 2559 2502 perdita
2583 2437 2702 2484 erat
2724 2423 3011 2480 multitudo
3035 2419 3246 2474 Iudaici
3279 2415 3495 2488 populi:

1921 2545 2091 2601 quare
2117 2542 2238 2583 sese
2269 2526 2338 2580 ab
2369 2524 2497 2586 illis,
2531 2531 2587 2578 et
2633 2519 2799 2575 verba
2829 2531 2926 2572 sua
2963 2514 3032 2570 ab
3060 2513 3274 2567 illorum
3319 2509 3501 2601 verbis

1920 2600 2252 2683 occultabat,
2284 2618 2380 2672 sed
2423 2613 2706 2682 discipulis
2758 2611 2877 2664 suis
2901 2623 2962 2662 ea
2997 2604 3331 2660 declarabat.
3368 2600 3501 2667 Quis

1921 2724 2100 2769 autem
2128 2710 2445 2781 apparebit.
2482 2706 2584 2760 nisi
2619 2706 2733 2772 ipse
2784 2717 2878 2757 rex
2904 2698 3118 2767 justus?
3147 2698 3262 2764 ipse
3294 2695 3497 2762 quippe

1919 2818 2040 2860 sese
2066 2799 2515 2868 conspiciendum
2549 2793 2830 2866 praebebit,
2860 2793 3014 2862 quasi
3052 2789 3246 2842 ﬂuvius
3272 2801 3501 2841 u‘tanans

1922 2894 2169 2965 inclytus.
2193 2891 2324 2958 Qua
2343 2904 2472 2944 vero
2496 2888 2626 2942 Sion
2651 2887 2763 2947 illa,
2785 2886 2890 2938 nisi
2915 2898 3034 2952 qua'
3057 2896 3202 2940 eum.
3223 2880 3316 2948 qui
3345 2894 3403 2932 se
3431 2877 3501 2931 ab

1921 2987 2026 3042 illis
2053 2985 2380 3047 occultabat,
2412 2979 2623 3050 publice
2656 2976 2903 3043 accepit?
2934 2989 3056 3028 nam
3093 2989 3214 3041 quae
3240 2971 3370 3024 olint
3399 2969 3498 3022 de-

1920 3084 2066 3130 serta
2102 3083 2156 3128 et
2201 3071 2474 3128 sitibunda
2503 3077 2644 3137 erat,
2679 3067 2921 3124 Ecclesia
2971 3079 3036 3118 ex
3073 3063 3343 3134 gentibus.
3385 3060 3502 3130 ipsa

213 3143 362 3241 ἐστιν
391 3145 443 3241 i7-
463 3141 608 3194 Σιὼν
639 3139 780 3241 αὕη
804 3140 837 3210 ἢ
929 3141 1020 3193 τὸν
1060 3141 1155 3193 ἀπ’
1186 3141 1411 3195 ἐκείνων
1438 3143 1816 3214 κρυπτόμενον
1843 3181 1888 3241 c
1921 3177 2046 3219 "re
2073 3163 2202 3218 Sion
2236 3170 2342 3218 es"

214 3233 487 3305 ἐμφανῶς
537 3229 998 3301 παραδεξαμένης
1037 3233 1071 3301 ή
1117 3231 1229 3303 γὰρ
1270 3231 1438 3286 πάλαι
1477 3233 1684 3304 ἕρημος
1723 3234 1818 3287 καὶ

215 3323 435 3393 διψῶσα
469 3323 505 3392 ἡ
538 3321 601 3386 ἐξ
641 3320 808 3372 ἐθνῶν
850 3321 1166 3390 Ἐκκλησία,
1193 3321 1334 3393 αὕτη
1371 3323 1522 3376 ἐστὶν
1553 3325 1587 3394 ἡ
1618 3321 1776 3376 Σιών.

293 3471 311 3504 ι
356 3452 474 3504 Καὶ
517 3449 702 3502 οὐκέτι
744 3448 958 3502 ἔσονται
990 3449 1309 3514 πεποιθότες
1355 3453 1440 3504 ἐπ’
1473 3450 1814 3523 ἀνθρώπους,

218 3543 357 3597 ἀλλά
397 3542 471 3595 τά
503 3535 624 3594 ὦτα
655 3539 917 3594 δώσουσιν
965 3540 1206 3604 ἀκούειν,
1253 3544 1346 3596 καὶ
1394 3544 1428 3613 ἡ
1476 3543 1674 3614 καρδία
1706 3543 1818 3596 τῶν

219 3631 604 3685 ἀσθενούντων
642 3629 894 3700 προσέξει
933 3627 1027 3682 τοῦ
1073 3629 1312 3692 ἀγνυειν,
1349 3629 1444 3682 καὶ⁸
1481 3631 1540 3683 αί
1570 3630 1815 3698 γλῶσσαι

219 3726 274 3775 αἱ
305 3720 666 3792 ψελλίζουσαι
709 3721 846 3790 ταχὺ
898 3701 1232 3796 μαθήσονται
1281 3720 1462 3774 λαλεῖν
1504 3723 1746 3792 εἰρήνην.
1792 3740 1811 3774 ι

222 3813 364 3867 Σιὼν
398 3815 585 3866 τοίνυν
621 3811 715 3863 καὶ
755 3811 828 3880 γῆ
866 3809 1080 3878 διψῶσα
1111 3810 1277 3864 πάλαι
1308 3811 1512 3883 ἔρημος
1545 3813 1631 3884 είη
1675 3813 1742 3867 ἀν
1780 3816 1814 3884 η

233 3903 572 3973 Ἐκκλησία·
618 3900 714 3953 καὶ
755 3899 954 3971 καρδία
997 3896 1405 3963 ἀσθενούντων,’
1435 3901 1530 3954 καὶ
1571 3901 1818 3970 γλῶσσαι

219 3993 640 4063 τραυλίζουσαι,
674 3993 728 4043 αἱ
765 3990 870 4043 τῶν
905 3990 1074 4063 πάλαι
1109 3990 1202 4043 τὸν
1232 3990 1364 4044 Θεὸν
1414 3991 1487 4061 μὴ
1531 3993 1816 4057 νοούντων,

227 4062 362 4152 μηδὲ
404 4081 546 4150 ὀροά
585 4079 882 4133 λαλούντων
917 4062 1108 4143 ἐθνῶν,
1154 4074 1234 4144 οἷς
1280 4080 1673 4150 ἐπαγγέλλεται
1719 4087 1818 4158 τὴν

222 4174 319 4227 ἐπὶ
355 4174 429 4227 τὰ
457 4172 699 4244 κρείττω
726 4171 1048 4243 μεταϐολήν.
1073 4171 1295 4235 Τούτοις
1315 4173 1556 4242 ἐπιλέγει
1575 4192 1592 4207 ο

303 4348 324 4380 ε
371 4329 487 4382 Καὶ
536 4325 721 4379 οὐκέτι
764 4327 824 4379 οὐ
881 4328 954 4397 μὴ
979 4328 1174 4381 εἴπωσι
1223 4328 1302 4399 τῷ
1342 4328 1510 4399 μωρῷ
1540 4329 1765 4403 ἄρχειν·
1792 4351 1813 4386 s

226 4416 421 4489 ὥσπερ
464 4413 564 4470 οὖν
610 4416 873 4486 πρότερον
916 4417 1154 4480 ἐποίουν,
1201 4418 1291 4471 ὅτε
1338 4421 1450 4483 τοῖς
1493 4420 1570 4485 ὡς
1603 4423 1822 4494 ἀληθῶς

1995 3474 2160 3530 Vitas.
2191 3475 2245 3537 3,
2274 3473 2329 3528 ι.
2365 3491 2385 3524 ι
2419 3472 2486 3529 Et
2522 3486 2629 3528 non
2679 3481 2838 3528 erunt
2898 3470 3131 3542 amplius
3169 3467 3502 3523 conﬁdentes

1925 3568 1980 3622 in
2020 3567 2370 3622 hominibus:
2401 3565 2496 3621 sed
2523 3577 2685 3619 aures
2721 3563 2790 3618 ad
2827 3563 3153 3618 audiendum
3189 3563 3416 3624 dabunt,
3445 3569 3504 3614 et

1922 3675 2020 3714 cor
2053 3657 2392 3713 inﬁrmorum
2432 3657 2696 3718 attendet.
2726 3664 2785 3708 ut
2823 3655 3000 3708 audiat
3032 3670 3046 3706 :
3084 3663 3139 3708 et
3165 3654 3358 3722 lingua:
3384 3651 3502 3705 bal-

1923 3750 2245 3806 butientium
2277 3749 2386 3802 cito
2418 3747 2636 3802 discent
2665 3746 2809 3814 loqui
2853 3761 3062 3812 pacem.
3103 3763 3122 3796 ι
3153 3744 3283 3798 Sion
3321 3744 3501 3810 itaque

1923 3852 1978 3897 et
2006 3853 2149 3898 terra
2177 3841 2370 3895 sitiens
2397 3838 2525 3892 olim
2551 3839 2790 3903 deserta,
2818 3838 3059 3892 Ecclesia
3096 3836 3258 3889 fuerit
3288 3852 3302 3887 :
3333 3841 3386 3888 et
3405 3849 3500 3888 cor

1925 3934 2288 3996 inﬁrmorum,
2316 3940 2369 3984 et
2389 3930 2584 4000 lingua:
2612 3929 2994 3993 balbutientes,
3015 3927 3254 3998 gentium
3274 3927 3498 3991 iuerint,

1924 4041 2046 4096 qua
2071 4025 2203 4081 olim
2240 4038 2341 4078 nec
2369 4022 2534 4076 Deum
2570 4031 2853 4086 noverant,
2888 4037 2988 4076 nec
3018 4030 3166 4075 recte
3199 4019 3499 4087 loqueban-

1926 4131 2036 4185 tur,
2064 4119 2261 4190 quibus
2298 4117 2708 4174 conversionem
2735 4119 2802 4172 ad
2824 4117 3047 4173 meliora
3073 4115 3373 4187 pollicetur.
3402 4112 3500 4169 His

1925 4212 2199 4285 subiungit
2219 4229 2234 4265 :

1995 4349 2161 4405 Vnus.
2185 4348 2240 4406 5.
2277 4366 2298 4400 ι
2327 4347 2511 4419 Neque
2543 4347 2774 4418 amplius
2801 4347 2985 4402 dicent
3019 4346 3209 4409 stulto,
3245 4352 3304 4399 ut
3328 4343 3500 4415 impe-
3571 4418 3573 4420 η

1928 4453 2052 4498 ret:
2091 4460 2110 4494 ι
2153 4441 2608 4509 quemadmodum
2647 4440 2774 4494 olim
2816 4438 3068 4508 agebant,
3109 4453 3231 4492 cum
3283 4439 3496 4493 animas

189 4583 194 4587 i
824 4507 1003 4559 αὐτῶν
1030 4509 1332 4578 ἐπέτρεπον
1349 4510 1446 4574 τὰς
1476 4512 1684 4567 ἑαυτῶν
1712 4514 1817 4584 ψυ-

1925 4550 2053 4591 suas
2089 4531 2273 4588 stultis
2321 4547 2449 4587 vere
2502 4531 2780 4601 magistris
2841 4506 3286 4584 concredebant:
3338 4536 3500 4582 erant

229 4600 333 4672 χάς
354 4616 369 4630 ο
403 4593 553 4670 ἦσαν
579 4597 639 4649 δέ
664 4591 808 4650 οὗτοι
851 4599 900 4650 oi
929 4599 1085 4666 σοφοὶ
1124 4600 1218 4652 τοῦ
1261 4601 1455 4665 αἰῶνος
1499 4604 1711 4667 τούτου,
1744 4599 1822 4659 ὧν

230 4691 524 4764 ἐμώρανεν
553 4691 585 4742 6
624 4688 755 4753 Θεὸς
782 4691 882 4761 τὴν
924 4692 1132 4759 σοφίαν.
1163 4691 1414 4758 Τοιοῦτος
1455 4695 1511 4748 δέ
1549 4692 1617 4769 ἦν
1649 4700 1758 4762 πᾶς
1791 4699 1822 4752 ό

229 4783 329 4851 τὴν
359 4781 562 4851 σοφίαν
594 4781 1055 4852 ἐπαγγελλόμενος
1074 4783 1166 4835 τοῦ
1183 4782 1378 4848 αἰῶνος
1419 4785 1634 4844 τούτου,
1677 4791 1819 4844 «Καὶ

228 4875 416 4929 οὐκέτι
453 4872 534 4943 μὴ
565 4871 791 4925 εἴπωσιν
833 4875 882 4926 oi
931 4874 1197 4944 ὑπηρέται
1238 4890 1354 4938 σου,
1385 4876 1540 4944 Σίγα.
1583 4897 1602 4931 t

309 5076 328 5106 ι
353 5056 414 5107 Ὀ
436 5052 553 5123 γάρ
591 5050 769 5127 μωρὸς
803 5052 958 5124 μωρά
975 5051 1217 5122 λαλήσει,
1248 5050 1340 5104 καὶ⁵
1369 5042 1628 5121 ἡδιαρδία
1652 5051 1820 5106 αὑτοῦ

235 5144 448 5214 μάταια
476 5141 691 5210 νοήσει,
711 5139 803 5193 τοῦ
835 5140 1104 5192 συντελεῖν
1140 5142 1334 5211 ἄνομα,
1368 5139 1460 5193 καὶ
1481 5139 1660 5195 λαλεῖν
1685 5140 1821 5212 πρὸς

231 5235 444 5306 Κύριον
493 5232 787 5300 πλάνησιν,
831 5231 925 5283 τοῦ
959 5231 1266 5301 διασπεῖραι
1301 5230 1479 5302 ψυχὰς
1526 5231 1820 5295 πεινώσας,

232 5332 326 5387 καὶ
360 5330 465 5390 τάς
499 5324 684 5397 ψυχὰς
723 5326 818 5388 τάς
848 5323 1087 5393 διψώσας
1116 5324 1275 5388 κενάς
1317 5326 1553 5394 ποιήσει.
1603 5327 1665 5378 'H
1709 5327 1820 5395 γάρ

229 5422 399 5494 βουλὴ
445 5419 563 5470 τῶν
597 5417 845 5486 πονηρῶν
888 5417 1062 5486 ἄνομα
1099 5416 1426 5486 βουλεύεται,
1460 5419 1821 5491 καταφθεῖραι

229 5513 534 5573 ταπεινοὺς
565 5511 626 5561 ὲν
657 5507 830 5576 λόγοις
860 5509 1063 5572 ἀδίκοις
1083 5551 1096 5574 ,
1122 5509 1215 5561 καὶ
1254 5508 1601 5563 διασκεδάσαι
1627 5509 1820 5578 λόγους

230 5601 516 5659 ταπεινῶν
559 5599 620 5650 ὲν
667 5599 862 5669 κρίσει.
920 5619 938 5650 ι
981 5597 1155 5668 Μωρά
1195 5599 1252 5651 δέ
1285 5599 1454 5651 ταῦτα
1487 5601 1594 5672 γὰρ
1641 5601 1822 5653 πάντα

232 5696 402 5748 πάλαι
430 5691 710 5758 ἔπραττον
737 5691 785 5738 0i
816 5688 981 5764 πάλαι
1006 5688 1177 5757 μωροὶ
1200 5689 1454 5758 ἄρχοντες
1479 5691 1586 5743 τῶν
1607 5689 1821 5761 ἀνθρώτ

229 5802 345 5840 πων
369 5803 380 5815 ⁸
424 5782 526 5838 καὶ
563 5780 599 5847 ἡ
634 5778 804 5848 βουλὴ
839 5781 1014 5833 αὐτῶν
1060 5781 1267 5852 πονηρά
1296 5777 1426 5834 οὖτα
1461 5783 1634 5854 ἄνομα
1669 5783 1822 5835 ᾖδον)-

1929 4639 2091 4698 porro
2130 4624 2166 4678 ii
2213 4625 2486 4693 sapientes
2517 4623 2679 4693 hujus
2713 4621 2920 4685 saeculi,
2949 4633 3180 4690 quorum
3224 4619 3364 4672 Deus
3413 4633 3502 4672 sa-

1929 4715 2190 4788 pientiam
2221 4715 2527 4769 infamavit.
2553 4714 2703 4769 Talis
2737 4724 2854 4767 erat
2891 4713 3140 4782 quisquis
3169 4711 3496 4780 sapientiam

1928 4808 2088 4877 lmjus
2112 4807 2294 4860 saeculi
2332 4807 2707 4875 proﬁtebatur.
2745 4823 2767 4858 ι
2821 4804 3004 4874 Neque
3035 4802 3269 4872 amplius
3313 4801 3500 4857 dicent

1928 4900 2072 4957 servi
2109 4899 2208 4965 tui,
2232 4898 2392 4954 Tace.
2432 4917 2452 4952 ι

2000 5053 2163 5110 Vsus.
2191 5053 2244 5120 ϐ,
2269 5053 2322 5111 7.
2351 5071 2371 5104 ι
2403 5053 2532 5108 Nam
2565 5053 2762 5109 stultus
2800 5053 2959 5108 stulta
2994 5052 3264 5122 loquetur,
3300 5061 3354 5105 et
3402 5067 3499 5108 cor

1929 5147 2042 5215 ejus
2073 5163 2209 5200 vana
2262 5148 2526 5215 cogitabit
2573 5147 2642 5201 ad
2673 5146 3064 5216 perﬁciendum
3095 5145 3300 5213 iniqua,
3331 5151 3387 5199 et
3420 5145 3500 5198 lo-

1929 5241 2198 5310 quendum
2247 5253 2490 5294 errorem
2521 5241 2588 5294 ad
2620 5239 2928 5304 Dominum,
2975 5246 3034 5292 ut
3068 5238 3344 5306 dispergat
3375 5239 3496 5290 ani-

1928 5347 2046 5387 mas
2066 5329 2396 5396 esurientes,
2431 5340 2488 5384 et
2519 5333 2730 5386 animas
2786 5331 3036 5384 sitientes
3068 5343 3265 5382 vacuas
3311 5328 3496 5383 iaciet.

1927 5421 2220 5478 Consilium
2248 5421 2392 5475 enim
2415 5421 2679 5478 malorum
2713 5423 2896 5491 iniqua
2925 5421 3203 5491 cogitabit,
3233 5420 3299 5473 ad
3329 5420 3472 5474 inter

1931 5512 2218 5569 ﬁciendum
2245 5512 2475 5569 ltumiles
2501 5515 2553 5568 in
2580 5515 2924 5570 sermonibus
2951 5511 3174 5580 iniquis,
3200 5520 3256 5566 et
3279 5511 3346 5565 ad
3379 5511 3497 5566 dis-

1925 5603 2150 5671 sipanda
2190 5605 2353 5658 verba
2407 5603 2687 5659 humilium
2729 5606 2783 5659 in
2807 5605 3028 5673 judicio.
3069 5623 3088 5656 ι
3134 5603 3258 5657 llzec
3285 5604 3484 5673 quippe

1927 5695 2090 5750 stulta
2111 5695 2289 5749 omnia
2316 5697 2442 5750 olim
2473 5697 2708 5765 agebant
2745 5698 2820 5752 illi
2869 5697 2995 5752 olim
3037 5696 3186 5752 stulti
3223 5695 3496 5764 principes

1931 5787 2206 5845 hominum
2234 5801 2248 5841 :
2280 5798 2332 5845 ct
2358 5789 2636 5847 consilium
2665 5805 2852 5847 corum
2893 5789 3091 5846 malum
3144 5789 3328 5860 iniqua
3357 5789 3490 5845 dcti-
