4100 6420
653 428 757 482 519

1317 409 1579 471 EUSEBI]
1616 402 2087 465 CIESARIENSIS
2124 396 2270 454 OPP.
2315 397 2491 451 PARS
2530 396 2618 452 ill.
2659 426 2728 434 ——
2764 388 3170 451 EXEGETICA.

3764 380 3867 436 520

652 518 971 578 bcrabat,ut
1002 511 1345 565 sermonibus
1375 506 1489 560 suis
1514 501 1794 558 humilium
1844 496 2052 549 animas
2085 507 2206 562 per-

2317 487 2510 550 λεύετο,
2542 489 2621 548 εἰς
2654 485 2714 538 τὸ
2740 482 3096 552 καταφθεῖραι
3140 481 3252 542 τοῖς
3285 475 3488 531 ἑαυτῶν
3522 474 3700 542 λόγοις
3742 474 3867 534 τοὺς

653 606 827 663 deret.

724 699 884 751 Vens.
914 696 967 750 8.
999 714 1017 745 ‹
1044 693 1121 747 Pii
1151 700 1328 744 autem
1346 672 1625 756 prudentia
1650 682 1876 739 consilia
1900 680 2200 735 iniveront:

651 804 704 846 et
737 791 840 844 hoc
863 787 1145 842 consilium
1169 780 1423 836 manebit.
1452 797 1469 828 ι
1497 777 1659 843 Queis
1685 772 2055 842 signiﬁcantur
2080 780 2207 834 apo-

654 880 777 934 smii
811 876 1120 933 Servatoris
1160 870 1351 932 nostri,
1390 870 1441 922 in
1488 865 1756 936 principio
1810 862 1999 916 salutis
2051 862 2116 912 ab
2150 870 2209 911 se

654 975 822 1034 datae,
859 984 979 1039 qua:
1023 975 1081 1020 ut
1131 965 1297 1032 probe
1345 961 1701 1030 dirigeretur,
1745 972 1839 1010 rex
1882 955 2060 1024 justus
2111 951 2207 1005 da-

656 1075 741 1121 tus
768 1070 871 1116 est.

732 1155 890 1209 Vens.
919 1153 971 1208 9.
1011 1169 1029 1202 ι
1068 1148 1316 1203 Mulieres
1349 1145 1566 1207 divites,
1599 1140 1893 1209 surgite,et
1921 1134 2101 1189 audite
2119 1146 2210 1186 vo-

657 1266 772 1304 cem
824 1259 1035 1299 meam:
1074 1244 1216 1305 ﬁlim,
1250 1242 1298 1292 in
1330 1255 1421 1306 spe
1451 1238 1630 1289 audite
1678 1244 1951 1287 sermones
1982 1242 2146 1280 meos.
2185 1245 2203 1277 ο

658 1341 810 1393 Nunc
866 1337 1139 1406 proponit,
1196 1333 1259 1384 ad
1316 1331 1605 1399 lacrymas,
1664 1325 1842 1379 ﬂetum
1899 1331 1954 1374 et
2014 1320 2209 1373 luctum

658 1445 948 1501 provocare
998 1443 1126 1489 eos,
1171 1424 1310 1493 quod
1363 1438 1427 1475 ex
1474 1436 1567 1475 sua
1626 1432 1751 1487 erga
1811 1413 1975 1468 Deum
2035 1413 2211 1465 incre-

659 1526 887 1579 dulitate
938 1538 965 1573 a
1007 1519 1100 1572 Dei
1150 1518 1317 1586 gratia
1373 1511 1672 1567 exciderint
1728 1524 1743 1561 :
1789 1518 1974 1560 eorum
2034 1510 2210 1553 autem

658 1615 932 1669 emollitos
959 1622 1013 1666 et
1040 1609 1374 1663 effeminatos
1402 1606 1610 1657 animos
1658 1600 1988 1667 vituperans.
2021 1593 2211 1646 mulie-

660 1722 749 1760 res
782 1712 1071 1772 nuncupat.
1106 1702 1272 1753 Aiunt
1301 1711 1461 1763 porro
1517 1696 1617 1747 hac
1652 1690 1930 1760 prophetia
1981 1698 2211 1755 synago-

662 1815 757 1865 gas
808 1799 1042 1867 ipsorum
1091 1792 1335 1845 indicari.
1368 1788 1623 1841 Hortatur
1658 1786 1836 1850 itaque
1888 1779 2025 1841 illos,
2060 1788 2118 1829 ut
2148 1790 2213 1828 ne

661 1890 854 1956 supine
886 1897 938 1941 et
975 1882 1341 1954 perfunctorie
1385 1879 1541 1932 dictis
1576 1876 1889 1933 attendant;
1922 1869 2013 1923 sed
2040 1868 2212 1937 pervi-

667 1980 756 2047 gili
786 1988 839 2031 et
861 1976 1154 2043 composito
1186 1974 1381 2025 animo.
1415 1969 1666 2021 Fortasse
1693 1964 1918 2027 dixeris,
1939 1977 2034 2029 per
2067 1959 2210 2027 prlo-

660 2085 746 2123 res
777 2069 891 2123 illas
909 2067 1156 2120 mulieres
1183 2062 1471 2131 signiﬁcari
1499 2059 1708 2126 priscos
1738 2056 1855 2108 illos
1900 2054 2203 2107 Judtcorum

667 2172 985 2219 conventus,
1018 2172 1079 2212 ac
1119 2155 1512 2209 multitudinem
1559 2152 1629 2203 ibi
1657 2157 2069 2216 congregatam;
2119 2156 2215 2211 per

662 2256 799 2308 ﬁlias
826 2268 972 2315 vero,
1006 2249 1391 2320 posterioribus
1424 2244 1749 2313 temporibus
1776 2240 2098 2301 nascituras,
2122 2250 2215 2288 eo-

664 2362 779 2398 rum
808 2356 1125 2414 synagogas.

739 2613 899 2665 Vens.
933 2610 1019 2664 10.
1058 2630 1074 2660 ι
1120 2607 1227 2662 Diei
1262 2606 1384 2659 anni
1416 2601 1726 2657 memoriam
1760 2598 1917 2650 facite
1942 2596 1993 2648 in
2027 2592 2215 2647 dolore

665 2719 788 2756 cum
821 2717 912 2769 spe
940 2720 952 2752 :
988 2708 1304 2765 consumpta
1331 2706 1410 2749 est
1432 2692 1723 2751 vindemia,
1750 2688 1977 2743 cessavit
2007 2699 2213 2744 semen.

667 2805 717 2845 et
748 2810 849 2845 non
877 2790 1104 2859 amplius
1150 2788 1353 2841 veniet.
1396 2804 1415 2836 ι
1461 2785 1669 2838 Annum
1713 2795 1876 2849 porro
1913 2790 2065 2833 vocat
2094 2791 2216 2844 pro-

667 2881 909 2947 pheticus
941 2892 1137 2936 sermo.
1174 2886 1381 2942 tempus
1411 2870 1807 2940 przcdicationis
1854 2867 2171 2935 evangelica:
2196 2904 2212 2929 ,

666 2984 769 3033 quo
800 2964 1042 3019 Salvator
1070 2973 1125 3016 et
1176 2961 1431 3013 Dominus
1478 2966 1681 3019 noster,
1733 2970 1852 3009 cum
1910 2950 2216 3006 hominibus

664 3072 886 3109 versans
910 3066 961 3109 et
980 3054 1175 3108 docens
1193 3051 1519 3119 praedicavit.
1544 3047 1598 3099 id
1620 3062 1745 3100 vero
1770 3045 2006 3097 declarat
2027 3042 2219 3095 deinde

2306 578 2401 642 τὰς
2431 578 2607 647 ψυχὰς
2631 575 2936 637 ταπεινούς.

2379 687 2396 718 t
2437 668 2499 719 Οἰ
2536 666 2593 719 δὲ
2632 664 2872 726 εὐσεϐεῖς
2914 659 3108 715 συνετὰ
3144 656 3559 713 ἐϐουλεύσαντου
3602 654 3695 706 καὶ
3727 650 3867 720 αὕτη

2306 762 2339 831 ή
2374 758 2533 829 βουλὴ
2560 761 2727 827 μενεῖ.
2767 776 2785 808 ι
2814 758 2890 808 Δι’
2915 748 2989 807 ὧν
3014 752 3438 824 σημαίνονταιοί
3469 744 3750 801 ἀπόστολοι
3774 744 3867 805 τοῦ

2308 850 2559 922 Σωτῆρος
2592 848 2749 919 ήμῶν
2782 850 2861 910 εἰς
2889 846 2988 915 τὴν
3022 844 3194 915 ἀρχὴν
3233 843 3332 911 τῆς
3380 837 3650 911 σωτηρίας
3678 835 3868 899 αὐτοῦ,

2307 941 2401 994 καὶ
2427 940 2507 992 τὸ⁶
2532 937 2778 1010 ἡγεῖσθαι
2814 936 3002 1005 αὐτῆς,
3042 933 3246 996 δίκαιος
3273 930 3563 1002 δεδώρηται
3596 926 3867 1000 βασιλεύς.

2385 1142 2404 1175 ι
2436 1124 2693 1183 Γυναῖκες
2728 1120 2997 1183 πλούσιαι,
3031 1114 3315 1185 ἀνάστητε,
3351 1113 3445 1167 καὶ
3480 1110 3743 1166 ἀκούσατε
3772 1105 3873 1175 τῆς

2312 1218 2494 1288 φωνῆς
2524 1232 2622 1287 μου
2641 1232 2654 1244 ·
2688 1214 3000 1285 Θυγατέρες,
3034 1211 3118 1265 ἐπ’
3148 1209 3321 1263 ὲλπίδι
3349 1207 3611 1261 ἀκούσατε
3635 1204 3759 1264 τοὺς
3787 1200 3876 1253 λό-

2310 1326 2439 1377 γους
2467 1326 2586 1380 μου.
2631 1326 2650 1359 ι
2688 1304 2785 1359 Διά
2817 1306 2923 1358 τῶν
2958 1301 3331 1375 προκειμένων
3364 1296 3671 1369 προσφωνεῖ
3697 1308 3877 1361 παρα-

2310 1401 2658 1471 κελευόμενος
2702 1395 3089 1451 ἀποκλαίεσθαι
3139 1392 3232 1447 καὶ
3277 1387 3571 1443 κόπτεσθαι
3612 1386 3707 1439 καὶ
3743 1383 3878 1455 θρη-

2310 1497 2441 1557 νεῖν,
2478 1492 2553 1554 ὡς
2583 1490 2649 1544 ἂν
2680 1488 2960 1549 ἐκπέσοιεν
2983 1486 3081 1555 τῆς
3108 1484 3201 1537 τοῦ
3225 1482 3357 1535 Θεοῦ
3399 1480 3618 1551 χάριτος
3655 1476 3744 1528 διὰ
3774 1474 3877 1543 τὴν

2312 1587 2391 1647 εἰς
2418 1584 2508 1637 τὸν
2533 1563 2664 1636 Θεὸν
2688 1578 2943 1635 ἀπιστίαν
2970 1576 3147 1630 αὐτῶν
3164 1592 3179 1605 ·
3211 1571 3505 1626 διαϐάλλων
3537 1569 3593 1621 δὲ
3628 1567 3688 1620 τὸ
3713 1567 3877 1620 ἀναν-

2310 1674 2434 1745 δρον
2458 1674 2557 1744 τῆς
2582 1672 2758 1741 ψυχῆς
2796 1668 2975 1723 αὐτῶν
3001 1668 3093 1721 καὶ
3122 1666 3182 1718 τὸ
3207 1661 3585 1733 τεθηλυμένον,
3615 1658 3881 1726 γυναῖκας

2313 1766 2510 1826 αὐτοὺς
2536 1762 2816 1817 ἀποκαλεῖ.
2850 1760 2985 1813 Φασὶ
3013 1759 3067 1812 δὲ
3100 1756 3197 1820 τὰς
3226 1751 3544 1822 συναγωγὰς
3570 1747 3751 1803 αὐτῶν
3777 1746 3877 1817 δη-

2245 1833 2283 1885 Β
2312 1830 2533 1909 λοῦσθαι
2558 1854 2645 1908 sta:
2672 1853 2773 1923 τῆς
2796 1850 3105 1920 φασκούσής
3121 1847 3230 1915 (59)
3257 1842 3609 1916 προφητείας.
3629 1842 3883 1909 Παρακε-

2313 1949 2525 2002 λεύεται
2552 1946 2727 2000 τοίνυν
2760 1948 2787 1998 ό
2814 1944 2971 2011 λόγος
2997 1942 3176 2004 αὐτοῖς
3208 1938 3281 2008 μὴ
3325 1934 3550 1997 ύπτὶως,
3584 1930 3718 2004 μηδὲ
3739 1945 3882 2000 παρ-

2314 2042 2489 2112 έργως
2549 2036 2835 2109 προσέχειν
2893 2037 3005 2097 τοῖς
3054 2030 3400 2101 λεγομένοις,
3445 2019 3881 2094 διεγηγερμένως

2313 2134 2366 2184 δὲ
2398 2131 2490 2184 καὶ
2518 2128 2982 2197 συντεταγμένως.
3012 2125 3198 2185 Εῐποις
3230 2121 3273 2173 δ’
3303 2119 3368 2173 ἂν
3405 2117 3504 2180 τὰς
3536 2115 3633 2185 μὲν
3659 2111 3882 2185 πρώτας

2315 2225 2575 2290 γυναῖκας
2624 2196 2907 2291 σημαίνειν
2950 2216 3048 2279 τὰς
3091 2215 3181 2267 ἐπὶ
3231 2213 3339 2265 τῶν
3382 2208 3625 2263 παλαιῶν
3673 2196 3882 2277 χρόνων

2317 2312 2467 2381 παρὰ
2517 2309 2787 2372 Ἰουδαίοις
2832 2307 3114 2368 συνόδους,
3146 2304 3237 2357 καὶ
3268 2300 3335 2355 τὰ
3378 2299 3551 2369 πλήθη
3592 2297 3661 2350 τά
3698 2298 3756 2349 ὲν
3788 2294 3882 2348 αύ-

2314 2408 2423 2465 τοῖς
2458 2402 2795 2470 συναγόμενα
2816 2417 2827 2429 ·
2859 2399 2955 2461 τὰς
2994 2398 3049 2450 δὲ
3082 2394 3381 2465 θυγατέρας
3415 2392 3471 2444 ὲν
3494 2394 3605 2453 τοῖς
3633 2388 3882 2459 ὑστέροις

2316 2495 2525 2566 χρόνοις
2555 2490 3017 2561 ύποστησομένας,
3058 2487 3155 2549 τάς
3187 2484 3363 2539 αὐτῶν
3398 2480 3737 2549 συναγωγάς.

2392 2606 2408 2637 ‹
2471 2584 2711 2655 Ἡμέρας
2751 2579 2994 2634 ἐνιαυτοῦ
3045 2578 3228 2649 μνείαν
3273 2573 3565 2646 ποιήσασθε
3609 2575 3666 2628 ὲν
3720 2570 3880 2641 ὀδύνῃ

2320 2678 2434 2747 μετ’
2484 2676 2728 2736 ὲλπίδος’
2778 2674 3048 2743 ἀνήλωται
3101 2672 3129 2723 ὁ
3176 2667 3473 2741 τρύγητος,
3524 2665 3798 2718 πέπαυται
3856 2664 3883 2715 ό

2320 2767 2537 2837 σπόρος,
2578 2766 2672 2817 καὶ
2714 2763 2895 2816 οὐκέτι
2927 2760 2999 2831 μὴ
3026 2760 3173 2830 ἔλθη.
3208 2781 3225 2810 ι
3274 2756 3543 2811 Ἐνιαυτὸν
3575 2756 3633 2807 δὲ
3663 2754 3817 2807 καλεῖ
3851 2753 3881 2806 ὁ

2320 2856 2649 2925 προφητικδς
2692 2856 2846 2921 λόγος
2890 2852 2980 2904 τὸν
3018 2852 3205 2922 χρόνον
3254 2850 3345 2903 τοῦ
3391 2848 3742 2919 κηρύγματος
3790 2841 3884 2898 τοῦ

2320 2944 2694 3014 εὐαγγελικοῦ,
2723 2944 2841 2997 καθ’
2876 2943 2933 2995 ὃν
2963 2945 2991 2995 ὁ
3012 2940 3198 3011 Σωτὴρ
3224 2942 3317 2995 καὶ
3340 2938 3541 3010 Κύριος
3574 2936 3732 3008 ἡμῶν
3764 2952 3883 2989 συν-

2318 3037 2393 3089 ὼν
2430 3038 2734 3107 ἀνθρώποις
2775 3034 3005 3107 ἐκήρυξε
3046 3033 3323 3086 διδάσκων.
3376 3030 3485 3083 Kal
3532 3028 3692 3082 τοῦτο
3733 3027 3884 3097 δηλοῖ

665 3164 787 3201 cum
822 3162 884 3199 ex
915 3159 1142 3211 persona
1172 3143 1263 3196 Dei
1302 3143 1377 3194 sic
1403 3139 1637 3206 loquitur
1667 3155 1679 3190 :
1711 3154 1729 3186 t
1757 3134 1986 3202 Spiritus
2008 3130 2215 3184 Domini

2321 3128 2428 3181 ἀπὸ
2482 3127 2575 3179 τοῦ
2612 3126 2735 3196 ἑξῆς
2793 3128 2856 3178 ὲκ
2916 3123 3200 3195 προσώπου
3265 3122 3357 3175 τοῦ
3411 3119 3543 3173 Θεοῦ
3602 3118 3878 3186 λέγεσθαι·

668 3251 828 3305 super
863 3250 965 3299 me,
994 3250 1058 3287 eo
1092 3233 1231 3302 quod
1284 3232 1497 3285 unxerit
1530 3244 1631 3291 me,
1679 3224 2055 3294 evangelizare
2086 3237 2218 3290 pau-

669 3330 888 3396 pcriius
929 3327 1208 3385 misitme;
1247 3322 1534 3389 prtedicare
1565 3318 1794 3387 captivis
1820 3314 2218 3375 dimissionem,

668 3428 723 3471 et
756 3416 912 3470 ctecis
949 3416 1092 3468 visus
1150 3412 1576 3475 restitutionem,
1632 3423 1825 3463 vocare
1874 3421 2073 3460 annum
2116 3405 2218 3458 Do-

670 3509 799 3563 mini
836 3506 1216 3574 acceptabilem
1258 3504 1322 3556 ³¹.
1360 3523 1378 3558 ι

743 3600 904 3652 Vens.
942 3598 1025 3650 lt.
1071 3615 1089 3647 ‹
1144 3594 1549 3665 Οιιειυρρεείιε,
1602 3589 1991 3645 contristemini
2056 3589 2219 3642 conﬁ-

670 3691 877 3751 dentes,
933 3689 1108 3740 exuite
1159 3701 1271 3747 vos,
1317 3684 1472 3737 nuda:
1499 3691 1707 3737 estote:
1758 3682 2019 3749 accingite
2053 3681 2221 3733 saccis

670 3779 879 3833 lumbos
912 3785 1136 3831 vestros.
1177 3795 1193 3825 ι
1222 3776 1337 3840 Illa,
1366 3774 1558 3843 inquit,
1591 3788 1708 3841 quae
1730 3772 2021 3828 secundum
2056 3770 2218 3823 Domo

671 3877 772 3929 est,
810 3866 1023 3921 tristitia
1048 3880 1140 3918 vos
1168 3875 1508 3932 compungat,
1539 3872 1592 3914 et
1646 3879 1674 3914 a
1712 3862 1937 3930 pristina
1972 3862 2222 3914 incredu-

673 3959 822 4011 litate
851 3956 1125 4017 discedite,
1180 3952 1613 4021 paanitentiazque
1666 3964 1759 4004 vos
1806 3952 1947 4005 date.
1979 3950 2111 4005 Nam
2158 3967 2219 4005 ea

672 4064 793 4117 qua:
825 4046 1113 4101 secundum
1157 4044 1323 4096 Deum
1354 4052 1436 4095 est
1479 4042 1719 4105 tristitia,
1748 4040 2118 4108 paenitentiam
2155 4043 2221 4096 ad

672 4141 904 4194 salutem
938 4136 1060 4189 nulli
1089 4134 1413 4202 pccnitenute
1440 4133 1749 4197 obnoxiam,
1779 4141 2054 4201 operatur.

743 4230 906 4283 Vens.
946 4228 1035 4291 l2,
1073 4228 1156 4280 l5.
1192 4244 1208 4276 ι
1240 4225 1305 4277 Ει
1334 4239 1493 4293 super
1534 4238 1792 4277 mammas
1848 4224 2055 4278 tundite
2084 4237 2180 4279 vos
2204 4262 2219 4286 ,

673 4329 892 4390 propter
913 4332 1098 4387 agrum
1132 4314 1404 4376 desiderii,
1424 4322 1476 4367 et
1497 4314 1704 4367 vineam
1731 4314 2018 4379 germinis:
2078 4321 2221 4367 terra

674 4409 851 4479 populi
873 4409 994 4472 mei,
1020 4410 1171 4475 spina
1197 4417 1251 4459 et
1278 4407 1453 4460 fenum
1472 4403 1727 4471 proferet,
1748 4413 1801 4457 et
1822 4419 1887 4456 cx
1904 4404 2045 4457 omni
2066 4403 2224 4457 domo

2324 3238 2343 3270 ι
2389 3218 2611 3288 Πνεῦμα
2650 3216 2853 3289 Κυρίου
2904 3218 2989 3268 ἐπ’
3046 3214 3142 3284 ἐμὲ
3170 3254 3185 3277 ,
3234 3206 3294 3267 οὗ
3335 3214 3538 3284 εἵνεκεν
3576 3212 3761 3283 έχρισέ
3794 3229 3884 3282 με,

2317 3306 2768 3376 εὐαγγελίσασθαι
2829 3306 3058 3376 πτωχοῖς
3112 3301 3417 3357 ἀπέσταλκε
3490 3318 3590 3372 με,
3646 3300 3882 3374 κηρύξαι

2317 3397 2679 3468 αἰχμαλώτοις
2713 3398 2904 3464 ἄφεσιν
2930 3434 2943 3457 ,
2981 3395 3073 3447 καὶ
3102 3391 3318 3461 τυφλοῖς
3361 3390 3675 3460 ἀνάὁλεψιν,
3723 3389 3886 3445 καλέ-

2319 3506 2405 3542 σαι
2442 3488 2687 3540 ὲνιαυτὸν
2720 3488 2924 3558 Κυρίου
2958 3485 3159 3538 δεκτόν.
3201 3504 3220 3536 ι

2393 3598 2411 3631 ι
2450 3580 2751 3648 Ἕκστητε,
2797 3576 3073 3645 λυπήθητε
3114 3576 3169 3647 αἰ
3206 3572 3534 3634 πεποιθυῖαι,
3565 3572 3885 3637 ὲκδύσασθε,

2318 3670 2523 3739 γυμναὶ
2559 3668 2808 3736 γένεσθε
2855 3665 3227 3737 περιζώσασθε
3276 3666 3510 3727 σάκκους
3545 3666 3645 3727 τὰς
3681 3664 3887 3732 ὀσφύας

2322 3763 2495 3832 ὑμῶν.
2546 3780 2565 3811 ι
2614 3759 2885 3827 nossem,
2914 3759 3093 3827 φησιν,
3125 3757 3277 3825 ὑμῶν
3314 3759 3346 3827 η
3379 3755 3516 3809 κατά
3548 3756 3681 3809 Θεὸν
3721 3756 3886 3827 λύπη,

2320 3854 2530 3923 καὶτῆς
2559 3851 2828 3921 προτέρας
2851 3851 3106 3911 ἀπιστίας
3136 3848 3361 3918 έκστητε
3387 3848 3661 3901 ἐπιδοῦναι
3687 3848 3883 3912 ἑαυτὰς

2320 3948 2398 4007 εἰς
2424 3944 2729 4013 μετάνοιαν.
2770 3943 2833 3995 Ἦ
2866 3942 2974 4012 γὰρ
2999 3940 3137 3995 κατά
3164 3941 3294 3993 Θεὸν
3321 3940 3463 4010 λύπη
3498 3941 3788 4011 μετάνοιαν
3811 3942 3889 4004 εἰς

2323 4036 2595 4107 σωτηρίαν
2622 4034 3031 4105 ἀμεταμέλητον
3058 4034 3467 4103 κατεργάζεται.

2397 4235 2415 4268 ι
2453 4216 2561 4269 Kal
2590 4218 2680 4272 ἐπὶ
2709 4217 2817 4269 τῶν
2843 4217 3060 4286 μαστῶν
3102 4216 3385 4278 κόπτεσθε,
3416 4217 3541 4287 περὶ
3569 4215 3743 4288 ἀγροῦ
3771 4217 3891 4268 ἐπι-

2324 4308 2660 4378 θυμήματος,
2692 4310 2785 4361 καὶ
2811 4308 3051 4379 ἀμπέλου
3082 4310 3241 4378 γεννή
3252 4304 3438 4378 ματος.
3480 4310 3541 4363 Ἠ
3556 4308 3625 4379 γῆ
3650 4308 3743 4361 τοῦ
3760 4308 3889 4360 λαοῦ

2328 4417 2447 4469 μου,
2476 4400 2683 4454 ἄκανθα
2728 4400 2822 4454 καὶ
2870 4402 3060 4472 χόρτος
3099 4400 3447 4470 ἀναϐήσεται,
3488 4400 3580 4452 καὶ
3617 4401 3680 4450 ἐκ
3713 4400 3891 4467 πάσης

674 4499 857 4552 laztitia
893 4496 1184 4551 auferetur.
1228 4514 1245 4547 ι
1280 4496 1336 4549 id
1374 4509 1500 4548 vero
1524 4494 1771 4559 superius
1801 4492 2110 4548 declarabat
2141 4495 2216 4548 his

2328 4490 2499 4551 οἰκίας
2531 4489 2832 4560 εὐφροσύνη
2870 4490 3187 4559 ἀρθήσεται.
3227 4507 3245 4539 ι
3290 4488 3459 4540 Τοῦτο
3494 4488 3550 4540 δὲ
3587 4486 3774 4557 ἐδήλου
3804 4486 3891 4540 διὰ

674 4590 873 4653 verbis,
906 4607 924 4639 ι
962 4589 1027 4642 Et
1056 4588 1355 4655 exspectavi
1392 4594 1446 4639 ut
1473 4585 1676 4640 faceret
1724 4600 1903 4648 uvam,
1947 4584 2075 4639 fecit
2122 4602 2223 4638 au-

677 4688 781 4731 tem
811 4678 1013 4743 spinas,
1052 4695 1069 4728 ι
1098 4691 1231 4745 quas
1255 4676 1436 4741 spinas
1466 4688 1583 4727 mox
1616 4673 1897 4741 explicans
1924 4674 1999 4727 ait
2025 4691 2039 4727 :
2069 4691 2088 4724 ι
2114 4673 2221 4728 Ex-

678 4768 910 4835 spcctavi
938 4776 997 4820 ut
1034 4766 1235 4819 faceret
1269 4765 1550 4833 judicium,
1582 4762 1709 4817 fecit
1758 4773 1937 4817 autem
1968 4764 2224 4833 iniquita-

681 4870 823 4924 tem;
854 4867 905 4913 et
928 4874 1030 4911 non
1059 4857 1346 4925 justitiam,
1374 4856 1465 4909 sed
1510 4856 1815 4909 clamorem.
1857 4874 1875 4907 ι
1910 4856 1983 4909 De
2017 4855 2101 4910 his
2131 4856 2226 4909 ita-

679 4966 781 5017 que
811 4950 1076 5016 planctum
1118 4950 1277 5004 edere
1298 4948 1543 5011 iubebat,
1578 4949 1808 5003 maxime
1833 4950 1901 5002 ob
1930 4949 2225 5003 intentatas

680 5057 873 5095 minas.

751 5130 908 5187 Vens.
944 5131 1025 5183 Μ.
1068 5150 1085 5182 ι
1112 5130 1252 5186 Urbs
1291 5129 1560 5199 opulenta,
1591 5130 1781 5185 domus
1816 5128 2112 5193 derelictaa,
2140 5130 2225 5184 di-

678 5222 834 5274 vitias
865 5223 1095 5275 civitatis
1138 5222 1456 5289 relinquent,
1505 5220 1691 5274 domos
1737 5219 2135 5273 desiderabiles.
2164 5220 2229 5271 Et

681 5321 837 5366 erunt
888 5313 1010 5382 pagi
1062 5313 1325 5378 speluncae
1376 5325 1547 5379 usque
1602 5310 1653 5362 in
1704 5310 1975 5373 sarculum,
2044 5309 2227 5363 laetitia

683 5418 1020 5470 ouagrorum,
1068 5418 1259 5470 pascua
1294 5412 1588 5469 pastorum.
1615 5419 1633 5451 ι
1669 5399 1800 5465 Quis
1849 5400 2083 5453 advenas
2110 5414 2228 5453 cer-

686 5505 815 5543 oens
848 5491 1223 5563 Hierosolyma:
1252 5490 1452 5543 incolas
1471 5528 1486 5551 ,
1518 5490 1770 5558 ipsosque
1799 5488 2105 5542 idololatras
2136 5503 2228 5539 va-

689 5579 780 5631 riis
830 5595 896 5634 ex
951 5580 1196 5645 gentibus
1242 5588 1622 5648 congregatos,
1675 5593 1782 5632 uou
1833 5578 2022 5631 merito
2057 5577 2225 5641 dicat,

755 5667 800 5698 "
835 5668 935 5725 lsa.
959 5685 1069 5736 ut,
1105 5671 1153 5723 t.

756 5779 870 5848 (39)
912 5780 1070 5835 Forte
1099 5780 1199 5849 lt‘g.
1238 5796 1530 5849 παρούσης.
1576 5779 1731 5837 Eutr.

2330 4580 2434 4633 τῶν
2458 4580 2761 4651 ἔμπροσθεν
2790 4580 2959 4633 εἰπών
2979 4598 2991 4609 ·
3023 4599 3041 4629 ι
3070 4579 3178 4633 Kal
3207 4578 3395 4648 ἔμεινα
3426 4578 3512 4631 ἵνα
3542 4580 3742 4649 ποιήσῃ
3765 4595 3890 4630 στα-

2329 4669 2517 4741 φυλὴν,
2554 4671 2771 4740 εποίησε
2802 4672 2856 4722 δὲ
2904 4670 3172 4731 ἀκάνθας·
3220 4688 3238 4719 ι
3282 4669 3375 4721 καὶ
3414 4669 3611 4731 ταύτας
3662 4669 3888 4743 διερμη-

2328 4763 2491 4815 νεύων
2535 4765 2777 4832 ἐπήγαγε
2804 4764 2975 4830 λέγων
2997 4780 3009 4791 ·
3046 4780 3065 4813 ι
3095 4763 3319 4831 Ἐμεινα
3345 4761 3430 4814 ἵνα
3452 4764 3647 4833 ποιήσῃ
3690 4762 3887 4833 κρίσιν,

2329 4855 2548 4925 ἐποίησε
2576 4854 2632 4906 δὲ
2658 4854 2908 4935 ἀνρμίαν,
2940 4853 3031 4906 καὶ
3072 4853 3133 4904 ού
3155 4852 3516 4922 δικαιοσύνην,
3544 4850 3679 4905 ἀλλά
3716 4868 3886 4922 κραυέ

2328 4945 2449 5013 γήν.
2494 4964 2510 4994 ι
2580 4945 2700 4997 Ἐπὶ
2740 4944 2947 5006 τούτοις
2998 4943 3281 5014 τοιγαροῦν
3324 4942 3613 4999 κόπτεσθαι
3656 4959 3889 5013 παρεκε-

2328 5034 2528 5097 λεύετο,
2554 5035 2647 5087 καὶ
2673 5035 2901 5104 μάλιστα
2922 5033 3007 5085 διὰ
3029 5034 3125 5104 τὴν
3148 5032 3541 5103 ἐπιφερομένην
3568 5030 3817 5102 ἀπειλήν.

2405 5146 2422 5177 ι
2451 5127 2609 5190 Πόλις
2629 5126 2879 5185 πλουσία,
2904 5122 3041 5178 οἶκοι
3059 5122 3606 5193 ἐγκαταλελειμμένα
3628 5161 3643 5183 ,
3663 5122 3890 5174 πλοῦτον

2333 5217 2534 5280 πόλεως
2564 5220 2879 5288 ἀφήσουσιν,
2910 5218 3088 5281 οἴκους
3123 5214 3509 5286 ἐπιθυμητούς.
3540 5214 3651 5267 Kal
3682 5213 3889 5265 ἔσονται

2333 5307 2388 5358 αἱ
2416 5307 2592 5377 κῶμαι
2628 5306 2867 5375 σπήλαια
2900 5307 3001 5370 ἕως
3032 5306 3124 5359 τοῦ
3166 5305 3380 5368 αἰῶνος,
3418 5302 3719 5375 εὐφροσύνη
3759 5302 3889 5353 ὄνων

2333 5397 2554 5467 ἀγρίων,
2588 5397 2903 5468 βοσκήματα
2934 5398 3218 5467 ποιμένων.
3245 5416 3263 5449 ι
3295 5396 3389 5458 Τίς
3418 5395 3494 5459 δὲ,
3526 5393 3667 5465 ὁρῶν
3717 5393 3890 5462 μετοί-

2332 5504 2457 5550 κους
2500 5490 2693 5561 ᾶνδρας
2738 5489 3015 5552 οἰκοῦντας
3060 5488 3155 5559 τὴν
3194 5485 3568 5559 Ἰερουσαλὴμ,
3609 5484 3888 5539 εἰδωλολά-

2331 5593 2462 5648 τρας
2506 5597 2563 5632 τε
2615 5582 2677 5633 ἐκ
2741 5579 3006 5650 διαφόρων
3058 5580 3224 5636 ὲθνῶν
3278 5577 3751 5649 συνειλεγμένους,
3795 5576 3889 5629 οὐκ
