4100 6482
295 432 393 489 ’521
1220 428 1721 488 COMMENTARIA
1756 427 1825 481 IN
1863 425 2118 482 ISAIAM.
2163 458 2226 467 —-
2266 424 2423 482 CAP.
2459 424 2679 481 XXXII.
3462 429 3569 484 52‘!

299 554 367 609 ἂν
415 555 666 622 εὐλόγως
724 553 866 607 είποι
925 551 1078 612 ὅνους
1131 550 1389 623 ἀγρίους,
1449 551 1542 603 καὶ
1603 548 1861 619 διαφόρου

1967 601 1968 605 η
1997 562 2229 615 onagros
2250 547 2603 615 diversasque
2627 556 2818 614 greges
2835 543 3005 611 ipsam
3026 544 3339 612 depascere?
3362 546 3564 612 Quant-

299 646 499 713 ἀγέλας
549 640 990 699 καταϐόσκεσθαι
1036 642 1229 710 αὑτήν.
1277 642 1367 693 Διὸ
1412 641 1689 694 λέλεκται·
1730 658 1751 690 ι
1780 640 1853 693 Εὐ

1994 638 2179 691 obrem
2229 637 2422 691 dicitur
2459 652 2472 691 :
2506 654 2524 686 ι
2557 634 2766 688 Laztitia
2822 647 3175 703 onagrorum,
3216 648 3415 703 pascua
3467 650 3565 705 pa-

302 736 542 808 φροσύνη
590 736 732 787 ὄνων
776 733 1003 804 ἀγρίων,
1043 734 1364 804 βοσκήματα
1406 733 1738 803 ποιμένων.»
1788 734 1862 784 Δις

1993 739 2263 786 διοηιηι.»
2319 728 2440 783 Ideo
2486 727 2757 795 planctum
2814 738 3065 795 maguum
3128 739 3225 780 vos
3272 726 3436 811 edere
3474 728 3569 795 ju-

302 828 470 883 ταῦτα
525 824 818 895 τοιγαροῦν
863 824 1192 896 προσέταξεν
1236 826 1363 895 ύμῖν
1395 826 1423 878 6
1464 824 1619 892 λόγος
1668 825 1862 896 ἰσχυρὺε

1994 823 2105 888 bet,
2140 832 2194 877 et
2216 822 2269 875 iu
2304 819 2448 874 luctu
2486 826 2853 889 perseverare.

303 919 570 973 ποιεῖσθαι
618 918 868 981 κοπετὸν,
919 917 1012 970 καὶ
1059 916 1138 987 τῷ
1180 914 1360 987 θρήνῳ
1403 916 1739 989 παραμένειν
1792 916 1885 969 ἐπὶ

297 1027 553 1064 τοσουτον
561 1049 578 1063 .

370 1122 390 1153 ι
423 1103 575 1164 Ἕως
610 1101 680 1155 ἂν
706 1101 923 1155 ἐπέλθοι
956 1100 1041 1170 ἐφ’
1066 1100 1210 1170 ὑμᾶς
1242 1097 1467 1170 Πνεῦμα
1497 1097 1593 1169 ἀφ’
1616 1098 1876 1169 ὑψηλοῦ.»

296 1193 465 1248 Τοῦτο
491 1190 661 1263 δίἣν
693 1195 825 1264 περὶ
867 1187 929 1247 οὗ
961 1192 1197 1260 ἔφασκεν
1231 1192 1260 1245 6
1288 1192 1510 1261 Σωτήρ·
1553 1210 1571 1242 ι
1609 1190 1738 1244 Ἰδοὺ
1770 1189 1881 1259 ἐγὼ

293 1286 630 1355 ἀπέρχομαι,
672 1285 766 1337 καὶ
802 1281 1083 1336 ἀποστελῶ
1121 1282 1249 1352 ὑμῖν
1280 1281 1372 1357 τον
1411 1279 1784 1352 Παράκλητον,
1819 1280 1879 1333 τὸ

294 1375 521 1445 Πνεῦμα
560 1375 665 1443 τῆς
709 1372 968 1443 ἀληθείας
987 1388 1000 1399 ⁸
1029 1390 1046 1423 ι
1082 1372 1174 1425 καὶ
1204 1370 1367 1424 πάλιν
1386 1388 1398 1400 ο
1447 1389 1464 1421 ι
1496 1371 1640 1433 Ἕως
1668 1370 1736 1423 ἀν
1780 1369 1876 1424 λά-

292 1467 421 1535 ϐητε
463 1466 525 1530 ἐξ
556 1464 726 1534 ὕψους
758 1466 1004 1533 δύναμιν.
1033 1482 1051 1514 ι
1093 1463 1241 1515 Ἐπεὶ
1268 1462 1445 1515 τοίνυν
1485 1481 1502 1512 ι
1525 1462 1799 1532 Μακάριοι
1825 1462 1875 1514 oi

290 1556 640 1620 πενθοῦντες,
665 1556 746 1608 ὅτι
776 1553 1310 1625 παρακληθήσονται,
1340 1566 1358 1605 ι
1396 1552 1511 1615 καὶ,
1542 1570 1559 1600 ι
1597 1552 1873 1621 Μακάριοι

285 1650 335 1700 οἱ
357 1647 662 1711 κλαίοντες,
689 1648 769 1699 ὅτι
802 1645 1141 1714 γελάοουσιν·
1179 1662 1199 1696 ι
1238 1643 1464 1706 εἰκότως
1488 1644 1606 1705 ταῖς
1639 1642 1872 1712 προλεχ-

288 1735 519 1800 θείσαις,
549 1736 607 1788 αἶ
654 1736 745 1789 διά
793 1736 992 1804 θρήνου
1030 1735 1123 1787 καὶ
1182 1733 1460 1803 κλαυθμοῦ
1505 1735 1598 1786 καί
1639 1732 1870 1786 κοπετοῦ

284 1827 383 1896 τὴν
408 1826 710 1895 μετάνοιαν
738 1823 1085 1886 ἐνεδείξαντο.
1112 1822 1442 1891 ἐπαγγελίαν
1476 1822 1689 1875 δίδωσιν
1726 1822 1868 1890 ἀγα-

287 1918 383 1989 θήν
410 1919 514 1989 τὴν
536 1918 627 1971 διὰ
652 1917 745 1970 τοῦ
778 1915 1115 1984 Πνεύματος.

360 2027 379 2062 ι
412 2009 526 2064 Καὶ
560 2009 714 2063 ἔσται
763 2008 970 2077 ἕρημος
1015 2008 1041 2059 6
1075 2005 1313 2076 Χερμὲλ,
1362 2006 1455 2058 καὶ
1485 2005 1514 2057 6
1548 2004 1763 2076 Χερμὲλ
1799 2007 1877 2069 είς

284 2100 487 2171 δρυμὸν
517 2099 936 2168 λογισθήσεται·
970 2096 1064 2149 καὶ⁵
1092 2096 1463 2178 ἀναπαύσεται
1496 2096 1555 2148 ἐν
1585 2099 1651 2167 τῇ
1686 2096 1877 2168 ἐρήμῳ

286 2193 482 2261 κρῖμα,
511 2190 611 2243 καὶ
638 2188 950 2259 δικαιοσύνη
984 2188 1041 2240 ὲν
1077 2186 1153 2257 τῷ
1186 2188 1466 2258 Καρμήλῳ
1500 2189 1868 2258 κατοικήσει.»

282 2281 516 2344 Λίϐανος
550 2282 649 2350 μὲν
680 2280 741 2332 τὸ
778 2280 905 2349 ὅρος
929 2280 994 2333 τὸ
1037 2279 1129 2332 ἐπὶ
1170 2279 1267 2349 τῆς
1312 2280 1561 2349 Φοινίκης
1592 2277 1779 2348 ἐδήλου
1806 2280 1874 2334 τὰ

284 2371 442 2442 ἔθνη·
499 2371 800 2441 Κάρμηλος
852 2370 908 2421 δὲ
964 2370 1025 2422 τὸ
1077 2369 1202 2439 ὅρος
1256 2370 1317 2423 τὸ
1372 2370 1477 2422 ὑπὸ
1514 2369 1783 2433 Ἰουδαίοις
1815 2369 1874 2423 ὃν

283 2461 552 2531 πράτερον
581 2461 671 2513 τὸν
702 2461 767 2512 ὲκ
797 2458 1099 2530 περιτομῆς
1126 2460 1273 2522 λαὸν,
1298 2460 1418 2513 ὅθεν
1451 2461 1545 2515 καὶ
1574 2464 1872 2535 ἑρμηνεύε-

281 2566 370 2603 ται
400 2554 430 2603 6
460 2550 704 2621 Χερμὲλ,
731 2550 927 2621 δηλαδὴ
960 2550 1267 2621 Κάρμηλος,
1310 2570 1328 2602 ι
1362 2552 1689 2619 Ἐπίγνιυσις
1716 2573 1873 2627 περι-

281 2645 474 2711 τομῆς.
506 2661 527 2692 ι
586 2642 690 2694 Τὸν
754 2642 982 2695 Λίϐανον
1032 2643 1230 2704 τοίνυν,
1285 2642 1376 2694 τὸν
1428 2642 1725 2712 ἀλλόφυλον
1780 2649 1872 2699 καὶ

282 2732 547 2800 ἁλλογενῆ
584 2733 731 2796 λαὸν,
765 2733 856 2785 τὸν
886 2732 943 2798 ἐξ
987 2732 1155 2785 ἐθνῶν
1190 2732 1618 2803 μεταϐληθέπα,
1652 2735 1870 2789 ἔσεσθαί

283 2840 470 2892 φησιν,
493 2827 680 2885 ὁποῖος
712 2819 779 2892 ἦν
806 2825 835 2877 6
869 2823 1034 2875 πάλαι
1063 2822 1219 2892 παρά
1247 2821 1325 2892 τῷ
1362 2822 1480 2892 Θεῷ
1508 2824 1870 2893 τετιμημένος

280 2913 405 2979 λαὸς
451 2917 482 2968 6
527 2917 597 2967 ὲκ
630 2916 958 2984 περιτομῆς
1012 2914 1172 2966 αὑτὸν
1218 2914 1276 2967 δὲ
1326 2914 1418 2966 τὸν
1470 2917 1533 2967 ἐκ
1570 2918 1868 2986 περιτομῆς

278 3006 423 3069 λαὸν,
457 3006 685 3076 Χερμὲλ
715 3007 747 3075 ἢ
780 3005 1073 3078 Κάρμηλον
1114 3004 1531 3076 ὀνομαζόμενον,
1562 3009 1639 3069 εἰς
1667 3008 1867 3078 δρυμὸν

277 3096 719 3165 λογισθήσεσθαι.
750 3095 917 3148 Τοῦτο
942 3096 1120 3148 τοίνυν
1155 3097 1248 3147 καὶ
1281 3097 1339 3148 ἐν
1367 3098 1479 3157 τοῖς
1511 3097 1650 3166 μετὰ
1679 3102 1866 3167 χεῖρας

278 3189 538 3259 σημαίνει
570 3188 793 3257 φάσκων
824 3188 851 3239 6
872 3188 1025 3254 λόγος
1068 3187 1208 3241 κατά
1229 3188 1320 3241 τὸν
1352 3187 1673 3259 Σύμμαχον·
1713 3208 1729 3239 ι
1757 3191 1864 3243 Καὶ

276 3282 425 3333 ἔσται
460 3283 494 3351 ἡ
528 3281 735 3350 ἕρημος
778 3281 856 3341 είς
898 3280 1219 3350 Κάρμηλον-
1253 3299 1270 3331 ι
1310 3280 1385 3343 ὡς
1422 3280 1531 3351 γὰρ
1563 3282 1679 3332 ἐκεῖ
1706 3282 1734 3333 6
1770 3280 1863 3333 Λί-

277 3373 435 3435 ϐανος
470 3375 556 3434 εἰς
609 3372 901 3441 Κάρμηλον
951 3371 1165 3438 ἐλέγετο
1209 3370 1659 3439 μεταϐάλλεσθαι,
1692 3371 1862 3435 οὕτως

275 3464 514 3517 ἐνταῦθα
562 3465 597 3531 ἡ
644 3463 869 3532 ἕρημος,
898 3462 985 3514 ἵνα
1102 3461 1297 3515 ταύτὸν
1340 3463 1434 3515 καὶ
1474 3461 1678 3533 ἔρημος
1709 3463 1739 3513 6
1769 3464 1863 3514 Λί-

276 3555 471 3619 ϐανος,
518 3554 667 3607 οὕτω
708 3553 1042 3623 δηλουμένης
1073 3554 1171 3622 τῆς
1206 3551 1263 3619 ἐξ
1306 3551 1474 3605 ἐθνῶν
1500 3551 1857 3623 Ἑκκλησίας,

274 3646 393 3712 ἧτις
449 3641 855 3715 μεταϐέϐληται
904 3644 983 3705 εἰς
1032 3642 1347 3715 Κάρμηλον.
1379 3644 1590 3713 Ὥσπερ
1639 3643 1747 3715 γάρ
1792 3639 1860 3713 ἦν

278 3736 445 3789 πάλαι
480 3735 749 3805 πρότερον
789 3754 806 3785 ι
837 3734 993 3805 μερὶς
1022 3734 1227 3804 Κυρίου
1274 3734 1398 3798 λαὸς
1440 3733 1603 3789 αὐτοῦ
1644 3735 1857 3800 Ἰακὼϐ,

278 3827 572 3895 σχοίνισμα
609 3824 966 3895 κληρονομίας
1012 3824 1175 3878 αὐτοῦ
1217 3825 1461 3897 Ἰσραήλ·
1494 3845 1512 3876 ι
1551 3827 1580 3878 ὅ
1606 3843 1664 3878 τε
1710 3826 1860 3896 Κάρ-

282 3918 451 3989 μηλος
490 3912 562 3987 ἦν
594 3918 884 3984 ἐπίγνωσιν
915 3916 1051 3987 ἔχων
1082 3917 1210 3987 περὶ
1237 3916 1467 3987 ταύτηςο
1502 3917 1676 3981 οὕτως
1705 3918 1734 3970 6
1762 3918 1856 3971 Λί-

274 4014 438 4075 ϐανος
486 4014 586 4065 καὶ
622 4013 655 4081 ή
700 4011 866 4064 πάλαι
910 4010 1131 4082 ἕρημος,
1161 4012 1253 4064 ὲπὶ
1297 4011 1356 4064 τὸ
1405 4015 1647 4082 κρεῖττον
1690 4029 1854 4081 μετα-

276 4104 551 4166 ϐαλοῦσα,
592 4103 780 4171 γέγονε
830 4103 988 4174 μερὶς
1046 4103 1140 4166 τοῦ
1190 4102 1325 4159 Θεοῦ
1346 4122 1360 4136 ο
1403 4106 1477 4168 ὡς
1515 4100 1582 4158 αὖ
1629 4104 1792 4156 πάλιν
1827 4105 1855 4155 6

277 4193 582 4266 Κάρμηλος
636 4196 715 4255 είς
767 4194 972 4264 δρυμὸν
1023 4194 1293 4264 ἐλογίσθη.
1344 4196 1559 4266 Δρυμὸς
1621 4195 1677 4248 δέ
1736 4196 1853 4248 ἐστι

274 4286 474 4357 χωρίον
507 4284 696 4355 φυτῶν
758 4286 966 4356 ἀγρίων
1011 4287 1105 4339 καὶ
1161 4276 1427 4358 ἀκάρπων
1486 4286 1723 4357 πλῆρες·
1772 4286 1854 4339 διὸ

275 4377 506 4448 σύνηθες
554 4379 623 4447 τῇ
658 4376 775 4449 θείᾳ
817 4378 1005 4449 Γραφῇ
1050 4378 1118 4431 τά
1162 4378 1291 4449 ἔθνη
1338 4379 1406 4432 τά
1449 4377 1540 4433 τὸν
1574 4378 1706 4431 Θεὸν
1752 4378 1851 4431 οὐκ

272 4468 482 4534 εξόότα,
529 4468 737 4539 δρυμὸν
763 4466 1082 4539 ὀνομάζειν,
1127 4470 1203 4534 ὡς
1253 4469 1513 4534 πολλάκις
1564 4470 1848 4537 ἀπεδείξα-

272 4576 393 4631 μεν.

342 4666 363 4699 ι
404 4647 519 4709 Καὶ
585 4645 735 4699 ἔσται
778 4647 849 4701 τὰ
893 4646 1029 4719 ἔργα
1073 4648 1171 4720 τῆς
1216 4648 1560 4721 δικαιοσύνης
1623 4651 1851 4723 εἰρήνη,

268 4741 362 4794 καὶ
411 4739 685 4810 κρατήσει
724 4738 1097 4811 ήδικαιοσύνη
1138 4740 1466 4804 ἀνάπαυσιν,
1512 4741 1607 4795 καὶ
1657 4758 1851 4796 πεποι-

265 4831 420 4895 θότες
453 4831 566 4893 ἓως
590 4829 685 4882 τοῦ
719 4831 935 4896 αἰῶνος.
970 4832 1080 4885 Καὶ
1107 4833 1423 4903 κατοικήσει
1454 4836 1483 4886 6
1522 4834 1648 4898 λαὸς
1688 4837 1851 4890 αὐτοῦ

268 4926 325 4977 ὲν
354 4923 513 4977 πόλει
548 4922 791 4992 εἰρήνης,
828 4922 923 4976 καὶ
950 4924 1216 4995 ἐνοικήσει
1250 4924 1543 4991 πεποιθὼς,
1580 4930 1674 4981 καὶ
1718 4930 1850 4984 ἁνα-

269 5016 580 5069 παύσονται
625 5013 760 5082 μετά
799 5012 1048 5066 πλούτου.
1076 5033 1094 5064 ι
1151 5013 1295 5066 ’Λντὶ
1321 5015 1429 5086 γὰρ
1470 5017 1569 5085 τῆς
1596 5017 1851 5091 κάθαιρε-

268 5105 459 5177 υείσης
490 5105 702 5167 πόλεως
734 5104 833 5174 τῆς
864 5105 1104 5176 μεγάλης
1136 5108 1349 5177 ἐκείνης
1390 5109 1482 5161 καὶ
1515 5110 1846 5181 γαυριώσης,

265 5201 460 5269 ἑτέραν
502 5195 587 5266 τῷ
795 5196 1156 5265 συστήσεσθαι
1190 5198 1367 5261 πόλιν,
1397 5199 1495 5269 τὴν
1536 5200 1644 5252 ἀπὸ
1679 5204 1850 5271 περά-

263 5310 369 5345 των
400 5292 511 5353 ἒως
556 5288 810 5358 περάτων
844 5288 1131 5357 καθολικὴν
1173 5290 1515 5361 Ἐκκλησίαν,
1547 5293 1639 5344 καὶ⁵
1684 5293 1745 5345 τὸ
1790 5295 1847 5346 ὲν

263 5386 399 5456 αὐτῇ
456 5383 800 5452 πολίτευμα,
853 5382 1117 5447 θεσπίζει.
1170 5385 1394 5438 Βέϐαιον
1439 5387 1549 5455 γὰρ
1602 5387 1711 5438 τῶν
1764 5388 1846 5451 εἰς

259 5480 392 5535 Θεὸν
420 5477 873 5532 πεπιστευκότων
899 5476 960 5528 τὸ
992 5477 1263 5548 φρόνημα.
1300 5478 1461 5531 Πόλιν
1493 5481 1715 5549 εἰρήνης
1742 5481 1844 5551 τὴν

256 5576 316 5629 ἐν
382 5574 507 5635 τοῖς
571 5568 820 5639 οὐρανοῖς
870 5568 1052 5637 λέγει·
1104 5591 1122 5621 ι
1181 5572 1246 5623 'll
1302 5571 1409 5642 γὰρ
1471 5571 1603 5635 ἀνω,
1682 5574 1843 5642 φησὶ,

264 5661 644 5739 Ἰερουσαλὴμ
672 5658 929 5731 ἐλευθέρα
967 5661 1103 5728 ἐστὶ,
1148 5665 1331 5736 μήτηρ
1374 5663 1589 5717 πάντων
1618 5662 1839 5733 ήμῶν.»

320 5845 369 5878 ³⁸
395 5843 568 5898 Joan.
615 5854 705 5901 xv,
732 5838 817 5893 26.
897 5840 938 5869 "
968 5838 1076 5893 Luc
1128 5856 1191 5895 xx
1226 5857 1277 5906 v,
1316 5840 1402 5895 49.
1479 5842 1522 5873 ³⁸
1551 5839 1740 5895 Matth.
1779 5839 1892 5903 v.5.

2061 1087 2225 1145 Vens.
2256 1087 2345 1141 15.
2384 1105 2403 1138 ι
2424 1086 2603 1141 Donec
2626 1087 2809 1141 veniat
2840 1087 2892 1140 in
2922 1101 3020 1140 vos
3040 1085 3279 1155 Spiritus
3302 1099 3366 1140 ex
3391 1087 3559 1141 alto.»

1988 1177 2077 1231 Ille
2132 1186 2309 1230 autem
2371 1185 2488 1229 erat
2542 1176 2609 1231 de
2668 1191 2775 1245 quo
2833 1175 3087 1231 Salvator
3128 1176 3241 1230 inec
3291 1178 3561 1246 protulit:

1992 1288 2011 1320 ι
2041 1268 2182 1323 Ecce
2208 1283 2307 1338 ego
2337 1271 2494 1328 vado.
2542 1276 2595 1321 et
2626 1269 2833 1320 mittam
2860 1268 3013 1321 vobis
3044 1266 3405 1331 Paracletum.
3435 1268 3561 1337 Spi-

1984 1362 2145 1415 ritum
2180 1358 2527 1421 veritatis“;
2564 1378 2580 1410 ι
2618 1359 2926 1427 iterumque
2958 1376 3016 1412 ιι
3048 1358 3229 1412 Donec
3273 1361 3563 1427 accipiatis

1982 1456 2235 1508 virtutem
2291 1469 2357 1507 ex
2411 1453 2605 1507 alto”.
2641 1472 2659 1505 ι
2716 1454 2851 1519 Quia
2904 1454 3069 1523 igitur
3123 1472 3141 1505 ι
3177 1454 3322 1508 Beati
3354 1455 3444 1524 qui
3480 1456 3559 1507 lu-

1982 1557 2129 1615 gent,
2155 1548 2413 1616 quoniam
2438 1546 2886 1608 consolabuntur,
2916 1565 2934 1598 ι
2967 1555 3041 1609 et,
3074 1563 3092 1596 ι
3115 1545 3265 1600 Beati
3289 1548 3380 1615 qui
3409 1546 3560 1613 ﬂent,

1980 1640 2235 1708 quoniam
2286 1638 2632 1701 ridebunt";
2669 1638 2834 1705 )jlll'e
2890 1637 3160 1706 pnndictis
3220 1637 3558 1701 mulieribus,

1978 1746 2096 1799 qua:
2123 1729 2270 1793 ﬂetu,
2306 1730 2563 1799 larrymis
2622 1732 2925 1797 et.planctu
2962 1729 3337 1799 ptenitcntiam
3368 1730 3561 1798 ιιι-σείου

1979 1823 2191 1885 rebant,
2219 1820 2631 1890 promissionem
2682 1820 2895 1875 confert
2935 1819 3129 1875 bonam
3159 1834 3255 1889 per
3294 1819 3560 1888 Spiritum

1978 1912 2329 1967 alTerendam.

2048 2004 2211 2059 Vens.
2248 2005 2335 2057 16.
2379 2020 2397 2053 ι
2430 2002 2497 2056 Ει
2530 2002 2637 2056 erit
2676 2002 2953 2056 desertum
2982 2000 3259 2065 Cbermel,
3299 2010 3354 2054 et
3381 1998 3556 2061 (lbere

1977 2095 2083 2151 mel
2131 2096 2183 2149 in
2237 2096 2435 2150 saltum
2492 2094 2962 2162 reputabiturzet
3019 2095 3330 2163 requiescet
3362 2094 3414 2147 iu
3451 2094 3549 2145 de-

1976 2198 2123 2243 serto
2156 2189 2441 2258 judicium,
2471 2198 2523 2241 et
2550 2188 2765 2254 iustitia
2813 2188 2866 2241 in
2914 2187 3166 2241 (Iarrnelo
3215 2185 3504 2240 habitabit.
3531 2202 3551 2236 ι

1978 2281 2218 2336 Libanus
2247 2296 2401 2333 mons
2437 2278 2730 2333 thnicia’.
2768 2279 3079 2341 imminens,
3110 2287 3301 2347 gentes
3346 2274 3557 2346 signiﬁ-

1975 2371 2152 2433 cabat,
2190 2369 2473 2424 Carmeius
2520 2380 2701 2423 autem
2749 2384 2927 2430 mons,
2968 2369 3061 2437 qui
3088 2367 3321 2422 antehac
3349 2366 3564 2421 Iudaeo-

1976 2479 2092 2516 rum
2124 2472 2265 2522 erat,
2298 2460 2552 2529 populum
2582 2475 2649 2513 ex
2679 2460 3103 2513 circumcisione
3135 2475 3146 2510 :
3174 2458 3324 2513 unde
3383 2457 3557 2513 Cher-

1974 2553 2100 2617 mel,
2130 2554 2243 2606 sive
2272 2552 2574 2610 Carmelus.
2604 2552 2674 2604 ita
2706 2551 2936 2603 vertitur
2967 2567 2981 2603 :
3006 2549 3249 2619 Cogm’tio
3278 2552 3559 2603 circumci-

1971 2645 2156 2699 siom’s.
2199 2642 2463 2697 Libanum
2496 2657 2646 2712 ergo,
2681 2642 2935 2695 videlicet
2968 2642 3332 2711 alienigenam
3359 2652 3417 2695 et
3455 2659 3552 2697 ex-

1972 2746 2218 2789 traneum
2270 2733 2524 2803 populum
2582 2749 2648 2786 ex
2699 2734 2950 2801 gentibus
2998 2749 3349 2799 conversum,
3390 2736 3557 2790 talem

1970 2826 2205 2880 futurum
2255 2828 2349 2887 ait,
2402 2825 2577 2893 qualis
2612 2835 2729 2878 erat
2762 2824 2849 2879 ille
2883 2826 3014 2879 olim
3072 2824 3299 2893 populus
3348 2840 3410 2878 ex
3448 2828 3558 2879 cir-

1970 2918 2319 2976 cumcisione,
2352 2918 2490 2984 apud
2528 2916 2695 2969 Deum
2724 2916 3043 2979 honoratus,
3078 2916 3254 2985 ipsum
3289 2930 3420 2970 vero
3466 2934 3555 2985 po-

1969 3009 2150 3077 pulum
2179 3024 2244 3061 ex
2265 3008 2702 3070 circumcisione,
2736 3008 2824 3074 qui
2860 3007 3110 3061 Cbcrmel
3146 3017 3237 3060 aut
3265 3008 3554 3065 Carmelus

1968 3100 2182 3161 dicitur,
2220 3100 2271 3151 in
2300 3099 2494 3153 saltum
2534 3100 2888 3168 reputantium
2921 3098 3053 3151 fore.
3076 3098 3229 3163 Quod
3267 3099 3439 3166 ipsum
3471 3103 3549 3154 in-

1968 3191 2110 3243 dicat
2153 3190 2438 3258 prazsentis
2469 3188 2571 3242 loci
2636 3188 3011 3254 interpretatio
3067 3189 3366 3243 secundum
3397 3189 3553 3260 Sytn-
3644 3234 3655 3253 ,

1973 3283 2370 3351 maeltum,qu:e
2390 3282 2468 3335 sic
2499 3282 2662 3334 habet
2690 3297 2705 3333 ι
2734 3280 2949 3333 ιΕιετὶι
2972 3280 3239 3335 desertum
3263 3282 3314 3335 in
3336 3283 3554 3338 Canne-

1970 3372 2608 3437 lttm.iQuematlmodttm
2638 3372 2781 3426 enim
2803 3372 2872 3425 ibi
2906 3370 3144 3427 Libauus
3173 3374 3225 3427 in
3246 3374 3547 3431 Canusium

1969 3463 2261 3514 vertendus
2302 3461 2621 3521 dicebatur;
2652 3460 2731 3515 sic
2770 3470 2825 3514 et
2854 3461 2957 3514 hoc
2989 3460 3107 3515 loco
3148 3464 3451 3528 desertum;
3490 3478 3551 3521 ut

1968 3554 2108 3607 idem
2134 3556 2207 3608 sit
2236 3556 2380 3623 quod
2424 3554 2701 3609 desertum
2727 3553 2987 3617 Libanus,
3011 3571 3117 3624 quo
3144 3556 3411 3612 iudicatur
3444 3558 3545 3614 Ec-

1966 3644 2132 3698 clesia
2174 3658 2239 3697 ex
2292 3645 2565 3713 gentibus.
2615 3659 2733 3712 qua:
2767 3653 2973 3697 mutata
3002 3654 3088 3699 est
3122 3646 3173 3699 in
3207 3646 3541 3703 Carmelum.

1966 3736 2431 3802 Quemadmodum
2478 3736 2624 3790 enim
2688 3736 2841 3805 prius
2890 3746 3009 3789 erat
3046 3753 3064 3787 ι
3096 3740 3275 3807 portio
3330 3740 3543 3795 Domini

1976 3826 2204 3896 populus
2256 3825 2375 3895 ejus
2424 3824 2594 3880 Jacob
2625 3865 2641 3890 ,
2703 3825 2973 3881 funiculus
3035 3827 3373 3885 bmreditatis
3424 3832 3548 3899 ejus

1963 3916 2128 3971 Israel
2159 3917 2230 3980 ³⁸,
2288 3935 2306 3967 ι
2340 3927 2395 3971 et
2424 3917 2706 3971 Carmelus
2754 3917 2805 3970 in
2839 3917 3200 3986 cognitionem
3232 3922 3350 3989 ejus
3378 3936 3543 3977 vene-

1964 4018 2081 4070 rat;
2110 4007 2192 4061 sic
2216 4014 2272 4061 et
2300 4005 2557 4071 Libanus,
2585 4015 2640 4062 et
2668 4007 2799 4060 illud
2854 4005 2983 4061 olim
3027 4007 3301 4063 desertum
3335 4009 3389 4064 in
3423 4027 3544 4064 nte-

1960 4101 2148 4155 liorem
2194 4100 2559 4154 conditionem
2618 4108 2908 4165 mutatum,
2962 4100 3161 4155 factum
3214 4112 3331 4156 est.
3361 4106 3544 4172 portio

1960 4191 2086 4257 Dei;
2126 4202 2185 4246 ut
2208 4206 2239 4246 e
2265 4190 2539 4246 contrario
2576 4190 2857 4246 Carmelus
2889 4174 2943 4245 in
3000 4192 3198 4246 saltum
3255 4204 3541 4260 rcputatus

1959 4294 2064 4339 est.
2103 4282 2286 4339 Saltus
2322 4298 2484 4353 porro
2514 4282 2665 4337 locus
2693 4292 2775 4337 est
2816 4284 3123 4352 agrestibus
3158 4296 3211 4339 et
3240 4286 3540 4343 infructuo-

1957 4376 2035 4429 sis
2074 4374 2360 4429 arboribus
2398 4374 2639 4443 repletus
2669 4385 3041 4445 :quapropter
3084 4391 3201 4433 mos
3252 4388 3340 4433 est
3382 4377 3536 4435 Scri—

1958 4475 2127 4532 ptum
2152 4466 2350 4520 divina!
2381 4474 2594 4536 gentes,
2623 4481 2744 4535 quae
2767 4465 2933 4521 Deum
2969 4482 3075 4522 non
3109 4481 3333 4537 norunt,
3367 4472 3539 4531 saltus

1885 4585 1928 4640 Β
1960 4576 2294 4631 nuncupare.
2328 4574 2386 4614 ιιι
2413 4562 2731 4631 plerumque
2766 4565 3341 4622 commonstravimus.

2030 4652 2188 4707 Vens.
2224 4655 2310 4719 i7,
2344 4654 2432 4709 i8.
2467 4671 2491 4704 ι
2514 4654 2580 4707 Ει
2629 4655 3003 4722 erunt'opera
3058 4653 3282 4723 iustitiae
3318 4673 3444 4725 pax,
3478 4670 3534 4714 et

1951 4744 2219 4799 obtinebit
2271 4744 2478 4812 iustitia
2532 4745 2800 4814 requiem,
2858 4755 2915 4801 et
2966 4748 3310 4803 confidentes
3372 4763 3533 4807 erunt

1952 4852 2123 4905 usque
2166 4837 2218 4889 in
2272 4848 2554 4891 :eternum.
2609 4838 2673 4891 Et
2730 4839 3000 4892 habitabit
3058 4840 3287 4909 populus
3330 4844 3447 4909 eius
3478 4846 3529 4904 in

1951 4931 2088 4984 urbe
2113 4930 2283 4998 pacis,
2310 4940 2366 4984 et
2396 4930 2720 4985 inltabitabit
2760 4931 3065 4997 conlidens,
3100 4947 3155 4987 et
3184 4938 3529 5003 requiesceut

1954 5034 2074 5073 cum
2109 5020 2332 5073 divitiis.
2368 5038 2386 5071 ›
2418 5019 2549 5073 Nam
2595 5037 2692 5090 pro
2726 5037 2916 5091 magna
2954 5034 3010 5078 et
3040 5026 3374 5093 tripudiaute
3399 5028 3531 5085 urbe

1950 5109 2061 5178 jam
2124 5111 2325 5173 deleta,
2382 5113 2540 5165 aliam
2616 5114 2725 5168 Deo
2802 5118 3238 5174 constituendam
3302 5123 3529 5189 urbem,

1954 5202 2069 5257 sive
2139 5203 2464 5258 catholicam
2536 5204 2874 5267 Ecclesiam.
2940 5224 2968 5261 a
3040 5213 3290 5267 terminis
3356 5230 3529 5284 usque

1952 5298 2018 5349 ad
2070 5297 2328 5352 terminos
2369 5308 2525 5354 terra:
2584 5302 3000 5370 pertingentem,
3051 5315 3108 5360 et
3161 5307 3305 5375 pium
3354 5308 3403 5361 in
3438 5310 3529 5362 illa

1951 5390 2072 5443 vita:
2116 5389 2461 5457 institutum,
2527 5393 2867 5450 vaticinatur.
2946 5394 3127 5449 Firma
3198 5398 3395 5466 quippe
3445 5410 3529 5454 est

1949 5495 2159 5544 eorum,
2218 5482 2309 5549 qui
2363 5483 2418 5537 in
2475 5484 2640 5538 Deum
2683 5486 2932 5553 credunt,
2984 5503 3137 5543 mens
3190 5498 3245 5543 et
3311 5499 3527 5544 senten-

1952 5575 2043 5625 tia.
2076 5572 2369 5627 Civitatem
2400 5576 2551 5644 pacis
2589 5586 2748 5648 vocat
2790 5576 2935 5631 illam
2970 5594 3092 5648 qua:
3126 5580 3179 5633 in
3212 5579 3370 5633 ctelis
3400 5593 3522 5635 est:

1949 5681 2069 5719 nam
2102 5681 2121 5715 ι
2154 5664 2261 5730 illa,
2303 5665 2501 5735 inquit,
2527 5684 2645 5735 qua:
2668 5683 2881 5724 sursum
2913 5679 2997 5725 est
3024 5668 3352 5737 Jerusalem,
3386 5670 3524 5727 iibe-

2003 5839 2043 5869 "
2070 5839 2224 5892 Deut.
2260 5854 2432 5907 xxxu,
2465 5846 2518 5897 υ.
