4100 6420
627 428 739 483 525‘

1317 418 1584 477 EUSEBII
1618 416 2088 475 CESARIENSIS
2123 417 2272 475 OPP.
2313 414 2495 472 PARS
2533 411 2624 470 Ill.
2660 443 2732 455 —
2767 406 3175 467 EXEGBTICA.

3740 400 3843 456 5‘34

628 560 686 598 ra
716 550 815 603 est,
850 544 1023 592 mater
1053 535 1293 592 omnium
1346 544 1589 588 nostrum
1612 533 1676 586 ³⁷.
1702 550 1721 584 ι
1760 532 1954 587 Urbem
1998 542 2169 585 autem

2276 529 2434 581 Πόλιν
2462 528 2517 581 δὲ
2558 524 2890 598 ἀμεριμνίας
2931 520 3026 573 καὶ
3075 518 3175 581 τὰς
3218 514 3503 586 διαφόρως
3546 511 3693 579 λέγει
3742 527 3841 581 μο-

626 628 933 685 securitatis
959 636 1117 687 vocat
1145 624 1326 679 varias
1351 624 1475 679 illas
1511 624 1819 693 mansiones
1845 640 1859 675 :
1887 637 2009 676 nam
2037 623 2174 691 apud

628 723 864 783 Patrem,
905 720 1079 788 inquit
1095 717 1161 785 ³⁸,
1204 716 1519 770 mansiones
1552 714 1767 779 multa,
1805 728 1925 783 qua:
1963 713 2176 767 divitias

630 828 901 883 nunquam
947 806 1257 880 expilandas
1293 814 1533 861 servant.
1586 804 1793 860 Etenim
1838 822 1857 856 ι
1891 803 2177 858 Thesauri-

628 916 770 969 zate,
819 904 990 973 inquit
1022 902 1087 966 ",
1128 899 1216 953 ubi
1259 912 1358 953 nec
1405 912 1605 967 aerugo,
1652 911 1751 950 nec
1804 896 1947 950 tinea
1995 896 2178 950 demo-

626 997 776 1062 litnr,
810 1008 979 1064 neque
1006 991 1153 1045 fures
1173 987 1436 1043 eﬂoiliunt
1459 996 1515 1043 et
1542 987 1813 1040 furantur.
1838 1003 1858 1037 ι

701 1086 862 1141 Vsus.
917 1085 1000 1148 l9,
1035 1082 1129 1136 20.
1164 1100 1183 1132 ι
1214 1080 1434 1137 Grando
1478 1088 1657 1132 autem
1718 1077 1764 1131 si
1808 1076 2172 1144 descenderit,

628 1194 734 1233 non
764 1179 828 1231 ad
858 1190 953 1230 vos
982 1175 1183 1228 veniet.
1214 1172 1278 1226 Et
1308 1178 1466 1225 erunt
1515 1170 1606 1238 qui
1648 1167 1894 1222 habitant
1937 1166 1991 1220 in
2025 1165 2177 1219 salti-

627 1271 729 1324 bus
756 1267 1110 1328 confidentes,
1140 1265 1280 1318 sicut
1307 1263 1396 1331 qui
1432 1261 1483 1314 in
1513 1259 1753 1329 planitie.
1792 1257 1941 1313 Beati
1966 1258 2057 1327 qui
2090 1271 2175 1313 se-

627 1364 832 1415 mlnant
860 1372 1022 1427 super
1052 1369 1263 1410 omnem
1291 1365 1505 1423 aquam,
1543 1350 1631 1404 ubi
1658 1350 1754 1404 bos
1782 1359 1836 1403 et
1861 1348 2044 1403 asinus
2064 1347 2177 1403 cal-

627 1463 770 1507 cant.
798 1471 817 1504 ι
876 1449 975 1504 llic
1033 1448 1215 1502 beatos
1266 1444 1520 1515 praedicat
1566 1441 1837 1512 apostolos
1880 1438 2175 1495 Salvatoris

627 1544 820 1607 nostri,
849 1550 905 1598 et
936 1540 1138 1610 primos
1164 1534 1434 1606 Evangelii
1459 1546 1753 1603 praecones,
1780 1530 1869 1601 qui
1892 1539 1948 1585 et
1977 1528 2175 1585 Judais

627 1646 687 1693 et
716 1634 921 1692 Gmcis
964 1629 1343 1700 praedicarunt,
1385 1640 1448 1679 ac
1497 1638 1679 1679 semen
1730 1636 1884 1677 suum
1922 1620 2175 1690 coniece-

528 1739 533 1744 ‘
628 1736 755 1782 runt
794 1724 847 1780 in
897 1735 1108 1778 omnem
1144 1720 1437 1782 hominem,
1472 1716 1711 1772 Judaeum
1756 1715 1951 1785 primo,
1982 1712 2176 1768 deinde

625 1819 869 1875 Grecam
893 1832 909 1866 :
937 1815 1030 1867 bos
1053 1812 1215 1877 enim,
1241 1818 1421 1879 utpote
1447 1809 1697 1863 mundum
1717 1801 2175 1873 animal,populus

2274 621 2369 684 νάς
2389 637 2401 650 ·
2435 618 2625 672 πολλαὶ
2670 616 2799 688 γάρ,
2826 612 2979 685 φησὶ,
3016 609 3177 680 μοναὶ
3204 606 3357 680 παρὰ
3387 604 3466 676 τῷ
3511 602 3684 674 Πατρί
3714 614 3839 673 μου,

2273 712 2451 781 ἔχουσι
2490 707 2549 763 δὲ
2594 707 2810 762 καὶτὸν
2858 702 3084 757 πλοῦτον
3128 700 3219 754 τὸν
3268 697 3479 755 ἄσυλον.
3518 714 3537 747 ι
3569 693 3843 765 Θησαυρί-

2274 801 2393 865 ζετε
2462 798 2571 869 γὰρ
2603 838 2619 864 ,
2693 795 2879 868 φησιν,
2948 792 3081 846 ὅπου
3156 789 3253 860 σὴς
3307 788 3402 841 καὶ
3465 783 3667 857 βρῶσις
3739 782 3841 835 οὐκ

2273 888 2555 959 ἀφανίζει,
2593 886 2712 941 οὐδὲ
2761 882 2988 939 κλέπται
3041 878 3383 951 διορύσσουσι
3421 875 3515 930 καὶ
3568 872 3837 930 κλέπτου·-

2276 996 2381 1034 σιν.
2414 999 2433 1031 ι

2343 1090 2367 1128 .‹
2410 1070 2473 1122 Ἡ
2504 1068 2562 1122 δὲ
2592 1062 2821 1137 χάλαζα,
2860 1063 2956 1116 ὲάν
2989 1058 3222 1131 καταϐῇ,
3256 1057 3357 1111 οὐκ
3386 1057 3485 1125 ,ἐφ’
3511 1055 3655 1126 ὑμᾶς
3694 1052 3838 1123 ἡξει.

2272 1159 2381 1212 Καὶ
2422 1156 2632 1210 ἔσονται
2663 1154 2714 1206 oi
2746 1150 3078 1212 ἐνοικοῦντες
3122 1150 3181 1201 ὲν
3221 1147 3333 1209 τοῖς
3375 1144 3597 1216 δρυμοῖς
3648 1159 3843 1195 πεποι-

2275 1248 2453 1311 θότες,
2490 1247 2567 1311 ὡς
2596 1245 2647 1299 oi
2683 1248 2740 1299 ιν
2780 1246 2848 1315 τῇ
2879 1241 3085 1311 πεδινῇ.
3119 1237 3391 1308 Μακάριοι
3429 1238 3478 1289 oi
3525 1234 3841 1304 σπείροντες

2274 1340 2367 1391 ὲπὶ
2391 1339 2499 1391 πᾶν
2528 1336 2693 1405 ὕδωρ,
2718 1325 2780 1387 οὗ
2815 1332 2942 1404 βοῦς
2972 1331 3067 1385 καὶ⁵
3107 1329 3228 1392 ὄνος
3274 1327 3454 1381 πατεῖ.
3481 1344 3501 1377 ι
3536 1322 3839 1395 Μακαρίζει

2271 1426 2329 1480 δὲ
2364 1427 2452 1481 διά
2482 1425 2685 1480 τούτων
2714 1424 2841 1487 τοὺς
2880 1419 3207 1482 ἀποστόλους
3245 1416 3340 1471 τοῦ
3380 1414 3629 1486 Σωτῆρος
3658 1412 3837 1484 ἡμῶν,

2272 1518 2369 1570 καὶ
2412 1518 2538 1581 τοὺς
2582 1516 2827 1589 πρώτους
2871 1513 3116 1584 κήρυκας
3164 1508 3259 1562 τοῦ
3309 1506 3661 1577 Εύαγγελίου,
3710 1506 3840 1567 τοὺς

2272 1608 2367 1662 καὶ
2400 1606 2667 1668 Ἰουδαίοις
2693 1604 2788 1658 καὶ
2816 1601 3039 1673 Ἕλλησι
3066 1598 3427 1671 κηρύξαντας,
3462 1595 3556 1650 καὶ
3583 1594 3677 1648 τὸν
3707 1594 3842 1647 σπό-

2275 1715 2367 1770 ρον
2435 1696 2611 1751 αὐτῶν
2682 1690 3149 1763 καταϐαλομένους
3208 1688 3302 1741 ἐπὶ
3374 1687 3552 1740 πάντα
3625 1683 3839 1755 ἀνθρω-

2275 1806 2377 1843 πον
2416 1786 2669 1841 ἰουδαῖόν
2696 1802 2756 1837 τε
2789 1783 3003 1855 πρῶτον
3047 1779 3139 1834 καὶ
3160 1779 3395 1850 Ἕλληνα
3414 1794 3428 1807 ο
3464 1776 3589 1847 βοῦς
3612 1777 3721 1847 γάρ
3749 1774 3842 1830 διά

623 1927 689 1967 ex
722 1906 1152 1969 circumcisione,
1188 1911 1398 1971 patrum
1440 1912 1659 1954 suorum
1706 1910 1886 1959 caiisa,
1916 1904 2169 1959 vocatur;

2275 1882 2399 1944 τοὺς
2444 1879 2716 1951 πατέρας,
2774 1875 2971 1929 ὡσανεὶ
3016 1872 3253 1944 καθαρὸν
3299 1870 3455 1935 ζῶον,
3498 1872 3528 1923 ὁ
3566 1870 3632 1923 ὲκ
3678 1884 3839 1941 περι-

622 2001 808 2064 asinus
827 2007 1026 2062 autem,
1042 2002 1225 2065 utpote
1244 1992 1509 2060 impurus,
1528 1990 1721 2044 dicitur
1747 1987 1974 2057 populus
1997 2000 2065 2039 ex
2089 1998 2181 2054 pa-

624 2090 795 2144 tribus
818 2087 1105 2144 idololatris
1140 2079 1743 2154 progenitus.Quoniam
1790 2078 1952 2147 igitur
1995 2077 2048 2131 in
2084 2074 2179 2131 lu-

621 2180 1027 2250 dieosprimum,
1046 2169 1239 2231 deinde
1268 2174 1319 2227 in
1348 2170 1567 2228 Graecos
1597 2170 1964 2239 evangelicum
1991 2183 2177 2223 semen

621 2270 845 2340 apostoli
892 2268 1186 2325 Salvatoris
1226 2264 1395 2320 nostri
1418 2261 1720 2332 iaciebant;
1762 2260 1887 2330 jure
1929 2259 2173 2314 dicitur:

625 2382 647 2418 ι
672 2366 863 2420 Beatus
878 2364 968 2434 qui
988 2362 1218 2418 seminat
1244 2372 1629 2429 superomnem
1656 2370 1868 2424 aquam,
1891 2354 1977 2408 ubi
2005 2354 2102 2408 bos
2122 2364 2177 2408 et

622 2462 802 2513 asinus
832 2458 1058 2513 calcant.
1092 2476 1109 2507 ι
1145 2455 1241 2511 llic
1287 2468 1449 2525 porro
1500 2466 1598 2521 per
1639 2465 1833 2521 aquam
1872 2448 2177 2503 subindicat

624 2552 857 2605 divinam
893 2551 1246 2618 Scripturam,
1277 2546 1447 2616 quanta
1478 2543 1780 2599 Judaeorum
1808 2550 1863 2597 et
1894 2540 2171 2611 gentilium

623 2645 816 2714 papqu
850 2643 1103 2697 calcatur.

1123 2730 1349 2787 CAPUT
1389 2728 1628 2786 XXXIII.

690 2826 854 2881 Vens.
892 2829 944 2881 l.
980 2843 999 2877 ι
1031 2826 1118 2879 Va:
1160 2826 1226 2879 iis
1272 2825 1361 2893 qui
1402 2838 1498 2877 vos
1538 2822 1763 2876 miseros
1812 2818 2034 2885 faciunt,
2075 2819 2172 2874 sed

621 2932 777 2971 nemo
812 2908 915 2972 vos
936 2918 1163 2971 miseros
1194 2916 1362 2970 facit:
1392 2924 1445 2968 et
1474 2916 1565 2983 qui
1610 2913 1860 2982 reprobat
1904 2928 2021 2978 vos,
2067 2926 2172 2967 non

620 3008 1220 3076 reprobatzcapientnr
1263 3005 1613 3074 reprobantes
1662 3016 1717 3059 et
1762 3006 2060 3071 tradentur,
2118 3014 2173 3059 et

618 3098 772 3166 quasi
806 3099 949 3152 tinea
996 3099 1049 3152 in
1099 3096 1441 3161 vestimento,
1477 3097 1552 3150 sic
1583 3098 1993 3164 superabuntur.
2023 3116 2043 3149 ι
2079 3095 2173 3153 llis

620 3188 926 3243 consimilia
962 3199 1087 3241 sunt
1137 3203 1221 3251 ea,
1253 3188 1404 3256 queis
1444 3186 1694 3242 Salvator
1726 3189 2015 3256 discipulos
2046 3204 2171 3243 suos

621 3280 1035 3348 alloquebatur:
1073 3298 1091 3330 ι
1122 3278 1223 3344 Qui
1264 3294 1359 3334 vos
1403 3281 1629 3348 spernit,
1678 3296 1763 3334 me
1806 3281 2035 3347 spernit,
2063 3298 2083 3333 ι
2116 3293 2171 3336 et

619 3388 715 3426 vos
767 3386 870 3427 non
927 3371 1202 3433 Iadimini,
1249 3380 1322 3433 et,
1364 3358 1519 3439 «qui
1550 3386 1636 3426 me
1688 3374 1915 3440 spernit,
1967 3374 2171 3440 spernit

617 3477 760 3524 eum,
790 3462 877 3529 qui
909 3462 1054 3514 misit
1079 3475 1162 3513 me
1183 3462 1244 3513 ⁸ο.
1274 3480 1292 3513 ›
1326 3461 1456 3514 Nam
1500 3476 1621 3515 cum
1661 3464 1785 3527 dno,
1818 3473 1877 3516 ut
1906 3464 2167 3534 quispiam

617 3554 832 3613 dixerit.
862 3552 912 3605 in
944 3562 1179 3621 tempore
1210 3554 1594 3622 persecutionis
1616 3556 1832 3609 ordines
1858 3556 1995 3620 sint,
2030 3557 2169 3613 alius

617 3647 912 3714 agentium,
945 3646 1259 3715 patientium
1293 3646 1459 3711 alius;
1492 3648 1676 3703 beatus
1703 3661 1788 3705 est
1821 3651 1911 3719 qui
1947 3652 2165 3719 patitur,

616 3737 709 3790 sed
763 3750 864 3790 non
914 3737 1056 3805 agit;
1107 3735 1294 3790 infelix
1330 3752 1456 3793 vero
1484 3739 1572 3807 qui
1602 3741 1730 3811 agit,
1758 3743 1850 3795 sed
1912 3758 2015 3797 non
2079 3758 2169 3811 pa-

619 3827 771 3878 titur.
1222 3872 1225 3873 ν

687 3915 850 3971 Vsus.
889 3917 944 3972 Ω.
990 3937 1007 3969 ι
1036 3917 1281 3983 Domine,
1316 3919 1589 3978 miserere.
1620 3922 1813 3986 nostri,
1855 3921 1908 3975 in
1940 3930 1991 3976 te
2017 3923 2162 3977 enim

616 4007 955 4067 confidimus.
1002 4008 1222 4063 Factum
1284 4020 1370 4065 est
1424 4024 1609 4065 semen
1660 4010 2059 4067 incredulorum
2110 4014 2163 4067 in

616 4096 1007 4165 perditionem;
1042 4099 1185 4154 salus
1214 4110 1392 4155 autem
1422 4111 1602 4156 nostra
1631 4102 1683 4155 in
1714 4111 1951 4171 tempore
1997 4104 2165 4159 tribu-

615 4187 851 4240 lationis.
879 4206 899 4239 ›
935 4186 1012 4241 Ex
1036 4203 1261 4255 persona
1287 4191 1647 4259 apostolorum
1676 4193 1980 4248 orationem
2008 4191 2166 4248 emit-

617 4278 685 4330 tit
720 4292 733 4326 :
762 4291 948 4331 eorum
979 4280 1176 4346 quippe
1200 4287 1405 4343 semen,
1433 4281 1523 4347 qui
1552 4282 1871 4350 evangelicae
1902 4284 2165 4351 praedica-

611 4367 745 4420 tioni
791 4381 896 4420 non
940 4369 1309 4434 crediderunt,
1341 4369 1595 4438 perniciei
1629 4364 1877 4424 traditum
1909 4384 1993 4427 est
2022 4390 2034 4425 :
2064 4389 2163 4427 no-

610 4468 721 4511 stra
766 4470 895 4511 vero
943 4458 1086 4513 salus
1130 4468 1184 4511 tu
1232 4460 1347 4527 ipse
1394 4475 1474 4524 es,
1503 4474 1536 4515 ο
1577 4459 1825 4527 Domine,
1872 4462 1963 4531 qui
2009 4464 2161 4519 nobis

619 4550 747 4602 ades
770 4549 821 4601 in
864 4558 1101 4618 tempore
1128 4550 1511 4606 tribulationis.

682 4639 843 4692 Vsus.
893 4640 945 4693 5.
991 4658 1009 4690 ι
1040 4637 1266 4714 Prqpter
1296 4654 1482 4695 vocem
1539 4641 1751 4697 timoris
1814 4642 1887 4696 tui
1943 4644 2158 4699 sedibus

612 4730 740 4783 moti
790 4739 911 4783 sunt
945 4729 1125 4797 populi
1176 4744 1205 4783 a
1260 4731 1449 4786 timore
1488 4742 1596 4796 tuo,
1636 4744 1690 4786 et
1729 4733 1985 4802 dispersa:
2036 4746 2161 4789 sunt

611 4830 852 4889 gentes.»
894 4820 947 4875 Id
994 4820 1187 4875 dicitur
1233 4822 1298 4875 de
1348 4822 1416 4875 iis
1455 4824 1547 4890 qui
1577 4838 1745 4878 sacrm
1792 4826 2155 4893 pnndicationi

609 4912 767 4964 fidem
818 4926 921 4964 non
969 4912 1294 4967 habuerunt.
1349 4912 1627 4980 Significat
1688 4926 1863 4968 autem
1924 4914 2157 4971 Iudaica:

608 5003 777 5071 gentis
826 5003 1180 5069 obsidionem,
1232 5013 1284 5059 et
1337 5006 1499 5073 quod,
1552 5006 1840 5075 ingruente
1893 5008 2020 5077 ipsis
2068 5010 2157 5062 Ιιο·

606 5094 767 5145 stium
801 5094 1161 5160 multitudine,
1193 5112 1260 5149 ex
1292 5106 1433 5151 terra
1459 5111 1553 5150 sua
1586 5098 1744 5166 pulsi,
1777 5108 1831 5155 et
1862 5101 2002 5155 inter
2034 5117 2158 5171 gen-

611 5196 686 5237 tes
719 5184 951 5251 dispersi
981 5186 1109 5238 sint.

678 5271 839 5327 Vens.
888 5273 941 5326 4.
1004 5273 1197 5328 «Nunc
1244 5284 1420 5329 autem
1474 5279 1940 5347 congregabuntur
1989 5280 2156 5349 spolia

605 5374 804 5430 vestra,
834 5365 981 5434 parvi
1019 5376 1073 5418 et
1117 5367 1322 5435 magni,
1356 5376 1609 5434 tanquam
1638 5368 1681 5423 si
1717 5368 1835 5435 quis
1870 5379 2157 5440 congreget

607 5453 862 5519 Iocustas.
890 5457 967 5510 sic
992 5456 1221 5511 illudent
1244 5458 1414 5512 vobis.
1438 5476 1456 5509 ι
1486 5457 1579 5512 His
1612 5474 1771 5528 quam
1799 5460 2067 5517 invalidus
2099 5474 2154 5518 et

606 5558 764 5612 quam
795 5558 1100 5617 erpugnatu
1130 5546 1303 5601 facilis
1330 5547 1583 5603 Iudaicus
1612 5552 1834 5619 populus
1879 5562 2021 5607 esset
2061 5553 2156 5607 de-

607 5634 775 5689 clarat
802 5651 816 5687 :
848 5651 908 5690 ac
935 5638 1325 5693 multitudinem
1352 5654 1537 5693 eorum
1570 5640 1791 5697 locustis
1812 5658 2153 5713 comparans,

2274 1978 2447 2047 τομῆς
2472 1974 2598 2037 λαὸς
2631 1972 2970 2043 ὠνόμασταιο
3006 1968 3126 2031 ὄνος
3156 1966 3231 2031 δὲ,
3273 1963 3470 2018 ὡσανεὶ
3499 1962 3837 2033 ἀκάθαρτος,

2274 2068 2304 2119 ὁ
2328 2067 2391 2118 ὲκ
2420 2064 2667 2134 πατέρων
2696 2056 3091 2129 είδωλολατρῶν
3122 2056 3269 2119 λαός.
3313 2054 3465 2107 Ἐπεὶ
3491 2052 3667 2106 τοίνυν
3706 2052 3839 2105 ’1ου-

2274 2156 2441 2219 δαίοις
2461 2155 2711 2226 πρώτως,
2743 2152 2931 2205 ἔπειτα
2948 2147 3171 2219 Ἕλλησι
3207 2146 3298 2199 τὸν
3330 2143 3680 2213 εύαγγελικὸν
3705 2160 3841 2196 aut-

2274 2248 2556 2302 εδάλλοντο
2612 2246 2813 2317 σπόρον
2844 2245 2893 2297 οἱ
2921 2241 3014 2296 τοῦ
3044 2240 3297 2311 Σωτῆρος
3334 2238 3368 2308 ἡ
3378 2236 3493 2308 μῶν
3529 2232 3837 2300 ἀπόστολοι,

2274 2338 2496 2401 εἰκότως
2544 2337 2787 2409 εἴρηταιο
2844 2354 2862 2387 ι
2892 2333 3174 2403 Μακάριος
3222 2330 3251 2383 ό
3298 2326 3536 2399 σπείρων
3587 2326 3681 2379 ἐπὶ
3728 2326 3839 2379 πᾶν

2274 2430 2435 2500 ὕδωρ,
2472 2422 2534 2483 οὖ
2578 2427 2703 2499 βοῦς
2734 2428 2829 2481 καὶ
2869 2425 2989 2488 ὄνος
3024 2424 3202 2477 πατεῖ.
3230 2441 3248 2473 ι
3283 2420 3468 2491 ’Υδωρ
3498 2418 3556 2472 δὶ
3600 2415 3836 2470 ἐνταῦθα

2271 2518 2487 2589 ᾐνίξατο
2515 2516 2613 2589 τὴν
2641 2516 2991 2569 θεόπνευστον
3020 2511 3263 2583 Γραφὴν,
3307 2509 3413 2564 ὑπὸ
3448 2506 3717 2563 Ἰουδαίων
3742 2504 3839 2560 καὶ

2271 2609 2365 2663 τοῦ
2391 2608 2450 2674 εξ
2475 2606 2643 2662 ἐθνῶν
2671 2606 2799 2660 λαοῦ
2830 2604 3192 2675 πατουμένην.

2777 2693 3172 2750 ΚΕΦΑΛΑῙΟΝ
3210 2691 3310 2746 AI"
3318 2700 3349 2746 .‘

2346 2810 2366 2845 ι
2393 2790 2528 2845 Οὐαὶ
2557 2792 2668 2852 τοῖς
2701 2782 3137 2858 ταλαιπωροῦσιν
3165 2784 3308 2854 ὑμᾶς
3328 2821 3343 2847 ,
3386 2780 3531 2852 ὑμᾶς
3574 2777 3633 2833 δὲ
3663 2775 3835 2842 οὐδεὶς

2271 2882 2412 2934 ποιεῖ
2442 2878 2842 2947 ταλαιπώρους’
2890 2874 2985 2927 καὶ
3020 2876 3048 2925 ὁ
3075 2872 3283 2925 ἀθετῶν
3317 2871 3461 2939 ὑμᾶς
3494 2866 3594 2921 οὐκ
3620 2865 3831 2921 ἀθετεῖ·

2271 2970 2570 3025 ἁλώσονται
2601 2969 2651 3022 οί
2701 2964 3015 3027 ἀθετοῦντες
3066 2964 3158 3016 καὶ
3209 2960 3691 3033 παραδοθήσονται,
3739 2958 3836 3013 καὶ

2269 3061 2344 3123 ὡς
2382 3058 2478 3130 σὴς
2520 3058 2605 3127 ἐφ’
2632 3057 2870 3127 ἱματίου,
2909 3054 3077 3118 οὕτως
3109 3054 3517 3124 ὴττηθήσονταο.
3544 3070 3565 3102 ι
3614 3048 3833 3115 Τούτοις

2268 3148 2473 3216 ἀδελφά
2498 3147 2753 3216 τυγχάνει
2780 3143 2848 3197 τά
2878 3143 2945 3196 δι’
2971 3136 3045 3195 ὧν
3080 3146 3109 3195 ὁ
3136 3141 3323 3213 Σωτὴρ
3353 3143 3466 3204 τοῖς
3506 3138 3697 3193 ἑαυτοῦ
3731 3156 3835 3209 μα·-

2195 3250 2237 3305 c
2271 3240 2459 3309 θηταῖς
2501 3237 2714 3305 ἔλεγεν·
2757 3255 2775 3287 ε
2811 3236 2869 3289 Ὀ
2898 3234 3042 3303 ὑμᾶς
3068 3232 3274 3286 ἀθετῶν
3315 3233 3416 3303 ipa
3458 3227 3659 3297 ἀθετεῖ,
3682 3249 3701 3282 ι
3738 3230 3834 3284 καὶ

2268 3330 2367 3382 οὑκ
2417 3328 2683 3381 ἀδικεῖσθε
2734 3327 2919 3396 ὑμεῖς,
2956 3324 3079 3387 καὶ,
3114 3342 3133 3375 r
3166 3324 3226 3377 '0
3255 3323 3356 3391 ἐμὲ
3399 3322 3606 3378 ἀθετῶν
3650 3322 3834 3384 ἀθετεῖ

2267 3420 2359 3471 τὸν
2405 3416 2793 3471 ἀποστείλαντά
2833 3432 2920 3486 με.
2944 3433 2961 3467 ι
3000 3414 3102 3467 Δύο
3154 3416 3260 3485 γὰρ
3302 3415 3469 3469 ὄντων
3512 3415 3830 3484 ταγμάτων,

2268 3511 2343 3573 ὡς
2385 3511 2449 3563 ἂν
2493 3509 2634 3561 εῖποι
2658 3525 2775 3574 τις,
2816 3506 2957 3561 κατὰ
2995 3508 3121 3570 τοὺς
3148 3508 3372 3578 καιροὺς
3419 3507 3527 3559 τῶν
3555 3506 3831 3577 διωγμῶν,

2265 3598 2371 3651 τῶν
2405 3598 2503 3668 μὲν
2536 3596 2802 3668 δρώντων,
2844 3595 2953 3649 τῶν
2987 3595 3044 3648 δὲ
3091 3595 3423 3664 πασχόντων,
3472 3596 3737 3667 μακάριος
3766 3596 3833 3648 ἀδ

2266 3690 2351 3761 εἴη
2382 3692 2409 3741 ὁ
2436 3690 2679 3759 πάσχων,
2708 3689 2843 3743 ἀλλά
2873 3687 2949 3757 μὴ
2973 3686 3141 3757 δρῶν·
3172 3687 3354 3752 ἄθλιος
3380 3688 3435 3742 δὲ
3457 3692 3487 3743 ὁ
3508 3689 3669 3760 δρῶν,
3696 3686 3831 3741 ἀλλά

2271 3779 2345 3849 μὴ
2378 3778 2621 3847 πάσχων.
3364 3782 3389 3809 ⁸

2342 3952 2360 3984 ι
2392 3928 2583 4004 Κύριε,
2614 3934 2835 4004 ἐλέησον
2868 3938 3047 4006 ἡμᾶς’
3080 3934 3173 3989 ἐπὶ
3202 3933 3286 3987 σοὶ
3331 3932 3439 4003 γάρ
3468 3930 3825 4001 πεποίθαμεν.

2278 4023 2533 4095 Ἐγενήθη
2559 4023 2620 4077 τὸ
2646 4026 2864 4095 σπέρμα
2893 4026 3001 4079 τῶν
3021 4024 3389 4078 ἀπειθούντων
3419 4025 3498 4087 είς
3524 4021 3795 4075 ἀπώλειαν
3811 4040 3825 4051 ο

2264 4116 2381 4184 ἡδὲ
2420 4116 2659 4187 σωτηρία
2701 4115 2855 4185 ⁴ἡμῶν
2892 4119 2950 4169 ὲν
2980 4116 3154 4187 καιρῷ
3197 4114 3446 4185 θλίψεως.
3482 4133 3500 4164 ο
3548 4113 3641 4166 Ἐκ
3669 4129 3829 4183 προσ-

2264 4205 2412 4259 ώπου
2458 4206 2566 4259 τῶν
2612 4208 2922 4261 ἀποστόλων
2971 4209 3072 4278 τὴν
3122 4208 3286 4278 εὐχὴν
3332 4207 3677 4277 ἀναπέμπει·
3718 4205 3829 4257 τῶν

2267 4296 2364 4366 μὲν
2409 4296 2517 4368 γάρ
2556 4297 2962 4367 ἀπειθησάντων
3010 4298 3087 4369 τῷ
3131 4296 3468 4367 εὐαγγελικῷ
3513 4295 3827 4366 κηρύγματι

2262 4385 2323 4437 τὸ
2354 4387 2571 4457 σπέρμα
2601 4385 2867 4457 παρεδόθη
2898 4387 3169 4459 ἀπωλείᾳο
3204 4386 3359 4459 ἡμῶν
3395 4386 3453 4439 δὲ
3490 4385 3731 4456 σωτηρία
3760 4385 3826 4437 σὺ

2262 4477 2418 4541 αὐτὸς
2470 4479 2784 4548 τυγχάνεις,
2821 4473 2867 4531 ὦ
2911 4479 3103 4549 Κύριε,
3152 4480 3551 4550 παριστάμενος
3598 4480 3729 4549 ἡμῖν
3769 4481 3826 4532 ὲν

2198 4580 2241 4634 ι)
2270 4568 2446 4641 καιρῷ
2470 4568 2721 4638 θλίψεως.

2336 4678 2355 4709 ι
2382 4659 2477 4713 Διά
2504 4662 2688 4732 φωνὴν
2727 4660 2823 4714 τοῦ
2866 4660 3032 4729 φόὸου
3072 4676 3165 4713 σου
3217 4660 3516 4732 ἐξέστησαν
3561 4660 3679 4713 λαοὶ
3718 4660 3826 4713 ἀπὸ

2262 4749 2352 4803 τοῦ
2382 4751 2545 4818 φόϐου
2572 4769 2685 4815 σου,
2711 4752 2805 4805 καὶ
2832 4750 3198 4821 διεσπάρησαν
3225 4752 3295 4805 τά
3325 4750 3453 4820 ἔθνη
3473 4768 3486 4781 ·
3509 4768 3528 4802 ι
3565 4752 3692 4822 περὶ
3718 4753 3825 4806 τῶν

2262 4842 2669 4912 ἀπιστησάντων
2706 4844 2783 4913 τῷ
2828 4842 2957 4913 ἱερῷ
2994 4844 3324 4915 κηρύγματι,
3357 4844 3615 4914 Σημαίνει
3645 4845 3703 4897 δὲ
3729 4844 3824 4914 τὴν

2263 4931 2569 5003 πολιορκίαν
2614 4934 2708 4986 τοῦ
2742 4935 3006 4989 Ἰουδαίων
3048 4933 3258 4999 ἔθνους,
3302 4936 3397 4989 καὶ
3430 4937 3507 4999 ὥς
3552 4936 3821 5005 πολυπλη-

2262 5019 2408 5084 θείας
2463 5022 2734 5092 πολεμίων
2784 5022 3112 5095 ἐπελθούσης
3155 5026 3337 5088 αὐτοῖς
3384 5023 3679 5095 ἐξέστησαν
3726 5026 3824 5095 τῆς

2261 5112 2465 5166 ἑαυτῶν
2501 5115 2622 5184 γῆς,
2650 5114 2741 5167 καὶ
2764 5114 3247 5188 διεσκορπίσθησαν
3270 5120 3349 5180 είς
3371 5118 3440 5170 τά
3466 5118 3611 5189 ἔθνη.

2332 5306 2354 5340 ε
2393 5290 2505 5343 Νῦν
2548 5292 2604 5345 δὲ
2662 5292 3046 5365 συναχθήσεται
3078 5296 3146 5350 τά
3198 5298 3368 5353 σκύλα
3405 5298 3577 5369 ὑμῶν,
3626 5299 3822 5371 μικροῦ

2261 5380 2352 5431 καὶ
2386 5382 2640 5449 μεγάλου,
2679 5383 2739 5437 ὃν
2770 5384 2972 5455 τρόπον
2996 5388 3094 5441 ὲάν
3132 5406 3217 5452 τις
3252 5389 3542 5462 συναγάγῃ.
3575 5389 3823 5461 ἀκρίδας,

2258 5468 2427 5533 οὕτως
2471 5472 2825 5541 ἐμπαίξουσιν
2855 5477 3045 5547 ὑμῖν.»
3089 5480 3163 5532 Τὸ
3211 5480 3532 5551 εὐχείρωτον
3568 5481 3662 5534 καὶ
3699 5482 3823 5535 εύά-

2258 5556 2423 5611 λωτον
2469 5561 2562 5614 τοῦ
2605 5564 2868 5620 Ἰουδαίων
2912 5568 3042 5623 λαοῦ
3075 5569 3373 5641 παριστὰς,
3403 5570 3484 5631 τό.
3513 5588 3571 5625 τε
3622 5570 3824 5641 πλῆθος

2259 5649 2433 5705 αὐτῶν
2466 5652 2654 5724 ἀκρίσι
2684 5658 3062 5727 παραϐάλλων.
3102 5661 3353 5732 σημαίνει
3382 5661 3455 5726 ὡς
3481 5663 3542 5724 oi,
3571 5661 3823 5733 πολέμιοι

679 5821 721 5854 ⁸⁷
748 5822 863 5879 Gal.
898 5838 970 5891 tv,
1000 5824 1086 5881 26.
1165 5829 1207 5861 ³⁸
1232 5827 1498 5900 Joanmv,
1526 5829 1580 5885 2.
1655 5830 1700 5864 ³⁸
1727 5831 1913 5891 Matth.
1945 5850 2016 5905 γι,
2053 5835 2136 5892 I9.

2278 5836 2406 5896 Luc.
2442 5856 2495 5908 ιι,
2527 5842 2608 5897 Ili.
