4100 6426
169 421 276 476 325
1115 422 1489 482 (ΞΟΙΙΕΝΤΑ
1499 425 1611 482 RIA
1653 424 1718 480 IN
1758 423 1770 478 Ι

1874 423 2011 480 IAII.
2054 456 2121 466 —
2159 419 2314 475 CAP.
2355 416 2591 474 XXXIII.
3358 422 3464 476 326

168 535 288 587 ἀντὶ
337 535 619 600 παιγνίω
665 535 855 598 αὐτοὺς
905 535 1142 603 ἓξουσιν,
1181 539 1245 593 οὐ
1295 540 1454 612 μόνον
1497 543 1567 596 τὰ
1616 542 1770 598 σκύλε

1888 542 2165 610 signiticat
2188 541 2338 609 ipsos
2370 538 2438 591 ab
2463 533 2704 590 inimicis
2734 533 2969 590 ludibrio
2997 533 3277 592 habendos
3296 551 3420 591 esse
3446 553 3460 588 :

171 621 356 676 αὐτῶν
398 625 808 697 διαρπάξοντες
846 627 1046 698 μικροῦ
1086 631 1180 684 καὶ
1218 632 1474 702 μεγάλου,
1509 634 1643 689 ἀλλά
1689 637 1770 689 καῚ

1888 633 1981 703 qui
2010 646 2116 687 non
2145 630 2308 686 modo
2347 639 2454 684 tam
2478 627 2658 697 parvi,
2689 639 2853 695 quam
2893 627 3073 696 magni
3105 641 3292 681 eorum
3337 641 3466 697 spo-

165 713 355 776 αὐτοῖς
396 714 798 786 ἐμπαίζοντες.
827 715 1012 771 Ταῦτα
1049 720 1176 790 περὶ
1216 721 1422 794 τούτων
1460 724 1649 790 εἰπὼν,
1683 744 1781 797 με-

166 806 424 890 ταϐαίνει
457 808 562 860 ἐπὶ
592 806 656 859 τὸ
682 806 863 876 τάγμα
888 808 988 879 τῆς
1013 809 1110 863 τοῦ
1142 811 1277 865 Θεοῦ
1320 813 1665 887 Ἐκκλησίας,
1692 820 1778 890 ἐφ’

165 888 210 962 ᾧ
239 897 338 949 καὶ
360 895 599 962 δοξάζει
622 896 712 948 τὸν
742 895 873 950 Θεὸν
903 897 1078 967 λέγων
1097 918 1111 931 ο

241 1005 261 1037 ‹
297 988 507 1056 ’Δγιος
532 987 566 1038 6
599 986 734 1050 Θεὸς
755 988 784 1040 6
811 990 1082 1044 κατοικῶν
1111 993 1173 1044 ιν
1194 992 1446 1064 ὑψηλοῖς·
1474 997 1778 1072 ινεπλήσθη

169 1075 310 1128 Σιὼν
366 1077 624 1149 κρίσεως
673 1076 768 1130 καὶ
819 1077 1186 1152 δικαιοσύνης.
1215 1103 1234 1133 ι
1289 1083 1523 1156 Νοήσεις
1569 1089 1626 1142 δὲ
1679 1090 1780 1161 τὴν

169 1166 314 1222 Σιὼν
367 1168 489 1222 ἀπὸ
534 1167 636 1220 τοῦ
699 1167 950 1236 λέγεσθαι
1003 1172 1238 1243 κρίσεως
1292 1176 1388 1229 καὶ
1432 1177 1779 1252 δικαιοσύνης

170 1257 589 1330 πεπληρῶσθαι
625 1258 814 1329 αὐτήν.
858 1260 945 1312 Ἐν
977 1261 1038 1314 δὲ
1077 1266 1190 1327 τοῖς
1230 1261 1488 1338 ἀνωτέρω
1525 1269 1774 1336 ἐλέγετο·

175 1366 194 1399 ι
222 1349 338 1401 Καὶ
367 1349 756 1403 ἀναπαύσεται
790 1353 849 1403 ὲν
876 1355 942 1423 τῇ
986 1353 1180 1425 ἐρήμῳ
1223 1359 1398 1428 κρῖμα
1441 1360 1535 1412 καὶ
1576 1359 1779 1415 δικαιο-

173 1436 330 1509 σύνη.
362 1459 385 1490 ι
427 1441 547 1512 Τὴν
595 1441 850 1513 ἀνωτέρω
891 1445 1070 1498 τοίνυν
1121 1446 1326 1518 ἔρημον
1381 1445 1779 1524 ὠνομασμένην

171 1525 268 1580 νῦν
303 1529 454 1582 Σιὼν
483 1531 780 1598 ἀποκαλεῖ,
825 1534 968 1588 οὕτω
999 1537 1097 1608 τὴν
1145 1539 1466 1611 Ἐκκλησίαν
1508 1542 1605 1596 τοῦ
1640 1545 1778 1598 Θεοῦ

174 1621 489 1704 σημαίνων.
518 1621 671 1692 Αὕτη
726 1624 832 1694 γὰρ
874 1620 942 1696 ἦν
972 1629 1004 1697 ή
1036 1628 1201 1682 πάλαι
1248 1630 1472 1701 ἔρημος.
1516 1629 1638 1706 ινῇ
1682 1636 1778 1688 ἀν-

171 1711 459 1764 επαύσατο
502 1715 680 1784 κρῖμα
719 1716 811 1768 καὶ
855 1715 1166 1791 δικαιοσύνη
1188 1737 1200 1749 ·
1230 1721 1310 1774 διὸ
1341 1724 1434 1776 καὶ
1475 1723 1779 1794 εὐλογεῖται

172 1800 267 1907 νῦν
304 1803 336 1855 6
389 1801 568 1868 Θεὸς,
615 1804 696 1857 ὅτι
755 1806 1060 1879 ἐνεπλήσθη
1125 1811 1359 1881 κρίσεως
1417 1815 1510 1867 καὶ
1567 1815 1777 1869 δικαιο-

174 1908 369 1966 συνης.

247 2004 267 2034 r
311 1987 406 2039 ἐν
436 1987 594 2058 νόμῳ
645 1990 1133 2062 παραδοθήσονται,
1176 1995 1234 2046 ὲν
1270 1995 1630 2069 θησαυροῖςή
1679 2015 1784 2052 σω-

171 2076 341 2146 τηρία
390 2077 558 2146 ὴμῶν
580 2094 593 2107 ι
626 2078 741 2130 ἐκεῖ
772 2079 929 2149 σοφία
961 2081 1062 2133 καὶ
1093 2084 1372 2154 ἐπιστήμη
1407 2087 1501 2138 καὶ
1530 2085 1782 2138 εὐσέϐεια

174 2168 314 2238 πρὸς
348 2169 444 2222 τὸν
481 2169 706 2241 Κύριον.
731 2163 886 2225 O'trroi
911 2173 1027 2226 είσι
1069 2173 1334 2247 θησαυροὶ
1375 2178 1775 2248 δικαιοσύνης.»

174 2261 348 2332 Νόμῳ
379 2263 493 2332 γάρ
513 2303 528 2326 ,
557 2263 754 2334 δηλαδὴ
783 2265 1154 2336 εὐαγγελικῷ,
1211 2268 1260 2321 οἶ
1285 2269 1400 2338 (ιο)
1437 2271 1494 2322 ἐν
1524 2274 1590 2340 τῇ
1620 2273 1773 2341 κοινῇ

170 2350 348 2422 ταύτῃ
400 2350 543 2403 Σιὼν
575 2352 945 2424 παρεδόθησαν
966 2370 980 2383 ·
1017 2354 1076 2406 ὲν
1113 2355 1295 2408 ἐλπίσι
1325 2356 1430 2426 γὰρ
1458 2361 1569 2421 τοῖς
1601 2358 1780 2426 ἁγίοις

175 2441 462 2494 ἀπόκειται
521 2440 592 2494 τὰ
635 2440 828 2509 ἀγαθά.
878 2442 1063 2506 Ποίοις
1113 2442 1172 2495 δὲ
1233 2443 1532 2514 θησαυροῖς
1589 2447 1622 2516 ἢ
1661 2450 1773 2510 τοῖς

177 2533 570 2602 ἀποκειμένοις
593 2534 650 2584 ὲν
674 2532 915 2603 οὐρανοῖς
939 2551 954 2598 ἶ

319 2625 453 2676 ’ἰδοῦ
503 2624 563 2677 δὲ
596 2624 653 2676 ὲν
684 2624 760 2693 τῷ
787 2625 934 2695 φόόῳ
985 2625 1140 2695 ὑμῶν
1170 2620 1317 2679 οὗτοι
1352 2627 1774 2696 φοϐηθήσονται,

174 2714 267 2774 οὓς
317 2711 640 2781 ἐφοϐεῖσθε·
678 2711 957 2783 βοήσονται
995 2714 1088 2780 ἀφ’
1135 2712 1311 2782 ὐμῶν.
1339 2732 1356 2762 ι
1401 2712 1586 2766 Ταῦτα
1640 2712 1777 2783 πρὸς

179 2806 302 2867 τοὺς
337 2802 675 2864 ἀποστόλους
727 2802 975 2873 εἴρηται·
1023 2786 1364 2856 ἐπιπεσεῖται
1410 2803 1538 2874 γὰρ,
1587 2805 1774 2873 φησὶν,

178 2897 269 2946 ἐπὶ
305 2896 432 2954 τοὺς
471 2892 736 2955 ἀπίστους
770 2893 798 2944 6
827 2892 1092 2962 ὑμέτερος
1126 2892 1310 2962 φόϐος.

253 3007 270 3036 ι
319 2985 586 3051 ’Λγγελοι
653 2983 1119 3054 ἀποσταλήσονται
1189 2983 1405 3055 πικρῶς
1477 2984 1770 3048 κλαίοντες.

189 3077 683 3146 Ἐρημωθὴσονται
732 3074 840 3146 γὰρ
887 3077 944 3127 αἱ
993 3074 1198 3128 τούτων
1249 3075 1395 3127 ὁδοίο
1429 3077 1706 3129 πέπαυται
1747 3079 1774 3129 6

179 3172 338 3237 .3660;
373 3168 484 3220 τῶν
528 3166 719 3230 ἐθνῶν,
769 3167 863 3220 καὶ
894 3170 928 3238 ἡ
979 3168 1116 3238 πρὸς
1155 3171 1378 3232 τούτους
1411 3169 1640 3239 διαθήκη
1689 3169 1770 3221 αἶ-

1889 724 1958 780 lia
1992 725 2276 794 diripient,
2302 722 2396 778 sed
2434 721 2598 776 etiam
2648 719 2782 790 ipsis
2836 717 3081 772 illudent.
3129 717 3251 772 llaec
3301 733 3468 788 porro

1886 816 1955 871 de
2011 816 2078 870 iis
2133 815 2365 874 locutus,
2411 811 2477 864 ad
2523 809 2823 864 Ecclesiam
2867 808 2958 863 Dei
3003 809 3321 878 pertransit,
3371 810 3464 864 ubi

1889 908 2054 962 Deum
2083 905 2169 960 his
2190 902 2373 960 verbis
2399 901 2642 958 celebrat
2669 916 2682 952 :

1960 995 2120 1049 Vens.
2152 994 2206 1049 5.
2251 1012 2271 1044 ι
2299 993 2540 1047 Sanctus
2565 991 2728 1053 Deus.
2749 988 2843 1058 qui
2876 987 3084 1044 babitat
3117 988 3169 1042 in
3195 988 3464 1044 excelsis:

1887 1086 2093 1156 repleta
2120 1096 2204 1141 est
2239 1085 2370 1139 Sion
2412 1081 2620 1153 judicio
2665 1090 2722 1135 et
2763 1080 2996 1149 iustitia.
3023 1097 3042 1130 ι
3084 1079 3216 1134 Sion
3241 1093 3362 1150 quae
3391 1079 3468 1135 sit

1886 1175 1970 1230 vel
2014 1175 2140 1230 inde
2190 1173 2485 1243 intelligas,
2520 1172 2665 1240 quod
2714 1170 2932 1224 dicatur
2975 1168 3126 1223 illam
3161 1167 3372 1238 judicio
3408 1177 3467 1224 et

1880 1264 2093 1334 justitia
2135 1263 2398 1332 repletam
2450 1273 2594 1315 esse.
2633 1257 2896 1327 Superius
2926 1266 3108 1312 autem
3135 1258 3463 1314 dicebatur:

1890 1376 1909 1407 ι
1937 1355 1999 1410 Et
2031 1357 2339 1425 requiescet
2394 1352 2449 1408 in
2509 1355 2724 1405 deserto
2753 1348 3018 1417 judicium
3072 1360 3128 1404 et
3155 1349 3399 1421 justitia.
3438 1369 3460 1404 ι

1885 1446 2016 1500 Eam
2067 1446 2252 1514 igitur,
2306 1457 2428 1513 qua
2467 1444 2716 1509 superius
2751 1441 3024 1496 desertum
3071 1452 3319 1504 vocatur,
3349 1442 3463 1513 jam

1887 1537 2017 1591 Sion
2053 1544 2366 1606 nuncupat;
2411 1545 2574 1604 atque
2603 1537 2675 1586 ita
2712 1531 3008 1588 Ecciesiam
3041 1531 3139 1587 Dei
3168 1533 3460 1604 signiﬁcat.

1887 1624 2012 1682 Hac
2041 1627 2239 1696 quippe
2263 1636 2383 1680 erat
2414 1624 2505 1679 illa
2528 1625 2655 1679 olim
2679 1621 2934 1687 solitudo,
2972 1623 3025 1676 in
3047 1638 3152 1694 qua
3195 1625 3466 1694 requievit

1881 1719 2146 1788 judicium
2189 1728 2246 1772 et
2268 1715 2478 1784 iustitia
2505 1730 2522 1771 :
2546 1717 2900 1786 quamobrem
2953 1730 3097 1771 nunc
3129 1715 3269 1772 Deus
3299 1717 3463 1772 bene-

1883 1810 2104 1874 dicitur,
2129 1808 2256 1878 quia
2282 1806 2485 1877 repleta
2507 1817 2591 1862 est
2607 1807 2818 1877 judicio
2837 1817 2892 1861 et
2907 1806 3138 1874 iustitia.

1955 1987 2121 2043 Vens.
2157 1988 2210 2043 6.
2243 2008 2260 2040 ι
2291 1986 2346 2040 1η
2381 1987 2500 2058 lege
2532 1988 2834 2050 tradentur.
2892 1987 2944 2040 in
2993 1986 3264 2041 thesauris
3310 1985 3460 2041 salus

1884 2089 2073 2134 nostra
2104 2095 2114 2128 :
2145 2079 2256 2134 illic
2306 2079 2574 2148 sapientia
2619 2089 2675 2131 et
2723 2077 2948 2132 scientia
3000 2088 3056 2130 et
3108 2079 3281 2146 pietas
3315 2079 3459 2148 apud

1884 2167 2194 2223 Dominum.
2242 2167 2305 2222 Ili
2347 2177 2472 2222 sunt
2511 2169 2754 2222 thesauri
2782 2168 3027 2236 iustitiae.
3060 2186 3079 2219 ι
3129 2167 3255 2237 Legi
3285 2169 3455 2231 enim,

1881 2261 2130 2316 videlicet
2175 2260 2519 2331 evangelica},
2569 2262 2661 2328 qui
2717 2260 2771 2314 in
2823 2259 2926 2313 hac
2982 2258 3256 2313 communi
3323 2259 3458 2314 Sion

1883 2352 2128 2407 habitant
2160 2353 2345 2405 traditi
2382 2361 2510 2405 sunt
2540 2370 2552 2404 :
2582 2351 2788 2406 sanctis
2842 2353 3042 2420 quippe
3090 2351 3228 2404 bona
3272 2353 3324 2404 in
3362 2366 3459 2420 spe

1883 2444 2162 2497 recondita
2211 2452 2378 2505 sunt;
2421 2442 2476 2495 in
2514 2443 2712 2510 quibus
2735 2452 2915 2495 autem
2944 2439 3235 2504 thesauris,
3264 2440 3366 2493 nisi
3400 2441 3458 2494 in

1882 2531 1947 2586 iis
1969 2533 2059 2602 qui
2090 2533 2141 2586 in
2165 2533 2318 2586 caelis
2343 2540 2469 2585 sunt
2503 2531 2773 2598 repositi?

1953 2626 2114 2679 Vens.
2143 2626 2197 2677 7.
2231 2645 2249 2676 ι
2276 2625 2414 2679 Ecce
2440 2632 2587 2678 certe
2628 2623 2679 2674 in
2719 2622 2910 2674 timore
2962 2631 3148 2677 vestro
3182 2617 3270 2674 isti
3297 2621 3457 2673 time-

1881 2717 2035 2779 bunt,
2081 2730 2216 2783 quos
2269 2713 2543 2767 timebatis
2575 2731 2587 2765 :
2616 2713 2925 2765 clamabunt
2971 2726 2997 2762 a
3043 2711 3218 2764 vobis.
3249 2729 3267 2761 ι
3328 2708 3456 2764 Haec

1880 2807 2137 2877 apostolis
2169 2808 2424 2860 dicuntur
2461 2826 2470 2858 :
2499 2803 2702 2858 incidet
2744 2805 2914 2866 enim,
2963 2803 3060 2867 ait,
3094 2803 3256 2856 timor
3285 2801 3455 2855 vestri

1879 2900 1932 2953 in
1967 2896 2293 2952 incredulos.

1948 2985 2112 3040 Vens.
2143 2988 2198 3050 8,
2231 2987 2283 3039 9.
2319 3004 2336 3036 ι
2360 2982 2550 3053 Angeli
2585 2982 2869 3036 mittentur
2901 2996 3085 3034 amare
3110 2979 3318 3034 ﬂentes.
3351 2980 3455 3034 De-

1879 3089 2137 3134 screntttr
2165 3079 2308 3131 enim
2336 3091 2523 3130 eorum
2556 3076 2655 3129 via:
2690 3093 2702 3126 :
2741 3074 2972 3128 cessavit
3005 3073 3166 3126 timor
3188 3073 3454 3141 gentium,

1877 3186 1930 3228 et
1967 3181 2350 3227 testamentum
2379 3185 2502 3223 cum
2531 3170 2636 3223 illis
2659 3168 2851 3221 initum
2879 3167 3085 3221 tollitur
3116 3183 3129 3218 :
3165 3180 3262 3218 nec
3295 3181 3454 3233 repu-

179 3235 366 3328 ρεται,
419 3257 518 3309 καὶ⁵
578 3256 642 3308 οὐ
705 3257 780 3326 μὴ
840 3235 1126 3327 λογίσησθε
1180 3261 1378 3322 αὐτοὺς
1425 3235 1765 3328 ἀνθρώπους.

1879 3264 2064 3317 tabitis
2098 3276 2194 3315 eos
2258 3261 2526 3314 homines.
2576 3258 2742 3312 Luxit
2797 3267 2981 3319 terra;
3025 3256 3243 3309 erubuit
3291 3255 3451 3308 Liba-

187 3345 522 3416 Ἐπένθησεν
566 3346 600 3414 ή
631 3345 733 3414 γῆ,
782 3346 1024 3416 ᾐσχύνθη
1068 3350 1096 3400 6
1129 3349 1380 3410 Λίϐανος,
1422 3349 1517 3418 ἓλη
1552 3350 1770 3416 ἐγένετο

177 3439 209 3506 ἡ
238 3438 450 3507 Σάρων,
495 3435 709 3506 φανερὰ
739 3435 888 3490 ἔσται
923 3439 956 3507 ἡ
996 3438 1255 3492 Γαλιλαία
1298 3442 1392 3494 κά
1416 3443 1444 3493 6
1481 3441 1718 3512 Χὲρμελ.
1744 3460 1762 3493 ι

186 3528 244 3582 ’0
290 3530 388 3599 μὲν
445 3524 544 3581 οὖν
613 3527 992 3599 φιλάνθρωπος
1049 3531 1182 3594 Θεὸς
1231 3534 1495 3599 ἀγγέλους
1543 3535 1769 3604 εἰρήνης

175 3621 460 3673 ἀπέστειλε
503 3619 645 3689 πρὸς
683 3619 772 3671 τὸν
809 3620 1076 3673 Ἰουδαίων
1121 3622 1272 3686 λαὸν,
1309 3625 1517 3696 πικρῶς
1552 3627 1766 3678 κλαίον-

172 3727 264 3773 τας
303 3712 402 3764 καὶ
432 3711 891 3781 παρακαλοῦντας
934 3713 1301 3777 ὐποδέξασθαι
1344 3716 1440 3786 τὴν
1486 3717 1769 3784 εὐαγγελι-

173 3802 271 3870 κῆν
300 3803 494 3864 αὐτοῖς
541 3803 784 3872 εῐρήνην.
833 3803 990 3856 Ἐπεὶ
1029 3803 1086 3855 δὲ
1127 3805 1228 3857 οὐκ
1260 3805 1504 3869 ἐδέξαντο
1549 3809 1765 3872 αὐτοὺς,

172 3892 421 3962 ἐπιφέρει
453 3893 704 3960 φάσκων·

244 4001 262 4032 ι
291 3983 407 4036 Νῦν
426 3984 831 4052 ἀναστήσομαι,
861 3983 1007 4050 λέγει
1027 3985 1055 4036 6
1072 3985 1299 4055 Κύριος,
1325 3985 1419 4037 νῦν
1444 3987 1765 4056 δοξασθήσο-

173 4090 289 4142 μαι,
307 4074 405 4126 νῦν
422 4073 810 4143 ὐψωθήσομαιο
828 4095 845 4126 t
881 4074 974 4126 τοῦ
1003 4073 1161 4142 λόγου
1190 4077 1560 4146 παριστῶντος
1580 4077 1764 4146 σαφῶς

170 4165 508 4235 ὀφθήσεσθαι
541 4165 634 4216 τὸν
650 4165 780 4216 Θεὸν
796 4165 999 4227 αὐτοῖς.
1034 4166 1155 4218 Τίσι
1179 4167 1233 4220 δὲ
1263 4167 1515 4237 αὐτοῖς,ἦ
1537 4172 1650 4230 τοῖς
1668 4169 1763 4237 θη-

172 4254 500 4321 σαειρίσασιν
513 4253 728 4313 ἑαυτοῖς
743 4253 867 4314 τούς
883 4253 979 4320 τῆς
996 4252 1342 4323 δικαιοσύνης
1357 4257 1559 4325 καὶτῆς
1574 4256 1763 4322 σοφίας

170 4343 512 4413 θησαυρούςς
563 4343 785 4405 Τούτοις
837 4344 966 4413 γὰρ,
1015 4346 1202 4414 φησὶν,
1247 4335 1587 4415 ὀφθήσὸμαι·
1623 4343 1762 4417 ἦσαν

165 4435 221 4488 δὲ
267 4431 414 4489 οὗτοι
460 4436 512 4486 οί
579 4433 818 4504 μαθηταὶ
869 4436 963 4487 καὶ⁵
1028 4435 1316 4489 ἀπόστολοι
1359 4437 1451 4489 τοῦ
1515 4439 1762 4509 Σωτῆρος

168 4527 339 4595 ἡμῶν,
381 4521 466 4588 οἷς
511 4523 625 4593 ἐγὼ
659 4525 757 4594 μὲν
813 4525 1033 4597 ὤφθην⁸
1065 4532 1112 4580 οἰ
1145 4528 1201 4580 δὲ
1242 4530 1474 4598 ἔκραξαν
1508 4532 1758 4594 ἐκτενῶς,
1792 4574 1835 4626 D

165 4615 385 4683 ἄγγελοι
439 4617 596 4677 δντες
643 4616 899 4686 εἰρήνης·
938 4617 1035 4670 6:6’
1069 4621 1164 4671 καὶ
1217 4620 1430 4688 πικρῶς
1491 4621 1760 4676 ἔκλαυσαν

167 4705 395 4774 βοῶντες
426 4709 486 4758 ἐν
525 4707 709 4774 εὐχαῖς
749 4707 982 4772 ἐκτενῶς
1047 4710 1189 4780 ὑπὲρ
1233 4710 1336 4778 τῆς
1371 4712 1642 4774 ἀπωλείας
1665 4715 1758 4766 τοῦ

166 4799 431 4869 προτέρου
486 4789 638 4849 λαοῦ.
681 4794 859 4851 Ἦσαν
901 4800 1009 4869 γὰρ
1059 4804 1108 4853 οἱ
1163 4801 1451 4854 ἀπόστολοι
1502 4805 1595 4854 τοῦ
1644 4805 1756 4856 ἃ»-

162 4891 323 4960 τῆρος
362 4889 525 4958 ἡμῶν
575 4889 832 4956 ἄγγελοι,
874 4891 926 4941 oi
976 4891 1194 4962 πικρῶς
1245 4891 1458 4944 ἔκλαιον
1501 4894 1755 4946 πενθοῦν-

162 4997 280 5044 τες,
319 4980 413 5033 διά
477 4980 540 5032 τὸ
597 4980 671 5050 μὴ
725 4981 1012 5035 πείθεσθαι
1074 4982 1209 5052 μηδὲ
1267 4983 1542 5035 πιστεύειν
1579 4985 1759 5048 αὐτοῖς

161 5073 283 5134 τοὺς
331 5070 407 5124 δι’
451 5069 634 5124 αὐτῶν
684 5071 1059 5142 κεκλημένοδς
1093 5074 1187 5126 ἐπὶ
1233 5073 1332 5142 τὴν
1383 5072 1476 5124 τοῦ
1519 5076 1755 5146 Χριστοῦ

161 5163 401 5234 εἰρήνην.

234 5272 252 5302 t
282 5253 398 5304 Νῦν
444 5251 668 5321 ὄψεσθε,
719 5250 814 5304 νῦν
867 5253 1228 5323 αἰσθήσεσθεο
1273 5257 1474 5324 ματαία
1522 5257 1674 5309 ἔσται
1721 5261 1754 5328 ὴ

163 5345 312 5415 ἰσχὺς
339 5343 438 5398 τοῦ
488 5343 806 5414 πνεύματος
850 5343 1039 5413 ὐμῶν·
1087 5365 1104 5395 ι
1155 5347 1187 5415 η
1229 5345 1319 5399 διὰ
1359 5348 1605 5409 Μωσέως
1657 5351 1757 5401 αὐ-

160 5439 265 5500 τοῖς
300 5435 704 5506 παραδοθεῖσα,
751 5434 848 5488 κει.)⁵
893 5437 974 5488 ὅτι
1003 5435 1175 5498 οὐδεὶς
1221 5437 1402 5490 οὐκέτι
1448 5438 1646 5500 αὐτοὺς
1680 5442 1759 5502 εἰς

158 5525 478 5600 ἀνθρώπους
515 5525 800 5592 λογιεῖται.
835 5543 853 5574 ι
878 5524 996 5594 Πῦρ
1025 5527 1303 5579 κατέδεται
1365 5529 1511 5598 ὑμᾶς
1541 5546 1554 5558 ο
1604 5547 1622 5577 ι
1661 5529 1757 5598 τὴν

158 5617 414 5692 δευτέραν
481 5616 653 5672 αὐτοῦ
697 5616 794 5670 ’καὶ⁵
853 5615 1058 5680 ἔνδοξον
1112 5618 1412 5690 παρουσίαν
1485 5619 1755 5688 ἐπαγγελ-

163 5709 418 5782 λόμενος,
471 5708 598 5763 καθ’
632 5707 702 5779 ῆν
753 5708 990 5778 ὄψονται.

1877 3369 1978 3406 nus
2005 3368 2020 3414 ;
2053 3349 2206 3420 palus
2235 3350 2376 3402 facta
2428 3357 2514 3401 est
2545 3347 2742 3408 Saron,
2779 3346 3061 3399 manifesta
3094 3348 3199 3398 erit
3227 3344 3452 3399 Galilzea

1873 3455 1926 3498 et
1955 3442 2231 3498 Cltertnel.
2265 3461 2282 3492 ι
2317 3440 2571 3495 Clemens
2613 3439 2794 3508 itaque
2855 3437 2994 3492 Deus
3045 3437 3267 3507 angelos
3301 3437 3453 3503 pacis

1873 3534 2016 3587 misit
2046 3529 2111 3584 ad
2142 3528 2447 3583 Iudaeorum
2485 3527 2764 3596 populum,
2795 3540 2978 3578 amare
3016 3525 3227 3588 ﬂentes,
3269 3541 3330 3576 at:
3361 3540 3453 3578 co-

1873 3628 2154 3680 hortantes
2190 3632 2249 3676 ut
2285 3619 2650 3688 evangelicam
2725 3618 2826 3671 sibi
2881 3631 3067 3684 pacem
3122 3618 3450 3684 reciperent.

1870 3719 2138 3786 Quoniam
2173 3729 2304 3770 vero
2331 3728 2435 3766 non
2471 3718 2791 3779 receperunt
2825 3723 2941 3774 eos,
2976 3707 3046 3761 ita
3093 3705 3368 3776 subjungit
3401 3722 3418 3760 :

1941 3987 2102 4040 VERS.
2137 3987 2224 4041 I0.
2251 4006 2268 4037 ι
2296 3985 2447 4038 Nunc
2476 3996 2789 4049 exsurgant,
2823 3981 2955 4034 dicit
2988 3980 3271 4042 Dominus,
3303 3993 3449 4034 nunc

1870 4076 2240 4148 glurilicabor,
2279 4090 2419 4129 nunc
2441 4072 2740 4127 exaltabor.
2778 4090 2796 4122 ι
2835 4069 2933 4124 llis
2967 4084 3129 4139 porro
3161 4068 3449 4123 manifeste

1866 4171 2176 4225 declaratur
2209 4168 2340 4236 ipsis
2379 4164 2667 4218 videndum
2704 4165 2870 4218 Deum
2905 4177 3049 4217 esse.
3081 4161 3443 4227 Quibusnam,

1866 4262 1969 4314 nisi
2010 4261 2095 4321 iis,
2138 4260 2230 4325 qui
2281 4258 2508 4326 justitize
2553 4265 2606 4309 et
2661 4254 2938 4324 sapientiae
3004 4254 3291 4306 thesauros
3340 4251 3447 4305 sibi

1865 4353 2292 4420 compararunt?
2348 4352 2428 4402 Ab
2491 4348 2646 4417 ipsis,
2699 4345 2898 4415 inquit,
2954 4344 3236 4398 videbor:
3286 4350 3448 4396 erant

1866 4460 2028 4514 porro
2068 4443 2157 4496 isti
2196 4441 2445 4510 discipuli
2479 4452 2533 4496 et
2578 4439 2807 4508 apostoli
2837 4436 3140 4490 Salvatoris
3172 4434 3339 4487 nostri
3367 4450 3381 4497 ;
3415 4449 3446 4487 a

1864 4537 2084 4604 quibus,
2105 4535 2304 4604 inquit,
2329 4550 2427 4601 ego
2440 4533 2655 4601 quidem
2674 4531 2816 4583 visus
2832 4544 2947 4580 sutn
2970 4545 2983 4589 ;
3003 4527 3074 4580 illi
3089 4541 3216 4580 vero
3233 4525 3447 4578 assidue

1867 4627 2199 4687 clamabant,
2230 4636 2288 4678 ut
2329 4624 2504 4694 angeli
2537 4623 2688 4690 pacis
2716 4639 2728 4674 :
2761 4628 3096 4689 quapropter
3129 4630 3312 4669 amare
3349 4615 3416 4668 l'le

1868 4718 1999 4771 bant
2030 4757 2044 4779 ,
2103 4716 2436 4769 clamoribus
2489 4724 2543 4767 et
2590 4712 2936 4768 orationibus
2985 4708 3220 4762 assiduis
3282 4705 3447 4774 prisci

1868 4810 2049 4878 populi
2085 4809 2382 4874 perniciem
2410 4805 2780 4874 depiorantes.
2819 4804 2886 4853 At
2911 4801 3052 4853 enim
3070 4798 3293 4867 apostoli
3325 4795 3417 4850 Sal

1865 4901 2074 4953 vatoris
2111 4899 2279 4953 nostri
2319 4897 2496 4967 angeli
2528 4909 2710 4959 erant,
2741 4895 2831 4963 qui
2864 4892 3074 4945 acerbis
3110 4903 3230 4942 sese
3278 4888 3428 4957 Iacry

1861 4995 1966 5048 mis
1999 4990 2345 5053 dediderant,
2376 4990 2517 5057 quod
2552 4990 2608 5052 ii,
2632 4986 2724 5055 qui
2756 4985 2824 5037 ab
2858 4999 2915 5038 se
2945 4987 3010 5035 ad
3063 4995 3253 5048 pacem
3283 4979 3444 5032 Cltri-

1859 5083 1929 5136 sti
1975 5079 2356 5143 vocabantur,
2416 5094 2521 5132 nnn
2577 5078 3054 5143 obtemperarent,
3111 5084 3284 5138 neque
3337 5067 3440 5122 sibi

1862 5172 2019 5225 [idem
2055 5170 2339 5222 baberent.

1934 5260 2102 5313 Vens.
2139 5261 2224 5312 ll.
2271 5277 2290 5308 ι
2314 5257 2465 5311 Nune
2496 5255 2770 5315 videbitis,
2796 5267 2936 5306 nunc
2988 5249 3230 5304 sentietis
3257 5266 3269 5299 :
3301 5261 3437 5300 vana

1861 5351 1966 5405 erit
1998 5349 2262 5400 fortitudo
2295 5349 2521 5410 spiritus
2565 5345 2730 5398 vestri
2767 5360 2823 5394 ε»
2856 5356 2976 5410 qua:
3013 5340 3143 5408 ipsis
3183 5353 3210 5390 a
3245 5338 3434 5402 Moyse

1859 5440 1983 5491 data
2023 5435 2222 5498 fuerat,
2258 5437 2384 5503 quia
2418 5450 2574 5488 nemo
2602 5434 2749 5503 ipsos
2788 5433 2838 5486 in
2872 5442 3146 5501 posterum
3189 5429 3435 5482 homines

1859 5526 2155 5596 reputabit.
2192 5545 2210 5577 ι
2238 5526 2384 5596 Ignis
2409 5525 2699 5580 devorabit
2720 5539 2838 5584 vos,
2883 5543 2900 5573 ι
2939 5523 3023 5576 bis
3051 5520 3348 5574 secundum
3377 5530 3433 5573 et

1855 5620 2146 5690 gloriosum
2187 5617 2478 5674 adventum
2530 5632 2688 5671 suum
2737 5616 3048 5686 pollicetur,
3081 5628 3191 5684 quo
3229 5610 3308 5666 illi
3339 5611 3435 5668 .vi-

1854 5710 2076 5766 debunt.

223 5827 336 5896 (40)
383 5827 480 5882 Vel
533 5824 826 5893 legendum
854 5825 902 5877 oi
935 5825 1051 5882 sine
1082 5834 1330 5890 accentu,
1364 5825 1445 5882 vel
1486 5825 1841 5896 supplendum
1876 5823 2098 5882 verbum
2130 5821 2357 5877 οἰκοῦσι.
2397 5819 2555 5876 Eon.
