4100 6420
671 359 774 414 327

744 477 899 529 Vens.
950 477 1136 530 12-”.
1180 476 1288 531 «Et
1339 489 1499 532 erunt
1548 487 1737 547 gentes
1793 476 2108 536 combustre,
2165 470 2295 526 ItlA

667 570 817 637 apina
853 571 904 622 in
934 585 1065 638 agro
1093 571 1328 639 projectu
1355 580 1410 624 et
1439 583 1649 624 exusta.
1678 569 1913 624 Audieut
1945 567 2033 634 qui
2064 567 2220 634 longe

667 669 814 722 sunt,
855 673 973 729 quae
1010 674 1108 728 ego
1135 659 1563 728 feci,scientqui
1604 658 2032 729 appropinquant
2079 656 2222 709 forti-

669 751 909 802 tudinem
953 765 1143 804 meam.
1201 749 1562 802 Recesserunt
1613 749 1704 816 qui
1758 757 1916 800 erant
1979 748 2030 798 in
2092 745 2218 798 Sion

667 841 833 906 iniqui
860 858 871 891 :
907 840 1266 908 apprehendet
1297 851 1499 892 tremor
1529 840 1740 913 impios.
1770 857 1788 889 ι
1841 837 2062 890 Etiamsi
2109 837 2220 889 haec

666 948 771 985 non
788 933 850 986 de
867 933 967 984 illis
984 947 1042 985 ex
1062 929 1283 984 Judalco
1305 930 1500 1000 populo
1518 929 1859 990 vaticinetur,
1895 930 1982 994 qui
2011 935 2220 981 a‘nnun-

669 1028 854 1079 tiatam
904 1025 1002 1078 sibi
1052 1025 1282 1092 gratiam
1317 1031 1663 1091 acceperunt.
1696 1037 1791 1076 vos
1825 1020 2022 1074 auditis
2072 1020 2221 1072 hisce

666 1117 996 1185 propheticis
1051 1116 1412 1178 sermonibus,
1465 1129 1570 1167 non
1635 1113 1956 1183 intelligitis,
1985 1112 2220 1166 scientes

667 1209 800 1268 lizec,
827 1223 942 1272 qum
975 1206 1238 1259 llebraice
1273 1205 1422 1257 vobis
1455 1205 1733 1258 enuntiata
1767 1214 1817 1257 et
1847 1203 2043 1269 scripta
2071 1211 2217 1264 sunt,

666 1310 875 1347 incenon
908 1296 1087 1348 omnia
1137 1295 1222 1347 illa
1254 1293 1494 1363 prodigia
1525 1307 1641 1360 qua:
1667 1293 1808 1359 apud
1835 1301 2214 1353 vos'operatns

665 1399 804 1445 διιιιι,
833 1393 888 1436 et
917 1399 1032 1450 qua:
1065 1383 1199 1450 apud
1231 1397 1323 1435 vos
1350 1381 1561 1434 locutus
1605 1397 1744 1444 sum,
1778 1390 2072 1433 necnon'ea
2103 1393 2222 1447 quae

664 1475 976 1527 videntibus
1020 1475 1173 1525 vobis
1224 1488 1341 1524 sum
1378 1480 1652 1538 operatus,
1687 1486 1713 1522 a
1746 1471 1994 1536 gentibus
2033 1468 2220 1538 procul

665 1567 806 1618 etnd
843 1577 1078 1617 extrema
1115 1574 1275 1615 terra:
1320 1558 1557 1615 auditum
1603 1561 1688 1613 iri.
1722 1560 1997 1626 Quomodo
2039 1570 2219 1615 autem

667 1656 908 1717 audient,
957 1656 1057 1707 nisi
1104 1655 1168 1705 ad
1217 1654 1380 1706 Deum
1429 1654 1772 1713 accedentes,
1806 1668 1924 1704 eum
1965 1652 2216 1705 virtutem

666 1746 779 1808 ejus
811 1744 1172 1799 edidicerint?
1206 1743 1267 1796 lli
1324 1756 1452 1795 vero
1500 1742 1624 1811 ipsi,
1660 1741 1909 1796 videlicet
1968 1742 2115 1810 impii
2165 1743 2217 1795 in

1333 356 1601 412 EUSEBII
1641 349 2101 412 CAESARIENSIS
2137 346 2284 402 OPP.
2329 343 2512 398 PARS
2551 342 2641 397 ΠΙ.
2679 373 2750 382 --
2782 341 3192 398 EXEGETICA.

3791 343 3893 400 528

2400 481 2418 514 ι
2451 463 2560 516 Καὶ
2603 462 2811 516 ἔσονται
2858 460 2986 530 ἔθνη
3037 458 3523 528 κατακεκαυμένα,
3563 459 3638 522 ὡς
3686 457 3892 514 ἄκανθα

2323 553 2382 603 ὲν
2432 550 2587 621 ἁγρῷ
2650 549 2953 622 ὲρῤιμμένη
3017 549 3109 601 καὶ
3173 548 3647 618 κατακεκαυμένη.
3702 550 3891 602 Ἀκού-

2325 659 2506 694 σονται
2548 642 2595 691 οἱ
2632 639 2907 708 πόρρωθεν
2951 637 2988 690 ἀ
3021 637 3269 706 ἐποίησα,
3319 638 3612 706 γνώσονται
3656 639 3705 689 oi.
3740 638 3892 706 ἐγγί-

2325 732 2506 797 ζοντες
2549 732 2646 801 τὴν
2695 730 2844 801 ίσχύν
2881 748 3000 800 μου.
3040 730 3377 800 Ἀπέστησαν
3406 731 3455 782 oi
3497 730 3555 782 ἐν
3601 729 3737 781 Σιὼν
3770 729 3890 782 avoc

2325 840 2447 894 μοι’
2486 823 2710 892 λήψεται
2742 821 2940 890 τρόμος
2977 821 3102 882 τοὺς
3142 821 3373 884 ἀσεϐεῖς.
3403 839 3422 873 ι
3465 822 3527 873 Ei
3579 821 3675 872 καὶ
3718 819 3892 873 ταῦτα

2325 918 2398 987 μὴ
2431 916 2559 986 περὶ⁸
2591 913 2699 966 τῶν
2733 912 3036 981 δεξαμένων
3078 910 3176 981 τὴν
3205 911 3678 979 εὐαγγελισθεῖσαν
3709 911 3892 973 αὐτοῖς

2323 1009 2478 1077 χάριν
2515 1005 2782 1059 Ἰουδαίων
2825 1003 2954 1057 λαοῦ
3000 1003 3279 1066 θεσπίζει,
3327 1003 3516 1072 ὑμεῖς,
3564 1002 3734 1074 ἀκοὴν
3781 1002 3894 1055 τῶν

2323 1095 2673 1174 προφητικῶν
2722 1095 2922 1147 τούτων
2976 1095 3147 1163 λόγων
3199 1094 3485 1157 ἀκούοντες
3506 1134 3520 1157 ,
3570 1095 3628 1147 οὐ
3679 1093 3891 1147 συνίετε

2322 1189 2694 1257 γινώσκοντες,
2722 1186 2800 1239 ὅτι
2827 1186 2996 1239 ταῦτα
3023 1185 3248 1256 τὰσπρὸς
3273 1186 3416 1254 ὑμᾶς
3448 1185 3706 1256 Ἐϐραῖκῇ
3736 1186 3888 1254 φωνῇ

2321 1279 2622 1350 λαλούμενά
2649 1292 2706 1329 τε
2739 1278 2830 1329 καὶ
2875 1277 3215 1346 γραφόμενα,
3254 1279 3352 1329 ὃσα
3383 1293 3442 1329 τε
3473 1277 3604 1330 ἄλλα
3636 1277 3892 1347 θαύματα

2321 1371 2401 1431 είς
2437 1369 2578 1437 ὑμᾶς
2613 1357 3016 1436 ὲξεπραξάμην,
3054 1367 3101 1418 oi
3137 1364 3413 1435 πόρρωθεν
3459 1364 3550 1417 καὶ
3587 1364 3746 1435 μέχρι
3782 1365 3894 1418 τῶν

2320 1461 2562 1528 ὲσχάτων
2615 1460 2714 1529 τῆς
2766 1460 2868 1528 γῆς
2922 1457 3223 1522 οἰκοῦντες,
3279 1457 3372 1528 καὶ
3422 1458 3562 1527 ἅπερ
3597 1459 3725 1528 παρ’
3759 1458 3892 1527 ὑμῖν

2321 1553 2592 1620 ἐλάλησα,
2637 1553 2730 1604 καὶ
2779 1551 2930 1620 ὑμῶν
2994 1550 3246 1622 ὁρώντων
3291 1550 3552 1619 ἐποίησα,
3584 1552 3632 1602 oi
3679 1553 3737 1603 έν
3777 1554 3891 1614 τοῖς

2321 1646 2516 1713 πέρασι
2557 1645 2653 1713 τῆς
2696 1643 3012 1712 οἰκουμένης
3040 1642 3376 1695 ἀκούσονται.
3415 1642 3537 1705 Πῶς
3565 1643 3620 1696 δὲ
3653 1642 3891 1711 γνώσον-

2319 1751 2409 1786 ται
2452 1734 2565 1786 ἀλλ¹
2606 1735 2638 1804 ἢ
2693 1734 3003 1802 ἐγγίσαντες
3040 1731 3118 1802 τῷ
3164 1733 3313 1803 Θεῷ,
3355 1735 3450 1786 καὶ
3503 1734 3891 1803 προσελθόντες

666 1835 793 1888 Sion
832 1843 1129 1897 versantes,
1175 1849 1279 1902 quo
1322 1843 1478 1900 pacto
1523 1847 1551 1884 a
1606 1846 1688 1884 me
1715 1833 2054 1897 recesserint,
2091 1848 2218 1900 cog-

2322 1825 2469 1895 αύτῷ
2509 1825 2602 1877 καὶ
2640 1824 2736 1894 τὴν
2769 1826 2920 1893 ἰσχὺν
2968 1823 3128 1876 αὐτοῦ
3179 1823 3588 1894 μεμαθηκότες;
3636 1818 3795 1877 Οὗτοι
3834 1825 3891 1878 δὲ

665 1937 932 1981 noscent:
967 1943 1069 1994 qua
1111 1926 1178 1978 de
1230 1938 1415 1988 causa,
1465 1924 1535 1978 ob
1586 1921 1940 1978 defectionem
1991 1923 2217 1987 scilicet,

667 2029 868 2073 tremor
895 2017 1109 2073 invadet
1137 2017 1278 2073 illos.

734 2195 894 2248 Vens.
918 2199 1000 2250 15.
1023 2197 1178 2263 «Quis
1207 2195 1547 2250 annuntiabit
1567 2197 1714 2251 vobis
1733 2198 1904 2264 ignem
1933 2211 2219 2251 accensun.

662 2289 818 2340 esse?
851 2288 979 2353 Quis
1012 2287 1348 2342 annuntiabit
1390 2288 1539 2342 vobis
1582 2288 1752 2342 locum
1789 2289 2087 2342 teternum?
2118 2287 2218 2351 Qui

664 2376 906 2428 ambulat
937 2379 986 2428 in
1027 2377 1257 2444 justitia,
1291 2378 1382 2446 qui
1424 2376 1659 2445 loquitur
1693 2387 1890 2430 rectam
1928 2371 2089 2441 viam,
2126 2378 2218 2445 qui

665 2469 778 2518 odit
812 2468 1151 2532 iniquitatem
1181 2478 1234 2521 et
1265 2469 1602 2535 injustitiam,
1632 2467 1721 2534 qui
1752 2482 1939 2520 manus
1963 2469 2165 2521 excutit
2190 2484 2218 2521 a

670 2557 1003 2619 muneribus,
1047 2560 1136 2626 qui
1192 2560 1406 2612 obturat
1447 2574 1624 2617 aures,
1661 2573 1723 2610 ne
1750 2559 1924 2608 audiat
1956 2556 2217 2622 judicium

665 2649 961 2714 sanguinis,
985 2649 1285 2716 quiclaudit
1304 2650 1505 2709 oculos,
1525 2666 1588 2703 ne
1608 2650 1781 2702 videat
1803 2649 2164 2716 iniquitatem.
2195 2670 2212 2700 ι

664 2737 754 2790 Ait
784 2737 974 2805 igitur:
1002 2757 1017 2785 ι
1050 2738 1176 2801 Quis
1193 2740 1526 2792 annuntiabit
1554 2740 1700 2792 vobis
1737 2741 1908 2806 ignem
1929 2755 2217 2794 accensum

664 2842 813 2890 esse,
849 2846 864 2873 ι
919 2841 1159 2896 paratum
1213 2830 1422 2882 diabolo
1481 2841 1534 2883 et
1601 2831 1804 2899 angelis
1866 2831 2024 2899 ejus?
2084 2832 2218 2896 Quis

663 2930 794 2985 ergo
819 2917 917 2968 ista
958 2919 1256 2981 cognoscit,
1287 2929 1343 2972 ut
1391 2919 1574 2973 eadem
1613 2922 1978 2974 nescientibus
2030 2922 2220 2974 testifi-

665 3016 852 3068 cetur,
886 3008 986 3059 nisi
1045 3010 1288 3075 quisquis
1341 3011 1577 3062 ambulat
1637 3013 1685 3062 in
1743 3012 1973 3080 justitia,
2019 3023 2071 3066 et
2109 3014 2220 3066 odit

663 3097 992 3164 impietatem
1020 3110 1072 3150 et
1097 3098 1409 3166 injustiliam
1437 3116 1448 3160 ;
1478 3101 1510 3152 ii
1566 3103 1652 3168 qui
1684 3117 1905 3154 munera
1939 3112 2213 3170 respuunt,

666 3195 720 3237 ct
753 3201 910 3238 aures
942 3187 1214 3248 obturant,
1250 3202 1312 3239 ne
1345 3189 1562 3240 audiant
1590 3188 1850 3253 judicium
1902 3193 2206 3258 sanguinis,

2322 1918 2473 1969 αὐτοὶ
2519 1916 2752 1968 εἴσονται
2811 1915 2959 1978 ὅπως
3016 1914 3328 1984 ἀπέστησάν
3385 1931 3505 1984 μου,
3546 1916 3594 1967 oi
3649 1917 3706 1967 tv
3752 1914 3892 1970 Σιὼν

2322 2008 2510 2078 ἀνομοι
2531 2023 2546 2038 ο
2583 2002 2642 2060 οῦ
2672 2009 2829 2077 χάριν
2869 2007 2955 2058 διά
2985 2005 3084 2076 τὴν
3114 2005 3446 2059 ἀποστασίαν
3493 2005 3692 2071 αὐτῶν,
3727 2006 3892 2077 λήψι-

2319 2115 2408 2150 ται
2435 2097 2631 2158 αὐτοὺς
2664 2096 2880 2166 τρόμος.

2396 2207 2416 2240 ι
2444 2190 2540 2251 Τίς
2567 2186 2856 2254 ἀναγγελεῖ
2883 2184 3012 2257 ὑμῖν
3060 2185 3142 2240 ὅτι
3170 2184 3282 2257 πῦρ
3314 2187 3559 2251 καίεται;
3593 2184 3690 2250 Τίς
3721 2187 3889 2255 ἀναγ-

2317 2279 2464 2349 γελεῖ
2494 2280 2620 2347 ὑμῖν
2658 2279 2748 2330 τὸν
2792 2278 2957 2330 τόπον
2999 2275 3092 2331 τὸν
3136 2275 3380 2342 αίώνιον;
3427 2277 3798 2348 Πορευόμενος
3831 2280 3888 2330 ὲν

2317 2368 2645 2440 δικαιοσύνη,
2679 2365 2853 2419 λαλῶν
2896 2365 3112 2420 εὐθεῖαν
3145 2366 3285 2428 ὁδὸν,
3321 2366 3489 2436 μισῶν
3522 2366 3752 2436 ἀνομίαν
3789 2366 3886 2419 καὶ

2319 2457 2548 2519 ἀδικίαν,
2580 2455 2798 2519 καὶτὰς
2853 2457 3040 2526 χεῖρας
3084 2456 3469 2524 ἀποσειόμενος
3519 2455 3630 2507 ἀπὸ
3677 2454 3887 2525 δώρων,

2321 2547 2565 2619 βαρύνων
2602 2547 2669 2598 τὰ
2700 2541 2843 2612 ὦτα,
2891 2547 2975 2599 ἵνα
3022 2545 3096 2617 μὴ
3163 2546 3368 2617 ἀκούσῃ
3403 2546 3582 2618 κρίσιν
3627 2535 3915 2616 αἵματος,

2319 2635 2587 2704 καμμύων
2639 2636 2764 2696 τοὺς
2815 2634 3158 2704 ὀφθαλμοὺς,
3207 2635 3292 2688 ἵνα
3338 2634 3410 2706 μὴ
3463 2633 3548 2706 ἴδῃ
3595 2636 3830 2688 ἀδικίαν.
3865 2654 3882 2686 ›

2316 2727 2452 2795 Φησὶ
2484 2726 2632 2792 γοῦν,
2670 2744 2687 2775 ι
2713 2726 2808 2788 Τίς
2846 2727 3133 2794 ἀναγγελεῖ
3168 2726 3293 2796 ὑμῖν
3335 2726 3415 2778 ὅτι
3459 2725 3837 2796 πῦρκαίεται,
3861 2745 3882 2780 ι

2317 2818 2376 2870 τὸ
2409 2818 2805 2886 ἡτοιμασμένον
2844 2817 2922 2887 τῷ
2963 2817 3192 2886 διαϐόλῳ
3237 2818 3330 2869 καὶ
3368 2819 3478 2878 τοῖς
3513 2817 3762 2883 ἀγγέλοις
3792 2818 3888 2870 αύ-

2317 2908 2443 2972 τοῦ;
2490 2910 2585 2971 Τίς
2625 2906 2716 2962 οὖν
2750 2912 2894 2961 ἐστιν
2930 2909 2957 2960 6
2985 2907 3159 2962 ταῦτα
3199 2908 3370 2972 είδὼς,
3400 2909 3494 2962 καὶ
3540 2912 3651 2971 τοῖς
3698 2909 3771 2980 μὴ
3813 2909 3887 2960 εί-

2317 3002 2428 3054 δόσι
2471 2999 3088 3070 προσμαρτυρούμενος,
3135 3001 3168 3069 ἢ
3219 3002 3325 3063 πᾶς
3361 3001 3386 3052 ὁ
3420 2998 3785 3070 τωρευόμενος
3830 3003 3888 3053 tv

2317 3092 2659 3160 δικαιοσύνῃ,
2695 3092 2786 3143 καὶ
2822 3092 2930 3152 πᾶς
2969 3093 2996 3143 6
3031 3091 3201 3160 μισῶν
3235 3091 3483 3143 ἀσέϐειαν
3523 3092 3615 3144 καὶ
3651 3093 3886 3156 ἀδικίαν,

2316 3181 2635 3252 δωροδοκίαν
2684 3197 2743 3232 τε
2785 3181 3280 3249 ἀποστρεφόμενοι,
3333 3179 3427 3232 καὶ
3457 3180 3525 3232 τὰ
3572 3173 3685 3232 ὦτα
3719 3182 3893 3250 φράτ-

666 3276 959 3344 oculosque
999 3278 1267 3341 claudunt,
1306 3294 1373 3330 ne
1424 3280 1636 3331 videam
1688 3281 1930 3347 iniquum
1967 3280 2217 3336 facinus?

2321 3290 2496 3335 τοντες
2526 3274 2619 3324 τοῦ
2651 3272 2721 3341 μὴ
2751 3271 2977 3323 ἀκοῦσαι
3011 3271 3186 3340 κρίσιν
3211 3271 3457 3340 αἵματος,
3492 3270 3732 3339 μυῶντες
3763 3273 3891 3336 τοὺς

667 3365 813 3422 Talis
839 3378 954 3421 erat
987 3371 1181 3421 chorus
1227 3371 1606 3437 prophetarum
1646 3371 1755 3434 Dei,
1789 3383 1840 3424 et
1876 3373 2100 3439 quilibet
2138 3376 2220 3427 vir

2321 3364 2622 3434 ὀφθαλμοὺς
2655 3363 2756 3439 τοῦ
2800 3365 2873 3432 μὴ
2903 3363 3124 3434 θεωρεῖν
3156 3362 3337 3415 ἄδικον
3370 3361 3602 3433 πρᾶξιν;
3635 3361 3888 3428 Τοιοῦτος

668 3459 965 3525 religiosus,
988 3459 1182 3510 chorus
1210 3458 1330 3511 item
1361 3458 1721 3527 apostolorum
1757 3470 1808 3512 et
1838 3460 2216 3526 discipulorum

2321 3431 2372 3506 δέ
2550 3431 2839 3525 Iamdiu
2862 3431 3160 3522 προφητῶν
3184 3451 3278 3505 τοῦ
3317 3431 3471 3517 Θεοῦ,
3503 3453 3598 3505 καὶ
3630 3455 3739 3514 πᾶς
3771 3453 3888 3506 Θεο-

667 3547 966 3600 Salvatoris
1003 3551 1194 3601 nostri.
1226 3549 1477 3617 Quisquis
1512 3551 1690 3619 igitur,
1729 3553 1899 3612 aiunt,
1945 3553 2220 3620 hnjusmo-

666 3637 718 3690 di
741 3639 863 3695 erit,
896 3638 940 3688 is
962 3638 1299 3690 auuuntiabit
1331 3640 1505 3699 nobis,
1545 3640 1722 3707 ignem
1766 3641 1946 3708 impiis
1970 3652 2215 3710 paratum

668 3741 953 3780 accensum
989 3742 1143 3779 esse:
1182 3728 1428 3795 idemque
1470 3730 1584 3796 ipse
1625 3730 1801 3782 locum
1840 3731 1992 3784 nobis
2027 3733 2216 3785 aeterni

660 3817 848 3885 judicii
885 3818 1160 3882 indicabit,
1195 3830 1528 3873 contestatus
1553 3820 1851 3873 cavendum
1884 3836 2025 3886 esse,
2059 3832 2117 3876 ut
2154 3838 2220 3876 ne

666 3924 733 3963 eo
757 3911 1081 3965 decidamus.

743 4088 900 4141 Vens.
941 4089 1024 4140 16.
1080 4105 1098 4137 ι
1161 4085 1256 4142 Hic
1303 4087 1563 4143 habitabit
1611 4088 1662 4141 in
1703 4088 1916 4144 excelsa
1954 4088 2218 4158 spelunca

666 4193 831 4247 petrae
864 4170 1030 4232 ﬁrma:
1063 4197 1075 4230 ε
1103 4179 1256 4247 panis
1282 4179 1330 4230 ei
1363 4179 1597 4242 dabitur,
1649 4188 1703 4232 et
1748 4193 1882 4247 aqua
1925 4178 2042 4247 ejus
2090 4180 2220 4233 [lde-

668 4273 751 4324 lis.
788 4289 804 4320 ι
841 4270 982 4323 Idem
1021 4270 1136 4337 ipse
1182 4268 1365 4334 procul
1416 4269 1537 4335 igne
1563 4307 1578 4332 ,
1612 4277 1666 4322 et
1699 4279 1992 4322 memorato
2018 4280 2222 4323 aeterno

667 4363 784 4415 loco
815 4371 1049 4414 remotus
1074 4401 1087 4425 ,
1121 4358 1384 4413 habitabit
1415 4360 1468 4413 in
1514 4360 1724 4414 excelsa
1756 4361 2004 4427 spelunca
2031 4399 2044 4420 ,
2080 4369 2133 4413 et
2167 4361 2219 4414 in

665 4464 815 4522 petra
849 4453 1022 4505 firma.
1077 4450 1380 4504 Secundum
1417 4449 1799 4519 Symmachum
1832 4463 1960 4503 vero
1984 4485 2001 4513 ,
2039 4467 2056 4498 ι
2105 4449 2222 4517 lpse
2252 4492 2296 4547 Β

666 4547 718 4598 in
750 4544 975 4598 excelsis
1015 4542 1321 4606 habitabit,
1370 4542 1521 4609 quasi
1562 4541 1893 4592 munimenta
1950 4550 2219 4607 petrarum

666 4633 965 4687 sublimitas
991 4631 1141 4699 ejus;
1185 4648 1203 4682 ι
1236 4639 1292 4682 ut
1322 4644 1389 4682 ex
1429 4628 1510 4682 his
1540 4629 1817 4681 beatorum
1864 4627 2179 4681 exercitium
2205 4666 2221 4691 ,

663 4735 720 4779 et
751 4725 1054 4778 institutum
1081 4725 1205 4776 vita:
1243 4722 1298 4775 in
1349 4735 1554 4774 summa
1600 4718 1940 4788 philosophia
1990 4718 2222 4786 positum

667 4816 1067 4885 intelligamus:
1097 4813 1445 4883 quamobrem
1489 4812 1737 4873 infertur,
1781 4829 1798 4864 ι
1835 4809 1997 4864 Panis
2044 4811 2092 4864 ei
2128 4811 2223 4863 da-

665 4909 827 4973 bitur,
855 4918 908 4961 et
935 4923 1072 4976 aqua
1104 4908 1218 4976 ejus
1259 4902 1448 4960 fidelis.
1492 4924 1510 4955 ›
1546 4904 1690 4960 Talis
1716 4915 1892 4960 autem
1928 4905 2090 4958 homo
2125 4920 2224 4972 pa-

666 5020 730 5054 ne
750 5012 802 5055 et
823 5016 961 5069 aqua
1003 5002 1054 5053 in
1086 5001 1337 5069 praesenti
1366 4999 1474 5052 vita
1518 5001 1584 5053 ad
1621 5001 1933 5054 alimentum
1979 5015 2126 5060 usus,
2161 4998 2217 5050 in

663 5094 1071 5148 exercitationis
1110 5094 1392 5146 terminum
1429 5105 1480 5147 et
1517 5093 1772 5156 fructum,
1809 5096 2098 5165 gloriosam
2138 5108 2220 5148 re-

664 5187 746 5255 gis
772 5185 1269 5251 contemplationem
1297 5183 1495 5239 referet
1523 5209 1536 5241 :
1575 5198 1902 5256 quapropter
1925 5188 2002 5241 ait
2032 5206 2045 5240 :

734 5281 896 5337 Vens.
932 5281 1143 5338 17-19.
1200 5299 1219 5332 ι
1258 5281 1452 5350 Regem
1519 5294 1637 5334 cum
1705 5280 1872 5350 gloria
1929 5277 2219 5344 videbitis,

663 5375 803 5428 oculi
841 5371 1003 5428 ve'stri
1052 5382 1274 5428 cernent
1326 5381 1520 5426 terram
1556 5371 1742 5440 procul
1774 5389 1788 5424 :
1821 5371 2004 5425 anima
2037 5380 2216 5424 vestra

668 5466 1007 5520 meditabitur
1051 5467 1321 5520 titnorem.
1391 5464 1486 5519 Ubi
1535 5473 1659 5518 sunt
1712 5463 2085 5531 grammatici?
2131 5461 2218 5515 ubi

667 5557 1002 5611 consiliarii?
1047 5557 1133 5610 ubi
1170 5564 1252 5610 est
1277 5595 1292 5619 ,
1321 5555 1412 5620 qui
1446 5565 1692 5608 numerat
1718 5571 1810 5608 eos
1839 5555 1930 5622 qui
1981 5552 2222 5606 nutriunt

667 5663 886 5714 parvum
909 5660 961 5703 et
984 5663 1236 5718 maguum
1270 5647 1519 5716 populum
1546 5647 1569 5698 ν
1613 5649 1697 5701 cui
1728 5661 1830 5699 non
1863 5645 2011 5700 dedit
2046 5643 2222 5698 consi-

667 5739 796 5794 lium
822 5779 837 5808 ,
869 5755 1038 5810 neque
1082 5741 1238 5796 scivit
1271 5753 1456 5796 vocem
1508 5738 1862 5807 altiloquam;
1901 5738 1971 5792 ita
2015 5746 2072 5791 ut
2116 5751 2220 5792 non

2319 3545 2476 3618 φιλὴς
2508 3546 2665 3614 ἀνὴρ,
2693 3546 2720 3597 ὅ
2744 3561 2804 3597 τε
2835 3544 2995 3613 χορὸς
3025 3543 3132 3598 τῶν
3167 3545 3476 3597 ἀποστόλων
3507 3545 3600 3597 καὶ
3629 3545 3888 3616 μαθητῶν

2319 3636 2567 3707 Σωτῆρος
2606 3635 2780 3705 ἡμῶν.
2828 3636 2944 3697 Πᾶς
2981 3635 3160 3686 τοίνυν
3206 3636 3234 3687 6
3265 3635 3500 3698 τοιοῦτος
3552 3637 3884 3712 ἀπαγγέλλει

2319 3731 2469 3798 ἡμῖν,
2500 3729 2650 3795 φασὶ,
2695 3729 2824 3780 διότι
2873 3727 2985 3798 πῦρ
3027 3728 3236 3780 καίεται
3281 3730 3394 3790 τοῖς
3441 3728 3689 3781 ἀσεϐέσιν
3741 3731 3887 3800 ἡτοι-

2324 3819 2626 3888 μασμένον·
2672 3820 2700 3870 ὁ
2741 3818 2798 3870 δὲ
2844 3818 3003 3879 αὐτὸς
3050 3818 3144 3870 καὶ
3188 3818 3277 3870 τὸν
3320 3818 3484 3871 τόπον
3528 3819 3626 3888 τῆς
3664 3821 3886 3876 αἰωνίου

2321 3910 2552 3980 κρίσεως
2592 3909 2818 3977 δηλώσει
2861 3909 3011 3978 ἡμῖν,
3056 3910 3639 3981 προσμαρτυρούμενος
3681 3914 3886 3982 φυλάτ-

2320 4002 2506 4053 τεσθαι
2544 4001 2618 4070 μὴ
2648 4002 2963 4072 περιπεσεῖν
2990 4001 3068 4063 είς
3095 4001 3283 4071 αὑτήν.
3623 4002 3628 4006 ’

2395 4112 2413 4143 ι
2443 4088 2607 4156 Οὗτος
2638 4095 2843 4164 οίκησει
2894 4093 2951 4144 έν
3001 4091 3187 4162 own.
3220 4092 3463 4164 σπηλαίῳ
3501 4095 3705 4165 πέτρας
3735 4096 3890 4167 ίσχυ-

2324 4185 2451 4256 ρᾶς·
2506 4185 2668 4255 ἄρτος
2713 4182 2860 4253 αύτῷ
2914 4181 3218 4253 δοθήσεται,
3262 4185 3356 4236 καὶ
3406 4183 3467 4235 τὸ
3522 4183 3666 4255 ὕδωρ
3721 4185 3887 4239 αὐτοῦ

2321 4273 2530 4326 πιστόν.
2570 4293 2589 4324 ι
2622 4273 2792 4335 Αὐτὸς
2831 4272 2886 4325 δὲ
2937 4266 3111 4335 οὗτος,
3147 4273 3364 4344 μακρὰν
3393 4272 3486 4325 τοῦ
3532 4275 3701 4344 πυρὸς
3732 4292 3890 4344 γεγο-

2323 4362 2427 4426 νὼς
2457 4364 2665 4418 καὶτοῦ
2704 4364 3092 4435 προλεχθέντος
3122 4364 3342 4417 αἰωνίου
3372 4364 3557 4428 τόπου,
3590 4368 3799 4435 οίκήσει
3831 4370 3889 4421 ὲν

2325 4453 2509 4525 ὑψηλῷ
2561 4455 2828 4526 σπηλαίῳ,
2870 4456 2963 4509 καὶ
3011 4455 3104 4507 ἐπὶ
3143 4456 3350 4526 πέτρας
3386 4457 3626 4527 ἰσχυρᾶς.
3651 4459 3809 4512 Κατά
3832 4461 3890 4514 δὲ

2321 4546 2749 4616 τδνεΣύμμαχον,
2804 4566 2821 4598 ι
2872 4545 3059 4608 Ἀὐτὸς
3092 4547 3148 4598 ὲν
3182 4546 3407 4616 ὑψηλοῖς
3453 4549 3886 4618 κατασκηνώσει,

2321 4637 2397 4700 ὼς
2432 4639 2681 4708 περιοχαὶ
2710 4636 2926 4708 πετρῶν
2944 4635 3005 4690 τὸ
3032 4636 3163 4704 ὕψος
3187 4635 3352 4689 αὑτοῦ
3369 4653 3383 4668 ⁸
3417 4655 3436 4689 ι
3463 4638 3538 4701 ὡς
3570 4642 3710 4693 νοεῖν
3739 4644 3888 4712 ἡμᾶς

2321 4727 2406 4781 διὰ
2437 4728 2639 4783 τούτων
2677 4729 2773 4800 τὴν
2820 4728 2928 4781 τῶν
2956 4728 3237 4799 μακαρίων
3264 4729 3512 4799 ἄσκησιν,
3552 4731 3645 4784 καὶ
3691 4733 3784 4786 τὸν
3830 4736 3888 4787 ἐν

2321 4820 2606 4891 ἀκροτάτῳ
2635 4820 2951 4889 φιλοσοφίας
2989 4819 3101 4889 βίον
3144 4821 3320 4874 αὐτῶν
3343 4837 3356 4850 ·
3412 4821 3492 4874 διὸ
3541 4821 3886 4890 ἐπιλέγετας,

2329 4931 2348 4962 ι
2383 4913 2545 4982 ἄρτος
2571 4912 2719 4983 αὐτῷ
2747 4912 3050 4982 δοθήσεται,
3077 4912 3170 4966 καὶ
3189 4914 3248 4965 τὸ
3274 4912 3417 4983 ὕδωρ
3445 4915 3608 4967 αὑτοῦ
3636 4917 3879 4970 πιστόν.»

2338 5007 2394 5058 '0
2423 5006 2479 5059 δὲ
2503 5006 2762 5067 τοιοῦτος,
2800 5006 2949 5075 ἄρτῳ
2982 5005 3077 5059 καὶ
3113 5004 3261 5059 ωατι
3290 5006 3386 5075 τὴν
3421 5006 3700 5077 παροῦσαν
3736 5005 3880 5078 ζωὴν

2325 5097 2603 5167 ἀσκηθεὶς,
2639 5096 2811 5168 πέρας
2838 5095 2948 5160 ἔξει
2981 5097 3075 5149 καὶ
3101 5096 3311 5167 καρπὸν
3343 5097 3442 5166 τῆς
3472 5099 3759 5169 ἀσκήσεως
3785 5102 3884 5171 τὴν

2325 5187 2528 5253 ἔνδοξον
2550 5188 2644 5240 τοῦ
2674 5187 2932 5257 βασιλέως
2956 5186 3082 5241 θέαν
3102 5204 3116 5218 °
3144 5188 3224 5241 διό
3249 5205 3411 5258 φησιν
3433 5205 3448 5218 ο

2399 5299 2416 5332 ι
2456 5279 2684 5333 Βασιλέα
2716 5278 2850 5349 μετά
2892 5279 3048 5351 δόξης
3073 5279 3288 5348 δψεσθε,
3326 5283 3376 5333 οἱ
3418 5279 3684 5352 ὀφθαλμοὶ
3732 5283 3885 5353 ὑμῶν

2323 5371 2540 5440 ὄψονται
2573 5371 2676 5440 γῆν
2702 5370 3003 5440 πορρωθεν,
3032 5373 3064 5441 ἡ
3098 5371 3243 5442 ψυχὴ
3283 5371 3746 5444 ὑμῶψμελετήσει
3790 5373 3886 5442 φό-

2323 5463 2436 5517 ϐον.
2469 5462 2580 5516 Ποῦ
2609 5463 2742 5514 είσιν
2767 5463 2815 5514 οί
2847 5463 3245 5533 γραμματικοί;
3280 5461 3389 5516 Ποῦ
3415 5465 3548 5517 είσιν
3569 5465 3620 5517 οἱ
3651 5464 3884 5537 συμϐου⁶

2323 5554 2601 5618 λεύοντες;
2651 5553 2761 5606 Ποῦ
2808 5555 2952 5606 ἐστιν
3005 5555 3035 5606 ὁ
3080 5554 3326 5625 ἀριθμῶν
3367 5555 3490 5618 τοὺς
3518 5557 3882 5629 τρεφομένους

2328 5645 2519 5716 μικρὸν
2556 5643 2648 5697 καὶ
2701 5643 2872 5712 μέγαν
2899 5643 3058 5709 λαόν;
3090 5635 3134 5711 ᾧ
3172 5644 3232 5696 οὐ
3270 5645 3740 5714 συνεϐουλεύσατο,
3766 5647 3882 5702 οὐδὲ

2325 5737 2440 5807 ᾔδει
2475 5733 2807 5806 βαθύφωνον,
2842 5733 2983 5788 ὥστε
3031 5735 3105 5807 μὴ
3139 5735 3397 5789 ἀκοῦσαιο
3455 5737 3584 5800 λαὺς
3619 5738 3881 5809 πεφαυλι-
