4100 6428
209 422 319 478 329

1144 415 1636 473 ΩΟΗΜΕΝΪΑΚΙΑ
1676 415 1747 471 ΙΝ
1790 411 2045 470 ιεΑιΑιι.
2085 442 2154 452 -
2190 409 2342 464 CAP.
2386 406 2621 464 XXXIII.

3364 408 3468 462 530

215 532 434 602 σμένος,
481 533 582 586 καὶ
633 532 733 585 οὐκ
780 529 897 583 εστι
950 527 1026 600 τῷ
1081 529 1589 592 ἁκοῦοντισῦνεσις.
1630 549 1647 580 i
1687 529 1796 581 Ilo-3

1916 527 2086 580 mdiat
2119 547 2130 579 :
2171 524 2399 595 populus
2428 532 2768 593 contemptus
2795 563 2824 587 ,.
2857 528 2912 576 et
2957 536 3060 577 non
3091 530 3174 578 est
3223 524 3464 578 audienti

216 623 353 674 εἰσιν
377 622 430 674 οί
469 621 842 694 γραμματεῖς,
875 622 924 673 οί
952 620 1012 673 τὸ
1050 619 1282 691 γράμμα
1317 619 1415 673 τοῦ
1456 621 1619 691 νόμου
1668 637 1800 689 πρε-

219 711 575 775 σϐεύσαντες,
615 711 709 764 καὶ
743 711 867 782 μηδ’
890 710 1074 782 ἓτερον
1101 710 1306 774 ειδότες
1331 714 1469 765 νοεῖν
1500 712 1533 781 ἢ
1571 710 1672 774 τὰς
1701 711 1799 781 τῆς

217 802 417 866 λέξεως
457 802 840 870 ἁπαγγελίας;
896 803 998 865 Οὒς
1054 801 1366 867 ὲταλάνιζεν
1409 804 1439 856 6
1494 802 1684 874 Σωτήρ
1744 802 1803 854 ιν

219 891 578 962 εὐαγγελίοις
631 891 804 960 λέγων
827 909 841 922 ο
883 910 904 943 ι
943 893 1078 946 Οὐαὶ
1135 891 1285 963 ὑμῖν,
1311 892 1658 963 γραμματεῖς
1709 890 1806 943 καὶ

220 986 504 1057 Φαρισαῖοι
533 986 846 1058 ὑποκριταί.
888 1005 908 1038 ι
947 984 1057 1038 Ποῦ
1101 984 1209 1057 γὰρ
1267 976 1417 1038 οὗτοι
1471 983 1805 1054 φανήσονται

221 1079 280 1130 ιν
303 1076 496 1148 ήμέρᾳ
526 1075 630 1146 τῆς
653 1074 918 1147 κρίσεωςς
964 1076 1014 1130 οἶ
1049 1075 1276 1140 κόλακες
1324 1074 1644 1145 ἐξέστρεφον
1678 1073 1807 1136 τοὺς

225 1167 696 1238 κολακευομένους
719 1167 922 1230 αὐτοῖς.

298 1278 318 1312 ι
366 1258 500 1312 Ἰδοὺ
524 1257 664 1311 Σιὼν
691 1259 724 1329 ἡ
756 1257 930 1320 πόλις,
962 1257 1024 1310 τὸ
1055 1257 1329 1327 Σωτήρων
1359 1254 1515 1326 ήμῶν
1539 1254 1589 1308 οῖ
1609 1252 1811 1324 ὀφθαλ-

231 1348 320 1418 μοί
353 1363 450 1400 σου
474 1347 716 1417 ὄψονται,
744 1345 1096 1418 Ἰερουσαλήμ
1113 1363 1126 1376 ·
1158 1345 1311 1409 πόλις
1337 1344 1587 1407 πλουσία,
1613 1345 1811 1416 σκηναὶ

226 1439 286 1492 αῖ
308 1438 372 1491 οῦ
400 1437 479 1509 μὴ
514 1437 824 1500 αισθῶσιν,
855 1438 974 1491 οὐδὲ
1010 1438 1084 1508 μὴ
1127 1435 1422 1508 κινηθιῖηιν
1461 1437 1510 1490 nl
1547 1435 1810 1490 πάσσαλοι

226 1529 328 1600 τῆς
364 1529 574 1600 σκηνῆς
617 1529 788 1598 αὐτῆς
841 1529 921 1594 είς
951 1530 1042 1583 τὸν
1086 1529 1259 1583 αιῶνα
1310 1528 1520 1600 χρόνον,
1571 1525 1692 1580 οὐδὲ
1741 1526 1812 1578 τὰ

233 1619 437 1690 σχοινία
459 1619 631 1690 αίνιῆς
651 1620 712 1672 οὐ
743 1620 820 1691 μή
846 1619 1263 1692 διαρραγῶσιν·
1284 1638 1304 1672 a
1334 1618 1596 1690 Σημαίνει
1639 1618 1697 1672 δὲ
1722 1617 1810 1671 διὰ

227 1710 432 1765 τούτων
459 1712 490 1764 6
515 1711 691 1780 λόγος,
725 1711 997 1783 Σωτήρων
1027 1713 1123 1783 μὲν
1149 1712 1242 1765 τὸν
1266 1710 1499 1783 Χριστὸν
1526 1709 1621 1764 τοῦ
1654 1709 1810 1772 Θεοῦ,

230 1803 384 1859 πόλιν
407 1803 468 1858 δι
507 1803 709 1875 ἑορτῶν
731 1802 829 1876 τήν
873 1800 1194 1873 Ἐκκλησίαν
1223 1800 1318 1854 τοῦ
1355 1799 1512 1854 Θεοῦ.
1554 1801 1668 1870 Τῆς
1715 1800 1813 1870 μιν

228 1895 338 1968 γὰρ
383 1896 681 1967 Ἰουδαϊκῆς
709 1875 1062 1966 Ἰερουσαλὴμ
1105 1893 1364 1956 πολλάκις
1401 1892 1724 1962 ἐσείσθησαν
1751 1893 1808 1946 αί
1845 1875 1884 1931 Β

228 1989 450 2062 σκηναὶ,
478 1986 932 2059 ⁴ιεελιορκηθείσης
954 1986 1224 2057 διαφόρως
1247 1987 1340 2039 καὶ
1360 1986 1440 2050 είς
1460 1984 1652 2054 ἔδαφος
1676 2001 1808 2038 κατ-

228 2078 543 2152 ενεχθείσης
591 2078 696 2134 ὑπὸ
755 2077 867 2132 τῶν
929 2077 1072 2132 κατὰ
1109 2077 1336 2149 χρόνους
1385 2075 1809 2148 πολεμησάντων

227 2170 429 2240 αὑτήν·
485 2169 590 2241 τῆς
639 2169 698 2222 δδ
751 2168 948 2240 καινῆς
1005 2167 1209 2238 ταύτης
1270 2166 1478 2231 πόλεως
1515 2166 1808 2236 ἀκινήτους

228 2263 396 2333 φησιν
429 2261 652 2314 ισεσθαι
699 2264 826 2326 τοὺς
863 2261 1190 2326 πασσάλους.
1240 2259 1360 2314 Κᾶν
1406 2260 1516 2332 γὰρ
1552 2259 1809 2331 νομίζητέ

229 2369 362 2407 ποτε
385 2356 445 2408 ιν
475 2354 741 2425 διωγμοῖς
769 2352 1089 2408 ελαύνεσθαι
1115 2351 1211 2406 καὶ
1241 2351 1664 2424 πολιορκεῖσθαι,
1695 2351 1809 2406 ἀλλ’

227 2443 322 2497 επὶ
344 2443 448 2516 τὴν
482 2444 690 2514 πέτραν
723 2443 936 2497 ἑστῶσα
977 2441 1128 2516 μένει
1166 2441 1236 2496 δι’
1279 2440 1473 2506 αἰῶνος
1525 2443 1805 2505 ἄπτωτος·

228 2533 466 2606 ἀψευδὴς
487 2535 600 2606 γὰρ
631 2530 699 2606 ἦν
721 2533 750 2587 6
777 2531 945 2587 είπών
967 2549 983 2566 ⁸
1023 2552 1043 2586 ι
1086 2533 1210 2587 Ἐπὶ
1241 2533 1339 2605 τὴν
1369 2531 1574 2604 πέτραν
1605 2532 1810 2586 οίκοδο-

233 2626 394 2696 μήσω
423 2641 526 2696 μου
548 2623 653 2696 τὴν
686 2624 1034 2696 Ἐκκλησίαν,
1064 2624 1160 2679 καὶ
1198 2622 1366 2678 πύλαι
1410 2622 1539 2696 ᾅδου
1586 2623 1648 2678 οὐ
1676 2640 1809 2678 κατ-

234 2715 549 2788 ισχύσουσιν
576 2715 768 2787 αὐτῆς.
805 2735 825 2769 ι

304 2825 326 2859 ι
361 2808 486 2862 Ὅτι
529 2805 594 2860 τὸ
619 2806 791 2878 ὄνομα
845 2806 1048 2880 Κυρίου
1104 2807 1245 2880 μέγα
1287 2807 1452 2880 ὑμῖν,
1495 2806 1656 2873 τόπος
1685 2808 1812 2878 ὑμῖν

231 2896 404 2962 ἔσται,
433 2898 673 2969 ποταμοὶ
696 2899 787 2952 καὶ
827 2897 1089 2972 διώρυγες
1119 2901 1343 2964 πλατεῖς
1367 2901 1462 2956 καὶ
1490 2901 1808 2974 εὐρύχωροι.

231 2989 308 3042 υὺ
347 2987 808 3061 πορεύσῃταύτην
831 2991 931 3061 τὴν
957 2990 1092 3056 ὁδὸν,
1125 2991 1245 3046 οὐδὲ
1278 2991 1603 3064 πορεύσεται
1629 2992 1812 3046 πλοῖον

232 3082 478 3137 ιλαῦνον.
529 3082 590 3136 '0
643 3082 752 3153 γὰρ
787 3083 921 3148 Θεός
981 3101 1083 3155 μου
1135 3085 1314 3156 μέγας
1352 3084 1529 3137 ίστίν·
1560 3083 1624 3138 οὺ
1668 3101 1811 3158 παρ-

232 3173 622 3284 ελεῦσετὲίομε
669 3174 1112 3284 ξύριοςςκριτὴς
1168 3176 1348 3248 ἡμῶν,
1383 3177 1591 3284 Κύριος
1630 3177 1813 3250 ἄρχων
1840 3222 1885 3284 c

233 3265 416 3338 ήμῶν,
451 3263 661 3338 Κύριος
696 3264 948 3336 βασιλεὺς
992 3267 1173 3339 ήμῶν,
1228 3268 1428 3340 Κύριος
1481 3263 1638 3334 οὗτος
1667 3271 1814 3342 ἡμᾶς

234 3357 421 3413 σώσει.
454 3377 475 3410 a
505 3357 652 3412 Δῦτδ
695 3357 758 3413 τὸ
793 3358 984 3432 ὄνομα,
1017 3362 1170 3432 φησὶ,
1207 3363 1411 3433 Κυρίου
1449 3363 1612 3426 τόπος
1663 3362 1815 3416 ἔσται

233 3449 405 3522 ταύτῃ
429 3452 498 3520 τῇ
527 3449 690 3520 καινῇ
711 3448 864 3503 ⁴πόλει
896 3452 962 3522 τῇ
992 3451 1227 3523 ἀσείστῳ
1261 3453 1355 3506 καὶ
1387 3452 1652 3523 ἁπτώτῳ·
1710 3451 1817 3507 διό-

236 3555 362 3610 περ,
385 3540 463 3600 ὡς
491 3538 560 3593 ἂν
591 3539 687 3592 ἐπὶ
712 3537 804 3592 τὸν
836 3537 1056 3610 Κύριον.
1075 3541 1238 3595 τόπον
1253 3543 1382 3595 ὅντα
1407 3543 1598 3615 αὐτῆς,
1620 3541 1817 3614 ᾠκοδο-

237 3630 478 3702 μημένη,
504 3630 754 3693 ἄσειστος
801 3629 969 3700 μένει.
1011 3632 1087 3685 Δι’
1120 3626 1196 3686 ὧν
1223 3634 1253 3687 6
1291 3633 1446 3703 λόγος
1489 3623 1590 3706 τῆς
1621 3633 1814 3703 προλεο

235 3720 460 3790 χθείσης
485 3717 696 3781 πόλεως
721 3717 810 3771 τὸν
840 3717 1041 3791 Κύριόν
1068 3737 1231 3792 φησιν
1253 3720 1474 3775 ισεσθαι
1503 3722 1688 3784 τόπον,
1722 3739 1817 3776 πο-

234 3810 424 3882 ταμῶν
453 3809 649 3880 ῥεῖθρα
679 3809 910 3879 ἑχόντων
940 3811 1032 3864 καὶ
1074 3811 1346 3884 διώρυγας
1375 3813 1596 3877 πλατεῖς
1616 3829 1631 3844 ο
1669 3813 1813 3867 ὥστε

237 3901 414 3971 λέγειν
432 3917 447 3931 ο
481 3919 501 3953 ι
531 3900 642 3955 Τοῦ
670 3899 913 3972 ποταμοῦ
934 3901 1002 3955 τὰ
1027 3902 1320 3974 δρμήματα
1348 3903 1694 3975 εὐφραίνουσι
1717 3903 1817 3974 τὴν

238 3993 392 4048 πόλιν
414 3993 508 4046 τοῦ
538 3991 700 4057 Θεοῦ,
739 4012 759 4044 ι
791 3993 886 4048 καὶ
915 4010 934 4045 ι
980 3993 1042 4047 '0
1075 3994 1319 4065 ποταμὸς
1351 3995 1446 4048 τοῦ
1479 3994 1614 4049 Θεοῦ
1659 3995 1818 4065 ἔπλη-

241 4085 387 4158 ρὼθη
423 4084 656 4147 ὑδάτων,
699 4103 717 4134 ι
742 4083 830 4138 διὰ
875 4083 936 4138 τδ
977 4085 1140 4139 αὑτὸν
1173 4085 1266 4138 τὸν
1293 4085 1499 4158 Κύριον
1540 4079 1680 4140 εἶναι
1727 4085 1818 4139 τὸν

241 4177 406 4230 sm
454 4175 658 4229 αὐτῶν.
687 4175 848 4229 Ὅθεν
892 4177 1104 4248 ἰχθροῖς
1159 4177 1253 4232 καὶ
1298 4177 1582 4250 πολεμίοις
1628 4175 1817 4230 ἀνεπει-

247 4268 397 4321 ϐατοι
422 4267 784 4338 τυγχάνουσιν
809 4269 858 4320 οἱ
905 4270 1160 4339 ποταμοὶ,
1188 4270 1286 4340 τὴν
1313 4269 1700 4342 προλεχθεῖσαν
1724 4268 1817 4322 τοῦ

241 4358 376 4413 Θεοῦ
409 4359 565 4412 πόλιν
592 4359 716 4412 ἀντὶ
747 4358 1028 4429 περιϐόλου
1083 4361 1407 4426 κυκλοῦντες
1450 4361 1545 4415 καὶ
1577 4378 1818 4433 περιτει-

242 4452 479 4522 χίζοντες
498 4469 511 4481 ·
538 4451 617 4513 ὡς
632 4451 796 4503 πᾶσιν
811 4449 1108 4523 ἀλλοτρίοις
1129 4451 1418 4508 ἀδιάθατον
1436 4447 1574 4508 εἶναι
1590 4469 1603 4482 ·
1631 4453 1818 4524 ἐπειδὴ

1904 618 2281 688 intelligentia.
2317 635 2336 668 ι
2377 615 2476 672 Ubi
2509 624 2638 670 sunt
2684 612 2893 669 Scriba:
2918 653 2934 677 ,
2981 615 3072 684 qui
3117 614 3250 684 legis
3282 613 3476 670 littera:

1904 710 2339 781 patrocinantur,
2373 707 2620 778 nihilque
2649 704 2796 760 aliud
2826 707 3067 776 cogitant
3092 744 3109 768 .
3156 721 3318 773 quam
3367 707 3472 760 ob-

1906 800 2048 854 viam
2072 799 2328 855 dictionis
2357 797 2790 854 enuntiationem
2819 797 2843 851 τ
2889 796 3036 864 Quos
3069 797 3300 852 miseros
3329 812 3472 868 pra-

1907 891 2124 947 dicabat
2154 889 2404 947 Salvator
2449 890 2503 944 in
2531 888 2837 960 Evangeliis
2861 889 3044 944 dicens
3067 927 3081 950 .
3118 906 3136 939 ι
3179 886 3268 942 Va
3303 889 3476 950 vobis.

1912 983 2121 1038 Scriba
2145 992 2201 1038 et
2234 981 2495 1038 Pharisci
2527 981 2820 1052 hypocrita
2847 980 2913 1035 “.
2954 998 2972 1031 ι
3014 975 3240 1034 Ubinam
3277 977 3350 1033 illi
3380 994 3475 1047 ap-

1910 1078 2176 1148 parebunt
2203 1077 2257 1131 in
2293 1076 2379 1131 die
2401 1074 2590 1147 jdicli
2615 1073 2640 1129 ἳ
2669 1074 2786 1143 qui.
2815 1082 3002 1144 utpote
3032 1072 3362 1138 adulatores,
3384 1089 3478 1129 eos

1911 1169 2110 1240 quibus
2142 1169 2552 1224 asseutabantur
2575 1168 2918 1222 avertebant.

1982 1259 2148 1318 sts.
2177 1261 2268 1317 ΞΟ.
2302 1279 2327 1322 ι
2362 1259 2499 1316 Ecce
2530 1257 2662 1315 Sion
2692 1258 2887 1314 civitas
2912 1299 2930 1325 ,
2955 1257 3208 1313 Salutare
3236 1265 3483 1312 nostrum

1911 1353 2051 1410 oculi
2079 1354 2152 1408 tui
2182 1351 2462 1417 videbunt,
2491 1349 2791 1406 Jerusalem
2812 1391 2831 1417 ,
2853 1350 3050 1406 civitas
3081 1349 3234 1405 dives
3254 1389 3272 1415 ,
3305 1348 3486 1404 taber-

1912 1443 2102 1500 nacula
2135 1459 2258 1514 qua
2305 1458 2414 1500 non
2456 1442 2855 1509 concutientur,
2893 1457 3071 1511 neque
3124 1439 3488 1497 movebuntur

1911 1535 2096 1608 paxilli
2133 1533 2467 1591 tabernaculi
2515 1534 2633 1605 ejus
2685 1533 2740 1589 in
2785 1535 3174 1604 sempiternum
3229 1542 3444 1603 tempus
3471 1572 3486 1592 .

1915 1641 2089 1696 neque
2122 1626 2346 1682 funiculi
2378 1625 2497 1696 ejus
2543 1625 2938 1695 dirumpentur.
2997 1644 3017 1679 ι
3071 1624 3167 1681 His
3199 1640 3367 1696 porro
3413 1630 3490 1679 sti.

1912 1719 2158 1791 gnificat,
2192 1717 2443 1773 Salutare
2469 1717 2686 1788 quidem
2715 1731 2836 1773 esse
2861 1718 3136 1772 Christum
3159 1717 3290 1784 Dei,
3324 1716 3494 1773 festo-

1919 1827 2036 1867 rum
2089 1823 2215 1866 vero
2258 1810 2537 1866 civitatem
2587 1823 2708 1864 esse
2745 1808 2838 1862 Dei
2871 1806 3194 1863 Ecclesiam.
3231 1804 3366 1862 Nam
3393 1804 3492 1862 Ju-

1916 1904 2084 1959 daicae
2131 1902 2348 1973 quidem
2372 1899 2762 1971 Hierosolyma:
2794 1899 3137 1955 tabernacula
3171 1897 3494 1970 plerumque

1914 2008 2169 2050 succussa
2200 2004 2330 2050 sunt
2371 1993 2426 2047 in
2459 1990 2629 2046 variis
2661 1991 2768 2046 illis
2809 1990 3185 2047 obsidionibus
3209 2031 3226 2057 ,
3274 1993 3494 2062 quando

1916 2086 2003 2139 illa
2038 2086 2106 2139 ab
2135 2082 2570 2154 expugnantibus
2592 2081 2710 2137 solo
2753 2097 2861 2137 non
2889 2083 3060 2140 semel
3088 2092 3302 2153 cquata
3343 2083 3486 2151 fuit;

1917 2191 2069 2232 nova:
2099 2185 2278 2232 autem
2322 2172 2548 2242 hujusce
2589 2173 2739 2229 urbis
2770 2173 3021 2230 immotos
3058 2174 3137 2229 ait
3169 2174 3289 2230 fore
3316 2175 3492 2245 paxil-

1917 2267 2017 2322 los.
2053 2265 2278 2322 Etiamsi
2307 2265 2452 2321 enim
2483 2264 2686 2336 putetis
2731 2279 3119 2337 nonnunquam
3151 2281 3247 2323 vos
3274 2267 3329 2322 in
3359 2282 3488 2338 per-

1917 2358 2286 2416 secutionibus
2312 2356 2434 2428 pelli
2462 2369 2516 2412 et
2539 2356 2776 2413 obsideri
2810 2375 2825 2412 :
2858 2367 2916 2413 at
2943 2357 3035 2414 illa
3061 2372 3277 2427 semper
3309 2359 3364 2413 in
3392 2373 3490 2429 pe-

1918 2467 1999 2511 tra
2038 2455 2309 2519 consistit.
2335 2462 2391 2511 et
2417 2454 2636 2509 immota
2668 2461 2850 2509 manet
2877 2453 2929 2508 in
2957 2453 3214 2510 scculum
3244 2471 3258 2507 :
3284 2452 3489 2509 etenim

1918 2547 2132 2604 mentiri
2179 2546 2366 2615 nequit
2399 2545 2446 2601 is
2475 2545 2565 2615 qui
2597 2543 2732 2600 dixit
2761 2529 2837 2600 τί(
2871 2545 3050 2616 Super
3092 2553 3299 2616 petram
3321 2544 3494 2601 adil-

1919 2639 2058 2696 cabn
2090 2637 2390 2696 Ecclesiam
2427 2652 2604 2694 meam
2629 2676 2647 2703 ,
2675 2646 2731 2693 et
2753 2649 2924 2708 porta:
2958 2637 3114 2693 inferi
3145 2653 3250 2693 nan
3287 2652 3493 2708 prava-

1918 2732 2103 2788 lebnnt
2129 2733 2394 2786 adversus
2420 2742 2541 2785 eam
2582 2729 2649 2784 ".
2689 2747 2709 2782 ι

1989 2818 2152 2875 ans.
2186 2819 2386 2886 ﬁlﬂi.
2423 2836 2444 2871 ι
2467 2818 2734 2887 Quoniam
2761 2835 2954 2878 nomen
2993 2821 3205 2880 Domini
3235 2835 3493 2895 manum

1917 2912 2072 2970 vobis
2097 2955 2114 2980 ,
2157 2912 2305 2968 locus
2345 2911 2500 2967 vobis
2531 2911 2634 2968 erit
2683 2910 2904 2970 llumina
2949 2925 3005 2972 et
3038 2914 3137 2970 rivi
3168 2914 3260 2970 lati
3287 2923 3344 2971 et
3366 2929 3494 2985 spa-

1919 3005 2072 3062 tiosi.
2101 3003 2218 3060 Non
2259 3003 2564 3060 ambulabis
2589 3019 2686 3075 per
2726 3006 2866 3060 hanc
2890 3005 3030 3061 viam
3051 3045 3068 3073 ,
3101 3021 3278 3077 neque
3303 3006 3494 3061 ambu-

1920 3095 2059 3152 labit
2091 3094 2368 3166 navigium
2392 3109 2709 3165 properans.
2743 3096 2885 3152 Dens
2904 3097 3050 3152 enim
3084 3113 3238 3154 meus
3265 3112 3495 3168 magnus

1918 3195 2023 3242 est.
2062 3183 2178 3240 Non
2219 3184 2472 3242 transibit
2499 3200 2584 3242 me
2610 3185 2870 3245 Dominus
2890 3187 3056 3258 iudex
3083 3199 3286 3251 noster.
3314 3189 3496 3244 Domi-

1917 3293 2018 3334 nus
2038 3277 2290 3349 princeps
2317 3288 2526 3343 noster,
2561 3278 2825 3335 Dominus
2855 3294 2951 3335 rex
2985 3289 3195 3346 noster.
3235 3280 3496 3336 Dominus

1916 3368 2006 3424 hic
2043 3366 2278 3422 salvabit
2305 3382 2428 3424 nos.
2469 3386 2488 3421 ο
2538 3367 2694 3438 lluic,
2725 3371 2901 3442 inquit
2923 3412 2940 3438 ,
2967 3387 3120 3428 nova
3147 3373 3359 3428 civitati
3409 3374 3495 3427 ia-

1916 3473 2198 3517 concussa
2224 3469 2280 3514 et
2325 3459 2630 3528 immobili,
2659 3462 2834 3532 ipsum
2861 3478 3058 3521 nomen
3096 3462 3309 3520 Domini
3343 3464 3496 3520 locns

1915 3552 2020 3609 erit
2050 3569 2065 3606 :
2093 3565 2269 3621 quare
2297 3566 2458 3622 supra
2507 3551 2792 3610 Dominum
2816 3593 2832 3620 ,
2880 3554 3059 3611 locum
3091 3570 3248 3611 suum
3279 3595 3297 3620 ,
3322 3554 3494 3610 mili-

1916 3653 2037 3700 cata
2063 3684 2079 3708 ,
2108 3645 2330 3699 immota
2366 3653 2570 3700 manet.
2602 3643 2699 3702 llis
2729 3647 2911 3717 itaque
2939 3646 3282 3719 signiﬁcatur
3316 3648 3492 3718 ipsum

1917 3736 2202 3792 Dominum
2233 3735 2502 3803 praedictae
2548 3735 2789 3792 civitatis
2825 3737 3004 3794 locum
3038 3736 3278 3792 futurum
3327 3751 3449 3792 esse
3475 3777 3490 3797 ,

1916 3827 2196 3884 ﬂuminum
2231 3827 2400 3883 alveis
2428 3836 2485 3884 et
2511 3827 2636 3884 latis
2665 3829 2797 3884 rivis
2830 3829 3152 3886 instructum
3173 3868 3188 3893 ,
3220 3830 3289 3882 ita
3322 3838 3381 3881 nt
3411 3828 3488 3882 di-

1917 3927 2109 3980 catur.
2175 3933 2197 3969 ι
2259 3917 2523 3975 Fluminis
2578 3920 2812 3989 impetus
2879 3920 3159 3977 lzetiticant
3215 3921 3492 3975 civitatem

1919 4011 2011 4066 Dei
2045 4010 2112 4076 “,
2147 4028 2165 4062 ι
2201 4020 2257 4064 et
2280 4051 2295 4074 ,
2332 4027 2352 4061 ι
2389 4009 2614 4068 Flumen
2645 4010 2739 4068 Dei
2766 4011 3029 4083 repletum
3063 4019 3146 4066 est
3176 4011 3330 4082 aquis
3361 4010 3430 4078 “,
3469 4031 3489 4063 ε

1920 4109 2044 4176 quia
2083 4103 2289 4158 scilicet
2325 4102 2438 4173 ipse
2469 4103 2726 4159 Dominus
2754 4104 2905 4158 locus
2932 4118 3123 4158 eorum
3155 4111 3260 4156 est.
3289 4102 3495 4168 Quam-

1919 4199 2105 4254 obrem
2139 4198 2322 4251 istltzc
2351 4194 2571 4249 ﬂumina
2599 4194 2844 4250 hostibus
2879 4195 3222 4262 inimicisque
3250 4193 3489 4246 inacccs-

1920 4303 1978 4344 εει
2006 4296 2132 4342 sunt
2159 4324 2176 4349 ,
2203 4300 2323 4355 qute
2365 4285 2676 4355 pradictam
2731 4285 2822 4342 Dei
2853 4288 3132 4342 civitatem
3169 4284 3490 4339 munimenti

1921 4380 2040 4434 loco
2073 4377 2413 4432 circumdant
2439 4387 2498 4434 et
2525 4378 2816 4441 ambiunt;
2850 4380 2924 4433 ita
2972 4387 3030 4432 ut
3075 4377 3349 4434 extraneis
3376 4377 3496 4445 qui-

1924 4473 2131 4541 busque
2157 4469 2334 4526 aditus
2363 4470 2436 4524 sit
2463 4469 2643 4524 nullus
2679 4487 2694 4524 :
2727 4470 2981 4540 quoniam
3019 4469 3311 4531 Dominus.
3346 4467 3497 4520 locus

239 4547 269 4598 6
290 4544 510 4616 Κύριος,
543 4543 714 4603 τόπος
747 4541 824 4596 ὢν
862 4543 1052 4612 αὐτῆς,
1087 4543 1258 4613 μέγας
1300 4545 1480 4600 ἐστίν’
1520 4544 1682 4608 αὐτὸς
1708 4546 1816 4616 γὰρ

1924 4575 2118 4632 nempe
2161 4559 2281 4631 eius
2307 4601 2324 4626 ,
2367 4575 2698 4631 permagnus
2742 4571 2829 4617 est
2863 4579 2879 4616 :
2916 4565 3030 4630 ipse
3061 4575 3292 4629 namque
3341 4569 3498 4630 petra

239 4629 308 4706 ἦν
332 4638 367 4706 ή
398 4637 599 4707 πέτρα,
628 4634 714 4704 ἐφ’
739 4635 804 4706 ἢν
831 4634 1164 4706 ᾠκοδόμητο.

317 4769 336 4802 ι
380 4751 730 4823 Ἐῥρἀησαν
759 4747 826 4802 τὰ
859 4750 1065 4819 σχοινία
1101 4765 1214 4811 σου,
1243 4751 1324 4802 ὅτι
1357 4750 1457 4802 οὐκ
1489 4750 1778 4819 ἑνίσχυσαν
1802 4765 1814 4778 ·

243 4840 433 4905 όίστός
464 4855 560 4892 σου
607 4837 834 4900 ἔκλινεν,
862 4840 922 4891 οὐ
958 4838 1180 4907 χαλάσει
1212 4839 1279 4891 τὰ
1325 4839 1501 4892 ίστία’
1553 4837 1654 4891 οὐκ
1699 4840 1824 4911 ἀρεῖ

246 4934 484 5002 σημεῖον,
517 4931 624 4992 ἕως
646 4921 708 4981 οὗ
725 4929 998 5000 παραδοθῇ
1034 4931 1110 4990 είς
1143 4931 1436 5000 προνομήν.
1463 4929 1655 4983 Τοίνυν
1688 4929 1820 4982 πολ-

244 5021 324 5076 λοὶ
372 5023 538 5093 χωλοὶ
573 5019 852 5092 προνομὴν
903 5021 1204 5091 ποιήσουσι,
1257 5022 1352 5073 καὶ
1393 5022 1454 5074 οὐ
1493 5022 1568 5092 μὴ
1602 5022 1820 5084 εἴπωσι,

247 5113 454 5179 Κοπιῶ,
487 5116 516 5166 6
547 5107 678 5174 λαὸς
709 5111 932 5164 ἑνοικῶν
968 5115 1024 5165 ὲν
1058 5113 1266 5175 αὐτοῖς·
1297 5113 1474 5183 ὰφέθη
1504 5115 1613 5184 γὰρ
1643 5113 1825 5176 αὐτοῖς

245 5205 276 5273 ἡ
303 5204 566 5276 ἁμαρτία.
606 5222 625 5254 a
648 5200 906 5273 Σημαίνει
937 5205 990 5257 δὲ
1018 5205 1104 5257 διὰ
1136 5203 1338 5258 τούτων
1361 5207 1458 5276 τὴν
1490 5204 1699 5258 πτῶσιν
1725 5205 1824 5272 τῆς

248 5295 563 5365 σωματικῆς
593 5293 966 5364 Ἰερουσαλὴμ,
999 5290 1064 5364 ἧς
1105 5296 1312 5367 ὲῤῥάγη
1343 5296 1411 5349 τὰ
1445 5295 1654 5366 σχοινία
1683 5313 1696 5326 ο
1731 5295 1826 5349 καὶ

1921 4665 2060 4719 erat,
2087 4669 2249 4723 supra
2283 4669 2446 4724 quam
2477 4653 2878 4709 exstruebatur.

1996 4747 2160 4802 Vens.
2189 4747 2262 4802 25
2286 4786 2304 4810 ,
2333 4747 2426 4802 24.
2477 4766 2496 4798 ι
2558 4747 2769 4818 Dirupti
2802 4756 2929 4802 sunt
2961 4745 3190 4801 funiculi
3221 4745 3300 4799 tui
3326 4785 3342 4812 ,
3371 4749 3496 4816 quia

1925 4856 2030 4896 non
2063 4840 2460 4909 praevalnerunt
2491 4858 2506 4894 :
2549 4839 2724 4894 malus
2751 4848 2876 4894 tuus
2906 4838 3198 4893 inclinatus
3229 4846 3313 4894 est
3335 4878 3352 4903 ,
3387 4853 3496 4892 non

1923 4931 2230 5000 pendebunt
2268 4929 2386 4984 vela
2427 4949 2442 4984 :
2475 4944 2580 4985 non
2619 4930 2818 4985 levabit
2846 4931 3084 5000 signum,
3114 4929 3287 4985 donec
3318 4931 3495 4984 trada-

1922 5033 2010 5078 tur
2037 5024 2092 5077 in
2124 5022 2506 5076 vastationem.
2541 5019 2690 5075 Multi
2737 5021 2902 5092 igitur
2953 5021 3131 5076 claudi
3167 5021 3379 5091 praedas
3418 5021 3502 5072 ιη..

1920 5117 2088 5178 cient,
2122 5125 2176 5167 et
2204 5127 2308 5168 non
2333 5113 2537 5177 dicunt,
2563 5112 2796 5179 Fatisco,
2827 5114 3056 5184 populus
3081 5115 3174 5184 qui
3207 5115 3415 5170 habitat
3444 5114 3499 5168 in

1923 5207 2004 5262 eis
2035 5225 2047 5258 :
2081 5205 2362 5260 dimissum
2393 5205 2539 5260 enim
2581 5215 2664 5260 est
2689 5207 2771 5260 eis
2805 5214 3106 5274 peccatum.
3160 5226 3179 5258 ι
3217 5205 3312 5260 His
3353 5207 3497 5259 indi-

1924 5307 2011 5350 cat
2056 5311 2328 5364 corporeze
2354 5295 2739 5367 Hierosolyma:
2773 5298 2997 5352 exitium
3023 5337 3040 5363 ,
3089 5299 3243 5366 cujus
3275 5299 3499 5353 funiculi

244 5387 272 5438 6
299 5389 439 5450 ἱστὸς
473 5387 531 5440 δὲ
565 5385 761 5454 αὐτῆς,
792 5385 975 5456 ὥσπερ
1021 5387 1162 5451 τινὸς
1191 5389 1315 5458 νηὸς
1351 5391 1406 5440 ἐν
1447 5389 1684 5459 χειμῶσι
1733 5388 1816 5442 καῖ

1927 5387 2124 5456 dirupti
2153 5397 2316 5450 sunt;
2366 5399 2420 5443 et
2454 5388 2628 5443 malus
2653 5387 2770 5455 ejus
2797 5430 2811 5451 .
2866 5404 2965 5443 ceu
3019 5388 3296 5456 cujusdam
3347 5391 3500 5442 navis

247 5478 474 5530 κλύδωσι
497 5477 884 5548 διαπεσούσής,
906 5477 1088 5548 ἐκλίθη
1121 5479 1356 5540 πίπτων,
1381 5479 1823 5534 διασπασθέντων

246 5569 346 5622 τῶν
383 5568 826 5630 διακρατοῦντων
857 5569 1030 5622 αὐτῶν
1065 5571 1325 5638 σχοινίων.

313 5808 351 5836 ³³
383 5805 572 5859 Matth.
614 5818 773 5864 xxttt,
808 5806 883 5858 l5.
964 5809 1006 5837 δ’
1039 5807 1222 5863 Matth.
1263 5830 1371 5875 u't.
1406 5815 1491 5868 18.

492 5900 767 5954 l’arnor.
810 5900 922 5958 (in.
979 5900 1202 5959 XXIV.

1576 5813 1620 5844 "
1652 5811 1924 5881 Ριαιλιιλσ,
1977 5815 2026 5868 5.

1934 5481 2344 5549 tempestatibus
2377 5481 2706 5536 etlluctibus
2750 5483 3008 5535 demersa:
3035 5524 3050 5544 ,
3097 5481 3371 5536 declinans
3424 5482 3500 5534 la-

1934 5586 2062 5642 psus
2094 5583 2194 5637 cst,
2227 5573 2460 5641 diruptis
2491 5572 2706 5626 funibus
2737 5575 2908 5641 ipsum
2950 5572 3324 5626 retinentibus.

2124 5816 2163 5846 “
2213 5813 2348 5867 Psnl.
2406 5830 2548 5879 utr,
2599 5817 2678 5868 lli.

3152 5905 3214 5966 il
