4100 6420
655 400 748 456 551

1175 506 1398 560 CAPUT
1441 505 1671 558 XXXIV.

730 627 888 680 Vens.
924 623 1037 677 1-5.
1091 641 1107 672 ι
1137 622 1406 683 Accedite,
1445 631 1646 687 gentes,
1677 629 1728 670 et
1762 618 1958 679 audite,
1998 616 2195 685 princi-

653 734 748 786 pes
781 715 1001 772 :audiat
1033 725 1168 769 terra
1198 751 1213 776 ,
1253 720 1307 766 et
1337 711 1424 778 qui
1471 712 1520 762 in
1549 724 1610 761 ea
1644 709 1916 770 habitant,
1946 708 2112 769 orbis,
2148 715 2200 756 et

651 807 877 880 populus
908 808 997 874 qui
1045 815 1124 859 est
1159 805 1208 857 in
1253 816 1316 854 eo
1349 820 1360 852 ι
1397 800 1520 868 quia
1571 799 1718 852 [uror
1771 796 1979 850 Domini
2039 810 2197 863 super

650 914 839 954 omnes
881 906 1102 968 gentes;
1149 905 1196 947 et
1231 893 1308 946 ira
1339 906 1500 958 super
1535 905 1747 943 onmem
1796 902 2075 940 numerum
2108 901 2198 939 eo—

649 1006 773 1045 rum
801 1032 816 1054 ,
860 999 917 1044 ut
943 989 1123 1058 perdat
1153 1001 1244 1040 cos
1279 994 1331 1038 et
1369 983 1542 1036 tradat
1573 982 1637 1033 ad
1668 981 1886 1034 eaedem.
1924 976 2198 1032 Vulnerati

649 1091 825 1134 autem
873 1092 1053 1132 eorum
1089 1075 1455 1143 projieientur,
1489 1081 1544 1124 et
1591 1070 1784 1123 mortui
1818 1087 1830 1120 :
1867 1079 1920 1122 et
1947 1070 2200 1121 ascendet

646 1173 782 1226 odor
831 1184 1032 1224 eorum.
1090 1186 1107 1216 ι
1161 1166 1489 1232 Quibusnam
1526 1161 1704 1214 tradat
1739 1162 1788 1213 in
1818 1161 2014 1214 credent
2048 1201 2060 1221 ,
2095 1159 2195 1211 nisi

646 1263 931 1317 ultricibus
958 1258 1291 1312 virtutibus?
1321 1256 1412 1310 llis
1441 1269 1600 1323 porro
1621 1252 1922 1322 castigatis,
1957 1251 2043 1304 alii
2079 1250 2195 1303 vul-

569 1424 576 1432 _
643 1355 858 1417 nerati,
907 1351 992 1405 alii
1045 1350 1238 1403 mortui
1286 1355 1482 1408 erunt,
1518 1345 1607 1414 qui
1637 1344 1841 1398 scilicet
1869 1345 1932 1396 ad
1970 1353 2192 1396 mortem

643 1457 937 1512 peccavere
975 1459 987 1493 :
1021 1454 1247 1509 quorum
1280 1438 1547 1501 facinora,
1595 1437 1647 1489 in
1689 1438 1799 1488 vita
1835 1435 2040 1489 mortali
2071 1449 2190 1502 per-

643 1544 849 1602 petrata
876 1574 890 1596 ,
937 1532 1124 1599 judicii
1156 1543 1392 1598 tempore
1448 1528 1669 1582 fetorem
1701 1528 1985 1580 emittent:
2022 1541 2188 1593 quare

643 1629 933 1681 secundum
948 1624 1322 1694 Symmachum
1347 1619 1561 1681 dicitur,
1583 1637 1599 1668 ι
1625 1619 1688 1670 Ει
1707 1617 2130 1672 asecndetfetor.
2161 1635 2178 1666 ι

639 1724 738 1791 τῆς
795 1722 1019 1790 κρίσεως
1076 1714 1259 1784 καιρὸν
1308 1713 1562 1774 δυσωδίας
1626 1710 2050 1763 ἀποπνεύσουσιο
2121 1709 2199 1760 διὸ

638 1815 886 1869 δυσωδία.
919 1831 936 1862 ι

715 1925 871 1977 Vens.
902 1921 952 1974 4.
983 1940 999 1971 ι
1027 1921 1092 1973 Ει
1120 1919 1431 1988 rigabuntur
1462 1922 1669 1969 montes
1688 1911 1947 1980 sanguine
1978 1925 2182 1965 eorum.
2219 1918 2259 1970 Β

640 2019 705 2071 Ει
731 2019 1007 2070 tabcscent
1033 2026 1218 2066 omnes
1246 2009 1468 2061 virtutes
1499 2005 1776 2060 caelorum.
1823 2027 1841 2054 ι
1885 2001 1948 2056 Hi
1980 2011 2187 2055 montes

637 2119 790 2163 erant
821 2110 885 2161 de
908 2103 1101 2174 quibus
1128 2103 1325 2155 dictum
1360 2109 1441 2152 est
1467 2137 1480 2159 ,
1520 2115 1537 2146 ι
1582 2097 1646 2150 Ει
1675 2095 1950 2148 tabescent
1983 2104 2190 2146 montes

637 2217 664 2253 a
705 2199 980 2266 sanguine.
1037 2213 1054 2245 ι
1103 2192 1308 2245 Etenim
1341 2189 1569 2242 virtutes
1612 2185 1873 2239 caelorum
1901 2221 1915 2246 ,
1946 2197 2064 2250 qua:
2094 2195 2190 2250 per

635 2299 849 2344 montes
875 2286 1263 2357 signiﬁcantur,
1299 2289 1424 2334 tunc
1473 2277 1747 2332 tabescere
1783 2275 2055 2339 dicuntur,
2103 2283 2188 2325 ut-

636 2389 762 2447 pote
788 2393 906 2446 qua:
954 2373 1265 2430 memoratis
1315 2369 1618 2426 hominibus
1653 2369 1706 2422 in
1739 2382 1899 2421 causa
1930 2365 2184 2434 perniciei

637 2472 858 2526 fuerint.
891 2470 1146 2535 Quaenam
1171 2478 1333 2542 ροκο
1361 2461 1461 2515 illa:
1496 2460 1690 2514 fuerint
1716 2497 1731 2521 .
1773 2459 1871 2511 nisi
1899 2456 1966 2509 de
1995 2456 2187 2525 quibus

635 2563 921 2632 Apostolus
951 2561 1066 2622 ait,
1103 2575 1120 2609 ι
1169 2555 1281 2609 Νοιι
1311 2564 1394 2609 est
1427 2553 1581 2606 nobis
1610 2553 1749 2603 lucta
1779 2549 2036 2602 adversus
2064 2561 2186 2599 san-

636 2654 850 2720 guinem
900 2660 956 2704 et
999 2661 1254 2710 carnem;
1301 2645 1392 2697 sed
1427 2643 1684 2695 adversus
1713 2639 2081 2706 principatus,
2128 2644 2186 2690 et

633 2750 924 2810 potestates
951 2779 968 2803 ,
1013 2746 1067 2792 et
1095 2746 1328 2791 rectores
1357 2734 1542 2788 mundi
1593 2731 1751 2799 hujus
1780 2769 1794 2794 ,
1827 2739 1879 2783 et
1930 2729 2186 2784 adversus

633 2832 925 2902 spiritualia
955 2828 1205 2898 nequitiae
1237 2826 1289 2878 in
1321 2823 1626 2879 coelestibus
1654 2821 1739 2872 "?
1779 2838 1796 2870 ι
1827 2818 1916 2872 lla:
1958 2832 2185 2886 namque

629 2931 958 2994 potestates,
1001 2934 1117 2989 qua!
1170 2917 1372 2972 aerium
1418 2915 1590 2968 locum
1635 2913 1913 2971 obtinent,
1963 2909 2184 2963 virtutes

633 3014 894 3069 caalorum
944 3005 1704 3077 vocanturgquandoquidem
1757 3019 1860 3067 ea,
1914 3016 2032 3069 qua:
2089 3017 2186 3070 per

627 3119 755 3158 uera
808 3102 1072 3163 feruntur,
1115 3098 1360 3153 volucres
1410 3095 1528 3149 cteli
1581 3107 1771 3149 vocare
1822 3091 1954 3146 solet
2007 3092 2183 3146 divina

629 3195 908 3263 Scriptura
940 3194 1161 3253 dicens,
1199 3209 1217 3242 ι
1253 3188 1510 3243 Volucres
1557 3185 1674 3242 coeli
1731 3195 1786 3239 et
1836 3186 2009 3252 pisces
2064 3200 2177 3238 ma-

627 3287 710 3340 ris
733 3285 824 3338 “2
878 3304 896 3337 ι
947 3283 1078 3338 Cum
1108 3295 1284 3336 autem
1316 3281 1443 3334 illud
1469 3320 1484 3344 ,
1521 3299 1538 3329 ‹
1574 3279 1638 3332 Et
1686 3280 1956 3331 tabesecnt
1988 3291 2174 3331 omnes

626 3379 852 3430 virtutes
879 3359 1185 3438 caelorum,
1241 3392 1260 3425 ι
1317 3373 1369 3425 in
1419 3369 1767 3439 Septuaginta
1818 3367 2173 3435 lnterpretum

623 3470 877 3522 versione
923 3481 1025 3520 non
1069 3473 1416 3534 compareat,
1457 3476 1576 3515 cum
1629 3459 1903 3514 asteriscis
1933 3471 1997 3511 ex
2043 3457 2173 3512 reli-

627 3574 856 3630 quorum
919 3557 1356 3625 interpretatione
1404 3554 1638 3606 additum
1691 3551 1806 3602 fuit.
1858 3550 1988 3614 Quia
2046 3563 2174 3604 vero

626 3655 764 3707 scitu
800 3651 953 3704 nobis
985 3665 1117 3718 opus
1145 3657 1263 3702 erat
1313 3647 1648 3714 quandonam
1705 3636 1839 3695 haec
1867 3640 2040 3693 futura
2091 3655 2175 3693 es-

625 3751 764 3807 sent,
809 3741 859 3794 id
892 3755 988 3794 nos
1014 3740 1200 3794 edocet
1245 3735 1583 3806 propheticus
1629 3747 1807 3788 sermo
1855 3732 2172 3793 declarans.

624 3831 870 3899 superius
903 3838 1192 3884 memorata
1225 3836 1344 3896 post
1397 3827 1554 3895 hujus
1601 3823 1780 3878 mundi
1834 3838 2174 3878 consumma-

625 3925 825 3978 tionem
849 3932 1103 3976 eventura
1121 3935 1258 3973 esse.
1287 3917 1649 3986 Quamobrem
1680 3916 1848 3969 infert
1881 3931 1894 3966 :
1934 3933 1952 3965 ι
1990 3913 2054 3967 Et
2074 3914 2173 3982 pli-

627 4016 835 4069 cabitur
863 4013 1074 4078 celum,
1097 4013 1232 4065 sicut
1261 4011 1410 4072 liber,
1458 4019 1510 4063 et
1537 4008 1714 4062 omnia
1748 4015 1893 4060 astra
1942 4006 2131 4059 cadent
2154 4046 2170 4070 ,

629 4117 886 4174 tanquam
921 4105 1043 4158 folia
1093 4105 1157 4156 de
1183 4104 1289 4156 vite
1315 4139 1330 4164 ,
1365 4111 1412 4154 et
1452 4102 1586 4154 sicut
1611 4101 1808 4154 cadunt
1842 4095 1965 4150 folia
2001 4096 2066 4149 de
2104 4095 2170 4148 li-

627 4215 712 4251 cu.
746 4217 764 4248 ι
801 4195 1046 4249 Salvntor
1078 4195 1202 4247 item
1241 4195 1290 4245 in
1325 4191 1623 4260 Evangeliis
1653 4190 1766 4244 hac
1810 4191 1875 4243 de
1918 4203 2172 4242 consum-

625 4289 858 4343 matione
898 4286 1155 4339 tradidit:
1191 4303 1207 4333 ι
1245 4283 1308 4336 Et
1351 4281 1516 4335 stella:
1557 4280 1748 4334 cadent
1783 4279 1846 4332 de
1894 4277 2069 4342 caelo,
2119 4285 2172 4329 et

621 4383 845 4434 virtutes
874 4377 1130 4432 caelorum
1178 4375 1674 4433 commovebuntur,
1727 4379 1781 4423 et
1827 4378 1953 4422 tunc
2013 4383 2172 4437 appa-

623 4473 985 4540 rebitsignum
1023 4467 1112 4520 lilii
1143 4465 1376 4520 hominis
1399 4464 1449 4516 in
1479 4461 1616 4516 caalo
1645 4461 1691 4492 “
1751 4479 1767 4510 ι
1803 4459 1989 4528 Aquila
2021 4473 2168 4524 vero,

1314 391 1576 450 EUSEBH
1604 392 2074 448 CrESARlENSIS
2113 393 2259 452 Ol’i’.
2303 393 2476 446 PARS
2514 391 2595 447 ΙΙΙ.
2641 424 2701 432 -—-
2746 392 3152 447 EXEGETICA.

2809 507 3193 558 ΚΕΦΛΛΑΙΟΝ
3253 508 3350 557 ΛΔ⁹

2385 660 2395 669 .
2438 619 2838 689 Προσαγάγετε,
2895 619 3037 687 ἔθνη,
3085 618 3175 669 καὶ
3235 618 3516 679 ἀκούσατε,
3565 619 3814 688 ἄρχοντες
3846 639 3859 649 ·

2306 708 2584 760 ἀκουσάτω
2615 712 2645 777 ἡ
2694 710 2784 777 γῆ,
2821 711 2912 760 καὶ
2955 713 3000 760 οἱ
3036 711 3090 760 ὲν
3129 710 3262 778 αὐτῇ
3297 708 3646 779 οἰκοῦντες,ὴ
3681 713 3862 762 οἰκου-

2309 799 2462 866 μένη,
2502 799 2591 851 καὶ
2625 801 2651 850 ὁ
2680 799 2800 861 λαὸς
2849 802 2876 850 ὁ
2937 801 2992 850 ἐν
3021 801 3154 866 αὑτῇ
3182 816 3193 826 ·
3228 799 3360 850 διότι
3398 801 3424 850 ὁ
3463 798 3628 868 Θυμὸς
3657 799 3860 867 Κυρίου

2304 890 2396 940 ἐπὶ
2436 892 2607 941 πάντα
2639 890 2703 940 τὰ
2734 889 2882 958 ἓΟνηξ
2908 892 2998 941 καὶ
3024 891 3157 959 ὀργὴ
3188 889 3279 940 ἐπὶ
3314 891 3404 941 τὸν
3429 890 3654 960 ἀριθμὸν
3686 891 3861 941 αὐτῶν

2301 981 2392 1033 τοῦ
2432 981 2684 1033 ἀπολέσαι
2741 982 2954 1043 αὐτοὺς,
2993 983 3083 1033 καὶ
3137 981 3467 1049 παραδοῦναι
3514 985 3592 1044 είς
3627 984 3859 1050 σφαγήν.

2297 1077 2356 1125 Οἱ
2400 1074 2455 1126 δὲ
2500 1073 2828 1142 τραυματίαι
2862 1074 3038 1124 αὐτῶν
3069 1073 3401 1142 ῥιφήσονται,
3440 1075 3529 1126 καὶ
3565 1077 3612 1125 οἱ
3645 1073 3855 1144 νεκροί·

2295 1165 2386 1214 καὶ
2419 1163 2742 1232 ἀναϐήσεται
2769 1164 2944 1214 αὐτῶν
2973 1165 3005 1232 ἡ
3033 1164 3190 1232 ὀσμή.
3227 1183 3244 1214 ι
3276 1165 3396 1214 Τίσι
3437 1163 3492 1216 δὲ
3529 1164 3857 1234 παραδοῦναι

2291 1253 2485 1314 αὐτοὺς
2515 1255 2591 1314 είς
2623 1254 2854 1321 σφαγὴν,
2910 1257 2941 1322 ἢ
2971 1259 3088 1316 ταῖς
3117 1254 3460 1317 κολαστικαῖς
3493 1258 3584 1307 καὶ
3608 1273 3852 1326 τιμωρη-

2291 1348 2466 1406 τικαῖς
2511 1346 2808 1414 δυνάμεσις
2856 1346 3070 1397 Τούτων
3133 1346 3187 1398 δὲ
3229 1347 3335 1399 τῶν
3383 1346 3758 1416 κολαζομένων
3809 1348 3856 1398 οἱ

2299 1437 2394 1505 μὲν
2447 1437 2775 1506 τραυματίαι
2809 1437 3041 1500 ἔσονται,
3092 1441 3140 1489 οἱ
3197 1438 3251 1489 δὲ
3311 1439 3521 1508 νεκροί·
3574 1441 3623 1490 οἱ
3657 1438 3856 1507 δηλαδὴ

2292 1525 2358 1576 τὰ
2403 1526 2536 1595 πρὸς
2608 1525 2831 1577 Θάνατον
2887 1528 3299 1595 ἡμαρτηκότες⁵
3365 1521 3441 1580 ὧν
3505 1530 3562 1579 αἱ
3609 1528 3854 1597 πράξεις,

2291 1617 2346 1666 αἱ
2393 1616 2528 1668 κατὰ
2569 1617 2657 1668 τον
2703 1617 2890 1684 Θνητδν
2953 1619 3062 1684 βίον
3119 1620 3541 1672 συντελεσθεῖσαι
3576 1619 3716 1672 κατά
3767 1620 3855 1670 τὸν
3899 1669 3906 1675 .

2272 1709 2410 1762 κατά
2457 1709 2546 1761 τὸν
2600 1711 2888 1779 Σύμμαχον
2950 1711 3181 1780 εἴρηται,
3239 1731 3256 1761 ι
3295 1713 3402 1764 Καὶ
3451 1713 3779 1784 ἀναϐήσεται
3820 1715 3852 1780 ὴ

2365 1936 2381 1966 ι
2422 1917 2529 1969 Kal.
2555 1915 2882 1986 βραχήσεται
2913 1916 2976 1968 τά
3006 1917 3103 1987 ὅρη
3133 1917 3240 1970 ἀπὸ
3276 1917 3369 1969 τοῦ
3399 1919 3623 1987 αἵματος
3651 1919 3850 1971 αὐτῶν.

2287 2009 2392 2059 Ka‘t
2430 2009 2754 2076 τακήσονται
2803 2009 2972 2060 πᾶσαι
3022 2011 3075 2060 ai
3109 2009 3362 2077 δυνάμεις
3387 2010 3489 2059 τῶν
3531 2010 3791 2078 οὐρανῶν.
3828 2031 3846 2061 ι

2287 2098 2468 2150 Ταῦτα
2498 2099 2672 2150 τοίνυν
2725 2099 3014 2167 ἐτύγχανον
3047 2099 3168 2169 ὅρη.
3219 2100 3344 2168 περὶ
3391 2093 3466 2150 ὧν
3516 2101 3728 2170 εἴρηται
3773 2100 3849 2162 τὸ,

2294 2208 2310 2238 ι
2351 2191 2457 2240 Καὶ
2513 2190 2834 2258 τακήσονται
2882 2191 2979 2260 δρη
3022 2189 3126 2242 ἀπὸ
3170 2189 3260 2242 τοῦ
3295 2190 3542 2258 αἵματος.
3576 2210 3592 2240 ι
3632 2192 3698 2241 Δί
3746 2192 3851 2261 γὰρ

2286 2281 2540 2349 δυνάμεις
2568 2281 2673 2332 τῶν
2712 2281 2972 2350 οὐρανῶν,
3022 2281 3121 2351 ὅρη
3171 2281 3475 2348 νοούμεναι.
3516 2281 3850 2352 τακήσεσοαι

2286 2371 2548 2440 λέγονται,
2575 2373 2649 2435 ὡς
2680 2374 2847 2425 αἰτίαι
2897 2372 3178 2440 γενόμεναι
3217 2372 3488 2431 ἀπωλείας
3544 2372 3652 2424 τῶν
3703 2375 3850 2444 εἰρη-

2290 2462 2480 2529 μένων.
2517 2463 2668 2524 Τίνες
2693 2463 2736 2514 δ’
2766 2464 2832 2516 ἂν
2866 2460 2970 2516 εἶεν
3022 2459 3199 2526 αὗται,
3256 2466 3288 2536 ἦ
3331 2467 3454 2536 περὶ
3498 2459 3573 2517 ὧν
3612 2483 3779 2536 φησιν
3819 2465 3850 2518 ὁ

2301 2552 2615 2614 Ἀπόστολος
2635 2593 2648 2614 ,
2689 2573 2705 2604 ι
2749 2555 2864 2606 Οὐκ
2887 2555 3029 2606 ἔστιν
3052 2557 3178 2624 ἡμῖν
3205 2556 3237 2625 ἡ
3266 2555 3409 2624 πάλη
3427 2557 3561 2626 πρὸς
3592 2553 3728 2626 αἷμα
3758 2556 3848 2608 καὶ

2289 2643 2494 2712 σάρκαο
2546 2643 2679 2696 ἀλλὰ
2715 2642 2850 2713 πρὸς
2894 2645 2991 2706 τὰς
3020 2645 3214 2714 ἀρχὰς,
3263 2647 3398 2717 πρὸς
3445 2626 3540 2709 τάς
3578 2646 3844 2712 ἕξοι-«ας.

2284 2734 2417 2804 πρὸς
2487 2737 2612 2797 τοὺς
2684 2739 3128 2808 κοσμοκράτορας
3193 2738 3288 2790 τοῦ
3349 2739 3554 2808 κόσμου
3630 2740 3843 2800 τούτου,

2285 2827 2418 2897 πρὸς
2468 2825 2535 2878 τά
2583 2829 2924 2897 πνευματικὰ
2956 2829 3053 2896 τῆς
3087 2830 3347 2898 πονηρίας
3376 2832 3432 2881 ὲν
3472 2833 3584 2892 τοῖς
3618 2831 3847 2900 ἐπουρα-

2286 2918 2434 2979 νίοις.
2474 2936 2491 2968 ι
2530 2913 2694 2972 Αὗται
2728 2919 2835 2989 γάρ
2863 2919 2918 2972 αἱ
2944 2920 3220 2989 δυνάμεις,
3245 2921 3299 2972 αῖ
3341 2920 3432 2972 τὸν
3461 2921 3641 2990 ἀέριον
3671 2921 3846 2990 χῶρον

2283 3007 2708 3077 διακατέχονται,
2743 3011 2998 3080 δυνάμεις
3027 3011 3267 3083 οὐρανῶν
3300 3011 3569 3081 εἴρηνται·
3603 3012 3725 3063 ἐπεὶ
3755 3013 3847 3064 καὶ

2284 3097 2352 3150 τὰ
2382 3099 2448 3151 δι’
2487 3100 2644 3170 ἀέρος
2673 3102 2944 3171 φερόμενα
3002 3103 3221 3154 πετεινά
3253 3101 3480 3172 οὐρανοῦ
3515 3102 3698 3154 καλεῖν
3728 3103 3848 3156 εἴω-

2283 3189 2372 3242 θεν
2397 3193 2428 3261 ὴ
2458 3191 2575 3244 Θεία
2602 3192 2788 3262 Γραφὴ
2834 3192 3062 3260 λέγουσα
3084 3237 3096 3256 ,
3135 3211 3152 3242 ι
3185 3192 3264 3246 Τά
3293 3193 3511 3245 πετεινὰ
3541 3193 3634 3246 τοῦ
3687 3195 3848 3264 οὐρα-

2278 3283 2368 3334 νοῦ
2391 3284 2481 3335 καὶ
2506 3285 2629 3346 τοὺς
2663 3283 2846 3352 ἰχθύας
2873 3285 2969 3353 τῆς
2999 3285 3292 3355 θαλάσσης.
3339 3304 3356 3336 ι
3395 3285 3484 3355 Μὴ
3517 3285 3768 3354 κείμενον
3791 3286 3846 3340 δὲ

2276 3374 2332 3424 ἐν
2362 3376 2426 3443 τῇ
2456 3374 2564 3426 τῶν
2601 3375 2998 3444 Ἐεδομήκοντα
3040 3377 3304 3446 ἑρμηνεία
3331 3377 3411 3439 τὸ,
3450 3396 3467 3427 ι
3521 3377 3629 3428 Καὶ
3677 3379 3846 3446 τακῆ-

2277 3481 2455 3516 σονται
2511 3467 2680 3518 πᾶσαι
2743 3467 2799 3517 αἱ
2855 3467 3109 3536 δυνάμεις
3166 3467 3273 3520 τῶν
3321 3468 3580 3538 οὐρανῶν,
3625 3489 3644 3517 a
3707 3468 3845 3538 μετά

2278 3557 2614 3626 ἀστερίσκων
2672 3557 2735 3610 ὲκ
2783 3559 2879 3627 τῆς
2919 3558 3024 3609 τῶν
3069 3558 3268 3611 λοιπῶν
3316 3559 3609 3629 ἑρμηνείας
3674 3577 3842 3631 προσ-

2282 3645 2458 3715 ετέθη.
2515 3647 2666 3698 Ἐπεὶ
2717 3645 2773 3698 δὲ
2811 3647 2975 3716 ἐχρῆν
3029 3647 3176 3716 ἡμᾶς
3229 3647 3428 3714 γνῶναι
3490 3647 3618 3699 πότε
3671 3630 3841 3700 ταῦτα

2277 3735 2424 3788 ἔσται
2454 3777 2468 3797 ,
2533 3739 2626 3788 καὶ
2679 3736 2835 3789 τοῦτο
2901 3737 3135 3790 διδάσκει
3193 3741 3221 3791 ὁ
3278 3740 3607 3810 προφητικὸς
3666 3740 3838 3808 λόγος,

2276 3829 2581 3898 παριστὰς,
2631 3829 2704 3892 ὡς
2764 3830 2897 3898 μετά
2965 3829 3060 3899 τῆν
3131 3831 3437 3884 συντέλειαν
3494 3831 3586 3883 τοῦ
3635 3832 3838 3901 κόσμου

2273 3921 2458 3972 τούτου
2513 3925 2796 3991 γενήσεται
2838 3922 2906 3975 τά
2971 3921 3349 3991 προλεχθέντα.
3403 3924 3490 3975 Διὸ
3539 3924 3824 3994 ἐπιφέρειο

2279 4028 2296 4059 ι
2333 4011 2438 4062 Καὶ
2473 4011 2802 4080 εἱλιγήσεται
2826 4012 2899 4074 ὡς
2925 4013 3124 4082 βιϐλίον
3177 4017 3205 4066 ὁ
3251 4015 3498 4084 οὐρανὸς.
3532 4015 3627 4066 καὶ
3662 4016 3838 4069 πάντα

2273 4101 2339 4153 τά
2385 4102 2561 4172 ἄστρα
2586 4106 2847 4164 πεσεῖται,
2887 4103 2961 4165 ὡς
2994 4103 3163 4171 φύλλα
3192 4105 3249 4170 ἐξ
3300 4105 3564 4174 ἀμπέλου,
3617 4107 3711 4158 καὶ
3762 4108 3836 4171 ὡς

2273 4193 2457 4245 πίπτει
2483 4194 2652 4262 φύλλα
2684 4194 2790 4246 ἀπὸ
2817 4196 3004 4264 συκῆς.
3052 4215 3068 4245 ι
3104 4197 3214 4249 Καὶ
3266 4198 3295 4249 ὁ
3328 4198 3514 4268 Σωτὴρ
3543 4197 3597 4250 δὲ
3639 4201 3698 4250 ἐν
3725 4202 3834 4264 τοῖς

2273 4285 2621 4353 Εὑαγγελίοις
2671 4288 2795 4357 περὶ
2834 4287 2933 4355 τῆς
2966 4288 3269 4351 συντελείας
3305 4289 3576 4358 παραδοὺς
3611 4291 3828 4358 ἔλεγεν·

2278 4395 2296 4425 ι
2323 4376 2428 4427 Ka‘t
2456 4378 2502 4426 oi
2527 4375 2751 4445 ἀστέρες
2783 4375 3071 4428 πεσοῦνται
3098 4377 3160 4428 ὲκ
3205 4376 3297 4428 τοῦ
3333 4376 3582 4446 οὐρανοῦ,
3639 4380 3731 4430 καὶ
3775 4380 3829 4431 αἱ

2270 4464 2520 4534 δυνάμεις
2542 4463 2649 4515 τῶν
2671 4463 2913 4534 οὐρανῶν
2938 4463 3376 4534 σαλευθήσονται,
3403 4465 3493 4516 καὶ
3520 4466 3638 4518 τότε
3662 4469 3831 4538 φανή-

629 4582 647 4612 ι
689 4564 751 4617 Et
767 4562 943 4616 omnis
966 4559 1231 4616 exercitus
1259 4571 1441 4609 eorum
1472 4552 1688 4614 delluct,
1711 4553 1849 4605 sicut
1875 4549 2055 4602 deﬂuit
2085 4549 2168 4603 fo-

2281 4569 2421 4606 σεται
2452 4554 2511 4606 τὸ
2547 4557 2768 4624 σημεῖον
2789 4553 2881 4606 τοῦ
2911 4553 3041 4605 Υἱοῦ
3069 4553 3162 4606 τοῦ
3186 4552 3468 4625 ἀνθρώπου
3485 4554 3543 4605 ὲν
3569 4555 3646 4624 τῷ
3676 4556 3832 4627 οὐρα-

621 4657 752 4709 lium
779 4668 810 4708 a
838 4653 970 4716 vite,
1000 4661 1052 4704 et
1082 4659 1333 4717 tanquam
1366 4644 1598 4712 id,quod
1635 4643 1898 4695 delabitur
1919 4655 1947 4692 a
1971 4639 2072 4692 ﬁcu
2099 4655 2114 4702 ;
2144 4657 2162 4689 ι

623 4748 912 4799 secundum
941 4741 1318 4812 Symmachum
1368 4747 1585 4798 autem,
1629 4752 1647 4782 ι
1693 4733 1756 4786 Ει
1783 4733 1958 4785 omnis
1997 4731 2167 4784 virtus

620 4837 734 4902 eius
767 4835 939 4895 cadet,
972 4831 1275 4887 sicutcadit
1309 4827 1491 4881 folium
1518 4843 1544 4879 a
1578 4827 1683 4880 vite
1713 4865 1726 4885 ,
1759 4834 1811 4877 et
1837 4834 2086 4890 tanquam
2112 4821 2163 4874 id

620 4929 760 4997 quod
785 4926 983 4981 decidit
1017 4939 1046 4976 a
1079 4922 1202 4976 ﬁcu.
1247 4939 1266 4973 ι
1305 4919 1425 4973 llaec
1450 4932 1607 4984 porro
1631 4915 2032 4971 observavimus
2061 4951 2076 4976 ,
2107 4920 2165 4964 ut

620 5017 1021 5072 ostenderemus
1080 5028 1163 5077 ea,
1194 5027 1311 5081 quae
1343 5029 1370 5064 a
1424 5009 1557 5062 LXX
1603 5007 1985 5075 lnterpretibus
2020 5013 2164 5058 astra

622 5111 892 5174 dicuntur,
923 5106 1056 5176 apud
1091 5105 1321 5173 reliquos
1367 5104 1685 5170 interpretes
1739 5100 1965 5152 virtutes
1998 5095 2164 5150 coelo-

574 5234 578 5238 -
621 5217 737 5254 rum
771 5200 971 5254 vocari.
1009 5199 1136 5262 Quae
1167 5198 1412 5256 virtutes,
1448 5194 1545 5245 nisi
1585 5192 1649 5245 de
1680 5191 1870 5259 quibus
1902 5189 2058 5242 modo
2083 5188 2164 5242 di-

621 5307 762 5346 etum
795 5302 873 5346 est
898 5292 921 5344 2
950 5289 1040 5343 lia:
1068 5289 1229 5358 igitur
1262 5289 1388 5353 ipsze
1415 5327 1429 5346 ,
1457 5286 1595 5337 sicut
1620 5283 1740 5335 folia
1769 5283 1834 5336 de
1862 5282 1990 5343 vite.
2017 5280 2164 5347 judi-

621 5385 686 5436 cii
730 5394 967 5450 tempore
981 5382 1184 5434 cadere
1214 5380 1485 5438 dicuntur,
1513 5389 1616 5444 quo
1650 5375 1842 5428 caalum
1873 5373 2164 5444 plicabitur

621 5477 769 5539 quasi
810 5474 964 5527 liber.
996 5471 1092 5524 Hic
1121 5485 1247 5523 vero
1279 5469 1567 5523 notamlum
1595 5475 1702 5528 est,
1739 5481 1842 5519 non
1873 5463 2169 5533 corrunptio-

641 5582 762 5628 acm,
793 5583 894 5618 non
919 5564 1134 5617 exitium
1160 5603 1174 5625 ,
1217 5576 1318 5613 non
1348 5557 1768 5614 destructionem
1793 5556 2049 5610 caelorum
2079 5553 2163 5608 his

690 5809 728 5838 ⁸⁸
759 5809 949 5877 Epltcs.
989 5822 1056 5871 γι,
1091 5807 1168 5859 12.
1270 5810 1328 5836 ³⁵⁸
1373 5805 1507 5857 l’sai.
1557 5817 1670 5863 \lll,
1728 5801 1779 5851 ιι.

2270 4643 2364 4713 νῷ.
2399 4663 2416 4694 ι
2449 4645 2506 4697 '0
2541 4645 2638 4714 μὲν
2682 4645 2931 4707 ’Λκύλας,
2963 4663 2980 4694 ι
3035 4645 3143 4696 Καὶ
3190 4647 3338 4697 πᾶσα
3384 4645 3609 4715 στρατιά
3653 4647 3829 4700 αὐτῶν

2267 4735 2612 4804 ἁπορῤεύσει,
2630 4735 2705 4797 ὡς
2732 4736 2962 4804 ἀπορρεῖ
2993 4734 3188 4802 φύλλον
3209 4735 3316 4786 ἀπὸ
3340 4735 3602 4804 ἀμπέλου,
3636 4737 3730 4789 καὶ
3754 4736 3829 4798 ὡς

2267 4827 2570 4896 ἀπόπτωμα
2622 4826 2726 4878 ἀπὸ
2786 4825 2985 4893 συκῆς·
3048 4845 3064 4874 ›
3101 4827 3237 4877 κατὰ
3280 4825 3336 4878 δὲ
3379 4825 3469 4878 τὸν
3516 4826 3826 4896 Σύμμαχον,

2272 4932 2290 4962 ι
2327 4915 2433 4966 Καὶ
2467 4915 2678 4983 πᾶσαή
2731 4913 2956 4984 δύναμις
2988 4915 3148 4966 αὐτοῦ
3198 4919 3457 4980 πεσεῖται,
3510 4915 3584 4978 ὼς
3638 4919 3831 4970 πίπτει»

2268 5004 2458 5072 φύλλον
2489 5005 2597 5057 ἀπὸ
2620 5005 2882 5074 ἀμπέλου,
2916 5007 3008 5057 καὶ
3025 5006 3098 5068 ὼς
3126 5007 3430 5076 ἀπόπτωμα
3457 5007 3564 5060 ἀπὸ
3599 5009 3822 5078 συκῆς.»

2269 5095 2566 5167 Τετήρηται
2601 5096 2655 5148 δὲ
2693 5095 2862 5149 ταῦτα
2891 5098 3038 5165 ἡμῖν,
3073 5099 3150 5158 είς
3180 5097 3240 5149 τὸ
3259 5095 3446 5160 δεῖξαι,
3467 5099 3548 5150 ὅτι
3579 5099 3648 5151 τά
3679 5101 3828 5170 παρά

2265 5193 2373 5250 τοῖς
2401 5189 2794 5258 Ἐϐδομήκοντα
2826 5190 3083 5259 εἰρημένα
3111 5191 3285 5260 ἄστρα
3309 5191 3458 5260 παρά
3485 5194 3597 5252 τοῖς
3625 5190 3827 5255 λοιποῖς

2271 5281 2625 5349 ὲρμηνευταὶς
2678 5279 2929 5348 δυνάμεις
2986 5279 3080 5332 τοῦ
3137 5281 3364 5350 οὐρανοῦ
3413 5279 3824 5350 ὠνομάσθησαν.

2269 5370 2421 5423 Ποῖαι
2449 5370 2504 5421 δὲ
2533 5369 2805 5439 δυνάμεις,
2829 5369 2860 5438 ἦ
2890 5371 3013 5440 περὶ
3042 5363 3116 5422 ὧν
3145 5371 3346 5441 ἀρτίως
3377 5369 3619 5437 ὲλέγετο;
3644 5371 3828 5426 Ταῦτα

2263 5455 2353 5511 οὖν
2380 5460 2517 5512 αὐτά
2559 5460 2632 5521 ὡς
2666 5457 2836 5527 φύλλα
2885 5459 2942 5522 ἐξ
2993 5459 3235 5528 ἀμπέλου
3283 5456 3565 5511 πεσεῖσθαι
3613 5460 3824 5531 εἴρηται

2264 5549 2400 5601 κατά
2436 5548 2526 5600 τὸν
2562 5549 2659 5617 τῆς
2695 5547 2922 5618 κρίσεως
2959 5549 3166 5618 καιρὸν,
3217 5548 3338 5602 καθ’
3380 5548 3439 5601 δν
3492 5549 3822 5620 εἱλιγήσεται

1861 5801 1904 5829 ³⁸
1956 5799 2135 5852 )lattli.
2191 5808 2338 5858 χειν,
2389 5792 2474 5845 ἓ9.
