4100 6400
708 418 811 475 335

1363 411 1623 470 EUSEBII
1658 411 2128 470 CESAKIENSIS
2164 412 2313 471 OPP.
2347 412 2527 470 PARS
2562 412 2648 469 111.
2683 445 2751 458 -
2787 413 3195 472 EXEGBTICA.

3788 418 3898 474 336

707 540 811 589 tur,
854 544 872 576 ι
910 523 1158 579 Mulieres
1180 524 1391 591 divites,
1426 523 1717 594 exsurgite,
1758 522 1865 579 diei
1890 524 2013 579 anni
2044 537 2243 580 memo-

2342 524 2555 593 ἐλέγετο
2569 526 2649 590 τὸ,
2672 544 2691 577 ι
2714 526 2973 591 Γυναῖκες
2990 526 3257 592 πλούσιαι,
3278 527 3567 597 ἀνάστητε,
3580 526 3793 599 ἡμέρας
3805 532 3904 585 iw

706 619 839 673 riam
873 615 1033 670 facite
1072 617 1123 670 in
1151 616 1336 670 dolore
1363 629 1483 669 cum
1518 629 1647 684 spe.
1674 635 1693 669 ι
1723 615 1855 683 Quis
1898 616 1971 671 sit
2013 616 2101 671 ille
2148 631 2244 670 an-

2340 616 2501 671 αυτοῦ
2519 617 2704 689 μνείαν
2725 617 3019 691 ποιήσασθε
3033 619 3090 671 ιν
3103 616 3264 691 ὀδύνῃ
3288 620 3404 690 μετ’
3422 617 3651 682 ἐλπίδος.
3664 618 3789 683 ’Τίς
3809 616 3903 673 οὖν

704 721 803 761 nus
826 746 843 771 ,
888 720 999 773 quo
1030 720 1151 759 cum
1204 704 1383 759 dolore
1410 702 1682 774 planctum
1708 708 1871 762 edere
1905 704 2060 775 jubet
2079 745 2096 772 ,
2129 706 2243 762 haec

2342 699 2405 775 ἦν
2417 696 2570 767 οὗτος
2582 706 2611 758 ό
2628 704 2889 769 ινιαυτὸς,
2912 704 2995 775 ιφ’
3007 697 3052 773 ᾧ
3066 704 3359 759 κόπτεσθαι
3382 706 3497 777 μετ’
3514 704 3704 777 ὀδύνης
3730 724 3900 778 προσ-

701 796 981 866 prophetia
1006 794 1240 849 declarat
1266 795 1351 850 bis
1378 794 1575 855 verbis.
1610 814 1630 846 ι
1671 794 1878 851 Voc‘are
1915 808 2114 851 annum
2142 797 2245 852 Do-

702 886 832 940 mini
865 885 1244 953 acceptabilcm
1273 922 1289 947 ,
1317 892 1374 938 et
1402 884 1542 939 diem
1574 885 1943 941 retributionis
1990 886 2099 940 Deo
2149 900 2244 941 no-

702 984 817 1029 stro
842 1014 859 1038 ,
912 975 1174 1031 consolari
1225 989 1414 1029 omnes
1460 974 1699 1045 lugentes
1728 1015 1745 1041 ,
1778 976 1907 1031 dare
1939 976 2245 1044 lugentibus

2338 792 2539 856 τάττει,
2571 792 2605 863 ἡ
2642 791 2887 863 παροῦσα
2920 793 3221 865 προφητεία
3254 793 3548 865 παρίστησι
3576 793 3809 862 λέγουσα
3835 796 3905 850 τά

2339 882 2685 954 προκείμενα*
2698 902 2715 933 ι
2727 883 2966 937 Καλέσαι
2976 882 3214 937 ινιαυτδν
3224 884 3427 956 Κυρίου
3437 883 3643 951 δεκτδν,
3656 886 3751 939 καὶ
3765 886 3906 955 ἠμέ-

2342 990 2438 1044 ραν
2450 973 2849 1037 ἀνταποδόσεως
2868 974 2945 1045 τῷ
2959 972 3077 1044 Θεῷ
3091 973 3265 1045 ἡμῶν,
3292 975 3667 1045 παρακαλέσαι
3694 975 3907 1040 πάντας

701 1065 832 1121 Sion
857 1064 1097 1135 gloriam.
1136 1082 1156 1115 ι
1193 1062 1377 1119 Viden‘
1406 1077 1514 1132 quo
1543 1078 1705 1119 sensu
1737 1064 1823 1121 hic
1850 1065 2081 1130 dicatur,
2099 1083 2121 1119 ι
2150 1081 2243 1121 au-

2342 1066 2463 1129 τοὺς
2490 1065 2836 1130 πενθοῦντας,
2859 1064 3075 1136 δοθῆναι
3102 1068 3213 1127 τοῖς
3246 1064 3500 1119 πενθοῦσι
3527 1065 3665 1120 Σιὼν
3683 1066 3895 1132 δόξαν.»

702 1170 803 1210 nus
842 1154 1048 1211 Domini
1077 1192 1091 1219 ,
1120 1162 1177 1209 et
1200 1154 1313 1209 dies
1342 1154 1753 1219 retributionis;
1788 1174 1809 1209 ι
1859 1157 1929 1210 ita
1976 1166 2037 1211 ιιι
2067 1158 2242 1213 simile

700 1246 775 1301 sit
799 1244 925 1299 illud
950 1244 1053 1301 hoc
1078 1245 1222 1300 dicto
1246 1286 1263 1312 ,
1297 1262 1317 1296 ι
1352 1244 1474 1300 Dies
1500 1245 1643 1300 enim
1667 1244 1860 1315 judicii
1891 1246 2041 1304 Sion.
2082 1267 2102 1300 ι
2132 1246 2240 1302 Ita-

2351 1156 2511 1227 Ὁρᾷς
2526 1156 2672 1218 ὅπως
2686 1156 2743 1208 ἰν
2755 1154 2961 1217 τούτοις
2981 1172 3000 1205 t
3021 1154 3261 1217 ἐνιαυτὸς
3276 1154 3479 1225 Κυρίου
3490 1173 3509 1205 ι
3529 1156 3764 1227 είρηται,
3782 1175 3800 1207 t
3813 1157 3904 1209 zeal

2339 1247 2520 1319 ἡμέρα
2535 1246 2951 1310 ἀνταποδόπως,
2972 1265 2990 1298 ι
3005 1245 3079 1309 ὡς
3090 1246 3270 1317 ὅμοιον
3284 1246 3522 1317 τυγχάνῃ
3536 1246 3635 1317 τῷ,
3652 1266 3671 1298 ι
3692 1247 3904 1319 Ἡμέρα

700 1348 809 1403 que
840 1331 981 1389 idem
1009 1333 1123 1403 ipse
1150 1347 1345 1397 annus,
1371 1334 1557 1388 eadem
1586 1334 1697 1401 ipsa
1718 1334 1834 1390 dies
1860 1346 1963 1401 est,
1988 1352 2092 1405 qua
2118 1353 2243 1407 pan-

2342 1337 2445 1409 γάρ
2468 1338 2697 1408 κρίσεως
2724 1336 2879 1391 Σιιὶιν.
2902 1357 2920 1388 ι
2953 1336 3158 1391 Οὐκοῦν
3188 1332 3268 1401 εἷς
3298 1339 3390 1391 καὶ
3419 1338 3448 1391 ὁ
3470 1338 3629 1403 αὐτὸς
3656 1338 3902 1403 ινιαυτδς

700 1434 859 1490 peres
888 1422 1345 1492 evangelizantnr,
1376 1420 1619 1489 lugentes
1664 1424 1793 1477 Sion
1823 1424 2240 1482 consolationem

2342 1429 2613 1501 τυγχάνει,
2646 1429 2739 1483 καὶ
2788 1428 2887 1500 μία
2932 1429 3027 1482 καὶ
3075 1430 3109 1500 ἡ
3154 1428 3289 1500 αὑτὴ
3320 1428 3523 1499 ἡμέρα,
3552 1428 3680 1485 καθ’
3727 1430 3797 1499 ἢν
3847 1428 3902 1483 οι

698 1510 970 1579 accipiunt
994 1511 1046 1565 in
1077 1511 1274 1566 Christi
1306 1511 1535 1565 adventu
1564 1550 1580 1572 ,
1630 1513 1880 1567 mulieres
1922 1513 2025 1569 illa:
2050 1515 2242 1571 divites

2338 1523 2543 1593 πτωχοὶ
2573 1517 3027 1589 εὐαγγελίζονται,
3074 1519 3127 1573 οἵ
3170 1535 3228 1572 τε
3275 1516 3597 1583 πενθοῦντες
3626 1519 3727 1590 τὴν
3762 1518 3902 1572 Σιὼν

698 1604 766 1657 ad
796 1601 1067 1671 planctum
1093 1610 1408 1667 evocantur,
1440 1611 1495 1657 et
1522 1617 1641 1671 qum
1667 1604 1766 1658 boc
1798 1604 1850 1657 in
1877 1607 1994 1659 loco
2022 1606 2089 1661 de
2112 1605 2239 1661 Sion

2342 1611 2776 1686 παρακαλοῦνται
2804 1611 2898 1664 ἐπὶ
2926 1613 2993 1682 τῇ
3021 1609 3254 1681 Χριστοῦ
3284 1609 3574 1683 παρουσία,
3599 1610 3692 1663 καὶ
3720 1610 3778 1662 al
3808 1609 3897 1661 λε-

698 1693 1073 1756 enuntiantur,
1110 1692 1289 1746 futura
1320 1702 1464 1747 sunt.
1494 1690 1620 1747 Haec
1647 1706 1808 1760 porro
1827 1695 2007 1748 omnia
2040 1696 2093 1749 in
2121 1694 2241 1750 Sul—

697 1782 899 1837 vatoris
943 1782 1109 1837 nostri
1154 1782 1281 1839 Jesu
1328 1782 1526 1837 Christi
1574 1785 1800 1839 adventu
1862 1786 2237 1855 implebantur,

2338 1706 2563 1776 γόμεναι
2611 1702 2861 1757 πλούσιαι
2889 1702 3144 1771 γυναῖκες
3164 1702 3256 1754 επὶ
3281 1700 3372 1754 τὸν
3398 1698 3625 1754 κοπετὸν
3673 1697 3902 1752 καλοῦν·

2338 1814 2448 1861 ται,
2472 1797 2565 1850 καὶ
2590 1794 2657 1848 τά
2690 1794 2954 1863 λεγόμενα
2984 1793 3071 1847 διά
3092 1793 3199 1847 τῶν
3248 1792 3623 1863 προκειμένων
3655 1794 3721 1861 τῇ
3764 1790 3902 1845 Σιιῖιν

697 1876 909 1944 quando
935 1874 971 1927 ii
1006 1875 1094 1943 qui
1126 1872 1178 1928 in
1210 1876 1384 1942 ipsum
1409 1874 1771 1938 crediderant,
1798 1886 1847 1929 et
1875 1878 2104 1945 gratiam
2123 1880 2241 1949 ejus

2342 1860 2655 1943 ἀποϐαίνειν
2713 1860 2932 1957 autin.
2971 1882 3153 1938 Ταῦτα
3198 1881 3257 1935 δὲ
3538 1882 3631 1935 επὶ
3660 1860 3761 1952 της
3805 1879 3901 1934 τοῦ

696 1975 1069 2034 susceperant,
1095 1966 1314 2033 optimis
1349 1964 1453 2019 illis
1482 1965 1956 2034 pollicitationibus
1984 1968 2238 2026 frueban-

697 2067 785 2113 tur
814 2077 827 2112 :
860 2058 950 2129 qui
980 2072 1105 2113 vero
1132 2072 1251 2112 sese
1274 2072 1305 2111 a
1347 2058 1517 2128 gratia
1558 2056 1674 2124 ejus
1722 2068 2197 2127 sequestraverant
2220 2103 2235 2127 ,

2342 1980 2590 2049 Σωτῆρος
2604 1975 2759 2047 ήμῶν
2786 1974 2959 2047 Ἰησοῦ
2990 1971 3225 2045 Χριστοῦ
3243 1972 3545 2043 παρουσίας
3574 1970 3899 2042 ἐπληροῦτο,

2342 2069 2460 2123 καθ’
2484 2070 2549 2139 ἢν
2574 2072 2621 2121 οἱ
2658 2070 2755 2138 μὲν
2797 2069 2876 2132 εἰς
2914 2067 3075 2120 αὑτὸν
3101 2064 3543 2127 πεπιστευκότες,
3569 2066 3663 2116 καὶ
3686 2062 3787 2133 τὴν
3807 2061 3903 2133 χά-

694 2153 762 2206 ab
788 2151 932 2205 omni
961 2164 1056 2220 spe
1086 2148 1223 2205 bona
1250 2148 1381 2216 lapsi
1410 2186 1426 2212 ,
1463 2149 1763 2205 tristiorum
1791 2152 2239 2209 comminationes

2342 2178 2427 2233 ριν
2456 2160 2554 2231 τὴν
2578 2160 2644 2213 δι’
2665 2160 2829 2214 αὐτοῦ
2873 2155 3350 2229 παραδεδεγμένοι,
3382 2153 3491 2209 τῶν
3520 2153 3901 2225 χρηστοτέρων

690 2242 973 2299 subierunt
1040 2242 1105 2298 Et
1147 2257 1277 2298 sane
1326 2242 1439 2310 ipsa
1466 2255 1652 2296 eorum
1679 2244 1964 2312 conspicua
1994 2254 2050 2299 et
2094 2247 2238 2316 regis

2343 2252 2682 2321 ιπαγγελιῶν
2712 2250 2987 2322 ἀπήλαυον
3010 2264 3023 2278 ·
3052 2248 3101 2300 oi
3122 2248 3179 2300 δὲ
3207 2246 3518 2318 ἀλλοτρίως
3539 2245 3766 2308 ἑαυτοὺς
3796 2261 3898 2299 κα-

689 2334 898 2401 civitas,
929 2348 991 2391 ea
1024 2334 1135 2403 ipsa
1160 2332 1379 2403 pertulit
1402 2372 1417 2397 ,
1442 2346 1561 2403 quae
1582 2344 1821 2402 presens
1841 2334 2118 2405 prOpbetia
2146 2350 2238 2389 va-

2342 2344 2706 2413 ταστήσαντες
2744 2344 2843 2413 τῆς
2896 2337 3059 2393 αὐτοῦ
3104 2338 3346 2408 χάριτος,
3374 2336 3554 2407 πάσης
3572 2334 3782 2406 άγαθῆς
3814 2335 3871 2388 ι›

691 2426 967 2482 ticinatur.
2340 2431 2491 2494 πίδος
2526 2429 2913 2492 ἀποπεσόντες,
2940 2430 3060 2490 ταῖς
3085 2425 3196 2479 τῶν
3233 2423 3696 2497 σκυθρωποτέρων
3737 2424 3899 2477 ἄπει-

691 2520 811 2585 hic
847 2518 1320 2573 ὑποπεπτώκασιν.
1360 2518 1469 2571 Καὶ
1511 2516 1646 2588 αὑτὴ
1679 2516 1735 2571 δὲ
1762 2518 1940 2573 αὐτῶν
1961 2520 1995 2589 η
2020 2521 2190 2593 σεμνὴ
2215 2524 2308 2577 καὶ
2346 2524 2596 2595 βασιλικὴ
2622 2524 2776 2587 πόλις
2817 2520 3037 2577 τοιαῦτα
3084 2517 3371 2585 πέπονθεν,
3400 2519 3557 2573 ὁποῖα
3586 2516 3833 2580 θεσπίζει
3861 2518 3897 2588 ἢ

690 2613 937 2684 παροῦσα
963 2611 1278 2683 προφητεία.

765 2706 925 2761 Vsss.
955 2706 1009 2761 9.
1049 2721 1070 2755 ι
1108 2702 1173 2758 Ει
1202 2711 1478 2758 vertentur
1532 2702 1698 2758 valles
1749 2701 1865 2772 ejus
1915 2704 1967 2757 in
2016 2706 2191 2775 picem
2217 2746 2233 2771 ,

2418 2724 2436 2757 ι
2460 2704 2568 2758 Kal
2590 2700 2985 2774 στραφήσονται
3004 2698 3060 2749 αἱ
3082 2695 3361 2768 φάραγγες
3382 2692 3551 2763 αὐτῆς
3572 2693 3651 2754 εἰς
3675 2691 3897 2754 πίσσαν,

684 2806 740 2853 et
784 2807 927 2853 terra
972 2794 1091 2865 ejus
1144 2795 1197 2848 in
1249 2792 1492 2864 sulphur.
1553 2792 1619 2847 Et
1666 2794 1771 2849 erit
1830 2802 1971 2850 terra
2021 2796 2138 2867 ejus
2180 2806 2239 2852 ut

2343 2799 2436 2852 καὶ
2462 2798 2497 2867 ὴ
2525 2794 2598 2864 γῆ
2619 2792 2790 2862 αὐτῆς
2828 2794 2908 2854 είς
2946 2790 3108 2842 θεῖον.
3142 2788 3249 2841 Kal
3276 2786 3427 2839 ἔσται
3452 2786 3486 2856 ἡ
3522 2784 3595 2854 γῆ
3620 2782 3797 2867 αὐτῆς
3824 2780 3899 2845 ὡς

685 2890 778 2958 pix
822 2886 1019 2943 ardens
1072 2895 1231 2941 nocte
1277 2895 1333 2939 et
1387 2885 1495 2939 die.
1551 2902 1571 2936 ι
1628 2883 1791 2953 Queis
1840 2886 1987 2943 clare
2031 2866 2239 2944 denun-

2343 2866 2512 2941 πξσσα
2541 2884 2803 2955 καιομένη
2820 2881 3009 2943 νυκτὸς
3048 2878 3139 2933 καὶ
3168 2876 3401 2949 ἡμέρας.
3437 2893 3455 2925 ι
3494 2875 3569 2927 Δι’
3604 2866 3679 2926 ὧν
3716 2870 3901 2941 σαφῶς

685 2979 790 3032 tiat
818 2985 1117 3033 extremam
1149 2976 1454 3029 vastitatem
1500 2983 1556 3030 et
1602 2976 1719 3031 loco
1748 2987 1801 3032 et
1832 2978 1972 3047 genti
2004 2978 2240 3036 inferen-

2342 2983 2371 3035 ὁ
2398 2980 2553 3047 λόγος
2583 2974 2906 3046 παρίστησιν
2945 2970 3176 3041 ἐσχάτην
3212 2965 3446 3037 ἐρημίαν
3496 2958 3899 3033 καταλήψεσθα.

688 3068 834 3121 “aln-
2342 3071 2435 3125 τόν
2458 3086 2521 3122 τε
2543 3067 2708 3121 τόπον
2736 3064 2829 3118 καὶ
2852 3062 2913 3115 τὸ
2940 3060 3106 3123 ἔθνος.

759 3153 920 3210 Vsus.
948 3155 1036 3210 10.
1084 3174 1103 3207 ι
1136 3156 1202 3210 Et
1244 3172 1351 3211 non
1400 3158 1770 3227 exstinguetur
1816 3160 1871 3215 in
1921 3172 2237 3233 perpetuum

2384 3140 2387 3143 I
2414 3175 2432 3209 t
2472 3155 2583 3210 Kal
2610 3153 2671 3206 οὐ
2706 3149 3059 3219 σθεσθήσεται
3088 3148 3169 3210 είς
3214 3145 3305 3199 τὸν
3358 3142 3529 3199 αίῶνα
3561 3141 3772 3213 χρόνον,
3805 3141 3902 3194 καὶ

689 3258 900 3317 tempus
948 3266 961 3300 :
1010 3256 1065 3301 et
1099 3247 1351 3301 ascendet
1398 3246 1576 3303 fumus
1618 3247 1735 3315 ejus
1761 3264 1974 3305 sursum
2010 3271 2024 3306 :
2062 3252 2115 3307 in
2151 3269 2244 3323 ge-

687 3335 1025 3390 nerationem
1084 3334 1198 3404 ejus
1248 3335 1590 3403 desolabitur,
1638 3350 1693 3392 et
1749 3340 1803 3395 in
1852 3350 2060 3412 tempus
2104 3344 2243 3398 mul-

688 3434 819 3480 tum.
848 3442 869 3476 ι
912 3423 1135 3494 Signum
1171 3425 1443 3495 supplicii,
1474 3428 1616 3495 quod
1657 3428 1709 3482 in
1754 3428 2018 3498 profundo
2066 3432 2238 3499 luunt,

684 3515 755 3570 iis
787 3516 877 3581 qui
913 3529 1127 3569 sursum
1164 3516 1324 3585 positi
1356 3527 1480 3572 sunt
1516 3521 1762 3588 pmbcns
1783 3522 2238 3591 conspiciendum,

685 3607 758 3659 ob
806 3604 1021 3659 insitam
1055 3605 1159 3659 illis
1200 3605 1455 3661 malitiam
1477 3646 1494 3671 ,
1527 3623 1674 3677 qua,
1705 3609 1847 3680 quod
1882 3611 2164 3669 tenebrosa
2187 3624 2244 3668 et

685 3697 843 3765 nigra
870 3696 964 3759 sit,
997 3696 1100 3765 pici
1126 3707 1487 3763 comparatur.

760 3783 921 3841 νεεδ.
952 3789 1037 3842 ll.
1076 3805 1095 3838 ι
1118 3790 1275 3852 Aves,
1301 3799 1357 3844 et
1392 3789 1562 3852 ericii,
1597 3798 1655 3845 et
1679 3790 1797 3847 ibes
1824 3800 1879 3847 et
1911 3792 2055 3846 corvi
2091 3793 2241 3847 babio

684 3878 881 3932 tabunt
935 3878 987 3931 iu
1032 3894 1094 3933 ea
1130 3896 1143 3932 :
1188 3890 1242 3935 et
1287 3881 1555 3950 injicietur
1600 3896 1760 3951 super
1804 3880 1923 3938 eam
1976 3882 2241 3938 funiculus

684 3970 1000 4040 geometriae
1050 3971 1272 4036 deserti,
1325 3982 1380 4025 et
1427 3972 1772 4026 onocentauri
1824 3972 2142 4027 babitabunt
2188 3974 2239 4026 in

684 4073 813 4112 es.»
866 4058 960 4113 llis
1008 4059 1249 4129 impuras
1283 4062 1491 4117 animas
1522 4060 1809 4129 signiﬁcat,
1858 4062 2048 4130 quales
2087 4072 2242 4116 erant

689 4162 882 4203 eorum
936 4149 1167 4211 animae,
1223 4151 1316 4219 qui
1368 4164 1435 4205 es
1493 4150 1804 4219 alienigenis
1854 4160 1909 4205 et
1965 4152 2241 4207 extraneis

683 4236 939 4304 gentibus
986 4252 1052 4292 eo
1106 4240 1159 4292 in
1216 4240 1332 4293 loco
1376 4249 1555 4307 postea
1597 4240 1938 4306 habitarunt,
1980 4240 2239 4295 idolorum

684 4326 765 4377 t'ttl
778 4336 939 4381 tores.

760 4415 922 4471 Vsus.
952 4416 1037 4470 12.
1081 4435 1097 4466 ι
1125 4415 1397 4487 Principes
1424 4416 1539 4485 ejus
1567 4433 1669 4472 non
1697 4426 1874 4472 erunt.
1904 4416 2077 4487 Reges
2100 4420 2239 4473 enim
2275 4453 2316 4507 υ

2338 3246 2666 3317 ἀναϐήσεται
2690 3244 2719 3297 ὀ
2746 3242 2947 3304 καπνὸς
2974 3239 3143 3309 αὐτῆς
3194 3240 3337 3293 άνω’
3377 3237 3458 3301 είς
3491 3234 3682 3304 γενεὰν
3726 3232 3896 3303 αὐτῆς

2340 3336 2780 3410 έρημωθήσεται,
2833 3333 2927 3387 καὶ
2956 3332 3036 3395 είς
3064 3330 3254 3403 χρόνον
3290 3327 3474 3382 πολύν.
3517 3345 3536 3377 ι
3570 3326 3646 3379 Τὸ
3674 3325 3901 3397 σημεῖον

2338 3428 2437 3497 τῆς
2480 3427 2539 3479 ιν
2583 3422 2735 3495 βάθει
2778 3420 3048 3492 τιμωρίας
3096 3417 3276 3473 αὐτῶν
3318 3417 3432 3480 τοῖς
3480 3414 3592 3469 ἀνω
3643 3411 3901 3484 παρέχων

2340 3519 2470 3590 ὀρᾷν
2500 3515 2588 3569 διὰ
2619 3515 2717 3585 τὴν
2756 3510 3118 3581 ὑποκειμένην
3152 3509 3208 3563 ai
3227 3510 3334 3571 τοῖς
3364 3506 3577 3567 κακίαν,
3610 3502 3784 3575 πίσσῃ
3814 3501 3904 3555 διὰ

2339 3609 2401 3661 τὸ
2428 3604 2690 3668 σκοτῶδες
2718 3603 2815 3657 καὶ
2849 3600 3017 3672 μέλαν
3038 3597 3547 3672 παραϐαλλομένην.

2418 3798 2437 3832 ι
2480 3781 2700 3850 Ὄρνεα,
2724 3779 2819 3831 καὶ
2856 3778 3040 3847 ἐχῖνοι,
3074 3776 3166 3829 καὶ
3199 3774 3352 3839 ίσεις,
3384 3774 3477 3826 καὶ
3501 3772 3733 3843 κόρακες
3772 3787 3903 3826 κατ-

2340 3873 2651 3943 οικήσουσιν
2698 3871 2757 3923 ὲν
2793 3870 2965 3939 αύτῇ’
3012 3868 3107 3921 καὶ
3150 3865 3567 3937 ὲπιθληθήσεται
3610 3864 3697 3916 ἔπ’
3730 3863 3901 3933 αὐτὴν

2344 3963 2604 4035 σπαρτίον
2621 3960 2957 4032 γεωμετρίας
2985 3959 3213 4030 ἐρήμου,
3232 3957 3325 4011 καὶ
3345 3955 3719 4024 όνοκένταυροι
3748 3954 3900 4024 οίχή-

2344 4071 2523 4107 σουσιν
2563 4056 2620 4108 ἐν
2657 4052 2813 4121 αὐτῇ.
2866 4069 2886 4103 ι
2918 4051 2996 4104 Δι’
3018 4043 3095 4103 ὧν
3121 4048 3416 4103 αίνίττεται
3444 4044 3619 4116 ψυχὰς
3650 4042 3904 4116 ἀκαθάρ-

2341 4164 2486 4209 τους,
2516 4146 2694 4199 ὁποῖαι
2717 4139 2855 4213 ἦσαν
2885 4142 2942 4195 αἱ
2982 4139 3091 4193 τῶν
3124 4139 3263 4211 μετά
3299 4138 3471 4191 ταῦτα
3503 4136 3564 4201 ἐξ
3587 4135 3905 4205 ἀλλοφύλων

2344 4238 2435 4292 καὶ
2471 4235 2768 4304 ἀλλογενῶν
2810 4232 2978 4288 ἐθνῶν
3006 4234 3102 4288 τὸν
3126 4234 3292 4287 τόπον
3314 4230 3647 4300 οἰκησάντων
3687 4227 3903 4282 εἰδωλο-

2344 4329 2441 4381 λατ
2450 4327 2578 4399 ρῶν.
3058 4370 3088 4405 λ
3117 4342 3127 4363 τ
3252 4393 3260 4403 ’

2420 4422 2509 4472 «Οἱ
2534 4420 2787 4490 ἄρχοντες
2813 4416 2977 4485 αὐτῆς
3009 4412 3119 4473 οὐκ
3136 4412 3369 4465 ἔσονται.
3416 4410 3478 4463 Οἱ
3520 4408 3624 4478 γάρ
3666 4407 3904 4476 βασιλεῖς

685 4516 739 4560 et
772 4518 1049 4579 tnagnates
1081 4508 1197 4575 ejus
1226 4520 1385 4563 erunt
1411 4510 1461 4564 in
1496 4510 1869 4577 perditionem.
1898 4529 1916 4561 ι
1964 4511 2239 4564 memorias

2345 4511 2436 4562 καὶ
2495 4511 2541 4561 οἱ
2598 4509 2914 4578 μεγιστᾶνες
2964 4504 3131 4575 αὐτῆς
3176 4501 3388 4554 ισονται
3438 4503 3516 4563 τίς
3562 4498 3900 4552 άπὼλειανη

688 4599 950 4663 quosdam
1001 4600 1316 4662 adumbrat,
1374 4603 1465 4667 qui
1522 4602 1571 4654 in
1622 4602 1927 4656 simulacris
1974 4611 2028 4654 et
2086 4600 2241 4655 idolis

689 4701 876 4741 eorum
902 4704 1000 4741 Cen
1034 4691 1082 4741 in
1121 4690 1340 4744 latebris
1368 4692 1616 4758 agebant.

763 4774 1053 4841 Vsus.15,
1094 4778 1181 4833 Μ.
1231 4780 1336 4833 :Et
1378 4794 1727 4835 renascentur
1770 4782 1822 4834 in
1870 4780 2093 4835 urbibus
2125 4781 2241 4846 ejus

690 4869 903 4937 spinosa
927 4879 983 4922 et
1008 4867 1167 4937 ligna,
1193 4880 1247 4922 et
1277 4872 1325 4923 in
1367 4872 1746 4925 munitionibus
1786 4872 1920 4943 ejus.
1977 4871 2043 4925 Et
2084 4880 2242 4925 erunt

690 4957 865 5011 cubile
904 4960 1164 5017 sirenum.
1198 4970 1250 5013 et
1278 4960 1543 5014 stabulum
1563 4961 2024 5015 strutbionum.Et
2057 4956 2240 5014 ob‘via-

692 5048 820 5101 bunt
851 5047 1121 5102 daemones
1156 5052 1532 5103 onoccntauris
1553 5089 1567 5112 ,
1597 5060 1649 5101 et
1678 5050 1982 5105 clamabunt
2011 5050 2146 5103 alter
2174 5050 2239 5103 ad

691 5136 939 5191 alterum.
986 5136 1063 5191 lbi
1104 5140 1444 5206 requiescent
1493 5139 1858 5202 onucentutlri,
1907 5140 2240 5192 invenientes

693 5225 789 5278 sibi
845 5228 1077 5295 requiem
1116 5247 1129 5280 :
1168 5248 1186 5279 i
1248 5228 1639 5282 infructuosam
1697 5244 1875 5281 eorum
1936 5227 2235 5283 doctrinam

694 5317 1019 5383 signiﬁcans.
1057 5319 1412 5382 Quamobrem
1446 5319 1658 5371 vineam
1684 5334 1866 5371 eorum
1897 5321 2078 5386 spinas
2105 5318 2241 5371 emi-

698 5407 829 5460 sisse
870 5422 1027 5475 supra
1058 5408 1100 5439 "'
1144 5409 1453 5462 declarabat
1505 5410 1588 5461 bis
1636 5410 1831 5471 verbis,
1890 5407 2243 5476 ιΕιιεροςιιινὶ

700 5507 754 5547 ιιι
803 5497 997 5551 faceret
1036 5500 1163 5551 mibi
1220 5514 1413 5559 uvam,
1453 5500 1581 5553 fecit
1620 5508 1795 5550 autem
1839 5498 2080 5567 spinas»
2141 5497 2240 5552 Ubi

702 5597 873 5641 autem
908 5590 957 5642 in
989 5590 1270 5642 animabus
1298 5601 1481 5642 eorum
1521 5599 1761 5643 extrema
1793 5590 2013 5643 vastitas
2057 5588 2237 5652 fuerit,

769 5764 806 5791 '“l
838 5758 963 5831 Cap.
999 5778 1047 5826 ν,
1082 5764 1131 5815 l.

2342 4600 2595 4667 δαίμονάς
2634 4616 2782 4660 τινας
2825 4596 3189 4665 αἰνιττόμενος
3224 4595 3351 4656 τοὺς
3383 4592 3439 4645 ἂν
3471 4592 3582 4653 τοῖς
3624 4590 3907 4660 ἀγάλμασι

2345 4692 2439 4759 τῆς
2467 4690 2899 4758 εἰδωλολατρείας
2925 4686 3101 4740 αὐτῶν
3128 4683 3557 4755 ἐμφωλεύοντας.

2420 4798 2435 4825 ι
2467 4779 2571 4831 Kal
2612 4778 2909 4847 ἀναφυήσει
2954 4777 3033 4838 είς
3066 4774 3163 4837 τάς
3196 4774 3375 4837 πόλεις
3418 4771 3593 4826 αὐτῶν
3638 4769 3903 4823 άκάνθινα

2347 4866 2495 4931 ξύλα,
2532 4866 2624 4918 καὶ
2647 4868 2725 4927 εἰς
2752 4866 2820 4916 τά
2845 4862 3172 4934 ὀχυρώματα
3199 4864 3389 4933 αὐτῆς.
3418 4862 3529 4917 Kal
3555 4862 3706 4913 ἔσται
3742 4862 3907 4919 ἐπαύ-

2343 4956 2451 5021 λεις
2480 4960 2756 5028 σειρήνων,
2783 4959 2875 5009 καὶ
2896 4956 3031 5027 αὐλὴ
3058 4955 3347 5025 στρουθῶν.
3372 4954 3483 5010 Kal
3513 4956 3903 5025 συναντήσουσι

2343 5046 2587 5116 δαιμόνια
2626 5044 3060 5114 ὀνοκενταύροις,
3100 5048 3193 5098 καὶ
3226 5044 3507 5115 βοήσονται
3546 5044 3733 5114 ἔτερος
3767 5045 3902 5114 πρὸς

2344 5140 2431 5191 τὸν
2460 5140 2659 5207 ἕτερον.
2702 5139 2845 5189 Ἐκεῖ
2866 5136 3259 5191 ἀναπαύσονται
3290 5136 3681 5205 ὀνοκένταυροι,
3716 5138 3903 5207 εὑρόν-

2344 5244 2431 5289 τες
2465 5229 2643 5291 αύτοῖς
2670 5228 2969 5279 ἀνάπαυσιν
2993 5244 3006 5255 ·
3035 5247 3052 5277 ι
3078 5227 3250 5297 δηλῶν
3280 5226 3375 5288 τας
3406 5227 3690 5295 ἀκάρπους
3722 5228 3901 5279 αὐτῶν

2346 5318 2699 5380 διδασκαλίας.
2746 5318 2833 5370 Διὸ
2880 5318 2969 5370 καὶ
3009 5320 3096 5371 τὸν
3138 5318 3435 5387 ἀμπελῶνα
3472 5317 3647 5369 αὐτῶν
3682 5318 3769 5369 δια
3796 5319 3905 5371 τῶν

2353 5409 2651 5479 ἔμπροσθεν
2662 5410 2847 5480 ἐδήλου
2861 5408 3095 5461 ἄκανθαν
3108 5408 3415 5478 ἀγηοχέναι,
3428 5407 3596 5476 λέγων
3618 5424 3660 5460 't
3678 5409 3742 5460 Ἐ
3752 5425 3905 5477 μεινα

2348 5501 2432 5552 ἵνα
2457 5501 2654 5570 ποιήσῃ
2680 5516 2766 5569 μοι
2791 5500 3079 5569 σταφυλὴν,
3103 5500 3320 5569 ἐποίησε
3340 5499 3396 5550 δὲ
3419 5498 3713 5562 ἀκάνθας.»
3747 5500 3907 5568 Ἔρη-

2350 5589 2475 5651 uia;
2504 5588 2560 5640 δὲ
2589 5589 2685 5657 τῆς
2717 5589 2948 5659 ἐσχάτης
2992 5591 3048 5644 ὲν
3076 5591 3193 5653 ταῖς
3230 5588 3426 5658 ψυχαῖς
3467 5588 3648 5642 αὐτῶν
3674 5588 3904 5659 γενομέ-
