4100 6432
253 418 358 475 337

1149 412 1669 471 COMHBNTARIA
1708 410 1773 466 ΙΝ
1815 410 2070 468 ΙΞΔΙΛΜ.
2111 443 2177 453 -
2215 409 2371 468 CAP.
2411 409 2629 466 XXXV.

254 554 376 608 νης,
417 538 518 591 καὶ
556 535 820 599 ἀκάνθαις
859 533 1237 606 πληρωθείσης
1287 532 1471 588 αὐτῶν
1519 534 1618 604 τῆς
1655 532 1848 605 χώρας,

1963 543 2129 604 atque
2172 547 2304 604 ager
2348 533 2587 604 ipsorum
2642 533 2813 604 spinis
2855 532 3095 604 repletus
3139 533 3277 602 erit;
3324 533 3398 590 ibi
3443 547 3536 590 re-

255 629 490 693 ιίκότως
517 625 897 682 ἀναπαύεσθαι
929 625 988 679 ιν
1011 624 1193 689 αὐτοῖς
1220 623 1296 679 τά
1322 625 1609 696 πνεύματα
1630 624 1698 679 τά
1722 625 1859 680 άκὰ-

255 719 434 793 Θαρτα
474 719 759 792 προλέγει.

329 830 349 862 ι
391 810 555 864 Ἐκεῖ
601 808 916 862 ινόσσιυσεν
959 809 1162 879 ιχῖνος,
1211 807 1312 861 καὶ
1356 805 1562 862 ἔσωσεν
1600 810 1634 880 η
1679 808 1753 879 γῆ
1789 808 1857 862 τά

255 900 454 954 παιδία.
501 899 676 970 αὐτῆς
734 899 870 971 μετὰ
915 899 1233 970 άσφαλείας.
1304 899 1454 953 Ἐκεῖ
1520 903 1856 970 συνήντησαν

255 991 452 1058 ῑλαφοι
477 1028 494 1055 ,
541 990 641 1043 καὶ
676 984 812 1043 εἶδον
862 990 932 1045 τά
975 990 1244 1061 πρόσωπα
1267 988 1535 1062 άλλήλων,
1571 1008 1590 1042 ι
1620 988 1857 1058 Ἔλαφον

254 1080 509 1153 καθαρδν
534 1077 678 1144 ζῶον
706 1074 844 1134 οἶδεν
867 1083 900 1152 ή
928 1079 1050 1134 θεία
1073 1081 1290 1152 Γραφὴ,
1320 1082 1416 1136 καὶ
1442 1079 1612 1135 πολλά
1640 1079 1857 1153 χρηστά

255 1171 388 1243 seps
435 1169 662 1242 ιλάφων
733 1169 990 1236 διδάσκει,
1022 1170 1099 1236 ὡς
1142 1172 1273 1226 δταν
1317 1171 1492 1245 λέγῃο
1537 1190 1559 1224 s
1588 1173 1686 1226 ⁸ον
1726 1171 1854 1245 τρό-

257 1278 360 1317 πον
399 1261 668 1317 ιπιποθιί
693 1262 727 1334 ή
755 1260 949 1332 ιλαφος
971 1279 1019 1314 ο»
1050 1265 1148 1318 καὶ
1173 1262 1338 1318 πάλιν
1362 1280 1375 1293 ο
1412 1282 1432 1316 ι
1454 1262 1615 1334 Φωνὴ
1648 1262 1854 1337 Κυρίου

258 1354 712 1428 καταρτιζομινη
747 1353 1011 1424 ιλάφουςο
1036 1374 1056 1408 ι
1093 1354 1188 1410 καὶ
1221 1351 1383 1420 αὖθις
1407 1373 1420 1387 ·
1452 1375 1470 1408 i
1499 1355 1738 1424 Ἔλαφος
1765 1371 1855 1424 φι-

257 1444 379 1510 λίας
403 1447 508 1500 καὶ
537 1445 719 1508 πῶλος
744 1446 853 1499 σῶν
885 1445 1120 1517 χαρίτων
1151 1447 1411 1517 ὁμιλείτω
1448 1463 1532 1500 σοι
1555 1462 1571 1478 ο
1603 1465 1622 1498 s
1672 1447 1767 1501 καὶ
1794 1446 1854 1500 ιν

258 1537 339 1609 τῷ
377 1538 506 1593 ἰώδ
527 1556 542 1571 ·
591 1558 612 1593 ι
646 1540 946 1610 Ἐφύλαξας
983 1542 1040 1596 δὲ
1078 1543 1254 1614 μῆνας
1287 1541 1536 1610 ἐλάφων,
1571 1539 1767 1604 ὠδίνας
1794 1538 1852 1594 δι

259 1630 444 1684 αὐτῶν
478 1629 875 1697 ἐξαποστελείς.
899 1653 917 1684 ι
941 1634 1050 1688 Καὶ
1081 1633 1241 1696 αὐτὸς
1273 1631 1332 1684 δὲ
1373 1632 1528 1701 ὀστῆς
1564 1631 1850 1704 νύμφης,ὁ

260 1723 321 1775 ἰν
355 1721 439 1793 τῷ
488 1722 730 1794 ’ᾼσματι
775 1724 884 1777 τῶν
933 1723 1212 1796 ᾀσμάτων,
1258 1726 1289 1778 6
1339 1724 1674 1794 ἀδελφιδοῦς,
1726 1723 1850 1777 ἑλά-

1958 625 2138 693 quiem
2169 623 2448 680 habituros
2480 624 2724 695 impuros
2757 624 3033 680 domonas
3059 626 3182 697 jure
3211 625 3476 697 pradicit.

2033 801 2202 858 Vens.
2252 802 2344 859 is.
2400 802 2522 859 ilbi
2570 803 2868 860 nidiilcavit
2905 803 3137 870 ericius,
3193 815 3250 860 et
3294 806 3530 862 servavit

1957 901 2104 949 terra
2155 894 2332 964 pullos
2364 892 2484 963 eius
2528 909 2652 950 cum
2696 896 3009 952 securitate.
3058 896 3138 952 lbi
3173 896 3530 954 obviaverunt

1954 985 2124 1045 cervi.
2163 996 2218 1042 et
2253 985 2507 1042 viderunt
2543 985 2712 1042 facies
2734 1001 2862 1043 suas
2896 997 3101 1043 mutuo.
3133 1005 3153 1041 ι
3181 985 3413 1044 Cervum
3448 989 3532 1045 in—

1955 1084 2040 1132 ter
2067 1076 2321 1132 animalia
2351 1077 2549 1133 munda
2580 1079 2826 1148 agnoscit
2855 1077 3138 1148 Scriptura
3163 1079 3366 1144 divina,
3393 1080 3532 1134 mul-

1956 1173 2120 1234 taque
2145 1165 2212 1222 de
2253 1167 2347 1223 illo
2385 1167 2438 1222 in
2469 1169 2663 1224 bonam
2688 1179 2896 1239 partem
2926 1167 3115 1233 eﬂ'ert,
3159 1179 3220 1224 ut
3259 1184 3382 1226 cum
3405 1171 3526 1227 ait:

1959 1254 2458 1322 «Quemadmodum
2485 1257 2761 1314 desiderat
2800 1273 2998 1317 cervus
3015 1261 3100 1327 ⁶⁶;
3128 1278 3148 1314 ι
3196 1273 3260 1314 ac
3294 1260 3490 1316 iterum
3508 1279 3532 1317 ε

1959 1364 1980 1399 i
2010 1345 2129 1404 Vox
2170 1346 2385 1404 Domini
2439 1364 2753 1420 prcparans
2804 1366 2996 1408 cervos
3017 1353 3108 1420 “;
3137 1370 3160 1407 ι
3195 1361 3255 1408 et
3300 1351 3529 1408 rursus:

1959 1457 1978 1492 ι
2005 1437 2212 1496 Cervus
2233 1439 2512 1503 amicitia,
2542 1450 2596 1496 et
2623 1441 2800 1512 pullus
2825 1443 3125 1514 gratiarum
3157 1453 3396 1513 tuarum,
3420 1446 3529 1500 eol-

1953 1531 2210 1602 loquatur
2240 1543 2418 1588 tecum
2439 1534 2519 1597 ⁸⁸;
2552 1552 2571 1585 ι
2621 1543 2678 1589 et
2717 1534 2769 1588 in
2812 1533 2953 1591 libro
2982 1533 3084 1593 Job
3112 1552 3130 1591 :
3165 1552 3187 1590 ι
3213 1534 3530 1594 Observast-a

1953 1633 2136 1678 autem
2182 1637 2397 1680 menses
2443 1638 2774 1689 cervorum,
2816 1636 2875 1681 et
2913 1625 3130 1683 dolores
3170 1636 3361 1698 partus
3399 1627 3534 1696 ipsis

1953 1716 2216 1773 immittes
2235 1717 2316 1770 ".
2347 1735 2365 1769 ι
2404 1714 2525 1785 ipse
2548 1729 2764 1786 quoque
2790 1727 3008 1787 sponsa:
3040 1717 3276 1774 dilectus
3307 1717 3358 1772 in
3387 1717 3533 1775 Can-

260 1826 348 1880 φῳ
382 1809 824 1882 παραϐἑδληταιο
857 1831 875 1864 ι
904 1813 1125 1883 Ὀμοιός
1160 1815 1277 1868 δστι
1319 1813 1535 1886 δορκάδι
1587 1813 1620 1884 ἢ
1675 1810 1848 1884 νεϐρῷ

1954 1809 2062 1864 tieo
2108 1807 2444 1864 canticorum
2493 1821 2658 1864 cervo
2706 1817 3098 1878 comparatur:
3154 1807 3407 1866 «Similis
3447 1819 3537 1866 est

261 1900 517 1970 ιλάφων,
555 1903 650 1956 snt
687 1905 758 1957 τά
791 1904 892 1978 δρη
950 1904 1280 1979 ἀρωμάτων.
1307 1924 1326 1956 i
1367 1885 1496 1959 Ὅτι
1538 1905 1718 1959 τοίνυν
1754 1906 1848 1960 καὶ

1955 1913 2167 1968 caprea:
2205 1907 2262 1953 et
2319 1897 2548 1954 hinnulo
2589 1913 2903 1964 cervorum,
2948 1913 3114 1967 super
3154 1911 3368 1956 montes
3407 1915 3536 1956 aro-

259 1993 427 2059 αὺτὸς
472 1996 502 2048 ὁ
546 1996 783 2066 νυμφίος
829 1997 1013 2070 ἐλάφῳ
1057 1996 1498 2069 παραϐάλλεται,
1540 1997 1693 2060 τίνας
1719 1995 1856 2050 δ’άν

261 2085 438 2150 εἴποις
470 2085 706 2140 ινταῦθα
730 2087 961 2159 ἐλάφους
992 2089 1026 2161 ἢ
1069 2089 1196 2154 τοὺς
1237 2089 1485 2160 μαθητάς
1514 2089 1605 2142 καὶ
1626 2089 1856 2142 ἀποστό-

260 2173 388 2240 λους
403 2177 588 2240 ςἜστι
609 2175 667 2230 δὲ
684 2178 776 2232 καὶ
785 2178 1096 2249 ὀφιοκτόνον
1107 2177 1168 2232 τὸ
1187 2177 1345 2244 ζῶον.
1360 2178 1611 2233 Διδάσκει
1632 2177 1808 2230 τοίνυν
1826 2179 1856 2231 δ

260 2267 455 2340 παρὼν
473 2267 653 2338 λόγος,
671 2268 749 2332 ὡς
766 2271 873 2325 άπὸ
895 2272 994 2343 τῆς
1018 2271 1254 2343 ἐρημίας
1268 2271 1361 2324 τοῦ
1379 2270 1647 2325 Ἰουδαίων
1669 2269 1855 2334 ἔθνους

259 2356 452 2426 ἔλαφοί
466 2375 614 2423 τινες
632 2359 926 2431 παρῆλθον,
954 2362 1005 2416 οί
1030 2361 1269 2434 μαθηταὶ
1284 2361 1379 2414 τοῦ
1397 2361 1648 2433 Σωτῆρος
1671 2361 1851 2432 ήμῶν

265 2466 287 2498 ι
311 2449 461 2503 Ἐκεῖ
505 2449 638 2522 γάρ,
695 2451 861 2522 φησὶ,
901 2453 1239 2524 συνήντησαν
1285 2451 1510 2522 ἔλαφοι,
1561 2453 1655 2506 καὶ
1714 2447 1854 2505 εἶδον

259 2539 330 2593 τά
380 2540 654 2612 πρόσωπα
705 2541 966 2613 άλλήλων.
991 2561 1012 2596 s
1075 2542 1406 2615 Ἐγνὼρισαν
1444 2544 1554 2614 γάρ
1600 2544 1849 2608 ἑαυτοὺς,

260 2632 358 2686 καὶ
393 2633 494 2702 τῆς
525 2633 706 2704 ψυχῆς
732 2634 912 2688 αὐτῶν
943 2637 1070 2699 τοὺς
1093 2636 1214 2690 κατ’
1245 2636 1429 2689 εἰκόνα
1451 2633 1589 2689 Θεοῦ
1618 2634 1848 2706 γενομέ-

259 2737 386 2785 νους
413 2723 772 2796 χαρακτῆρας
792 2726 1127 2794 ἐπέγνωσαν.
1155 2727 1376 2798 Ἐπειδή
1409 2725 1467 2779 δὲ
1494 2727 1556 2778 οὑ
1584 2724 1850 2796 παρέμει-

260 2829 358 2868 ναν
401 2815 464 2868 tv
506 2816 608 2885 isti.
647 2815 818 2869 πόλει·
853 2816 1141 2890 διέδραμον
1172 2817 1229 2872 δὲ
1257 2816 1417 2881 ἄλλος
1447 2817 1684 2889 ἀλλαχοῦ
1710 2817 1849 2889 πλη-

263 2902 484 2974 ροῦντες
511 2903 574 2957 τὺ
607 2905 966 2976 Εὐαγγέλιον·
996 2907 1187 2962 τούτου
1213 2907 1372 2980 χάριν
1395 2909 1612 2979 εἴρηται
1630 2924 1646 2940 ο

336 3185 357 3218 r
395 3167 599 3240 Ἑτέρα
630 3170 729 3242 τήν
750 3171 943 3244 ἑτέραν
984 3174 1085 3228 οὐκ
1133 3173 1427 3245 ἐζήτησαν,
1469 3175 1552 3228 ὅτι
1584 3177 1614 3229 ὁ
1645 3174 1850 3246 Κύριος

1956 1999 2160 2044 malum
2192 1989 2258 2044 ⁸⁸.
2284 2007 2304 2042 ι
2339 1988 2473 2046 Cum
2505 1991 2689 2060 itaque
2716 2004 2946 2060 sponsus
2969 2006 3135 2048 cervo
3162 2002 3532 2062 comparetur,

1955 2094 2092 2150 quos
2117 2081 2208 2136 bic
2237 2095 2428 2136 cervos
2462 2084 2751 2138 memorari
2786 2083 2960 2148 dicas,
3005 2084 3109 2139 nisi
3150 2083 3448 2152 discipulos
3475 2095 3536 2141 et

1955 2171 2267 2241 apostolos?
2296 2171 2394 2228 Est
2427 2182 2607 2228 autem
2641 2174 2842 2228 animal
2876 2173 3006 2228 illud
3039 2176 3384 2246 serpentibus
3411 2177 3534 2231 esi-

1955 2264 2177 2321 tiosum.
2224 2261 2323 2320 Hic
2358 2279 2491 2332 ergo
2530 2265 2778 2334 docetur,
2809 2281 2873 2318 ex
2903 2263 3212 2321 Judteorum
3238 2267 3535 2324 solitudine

1953 2365 2144 2408 cervos
2174 2352 2443 2424 prodiisse
2482 2354 2766 2423 quosdam,
2792 2354 3046 2410 videlicet
3080 2356 3374 2428 discipulos
3397 2355 3531 2412 Ser-

1951 2444 2160 2498 vatoris
2191 2444 2363 2499 nostri
2394 2462 2411 2500 :
2462 2462 2482 2496 ι
2509 2441 2586 2499 ibi
2618 2446 2784 2510 enim,
2832 2445 2930 2510 ait,
2975 2446 3532 2511 obviaveruntcervi,

1950 2543 2008 2590 et
2034 2534 2288 2590 viderunt
2315 2535 2488 2591 iacies
2522 2549 2651 2592 suas
2685 2548 2897 2592 mutuo.
2918 2555 2939 2589 ι
2990 2535 3124 2592 Sese
3154 2553 3385 2606 namque
3413 2552 3535 2592 mu-

1955 2634 2048 2680 tuo
2096 2636 2476 2697 agnoverunt,
2518 2628 2824 2698 animaeque
2863 2630 2930 2684 ad
2981 2628 3391 2685 similitudinem
3438 2629 3532 2685 Dei

1953 2717 2250 2775 adornatos
2298 2718 2648 2778 characteres
2693 2722 2746 2776 in
2791 2735 2852 2776 se
2890 2721 3120 2777 invicem
3154 2721 3530 2789 deprehende-

1955 2818 2100 2867 runt.
2158 2809 2425 2877 Quoniam
2476 2827 2610 2867 vero
2675 2828 2780 2867 non
2843 2813 2901 2867 in
2957 2828 3064 2868 una
3114 2813 3416 2883 eademque
3453 2814 3536 2868 ci-

1954 2898 2116 2954 vitate
2173 2911 2531 2966 manserunt,
2604 2905 2700 2958 sed
2771 2903 2915 2959 ultro
2988 2903 3239 2974 citroque
3303 2903 3527 2973 singuli,

1955 2990 2228 3064 Evangelii
2287 3009 2484 3050 munus
2556 2996 2882 3068 implentes,
2944 2998 3372 3053 discurrebant:
3410 2998 3531 3054 ideo

1951 3083 2148 3138 dicitur
2173 3100 2188 3138 :

2023 3171 2188 3229 Vens.
2225 3174 2314 3228 i6.
2354 3192 2374 3226 ι
2394 3173 2542 3230 Alter
2573 3175 2805 3231 alterum
2837 3192 2942 3231 non
2976 3177 3245 3247 qtmsivit,
3272 3177 3400 3249 quia
3425 3178 3533 3235 Do—

265 3255 444 3321 αὑτοῐς
486 3258 827 3324 ἐνετείλατο,
870 3263 963 3316 καὶ
1002 3263 1064 3316 τὸ
1095 3261 1315 3334 Πνεῦμα
1343 3264 1508 3318 αὑτοῦ
1543 3267 1848 3337 συνήγαγεν

1953 3262 2132 3318 minus
2173 3263 2279 3318 illis
2330 3266 2612 3332 praecellit,
2656 3276 2709 3320 et
2745 3265 2981 3334 Spiritus
3027 3266 3145 3335 ejus
3180 3247 3534 3340 congregavit

263 3346 450 3412 αὐτάς.
479 3370 500 3401 s
542 3351 601 3403 Ὀ
627 3352 734 3423 γάρ
759 3352 928 3407 εἰπὼν
949 3355 1133 3420 αὐτοῖς
1159 3397 1174 3422 ,
1214 3375 1232 3406 ι
1251 3355 1643 3429 Μαθητεὺσατε
1670 3359 1850 3413 πάντα

262 3435 332 3490 τά
356 3437 487 3508 ἔθνη
542 3441 602 3492 ὲν
649 3440 727 3510 τῷ
775 3443 1000 3513 ὀνόματί
1033 3463 1159 3516 μου,
1199 3466 1217 3497 ι
1243 3447 1406 3510 αὐτὸς
1430 3447 1732 3502 ἐνετείλατο
1773 3447 1848 3519 μὴ

263 3528 402 3582 κατά
435 3529 499 3582 τὸ
531 3529 665 3582 αὐτὸ
710 3536 980 3589 ποιεῖσθαι
1004 3536 1075 3591 τά
1098 3537 1201 3608 τῆς
1235 3539 1544 3604 συστάσεως
1573 3539 1684 3594 τῶν
1724 3541 1848 3595 Ἐκ-

262 3618 362 3690 κλη
369 3619 505 3672 σιῶν
534 3620 734 3676 αὐτῶν.

334 3727 354 3758 a
376 3708 488 3762 Καὶ
515 3710 680 3774 αὐτὸς
719 3711 968 3769 ἐπισαλιῖ
1008 3715 1194 3781 αὐτοῖς
1233 3717 1488 3790 κλήρους,
1525 3721 1618 3774 καὶ
1663 3721 1698 3792 ή
1727 3725 1849 3796 χεὶρ

260 3799 426 3854 αὐτοῦ
474 3801 754 3875 διεμέρισε
801 3806 1114 3877 βόσκεσθαι.
1165 3813 1260 3878 Et;
1303 3812 1396 3867 τὸν
1439 3815 1613 3870 αίῶνα
1655 3819 1848 3888 χρόνον

260 3891 727 3966 κληρονομήσετε,
755 3899 838 3963 είς
873 3901 1069 3970 γενεάς
1093 3904 1299 3973 γενεῶν
1323 3906 1728 3964 ἀναπαύσονται
1761 3912 1847 3964 ἐπ’

258 3980 448 4052 αὐτῆς.
475 4001 511 4074 »ἡ
543 3985 754 4040 Οὐκοῦν
796 3991 890 4044 καὶ
913 3992 1083 4066 νομὴν
1120 3995 1305 4060 αὐτοῖς
1337 3997 1431 4050 καὶ
1463 3997 1666 4071 βοσκην
1705 4019 1849 4074 παρ-

257 4074 426 4142 εῖχεν,
479 4073 674 4147 ὥσπερ
705 4079 799 4132 καὶ
860 4079 1097 4152 κλήρους
1141 4085 1224 4148 είς
1273 4085 1466 4155 γενεάς
1506 4089 1728 4155 γενεῶν,
1766 4073 1848 4155 εἰς

256 4162 318 4254 τὸ
340 4164 720 4223 ἀναπαύεσθαι
759 4170 956 4237 αὐτοὺς
980 4175 1060 4240 τίς
1101 4178 1230 4239 τοὺς
1249 4177 1432 4232 αὐτῶν
1469 4178 1720 4253 κλήρους,
1747 4183 1844 4254 δη-

256 4251 389 4328 λαδὴ
427 4259 543 4320 τοῖς
573 4256 750 4312 ἔθνεσι
783 4263 896 4326 τοῖς
916 4264 1386 4337 άποκληρωθεῖσιν
1411 4251 1616 4334 αὐτοῖς,
1665 4273 1724 4324 ὲν
1765 4251 1847 4338 οἷς

256 4348 336 4410 τίς
356 4347 554 4416 γενεάς
579 4350 781 4416 γενεῶν
812 4351 846 4422 ή
877 4354 1066 4425 μνήμη
1096 4355 1278 4410 αὐτῶν
1309 4358 1368 4408 ὲν
1394 4359 1515 4422 ταῖς
1547 4359 1641 4413 ὑπ’
1667 4361 1846 4416 αὐτῶν

257 4436 588 4508 ίδρυθείσαις
631 4440 974 4513 Ἐκκλησίαις
1005 4445 1459 4519 ἀναζωπυρεῖται.

775 4535 1172 4592 ΚΕΦΔΛΔΙΟΝ
1205 4539 1332 4593 AE'.

328 4639 350 4672 ι
380 4621 754 4696 Εὐφράνθητι,
789 4624 992 4699 ἕρημος
1036 4629 1276 4699 διψῶσαο
1322 4633 1671 4702 άγαλλιάσθω
1717 4637 1846 4710 ἔρη-

258 4730 391 4782 μος,
427 4717 524 4770 καὶ
557 4716 785 4773 άνθείτω
830 4720 907 4784 ὡς
954 4722 1160 4792 κρίνον.
1191 4741 1210 4775 ι
1260 4723 1364 4796 Εῖη
1404 4727 1582 4781 τοίνυν
1623 4728 1762 4802 αὕτη
1808 4733 1842 4803 ή

255 4805 461 4878 ἔρημος
510 4808 660 4881 παρά
690 4811 788 4883 τὴν
829 4811 1222 4884 προλεχθεῖσαν
1255 4813 1416 4882 Σιὼν,
1457 4819 1516 4872 ἐν
1612 4819 1841 4890 ἐχίνους,

256 4905 348 4954 καὶ
385 4901 546 4966 τσεις,
593 4902 686 4954 καὶ
724 4903 986 4975 κόρακας,
1015 4904 1270 4976 δαιμόνιά
1301 4923 1361 4958 τε
1394 4910 1490 4962 καὶ
1524 4909 1846 4965 ὀνοκενταύο

255 5007 382 5062 ρους
413 4993 660 5063 οίκήσειν
706 4992 942 5062 ἐλέγετο,
996 4997 1200 5067 πίσσης
1247 5013 1309 5049 τε
1354 4998 1523 5068 αὐτῆς
1564 5000 1662 5054 καὶ⁵
1692 5000 1838 5054 θείου

255 5081 710 5154 πληρωθήσεσθαι
740 5083 840 5148 τάς
871 5086 1182 5156 φάραγγαςο
1219 5084 1439 5144 Τούτων
1476 5089 1532 5144 δὲ
1573 5091 1705 5162 περὶ
1737 5092 1838 5162 τῆς

253 5172 388 5226 Σιὼν
430 5174 526 5227 καὶ
562 5174 691 5245 περὶ
729 5192 828 5245 της
868 5177 1224 5250 Ἰερουσαλὴμ
1256 5181 1583 5253 εἰρημένων,
1621 5181 1740 5254 ὥρα
1769 5183 1839 5236 τά

253 5261 595 5334 προκείμενα
635 5265 761 5336 περῒ
805 5265 997 5337 ἑτέρας
1035 5268 1247 5339 ἐρήμου
1275 5269 1528 5339 λέγεσθαι
1557 5275 1718 5326 νοεῖν.
1747 5273 1838 5325 Δι-

250 5353 410 5425 Wa
448 5355 560 5427 γὰρ
600 5351 669 5426 ἦν
716 5357 856 5428 αὕτη
885 5359 1154 5433 πρότερον
1181 5363 1215 5433 ἡ
1242 5362 1468 5434 ἔρημος.
1497 5363 1840 5434 ἑστερομένη

252 5445 494 5517 νάματος
530 5447 780 5518 οὐρανίου
801 5465 814 5479 ο
848 5449 986 5504 ἀλλὰ
1014 5451 1226 5525 χαίρειν
1254 5455 1392 5525 αὐτῇ
1430 5455 1526 5508 καὶ
1549 5453 1838 5525 εὐφραίνε-

254 5535 374 5592 σθαι
406 5539 437 5592 6
467 5537 627 5606 λόγος
665 5541 992 5609 προστάττει
1016 5544 1106 5598 διά
1132 5543 1204 5598 τά
1231 5545 1520 5615 λεγόμενα,
1550 5546 1632 5600 ἔτι
1659 5546 1716 5601 δὲ
1745 5547 1841 5601 καὶ

251 5628 432 5682 ἀνθεῖν
478 5629 558 5692 ὡς
607 5632 827 5701 κρίνον
877 5633 1018 5688 ὥστε
1069 5635 1275 5706 λέγειν’
1318 5637 1594 5707 «Χριστοῦ
1644 5637 1840 5692 εὐωδία

321 5815 368 5845 ⁶⁹
396 5813 544 5870 l'sal.
578 5830 688 5882 xu,
726 5815 774 5870 Ι.
849 5819 895 5851 ⁸ο
925 5817 1062 5874 l'sal.
1110 5832 1302 5888 XXVIII,
1331 5824 1383 5875 ει.

1875 4593 1923 4651 D

1949 3369 2064 3409 eos.
2099 3372 2119 3406 ι
2175 3354 2390 3410 Etenim
2449 3355 2540 3424 qui
2587 3357 2799 3411 dixerat
2849 3357 3000 3424 illis,
3056 3359 3298 3414 «Docete
3339 3373 3532 3414 omnes

1947 3454 2134 3510 gentes
2193 3445 2246 3500 in
2304 3445 2525 3501 nomine
2579 3460 2780 3514 meo;s
2829 3449 2971 3503 idem
3029 3449 3144 3520 ipse
3191 3451 3404 3517 vetuit,
3457 3465 3527 3506 ne

1949 3532 2003 3586 in
2066 3549 2174 3588 uno
2239 3535 2542 3604 eodemque
2604 3535 2726 3591 loco
2786 3535 3061 3594 Ecciesias
3127 3554 3258 3595 suas
3325 3541 3533 3596 consti-

1950 3633 2185 3680 tuerent.

2018 3713 2182 3770 Vens.
2210 3716 2329 3770 17.:
2356 3716 2911 3788 Etipseimmitteteis
2926 3719 3532 3787 sortes,etmanusejus

1948 3806 2153 3872 divisit,
2169 3819 2228 3862 ut
2242 3820 2558 3879 pascantur.
2579 3809 2634 3865 In
2651 3819 2912 3867 :eternum
2933 3823 3143 3884 tempus
3157 3813 3528 3869 lia-reditatem

1947 3899 2273 3965 sortiemini,
2287 3901 2340 3954 in
2356 3902 2732 3972 generationes
2749 3901 3159 3973 generationum
3181 3919 3273 3974 req
3283 3904 3530 3959 niesceot

1949 3989 2001 4044 in
2041 4007 2125 4047 ea.
2158 4009 2176 4043 ι
2225 3991 2485 4048 Paiiulum
2535 4007 2666 4063 ergo
2701 3994 2830 4063 ipsis
2869 4005 2925 4049 et
2970 4010 3166 4066 pascua
3210 3995 3526 4066 suppedita-

1947 4084 2045 4151 vit,
2081 4085 2316 4154 itemque
2349 4095 2524 4141 sortes
2569 4085 2622 4140 in
2659 4087 3038 4156 generationes
3075 4089 3526 4156 generationuin;

1947 4185 2007 4228 ut
2046 4175 2239 4245 singuli
2279 4176 2334 4231 in
2375 4176 2615 4234 sortibus
2654 4178 2769 4233 suis
2811 4179 3242 4248 requiescerent,
3275 4179 3529 4234 videlicet

1949 4268 2001 4323 in
2036 4269 2290 4338 gentibus
2323 4268 2428 4323 sibi
2470 4280 2618 4325 sorte
2664 4270 2954 4340 assignatis
2987 4290 3000 4325 :
3037 4273 3148 4336 ubi,
3187 4274 3440 4325 nimirum
3471 4273 3525 4326 in

1949 4358 2016 4411 iis
2062 4373 2200 4427 quas
2228 4359 2588 4414 fuutlaveruut
2619 4361 2898 4426 Ecclesiis,
2937 4367 3201 4417 memoria
3236 4379 3422 4418 eorum
3470 4365 3523 4419 iu

1947 4449 2326 4519 generationes
2353 4453 2758 4520 geuerationum
2794 4465 3044 4509 servatur
3074 4465 3128 4508 ct
3160 4457 3324 4524 viget.

2503 4542 2731 4600 CAPUT
2759 4543 2970 4598 XXXV.

2020 4632 2182 4688 Vens.
2213 4629 2265 4684 1.
2289 4648 2308 4682 ι
2333 4629 2560 4697 ιιιιιπε,
2592 4634 2866 4689 desertum
2893 4634 3084 4688 sitiens
3117 4651 3131 4685 :
3168 4633 3404 4688 exsultet
3429 4647 3522 4688 so-

1943 4725 2144 4789 litudo,
2196 4732 2251 4780 et
2302 4723 2498 4779 ﬂoreat
2542 4726 2684 4780 sicut
2718 4725 2911 4780 lilium.
2939 4745 2957 4778 ι
3002 4724 3128 4781 Hice
3170 4727 3332 4797 igitur
3382 4725 3524 4780 soli-

1945 4821 2096 4882 tudo,
2142 4819 2249 4874 alia
2295 4817 2458 4872 fuerit
2487 4833 2516 4870 a
2562 4822 2714 4885 prius
2745 4829 3050 4873 memorata
3094 4816 3287 4883 Sione,
3329 4819 3381 4872 in
3412 4833 3525 4888 qua

1942 4910 2171 4977 ericios,
2217 4910 2363 4974 ibes,
2419 4924 2644 4977 corvos,
2693 4912 2972 4964 daemonas
3017 4917 3075 4962 et
3124 4916 3524 4962 onocentauros

1948 5003 2287 5057 iiabitaturos
2319 5017 2459 5066 esse,
2515 5016 2576 5055 ac
2615 5002 2769 5070 cujus
2793 5000 2962 5054 valles
3014 5001 3132 5068 pice
3172 5011 3228 5053 et
3258 5000 3522 5067 sulphure

1947 5095 2208 5162 repletum
2254 5094 2344 5156 iri,
2390 5095 2696 5148 dicebatur.
2744 5092 2876 5146 Cum
2911 5106 3042 5162 ergo
3097 5091 3222 5145 talia
3263 5091 3331 5146 de
3355 5091 3523 5148 Sione

1945 5194 2001 5239 et
2055 5183 2123 5238 de
2158 5183 2492 5256 Jerosolyma
2541 5183 2910 5255 proferantur,
2961 5191 3132 5238 restat
3169 5190 3227 5237 ut
3267 5195 3354 5245 ea,
3399 5197 3522 5252 qua:

1940 5275 2052 5344 jam
2085 5285 2412 5341 tractantur,
2453 5278 2519 5331 de
2563 5276 2668 5330 alia
2709 5274 3003 5330 solitudine
3041 5274 3384 5344 pronuntiari
3437 5274 3522 5328 in-

1949 5369 2278 5434 telligamus.
2336 5368 2546 5424 Etenim
2576 5384 2704 5424 vere
2753 5367 3028 5422 sitibuuda
3071 5367 3199 5421 olim
3251 5375 3370 5420 erat
3425 5364 3520 5420 illa

1947 5457 2207 5519 solitudo,
2265 5456 2481 5512 ﬂuentis
2535 5456 2850 5513 caelestibus
2891 5457 3083 5511 orbata
3121 5475 3136 5511 :
3181 5468 3367 5509 verum
3401 5468 3521 5510 me-

1948 5543 2173 5598 moratis
2197 5543 2263 5598 de
2296 5545 2475 5600 causis
2509 5543 2679 5599 laetari
2708 5553 2766 5600 et
2806 5543 3100 5609 exsultare,
3137 5544 3378 5611 itemque
3413 5543 3523 5598 sic-

1946 5646 2007 5691 ut
2057 5635 2222 5692 Iiliuiu
2269 5634 2464 5693 ﬂorere
2507 5636 2765 5707 iubetur;
2812 5637 2886 5691 ita
2929 5647 2989 5692 ut
3038 5637 3226 5693 dicat:
3257 5654 3278 5690 t
3316 5635 3518 5694 Christi

1466 5827 1500 5851 "
1533 5823 1687 5879 Ιίὐν.
1716 5839 1768 5890 v,
1805 5824 1887 5880 l9.
1963 5824 2006 5854 υ
2030 5819 2149 5877 Job.
2179 5834 2367 5889 χλιιι,
2409 5821 2456 5879 Ι.
2531 5822 2580 5900 ξ³
2609 5820 2766 5879 Cant.
2822 5835 2884 5890 tt,
2913 5820 2969 5876 9.
