4100 6412
247 425 346 481 ειι

1141 417 1650 475 COMMENTARIA
1691 415 1754 470 IN
1799 416 2048 480 ISAJAM.
2095 445 2160 455 —
2198 413 2350 470 CAP.
2394 411 2610 469 XXXV.

3406 404 3516 462 δη

251 556 405 608 μενοι
437 539 540 603 τὰς
572 539 764 610 βάσεις
792 537 888 604 τῆς
923 535 1098 604 ψυχῆς
1141 533 1486 602 ἀνεπήδησαν
1521 531 1734 596 ἐλάφων
1765 529 1826 580 δί-

1944 543 2170 598 quorum
2206 528 2400 582 anima:
2441 540 2660 596 gressus
2707 523 2928 578 resoluti
2971 537 3035 576 ac
3077 520 3286 575 remissi
3337 534 3514 584 erant,

246 649 370 701 κην,
412 636 530 694 τοῖς
562 629 746 686 αὐτῶν
772 627 1181 697 ἑξομοιωθέντες
1217 624 1584 685 διδασκάλοις
1626 622 1718 684 οὓς
1750 641 1836 691 μι-

246 722 378 793 κροῦ
409 723 659 791 πρόσθεν
707 721 938 788 ἐλάφους
969 718 1246 786 ὠνόμασεν
1279 718 1313 785 η
1361 714 1683 785 προφητεία.
1731 715 1838 766 Καὶ

245 816 276 883 ἠ
321 813 435 867 τῶν
483 812 795 883 μογιλάλων
821 811 1058 878 γλῶσσα,
1101 810 1167 878 ἣν
1200 807 1490 875 συνέδησεν
1533 809 1562 858 ὁ
1592 807 1836 868 Σατανᾶς

245 907 382 974 πρὸς
409 906 481 956 τὸ
517 906 594 974 μὴ
629 903 897 970 θεολογεῖν
928 901 1018 954 τὸν
1056 900 1226 971 άληθῆ
1259 898 1414 959 Θεὸν,
1459 896 1634 967 τρανὰ
1670 897 1834 965 φθέγ-

244 994 438 1063 γεσθαι
478 995 574 1047 καὶ
610 993 991 1064 διηρθρωμένα
1034 989 1376 1060 μεμάθηκεν.
1405 986 1742 1054 Μογιλάλους
1781 987 1836 1037 δὲ

244 1087 343 1139 οὑκ
375 1085 450 1139 ἂν
482 1088 759 1156 ⁸άμάρτοις
798 1083 966 1137 εἰπὼν
997 1083 1123 1145 τοὺς
1155 1081 1308 1151 παρὰ
1356 1083 1466 1142 τοῖς
1511 1082 1694 1146 σοφοῖς
1744 1079 1834 1130 τοῦ

243 1178 444 1241 αίῶνος
497 1178 718 1240 τούτου,
775 1175 931 1245 μόγις
977 1174 1105 1226 ποτε
1148 1172 1524 1242 τολμήσαντας
1575 1168 1734 1239 ὀρθόν
1785 1187 1835 1221 τι

245 1270 521 1340 φρονῆσαι
558 1267 654 1320 καὶ
680 1268 853 1319 εἰπεῖν
883 1266 1010 1335 περὶ
1039 1262 1195 1317 Θεοῦ.

318 1379 338 1411 ε
369 1361 502 1412 Ὀτι
532 1359 745 1429 ἐρράγη
779 1357 837 1408 ἑν
863 1358 930 1427 τῇ
970 1357 1160 1426 ἐρήμῳ
1200 1353 1374 1424 ὕδωρ,
1417 1351 1508 1404 καὶ
1538 1349 1754 1420 φάραγξ
1782 1352 1836 1401 ἐν

243 1451 315 1519 γῇ
339 1447 580 1519 δαμῦσῃ.
613 1448 723 1500 Καὶ
754 1446 906 1498 ἔσται
937 1448 969 1516 ἡ
999 1445 1222 1515 ἄνυδρος
1256 1445 1336 1506 είς
1368 1443 1484 1511 ἕλη,
1522 1443 1614 1495 καὶ
1638 1445 1715 1506 εἰς
1741 1445 1836 1512 τὴν

243 1538 494 1607 διψῶσαν
542 1540 647 1610 γῆν
697 1540 847 1609 πηγὴ
895 1539 1083 1600 ὕδατος
1127 1536 1300 1589 ἔσται.
1355 1535 1498 1598 Ἐκεῖ
1532 1535 1834 1604 εὐφροσύνη

243 1628 475 1699 ὀρνέων,
529 1629 802 1692 ἐπαύλεις.
836 1628 1080 1698 καλάμου
1131 1628 1224 1680 καί
1269 1625 1388 1694 ἕλη.
1417 1645 1434 1674 ι
1485 1623 1560 1677 Τὸ
1606 1627 1705 1694 μὲν
1743 1622 1835 1676 οὖν

247 1719 393 1790 ὕδωρ
411 1760 429 1783 ,
465 1721 602 1775 αὐτὸ
632 1717 700 1793 ἦν
732 1723 906 1774 ἐκεῖνο
935 1722 997 1774 τὺ
1027 1719 1120 1773 τοῦ
1167 1719 1434 1789 Ἰορδάνου
1460 1735 1472 1748 ο
1509 1718 1591 1772 διὸ
1621 1719 1836 1786 ἐλέγετο

249 1811 434 1883 μικρῷ
472 1811 714 1883 πρόσθεν
737 1831 752 1845 ο
811 1832 829 1864 ι
859 1812 967 1865 Καὶ
1002 1810 1383 1879 ἁγαλλιάσεται
1413 1810 1480 1862 τὰ
1522 1810 1703 1880 ἔρημα
1740 1809 1832 1862 τοῦ

1935 619 2046 688 jatn
2096 634 2378 674 cervorum
2429 620 2600 672 instar
2647 614 2988 676 essilierunl,
3039 612 3350 666 doctoribus
3401 614 3516 666 suis

1937 712 2142 766 similes
2169 710 2378 772 effecti,
2415 724 2552 778 quos
2599 709 2757 776 paulo
2803 720 2964 775 supra
3005 715 3193 758 cervos
3232 704 3515 772 prophetia

1940 804 2168 859 vocavit.
2204 802 2492 856 thlborum
2528 811 2706 853 autem
2749 798 2949 866 lingua,
2982 810 3166 865 quam,
3211 809 3279 849 ne
3326 808 3513 847 verum

1940 896 2107 950 Deum
2134 895 2510 955 conﬁteretur,
2544 891 2894 960 colligaverat
2920 887 3178 951 Satanas,
3207 887 3351 941 clara
3383 900 3515 939 voce

1939 998 1995 1041 et
2038 986 2362 1040 articulatim
2419 985 2582 1037 verba
2645 981 3000 1052 pronuntiare
3049 978 3260 1033 didicit.
3318 977 3518 1032 Balbos

1939 1092 2100 1147 porro
2147 1078 2462 1145 neutiquam
2497 1078 2738 1138 aberres,
2777 1074 2822 1126 si
2863 1073 3014 1127 dicas
3051 1073 3145 1125 eos
3173 1084 3296 1125 esse
3327 1085 3393 1124 ex
3422 1084 3515 1122 sa-

1937 1169 2208 1239 pientibus
2238 1170 2397 1238 hujus
2430 1166 2639 1230 saeculi,
2673 1166 2764 1235 qui
2792 1165 2881 1219 vis
2913 1163 3048 1218 recti
3079 1161 3281 1232 aliquid
3310 1162 3377 1218 de
3405 1161 3516 1216 Dee

1939 1275 2175 1330 unquam
2208 1264 2410 1316 sentire
2439 1274 2502 1313 ac
2532 1257 2717 1312 dicere
2743 1259 2859 1314 ausi
2887 1266 3034 1312 sunt.

2012 1354 2177 1407 Vens.
2207 1353 2260 1407 7.
2309 1352 2484 1419 «Quia
2519 1351 2698 1418 erupit
2727 1351 2778 1403 in
2811 1351 3026 1404 deserto
3065 1362 3228 1416 aqua,
3269 1357 3327 1401 et
3362 1345 3518 1401 vallis

1939 1447 1992 1498 in
2027 1454 2172 1498 terra
2201 1442 2432 1497 sitienti.
2478 1441 2542 1494 Et
2568 1442 2672 1496 erit
2705 1441 2966 1508 inaquosa
2998 1441 3052 1494 in
3084 1439 3325 1509 paludes,
3370 1449 3424 1493 et
3463 1438 3515 1492 in

1940 1547 2082 1590 terra
2135 1536 2341 1590 sitienti
2395 1535 2518 1589 l'ons
2574 1548 2731 1601 aqua:
2779 1534 2902 1590 erit.
2958 1533 3033 1588 lbi
3076 1532 3259 1586 laetitia
3307 1531 3515 1595 avium,

1940 1629 2112 1684 caulae
2153 1627 2440 1682 arundinis
2472 1635 2527 1681 et
2570 1626 2816 1695 paludes.
2844 1646 2862 1678 ι
2895 1627 3049 1695 Aqua
3079 1625 3292 1688 isthmc,
3315 1625 3384 1678 de
3411 1639 3517 1692 qua

1941 1718 2201 1786 loquitur,
2249 1715 2502 1771 Jordanis
2531 1725 2649 1769 erat
2679 1729 2694 1768 :
2735 1731 2905 1783 quare
2933 1714 3094 1780 paulo
3129 1724 3258 1768 ante
3296 1713 3515 1768 diceba-

1939 1819 2049 1865 tur.
2092 1828 2111 1861 ι
2146 1809 2210 1864 Ει
2242 1807 2595 1862 exsultabunt
2630 1807 2843 1861 deserta
2870 1805 3142 1860 Jordanis.
3173 1825 3193 1858 ι
3231 1804 3350 1870 Quo
3380 1804 3518 1858 lava-

257 1897 551 1972 Ἰορδάνου.
580 1920 600 1954 a
635 1903 716 1955 Δι’
748 1896 809 1955 οὗ
839 1901 930 1954 καὶ
969 1900 1210 1970 ᾐνίττετο
1236 1900 1298 1952 τὸ
1339 1898 1561 1970 λουτρὸν
1605 1901 1701 1969 τῆς
1734 1916 1826 1953 πα-

1941 1918 2093 1957 crum
2143 1900 2568 1970 regenerationis
2623 1899 3039 1961 subindicabat,
3085 1913 3296 1954 necnon
3319 1895 3515 1952 Testa-

245 1991 626 2061 λιγγενισίας,
676 1994 771 2046 καὶ
821 1993 884 2046 τὺ
939 1993 1040 2062 τῆς
1085 1991 1277 2061 καινῆς
1311 1992 1582 2063 Διαθήκης
1629 1996 1832 2062 μυστή-

247 2103 390 2156 ριονο
436 2095 508 2139 τά
532 2085 589 2138 δὲ
619 2085 810 2156 ῥεῖθρα
834 2087 959 2148 τοὺς
986 2084 1374 2153 εύαγγελικοὺς
1401 2083 1591 2153 ἐδήλου
1620 2083 1828 2151 λόγους.

250 2203 267 2233 ε
293 2177 656 2253 Εὐφροσύνην
681 2176 910 2247 όρνέωνο
934 2194 953 2226 ι
984 2173 1169 2244 ψυχῶν
1194 2175 1586 2244 ὲπτερωμένων
1609 2173 1828 2244 δηλαδὴ,

244 2276 340 2328 καὶ
393 2269 813 2345 μετεωροποιῶν
836 2309 852 2332 ,
892 2268 985 2322 καὶ
1027 2267 1202 2322 ἄλλων
1241 2267 1463 2338 ἡμέριον
1505 2269 1600 2320 καὶ
1641 2269 1830 2339 πράων

241 2369 352 2422 ὑπὸ
403 2367 484 2438 τῷ
539 2366 692 2435 καλῷ
745 2362 991 2434 ποιμένιη
1016 2360 1399 2432 διοικουμένων
1455 2362 1531 2424 ὡς
1573 2360 1829 2415 δύνασθαι

239 2458 426 2526 λέγειν
449 2474 463 2488 ·
511 2457 756 2528 «Κύριος
794 2455 1070 2524 ποιμαίνει
1107 2471 1206 2524 με,
1252 2454 1344 2506 καὶ
1389 2453 1540 2507 οὐδέν
1577 2472 1641 2524 με
1672 2453 1826 2507 ὑστε-

239 2549 428 2620 ρήσει.
455 2567 476 2600 ι

317 2638 553 2692 «Ἔσται
583 2640 701 2691 ἐκεῖ
727 2637 844 2700 ὁδὸς
871 2637 1108 2708 καθαρὰ,
1146 2638 1241 2691 καὶ
1272 2637 1389 2699 όδὸς
1412 2635 1544 2704 ἁγία
1571 2636 1830 2708 κληθήσε-

237 2746 369 2783 sar
421 2730 518 2784 καὶ
545 2730 608 2782 οὐ
653 2731 728 2800 μὴ
759 2731 1000 2800 παρέλθῃ
1032 2732 1147 2782 ἐκεῖ
1172 2729 1498 2798 ἀκάθαρτος.
1529 2751 1548 2780 ι
1588 2731 1737 2800 Αὕτη
1771 2730 1826 2783 δὲ

241 2822 327 2892 εἴη
357 2821 426 2874 ἂν
466 2822 502 2891 ἡ
539 2821 830 2889 ἀπάγουσα
861 2823 954 2875 ὶπὶ
995 2823 1056 2876 τὸ
1102 2825 1497 2894 τρισμακάριον
1540 2822 1692 2885 τέλος
1727 2824 1825 2893 τῆς

241 2913 570 2982 ιπουρανίου
605 2913 698 2964 τοῦ
742 2911 875 2965 Θεοῦ
909 2914 1133 2978 πόλεως,
1166 2917 1230 2984 ἣν
1264 2914 1531 2984 παριστὰς
1569 2917 1598 2968 ὁ
1636 2914 1826 2986 Σωτὴρ

241 3001 429 3070 ἱλιτεν
454 3016 467 3028 ’
494 3021 512 3053 ι
538 3001 680 3070 Ἐγώ
710 3003 823 3072 εξμι
843 3005 876 3071 ὴ
909 3003 1045 3067 ὁδός.
1089 3024 1107 3055 ι
1141 3023 1158 3054 ι
1181 3003 1315 3056 Οὐδὲ
1365 3003 1517 3057 ἔσται
1562 3007 1677 3056 ἐκεῖ
1709 3005 1828 3067 όδδς

240 3091 554 3162 ἀκάθαρτος
577 3109 592 3122 ·
628 3095 680 3145 oi
719 3092 776 3145 δὲ
812 3093 1200 3165 διεσπαρμένοι
1232 3095 1584 3165 πορεύσονται
1613 3097 1700 3149 ἐπ’
1730 3096 1829 3148 αὺ-

1936 1995 2101 2048 menti
2137 1993 2268 2046 Novi
2311 1994 2628 2062 mysterium
2671 2009 2686 2045 :
2738 2007 2832 2061 per
2862 1991 3061 2045 ﬂuenta
3096 2002 3304 2055 autem,
3351 2005 3515 2045 evan-

1933 2085 2133 2153 gelicos
2171 2099 2453 2138 sermones
2483 2085 2725 2138 denotat.
2763 2103 2780 2134 ι
2807 2082 3020 2137 laetitia
3062 2085 3280 2148 avium;
3307 2101 3326 2133 ι
3367 2081 3518 2136 vide-

1933 2175 2058 2230 licet
2083 2176 2390 2228 animarum
2424 2186 2806 2244 pennatarum,
2841 2185 2898 2230 et
2929 2175 3347 2238 altivolantium,
3381 2175 3518 2229 alia-

1933 2287 2161 2340 rumque
2225 2279 2632 2326 mansuetarnm
2689 2285 2754 2324 ac
2806 2270 2962 2324 bonae
3030 2267 3264 2332 indolis,
3311 2281 3434 2336 quae
3485 2282 3515 2318 a

1933 2366 2073 2420 bono
2114 2375 2328 2435 pastore
2373 2371 2661 2433 reguntur;
2710 2373 2767 2416 ut
2815 2363 3002 2415 dicere
3035 2361 3298 2415 valeant:
3355 2377 3373 2410 ι
3404 2359 3515 2412 Do-

1932 2456 2111 2512 ntinus
2140 2459 2312 2527 pascit
2345 2471 2451 2522 me,
2480 2466 2533 2510 et
2563 2455 2700 2510 nihil
2735 2455 2864 2508 mihi
2899 2453 3074 2508 deerit
3096 2453 3164 2505 ⁸⁸.
3193 2473 3214 2506 ι

2002 2633 2164 2691 Vens.
2199 2636 2253 2690 8.
2305 2657 2322 2686 ι
2351 2636 2423 2691 lbi
2454 2636 2560 2690 erit
2594 2635 2678 2688 via
2719 2650 2873 2703 pura,
2915 2643 2970 2688 et
2997 2635 3079 2687 via
3121 2643 3311 2686 sancta
3345 2647 3507 2685 voca-

1930 2728 2115 2791 bitur;
2176 2739 2231 2782 et
2291 2744 2395 2782 non
2460 2727 2714 2782 transibit
2778 2725 2903 2780 illac
2955 2724 3331 2778 immundus.»
3384 2710 3513 2777 Haec

1931 2834 2062 2874 sane
2093 2818 2255 2875 fuerit
2306 2823 2422 2886 illa,
2457 2836 2579 2890 quae
2630 2819 2779 2874 ducit
2825 2820 2890 2872 ad
2929 2816 3298 2872 felicissimum
3348 2815 3509 2868 tinem

1927 2912 2174 2968 cmlestis
2222 2913 2316 2968 Dei
2369 2913 2640 2975 civitatis,
2691 2925 2855 2980 quam
2907 2910 3194 2964 declarans
3246 2909 3512 2963 Servator

1929 3005 2141 3060 dicebat
2177 3025 2189 3062 :
2245 3024 2263 3056 ι
2300 3006 2407 3075 Ego
2433 3019 2553 3058 sum
2601 3006 2682 3056 via
2710 3022 2728 3054 ι
2759 3004 2828 3060 ⁸⁷.
2883 3021 2901 3054 ι
2926 3000 3113 3071 Neque
3149 3000 3254 3056 erit
3302 3001 3372 3055 ibi
3422 3000 3510 3053 via

1930 3095 2139 3166 impura
2174 3115 2187 3149 :
2218 3099 2308 3166 qui
2347 3105 2529 3150 autem
2584 3096 2814 3163 dispersi
2861 3105 3012 3156 sunt,
3052 3091 3407 3148 ambulabunt
3454 3094 3509 3145 in

240 3180 358 3250 τῆς,
392 3181 487 3234 καὶ
513 3181 574 3232 ού
626 3180 700 3250 μὴ
736 3181 1063 3253 πλανηθῶσι.
1100 3201 1117 3234 ι
1161 3183 1316 3245 Τίνες
1351 3182 1408 3235 δὲ
1444 3178 1609 3245 οὗτοι,
1643 3183 1759 3237 ἀλλ’
1791 3185 1824 3254 ἢ

1932 3202 2015 3252 ea,
2053 3205 2228 3258 neque
2249 3190 2532 3244 errabunt.
2559 3207 2576 3238 ι
2624 3188 2853 3253 Quinam
2897 3187 2995 3251 illi,
3045 3187 3145 3240 nisi
3191 3185 3282 3254 qui
3314 3184 3442 3239 olim
3479 3200 3509 3239 a

242 3241 508 3327 οίνπάλαι
555 3241 992 3342 διεσκεδασμένοι
1030 3273 1122 3334 τοῦ
1156 3241 1310 3326 Θεοῦ⁷
1333 3275 1425 3328 καὶ
1477 3241 1694 3344 μακρὰν
1731 3241 1826 3345 τῆς

1935 3280 2043 3334 Deo
2083 3282 2398 3353 disgregati,
2427 3297 2456 3334 a
2484 3282 2715 3335 veritate
2746 3281 2930 3348 procul
2966 3279 3396 3334 aberraverant?
3443 3277 3507 3332 lli

240 3362 503 3431 ἀληθείας
528 3363 1036 3432 άποπλανηθέντες;
1087 3359 1244 3418 Οὗτοι
1284 3365 1426 3436 γὰρ,
1461 3365 1826 3436 παλινδρομή-

1932 3388 2164 3442 namque
2195 3374 2533 3444 retrogressi,
2571 3374 2896 3439 inventaque
2947 3383 3087 3427 recta
3147 3372 3387 3440 nullique
3411 3386 3506 3426 cr-

246 3467 435 3516 σαντες
461 3492 477 3515 ,
529 3455 624 3505 καὶ
652 3455 750 3523 τὴν
785 3453 993 3507 εὐθεῖαν
1032 3455 1125 3508 καὶ
1158 3454 1377 3524 ἀπλανῆ
1409 3456 1526 3508 όδὸν
1555 3456 1826 3527 εὑρόντες,

1932 3465 2038 3518 rori
2066 3467 2300 3521 obnoxia
2332 3468 2438 3530 via,
2470 3467 2521 3520 in
2555 3481 2617 3520 ea
2646 3467 3022 3520 ambulabunt.

245 3545 612 3615 πορεύσονται
645 3545 703 3596 ἑν
729 3546 889 3614 αὐτῇ.
1646 3537 1654 3545 ’

317 3658 334 3688 ι
361 3638 474 3690 Καὶ
502 3637 606 3688 οὐκ
635 3635 785 3688 ἔσται
813 3639 926 3690 ἐκεῖ
957 3637 1112 3701 λέων,
1143 3638 1265 3690 οὐδὲ
1301 3639 1411 3693 τῶν
1439 3640 1692 3710 πονηρῶν
1732 3640 1826 3710 θη-

2004 3643 2162 3699 Vens.
2190 3645 2241 3698 9.
2296 3646 2405 3698 ιΕι
2457 3660 2562 3698 non
2618 3645 2721 3698 erit
2777 3643 2852 3697 ibi
2883 3643 2987 3707 leo,
3041 3658 3214 3712 neque
3268 3641 3378 3696 ulla
3437 3659 3506 3697 ex

245 3726 373 3798 ρίων
401 3727 466 3778 ού
499 3727 576 3796 μὴ
612 3726 784 3796 ἀναϐῇ
818 3728 896 3789 είς
927 3727 1116 3796 αὐτὴν,
1149 3726 1271 3779 οὐδὲ
1306 3728 1381 3799 μὴ
1417 3728 1611 3799 εὑρεθῇ
1641 3732 1776 3781 ἐκεῖ.
1802 3751 1821 3782 ι

1932 3737 2086 3792 malis
2129 3736 2317 3792 beetiis
2363 3736 2620 3792 ascendet
2669 3737 2720 3789 in
2776 3751 2918 3799 eam,
2976 3750 3150 3802 neque
3199 3735 3508 3789 invenietur

245 3817 364 3881 Πῶς
393 3816 505 3888 γὰρ
544 3817 641 3869 καὶ
675 3811 785 3868 οἶόν
815 3835 875 3869 τε
900 3814 969 3887 ἦν
1000 3820 1060 3870 ὲν
1085 3817 1163 3887 τῷ
1187 3819 1452 3889 εἰρηκότι,
1493 3840 1511 3870 ι
1546 3819 1685 3887 Ἐγώ
1712 3821 1826 3890 ειμι

1932 3827 2022 3882 ibi.
2058 3848 2078 3881 ι
2134 3829 2235 3896 Qui
2285 3830 2431 3884 enim
2463 3828 2578 3882 ﬁeri
2610 3837 2821 3896 poterat
2849 3868 2864 3891 ,
2917 3839 2974 3880 ut
3000 3829 3052 3880 in
3095 3843 3161 3882 eo
3183 3866 3198 3891 ,
3227 3827 3318 3894 qui
3353 3828 3510 3883 dixe-

242 3911 276 3978 ἡ
323 3910 513 3973 όδὸς,»
569 3909 859 3980 εὑρεθῆναί
907 3929 962 3964 τι
1009 3910 1117 3964 τῶν
1167 3912 1448 3982 πονηρῶν;
1506 3911 1639 3965 Οὐδὲ
1677 3912 1826 3976 ὁδοὺς

1932 3933 2035 3987 rat,
2071 3939 2090 3972 ι
2122 3922 2232 3993 Ego
2269 3938 2388 3977 sum
2434 3921 2540 3982 via,
2572 3940 2590 3971 ι
2630 3921 2755 3974 mali
2804 3920 3084 3988 quidpiam
3127 3919 3506 3987 reperiretur?

240 3999 416 4068 ιφεως
461 4001 558 4054 ἐπὶ
609 4001 812 4071 πέτραν
856 4001 1078 4056 δυνατὸν
1110 3998 1182 4073 ἦν
1225 4003 1401 4072 εὑρεῖν
1434 4003 1575 4056 κατὰ
1611 4002 1702 4057 τὸν
1733 4004 1827 4058 Σο-

240 4090 515 4162 λομὼπα.

312 4184 521 4238 «Ἀλλά
573 4185 928 4256 πορεύσονται
970 4188 1028 4240 ὲν
1070 4183 1209 4257 αὐτῇ
1255 4187 1680 4260 λελυτρωμένοι,
1732 4191 1825 4242 καὶ

240 4276 574 4347 συνηγμένοι
622 4276 711 4328 διὰ
751 4276 952 4346 Κυρίου
979 4296 991 4307 ο
1028 4296 1048 4328 ι
1086 4277 1180 4340 οὓς
1226 4279 1386 4341 αὐτὸς
1427 4278 1667 4348 δηλονότι
1705 4279 1824 4330 ἐλυ-

237 4365 490 4434 τρώσατο
515 4363 596 4434 τῷ
635 4364 747 4435 ίδίῳ
774 4365 963 4435 αἵματι
981 4407 997 4427 ,
1029 4368 1122 4418 καὶ
1151 4368 1200 4417 οἱ
1235 4368 1559 4437 συνηγμένοι
1601 4366 1690 4421 διὰ
1716 4370 1824 4420 Ku-

240 4454 377 4527 ρίου,
407 4455 527 4509 axx
561 4456 682 4508 οὐδὲ
707 4455 793 4508 διὰ
821 4461 1117 4530 προφήτου,
1144 4457 1265 4510 οὐδὲ
1295 4459 1384 4512 διά
1413 4476 1557 4522 τινος
1590 4460 1822 4528 σπουδῆς

1926 4013 2114 4082 Neque
2145 4015 2261 4068 vias
2290 4013 2560 4081 serpentis
2593 4011 2646 4064 in
2684 4021 2837 4080 petra
2871 4011 3120 4065 invenire
3151 4016 3271 4062 erat
3313 4023 3504 4063 secun-

1927 4108 2052 4161 dum
2087 4106 2457 4161 Salomonetn.

2001 4199 2164 4252 Vsus.
2205 4199 2292 4253 l0.
2355 4199 2502 4252 «Sed
2549 4199 2600 4251 in
2650 4213 2712 4252 ea
2763 4197 3115 4250 ambulabunt
3165 4196 3421 4264 redempti
3454 4208 3511 4249 et

1926 4291 2236 4360 congregati
2299 4306 2395 4358 per
2449 4289 2775 4356 Dominum;
2810 4310 2828 4341 ι
2892 4305 3028 4357 quos
3091 4291 3342 4343 videlicet
3391 4290 3508 4356 ipse

1927 4385 2147 4452 proprio
2174 4385 2435 4454 sanguine
2476 4382 2704 4436 redemit
2738 4401 2750 4434 :
2782 4393 2838 4436 et
2879 4383 2970 4448 qni
3017 4381 3327 4450 congregati
3378 4393 3508 4434 sunt

1927 4493 1954 4528 a
1994 4477 2244 4543 Domino,
2291 4493 2397 4530 non
2443 4491 2472 4528 a
2521 4477 2808 4544 propheta,
2845 4489 2943 4527 nec
2983 4475 3214 4527 humana
3251 4472 3505 4540 quapiam

238 4546 616 4618 ἀνθρωπίνης*
647 4547 712 4599 δι’
737 4548 900 4601 αὑτοῦ
928 4549 981 4602 δὲ
1004 4550 1098 4601 τοῦ
1123 4549 1329 4617 Κυρίου
1360 4554 1407 4603 οἱ
1423 4550 1818 4622 λελυτρωμένοι

1932 4569 2303 4633 sollicitudine,
2345 4583 2530 4622 verum
2572 4569 2662 4635 qni
2716 4567 2786 4620 ab
2819 4567 2935 4633 ipso
2968 4565 3196 4618 Domino
3240 4563 3506 4630 redempti

238 4640 328 4690 καὶ
341 4652 510 4704 συνηγ
521 4636 674 4705 μένοι
683 4677 696 4699 ,
709 4632 850 4690 οὗτοι
865 4639 1220 4710 πορεύσονται
1237 4641 1332 4711 τὴν
1343 4641 1671 4711 δηλωθεῐσαν
1682 4639 1796 4693 ὀδόν
1805 4681 1816 4692 .

244 4755 262 4784 σ
291 4736 397 4789 Καὶ
427 4737 968 4807 ἀποστραφήσονται,
1016 4740 1110 4792 καὶ
1136 4739 1356 4809 ἥξουσιν
1389 4745 1468 4804 εἰς
1524 4742 1661 4793 Σιὼν
1693 4743 1808 4810 μετ’

235 4837 603 4908 εὐφροσύνης.
635 4857 653 4887 ι
689 4838 761 4890 Οὐ
787 4840 895 4911 γὰρ
925 4842 989 4911 δὴ
1010 4841 1235 4894 δυνατὸν
1257 4843 1490 4895 ἐνταῦθα
1513 4841 1650 4894 Σιὼν
1679 4845 1818 4896 ὲκεί-

234 4954 328 5006 νην
343 4937 774 5010 παραδέχεσθαι,
802 4943 929 5012 περὶ
945 4939 1012 5014 ἦς
1031 4944 1237 5014 εἴρητο’
1268 4965 1285 4993 ι
1313 4946 1418 4996 Καὶ
1435 4946 1677 5006 ἐνιαυτὸς
1705 4948 1821 4998 αντ-

233 5038 542 5100 ατυοδόσεως
559 5037 791 5106 κρίσεως
803 5040 1053 5095 Σιὼνοκαὶ
1064 5047 1458 5115 στραφήσονται
1473 5050 1528 5101 at
1543 5050 1822 5117 φάραγγες

235 5138 494 5206 αύτῆςεὶς
524 5136 746 5201 πίσσαν,
761 5159 778 5188 ι
799 5141 974 5196 καὶτὰ
990 5143 1198 5203 τούτοις
1220 5144 1363 5216 ἑξῆς.
1384 5151 1582 5219 Διόπερ
1607 5152 1818 5223 ἀνάγκη

232 5237 505 5306 διαφόρως
554 5237 698 5287 νοεῖν
749 5237 848 5300 τὰς
901 5241 1224 5312 ὁμωνύμους
1273 5249 1822 5318 προσαγορευομένας

234 5339 387 5393 Σιών.
420 5359 439 5391 ι
460 5338 578 5392 Καὶ
603 5339 904 5413 εὐφροσύνη
926 5345 1138 5409 αἰώνιος
1159 5347 1297 5419 ὑπὲρ
1323 5354 1560 5424 κεφαλῆς
1581 5355 1780 5412 αὐτῶν.
1797 5377 1814 5408 ι

231 5444 291 5496 Οἱ
321 5442 433 5512 γὰρ
466 5442 695 5511 νικηταὶ
726 5442 818 5496 τοῦ
846 5447 1082 5513 μεγάλου
1111 5447 1304 5504 τούτου
1329 5455 1537 5523 ἀγῶνος
1570 5458 1820 5528 στεφάνῳ

229 5543 577 5614 εὐφροσύνης
631 5540 998 5610 ἀναδὴσονται.
1057 5546 1225 5600 ιἘπὶ
1276 5553 1383 5623 γὰρ
1427 5555 1526 5623 τῆς
1577 5555 1817 5624 κεφαλῆς

226 5643 407 5696 αὐτῶν
438 5643 652 5704 αἰνεσις
685 5643 773 5696 καὶ
816 5645 1145 5718 ἁγαλλίαμα,
1191 5653 1283 5704 καὶ
1314 5654 1615 5727 εὐφροσύνη
1655 5672 1818 5709 κατι-

285 5866 330 5898 δ’
365 5866 513 5921 Psal.
555 5879 694 5926 uti,
738 5866 786 5923 l.
861 5868 903 5898 "
933 5865 1086 5924 Joun.
1133 5887 1239 5940 xw,
1278 5873 1333 5926 6.

1927 4671 1979 4715 et
2021 4662 2331 4730 congregati
2384 4669 2532 4724 sunt,
2585 4660 2636 4712 lii
2682 4660 2732 4711 in
2781 4669 3077 4710 memorata
3125 4658 3204 4707 via
3257 4654 3505 4707 ambula;

1928 4754 2080 4806 bnnt.
2131 4754 2236 4806 ιΕι
2279 4763 2616 4811 avertentur.
2649 4760 2702 4804 et
2746 4752 2966 4804 venient
3001 4750 3052 4801 in
3084 4747 3214 4800 Sion
3259 4762 3379 4799 cum
3415 4747 3504 4796 la:-

1930 4847 2068 4898 titia.
2101 4864 2118 4895 ι
2168 4845 2291 4898 Haec
2321 4846 2522 4913 quippe
2578 4853 2851 4910 nequeunt
2893 4844 2958 4895 tle
3012 4841 3096 4893 illa
3137 4839 3304 4909 Slone
3343 4839 3504 4891 intel-

1929 4938 2041 5007 ligi,
2079 4939 2146 4992 de
2186 4954 2290 5004 qua
2337 4939 2539 4991 ilicium
2590 4948 2673 4991 est
2703 4954 2728 4988 ιτ
2755 4954 2772 4984 ι
2806 4933 2871 4987 Et
2905 4949 3079 4986 :tnnus
3133 4931 3505 4984 retributionis

1923 5027 2111 5096 jndicii
2136 5029 2265 5082 Sion
2295 5047 2310 5081 :
2338 5041 2391 5082 et
2420 5039 2812 5083 convertentur
2833 5027 3000 5079 valles
3021 5027 3137 5093 ejus
3169 5026 3220 5075 in
3251 5024 3447 5092 picem,
3476 5045 3496 5074 ι

1928 5130 1982 5171 et
2009 5130 2222 5174 caetera.
2257 5119 2620 5184 Quamobrem
2659 5118 2778 5171 illas
2807 5134 2926 5186 qua:
2955 5119 3142 5170 eodem
3177 5115 3361 5168 Sionis
3407 5133 3503 5168 no-

1930 5209 2074 5260 mine
2123 5219 2408 5271 vocantur,
2462 5209 2613 5260 vario
2665 5207 2825 5261 modo
2878 5207 3177 5275 intelligere
3218 5222 3355 5276 opus
3394 5219 3501 5259 est.

1934 5315 1951 5346 ι
1980 5298 2044 5350 Et
2070 5297 2255 5352 lzetitia
2293 5299 2619 5365 sempiterna
2658 5313 2820 5366 super
2849 5309 3009 5364 caput
3047 5311 3260 5348 eorum.
3295 5314 3315 5346 ι
3367 5293 3504 5348 Nam

1930 5390 1963 5443 ii
2013 5391 2103 5457 qni
2172 5389 2224 5441 in
2278 5406 2473 5456 magno
2533 5389 2622 5443 illo
2669 5389 2972 5443 certamine
3023 5388 3260 5440 victores
3315 5397 3500 5447 erunt,

1928 5494 2126 5533 corona
2159 5480 2356 5534 laetitiae
2392 5480 2767 5534 redimientur.
2813 5500 2830 5530 ι
2857 5481 2912 5532 ln
2938 5480 3112 5546 capite
3142 5478 3286 5530 enim
3313 5491 3499 5530 eorum

1929 5569 2045 5621 laus
2073 5580 2127 5623 et
2173 5571 2488 5633 exsultatio,
2548 5581 2602 5624 et
2645 5571 2826 5624 laetitia
2883 5568 3307 5636 comprehendet
3353 5580 3495 5619 eos:

1929 5661 2188 5716 abscessit
2216 5663 2403 5729 duiut,
2445 5665 2660 5718 tristitia
2694 5674 2746 5720 et
2774 5664 3039 5733 gemitus;
3078 5681 3094 5711 ι
3126 5661 3374 5714 videlicet
3403 5673 3500 5712 eos
