  <div class='ocr_page' id='page_1' title='image "/cluster/home/n/w/nwhite01/storage/ocr_20150623/24/uva.x004246623/187.png"; bbox 0 0 4100 6448; ppageno 0'>
   <div class='ocr_carea' id='block_1_1' title="bbox 609 442 713 498">
    <p class='ocr_par' dir='ltr' id='par_1_1' title="bbox 609 442 713 498">
     <span class='ocr_line' id='line_1_1' title="bbox 609 442 713 498; baseline 0.01 -1"><span class='ocrx_word' id='word_1_1' title='bbox 609 442 713 498; x_wconf 72' lang='grc'><strong>513</strong></span> 
     </span>
    </p>
   </div>
   <div class='ocr_carea' id='block_1_2' title="bbox 1289 430 3139 498">
    <p class='ocr_par' dir='ltr' id='par_1_2' title="bbox 1289 430 3139 498">
     <span class='ocr_line' id='line_1_2' title="bbox 1289 430 3139 498; baseline -0.005 -4"><span class='ocrx_word' id='word_1_2' title='bbox 1289 436 1551 495; x_wconf 78' lang='lat' dir='ltr'><strong>EUSEBU</strong></span> <span class='ocrx_word' id='word_1_3' title='bbox 1588 435 2059 498; x_wconf 65' lang='lat' dir='ltr'><strong>CESAREENSIS</strong></span> <span class='ocrx_word' id='word_1_4' title='bbox 2096 436 2247 494; x_wconf 81' lang='lat' dir='ltr'><strong>OPP.</strong></span> <span class='ocrx_word' id='word_1_5' title='bbox 2286 434 2464 490; x_wconf 73' lang='lat' dir='ltr'><strong>PARS</strong></span> <span class='ocrx_word' id='word_1_6' title='bbox 2500 432 2588 488; x_wconf 79' lang='lat' dir='ltr'><strong>Ill.</strong></span> <span class='ocrx_word' id='word_1_7' title='bbox 2627 462 2693 474; x_wconf 89' lang='lat'><strong>—-</strong></span> <span class='ocrx_word' id='word_1_8' title='bbox 2732 430 3139 489; x_wconf 71' lang='lat' dir='ltr'><strong>EXEGETICA.</strong></span> 
     </span>
    </p>
   </div>
   <div class='ocr_carea' id='block_1_3' title="bbox 3712 427 3811 481">
    <p class='ocr_par' dir='ltr' id='par_1_3' title="bbox 3712 427 3811 481">
     <span class='ocr_line' id='line_1_3' title="bbox 3712 427 3811 481; baseline 0.02 -2"><span class='ocrx_word' id='word_1_9' title='bbox 3712 427 3811 481; x_wconf 64' lang='grc' dir='ltr'>ΞΗ</span> 
     </span>
    </p>
   </div>
   <div class='ocr_carea' id='block_1_4' title="bbox 611 544 2157 627">
    <p class='ocr_par' dir='ltr' id='par_1_4' title="bbox 611 556 2144 627">
     <span class='ocr_line' id='line_1_4' title="bbox 611 556 2144 627; baseline -0.001 -16"><span class='ocrx_word' id='word_1_10' title='bbox 611 561 701 627; x_wconf 79' lang='grc' dir='ltr'>ιιιιί</span> <span class='ocrx_word' id='word_1_11' title='bbox 733 558 787 613; x_wconf 89' lang='lat' dir='ltr'><strong>in</strong></span> <span class='ocrx_word' id='word_1_12' title='bbox 813 556 1032 614; x_wconf 82' lang='lat' dir='ltr'><strong>salutari</strong></span> <span class='ocrx_word' id='word_1_13' title='bbox 1056 559 1167 621; x_wconf 78' lang='lat' dir='ltr'><strong>via,</strong></span> <span class='ocrx_word' id='word_1_14' title='bbox 1200 557 1331 611; x_wconf 78' lang='lat' dir='ltr'><strong>nihil</strong></span> <span class='ocrx_word' id='word_1_15' title='bbox 1362 560 1505 613; x_wconf 85' lang='lat' dir='ltr'><strong>ultro</strong></span> <span class='ocrx_word' id='word_1_16' title='bbox 1524 559 1767 627; x_wconf 88' lang='lat' dir='ltr'><strong>citroque</strong></span> <span class='ocrx_word' id='word_1_17' title='bbox 1795 556 2144 619; x_wconf 81' lang='lat' dir='ltr'><strong>dcﬂcctendn,</strong></span> 
     </span>
    </p>
   </div>
   <div class='ocr_carea' id='block_1_5' title="bbox 2259 544 3807 627">
    <p class='ocr_par' dir='ltr' id='par_1_5' title="bbox 2259 544 3807 624">
     <span class='ocr_line' id='line_1_5' title="bbox 2259 544 3807 624; baseline -0.008 -17"><span class='ocrx_word' id='word_1_18' title='bbox 2259 554 2473 624; x_wconf 62' lang='grc' dir='ltr'>λήψεται</span> <span class='ocrx_word' id='word_1_19' title='bbox 2520 552 2714 615; x_wconf 81' lang='grc' dir='ltr'>αύτούς</span> <span class='ocrx_word' id='word_1_20' title='bbox 2738 569 2750 581; x_wconf 93' lang='grc'><strong>·</strong></span> <span class='ocrx_word' id='word_1_21' title='bbox 2798 550 3009 621; x_wconf 79' lang='grc' dir='ltr'><strong>ἀπέδρα</strong></span> <span class='ocrx_word' id='word_1_22' title='bbox 3040 547 3231 618; x_wconf 78' lang='grc' dir='ltr'>ὀδύνη,</span> <span class='ocrx_word' id='word_1_23' title='bbox 3273 547 3365 601; x_wconf 81' lang='grc' dir='ltr'>καὶ</span> <span class='ocrx_word' id='word_1_24' title='bbox 3396 546 3538 615; x_wconf 80' lang='grc' dir='ltr'>λύπη</span> <span class='ocrx_word' id='word_1_25' title='bbox 3566 544 3660 597; x_wconf 81' lang='grc' dir='ltr'>καὶ</span> <span class='ocrx_word' id='word_1_26' title='bbox 3692 560 3807 596; x_wconf 82' lang='grc' dir='ltr'>στε-</span> 
     </span>
    </p>
   </div>
   <div class='ocr_carea' id='block_1_6' title="bbox 611 649 2148 719">
    <p class='ocr_par' dir='ltr' id='par_1_6' title="bbox 611 649 2148 719">
     <span class='ocr_line' id='line_1_6' title="bbox 611 649 2148 719; baseline -0.003 -12"><span class='ocrx_word' id='word_1_27' title='bbox 611 651 1038 715; x_wconf 74' lang='lat' dir='ltr'><strong>ambulaverunt,</strong></span> <span class='ocrx_word' id='word_1_28' title='bbox 1086 650 1314 719; x_wconf 80' lang='lat' dir='ltr'><strong>ideoque</strong></span> <span class='ocrx_word' id='word_1_29' title='bbox 1340 653 1407 705; x_wconf 91' lang='lat' dir='ltr'><strong>ad</strong></span> <span class='ocrx_word' id='word_1_30' title='bbox 1436 650 1800 706; x_wconf 86' lang='lat' dir='ltr'><strong>felicissimum</strong></span> <span class='ocrx_word' id='word_1_31' title='bbox 1828 649 1986 703; x_wconf 76' lang='lat' dir='ltr'><strong>[luem</strong></span> <span class='ocrx_word' id='word_1_32' title='bbox 2026 664 2148 718; x_wconf 84' lang='lat' dir='ltr'><strong>per-</strong></span> 
     </span>
    </p>
   </div>
   <div class='ocr_carea' id='block_1_7' title="bbox 2251 634 3813 715">
    <p class='ocr_par' dir='ltr' id='par_1_7' title="bbox 2251 634 3813 715">
     <span class='ocr_line' id='line_1_7' title="bbox 2251 634 3813 715; baseline -0.008 -16"><span class='ocrx_word' id='word_1_33' title='bbox 2251 646 2455 715; x_wconf 81' lang='grc' dir='ltr'>ναγμός</span> <span class='ocrx_word' id='word_1_34' title='bbox 2478 662 2491 676; x_wconf 90' lang='grc'><strong>·</strong></span> <span class='ocrx_word' id='word_1_35' title='bbox 2521 664 2540 696; x_wconf 78' lang='grc' dir='ltr'><strong>ι</strong></span> <span class='ocrx_word' id='word_1_36' title='bbox 2575 644 2813 715; x_wconf 76' lang='grc' dir='ltr'>δηλονότι</span> <span class='ocrx_word' id='word_1_37' title='bbox 2839 643 2963 705; x_wconf 78' lang='grc' dir='ltr'>τοὺς</span> <span class='ocrx_word' id='word_1_38' title='bbox 3002 640 3101 710; x_wconf 78' lang='grc' dir='ltr'>τὴν</span> <span class='ocrx_word' id='word_1_39' title='bbox 3128 640 3391 710; x_wconf 86' lang='grc' dir='ltr'>σωτήριον</span> <span class='ocrx_word' id='word_1_40' title='bbox 3426 638 3542 689; x_wconf 78' lang='grc' dir='ltr'>ὁδὸν</span> <span class='ocrx_word' id='word_1_41' title='bbox 3586 634 3813 697; x_wconf 83' lang='grc' dir='ltr'>ἀκλινῶς</span> 
     </span>
    </p>
   </div>
   <div class='ocr_carea' id='block_1_8' title="bbox 612 723 2157 806">
    <p class='ocr_par' dir='ltr' id='par_1_8' title="bbox 612 729 2151 806">
     <span class='ocr_line' id='line_1_8' title="bbox 612 729 2151 806; baseline -0.001 -15"><span class='ocrx_word' id='word_1_42' title='bbox 612 748 923 794; x_wconf 75' lang='lat' dir='ltr'><strong>venerunt:</strong></span> <span class='ocrx_word' id='word_1_43' title='bbox 970 729 1060 795; x_wconf 87' lang='lat' dir='ltr'><strong>ubi</strong></span> <span class='ocrx_word' id='word_1_44' title='bbox 1104 754 1302 796; x_wconf 87' lang='lat' dir='ltr'><strong>corona</strong></span> <span class='ocrx_word' id='word_1_45' title='bbox 1356 738 1451 793; x_wconf 87' lang='lat' dir='ltr'><strong>Dei</strong></span> <span class='ocrx_word' id='word_1_46' title='bbox 1509 738 1775 803; x_wconf 79' lang='lat' dir='ltr'><strong>exornati,</strong></span> <span class='ocrx_word' id='word_1_47' title='bbox 1826 738 2151 806; x_wconf 83' lang='lat' dir='ltr'><strong>sempiterna</strong></span> 
     </span>
    </p>
   </div>
   <div class='ocr_carea' id='block_1_9' title="bbox 2259 723 3814 806">
    <p class='ocr_par' dir='ltr' id='par_1_9' title="bbox 2259 723 3814 805">
     <span class='ocr_line' id='line_1_9' title="bbox 2259 723 3814 805; baseline -0.008 -15"><span class='ocrx_word' id='word_1_48' title='bbox 2259 736 2605 805; x_wconf 79' lang='grc' dir='ltr'>βαδίσαντας,</span> <span class='ocrx_word' id='word_1_49' title='bbox 2638 734 2733 787; x_wconf 73' lang='grc' dir='ltr'>καὶ</span> <span class='ocrx_word' id='word_1_50' title='bbox 2773 733 2861 786; x_wconf 78' lang='grc' dir='ltr'>διὰ</span> <span class='ocrx_word' id='word_1_51' title='bbox 2890 730 3047 785; x_wconf 82' lang='grc' dir='ltr'>τοῦτο</span> <span class='ocrx_word' id='word_1_52' title='bbox 3078 730 3172 787; x_wconf 67' lang='grc' dir='ltr'><strong>ἐπὶ</strong></span> <span class='ocrx_word' id='word_1_53' title='bbox 3201 728 3263 781; x_wconf 80' lang='grc' dir='ltr'>τὸ</span> <span class='ocrx_word' id='word_1_54' title='bbox 3293 725 3687 799; x_wconf 79' lang='grc' dir='ltr'><strong>τρισμακάριον</strong></span> <span class='ocrx_word' id='word_1_55' title='bbox 3730 723 3814 777; x_wconf 79' lang='grc' dir='ltr'>τέο</span> 
     </span>
    </p>
   </div>
   <div class='ocr_carea' id='block_1_10' title="bbox 612 814 2157 898">
    <p class='ocr_par' dir='ltr' id='par_1_10' title="bbox 612 826 2153 898">
     <span class='ocr_line' id='line_1_10' title="bbox 612 826 2153 898; baseline 0 -19"><span class='ocrx_word' id='word_1_56' title='bbox 612 829 716 881; x_wconf 73' lang='grc' dir='ltr'>νίιει</span> <span class='ocrx_word' id='word_1_57' title='bbox 749 827 1015 894; x_wconf 76' lang='lat' dir='ltr'><strong>fruentur,</strong></span> <span class='ocrx_word' id='word_1_58' title='bbox 1066 828 1119 884; x_wconf 88' lang='lat' dir='ltr'><strong>in</strong></span> <span class='ocrx_word' id='word_1_59' title='bbox 1160 842 1324 898; x_wconf 75' lang='lat' dir='ltr'><strong>regno</strong></span> <span class='ocrx_word' id='word_1_60' title='bbox 1354 827 1634 894; x_wconf 67' lang='lat' dir='ltr'><strong>calorum,</strong></span> <span class='ocrx_word' id='word_1_61' title='bbox 1676 826 1818 881; x_wconf 88' lang='lat' dir='ltr'><strong>unde</strong></span> <span class='ocrx_word' id='word_1_62' title='bbox 1851 845 1873 877; x_wconf 75' lang='grc' dir='ltr'><strong>ι</strong></span> <span class='ocrx_word' id='word_1_63' title='bbox 1895 826 2153 881; x_wconf 81' lang='lat' dir='ltr'><strong>abscessit</strong></span> 
     </span>
    </p>
   </div>
   <div class='ocr_carea' id='block_1_11' title="bbox 2259 814 3811 898">
    <p class='ocr_par' dir='ltr' id='par_1_11' title="bbox 2259 814 3811 894">
     <span class='ocr_line' id='line_1_11' title="bbox 2259 814 3811 894; baseline -0.009 -15"><span class='ocrx_word' id='word_1_64' title='bbox 2259 828 2339 890; x_wconf 81' lang='grc' dir='ltr'><strong>λος</strong></span> <span class='ocrx_word' id='word_1_65' title='bbox 2368 825 2828 894; x_wconf 78' lang='grc' dir='ltr'>καταντήσαντας·</span> <span class='ocrx_word' id='word_1_66' title='bbox 2862 825 2918 875; x_wconf 81' lang='grc' dir='ltr'>ὲν</span> <span class='ocrx_word' id='word_1_67' title='bbox 2956 815 3020 889; x_wconf 84' lang='grc' dir='ltr'>ᾧ,</span> <span class='ocrx_word' id='word_1_68' title='bbox 3040 820 3283 888; x_wconf 80' lang='grc' dir='ltr'>στεφάνῳ</span> <span class='ocrx_word' id='word_1_69' title='bbox 3309 818 3444 871; x_wconf 79' lang='grc' dir='ltr'>Θεοῦ</span> <span class='ocrx_word' id='word_1_70' title='bbox 3475 814 3811 887; x_wconf 57' lang='grc' dir='ltr'>τικηηθέντες,</span> 
     </span>
    </p>
   </div>
   <div class='ocr_carea' id='block_1_12' title="bbox 610 918 1175 990">
    <p class='ocr_par' dir='ltr' id='par_1_12' title="bbox 610 918 1175 990">
     <span class='ocr_line' id='line_1_12' title="bbox 610 918 1175 990; baseline 0 -20"><span class='ocrx_word' id='word_1_71' title='bbox 610 920 763 974; x_wconf 83' lang='lat' dir='ltr'><strong>dolor</strong></span> <span class='ocrx_word' id='word_1_72' title='bbox 792 929 847 973; x_wconf 88' lang='lat' dir='ltr'><strong>et</strong></span> <span class='ocrx_word' id='word_1_73' title='bbox 877 918 1125 990; x_wconf 74' lang='lat' dir='ltr'><strong>gemitus.</strong></span> <span class='ocrx_word' id='word_1_74' title='bbox 1154 937 1175 970; x_wconf 76' lang='grc' dir='ltr'><strong>ι</strong></span> 
     </span>
    </p>
   </div>
   <div class='ocr_carea' id='block_1_13' title="bbox 1127 1091 1623 1148">
    <p class='ocr_par' dir='ltr' id='par_1_13' title="bbox 1127 1091 1623 1148">
     <span class='ocr_line' id='line_1_13' title="bbox 1127 1091 1623 1148; baseline -0.002 -1"><span class='ocrx_word' id='word_1_75' title='bbox 1127 1091 1354 1148; x_wconf 79' lang='lat' dir='ltr'><strong>CAPUT</strong></span> <span class='ocrx_word' id='word_1_76' title='bbox 1389 1091 1528 1146; x_wconf 80' lang='lat' dir='ltr'><strong>XXX</strong></span> <span class='ocrx_word' id='word_1_77' title='bbox 1538 1091 1623 1147; x_wconf 73' lang='lat' dir='ltr'><strong>Vl.</strong></span> 
     </span>
    </p>
   </div>
   <div class='ocr_carea' id='block_1_14' title="bbox 686 1182 2156 1251">
    <p class='ocr_par' dir='ltr' id='par_1_14' title="bbox 686 1182 2156 1251">
     <span class='ocr_line' id='line_1_14' title="bbox 686 1182 2156 1251; baseline 0.003 -19"><span class='ocrx_word' id='word_1_78' title='bbox 686 1184 844 1238; x_wconf 78' lang='lat' dir='ltr'><strong>\‘sns.</strong></span> <span class='ocrx_word' id='word_1_79' title='bbox 881 1183 994 1237; x_wconf 70' lang='lat'><strong>1-3.</strong></span> <span class='ocrx_word' id='word_1_80' title='bbox 1038 1202 1056 1235; x_wconf 85' lang='grc' dir='ltr'><strong>ι</strong></span> <span class='ocrx_word' id='word_1_81' title='bbox 1092 1183 1160 1238; x_wconf 79' lang='lat' dir='ltr'><strong>Et</strong></span> <span class='ocrx_word' id='word_1_82' title='bbox 1205 1182 1403 1238; x_wconf 89' lang='lat' dir='ltr'><strong>factum</strong></span> <span class='ocrx_word' id='word_1_83' title='bbox 1453 1194 1535 1237; x_wconf 86' lang='lat' dir='ltr'><strong>est</strong></span> <span class='ocrx_word' id='word_1_84' title='bbox 1581 1197 1720 1237; x_wconf 86' lang='lat' dir='ltr'><strong>anno</strong></span> <span class='ocrx_word' id='word_1_85' title='bbox 1756 1182 2156 1251; x_wconf 84' lang='lat' dir='ltr'><strong>quartodecimo</strong></span> 
     </span>
    </p>
   </div>
   <div class='ocr_carea' id='block_1_15' title="bbox 614 1271 2157 1344">
    <p class='ocr_par' dir='ltr' id='par_1_15' title="bbox 614 1271 2157 1344">
     <span class='ocr_line' id='line_1_15' title="bbox 614 1271 2157 1344; baseline -0.001 -16"><span class='ocrx_word' id='word_1_86' title='bbox 614 1276 753 1344; x_wconf 74' lang='lat' dir='ltr'><strong>regis</strong></span> <span class='ocrx_word' id='word_1_87' title='bbox 793 1273 1070 1339; x_wconf 66' lang='lat' dir='ltr'><strong>Ezechiae,</strong></span> <span class='ocrx_word' id='word_1_88' title='bbox 1118 1273 1359 1331; x_wconf 86' lang='lat' dir='ltr'><strong>ascendit</strong></span> <span class='ocrx_word' id='word_1_89' title='bbox 1420 1271 1802 1328; x_wconf 86' lang='lat' dir='ltr'><strong>Sennacberim</strong></span> <span class='ocrx_word' id='word_1_90' title='bbox 1852 1286 1947 1327; x_wconf 88' lang='lat' dir='ltr'><strong>rex</strong></span> <span class='ocrx_word' id='word_1_91' title='bbox 1992 1273 2157 1342; x_wconf 78' lang='lat' dir='ltr'><strong>Assy-</strong></span> 
     </span>
    </p>
   </div>
   <div class='ocr_carea' id='block_1_16' title="bbox 614 1364 2157 1433">
    <p class='ocr_par' dir='ltr' id='par_1_16' title="bbox 614 1364 2157 1433">
     <span class='ocr_line' id='line_1_16' title="bbox 614 1364 2157 1433; baseline -0.001 -15"><span class='ocrx_word' id='word_1_92' title='bbox 614 1368 818 1421; x_wconf 89' lang='lat' dir='ltr'><strong>riorum</strong></span> <span class='ocrx_word' id='word_1_93' title='bbox 868 1367 1130 1421; x_wconf 42' lang='lat' dir='ltr'><strong>adversus</strong></span> <span class='ocrx_word' id='word_1_94' title='bbox 1174 1366 1334 1421; x_wconf 88' lang='lat' dir='ltr'><strong>urbes</strong></span> <span class='ocrx_word' id='word_1_95' title='bbox 1382 1364 1578 1420; x_wconf 65' lang='lat' dir='ltr'><strong>ludam</strong></span> <span class='ocrx_word' id='word_1_96' title='bbox 1613 1364 1877 1431; x_wconf 86' lang='lat' dir='ltr'><strong>munitas,</strong></span> <span class='ocrx_word' id='word_1_97' title='bbox 1921 1375 1977 1421; x_wconf 89' lang='lat' dir='ltr'><strong>et</strong></span> <span class='ocrx_word' id='word_1_98' title='bbox 2017 1364 2157 1433; x_wconf 84' lang='lat' dir='ltr'><strong>cepit</strong></span> 
     </span>
    </p>
   </div>
   <div class='ocr_carea' id='block_1_17' title="bbox 613 1455 2158 1528">
    <p class='ocr_par' dir='ltr' id='par_1_17' title="bbox 613 1455 2158 1528">
     <span class='ocr_line' id='line_1_17' title="bbox 613 1455 2158 1528; baseline -0.001 -17"><span class='ocrx_word' id='word_1_99' title='bbox 613 1472 723 1511; x_wconf 89' lang='lat' dir='ltr'><strong>cas.</strong></span> <span class='ocrx_word' id='word_1_100' title='bbox 763 1456 825 1511; x_wconf 80' lang='lat' dir='ltr'><strong>Et</strong></span> <span class='ocrx_word' id='word_1_101' title='bbox 864 1457 1009 1511; x_wconf 82' lang='lat' dir='ltr'><strong>misit</strong></span> <span class='ocrx_word' id='word_1_102' title='bbox 1039 1472 1130 1511; x_wconf 88' lang='lat' dir='ltr'><strong>rex</strong></span> <span class='ocrx_word' id='word_1_103' title='bbox 1159 1456 1505 1528; x_wconf 69' lang='lat' dir='ltr'><strong>Assyriorum</strong></span> <span class='ocrx_word' id='word_1_104' title='bbox 1549 1456 1842 1512; x_wconf 77' lang='lat' dir='ltr'><strong>Rabsacem</strong></span> <span class='ocrx_word' id='word_1_105' title='bbox 1867 1471 1936 1511; x_wconf 87' lang='lat' dir='ltr'><strong>ex</strong></span> <span class='ocrx_word' id='word_1_106' title='bbox 1966 1455 2158 1512; x_wconf 79' lang='lat' dir='ltr'><strong>Lacbis</strong></span> 
     </span>
    </p>
   </div>
   <div class='ocr_carea' id='block_1_18' title="bbox 614 1544 2159 1618">
    <p class='ocr_par' dir='ltr' id='par_1_18' title="bbox 614 1544 2159 1618">
     <span class='ocr_line' id='line_1_18' title="bbox 614 1544 2159 1618; baseline -0.001 -17"><span class='ocrx_word' id='word_1_107' title='bbox 614 1548 667 1601; x_wconf 91' lang='lat' dir='ltr'><strong>in</strong></span> <span class='ocrx_word' id='word_1_108' title='bbox 701 1544 996 1603; x_wconf 76' lang='lat' dir='ltr'><strong>Jerusalem</strong></span> <span class='ocrx_word' id='word_1_109' title='bbox 1031 1549 1097 1602; x_wconf 78' lang='lat' dir='ltr'><strong>ad</strong></span> <span class='ocrx_word' id='word_1_110' title='bbox 1123 1562 1297 1618; x_wconf 72' lang='lat' dir='ltr'><strong>regem</strong></span> <span class='ocrx_word' id='word_1_111' title='bbox 1329 1546 1617 1603; x_wconf 83' lang='lat' dir='ltr'><strong>Ezechiam</strong></span> <span class='ocrx_word' id='word_1_112' title='bbox 1648 1561 1769 1603; x_wconf 86' lang='lat' dir='ltr'><strong>eum</strong></span> <span class='ocrx_word' id='word_1_113' title='bbox 1794 1548 1994 1603; x_wconf 80' lang='lat' dir='ltr'><strong>virtute</strong></span> <span class='ocrx_word' id='word_1_114' title='bbox 2022 1544 2159 1601; x_wconf 85' lang='lat' dir='ltr'><strong>mul-</strong></span> 
     </span>
    </p>
   </div>
   <div class='ocr_carea' id='block_1_19' title="bbox 615 1635 2155 1709">
    <p class='ocr_par' dir='ltr' id='par_1_19' title="bbox 615 1635 2155 1709">
     <span class='ocr_line' id='line_1_19' title="bbox 615 1635 2155 1709; baseline -0.003 -15"><span class='ocrx_word' id='word_1_115' title='bbox 615 1650 691 1695; x_wconf 82' lang='lat' dir='ltr'><strong>ta.</strong></span> <span class='ocrx_word' id='word_1_116' title='bbox 733 1640 796 1694; x_wconf 86' lang='lat' dir='ltr'><strong>Et</strong></span> <span class='ocrx_word' id='word_1_117' title='bbox 828 1641 977 1694; x_wconf 84' lang='lat' dir='ltr'><strong>stetit</strong></span> <span class='ocrx_word' id='word_1_118' title='bbox 1023 1640 1075 1694; x_wconf 90' lang='lat' dir='ltr'><strong>in</strong></span> <span class='ocrx_word' id='word_1_119' title='bbox 1127 1637 1443 1709; x_wconf 66' lang='lat' dir='ltr'><strong>aqumductu</strong></span> <span class='ocrx_word' id='word_1_120' title='bbox 1493 1639 1715 1708; x_wconf 63' lang='lat' dir='ltr'><strong>piscinae</strong></span> <span class='ocrx_word' id='word_1_121' title='bbox 1753 1635 2068 1709; x_wconf 80' lang='lat' dir='ltr'><strong>superioris,</strong></span> <span class='ocrx_word' id='word_1_122' title='bbox 2103 1635 2155 1690; x_wconf 86' lang='lat' dir='ltr'><strong>in</strong></span> 
     </span>
    </p>
   </div>
   <div class='ocr_carea' id='block_1_20' title="bbox 614 1724 2155 1800">
    <p class='ocr_par' dir='ltr' id='par_1_20' title="bbox 614 1724 2155 1800">
     <span class='ocr_line' id='line_1_20' title="bbox 614 1724 2155 1800; baseline -0.001 -19"><span class='ocrx_word' id='word_1_123' title='bbox 614 1731 699 1785; x_wconf 79' lang='lat' dir='ltr'><strong>via</strong></span> <span class='ocrx_word' id='word_1_124' title='bbox 736 1732 850 1800; x_wconf 71' lang='lat' dir='ltr'><strong>agri</strong></span> <span class='ocrx_word' id='word_1_125' title='bbox 886 1730 1122 1785; x_wconf 89' lang='lat' dir='ltr'><strong>fullonis.</strong></span> <span class='ocrx_word' id='word_1_126' title='bbox 1159 1729 1226 1784; x_wconf 82' lang='lat' dir='ltr'><strong>Et</strong></span> <span class='ocrx_word' id='word_1_127' title='bbox 1252 1742 1505 1798; x_wconf 67' lang='lat' dir='ltr'><strong>egressus</strong></span> <span class='ocrx_word' id='word_1_128' title='bbox 1557 1737 1641 1783; x_wconf 86' lang='lat' dir='ltr'><strong>est</strong></span> <span class='ocrx_word' id='word_1_129' title='bbox 1671 1729 1738 1783; x_wconf 81' lang='lat' dir='ltr'><strong>ad</strong></span> <span class='ocrx_word' id='word_1_130' title='bbox 1776 1742 1899 1784; x_wconf 89' lang='lat' dir='ltr'><strong>eum</strong></span> <span class='ocrx_word' id='word_1_131' title='bbox 1932 1724 2155 1782; x_wconf 78' lang='lat' dir='ltr'><strong>Eliacitn</strong></span> 
     </span>
    </p>
   </div>
   <div class='ocr_carea' id='block_1_21' title="bbox 2252 903 3816 986">
    <p class='ocr_par' dir='ltr' id='par_1_21' title="bbox 2252 903 3816 986">
     <span class='ocr_line' id='line_1_21' title="bbox 2252 903 3816 986; baseline -0.009 -18"><span class='ocrx_word' id='word_1_132' title='bbox 2252 917 2350 986; x_wconf 78' lang='grc' dir='ltr'>τῆς</span> <span class='ocrx_word' id='word_1_133' title='bbox 2381 914 2600 969; x_wconf 77' lang='grc' dir='ltr'><strong>αἰωνίου</strong></span> <span class='ocrx_word' id='word_1_134' title='bbox 2630 913 2776 984; x_wconf 77' lang='grc' dir='ltr'>ζωῆς</span> <span class='ocrx_word' id='word_1_135' title='bbox 2818 910 3211 966; x_wconf 81' lang='grc' dir='ltr'><strong>ἀπολαύσουσιν</strong></span> <span class='ocrx_word' id='word_1_136' title='bbox 3244 910 3303 961; x_wconf 74' lang='grc' dir='ltr'><strong>έν</strong></span> <span class='ocrx_word' id='word_1_137' title='bbox 3341 911 3408 978; x_wconf 78' lang='grc' dir='ltr'>τῇ</span> <span class='ocrx_word' id='word_1_138' title='bbox 3446 905 3551 959; x_wconf 85' lang='grc' dir='ltr'><strong>τῶν</strong></span> <span class='ocrx_word' id='word_1_139' title='bbox 3576 903 3816 975; x_wconf 81' lang='grc' dir='ltr'>οὐρανῶν</span> 
     </span>
    </p>
   </div>
   <div class='ocr_carea' id='block_1_22' title="bbox 2256 1000 3670 1080">
    <p class='ocr_par' dir='ltr' id='par_1_22' title="bbox 2256 1000 3670 1080">
     <span class='ocr_line' id='line_1_22' title="bbox 2256 1000 3670 1080; baseline -0.007 -19"><span class='ocrx_word' id='word_1_140' title='bbox 2256 1007 2521 1080; x_wconf 77' lang='grc' dir='ltr'><strong>βασιλείᾳ,</strong></span> <span class='ocrx_word' id='word_1_141' title='bbox 2554 1006 2681 1060; x_wconf 71' lang='grc' dir='ltr'>ἔνθα</span> <span class='ocrx_word' id='word_1_142' title='bbox 2716 1025 2735 1058; x_wconf 78' lang='grc' dir='ltr'><strong>ι</strong></span> <span class='ocrx_word' id='word_1_143' title='bbox 2762 1004 2971 1075; x_wconf 78' lang='grc' dir='ltr'>ἀπέδρα</span> <span class='ocrx_word' id='word_1_144' title='bbox 2997 1004 3155 1073; x_wconf 85' lang='grc' dir='ltr'>ὀδύνη</span> <span class='ocrx_word' id='word_1_145' title='bbox 3186 1004 3281 1057; x_wconf 71' lang='grc' dir='ltr'>καὶ</span> <span class='ocrx_word' id='word_1_146' title='bbox 3308 1000 3624 1071; x_wconf 84' lang='grc' dir='ltr'>στεναγμός.</span> <span class='ocrx_word' id='word_1_147' title='bbox 3651 1018 3670 1050; x_wconf 74' lang='grc' dir='ltr'><strong>ι</strong></span> 
     </span>
    </p>
   </div>
   <div class='ocr_carea' id='block_1_23' title="bbox 2742 1095 3309 1160">
    <p class='ocr_par' dir='ltr' id='par_1_23' title="bbox 2742 1095 3309 1160">
     <span class='ocr_line' id='line_1_23' title="bbox 2742 1095 3309 1160; baseline -0.005 -11"><span class='ocrx_word' id='word_1_148' title='bbox 2742 1095 3134 1149; x_wconf 75' lang='grc' dir='ltr'><strong>ΚΕΦΑΛΑΙΟΝ</strong></span> <span class='ocrx_word' id='word_1_149' title='bbox 3171 1095 3309 1160; x_wconf 54' lang='lat' dir='ltr'><strong>aq&quot;.</strong></span> 
     </span>
    </p>
   </div>
   <div class='ocr_carea' id='block_1_24' title="bbox 2330 1182 3813 1258">
    <p class='ocr_par' dir='ltr' id='par_1_24' title="bbox 2330 1182 3813 1258">
     <span class='ocr_line' id='line_1_24' title="bbox 2330 1182 3813 1258; baseline -0.007 -14"><span class='ocrx_word' id='word_1_150' title='bbox 2330 1211 2349 1243; x_wconf 77' lang='grc' dir='ltr'><strong>ι</strong></span> <span class='ocrx_word' id='word_1_151' title='bbox 2377 1190 2488 1244; x_wconf 76' lang='grc' dir='ltr'><strong>Καὶ</strong></span> <span class='ocrx_word' id='word_1_152' title='bbox 2508 1188 2721 1258; x_wconf 72' lang='grc' dir='ltr'>ἐγένετο</span> <span class='ocrx_word' id='word_1_153' title='bbox 2748 1187 2843 1242; x_wconf 82' lang='grc' dir='ltr'>τοῦ</span> <span class='ocrx_word' id='word_1_154' title='bbox 2874 1189 2933 1241; x_wconf 82' lang='grc' dir='ltr'>ιδ’</span> <span class='ocrx_word' id='word_1_155' title='bbox 2965 1186 3116 1249; x_wconf 72' lang='grc' dir='ltr'>ἔτους</span> <span class='ocrx_word' id='word_1_156' title='bbox 3151 1184 3521 1255; x_wconf 83' lang='grc' dir='ltr'>βασιλεύοντος</span> <span class='ocrx_word' id='word_1_157' title='bbox 3550 1182 3813 1248; x_wconf 79' lang='grc' dir='ltr'>Ἐζεκίου,</span> 
     </span>
    </p>
   </div>
   <div class='ocr_carea' id='block_1_25' title="bbox 2256 1272 3815 1349">
    <p class='ocr_par' dir='ltr' id='par_1_25' title="bbox 2256 1272 3815 1349">
     <span class='ocr_line' id='line_1_25' title="bbox 2256 1272 3815 1349; baseline -0.006 -16"><span class='ocrx_word' id='word_1_158' title='bbox 2256 1280 2419 1349; x_wconf 79' lang='grc' dir='ltr'>ἀνέϐη</span> <span class='ocrx_word' id='word_1_159' title='bbox 2454 1278 2819 1349; x_wconf 71' lang='grc' dir='ltr'>Σενναχηρεὶμ</span> <span class='ocrx_word' id='word_1_160' title='bbox 2852 1275 3101 1346; x_wconf 78' lang='grc' dir='ltr'>βασιλεὺς</span> <span class='ocrx_word' id='word_1_161' title='bbox 3142 1274 3438 1345; x_wconf 77' lang='grc' dir='ltr'>Ἀσσυρίων</span> <span class='ocrx_word' id='word_1_162' title='bbox 3463 1274 3555 1328; x_wconf 72' lang='grc' dir='ltr'><strong>ἐπὶ</strong></span> <span class='ocrx_word' id='word_1_163' title='bbox 3582 1272 3682 1336; x_wconf 88' lang='grc' dir='ltr'><strong>τάς</strong></span> <span class='ocrx_word' id='word_1_164' title='bbox 3719 1272 3815 1324; x_wconf 79' lang='grc' dir='ltr'><strong>πό-</strong></span> 
     </span>
    </p>
   </div>
   <div class='ocr_carea' id='block_1_26' title="bbox 2256 1363 3819 1441">
    <p class='ocr_par' dir='ltr' id='par_1_26' title="bbox 2256 1363 3819 1441">
     <span class='ocr_line' id='line_1_26' title="bbox 2256 1363 3819 1441; baseline -0.006 -17"><span class='ocrx_word' id='word_1_165' title='bbox 2256 1372 2367 1435; x_wconf 84' lang='grc' dir='ltr'>λεις</span> <span class='ocrx_word' id='word_1_166' title='bbox 2411 1371 2510 1441; x_wconf 83' lang='grc' dir='ltr'>τῆς</span> <span class='ocrx_word' id='word_1_167' title='bbox 2553 1368 2811 1432; x_wconf 81' lang='grc' dir='ltr'>Ἰουδαίας</span> <span class='ocrx_word' id='word_1_168' title='bbox 2850 1367 2951 1432; x_wconf 86' lang='grc' dir='ltr'><strong>τάς</strong></span> <span class='ocrx_word' id='word_1_169' title='bbox 2988 1367 3208 1439; x_wconf 84' lang='grc' dir='ltr'>ὀχυράς,</span> <span class='ocrx_word' id='word_1_170' title='bbox 3245 1366 3339 1419; x_wconf 68' lang='grc' dir='ltr'>καὶ</span> <span class='ocrx_word' id='word_1_171' title='bbox 3379 1364 3566 1418; x_wconf 80' lang='grc' dir='ltr'>ἔλαϐεν</span> <span class='ocrx_word' id='word_1_172' title='bbox 3625 1363 3819 1427; x_wconf 76' lang='grc' dir='ltr'>αὑτάς.</span> 
     </span>
    </p>
   </div>
   <div class='ocr_carea' id='block_1_27' title="bbox 2256 1454 3818 1529">
    <p class='ocr_par' dir='ltr' id='par_1_27' title="bbox 2256 1454 3818 1529">
     <span class='ocr_line' id='line_1_27' title="bbox 2256 1454 3818 1529; baseline -0.008 -10"><span class='ocrx_word' id='word_1_173' title='bbox 2256 1465 2366 1519; x_wconf 75' lang='grc' dir='ltr'>Καὶ</span> <span class='ocrx_word' id='word_1_174' title='bbox 2419 1459 2699 1516; x_wconf 84' lang='grc' dir='ltr'>ἀπέστειλε</span> <span class='ocrx_word' id='word_1_175' title='bbox 2752 1458 3001 1529; x_wconf 82' lang='grc' dir='ltr'>βασιλεὺς</span> <span class='ocrx_word' id='word_1_176' title='bbox 3051 1456 3346 1527; x_wconf 78' lang='grc' dir='ltr'>Ἀσσυρίων</span> <span class='ocrx_word' id='word_1_177' title='bbox 3382 1455 3473 1509; x_wconf 79' lang='grc' dir='ltr'>τὸν</span> <span class='ocrx_word' id='word_1_178' title='bbox 3512 1454 3818 1525; x_wconf 84' lang='grc' dir='ltr'>Ῥαϐσάκην</span> 
     </span>
    </p>
   </div>
   <div class='ocr_carea' id='block_1_28' title="bbox 2256 1546 3819 1624">
    <p class='ocr_par' dir='ltr' id='par_1_28' title="bbox 2256 1546 3819 1624">
     <span class='ocr_line' id='line_1_28' title="bbox 2256 1546 3819 1624; baseline -0.006 -17"><span class='ocrx_word' id='word_1_179' title='bbox 2256 1556 2321 1607; x_wconf 80' lang='grc' dir='ltr'>ὲκ</span> <span class='ocrx_word' id='word_1_180' title='bbox 2353 1553 2537 1624; x_wconf 83' lang='grc' dir='ltr'><strong>Λάχης</strong></span> <span class='ocrx_word' id='word_1_181' title='bbox 2564 1552 2643 1614; x_wconf 85' lang='grc' dir='ltr'><strong>είς</strong></span> <span class='ocrx_word' id='word_1_182' title='bbox 2680 1548 3028 1621; x_wconf 74' lang='grc' dir='ltr'>Ἰερουσαλὴμ</span> <span class='ocrx_word' id='word_1_183' title='bbox 3047 1548 3293 1619; x_wconf 59' lang='grc' dir='ltr'>πρὺςττὸι·</span> <span class='ocrx_word' id='word_1_184' title='bbox 3317 1546 3539 1617; x_wconf 76' lang='grc' dir='ltr'>βασιλέα</span> <span class='ocrx_word' id='word_1_185' title='bbox 3576 1546 3819 1611; x_wconf 72' lang='grc' dir='ltr'>Ἐζεκίαν</span> 
     </span>
    </p>
   </div>
   <div class='ocr_carea' id='block_1_29' title="bbox 2261 1637 3843 1715">
    <p class='ocr_par' dir='ltr' id='par_1_29' title="bbox 2261 1637 3843 1715">
     <span class='ocr_line' id='line_1_29' title="bbox 2261 1637 3843 1715; baseline -0.003 -19"><span class='ocrx_word' id='word_1_186' title='bbox 2261 1644 2398 1715; x_wconf 83' lang='grc' dir='ltr'><strong>μετά</strong></span> <span class='ocrx_word' id='word_1_187' title='bbox 2432 1642 2711 1712; x_wconf 87' lang='grc' dir='ltr'>δυνάμεως</span> <span class='ocrx_word' id='word_1_188' title='bbox 2755 1641 2973 1710; x_wconf 83' lang='grc' dir='ltr'>πολλῆς.</span> <span class='ocrx_word' id='word_1_189' title='bbox 3006 1641 3113 1692; x_wconf 75' lang='grc' dir='ltr'><strong>Καὶ</strong></span> <span class='ocrx_word' id='word_1_190' title='bbox 3145 1639 3273 1709; x_wconf 77' lang='grc' dir='ltr'>ἔστη</span> <span class='ocrx_word' id='word_1_191' title='bbox 3316 1641 3374 1691; x_wconf 75' lang='grc' dir='ltr'>ἐν</span> <span class='ocrx_word' id='word_1_192' title='bbox 3405 1639 3482 1709; x_wconf 81' lang='grc' dir='ltr'><strong>τῷ</strong></span> <span class='ocrx_word' id='word_1_193' title='bbox 3516 1637 3843 1711; x_wconf 83' lang='grc' dir='ltr'>ύδραγωγῷ·</span> 
     </span>
    </p>
   </div>
   <div class='ocr_carea' id='block_1_30' title="bbox 2256 1727 3819 1806">
    <p class='ocr_par' dir='ltr' id='par_1_30' title="bbox 2256 1727 3819 1806">
     <span class='ocr_line' id='line_1_30' title="bbox 2256 1727 3819 1806; baseline -0.003 -19"><span class='ocrx_word' id='word_1_194' title='bbox 2256 1736 2354 1806; x_wconf 84' lang='grc' dir='ltr'><strong>τῆς</strong></span> <span class='ocrx_word' id='word_1_195' title='bbox 2391 1732 2771 1803; x_wconf 87' lang='grc' dir='ltr'>κολυμϐήθρας</span> <span class='ocrx_word' id='word_1_196' title='bbox 2814 1731 2915 1800; x_wconf 81' lang='grc' dir='ltr'>τῆς</span> <span class='ocrx_word' id='word_1_197' title='bbox 2940 1731 3052 1785; x_wconf 80' lang='grc' dir='ltr'>ἄνω</span> <span class='ocrx_word' id='word_1_198' title='bbox 3080 1732 3138 1783; x_wconf 80' lang='grc' dir='ltr'>ὲν</span> <span class='ocrx_word' id='word_1_199' title='bbox 3167 1733 3233 1800; x_wconf 79' lang='grc' dir='ltr'>τῇ</span> <span class='ocrx_word' id='word_1_200' title='bbox 3268 1729 3371 1800; x_wconf 79' lang='grc' dir='ltr'>ὀδῷ</span> <span class='ocrx_word' id='word_1_201' title='bbox 3400 1729 3495 1782; x_wconf 82' lang='grc' dir='ltr'>τοῦ</span> <span class='ocrx_word' id='word_1_202' title='bbox 3521 1728 3695 1800; x_wconf 74' lang='grc' dir='ltr'>ἀγροῦ</span> <span class='ocrx_word' id='word_1_203' title='bbox 3727 1727 3819 1783; x_wconf 79' lang='grc' dir='ltr'>τοῦ</span> 
     </span>
    </p>
   </div>
   <div class='ocr_carea' id='block_1_31' title="bbox 616 1819 2157 1895">
    <p class='ocr_par' dir='ltr' id='par_1_31' title="bbox 616 1819 2157 1887">
     <span class='ocr_line' id='line_1_31' title="bbox 616 1819 2157 1887; baseline -0.002 -12"><span class='ocrx_word' id='word_1_204' title='bbox 616 1822 754 1876; x_wconf 89' lang='lat' dir='ltr'><strong>lilius</strong></span> <span class='ocrx_word' id='word_1_205' title='bbox 783 1821 1030 1886; x_wconf 78' lang='lat' dir='ltr'><strong>Chelciac,</strong></span> <span class='ocrx_word' id='word_1_206' title='bbox 1075 1834 1421 1887; x_wconf 61' lang='lat' dir='ltr'><strong>monomus,</strong></span> <span class='ocrx_word' id='word_1_207' title='bbox 1474 1831 1531 1877; x_wconf 89' lang='lat' dir='ltr'><strong>et</strong></span> <span class='ocrx_word' id='word_1_208' title='bbox 1573 1822 1804 1876; x_wconf 87' lang='lat' dir='ltr'><strong>Somnas</strong></span> <span class='ocrx_word' id='word_1_209' title='bbox 1842 1819 2052 1883; x_wconf 82' lang='lat' dir='ltr'><strong>scriba,</strong></span> <span class='ocrx_word' id='word_1_210' title='bbox 2103 1828 2157 1873; x_wconf 82' lang='lat' dir='ltr'><strong>et</strong></span> 
     </span>
    </p>
   </div>
   <div class='ocr_carea' id='block_1_32' title="bbox 2259 1819 3822 1895">
    <p class='ocr_par' dir='ltr' id='par_1_32' title="bbox 2259 1820 3822 1895">
     <span class='ocr_line' id='line_1_32' title="bbox 2259 1820 3822 1895; baseline -0.003 -16"><span class='ocrx_word' id='word_1_211' title='bbox 2259 1826 2524 1895; x_wconf 77' lang='grc' dir='ltr'>κναφέως.</span> <span class='ocrx_word' id='word_1_212' title='bbox 2560 1825 2667 1878; x_wconf 76' lang='grc' dir='ltr'><strong>Καὶ</strong></span> <span class='ocrx_word' id='word_1_213' title='bbox 2706 1822 2892 1894; x_wconf 66' lang='grc' dir='ltr'>ἐξῆλθε</span> <span class='ocrx_word' id='word_1_214' title='bbox 2942 1823 3078 1893; x_wconf 74' lang='grc' dir='ltr'>πρὸς</span> <span class='ocrx_word' id='word_1_215' title='bbox 3128 1823 3288 1875; x_wconf 76' lang='grc' dir='ltr'>αὑτὸν</span> <span class='ocrx_word' id='word_1_216' title='bbox 3345 1822 3623 1893; x_wconf 63' lang='grc' dir='ltr'>Ἐλιακείμ</span> <span class='ocrx_word' id='word_1_217' title='bbox 3665 1822 3695 1875; x_wconf 97' lang='lat'><strong>6</strong></span> <span class='ocrx_word' id='word_1_218' title='bbox 3725 1820 3822 1875; x_wconf 79' lang='grc' dir='ltr'><strong>τοῦ</strong></span> 
     </span>
    </p>
   </div>
   <div class='ocr_carea' id='block_1_33' title="bbox 611 1885 2157 1983">
    <p class='ocr_par' dir='ltr' id='par_1_33' title="bbox 611 1885 2157 1981">
     <span class='ocr_line' id='line_1_33' title="bbox 611 1885 2157 1981; baseline -0.004 -14"><span class='ocrx_word' id='word_1_219' title='bbox 611 1909 774 1967; x_wconf 80' lang='lat' dir='ltr'><strong>Joach</strong></span> <span class='ocrx_word' id='word_1_220' title='bbox 802 1912 943 1966; x_wconf 80' lang='lat' dir='ltr'><strong>illius</strong></span> <span class='ocrx_word' id='word_1_221' title='bbox 964 1912 1168 1981; x_wconf 80' lang='lat' dir='ltr'><strong>Asaph,</strong></span> <span class='ocrx_word' id='word_1_222' title='bbox 1192 1927 1222 1965; x_wconf 86' lang='lat' dir='ltr'><strong>a</strong></span> <span class='ocrx_word' id='word_1_223' title='bbox 1250 1885 1668 1966; x_wconf 83' lang='lat' dir='ltr'><strong>commentariis.</strong></span> <span class='ocrx_word' id='word_1_224' title='bbox 1700 1928 1720 1961; x_wconf 73' lang='grc' dir='ltr'><strong>ι</strong></span> <span class='ocrx_word' id='word_1_225' title='bbox 1746 1908 2007 1964; x_wconf 75' lang='lat' dir='ltr'><strong>Mirabilis</strong></span> <span class='ocrx_word' id='word_1_226' title='bbox 2028 1921 2157 1962; x_wconf 86' lang='lat' dir='ltr'><strong>sane</strong></span> 
     </span>
    </p>
   </div>
   <div class='ocr_carea' id='block_1_34' title="bbox 2259 1885 3822 1983">
    <p class='ocr_par' dir='ltr' id='par_1_34' title="bbox 2261 1885 3822 1983">
     <span class='ocr_line' id='line_1_34' title="bbox 2261 1885 3822 1983; baseline -0.005 -13"><span class='ocrx_word' id='word_1_227' title='bbox 2261 1885 2510 1980; x_wconf 70' lang='grc' dir='ltr'>Χελκίου,</span> <span class='ocrx_word' id='word_1_228' title='bbox 2539 1916 2567 1967; x_wconf 90' lang='lat'><strong>6</strong></span> <span class='ocrx_word' id='word_1_229' title='bbox 2589 1885 2885 1983; x_wconf 67' lang='grc' dir='ltr'>οἰκονδμος,</span> <span class='ocrx_word' id='word_1_230' title='bbox 2915 1885 3008 1965; x_wconf 53' lang='grc' dir='ltr'><strong>καί</strong></span> <span class='ocrx_word' id='word_1_231' title='bbox 3031 1912 3239 1982; x_wconf 78' lang='grc' dir='ltr'>Σομνᾶς</span> <span class='ocrx_word' id='word_1_232' title='bbox 3270 1913 3298 1964; x_wconf 96' lang='lat'><strong>6</strong></span> <span class='ocrx_word' id='word_1_233' title='bbox 3321 1885 3701 1983; x_wconf 69' lang='grc' dir='ltr'>γραμματεὺς,</span> <span class='ocrx_word' id='word_1_234' title='bbox 3731 1911 3822 1966; x_wconf 83' lang='grc' dir='ltr'>καὶ</span> 
     </span>
    </p>
   </div>
   <div class='ocr_carea' id='block_1_35' title="bbox 614 1999 2158 2067">
    <p class='ocr_par' dir='ltr' id='par_1_35' title="bbox 614 1999 2158 2067">
     <span class='ocr_line' id='line_1_35' title="bbox 614 1999 2158 2067; baseline -0.003 -10"><span class='ocrx_word' id='word_1_235' title='bbox 614 2016 694 2059; x_wconf 86' lang='lat' dir='ltr'><strong>est</strong></span> <span class='ocrx_word' id='word_1_236' title='bbox 724 2005 835 2058; x_wconf 58' lang='lat' dir='ltr'><strong>ha‘c</strong></span> <span class='ocrx_word' id='word_1_237' title='bbox 862 2004 1084 2059; x_wconf 84' lang='lat' dir='ltr'><strong>historia</strong></span> <span class='ocrx_word' id='word_1_238' title='bbox 1108 2013 1161 2058; x_wconf 86' lang='lat' dir='ltr'><strong>et</strong></span> <span class='ocrx_word' id='word_1_239' title='bbox 1185 2002 1423 2057; x_wconf 77' lang='lat' dir='ltr'><strong>narratio</strong></span> <span class='ocrx_word' id='word_1_240' title='bbox 1447 2016 1623 2056; x_wconf 89' lang='lat' dir='ltr'><strong>rerum</strong></span> <span class='ocrx_word' id='word_1_241' title='bbox 1650 1999 1894 2054; x_wconf 75' lang='lat' dir='ltr'><strong>Ezechiae</strong></span> <span class='ocrx_word' id='word_1_242' title='bbox 1917 2006 2158 2067; x_wconf 89' lang='lat' dir='ltr'><strong>tempore</strong></span> 
     </span>
    </p>
   </div>
   <div class='ocr_carea' id='block_1_36' title="bbox 614 2091 2159 2166">
    <p class='ocr_par' dir='ltr' id='par_1_36' title="bbox 614 2091 2159 2166">
     <span class='ocr_line' id='line_1_36' title="bbox 614 2091 2159 2166; baseline -0.004 -14"><span class='ocrx_word' id='word_1_243' title='bbox 614 2109 927 2165; x_wconf 73' lang='lat' dir='ltr'><strong>gestarum:</strong></span> <span class='ocrx_word' id='word_1_244' title='bbox 976 2112 1097 2166; x_wconf 65' lang='lat' dir='ltr'><strong>quae</strong></span> <span class='ocrx_word' id='word_1_245' title='bbox 1146 2097 1285 2150; x_wconf 91' lang='lat' dir='ltr'><strong>inter</strong></span> <span class='ocrx_word' id='word_1_246' title='bbox 1330 2094 1563 2163; x_wconf 83' lang='lat' dir='ltr'><strong>reliquas</strong></span> <span class='ocrx_word' id='word_1_247' title='bbox 1610 2092 1864 2148; x_wconf 83' lang='lat' dir='ltr'><strong>historias</strong></span> <span class='ocrx_word' id='word_1_248' title='bbox 1914 2092 1969 2145; x_wconf 90' lang='lat' dir='ltr'><strong>in</strong></span> <span class='ocrx_word' id='word_1_249' title='bbox 2020 2091 2159 2146; x_wconf 89' lang='lat' dir='ltr'><strong>libro</strong></span> 
     </span>
    </p>
   </div>
   <div class='ocr_carea' id='block_1_37' title="bbox 615 2184 2163 2257">
    <p class='ocr_par' dir='ltr' id='par_1_37' title="bbox 615 2184 2163 2257">
     <span class='ocr_line' id='line_1_37' title="bbox 615 2184 2163 2257; baseline 0 -18"><span class='ocrx_word' id='word_1_250' title='bbox 615 2199 807 2257; x_wconf 76' lang='lat' dir='ltr'><strong>quarto</strong></span> <span class='ocrx_word' id='word_1_251' title='bbox 857 2188 1059 2256; x_wconf 77' lang='lat' dir='ltr'><strong>Regum</strong></span> <span class='ocrx_word' id='word_1_252' title='bbox 1105 2197 1156 2242; x_wconf 82' lang='lat' dir='ltr'><strong>et</strong></span> <span class='ocrx_word' id='word_1_253' title='bbox 1205 2188 1257 2242; x_wconf 92' lang='lat' dir='ltr'><strong>in</strong></span> <span class='ocrx_word' id='word_1_254' title='bbox 1312 2186 1554 2242; x_wconf 87' lang='lat' dir='ltr'><strong>secundo</strong></span> <span class='ocrx_word' id='word_1_255' title='bbox 1592 2184 2033 2255; x_wconf 78' lang='lat' dir='ltr'><strong>Paralipomenon</strong></span> <span class='ocrx_word' id='word_1_256' title='bbox 2074 2198 2163 2239; x_wconf 87' lang='lat' dir='ltr'><strong>re-</strong></span> 
     </span>
    </p>
   </div>
   <div class='ocr_carea' id='block_1_38' title="bbox 614 2274 2160 2349">
    <p class='ocr_par' dir='ltr' id='par_1_38' title="bbox 614 2274 2160 2349">
     <span class='ocr_line' id='line_1_38' title="bbox 614 2274 2160 2349; baseline -0.004 -15"><span class='ocrx_word' id='word_1_257' title='bbox 614 2290 885 2335; x_wconf 88' lang='lat' dir='ltr'><strong>ccnsetnr.</strong></span> <span class='ocrx_word' id='word_1_258' title='bbox 920 2280 1168 2334; x_wconf 79' lang='lat' dir='ltr'><strong>Attamen</strong></span> <span class='ocrx_word' id='word_1_259' title='bbox 1198 2293 1259 2332; x_wconf 86' lang='lat' dir='ltr'><strong>ea</strong></span> <span class='ocrx_word' id='word_1_260' title='bbox 1291 2277 1417 2333; x_wconf 89' lang='lat' dir='ltr'><strong>huic</strong></span> <span class='ocrx_word' id='word_1_261' title='bbox 1444 2276 1760 2349; x_wconf 87' lang='lat' dir='ltr'><strong>prophetico</strong></span> <span class='ocrx_word' id='word_1_262' title='bbox 1791 2274 1931 2330; x_wconf 91' lang='lat' dir='ltr'><strong>libro</strong></span> <span class='ocrx_word' id='word_1_263' title='bbox 1958 2274 2160 2330; x_wconf 83' lang='lat' dir='ltr'><strong>inserta</strong></span> 
     </span>
    </p>
   </div>
   <div class='ocr_carea' id='block_1_39' title="bbox 2273 2003 3825 2078">
    <p class='ocr_par' dir='ltr' id='par_1_39' title="bbox 2273 2003 3825 2078">
     <span class='ocr_line' id='line_1_39' title="bbox 2273 2003 3825 2078; baseline -0.005 -16"><span class='ocrx_word' id='word_1_264' title='bbox 2273 2009 2430 2078; x_wconf 78' lang='grc' dir='ltr'><strong>Ὶωάχ</strong></span> <span class='ocrx_word' id='word_1_265' title='bbox 2457 2008 2487 2060; x_wconf 90' lang='lat'><strong>6</strong></span> <span class='ocrx_word' id='word_1_266' title='bbox 2512 2005 2606 2060; x_wconf 83' lang='grc' dir='ltr'>τοῦ</span> <span class='ocrx_word' id='word_1_267' title='bbox 2666 2004 2857 2073; x_wconf 78' lang='grc' dir='ltr'>Ἀσάφ,</span> <span class='ocrx_word' id='word_1_268' title='bbox 2893 2004 3477 2074; x_wconf 73' lang='grc' dir='ltr'>ύπομνηματογράφος.</span> <span class='ocrx_word' id='word_1_269' title='bbox 3502 2024 3521 2055; x_wconf 74' lang='grc' dir='ltr'><strong>ι</strong></span> <span class='ocrx_word' id='word_1_270' title='bbox 3593 2003 3825 2074; x_wconf 70' lang='grc' dir='ltr'>’ἱστορία</span> 
     </span>
    </p>
   </div>
   <div class='ocr_carea' id='block_1_40' title="bbox 2264 2094 3822 2168">
    <p class='ocr_par' dir='ltr' id='par_1_40' title="bbox 2264 2094 3822 2168">
     <span class='ocr_line' id='line_1_40' title="bbox 2264 2094 3822 2168; baseline -0.001 -19"><span class='ocrx_word' id='word_1_271' title='bbox 2264 2099 2363 2168; x_wconf 81' lang='grc' dir='ltr'><strong>μέν</strong></span> <span class='ocrx_word' id='word_1_272' title='bbox 2400 2100 2544 2151; x_wconf 75' lang='grc' dir='ltr'>ἐστιν</span> <span class='ocrx_word' id='word_1_273' title='bbox 2577 2098 2610 2166; x_wconf 84' lang='grc' dir='ltr'><strong>ή</strong></span> <span class='ocrx_word' id='word_1_274' title='bbox 2640 2095 2970 2168; x_wconf 75' lang='grc' dir='ltr'>προκειμένη</span> <span class='ocrx_word' id='word_1_275' title='bbox 2994 2095 3087 2147; x_wconf 80' lang='grc' dir='ltr'>καὶ</span> <span class='ocrx_word' id='word_1_276' title='bbox 3107 2094 3353 2165; x_wconf 80' lang='grc' dir='ltr'>διήγησις</span> <span class='ocrx_word' id='word_1_277' title='bbox 3378 2094 3663 2165; x_wconf 84' lang='grc' dir='ltr'>θαυμαστὴ</span> <span class='ocrx_word' id='word_1_278' title='bbox 3683 2111 3822 2165; x_wconf 88' lang='grc' dir='ltr'>πρα-</span> 
     </span>
    </p>
   </div>
   <div class='ocr_carea' id='block_1_41' title="bbox 2258 2185 3826 2260">
    <p class='ocr_par' dir='ltr' id='par_1_41' title="bbox 2258 2185 3826 2260">
     <span class='ocr_line' id='line_1_41' title="bbox 2258 2185 3826 2260; baseline -0.004 -17"><span class='ocrx_word' id='word_1_279' title='bbox 2258 2190 2483 2260; x_wconf 88' lang='grc' dir='ltr'>γμάτων</span> <span class='ocrx_word' id='word_1_280' title='bbox 2507 2188 2643 2243; x_wconf 88' lang='grc' dir='ltr'><strong>κατά</strong></span> <span class='ocrx_word' id='word_1_281' title='bbox 2669 2188 2794 2251; x_wconf 82' lang='grc' dir='ltr'>τοὺς</span> <span class='ocrx_word' id='word_1_282' title='bbox 2817 2188 3037 2258; x_wconf 83' lang='grc' dir='ltr'>χρόνους</span> <span class='ocrx_word' id='word_1_283' title='bbox 3066 2185 3303 2249; x_wconf 79' lang='grc' dir='ltr'>Ἐζεκίου</span> <span class='ocrx_word' id='word_1_284' title='bbox 3324 2186 3647 2257; x_wconf 63' lang='grc' dir='ltr'>γενομένων</span> <span class='ocrx_word' id='word_1_285' title='bbox 3680 2186 3826 2239; x_wconf 85' lang='grc' dir='ltr'>ἀνεί-</span> 
     </span>
    </p>
   </div>
   <div class='ocr_carea' id='block_1_42' title="bbox 2257 2277 3821 2350">
    <p class='ocr_par' dir='ltr' id='par_1_42' title="bbox 2257 2277 3821 2350">
     <span class='ocr_line' id='line_1_42' title="bbox 2257 2277 3821 2350; baseline 0 -19"><span class='ocrx_word' id='word_1_286' title='bbox 2257 2279 2459 2350; x_wconf 88' lang='grc' dir='ltr'>ληπται</span> <span class='ocrx_word' id='word_1_287' title='bbox 2489 2278 2545 2332; x_wconf 88' lang='grc' dir='ltr'>δὲ</span> <span class='ocrx_word' id='word_1_288' title='bbox 2581 2278 2716 2349; x_wconf 84' lang='grc' dir='ltr'><strong>μετά</strong></span> <span class='ocrx_word' id='word_1_289' title='bbox 2748 2277 2857 2331; x_wconf 85' lang='grc' dir='ltr'><strong>τῶν</strong></span> <span class='ocrx_word' id='word_1_290' title='bbox 2889 2277 3087 2331; x_wconf 84' lang='grc' dir='ltr'>λοιπῶν</span> <span class='ocrx_word' id='word_1_291' title='bbox 3122 2278 3371 2348; x_wconf 78' lang='grc' dir='ltr'>ἱστοριῶν</span> <span class='ocrx_word' id='word_1_292' title='bbox 3403 2278 3461 2330; x_wconf 82' lang='grc' dir='ltr'><strong>έν</strong></span> <span class='ocrx_word' id='word_1_293' title='bbox 3492 2280 3558 2349; x_wconf 78' lang='grc' dir='ltr'><strong>τῇ</strong></span> <span class='ocrx_word' id='word_1_294' title='bbox 3586 2278 3821 2349; x_wconf 71' lang='grc' dir='ltr'>τετάρτῃ</span> 
     </span>
    </p>
   </div>
   <div class='ocr_carea' id='block_1_43' title="bbox 615 2367 2157 2441">
    <p class='ocr_par' dir='ltr' id='par_1_43' title="bbox 615 2367 2157 2441">
     <span class='ocr_line' id='line_1_43' title="bbox 615 2367 2157 2441; baseline -0.001 -19"><span class='ocrx_word' id='word_1_295' title='bbox 615 2372 735 2434; x_wconf 85' lang='lat' dir='ltr'><strong>fuit,</strong></span> <span class='ocrx_word' id='word_1_296' title='bbox 763 2374 887 2441; x_wconf 87' lang='lat' dir='ltr'><strong>quia</strong></span> <span class='ocrx_word' id='word_1_297' title='bbox 922 2370 1023 2425; x_wconf 83' lang='lat' dir='ltr'><strong>sub</strong></span> <span class='ocrx_word' id='word_1_298' title='bbox 1062 2371 1221 2425; x_wconf 80' lang='lat' dir='ltr'><strong>finem</strong></span> <span class='ocrx_word' id='word_1_299' title='bbox 1261 2369 1501 2423; x_wconf 72' lang='lat' dir='ltr'><strong>historia:</strong></span> <span class='ocrx_word' id='word_1_300' title='bbox 1540 2376 1651 2423; x_wconf 85' lang='lat' dir='ltr'><strong>tum</strong></span> <span class='ocrx_word' id='word_1_301' title='bbox 1688 2367 1995 2439; x_wconf 76' lang='lat' dir='ltr'><strong>prophetis,</strong></span> <span class='ocrx_word' id='word_1_302' title='bbox 2048 2379 2157 2420; x_wconf 90' lang='lat' dir='ltr'><strong>tum</strong></span> 
     </span>
    </p>
   </div>
   <div class='ocr_carea' id='block_1_44' title="bbox 2259 2367 3823 2441">
    <p class='ocr_par' dir='ltr' id='par_1_44' title="bbox 2259 2367 3823 2439">
     <span class='ocr_line' id='line_1_44' title="bbox 2259 2367 3823 2439; baseline 0 -18"><span class='ocrx_word' id='word_1_303' title='bbox 2259 2368 2365 2422; x_wconf 74' lang='grc' dir='ltr'><strong>Ιτῶν</strong></span> <span class='ocrx_word' id='word_1_304' title='bbox 2406 2367 2716 2433; x_wconf 86' lang='grc' dir='ltr'>Βασιλειῶν,</span> <span class='ocrx_word' id='word_1_305' title='bbox 2746 2368 2841 2421; x_wconf 80' lang='grc' dir='ltr'>καὶ</span> <span class='ocrx_word' id='word_1_306' title='bbox 2878 2369 2936 2421; x_wconf 79' lang='grc' dir='ltr'>ὲν</span> <span class='ocrx_word' id='word_1_307' title='bbox 2967 2370 3032 2439; x_wconf 76' lang='grc' dir='ltr'>τῇ</span> <span class='ocrx_word' id='word_1_308' title='bbox 3084 2368 3312 2438; x_wconf 76' lang='grc' dir='ltr'>δευτέρᾳ</span> <span class='ocrx_word' id='word_1_309' title='bbox 3343 2368 3450 2420; x_wconf 89' lang='grc' dir='ltr'><strong>τῶν</strong></span> <span class='ocrx_word' id='word_1_310' title='bbox 3486 2368 3823 2439; x_wconf 84' lang='grc' dir='ltr'>Παραλειπο-</span> 
     </span>
    </p>
   </div>
   <div class='ocr_carea' id='block_1_45' title="bbox 616 2459 2162 2530">
    <p class='ocr_par' dir='ltr' id='par_1_45' title="bbox 616 2459 2162 2530">
     <span class='ocr_line' id='line_1_45' title="bbox 616 2459 2162 2530; baseline -0.001 -18"><span class='ocrx_word' id='word_1_311' title='bbox 616 2475 700 2515; x_wconf 87' lang='lat' dir='ltr'><strong>res</strong></span> <span class='ocrx_word' id='word_1_312' title='bbox 725 2462 963 2529; x_wconf 69' lang='lat' dir='ltr'><strong>quaedam</strong></span> <span class='ocrx_word' id='word_1_313' title='bbox 990 2461 1246 2516; x_wconf 85' lang='lat' dir='ltr'><strong>mirabilis</strong></span> <span class='ocrx_word' id='word_1_314' title='bbox 1270 2470 1325 2515; x_wconf 93' lang='lat' dir='ltr'><strong>et</strong></span> <span class='ocrx_word' id='word_1_315' title='bbox 1354 2462 1736 2530; x_wconf 84' lang='lat' dir='ltr'><strong>inexspectata,</strong></span> <span class='ocrx_word' id='word_1_316' title='bbox 1764 2459 2009 2514; x_wconf 66' lang='lat' dir='ltr'><strong>Ezechias</strong></span> <span class='ocrx_word' id='word_1_317' title='bbox 2032 2469 2162 2513; x_wconf 88' lang='lat' dir='ltr'><strong>tem-</strong></span> 
     </span>
    </p>
   </div>
   <div class='ocr_carea' id='block_1_46' title="bbox 617 2562 1220 2623">
    <p class='ocr_par' dir='ltr' id='par_1_46' title="bbox 617 2562 1220 2623">
     <span class='ocr_line' id='line_1_46' title="bbox 617 2562 1220 2623; baseline 0.003 -18"><span class='ocrx_word' id='word_1_318' title='bbox 617 2567 747 2618; x_wconf 85' lang='lat' dir='ltr'><strong>pore</strong></span> <span class='ocrx_word' id='word_1_319' title='bbox 775 2563 922 2623; x_wconf 75' lang='lat' dir='ltr'><strong>gesta</strong></span> <span class='ocrx_word' id='word_1_320' title='bbox 952 2562 1220 2607; x_wconf 85' lang='lat' dir='ltr'><strong>narratur.</strong></span> 
     </span>
    </p>
   </div>
   <div class='ocr_carea' id='block_1_47' title="bbox 2259 2452 3821 2531">
    <p class='ocr_par' dir='ltr' id='par_1_47' title="bbox 2259 2452 3821 2531">
     <span class='ocr_line' id='line_1_47' title="bbox 2259 2452 3821 2531; baseline -0.001 -21"><span class='ocrx_word' id='word_1_321' title='bbox 2259 2457 2453 2528; x_wconf 84' lang='grc' dir='ltr'>μένων.</span> <span class='ocrx_word' id='word_1_322' title='bbox 2468 2458 2656 2527; x_wconf 82' lang='grc' dir='ltr'>Ὅμως</span> <span class='ocrx_word' id='word_1_323' title='bbox 2675 2456 2720 2510; x_wconf 87' lang='grc' dir='ltr'>δ’</span> <span class='ocrx_word' id='word_1_324' title='bbox 2737 2452 2829 2511; x_wconf 76' lang='grc' dir='ltr'>οὖν</span> <span class='ocrx_word' id='word_1_325' title='bbox 2848 2456 2942 2510; x_wconf 81' lang='grc' dir='ltr'>καὶ</span> <span class='ocrx_word' id='word_1_326' title='bbox 2966 2458 3022 2509; x_wconf 81' lang='grc' dir='ltr'>ὲν</span> <span class='ocrx_word' id='word_1_327' title='bbox 3043 2458 3108 2527; x_wconf 78' lang='grc' dir='ltr'><strong>τῇ</strong></span> <span class='ocrx_word' id='word_1_328' title='bbox 3140 2456 3275 2527; x_wconf 85' lang='grc' dir='ltr'>μετὰ</span> <span class='ocrx_word' id='word_1_329' title='bbox 3294 2459 3479 2528; x_wconf 77' lang='grc' dir='ltr'>χεῖρας</span> <span class='ocrx_word' id='word_1_330' title='bbox 3512 2460 3821 2531; x_wconf 73' lang='grc' dir='ltr'>προφητικῇ</span> 
     </span>
    </p>
   </div>
   <div class='ocr_carea' id='block_1_48' title="bbox 2258 2546 3823 2619">
    <p class='ocr_par' dir='ltr' id='par_1_48' title="bbox 2258 2546 3823 2619">
     <span class='ocr_line' id='line_1_48' title="bbox 2258 2546 3823 2619; baseline 0 -19"><span class='ocrx_word' id='word_1_331' title='bbox 2258 2548 2422 2618; x_wconf 82' lang='grc' dir='ltr'>βίϐλῳ</span> <span class='ocrx_word' id='word_1_332' title='bbox 2442 2546 2855 2618; x_wconf 81' lang='grc' dir='ltr'>καταϐέϐληται,</span> <span class='ocrx_word' id='word_1_333' title='bbox 2872 2546 2959 2600; x_wconf 87' lang='grc' dir='ltr'><strong>διά</strong></span> <span class='ocrx_word' id='word_1_334' title='bbox 2979 2546 3040 2598; x_wconf 74' lang='grc' dir='ltr'>τὸ</span> <span class='ocrx_word' id='word_1_335' title='bbox 3067 2546 3399 2618; x_wconf 78' lang='grc' dir='ltr'>ὲμφέρεσθαι</span> <span class='ocrx_word' id='word_1_336' title='bbox 3430 2548 3565 2619; x_wconf 81' lang='grc' dir='ltr'>πρὸς</span> <span class='ocrx_word' id='word_1_337' title='bbox 3587 2548 3649 2601; x_wconf 78' lang='grc' dir='ltr'>τὸ</span> <span class='ocrx_word' id='word_1_338' title='bbox 3676 2547 3823 2611; x_wconf 82' lang='grc' dir='ltr'>τέλος</span> 
     </span>
    </p>
   </div>
   <div class='ocr_carea' id='block_1_49' title="bbox 613 2637 3825 2716">
    <p class='ocr_par' dir='ltr' id='par_1_49' title="bbox 613 2637 3825 2716">
     <span class='ocr_line' id='line_1_49' title="bbox 613 2637 3825 2716; baseline -0.001 -20"><span class='ocrx_word' id='word_1_339' title='bbox 613 2643 711 2712; x_wconf 86' lang='grc' dir='ltr'>τῆς</span> <span class='ocrx_word' id='word_1_340' title='bbox 756 2644 990 2715; x_wconf 81' lang='grc' dir='ltr'>ἱστορίας</span> <span class='ocrx_word' id='word_1_341' title='bbox 1047 2644 1397 2716; x_wconf 76' lang='grc' dir='ltr'>προφητείαν,</span> <span class='ocrx_word' id='word_1_342' title='bbox 1457 2642 1551 2697; x_wconf 80' lang='grc' dir='ltr'><strong>καί</strong></span> <span class='ocrx_word' id='word_1_343' title='bbox 1590 2658 1709 2695; x_wconf 88' lang='grc' dir='ltr'>τινα</span> <span class='ocrx_word' id='word_1_344' title='bbox 1739 2640 1979 2712; x_wconf 82' lang='grc' dir='ltr'>μεγάλην</span> <span class='ocrx_word' id='word_1_345' title='bbox 2009 2641 2103 2694; x_wconf 77' lang='grc' dir='ltr'>καὶ</span> <span class='ocrx_word' id='word_1_346' title='bbox 2161 2638 2459 2712; x_wconf 81' lang='grc' dir='ltr'>παράδοξον</span> <span class='ocrx_word' id='word_1_347' title='bbox 2532 2639 2726 2711; x_wconf 81' lang='grc' dir='ltr'>πρᾶξιν</span> <span class='ocrx_word' id='word_1_348' title='bbox 2775 2637 3207 2705; x_wconf 76' lang='grc' dir='ltr'>ἐπιτελεσθεῖσαν</span> <span class='ocrx_word' id='word_1_349' title='bbox 3259 2638 3397 2692; x_wconf 82' lang='grc' dir='ltr'><strong>κατά</strong></span> <span class='ocrx_word' id='word_1_350' title='bbox 3440 2641 3565 2704; x_wconf 77' lang='grc' dir='ltr'>τοὺς</span> <span class='ocrx_word' id='word_1_351' title='bbox 3606 2640 3825 2712; x_wconf 77' lang='grc' dir='ltr'>χρόνους</span> 
     </span>
    </p>
   </div>
   <div class='ocr_carea' id='block_1_50' title="bbox 626 2732 884 2792">
    <p class='ocr_par' dir='ltr' id='par_1_50' title="bbox 626 2732 884 2792">
     <span class='ocr_line' id='line_1_50' title="bbox 626 2732 884 2792; baseline 0.023 -6"><span class='ocrx_word' id='word_1_352' title='bbox 626 2732 884 2792; x_wconf 81' lang='grc' dir='ltr'>Ἐζεκίου.</span> 
     </span>
    </p>
   </div>
   <div class='ocr_carea' id='block_1_51' title="bbox 684 2734 2150 2884">
    <p class='ocr_par' dir='ltr' id='par_1_51' title="bbox 684 2734 2150 2884">
     <span class='ocr_line' id='line_1_51' title="bbox 717 2735 884 2792; baseline 0.03 -5"><span class='ocrx_word' id='word_1_353' title='bbox 717 2735 884 2792; x_wconf 86' lang='grc' dir='ltr'>εκίου.</span> 
     </span>
     <span class='ocr_line' id='line_1_52' title="bbox 684 2734 2150 2884; baseline 0 -5"><span class='ocrx_word' id='word_1_354' title='bbox 684 2734 844 2881; x_wconf 46' lang='lat' dir='ltr'><strong>ius.</strong></span> <span class='ocrx_word' id='word_1_355' title='bbox 874 2827 927 2881; x_wconf 80' lang='grc' dir='ltr'>ι.</span> <span class='ocrx_word' id='word_1_356' title='bbox 949 2845 968 2880; x_wconf 83' lang='grc' dir='ltr'><strong>ι</strong></span> <span class='ocrx_word' id='word_1_357' title='bbox 1004 2826 1072 2883; x_wconf 86' lang='grc' dir='ltr'>Ει</span> <span class='ocrx_word' id='word_1_358' title='bbox 1097 2827 1234 2882; x_wconf 83' lang='lat' dir='ltr'><strong>dixit</strong></span> <span class='ocrx_word' id='word_1_359' title='bbox 1252 2827 1331 2884; x_wconf 88' lang='lat' dir='ltr'><strong>eis</strong></span> <span class='ocrx_word' id='word_1_360' title='bbox 1357 2827 1659 2883; x_wconf 76' lang='lat' dir='ltr'><strong>Rabsaces:</strong></span> <span class='ocrx_word' id='word_1_361' title='bbox 1686 2826 1854 2881; x_wconf 89' lang='lat' dir='ltr'><strong>Dicite</strong></span> <span class='ocrx_word' id='word_1_362' title='bbox 1872 2824 2150 2880; x_wconf 70' lang='lat' dir='ltr'><strong>Ezechiae:</strong></span> 
     </span>
    </p>
   </div>
   <div class='ocr_carea' id='block_1_52' title="bbox 620 2916 2157 2997">
    <p class='ocr_par' dir='ltr' id='par_1_52' title="bbox 620 2916 2157 2997">
     <span class='ocr_line' id='line_1_53' title="bbox 620 2916 2157 2997; baseline -0.001 -26"><span class='ocrx_word' id='word_1_363' title='bbox 620 2917 740 2971; x_wconf 62' lang='lat' dir='ltr'><strong>&quot;ac</strong></span> <span class='ocrx_word' id='word_1_364' title='bbox 775 2918 905 2997; x_wconf 79' lang='lat' dir='ltr'><strong>dicit</strong></span> <span class='ocrx_word' id='word_1_365' title='bbox 933 2933 1021 2974; x_wconf 88' lang='lat' dir='ltr'><strong>rex</strong></span> <span class='ocrx_word' id='word_1_366' title='bbox 1052 2933 1299 2987; x_wconf 82' lang='lat' dir='ltr'><strong>magnus,</strong></span> <span class='ocrx_word' id='word_1_367' title='bbox 1334 2931 1425 2972; x_wconf 83' lang='lat' dir='ltr'><strong>rex</strong></span> <span class='ocrx_word' id='word_1_368' title='bbox 1454 2918 1831 2989; x_wconf 80' lang='lat' dir='ltr'><strong>Assyriorum:</strong></span> <span class='ocrx_word' id='word_1_369' title='bbox 1864 2916 2001 2982; x_wconf 85' lang='lat' dir='ltr'><strong>Quid</strong></span> <span class='ocrx_word' id='word_1_370' title='bbox 2026 2930 2157 2971; x_wconf 88' lang='lat' dir='ltr'><strong>con-</strong></span> 
     </span>
    </p>
   </div>
   <div class='ocr_carea' id='block_1_53' title="bbox 2337 2817 3821 2893">
    <p class='ocr_par' dir='ltr' id='par_1_53' title="bbox 2337 2817 3821 2893">
     <span class='ocr_line' id='line_1_54' title="bbox 2337 2817 3821 2893; baseline -0.002 -18"><span class='ocrx_word' id='word_1_371' title='bbox 2337 2843 2355 2875; x_wconf 84' lang='grc' dir='ltr'><strong>ι</strong></span> <span class='ocrx_word' id='word_1_372' title='bbox 2385 2824 2495 2878; x_wconf 51' lang='grc' dir='ltr'><strong>Καὶ⁸</strong></span> <span class='ocrx_word' id='word_1_373' title='bbox 2528 2818 2677 2875; x_wconf 78' lang='grc' dir='ltr'>εἶπεν</span> <span class='ocrx_word' id='word_1_374' title='bbox 2719 2822 2901 2883; x_wconf 79' lang='grc' dir='ltr'>αὐτοῖς</span> <span class='ocrx_word' id='word_1_375' title='bbox 2938 2818 3265 2889; x_wconf 72' lang='grc' dir='ltr'>Ῥαϐσάκηςο</span> <span class='ocrx_word' id='word_1_376' title='bbox 3301 2817 3505 2873; x_wconf 73' lang='grc' dir='ltr'>Εἴπατε</span> <span class='ocrx_word' id='word_1_377' title='bbox 3572 2818 3821 2893; x_wconf 71' lang='grc' dir='ltr'>Ἑζεκίᾳο</span> 
     </span>
    </p>
   </div>
   <div class='ocr_carea' id='block_1_54' title="bbox 2261 2911 3820 2984">
    <p class='ocr_par' dir='ltr' id='par_1_54' title="bbox 2261 2911 3820 2984">
     <span class='ocr_line' id='line_1_55' title="bbox 2261 2911 3820 2984; baseline 0 -17"><span class='ocrx_word' id='word_1_378' title='bbox 2261 2914 2399 2969; x_wconf 83' lang='grc' dir='ltr'><strong>Τάδε</strong></span> <span class='ocrx_word' id='word_1_379' title='bbox 2426 2914 2573 2983; x_wconf 80' lang='grc' dir='ltr'>λέγει</span> <span class='ocrx_word' id='word_1_380' title='bbox 2600 2916 2629 2967; x_wconf 93' lang='lat'><strong>6</strong></span> <span class='ocrx_word' id='word_1_381' title='bbox 2659 2913 2906 2984; x_wconf 82' lang='grc' dir='ltr'>βασιλεὺς</span> <span class='ocrx_word' id='word_1_382' title='bbox 2928 2913 2955 2965; x_wconf 89' lang='lat'><strong>6</strong></span> <span class='ocrx_word' id='word_1_383' title='bbox 2982 2913 3173 2983; x_wconf 82' lang='grc' dir='ltr'>μέγας,</span> <span class='ocrx_word' id='word_1_384' title='bbox 3202 2911 3452 2981; x_wconf 82' lang='grc' dir='ltr'>βασιλεὺς</span> <span class='ocrx_word' id='word_1_385' title='bbox 3494 2912 3820 2984; x_wconf 84' lang='grc' dir='ltr'>Ἀσσυρίων·</span> 
     </span>
    </p>
   </div>
   <div class='ocr_carea' id='block_1_55' title="bbox 613 2995 2157 3079">
    <p class='ocr_par' dir='ltr' id='par_1_55' title="bbox 613 2995 2154 3079">
     <span class='ocr_line' id='line_1_56' title="bbox 613 2995 2154 3079; baseline -0.001 -18"><span class='ocrx_word' id='word_1_386' title='bbox 613 3008 773 3063; x_wconf 74' lang='lat' dir='ltr'><strong>tidis?</strong></span> <span class='ocrx_word' id='word_1_387' title='bbox 810 3026 829 3060; x_wconf 73' lang='grc' dir='ltr'><strong>ι</strong></span> <span class='ocrx_word' id='word_1_388' title='bbox 864 2995 994 3062; x_wconf 79' lang='lat' dir='ltr'><strong>Nam</strong></span> <span class='ocrx_word' id='word_1_389' title='bbox 1021 3024 1116 3063; x_wconf 89' lang='lat' dir='ltr'><strong>ceu</strong></span> <span class='ocrx_word' id='word_1_390' title='bbox 1147 3018 1384 3078; x_wconf 83' lang='lat' dir='ltr'><strong>potestas</strong></span> <span class='ocrx_word' id='word_1_391' title='bbox 1412 3009 1653 3076; x_wconf 74' lang='lat' dir='ltr'><strong>quaedam</strong></span> <span class='ocrx_word' id='word_1_392' title='bbox 1686 3008 1998 3079; x_wconf 83' lang='lat' dir='ltr'><strong>prophetico</strong></span> <span class='ocrx_word' id='word_1_393' title='bbox 2036 3021 2154 3062; x_wconf 87' lang='lat' dir='ltr'><strong>ser-</strong></span> 
     </span>
    </p>
   </div>
   <div class='ocr_carea' id='block_1_56' title="bbox 2259 2995 3824 3079">
    <p class='ocr_par' dir='ltr' id='par_1_56' title="bbox 2260 2998 3824 3073">
     <span class='ocr_line' id='line_1_57' title="bbox 2260 2998 3824 3073; baseline 0 -18"><span class='ocrx_word' id='word_1_394' title='bbox 2260 3004 2325 3056; x_wconf 91' lang='grc' dir='ltr'><strong>Τί</strong></span> <span class='ocrx_word' id='word_1_395' title='bbox 2357 3002 2630 3065; x_wconf 85' lang='grc' dir='ltr'>πεποιθὼς</span> <span class='ocrx_word' id='word_1_396' title='bbox 2662 2998 2742 3067; x_wconf 84' lang='grc' dir='ltr'><strong>εἷ;</strong></span> <span class='ocrx_word' id='word_1_397' title='bbox 2776 3022 2793 3053; x_wconf 76' lang='grc' dir='ltr'><strong>ι</strong></span> <span class='ocrx_word' id='word_1_398' title='bbox 2833 3002 3042 3072; x_wconf 81' lang='grc' dir='ltr'>Ὠσπερ</span> <span class='ocrx_word' id='word_1_399' title='bbox 3074 3003 3183 3071; x_wconf 89' lang='grc' dir='ltr'><strong>γάρ</strong></span> <span class='ocrx_word' id='word_1_400' title='bbox 3212 3019 3297 3067; x_wconf 88' lang='grc' dir='ltr'><strong>τις</strong></span> <span class='ocrx_word' id='word_1_401' title='bbox 3343 3002 3689 3073; x_wconf 84' lang='grc' dir='ltr'>ἀντικειμένη</span> <span class='ocrx_word' id='word_1_402' title='bbox 3730 3000 3824 3056; x_wconf 86' lang='grc' dir='ltr'>δύ-</span> 
     </span>
    </p>
   </div>
   <div class='ocr_carea' id='block_1_57' title="bbox 622 3096 2162 3163">
    <p class='ocr_par' dir='ltr' id='par_1_57' title="bbox 622 3096 2162 3163">
     <span class='ocr_line' id='line_1_58' title="bbox 622 3096 2162 3163; baseline -0.001 -11"><span class='ocrx_word' id='word_1_403' title='bbox 622 3100 763 3153; x_wconf 88' lang='lat' dir='ltr'><strong>moni</strong></span> <span class='ocrx_word' id='word_1_404' title='bbox 797 3100 1103 3154; x_wconf 80' lang='lat' dir='ltr'><strong>adversaria</strong></span> <span class='ocrx_word' id='word_1_405' title='bbox 1139 3098 1361 3163; x_wconf 85' lang='lat' dir='ltr'><strong>dicenti,</strong></span> <span class='ocrx_word' id='word_1_406' title='bbox 1396 3098 1519 3152; x_wconf 67' lang='lat' dir='ltr'><strong>llaec</strong></span> <span class='ocrx_word' id='word_1_407' title='bbox 1560 3098 1692 3153; x_wconf 82' lang='lat' dir='ltr'><strong>dicit</strong></span> <span class='ocrx_word' id='word_1_408' title='bbox 1747 3098 2003 3152; x_wconf 79' lang='lat' dir='ltr'><strong>Dominus</strong></span> <span class='ocrx_word' id='word_1_409' title='bbox 2025 3135 2043 3163; x_wconf 91' lang='lat'><strong>,</strong></span> <span class='ocrx_word' id='word_1_410' title='bbox 2082 3096 2162 3151; x_wconf 87' lang='lat' dir='ltr'><strong>sic</strong></span> 
     </span>
    </p>
   </div>
   <div class='ocr_carea' id='block_1_58' title="bbox 609 3189 2162 3259">
    <p class='ocr_par' dir='ltr' id='par_1_58' title="bbox 609 3189 2162 3259">
     <span class='ocr_line' id='line_1_59' title="bbox 609 3189 2162 3259; baseline -0.001 -16"><span class='ocrx_word' id='word_1_411' title='bbox 609 3201 667 3243; x_wconf 80' lang='lat' dir='ltr'><strong>et</strong></span> <span class='ocrx_word' id='word_1_412' title='bbox 709 3192 797 3245; x_wconf 90' lang='lat' dir='ltr'><strong>ille</strong></span> <span class='ocrx_word' id='word_1_413' title='bbox 840 3191 1152 3246; x_wconf 76' lang='lat' dir='ltr'><strong>clamabat:</strong></span> <span class='ocrx_word' id='word_1_414' title='bbox 1195 3210 1215 3242; x_wconf 72' lang='grc' dir='ltr'><strong>ι</strong></span> <span class='ocrx_word' id='word_1_415' title='bbox 1262 3189 1387 3245; x_wconf 63' lang='lat' dir='ltr'><strong>Haec</strong></span> <span class='ocrx_word' id='word_1_416' title='bbox 1434 3190 1565 3244; x_wconf 90' lang='lat' dir='ltr'><strong>dicit</strong></span> <span class='ocrx_word' id='word_1_417' title='bbox 1611 3204 1703 3244; x_wconf 81' lang='lat' dir='ltr'><strong>rex</strong></span> <span class='ocrx_word' id='word_1_418' title='bbox 1753 3204 2013 3259; x_wconf 71' lang='lat' dir='ltr'><strong>magnus,</strong></span> <span class='ocrx_word' id='word_1_419' title='bbox 2065 3201 2162 3243; x_wconf 91' lang='lat' dir='ltr'><strong>rex</strong></span> 
     </span>
    </p>
   </div>
   <div class='ocr_carea' id='block_1_59' title="bbox 613 3281 1032 3350">
    <p class='ocr_par' dir='ltr' id='par_1_59' title="bbox 613 3281 1032 3350">
     <span class='ocr_line' id='line_1_60' title="bbox 613 3281 1032 3350; baseline -0.002 -16"><span class='ocrx_word' id='word_1_420' title='bbox 613 3281 975 3350; x_wconf 79' lang='lat' dir='ltr'><strong>Assyriorum.</strong></span> <span class='ocrx_word' id='word_1_421' title='bbox 1013 3301 1032 3333; x_wconf 76' lang='grc' dir='ltr'><strong>ι</strong></span> 
     </span>
    </p>
   </div>
   <div class='ocr_carea' id='block_1_60' title="bbox 681 3370 2162 3440">
    <p class='ocr_par' dir='ltr' id='par_1_60' title="bbox 681 3370 2162 3440">
     <span class='ocr_line' id='line_1_61' title="bbox 681 3370 2162 3440; baseline 0.001 -14"><span class='ocrx_word' id='word_1_422' title='bbox 681 3370 843 3426; x_wconf 72' lang='lat' dir='ltr'><strong>Vens.</strong></span> <span class='ocrx_word' id='word_1_423' title='bbox 874 3372 930 3437; x_wconf 86' lang='lat'><strong>5,</strong></span> <span class='ocrx_word' id='word_1_424' title='bbox 959 3371 1011 3427; x_wconf 88' lang='lat'><em>6.</em></span> <span class='ocrx_word' id='word_1_425' title='bbox 1048 3390 1069 3423; x_wconf 80' lang='grc' dir='ltr'><strong>ι</strong></span> <span class='ocrx_word' id='word_1_426' title='bbox 1104 3372 1243 3427; x_wconf 86' lang='lat' dir='ltr'><strong>Ecce</strong></span> <span class='ocrx_word' id='word_1_427' title='bbox 1272 3372 1495 3427; x_wconf 77' lang='lat' dir='ltr'><strong>conﬁdis</strong></span> <span class='ocrx_word' id='word_1_428' title='bbox 1522 3372 1686 3440; x_wconf 74' lang='lat' dir='ltr'><strong>virgae</strong></span> <span class='ocrx_word' id='word_1_429' title='bbox 1709 3372 2014 3426; x_wconf 62' lang='lat' dir='ltr'><strong>arundinea:</strong></span> <span class='ocrx_word' id='word_1_430' title='bbox 2039 3371 2162 3427; x_wconf 89' lang='lat' dir='ltr'><strong>huic</strong></span> 
     </span>
    </p>
   </div>
   <div class='ocr_carea' id='block_1_61' title="bbox 610 3461 2159 3533">
    <p class='ocr_par' dir='ltr' id='par_1_61' title="bbox 610 3461 2159 3533">
     <span class='ocr_line' id='line_1_62' title="bbox 610 3461 2159 3533; baseline 0.002 -17"><span class='ocrx_word' id='word_1_431' title='bbox 610 3464 930 3529; x_wconf 63' lang='lat' dir='ltr'><strong>confracta,</strong></span> <span class='ocrx_word' id='word_1_432' title='bbox 992 3461 1265 3532; x_wconf 63' lang='grc' dir='ltr'>Λεωνιοε</span> <span class='ocrx_word' id='word_1_433' title='bbox 1310 3463 1394 3519; x_wconf 90' lang='lat' dir='ltr'><strong>cui</strong></span> <span class='ocrx_word' id='word_1_434' title='bbox 1442 3464 1485 3519; x_wconf 89' lang='lat' dir='ltr'><strong>si</strong></span> <span class='ocrx_word' id='word_1_435' title='bbox 1538 3464 1621 3519; x_wconf 81' lang='lat' dir='ltr'><strong>vir</strong></span> <span class='ocrx_word' id='word_1_436' title='bbox 1664 3464 1944 3529; x_wconf 82' lang='lat' dir='ltr'><strong>innitatur,</strong></span> <span class='ocrx_word' id='word_1_437' title='bbox 1997 3477 2159 3533; x_wconf 85' lang='lat' dir='ltr'><strong>pene-</strong></span> 
     </span>
    </p>
   </div>
   <div class='ocr_carea' id='block_1_62' title="bbox 612 3551 2161 3624">
    <p class='ocr_par' dir='ltr' id='par_1_62' title="bbox 612 3551 2161 3624">
     <span class='ocr_line' id='line_1_63' title="bbox 612 3551 2161 3624; baseline 0.003 -19"><span class='ocrx_word' id='word_1_438' title='bbox 612 3551 776 3606; x_wconf 83' lang='lat' dir='ltr'><strong>trabit</strong></span> <span class='ocrx_word' id='word_1_439' title='bbox 804 3566 1017 3605; x_wconf 90' lang='lat' dir='ltr'><strong>manum</strong></span> <span class='ocrx_word' id='word_1_440' title='bbox 1048 3552 1182 3621; x_wconf 80' lang='lat' dir='ltr'><strong>cjus.</strong></span> <span class='ocrx_word' id='word_1_441' title='bbox 1223 3552 1312 3607; x_wconf 89' lang='lat' dir='ltr'><strong>Sic</strong></span> <span class='ocrx_word' id='word_1_442' title='bbox 1357 3563 1439 3608; x_wconf 86' lang='lat' dir='ltr'><strong>est</strong></span> <span class='ocrx_word' id='word_1_443' title='bbox 1466 3553 1677 3608; x_wconf 82' lang='lat' dir='ltr'><strong>Pharao</strong></span> <span class='ocrx_word' id='word_1_444' title='bbox 1716 3570 1809 3609; x_wconf 89' lang='lat' dir='ltr'><strong>rex</strong></span> <span class='ocrx_word' id='word_1_445' title='bbox 1836 3553 2075 3624; x_wconf 66' lang='lat' dir='ltr'><strong>Egypti,</strong></span> <span class='ocrx_word' id='word_1_446' title='bbox 2107 3564 2161 3610; x_wconf 87' lang='lat' dir='ltr'><strong>et</strong></span> 
     </span>
    </p>
   </div>
   <div class='ocr_carea' id='block_1_63' title="bbox 611 3642 2159 3714">
    <p class='ocr_par' dir='ltr' id='par_1_63' title="bbox 611 3642 2159 3714">
     <span class='ocr_line' id='line_1_64' title="bbox 611 3642 2159 3714; baseline 0.003 -18"><span class='ocrx_word' id='word_1_447' title='bbox 611 3657 801 3697; x_wconf 88' lang='lat' dir='ltr'><strong>omnes</strong></span> <span class='ocrx_word' id='word_1_448' title='bbox 831 3642 923 3711; x_wconf 87' lang='lat' dir='ltr'><strong>qui</strong></span> <span class='ocrx_word' id='word_1_449' title='bbox 976 3642 1250 3697; x_wconf 83' lang='lat' dir='ltr'><strong>confidunt</strong></span> <span class='ocrx_word' id='word_1_450' title='bbox 1273 3644 1325 3699; x_wconf 92' lang='lat' dir='ltr'><strong>in</strong></span> <span class='ocrx_word' id='word_1_451' title='bbox 1364 3658 1450 3700; x_wconf 87' lang='lat' dir='ltr'><strong>eo.</strong></span> <span class='ocrx_word' id='word_1_452' title='bbox 1494 3663 1513 3696; x_wconf 78' lang='grc' dir='ltr'><strong>ι</strong></span> <span class='ocrx_word' id='word_1_453' title='bbox 1549 3644 1889 3714; x_wconf 77' lang='lat' dir='ltr'><strong>Sycophanta</strong></span> <span class='ocrx_word' id='word_1_454' title='bbox 1927 3660 2047 3700; x_wconf 91' lang='lat' dir='ltr'><strong>cum</strong></span> <span class='ocrx_word' id='word_1_455' title='bbox 2071 3660 2159 3700; x_wconf 80' lang='lat' dir='ltr'><strong>es-</strong></span> 
     </span>
    </p>
   </div>
   <div class='ocr_carea' id='block_1_64' title="bbox 610 3731 2162 3799">
    <p class='ocr_par' dir='ltr' id='par_1_64' title="bbox 610 3731 2162 3799">
     <span class='ocr_line' id='line_1_65' title="bbox 610 3731 2162 3799; baseline 0.005 -16"><span class='ocrx_word' id='word_1_456' title='bbox 610 3738 696 3786; x_wconf 81' lang='lat' dir='ltr'><strong>set</strong></span> <span class='ocrx_word' id='word_1_457' title='bbox 719 3731 986 3795; x_wconf 89' lang='lat' dir='ltr'><strong>inimicus,</strong></span> <span class='ocrx_word' id='word_1_458' title='bbox 1011 3731 1292 3787; x_wconf 81' lang='lat' dir='ltr'><strong>Ezechiam</strong></span> <span class='ocrx_word' id='word_1_459' title='bbox 1323 3732 1752 3789; x_wconf 83' lang='lat' dir='ltr'><strong>caiumniabatur</strong></span> <span class='ocrx_word' id='word_1_460' title='bbox 1781 3735 1983 3799; x_wconf 83' lang='lat' dir='ltr'><strong>dicens,</strong></span> <span class='ocrx_word' id='word_1_461' title='bbox 2018 3734 2162 3791; x_wconf 86' lang='lat' dir='ltr'><strong>Ecce</strong></span> 
     </span>
    </p>
   </div>
   <div class='ocr_carea' id='block_1_65' title="bbox 610 3820 2159 3896">
    <p class='ocr_par' dir='ltr' id='par_1_65' title="bbox 610 3820 2159 3896">
     <span class='ocr_line' id='line_1_66' title="bbox 610 3820 2159 3896; baseline 0.001 -19"><span class='ocrx_word' id='word_1_462' title='bbox 610 3820 837 3877; x_wconf 74' lang='lat' dir='ltr'><strong>conﬁdis</strong></span> <span class='ocrx_word' id='word_1_463' title='bbox 883 3820 1149 3893; x_wconf 66' lang='lat' dir='ltr'><strong>Egypto,</strong></span> <span class='ocrx_word' id='word_1_464' title='bbox 1193 3833 1249 3879; x_wconf 89' lang='lat' dir='ltr'><strong>et</strong></span> <span class='ocrx_word' id='word_1_465' title='bbox 1306 3822 1572 3880; x_wconf 86' lang='lat' dir='ltr'><strong>Pharaoni</strong></span> <span class='ocrx_word' id='word_1_466' title='bbox 1625 3825 1736 3896; x_wconf 73' lang='lat' dir='ltr'><strong>regi</strong></span> <span class='ocrx_word' id='word_1_467' title='bbox 1772 3825 2018 3896; x_wconf 64' lang='lat' dir='ltr'><strong>Egypti,</strong></span> <span class='ocrx_word' id='word_1_468' title='bbox 2066 3825 2159 3894; x_wconf 91' lang='lat' dir='ltr'><strong>qui</strong></span> 
     </span>
    </p>
   </div>
   <div class='ocr_carea' id='block_1_66' title="bbox 612 3912 2159 3991">
    <p class='ocr_par' dir='ltr' id='par_1_66' title="bbox 612 3912 2159 3991">
     <span class='ocr_line' id='line_1_67' title="bbox 612 3912 2159 3991; baseline 0.004 -25"><span class='ocrx_word' id='word_1_469' title='bbox 612 3912 899 3970; x_wconf 80' lang='lat' dir='ltr'><strong>ﬂdeutibus</strong></span> <span class='ocrx_word' id='word_1_470' title='bbox 945 3914 1071 3981; x_wconf 85' lang='lat' dir='ltr'><strong>sibi,</strong></span> <span class='ocrx_word' id='word_1_471' title='bbox 1112 3925 1167 3972; x_wconf 92' lang='lat' dir='ltr'><strong>et</strong></span> <span class='ocrx_word' id='word_1_472' title='bbox 1207 3918 1550 3989; x_wconf 72' lang='lat' dir='ltr'><strong>sperantibus</strong></span> <span class='ocrx_word' id='word_1_473' title='bbox 1595 3919 1648 3975; x_wconf 87' lang='lat' dir='ltr'><strong>in</strong></span> <span class='ocrx_word' id='word_1_474' title='bbox 1686 3934 1781 3985; x_wconf 87' lang='lat' dir='ltr'><strong>se,</strong></span> <span class='ocrx_word' id='word_1_475' title='bbox 1826 3919 2017 3991; x_wconf 79' lang='lat' dir='ltr'><strong>quovis</strong></span> <span class='ocrx_word' id='word_1_476' title='bbox 2052 3918 2159 3973; x_wconf 87' lang='lat' dir='ltr'><strong>ini-</strong></span> 
     </span>
    </p>
   </div>
   <div class='ocr_carea' id='block_1_67' title="bbox 612 4007 2159 4083">
    <p class='ocr_par' dir='ltr' id='par_1_67' title="bbox 612 4007 2159 4083">
     <span class='ocr_line' id='line_1_68' title="bbox 612 4007 2159 4083; baseline 0.003 -23"><span class='ocrx_word' id='word_1_477' title='bbox 612 4008 754 4061; x_wconf 73' lang='lat' dir='ltr'><strong>unico</strong></span> <span class='ocrx_word' id='word_1_478' title='bbox 784 4007 1018 4063; x_wconf 78' lang='lat' dir='ltr'><strong>deterior</strong></span> <span class='ocrx_word' id='word_1_479' title='bbox 1046 4019 1149 4073; x_wconf 91' lang='lat' dir='ltr'><strong>est,</strong></span> <span class='ocrx_word' id='word_1_480' title='bbox 1200 4012 1444 4067; x_wconf 88' lang='lat' dir='ltr'><strong>nesciens</strong></span> <span class='ocrx_word' id='word_1_481' title='bbox 1482 4022 1635 4083; x_wconf 80' lang='lat' dir='ltr'><strong>pacta</strong></span> <span class='ocrx_word' id='word_1_482' title='bbox 1684 4026 1903 4068; x_wconf 81' lang='lat' dir='ltr'><strong>servare</strong></span> <span class='ocrx_word' id='word_1_483' title='bbox 1931 4024 2052 4065; x_wconf 93' lang='lat' dir='ltr'><strong>cum</strong></span> <span class='ocrx_word' id='word_1_484' title='bbox 2093 4009 2159 4065; x_wconf 87' lang='lat' dir='ltr'><strong>iis</strong></span> 
     </span>
    </p>
   </div>
   <div class='ocr_carea' id='block_1_68' title="bbox 611 4096 2161 4172">
    <p class='ocr_par' dir='ltr' id='par_1_68' title="bbox 611 4096 2161 4172">
     <span class='ocr_line' id='line_1_69' title="bbox 611 4096 2161 4172; baseline 0.003 -23"><span class='ocrx_word' id='word_1_485' title='bbox 611 4096 704 4161; x_wconf 75' lang='lat' dir='ltr'><strong>qui</strong></span> <span class='ocrx_word' id='word_1_486' title='bbox 738 4096 804 4150; x_wconf 79' lang='lat' dir='ltr'><strong>ad</strong></span> <span class='ocrx_word' id='word_1_487' title='bbox 849 4098 1020 4166; x_wconf 86' lang='lat' dir='ltr'><strong>ipsum</strong></span> <span class='ocrx_word' id='word_1_488' title='bbox 1058 4098 1407 4171; x_wconf 75' lang='lat' dir='ltr'><strong>confugiunt:</strong></span> <span class='ocrx_word' id='word_1_489' title='bbox 1450 4117 1617 4172; x_wconf 81' lang='lat' dir='ltr'><strong>quare</strong></span> <span class='ocrx_word' id='word_1_490' title='bbox 1666 4103 1895 4159; x_wconf 81' lang='lat' dir='ltr'><strong>similem</strong></span> <span class='ocrx_word' id='word_1_491' title='bbox 1934 4100 2009 4154; x_wconf 87' lang='lat' dir='ltr'><strong>ait</strong></span> <span class='ocrx_word' id='word_1_492' title='bbox 2040 4114 2161 4154; x_wconf 84' lang='lat' dir='ltr'><strong>esse</strong></span> 
     </span>
    </p>
   </div>
   <div class='ocr_carea' id='block_1_69' title="bbox 613 4186 2156 4264">
    <p class='ocr_par' dir='ltr' id='par_1_69' title="bbox 613 4186 2156 4264">
     <span class='ocr_line' id='line_1_70' title="bbox 613 4186 2156 4264; baseline 0.006 -27"><span class='ocrx_word' id='word_1_493' title='bbox 613 4186 777 4254; x_wconf 69' lang='lat' dir='ltr'><strong>virgae</strong></span> <span class='ocrx_word' id='word_1_494' title='bbox 810 4187 1030 4251; x_wconf 85' lang='lat' dir='ltr'><strong>calami,</strong></span> <span class='ocrx_word' id='word_1_495' title='bbox 1060 4204 1178 4258; x_wconf 68' lang='lat' dir='ltr'><strong>qua!</strong></span> <span class='ocrx_word' id='word_1_496' title='bbox 1213 4192 1375 4247; x_wconf 84' lang='lat' dir='ltr'><strong>simul</strong></span> <span class='ocrx_word' id='word_1_497' title='bbox 1406 4204 1597 4248; x_wconf 85' lang='lat' dir='ltr'><strong>natur</strong></span> <span class='ocrx_word' id='word_1_498' title='bbox 1632 4194 1858 4264; x_wconf 72' lang='lat' dir='ltr'><strong>fragilis,</strong></span> <span class='ocrx_word' id='word_1_499' title='bbox 1885 4203 1941 4248; x_wconf 90' lang='lat' dir='ltr'><strong>et</strong></span> <span class='ocrx_word' id='word_1_500' title='bbox 1970 4192 2037 4247; x_wconf 88' lang='lat' dir='ltr'><strong>iis</strong></span> <span class='ocrx_word' id='word_1_501' title='bbox 2065 4192 2156 4262; x_wconf 85' lang='lat' dir='ltr'><strong>qui</strong></span> 
     </span>
    </p>
   </div>
   <div class='ocr_carea' id='block_1_70' title="bbox 612 4277 1369 4345">
    <p class='ocr_par' dir='ltr' id='par_1_70' title="bbox 612 4277 1369 4345">
     <span class='ocr_line' id='line_1_71' title="bbox 612 4277 1369 4345; baseline 0.011 -14"><span class='ocrx_word' id='word_1_502' title='bbox 612 4278 711 4345; x_wconf 86' lang='lat' dir='ltr'><strong>ipsi</strong></span> <span class='ocrx_word' id='word_1_503' title='bbox 741 4277 1043 4334; x_wconf 87' lang='lat' dir='ltr'><strong>innituntur</strong></span> <span class='ocrx_word' id='word_1_504' title='bbox 1083 4282 1240 4337; x_wconf 78' lang='lat' dir='ltr'><strong>noxia</strong></span> <span class='ocrx_word' id='word_1_505' title='bbox 1264 4292 1369 4339; x_wconf 85' lang='lat' dir='ltr'><strong>est.</strong></span> 
     </span>
    </p>
   </div>
   <div class='ocr_carea' id='block_1_71' title="bbox 2259 3093 3824 3166">
    <p class='ocr_par' dir='ltr' id='par_1_71' title="bbox 2259 3093 3824 3166">
     <span class='ocr_line' id='line_1_72' title="bbox 2259 3093 3824 3166; baseline -0.001 -17"><span class='ocrx_word' id='word_1_506' title='bbox 2259 3112 2421 3165; x_wconf 88' lang='grc' dir='ltr'>ναμις</span> <span class='ocrx_word' id='word_1_507' title='bbox 2471 3095 2549 3165; x_wconf 85' lang='grc' dir='ltr'>τῷ</span> <span class='ocrx_word' id='word_1_508' title='bbox 2598 3094 2916 3166; x_wconf 73' lang='grc' dir='ltr'>προφητικῷ</span> <span class='ocrx_word' id='word_1_509' title='bbox 2950 3095 3025 3165; x_wconf 83' lang='grc' dir='ltr'>τῷ</span> <span class='ocrx_word' id='word_1_510' title='bbox 3042 3095 3319 3164; x_wconf 79' lang='grc' dir='ltr'>φάσκοντι,</span> <span class='ocrx_word' id='word_1_511' title='bbox 3355 3094 3494 3148; x_wconf 87' lang='grc' dir='ltr'>Τάδε</span> <span class='ocrx_word' id='word_1_512' title='bbox 3534 3093 3682 3163; x_wconf 87' lang='grc' dir='ltr'>λέγει</span> <span class='ocrx_word' id='word_1_513' title='bbox 3710 3094 3824 3148; x_wconf 79' lang='grc' dir='ltr'><strong>Κύ-</strong></span> 
     </span>
    </p>
   </div>
   <div class='ocr_carea' id='block_1_72' title="bbox 2261 3178 3825 3257">
    <p class='ocr_par' dir='ltr' id='par_1_72' title="bbox 2261 3178 3825 3257">
     <span class='ocr_line' id='line_1_73' title="bbox 2261 3178 3825 3257; baseline 0.003 -21"><span class='ocrx_word' id='word_1_514' title='bbox 2261 3200 2393 3255; x_wconf 88' lang='grc' dir='ltr'>ριος,</span> <span class='ocrx_word' id='word_1_515' title='bbox 2424 3183 2519 3237; x_wconf 74' lang='grc' dir='ltr'>καὶ</span> <span class='ocrx_word' id='word_1_516' title='bbox 2548 3178 2699 3248; x_wconf 75' lang='grc' dir='ltr'>οὗτος</span> <span class='ocrx_word' id='word_1_517' title='bbox 2726 3184 2851 3237; x_wconf 79' lang='grc' dir='ltr'>ἐϐόα</span> <span class='ocrx_word' id='word_1_518' title='bbox 2870 3202 2885 3215; x_wconf 69' lang='grc' dir='ltr'><strong>ι</strong></span> <span class='ocrx_word' id='word_1_519' title='bbox 2931 3202 2949 3234; x_wconf 85' lang='grc' dir='ltr'><strong>ι</strong></span> <span class='ocrx_word' id='word_1_520' title='bbox 2977 3184 3113 3238; x_wconf 85' lang='grc' dir='ltr'>Τάδε</span> <span class='ocrx_word' id='word_1_521' title='bbox 3149 3184 3294 3254; x_wconf 88' lang='grc' dir='ltr'>λέγει</span> <span class='ocrx_word' id='word_1_522' title='bbox 3331 3186 3357 3237; x_wconf 97' lang='lat'><strong>6</strong></span> <span class='ocrx_word' id='word_1_523' title='bbox 3390 3184 3642 3256; x_wconf 80' lang='grc' dir='ltr'>βασιλεὺς</span> <span class='ocrx_word' id='word_1_524' title='bbox 3667 3188 3696 3239; x_wconf 94' lang='lat'><strong>6</strong></span> <span class='ocrx_word' id='word_1_525' title='bbox 3728 3186 3825 3257; x_wconf 72' lang='grc' dir='ltr'>μέο</span> 
     </span>
    </p>
   </div>
   <div class='ocr_carea' id='block_1_73' title="bbox 2259 3275 3099 3348">
    <p class='ocr_par' dir='ltr' id='par_1_73' title="bbox 2259 3275 3099 3348">
     <span class='ocr_line' id='line_1_74' title="bbox 2259 3275 3099 3348; baseline 0 -19"><span class='ocrx_word' id='word_1_526' title='bbox 2259 3292 2379 3345; x_wconf 91' lang='grc' dir='ltr'>γας,</span> <span class='ocrx_word' id='word_1_527' title='bbox 2406 3278 2435 3329; x_wconf 88' lang='lat'><strong>6</strong></span> <span class='ocrx_word' id='word_1_528' title='bbox 2460 3275 2709 3347; x_wconf 78' lang='grc' dir='ltr'>βασιλεὺς</span> <span class='ocrx_word' id='word_1_529' title='bbox 2744 3276 3058 3348; x_wconf 85' lang='grc' dir='ltr'>Ἀσσυρίων.</span> <span class='ocrx_word' id='word_1_530' title='bbox 3080 3294 3099 3328; x_wconf 77' lang='grc' dir='ltr'><strong>ι</strong></span> 
     </span>
    </p>
   </div>
   <div class='ocr_carea' id='block_1_74' title="bbox 2332 3363 3819 3440">
    <p class='ocr_par' dir='ltr' id='par_1_74' title="bbox 2332 3363 3819 3440">
     <span class='ocr_line' id='line_1_75' title="bbox 2332 3363 3819 3440; baseline 0.003 -21"><span class='ocrx_word' id='word_1_531' title='bbox 2332 3385 2351 3419; x_wconf 80' lang='grc' dir='ltr'><strong>ι</strong></span> <span class='ocrx_word' id='word_1_532' title='bbox 2388 3366 2517 3421; x_wconf 74' lang='grc' dir='ltr'>Ἰδού</span> <span class='ocrx_word' id='word_1_533' title='bbox 2550 3366 2821 3429; x_wconf 84' lang='grc' dir='ltr'>πεποιθὼς</span> <span class='ocrx_word' id='word_1_534' title='bbox 2871 3363 2922 3420; x_wconf 75' lang='grc' dir='ltr'>εἴ</span> <span class='ocrx_word' id='word_1_535' title='bbox 2972 3368 3065 3420; x_wconf 73' lang='grc' dir='ltr'><strong>ἐπὶ</strong></span> <span class='ocrx_word' id='word_1_536' title='bbox 3124 3368 3224 3438; x_wconf 79' lang='grc' dir='ltr'>τὴν</span> <span class='ocrx_word' id='word_1_537' title='bbox 3288 3368 3481 3438; x_wconf 78' lang='grc' dir='ltr'>ῥάϐδον</span> <span class='ocrx_word' id='word_1_538' title='bbox 3529 3369 3629 3440; x_wconf 76' lang='grc' dir='ltr'><strong>τήν</strong></span> <span class='ocrx_word' id='word_1_539' title='bbox 3652 3370 3819 3431; x_wconf 73' lang='grc' dir='ltr'>καλασ-</span> 
     </span>
    </p>
   </div>
   <div class='ocr_carea' id='block_1_75' title="bbox 2262 3455 3824 3529">
    <p class='ocr_par' dir='ltr' id='par_1_75' title="bbox 2262 3455 3824 3529">
     <span class='ocr_line' id='line_1_76' title="bbox 2262 3455 3824 3529; baseline 0.003 -21"><span class='ocrx_word' id='word_1_540' title='bbox 2262 3455 2419 3528; x_wconf 89' lang='grc' dir='ltr'>μίνην</span> <span class='ocrx_word' id='word_1_541' title='bbox 2448 3458 2548 3529; x_wconf 84' lang='grc' dir='ltr'>τὴν</span> <span class='ocrx_word' id='word_1_542' title='bbox 2578 3456 2942 3528; x_wconf 82' lang='grc' dir='ltr'>τεθλασμένην</span> <span class='ocrx_word' id='word_1_543' title='bbox 2967 3457 3190 3529; x_wconf 83' lang='grc' dir='ltr'>ταύτην,</span> <span class='ocrx_word' id='word_1_544' title='bbox 3220 3458 3306 3510; x_wconf 77' lang='grc' dir='ltr'><strong>ἐπ’</strong></span> <span class='ocrx_word' id='word_1_545' title='bbox 3336 3460 3625 3526; x_wconf 72' lang='grc' dir='ltr'>Αἴγυπτον,</span> <span class='ocrx_word' id='word_1_546' title='bbox 3653 3459 3728 3523; x_wconf 83' lang='grc' dir='ltr'><strong>ὡς</strong></span> <span class='ocrx_word' id='word_1_547' title='bbox 3758 3460 3824 3513; x_wconf 79' lang='grc' dir='ltr'><strong>ἀν</strong></span> 
     </span>
    </p>
   </div>
   <div class='ocr_carea' id='block_1_76' title="bbox 2258 3548 3823 3621">
    <p class='ocr_par' dir='ltr' id='par_1_76' title="bbox 2258 3548 3823 3621">
     <span class='ocr_line' id='line_1_77' title="bbox 2258 3548 3823 3621; baseline 0.003 -21"><span class='ocrx_word' id='word_1_548' title='bbox 2258 3548 2614 3620; x_wconf 78' lang='grc' dir='ltr'>ὲπιστηριχθῇ</span> <span class='ocrx_word' id='word_1_549' title='bbox 2649 3549 2787 3619; x_wconf 80' lang='grc' dir='ltr'>ἀνὴρ</span> <span class='ocrx_word' id='word_1_550' title='bbox 2826 3550 2913 3602; x_wconf 76' lang='grc' dir='ltr'><strong>ἐπ’</strong></span> <span class='ocrx_word' id='word_1_551' title='bbox 2942 3549 3147 3620; x_wconf 80' lang='grc' dir='ltr'>αὐτὴν,</span> <span class='ocrx_word' id='word_1_552' title='bbox 3194 3549 3558 3604; x_wconf 75' lang='grc' dir='ltr'>εἰσελεύσεται</span> <span class='ocrx_word' id='word_1_553' title='bbox 3608 3551 3691 3615; x_wconf 79' lang='grc' dir='ltr'>εἰς</span> <span class='ocrx_word' id='word_1_554' title='bbox 3724 3552 3823 3621; x_wconf 80' lang='grc' dir='ltr'>τὴν</span> 
     </span>
    </p>
   </div>
   <div class='ocr_carea' id='block_1_77' title="bbox 2258 3638 3819 3712">
    <p class='ocr_par' dir='ltr' id='par_1_77' title="bbox 2258 3638 3819 3712">
     <span class='ocr_line' id='line_1_78' title="bbox 2258 3638 3819 3712; baseline 0.002 -20"><span class='ocrx_word' id='word_1_555' title='bbox 2258 3641 2415 3711; x_wconf 85' lang='grc' dir='ltr'>χεῖρα</span> <span class='ocrx_word' id='word_1_556' title='bbox 2442 3639 2637 3693; x_wconf 77' lang='grc' dir='ltr'>αὐτοῦ’</span> <span class='ocrx_word' id='word_1_557' title='bbox 2668 3638 2841 3704; x_wconf 80' lang='grc' dir='ltr'>οὕτως</span> <span class='ocrx_word' id='word_1_558' title='bbox 2868 3640 2986 3693; x_wconf 76' lang='grc' dir='ltr'>ἐστὶ</span> <span class='ocrx_word' id='word_1_559' title='bbox 3016 3639 3212 3712; x_wconf 71' lang='grc' dir='ltr'>Φαραὼ</span> <span class='ocrx_word' id='word_1_560' title='bbox 3247 3640 3497 3711; x_wconf 82' lang='grc' dir='ltr'>βασιλεὺς</span> <span class='ocrx_word' id='word_1_561' title='bbox 3522 3641 3819 3709; x_wconf 73' lang='grc' dir='ltr'>Αἰγύπτου,</span> 
     </span>
    </p>
   </div>
   <div class='ocr_carea' id='block_1_78' title="bbox 2258 3730 3822 3804">
    <p class='ocr_par' dir='ltr' id='par_1_78' title="bbox 2258 3730 3822 3804">
     <span class='ocr_line' id='line_1_79' title="bbox 2258 3730 3822 3804; baseline 0.003 -21"><span class='ocrx_word' id='word_1_562' title='bbox 2258 3731 2352 3783; x_wconf 73' lang='grc' dir='ltr'><strong>καὶ</strong></span> <span class='ocrx_word' id='word_1_563' title='bbox 2382 3732 2580 3795; x_wconf 87' lang='grc' dir='ltr'>πάντες</span> <span class='ocrx_word' id='word_1_564' title='bbox 2606 3732 2656 3785; x_wconf 80' lang='lat' dir='ltr'><strong>oi</strong></span> <span class='ocrx_word' id='word_1_565' title='bbox 2685 3730 3000 3796; x_wconf 81' lang='grc' dir='ltr'>πεποιθότες</span> <span class='ocrx_word' id='word_1_566' title='bbox 3036 3733 3122 3785; x_wconf 72' lang='grc' dir='ltr'><strong>ιπ’</strong></span> <span class='ocrx_word' id='word_1_567' title='bbox 3147 3732 3313 3803; x_wconf 84' lang='grc' dir='ltr'>αὐτῷ.</span> <span class='ocrx_word' id='word_1_568' title='bbox 3337 3752 3356 3785; x_wconf 75' lang='grc' dir='ltr'><strong>ι</strong></span> <span class='ocrx_word' id='word_1_569' title='bbox 3398 3733 3746 3804; x_wconf 79' lang='grc' dir='ltr'>Συκοφάντης</span> <span class='ocrx_word' id='word_1_570' title='bbox 3767 3733 3822 3787; x_wconf 74' lang='grc' dir='ltr'>δὲ</span> 
     </span>
    </p>
   </div>
   <div class='ocr_carea' id='block_1_79' title="bbox 2255 3818 3822 3895">
    <p class='ocr_par' dir='ltr' id='par_1_79' title="bbox 2255 3818 3822 3895">
     <span class='ocr_line' id='line_1_80' title="bbox 2255 3818 3822 3895; baseline 0.004 -22"><span class='ocrx_word' id='word_1_571' title='bbox 2255 3818 2333 3873; x_wconf 83' lang='grc' dir='ltr'>ὣν</span> <span class='ocrx_word' id='word_1_572' title='bbox 2385 3822 2414 3875; x_wconf 92' lang='lat'><strong>6</strong></span> <span class='ocrx_word' id='word_1_573' title='bbox 2464 3820 2654 3895; x_wconf 68' lang='grc' dir='ltr'>ἐχθρὸς</span> <span class='ocrx_word' id='word_1_574' title='bbox 2702 3822 3092 3892; x_wconf 79' lang='grc' dir='ltr'>καταψεύδεται</span> <span class='ocrx_word' id='word_1_575' title='bbox 3142 3823 3237 3879; x_wconf 83' lang='grc' dir='ltr'>τοῦ</span> <span class='ocrx_word' id='word_1_576' title='bbox 3301 3825 3573 3890; x_wconf 79' lang='grc' dir='ltr'>Ἐζεκίου,</span> <span class='ocrx_word' id='word_1_577' title='bbox 3625 3825 3822 3895; x_wconf 87' lang='grc' dir='ltr'>λέγων,</span> 
     </span>
    </p>
   </div>
   <div class='ocr_carea' id='block_1_80' title="bbox 2272 3908 3819 3987">
    <p class='ocr_par' dir='ltr' id='par_1_80' title="bbox 2272 3908 3819 3987">
     <span class='ocr_line' id='line_1_81' title="bbox 2272 3908 3819 3987; baseline 0.004 -24"><span class='ocrx_word' id='word_1_578' title='bbox 2272 3910 2399 3964; x_wconf 80' lang='grc' dir='ltr'>ἰδοὺ</span> <span class='ocrx_word' id='word_1_579' title='bbox 2433 3909 2709 3977; x_wconf 83' lang='grc' dir='ltr'>πεποιθὼς</span> <span class='ocrx_word' id='word_1_580' title='bbox 2735 3908 2787 3965; x_wconf 72' lang='grc' dir='ltr'>εἴ</span> <span class='ocrx_word' id='word_1_581' title='bbox 2815 3914 2900 3965; x_wconf 75' lang='grc' dir='ltr'><strong>ἐπ’</strong></span> <span class='ocrx_word' id='word_1_582' title='bbox 2935 3914 3227 3983; x_wconf 76' lang='grc' dir='ltr'>Αἴγυπτον,</span> <span class='ocrx_word' id='word_1_583' title='bbox 3259 3915 3353 3969; x_wconf 69' lang='grc' dir='ltr'>καὶ</span> <span class='ocrx_word' id='word_1_584' title='bbox 3382 3916 3472 3968; x_wconf 71' lang='grc' dir='ltr'><strong>ἐπὶ</strong></span> <span class='ocrx_word' id='word_1_585' title='bbox 3723 3916 3819 3987; x_wconf 89' lang='grc' dir='ltr'>βα-</span> 
     </span>
    </p>
   </div>
   <div class='ocr_carea' id='block_1_81' title="bbox 2261 4002 3824 4079">
    <p class='ocr_par' dir='ltr' id='par_1_81' title="bbox 2261 4002 3824 4079">
     <span class='ocr_line' id='line_1_82' title="bbox 2261 4002 3824 4079; baseline 0.004 -24"><span class='ocrx_word' id='word_1_586' title='bbox 2261 4002 2412 4056; x_wconf 89' lang='grc' dir='ltr'>σιλέα</span> <span class='ocrx_word' id='word_1_587' title='bbox 2433 4002 2801 4072; x_wconf 80' lang='grc' dir='ltr'>Δίγύπτου,δς</span> <span class='ocrx_word' id='word_1_588' title='bbox 2825 4008 2937 4069; x_wconf 85' lang='grc' dir='ltr'>τοῖς</span> <span class='ocrx_word' id='word_1_589' title='bbox 2963 4007 3392 4077; x_wconf 83' lang='grc' dir='ltr'>ὲπερειδομένοις</span> <span class='ocrx_word' id='word_1_590' title='bbox 3422 4009 3508 4061; x_wconf 77' lang='grc' dir='ltr'><strong>ἐπ’</strong></span> <span class='ocrx_word' id='word_1_591' title='bbox 3535 4008 3704 4079; x_wconf 80' lang='grc' dir='ltr'>αὐτῷ,</span> <span class='ocrx_word' id='word_1_592' title='bbox 3730 4008 3824 4063; x_wconf 75' lang='grc' dir='ltr'>καὶ</span> 
     </span>
    </p>
   </div>
   <div class='ocr_carea' id='block_1_82' title="bbox 2258 4094 3823 4171">
    <p class='ocr_par' dir='ltr' id='par_1_82' title="bbox 2258 4094 3823 4171">
     <span class='ocr_line' id='line_1_83' title="bbox 2258 4094 3823 4171; baseline 0.006 -25"><span class='ocrx_word' id='word_1_593' title='bbox 2258 4094 2613 4166; x_wconf 79' lang='grc' dir='ltr'>ὲπιθαρῤοὖσι</span> <span class='ocrx_word' id='word_1_594' title='bbox 2662 4096 2859 4161; x_wconf 81' lang='grc' dir='ltr'>παντὸς</span> <span class='ocrx_word' id='word_1_595' title='bbox 2902 4097 3109 4166; x_wconf 86' lang='grc' dir='ltr'>γίνεται</span> <span class='ocrx_word' id='word_1_596' title='bbox 3158 4098 3414 4170; x_wconf 80' lang='grc' dir='ltr'>πολεμίου</span> <span class='ocrx_word' id='word_1_597' title='bbox 3460 4100 3680 4171; x_wconf 84' lang='grc' dir='ltr'>χείρων,</span> <span class='ocrx_word' id='word_1_598' title='bbox 3725 4101 3823 4155; x_wconf 81' lang='grc' dir='ltr'><strong>ούκ</strong></span> 
     </span>
    </p>
   </div>
   <div class='ocr_carea' id='block_1_83' title="bbox 2258 4187 3812 4263">
    <p class='ocr_par' dir='ltr' id='par_1_83' title="bbox 2258 4187 3812 4263">
     <span class='ocr_line' id='line_1_84' title="bbox 2258 4187 3812 4263; baseline 0.003 -23"><span class='ocrx_word' id='word_1_599' title='bbox 2258 4187 2413 4251; x_wconf 87' lang='grc' dir='ltr'>είδὼς</span> <span class='ocrx_word' id='word_1_600' title='bbox 2440 4189 2725 4259; x_wconf 82' lang='grc' dir='ltr'>φυλάττειν</span> <span class='ocrx_word' id='word_1_601' title='bbox 2758 4189 2857 4253; x_wconf 85' lang='grc' dir='ltr'><strong>τάς</strong></span> <span class='ocrx_word' id='word_1_602' title='bbox 2896 4188 3168 4260; x_wconf 83' lang='grc' dir='ltr'>συνθήκας</span> <span class='ocrx_word' id='word_1_603' title='bbox 3196 4193 3308 4254; x_wconf 80' lang='grc' dir='ltr'>τοῖς</span> <span class='ocrx_word' id='word_1_604' title='bbox 3341 4191 3640 4263; x_wconf 78' lang='grc' dir='ltr'>πρόσφυξιν</span> <span class='ocrx_word' id='word_1_605' title='bbox 3658 4210 3673 4223; x_wconf 73' lang='grc' dir='ltr'><strong>ο</strong></span> <span class='ocrx_word' id='word_1_606' title='bbox 3702 4191 3812 4247; x_wconf 62' lang='grc' dir='ltr'>ὅθες</span> 
     </span>
    </p>
   </div>
   <div class='ocr_carea' id='block_1_84' title="bbox 2258 4278 3824 4353">
    <p class='ocr_par' dir='ltr' id='par_1_84' title="bbox 2258 4278 3824 4353">
     <span class='ocr_line' id='line_1_85' title="bbox 2258 4278 3824 4353; baseline 0.003 -22"><span class='ocrx_word' id='word_1_607' title='bbox 2258 4279 2489 4332; x_wconf 75' lang='grc' dir='ltr'>ἐοικέναι</span> <span class='ocrx_word' id='word_1_608' title='bbox 2521 4279 2683 4333; x_wconf 81' lang='grc' dir='ltr'>αὐτὸν</span> <span class='ocrx_word' id='word_1_609' title='bbox 2710 4278 2889 4350; x_wconf 81' lang='grc' dir='ltr'>ῥάϐδῳ</span> <span class='ocrx_word' id='word_1_610' title='bbox 2921 4280 3215 4352; x_wconf 82' lang='grc' dir='ltr'>καλαμίνῃ,</span> <span class='ocrx_word' id='word_1_611' title='bbox 3244 4280 3379 4351; x_wconf 76' lang='grc' dir='ltr'>ὁμοῦ</span> <span class='ocrx_word' id='word_1_612' title='bbox 3414 4281 3507 4334; x_wconf 79' lang='grc' dir='ltr'>καὶ</span> <span class='ocrx_word' id='word_1_613' title='bbox 3535 4282 3597 4335; x_wconf 80' lang='grc' dir='ltr'>τὸ</span> <span class='ocrx_word' id='word_1_614' title='bbox 3624 4281 3824 4353; x_wconf 74' lang='grc' dir='ltr'>σαθρὸν</span> 
     </span>
    </p>
   </div>
   <div class='ocr_carea' id='block_1_85' title="bbox 2264 4373 3819 4446">
    <p class='ocr_par' dir='ltr' id='par_1_85' title="bbox 2264 4373 3819 4446">
     <span class='ocr_line' id='line_1_86' title="bbox 2264 4373 3819 4446; baseline 0.005 -22"><span class='ocrx_word' id='word_1_615' title='bbox 2264 4373 2461 4445; x_wconf 80' lang='grc' dir='ltr'>ἐχούσῃ</span> <span class='ocrx_word' id='word_1_616' title='bbox 2505 4374 2569 4427; x_wconf 76' lang='grc' dir='ltr'>ὲκ</span> <span class='ocrx_word' id='word_1_617' title='bbox 2626 4373 2859 4443; x_wconf 81' lang='grc' dir='ltr'>φύσεως,</span> <span class='ocrx_word' id='word_1_618' title='bbox 2896 4374 3077 4428; x_wconf 77' lang='grc' dir='ltr'>καὶτὸ</span> <span class='ocrx_word' id='word_1_619' title='bbox 3111 4374 3369 4444; x_wconf 78' lang='grc' dir='ltr'>βλαϐερὸν</span> <span class='ocrx_word' id='word_1_620' title='bbox 3399 4376 3511 4439; x_wconf 85' lang='grc' dir='ltr'>τοῖς</span> <span class='ocrx_word' id='word_1_621' title='bbox 3546 4374 3819 4446; x_wconf 76' lang='grc' dir='ltr'>ἐπερειδο-</span> 
     </span>
    </p>
   </div>
   <div class='ocr_carea' id='block_1_86' title="bbox 2264 4461 2627 4534">
    <p class='ocr_par' dir='ltr' id='par_1_86' title="bbox 2264 4461 2627 4534">
     <span class='ocr_line' id='line_1_87' title="bbox 2264 4461 2627 4534; baseline 0.008 -19"><span class='ocrx_word' id='word_1_622' title='bbox 2264 4461 2442 4533; x_wconf 78' lang='grc' dir='ltr'>μένοις</span> <span class='ocrx_word' id='word_1_623' title='bbox 2472 4464 2627 4534; x_wconf 78' lang='grc' dir='ltr'>αὐτῇ.</span> 
     </span>
    </p>
   </div>
   <div class='ocr_carea' id='block_1_87' title="bbox 675 4536 2157 4626">
    <p class='ocr_par' dir='ltr' id='par_1_87' title="bbox 675 4536 2155 4609">
     <span class='ocr_line' id='line_1_88' title="bbox 675 4536 2155 4609; baseline 0.008 -16"><span class='ocrx_word' id='word_1_624' title='bbox 675 4536 841 4595; x_wconf 72' lang='lat' dir='ltr'><strong>Vens.</strong></span> <span class='ocrx_word' id='word_1_625' title='bbox 870 4540 924 4594; x_wconf 82' lang='lat'><strong>7.</strong></span> <span class='ocrx_word' id='word_1_626' title='bbox 952 4558 971 4592; x_wconf 78' lang='grc' dir='ltr'><strong>ι</strong></span> <span class='ocrx_word' id='word_1_627' title='bbox 1004 4540 1155 4609; x_wconf 85' lang='lat' dir='ltr'><strong>Quod</strong></span> <span class='ocrx_word' id='word_1_628' title='bbox 1179 4542 1225 4598; x_wconf 89' lang='lat' dir='ltr'><strong>si</strong></span> <span class='ocrx_word' id='word_1_629' title='bbox 1253 4542 1452 4608; x_wconf 86' lang='lat' dir='ltr'><strong>dicitis,</strong></span> <span class='ocrx_word' id='word_1_630' title='bbox 1481 4542 1538 4598; x_wconf 90' lang='lat' dir='ltr'><strong>1n</strong></span> <span class='ocrx_word' id='word_1_631' title='bbox 1583 4544 1808 4601; x_wconf 87' lang='lat' dir='ltr'><strong>Domino</strong></span> <span class='ocrx_word' id='word_1_632' title='bbox 1836 4545 1944 4601; x_wconf 85' lang='lat' dir='ltr'><strong>Deo</strong></span> <span class='ocrx_word' id='word_1_633' title='bbox 1970 4557 2155 4605; x_wconf 89' lang='lat' dir='ltr'><strong>nostro</strong></span> 
     </span>
    </p>
   </div>
   <div class='ocr_carea' id='block_1_88' title="bbox 2259 4536 3821 4626">
    <p class='ocr_par' dir='ltr' id='par_1_88' title="bbox 2332 4553 3821 4626">
     <span class='ocr_line' id='line_1_89' title="bbox 2332 4553 3821 4626; baseline 0.006 -22"><span class='ocrx_word' id='word_1_634' title='bbox 2332 4572 2350 4603; x_wconf 81' lang='grc' dir='ltr'><strong>ι</strong></span> <span class='ocrx_word' id='word_1_635' title='bbox 2381 4553 2441 4606; x_wconf 75' lang='lat' dir='ltr'><strong>Et</strong></span> <span class='ocrx_word' id='word_1_636' title='bbox 2460 4553 2518 4606; x_wconf 86' lang='grc' dir='ltr'>δὲ</span> <span class='ocrx_word' id='word_1_637' title='bbox 2544 4553 2749 4622; x_wconf 83' lang='grc' dir='ltr'>λέγετε,</span> <span class='ocrx_word' id='word_1_638' title='bbox 2793 4554 2915 4607; x_wconf 82' lang='grc' dir='ltr'>Ἐπὶ</span> <span class='ocrx_word' id='word_1_639' title='bbox 2946 4553 3148 4625; x_wconf 84' lang='grc' dir='ltr'>Κύριον</span> <span class='ocrx_word' id='word_1_640' title='bbox 3176 4554 3268 4608; x_wconf 75' lang='grc' dir='ltr'><strong>τὸν</strong></span> <span class='ocrx_word' id='word_1_641' title='bbox 3298 4554 3433 4608; x_wconf 79' lang='grc' dir='ltr'>Θεὸν</span> <span class='ocrx_word' id='word_1_642' title='bbox 3451 4556 3607 4626; x_wconf 87' lang='grc' dir='ltr'>ήμῶν</span> <span class='ocrx_word' id='word_1_643' title='bbox 3629 4559 3821 4613; x_wconf 71' lang='grc' dir='ltr'>πεποί-</span> 
     </span>
    </p>
   </div>
   <div class='ocr_carea' id='block_1_89' title="bbox 609 4631 2156 4706">
    <p class='ocr_par' dir='ltr' id='par_1_89' title="bbox 609 4631 2156 4706">
     <span class='ocr_line' id='line_1_90' title="bbox 609 4631 2156 4706; baseline 0.01 -25"><span class='ocrx_word' id='word_1_644' title='bbox 609 4631 963 4687; x_wconf 76' lang='lat' dir='ltr'><strong>conﬂdimus:</strong></span> <span class='ocrx_word' id='word_1_645' title='bbox 1009 4648 1185 4689; x_wconf 86' lang='lat' dir='ltr'><strong>annon</strong></span> <span class='ocrx_word' id='word_1_646' title='bbox 1222 4635 1337 4704; x_wconf 86' lang='lat' dir='ltr'><strong>ipse</strong></span> <span class='ocrx_word' id='word_1_647' title='bbox 1365 4644 1470 4702; x_wconf 91' lang='lat' dir='ltr'><strong>est,</strong></span> <span class='ocrx_word' id='word_1_648' title='bbox 1507 4636 1662 4706; x_wconf 86' lang='lat' dir='ltr'><strong>cujus</strong></span> <span class='ocrx_word' id='word_1_649' title='bbox 1696 4638 1910 4694; x_wconf 83' lang='lat' dir='ltr'><strong>excelsa</strong></span> <span class='ocrx_word' id='word_1_650' title='bbox 1940 4642 2156 4699; x_wconf 86' lang='lat' dir='ltr'><strong>sustulit</strong></span> 
     </span>
    </p>
   </div>
   <div class='ocr_carea' id='block_1_90' title="bbox 612 4722 2159 4793">
    <p class='ocr_par' dir='ltr' id='par_1_90' title="bbox 612 4722 2159 4793">
     <span class='ocr_line' id='line_1_91' title="bbox 612 4722 2159 4793; baseline 0.009 -20"><span class='ocrx_word' id='word_1_651' title='bbox 612 4722 889 4789; x_wconf 69' lang='lat' dir='ltr'><strong>Ezechias,</strong></span> <span class='ocrx_word' id='word_1_652' title='bbox 934 4734 988 4778; x_wconf 90' lang='lat' dir='ltr'><strong>et</strong></span> <span class='ocrx_word' id='word_1_653' title='bbox 1020 4724 1211 4779; x_wconf 87' lang='lat' dir='ltr'><strong>altaria</strong></span> <span class='ocrx_word' id='word_1_654' title='bbox 1250 4725 1403 4793; x_wconf 85' lang='lat' dir='ltr'><strong>ejus;</strong></span> <span class='ocrx_word' id='word_1_655' title='bbox 1438 4738 1494 4781; x_wconf 92' lang='lat' dir='ltr'><strong>et</strong></span> <span class='ocrx_word' id='word_1_656' title='bbox 1541 4728 1680 4783; x_wconf 76' lang='lat' dir='ltr'><strong>dixit</strong></span> <span class='ocrx_word' id='word_1_657' title='bbox 1714 4728 1867 4786; x_wconf 66' lang='lat' dir='ltr'><strong>ludas</strong></span> <span class='ocrx_word' id='word_1_658' title='bbox 1904 4739 1960 4785; x_wconf 88' lang='lat' dir='ltr'><strong>et</strong></span> <span class='ocrx_word' id='word_1_659' title='bbox 2000 4729 2159 4787; x_wconf 81' lang='lat' dir='ltr'><strong>Jeru-</strong></span> 
     </span>
    </p>
   </div>
   <div class='ocr_carea' id='block_1_91' title="bbox 607 4810 2153 4889">
    <p class='ocr_par' dir='ltr' id='par_1_91' title="bbox 607 4810 2153 4889">
     <span class='ocr_line' id='line_1_92' title="bbox 607 4810 2153 4889; baseline 0.008 -27"><span class='ocrx_word' id='word_1_660' title='bbox 607 4812 769 4867; x_wconf 73' lang='lat' dir='ltr'><strong>salem</strong></span> <span class='ocrx_word' id='word_1_661' title='bbox 798 4832 810 4866; x_wconf 89' lang='lat'><strong>:</strong></span> <span class='ocrx_word' id='word_1_662' title='bbox 835 4810 1027 4868; x_wconf 86' lang='lat' dir='ltr'><strong>Coram</strong></span> <span class='ocrx_word' id='word_1_663' title='bbox 1058 4814 1211 4868; x_wconf 90' lang='lat' dir='ltr'><strong>altari</strong></span> <span class='ocrx_word' id='word_1_664' title='bbox 1256 4814 1359 4869; x_wconf 87' lang='lat' dir='ltr'><strong>isto</strong></span> <span class='ocrx_word' id='word_1_665' title='bbox 1398 4817 1662 4871; x_wconf 85' lang='lat' dir='ltr'><strong>adnrate?</strong></span> <span class='ocrx_word' id='word_1_666' title='bbox 1705 4836 1723 4869; x_wconf 73' lang='grc' dir='ltr'><strong>ι</strong></span> <span class='ocrx_word' id='word_1_667' title='bbox 1771 4817 1888 4873; x_wconf 81' lang='lat' dir='ltr'><strong>Non</strong></span> <span class='ocrx_word' id='word_1_668' title='bbox 1937 4818 2153 4889; x_wconf 77' lang='lat' dir='ltr'><strong>ignora-</strong></span> 
     </span>
    </p>
   </div>
   <div class='ocr_carea' id='block_1_92' title="bbox 609 4902 2153 4975">
    <p class='ocr_par' dir='ltr' id='par_1_92' title="bbox 609 4902 2153 4975">
     <span class='ocr_line' id='line_1_93' title="bbox 609 4902 2153 4975; baseline 0.006 -22"><span class='ocrx_word' id='word_1_669' title='bbox 609 4904 732 4955; x_wconf 82' lang='lat' dir='ltr'><strong>bant</strong></span> <span class='ocrx_word' id='word_1_670' title='bbox 764 4902 910 4955; x_wconf 88' lang='lat' dir='ltr'><strong>cnim</strong></span> <span class='ocrx_word' id='word_1_671' title='bbox 945 4902 1175 4971; x_wconf 90' lang='lat' dir='ltr'><strong>inimici,</strong></span> <span class='ocrx_word' id='word_1_672' title='bbox 1207 4903 1494 4958; x_wconf 65' lang='lat' dir='ltr'><strong>Ezechiam</strong></span> <span class='ocrx_word' id='word_1_673' title='bbox 1523 4915 1577 4960; x_wconf 90' lang='lat' dir='ltr'><strong>et</strong></span> <span class='ocrx_word' id='word_1_674' title='bbox 1603 4905 1694 4975; x_wconf 88' lang='lat' dir='ltr'><strong>qui</strong></span> <span class='ocrx_word' id='word_1_675' title='bbox 1730 4921 1853 4961; x_wconf 88' lang='lat' dir='ltr'><strong>cum</strong></span> <span class='ocrx_word' id='word_1_676' title='bbox 1880 4920 1945 4961; x_wconf 87' lang='lat' dir='ltr'><strong>eo</strong></span> <span class='ocrx_word' id='word_1_677' title='bbox 1977 4916 2153 4973; x_wconf 88' lang='lat' dir='ltr'><strong>erant,</strong></span> 
     </span>
    </p>
   </div>
   <div class='ocr_carea' id='block_1_93' title="bbox 607 4991 2157 5066">
    <p class='ocr_par' dir='ltr' id='par_1_93' title="bbox 607 4991 2157 5066">
     <span class='ocr_line' id='line_1_94' title="bbox 607 4991 2157 5066; baseline 0.008 -26"><span class='ocrx_word' id='word_1_678' title='bbox 607 4991 852 5066; x_wconf 74' lang='lat' dir='ltr'><strong>precibus</strong></span> <span class='ocrx_word' id='word_1_679' title='bbox 889 5007 951 5044; x_wconf 88' lang='lat' dir='ltr'><strong>ac</strong></span> <span class='ocrx_word' id='word_1_680' title='bbox 993 4992 1096 5059; x_wconf 86' lang='lat' dir='ltr'><strong>piis</strong></span> <span class='ocrx_word' id='word_1_681' title='bbox 1133 4994 1475 5048; x_wconf 83' lang='lat' dir='ltr'><strong>sermonibus</strong></span> <span class='ocrx_word' id='word_1_682' title='bbox 1505 4994 1570 5047; x_wconf 89' lang='lat' dir='ltr'><strong>ad</strong></span> <span class='ocrx_word' id='word_1_683' title='bbox 1617 4999 1979 5064; x_wconf 86' lang='lat' dir='ltr'><strong>superandum</strong></span> <span class='ocrx_word' id='word_1_684' title='bbox 2020 5012 2157 5066; x_wconf 87' lang='lat' dir='ltr'><strong>opus</strong></span> 
     </span>
    </p>
   </div>
   <div class='ocr_carea' id='block_1_94' title="bbox 609 5081 2157 5160">
    <p class='ocr_par' dir='ltr' id='par_1_94' title="bbox 609 5081 2157 5160">
     <span class='ocr_line' id='line_1_95' title="bbox 609 5081 2157 5160; baseline 0.007 -28"><span class='ocrx_word' id='word_1_685' title='bbox 609 5082 826 5137; x_wconf 83' lang='lat' dir='ltr'><strong>habere.</strong></span> <span class='ocrx_word' id='word_1_686' title='bbox 872 5081 994 5137; x_wconf 80' lang='lat' dir='ltr'><strong>llaec</strong></span> <span class='ocrx_word' id='word_1_687' title='bbox 1036 5084 1151 5154; x_wconf 82' lang='lat' dir='ltr'><strong>ipsa</strong></span> <span class='ocrx_word' id='word_1_688' title='bbox 1200 5085 1536 5139; x_wconf 84' lang='lat' dir='ltr'><strong>criminando</strong></span> <span class='ocrx_word' id='word_1_689' title='bbox 1582 5086 1707 5141; x_wconf 90' lang='lat' dir='ltr'><strong>dicit</strong></span> <span class='ocrx_word' id='word_1_690' title='bbox 1749 5087 1851 5142; x_wconf 76' lang='lat' dir='ltr'><strong>dux</strong></span> <span class='ocrx_word' id='word_1_691' title='bbox 1904 5090 2157 5160; x_wconf 79' lang='lat' dir='ltr'><strong>Assyrio-</strong></span> 
     </span>
    </p>
   </div>
   <div class='ocr_carea' id='block_1_95' title="bbox 610 5170 2149 5249">
    <p class='ocr_par' dir='ltr' id='par_1_95' title="bbox 610 5170 2149 5249">
     <span class='ocr_line' id='line_1_96' title="bbox 610 5170 2149 5249; baseline 0.008 -27"><span class='ocrx_word' id='word_1_692' title='bbox 610 5187 745 5236; x_wconf 88' lang='lat' dir='ltr'><strong>rum,</strong></span> <span class='ocrx_word' id='word_1_693' title='bbox 800 5170 1087 5229; x_wconf 80' lang='lat' dir='ltr'><strong>Ezecbiam</strong></span> <span class='ocrx_word' id='word_1_694' title='bbox 1136 5177 1287 5245; x_wconf 90' lang='lat' dir='ltr'><strong>quasi</strong></span> <span class='ocrx_word' id='word_1_695' title='bbox 1336 5187 1654 5247; x_wconf 64' lang='lat' dir='ltr'><strong>praesentem</strong></span> <span class='ocrx_word' id='word_1_696' title='bbox 1701 5178 2018 5249; x_wconf 87' lang='lat' dir='ltr'><strong>alloquens:</strong></span> <span class='ocrx_word' id='word_1_697' title='bbox 2066 5182 2149 5235; x_wconf 87' lang='lat' dir='ltr'><strong>cui</strong></span> 
     </span>
    </p>
   </div>
   <div class='ocr_carea' id='block_1_96' title="bbox 607 5262 2155 5342">
    <p class='ocr_par' dir='ltr' id='par_1_96' title="bbox 607 5262 2155 5342">
     <span class='ocr_line' id='line_1_97' title="bbox 607 5262 2155 5342; baseline 0.01 -29"><span class='ocrx_word' id='word_1_698' title='bbox 607 5262 863 5319; x_wconf 74' lang='lat' dir='ltr'><strong>Ezechias</strong></span> <span class='ocrx_word' id='word_1_699' title='bbox 899 5276 953 5321; x_wconf 90' lang='lat' dir='ltr'><strong>et</strong></span> <span class='ocrx_word' id='word_1_700' title='bbox 988 5268 1079 5335; x_wconf 91' lang='lat' dir='ltr'><strong>qui</strong></span> <span class='ocrx_word' id='word_1_701' title='bbox 1113 5282 1236 5321; x_wconf 90' lang='lat' dir='ltr'><strong>cum</strong></span> <span class='ocrx_word' id='word_1_702' title='bbox 1282 5282 1348 5323; x_wconf 89' lang='lat' dir='ltr'><strong>eo</strong></span> <span class='ocrx_word' id='word_1_703' title='bbox 1390 5279 1544 5323; x_wconf 89' lang='lat' dir='ltr'><strong>erant</strong></span> <span class='ocrx_word' id='word_1_704' title='bbox 1584 5270 1698 5324; x_wconf 67' lang='lat' dir='ltr'><strong>hmc</strong></span> <span class='ocrx_word' id='word_1_705' title='bbox 1738 5272 1858 5340; x_wconf 89' lang='lat' dir='ltr'><strong>jure</strong></span> <span class='ocrx_word' id='word_1_706' title='bbox 1904 5288 2155 5342; x_wconf 80' lang='lat' dir='ltr'><strong>reposue-</strong></span> 
     </span>
    </p>
   </div>
   <div class='ocr_carea' id='block_1_97' title="bbox 606 5354 2154 5432">
    <p class='ocr_par' dir='ltr' id='par_1_97' title="bbox 606 5354 2154 5432">
     <span class='ocr_line' id='line_1_98' title="bbox 606 5354 2154 5432; baseline 0.014 -29"><span class='ocrx_word' id='word_1_707' title='bbox 606 5354 742 5409; x_wconf 82' lang='lat' dir='ltr'><strong>t&#39;iut:</strong></span> <span class='ocrx_word' id='word_1_708' title='bbox 780 5375 799 5407; x_wconf 82' lang='grc' dir='ltr'><strong>ι</strong></span> <span class='ocrx_word' id='word_1_709' title='bbox 837 5354 899 5409; x_wconf 89' lang='lat' dir='ltr'><strong>lli</strong></span> <span class='ocrx_word' id='word_1_710' title='bbox 929 5358 981 5411; x_wconf 93' lang='lat' dir='ltr'><strong>in</strong></span> <span class='ocrx_word' id='word_1_711' title='bbox 1016 5358 1291 5425; x_wconf 88' lang='lat' dir='ltr'><strong>curribus,</strong></span> <span class='ocrx_word' id='word_1_712' title='bbox 1332 5370 1386 5417; x_wconf 91' lang='lat' dir='ltr'><strong>et</strong></span> <span class='ocrx_word' id='word_1_713' title='bbox 1423 5362 1478 5416; x_wconf 90' lang='lat' dir='ltr'><strong>hi</strong></span> <span class='ocrx_word' id='word_1_714' title='bbox 1528 5364 1579 5415; x_wconf 91' lang='lat' dir='ltr'><strong>in</strong></span> <span class='ocrx_word' id='word_1_715' title='bbox 1614 5364 1801 5432; x_wconf 88' lang='lat' dir='ltr'><strong>equis;</strong></span> <span class='ocrx_word' id='word_1_716' title='bbox 1846 5381 1943 5422; x_wconf 89' lang='lat' dir='ltr'><strong>nos</strong></span> <span class='ocrx_word' id='word_1_717' title='bbox 1976 5377 2154 5423; x_wconf 81' lang='lat' dir='ltr'><strong>autem</strong></span> 
     </span>
    </p>
   </div>
   <div class='ocr_carea' id='block_1_98' title="bbox 607 5442 1839 5510">
    <p class='ocr_par' dir='ltr' id='par_1_98' title="bbox 607 5442 1839 5510">
     <span class='ocr_line' id='line_1_99' title="bbox 607 5442 1839 5510; baseline 0.014 -17"><span class='ocrx_word' id='word_1_718' title='bbox 607 5442 657 5495; x_wconf 87' lang='lat' dir='ltr'><strong>in</strong></span> <span class='ocrx_word' id='word_1_719' title='bbox 705 5447 920 5501; x_wconf 85' lang='lat' dir='ltr'><strong>nomine</strong></span> <span class='ocrx_word' id='word_1_720' title='bbox 975 5449 1068 5503; x_wconf 87' lang='lat' dir='ltr'><strong>Dci</strong></span> <span class='ocrx_word' id='word_1_721' title='bbox 1110 5452 1277 5507; x_wconf 88' lang='lat' dir='ltr'><strong>nostri</strong></span> <span class='ocrx_word' id='word_1_722' title='bbox 1316 5453 1691 5510; x_wconf 83' lang='lat' dir='ltr'><strong>invocabitnus</strong></span> <span class='ocrx_word' id='word_1_723' title='bbox 1717 5456 1783 5510; x_wconf 85' lang='grc'><strong>⁸⁸.</strong></span> <span class='ocrx_word' id='word_1_724' title='bbox 1819 5477 1839 5509; x_wconf 72' lang='grc' dir='ltr'><strong>ι</strong></span> 
     </span>
    </p>
   </div>
   <div class='ocr_carea' id='block_1_99' title="bbox 680 5621 2154 5709">
    <p class='ocr_par' dir='ltr' id='par_1_99' title="bbox 680 5621 2154 5709">
     <span class='ocr_line' id='line_1_100' title="bbox 680 5621 2154 5709; baseline 0.016 -34"><span class='ocrx_word' id='word_1_725' title='bbox 680 5621 840 5679; x_wconf 70' lang='lat' dir='ltr'><strong>\‘sas.</strong></span> <span class='ocrx_word' id='word_1_726' title='bbox 869 5627 1017 5682; x_wconf 87' lang='lat' dir='ltr'><strong>8-l0.</strong></span> <span class='ocrx_word' id='word_1_727' title='bbox 1061 5649 1078 5681; x_wconf 82' lang='grc' dir='ltr'><strong>ι</strong></span> <span class='ocrx_word' id='word_1_728' title='bbox 1117 5629 1268 5689; x_wconf 79' lang='lat' dir='ltr'><strong>Nunc</strong></span> <span class='ocrx_word' id='word_1_729' title='bbox 1311 5634 1583 5709; x_wconf 78' lang='lat' dir='ltr'><strong>adjungite</strong></span> <span class='ocrx_word' id='word_1_730' title='bbox 1625 5652 1718 5694; x_wconf 79' lang='lat' dir='ltr'><strong>vos</strong></span> <span class='ocrx_word' id='word_1_731' title='bbox 1765 5638 1987 5696; x_wconf 85' lang='lat' dir='ltr'><strong>Domino</strong></span> <span class='ocrx_word' id='word_1_732' title='bbox 2035 5654 2154 5698; x_wconf 85' lang='lat' dir='ltr'><strong>meo</strong></span> 
     </span>
    </p>
   </div>
   <div class='ocr_carea' id='block_1_100' title="bbox 680 5829 1118 5901">
    <p class='ocr_par' dir='ltr' id='par_1_100' title="bbox 680 5829 1118 5901">
     <span class='ocr_line' id='line_1_101' title="bbox 680 5829 1118 5901; baseline 0.014 -19"><span class='ocrx_word' id='word_1_733' title='bbox 680 5829 719 5854; x_wconf 84' lang='lat'><strong>’&quot;&#39;</strong></span> <span class='ocrx_word' id='word_1_734' title='bbox 748 5829 885 5886; x_wconf 78' lang='lat' dir='ltr'><strong>l&#39;sal.</strong></span> <span class='ocrx_word' id='word_1_735' title='bbox 924 5849 1037 5901; x_wconf 79' lang='lat' dir='ltr'><strong>xix,</strong></span> <span class='ocrx_word' id='word_1_736' title='bbox 1069 5835 1118 5888; x_wconf 90' lang='lat'><strong>8.</strong></span> 
     </span>
    </p>
   </div>
   <div class='ocr_carea' id='block_1_101' title="bbox 2258 4637 3821 4715">
    <p class='ocr_par' dir='ltr' id='par_1_101' title="bbox 2258 4637 3821 4715">
     <span class='ocr_line' id='line_1_102' title="bbox 2258 4637 3821 4715; baseline 0.006 -20"><span class='ocrx_word' id='word_1_737' title='bbox 2258 4643 2458 4714; x_wconf 78' lang='grc' dir='ltr'><strong>θαμεν⁸</strong></span> <span class='ocrx_word' id='word_1_738' title='bbox 2512 4644 2613 4697; x_wconf 84' lang='grc' dir='ltr'>οὐκ</span> <span class='ocrx_word' id='word_1_739' title='bbox 2660 4644 2824 4708; x_wconf 83' lang='grc' dir='ltr'>αὐτός</span> <span class='ocrx_word' id='word_1_740' title='bbox 2875 4644 3014 4705; x_wconf 70' lang='grc' dir='ltr'>ἐστι,</span> <span class='ocrx_word' id='word_1_741' title='bbox 3066 4637 3128 4696; x_wconf 78' lang='grc' dir='ltr'><strong>οὗ</strong></span> <span class='ocrx_word' id='word_1_742' title='bbox 3182 4646 3403 4715; x_wconf 74' lang='grc' dir='ltr'>ἀφεῖλεν</span> <span class='ocrx_word' id='word_1_743' title='bbox 3467 4648 3712 4713; x_wconf 72' lang='grc' dir='ltr'>Ἐζεκίας</span> <span class='ocrx_word' id='word_1_744' title='bbox 3752 4651 3821 4704; x_wconf 76' lang='grc' dir='ltr'>τὰ</span> 
     </span>
    </p>
   </div>
   <div class='ocr_carea' id='block_1_102' title="bbox 2258 4733 3821 4815">
    <p class='ocr_par' dir='ltr' id='par_1_102' title="bbox 2258 4733 3821 4815">
     <span class='ocr_line' id='line_1_103' title="bbox 2258 4733 3821 4815; baseline 0.008 -31"><span class='ocrx_word' id='word_1_745' title='bbox 2258 4733 2432 4804; x_wconf 63' lang='grc' dir='ltr'>ὑψηλά</span> <span class='ocrx_word' id='word_1_746' title='bbox 2461 4734 2646 4798; x_wconf 77' lang='grc' dir='ltr'>αὑτοῦ,</span> <span class='ocrx_word' id='word_1_747' title='bbox 2676 4735 2769 4788; x_wconf 71' lang='grc' dir='ltr'>καὶ</span> <span class='ocrx_word' id='word_1_748' title='bbox 2801 4734 2872 4787; x_wconf 88' lang='grc' dir='ltr'><strong>τά</strong></span> <span class='ocrx_word' id='word_1_749' title='bbox 2895 4734 3253 4807; x_wconf 87' lang='grc' dir='ltr'>θυσιαστήρια</span> <span class='ocrx_word' id='word_1_750' title='bbox 3268 4736 3429 4791; x_wconf 82' lang='grc' dir='ltr'>αὑτοῦ</span> <span class='ocrx_word' id='word_1_751' title='bbox 3448 4756 3464 4771; x_wconf 77' lang='grc' dir='ltr'><strong><em>ο</em></strong></span> <span class='ocrx_word' id='word_1_752' title='bbox 3493 4740 3586 4792; x_wconf 82' lang='grc' dir='ltr'>καὶ</span> <span class='ocrx_word' id='word_1_753' title='bbox 3603 4737 3723 4795; x_wconf 76' lang='grc' dir='ltr'>εἶπε</span> <span class='ocrx_word' id='word_1_754' title='bbox 3746 4742 3821 4815; x_wconf 82' lang='grc' dir='ltr'>τῷ</span> 
     </span>
    </p>
   </div>
   <div class='ocr_carea' id='block_1_103' title="bbox 2269 4824 3819 4901">
    <p class='ocr_par' dir='ltr' id='par_1_103' title="bbox 2269 4824 3819 4901">
     <span class='ocr_line' id='line_1_104' title="bbox 2269 4824 3819 4901; baseline 0.008 -25"><span class='ocrx_word' id='word_1_755' title='bbox 2269 4824 2435 4896; x_wconf 78' lang='grc' dir='ltr'>Ἰούδα</span> <span class='ocrx_word' id='word_1_756' title='bbox 2472 4827 2564 4880; x_wconf 76' lang='grc' dir='ltr'>καὶ</span> <span class='ocrx_word' id='word_1_757' title='bbox 2610 4828 2675 4897; x_wconf 79' lang='grc' dir='ltr'>τῇ</span> <span class='ocrx_word' id='word_1_758' title='bbox 2742 4826 3128 4898; x_wconf 79' lang='grc' dir='ltr'>Ἰερουσαλήμ·</span> <span class='ocrx_word' id='word_1_759' title='bbox 3183 4828 3340 4881; x_wconf 83' lang='grc' dir='ltr'>Κατά</span> <span class='ocrx_word' id='word_1_760' title='bbox 3389 4829 3679 4901; x_wconf 79' lang='grc' dir='ltr'>πρόσωπον</span> <span class='ocrx_word' id='word_1_761' title='bbox 3725 4833 3819 4889; x_wconf 81' lang='grc' dir='ltr'>τοῦ</span> 
     </span>
    </p>
   </div>
   <div class='ocr_carea' id='block_1_104' title="bbox 2261 4912 3820 4989">
    <p class='ocr_par' dir='ltr' id='par_1_104' title="bbox 2261 4912 3820 4989">
     <span class='ocr_line' id='line_1_105' title="bbox 2261 4912 3820 4989; baseline 0.006 -24"><span class='ocrx_word' id='word_1_762' title='bbox 2261 4912 2635 4985; x_wconf 82' lang='grc' dir='ltr'>θυσιαστηρίου</span> <span class='ocrx_word' id='word_1_763' title='bbox 2654 4914 2842 4967; x_wconf 84' lang='grc' dir='ltr'>τούτου</span> <span class='ocrx_word' id='word_1_764' title='bbox 2867 4918 3272 4987; x_wconf 81' lang='grc' dir='ltr'>προσκυνήσατε</span> <span class='ocrx_word' id='word_1_765' title='bbox 3296 4933 3309 4979; x_wconf 88' lang='lat'><strong>;</strong></span> <span class='ocrx_word' id='word_1_766' title='bbox 3335 4936 3351 4967; x_wconf 76' lang='grc' dir='ltr'><strong>ι</strong></span> <span class='ocrx_word' id='word_1_767' title='bbox 3380 4918 3452 4970; x_wconf 73' lang='grc' dir='ltr'><strong>Οὐ</strong></span> <span class='ocrx_word' id='word_1_768' title='bbox 3470 4916 3575 4989; x_wconf 75' lang='grc' dir='ltr'>γὰρ</span> <span class='ocrx_word' id='word_1_769' title='bbox 3594 4920 3820 4987; x_wconf 56' lang='grc' dir='ltr'>ἠγνόουν</span> 
     </span>
    </p>
   </div>
   <div class='ocr_carea' id='block_1_105' title="bbox 2258 5004 3819 5080">
    <p class='ocr_par' dir='ltr' id='par_1_105' title="bbox 2258 5004 3819 5080">
     <span class='ocr_line' id='line_1_106' title="bbox 2258 5004 3819 5080; baseline 0.006 -24"><span class='ocrx_word' id='word_1_770' title='bbox 2258 5006 2306 5056; x_wconf 90' lang='grc' dir='ltr'><strong>οί</strong></span> <span class='ocrx_word' id='word_1_771' title='bbox 2351 5004 2613 5075; x_wconf 83' lang='grc' dir='ltr'>πολέμιοι,</span> <span class='ocrx_word' id='word_1_772' title='bbox 2664 5005 2745 5057; x_wconf 83' lang='grc' dir='ltr'>ὅτι</span> <span class='ocrx_word' id='word_1_773' title='bbox 2787 5004 2852 5057; x_wconf 86' lang='grc' dir='ltr'>δι’</span> <span class='ocrx_word' id='word_1_774' title='bbox 2884 5005 3057 5075; x_wconf 83' lang='grc' dir='ltr'>εὐχῶν</span> <span class='ocrx_word' id='word_1_775' title='bbox 3101 5011 3322 5077; x_wconf 82' lang='grc' dir='ltr'>κρατεῖν</span> <span class='ocrx_word' id='word_1_776' title='bbox 3375 5008 3466 5060; x_wconf 74' lang='grc' dir='ltr'>καὶ</span> <span class='ocrx_word' id='word_1_777' title='bbox 3508 5008 3595 5060; x_wconf 74' lang='grc' dir='ltr'><strong>διὰ</strong></span> <span class='ocrx_word' id='word_1_778' title='bbox 3650 5009 3819 5080; x_wconf 83' lang='grc' dir='ltr'>λόγων</span> 
     </span>
    </p>
   </div>
   <div class='ocr_carea' id='block_1_106' title="bbox 2259 5094 3818 5169">
    <p class='ocr_par' dir='ltr' id='par_1_106' title="bbox 2259 5094 3818 5169">
     <span class='ocr_line' id='line_1_107' title="bbox 2259 5094 3818 5169; baseline 0.006 -22"><span class='ocrx_word' id='word_1_779' title='bbox 2259 5094 2519 5148; x_wconf 80' lang='grc' dir='ltr'>θεοσεϐῶν</span> <span class='ocrx_word' id='word_1_780' title='bbox 2540 5096 2620 5149; x_wconf 87' lang='grc' dir='ltr'><strong>δεῖ</strong></span> <span class='ocrx_word' id='word_1_781' title='bbox 2646 5097 2737 5149; x_wconf 80' lang='grc' dir='ltr'>τὸν</span> <span class='ocrx_word' id='word_1_782' title='bbox 2771 5096 3014 5161; x_wconf 76' lang='grc' dir='ltr'>Ἑζεκίαν</span> <span class='ocrx_word' id='word_1_783' title='bbox 3039 5098 3131 5150; x_wconf 76' lang='grc' dir='ltr'>καὶ</span> <span class='ocrx_word' id='word_1_784' title='bbox 3160 5098 3286 5161; x_wconf 77' lang='grc' dir='ltr'>τοὺς</span> <span class='ocrx_word' id='word_1_785' title='bbox 3308 5100 3401 5152; x_wconf 76' lang='grc' dir='ltr'>σὺν</span> <span class='ocrx_word' id='word_1_786' title='bbox 3434 5099 3597 5169; x_wconf 82' lang='grc' dir='ltr'>αύτῷ.</span> <span class='ocrx_word' id='word_1_787' title='bbox 3636 5101 3818 5156; x_wconf 74' lang='grc' dir='ltr'>Ταῦτα</span> 
     </span>
    </p>
   </div>
   <div class='ocr_carea' id='block_1_107' title="bbox 2258 5186 3818 5261">
    <p class='ocr_par' dir='ltr' id='par_1_107' title="bbox 2258 5186 3818 5261">
     <span class='ocr_line' id='line_1_108' title="bbox 2258 5186 3818 5261; baseline 0.003 -20"><span class='ocrx_word' id='word_1_788' title='bbox 2258 5187 2392 5241; x_wconf 73' lang='grc' dir='ltr'>αὐτὰ</span> <span class='ocrx_word' id='word_1_789' title='bbox 2437 5187 2708 5241; x_wconf 82' lang='grc' dir='ltr'>διαϐάλλει</span> <span class='ocrx_word' id='word_1_790' title='bbox 2739 5189 2767 5241; x_wconf 91' lang='lat'><strong>6</strong></span> <span class='ocrx_word' id='word_1_791' title='bbox 2796 5186 2889 5240; x_wconf 82' lang='grc' dir='ltr'>τοῦ</span> <span class='ocrx_word' id='word_1_792' title='bbox 2936 5189 3218 5259; x_wconf 80' lang='grc' dir='ltr'>Ἀσσυρίου</span> <span class='ocrx_word' id='word_1_793' title='bbox 3271 5190 3592 5260; x_wconf 75' lang='grc' dir='ltr'>στρατηγὸς,</span> <span class='ocrx_word' id='word_1_794' title='bbox 3648 5192 3818 5261; x_wconf 86' lang='grc' dir='ltr'>λέγων</span> 
     </span>
    </p>
   </div>
   <div class='ocr_carea' id='block_1_108' title="bbox 2258 5278 3819 5351">
    <p class='ocr_par' dir='ltr' id='par_1_108' title="bbox 2258 5278 3819 5351">
     <span class='ocr_line' id='line_1_109' title="bbox 2258 5278 3819 5351; baseline 0.004 -21"><span class='ocrx_word' id='word_1_795' title='bbox 2258 5278 2333 5342; x_wconf 83' lang='grc' dir='ltr'>ὡς</span> <span class='ocrx_word' id='word_1_796' title='bbox 2381 5280 2514 5350; x_wconf 75' lang='grc' dir='ltr'>πρὸς</span> <span class='ocrx_word' id='word_1_797' title='bbox 2549 5279 2792 5350; x_wconf 83' lang='grc' dir='ltr'>παρόντα</span> <span class='ocrx_word' id='word_1_798' title='bbox 2838 5278 2927 5332; x_wconf 81' lang='grc' dir='ltr'>τὸν</span> <span class='ocrx_word' id='word_1_799' title='bbox 2972 5280 3247 5344; x_wconf 75' lang='grc' dir='ltr'>Ἐζεκίανο</span> <span class='ocrx_word' id='word_1_800' title='bbox 3284 5281 3420 5351; x_wconf 80' lang='grc' dir='ltr'>πρὸς</span> <span class='ocrx_word' id='word_1_801' title='bbox 3456 5281 3515 5332; x_wconf 81' lang='grc' dir='ltr'>ὃν</span> <span class='ocrx_word' id='word_1_802' title='bbox 3563 5281 3628 5333; x_wconf 85' lang='grc' dir='ltr'>ἂν</span> <span class='ocrx_word' id='word_1_803' title='bbox 3668 5281 3819 5336; x_wconf 71' lang='grc' dir='ltr'>ετπεν</span> 
     </span>
    </p>
   </div>
   <div class='ocr_carea' id='block_1_109' title="bbox 2272 5366 3818 5442">
    <p class='ocr_par' dir='ltr' id='par_1_109' title="bbox 2272 5366 3818 5442">
     <span class='ocr_line' id='line_1_110' title="bbox 2272 5366 3818 5442; baseline 0.003 -19"><span class='ocrx_word' id='word_1_804' title='bbox 2272 5370 2513 5435; x_wconf 75' lang='grc' dir='ltr'>Ἐζεκίας</span> <span class='ocrx_word' id='word_1_805' title='bbox 2541 5371 2635 5424; x_wconf 74' lang='grc' dir='ltr'>καὶ</span> <span class='ocrx_word' id='word_1_806' title='bbox 2673 5370 2723 5424; x_wconf 73' lang='grc' dir='ltr'>οἱ</span> <span class='ocrx_word' id='word_1_807' title='bbox 2772 5370 2868 5423; x_wconf 79' lang='grc' dir='ltr'>σὺν</span> <span class='ocrx_word' id='word_1_808' title='bbox 2895 5370 3070 5442; x_wconf 82' lang='grc' dir='ltr'>αύτῷ·</span> <span class='ocrx_word' id='word_1_809' title='bbox 3113 5388 3132 5423; x_wconf 78' lang='grc' dir='ltr'><strong>ι</strong></span> <span class='ocrx_word' id='word_1_810' title='bbox 3158 5366 3315 5426; x_wconf 70' lang='grc' dir='ltr'>Οὗτοι</span> <span class='ocrx_word' id='word_1_811' title='bbox 3355 5372 3413 5423; x_wconf 79' lang='grc' dir='ltr'><strong>έν</strong></span> <span class='ocrx_word' id='word_1_812' title='bbox 3460 5373 3692 5442; x_wconf 75' lang='grc' dir='ltr'>ἅρμασι,</span> <span class='ocrx_word' id='word_1_813' title='bbox 3727 5376 3818 5428; x_wconf 81' lang='grc' dir='ltr'>καὶ</span> 
     </span>
    </p>
   </div>
   <div class='ocr_carea' id='block_1_110' title="bbox 2261 5457 3817 5541">
    <p class='ocr_par' dir='ltr' id='par_1_110' title="bbox 2261 5457 3817 5541">
     <span class='ocr_line' id='line_1_111' title="bbox 2261 5457 3817 5541; baseline 0.006 -26"><span class='ocrx_word' id='word_1_814' title='bbox 2261 5457 2403 5516; x_wconf 74' lang='grc' dir='ltr'>οὗτοι</span> <span class='ocrx_word' id='word_1_815' title='bbox 2428 5464 2485 5517; x_wconf 80' lang='grc' dir='ltr'>ὲν</span> <span class='ocrx_word' id='word_1_816' title='bbox 2510 5464 2697 5527; x_wconf 79' lang='grc' dir='ltr'>ἵπποις</span> <span class='ocrx_word' id='word_1_817' title='bbox 2714 5480 2728 5493; x_wconf 86' lang='grc'><strong>·</strong></span> <span class='ocrx_word' id='word_1_818' title='bbox 2764 5465 2921 5535; x_wconf 71' lang='grc' dir='ltr'>ἡμεῖς</span> <span class='ocrx_word' id='word_1_819' title='bbox 2945 5464 3003 5518; x_wconf 84' lang='grc' dir='ltr'>δὲ</span> <span class='ocrx_word' id='word_1_820' title='bbox 3037 5466 3096 5519; x_wconf 82' lang='grc' dir='ltr'>ὲν</span> <span class='ocrx_word' id='word_1_821' title='bbox 3120 5465 3345 5536; x_wconf 77' lang='grc' dir='ltr'>ὀνόματι</span> <span class='ocrx_word' id='word_1_822' title='bbox 3371 5465 3464 5519; x_wconf 80' lang='grc' dir='ltr'><strong>τοῦ</strong></span> <span class='ocrx_word' id='word_1_823' title='bbox 3493 5466 3629 5520; x_wconf 84' lang='grc' dir='ltr'>Θεοῦ</span> <span class='ocrx_word' id='word_1_824' title='bbox 3662 5469 3817 5541; x_wconf 78' lang='grc' dir='ltr'>ἡμῶν</span> 
     </span>
    </p>
   </div>
   <div class='ocr_carea' id='block_1_111' title="bbox 2264 5553 2761 5625">
    <p class='ocr_par' dir='ltr' id='par_1_111' title="bbox 2264 5553 2761 5625">
     <span class='ocr_line' id='line_1_112' title="bbox 2264 5553 2761 5625; baseline 0 -20"><span class='ocrx_word' id='word_1_825' title='bbox 2264 5553 2709 5625; x_wconf 77' lang='grc' dir='ltr'>ἑπικαλεσόμεθα.</span> <span class='ocrx_word' id='word_1_826' title='bbox 2742 5572 2761 5605; x_wconf 74' lang='grc' dir='ltr'><strong>ι</strong></span> 
     </span>
    </p>
   </div>
   <div class='ocr_carea' id='block_1_112' title="bbox 2337 5642 3809 5721">
    <p class='ocr_par' dir='ltr' id='par_1_112' title="bbox 2337 5642 3809 5721">
     <span class='ocr_line' id='line_1_113' title="bbox 2337 5642 3809 5721; baseline 0.007 -25"><span class='ocrx_word' id='word_1_827' title='bbox 2337 5664 2354 5696; x_wconf 83' lang='grc' dir='ltr'><strong>ι</strong></span> <span class='ocrx_word' id='word_1_828' title='bbox 2384 5646 2495 5700; x_wconf 76' lang='grc' dir='ltr'><strong>Νῦν</strong></span> <span class='ocrx_word' id='word_1_829' title='bbox 2530 5642 2752 5716; x_wconf 84' lang='grc' dir='ltr'>μίχθητε</span> <span class='ocrx_word' id='word_1_830' title='bbox 2787 5645 2863 5717; x_wconf 81' lang='grc' dir='ltr'><strong>τῷ</strong></span> <span class='ocrx_word' id='word_1_831' title='bbox 2906 5647 3094 5718; x_wconf 80' lang='grc' dir='ltr'>Κυρίῳ</span> <span class='ocrx_word' id='word_1_832' title='bbox 3128 5664 3227 5717; x_wconf 90' lang='grc' dir='ltr'><strong>μου</strong></span> <span class='ocrx_word' id='word_1_833' title='bbox 3259 5647 3338 5720; x_wconf 84' lang='grc' dir='ltr'><strong>τῷ</strong></span> <span class='ocrx_word' id='word_1_834' title='bbox 3382 5648 3589 5721; x_wconf 80' lang='grc' dir='ltr'>βασιλεῖ</span> <span class='ocrx_word' id='word_1_835' title='bbox 3632 5652 3809 5706; x_wconf 75' lang='grc' dir='ltr'>Ἀσσυ-</span> 
     </span>
    </p>
   </div>
  </div>
