4100 6446
237 418 355 476 διδ

1144 417 1663 475 (ΣΟΜΠΕΝΤΛΚΙΛ
1703 417 1768 472 ΙΝ
1810 417 2065 474 iSAIAM.
2109 451 2176 464 --
2212 419 2366 474 CAP.
2407 418 2650 475 XXX“.

3435 417 3540 473 346

240 534 416 605 ρίων,
451 536 551 588 καὶ
583 534 739 588 δώσω
785 535 910 604 ὑμῖν
941 532 1205 604 δισχιλίαν
1237 533 1448 594 ῐππων,
1480 535 1529 586 si
1563 533 1827 604 δυνήσεσθ

1967 534 2074 601 ητιςί
2113 533 2480 606 Assyriorum,
2527 543 2584 586 et
2627 533 2770 586 dabo
2815 531 2970 584 vobis
3012 529 3121 584 duo
3157 529 3323 584 millia
3373 547 3541 594 equo-

233 625 447 680 δοῦναι
480 629 758 691 άνασάτας
787 629 875 680 ἐπ’
905 626 1120 691 αύτούς.
1153 627 1264 680 Καὶ
1297 625 1420 687 πῶς
1457 624 1687 677 δύνασθε
1721 626 1859 678 ἁπο-

251 718 502 788 στρέψαι
535 721 618 783 είς
650 719 936 790 πρόσωπον
964 718 1072 772 τῶν
1101 715 1427 788 τοπαρχῶν;
1467 717 1686 770 Οἰκέται
1720 717 1858 769 είσὶν

245 810 303 860 ot
327 810 672 875 πεποιθότες
703 811 785 863 ἐπ’
812 811 1160 878 Δίγυπτίους.
1195 809 1306 862 Καὶ
1334 807 1433 862 νῦν
1475 807 1550 879 μὴ
1585 809 1714 860 ἄνευ
1745 809 1858 862 Ku-

249 899 383 969 ρίου
418 901 702 972 άνέδημεν
733 902 824 954 ἐπὶ
865 901 964 972 τὴν
1001 901 1184 973 χώραν
1223 899 1466 971 ταύτηνς
1504 899 1708 970 Κύριος
1736 896 1855 952 εἷπε

250 993 408 1063 πρὸς
434 995 508 1064 μέ.
527 1012 541 1024 ο
579 993 833 1065 Ἀνάϐηθι
867 995 960 1048 ἐπὶ
977 993 1083 1065 τὴν
1097 994 1202 1063 γῆν
1225 993 1454 1064 ταύτην,
1486 993 1578 1046 καὶ
1609 993 1853 1062 διάφθει-

251 1099 358 1151 ρον
416 1086 611 1154 αὲτήν.
641 1105 658 1136 ι
695 1087 898 1156 Δεῖγμα
941 1085 1016 1150 δὲ,
1066 1085 1251 1155 φησὶν,
1303 1085 1534 1156 ἰναργὲς
1577 1085 1672 1137 τοῦ
1713 1083 1854 1137 κατὰ

247 1173 601 1245 πρόσταγμα
649 1174 782 1228 Θεοῦ
827 1175 999 1230 ταῦτα
1047 1175 1403 1246 γεγενῆσθαι,
1445 1177 1508 1230 τὸ
1531 1177 1629 1248 τὴν
1670 1177 1854 1248 Σαμά-

246 1281 422 1334 ρειαν
452 1265 594 1319 ιλεῖν
622 1266 714 1319 καὶ
743 1267 917 1320 πάντα
937 1268 1027 1320 τὺν
1067 1266 1281 1339 Ἰσραὴλ
1303 1269 1614 1336 ἀπαγαγεῖν
1645 1269 1849 1338 αἰχμά-

243 1352 460 1410 λωτον.
511 1356 603 1420 Ὠς
652 1357 760 1429 γὰρ
796 1359 1036 1421 ἐκείνους
1067 1358 1331 1427 ἀδελφοὺς
1361 1361 1522 1425 ὂντας
1552 1361 1852 1432 ὑμετέρους

242 1438 430 1510 εἷλον,
473 1448 574 1501 οὐκ
604 1449 776 1514 άλλως
816 1450 849 1521 ἢ
887 1449 982 1504 τοῦ
1013 1450 1148 1504 Θεοῦ
1190 1451 1536 1522 βουλομένου,
1565 1454 1657 1508 τὸν
1689 1454 1850 1506 αὑτὸν

240 1539 463 1610 τρόπον
497 1540 662 1594 αὑτοῦ
695 1542 920 1611 νεύματι
947 1543 1042 1598 καὶ
1063 1542 1208 1613 ὑμᾶς
1240 1544 1514 1615 λήψομαι.
1549 1545 1672 1598 Εἴτε
1703 1546 1760 1599 δὲ
1786 1548 1850 1600 ὲκ

239 1629 350 1682 τοῦ
382 1632 594 1695 εἰκότος
618 1632 788 1686 ταῦτα
821 1634 1026 1703 ἔφασκε
1061 1634 1457 1710 στοχαζόμενος
1481 1636 1544 1690 τὸ
1576 1654 1847 1710 κεκρατη-

241 1721 412 1776 κέναι
468 1723 565 1776 τοῦ
616 1726 1045 1796 χρηματίζοντος
1095 1727 1225 1780 λαοῦ
1259 1728 1351 1782 τοῦ
1397 1709 1559 1794 θεοῦ,
1592 1709 1735 1796 λέγω
1781 1729 1846 1801 δὴ

239 1813 348 1867 τοῦ
396 1815 622 1886 Ἰσραήλ
643 1833 657 1847 ·
693 1817 801 1870 εἴτε
821 1819 916 1871 καὶ
947 1818 1161 1890 ἀληθῶς
1197 1819 1414 1890 ᾔσθετο,
1450 1820 1580 1874 Θεοῦ
1601 1821 1841 1874 ύποὸἁλ-

1961 641 2103 686 rnm.
2131 625 2176 680 si
2211 623 2464 694 poteritis
2495 623 2627 676 dare
2656 636 2903 678 sessores
2937 635 3150 675 eorum.
3178 619 3244 674 Et
3273 625 3541 687 tlttmnmio

1957 717 2184 785 pote-tis
2228 726 2380 780 stare
2417 717 2470 768 in
2517 723 2816 784 conspectu
2865 711 3300 780 Ioparcharnm?
3346 710 3540 763 Dome-

1955 809 2079 862 stici
2123 817 2282 871 sunt,
2329 807 2420 876 qui
2484 802 2760 876 Egyptiis
2811 803 3114 858 conlidunt.
3163 800 3226 856 Et
3284 817 3426 854 nunc
3470 817 3540 852 an

1955 902 2164 967 absque
2207 898 2433 952 Domino
2472 895 2820 950 ascendimus
2874 894 2928 948 in
2983 903 3186 946 terram
3225 891 3403 946 hanc?
3440 890 3540 945 Do-

1960 991 2138 1045 minus
2172 989 2312 1043 dixit
2341 989 2470 1042 mihi
2507 1006 2520 1041 :
2559 988 2812 1042 Ascende
2843 984 2897 1039 in
2931 992 3130 1037 terram
3157 983 3318 1046 hanc,
3349 992 3406 1036 et
3431 982 3542 1036 dis-

1953 1082 2120 1150 perde
2149 1096 2292 1135 eam.
2324 1099 2344 1134 ι
2384 1082 2802 1150 Argumentum,
2831 1075 3032 1146 inquit,
3053 1073 3403 1129 manifestum
3436 1084 3542 1135 cst,

1954 1175 2069 1228 hare
2105 1172 2259 1241 jussu
2292 1172 2386 1227 Dei
2425 1182 2649 1242 peracta
2690 1169 2881 1230 inisse.
2915 1166 3062 1232 quod
3102 1165 3192 1222 ille
3232 1165 3538 1221 Samariam

1952 1262 2369 1333 expugnaverit,
2399 1273 2454 1317 ct
2483 1263 2797 1316 universum
2831 1257 3086 1316 Israelem
3131 1259 3405 1329 captivum
3436 1257 3536 1312 ab-

1952 1351 2186 1409 duxerit.
2225 1349 2694 1418 Quemadmodum
2728 1347 2878 1404 enim
2904 1362 3030 1413 eos,
3072 1347 3166 1416 qui
3207 1345 3406 1401 fratres
3448 1359 3542 1400 ve-

1949 1448 2050 1498 stri
2091 1452 2252 1508 sunt,
2293 1456 2400 1496 non
2429 1439 2592 1496 aliter
2644 1454 2807 1510 quam
2846 1438 2958 1494 Deo
2997 1439 3235 1506 volente,
3282 1438 3422 1509 cepi,
3463 1438 3538 1493 ita

1949 1545 2007 1592 ct
2033 1537 2151 1602 ejus
2204 1545 2336 1590 nutu
2377 1547 2476 1587 vos
2509 1531 2742 1599 capiam.
2785 1530 2910 1586 Haec
2941 1545 3107 1602 porro
3143 1531 3259 1588 sive
3302 1547 3367 1586 ex
3420 1530 3535 1585 veri

1949 1627 2306 1682 similitudine
2343 1626 2579 1684 dicebat.
2631 1624 2758 1679 hinc
2795 1625 3112 1694 conjectura
3153 1627 3348 1688 ducta,
3393 1624 3539 1695 quod

1947 1734 2113 1784 eum,
2151 1720 2247 1789 qui
2295 1718 2526 1788 populus
2572 1717 2666 1772 Dei
2699 1717 3031 1782 vocabatur,
3076 1716 3331 1773 lsraeiem
3375 1717 3535 1783 dico,

1947 1821 2356 1882 expugnasset;
2399 1811 2518 1866 sive
2562 1811 2708 1880 quod
2756 1824 2942 1865 revera
2977 1811 3236 1872 sentiret.
3276 1826 3305 1863 a
3345 1809 3539 1865 Denso

239 1900 440 1966 λοντος
468 1903 639 1958 αὑτοῦ
671 1909 780 1970 τοῖς
811 1887 1091 1979 λογισμοῖς
1121 1887 1330 1980 ’τῇ-τῶν
1372 1911 1638 1965 Ἰουδαίων
1675 1912 1831 1964 ἐπελ-

1949 1905 2015 1956 ad
2055 1901 2364 1959 Iudaeorum
2417 1913 2619 1958 terram
2683 1901 3044 1957 invadendam
3088 1902 3347 1957 immissis
3391 1904 3540 1973 cogi-

239 1989 368 2043 θεῖν
401 1991 580 2063 χώρα,
610 1993 697 2048 διὰ
728 1996 823 2059 τὰς
875 1998 1273 2069 πεπραγμένας
1303 1999 1488 2064 αὐτοῖς
1519 2001 1716 2066 κακίας
1748 2005 1841 2055 καὶ

238 2085 626 2154 παρανομίας.

327 2213 348 2245 t
378 2197 492 2249 Και
548 2196 669 2250 εἷπε
728 2199 865 2270 πρὸς
901 2201 1063 2253 αὐτὸν
1109 2201 1414 2273 Ἐλιακείμ,
1465 2205 1559 2258 καὶ
1604 2205 1836 2276 Σομνᾶς,

239 2285 346 2337 καὶ
386 2286 580 2358 Ἰωάχο
618 2288 863 2362 Λάλησον
894 2294 1029 2363 πρὸς
1059 2295 1188 2356 τοὺς
1222 2295 1416 2358 παῖδάς
1449 2311 1544 2350 σου
1579 2297 1834 2368 Συριστί·

236 2377 527 2448 ἀκούομεν
556 2380 667 2451 γὰρ
696 2381 890 2452 ἡμεῖς’
932 2384 1025 2436 καὶ
1060 2383 1134 2455 μὴ
1169 2383 1318 2438 λάλει
1351 2387 1486 2455 πρὸς
1516 2389 1664 2458 ἡμᾶς
1705 2389 1837 2442 'lou-

233 2466 444 2521 δαῖστί.
481 2471 594 2524 Καὶ
626 2471 712 2525 ἶνα
743 2473 798 2526 τί
826 2473 1009 2539 λαλεῖς
1039 2477 1120 2539 είς
1149 2478 1219 2530 τά
1247 2473 1361 2532 ὦτα
1389 2478 1498 2532 τῶν
1535 2480 1836 2552 ἀνθρώπων

235 2559 339 2612 ἐπὶ
362 2559 443 2630 τῷ
468 2561 676 2632 nixu;
704 2582 724 2614 ι
757 2564 1036 2636 ’τηρητέον
1063 2569 1140 2631 δὲ,
1167 2570 1242 2634 ὡς
1282 2572 1376 2624 καὶ
1399 2572 1508 2625 τῶν
1536 2575 1594 2626 ὲν
1622 2573 1834 2638 τούτοις

243 2649 676 2723 ὀνομαζομένων
711 2655 940 2726 ἀνδρῶν,
992 2657 1134 2727 λέγω
1165 2660 1228 2731 δὴ
1273 2661 1368 2715 τοῦ
1429 2662 1713 2736 Ἐλιακεὶμ
1740 2667 1834 2718 καὶ

234 2739 337 2793 τοῦ
369 2742 575 2812 Σομνᾶ.
603 2744 696 2798 καὶ
736 2744 824 2797 διὰ
853 2745 960 2801 τῶν
998 2748 1307 2822 ἔμπροσθεν
1345 2754 1566 2824 μνήμην
1598 2756 1836 2808 ιποιεῖτο

236 2832 270 2884 ό
295 2833 588 2904 προφήτης
606 2836 667 2888 ὲν
685 2835 763 2907 τῷ
785 2839 990 2909 ῥήματι
1014 2840 1115 2910 τῆς
1140 2842 1424 2913 φάραγγος
1449 2845 1605 2901 Σιών.
1646 2848 1837 2915 ’Δναγ-

237 2923 376 2977 καία
424 2925 484 2978 δέ
531 2927 682 2981 ἐστιν
726 2930 759 3000 ἡ
812 2931 1136 3004 ἐπιτήρησις
1178 2936 1259 2998 είς
1301 2935 1364 2989 τὸ
1414 2937 1722 3008 ἐφαρμόσαι
1766 2942 1832 3010 τῇ

239 3016 588 3090 προκειμένῃ
635 3019 844 3093 ἱστορία
893 3022 1020 3085 τοὺς
1071 3027 1129 3076 ὲν
1178 3027 1361 3099 ἐκείνῃ
1401 3031 1468 3099 τῇ
1524 3033 1835 3102 προφητεία

241 3108 585 3179 φερομένους
653 3110 860 3178 λόγους.
904 3115 1041 3167 Φασὶ
1084 3116 1139 3169 δὲ
1192 3119 1382 3182 παῖδες
1439 3120 1704 3193 Ἐϐραίων
1741 3122 1832 3175 τὸν

1948 1996 2248 2051 tationibus
2293 1995 2578 2067 instigari,
2614 1997 2686 2050 ob
2725 1992 2868 2049 mala
2913 2003 2970 2050 et
3019 1993 3230 2050 scelera
3284 1995 3354 2049 ab
3402 1995 3537 2066 ipsis

1944 2099 2276 2156 perpetrata.

2015 2177 2178 2233 Vens.
2213 2178 2302 2233 Η.
2333 2197 2351 2231 ι
2393 2178 2461 2234 Et
2503 2178 2644 2234 dixit
2687 2179 2737 2234 ei
2776 2177 3002 2234 Eiiacitn
3026 2217 3043 2242 ,
3076 2187 3133 2233 et
3160 2177 3390 2233 Somnus
3414 2221 3427 2243 ,
3479 2189 3535 2234 et

1939 2269 2145 2327 Joach:
2177 2270 2426 2343 Loquere
2456 2272 2522 2326 ad
2565 2285 2759 2327 servos
2799 2280 2922 2326 tuos
2967 2270 3232 2342 Syrisce:
3277 2271 3533 2325 audimus

1939 2365 2084 2420 enim
2115 2381 2246 2420 nos:
2290 2377 2344 2421 et
2377 2379 2444 2420 ne
2487 2366 2707 2434 loquere
2753 2363 2821 2418 ad
2859 2378 2960 2419 nos
2999 2360 3242 2418 Judaice.
3303 2360 3370 2415 Et
3398 2363 3531 2431 quid

1940 2456 2181 2528 loqueris
2219 2459 2274 2512 in
2307 2472 2471 2512 aures
2508 2456 2827 2521 hominum,
2875 2454 2969 2525 qui
3015 2463 3166 2509 stant
3214 2467 3378 2523 supra
3406 2468 3531 2508 mu-

1941 2550 2099 2606 rum?
2133 2569 2152 2602 ι
2182 2549 2492 2604 Notandum
2521 2557 2626 2610 Cal,
2652 2547 2740 2602 hic
2767 2556 3193 2602 memoratorum
3220 2545 3527 2610 hominum,

1938 2642 2194 2699 videlicet
2238 2641 2467 2697 Eliacim
2518 2650 2576 2694 et
2619 2639 2858 2705 Sumne,
2905 2639 3072 2694 etiam
3124 2637 3178 2692 in
3227 2637 3530 2708 praemissis

1938 2733 2274 2789 mentionem
2318 2747 2346 2785 a
2383 2730 2648 2802 pmpheta
2681 2730 2882 2784 factam
2918 2743 3061 2794 esse,
3107 2743 3233 2785 cum
3277 2727 3345 2784 de
3389 2729 3529 2782 valle

1937 2825 2068 2881 Sion
2099 2841 2282 2881 sermo
2311 2825 2629 2880 haberetur.
2676 2821 2778 2878 Hic
2827 2836 2993 2895 porro
3033 2835 3096 2876 ea
3140 2820 3528 2879 observatione

1934 2925 2023 2972 est
2055 2931 2214 2986 opus,
2247 2925 2306 2970 ut
2347 2897 2475 2970 huic
2509 2914 2775 2980 historic,
2797 2913 3100 2985 prophetiae
3136 2914 3284 2968 illius
3323 2929 3530 2969 sermo-

1937 3022 2037 3062 nes
2060 3009 2406 3077 adaptemus.
2435 3008 2604 3061 Aiunt
2627 3018 2812 3062 autem
2836 3004 3070 3071 Hebraei,
3093 3007 3235 3062 hunc
3261 3005 3522 3062 Somnum

1934 3099 2002 3153 ad
2036 3099 2319 3170 Assyrium
2359 3107 2549 3168 postea
2581 3099 2962 3169 transfugisse,
2989 3115 3052 3154 ac
3092 3114 3217 3154 cum
3253 3099 3376 3154 aliis
3416 3101 3520 3168 ipsi

238 3197 455 3268 Σομνᾶν
473 3199 665 3254 τοῦτον
688 3202 1054 3275 αὐτομολῆσαι
1088 3208 1224 3279 πρὸς
1243 3209 1336 3263 τὸν
1368 3211 1650 3284 Ἀσσύριον
1677 3213 1831 3266 ὓστε-

1934 3190 2215 3245 dexteram
2275 3188 2607 3257 contulisse,
2661 3190 2781 3261 ejus
2835 3189 3130 3247 formidine
3171 3202 3519 3261 permotum:

241 3301 354 3354 ρον,
381 3287 568 3354 δεξιὰν
601 3290 751 3362 αὐτῷ
783 3296 882 3348 σὺν
921 3298 1131 3369 ἑτέροις
1172 3299 1442 3356 δεδωκότα
1491 3304 1580 3358 διά
1625 3305 1718 3358 τὸν
1768 3305 1827 3373 ἑξ

237 3377 404 3432 αὑτοῦ
441 3380 645 3449 φόϐον·
683 3384 776 3437 καὶ
821 3387 1012 3440 τούτου
1043 3390 1201 3461 χάριν
1234 3391 1323 3446 διὰ
1370 3392 1480 3446 τῶν
1515 3396 1827 3469 ἔμπροσθεν

239 3471 733 3542 προφητευθέντων
766 3479 892 3548 περὶ
929 3480 1095 3535 αὑτοῦ
1129 3483 1400 3539 λέλεκται.

309 3578 330 3612 s
354 3560 470 3650 Kal
496 3554 622 3614 εἷπε
657 3564 793 3634 πρὸς
824 3567 1020 3632 αὐτοὺς
1063 3571 1407 3643 Ῥασσάκηςο
1442 3574 1534 3646 Μὴ
1565 3575 1704 3646 πρὸς
1735 3576 1826 3631 τὸν

240 3647 644 3740 κύριονύμῶν,
678 3653 710 3724 ἢ
751 3655 889 3728 πρὸς
944 3659 1090 3730 ὑμᾶς
1120 3662 1431 3717 ἀπέσταλκε
1472 3683 1538 3737 με
1569 3671 1598 3721 ό
1632 3667 1824 3740 κύριός

238 3753 360 3828 μου,
664 3743 789 3808 τοὺς
817 3744 1008 3816 λόγους
1049 3751 1304 3817 τούτουςς
1345 3754 1481 3824 Οὐχὶ
1511 3757 1652 3828 πρὸς
1693 3738 1823 3822 τοὺς

231 3827 559 3898 ἀνθρώπους
595 3832 721 3896 τοὺς
754 3834 1098 3907 καθημένους
1128 3841 1222 3894 ἐπὶ
1251 3841 1331 3912 τῷ
1367 3827 1567 3913 τείχει,
1593 3846 1680 3898 ῖνα
1716 3847 1820 3916 φά-

230 3931 368 4007 γωσι
398 3919 629 3992 κόπρον,
658 3923 751 3976 καὶ
777 3925 974 3979 πίωσιν
995 3924 1155 3999 οὖρον
1183 3932 1303 4002 μεθ’
1335 3933 1492 4003 ὑμῶν
1524 3936 1640 4007 ἅμα
1665 3953 1680 4002 ;
1709 3937 1821 3992 Καὶ

229 4005 363 4100 ἔστη
405 4010 742 4100 Ῥαὸσάκης,
788 4017 883 4069 καὶ
913 4018 1171 4091 ἀνεϐόησε
1220 4027 1373 4094 φωνῇ
1425 4005 1638 4100 μεγάλῃ
1683 4029 1818 4082 Ἰου-

226 4095 407 4152 δαῖστὶ
447 4101 544 4154 καὶ
574 4096 726 4157 εἶπεν
745 4121 760 4135 ο
807 4107 1098 4162 Ἀκούσατε
1130 4112 1254 4176 τοὺς
1289 4112 1482 4181 λόγους
1516 4095 1637 4170 τοῦ.-
1661 4115 1818 4185 βασι-

1932 3292 2097 3352 atque
2131 3281 2252 3337 ideo
2304 3297 2404 3347 ea,
2446 3298 2568 3352 qua:
2618 3285 2876 3355 superius
2922 3284 2977 3340 in
3028 3285 3313 3356 prophetia
3355 3287 3526 3341 conti-

1933 3387 2153 3441 nentur,
2183 3375 2253 3430 de
2296 3375 2387 3430 illo
2422 3375 2568 3431 dicta
2601 3375 2793 3432 fuisse.

1999 3554 2167 3610 \‘ess.
2203 3554 2393 3614 η-εθ.
2433 3575 2454 3609 ι
2494 3556 2560 3612 Et
2585 3557 2724 3612 dixit
2767 3557 2834 3613 ad
2865 3573 2961 3614 eos
3010 3558 3334 3615 Rabsaces:
3376 3557 3517 3615 Num

1928 3651 1995 3704 ad
2025 3649 2306 3704 dominum
2339 3662 2602 3716 vestrum,
2645 3660 2740 3706 aut
2778 3652 2846 3706 ad
2885 3665 2982 3707 vos
3037 3652 3187 3707 misit
3231 3668 3316 3708 tne
3348 3652 3520 3708 domi-

1926 3757 2027 3796 nus
2068 3756 2256 3808 meus,
2319 3751 2376 3794 ut
2439 3741 2632 3812 ioqnar
2677 3758 2965 3800 sermones
3010 3743 3182 3800 istos?
3209 3743 3401 3800 Nonne
3445 3748 3514 3800 ad

1925 3834 2174 3890 homines
2205 3835 2298 3905 qui
2355 3836 2549 3892 sedent
2580 3852 2746 3906 supra
2791 3852 3047 3903 murum,
3103 3847 3163 3892 ut
3224 3838 3516 3894 comedam

1922 3932 2158 3992 stercus,
2192 3935 2250 3982 et
2285 3925 2476 3983 bibant
2514 3927 2728 3984 urinam
2765 3928 3050 3985 vobiscum
3079 3930 3278 3986 simul?
3308 3931 3371 3986 Et
3407 3941 3516 3989 ste-

1924 4015 1987 4070 tit
2023 4015 2331 4084 Babsaces,
2385 4029 2440 4076 et
2510 4021 2768 4076 clamavit
2821 4035 2954 4078 voce
3004 4037 3200 4095 magna
3251 4023 3508 4092 Judaice,

1919 4117 1977 4164 et
2005 4110 2181 4166 dixit:
2219 4111 2418 4166 Audite
2462 4127 2750 4170 sermones
2786 4115 2934 4186 regis
2974 4116 3188 4187 magni,
3233 4117 3376 4184 regis
3405 4121 3510 4173 As-

224 4189 365 4256 λὲως
395 4192 492 4246 τοῦ
529 4197 785 4265 μεγάλου,
823 4200 1086 4270 βασιλέως
1131 4206 1452 4277 Ἀσσυρίων.
1491 4206 1631 4262 Τάδε
1668 4209 1816 4278 λέγει

1933 4202 2215 4273 syriorum.
2251 4202 2378 4260 liae
2409 4205 2542 4262 dicit
2573 4222 2666 4263 rex
2692 4225 2707 4262 :
2738 4205 2819 4264 Ne
2843 4222 2942 4264 vos
2979 4208 3211 4279 decipiat
3242 4208 3508 4266 Ezechias

224 4283 254 4335 6
284 4283 576 4354 βασιλεύςο
615 4289 706 4361 Μὴ
736 4291 999 4348 ἀπατάτω
1030 4297 1173 4368 ὑμᾶς
1212 4298 1462 4364 Ἐζεκίας
1507 4301 1716 4372 λόγοιςο
1751 4304 1813 4357 ού

1933 4295 2142 4351 verbis:
2187 4310 2296 4352 non
2339 4299 2544 4368 poterit
2571 4298 2806 4358 liberare
2829 4315 2949 4356 vos.
2978 4299 3048 4356 Et
3080 4315 3151 4357 ne
3175 4300 3324 4357 dicat
3353 4303 3509 4360 vobis

222 4374 447 4447 δύνηται
482 4378 750 4450 ῥύσασθαι
788 4383 950 4454 ὑμᾶς.
986 4388 1096 4442 Καὶ
1151 4390 1228 4462 μὴ
1258 4391 1466 4459 λεγέτω
1497 4394 1628 4465 ὑμῖν
1665 4395 1813 4460 Ἐζε-

1933 4387 2188 4446 Ezechias
2209 4427 2228 4456 ,
2260 4389 2390 4460 quis
2438 4389 2698 4448 liberabit
2731 4407 2828 4449 vos
2865 4392 3033 4460 Deus,
3078 4404 3135 4450 et
3161 4408 3505 4464 nequaquam

225 4467 374 4564 asiae,
408 4469 748 4564 anesum:
781 4476 922 4546 ὑμᾶς
949 4479 978 4530 ό
1003 4479 1154 4545 Θεὸς,
1196 4485 1292 4537 καὶ
1327 4485 1390 4537 ού
1425 4486 1500 4558 μὴ
1531 4489 1810 4564 παραδοθῇ

1933 4479 2165 4535 .radetur
2203 4481 2401 4538 civitas
2427 4481 2544 4539 haec
2573 4485 2626 4539 in
2669 4499 2893 4542 manum
2943 4487 3088 4558 regis
3128 4487 3503 4558 Assyriorum.

223 4561 258 4630 ἡ
277 4561 432 4626 πόλις
457 4563 598 4636 αὕτη
629 4567 688 4619 ιν
719 4571 861 4642 χειρὶ
881 4569 1146 4641 βασιλέως
1160 4575 1486 4647 Ἀσσυρίων.
1503 4578 1593 4651 Μὴ
1620 4561 1812 4636 άκούελ

1933 4570 2092 4628 iolite
2117 4571 2410 4630 Ezechiam
2436 4576 2648 4633 audire.
2676 4576 2804 4633 Haec
2828 4578 2960 4633 dicit
2987 4593 3085 4634 rex
3112 4580 3500 4652 Assyriorum:

221 4671 311 4746 trs?
350 4655 614 4720 Ἐζεκίου.
644 4659 779 4712 Τάδε
837 4660 982 4731 λέγει
1016 4665 1044 4716 ὁ
1075 4665 1333 4735 βασιλεὺς
1378 4670 1677 4746 Ἀσσυρίων
1698 4693 1712 4707 ·
1746 4679 1809 4731 Ei

1933 4662 1972 4719 5i
2008 4664 2173 4721 vultis
2207 4665 2485 4731 benedici,
2513 4669 2838 4740 egredimini
2880 4671 2949 4726 ad
2993 4686 3105 4738 me,
3145 4681 3204 4727 et
3233 4672 3502 4728 comedim

227 4743 480 4814 βούλεσθε
535 4747 914 4820 εὐλογηθῆναι,
963 4755 1332 4828 ἑκπορεύεσθε
1399 4743 1673 4836 πρὸςνμὲ,
1715 4769 1810 4822 καὶ

1933 4757 2286 4829 unusquisque
2309 4759 2523 4814 vineam
2551 4777 2704 4816 suam
2753 4773 2811 4818 et
2838 4761 3002 4828 licus,
3024 4773 3082 4819 et
3105 4763 3274 4820 bibite
3299 4781 3498 4835 aquam

225 4837 460 4906 φάγεσθε
489 4839 720 4903 ἕκαστος
745 4842 844 4913 τὴν
874 4845 1116 4913 ἄμπελον
1148 4851 1320 4904 αὑτοῦ
1356 4854 1448 4905 καὶ
1477 4855 1576 4919 τὰς
1614 4861 1808 4924 συκᾶς,

1933 4866 1978 4904 2x
2012 4849 2134 4904 lacu
2173 4861 2397 4917 vestro;
2434 4852 2606 4909 donec
2652 4856 2866 4911 veniam
2896 4865 2954 4911 et
3000 4871 3277 4912 assumam
3319 4873 3415 4914 vos
3445 4860 3496 4913 in

224 4927 315 4980 καὶ
343 4928 536 4980 πίεσθε
568 4928 712 5000 ὕδωρ
738 4933 801 4985 ἐκ
829 4932 924 4987 τοῦ
956 4933 1159 4990 λάκκου
1193 4939 1382 5010 ὑμῶν·
1417 4942 1521 5008 ἕως
1553 4946 1622 5000 ἂν
1645 4947 1805 5014 ἔλθω,

222 5020 312 5110 καί
544 5022 690 5091 ὑμᾶς
732 5026 813 5088 είς
855 5027 983 5096 γῆν,
1014 5029 1090 5094 ὡς
1121 5035 1156 5103 ἡ
1187 5034 1259 5104 γῆ
1297 5034 1476 5104 ὑμῶν,
1509 5039 1582 5109 γῆ
1633 5041 1804 5110 σίτου,

218 5108 311 5162 καὶ
348 5108 494 5161 οἴνου
526 5109 621 5161 καὶ
647 5110 849 5180 ἄρτων,
877 5117 972 5169 καὶ
1010 5119 1376 5188 ἀμπελώνων.
1409 5125 1499 5196 Μὴ
1545 5108 1809 5185 ἀπατάτῴ

217 5197 360 5268 ὑμᾶς
403 5200 675 5264 Ἐζεκίας,
723 5201 925 5272 λέγων’
968 5209 1027 5263 '0
1064 5210 1201 5278 Θεὸς
1246 5214 1468 5286 ῥύσεται

215 5287 519 5381 ἐρρύσαντο
557 5291 608 5344 oi
653 5289 767 5345 θεοὶ
798 5294 906 5348 τῶν
940 5297 1149 5367 ἐθνῶν,
1188 5304 1422 5371 ἱκαστος
1612 5287 1806 5368 ἐαυτού

214 5377 396 5450 χώραν
429 5383 495 5434 ὲκ
539 5382 721 5454 χειρὸς
764 5383 1031 5455 βασιλέως
1077 5394 1418 5468 ’Δσσυρίων;
1451 5377 1564 5455 [Iob
1606 5404 1752 5458 ἐστιν
1779 5409 1808 5460 ὸ

214 5467 333 5564 θεὸς
383 5471 584 5564 ξω,
635 5474 732 5527 και
772 5475 1020 5549 Ἀρφάθ;
1069 5486 1166 5539 καὶ
1200 5467 1304 5541 πώ
1341 5492 1371 5544 δ
1406 5490 1539 5556 Θεὸς
1577 5495 1676 5564 τῆς
1705 5497 1804 5556 πό-

212 5559 346 5625 λεως
392 5562 812 5639 Ἐκφαρουαῖμ;
859 5571 955 5644 Μὴ
1000 5575 1254 5632 ἐδύναντο
1303 5581 1570 5652 ῥύσασθαι
1617 5559 1804 5658 ἐπιμά-

213 5670 363 5747 ρειαν
386 5657 456 5747 ὲκ
488 5658 675 5729 χειρός
709 5677 849 5730 μους
877 5683 895 5716 ι
921 5666 1091 5721 Οὐδὲν
1119 5670 1401 5744 διαφέρειν
1442 5676 1677 5747 νομίζων
1713 5682 1806 5733 τὸν

288 5747 357 5819 τῇ
401 5746 768 5821 Ἰερουσαλὴμ
803 5755 1116 5826 τιμώμενον
1143 5761 1252 5815 τῶν
1288 5765 1438 5834 παρὰ
1471 5744 1583 5831 τοῖς
1627 5768 1805 5835 ἄλλοις

203 5833 386 5890 ἱθνεσι
410 5835 855 5910 πεπλανημένως
884 5845 1025 5902 θεῶν
1045 5851 1436 5925 νομιζομένων.
1464 5857 1599 5913 Κατ’
1621 5833 1801 5931 ὀλίγον

1513 5221 1680 5321 Ψμδὲς·
1715 5223 1807 5321 My
1855 5315 1866 5321 .

1913 4949 2140 5006 terram,
2169 4958 2292 5014 qua
2329 4953 2416 4999 est
2464 4952 2723 5016 tanquam
2761 4957 2906 5003 terra
2946 4959 3157 5016 vestra,
3200 4961 3348 5006 terra
3389 4951 3498 5008 fru-

1911 5035 2099 5099 menti,
2127 5047 2183 5091 et
2227 5038 2374 5103 vini,
2415 5049 2470 5094 et
2523 5054 2745 5109 panum,
2800 5054 2856 5097 et
2898 5044 3200 5099 vinearum.
3238 5045 3318 5102 Ne
3358 5047 3498 5102 deci-

1911 5128 2023 5195 piat
2059 5143 2156 5183 vos
2173 5129 2437 5187 Ezechias
2473 5133 2699 5188 dicens:
2735 5134 2878 5191 Deus
2905 5135 3162 5192 liberabit
3199 5155 3316 5196 nos.
3349 5139 3488 5196 Num

1910 5221 2210 5276 liberarunt
2232 5223 2304 5277 dii
2333 5225 2598 5294 gentium,
2629 5229 3004 5299 unusquisque
3033 5232 3309 5302 regionem
3335 5248 3487 5288 suam

1907 5315 1974 5368 de
2008 5328 2169 5367 manu
2200 5316 2342 5384 regis
2383 5318 2772 5390 Assyriorum?
2813 5321 2912 5378 Ubi
2965 5333 3050 5378 est
3088 5327 3220 5378 deus
3261 5324 3487 5394 Emath,

1906 5412 1961 5459 et
1989 5405 2279 5474 Arpinati)?
2309 5414 2365 5462 et
2408 5410 2497 5464 ubi
2523 5411 2667 5467 Deus
2699 5413 2940 5470 civitatis
2975 5414 3375 5487 Ecpharvaimi
3403 5420 3485 5475 An

1908 5507 2198 5565 potuerunt
2233 5499 2448 5571 eripere
2487 5501 2794 5560 Samariam
2831 5508 2901 5562 de
2945 5523 3106 5562 manu
3153 5510 3309 5562 mea’
3338 5527 3359 5562 ι
3402 5509 3490 5565 Ni-

1912 5588 1983 5643 hii
2021 5587 2237 5644 diﬂ'erre
2281 5602 2478 5661 putans
2523 5595 2688 5650 Deum
2723 5595 3107 5670 Ηὶρτσοοιγηιω
3151 5599 3382 5664 cultum,
3416 5603 3486 5658 ab

1910 5681 2000 5744 iis,
2031 5681 2123 5750 qui
2157 5684 2302 5752 apud
2325 5695 2554 5740 caeteras
2584 5701 2777 5743 errore
2811 5691 3004 5744 ductas
3030 5698 3220 5759 gentes
3255 5690 3330 5744 dii
3367 5707 3487 5747 esse

1906 5774 2386 5831 existimabantur.
2416 5775 2698 5833 Gradatim
2725 5795 2890 5850 porro
2914 5782 3182 5837 barbarus
3211 5782 3300 5838 ille
3327 5801 3483 5840 suam

1909 5864 2020 5923 Deo
2057 5863 2337 5924 inimicam
2367 5868 2604 5942 linguam
2635 5872 2929 5945 instruxit;
2962 5890 3026 5933 ac
3049 5875 3229 5948 primo
3257 5877 3478 5948 quidem
