4100 6416
1365 396 1625 456 EUSEB“
1665 393 2025 451 CESAKIEN
2035 391 2139 447 SIS
2175 390 2228 447 Ol

2358 388 2535 443 PARS
2576 385 2663 442 ill.
2700 414 2768 426 —-
2808 376 3216 435 EXEGETICA.
3761 371 3866 429 διε

644 416 748 471 547

649 532 911 582 adversus
936 530 1187 575 sanctum
1212 515 1384 569 virum
1413 514 1667 567 mentitus
1693 520 1795 571 est,
1816 526 1935 563 eum
1970 507 2199 575 Egypto
2226 556 2228 562 .

2329 506 2352 556 ὲ
2381 504 2408 554 6
2440 502 2711 571 βάρϐαρος
2748 500 2846 569 τὴν
2876 494 3140 565 θεομάχον
3192 490 3454 555 ἐξώπλισε
3490 486 3767 556 γλῶσσαν

650 621 815 673 ﬁdere
848 614 1141 675 dictitans;
1175 608 1371 663 deinde
1411 606 1528 672 ejus
1562 602 1962 656 adhortationes
1996 601 2204 653 solvere

2329 597 2401 647 ιὲν
2444 594 2659 664 πρῶτον
2693 591 2787 644 τοῦ
2836 588 2987 655 ἁγίου
3030 582 3512 675 καταψευδόμενος,
3555 581 3649 634 καὶ⁸
3670 578 3867 675 *λέγων

649 721 700 763 et
739 704 1023 761 confutare
1071 710 1295 755 conatus
1341 708 1444 761 est,
1497 694 1648 764 queis
1706 692 2096 746 multitudinem
2140 690 2204 743 ad

2329 685 2460 737 ιὺτὸν
2492 683 2805 735 πεποιθέναι
2834 681 2919 732 ἐπ’
2948 676 3261 744 ηΑῐγυπτονο
3298 668 3744 764 εἷτα-ὲπιχειρῶν
3763 667 3865 764 πάξ

651 797 897 852 ﬁduciam
944 764 998 848 in
1043 793 1151 845 Deo
1200 789 1498 857 ponendam
1558 785 1856 846 invitabat,
1908 785 2049 836 vires
2091 782 2207 848 ejus

2329 773 2651 844 ταραινέσεις
2679 768 2843 824 αὐτοῦ
2869 764 3103 819 διαλύειν
3141 761 3240 823 τάς
3268 760 3362 814 επὶ
3403 756 3521 827 Θεῷ
3547 752 3861 857 πεποιθέναι

654 891 938 941 traducens
968 899 1029 939 ac
1060 890 1430 941 contemnens,
1464 879 1607 946 quod
1658 876 1897 945 equitatu
1934 890 2037 928 non
2071 873 2211 927 vale-

2329 867 2363 917 :6
2390 842 2591 934 πλῆθος
2621 854 3163 929 παρασκευαζούσης,
3193 851 3291 922 τὴν
3318 850 3540 946 δύναμιν
3562 843 3728 946 αυτοῦ

656 992 770 1042 ret;
804 988 985 1049 postea
1016 990 1073 1029 se
1107 974 1216 1026 Deo
1238 972 1465 1041 jubente
1504 967 1817 1022 ascendisse
1845 965 2076 1028 dicebat,
2106 978 2210 1031 quo

2329 932 2516 1009 ῖάλλων
2546 951 2633 1005 διὰ
2663 948 2758 1002 τοῦ
2793 948 2866 1019 μὴ
2892 941 3193 1016 κτήσασθαι
3222 936 3562 1007 κατασκευὴν
3596 932 3823 1049 ἱππζκην
3845 943 3861 958 ⁸

2337 1041 2359 1049 ⁵
2566 1040 2577 1049 “
2683 1038 2708 1049 ’ν
2744 1036 2781 1049 Α
2846 1035 2871 1045 ·’
2927 1035 2939 1049 ’
3021 1031 3080 1049 η·
3111 1045 3171 1049 -μμ
3204 1028 3376 1049 κίμω-
3432 1025 3503 1049 .’.-
3544 1024 3606 1049 ι...
3661 1039 3704 1049 -.
3742 1038 3755 1049 .
3801 1033 3861 1049 ,ο

656 1070 933 1138 populum,
964 1074 1023 1120 ut
1052 1080 1081 1118 a
1122 1064 1232 1117 Deo
1268 1062 1556 1131 proditum,
1587 1057 2069 1127 perterrefaceret;
2112 1057 2213 1109 sub

662 1162 773 1214 haec
823 1154 1311 1228 pollicitationibus
1357 1152 1752 1206 fructuosarum
1802 1150 2114 1211 vinearum,
2163 1156 2216 1201 et

660 1252 884 1305 aliorum
914 1262 1035 1317 quae
1082 1248 1216 1299 bona
1267 1244 1600 1298 :estimantur
1626 1279 1641 1302 ,
1687 1250 1769 1293 est
1807 1254 1969 1302 usus;
2002 1238 2215 1292 demum

659 1341 775 1393 hac
818 1340 921 1393 sibi
954 1337 1163 1391 inutilia
1187 1350 1306 1389 esse
1336 1332 1789 1396 animadverteris,
1830 1330 2214 1384 exsecrandum

662 1430 899 1497 linguam
936 1427 1132 1495 aperit,
1176 1439 1281 1494 qua
1318 1424 1509 1491 impias
1548 1422 1770 1492 protulit
1799 1436 1977 1475 voces.
2020 1421 2214 1474 Verum

662 1521 955 1588 impietatis
992 1532 1178 1587 poenas
1216 1515 1385 1578 dedit,
1430 1530 1551 1569 cum
1592 1514 1762 1583 angeli
1812 1528 1967 1566 mauu
2020 1511 2220 1567 exerci-

668 1621 752 1664 tus
777 1609 892 1675 ejus
924 1608 1163 1661 funditus
1202 1608 1411 1660 deletus
1443 1616 1545 1659 est.

738 1699 898 1752 Vsus.
938 1698 1027 1760 21,
1054 1696 1141 1749 9.2.
1184 1716 1201 1746 ι
1234 1694 1296 1749 Ει
1328 1706 1641 1762 tacuerunt,
1672 1704 1726 1749 et
1755 1711 1913 1751 nemo
1946 1696 2219 1766 respondit

2309 1041 2428 1097 εἶτα
2457 1040 2593 1112 μετὰ
2618 1038 2711 1091 τοῦ
2740 1035 2873 1089 Θεοῦ
2915 1031 3178 1100 ἀναϐῆναι
3204 1028 3397 1095 λέγων,
3428 1025 3503 1088 ὼς
3540 1024 3606 1077 ἂν

2309 1136 2371 1187 τὸ
2402 1110 2600 1200 πλῆθος
2629 1129 2705 1189 ὡς
2752 1123 3005 1197 προδοθὲν
3031 1121 3140 1175 ἀπὸ
3171 1117 3306 1173 Θεοῦ
3325 1135 3339 1147 ·
3373 1113 3490 1170 εἷτα
3522 1110 3868 1181 ἐπαγγελίαις

2312 1222 2561 1295 χρηστῶν
2588 1216 2942 1290 ἀμπελώνων,
2968 1214 3063 1269 καὶ
3091 1210 3197 1265 τῶν
3225 1209 3398 1264 άλλων
3443 1204 3740 1260 δοκούντων
3776 1218 3869 1255 κα-

2313 1318 2450 1369 λῶν·
2482 1309 2600 1366 εἶτα
2632 1310 2783 1372 εἰδὼς
2816 1308 2993 1361 πάντα
3036 1301 3200 1357 αὑτοῦ
3240 1301 3309 1355 τά
3349 1295 3570 1352 τοιαῦτα
3599 1295 3873 1367 ἄπρακτα,

2314 1407 2411 1477 τὴν
2446 1402 2645 1476 μιαρὰν
2688 1399 2852 1453 αὑτοῦ
2890 1397 3096 1464 άνοίγει
3124 1393 3388 1463 γλῶτταν,
3415 1389 3667 1451 ἀσεϐείας
3699 1384 3877 1454 ἀφιεὶς

2317 1476 2518 1569 φωνάς.
2547 1494 2685 1547 Ἀλλ’
2715 1492 2960 1545 ἑκτέτικε
2986 1489 3140 1551 δίκας
3170 1486 3269 1556 τῆς
3327 1482 3599 1545 ἀσεϐείας,
3644 1476 3875 1547 ἀγγέλου

2317 1587 2652 1659 πανστρατιᾷ
2683 1580 3068 1651 δαπανώμενος
3098 1577 3262 1649 χειρί.

2394 1700 2411 1731 ι
2441 1657 2549 1733 Kal
2572 1676 2903 1746 ἐσιώπησαν,
2926 1673 3020 1724 καὶ
3043 1669 3215 1731 οὐδεὶς
3236 1663 3507 1734 ἀπεκρίθη
3532 1659 3682 1730 αὐτῷ
3702 1657 3877 1726 λόγον,

665 1790 713 1840 ei
1055 1786 1195 1855 quod
1247 1748 1905 1854 prohibuisset'rexnue'
1935 1748 2215 1855 quisquam

2329 1771 2405 1826 5ιά
2437 1771 2497 1823 τὸ
2534 1766 2833 1839 προστάξαι
2872 1764 2964 1816 τὸν
3010 1759 3231 1831 βασιλέα
3269 1756 3470 1828 μηδένα
3499 1748 3877 1855 ἀποκριθῆναιῐ

667 1878 769 1947 ipsi
824 1878 1193 1947 responderet.
1251 1877 1317 1930 Et
1365 1877 1634 1944 ingressus
1685 1886 1769 1931 est
1815 1876 2031 1930 Eliacim
2081 1877 2220 1931 (ilius

2329 1863 2427 1916 Καὶ
2457 1858 2699 1930 εἰσῆλθεν
2739 1855 3017 1923 Ἐλιακεὶμ
3041 1854 3069 1906 6
3091 1850 3184 1904 τοῦ
3210 1846 3438 1903 Χελκίου
3463 1842 3766 1947 ιιίκονέμοςἶ

666 1967 898 2022 Cbelcia:
929 1978 1278 2029 mcunomus',
1318 1972 1370 2019 et
1422 1965 1649 2020 Somnas
1693 1966 1873 2020 scriba
1912 1965 2217 2029 exercitus,

668 2069 722 2112 et
753 2055 919 2111 Joach
954 2057 1096 2111 ﬁlius
1125 2057 1305 2124 Asaph
1327 2070 1356 2110 a
1384 2057 1788 2111 commentariis
1814 2059 1879 2110 ad
1907 2055 2221 2120 Ezechiam,

671 2151 859 2206 scissis
894 2150 1108 2215 tunicis,
1144 2159 1199 2205 et
1230 2150 1676 2203 renuntiaverunt
1698 2148 1747 2203 ei
1772 2162 2046 2201 sermones
2078 2146 2222 2202 Rab-

670 2244 832 2297 sacis.
876 2262 897 2293 ι
939 2241 1053 2297 Non
1094 2242 1349 2295 convenit
1397 2241 1542 2294 enim
1579 2240 1698 2309 pio,
1742 2253 1862 2293 cum
1915 2238 2226 2305 blasphemo

673 2316 892 2386 homine
929 2329 1189 2401 colloqui,
1221 2345 1289 2385 ne
1314 2330 1362 2385 is
1395 2328 1710 2383 concitatus
1750 2328 1802 2381 in
1847 2327 1950 2381 alia
1984 2327 2228 2397 blasphe-

673 2437 758 2475 κιο
788 2422 928 2476 dicta
966 2420 1279 2475 delabatur:
1340 2429 1554 2489 Oportet
1599 2420 1772 2474 solum
1826 2420 2072 2474 homines
2126 2434 2225 2474 ceu

674 2514 838 2566 armis
866 2513 1183 2582 quibusdam
1223 2513 1585 2567 communitus
1612 2526 1754 2575 esse,
1782 2526 1847 2565 ac
1881 2512 2097 2566 silentio
2128 2528 2228 2566 un-

674 2605 836 2671 dique
869 2618 987 2659 sese
1026 2598 1233 2672 tegere,
1265 2615 1423 2657 veros
1460 2603 1599 2671 apud
1638 2617 1696 2657 se
1731 2615 2011 2657 sermones
2048 2603 2227 2657 occul~

679 2704 871 2758 tantes,
908 2710 969 2750 ac
1000 2692 1094 2750 Del
1128 2702 1318 2748 contra
1358 2690 1702 2761 blasphemos
1738 2691 2001 2761 judicium
2032 2707 2227 2763 exspe-

622 2782 625 2785 λ
674 2795 904 2841 «tantes.
947 2784 1080 2840 Cum
1126 2787 1240 2840 lucc
1267 2785 1415 2855 jussa
1470 2800 1564 2838 rex
1609 2784 1901 2852 prudenter
1954 2784 2226 2851 dedisset,

674 2877 857 2945 populi
917 2875 1153 2945 praefecti
1214 2876 1526 2931 mandatum
1578 2874 1696 2943 ejus
1746 2876 2225 2943 exsequebantur:

675 2968 815 3033 quod
887 2968 1011 3022 item
1085 2970 1443 3037 praestandum
1507 2969 1663 3022 nobis
1716 2978 1798 3022 est
1844 2970 2231 3037 persecutionis

678 3068 934 3129 tempore,
966 3074 1172 3114 necnon
1196 3061 1249 3113 in
1271 3062 1661 3139 communibus
1682 3060 1965 3130 impiisque
1992 3060 2233 3131 blasphe-

680 3164 888 3203 morum
928 3151 1231 3220 colloquiis.

1185 3240 1413 3298 CAPUT
1452 3241 1714 3298 XXXVII.

749 3329 909 3386 Vsus.
944 3332 996 3385 l.
1041 3351 1061 3383 ι
1102 3331 1167 3388 Et
1200 3332 1400 3387 factum
1434 3343 1518 3388 est
1556 3350 1677 3388 cum
1712 3336 1926 3391 audiret
1960 3351 2051 3392 rex
2092 3336 2231 3394 Eze-

677 3424 867 3487 chias,
917 3423 1076 3478 scidit
1133 3424 1470 3489 vestimenta,
1535 3433 1589 3480 et
1628 3440 1843 3481 saccum
1902 3429 2072 3482 induit
2118 3445 2133 3481 :
2179 3438 2235 3482 et

680 3516 921 3571 ascendit
957 3518 1008 3569 in
1042 3516 1255 3570 domum
1316 3516 1545 3570 Domini.
1598 3536 1617 3569 ι
1653 3516 1859 3573 Frater
1920 3519 2022 3572 alia
2076 3520 2234 3590 igitur

682 3606 921 3661 Ezechias
965 3609 1127 3675 proba
1166 3608 1442 3673 facinora,
1476 3609 1691 3666 virtutis
1730 3611 2082 3677 exercitium,
2122 3627 2236 3667 ma-

674 3700 919 3768 jorisque
951 3698 1225 3768 religionis
1270 3710 1668 3770 argumentum,
1723 3702 1831 3756 Deo
1878 3712 2233 3771 procurante,

684 3802 878 3849 nactus
922 3789 1009 3844 illo
1049 3800 1168 3845 est:
1213 3791 1303 3859 qui
1332 3791 1523 3846 bellico
1554 3792 1770 3862 quidem
1804 3802 2091 3861 apparatu,
2129 3807 2235 3861 quo

682 3881 770 3935 ille
797 3883 1121 3950 cOnspicuus
1148 3891 1289 3945 erat,
1322 3894 1377 3935 et
1408 3883 1657 3937 omnibus
1702 3882 1766 3935 ad
1810 3882 2002 3935 bellum
2052 3897 2236 3937 neces-

683 3972 841 4025 sariis
868 3983 924 4025 nt
947 3973 1261 4042 praeclarum
1288 3974 1472 4028 ducem
1500 3975 1741 4037 decebat,
1776 3974 2094 4039 instructus,
2128 3967 2237 4028 Deo

685 4072 860 4117 tamen
892 4066 1068 4117 omnia
1116 4066 1419 4121 commisit:
1468 4082 1527 4121 ac
1564 4067 1787 4121 subdita:
1831 4067 1935 4121 sibi
1971 4067 2111 4136 plebi
2153 4082 2237 4121 re-

668 4148 887 4223 ligiosa
936 4154 1195 4211 doctrinae
1237 4170 1501 4228 praecepta
1559 4162 1795 4214 tradidit.
1846 4180 1862 4212 ι
1918 4163 1982 4215 Et
2022 4177 2235 4215 saccum

687 4246 875 4310 induit,
914 4266 932 4297 ι
970 4248 1145 4302 luctus
1180 4258 1235 4303 et
1267 4247 1568 4304 alllictionis
1602 4253 1746 4319 signa
1791 4267 2110 4306 assumens:
2156 4263 2237 4304 at-

682 4352 787 4407 que
814 4341 912 4393 hoc
947 4340 1128 4393 habitu
1159 4355 1187 4393 ιι
1228 4342 1368 4409 regia
1412 4342 1567 4395 domo
1598 4343 1661 4393 ad
1711 4343 1963 4411 templum
2000 4344 2113 4410 Dei,
2145 4360 2238 4411 per

685 4429 911 4484 inediam
953 4434 1136 4486 urbem
1177 4433 1450 4495 incedens,
1497 4448 1555 4486 se
1603 4436 1831 4488 contulit.
1872 4450 2097 4504 seseque
2138 4438 2237 4489 hu-

2320 1954 2530 2023 Σομνᾶς
2579 1954 2607 2003 6
2644 1948 3004 2020 γραμματεὺς
3046 1945 3144 2013 τῆς
3189 1941 3488 2009 δυνάμεως,
3525 1932 3815 2023 καὶίίωάχ
3855 1933 3884 1984 6

2319 2020 2412 2095 τοθ
2480 2039 2649 2107 ’Δσάφ
2702 2039 2729 2089 6
2782 2030 3363 2111 ὑπομνηματογράφος
3411 2023 3547 2095 πρὸς
3614 2020 3882 2111 Ἐζεκίαν,

2321 2129 2629 2201 έσχισμένοι
2651 2127 2775 2188 τοὺς
2801 2122 3050 2193 χιτῶνας,
3096 2119 3189 2173 καὶ
3219 2108 3553 2186 ἀπήγγειλαν
3594 2108 3742 2179 αὐτῷ
3762 2108 3887 2201 τους

2323 2198 2511 2291 λόγους
2544 2219 2869 2273 Ῥαϐσάκου.
2895 2233 2913 2265 ι
2947 2212 3097 2283 Μηδὲ
3118 2209 3225 2279 γὰρ
3251 2207 3515 2279 προσήκει
3554 2202 3645 2255 τὸν
3689 2198 3889 2291 εὐσεϐῆ

2326 2290 2626 2384 βλασφήμῳ
2658 2302 3159 2378 προσδιαλέγεσθαι,
3189 2300 3264 2363 ὡς
3286 2298 3352 2353 ἂν
3379 2296 3454 2367 μὴ
3494 2293 3789 2365 ὲρεθίζοιτο
3810 2290 3892 2384 εις

2325 2382 2520 2475 έτέρας
2548 2400 2833 2455 ἐκπίπτειν
2872 2392 3213 2467 βλασφημίας
3232 2408 3246 2421 ·
3291 2389 3449 2460 μόνον
3478 2386 3536 2440 δὲ
3580 2382 3893 2475 πεφράχθαι

2324 2497 2403 2549 δεῖ
2424 2474 2618 2565 ὥσπερ
2662 2490 2801 2545 τισὶν
2831 2488 3033 2551 ὅπλοις,
3068 2485 3161 2540 καὶ
3193 2480 3525 2553 πανταχόθεν
3562 2474 3894 2563 ἠσφαλίσθαι

2325 2593 2390 2661 τῇ
2439 2590 2637 2659 σιωπῇ,
2687 2584 3024 2657 κρύπτοντας
3064 2582 3122 2633 εν
3162 2579 3370 2641 ἑαυτοῖς
3397 2578 3524 2639 τοὺς
3550 2574 3769 2645 ἀληθεῖς
3806 2570 3896 2623 λό-

2326 2696 2456 2748 γους
2473 2721 2488 2746 ,
2512 2677 2901 2747 περιμένοντας
2920 2672 2977 2725 δὲ
2998 2672 3094 2743 τὴν
3120 2672 3185 2724 εκ
3198 2668 3331 2723 Θεοῦ
3355 2666 3496 2721 κατὰ
3521 2666 3628 2719 τῶν
3655 2662 3897 2733 βλασφή-

2332 2788 2446 2841 μων
2499 2768 2699 2838 κρίσιν.
2750 2764 2938 2818 Ταῦτα
2978 2759 3438 2833 παραγγείλαντος
3482 2756 3575 2811 τοῦ
3631 2753 3897 2825 βασιλέως

2330 2840 2725 2932 έπιστημόνως,
2749 2860 2810 2912 τὸ
2836 2854 3171 2930 προσταχθὲν
3206 2852 3422 2907 ἐποίουν
3451 2852 3500 2905 οἱ
3531 2848 3623 2903 τοῦ
3659 2844 3897 2917 πλήθους

2330 2949 2699 3022 προεστῶτες⁸
2733 2948 2762 3001 δ
2803 2947 2869 3017 δὴ
2912 2947 3007 2999 καὶ
3049 2948 3178 3017 ἡμῖν
3210 2941 3461 3012 ποιητέον
3492 2941 3637 2993 ἐστὶν
3680 2938 3738 2989 ὲν
3777 2953 3897 2989 και-

2334 3045 2446 3115 ροῖς
2481 3040 2753 3110 διωγμῶν,
2796 3038 2831 3109 ἢ
2874 3038 2933 3092 έν
2972 3038 3176 3099 κοιναῖς
3217 3034 3309 3087 καὶ
3338 3032 3516 3095 ἀθέοις
3565 3029 3899 3100 βλασφήμων

2332 3129 2619 3195 διαλέξεσι.

2834 3234 3229 3291 ΚΕΦΔΛΔῙΟΝ
3256 3232 3381 3287 ΛΖ’.

2406 3352 2427 3384 ι
2453 3333 2563 3386 Καὶ
2586 3331 2800 3397 ἐγένετο
2823 3331 2881 3384 έν
2902 3326 2982 3399 τῷ
3004 3327 3137 3381 άκοῦ
3146 3344 3237 3379 σαι
3259 3326 3351 3379 τδν
3378 3324 3600 3395 βασιλέα
3626 3319 3896 3387 Ἐζεκίαν,

2332 3424 2513 3493 ἔσχισε
2553 3422 2622 3474 τά
2671 3420 2881 3491 ἱμάτια,
2912 3419 3008 3473 καὶ
3038 3416 3389 3489 περιεϐάλετο
3415 3417 3643 3470 σάκκον·
3688 3414 3781 3468 καὶ
3804 3414 3899 3467 dv-

2331 3513 2430 3581 έϐη
2459 3514 2537 3575 είς
2567 3512 2657 3564 τὸν
2690 3507 2836 3563 οἷκον
2873 3508 3099 3580 Κυρίου.
3123 3527 3141 3558 ι
3186 3506 3331 3577 Πρὸς
3354 3508 3463 3569 τοῖς
3496 3504 3683 3568 ἄλλοις
3720 3504 3898 3557 τοίνυν

2334 3603 2715 3675 κατορθώμασι
2762 3601 2857 3655 τοῦ
2909 3598 3174 3663 Ἐζεκίου,
3207 3598 3513 3669 γυμνασίαν
3561 3597 3762 3668 αρετῆς
3807 3596 3903 3648 καὶ

2334 3697 2581 3759 πλείονος
2629 3694 2933 3756 θεοσεϐείας
2965 3693 3185 3757 ἔνδειξιν
3218 3693 3474 3761 παρεῖχεν
3508 3691 3538 3742 6
3586 3688 3717 3752 Θεὸς
3753 3684 3901 3759 αὐτῷ

2334 3787 2421 3841 διὰ
2446 3791 2544 3857 τῆς
2564 3787 2697 3857 πρὸς
2710 3785 2802 3838 τὸν
2822 3784 3077 3855 πολέμιον
3099 3782 3470 3855 παρατάξεως,
3488 3777 3595 3853 ένῇ
3619 3780 3899 3851 διέλαμψε,

2337 3880 2509 3932 πάντα
2543 3878 2639 3947 μὲν
2668 3874 3047 3946 στρατηγικῶς
3073 3874 3140 3928 τά
3174 3874 3309 3947 πρὸς
3330 3874 3422 3927 τὸν
3450 3874 3681 3943 πόλεμον
3722 3889 3901 3943 παρα-

2335 3970 2652 4039 ταξάμενος,
2683 3968 2744 4019 τὸ
2782 3966 2837 4019 δὲ
2880 3967 2987 4019 πᾶν
3020 3966 3238 4030 ἀναθεὶς
3270 3964 3347 4035 τῷ
3393 3965 3532 4035 Θεῷ,
3563 3968 3674 4027 τοῖς
3716 3964 3775 4016 δὲ
3807 3963 3897 4016 ὑπ’

2337 4062 2495 4114 αὑτὸν
2546 4058 2772 4131 πλήθεσι
2834 4058 3059 4128 θεοσεϐῆ
3118 4057 3463 4113 διδασκαλίαν
3506 4054 3896 4126 παραγγείλας.

2342 4172 2360 4202 ι
2381 4154 2489 4205 Καὶ
2521 4150 2808 4222 περιέϐαλε
2854 4151 3073 4215 σάκκον,
3103 4168 3120 4201 ι
3158 4151 3360 4220 σημεῖα
3392 4147 3619 4210 πένθους
3662 4149 3756 4200 καὶ
3804 4164 3901 4199 κα-

2336 4242 2553 4306 κώσεως
2582 4242 2941 4311 έπαγόμενος’
2969 4242 3143 4311 τούτῳ
3160 4240 3217 4293 δὲ
3240 4240 3320 4311 τῷ
3344 4242 3581 4311 σχήματι
3610 4239 3696 4292 διά
3732 4240 3900 4309 μέσης

2338 4338 2487 4408 ἀνῄει
2512 4338 2609 4406 τῆς
2652 4336 2854 4398 πόλεως
2902 4334 3010 4388 άπὸ
3038 4332 3149 4387 τῶν
3186 4332 3470 4403 βασιλείων
3500 4332 3662 4384 οἴκων
3690 4331 3783 4383 ἐπὶ
3810 4330 3901 4383 τὸν

2336 4429 2469 4481 νεὼν
2505 4428 2597 4481 τοῦ
2629 4428 2784 4491 Θεοῦ,
2815 4428 2908 4479 καὶ
2936 4424 3193 4479 ταπεινὸν
3213 4424 3401 4477 ἑαυτὸν
3422 4424 3501 4493 τῷ
3525 4422 3643 4493 Θεῷ
3665 4422 3902 4487 δεικνὺς,

684 4521 863 4575 milem
905 4522 1012 4576 Deo
1041 4524 1269 4593 sistens,
1304 4524 1384 4577 vel
1425 4524 1539 4591 ipso
1583 4526 1770 4579 habitu
1809 4525 2228 4581 misericordiam

2337 4519 2513 4573 οἴκτου
2545 4520 2637 4573 καὶ
2662 4519 2840 4580 ἐλέους
2864 4520 3047 4588 τυχεῖν
3086 4514 3237 4586 ἠξίου
3268 4512 3344 4585 τῷ
3368 4518 3625 4584 σχήματι.

684 4609 798 4676 ejus
835 4612 1173 4678 provocabat.

757 4700 913 4755 Vsus.
934 4703 987 4754 2.
1011 4720 1028 4750 ι
1050 4701 1110 4754 Et
1132 4701 1274 4755 misit
1294 4699 1509 4756 Eliacim
1528 4718 1887 4765 mconomum,
1910 4713 1963 4758 et
1981 4704 2233 4758 Somnum

684 4794 938 4859 scribam,
978 4804 1031 4846 et
1077 4795 1316 4849 seniores
1366 4798 1713 4849 sacerdotqu
1760 4793 1977 4848 indutos
2016 4797 2190 4849 saccis
2216 4836 2230 4859 ,

686 4886 752 4938 ad
789 4885 980 4938 Isaiam
1020 4886 1185 4939 lilium
1218 4888 1382 4941 Amos
1413 4890 1748 4957 prophetam.
1797 4907 1814 4938 ι
1852 4888 1999 4942 Alios
2040 4891 2233 4959 quippe

686 4993 750 5029 ex
778 4978 1141 5031 sacerdotibus
1198 4978 1325 5043 Dei,
1375 4979 1491 5031 loco
1540 4978 1950 5033 sacerdotalium
2008 4982 2231 5035 vestium

688 5070 857 5122 saccis
890 5070 1123 5135 indutos,
1166 5070 1232 5123 ad
1266 5070 1458 5124 Isaiam
1495 5074 1808 5139 prophetam
1849 5074 2036 5135 mittit,
2087 5075 2233 5128 dice-

688 5176 850 5230 reque
876 5160 1045 5227 jubet,
1080 5180 1099 5213 ι
1145 5162 1266 5215 Haec
1296 5162 1424 5215 dicit
1452 5161 1739 5228 Ezechias;
1765 5182 1781 5214 ι
1819 5178 1987 5232 neque
2010 5164 2234 5229 addidit,

690 5267 821 5305 rex:
871 5266 1041 5317 neque
1074 5252 1217 5305 enim
1270 5252 1529 5319 temporis
1576 5251 1810 5304 conditio
1854 5252 1905 5303 id
1942 5251 2053 5315 illi,
2100 5266 2233 5320 pra:-

689 5343 823 5396 senti
855 5342 1161 5407 calamitate
1191 5341 1420 5411 dejecto,
1455 5342 1637 5396 dicere
1670 5342 2033 5411 permittebat.

765 5605 893 5662 Vult.
922 5610 979 5665 ὃς
1002 5609 1052 5660 4.
1088 5627 1107 5659 ι
1146 5610 1208 5661 Et
1236 5610 1487 5661 dixerunt
1520 5610 1567 5661 ei
1597 5628 1606 5661 :
1632 5608 1751 5661 Ilzcc
1774 5608 1901 5661 dicit
1938 5608 2192 5661 Etecltias
2222 5626 2231 5659 :

2412 4695 2557 4747 «Καὶ
2603 4692 2921 4746 ἀπέστειλεν
2990 4690 3270 4760 Ἐλιακεὶμ
3318 4692 3410 4744 τὸν
3461 4690 3760 4759 οἰκονόμον,
3810 4690 3902 4745 καὶ

2338 4787 2543 4856 Σομνᾶν
2583 4786 2672 4838 τὸν
2707 4785 3060 4854 γραμματέα,
3096 4784 3335 4846 καὶτοὺς
3374 4782 3771 4853 πρεσϐυτέρους
3795 4779 3902 4833 τῶν

2340 4876 2524 4946 ἱερέων
2555 4874 3049 4947 περιϐεϐλημένους
3079 4873 3333 4936 σάκκους,
3366 4872 3502 4943 πρὸς
3524 4873 3762 4925 -Ἡσαῖαν
3789 4869 3903 4925 υιδν

2336 4967 2517 5037 Ἀμὼς
2542 4968 2632 5019 τὸν
2664 4968 2965 5037 προφήτην.
2994 4984 3012 5015 ι
3046 4965 3184 5028 Τοὺς
3206 4965 3314 5035 γάρ
3337 4965 3551 5035 ἑτέρους
3572 4966 3678 5018 τῶν
3710 4965 3901 5036 ἱερέων

2336 5060 2427 5113 τοῦ
2457 5060 2613 5119 Θεοῦ,
2647 5060 2877 5121 σάκκους
2908 5059 3029 5112 ἀντὶ
3056 5058 3163 5111 τῶν
3194 5059 3477 5128 ίερατικῶν
3500 5060 3902 5129 ἠμφιεσμένους

2339 5152 2557 5213 στολῶν,
2588 5152 2721 5221 πρὸς
2747 5150 2838 5203 τὸν
2865 5151 3146 5221 προφήτην
3178 5150 3399 5201 Ἡσαΐαν
3422 5150 3645 5220 πέμπει,
3674 5152 3904 5218 φάσκειν

2338 5242 2518 5303 αὐτοῖς
2557 5240 2953 5310 παραγγείλας·
2996 5260 3012 5290 ι
3039 5242 3174 5293 Τάδε
3217 5242 3360 5307 λέγει
3426 5240 3706 5304 Ἐζεκίας,
3732 5261 3751 5292 ι
3806 5242 3903 5312 οὐχ

2339 5334 2367 5383 6
2398 5332 2646 5400 βασιλεὺς
2699 5332 2975 5402 προσθείς·
3018 5334 3078 5385 οὑ
3122 5334 3230 5404 γάρ
3260 5336 3288 5385 6
3335 5334 3523 5401 καιρὸς
3565 5333 3713 5402 αὐτῷ
3756 5335 3901 5387 τοῦτ’

2339 5423 2603 5493 ἐπέτρεπε
2649 5423 2843 5492 λέγειν,
2869 5424 3273 5494 ταπεινουμένῳ
3304 5425 3464 5477 ἕνεκα
3492 5425 3589 5493 τῆς
3622 5425 3904 5495 παρούσης

2342 5532 2405 5567 συ
2413 5518 2641 5586 μφορᾶς.

2408 5623 2424 5655 ι
2451 5607 2559 5657 Καὶ
2614 5601 2772 5656 εἶπαν
2805 5602 2980 5671 αὐτῷ’
3027 5606 3165 5658 Τάδε
3215 5604 3363 5673 λέγει
3408 5605 3899 5677 Ἐζεκίας’Ἦμέρα

696 5695 814 5750 Dn-s
880 5700 1175 5752 :tlllirtionis
1226 5709 1279 5753 ct
1317 5702 1614 5766 opprobrii,
1658 5712 1709 5753 ct
1758 5700 2146 5768 t'cdargutionis
2187 5712 2228 5752 et

2336 5696 2561 5765 θλίψεως
2608 5700 2697 5748 καὶ
2750 5698 3073 5765 ὀνειδισμοῦ,
3122 5697 3217 5753 καὶ
3254 5696 3485 5767 ἐλεγμΛῦ
3533 5699 3626 5750 καὶ
3668 5699 3899 5769 ὀργῆςὴ

696 5787 787 5840 irae
830 5794 940 5841 mus
982 5791 1272 5853 hodierna,
1329 5796 1451 5857 quia
1506 5794 1645 5844 venit
1702 5791 1850 5845 dolor
1894 5793 2237 5860 parturienti,

2337 5792 2570 5861 σὴἰλτίιην
2604 5791 2810 5860 ἡμέραν
2842 5793 2919 5844 ὃν
2955 5790 3074 5861 ἥκει
3120 5793 3150 5859 ὴ
3185 5791 3308 5844 ὠδὶν
3344 5794 3405 5862 τῇ
3437 5789 3715 5862 τικτούσῃ,
3751 5792 3899 5861 ἰσχὺν
