4100 6412
230 379 330 436 διο

1063 371 1577 430 (ΞΟἈἊΕΝΤᾹΚΙΔ
1618 371 1682 426 IN
1725 371 1984 428 ISAIAM.
2027 401 2094 412 —-
2143 371 2296 428 CAP.
2342 367 2602 424 XXXVII.

3383 366 3495 424 330

230 495 281 548 ἃ
306 494 400 546 οὐκ
423 507 538 561 εχει
562 491 665 544 τοῦ
680 494 874 544 τεκεῖν.
902 490 1232 544 Εἰσαιιούσαι
1277 489 1485 561 Κύριος
1505 490 1535 541 6
1561 489 1693 552 Θεός
1721 506 1813 542 σου

1917 504 2018 544 nec
2074 489 2240 543 habet
2289 489 2435 542 vires
2485 484 2748 554 pariendi.
2800 483 2996 537 Audiat
3049 481 3308 535 Dominus
3351 483 3494 536 Deus

231 587 348 648 τοὺς
385 585 582 652 λόγους
627 583 946 646 Ῥαεσάκου,
980 583 1073 646 οὓς
1095 582 1382 636 ἀπέστειλε
1409 581 1661 651 βασιλεὺς
1700 583 1816 635 Ἀσ-

234 678 450 747 συρίων,
475 673 758 736 ὀνειδίζειν
780 675 912 726 Θεὸν
943 673 1141 739 ζῶντα,
1169 675 1265 727 καὶ
1294 673 1574 736 ὀνειδίζειν
1597 671 1811 739 λόγους,

233 767 320 830 οὓς
343 769 543 838 ἢκουσε
576 766 781 835 Κύριος
801 767 829 818 ὁ
851 765 982 829 Θεός
1008 783 1122 829 σου,
1153 767 1244 818 καὶ
1273 765 1516 846 διηθήρῃ
1548 765 1685 835 πρὸς
1711 764 1816 817 Κύ-

233 862 345 929 ριόν
369 876 464 912 σου
492 859 623 928 περὶ
653 859 760 910 τῶν
782 858 1293 927 καταλελειμμένων
1312 857 1540 910 τούτων.
1571 877 1588 908 ι
1612 856 1812 910 Τούτου

232 953 386 1022 χάριν
413 952 506 1002 ἐπὶ
555 951 619 1002 σὲ
656 949 748 1002 τὸν
774 950 868 1002 τοῦ
896 949 1029 1002 Θεοῦ
1071 949 1356 1020 ἄνθρωπον
1397 948 1813 1018 ἀνεπέμψαμεν,

228 1044 316 1096 διὰ
345 1042 441 1096 σοῦ
471 1043 568 1094 τὸν
616 1043 707 1094 σὺν
738 1041 868 1093 Θεὸν
913 1044 971 1094 ἐν
1010 1040 1186 1111 καιρῷ
1221 1041 1568 1112 παραστῆσαι
1625 1039 1815 1108 βοηθὸν

228 1135 359 1203 ἡμῖν
393 1131 801 1194 ἀντιδολοῦντες
823 1149 836 1162 ·
865 1133 923 1184 ὃν
965 1132 1094 1185 οὺδὲ’
1118 1131 1328 1184 ἑαυτῶν
1360 1131 1496 1184 Θεὸν
1525 1129 1816 1200 ὀνομάζειν

227 1223 551 1293 τολμῶμεν⁸
589 1224 681 1275 σὺν
727 1223 785 1276 δὲ
832 1222 1034 1292 Κύριον
1079 1223 1172 1275 καὶ
1200 1221 1357 1274 ,Θεὸν
1397 1220 1645 1291 ἀκριϐῶς
1687 1221 1817 1274 ὄντα

228 1313 593 1382 ἐπιστάμεθα.
643 1312 839 1364 Τοῦτον
886 1308 980 1365 οὖν
1012 1313 1171 1366 αὑτὸν
1205 1312 1524 1382 ἱκετεύομεν
1572 1311 1646 1382 μὴ
1701 1315 1815 1374 τοῖς

229 1403 519 1474 ἡμετέροις
540 1402 832 1471 ἐπιϐλέψαι
857 1403 1310 1474 πλημμελήμασι,
1331 1405 1427 1456 καὶ
1453 1403 1527 1473 μὴ
1551 1403 1658 1455 τῶν
1680 1406 1816 1472 ἡμε-

230 1497 405 1564 τέρων
436 1498 660 1565 μνήμην
687 1496 1015 1564 ποιήσασθαι
1065 1495 1482 1566 ἁμαρτημάτων
1507 1511 1519 1525 ·
1583 1496 1702 1557 ταῖς
1756 1493 1813 1546 δὲ

227 1584 410 1648 ἀθέοις
440 1585 538 1638 τοῦ
578 1585 834 1656 πολεμίου
868 1589 1094 1655 φωναῖς,
1125 1587 1221 1640 καὶ
1261 1589 1326 1656 τῇ
1357 1585 1617 1656 ’τοσαύτῃ
1648 1587 1815 1656 ὑπερ-

230 1679 420 1747 ηφάνῳ
449 1679 740 1748 προσέχειν
763 1678 1069 1750 ἀλαζονείᾳ,

303 1789 322 1820 ι
350 1769 462 1823 Kal
486 1765 651 1839 ἦλθον
674 1771 724 1822 oi
753 1770 937 1834 παῑδις
964 1770 1058 1823 τοῦ
1089 1769 1354 1838 βασιλέως
1409 1768 1649 1833 Ἐζεκίου
1679 1769 1815 1838 πρὸς

1921 592 2044 636 tuus
2075 584 2235 636 verba
2277 580 2536 634 Rabsacis
2565 620 2579 640 .
2615 592 2738 645 qum
2781 576 2928 628 misit
2963 589 3054 627 rex
3095 575 3494 645 Assyriorum,

1914 685 1975 727 ιιι
2009 675 2370 742 exprobraret
2405 671 2515 724 Deo
2546 668 2771 728 viventi,
2811 677 2865 720 et
2891 666 3254 732 exptobraret
3289 668 3500 732 verbis,

1916 777 2035 828 quae
2079 759 2283 812 audivit
2324 759 2581 811 Dominus
2626 758 2765 811 Dens
2812 767 2975 815 tuus.
3009 766 3067 809 et
3108 756 3448 822 deprecabor
3474 774 3502 809 s

1921 854 2205 906 Dominum
2239 861 2387 903 tuum
2441 867 2540 918 pro
2575 848 2855 904 derelictis
2905 847 3048 902 istis.
3089 867 3110 901 ι
3165 848 3290 902 Ideo
3339 852 3405 902 ad
3451 863 3505 904 te

1919 943 2096 993 virum
2157 941 2248 992 Dei
2305 941 2510 1006 legatos
2557 940 2828 1000 misimus,
2877 952 2977 1006 per
3033 948 3086 993 te
3138 941 3293 994 nobis
3333 939 3502 992 Deum

1921 1041 2068 1082 tutnn
2102 1029 2402 1097 adjutorem
2451 1029 2555 1081 hoc
2587 1038 2830 1094 tempore
2877 1029 3078 1083 adesse
3116 1031 3500 1084 obsecrantes:

1919 1137 2078 1190 quem
2115 1137 2182 1174 ne
2211 1122 2426 1190 quidem
2462 1121 2626 1174 Deum
2677 1130 2931 1173 nostrum
2962 1135 3160 1176 vocare
3206 1122 3497 1185 audemus;

1917 1214 2010 1266 sed
2052 1211 2216 1265 Deum
2263 1222 2318 1265 et
2355 1212 2634 1264 Dominmn
2669 1222 2818 1264 tuum
2863 1226 2992 1265 esse
3024 1214 3189 1280 probe
3227 1213 3491 1266 norimus.

1917 1302 2054 1358 Huic
2082 1318 2215 1371 ergo
2249 1303 2348 1371 ipsi
2395 1303 2788 1370 supplicamus,
2839 1319 2904 1356 ne
2948 1302 3155 1354 scelera
3187 1312 3370 1355 nostra
3409 1317 3494 1353 re-

1917 1396 2149 1462 spiciat,
2192 1410 2366 1462 neque
2415 1404 2761 1461 peccatorum
2809 1403 3122 1448 nostrorum
3173 1394 3490 1446 memoriam

1921 1489 2182 1550 retineat;
2229 1486 2323 1539 sed
2371 1485 2553 1554 impiis
2602 1485 2804 1539 inimici
2850 1485 3075 1541 vocibus
3116 1494 3173 1539 et
3213 1495 3372 1539 tanta:
3403 1501 3494 1540 su-

1918 1579 2114 1646 perbia:
2146 1578 2411 1631 attendat.

1992 1753 2154 1808 Vens.
2210 1755 2328 1809 5-7.
2364 1773 2382 1806 ι
2420 1755 2482 1808 Et
2511 1765 2768 1808 venerunt
2800 1755 2949 1823 pueri
2985 1757 3127 1824 regis
3145 1755 3388 1811 Ezechiae
3426 1757 3494 1809 ad

239 1863 488 1925 Ἡσαΐαν,
538 1864 634 1915 καὶ
679 1858 832 1914 εἶπεν
888 1862 1069 1924 αὐτοῖς
1105 1862 1362 1924 Ἡσαΐαςσ
1403 1861 1589 1924 Οὕτως
1636 1864 1811 1931 ἐρεῖτε

1915 1847 2128 1910 Isaiam,
2168 1856 2223 1900 et
2260 1847 2396 1900 dixit
2438 1847 2545 1900 illis
2591 1846 2756 1900 Isaias
2796 1865 2810 1900 :
2851 1846 2940 1901 Sic
2978 1848 3170 1903 dicetis
3212 1850 3278 1902 ad
3313 1850 3490 1901 donti-

231 1954 365 2022 πρὸς
393 1953 487 2010 τὸν
531 1952 720 2022 κύριον
751 1951 902 2022 ὑμῶν
923 1969 936 1982 ·
985 1952 1123 2005 Τάδε
1167 1953 1314 2020 λέγει
1344 1952 1570 2023 Κύριος·
1601 1952 1692 2022 Μὴ
1719 1969 1813 2020 φο-

229 2044 400 2114 εἱηθῇς
427 2044 538 2096 ἀπὸ
567 2044 676 2096 τῶν
709 2043 880 2111 λόγων
907 2037 982 2096 ὧν
1012 2044 1270 2113 ήκουσας,
1305 2042 1398 2105 οὓς
1431 2043 1714 2095 ὠνείδισάν
1743 2060 1811 2112 με

225 2137 272 2186 οἱ
301 2135 564 2204 πρέσϐεις
596 2135 860 2204 βασιλέως
898 2135 1218 2205 Ἀσσυρίων.
1263 2134 1392 2187 Ἰδοὺ
1422 2134 1531 2201 ἐγὼ
1562 2134 1814 2205 ἑμῦάλλω

225 2228 303 2290 εἰς
350 2227 516 2280 αὑτὸν
546 2225 781 2296 πνεῦμα,
822 2227 914 2278 καὶ
945 2225 1184 2288 ἀκούσας
1213 2224 1496 2291 ἀγγελίαν,
1531 2226 1811 2297 ἀποστρα-

225 2320 459 2388 φήσεται
495 2319 574 2380 εἰς
601 2317 701 2386 τὴν
730 2315 912 2388 χώραν
945 2316 1132 2376 αὑτοῦ,
1169 2317 1264 2369 καὶ
1296 2320 1543 2370 πεσεῖται
1570 2318 1814 2388 μαχαίρᾳ

226 2411 284 2460 ὲν
314 2413 381 2478 τῇ
434 2411 507 2478 γῇ
543 2407 729 2461 αὐτοῦ.
761 2427 779 2459 ι
835 2410 921 2471 ὀς
963 2409 1022 2461 δὲ
1078 2409 1240 2478 μόνον
1296 2409 1604 2475 ἐπέστησαν
1637 2409 1811 2472 αὐτοὶ,

229 2501 442 2564 φθάσας
486 2501 614 2563 τοὺς
665 2502 794 2571 παρ’
825 2499 1006 2553 αὐτῶν
1056 2499 1246 2566 λόγους
1279 2501 1308 2552 6
1351 2499 1597 2562 Ἡσαΐας,
1641 2500 1814 2562 ἀπαγ-

228 2590 438 2656 γέλλειν
460 2591 791 2660 προσέταττε
808 2591 905 2660 τὴν
933 2591 1330 2659 ἐπιφερομένην
1360 2592 1694 2660 προφητείαν
1714 2608 1725 2618 ·
1748 2591 1813 2644 δι’

225 2676 293 2749 ἦς
326 2681 570 2750 πνεῦμα,
601 2683 784 2749 φησιν,
813 2680 1067 2751 ἐμϐάλλει
1107 2683 1187 2742 είς
1221 2681 1382 2732 αὐτόν
1403 2697 1415 2709 ·
1448 2683 1536 2750 ὑφ’
1566 2676 1627 2734 οὗ
1656 2682 1816 2735 πνεύ-

233 2789 400 2839 ματος
433 2773 758 2842 ἀπατηθεὶς,
782 2770 1040 2842 ἐπανήξει
1067 2771 1161 2824 ἐπὶ
1182 2771 1278 2842 τὴν
1305 2773 1501 2826 ἑαυτοῦ
1529 2773 1655 2842 γῆν,
1683 2773 1813 2827 ἔνθα

232 2862 376 2931 ξέφει
417 2864 518 2932 τὴν
553 2861 697 2932 ζωὴν
741 2861 1126 2933 καταστρέψει.

302 2974 321 3006 t
373 2957 485 3009 Kal
525 2955 834 3025 ἀπέστρεψε
876 2956 1204 3026 Ῥαῦσάκης,
1255 2957 1350 3009 καὶ
1410 2956 1674 3010 κατέλαϐε
1724 2957 1815 3012 τὸν

231 3045 457 3115 βασιλέα
498 3045 796 3116 Ἀσσυρίων
826 3044 1215 3115 πολιορκοῦντα
1242 3046 1468 3102 Λοσνάν,
1505 3050 1615 3102 Kal
1655 3052 1818 3120 ἥκου-

229 3153 319 3190 σεν
345 3139 430 3190 ὅτι
457 3137 672 3208 ἀπῆρεν
701 3136 806 3188 ἀπὸ
851 3137 1038 3206 Λαχὶς,
1070 3139 1164 3190 καί
1213 3137 1402 3206 ἐξῆλθε
1444 3140 1694 3211 Θαρακά,
1725 3141 1819 3210 βα-

1921 1955 2048 1994 num
2081 1950 2322 1993 vestrum
2362 1955 2376 1992 :
2425 1939 2548 1992 Haec
2570 1939 2702 1991 dicit
2741 1939 3000 1994 Dominus
3035 1959 3048 1994 :
3083 1939 3158 1993 Ne
3202 1955 3409 1995 metuas
3459 1959 3489 1992 α

1919 2029 2282 2092 sermonibus,
2305 2042 2439 2097 quos
2458 2029 2680 2092 audisti,
2703 2043 2840 2097 quos
2865 2029 3331 2098 exprobravernnt
3355 2030 3489 2084 mibi

1920 2119 2078 2187 legati
2136 2118 2281 2186 regis
2320 2118 2686 2186 Assyriorum.
2743 2119 2882 2172 Ecce
2940 2134 3042 2189 ego
3085 2119 3372 2172 immittam
3429 2122 3484 2174 in

1919 2225 2043 2264 eum
2090 2211 2365 2278 spiritum,
2415 2219 2471 2263 et
2511 2210 2697 2263 audito
2732 2211 2922 2264 nuntio
2973 2222 3276 2267 revertetur
3320 2215 3370 2266 in
3412 2230 3493 2267 rc-

1919 2303 2137 2367 gionem
2174 2314 2350 2364 suam,
2387 2307 2445 2352 et
2484 2299 2642 2352 cadet
2680 2299 2860 2369 gladio
2891 2302 2946 2354 in
2979 2311 3120 2354 terra
3164 2317 3283 2356 sua.
3324 2322 3343 2354 ι
3388 2303 3489 2358 Ubi

1920 2395 2153 2464 primum
2189 2404 2367 2449 autem
2398 2404 2766 2456 accesserunt,
2794 2407 3098 2448 sermonem
3127 2408 3315 2448 eorum
3351 2409 3492 2464 prte-

1923 2497 2142 2539 vertens
2170 2484 2361 2548 lsaias,
2397 2485 2613 2538 allatam
2646 2485 2985 2552 praphetiam
3029 2485 3338 2538 renuntiare
3369 2485 3491 2554 jus-

1921 2579 2029 2639 sit;
2069 2593 2173 2646 qua
2207 2579 2480 2646 spiritum,
2517 2577 2711 2644 inquit,
2747 2577 3002 2630 immittet
3041 2577 3093 2628 in
3120 2591 3268 2640 eum,
3304 2591 3336 2630 a
3377 2592 3490 2645 quo

1921 2669 2116 2735 spiritu
2148 2669 2403 2736 deceptus
2443 2675 2747 2722 revertetur
2795 2667 2849 2721 in
2900 2677 3101 2720 terram
3143 2682 3296 2722 suam
3325 2708 3341 2732 ,
3393 2668 3487 2724 ubi

1921 2757 2097 2826 gladio
2131 2746 2296 2811 vitam
2327 2758 2496 2810 ﬁniet.

1995 2936 2156 2993 Vsus.
2196 2936 2351 2993 8J6.
2389 2955 2408 2988 ι
2456 2935 2520 2989 Ει
2555 2949 2806 2990 reversus
2853 2945 2935 2989 est
2971 2933 3277 2997 Rabsaces,
3316 2942 3370 2987 et
3399 2934 3497 2989 dc-

1928 3027 2216 3095 prebendit
2257 3042 2437 3096 regem
2468 3026 2820 3096 Assyriorum
2861 3025 3197 3079 obsidentem
3229 3023 3490 3083 Lobnam.

1925 3119 1992 3172 Et
2019 3117 2225 3170 audivit
2250 3117 2392 3184 quod
2413 3114 2687 3184 prolectus
2717 3124 2862 3168 esset
2889 3113 2954 3166 de
2980 3111 3201 3176 Lacbis,
3229 3122 3284 3167 et
3314 3128 3497 3182 egres-

230 3229 410 3292 σιλεὺς
451 3204 726 3280 Αἰθιοπων
747 3267 763 3292 ,
800 3204 1160 3300 πολιορκῆσαι
1187 3204 1348 3283 αὐτον
1372 3248 1385 3262 ο
1429 3204 1539 3285 καὶ.
1569 3204 1808 3295 ἀκούσας

1915 3227 2006 3264 sus
2045 3218 2189 3264 esset
2239 3207 2510 3269 Tharaca,
2549 3223 2640 3259 rex
2697 3204 3054 3272 :Etliiopum,
3105 3216 3162 3258 ut
3207 3205 3486 3261 obsideret

228 3320 567 3392 ἀπέστρεψε.
597 3320 707 3372 Kal
732 3319 1046 3372 ἀπέστειλεν
1079 3321 1344 3387 ἀγγέλους
1399 3324 1535 3392 πρὸς
1566 3325 1810 3388 Ἐζεκίαν

227 3411 432 3478 λέγων’
472 3409 660 3471 οὕτως
683 3411 856 3480 ἐρεῖτε
898 3411 1118 3481 Ἐζεκίᾳ⁴
1149 3411 1357 3481 βασιλεί
1382 3413 1478 3482 τῆς
1521 3414 1805 3475 Ἰουδαίας·

228 3502 316 3571 Μή
357 3517 416 3552 σε
445 3500 711 3553 ἀπατάτω
736 3503 764 3552 6
785 3499 916 3563 Θεός
946 3517 1061 3562 σου,
1103 3503 1188 3569 ἐρ’
1229 3497 1272 3569 ᾧ
1299 3503 1566 3568 πέποιθας
1596 3505 1681 3556 ἐπ’
1723 3504 1811 3556 αὺ-

227 3590 322 3662 τῴ,
375 3591 550 3658 λέγων
575 3608 588 3620 ο
620 3591 693 3642 υὺ
730 3591 803 3662 μὴ
850 3591 1128 3662 παραδοθῇ
1169 3593 1526 3664 Ἰερουσαλὴμ
1567 3596 1624 3646 ἐν
1668 3594 1810 3664 χειρὶ

229 3683 493 3752 βασιλέως
553 3683 870 3752 Ἀσσυρίων.
915 3683 986 3736 Σὺ
1030 3686 1131 3737 οὐκ
1183 3685 1422 3754 ηκουσας
1468 3685 1503 3738 ἃ
1545 3687 1808 3755 ὲποέησαν

228 3775 468 3846 βασιλεῖς
509 3775 848 3846 Ἀσσυρίωνς
886 3777 1066 3830 Πᾶσαν
1097 3776 1196 3846 τὴν
1238 3777 1340 3846 γῆν
1384 3777 1459 3839 ὠς
1500 3777 1807 3840 ἀπώλεσαν,

233 3868 324 3918 καὶ
357 3865 422 3918 σὺ
461 3862 748 3936 ρυσθήσῃ;
781 3865 871 3934 Μὴ
915 3864 1215 3935 ἐρρύσαντο
1244 3866 1441 3928 αὐτοὺς
1486 3867 1534 3917 οἱ
1566 3865 1676 3918 θεοὶ
1702 3864 1809 3918 τῶν

223 3955 414 4016 ἐθνῶν,
446 3952 544 4017 οὓς
569 3953 850 4007 ἀπώλεσαν
879 3956 927 4006 οἱ
954 3956 1191 4026 πατέρες
1225 3973 1346 4025 μου,
1378 3957 1478 4025 τήν
1506 3973 1564 4009 τε
1599 3957 1636 4007 Γ
1639 3957 1806 4020 ωζάν,

224 4047 316 4098 καὶ
347 4045 599 4116 Κάρραν,
633 4044 725 4096 καὶ
770 4045 985 4112 Ῥαφὲθ,
1026 4044 1085 4097 αἴ
1122 4046 1260 4098 εἰσιν
1302 4047 1360 4097 ἐν
1408 4043 1562 4116 χώρᾳ
1583 4047 1805 4117 Θεμὰθς

224 4137 330 4189 Ποῦ
384 4140 498 4190 εἰσι
528 4135 762 4204 βασιλεῖς
800 4136 970 4207 Ἐμάθ
994 4155 1008 4202 ;
1035 4138 1127 4189 καὶ
1152 4137 1253 4189 ποῦ
1293 4137 1533 4207 Ἀρφάθ;
1581 4140 1672 4190 καὶ
1704 4137 1806 4190 ποῦ

222 4227 428 4289 πόλεως
463 4225 860 4296 Ἐπφαρουαῖμ,
900 4227 1266 4296 Ἀναγουγάνα
1295 4227 1441 4296 (41);
1479 4229 1586 4280 Καὶ
1619 4230 1808 4282 ἐλαὸεν

230 4315 480 4379 Ἐζεκίας
510 4314 574 4366 τὸ
606 4314 804 4383 βιϐλίον
839 4316 987 4387 παρὰ
1019 4317 1127 4368 τῶν
1158 4317 1403 4384 ἀγγέλων
1427 4357 1439 4376 ,
1475 4319 1567 4371 καὶ
1598 4319 1809 4388 ἀνέγνω

215 4407 367 4468 αὐτὸ,
398 4405 497 4458 καὶ
527 4404 693 4475 ἁνέὸη
731 4407 809 4468 εἰς
846 4401 992 4458 οἷκον
1026 4405 1252 4476 Κυρίου,
1282 4409 1376 4459 καὶ
1416 4408 1624 4474 ἤνοιξεν
1674 4410 1807 4463 αὐτὸ

214 4498 457 4550 ἐναντίον
488 4496 718 4567 Κυρίου.
756 4499 862 4550 Kal
891 4498 1232 4568 προσηύξατο
1264 4497 1509 4561 Ἑζεκίας
1533 4500 1668 4570 πρὸς
1695 4501 1805 4552 Κύ-

213 4606 327 4661 ριον
353 4590 537 4656 λέγων
556 4604 568 4616 ’
608 4588 806 4658 Κύριος
835 4589 1077 4653 Σασαὼθ,
1107 4593 1135 4642 6
1166 4589 1297 4653 θεὸς
1341 4591 1803 4664 ’1σραὴλ,ὀκαθή-

214 4697 374 4750 μενος
409 4682 506 4730 ἐπὶ
540 4677 646 4730 τῶν
681 4680 958 4750 χερουϐίμ.
987 4700 1005 4730 ι
1057 4682 1114 4733 '0
1139 4679 1195 4731 δέ
1229 4698 1291 4748 γε
1338 4681 1583 4745 Ἐζεκίας
1615 4681 1802 4753 ὥσπερ

212 4772 303 4824 καὶ
329 4771 602 4840 πρότερον
627 4769 848 4823 ἔσπευδε
874 4772 966 4823 καὶ
996 4772 1090 4824 νῦν
1116 4773 1208 4823 ἐπὶ
1234 4775 1325 4824 τὸν
1347 4769 1493 4824 οἷκον
1518 4772 1611 4824 τοῦ
1635 4773 1793 4836 Θεοῦ,

213 4864 305 4917 καὶ
337 4862 492 4931 αὑτῴ
541 4862 686 4931 μόνῳ
720 4863 817 4932 τὴν
850 4865 1134 4933 ἐπιστολὴν
1167 4864 1373 4916 ἐδείκνυ
1405 4865 1482 4934 τῷ
1508 4865 1644 4934 Θεῷ.
1681 4861 1795 4918 ΕΙτ²

209 4955 419 5023 ἐπῆγεν
464 4954 766 5023 ἱκετηρίαν,
800 4954 887 5006 διὰ
924 4954 1232 5024 προσευχῆς
1268 4953 1425 5025 μόνον
1463 4954 1623 5007 αὐτὸν
1659 4950 1796 5008 εἶναι

207 5045 383 5112 λέγων
413 5044 577 5106 Θεὸν,
612 5044 702 5096 καὶ
737 5045 836 5095 οὐκ
861 5045 1035 5097 ἄλλον.

284 5159 303 5189 «ι
331 5139 406 5191 Σὺ
447 5132 503 5190 εἷ
532 5137 564 5188 6
595 5136 724 5198 Θεὸς
761 5136 918 5204 μόνος
951 5136 1130 5206 πάσης
1182 5136 1458 5206 βασιλείας
1488 5139 1586 5207 τῆς
1618 5138 1795 5189 οἰκου-

207 5233 411 5300 μένης·
454 5231 521 5282 σὺ
558 5227 815 5296 ἐποίησας
848 5227 938 5279 τὸν
969 5228 1197 5298 οὐρανὸν
1245 5230 1339 5281 καὶ
1374 5230 1472 5299 τὴν
1512 5227 1634 5297 γῆν.
1667 5228 1795 5281 KH-

203 5340 315 5380 vov,
349 5320 555 5390 Κύριε,
577 5319 638 5370 τὸ
669 5315 761 5380 οὓς
791 5335 912 5370 σου’
947 5319 1284 5381 εἰσάκουσον,
1323 5319 1491 5390 Κύριε
1512 5335 1523 5346 ·
1560 5318 1789 5383 ἄνοιξον,

206 5410 403 5481 Κύριε,
455 5410 588 5470 τοὺς
644 5408 951 5479 ὀφθαλμούς
985 5426 1098 5464 σου·
1143 5411 1439 5478 εἴσϐλεψον.
1477 5409 1665 5478 Κύριε,
1702 5411 1793 5461 καὶ

205 5503 279 5556 ἰδὲ
317 5502 447 5562 τοὺς
483 5499 678 5564 λόγους
708 5500 1098 5571 Σενναχηρεὶμ,
1137 5499 1227 5562 οῦς
1258 5499 1570 5552 ἀπέστειλεν
1606 5498 1795 5550 ὀνειδί-

202 5594 315 5657 ζειν
342 5591 487 5645 θεὸν
524 5587 723 5652 ζῶντα.
773 5588 888 5642 Ἐπ’
918 5590 1173 5661 ἀληθείας
1203 5590 1330 5661 γὰρ,
1362 5591 1549 5658 Κύριε,
1579 5591 1792 5660 ἠρήμω-

267 5728 387 5789 (6|)
425 5726 526 5779 Sic
571 5723 1014 5799 Codices._Cr:l3t-i
1076 5729 1437 5796 ἁναγουγάνα,
1495 5746 1828 5799 anngttgnmt.

202 5801 279 5854 stt:
306 5800 514 5862 habet,
555 5795 693 5859 Atta,
727 5803 778 5850 οι
802 5797 929 5850 Ava.

1913 3318 2032 3356 eum
2063 3322 2075 3355 :
2114 3310 2168 3354 et
2197 3301 2423 3354 audiens
2462 3313 2710 3352 reversus
2743 3308 2844 3351 est.
2886 3297 2949 3351 Et
2980 3298 3128 3352 misit
3159 3299 3378 3352 nuntios
3405 3301 3472 3352 ad

1911 3395 2199 3449 Ezechiam
2231 3393 2417 3446 dicens
2448 3408 2461 3444 :
2500 3389 2591 3444 Sic
2617 3389 2810 3444 dicetis
2847 3390 3090 3445 Ezechiae
3117 3390 3227 3459 regi
3257 3388 3486 3444 lucta-tn:

1911 3485 2028 3541 Non
2067 3497 2117 3540 te
2157 3483 2391 3553 decipiat
2432 3481 2576 3537 Deus
2611 3493 2757 3546 tuus,
2799 3482 2884 3536 cui
2938 3484 3200 3546 conlidis,
3245 3483 3434 3537 dicens
3474 3502 3488 3535 :

1913 3576 2029 3630 Non
2065 3575 2310 3629 tradetur
2349 3574 2649 3629 Jerusalem
2693 3574 2746 3627 in
2790 3589 3006 3646 manum
3052 3575 3195 3643 regis
3230 3576 3492 3646 Assyriu-

1913 3685 2055 3722 rum.
2100 3667 2180 3720 Tu
2218 3681 2322 3719 non
2367 3665 2625 3720 audivisti
2668 3680 2788 3734 qua:
2824 3644 3078 3719 'l'ecerunt
3122 3682 3278 3736 reges
3321 3644 3490 3736 Assy-

1913 3760 2164 3815 riorum?
2207 3757 2492 3824 Quomodo
2519 3770 2721 3810 terram
2751 3772 2966 3811 onmem
2999 3757 3385 3826 perdiderunt.
3430 3773 3486 3812 et

1913 3862 1966 3904 tu
2019 3850 2276 3905 erueris?
2324 3848 2458 3902 Num
2495 3859 2756 3903 eruerunt
2789 3863 2883 3903 eos
2926 3850 2996 3903 dii
3043 3849 3308 3918 gentium,
3351 3866 3490 3918 quos

1912 3939 2258 4007 perdiderunt
2287 3948 2467 4007 patres
2496 3938 2622 4003 mei,
2662 3936 2871 4000 Gozan,
2907 3948 2960 3990 et
2992 3936 3261 3999 Cbarran,
3297 3949 3350 3991 et
3381 3935 3490 3990 Ra-

1910 4031 2102 4099 plietlt,
2138 4045 2258 4098 qua:
2312 4038 2440 4082 sunt
2483 4030 2534 4080 in
2582 4030 2800 4097 regione
2845 4028 3161 4084 Themath
3213 4027 3314 4086 Ubi
3361 4041 3489 4084 sunt

1912 4135 2068 4188 reges
2099 4119 2330 4173 Ematb?
2359 4128 2413 4173 et
2440 4117 2526 4171 ubi
2563 4119 2803 4185 Arpbatb
2825 4117 2850 4171 τ
2873 4106 3214 4174 ιιίιίοἱνίιειιίε
3246 4117 3489 4187 Eppbar-

1910 4215 2086 4275 vaim,
2132 4213 2497 4281 Anagugana?
2532 4210 2592 4262 Et
2633 4212 2862 4279 sumpsit
2892 4211 3154 4266 Ezechias
3195 4213 3397 4266 librum
3451 4230 3482 4266 a

1911 4302 2148 4365 nuntiis,
2183 4311 2235 4356 et
2264 4301 2392 4370 legit
2429 4316 2574 4366 eum,
2609 4309 2664 4352 et
2693 4300 2940 4353 ascendit
2965 4300 3016 4354 in
3051 4303 3268 4354 domum
3304 4300 3485 4354 Domi-

1912 4399 1989 4462 ni,
2023 4406 2079 4451 et
2106 4398 2320 4466 aperuit
2351 4412 2472 4450 eum
2505 4411 2691 4449 coram
2727 4395 2971 4449 Domino.
3026 4395 3092 4448 Et
3127 4397 3303 4450 oravit
3351 4397 3483 4450 Eze-

1910 4494 2061 4548 cbias
2090 4493 2394 4555 Dominum,
2430 4492 2613 4546 dicens
2650 4510 2661 4544 :
2699 4491 2923 4544 Domine
2957 4493 3317 4554 exercituum,
3347 4492 3486 4545 Dctts

1911 4585 2092 4649 lsraei,
2125 4585 2214 4654 qui
2246 4587 2404 4639 sedes
2442 4598 2602 4652 super
2633 4583 2941 4637 cherubim.
2975 4600 2994 4633 ι
3045 4583 3303 4636 Ezechias
3334 4600 3479 4647 vero,

1909 4677 2361 4748 quemadmodum
2392 4686 2446 4729 et
2486 4676 2636 4744 prius
2658 4713 2673 4736 ,
2709 4689 2852 4727 nunc
2885 4675 3050 4727 etiam
3089 4676 3382 4728 maturavit
3417 4677 3483 4729 :id

1908 4768 2126 4820 domum
2163 4765 2278 4830 Dei,
2315 4766 2516 4834 unique
2549 4767 2657 4818 Deo
2679 4765 2962 4833 epistolam
2993 4765 3248 4818 ostendit.
3280 4764 3483 4820 Deinde

1909 4871 2036 4910 vero
2074 4856 2522 4924 supplicationem
2582 4857 2786 4908 orando
2826 4855 3042 4920 emisit,
3079 4855 3226 4909 illum
3270 4857 3480 4922 solum,

1904 4958 1957 5003 et
1995 4963 2100 5001 non
2142 4949 2334 5015 alium,
2367 4947 2534 5002 Deum
2567 4963 2686 5002 esse
2719 4949 2924 5003 dicens.

1972 5127 2135 5182 Vens.
2158 5128 2332 5182 l7-2i.
2353 5146 2372 5179 ι
2394 5128 2472 5182 Tu
2489 5144 2544 5184 es
2568 5129 2704 5184 Deus
2736 5131 2883 5186 solus
2903 5135 3080 5187 omnis
3103 5135 3251 5203 regni
3279 5143 3363 5188 ter
3378 5151 3446 5188 ra-
3472 5156 3481 5187 :

1903 5233 1955 5275 tu
1977 5221 2145 5275 fecisti
2179 5222 2374 5275 malum
2403 5233 2457 5276 et
2490 5233 2709 5279 terram.
2744 5223 2973 5287 lnciina,
3009 5227 3254 5289 Domine,
3290 5242 3484 5279 aurem

1900 5323 2079 5368 tuam:
2113 5315 2327 5376 exaudi,
2360 5315 2581 5368 Domine
2616 5331 2628 5365 :
2663 5317 2832 5382 aperi.
2861 5317 3104 5373 Domine.
3125 5319 3307 5371 oculos
3335 5329 3474 5381 tuos,

1901 5404 2137 5474 respice,
2176 5403 2423 5468 Domine,
2455 5417 2509 5458 et
2563 5407 2684 5459 vide
2730 5422 3005 5459 sermones
3046 5409 3474 5476 Sennaclierim,

1899 5513 2033 5565 quos
2068 5497 2232 5560 misit,
2275 5508 2332 5549 ut
2369 5500 2722 5564 exprobraret
2758 5502 2866 5550 Deo
2897 5501 3113 5551 viventi.
3161 5500 3214 5551 In
3249 5503 3476 5556 veritate

1899 5590 2064 5654 enim,
2107 5587 2364 5655 Domine,
2398 5600 2676 5642 vastarunt
2712 5605 2862 5657 rcges
2898 5592 3240 5658 Assyriorum
3285 5594 3473 5651 orbem

1900 5731 1950 5782 In
1988 5729 2248 5786 llcbt'aico
2279 5730 2469 5800 ii-gitnt'
2498 5735 2616 5792 7.131
2651 5740 2752 5792 ‘Jzi‘i
2776 5729 2838 5782 :td
2872 5729 3016 5797 tujns
3062 5729 3216 5783 iidem
3250 5728 3471 5800 Vulgata
