4100 6400
628 364 729 423 55!

1332 363 1601 422 EUSEBII
1643 361 2128 422 CESARIENSIS
2159 361 2312 418 OPP.
2354 361 2534 419 PARS
2572 364 2755 418 lll.—
2784 361 3195 419 EXEGETICA.

3762 369 3866 425 352

620 487 950 552 univvrsum,
987 494 1040 541 et
1073 486 1347 557 regionem
1375 502 1560 541 eorqu
1579 527 1597 552 ,
1623 498 1679 542 et
1712 486 2015 555 iniecerunt
2045 484 2182 539 idola
2213 544 2214 548 η

2316 502 2389 538 ταν
2434 485 2672 555 βασιλεῖς
2735 484 3033 557 Ἀσσυρίων
3065 485 3168 554 τὴν
3207 486 3533 558 οἰκουμένην
3577 487 3729 559 ὃλην,
3774 488 3867 542 καὶ

620 594 804 633 eorum
832 579 885 631 in
925 578 1120 648 ignem.
1147 576 1263 631 Non
1290 580 1433 633 enim
1462 579 1728 641 diieraut,
1752 579 1845 631 sed
1879 591 2042 644 opera
2080 592 2197 629 ιιιιο

621 686 783 725 nuum
806 670 1104 732 hominum,
1143 670 1283 740 ligna
1312 680 1366 723 et
1390 669 1595 738 lapides
1623 678 1709 724 :et
1732 669 2053 738 pepulerunt
2076 682 2191 723 eos.

621 760 776 815 Nunc
812 770 991 814 autem
1017 801 1032 823 ,
1069 759 1293 814 Domine
1340 759 1483 814 Deus
1520 769 1703 814 noster
1730 799 1745 823 ,
1782 760 1931 814 salva
1986 774 2087 815 nos
2129 762 2195 814 de

622 868 785 906 manu
807 853 958 921 ejus;
987 860 1048 907 ut
1088 860 1383 920 cognoscat
1417 865 1580 905 omne
1603 865 1829 916 regnum
1857 859 2034 914 terrm,
2070 850 2196 920 quia

623 952 679 996 tu
732 958 792 996 es
836 942 972 997 Deus
1011 942 1176 996 solus.
1211 940 1274 995 Et
1316 941 1514 997 missus
1539 952 1620 997 est
1651 940 1815 996 Isaias
1857 941 1999 996 (ilius
2036 943 2199 996 Amos

624 1032 691 1083 ad
716 1032 1023 1087 Ezeclriam.
1063 1049 1081 1082 r
1120 1030 1234 1085 Rex
1268 1032 1485 1101 quidem
1517 1032 1744 1087 Ezechia
1769 1068 1802 1098 -,
1845 1043 2029 1103 utpote
2070 1035 2199 1089 reli-

624 1123 830 1192 giosus.
860 1124 913 1177 in
943 1123 1161 1177 domum
1187 1125 1277 1178 Dei
1307 1124 1600 1189 concessit,
1626 1123 1716 1179 ubi
1735 1124 1846 1193 jqu
1874 1126 2198 1194 descriptam

625 1214 919 1267 orationem
951 1212 1164 1278 emisit;
1196 1212 1336 1269 Deus
1365 1223 1542 1269 autem
1593 1216 1763 1270 misso
1793 1216 1860 1270 ad
1902 1231 2024 1270 eum
2067 1217 2202 1271 Isaia

627 1304 881 1374 propheta
924 1305 1021 1374 ipsi
1066 1305 1349 1373 respondet
1380 1322 1395 1358 :
1426 1306 1717 1361 secundum
1756 1322 1884 1362 vero
1921 1308 2019 1378 ipsi
2081 1323 2205 1361 ors-

626 1394 806 1450 culum
836 1396 1006 1463 dedit,
1030 1396 1229 1452 docens
1255 1411 1315 1452 se
1334 1411 1638 1453 sermonem
1673 1399 2076 1469 orationemque
2090 1399 2205 1468 ejus

627 1488 957 1544 esaudiisse.

704 1752 863 1808 νω.
882 1753 1109 1820 21,Ξ2.ι
1134 1754 1201 1811 Et
1218 1757 1357 1813 dixit
1383 1758 1433 1815 ei
1458 1776 1473 1814 :
1502 1757 1626 1815 liae
1642 1760 1772 1815 dicit
1798 1759 2207 1821 DominusDeus

2292 575 2391 647 τὴν
2424 574 2609 647 χώραν
2635 576 2836 639 αὐτῶν,
2869 576 2964 630 καὶ
2984 574 3251 631 ἀνέϐαλον
3267 577 3337 633 τὰ
3369 577 3560 633 ιῐδωλα
3584 578 3765 633 αὐτῶν
3789 580 3868 643 εἰς

2292 666 2355 719 τὸ
2384 665 2515 737 πῦρ.
2545 666 2621 720 Οὐ
2647 665 2757 738 γὰρ
2783 666 2895 720 θεοὶ
2919 661 3082 737 ἦσαν,
3115 665 3229 723 ἀλλ’
3257 668 3395 741 εργα
3430 669 3630 739 χειρῶν
3666 668 3872 739 ἀνθρώ-

2296 774 2434 821 πων,
2470 754 2604 823 ξύλα
2638 756 2733 811 καὶ
2764 754 2900 809 λίθοι
2918 772 2933 787 ο
2960 756 3053 810 καὶ
3083 755 3373 813 ἀπώσαντο
3403 757 3617 822 αὐτούς.
3648 755 3766 811 Νῦν
3791 756 3869 821 δὲ,

2296 847 2492 919 Κύριε,
2533 848 2562 900 δ
2602 845 2737 909 Θεὸς
2766 847 2942 919 ἡμῶν,
2974 847 3146 903 σῶσον
3176 849 3322 924 ημᾶς
3351 850 3416 903 ἐκ
3444 850 3643 921 χειρῶν
3670 848 3867 904 αὐτοῦ’

2298 940 2386 993 ἵνα
2408 938 2522 1009 γνῷ
2545 940 2694 993 πᾶσα
2721 942 2755 1010 ἡ
2792 939 3034 1009 βασιλεία
3077 941 3179 1012 τῆς
3209 944 3333 1012 γῆς,
3382 942 3466 996 ὅτι
3498 943 3562 997 σὺ
3594 937 3647 995 εἴ
3678 943 3708 996 ὁ
3736 939 3872 1005 Θεὸς

2302 1031 2480 1101 μόνος.
2506 1030 2615 1084 Καὶ
2647 1030 2927 1102 ἀπεστάλη
2953 1030 3181 1095 Ἡσαΐας
3207 1031 3324 1097 υίὸς
3355 1031 3536 1104 ’Δμὼς
3559 1032 3697 1106 πρὸς
3730 1030 3876 1097 Ἐζε-

2301 1122 2447 1177 κίαν.
2478 1141 2501 1175 s
2546 1121 2603 1177 '0
2638 1123 2735 1193 μὲν
2764 1122 3014 1193 βασιλεὺς
3058 1120 3329 1188 Ἐζεκίας.
3362 1117 3451 1179 οἷα
3482 1125 3758 1195 θεοφιλὴς,
3793 1126 3873 1188 είς

2300 1211 2558 1270 τὺνοῐκον
2584 1214 2738 1285 ἀνῄει
2768 1215 2863 1269 τοῦ
2895 1214 3051 1278 Θεοῦ.
3079 1214 3176 1271 καὶ
3204 1214 3306 1286 τὴν
3324 1215 3674 1288 ἀνάγραπτον
3696 1218 3876 1287 ἱκετη-

2306 1306 2423 1375 ρίαν
2452 1306 2735 1375 ἀνέπεμπε
2759 1322 2773 1335 ·
2792 1305 2924 1370 Θεδς
2952 1305 3011 1362 δι
3030 1303 3179 1378 αὐτῷ
3210 1305 3590 1377 ἀποκρίνεται,
3622 1306 3717 1359 τὸν
3743 1308 3873 1360 ἑαυ-

2301 1397 2397 1451 τοῦ
2442 1398 2723 1469 προφήτην
2774 1397 3001 1451 Ἡσαΐαν
3035 1397 3111 1462 ὼς
3140 1396 3581 1468 αὑτὸνκιμψαςο
3623 1394 3873 1468 δεύτερον

2302 1489 2361 1543 δὲ
2423 1488 2572 1559 αὐτῷ
2629 1487 2819 1542 τοῦτον
2878 1488 3126 1544 ἐκδίδωσι
3180 1487 3271 1541 τον
3322 1488 3590 1559 χρησμὸν,
3632 1486 3710 1549 ὡς
3765 1487 3872 1558 άρα

2305 1580 2391 1650 εἴη
2437 1579 2690 1652 ἀκηκοὼς
2738 1580 2831 1634 τὸν
2873 1583 2973 1653 τῆς
3023 1582 3333 1653 προσευχῆς
3376 1578 3541 1634 αὐτοῦ
3594 1579 3751 1649 λόγον
3793 1578 3873 1631 δι·-

2307 1671 2543 1725 δάσκων.

2382 1782 2401 1813 ι
2438 1764 2547 1816 Καὶ
2571 1760 2729 1819 εἶπεν
2752 1764 2929 1835 αὐτῷ·
2954 1764 3093 1818 Τάδε
3122 1764 3270 1834 λέγει
3309 1764 3516 1836 Κύριος
3545 1765 3575 1817 δ
3603 1762 3739 1826 Θεὸς
3772 1762 3872 1815 Ἰσ-

631 1845 793 1902 lsrael
814 1846 1033 1904 :Audivi
1060 1864 1179 1919 qua
1212 1860 1464 1922 precatus
1484 1866 1547 1908 es
1582 1867 1668 1908 me
1698 1866 1862 1922 super
1888 1851 2192 1909 Seunacbe-

2316 1854 2437 1927 ιαήλ
2457 1870 2472 1884 ⁸
2506 1856 2750 1910 Ἤκουσα
2785 1855 2821 1910 ἀ
2858 1856 3149 1930 προσηύξω
3183 1857 3317 1929 πρὸς
3351 1856 3418 1927 με
3451 1856 3576 1928 περὶ
3606 1856 3876 1924 Σενναχη-

631 1940 735 1995 rim
761 1955 889 2009 rege
923 1941 1290 2013 Assyriorum.
1327 1942 1427 1999 llic
1461 1953 1547 1999 ast
1578 1957 1759 1998 sermo
1788 1958 1947 2015 quem
1993 1945 2202 2001 locutus

630 2043 719 2089 est
745 2034 810 2088 de
838 2033 927 2087 illo
955 2032 1096 2089 Deus
1120 2032 1486 2107 :Contenmsit
1515 2046 1602 2101 te,
1642 2045 1699 2092 et
1737 2037 2087 2094 subsannavit
2127 2048 2201 2105 te,

633 2126 786 2193 virgo
816 2124 920 2179 illis
958 2126 1110 2181 Sion.
1137 2145 1156 2179 ι
1178 2127 1290 2197 Ego
1318 2139 1447 2183 vero
1475 2128 1599 2185 dico
1633 2128 1728 2184 tibi
1765 2130 2201 2205 netemetipsum

633 2218 889 2286 deeipias,
926 2233 1030 2272 non
1066 2219 1207 2273 enim
1229 2219 1431 2274 virtute
1449 2228 1539 2273 tua
1572 2218 1672 2274 hos
1698 2233 1888 2275 omnes
1916 2222 2204 2289 superasti.

634 2306 747 2378 Ego
786 2317 969 2362 autem
1018 2324 1166 2364 eram
1197 2310 1288 2380 qui
1330 2309 1448 2366 haec
1486 2319 1678 2366 contra
1719 2325 1816 2367 eos
1854 2311 2205 2377 deﬁnieram,

633 2397 847 2454 etiamsi
887 2408 941 2454 tu
1000 2401 1053 2455 id
1102 2402 1324 2457 minime
1368 2416 1710 2472 agnosceres,
1739 2412 1903 2473 atque
1942 2404 2010 2457 ab
2054 2404 2210 2459 initio

636 2491 921 2547 consilium
956 2507 1134 2546 meum
1165 2508 1269 2546 non
1318 2492 1558 2548 audires.
1592 2491 1801 2550 Etenim
1833 2492 1945 2559 jam
1976 2494 2101 2549 inde
2142 2495 2209 2548 ab

637 2582 875 2652 antiquis
898 2583 1227 2652 temporibus
1247 2584 1359 2640 haec
1382 2594 1569 2639 contra
1596 2585 1923 2655 irreligiosas
1943 2595 1997 2640 et
2022 2586 2212 2655 impias

640 2683 827 2744 gentes
868 2690 966 2745 per
997 2684 1049 2729 te
1094 2674 1227 2729 emci
1270 2675 1632 2731 decreveram.
1660 2675 1815 2730 Nunc
1858 2685 2037 2730 autem
2081 2676 2213 2746 ipsis

641 2765 896 2831 operibus
928 2766 1210 2822 consilium
1238 2768 1423 2837 aperui
1465 2783 1665 2831 meum,
1689 2782 1812 2823 cum
1844 2776 1898 2823 te
1926 2768 1991 2822 ad
2024 2783 2210 2823 eorum

641 2856 733 2927 qui
778 2856 1038 2927 supplicio
1088 2858 1233 2929 digiti
1302 2868 1430 2913 sunt
1468 2858 1761 2929 perniciem
1804 2858 2084 2924 excitavi,
2127 2867 2210 2912 at-

640 2962 748 3020 que
778 2958 829 3003 te
859 2951 1010 3018 quasi
1044 2950 1197 3020 signo
1224 2964 1353 3004 usus
1390 2965 1509 3004 sum
1540 2950 1605 3003 ad
1629 2948 1917 3004 vastandas
1942 2960 2132 3020 gentes
2159 2956 2215 3003 et

641 3040 709 3094 ad
736 3039 1008 3109 pellendos
1045 3056 1140 3096 eos
1179 3041 1272 3111 qui
1301 3042 1537 3095 munitas
1570 3042 1730 3096 urbes
1760 3039 2002 3095 incolunt
2036 3057 2049 3093 :
2081 3056 2218 3111 quas

641 3132 859 3200 quidem
889 3134 1052 3187 urbes
1082 3134 1231 3201 prius
1257 3132 1623 3187 custodiebam
1650 3141 1706 3187 et
1731 3130 2049 3196 servabam;
2078 3140 2219 3201 post-

2306 1945 2435 2016 ρεὶμ
2465 1944 2728 2015 βασιλέως
2766 1948 3083 2020 ’Δσσυρίων.
3118 1944 3286 2013 Οὗτος
3310 1950 3340 2002 ὁ
3372 1948 3530 2018 λόγος
3559 1947 3618 2000 ὃν
3649 1945 3875 2015 ὲλάλησε

2305 2038 2435 2109 περὶ
2457 2037 2623 2091 αὐτοῦ
2644 2041 2674 2093 ὸ
2693 2038 2849 2103 Θεδςσ
2889 2038 3177 2110 Ἔφαύλισέ
3209 2056 3269 2092 σε
3305 2039 3399 2093 καὶ
3424 2039 3757 2109 έμυκτήρισέ
3793 2054 3874 2105 σε,

2307 2127 2573 2199 παρθένος
2591 2129 2837 2201 θυγάτηρ
2863 2131 3021 2185 Σιών.
3056 2150 3075 2183 ι
3106 2130 3245 2201 Ἐγὼ
3275 2130 3333 2184 δέ
3362 2131 3443 2184 σοί
3477 2148 3618 2201 φημι
3645 2130 3719 2202 μὴ
3750 2147 3879 2184 σαυ-

2307 2219 2399 2273 τὸν
2446 2220 2697 2293 ἀπατᾷν,
2752 2222 2815 2275 οὒ
2867 2223 2978 2294 γάρ
3021 2224 3089 2295 τῇ
3137 2220 3334 2276 σαυτοῦ
3389 2221 3615 2292 δυνάμει
3674 2220 3879 2277 τούτων

2308 2311 2558 2366 ἀπάντων
2590 2314 2963 2385 περιγέγονας.
3005 2312 3147 2382 Ἐγὼ
3187 2312 3246 2367 δὲ
3280 2313 3427 2383 ἢμην
3463 2310 3600 2364 αὐτά
3631 2311 3751 2365 κατ’
3782 2309 3880 2366 αθ-

2307 2403 2418 2459 τῶν
2443 2404 2652 2475 ὁρίσας,
2683 2407 2732 2459 εί
2765 2407 2859 2459 καὶ
2892 2406 2957 2458 σὺ
2988 2405 3064 2477 μὴ
3083 2405 3347 2474 ἐπέγνως,
3376 2402 3527 2474 ἢκαὶ
3560 2402 3693 2473 μηδὲ
3716 2403 3880 2473 ἠκου-

2312 2510 2410 2558 σας
2440 2495 2539 2568 τὴν
2561 2495 2700 2567 ιμὴν
2724 2495 2784 2563 ιε
2812 2496 2986 2569 ἀρχῆς
3013 2495 3227 2567 βουλήν.
3259 2494 3443 2549 Ταῦτα
3461 2493 3569 2565 γάρ
3600 2494 3764 2556 αὐτὸς
3787 2494 3879 2548 κέ-

2312 2604 2481 2658 κρικα
2512 2588 2653 2643 κατά
2681 2588 2791 2641 τῶν
2821 2586 2997 2641 ἀθέων
3036 2587 3131 2640 καὶ
3156 2586 3366 2641 ἀσεϐῶν
3390 2586 3557 2640 ἐθνῶν
3593 2586 3760 2641 πάλαι
3788 2586 3880 2639 καὶ

2314 2679 2373 2745 ἐξ
2394 2679 2616 2752 ἡμερῶν
2644 2679 2887 2751 ἀρχαίων
2935 2678 3024 2733 διά
3059 2676 3157 2732 σοῦ
3190 2679 3520 2752 πραχθῆναι.
3569 2680 3685 2734 Νῦν
3722 2678 3781 2732 δὲ
3813 2678 3878 2732 δι’

2315 2768 2492 2841 ἔργων
2541 2770 2639 2841 τὴν
2679 2772 2819 2843 ἐμὴν
2873 2769 3123 2835 ἐπέδειξα
3166 2770 3379 2843 βουλὴν,
3422 2772 3642 2844 ἐγείρας
3693 2787 3753 2825 σε
3794 2769 3878 2823 ἐπ’

2315 2859 2519 2931 ὀλέθρῳ
2547 2860 2655 2914 τῶν
2681 2859 2951 2934 τιμωρίας
2981 2859 3168 2924 ἀξίων,
3198 2860 3292 2915 καί
3322 2878 3406 2915 σοι
3430 2865 3777 2937 χρησάμενος
3797 2878 3887 2933 ση-

2320 2952 2458 3021 μείῳ
2486 2951 2582 3005 τοῦ
2605 2950 2949 3024 ἑξερημῶσαι
2974 2951 3121 3021 ἔθνη.
3150 2952 3487 3017 ἀναστάτους
3508 2956 3728 3025 ποιῆσαι
3759 2955 3883 3017 τοὺς

2316 3038 2598 3103 οἰκοῦντας
2632 3042 2691 3093 ιν
2722 3038 2940 3093 πόλεσιν
2962 3038 3214 3110 δχυραίς“
3249 3040 3315 3104 ἃς
3340 3042 3601 3113 πρότερον
3632 3042 3733 3113 μὲν
3757 3042 3884 3110 ἰφύ-

2318 3129 2510 3183 λαττον
2528 3130 2805 3196 διασώζων
2822 3133 2932 3202 ἐγώ
2949 3149 2963 3164 ο
2999 3134 3119 3188 ἐπεὶ
3142 3133 3198 3187 δὲ
3226 3133 3457 3203 ἠσέϐουν
3491 3132 3565 3204 μὴ
3594 3134 3884 3205 γνωρίζον-

644 3238 807 3291 quam
835 3233 1015 3277 autem
1047 3224 1119 3277 illi
1150 3232 1482 3279 servatorem
1511 3238 1615 3278 non
1642 3233 2001 3293 agnoscentes
2036 3238 2212 3286 suum,

2316 3238 2407 3286 τες
2452 3221 2542 3275 τὸν
2564 3222 2770 3275 έαυτῶν
2816 3198 3053 3297 σωτῆρα,
3093 3198 3269 3297 ἀνῆκα
3297 3224 3395 3290 τὰς
3426 3198 3663 3297 ἐμαυτοῦ
3696 3198 3885 3296 γεῖρας

648 3312 911 3383 impietati
945 3330 1005 3369 se
1033 3314 1393 3379 dediderant,
1426 3328 1617 3368 manus
1664 3313 1847 3367 remisi
1883 3327 2061 3378 ιιιοειε.
2094 3325 2218 3368 eos-

647 3419 751 3469 que
773 3405 865 3459 tibi
898 3405 965 3458 ad
996 3406 1314 3473 supplicium
1352 3405 1568 3459 tradidi.
1603 3403 1682 3458 Illi
1706 3418 1836 3459 vero
1880 3403 2218 3474 inspectione

648 3511 768 3550 mea
790 3497 985 3561 orbati,
1022 3498 1205 3551 statim
1248 3497 1448 3551 deserti
1478 3506 1623 3553 sunt.
1658 3496 1839 3564 Quare
1863 3497 2039 3552 subdit
2066 3515 2083 3553 :

718 3586 879 3641 Vsus.
905 3588 1095 3644 25-25.
1132 3607 1150 3641 ι
1183 3587 1237 3642 lu
1274 3598 1325 3644 te
1360 3598 1521 3657 caput
1554 3590 1737 3654 movit,
1762 3588 1867 3644 lilia
1897 3588 2214 3645 Jerusalem.

648 3676 746 3735 Cui
800 3682 1160 3750 exprobrasti,
1200 3693 1257 3735 et
1300 3696 1457 3751 quem
1497 3679 1777 3736 irritasti?
1812 3692 1905 3737 aut
1957 3683 2219 3737 adversus

650 3785 811 3841 quem
840 3771 1102 3827 sustulisti
1149 3786 1330 3827 vocem
1368 3780 1510 3825 tuam
1539 3771 1565 3825 ἲ
1596 3781 1653 3826 et
1695 3785 1799 3825 non
1832 3770 2016 3825 levasti
2053 3771 2107 3827 in
2143 3771 2221 3825 al-

652 3872 765 3917 tum
810 3863 996 3919 oculos
1038 3874 1158 3919 tuos
1200 3865 1265 3917 ad
1311 3872 1559 3919 sanctum
1607 3862 1792 3927 Israel,
1827 3866 2083 3932 quoniam
2126 3880 2222 3933 per

654 3953 876 4008 nuntios
913 3954 1249 4024 exprobrain
1294 3954 1542 4009 Domino.
1591 3945 1673 4009 Tu
1723 3954 1868 4009 enim
1912 3954 2219 4010 dixistidu

654 4043 997 4101 multitudine
1025 4060 1281 4101 curruum
1306 4060 1408 4115 ego
1441 4047 1655 4102 ascemli
1698 4047 1751 4101 in
1786 4048 2042 4102 verticem
2071 4063 2224 4102 mon-

656 4136 814 4199 tium,
845 4145 901 4190 et
931 4137 982 4189 iu
1031 4137 1216 4191 ultima
1256 4135 1465 4199 Libani,
1492 4146 1547 4191 et
1588 4137 1789 4193 succidi
1830 4136 2041 4205 fastigia
2075 4138 2223 4193 cedri

653 4226 792 4293 eius.
823 4234 879 4282 et
918 4226 1367 4297 pulchritudinem
1408 4230 1668 4299 cypressi,
1720 4239 1777 4283 et
1807 4228 2079 4299 ingressus
2104 4246 2222 4284 sum

659 4318 713 4373 in
739 4319 1077 4375 altitudinem
1120 4320 1292 4387 partis
1319 4317 1513 4376 saltus.
1556 4338 1576 4371 ι
1606 4319 1701 4374 llis
1730 4333 1892 4387 porro
1916 4320 2225 4375 subindicat

657 4412 903 4468 sublimia
948 4411 1038 4467 illa
1071 4420 1127 4467 et
1173 4410 1464 4480 conspicua
1496 4410 1551 4465 in
1597 4409 1819 4479 reliquis
1853 4411 2101 4479 gentibus
2134 4425 2223 4466 re-

2319 3332 2402 3368 σοι
2436 3315 2763 3387 παραδιδοὺς
2787 3316 2880 3369 ἐπὶ
2913 3317 3179 3389 τιμωρίᾳ·
3207 3319 3256 3371 οἱ
3285 3316 3341 3370 δὲ
3370 3318 3717 3388 παραχρῆμα
3753 3317 3884 3388 ἔρη-

2321 3427 2410 3479 μοι
2460 3409 2704 3478 ὲγένοντο
2742 3412 2843 3481 τῆς
2889 3410 3027 3482 ἐμῆς
3062 3410 3415 3482 στερηθέντες
3450 3411 3771 3481 ἐπισκοπῆς.
3796 3410 3889 3464 Διὺ

2320 3499 2582 3567 ἐπιλέγειν

2393 3611 2411 3643 ι
2452 3593 2574 3646 Ἐπὶ
2603 3592 2684 3645 σοὶ
2711 3594 2949 3666 κεφαλὴν
2982 3592 3217 3663 ἐκίνησε,
3240 3593 3486 3665 θυγάτηρ
3515 3593 3886 3666 Ἰερουσαλήμ.

2320 3684 2451 3737 Τίνα
2474 3684 2755 3749 ὠνείδισας
2788 3686 2881 3739 καὶ
2907 3685 3262 3754 παρώξυναςς
3286 3687 3319 3757 ἢ
3353 3687 3488 3759 πρὸς
3514 3688 3636 3741 τίνα
3668 3685 3891 3757 Manna;

2320 3770 2418 3840 τὴν
2455 3771 2640 3842 φωνήν
2668 3788 2796 3837 σου;
2838 3774 2933 3826 καὶ
2973 3773 3071 3825 οὐκ
3101 3767 3241 3844 ἦρας
3269 3776 3347 3837 εἰς
3376 3774 3506 3845 ὕψος
3534 3775 3661 3839 τοὺς
3691 3774 3892 3844 ὀφθαλ-

2325 3859 2456 3929 μούς
2477 3877 2571 3914 σου
2599 3861 2734 3933 πρὸς
2758 3863 2849 3915 τὸν
2880 3863 3033 3930 ἆγιον
3052 3862 3145 3916 τοῦ
3194 3865 3427 3936 Ἰσραὴλ,
3455 3866 3537 3919 ὅτι
3560 3866 3626 3919 δι’
3646 3866 3890 3936 ἀγγέλων

2322 3949 2602 4014 ὠνείδισας
2664 3951 2886 4023 Κύριον.
2942 3953 3015 4005 Σὺ
3069 3952 3178 4023 γὰρ
3221 3948 3409 4016 εἶπαςο
3443 3954 3535 4025 Τῷ
3559 3954 3752 4027 πλήθει
3783 3954 3893 4008 τῶν

2324 4038 2584 4108 ἁρμάτων
2614 4040 2726 4109 ἐγὼ
2754 4041 2949 4111 ἀνέϐην
3008 4044 3087 4105 εἰς
3148 4041 3279 4113 ὕψος
3320 4045 3525 4117 ὁρέων,
3571 4046 3664 4099 καὶ
3703 4048 3783 4109 είς
3823 4047 3891 4100 τὰ

2324 4128 2527 4200 ἔσχατα
2570 4131 2662 4184 τοῦ
2702 4134 2954 4196 Λιϐάνου,
2990 4137 3083 4189 καὶ
3120 4136 3291 4207 ἔκοψα
3335 4137 3395 4191 τὺ
3416 4137 3547 4207 ὕψος
3575 4141 3673 4209 τῆς
3700 4139 3891 4209 κέδρου

2324 4222 2512 4287 αὐτοῦ,
2546 4224 2641 4278 καὶ
2672 4225 2733 4278 τὸ
2764 4226 2955 4292 κάλλος
2995 4229 3093 4298 τῆς
3116 4230 3479 4301 κυπαρίσσου,
3514 4231 3607 4283 καὶ
3642 4231 3892 4301 εἰσῆλθον

2325 4314 2404 4376 εἰς
2428 4312 2561 4383 ὕψος
2585 4313 2783 4385 μέρους
2807 4317 2902 4370 τοῦ
2930 4317 3156 4388 δρυμοῦ.
3204 4339 3221 4370 ι
3264 4319 3539 4391 ᾘνίττετο
3574 4319 3661 4375 διὰ
3690 4321 3895 4376 τούτων

2326 4406 2423 4469 τὰς
2437 4406 2496 4461 έν
2518 4410 2633 4471 τοῖς
2660 4407 2861 4472 λοιποῖς
2889 4408 3097 4474 ἐθνεσιν
3119 4411 3501 4481 ὲπηρτημένας
3522 4412 3616 4464 καὶ
3641 4411 3897 4483 εὐθηνου-

659 4520 783 4575 gna.
813 4504 999 4576 lngua
1024 4509 1225 4575 quippe
1253 4502 1344 4557 illa
1378 4500 1571 4557 Libani
1619 4500 1907 4556 multitudo
1934 4502 1985 4555 in
2019 4500 2214 4555 altissi-

2330 4497 2496 4567 μένας
2535 4498 2827 4569 βασιλείας.
2862 4500 2936 4553 Τὸ
2973 4500 3081 4573 γὰρ
3115 4501 3248 4555 πολὺ
3284 4500 3484 4573 πλῆθος
3528 4500 3623 4554 τοῦ
3664 4503 3896 4557 Λιϐάνου

662 4599 764 4654 luis
791 4599 966 4654 cedria
978 4608 1031 4653 et
1046 4595 1333 4667 cupressis,
1354 4595 1489 4658 sive,
1510 4593 1800 4649 secundum
1824 4590 2226 4662 Symmachum.

666 4710 685 4743 ι
716 4692 996 4761 juniperis,
1028 4708 1047 4744 ι
1069 4689 1202 4755 sive,
1234 4686 1527 4742 secundum
1555 4682 1829 4755 Aquilam,
1864 4700 1883 4733 ι
1906 4680 2221 4743 abietibus,»

662 4786 726 4838 ad
752 4785 1033 4855 imaginem
1055 4793 1111 4837 et
1137 4782 1357 4853 ﬁguram
1385 4779 1622 4852 gentium
1645 4787 1773 4832 tunc
1792 4788 2046 4847 prospere
2065 4789 2226 4845 agen-

666 4880 796 4932 tium
831 4876 1130 4943 usurpavit.

736 4967 895 5020 Vens.
922 4965 1114 5020 26-29.
1138 4982 1157 5015 ι
1180 4964 1240 5019 Et
1273 4962 1427 5032 posui
1459 4970 1697 5033 pontem,
1727 4967 1785 5012 et
1803 4958 2007 5012 vastari
2037 4972 2225 5025 aquas,

663 5070 719 5113 et
746 5073 957 5113 uutuem
980 5056 1449 5126 congregationem
1492 5056 1660 5121 aqua.
1697 5050 1885 5107 Nonne
1910 5066 1973 5104 ea
2008 5049 2226 5104 audiisti

664 5151 812 5212 olim,
840 5164 961 5218 quae
982 5164 1080 5218 ego
1116 5146 1215 5202 feci
1248 5148 1376 5201 lAb
1414 5145 1652 5216 antiquis
1691 5144 1881 5199 diebus
1924 5143 2176 5199 constitui
2211 5160 2226 5209 ;

669 5257 812 5297 nunc
839 5249 1016 5299 autem
1042 5239 1253 5294 ostendi
1296 5254 1384 5293 me
1413 5249 1629 5294 vastare
1675 5247 1863 5309 gentes
1896 5238 1951 5291 in
1980 5235 2229 5299 fortibus,

667 5342 859 5398 eteos,
887 5332 979 5404 qui
1018 5332 1259 5387 habitant
1306 5332 1359 5385 in
1396 5331 1702 5387 civitatibus
1742 5330 1984 5385 munitis.
2029 5328 2231 5383 Retuisl

674 5440 881 5491 manus,
931 5436 987 5480 et
1016 5434 1368 5487 exaruerunt.
1401 5434 1455 5478 et
1490 5422 1708 5478 fuerunt
1752 5431 2007 5493 tanquam
2051 5422 2230 5476 fenum

675 5520 877 5572 aridum
907 5518 960 5573 in
1010 5515 1166 5573 tectis
1207 5525 1261 5569 et
1309 5526 1559 5586 tanquam
1598 5530 1835 5585 gramen.
1870 5514 2021 5569 Nunc
2052 5522 2230 5568 autem

681 5608 913 5676 requiem
956 5617 1126 5670 tuam,
1164 5615 1218 5659 et
1246 5608 1449 5660 exitum
1475 5616 1645 5670 tuum,
1670 5615 1726 5660 et
1758 5607 2055 5675 ingressum
2081 5614 2230 5658 tuum

676 5715 777 5766 ego
804 5700 948 5757 novi.
986 5698 1068 5752 Ira
1098 5707 1275 5752 autem
1309 5708 1421 5759 tua,
1448 5714 1554 5767 qua
1602 5698 1771 5752 iratus
1806 5711 1887 5764 es,
1925 5706 1981 5752 ct
2025 5697 2228 5751 amari-

680 5790 807 5845 tudo
842 5800 930 5845 tua
968 5788 1212 5844 ascendit
1246 5787 1312 5843 ad
1363 5803 1464 5843 me.
1497 5788 1561 5845 Et
1597 5786 1832 5857 injiciam
1875 5785 2133 5845 circulum
2176 5786 2226 5841 in

2330 4592 2388 4645 έν
2416 4591 2772 4663 ὑψηλοτάταις
2798 4593 3008 4664 κέδροις
3035 4593 3126 4647 καὶ
3154 4595 3531 4665 κυπαρίσσοις,
3563 4593 3597 4664 ἢ
3625 4594 3718 4647 καὶ
3753 4615 3772 4645 ι
3802 4596 3900 4665 ἀρ-

2330 4686 2561 4750 κεύθοις,
2604 4705 2623 4738 ι
2660 4686 2798 4740 κατὰ
2826 4685 2917 4738 τδν
2945 4685 3260 4756 Σύμμαχον,
3293 4688 3325 4757 ἢ
3364 4707 3381 4738 ι
3422 4686 3660 4749 ἐλάταις,
3703 4706 3722 4738 ι
3758 4688 3900 4740 κατά

2328 4778 2419 4831 τὸν
2468 4778 2715 4840 Ἀκύλαν,
2754 4779 2832 4840 εἰς
2872 4778 3051 4831 εἰκόνα
3089 4778 3405 4850 περιείληφε
3449 4778 3559 4833 τῶν
3589 4778 3711 4832 τότε
3738 4779 3899 4849 εὐθη-

2330 4886 2421 4923 νου
2427 4871 2605 4941 μένων
2639 4870 2827 4924 ἐθνῶν.

2404 4978 2423 5011 ι
2464 4959 2573 5013 Καὶ
2617 4959 2786 5031 ἔθηκα
2832 4958 3095 5032 γέφυραν,
3141 4962 3234 5014 καὶ
3265 4962 3536 5033 ἡρήμωσα
3579 4947 3771 5023 ῦδατα,
3805 4963 3898 5016 καὶ

2330 5054 2509 5105 πᾶσαν
2533 5052 2853 5119 συναγωγὴν
2874 5045 3079 5115 ὕδατος.
3107 5052 3181 5104 Οὐ
3204 5051 3377 5106 ταῦτα
3402 5053 3640 5124 ἧκουσας
3671 5054 3839 5108 πάλαι
3861 5054 3897 5108 ἃ

2330 5143 2440 5211 ἐγὼ
2467 5144 2731 5213 ἐποίησας
2781 5143 2868 5209 Ἐξ
2908 5144 3129 5217 ἡμερῶν
3160 5145 3402 5216 ἀρχαίων
3455 5145 3754 5212 συνέταξα·
3802 5144 3899 5199 νῦν

2332 5235 2385 5287 δὲ
2416 5234 2661 5299 ἐπέδειξα
2692 5235 3036 5306 ἑξερημῶσαι
3062 5234 3191 5305 ἔθνη
3225 5237 3282 5288 έν
3314 5237 3672 5307 ὀχυροῖς,λκαὶ
3695 5236 3901 5291 οἰκοῦν-

2335 5343 2433 5391 τας
2465 5330 2523 5382 ὲν
2552 5328 2767 5381 πόλεσιν
2797 5328 3039 5400 ὀχυραῖς.
3087 5328 3292 5397 ’Λνῆκα
3328 5327 3429 5391 τὰς
3461 5330 3666 5400 χεῖρας,
3692 5330 3786 5381 καὶ
3811 5328 3899 5395 ἱξ-

2338 5419 2666 5491 ηρέινθησαν,
2702 5419 2796 5472 καὶ
2828 5420 3077 5487 ἐγένοντο
3097 5421 3172 5484 ὠς
3195 5420 3389 5492 χόρτος
3416 5418 3577 5491 ξηρὸς
3599 5421 3692 5473 ἰπὶ
3717 5418 3902 5491 δωμά-

2335 5530 2461 5576 των,
2487 5513 2579 5567 xui.
2597 5513 2672 5576 ὡς
2688 5514 2981 5583 ἄγρωστις.
3000 5513 3115 5566 Νῦν
3132 5511 3189 5565 δὲ
3218 5513 3316 5584 τὴν
3349 5512 3653 5565 ἀνάπαυσίν
3685 5528 3780 5563 σου
3808 5515 3905 5566 καί

2335 5607 2432 5675 τὴν
2463 5606 2637 5670 ἔξοδόν
2668 5622 2760 5657 σου
2808 5606 2902 5658 καὶ
2933 5604 3030 5675 τὴν
3067 5604 3269 5659 εἴσοδόν
3303 5620 3399 5657 σου
3443 5603 3554 5671 ἐγὼ
3580 5602 3897 5671 ἐπίσταμαι.

2346 5699 2405 5749 ὐ
2429 5699 2486 5751 δὲ
2510 5697 2676 5767 θυμός
2702 5713 2819 5755 σου,
2846 5696 2904 5749 ὃν
2937 5694 3243 5767 ὲθυμὼθης,
3290 5695 3436 5765 καὶὴ
3461 5694 3655 5764 πικρία
3684 5709 3780 5747 σου
3807 5695 3900 5749 ἀν-

2335 5789 2429 5859 ἐῧη
2466 5790 2595 5861 πρὸς
2632 5789 2719 5859 μὲ.
2749 5787 2857 5843 Καὶ
2889 5786 3107 5858 ἐμϐαλῶ
3138 5787 3301 5857 φιμὸν
3346 5788 3425 5850 εἰς
3471 5785 3570 5855 τὴν
3611 5785 3735 5855 divi
3784 5800 3899 5851 σου,
