4100 6418
564 424 729 481 .355

1124 522 1675 593 CAPUT‘XXXVHL

699 628 855 680 Vens.
894 625 1023 678 1-3..
1042 642 1057 672 ι
1084 620 1317 687 Contigit
1344 628 1519 669 autem
1553 630 1617 667 eo
1645 624 1903 679 tempore,
1929 619 1985 660 ut
2008 622 2181 675 aegro-

628 729 765 771 taret
795 715 1052 769 Ezechias
1079 726 1245 777 usque
1286 708 1352 759 ad
1379 716 1604 758 mortem
1631 721 1643 766 ;
1676 715 1731 755 et
1773 701 1925 754 venit
1968 700 2033 751 ad
2058 713 2178 750 eum

627 810 795 864 Isaias
820 808 962 860 (ilius
995 808 1154 857 Amos
1188 799 1468 867 propheta,
1504 806 1558 849 et
1594 795 1731 847 dixit
1755 792 1803 846 ei
1836 806 1853 845 :
1889 790 2011 844 Haec
2050 790 2181 842 dicit

628 901 881 953 Dominus
909 915 921 949 τ
954 896 1181 961 Dispone
1211 890 1389 943 domui
1416 898 1515 940 tua:
1539 904 1551 939 :
1576 885 1821 939 morieris
1841 884 1984 935 enim
2018 891 2097 943 tu,
2128 892 2182 934 et

625 1006 725 1040 nun
760 988 927 1039 vives.
984 983 1049 1036 Et
1088 980 1357 1035 convertit
1401 978 1664 1045 Ezechias
1713 974 1903 1027 faciem
1938 988 2087 1025 suam
2114 972 2180 1025 ad

622 1082 901 1143 parietem,
933 1082 985 1129 et
1007 1073 1181 1127 oravit
1209 1071 1491 1124 Dominum
1515 1069 1733 1121 dicens:
1765 1064 2050 1126 Memento,
2080 1063 2182 1117 Do-

624 1172 787 1230 mine,
816 1164 1081 1234 quomodo
1111 1160 1494 1215 ambulaverim
1545 1173 1725 1211 coram
1757 1167 1808 1209 te
1844 1156 1897 1209 in
1925 1155 2178 1215 veritate,

624 1262 673 1311 in
708 1260 867 1312 corde
912 1256 1145 1317 sincero,
1179 1262 1231 1307 et
1281 1252 1475 1319 placita
1518 1250 1569 1303 in
1593 1257 1882 1315 conspectu
1904 1254 2008 1299 'tuo
2040 1244 2181 1297 fece-

625 1353 743 1402 rim.
791 1349 852 1401 Et
891 1349 1035 1399 llevit
1085 1344 1342 1398 Ezechias
1386 1341 1512 1395 ﬂetu
1561 1354 1774 1408 magno.
1817 1360 1835 1389 ι
1892 1338 1992 1404 Qui
2046 1336 2181 1389 dixit

626 1442 783 1501 Dens,
815 1456 833 1487 ι
866 1436 976 1505 Ego
1005 1436 1267 1494 occidam,
1288 1443 1341 1486 et
1380 1447 1480 1501 ego
1510 1432 1687 1484 vivere
1722 1428 1957 1494 faciam;
1989 1444 2177 1497 percu-

623 1535 749 1585 tiam
804 1539 857 1583 et
901 1544 1001 1597 ego
1050 1525 1343 1587 satiabo";
1389 1544 1406 1575 ι
1456 1518 1575 1576 cum
1612 1538 1703 1590 per
1734 1537 1895 1573 unum
1933 1521 2176 1588 angelum

625 1626 804 1676 hostes
844 1621 987 1688 justo
1015 1617 1215 1685 judicio
1250 1615 1621 1684 percussisset,
1653 1613 1955 1677 religiosum
2003 1624 2177 1679 regem

626 1719 691 1766 ad
724 1712 1137 1766 incolumitatem
1180 1716 1233 1761 et
1265 1709 1425 1759 vitam
1476 1715 1710 1762 revocat.
1753 1720 1812 1756 ac
1842 1718 1935 1769 per
1969 1716 2028 1753 se
2055 1716 2176 1752 eum

622 1814 853 1855 amorte
882 1801 1057 1869 eripit.
1113 1799 1339 1853 Pulchre
1394 1798 1554 1865 igitur
1610 1797 1791 1849 isthmc
1849 1803 2065 1846 enarrat
2093 1792 2177 1843 di-

620 1910 747 1948 rens
781 1912 792 1947 :
824 1911 842 1942 ι
884 1892 958 1945 Eo
1006 1902 1247 1957 tempore
1298 1889 1577 1957 :egrotavit
1628 1886 1881 1944 Ezechias
1913 1898 2081 1951 usque
2113 1884 2178 1935 ad

621 1994 843 2039 mortem
878 2000 891 2033 :
926 2002 943 2033 ι
976 1983 1053 2035 vel
1091 1992 1148 2034 ut
1173 1981 1367 2049 Aquila
1403 1980 1581 2039 habet,
1614 1996 1629 2027 ι
1663 1978 1726 2028 ad
1760 1977 2129 2037 moriendum;
2156 1993 2173 2023 ι

619 2088 709 2130 aut
744 2086 800 2128 ut
845 2076 1029 2143 reliqui
1079 2075 1417 2139 interpretes,
1454 2090 1470 2118 ι
1511 2070 1576 2122 ad
1615 2078 1859 2121 mortem.
1898 2086 1916 2117 ι
1958 2064 2087 2118 Nam
2116 2080 2179 2117 eo

622 2180 879 2237 tempore,
916 2166 1149 2235 quojam
1182 2164 1447 2217 recensita
1479 2161 1715 2229 perpessi
1772 2166 1898 2211 sunt
1948 2156 2176 2225 Assyrii,

619 2259 859 2312 Ezechiae
907 2257 1095 2310 mortis
1132 2264 1339 2323 tempus
1374 2252 1561 2305 adfuit.
1625 2251 1757 2303 Cum
1812 2264 1973 2316 porro
2020 2247 2181 2302 vellet

621 2349 761 2402 Deus
794 2363 966 2416 Ipsum
995 2347 1319 2399 incolumem
1356 2359 1590 2403 servare.
1611 2358 1713 2394 non
1750 2342 1800 2394 in
1842 2343 2071 2394 obscuro
2094 2354 2178 2393 re-

619 2441 793 2507 liquit,
826 2440 914 2507 qui
946 2439 1065 2490 linis
1092 2436 1423 2489 inﬁrmitatis
1458 2434 1573 2500 eius
1603 2434 1813 2486 futurus
1838 2440 2003 2485 esset.
2034 2432 2177 2495 Qua-

620 2542 840 2599 pmpter
895 2529 1252 2596 adipiscenda:
1294 2526 1481 2580 salutis
1532 2524 1871 2576 occasionem
1906 2521 2173 2586 prtebens,

621 2620 953 2673 infirmitatis
986 2622 1188 2671 exitum
1234 2619 1281 2670 ei
1335 2632 1433 2685 per
1479 2616 1795 2684 prophetam
1850 2613 2175 2669 declaravit;

618 2720 695 2777 ut,
728 2723 949 2779 accepto
972 2712 1044 2762 rei
1078 2710 1283 2771 nuntio,
1317 2717 1649 2777 precaretur,
1677 2707 2031 2773 precibusque
2056 2704 2177 2754 vita:

618 2818 730 2857 sua
762 2803 1181 2873 additameulum
1214 2802 1564 2868 impetraret,
1613 2797 1775 2850 etiam
1818 2806 1936 2865 post
1984 2796 2175 2849 deﬁni-

620 2906 731 2947 tum
762 2895 863 2948 sibi
900 2895 1086 2947 mortis
1114 2903 1321 2960 tempus
1351 2910 1365 2946 :
1405 2903 1459 2943 ut
1518 2891 1643 2943 hinc
1695 2888 2039 2947 edoceamur,
2072 2902 2175 2940 non

619 2985 1015 3061 necessitatem
1043 2985 1155 3037 fato
1184 2984 1302 3036 duci
1338 2984 1502 3035 vitam
1536 2983 1842 3040 humanam,
1874 2993 2044 3047 neque
2076 2980 2175 3030 im-

620 3076 877 3130 mutabile
903 3076 1092 3128 mortis
1120 3084 1329 3143 tempus
1361 3073 1669 3126 hominibus
1690 3072 2011 3124 destinatum
2036 3084 2177 3123 esse.

1287 409 1548 467 EUSEBH
1590 403 2063 461 CA‘SSARIENSlS
2102 402 2174 454 ΟΡ

2294 401 2470 453 PARS
2507 399 2597 453 ΙΙΙ.
2637 430 2700 438 ——-
2741 396 3146 451 EXEGETHIA.
3741 396 3841 448 356

2786 513 3171 565 ΚΕΦΑΛΑΙΗΝ
3215 513 3338 563 AH'.

2355 626 2371 656 t
2423 606 2666 673 Ἐγένετο
2704 606 2758 656 δὲ
2799 608 2855 656 ὲν
2898 603 2974 671 τῷ
3023 603 3199 671 καιρῴ
3257 602 3469 669 ἐκείνῳ,
3508 602 3842 671 εμαλακίσθη

2295 697 2536 758 Ἐζεκίας
2570 696 2672 756 ἕως
2698 694 2953 747 Θανάτου·
2986 693 3081 744 καὶ
3112 688 3241 760 ἦλθε
3272 693 3406 761 πρὸς
3431 692 3590 743 αὐτὸν
3625 693 3846 752 Ἠσαῖας

2283 788 2394 848 υίὸς
2432 784 2608 854 Ἀμὼς
2633 789 2661 837 ὁ
2683 787 2983 856 προφήτης,
3022 785 3111 835 καί
3142 780 3261 834 εἶπε
3311 784 3445 852 πρὸς
3470 783 3630 834 αὐτόν
3649 799 3663 813 ⁶
3710 784 3844 834 Τάδε

2280 880 2427 945 λέγει
2452 878 2653 947 Κύριος
2674 894 2688 906 ο
2741 878 2909 942 Τάξαι
2936 877 3063 945 περὶ
3100 875 3193 927 τοῦ
3247 876 3396 927 οἴκου
3454 893 3574 927 σου’
3608 875 3845 945 ἀποθνή-

2284 986 2430 1031 σκεις
2465 968 2569 1037 γὰρ
2600 969 2684 1029 σὺ,
2716 971 2805 1019 καὶ
2827 970 2885 1020 ού
2911 967 3065 1037 ζήσῃ.
3095 968 3203 1018 Καὶ
3234 966 3570 1035 ἀπέστρεψεν
3602 966 3845 1029 Ἑζεκίας

2281 1061 2340 1112 τὸ
2366 1060 2652 1130 πρόσωπον
2677 1060 2840 1111 αὐτοῦ
2877 1060 3010 1129 πρὸς
3038 1059 3129 1109 τὸν
3151 1061 3346 1126 τοῖχον,
3380 1060 3474 1110 καὶ
3500 1058 3846 1129 προσηύξατο

2282 1151 2416 1219 πρὸς
2437 1151 2656 1219 Κύριον,
2685 1148 2854 1217 λέγων
2876 1166 2887 1178 ο
2920 1148 3219 1218 Μνήσθητι,
3248 1149 3431 1218 Κύριε.
3454 1149 3528 1211 ὡς
3550 1148 3847 1219 ἐπορεύθην

2282 1242 2507 1293 ἐνώπιόν
2538 1258 2629 1291 σου
2678 1240 2813 1308 μετά
2840 1241 3093 1307 ἀληθείας
3136 1242 3193 1291 ὲν
3232 1240 3427 1309 καρδία
3476 1240 3723 1310 ἀληθινῇ,
3755 1242 3845 1292 καὶ

2280 1333 2347 1383 τὰ
2368 1333 2567 1403 ἀρεστὰ
2600 1332 2823 1383 ἐνώπιόν
2859 1349 2949 1383 σου
2977 1332 3221 1400 ἐποίησα.
3251 1332 3360 1383 Καὶ
3393 1330 3653 1382 ἔκλαυσεν
3696 1331 3844 1394 Ἐζε-

2281 1423 2403 1484 κίας
2433 1421 2689 1491 κλαυθμῴ
2710 1422 2944 1490 μεγάλῳ.
2975 1442 2990 1470 ι
3026 1422 3081 1473 '0
3104 1420 3268 1473 εἰπὼν
3290 1421 3447 1483 Θεός·
3484 1440 3501 1469 ι
3538 1419 3677 1488 Ἐγὼ
3706 1422 3843 1474 ἀπο-

2282 1511 2452 1564 κτενῶ
2481 1512 2572 1563 xui
2596 1511 2929 1581 ζωοποιήσω’
2956 1511 3196 1575 πατάξω,
3224 1510 3375 1577 κάγὼ
3409 1512 3650 1579 ἰάσομαι,
3672 1529 3690 1559 ι
3720 1513 3846 1573 τοὺς

2282 1601 2568 1669 πολεμίους
2620 1600 2859 1665 πατάξας
2894 1600 3065 1669 κρίσει
3109 1600 3289 1669 δικαία
3325 1601 3391 1651 δι’
3438 1600 3553 1662 ἐνὸς
3591 1601 3842 1668 ἀγγέλου,

2279 1692 2370 1742 τὸν
2424 1692 2641 1760 Θεοφιλῆ
2693 1691 2909 1760 βασιλέα
2957 1693 3097 1742 ἰᾶται
3148 1693 3239 1743 καὶ
3268 1692 3549 1756 ζωοποιεῖ,
3586 1692 3846 1762 ῥυόμενος

2283 1783 2439 1834 αὑτὸν
2478 1784 2540 1833 ὲκ
2573 1782 2798 1834 Θανάτου
2838 1782 2901 1833 δι’
2941 1782 3151 1833 ἑαυτοῦ.
3194 1782 3387 1845 Καλῶς
3418 1778 3511 1834 οὖν
3555 1783 3846 1853 ἀπεσημή-

2279 1890 2403 1925 νατο
2433 1875 2608 1943 φήσας
2632 1891 2643 1903 ·
2670 1894 2686 1923 ι
2712 1876 2797 1925 Ἐν
2817 1873 2891 1943 τῷ
2914 1873 3087 1942 καιρῴ
3113 1874 3302 1944 ἐκείνῳ
3324 1874 3657 1945 ὲμαλακίσθη
3696 1874 3813 1938 Ἐζε
3835 1905 3845 1913 -

2280 1966 2401 2027 κίας
2429 1966 2533 2028 ἓως
2560 1966 2788 2018 Θανάτου
2806 1983 2818 1993 ·
2862 1986 2879 2016 ι
2918 1966 2949 2034 ἦ
2975 1966 3112 2017 κατὰ
3136 1967 3225 2019 τὸν
3254 1968 3505 2030 Ἀκύλαν,
3541 1986 3558 2015 ι
3592 1967 3687 2019 τοῦ
3715 1969 3849 2021 ἀπο-

2280 2057 2478 2118 θανεῖν,
2519 2077 2536 2108 ι
2573 2057 2605 2124 ἦ
2640 2058 2779 2109 κατά
2808 2058 2931 2119 τοὺς
2968 2058 3204 2120 λοιποὺς,
3246 2076 3264 2107 ι
3296 2060 3375 2119 είς
3405 2058 3647 2110 Θάνατον.
3689 2078 3707 2107 ι
3759 2060 3845 2111 Ἐν

2279 2150 2387 2219 γὰρ
2421 2150 2613 2218 ἐκείνῳ
2661 2149 2739 2217 τῷ
2778 2150 2977 2219 καιρῷ,
3024 2150 3142 2201 καθ’
3169 2150 3227 2201 ὃν
3254 2150 3325 2202 τὰ
3355 2150 3714 2220 προλεχθέντα
3752 2167 3849 2201 πε-

2280 2242 2533 2293 πόνθασιν
2556 2243 2603 2292 οἱ
2646 2242 2936 2311 Ἀσσύριοι,
2965 2244 2991 2294 ὁ
3030 2242 3119 2294 τοῦ
3152 2242 3379 2295 Θανάτου
3413 2243 3602 2312 καιρὸς
3645 2244 3847 2310 ἐπέστη

2278 2333 2353 2401 τῷ
2390 2332 2625 2402 Ἐζεκία.
2657 2333 2982 2402 Βουλόμενος
3017 2334 3071 2386 δὲ
3096 2335 3264 2386 σῶσαι
3308 2334 3469 2386 αὑτὸν
3494 2336 3521 2385 ό
3555 2334 3704 2396 Θεὸς,
3747 2334 3846 2384 οὐκ

2278 2427 2333 2475 ὲν
2356 2424 2532 2493 ἀδήλῳ
2552 2423 2806 2475 κατέλιπε
2829 2424 2889 2475 τὸ
2914 2424 3103 2492 μέλλον
3134 2425 3229 2495 τὴν
3262 2426 3528 2494 μαλακίαν
3552 2424 3717 2477 αὑτοῦ
3740 2425 3849 2477 δια-

2276 2516 2525 2581 δέξασθαι
2551 2516 2716 2577 τέλος.
2750 2516 3167 2584 Διὸπροφάσεις
3208 2518 3354 2587 αὐτῷ
3405 2518 3671 2586 σωτηρίας
3706 2535 3846 2588 παρ-

2278 2610 2433 2677 έχων,
2457 2610 2515 2660 τὺ
2534 2608 2631 2677 τῆς
2648 2608 2956 2678 ἀρρωστίας
2981 2609 3130 2671 τέλος
3154 2610 3383 2679 φανερὸν
3412 2610 3557 2679 αὐτῷ
3590 2610 3842 2679 καθίστη,

2274 2700 2359 2751 διὰ
2394 2700 2486 2751 τοῦ
2524 2702 2823 2769 προφήτου,
2874 2701 2948 2763 ὼς
3005 2699 3070 2751 ἂν
3117 2700 3300 2770 μαθὼν
3352 2702 3715 2771 προσεύξοιτο,
3750 2705 3843 2756 καὶ

2278 2790 2712 2861 προσευξάμενος
2743 2792 2893 2861 τύχοι
2918 2791 3233 2861 προσθήκης
3267 2790 3429 2861 ζωῆς,
3460 2796 3552 2846 καὶ
3591 2796 3727 2863 μετά
3753 2794 3844 2847 τὸν

2276 2880 2575 2949 ὡρισμένον
2596 2883 2713 2932 κατ’
2741 2880 2904 2931 αὑτοῦ
2933 2880 3157 2932 Θάνατον
3176 2898 3187 2909 ·
3214 2881 3551 2946 διδάσκοντος
3582 2886 3728 2955 ἡμᾶς
3749 2884 3841 2937 τοῦ

2276 2971 2454 3037 λόγου,
2489 2971 2563 3032 ὡς
2592 2972 2690 3022 οὐκ
2717 2972 2925 3041 ἀνάγκη
2955 2988 3036 3034 τις
3076 2972 3107 3041 ἢ
3165 2972 3469 3042 εἱμαρμένη
3503 2976 3599 3042 τῆς
3634 2974 3844 3044 ἀνθρω-

2279 3060 2436 3129 πίνης
2476 3050 2641 3129 ζωῆς,
2694 3060 2812 3111 οὐδὲ
2853 3061 3269 3129 ἀπαράτρεπτος
3312 3060 3615 3130 ἀνθρώποις
3653 3063 3843 3135 καιρὸς

624 3168 764 3220 Deus
785 3167 949 3228 enim,
973 3166 1061 3233 qui
1090 3164 1267 3219 omnia
1288 3164 1611 3225 moderatur,
1646 3172 1701 3216 et
1734 3162 1857 3215 vita:
1880 3162 2174 3229 mortisque

2278 3149 2503 3218 ὥρισται
2551 3150 2798 3202 Θανάτου.
2849 3149 2979 3211 Θεὸς
3008 3149 3063 3201 δὲ
3096 3150 3275 3212 αὐτὸς,
3310 3151 3526 3219 κρατῶν
3564 3138 3839 3211 ἁπάντων,

621 3271 784 3310 causa
813 3268 927 3319 est,
957 3272 1059 3323 qua
1103 3255 1307 3307 ratione
1344 3255 1454 3323 ipse
1486 3255 1650 3316 novit,
1693 3252 1932 3322 singulos
1978 3252 2069 3319 qui
2109 3252 2175 3305 ad

622 3349 785 3399 vitam
814 3349 1096 3404 accedunt.
1132 3346 1230 3398 hoc
1260 3344 1339 3397 vel
1376 3345 1462 3396 illo
1495 3353 1734 3411 tempore
1776 3342 2047 3409 producit,
2077 3356 2173 3394 an—

621 3454 719 3491 nos
745 3440 866 3490 vitae
894 3452 989 3503 pro
1021 3436 1189 3487 lnbito
1214 3437 1470 3503 assignat,
1504 3444 1555 3487 et
1586 3432 1691 3487 alio
1714 3432 1829 3485 sive
1851 3431 1956 3483 alio
1984 3431 2176 3484 mortis

621 3541 817 3595 genere
848 3525 1003 3578 tollit.
1042 3522 1322 3591 Ipsiusque
1374 3533 1580 3575 tantum
1640 3521 1908 3574 facultatis
1958 3530 2061 3582 est,
2095 3519 2175 3571 vel

617 3632 732 3681 eos,
761 3618 849 3685 qui
887 3616 952 3667 ad
994 3616 1185 3681 ipsam,
1212 3622 1271 3666 ut
1300 3614 1372 3667 ita
1405 3614 1600 3676 dicam,
1638 3612 2057 3680 mortisjauuam
2085 3615 2175 3663 de—

620 3714 904 3765 venerunt,
940 3704 1003 3756 ad
1032 3702 1313 3755 sanitatem
1346 3716 1629 3766 revocare,
1697 3702 1766 3753 ita
1801 3711 1858 3753 ut
1878 3700 1988 3769 jam
2041 3699 2173 3752 Eze-

618 3794 798 3849 chiam
830 3808 892 3845 ex
929 3791 1143 3844 mortali
1170 3790 1485 3858 aegritudine
1518 3790 1738 3851 eruerit,
1779 3804 1839 3842 ac
1869 3788 2173 3856 quindecim

619 3898 887 3937 annorqu
942 3880 1301 3933 accessionem
1358 3880 1599 3931 attulerit
1637 3894 1649 3931 :
1682 3880 1771 3946 qui
1826 3880 1991 3932 etiam
2043 3879 2176 3932 alios

622 3984 744 4042 post
771 3984 995 4025 mortem
1045 3971 1361 4023 reviviscere
1392 3969 1537 4029 fecit.
1588 3979 1645 4020 ut
1691 3971 1871 4022 divina
1901 3969 2175 4037 Scriptura

624 4062 957 4117 testiﬁcatur.
978 4062 1108 4114 Hine
1130 4063 1312 4129 itaque
1331 4058 1423 4112 tati
1443 4059 1578 4111 ratio
1594 4068 1648 4111 et
1664 4060 1951 4113 necessitas
1966 4059 2177 4126 penitus

623 4154 1098 4222 solviturzquippe
1126 4168 1244 4204 cum
1281 4151 1419 4205 Deus
1456 4152 1845 4217 universorum,
1885 4151 2177 4205 necessita-

623 4256 729 4300 tem
758 4258 822 4296 ac
852 4241 1204 4295 substantiam
1239 4250 1292 4292 et
1320 4250 1563 4292 naturam
1599 4256 1808 4293 onmem
1846 4240 2175 4294 moderetur.

619 4333 718 4389 llis
747 4333 1056 4401 conspectis
1085 4332 1367 4393 Ezechias,
1396 4330 1485 4383 ubi
1516 4345 1739 4399 corpore
1774 4346 1936 4383 sanus
1968 4331 2084 4391 fuit,
2111 4332 2176 4383 ad

620 4426 875 4495 templum
910 4425 1000 4477 Dei
1038 4422 1373 4476 maturavit:
1414 4422 1591 4490 ibique
1640 4420 1805 4473 Deum
1842 4424 2073 4489 rogavit,
2120 4432 2177 4473 ut

2279 3237 2372 3289 καὶ
2401 3236 2547 3306 ζωῆς
2589 3239 2758 3300 αἴτιος
2800 3238 2893 3290 καὶ
2927 3237 3153 3291 Θανάτου
3180 3241 3456 3309 τυγχάνει,
3491 3240 3555 3292 δι’
3583 3240 3675 3303 οὓς
3704 3236 3842 3292 οἶδεν

2278 3330 2440 3391 αὐτὸς
2468 3329 2700 3399 τρόπους
2745 3330 2990 3381 ἑκάστων
3031 3330 3138 3382 τῶν
3178 3333 3257 3394 είς
3280 3332 3369 3382 τὸν
3394 3328 3504 3399 βίον
3539 3332 3843 3402 παριόντων

2278 3420 2417 3471 κατὰ
2443 3418 2628 3471 τούσδε
2654 3419 2685 3489 ἢ
2718 3418 2903 3470 τούσδε
2933 3420 3057 3481 τοὺς
3074 3419 3298 3489 χρόνους
3324 3420 3606 3491 παράγων,
3636 3421 3732 3473 καὶ
3750 3421 3844 3472 ἐπὶ

2274 3512 2512 3564 τοσοῖσδε
2552 3512 2586 3580 ἢ
2618 3512 2851 3563 τοσοῖσδε
2880 3512 3043 3575 ἔτεσι,
3078 3513 3171 3564 καὶ
3198 3512 3286 3565 διὰ
3310 3513 3523 3566 τοιᾶσδε
3568 3515 3601 3584 ἢ
3628 3513 3837 3567 τοιᾶσδε

2277 3604 2520 3670 συνάγων
2551 3602 2823 3671 τελευτῆς.
2850 3604 3009 3672 Μόνῳ
3036 3619 3095 3654 τε
3118 3603 3265 3673 αὐτῷ
3284 3604 3520 3666 καὶτοὺς
3548 3606 3604 3655 ὲν
3632 3605 3839 3669 αὑταῖς,

2275 3694 2349 3757 ὡς
2382 3695 2575 3756 εἰπεῖν,
2604 3696 2723 3755 ταῖς
2750 3691 2842 3743 τοῦ
2870 3692 3096 3745 Θανάτου
3119 3692 3313 3756 πύλαις
3345 3694 3669 3762 γενομένους
3688 3697 3842 3747 δυνα-

2274 3788 2365 3838 τόν
2388 3789 2531 3839 ἐστιν
2568 3785 2949 3838 ἀνακαλεῖσθαι
2974 3801 2987 3813 ο
3026 3784 3100 3847 ὡς
3132 3784 3227 3837 νῦν
3257 3787 3353 3854 μὲν
3382 3786 3470 3839 τὸν
3512 3786 3756 3849 Ἐζεκίαν
3783 3788 3842 3849 ἐξ

2276 3879 2583 3950 ἀρρωστίας
2630 3878 2921 3947 θανατικῆς
2970 3876 3355 3941 διασώσασθαι,
3396 3880 3491 3931 καὶ
3524 3879 3841 3950 προσθήκην

2276 3969 2424 4039 αὐτῷ
2463 3968 2609 4039 ζωῆς
2650 3968 2973 4039 χαρίσασθαι
3011 3968 3145 4020 ὅλων
3184 3969 3317 4022 ὲτῶν
3362 3970 3521 4021 πέντε
3554 3972 3647 4021 καὶ
3674 3970 3836 4023 δέκαο

2276 4062 2491 4132 ἐτέρους
2520 4062 2574 4113 δὲ
2596 4063 2689 4113 καὶ
2711 4059 2847 4130 μετὰ
2868 4061 2930 4112 τὸ
2952 4062 3201 4113 τεθνάναι
3225 4065 3288 4115 ἐκ
3311 4062 3517 4132 νεκρῶν
3545 4060 3839 4115 ἀναϐιῶναι

2276 4154 2525 4222 ποιήσας,
2575 4152 2728 4213 ὅσους
2785 4154 2817 4221 ή
2876 4151 2994 4203 Θεία
3036 4153 3331 4222 παρίστησι
3382 4154 3590 4223 Γραφή.
3644 4154 3731 4217 Ὠς
3782 4156 3840 4221 ἐξ

2276 4239 2509 4301 ἅπαντος
2538 4238 2787 4291 λελύσθαι
2811 4240 2935 4301 τοὺς
2971 4242 3099 4311 περὶ
3131 4242 3468 4311 εἱμαρμένης
3512 4242 3719 4310 λόγους,
3752 4243 3839 4297 διὰ

2274 4331 2335 4382 τὸ
2354 4331 2447 4383 καὶ
2484 4332 2663 4401 πάσης
2691 4332 2931 4402 ἀνάγκης
2974 4334 3065 4384 καὶ
3097 4334 3275 4403 πάσης
3306 4335 3492 4398 οὐσίας
3526 4352 3586 4387 τε
3619 4337 3712 4389 καὶ
3740 4338 3839 4405 φύ-

2279 4439 2413 4485 σεως
2464 4422 2551 4475 τὸν
2600 4424 2691 4475 ὲπὶ
2723 4424 2935 4476 πάντων
2987 4425 3117 4475 Θεὸν
3156 4427 3397 4496 κρατεῖν.
3449 4426 3633 4479 Ταῦτα
3661 4426 3783 4480 ίδὼν
3809 4430 3839 4480 ὀ

616 4517 701 4569 sui
728 4523 781 4568 et
803 4513 979 4583 populi
1010 4521 1065 4565 et
1100 4510 1334 4564 civitatis
1358 4520 1603 4561 servator
1627 4518 1793 4561 esset.
1827 4507 1959 4561 Cum
1991 4519 2167 4562 autem

2285 4510 2545 4571 Ἐζεκίας,
2596 4511 2684 4561 ὅτε
2726 4510 2823 4579 μὲν
2871 4511 3027 4580 ὑγιὴς
3068 4512 3130 4562 τὸ
3158 4511 3316 4580 σῶμα
3346 4507 3434 4582 ἦν,
3467 4512 3558 4565 ἐπὶ
3582 4510 3676 4564 τὸν
3703 4513 3838 4567 νεὼν

612 4607 726 4676 jam
769 4614 1044 4673 premente
1086 4601 1274 4656 morbo
1311 4600 1367 4676 id
1410 4608 1667 4669 praestare
1722 4615 1823 4651 non
1858 4610 2056 4666 tosset,
2102 4614 2170 4651 ex

618 4698 735 4765 ipso
766 4696 903 4750 lecto
925 4695 1222 4748 orationem
1254 4674 1359 4747 Deo
1383 4692 1582 4753 emisit,
1606 4706 1918 4761 persuasum
1951 4690 2171 4750 habens,

619 4790 785 4843 Deum
814 4788 1015 4855 ubique
1048 4800 1190 4851 esse,
1236 4801 1299 4839 ac
1350 4784 1653 4854 religiosum
1700 4798 1971 4852 quemque
1998 4784 2170 4837 virum

612 4879 893 4935 exaudire.

688 5145 851 5198 Vens.
882 5143 936 5205 ι,
966 5142 1019 5199 5.
1080 5163 1098 5191 ι
1134 5142 1199 5195 Et
1252 5140 1450 5195 factum
1476 5150 1555 5191 est
1598 5140 1813 5192 verbum
1864 5138 2071 5193 Domini
2103 5138 2167 5190 ad

620 5232 808 5285 Isaiam
834 5233 1015 5285 dicens
1039 5250 1051 5284 :
1077 5232 1236 5291 Vade,
1258 5240 1310 5282 et
1340 5232 1424 5282 dic
1453 5229 1690 5283 Ezechize
1715 5250 1724 5281 :
1760 5230 1880 5283 lltec
1912 5230 2037 5281 dicit
2066 5228 2163 5280 Do-

621 5330 792 5377 minus
831 5324 967 5376 Deus
1005 5323 1167 5375 David
1212 5323 1378 5389 patris
1404 5324 1499 5373 tui.
1532 5341 1548 5371 ι
1590 5321 1797 5373 Patrem
1840 5332 2015 5372 autem
2049 5322 2162 5388 ejus

620 5416 871 5469 Davidem
893 5417 1117 5469 vocabat
1173 5412 1331 5473 Deus,
1368 5427 1670 5478 supremum
1704 5414 1765 5462 de
1808 5410 1893 5461 illo
1924 5413 2162 5463 testimo-

623 5510 766 5559 uinm
798 5508 997 5571 ferens,
1026 5506 1167 5574 quod
1195 5505 1397 5558 scilicet
1432 5506 1499 5556 nh
1522 5519 1724 5556 mormn
1758 5504 2160 5555 similitudinem

620 5603 810 5669 dignus
859 5612 1019 5661 esset,
1073 5600 1162 5665 qui
1225 5599 1325 5649 sibi
1383 5599 1539 5651 talem
1592 5598 1897 5666 religiosum
1953 5608 2157 5664 patrem

690 5799 734 5827 ’ν
770 5798 917 5851 Deut.
948 5813 1113 5859 xuii,
1141 5798 1226 5847 3!).

2273 4601 2494 4652 ἔσπευδε
2530 4601 2621 4653 τοῦ
2660 4601 2814 4665 Θεοῦ,
2852 4604 3010 4654 κάκεῖ
3053 4603 3141 4653 τὸν
3175 4602 3305 4655 Θεὸν
3332 4603 3493 4657 αὑτοῦ
3527 4622 3585 4657 τε
3619 4606 3714 4657 καὶ
3745 4605 3836 4658 τοῦ

2274 4692 2399 4743 λαοῦ
2444 4692 2661 4762 καὶτῆς
2692 4693 2896 4755 πόλεως
2948 4696 3166 4763 σωτῆρα
3211 4694 3461 4761 γενέσθαι
3501 4697 3832 4762 ἐξεκαλεῖτο’

2277 4783 2395 4833 ἐπεὶ
2422 4781 2477 4833 δὲ
2506 4782 2661 4835 τοῦτο
2690 4782 2946 4851 πράττειν
2983 4784 3073 4834 ἐπὶ
3108 4783 3199 4835 τοῦ
3231 4786 3490 4854 παρόντος
3516 4786 3775 4856 ἀπεῖργεν
3802 4789 3837 4858 ή

2277 4876 2447 4937 νόσος,
2496 4875 2555 4938 ἐξ
2596 4875 2761 4943 αὐτῆς
2812 4878 3095 4943 στρωμνῆς
3130 4875 3228 4943 τὴν
3261 4877 3424 4945 εὐχὴν
3458 4877 3737 4947 ἀνέπεμπε
3761 4879 3840 4948 τῷ

2277 4964 2410 5033 Θεῷ,
2448 4963 2721 5031 πανταχοῦ
2750 4966 2997 5030 παρεῖναι
3035 4964 3127 5015 καὶ
3157 4964 3355 5025 παντὸς
3393 4960 3531 5017 εἶναι
3555 4964 3838 5029 Θεοσεῦοὖς

2275 5055 2503 5123 ἐπήκοον
2535 5053 2913 5121 πεπεισμένος.

2350 5164 2367 5193 ι
2402 5146 2508 5196 Καὶ
2541 5146 2753 5211 ἐγένετο
2776 5144 2928 5211 λόγος
2949 5147 3150 5214 Κυρίου
3186 5148 3320 5217 πρὸς
3365 5148 3590 5200 Ἡσαΐαν
3623 5148 3829 5216 λέγων·

2268 5237 2586 5306 Πορεύθητι,
2624 5236 2715 5288 καὶ
2744 5231 2891 5286 εἷπον
2938 5237 3187 5307 Ἐζεκίαυ
3230 5237 3366 5290 Τάδε
3408 5240 3553 5305 λέγει
3583 5240 3787 5309 Κύριος
3810 5242 3837 5292 ό

2268 5327 2395 5387 Θεὸς
2428 5326 2588 5377 Δαυῖδ
2632 5324 2725 5376 τοῦ
2770 5327 2971 5396 πατρός
3010 5344 3125 5378 σου.
3163 5346 3180 5375 ι
3217 5327 3435 5397 Πατέρα
3468 5328 3525 5377 δὲ
3555 5328 3720 5379 αὑτοῦ
3747 5330 3837 5379 τὸν

2270 5416 2427 5466 Δαυῒδ
2466 5417 2493 5466 ὁ
2538 5417 2667 5477 Θεὸς
2703 5417 2903 5475 ἐκάλει,
2934 5417 3032 5486 τὴν
3062 5419 3319 5470 ἀνωτάτω
3357 5418 3659 5489 μαρτυρίαν
3690 5422 3837 5489 αύτῷ

2268 5508 2537 5576 παρέχων,
2563 5509 2636 5568 ὡς
2667 5505 2799 5576 ἀξίῳ
2824 5508 2915 5559 τὸν
2938 5509 3156 5579 Θεοφιλῆ
3194 5511 3404 5581 πατέρα
3430 5511 3836 5581 ἐπιγράφεσθαι

2266 5599 2360 5668 τῆς
2414 5598 2518 5649 tth
2570 5600 2784 5668 τρόπων
2819 5602 3125 5671 ὁμοιότητος
3167 5602 3341 5672 χάριν.
3399 5622 3419 5653 ι
3453 5603 3699 5656 Ἤκουσα
3740 5604 3834 5673 τῆς
