4100 6396
654 371 762 429 359

1353 351 1618 413 EUSEBII
1653 346 2119 409 CESARIENSIS
2154 344 2303 401 OPP.
2345 342 2524 398 PARS
2563 342 2655 401 Ill.
2693 372 2761 382 -
2799 336 3210 395 EXEGETICA.

3777 338 3878 394 5(0

658 493 804 555 gesta
840 488 894 535 et
917 490 1080 547 opera
1108 487 1209 528 sna
1244 480 1448 550 vestem
1479 468 1581 525 sibi
1628 474 1845 533 texunt,
1876 472 1932 520 et
1961 471 2207 519 ornatum

2333 458 2612 530 ινθρώπων
2666 454 2854 527 στολὴν
2892 454 3153 523 ύφαίνων,
3202 450 3298 504 καὶ
3353 449 3556 518 κόσμον
3590 450 3656 518 τῇ
3692 446 3879 504 ἑαυτοῦ

658 574 850 630 suiirae
875 583 988 624 suae
1015 567 1441 633 circumponuut.

732 662 895 716 Vns.
926 658 1013 711 l3.
1058 674 1077 707 ι
1114 656 1171 709 in
1205 650 1289 706 die
1316 648 1405 703 illa
1435 649 1668 703 traditus
1705 660 1823 701 sum
1856 657 2023 712 usque
2055 653 2209 696 mane

660 752 827 809 veluti
871 749 1034 811 leoni,
1071 747 1151 801 sic
1198 740 1453 799 contrivit
1484 738 1666 794 omnia
1713 750 1836 791 ossa
1877 748 2014 788 mea.
2046 732 2089 787 Α
2124 731 2210 786 die

655 846 800 902 enim
833 854 1001 910 usque
1022 837 1088 892 ad
1116 847 1324 891 noctem
1352 831 1581 886 traditus
1601 844 1739 883 sum.
1770 845 1788 877 ι
1815 824 2068 880 Traditus
2090 837 2209 877 sum

656 952 754 990 cett
787 933 924 988 leoni
949 930 1160 984 cuidam
1189 924 1435 981 homines
1460 918 1739 975 devoranti
1759 956 1775 982 ,
1806 917 1896 986 qui
1929 914 2079 984 quasi
2117 926 2212 980 per

657 1028 861 1081 illatam
892 1021 1020 1076 mihi
1052 1016 1457 1074 inﬁrmitatem,
1488 1018 1601 1064 tota
1630 1008 1717 1063 die
1745 1014 1800 1062 et
1830 1013 1986 1061 nocte
2009 1003 2214 1058 contri-

657 1118 735 1170 vit
762 1114 936 1169 omnia
972 1124 1093 1165 ossa
1120 1121 1237 1162 mea
1264 1122 1282 1172 ;
1312 1114 1606 1176 parumque
1635 1096 1830 1162 ahl‘uit,
1857 1094 1987 1166 quin
2016 1108 2102 1148 me
2134 1102 2212 1147 to-

661 1217 771 1259 tum
796 1207 1096 1257 devoraret.

731 1293 897 1349 Vens.
930 1290 1017 1346 η.
1055 1284 1074 1342 ι
1107 1288 1258 1359 Sicnt
1301 1282 1553 1345 hirundo,
1599 1280 1676 1335 sic
1701 1277 1965 1339 clamabo,
1992 1283 2047 1330 et
2073 1274 2215 1329 sicut

658 1384 925 1446 columba,
947 1382 1028 1437 sic
1051 1376 1364 1437 meditabor.
1398 1371 1721 1428 Deiecerunt
1746 1370 1889 1424 enim
1914 1366 2054 1423 oculi
2086 1365 2213 1429 mei,

661 1486 722 1532 ut
748 1490 816 1529 ne
840 1474 1135 1542 aspicerem
1177 1463 1549 1522 celsitudinem
1582 1459 1707 1515 ειεΙί
1740 1458 1806 1513 ad
1854 1454 2157 1512 Dominum.
2190 1471 2209 1504 ι

661 1570 911 1622 Attamen
943 1562 996 1616 in
1044 1562 1143 1613 hac
1180 1570 1357 1611 rerum
1390 1551 1731 1614 conditione,
1759 1564 1865 1604 non
1914 1546 2216 1602 inﬁrmatus

2314 550 2609 623 περιτιθεὶς
2636 550 2779 620 ψυχῇ
2812 547 2900 602 διά
2926 546 3035 599 τῶν
3064 543 3230 598 αὐτοῦ
3259 542 3527 614 πράξεων.

2390 660 2412 695 ι
2453 643 2541 695 Ἐν
2572 643 2639 710 τῇ
2666 639 2848 712 ἡμέρᾳ
2893 636 3080 709 ἐκείνῃ
3130 634 3434 708 παρεδόθην
3471 633 3585 695 ῑως·
3614 630 3762 702 πρωϊ
3812 631 3886 695 ὡς

2314 734 2508 798 λέοντι,
2556 732 2729 797 οὕτως
2770 730 3058 802 συνέτριψε
3105 728 3284 783 πάντα
3319 726 3388 781 τά
3411 726 3546 779 ὀστᾶ
3584 741 3711 793 μου.
3756 724 3887 777 ’Δτὼ

2315 824 2425 896 γὰρ
2454 823 2552 893 τῆς
2578 820 2789 894 ἡμέρας
2823 816 3127 884 ἓωςνυκτδς
3142 815 3463 888 παρεδόθην.
3505 832 3523 866 ι
3543 814 3757 883 Ὠσπερ
3782 814 3888 881 qui!

2316 914 2717 989 άνθρωποϐόρῳ
2747 912 2942 973 λέοντι,
2970 911 3029 975 ὃς
3062 926 3124 963 τε
3144 909 3220 973 ὡς
3253 908 3351 979 μὲν
3376 907 3463 961 διά
3494 907 3592 977 τῆς
3625 904 3889 958 ἐπιτιθεί-

2320 1024 2420 1078 σης
2469 1022 2559 1077 μοι
2600 1003 2912 1074 ἀρρωστίας
2947 1002 3036 1055 διὰ
3074 999 3256 1071 πάσης
3296 998 3489 1062 νυκτὸς
3542 998 3637 1051 καὶ
3677 997 3889 1068 ἡμέρας

2320 1096 2604 1169 συνέτριψε
2629 1095 2807 1148 πάντα
2820 1095 2890 1149 τὰ
2913 1095 3047 1148 ὀστᾶ
3072 1108 3196 1164 μου·
3226 1091 3421 1163 μικοοῦ
3454 1090 3512 1144 δὲ
3535 1089 3646 1144 δεῖν
3665 1090 3761 1144 καὶ
3776 1088 3892 1143 ὅλον

2320 1190 2480 1245 αὑτὸν
2511 1187 2798 1242 καταπιεῖν
2827 1202 2895 1257 με
2927 1183 3172 1255 ἔμελλεν.

2394 1300 2415 1335 ι
2462 1280 2545 1344 Ὠς
2582 1278 2823 1351 χελιδὼν,
2854 1277 2998 1331 οὕτω
3036 1276 3291 1347 φωνήσω,
3324 1274 3418 1329 καὶ
3463 1273 3540 1337 ὡς
3573 1272 3891 1345 περιστερά,

2318 1373 2462 1428 οὕτω
2506 1371 2736 1443 μελετῶ.
2782 1367 3059 1433 Έξὲλιπον
3110 1365 3219 1440 γάρ
3256 1382 3359 1436 μου
3396 1365 3446 1419 οἱ
3487 1363 3759 1435 ὀφθαλμοὶ
3801 1358 3893 1417 τοῦ

2322 1461 2543 1533 βλέπειν
2589 1462 2671 1524 είς
2708 1459 2768 1513 τὸ
2793 1456 2927 1527 ὕψος
2951 1454 3048 1510 τοῦ
3070 1452 3299 1525 ούρανοῦ
3325 1453 3462 1526 πρὸς
3490 1453 3583 1506 τὸν
3612 1452 3838 1523 Κύριον.
3871 1472 3889 1503 ι

2322 1556 2513 1624 Ὅμως
2554 1553 2599 1606 δ’
2622 1548 2715 1607 οὖν
2744 1554 2802 1604 ἐν
2825 1548 3035 1613 τούτοις
3060 1546 3371 1617 γενόμενος,
3412 1545 3513 1599 οὐκ
3542 1543 3895 1615 ἑξησθένησα,

663 1671 782 1713 sum
803 1696 820 1720 ,
850 1668 951 1710 nec
973 1667 1004 1705 a
1037 1650 1144 1705 Deo
1167 1660 1285 1701 meo
1318 1644 1556 1706 recessi,
1582 1642 1677 1696 sed
1709 1640 1813 1694 ilde
1842 1653 2043 1709 speque
2077 1638 2215 1692 bona

2333 1644 2441 1697 ιύδὲ
2472 1642 2566 1697 τοῦ
2594 1641 2727 1696 Θεοῦ
2755 1658 2857 1712 μου
2887 1636 3233 1709 ἀνεχώρησα,
3257 1634 3543 1690 ἀναλαϐὼν
3573 1634 3631 1689 es
3661 1635 3899 1704 ὲμαυτὸν

666 1748 925 1814 meipsum
953 1740 1281 1796 conlirmans
1300 1776 1316 1800 ,
1347 1734 1561 1789 iletibus
1600 1738 1657 1785 et
1684 1730 1915 1784 orationi
1948 1742 2032 1782 me
2054 1727 2171 1782 dedi
2198 1740 2214 1790 ;

2322 1736 2503 1788 πίστει
2552 1734 2647 1789 καὶ
2694 1732 2873 1804 ἀγαθῇ
2921 1729 3120 1794 ἑλπίδι,
3168 1726 3433 1798 κλαυθμῷ
3488 1727 3583 1781 καὶ
3620 1727 3896 1797 προσευχῇ

662 1851 749 1892 me
775 1810 905 1890 vero
932 1831 1149 1887 assidue
1174 1836 1386 1893 orante,
1412 1834 1574 1893 atque
1597 1819 1847 1891 precibus
1872 1819 2010 1887 apud
2050 1819 2213 1873 Deum

2333 1827 2608 1900 παρέδωκα
2645 1825 2897 1898 ἐμαυτόν.
2922 1819 3228 1894 Εύχομένου
3254 1818 3312 1873 δέ
3342 1835 3466 1890 μου,
3490 1819 3675 1890 φησὶν,
3708 1818 3900 1890 ιπιμό-

665 1927 972 1989 insistente,
997 1924 1113 1991 ipse
1146 1938 1165 1973 ι
1195 1919 1341 1975 eruit
1367 1931 1474 1982 me,
1498 1924 1552 1970 et
1577 1912 1800 1969 abstulit
1825 1911 2064 1967 dolorem
2099 1911 2218 1965 aui-

665 2030 766 2074 ωε
792 2030 943 2072 mea.
982 2033 1001 2067 ι
1032 2011 1146 2096 ille,
1175 2010 1418 2079 inquam,
1445 2003 1579 2061 nihil
1605 2009 1911 2065 cunctatus,
1933 2001 2077 2056 eruit
2112 2016 2220 2065 mc,

665 2120 722 2164 et
761 2107 979 2164 sustulit
1026 2093 1263 2159 dolorem
1312 2099 1510 2153 anima
1548 2111 1683 2152 mea
1719 2116 1733 2153 :
1764 2110 1830 2151 ac
1880 2095 1926 2150 si
1975 2093 2225 2148 videlicet

668 2198 947 2270 promissis
998 2195 1155 2249 iidem
1203 2191 1430 2246 adderet
1489 2202 1614 2257 quae
1674 2185 1880 2241 sanctis
1947 2186 2061 2240 suis
2131 2185 2225 2237 de-

2317 1938 2442 1985 νως,
2471 1920 2570 1974 καὶ
2598 1917 2921 1989 ἐγκειμένου
2970 1914 3071 1986 τῆς
3100 1912 3238 1984 πρὸς
3283 1911 3375 1965 τὸν
3409 1910 3543 1965 Θεὸν
3595 1911 3898 1981 ἱκετηρίας.

2318 2012 2379 2077 ὃς
2422 2030 2442 2065 ι
2481 2008 2722 2076 εξείλατό
2773 2025 2880 2079 με,
2931 2005 3029 2060 καὶ
3091 2001 3351 2074 ὰφείλατό
3403 2018 3505 2073 μου
3558 2001 3659 2073 τὴν
3707 2001 3900 2072 ὀδύνην

2319 2106 2416 2175 τῆς
2455 2102 2653 2174 ψυχῆς.
2692 2100 2791 2153 s'U
2835 2098 2900 2169 δὴ
2932 2096 3006 2169 μὴ
3056 2095 3327 2168 μελλήσας
3384 2092 3619 2158 regem
3668 2109 3758 2164 με,
3807 2092 3901 2145 καὶ

2319 2193 2573 2264 ἀφείλετό
2628 2208 2729 2264 μου
2787 2191 2888 2262 τὴν
2918 2188 3109 2259 ὀδύνην
3138 2186 3238 2257 τῆς
3275 2185 3471 2255 ψυχῆς·
3499 2183 3782 2254 μονονουχὶ
3807 2182 3899 2235 τὸν

666 2292 747 2344 dit
781 2289 868 2343 bis
903 2285 1121 2343 verbis:
1167 2301 1187 2336 ι
1226 2283 1417 2338 Adhuc
1456 2289 1509 2335 te
1542 2279 1818 2350 loquente,
1841 2277 2015 2332 dicam
2043 2293 2058 2330 :
2089 2274 2226 2329 Ecce

2333 2282 2485 2338 ιὺτοῦ
2515 2282 2673 2352 λόγον
2698 2279 3130 2352 πιστωσάμενος,
3161 2278 3222 2331 ὃν
3246 2276 3578 2349 ἐπήγγελται
3598 2276 3713 2339 τοῖς
3728 2274 3901 2344 ἁγίοις

672 2380 879 2436 adsum.
918 2395 939 2431 ι

741 2600 908 2657 Yns.
946 2597 1033 2655 ιο.
1067 2617 1086 2652 ι
1128 2597 1373 2661 Domine,
1394 2594 1463 2651 de
1494 2592 1607 2665 ipsa
1631 2590 1827 2662 quippe
1862 2588 2226 2647 renuntiatum

671 2697 757 2746 est
786 2690 881 2744 tibi
906 2705 925 2743 :
960 2696 1017 2743 et
1047 2682 1295 2741 excitastl
1326 2683 1571 2752 spiritum
1608 2694 1807 2743 meum,
1838 2689 1893 2733 et
1921 2675 2229 2731 consolatus

672 2781 781 2835 visi
802 2778 938 2851 (35).
970 2795 990 2830 ι
1023 2776 1135 2831 Non
1156 2777 1298 2845 quod
1320 2774 1388 2829 iis
1408 2774 1604 2843 dignus
1634 2784 1809 2827 essem
1835 2792 1851 2825 δ
1883 2782 2006 2822 nam
2040 2780 2229 2836 pecca-

2320 2373 2486 2429 αὑτοῦ
2532 2371 2722 2432 είπώψ
2763 2390 2783 2424 ι
2806 2372 2926 2427 Ἔτι
2950 2368 3235 2433 λαλοῦντός
3268 2384 3385 2436 σου,
3414 2367 3546 2440 ὲρῶο
3591 2366 3721 2422 ’ἰδοὺ
3758 2366 3901 2439 πάρ-

2323 2481 2462 2537 ειμι.
2507 2483 2527 2516 s

2398 2575 2419 2609 ι
2453 2554 2649 2627 Κύριε,
2671 2554 2799 2626 περὶ
2820 2554 3024 2625 ταύτης
3037 2552 3146 2624 γὰρ
3161 2549 3436 2621 ἀνηγγέλη
3458 2563 3562 2611 σοι,
3586 2548 3683 2603 καὶ
3702 2545 3908 2619 ἐξήγει-

2331 2648 2431 2719 ράς
2457 2664 2556 2719 μου
2577 2647 2678 2719 τὴν
2710 2645 2901 2716 πνοὴν,
2950 2645 3045 2700 καὶ
3080 2639 3450 2715 παρακληθεὶς
3486 2639 3676 2711 ιζησα.
3734 2657 3753 2690 ι
3792 2638 3904 2708 οὐλ

2328 2737 2413 2791 δτι
2436 2736 2643 2792 τούτων
2658 2734 2805 2801 ἄξιος
2834 2736 2982 2807 ήμην
3008 2733 3138 2804 ιγώο
3155 2732 3363 2787 πολλῶν
3380 2731 3488 2803 γάρ
3507 2729 3700 2802 μεστὸς
3724 2730 3902 2800 ἀμαρ-

674 2871 741 2923 tis
768 2821 950 2922 niult’is
976 2821 1336 2933 plenus‘eram
1358 2899 1375 2924 ,
1401 2821 1498 2916 sed
1527 2873 1597 2914 ex
1632 2855 2005 2913 misericordia
2040 2821 2097 2908 et
2126 2854 2230 2908 cle-

2333 2828 2459 2883 τιιῖιν
2486 2827 2650 2891 αὐτὸς
2686 2827 2951 2898 ὑπῆρχονο
2973 2825 3112 2880 ἀλλὰ
3155 2823 3234 2895 τῷ
3257 2823 3335 2895 σῷ
3362 2821 3495 2893 ιλιφ
3515 2822 3610 2876 καὶ
3630 2823 3698 2892 τῇ
3721 2822 3790 2892 σῇ
3816 2837 3905 2891 φι-

674 2956 873 3011 meutia
899 2963 989 3008 tua
1018 2952 1131 3006 hac
1158 2948 1471 3005 adfuerunt.

746 3066 910 3123 Vens.
943 3062 1131 3119 η-ιθ.
1166 3077 1189 3114 s
1229 3058 1431 3116 Eruiin
1476 3059 1621 3115 enim
1657 3057 1891 3113 animam
1920 3070 2094 3111 meant
2116 3094 2133 3118 ,
2175 3062 2233 3108 ut

2329 2918 2649 2993 λανθρωπίᾳ
2678 2916 2850 2973 ταῦτα
2874 2916 3138 2988 παρίστη.

2406 3050 2426 3084 r
2461 3031 2623 3086 Ετλου
2644 3031 2754 3104 γάρ
2782 3048 2882 3102 μου
2912 3029 3013 3102 τὴν
3034 3028 3234 3101 ψυχὴν,
3261 3028 3350 3082 ἴνα
3387 3025 3462 3099 μὴ
3487 3026 3779 3099 ἀπόληται,
3811 3026 3908 3081 καὶ

676 3174 784 3213 non
811 3156 1047 3228 periret,
1078 3161 1133 3208 et
1179 3150 1451 3222 proiecisti
1496 3158 1646 3204 retro
1677 3162 1763 3201 me
1795 3146 1975 3200 omnia
2016 3152 2230 3215 peccata

2336 3122 2642 3228 dnépetiiac
2671 3122 2845 3175 ὀπίσω
2882 3138 2985 3191 μου
3031 3121 3211 3184 πάσας
3230 3120 3329 3183 τὰς
3358 3117 3647 3190 ἁμαρτίας.
3682 3118 3758 3172 οι
3798 3118 3909 3189 γάρ

677 3262 819 3304 mea.
852 3241 1199 3314 Nequeenim
1228 3242 1319 3309 qui
1346 3240 1397 3294 in
1430 3238 1643 3293 inferno
1673 3245 1801 3292 sunt
1827 3235 2123 3291 laudabunt
2150 3244 2231 3300 te,

678 3350 854 3406 neque
878 3334 967 3404 qui
1003 3331 1198 3388 mortui
1230 3338 1376 3392 sunt,
1408 3326 1725 3383 benedicent
1750 3326 1877 3391 tibi,
1907 3339 2080 3395 neque
2107 3337 2233 3394 spe-

680 3428 875 3481 rabunt
897 3462 915 3489 ,
941 3423 1033 3493 qui
1070 3422 1125 3477 in
1156 3420 1368 3475 inferno
1395 3425 1525 3473 sunt
1546 3456 1563 3479 .
1590 3415 2016 3472 misericordiam
2044 3424 2187 3470 tuam
2215 3433 2230 3470 :

678 3518 771 3589 qui
790 3518 973 3569 vivunt
996 3511 1315 3566 benedicent
1339 3507 1454 3572 tibi,
1473 3506 1615 3561 sicut
1637 3516 1692 3561 et
1711 3519 1830 3577 ego.
1856 3505 1940 3561 Ab
1968 3504 2069 3561 hoc
2087 3505 2231 3559 enim

680 3608 769 3659 die
798 3604 932 3658 filios
952 3603 1130 3663 edam,
1160 3598 1253 3670 qui
1282 3594 1681 3651 annuntiabunt
1700 3593 1966 3663 justitiam
2000 3604 2166 3650 luant.
2208 3613 2227 3646 ι

679 3694 971 3764 impiorum
999 3691 1260 3759 siquidem
1291 3686 1443 3741 locus
1466 3694 1549 3739 est
1576 3683 1819 3740 infernus
1850 3701 1866 3739 :
1909 3696 2240 3755 quapropter

680 3800 805 3841 cum
841 3784 1017 3839 anima
1063 3796 1179 3835 mea
1224 3778 1314 3834 illo
1344 3786 1533 3846 erepta
1561 3774 1666 3840 sit,
1699 3775 1808 3831 Deo
1837 3776 1992 3834 laetus
2035 3778 2240 3848 gratias

686 3876 877 3932 refero.
912 3875 1078 3944 Regio
1102 3881 1279 3927 autem
1315 3884 1503 3926 eorum
1528 3871 1618 3940 qui
1657 3870 1797 3941 apud
1840 3870 2006 3924 Deum
2032 3870 2238 3933 vivunt,

686 3981 781 4021 eos
819 3967 907 4035 qui
947 3965 1121 4035 ipsum
1170 3960 1391 4015 laudant
1439 3961 1675 4029 excipiet
1714 3978 1728 4014 :
1777 3959 1867 4013 ubi
1906 3972 1991 4012 me
2027 3959 2240 4013 demmu

692 4057 929 4111 futurum
965 4068 1084 4109 esse
1132 4051 1383 4116 conﬁdo,
1422 4052 1593 4122 gratia
1644 4059 1736 4104 tua
1789 4050 1841 4104 id
1879 4049 2006 4103 mihi
2048 4063 2242 4103 conce-

693 4150 924 4289 de'v‘fss.
960 4232 1053 4287 20.
1105 4248 1126 4282 ι
1170 4231 1309 4285 Deus
1353 4227 1542 4283 salutis
1587 4242 1750 4292 meae,
1792 4238 1965 4295 neque
2002 4223 2244 4278 desinam

2335 3217 2385 3269 οί
2407 3216 2466 3269 ἐν
2492 3213 2621 3286 ᾅδου
2647 3212 2917 3268 αίνὲσουσί
2947 3228 3031 3277 σε,
3068 3212 3190 3267 οὐδὲ
3214 3213 3267 3267 οί
3294 3210 3655 3274 ἀποθανόντες
3686 3210 3908 3281 εὐλογη·

2337 3306 2489 3359 σουσί
2531 3321 2616 3368 σε,
2654 3305 2775 3359 οὐδὲ
2802 3304 3046 3359 ὲλπιοῦσι
3087 3304 3138 3356 οί
3165 3304 3223 3356 ὲν
3248 3303 3374 3374 ᾁδου
3415 3301 3513 3372 τὴν
3542 3299 3911 3373 ἐλεημοσύνην

2336 3413 2453 3451 σουο
2484 3397 2536 3451 0i.
2562 3396 2762 3462 ζῶντες
2793 3394 3145 3465 εύλογήσουσί
3180 3411 3243 3449 σε
3272 3394 3332 3447 ὃν
3354 3394 3554 3466 τρόπον
3573 3390 3749 3460 κάγώ.
3780 3391 3912 3446 Ἀπὸ

2334 3486 2444 3557 γὰρ
2462 3485 2564 3557 τῆς
2591 3488 2833 3559 σήμερον
2862 3486 3049 3540 παιδία
3100 3485 3331 3557 ποιήσω,
3354 3483 3392 3539 ἃ
3414 3481 3771 3551 άναγγελοῦσι
3811 3483 3912 3553 τὴν

2334 3579 2681 3649 δικαιοσύνην
2732 3596 2848 3633 σου.
2887 3597 2906 3629 ι
2937 3576 3151 3649 Χωρίον
3188 3578 3296 3649 γάρ
3322 3577 3468 3629 ἑστιν
3492 3573 3701 3628 ἀσεϐῶν
3732 3573 3908 3628 τοῦτο·

2335 3672 2416 3725 διδ
2445 3670 2544 3743 τὴν
2562 3669 2739 3742 ψυχὴν
2771 3668 3156 3741 ἐλευθερωθεὶς
3184 3668 3243 3734 ἐξ
3282 3668 3467 3731 αὑτοῦ,
3500 3667 3703 3737 χαίρων
3726 3667 3913 3721 ἀποδί-

2336 3765 2476 3833 δωμι
2499 3761 2579 3833 τῷ
2598 3760 2717 3831 Θεῷ
2737 3760 2837 3832 τὴν
2866 3759 3234 3831 εὐχαριστίαν.
3282 3760 3346 3813 Ἦ
3370 3759 3425 3813 δὲ
3456 3758 3609 3830 χώρα
3633 3758 3741 3813 τῶν
3762 3758 3914 3830 παρὰ

2338 3853 2459 3925 Θεῷ
2482 3852 2700 3918 ζώντων
2727 3853 2821 3907 καὶ
2836 3852 2963 3915 τοὺς
2992 3850 3277 3915 αἰνοῦντας
3296 3851 3632 3916 ὑποδέξεταιο
3658 3850 3787 3905 ἔνθα
3819 3850 3912 3903 καὶ

2340 3944 2503 4008 αὐτὸς
2520 3943 2703 3998 λοιπὸν
2728 3941 3049 4014 γενήσεσθαι
3092 3942 3351 4005 πιστεύω,
3378 3941 3536 3995 τοῦτό
3567 3958 3655 4012 μοι
3682 3940 3779 4011 τῆς
3814 3940 3913 4011 σῆς

2340 4035 2734 4109 δωρησαμένης
2758 4034 2996 4106 χάριτος.

2419 4234 2437 4266 ι
2467 4214 2568 4267 Θεὲ
2594 4214 2692 4285 τῆς
2707 4214 2978 4286 σωτηρίας
3007 4232 3129 4286 μου,
3158 4216 3253 4269 καὶ
3284 4215 3347 4268 οὐ
3380 4215 3655 4285 παύσομαι
3676 4212 3914 4281 εὐλογῶν

693 4327 913 4382 laudare
956 4337 1010 4381 te
1044 4339 1166 4380 cum
1204 4321 1465 4393 psalterio
1496 4320 1709 4376 cunctis
1736 4320 1925 4373 diebus
1953 4318 2075 4371 vitae
2116 4328 2230 4371 mea

2348 4323 2405 4359 σε
2431 4306 2568 4377 μετὰ
2586 4306 2884 4379 ψαλτηρίου
2916 4307 3097 4371 πάσας
3128 4306 3226 4371 τάς
3248 4306 3461 4380 ἡμέρας
3508 4304 3608 4376 τῆς
3637 4304 3782 4375 ζωῆς
3814 4322 3914 4375 μου

693 4419 749 4474 iu
802 4425 1088 4488 conspectu
1140 4418 1332 4470 domus
1378 4411 1491 4466 Dei.
1539 4429 1559 4461 ι
1602 4411 1719 4464 Tibi
1772 4422 1982 4477 semper
2040 4416 2243 4469 astans,

2346 4399 2630 4454 κατέναντι
2675 4400 2767 4453 τοῦ
2810 4399 2960 4453 οἴκου
2992 4400 3087 4453 τοῦ
3132 4398 3287 4453 Θεοῦ.
3330 4418 3348 4450 ι
3410 4399 3501 4451 Σοὶ
3540 4396 3915 4470 προσεδρεύων

692 4518 751 4562 et
788 4522 817 4561 a
851 4507 1156 4563 sanctuario
1186 4519 1459 4575 nunquam
1496 4502 1772 4565 recedens,
1800 4509 1851 4553 te
1882 4497 2098 4554 assidue
2129 4498 2230 4550 lau-

2346 4490 2653 4554 διαπαντὸς,
2699 4492 2791 4545 καὶ
2832 4489 3133 4562 άχώριστος
3181 4490 3468 4559 γενόμενος
3498 4489 3590 4542 τοῦ
3625 4488 3720 4541 σοῦ
3760 4488 3916 4557 ἁγιά-

693 4603 854 4656 dabo.

767 4690 927 4745 Vlls.
956 4691 1044 4745 ει.
1086 4708 1105 4741 ι
1139 4689 1204 4744 Et
1223 4688 1357 4742 tliin
1403 4685 1567 4741 Isaias
1610 4682 1851 4739 Ezechiae
1890 4700 1904 4736 :
1959 4681 2124 4736 Smne
2152 4678 2246 4734 tibi

699 4797 929 4837 massam
964 4780 1183 4845 licuum,
1203 4789 1259 4834 et
1283 4789 1415 4844 tere,
1435 4786 1489 4832 ct
1511 4776 1855 4846 emplastrum
1889 4775 2102 4842 impone
2130 4770 2250 4825 vul-

699 4876 909 4939 ueri,et
932 4888 1095 4929 sanus
1121 4873 1260 4937 eris;
1290 4888 1310 4921 ι
1344 4870 1544 4924 docens
1568 4882 1673 4921 non
1704 4881 1922 4935 prorsus
1952 4862 2249 4932 respuenda

698 4980 820 5020 esse
849 4963 935 5019 illa
956 5004 971 5028 ,
1003 4977 1123 5033 qua:
1150 4961 1218 5015 ab
1250 4958 1560 5013 hominibus
1589 4957 1654 5009 ad
1698 4955 1957 5011 medelam
2003 4950 2243 5019 corporis

701 5057 1106 5124 excogitantur:
1141 5052 1376 5119 itemqne
1402 5048 1512 5103 illis
1537 5046 1792 5101 utendum
1819 5059 1940 5099 esse
1966 5084 1980 5105 ,
2006 5042 2247 5111 quando.

701 5146 916 5215 quidem
953 5144 1207 5212 propheta
1251 5140 1301 5194 id
1329 5139 1593 5208 agendum
1620 5150 1742 5191 esse
1778 5135 2001 5188 monuit.
2032 5130 2245 5200 Reliqui

704 5254 831 5293 vero
859 5250 1045 5290 onmes
1066 5274 1081 5296 ,
1116 5234 1263 5285 uIcus
1295 5238 1591 5290 vocarunt,
1618 5226 1759 5293 quod
1784 5240 1813 5278 a
1842 5239 2017 5278 massa
2048 5222 2245 5275 ilcuuzn

702 5332 945 5377 curatum
977 5327 1059 5371 cst
1090 5334 1103 5370 :
1135 5327 1187 5369 at
1220 5331 1322 5369 non
1356 5315 1506 5368 uicus
1538 5322 1653 5365 erat
1678 5311 1904 5378 primum
1925 5350 1940 5374 ,
1977 5311 2068 5363 sed
2096 5308 2247 5361 inilr-

704 5418 860 5469 initas
888 5423 942 5467 et
974 5409 1236 5480 aegritudo
1265 5408 1329 5460 ad
1363 5418 1612 5461 mortem.
1638 5404 1816 5470 Quare
1866 5418 1963 5474 pro
1995 5403 2083 5457 illa
2128 5400 2253 5471 qui-

778 5617 889 5681 (35)
918 5615 1096 5685 \‘uig.,
1129 5632 1146 5664 ι
1180 5611 1432 5685 Domine,
1449 5611 1491 5663 si
1524 5609 1603 5664 sic
1632 5608 1872 5685 vivitur,
1888 5606 2026 5685 et_i_n
2050 5604 2248 5657 talibus

710 5676 815 5737 vita
843 5676 1059 5754 spiritu;-
1086 5676 1215 5754 mei,
1240 5682 1505 5754 corripies
1529 5690 1705 5754 me_e_t
1739 5676 2028 5754 viviﬁcabis
2078 5690 2179 5727 me.
2221 5693 2241 5725 s

713 5746 1033 5811 Dcest'vcrs.
1066 5752 1127 5806 i5
1154 5752 1287 5818 apud
1324 5746 1457 5803 LXX
1489 5747 1589 5803 lut.
1623 5747 1717 5801 Ed.
1753 5746 2024 5831 Complut.
2048 5755 2247 5810 tamen,

2348 4601 2569 4653 σματος,
2593 4583 2882 4644 διαπαντὸς
2900 4576 3177 4652 εὐλογήσω
3203 4599 3283 4635 σε.

2422 4695 2438 4724 ι
2464 4676 2571 4728 Καὶ
2592 4671 2744 4728 εἶπεν
2772 4674 2996 4736 Ἡσαΐας
3015 4673 3150 4745 1:96;
3196 4672 3459 4737 Ἐζεκίαψ
3489 4673 3635 4727 Λάϐε
3668 4674 3916 4744 παλάθην

2348 4763 2411 4815 ὲκ
2468 4763 2665 4827 σύκων,
2701 4764 2794 4816 καὶ
2824 4760 3037 4831 τρίψον,
3068 4761 3167 4815 καὶ
3213 4762 3574 4826 κατάπλασαι,
3627 4764 3721 4816 καὶ
3760 4763 3917 4834 ὑγιὴς

2349 4854 2467 4925 ἔσῃ·
2507 4873 2524 4905 ι
2558 4853 2845 4914 διδάσκων,
2872 4853 2948 4916 ὡς
2988 4854 3049 4906 ού
3080 4852 3308 4923 πάμπαν
3330 4854 3609 4923 ἀπόϐλητα
3633 4856 3827 4923 γένοιτ’
3853 4858 3918 4909 ἂν

2349 4964 2476 5000 ποτε
2505 4947 2597 5001 καὶ
2622 4946 2690 4999 τά
2718 4946 2845 5017 παρ’
2861 4943 3165 5014 ἀνθρώποις
3189 4945 3324 5017 πρὸς
3357 4945 3652 5014 θεραπείαν
3688 4946 3782 4999 τοῦ
3817 4949 3919 5000 σώ-

2355 5056 2521 5111 ματος
2552 5040 2925 5108 ἑπινοούμεναο
2958 5037 3038 5089 ἐτι
3078 5036 3135 5090 δὲ
3164 5037 3246 5091 ὅτι
3268 5038 3531 5109 χρηστέον
3566 5038 3658 5091 καὶ
3687 5040 3915 5101 τούτοις.

2347 5135 2425 5197 ὡς
2452 5132 2668 5187 καὶτοῦ
2707 5131 2983 5202 προφήτου
3030 5129 3189 5184 τοῦτο
3224 5131 3428 5203 πρᾶξαι
3476 5133 3919 5202 παραινέσαντος.

2351 5224 2460 5278 Καὶ
2482 5226 2531 5276 οἱ
2568 5223 2741 5277 λοιποὶ
2758 5223 2954 5283 πάντες
2986 5220 3163 5288 ἕλκος
3178 5221 3467 5292 ὠνόμασαν
3488 5222 3549 5273 τὸ
3574 5223 3661 5276 διὰ
3688 5224 3790 5293 τῆς
3817 5242 3914 5276 πα-

2350 5312 2515 5379 λάθης
2543 5310 2891 5383 θεραπευθέψ
2924 5308 3036 5362 ἀλλ’
3067 5311 3165 5380 οὐχ
3194 5310 3349 5373 ἕλκος
3368 5306 3436 5380 ἦν
3459 5310 3520 5362 τὸ
3550 5312 3786 5382 πρῶτον,
3819 5314 3921 5383 d9-

2359 5404 2560 5476 ρωστία
2582 5404 2640 5457 δὲ
2662 5406 2754 5455 καὶ
2788 5400 3022 5472 μαλακία
3057 5402 3191 5474 πρὸς
3221 5401 3463 5455 θάνατον.
3486 5404 3578 5455 Διὸ
3601 5405 3686 5456 ἐπ’
3712 5404 3923 5473 ἐκείνης

2355 5604 2513 5656 \‘rns.
2548 5603 2633 5655 15.
2666 5621 2683 5651 ι
2720 5600 2828 5653 Καὶ⁵
2856 5599 3017 5662 αὐτὸς
3061 5600 3282 5671 ἐποίησε
3326 5599 3689 5671 καθοδήγησιν
3719 5600 3922 5664 πάντας

2354 5674 2627 5733 ἐνιαυτούς
2662 5690 2782 5741 μου.
2815 5690 2832 5722 ι
