4100 6420
260 396 364 450 δίῒό

1252 393 1759 451 COMMENTANA
1804 397 1819 449 l

1924 394 2168 451 {SAL-\M.
2210 427 2278 438 —
2316 395 2468 452 CAP.
2511 397 2622 451 XL.
3412 403 3514 460 703

255 521 640 592 Παρακλητος,
667 522 727 575 τὸ
757 519 974 592 Πνεῦμα
997 522 1057 575 τὺ
1089 521 1262 589 ἅγιον,
1300 522 1328 572 ὃ
1351 521 1555 590 πέμψει
1581 522 1610 574 ὁ
1650 521 1819 589 Πατήι

1946 527 2086 581 ctus,
2116 533 2274 586 quem
2309 519 2486 570 mittet
2512 515 2674 570 Pater
2706 530 2877 582 meus,
2913 517 3000 571 ille
3033 532 3127 571 vos
3159 519 3371 571 docebit
3397 535 3514 573 0m-

255 628 376 682 μου,
397 614 609 677 ἐκεῖνος
629 615 770 684 ὑμᾶς
791 613 985 678 διδάξει
1005 614 1198 674 πάντα,
1227 633 1244 663 ι
1268 615 1360 665 καὶ
1381 613 1448 665 τα
1463 612 1606 682 ἑξῆς.
1630 611 1837 674 Πάντες

250 705 544 775 τοιγαροῦν
585 707 638 759 oi
682 706 742 759 τὸ
793 707 1135 776 παράκλητον
1175 706 1404 775 Πνεῦμα
1452 705 1837 774 ὑποδεξάμενοι

255 797 690 865 προστάττονται
716 799 1046 869 παρακαλεῖν
1067 799 1155 852 τὸν
1173 798 1303 850 λαὸν
1322 797 1415 850 τοῦ
1432 796 1585 850 Θεοῦ·
1627 797 1742 850 ἀλλ’
1775 799 1835 850 ού

252 885 339 936 τὸν
367 886 747 957 Ἰσραὴλ,οῦδὲ
771 889 861 940 τὸν
894 887 1239 949 ’1ακὼϐ,ούὸὲ
1270 888 1360 940 τὸν
1389 886 1606 940 Ἰούδαν.
1627 887 1837 956 Ὅσπερ

252 975 305 1029 δὲ
338 978 719 1032 ἀποδέοεικται
739 1019 753 1040 ,
787 980 815 1031 ὁ
846 979 972 1043 λαὸς
1016 978 1110 1031 τοῦ
1141 977 1276 1032 Θεοῦ
1300 1019 1313 1040 ,
1357 976 1526 1041 οὕτως
1559 981 1591 1048 ὴ
1641 977 1835 1047 καρδία

264 1068 622 1140 Ἰερουσαλὴμ
648 1070 984 1140 νοηθήσεται,
1008 1070 1068 1123 τὸ
1094 1074 1337 1142 κρεῖττον
1356 1070 1542 1138 τάγμα
1567 1069 1657 1122 τοῦ
1681 1069 1832 1123 λαοῦ.

261 1158 348 1220 Ὧς
375 1157 484 1230 γὰρ
525 1161 586 1211 ἐν
611 1159 820 1230 σώματι
856 1163 888 1231 ἡ
921 1161 1113 1230 καρδία
1134 1160 1192 1212 τὸ
1225 1160 1564 1231 κυριώτατόν
1593 1162 1706 1212 ἐστι
1739 1159 1833 1212 τοῦ

251 1252 470 1313 παντὸς,
509 1251 656 1304 οὕτω
696 1253 787 1304 καὶ
831 1252 887 1303 ἐν
929 1252 1006 1322 τῷ
1030 1254 1125 1323 τῆς
1167 1252 1494 1324 Ἐκκλησίας
1541 1252 1752 1324 σώματι
1773 1253 1834 1305 τὸ

249 1341 585 1413 κυριώτατον
607 1343 791 1413 τάγμα
815 1344 1038 1407 είκὸτως
1059 1343 1123 1397 ἂν
1151 1344 1364 1415 λεχθείη
1390 1345 1451 1397 τὸ
1476 1346 1582 1398 τῶν
1608 1345 1833 1413 λογικω-

249 1431 440 1503 τέρων,
479 1434 745 1504 φρονήσει
781 1451 840 1486 τε
875 1436 968 1488 καὶ
999 1435 1203 1507 διανοίᾳ
1237 1437 1333 1488 καὶ
1371 1435 1614 1506 λογισμῷ
1645 1437 1830 1505 διαιρε-

251 1525 466 1592 ρόντων.
521 1524 651 1578 Ἐὰν
703 1525 878 1577 τοίνυν
919 1525 1174 1594 λέγηται,
1227 1545 1245 1576 ι
1286 1527 1569 1597 Λαλήσατε
1607 1530 1686 1591 είς
1731 1529 1829 1599 τὴν

249 1615 475 1684 καρδίαν
511 1617 886 1688 Ἰερουσαλὴμ,
921 1638 937 1668 ι
973 1617 1113 1671 οὕτω
1133 1617 1362 1671 δεκτέον
1384 1620 1473 1672 τὸν
1497 1619 1673 1687 λόγον,
1697 1621 1827 1672 ὡσεὶ

249 1707 585 1780 σαφέστερον
627 1708 779 1776 ἔλεγε
803 1726 814 1738 ε
852 1728 870 1760 ι
911 1709 1192 1779 Λαλήσατε
1230 1713 1343 1774 τοῖς
1376 1713 1432 1763 ἐν
1481 1713 1560 1782 τῷ
1587 1713 1701 1784 λαῷ
1733 1714 1824 1767 τοῦ

246 1796 377 1850 Θεοῦ
426 1799 662 1869 νοήμοσι
701 1799 791 1850 καὶ
829 1798 1222 1868 λογικωτέροις.
1272 1821 1291 1851 ι
1349 1802 1570 1867 Τούτοις
1603 1805 1700 1874 μὲν
1732 1801 1824 1858 οῦν

1945 609 2031 661 uia
2071 609 2149 673 “,
2187 626 2206 660 ι
2243 619 2295 662 et
2328 619 2544 662 caetera.
2576 607 2849 677 Quotquot
2894 609 3056 676 igitur
3089 608 3351 677 Spiritum
3389 625 3516 664 san-

1944 711 2088 752 ctum
2119 709 2472 768 acceperunt,
2505 698 2756 768 populum
2787 700 2878 754 Dei
2904 699 3172 753 consolari
3212 701 3471 767 jubentur
3498 717 3513 764 ;

1941 790 2034 842 sed
2063 803 2166 840 non
2197 786 2471 850 Israclem,
2500 802 2606 840 non
2634 785 2916 852 Jacobum,
2943 803 3048 840 non
3073 787 3293 842 Judam.
3326 787 3392 843 Ut
3415 805 3516 842 au-

1941 895 2048 934 tem
2093 880 2347 950 populum
2387 879 2480 933 Dei
2522 879 2932 950 intelligendum
2966 896 3085 935 esse
3117 893 3518 935 commonstra-

1939 981 2051 1024 tum
2080 981 2182 1032 est,
2214 971 2285 1022 ita
2316 980 2372 1023 et
2417 984 2514 1023 cor
2555 969 2856 1025 Jerusalem
2900 971 3233 1039 intelligatur
3272 982 3512 1041 oportet,

1939 1078 2036 1130 pro
2083 1063 2262 1131 papuli
2310 1062 2518 1117 scilicet
2555 1062 2747 1116 ordine
2789 1071 2848 1118 et
2905 1074 3060 1130 parte
3111 1068 3512 1132 praestantiore.

1936 1155 2396 1220 Quemadmodum
2454 1152 2598 1208 enim
2645 1153 2695 1206 in
2737 1168 2963 1223 corpore
3005 1170 3100 1208 cor
3129 1158 3516 1223 praestantissi-

1937 1262 2082 1299 mum
2103 1246 2344 1299 omnium
2374 1256 2456 1300 est
2483 1263 2497 1310 ;
2530 1247 2602 1300 ita
2631 1256 2685 1301 et
2719 1247 2770 1300 in
2804 1246 3062 1300 Ecclesiae
3084 1263 3338 1316 corpore,
3367 1263 3511 1316 prae-

1933 1338 2267 1391 stantissima
2319 1340 2494 1406 portio
2541 1337 2664 1404 jure
2709 1339 2924 1392 dicatur
2974 1355 3097 1393 esse
3143 1355 3364 1404 eorum,
3411 1342 3507 1411 qui

1933 1427 2167 1489 ratione,
2212 1429 2496 1496 prudentia
2519 1468 2534 1492 ,
2589 1440 2767 1484 mente
2799 1440 2855 1484 ct
2906 1432 3178 1500 cogitandi
3213 1432 3261 1485 vi
3296 1434 3510 1487 caeteris

1931 1519 2278 1572 antecellunt.
2308 1519 2441 1574 Cum
2482 1535 2612 1589 ergo
2651 1521 2882 1584 dicitur,
2923 1539 2941 1572 ι
2978 1521 3282 1591 Loquimini
3316 1523 3382 1576 ad
3414 1539 3513 1578 cor

1929 1610 2260 1674 Jerusalem,
2309 1630 2328 1663 ι
2363 1613 2442 1666 sic
2471 1612 2672 1666 dictum
2715 1614 2976 1680 accipias,
3014 1630 3077 1667 ac
3118 1614 3161 1668 si
3191 1613 3392 1668 clarius
3437 1616 3513 1671 ita

1932 1700 2262 1768 loqueretur,
2299 1716 2318 1751 ι
2361 1699 2659 1770 Loquimini
2698 1700 3022 1770 iisepopulo
3047 1701 3164 1763 Dei,
3191 1705 3282 1772 qui
3313 1704 3514 1759 intelli-

1931 1793 2113 1861 gentia
2159 1800 2213 1847 et
2252 1795 2457 1848 ratione
2511 1792 2917 1861 praestantiores
2940 1804 3087 1847 sunt.
3125 1812 3144 1846 ι
3179 1793 3289 1849 Hos
3328 1797 3514 1866 itaque

247 1887 421 1942 λαλεῖν
464 1890 892 1960 προστάττονται
928 1890 977 1941 οἱ
1024 1891 1213 1960 ίερεῖςο
1240 1892 1334 1945 τὸν
1374 1893 1428 1946 δέ
1476 1893 1659 1946 λοιπὸν
1700 1894 1819 1947 λαὸν

1929 1883 2132 1954 alloqui
2155 1883 2414 1954 jubentur
2444 1887 2753 1941 sacerdotes
2780 1902 2794 1950 ;
2840 1887 3113 1940 residuum
3174 1902 3304 1941 vero
3337 1905 3514 1959 popu-

246 1979 612 2051 παρακαλεῖν,
645 1979 718 2042 ὼς
744 1978 992 2049 δεόμενον
1030 1981 1424 2054 παρακλήσεως
1449 1985 1540 2038 καὶ
1572 2001 1828 2056 παραμυο

246 2069 383 2135 θίας.

320 2181 340 2214 ι
395 2164 523 2215 ’Ὁτι
581 2161 824 2233 ἐπλήσθη
868 2166 900 2232 ἡ
954 2163 1281 2228 ταπείνωσις
1337 2164 1544 2234 αύτῆςο
1613 2167 1824 2223 λέλυται

243 2254 412 2324 αὐτῆς
499 2256 531 2324 ή
591 2254 875 2325 ἁμαρτία,
941 2256 1023 2308 ὅτι
1086 2256 1306 2321 ἐδέξατο
1355 2258 1418 2309 ἐκ
1475 2256 1656 2328 χειρὸς
1716 2261 1828 2311 Κυ-

247 2346 360 2416 ρίου
406 2346 576 2400 διπλᾶ
621 2347 688 2400 τὰ
737 2347 1108 2418 ἁμαρτήματα
1156 2347 1345 2417 αὐτῆς.
1392 2367 1409 2398 ι
1465 2350 1734 2420 Προσήκει
1767 2349 1825 2401 δὲ

242 2433 428 2489 λοιπὸν
472 2437 867 2507 παρακλήσεως
911 2439 1002 2490 καὶ
1041 2439 1389 2509 παραμυθίας
1419 2441 1586 2510 αὐτὴν
1625 2441 1826 2508 τυγχά-

241 2541 352 2578 νιιν
373 2527 466 2579 διὰ
497 2528 596 2598 τὴν
623 2528 1003 2597 ἐπιλάμψασαν
1031 2529 1108 2598 τῷ
1143 2529 1240 2600 βίῳ
1272 2530 1364 2582 τοῦ
1393 2531 1579 2584 καινοῦ
1611 2532 1824 2584 πάντων

242 2619 553 2690 ἀνθρώπων
611 2619 860 2688 Σωτῆρος
892 2620 1235 2686 ἐπιφάνειαν.
1267 2621 1470 2690 Διπλῆν
1509 2623 1565 2674 δὲ
1605 2624 1824 2675 κόλασιν

242 2711 418 2774 εἴποις
447 2711 513 2762 ἂν
558 2711 940 2782 ἐπεληλυθέναι
966 2715 1031 2782 τῇ
1069 2713 1265 2784 καρδίᾳ
1303 2713 1676 2784 Ἰερουσαλήμ·
1703 2716 1822 2768 ἐπεὶ

240 2807 331 2857 καὶ
369 2805 517 2858 κατά
553 2805 655 2874 τὴν
694 2805 932 2875 ἱστορίαν
962 2807 1338 2876 συναπήλαυον
1367 2808 1479 2869 τοῖς
1513 2811 1701 2869 κακοῖς
1727 2807 1820 2860 τοῦ

241 2896 482 2966 πλήθους
517 2898 566 2948 οἱ
601 2895 936 2964 δηλούμενοι,
972 2898 1060 2950 ὑπ’
1097 2897 1414 2966 ἀλλοφύλοις
1438 2898 1611 2952 ἔθνεσι
1637 2917 1822 2952 ταπει-

239 2986 515 3056 νούμενοι,
558 2987 654 3038 καὶ
691 2986 830 3039 κατὰ
868 2988 1104 3042 διάνοιαν
1145 2989 1399 3052 ἐκόλαζον
1440 2991 1685 3053 ἑαυτοὺς,
1732 2991 1820 3043 διὰ

237 3077 335 3147 τὴν
355 3077 454 3129 τοῦ
497 3076 736 3147 πλήθους
765 3077 1028 3148 ἀναϐολὴν
1056 3079 1377 3142 πενθοῦντες
1404 3083 1497 3133 καὶ
1529 3081 1819 3134 ἀποκλαιο-

241 3187 391 3240 μενοι
431 3171 533 3241 τὴν
585 3170 788 3222 πτῶσιν
844 3173 938 3224 καὶ
962 3172 1061 3242 τὴν
1113 3172 1390 3226 ἀπώλειαν
1423 3173 1529 3225 τῶν
1576 3174 1812 3227 πολλῶν

236 3259 370 3314 ἀλλά
403 3259 658 3328 δεύτερον
694 3260 1110 3331 πολιορκηθεῖσα
1145 3264 1178 3331 ὴ
1215 3262 1591 3334 Ἰερουσαλὴμ,
1627 3265 1702 3328 ὡς
1737 3268 1815 3328 εἰς

237 3350 430 3417 ῐδαφος
464 3348 853 3417 κατενεχθῆναι
887 3350 976 3401 τὸν
1005 3351 1060 3402 ἐν
1089 3351 1224 3419 αὐτῇ
1251 3350 1405 3412 νεὼν,
1436 3350 1631 3419 διπλῆν
1656 3368 1819 3419 τιμω-

242 3439 359 3513 ρίαν
421 3439 531 3492 τῶν
576 3441 634 3492 ἐν
677 3441 812 3510 αὐτῇ
853 3440 1266 3511 τετολμημένων
1315 3442 1677 3512 ἀσεϐημάτων
1719 3444 1818 3494 ὑπ-

236 3531 439 3599 ἔμεινε.

309 3643 328 3674 ι
361 3622 518 3693 Φωνὴ
561 3621 792 3691 βοῶντος
851 3625 907 3675 ἐν
947 3627 1012 3693 τῇ
1051 3623 1276 3694 ἐρήμῳο
1321 3623 1676 3695 Ἑτοιμάσατε
1719 3624 1816 3694 τὴν

233 3717 348 3770 ὁδον
393 3718 625 3788 Κυρίου,
670 3716 883 3780 εὐθείας
919 3721 1119 3768 ποιεῖτε
1157 3718 1256 3779 τὰς
1282 3717 1500 3786 τρίϐους
1550 3719 1641 3770 τοῦ
1679 3718 1812 3770 Θεοῦ

232 3810 414 3880 ἡμῶν.
443 3831 460 3860 ι
485 3809 681 3876 Σαφῶς
711 3811 1006 3880 παρίστησι
1044 3811 1117 3881 μὴ
1162 3810 1218 3861 ἐν
1255 3811 1691 3881 τῇἹερουο-αλὴμ
1726 3829 1815 3878 γε-

231 3903 493 3973 γενῆσθαι
518 3904 585 3955 τὰ
611 3902 992 3973 θεσπιζόμενα,
1022 3903 1134 3956 ἀλλ’
1159 3903 1249 3953 ἐπὶ
1271 3903 1366 3972 τῆς
1410 3904 1614 3973 ἐρήμου
1637 3921 1648 3931 ·
1675 3903 1816 3970 λέγω

231 3997 295 4068 δὴ
335 3998 396 4050 τὸ
437 3995 768 4067 ὀφθήσεσθαι
815 3996 908 4065 τὴν
954 3994 1109 4058 δόξαν
1144 3995 1370 4064 Κυρίου,
1415 3995 1506 4046 καὶ
1557 3995 1617 4046 τὸ
1667 3995 1814 4064 πάσῃ

235 4092 398 4160 σαρκὶ
421 4089 831 4158 γνωσθήσεσθαι
853 4088 910 4139 τὸ
936 4089 1198 4158 σωτήριον
1220 4085 1313 4138 τοῦ
1336 4085 1490 4139 Θεοῦ.
1517 4088 1624 4139 Καὶ
1645 4086 1814 4139 ταῦτα

236 4179 335 4250 μὲν
371 4179 679 4249 ἐπληροῦτο
713 4179 844 4248 πρὸς
892 4178 1130 4247 ἱστορίαν
1163 4178 1256 4230 καὶ
1281 4177 1424 4242 λέξιν
1457 4178 1547 4228 ἐπὶ
1581 4176 1676 4229 τοῦ
1709 4178 1814 4227 Βα-

235 4268 462 4322 πτιστοῦ
508 4269 752 4320 Ἰωάννου
791 4268 1154 4338 κηρύσσοντος
1182 4269 1278 4338 τὴν
1314 4273 1580 4340 σωτήριον
1616 4274 1812 4341 ἐπιφά-

231 4375 381 4416 νειαν
409 4361 544 4414 Θεοῦ
581 4363 637 4412 ἐν
668 4364 732 4431 τῇ
763 4361 949 4437 ἐρήμῳ
984 4361 1074 4414 τοῦ
1118 4363 1402 4431 Ἰορδάνου,
1453 4366 1508 4415 ὲν
1630 4367 1721 4418 καὶ
1756 4368 1814 4419 τὸ

233 4455 503 4524 σωτήριον
539 4450 693 4522 ὦιρθη
727 4452 817 4504 τοῦ
849 4452 1001 4504 Θεοῦ.
1041 4452 1214 4515 Αὐτὸς
1260 4456 1366 4525 γὰρ
1405 4458 1432 4507 ὸ
1482 4457 1735 4526 Χριστὸς,
1776 4461 1808 4528 ἢ

1931 1973 2038 2028 Ιιιιη
2073 1977 2339 2032 consolari
2374 1980 2778 2047 praecipiuntur,
2807 1987 2991 2046 utpote
3017 1979 3109 2048 qui
3134 1980 3513 2036 consolatione

1927 2079 2061 2133 opus
2101 2066 2319 2121 habeat.

2006 2180 2024 2212 ι
2055 2161 2193 2225 Quia
2225 2160 2424 2228 repleta
2460 2170 2544 2214 est
2595 2162 2900 2216 liumiliatio
2949 2161 3066 2230 ejus
3101 2178 3114 2214 :
3148 2162 3381 2216 solutum
3424 2172 3510 2217 est

1929 2263 2210 2322 peccatum
2235 2253 2400 2314 illius,
2432 2254 2688 2320 quoniam
2711 2254 2950 2322 suscepit
2993 2256 3057 2307 de
3095 2269 3254 2307 manu
3294 2253 3508 2308 Domini

1927 2345 2157 2414 duplicia
2188 2354 2409 2411 peccata
2435 2361 2550 2398 sua.
2587 2364 2606 2396 ι
2655 2345 2760 2398 Par
2795 2356 2877 2400 est
2917 2356 2974 2400 ut
3007 2346 3224 2400 demum
3255 2345 3510 2402 consola-

1931 2436 2126 2500 tionem
2157 2437 2420 2497 obtineat,
2451 2435 2520 2489 ob
2554 2435 2956 2490 illucescentem
3005 2437 3101 2492 toti
3145 2437 3379 2491 humano
3411 2451 3507 2506 ge-

1928 2527 2041 2579 neri
2073 2527 2192 2578 novi
2221 2524 2516 2579 Salvatoris
2551 2527 2859 2578 adventum.
2902 2525 3102 2594 Duplex
3135 2541 3266 2579 vero
3298 2525 3507 2594 suppli-

1925 2618 2068 2670 cium
2098 2617 2245 2670 cordi
2271 2615 2570 2669 Jerusalem
2606 2614 2864 2668 inﬂictum
2892 2615 3042 2670 dicas
3079 2637 3091 2670 :
3131 2626 3240 2669 tum
3271 2617 3395 2685 quia
3419 2629 3507 2671 se-

1924 2708 2160 2762 cundum
2188 2707 2470 2761 historiam
2499 2707 2779 2761 memorati
2810 2707 3057 2761 homines
3083 2709 3151 2762 ab
3186 2706 3507 2776 alienigenis

1925 2802 2178 2870 gentibus
2200 2800 2466 2869 oppressi,
2501 2801 2553 2852 in
2591 2811 2798 2868 partem
2835 2800 3164 2854 calamitatis
3195 2801 3373 2870 populi
3414 2815 3505 2854 ve-

1925 2894 2182 2956 niebant;
2235 2902 2346 2946 tum
2379 2897 2502 2962 quia
2541 2895 2838 2949 secundum
2891 2903 3124 2948 mentem
3159 2895 3223 2948 de
3255 2895 3503 2949 multitu-

1923 2985 2064 3039 dinis
2097 2987 2399 3056 abjeczione
2445 2986 2634 3039 ﬂentes
2683 3000 2748 3039 ac
2781 2985 3069 3039 multorum
3127 2987 3417 3055 perniciem
3447 2997 3504 3041 et

1921 3079 2143 3132 exitium
2185 3079 2448 3148 lugentes,
2490 3093 2609 3131 sese
2637 3079 3025 3132 macerabant:
3061 3078 3188 3144 quin
3224 3079 3384 3131 etiam
3417 3094 3502 3133 se-

1919 3173 2095 3226 cundo
2127 3173 2352 3227 obsessa
2382 3171 2743 3242 Jerosolyma,
2777 3172 2848 3225 ita
2877 3181 2933 3224 ut
2960 3174 3217 3240 templum
3245 3176 3361 3241 ejus
3388 3174 3502 3228 solo

1923 3274 2250 3333 aequaretur,
2293 3266 2486 3332 duplex
2531 3264 2792 3319 scelerum
2845 3266 2912 3318 ab
2957 3279 3017 3318 se
3065 3275 3501 3334 perpetratorum

1921 3358 2241 3428 supplicium
2277 3358 2395 3411 luit.

1993 3622 2155 3675 Vens.
2193 3621 2245 3675 3.
2275 3621 2388 3675 Vox
2428 3621 2714 3676 clamantis
2758 3622 2809 3676 in
2846 3621 3089 3684 deserto,
3125 3620 3322 3676 Parate
3356 3623 3498 3679 viam

1926 3715 2158 3778 homini,
2197 3725 2371 3769 rectas
2413 3715 2574 3769 facite
2619 3717 2841 3770 semitas
2880 3715 2972 3771 Dei
3021 3718 3208 3772 nostri.
3245 3737 3266 3770 ι
3301 3721 3498 3786 Aperte

1921 3807 2161 3861 declarat
2204 3823 2288 3873 ea,
2321 3824 2440 3875 qum
2488 3809 2539 3861 in
2583 3809 2838 3863 vaticinio
2878 3808 3143 3872 feruntur,
3180 3825 3283 3863 non
3338 3809 3498 3864 Jcro-

1919 3900 2161 3970 selymze,
2216 3899 2309 3952 scd
2338 3901 2388 3952 in
2419 3901 2632 3953 deserto
2663 3902 2898 3968 gerenda
2933 3917 3053 3955 esse
3079 3920 3092 3966 ;
3131 3917 3324 3970 nempe
3353 3905 3496 3973 quod

1922 3992 2161 4048 futurum
2191 3993 2284 4057 sit,
2315 4003 2369 4046 ut
2404 3993 2570 4062 gloria
2610 3994 2816 4047 Domini
2863 4005 3139 4062 appareat,
3171 4005 3223 4048 et
3258 3996 3497 4051 salutare

1922 4086 2014 4139 Dei
2049 4087 2098 4137 in
2124 4086 2301 4139 omnis
2331 4086 2510 4138 carnis
2537 4085 2778 4138 notitiam
2813 4089 2996 4145 veniat
3039 4087 3102 4140 Et
3133 4087 3246 4142 haec
3277 4090 3493 4158 quidem

1919 4179 2215 4232 secundum
2265 4179 2544 4231 historiam
2586 4187 2638 4231 et.
2687 4180 2751 4231 ad
2799 4182 3042 4241 verbum,
3100 4192 3225 4234 tunc
3274 4183 3494 4252 impleta

1917 4279 2063 4331 sunt,
2090 4283 2211 4322 cum
2247 4268 2486 4324 Joannes
2525 4269 2762 4338 Baptista
2813 4272 3103 4326 salutarem
3153 4275 3242 4329 Dei
3292 4280 3494 4331 adven-

1880 4371 2028 4438 _tum
2066 4361 2370 4427 praedicavit
2429 4362 2480 4414 in
2528 4363 2743 4417 deserto
2775 4362 3052 4428 Jordanis,
3110 4369 3194 4420 ubi
3259 4370 3494 4424 salutare

1919 4453 2009 4506 Dei
2056 4455 2226 4506 visum
2280 4451 2396 4506 fuit.
2448 4453 2578 4506 Nam
2622 4465 2746 4507 tunc
2802 4455 3046 4509 Christus
3074 4457 3293 4526 ejusque
3325 4461 3490 4529 gloria

229 4561 290 4599 τε
323 4546 449 4610 δόξα
477 4544 642 4598 αὐτοῦ
675 4545 782 4606 τοῖς
812 4546 972 4597 πᾶσιν
1002 4544 1266 4614 ἐγνώσθη,
1301 4548 1388 4599 ὅτε
1424 4547 1809 4616 βαπτισθέντος

1924 4547 2169 4599 munibus
2220 4545 2470 4610 innotuit,
2502 4563 2644 4610 cum,
2677 4548 2792 4616 ipso
2820 4550 3115 4616 baptizato,
3145 4552 3312 4616 aperti
3365 4563 3494 4606 sunt

233 4636 419 4696 αὐτοῦ,
473 4634 800 4704 ἠνοίχθησαν
843 4639 890 4688 οἱ
943 4638 1179 4708 οὐρανοὶ,
1232 4639 1324 4690 καὶ
1369 4639 1429 4690 τὸ
1473 4641 1695 4711 Πνεῦμα
1749 4643 1808 4694 τὸ

233 4730 388 4796 ἅγιον
415 4731 472 4780 ἐν
498 4727 628 4779 εἴδει
658 4731 980 4797 περιστερᾶς
1007 4727 1248 4781 καταϐὰν
1280 4731 1490 4800 ἔμεινεν
1513 4734 1597 4783 ἐπ’
1622 4733 1803 4793 αὑτοῦ,

234 4821 382 4889 φωνή
412 4836 469 4870 τε
498 4817 698 4888 ἠνέχθη
732 4820 969 4890 πατρικὴ
997 4819 1073 4888 τῷ
1105 4820 1218 4889 Υἱῷ
1250 4822 1618 4891 μαρτυροῦσα·
1656 4843 1673 4874 ι
1712 4820 1807 4877 05-

233 4912 322 4975 τος
363 4914 510 4962 ἐστιν
542 4912 571 4961 ὁ
604 4910 728 4972 Υἱός
766 4929 864 4980 μου
896 4913 923 4963 ὁ
962 4912 1261 4982 ἀγαπητὸς,
1297 4913 1459 4966 αὑτοῦ
1493 4916 1734 4969 ἀκούετε.
1785 4936 1801 4966 ι

247 5003 331 5066 Ὠς
377 5005 485 5074 γάρ
529 5001 810 5071 μέλλοντος
841 5003 1120 5073 ἐπιδημεῖν
1147 5007 1212 5074 τῇ
1256 5007 1447 5076 ἐρήμῳ
1503 5009 1594 5060 καὶ
1635 5012 1698 5078 τῇ
1748 5011 1804 5076 ἐξ

236 5096 427 5159 αἰῶνος
459 5093 649 5163 ἀϐάτῳ
693 5094 784 5146 τοῦ
823 5094 979 5156 Θεοῦ,
1026 5096 1198 5148 ταῦτα
1232 5097 1467 5165 ἐλέγετο.
1508 5094 1613 5150 Ἦν
1654 5101 1709 5152 δὲ
1739 5103 1808 5154 τὰ

236 5187 357 5258 ἔθνη
393 5189 576 5240 πάντα
607 5186 785 5255 ἔρημα
817 5187 950 5238 Θεοῦ
999 5188 1270 5255 γνώσεως,
1315 5191 1408 5243 καὶ
1452 5190 1626 5244 ἄϐατα
1673 5195 1804 5245 πᾶσι

230 5281 342 5340 τοῖς
382 5276 479 5330 τοῦ
532 5275 667 5328 Θεοῦ
715 5277 937 5340 δικαίοις
980 5295 1036 5330 τε
1081 5279 1174 5330 καὶ
1215 5282 1518 5351 προφήταις
1565 5283 1805 5351 ἀνδράσι.

233 5369 429 5438 Διόπερ
461 5369 494 5436 ἡ
532 5366 684 5436 φωνὴ
724 5367 1154 5437 παρακελεύεται
1197 5368 1312 5421 ὁδὸν
1353 5372 1692 5442 εὐτρεπίζειν
1730 5373 1809 5443 τῷ

232 5459 319 5512 τοῦ
353 5458 492 5512 Θεοῦ
523 5456 701 5526 Λόγῳ,
723 5460 815 5510 καὶ
843 5461 940 5529 τὴν
972 5460 1171 5514 ἄϐατον
1197 5463 1292 5514 καὶ
1323 5467 1578 5535 τραχεῖαν
1605 5465 1811 5536 ὁμαλὴν

233 5554 423 5617 ποιεῖν,
456 5552 524 5604 ἵν’
563 5549 724 5620 ἐπιϐῇ
758 5551 1098 5624 ἐπιδημήσας
1128 5554 1156 5604 ὁ
1189 5553 1320 5618 Θεὸς
1351 5556 1529 5626 ἡμῶν.
1571 5575 1590 5607 ‹
1639 5558 1807 5611 Ἐτοιη

232 5645 439 5716 μασατε
477 5641 582 5712 τὴν
612 5641 729 5693 ὁδὸν
762 5642 983 5711 Κυρίου·
1028 5663 1046 5694 ι
1087 5643 1329 5698 τουτέστι
1365 5646 1426 5698 τὸ
1456 5647 1807 5714 εὐαγγελικὸν

292 5843 528 5901 “Juan.
575 5857 686 5900 xw.
722 5842 806 5897 ιιι.
893 5843 935 5872 ⁶¹
969 5845 1260 5906 .\lattb.ut,
1300 5847 1381 5902 17.

1917 4641 2060 4704 caeli,
2093 4648 2145 4692 et
2171 4639 2405 4708 Spiritus
2430 4650 2650 4692 sanctus
2681 4642 2728 4692 in
2763 4642 3028 4694 columbw
3053 4643 3230 4708 specie
3263 4642 3492 4697 descen-

1917 4732 2071 4793 dens,
2108 4745 2269 4796 super
2320 4745 2384 4782 eo
2418 4731 2634 4795 insedit,
2675 4742 3005 4800 paternaqne
3032 4749 3131 4785 vox
3173 4734 3347 4788 delata
3383 4748 3487 4799 est,

1917 4821 2053 4873 Filio
2083 4822 2444 4876 testimonium
2477 4824 2725 4887 reddens,
2763 4844 2778 4874 ι
2811 4825 2907 4878 llic
2937 4835 3015 4879 est
3045 4826 3210 4879 Filius
3236 4843 3385 4882 meus
3410 4830 3490 4881 di-

1917 4913 2108 4975 lectus,
2167 4915 2336 4982 ipsum
2378 4916 2555 4968 audite
2587 4916 2650 4968 δι.
2694 4936 2711 4967 ι
2764 4917 2886 4972 llaec
2921 4920 3116 4987 quippe
3149 4920 3489 4983 dicebantur,

1914 5005 2038 5074 quia
2070 5003 2208 5059 Deus
2236 5007 2286 5059 in
2322 5007 2614 5070 desertum,
2661 5024 2687 5059 a
2719 5009 2913 5062 sarculo
2957 5010 3274 5077 impervium
3304 5022 3355 5063 ct
3407 5012 3492 5063 in-

1915 5113 2212 5159 accessum,
2270 5098 2601 5153 adventurus
2648 5112 2786 5156 erat.
2859 5101 3026 5154 Erant
3083 5119 3246 5171 porro
3304 5116 3492 5171 gentes

1909 5205 2095 5243 omnes
2170 5190 2262 5243 Dei
2331 5185 2642 5262 cogn-itione
2722 5207 2922 5256 vacuze,
2978 5208 3269 5260 aquarum
3342 5195 3490 5245 aditu

1912 5298 2099 5337 omnes
2121 5283 2247 5350 justi
2278 5284 2370 5338 Dei
2390 5301 2451 5340 ac
2474 5287 2749 5354 propheta.-
2769 5288 3111 5340 arcebantur.
3129 5288 3491 5353 Quamobrem

1907 5375 2062 5442 jubet
2094 5389 2194 5428 vox
2233 5377 2343 5440 illa,
2392 5377 2531 5430 viam
2577 5393 2768 5446 parare
2814 5378 2908 5433 Dei
2953 5377 3155 5443 Verbo,
3186 5390 3240 5433 et
3289 5379 3490 5432 inviam

1919 5479 2274 5535 asperamque
2329 5469 2698 5538 complanare,
2755 5480 2810 5524 ut
2877 5487 2937 5525 eo
2996 5473 3287 5525 adveniens
3353 5470 3487 5523 Deus

1918 5572 2102 5615 noster
2150 5561 2398 5631 progredi
2437 5563 2628 5616 valeat.
2672 5581 2690 5613 ι
2735 5561 2928 5617 Parate
2970 5565 3110 5616 viam
3162 5563 3415 5623 Domini;
3467 5582 3483 5613 ι

1915 5668 1974 5707 ea
2005 5660 2087 5705 est
2136 5653 2441 5724 evangelica
2480 5655 2812 5726 praedicatio,
2868 5670 3113 5724 novaque
3168 5656 3487 5722 consolatio,
