4100 6426
637 424 740 485 ῦῗί

1300 418 1565 475 EUSEBII
1602 417 2074 474 mammas
2108 418 2254 475 oar.
2298 420 2479 477 PARS
2514 422 2603 477 nt.
2630 451 2696 462 -
2735 394 3143 480 exesam.

3739 426 3843 485 8ἳέ

640 542 815 608 opifex
848 533 1196 606 dignoscitur,
1245 534 1365 603 jure
1397 546 1458 587 ea
1490 548 1608 602 qum
1631 548 1792 603 penes
1818 547 1913 588 nos
1948 537 2175 588 maxima

2289 535 2482 605 μεγέθη
2502 536 2567 605 τῇ
2589 534 2683 588 τοῦ
2711 535 3013 606 mimice
3036 534 3333 606 παραθέπει
3356 526 3662 609 emerim»
3699 537 3843 608 ἡμᾶς

642 633 921 691 habentur,
960 627 1155 681 collata
1197 640 1315 680 cum
1354 623 1461 678 Deo
1492 634 1766 690 extenuat,
1799 624 1866 679 ad
1898 624 2186 681 conditoris

636 720 875 776 omnimn
905 718 1146 773 notitiam
1179 730 1279 770 nos
1300 730 1551 770 evocans.

709 808 873 864 Vens.
910 809 1105 870 £5.16.
1168 826 1189 858 ι
1231 805 1361 872 Quis
1398 806 1544 859 novit
1589 816 1817 862 mentem
1862 806 2105 863 Domini?
2131 815 2185 864 οἱ

637 901 757 972 quis
803 902 919 969 ejus
963 898 1299 954 consiliarius
1335 895 1453 961 fuit,
1488 897 1579 965 qui
1628 898 1859 952 instruat
1904 900 2185 953 eum‘laut

636 1006 797 1059 quem
843 988 1108 1043 consuluit
1172 986 1263 1053 qui
1330 986 1650 1040 instruxerit
1713 987 1879 1042 eum?
1933 997 2026 1041 aut
2064 990 2184 1058 quis

638 1078 872 1132 ostendit
920 1076 968 1130 ei
1009 1074 1303 1144 judicium,
1372 1082 1461 1127 aut
1521 1074 1659 1127 viam
1718 1075 2010 1143 prudentia:
2064 1081 2184 1147 quis

638 1164 954 1220 monstravit
1004 1163 1092 1218 ei?
1127 1182 1146 1215 ι
1208 1161 1340 1228 Quia
1376 1163 1518 1217 enim
1567 1162 2013 1235 interrogaverat,
2062 1170 2185 1240 quis

638 1265 784 1309 esset
818 1254 909 1324 qui
944 1252 1059 1307 hac
1086 1254 1349 1308 exsistere
1390 1250 1624 1322 fecisset,
1661 1264 1715 1308 et
1736 1256 1855 1324 quis
1885 1273 2006 1312 cum
2037 1275 2183 1313 men-

638 1359 765 1399 sura
790 1352 844 1397 et
875 1340 1109 1410 pondere
1140 1342 1250 1397 haec
1279 1343 1612 1408 adornasset,
1654 1356 2043 1412 consequenter
2069 1357 2177 1401 tra-

637 1430 716 1484 dit
761 1430 1049 1495 neutinem,
1079 1432 1179 1484 nisi
1233 1444 1390 1484 unam
1438 1442 1642 1486 tantum
1684 1435 1931 1489 omnibus
1980 1437 2183 1490 incom-

638 1523 1048 1594 prehensibilem
1082 1530 1310 1576 mentem
1340 1538 1354 1573 :
1381 1538 1546 1592 quare
1568 1525 1773 1588 subdit,
1822 1545 1839 1577 ι
1875 1526 2004 1587 Ouis
2038 1527 2183 1580 novit

639 1627 869 1669 tuentem
906 1614 1203 1667 Domini?»
1246 1628 1367 1682 qua:
1411 1614 1665 1683 praedicta
1714 1617 1889 1669 omnia
1924 1620 2180 1683 condidit,

638 1720 756 1767 qua:
785 1704 927 1759 nullo
957 1719 1117 1772 egens
1148 1702 1475 1766 consiliario,
1506 1720 1678 1773 neque
1712 1705 1935 1775 alicujus
1966 1719 2180 1763 senten-

641 1799 710 1847 tia
740 1810 855 1859 usa,
885 1804 1069 1863 suapte
1094 1795 1834 1864 sapientia,quas-nullatenus
1856 1800 2182 1853 exsistebant

635 1886 704 1939 ad
740 1886 1025 1940 essentiam
1061 1886 1318 1939 traduxit.

709 1974 862 2031 Vens.
890 1976 972 2041 l5,
1006 1976 1089 2029 16.
1121 1994 1139 2026 ι
1172 1976 1228 2030 Si
1281 1991 1468 2031 omnes
1508 1986 1692 2045 gentes
1731 1987 1981 2049 tanquam
2030 1988 2180 2049 gutta

636 2066 829 2132 situlai,
883 2074 937 2121 et
989 2076 1237 2136 tauquam
1284 2078 1608 2122 momentum
1653 2079 1869 2124 statera:
1924 2079 2182 2139 reputatae

636 2165 790 2221 sunt,
822 2167 1073 2227 tanquam
1102 2156 1264 2211 saliva
1314 2159 1668 2214 habebuntur.
1723 2158 1961 2215 Libanus
2004 2172 2178 2215 autem

640 2265 745 2305 non
764 2248 955 2304 sullicit
983 2250 1049 2303 ad
1070 2250 1583 2315 comburendum,et.
1611 2252 1789 2305 omnia
1818 2250 2179 2322 quadrupedis

637 2356 743 2395 non
774 2342 1037 2395 sulliciunt
1067 2342 1131 2394 ad
1171 2341 1569 2396 holocaustum.
1597 2360 1616 2393 ι
1660 2343 1914 2408 Qnaznam
1940 2344 2020 2397 hae
2049 2360 2181 2412 gen-

635 2439 735 2497 tes,
778 2432 877 2486 nisi
915 2446 1033 2501 qua:
1078 2430 1240 2486 Deum
1286 2445 1393 2485 non
1441 2442 1719 2497 noverunt,
1752 2432 1843 2487 sed
1873 2432 2183 2488 idololatriae

635 2522 808 2575 errori
860 2522 1085 2577 addictte
1115 2520 1281 2574 sunt?
1327 2521 1455 2587 Quae
1502 2530 1752 2588 tanquam
1799 2522 1935 2575 stilla
1983 2522 2179 2587 sitular,

640 2621 888 2680 tanquam
942 2624 1265 2667 momentum
1313 2623 1547 2679 staterae,
1596 2623 1652 2667 et
1713 2621 1963 2681 tanquam
2012 2614 2180 2668 saliva

639 2703 945 2771 reputandte
988 2704 1203 2757 dieuntu
1212 2718 1255 2757 r.

713 2792 875 2847 Vens.
894 2794 982 2867 l7,
1004 2791 1086 2847 l8.
1110 2812 1129 2845 ι
1154 2794 1217 2847 Et
1252 2809 1441 2848 omnes
1469 2804 1658 2864 gentes
1684 2795 1834 2864 quasi
1873 2795 2004 2850 nihil
2036 2804 2179 2861 sunt.

638 2893 692 2937 et
724 2884 775 2937 in
802 2883 1020 2937 nihilum
1055 2882 1462 2952 reputabuntur.
1494 2884 1591 2937 Cui
1627 2886 1962 2941 assimilastis
2005 2887 2184 2941 Domi-

640 2975 809 3031 num?
837 2985 892 3030 et
920 2976 1005 3029 cui
1038 2975 1253 3045 imagini
1282 2990 1402 3029 eum
1435 2975 1814 3033 assimilastis?
1853 2995 1871 3029 ι
1904 2977 2031 3044 Quae
2056 2995 2183 3035 con-

638 3078 925 3137 sequenter
980 3067 1207 3130 induxit,
1260 3075 1544 3137 postquam
1601 3065 1695 3121 Dei
1758 3068 2075 3137 theologiam
2128 3071 2181 3124 iu

640 3159 872 3212 medium
911 3158 1109 3221 attulit,
1159 3166 1213 3212 et
1262 3168 1545 3227 postquam
1577 3157 1824 3227 gentibus
1863 3160 2180 3228 enuntiavit,

636 3256 871 3315 quantus
907 3256 1048 3300 esset
1104 3246 1169 3311 is,
1224 3246 1314 3314 qui
1373 3260 1564 3315 aquam
1602 3261 1759 3298 manu
1810 3261 2029 3300 mensus
2080 3258 2183 3314 est,

640 3338 813 3405 palma
871 3337 1088 3400 malum,
1122 3345 1176 3391 et
1224 3346 1419 3390 terram
1459 3349 1669 3391 omnem
1713 3335 1932 3405 pugillo,
1990 3338 2187 3406 quique

643 3437 851 3481 montes
883 3428 1132 3496 pondere,
1179 3435 1233 3479 et
1289 3424 1452 3479 valles
1514 3432 1711 3479 statera
1744 3424 2049 3480 conStituit.
2090 3424 2187 3481 His

642 3524 820 3590 itaque
859 3520 1098 3588 apposite
1128 3520 1339 3575 confert
1378 3534 1617 3573 errorem
1649 3518 1819 3584 illum,
1866 3534 1972 3588 quo
2001 3529 2187 3587 gentes

641 3612 1010 3666 detinebantur
1039 3627 1054 3663 :
1090 3610 1157 3664 ab
1193 3624 1361 3678 eoque
1395 3610 1512 3663 illas
1544 3618 1813 3674 avertens,
1841 3610 1907 3662 ad
1938 3610 2183 3665 notitiam

640 3703 777 3770 ejus,
804 3702 891 3769 qui
924 3702 1060 3755 Deus
1079 3714 1195 3755 esse
1215 3702 1553 3769 praedicatur,
1582 3714 1791 3755 evocat.

710 3790 872 3847 Vsus.
899 3792 1083 3847 19-23.
1113 3810 1132 3842 ι
1160 3792 1346 3844 Annon
1374 3792 1655 3859 imaginem
1680 3790 1804 3845 fecit
1826 3791 1997 3855 faber,
2023 3800 2076 3847 et
2099 3806 2188 3845 an-

643 3882 781 3937 rilex
825 3885 1052 3936 conﬂato
1095 3897 1225 3936 auro
1272 3881 1539 3934 inauravit
1581 3882 1747 3933 eam?
1789 3882 2184 3936 similitudinem

644 3970 771 4025 fecit
791 3986 907 4025 eam
929 3970 953 4023 ἓ
978 3969 1204 4039 Lignum
1236 3970 1399 4031 enim,
1425 3969 1564 4037 quod
1593 3983 1696 4023 non
1725 3979 2013 4038 putrescat,
2037 3972 2188 4042 eligit

645 4060 814 4125 faber,
844 4068 895 4114 et
922 4061 1191 4130 sapienter
1217 4070 1414 4129 qineret
1447 4059 1715 4126 quomodo
1742 4068 1945 4112 statuat
1998 4061 2186 4130 imagi-

646 4163 765 4202 nem
794 4164 857 4203 ex
883 4164 966 4213 eo,
1000 4157 1053 4201 et
1084 4158 1141 4200 ut
1182 4164 1287 4202 non
1314 4158 1729 4202 commoveatur.
1758 4147 1944 4203 Nonne
1973 4150 2188 4204 scietis?

649 4250 826 4291 nonne
865 4236 1128 4289 audietis?
1160 4238 1346 4288 Annon
1405 4234 1781 4287 aununtiatum
1825 4244 1909 4288 est
1963 4235 2110 4290 vobis
2155 4253 2185 4291 a

646 4328 943 4397 principio?
976 4341 1078 4381 non
1123 4325 1446 4393 cognovistis
1497 4324 1838 4378 fundamenta
1880 4331 2187 4397 terrzezqui

644 4419 884 4476 continet
914 4434 1099 4488 gyrum
1126 4426 1299 4480 terrae,
1332 4424 1387 4468 et
1433 4416 1758 4469 habitatores
1794 4416 1909 4485 ejus
1931 4419 2082 4486 quasi
2114 4421 2191 4474 lo-

2284 628 2365 689 εις
2407 625 2612 680 ἔννοιαν
2661 625 3127 699 προσκαλούμενος
3178 626 3268 678 τοῦ
3302 626 3372 678 τά
3414 626 3705 697 σύμπαντα
3757 645 3845 681 σν-

2282 716 2636 786 στησαμένου.

2358 824 2380 856 ι
2420 806 2515 869 Τίς
2531 804 2675 874 εγνω
2701 805 2825 858 νοῦν
2851 806 3054 877 Κυρίου
3076 821 3091 869 ;
3118 806 3211 857 καὶ
3231 805 3314 869 τίς
3345 804 3507 859 αὐτοῦ
3543 804 3842 876 σύμϐουλος

2282 895 2517 962 ἐγένετο,
2550 895 2612 958 δς
2636 895 2874 966 συμϐιϐᾷ
2899 896 3058 949 αὐτόν
3082 895 3152 966 ;ἣ
3185 897 3320 966 πρὸς
3352 897 3471 949 τίνα
3505 895 3842 949 συνεϐουλεύ-

2283 1001 2435 1048 σατο,
2466 984 2555 1038 καὶ
2581 984 2928 1038 συνεϐίϐασεν
2954 984 3145 1048 αύτόν;
3176 984 3207 1055 ἧ
3234 985 3314 1048 τίς
3337 985 3534 1050 ἔδειξεν
3553 986 3700 1056 αὐτῷ
3722 986 3842 1057 κρί-

2284 1092 2397 1141 σιν;
2439 1075 2472 1146 ἢ
2507 1074 2626 1129 ὁδὸν
2669 1076 2937 1139 συνέσεως
2979 1076 3061 1138 τίς
3102 1075 3300 1138 ἔδειξεν
3331 1070 3511 1145 αύτῷ;
3559 1095 3579 1128 ι
3623 1076 3840 1149 Ἐπειδὴ

2282 1166 2393 1236 γὰρ
2418 1164 2687 1238 ἠρώτησε,
2721 1166 2804 1228 τίς
2838 1168 2866 1219 ό
2891 1166 3063 1219 ταῦτα
3095 1165 3552 1237 ὑποστησάμενος,
3585 1168 3679 1220 καὶ
3704 1168 3785 1232 τίς
3811 1171 3843 1222 6

2286 1256 2468 1326 μέτρῳ
2514 1256 2604 1308 καὶ
2637 1254 2858 1325 σταθμῷ
2886 1255 3055 1309 ταῦτα
3090 1254 3499 1327 διαταξάμενος,
3536 1257 3842 1323 ἀκολούθως

2283 1347 2619 1410 ἀποδίδωσιν,
2654 1346 2728 1409 ὡς
2754 1346 2929 1409 οὐδεὶς
2957 1348 2988 1417 ἢ
3023 1342 3103 1410 εἷς
3131 1347 3288 1417 μόνος
3318 1350 3348 1400 6
3374 1350 3484 1411 τοῖς
3517 1349 3683 1401 πᾶσιν
3708 1351 3847 1402 ἀκα-

2280 1438 2546 1508 τάληπτος
2560 1436 2702 1501 νοῦς,
2720 1438 2797 1491 διὸ
2822 1438 3081 1506 ἐπιλέγει’
3106 1437 3229 1502 «Τίς
3254 1440 3392 1507 ἐγνω
3408 1438 3532 1492 νοῦν
3556 1441 3792 1509 Κυρίους
3815 1460 3833 1491 ι

2281 1529 2373 1581 τὸν
2394 1528 2502 1581 τῶν
2530 1529 2827 1599 εἰρημένων
2854 1529 3104 1582 ἁπάντων
3136 1530 3435 1598 ποιητικὸν,
3467 1530 3525 1593 ὃς
3550 1529 3673 1583 ούτε
3704 1548 3845 1601 συμο

2282 1617 2471 1671 ϐούλου
2501 1618 2729 1689 δεηθεὶς,
2762 1618 2883 1671 οὕτε
2916 1621 3065 1687 παρά
3109 1636 3251 1682 τινος
3285 1620 3507 1690 γνώμην
3535 1620 3734 1683 λαϐὼν,
3772 1623 3837 1691 τῇ

2282 1708 2440 1763 αὑτοῦ
2480 1710 2637 1780 σοφία
2677 1710 2745 1763 τὰ
2779 1712 2999 1781 μηδαμῆ
3036 1712 3296 1781 μηδαμῶς
3342 1711 3623 1765 ὑφεστῶτα
3654 1714 3718 1765 ἐκ
3746 1712 3838 1765 τοῦ

2287 1798 2359 1870 μὴ
2390 1799 2537 1863 ὄντος
2564 1801 2644 1862 εἰς
2664 1800 2724 1851 τὸ
2748 1797 2883 1854 εἶναι
2919 1805 3255 1872 παρήγαγεν.

2357 1988 2376 2022 ι
2414 1972 2474 2025 Εἰ
2502 1972 2678 2025 πάντα
2708 1973 2774 2026 τὰ
2800 1973 2925 2044 ἔθνη
2955 1973 3029 2036 ὡς
3058 1973 3269 2041 σταγὼν
3294 1974 3400 2027 ἀπὸ
3430 1974 3613 2037 κάδου,
3651 1974 3744 2028 καὶ
3766 1974 3841 2038 ὡς

2282 2062 2424 2133 ῥοπὴ
2466 2062 2627 2130 ζυγοῦ
2671 2064 3042 2135 ἐλογίσθησαν,
3081 2066 3155 2127 ὡς
3200 2064 3371 2129 σίελος
3414 2065 3841 2136 λογισθήσονται.

2294 2154 2352 2206 'U
2388 2154 2444 2207 δὲ
2490 2154 2718 2217 Λίϐανος
2742 2156 2842 2225 οὐχ
2876 2156 3054 2218 ἱκανὸς
3080 2158 3157 2217 είς
3196 2154 3407 2220 καῦσιν,
3449 2157 3539 2207 καὶ
3572 2154 3751 2207 πάντα
3773 2154 3841 2207 τά

2283 2246 2585 2317 τετράποδα
2632 2248 2725 2317 οὐχ
2772 2247 2931 2300 ἱκανά
2974 2250 3051 2310 είς
3095 2248 3485 2318 ὁλοκόιρπωσιν.
3526 2266 3545 2298 ι
3596 2248 3734 2299 Ποῖα
3780 2246 3839 2299 δέ

2281 2336 2454 2391 ταῦτα
2481 2337 2514 2408 ἢ
2542 2338 2609 2391 τά
2631 2339 2723 2391 τὸν
2752 2338 2880 2391 Θεὸν
2919 2338 2992 2408 μὴ
3030 2339 3225 2402 εἰδότα,
3260 2338 3659 2410 προστετηκότα
3685 2336 3741 2389 δὲ
3771 2340 3837 2408 τῇ

2284 2430 2459 2504 πλάνη
2498 2431 2596 2501 τῆς
2637 2430 3109 2499 είδωλολατρείας;
3158 2432 3222 2483 Ἀ
3264 2429 3326 2501 δὴ
3366 2428 3459 2483 καὶ
3498 2429 3574 2492 ὡς
3623 2426 3839 2496 σταγὼν

2282 2522 2391 2576 ἀπὸ
2416 2522 2599 2586 κάδου,
2630 2523 2724 2577 καὶ
2763 2522 2837 2584 ὡς
3043 2521 3227 2590 ζυγοῦ,
3259 2522 3350 2577 καὶ
3375 2523 3448 2586 ὡς
3491 2522 3662 2585 σίελος
3696 2520 3815 2591 λογι

2284 2612 2574 2684 σθήσεσθαι
2603 2614 2836 2681 ἐλέγετο.

2356 2810 2375 2844 ι
2417 2794 2523 2846 Καὶ
2555 2793 2728 2871 πάντα
2764 2794 2832 2846 τά
2859 2794 2985 2865 ἔθνη
3022 2794 3097 2858 ὡς
3121 2794 3273 2848 οὐδέν
3302 2797 3427 2858 εἱσι,
3454 2797 3545 2849 καὶ
3577 2797 3659 2858 είς
3685 2796 3845 2851 οὐθὲν

2286 2881 2647 2954 ἐλογίσθησαν.
2716 2885 2835 2938 Τίνι
2904 2885 3220 2955 ὼμοιώσατε
3294 2887 3528 2958 Κύριον,
3586 2887 3681 2940 καὶ
3734 2887 3841 2939 τίνι

2280 2972 2582 3043 ὁμοιώματι
2620 2973 2935 3050 ὼμοιώσατε
2972 2977 3167 3041 αύτὸν;
3217 2996 3236 3029 ι
3287 2979 3353 3030 Ἀ
3400 2978 3494 3030 καὶ
3538 2976 3841 3042 ἀκολούθως

2282 3064 2529 3132 ἐπήγαγε
2571 3064 2707 3132 μετά
2746 3064 2807 3117 τὸ
2844 3066 3180 3135 παραθέσθαι
3215 3066 3311 3137 τὴν
3339 3069 3463 3138 περὶ
3493 3067 3626 3120 θεοῦ
3666 3066 3843 3121 θεολο-

2284 3154 2429 3223 γίαν,
2472 3154 2702 3224 κηρύξαι
2734 3172 2793 3207 τε
2838 3158 2950 3218 τοῖς
2998 3156 3202 3210 ἔθνεσιν
3244 3159 3366 3221 ὅσος
3405 3153 3471 3229 ἦν
3503 3159 3531 3211 6
3568 3159 3844 3229 μετρήσας

2288 3247 2354 3315 τῇ
2387 3245 2529 3313 χειρὶ
2554 3244 2615 3296 τὸ
2643 3243 2805 3313 ὕδωρ,
2840 3245 3041 3296 καὶτὸν
3063 3246 3288 3316 οὐρανὸν
3321 3246 3586 3318 σπιθαμῇ,
3629 3249 3725 3299 καὶ
3745 3246 3842 3317 τὴν

2286 3332 2387 3402 γῆν
2431 3335 2605 3385 πᾶσαν
2638 3332 2817 3401 δρακὶ,
2845 3332 2912 3385 τά
2938 3350 2995 3385 τε
3024 3333 3123 3405 ὅρη
3153 3336 3376 3406 σταθμῷ
3415 3338 3506 3389 καὶ
3530 3337 3627 3398 τὰς
3665 3338 3842 3399 νάπας

2287 3422 2434 3493 ζυγῴ
2472 3423 2889 3493 συστησάμενος.
2919 3423 3138 3486 Τούτοις
3171 3425 3301 3493 γοῦν
3325 3424 3634 3493 ἀναγκαίως
3661 3437 3842 3496 παρα-

2287 3512 2466 3566 ϐάλλει
2494 3512 2592 3583 τὴν
2617 3512 2947 3583 κατέχουσαν
2983 3514 3189 3585 πλάνην
3221 3515 3331 3567 τῶν
3370 3515 3557 3579 ἐθνῶν,
3583 3518 3844 3587 ἀποστρέ-

2287 3622 2400 3673 φων
2424 3606 2608 3676 αὐτῆς,
2636 3606 3068 3677 ἀνακαλούμενος
3094 3608 3149 3661 δὲ
3172 3609 3251 3671 είς
3288 3608 3582 3678 ἐπίγνωσιν
3609 3609 3703 3661 τοῦ
3729 3609 3842 3663 θεο-

2286 3695 2441 3762 λογου
2450 3695 2631 3765 μένου.

2371 3806 2387 3837 ι
2424 3787 2513 3856 Μὴ
2538 3785 2718 3837 εἰκόνα
2757 3785 2976 3856 ἐποίησε
3002 3787 3240 3849 τέκτωνς
3268 3788 3301 3859 ἢ
3326 3787 3613 3859 χρυσοχόος
3648 3788 3846 3858 χωνεύ-

2290 3896 2387 3941 au;
2443 3877 2661 3948 χρυσίον
2704 3878 3134 3949 περιεχρύσωσεν
3194 3879 3385 3946 αύτόν;
3421 3880 3672 3951 ὁμοίωμα
3715 3898 3838 3935 κατ·

2288 3969 2577 4022 εσκεύασεν
2601 3968 2790 4032 αύτόν;
2825 3968 2989 4021 Ξύλον
3025 3970 3132 4040 γάρ
3166 3970 3405 4040 ἄσηπτον
3440 3971 3719 4039 ἐκλέγεται
3760 3973 3845 4026 τέ-

2290 4077 2451 4122 κτων,
2485 4060 2577 4112 καὶ
2616 4058 2793 4126 σοφῶς
2825 4057 3046 4129 ζητήσει
3074 4059 3190 4123 πῶς
3228 4060 3415 4131 στήσει
3442 4060 3621 4113 είκόνα
3660 4060 3843 4126 αὑτοῦ,

2292 4153 2385 4205 καὶ
2417 4152 2500 4203 ἴνα
2526 4152 2598 4222 μὴ
2624 4151 2929 4220 σαλεύηται.
2958 4152 3032 4203 Οὐ
3065 4152 3369 4219 γνώσεσθε;
3396 4153 3495 4206 οὐκ
3517 4153 3846 4219 ἀκούσεσθες

2291 4246 2403 4297 Ούκ
2424 4244 2692 4314 ἀνηγγέλη
2711 4242 2769 4307 ἐξ
2786 4244 2955 4313 ἀρχῆς
2972 4243 3126 4313 ύμίν;
3149 4246 3248 4297 οὐκ
3276 4245 3471 4313 ἔγνωτε
3515 4245 3584 4297 τά
3627 4245 3848 4316 θεμέλια

2288 4334 2524 4403 τῆςγῆς.
2542 4334 2598 4385 Ὀ
2616 4331 2856 4402 κατέχων
2874 4332 2963 4385 τὸν
2979 4331 3144 4403 γύρον
3157 4333 3256 4401 τῆς
3270 4334 3394 4403 γῆς,
3410 4334 3503 4386 καὶ
3521 4336 3568 4386 ol
3581 4334 3849 4387 ἐνοικοῦνο

2292 4444 2379 4488 τες
2397 4427 2451 4477 ἐν
2470 4426 2601 4495 αὐτῇ
2620 4424 2691 4487 ὼς
2707 4423 2941 4493 ἀκρίδες·
2959 4423 2986 4474 6
3004 4424 3203 4493 στήσας
3220 4423 3294 4485 ὼς
3316 4423 3566 4493 καμάραν
3586 4422 3675 4474 τὸν
3692 4425 3848 4493 οὐραο

647 4524 831 4568 costae.
854 4512 952 4578 Qui
978 4512 1164 4565 statuit
1194 4508 1389 4563 cmlum
1429 4507 1579 4576 quasi
1623 4505 1906 4573 fornicem,
1938 4519 1992 4563 et
2012 4519 2186 4565 exten-

2295 4519 2401 4580 νὺν,
2418 4516 2508 4569 καὶ⁵
2526 4515 2790 4575 διατείνας
2808 4514 2880 4575 ὡς
2899 4514 3098 4583 σκηνὴν
3118 4516 3389 4565 κατοικεῖν
3409 4530 3420 4541 ’
3440 4516 3468 4565 6
3482 4513 3655 4574 διδοὺς
3670 4513 3849 4581 ἀρχον-

645 4608 726 4660 dit
752 4615 807 4659 ut
850 4602 1245 4658 tabernaculum
1273 4601 1338 4653 ad
1372 4599 1720 4653 habitandum
1759 4600 1889 4667 :qui
1932 4600 2020 4654 dat
2047 4604 2193 4672 prin-

647 4698 793 4766 cipes
856 4706 917 4747 ut
979 4694 1199 4747 nihilum
1256 4691 1322 4745 ad
1393 4690 2038 4759 imperandumzterram
2097 4710 2192 4747 au-

649 4799 753 4841 tem
806 4796 1057 4855 tanquam
1118 4784 1249 4838 nihil
1311 4783 1456 4837 fecit.
1505 4801 1525 4835 ι
1594 4783 1815 4837 Etiamsi
1872 4798 1900 4836 a
1956 4786 2197 4853 patrihus

647 4877 840 4931 eruditi
886 4892 991 4930 non
1022 4877 1187 4940 estis;
1243 4884 1299 4929 at
1334 4874 1420 4928 vel
1472 4889 1611 4927 nunc
1644 4874 1829 4929 saltem
1881 4878 1943 4929 ad
1978 4879 2195 4947 sapien-

650 4970 782 5024 tiam
838 4970 1105 5032 revocati,
1158 4968 1271 5035 ejus
1337 4982 1439 5036 Ope
1493 4968 1748 5033 ediscite,
1808 4969 1929 5037 quis
1983 4972 2053 5023 sit
2106 4975 2195 5041 qni

649 5063 886 5117 continet
960 5062 1302 5117 fundamenta
1374 5071 1549 5115 terrm.
1626 5061 1761 5114 Nam
1823 5077 1867 5115 si
1933 5077 2038 5118 non
2102 5082 2197 5133 po-

654 5156 846 5219 tuistis,
880 5154 1073 5222 inquit,
1106 5162 1336 5206 mentem
1362 5154 1428 5205 ad
1468 5152 1661 5207 malum
1696 5152 1935 5222 erigere;
1986 5165 2041 5208 at
2084 5158 2195 5210 sal-

653 5256 755 5301 tem
793 5248 846 5301 in
873 5258 1070 5300 terram
1105 5246 1460 5313 cogitationes
1482 5254 1537 5299 et
1574 5245 1852 5298 ratiocinia
1899 5259 2073 5300 vestra
2101 5249 2195 5303 lle-

653 5337 802 5403 ctite,
835 5338 888 5391 in
920 5336 1094 5403 iisque
1133 5336 1441 5389 moramini.
1475 5335 1710 5402 Qnmrite
1740 5336 1790 5389 in
1823 5352 1926 5405 quo
1963 5338 2051 5393 illa
2078 5339 2198 5393 lun-

654 5427 830 5489 detur,
858 5428 977 5497 quis
1010 5427 1100 5479 ille
1128 5426 1199 5480 sit
1226 5426 1317 5495 qui
1349 5434 1557 5479 tantum
1605 5424 1945 5489 elementum,
2004 5429 2195 5483 immo-

656 5530 765 5572 tum
796 5531 849 5573 et
879 5521 1250 5573 inconcussum
1284 5520 1502 5571 detinet.
1538 5516 1694 5582 Quis,
1722 5518 1815 5581 ait,
1855 5530 1935 5572 est
1963 5520 2075 5582 ille,
2105 5522 2193 5590 qui

657 5624 733 5665 tol
773 5624 957 5684 gentes
983 5615 1035 5666 ln
1071 5621 1211 5666 terra
1245 5609 1634 5671 disseminavit,
1680 5620 1736 5659 ut
1771 5608 1989 5664 locustis
2020 5614 2196 5678 parvi-

657 5704 789 5756 tatis
816 5715 1086 5769 corporeae
1108 5715 1269 5757 causa
1303 5702 1717 5769 comparentur?
1748 5700 1944 5758 Deinde
1988 5718 2198 5759 sortito-

659 5812 778 5850 netn
802 5810 830 5850 e
863 5806 1001 5849 terra
1046 5794 1279 5863 erigens,
1334 5794 1395 5850 ad
1431 5793 1698 5849 ccrleslcm
1737 5794 2015 5865 fornicem,
2045 5807 2096 5853 et
2136 5797 2199 5853 ed

2286 4629 2382 4675 τας
2402 4610 2473 4671 ὡς
2486 4607 2630 4661 οὐδὲν
2644 4607 2770 4675 ἄρχε
2782 4622 2846 4667 ιν,
2865 4605 2960 4673 τὴν
2976 4605 3029 4656 δὲ
3042 4604 3141 4671 γῆν
3153 4603 3226 4666 ὡς
3242 4603 3388 4656 οὐδὲν
3401 4603 3638 4672 ἐποίησε.
3660 4622 3676 4653 ι
3687 4604 3747 4655 El
3762 4604 3850 4655 καὶ

2294 4704 2367 4774 μὴ
2382 4706 2441 4755 ἐκ
2458 4698 2705 4774 πατέρων
2722 4695 3027 4764 ἐδιδάχθητε
3039 4734 3052 4757 ,
3069 4694 3203 4747 ἀλλά
3220 4692 3314 4746 νῦν
3330 4694 3456 4761 γοῦν
3473 4694 3848 4765 σωφρονισθέν-

2289 4771 2377 4855 ire;
2396 4831 2410 4854 ,
2434 4771 2761 4859 ὡφελήθητε,
2793 4788 2886 4839 καὶ
2922 4785 3115 4856 μάθετε
3137 4784 3217 4846 τίς
3240 4785 3365 4836 ποτέ
3395 4786 3539 4836 ἐστιν
3560 4788 3588 4837 6
3610 4785 3850 4854 κατέχων

2290 4883 2359 4936 τὰ
2404 4879 2625 4948 θεμέλια
2668 4878 2767 4947 τῆς
2804 4876 2925 4945 γῆς.
2974 4877 3034 4927 Ei
3078 4875 3183 4945 γὰρ
3227 4877 3299 4946 μὴ
3337 4874 3621 4944 ἠδύνασθε,
3668 4878 3849 4947 φησιν,

2298 4973 2376 5033 εἰς
2411 4970 2498 5022 τὸν
2535 4968 2760 5041 οὐρανὸν
2790 4968 2888 5037 τὴν
2928 4967 3162 5019 διάνοιαν
3197 4967 3458 5036 ἐπαίρειν,
3488 4966 3601 5018 ἀλλ’
3638 4968 3852 5038 ἐπιστηο

2304 5078 2449 5125 σατε,
2493 5061 2676 5131 φησιν,
2723 5060 2780 5111 ἐν
2824 5061 2888 5127 τῇ
2931 5060 2998 5126 γῇ
3042 5057 3377 5127 ἐμποιεῖσθαι
3422 5056 3515 5119 ea;
3557 5056 3850 5128 διατριϐάς.

2316 5152 2436 5205 Ἐπὶ
2457 5152 2597 5214 τίνος
2614 5169 2675 5204 τε
2695 5151 2958 5221 ἦδρασται
2992 5149 3275 5219 ζητήσατε,
3300 5148 3389 5200 καὶ
3411 5150 3493 5210 τίς
3517 5150 3661 5200 ἐστιν
3682 5146 3851 5213 οὗτος,

2302 5245 2329 5295 6
2372 5244 2429 5295 τὸ
2468 5242 2717 5297 τοσοῦτον
2774 5243 3027 5309 στοιχεῖον
3079 5240 3291 5302 ἀκλινές
3322 5257 3380 5292 τε
3424 5241 3513 5291 καὶ
3567 5240 3853 5292 ἀσάλευτον

2302 5333 2621 5403 διακρατῶν.
2667 5332 2761 5393 Τίς
2785 5330 2875 5393 -δὲ,
2930 5330 3111 5399 φησιν,
3152 5332 3296 5382 ἐστὶν
3328 5328 3356 5378 6
3390 5332 3479 5381 καὶ
3516 5329 3583 5381 τά
3620 5331 3852 5384 τοσαῦτα

2303 5424 2524 5493 σπείρας
2558 5423 2647 5475 ἐπὶ
2684 5421 2780 5489 τῆς
2815 5420 2916 5490 γῆς
2961 5421 3105 5491 ἔθνη,
3132 5420 3206 5483 ὡς
3244 5419 3681 5490 παραϐάλλεσθαι
3720 5419 3852 5474 αὐτὰ

2303 5518 2654 5589 σμικρότητος
2704 5516 2865 5569 ἕνεκα
2919 5517 3025 5568 τῶν
3085 5514 3348 5584 σωμάτων
3405 5515 3649 5583 ἀκρίσιν;
3702 5511 3852 5578 Εἶτα,

2302 5611 2459 5663 πάλιν
2492 5608 2693 5673 ἀναΰὰς
2726 5608 2831 5661 ἀπὸ
2868 5607 2963 5677 τῆς
3000 5608 3102 5676 γῆς
3131 5606 3208 5675 τῷ
3240 5606 3398 5675 λόγῳ,
3432 5606 3524 5675 τὴν
3557 5607 3719 5673 ἀψίδα
3758 5608 3854 5678 τὴν

2303 5702 2566 5773 οὐράνιον,
2590 5702 2650 5753 τό
2672 5717 2730 5753 τε
2752 5699 2889 5767 ὑπὲρ
2916 5699 3019 5767 γῆν
3039 5697 3406 5768 ἡμισφαίριον,
3429 5698 3681 5767 καμάρας
3706 5698 3854 5767 δίκην

2310 5795 2712 5865 ἐπῃισιρημένον,
2759 5795 2869 5855 τοῖς
2926 5794 3084 5845 πᾶσιν
3145 5790 3566 5861 ἀποθαυμάζειν,
3626 5792 3717 5844 καὶ
3770 5787 3856 5844 τὸν
