4100 6406
597 385 700 442 575
1259 377 1526 439 EUSEBII
1563 369 2038 434 CAESARIENSIS
2075 365 2224 422 OPP.
2265 361 2441 418 PARS
2478 359 2567 416 IlI.
2605 390 2675 401 —
2713 355 2984 414 EXEGET
2989 355 3122 412 1οΑ.
3703 343 3807 396 516

597 502 785 557 blimes
827 501 1102 566 volarent;
1133 500 1206 555 ita
1241 509 1298 554 ut
1326 497 1706 558 escenderent,
1750 492 2135 550 exaltarentur.
2169 495 2210 548 Α

2182 495 2210 547 Α
2242 483 2337 536 καὶ
2399 480 2551 544 τέλος
2611 479 2711 550 τὴν
2761 479 2840 541 εἰς
2894 473 3152 546 οὐρανοὺς
3202 467 3423 522 ποοείαν
3477 460 3801 518 στείλασθαι.

597 609 660 650 ac
691 595 901 649 demum
933 594 988 648 in
1019 593 1190 648 caelos
1217 606 1432 647 cursum
1462 588 1776 658 dirigerent.
1811 584 1934 639 [lare
1955 582 2145 652 quippe

1470 588 1776 658 dirigerent.
1811 584 1934 639 Ilzec
1955 582 2145 652 quippe
2245 572 2480 643 Τοιαύτη
2503 572 2612 642 γὰρ
2645 573 2680 641 ἡ
2709 568 2883 624 ἀετῶν
2915 565 3089 635 φύσις.

597 686 898 754 aquilarum
931 695 1118 738 natura
1149 693 1251 737 est.

668 773 830 827 Vens.
858 773 947 828 δι.
983 791 1002 825 ι
1032 774 1141 840 ριιί
1179 782 1356 826 autem
1390 778 1705 839 exspectant
1749 767 1938 827 Deum,
1974 772 2149 818 muta-

2321 794 2340 826 ι
2380 777 2440 829 Oi
2475 774 2530 828 δὲ
2577 771 2934 842 ὑπομένοντες
2965 768 3056 820 τὸν
3099 763 3229 816 Θεὸν
3277 758 3591 825 ἀλλάξουσιν
3629 753 3800 822 ίσχῦν.

599 865 729 918 bunt
758 863 1148 927 fortitudinem,
1166 872 1440 917 assument
1465 877 1668 928 pennas
1691 871 1748 912 ut
1771 857 1998 925 aquilae;
2025 869 2148 909 curo

2248 867 2712 936 πτεροφυήσουσιν
2761 862 2836 922 ὡς
2869 859 3045 912 ἀετοί·
3089 852 3437 932 δραμοῦνται,
3473 849 3565 902 καὶ
3602 846 3663 899 ού
3715 860 3808 896 κο-

599 961 737 1016 rent,
769 963 822 1008 et
855 970 959 1008 non
987 953 1301 1007 laborabunt
1332 970 1345 1015 ;
1378 952 1764 1014 ambulabunt,
1802 961 1856 1002 et
1895 963 2000 1000 non
2028 962 2148 1000 csu-

2246 957 2519 1010 πιὰσουσι·
2562 950 2886 1022 βαδιοῦνται,
2937 947 3027 1000 καὶ
3057 946 3117 998 ού
3172 931 3534 996 πεινάσουσιν.
3588 956 3607 988 ι
3653 931 3809 987 Μετὰ

602 1045 758 1096 riettt.
791 1063 809 1096 ι
850 1043 1154 1110 Ingentibus
1179 1044 1437 1110 perfuncti
1467 1044 1776 1104 doloribus,
1822 1042 2034 1093 demum
2071 1039 2150 1090 vi-

2245 1040 2336 1097 οὗν
2368 1045 2466 1105 τὰς
2482 1039 2920 1112 ὑπερϐαλλούσας
2939 1037 3160 1106 θλίψεις,
3191 1029 3492 1099 ἐπισκοπῆς
3513 1022 3648 1079 Θεοῦ
3678 1037 3805 1112 κατ-

601 1134 856 1188 sitatione
887 1134 978 1188 Dei
1005 1135 1231 1202 dignati,
1264 1135 1316 1188 in
1346 1149 1479 1203 pace
1505 1135 1666 1185 vitam
1709 1140 1955 1200 egerunt,
1999 1130 2146 1196 aqui-

2247 1110 2600 1200 αξιωθὲντες,
2643 1131 2698 1182 ἐν
2732 1132 2921 1202 εἰρήνῃ
2964 1125 3259 1181 διετέλεσαν
3297 1121 3386 1174 τὸν
3431 1119 3570 1188 βίον,

603 1225 774 1277 larum
808 1226 978 1278 instar
1005 1226 1193 1294 pennis
1232 1225 1501 1286 instructi,
1552 1240 1616 1277 ac
1648 1223 1700 1276 in
1730 1221 1956 1300 sublime
2000 1219 2144 1273 elati.

2247 1198 2400 1292 δίκην
2434 1198 2919 1291 πτεροφυήσαντες,
2951 1217 3044 1270 xai
3077 1215 3156 1276 είς
3188 1210 3318 1280 ὕψος
3349 1207 3620 1278 ἀρθέντες.
3657 1202 3720 1300 lii

602 1315 755 1380 Quod
794 1317 838 1369 si
893 1317 1179 1386 contigerit
1228 1331 1335 1378 eos,
1397 1317 1486 1384 qui
1522 1331 1618 1384 pro
1650 1315 1842 1383 pietate
1868 1289 2148 1365 concerta-

2247 1289 2368 1366 καὶ-
2400 1289 3075 1381 μαρτ-υρίῳγτελειωθῆναι
3131 1299 3438 1372 συμϐέϐηκε
3492 1296 3616 1386 τους
3667 1289 3806 1386 ὺπέρ

603 1415 728 1459 runt
773 1415 828 1460 et
876 1409 1147 1470 vicerunt,
1209 1408 1470 1477 martyrio
1539 1411 1941 1458 consummatos
1986 1416 2145 1465 esse;

2249 1380 2527 1465 εὐσεϐείας
2549 1380 2948 1470 ἠγωνισμένους
2982 1397 3074 1450 καὶ
3107 1391 3475 1462 νενικηκότας.
3507 1384 3641 1477 πολὺ
3671 1380 3805 1454 μᾶλ-

602 1496 771 1552 multo
802 1499 971 1566 magis
1005 1499 1113 1552 illis
1141 1509 1433 1552 memorata
1473 1494 1756 1563 promissio
1784 1502 2077 1563 competat.

1972 1502 2077 1547 :tat.
2247 1495 2335 1547 λον
2359 1495 2566 1555 τούτοις
2602 1491 2886 1562 ἁρμόσειεν
2916 1489 2948 1558 ἡ
2988 1483 3246 1556 εἰρημένη
3275 1476 3591 1547 ἐπαγγελία.

1183 1588 1406 1643 CAPUT
1449 1587 1576 1640 XLI.
2758 1581 2802 1631 K

2758 1576 3144 1631 ΚΕΦΑΛΛΙΟΝ
3173 1573 3303 1626 MA'.

670 1677 834 1735 Vens.
878 1682 927 1736 ι.
967 1698 985 1732 ι
1015 1681 1341 1734 lnaovamini
1374 1680 1439 1733 ad
1487 1693 1591 1738 me.
1642 1677 1846 1742 insulae,
1880 1677 2152 1745 principes

2331 1670 2728 1739 Ἐγκαινίζεσθε
2780 1669 2918 1739 πρὸς
2963 1667 3051 1736 μὲ,
3101 1665 3280 1733 νῆσοιο
3317 1661 3365 1713 oi
3401 1660 3508 1729 γὰρ
3555 1656 3811 1728 ἄρχοντες

605 1773 748 1825 enim
781 1775 1060 1826 mutabunt
1101 1773 1426 1842 potentiam:
1461 1771 1719 1823 accedant
1756 1779 1810 1823 et
1867 1769 2149 1836 loquantur
2183 1830 2222 1842 ﬁ

2194 1830 2222 1842 ἢ
2252 1762 2568 1826 ἀλλάξουσιν
2616 1760 2796 1830 ἰσχύν·
2860 1757 3233 1826 ἐγγισάτωσαν
3283 1753 3374 1806 καὶ
3427 1749 3813 1817 λαλησάτωσαν

605 1861 760 1914 simul
790 1878 803 1926 ;
837 1872 960 1915 tunc
978 1862 1238 1930 judicium
1270 1862 1608 1914 alltllinlI-'Ill.
1644 1878 1662 1911 ι
1691 1859 1849 1914 Jubet
1895 1859 2144 1912 nimirum
2183 1830 2224 1884 Β

2188 1830 2224 1884 Β
2253 1850 2368 1920 ἅμα
2388 1867 2400 1878 ·
2435 1850 2554 1902 τότε
2591 1850 2769 1919 κρίσιν
2802 1844 3288 1914 ἁναγγειλάτωσαν.
3320 1861 3337 1892 ι
3378 1834 3807 1909 Παρακελεύεται

605 1952 819 2017 insulas,
854 1972 871 2005 t
901 1955 1266 2008 obmutescere
1291 1963 1344 2006 et
1371 1963 1569 2013 tacere,
1604 1968 1622 2002 ι
1658 1950 1946 2004 secundum
1979 1948 2150 2000 Theo-

2251 1944 2386 2011 δῆτα
2417 1943 2535 2003 ταῖς
2568 1941 2772 2008 νήσοις,
2809 1936 2946 1989 κατὰ
2976 1933 3324 1993 Θεοδοτίωνα,
3368 1947 3384 1979 ι
3425 1925 3688 1995 κωφεύειν
3721 1923 3820 1976 καὶ.

605 2046 894 2108 dotionetn,
953 2055 1012 2098 ut
1068 2046 1307 2098 divinum
1379 2055 1681 2096 sermonem
1750 2049 1803 2092 et
1859 2038 2149 2092 salutarem

2256 2037 2432 2104 σιγᾷν,
2471 2051 2489 2084 ι
2518 2032 2593 2094 ὼς
2624 2032 2689 2085 ἂν
2720 2032 2944 2100 ἐπήκοοι
2976 2027 3211 2096 γένοιντο
3235 2022 3418 2091 θεῖκῆς
3442 2017 3672 2089 ὁμιλίας,
3710 2033 3811 2068 σω·

605 2136 1034 2205 pradicationem
1067 2135 1250 2188 audire
1275 2133 1505 2186 valeant.
1534 2131 1737 2184 Insulas
1753 2145 1878 2183 vero
1901 2129 2151 2196 frequen-

2252 2127 2438 2197 τηρίου
2464 2139 2519 2176 τε
2556 2123 2926 2194 κηρύγματος.
2955 2120 3166 2188 Νὴσους
3199 2115 3253 2167 δὲ
3282 2109 3531 2182 ὀνομάζει
3575 2106 3823 2175 συνεχῶς

605 2237 685 2281 ter
712 2239 866 2282 vocat
887 2227 1152 2282 Ecclesias
1175 2227 1424 2281 omnibus
1447 2239 1512 2278 ex
1540 2222 1787 2290 gentibus
1810 2221 2148 2283 constitutas,

2251 2219 2350 2280 τὰς
2375 2215 2433 2279 ἐξ
2457 2217 2708 2267 ἁπάντων
2745 2212 2852 2263 τῶν
2877 2210 3041 2263 ἐθνῶν
3057 2205 3395 2276 Ἐκκλησίας,
3423 2201 3510 2255 διὰ
3541 2200 3601 2253 τὸ
3625 2199 3813 2268 ὥσπερ

606 2320 726 2388 quia
780 2320 895 2373 illas
935 2319 1184 2387 nequitiae
1213 2316 1426 2385 salsugo
1473 2330 1569 2369 ceu
1618 2327 1768 2366 mare
1809 2309 2152 2366 circumﬂuit.

2254 2306 2358 2358 ὑπὸ
2399 2303 2671 2372 Θαλάσσης
2722 2297 3104 2370 περιρῥέεσθαι
3154 2295 3259 2348 ὑπὸ
3302 2292 3402 2362 τῆς
3444 2291 3687 2362 ἁλμυρᾶς
3718 2287 3813 2341 τοῦ

610 2430 628 2461 ι
663 2410 936 2479 Principes
964 2410 1107 2463 enim
1152 2409 1433 2461 mutabunt
1476 2404 1805 2476 potentiam;
1837 2422 1856 2454 ι
1886 2411 1943 2454 ut
1981 2417 2155 2455 mores

2257 2395 2368 2465 βίου
2401 2392 2614 2454 κακίας.
2653 2411 2670 2440 ι
2713 2393 2773 2443 Οί
2799 2391 2904 2460 γὰρ
2932 2390 3186 2458 ἄρχοντες
3217 2385 3525 2449 ἀλλάξουσιν
3561 2382 3742 2452 ἰσχύν·
3789 2399 3811 2431 ι

607 2511 834 2566 mutent,
887 2509 942 2555 et
984 2515 1012 2554 a
1064 2499 1338 2568 pejoribus
1391 2499 1454 2549 ad
1478 2473 1720 2548 'meliora
1746 2499 2150 2546 convertantur.

2254 2489 2330 2552 ῶς
2367 2487 2432 2540 ἃν
2465 2484 2813 2555 μεταϐάλοιεν
2850 2484 2937 2533 τὸν
2969 2479 3175 2532 ἑαυτῶν
3203 2479 3420 2548 τρόπον,
3451 2478 3543 2529 καὶ
3575 2473 3818 2543 ἀλλαγὴν

613 2613 630 2643 ι
662 2593 930 2647 Accedant
959 2602 1010 2645 et
1041 2592 1328 2659 loquantur
1354 2586 1512 2642 simul
1539 2603 1553 2649 ;
1589 2603 1608 2637 ι
1662 2583 1911 2637 nimirum
1943 2592 2150 2651 gentes,

2254 2581 2351 2650 τὴν
2394 2579 2499 2630 ἀπὸ
2529 2577 2640 2630 τῶν
2673 2575 2926 2647 χειρόνων
2974 2573 3062 2624 ἐπὶ
3113 2572 3179 2624 τὰ
3229 2571 3456 2642 κρείττω
3487 2571 3807 2637 ποιήσοιντο.

609 2685 803 2754 inquit,
830 2685 894 2738 ad
928 2699 1011 2738 me
1057 2684 1220 2736 Deum
1258 2695 1411 2733 suum
1439 2678 1718 2736 accedant,
1751 2684 1803 2727 et
1837 2675 1996 2727 verba
2036 2688 2150 2726 mea

2261 2691 2279 2722 ι
2339 2670 2738 2737 Ἐγγισάτωσαν
2777 2665 2868 2717 καὶ
2906 2663 3289 2731 λαλησάτωσαν
3336 2662 3481 2730 ἅμα·
3525 2679 3543 2710 ι
3577 2656 3809 2728 δηλονότι

609 2774 915 2843 loquantur,
949 2789 1067 2843 qua:
1099 2771 1256 2827 simul
1289 2780 1345 2825 ct
1374 2770 1424 2823 in
1458 2782 1598 2824 coam
1647 2767 2040 2829 recitabantur,
2084 2764 2155 2817 vi-

2254 2763 2320 2814 τὰ
2345 2761 2468 2830 ἔθνη
2491 2760 2625 2831 πρὸς
2658 2759 2746 2828 με,
2765 2757 2917 2825 φησὶ,
2940 2757 3029 2807 τὸν
3049 2753 3178 2805 Θεὸν
3211 2754 3602 2821 ὲγγισάτωσαν,
3627 2751 3723 2804 καὶ
3745 2746 3820 2800 τὰ.

609 2866 802 2921 delicet
832 2867 885 2920 in
910 2864 1146 2920 Ecclesia
1180 2878 1318 2916 mea.

2257 2850 2363 2920 ἐμὰ
2391 2853 2605 2920 ῥήματα
2634 2846 3038 2916 λαλησάτωσαν,
3069 2843 3202 2913 ὁμοῦ
3248 2842 3386 2895 κατὰ
3416 2843 3474 2895 τὸ
3502 2841 3632 2893 αὐτὸ
3669 2839 3821 2908 γενό-

2261 2959 2415 3011 μενα,
2460 2943 2516 2993 ἐν
2552 2943 2620 3010 τῇ
2660 2941 2764 3010 ἐμῇ
2788 2936 2984 3006 δηλαδὴ
3025 2933 3336 3004 Ἐκκλησία.

685 3034 843 3089 Vens.
876 3035 931 3089 2.
975 3053 992 3086 ι
1025 3034 1173 3088 Tunc
1225 3031 1482 3098 judicium
1538 3031 1873 3084 annuntient.
1902 3028 2032 3094 Quis
2061 3044 2154 3081 ex-

2334 3054 2350 3084 ι
2384 3034 2514 3086 Τότε
2547 3032 2724 3103 κρίσιν
2755 3026 3242 3095 ἁναγγειλάτωσαν.
3268 3025 3363 3086 Τίς
3406 3025 3684 3095 ἐξήγειρεν
3713 3021 3814 3075 ἀπὸ

612 3129 797 3179 citavit
825 3127 891 3180 ab
932 3128 1138 3179 oriente
1168 3123 1477 3190 justitiam?
1511 3123 1718 3176 vocavit
1748 3136 1865 3174 eam
1899 3122 1964 3174 ad
1997 3121 2156 3188 pedes
2196 3184 2223 3190 _

2196 3184 2223 3190 _
2261 3123 2531 3176 ἀνατολῶν
2578 3120 2954 3188 δικαιοσύνην;
2994 3119 3246 3172 ἐκάλεσεν
3278 3118 3443 3186 αὐτὴν
3483 3117 3624 3169 κατὰ
3655 3113 3815 3172 πόδας

612 3233 740 3272 suos
765 3225 814 3272 et
847 3217 1041 3270 vadet?
1063 3235 1081 3267 ι
1117 3216 1366 3283 Peroptat
1393 3215 1533 3269 enim
1569 3225 1624 3266 ut
1655 3223 1858 3281 gentes,
1889 3184 2047 3282 quem
2075 3213 2159 3263 di-
2185 3184 2226 3238 δ

2198 3184 2226 3238 C
2261 3216 2445 3277 αὐτοῦ,
2466 3217 2558 3268 καὶ
2577 3184 2895 3283 πορεύσεται
2915 3229 2927 3274 ;
2956 3230 2973 3260 ι
2991 3211 3091 3261 Τὸν
3107 3209 3212 3279 γὰρ
3237 3184 3472 3279 περὶτῆς
3489 3205 3718 3276 κρίσεως
3733 3204 3817 3255 λό-

613 3309 858 3362 diccrunt
909 3308 998 3362 Dei
1054 3320 1354 3360 sermonem
1386 3305 1504 3360 aliis
1546 3306 1885 3360 annuntient.
1932 3303 2160 3358 Jusﬁtia:

2261 3326 2353 3376 γον
2375 3305 2618 3375 βούλεται
2638 3303 2871 3373 μαθόντα
2891 3301 2958 3353 τὰ
2974 3301 3097 3371 ἔθνη
3116 3300 3208 3353 καὶ
3225 3299 3425 3365 ἑτέροις
3438 3294 3813 3362 ἀπαγγέλλειν.

614 3414 842 3467 namque
892 3415 1024 3467 Opus
1055 3407 1189 3461 erat,
1245 3405 1302 3450 ut
1348 3413 1451 3449 non
1498 3397 1775 3450 domestici
1808 3404 2034 3455 tantum.
2065 3394 2159 3447 sed

2261 3395 2609 3465 Δικαιοσύνης
2635 3397 2744 3466 γὰρ
2786 3395 2942 3464 ἔργον
2983 3389 3050 3463 ἦν
3081 3393 3140 3444 τὸ
3176 3391 3247 3460 μὴ
3279 3391 3438 3450 ἰδίους
3475 3389 3650 3456 μόνον,
3685 3384 3819 3437 ἀλλὰ

614 3493 771 3544 etiam
808 3491 1022 3558 reliqua:
1048 3500 1233 3559 gentes
1267 3489 1331 3542 ad
1364 3488 1454 3541 Dei
1493 3488 1738 3542 notitiam
1781 3493 2157 3539 evocarentur.

2262 3493 2354 3544 καὶ
2378 3489 2443 3541 τὰ
2463 3489 2624 3542 λοιπὰ
2647 3486 2771 3556 ἔθνη
2799 3484 3075 3538 καλεῖσθαι
3097 3485 3187 3535 ἐπὶ
3209 3481 3304 3551 τὴν
3327 3479 3420 3532 τοῦ
3444 3479 3577 3531 Θεοῦ
3600 3479 3815 3546 γνῶσιν.

690 3607 707 3639 ι
737 3584 886 3638 Dabit
916 3585 967 3634 in
999 3587 1281 3647 conspectu
1319 3579 1578 3647 gentium.
1623 3587 1679 3632 et
1729 3591 1879 3644 reges
1906 3575 2162 3641 obstupe-

2338 3600 2355 3630 ι
2396 3578 2565 3631 Δώσει
2599 3576 2837 3630 ἐναντίον
2894 3573 3082 3631 ἐθνῶν.
3141 3571 3233 3624 καὶ
3269 3571 3500 3639 βασιλεῖς
3535 3569 3778 3639 ὲκστήσει
3804 3583 3815 3595 ·

619 3679 779 3733 faciet
806 3693 820 3730 τ
853 3684 904 3730 et
932 3672 1076 3727 dabit
1125 3671 1175 3724 in
1208 3679 1406 3722 terram
1456 3669 1660 3737 gladios
1703 3681 1912 3730 eorum,
1943 3673 1996 3717 et
2023 3664 2162 3716 sicut

2263 3672 2355 3724 καὶ
2387 3668 2546 3722 δώσει
2577 3672 2655 3730 εἰς
2685 3668 2784 3736 γῆν
2812 3664 2909 3726 τὰς
2945 3663 3212 3732 μαχαίρας
3240 3663 3437 3722 αὐτῶν,
3469 3661 3558 3712 καὶ
3587 3661 3660 3720 ὡς
3689 3657 3821 3726 φρύ-

617 3769 839 3839 stipulas
869 3765 1115 3833 expulsas
1141 3777 1296 3816 arcus
1329 3777 1536 3815 eorum.
1564 3778 1586 3811 ν
1625 3758 1873 3812 Sulnlidit
1909 3758 1982 3810 illi
2032 3756 2162 3808 mul-

2262 3777 2402 3828 γανα
2444 3759 2724 3828 ἐξωσμένα
2768 3755 2834 3808 τὰ
2871 3755 2996 3818 τόξα
3038 3754 3233 3806 αὐτῶν.
3275 3772 3290 3802 ι
3341 3752 3631 3814 Ὑπέταξεν
3679 3748 3823 3818 αύτῴ

617 3837 723 3928 tos,
760 3872 815 3913 ut
845 3858 1188 3927 Babylonem,
1217 3854 1358 3922 quod
1405 3853 1492 3921 jus
1539 3850 1857 3920 postulabat,
1904 3850 2158 3902 dirueret.

2266 3849 2513 3911 πολλοὺς,
2544 3850 2629 3902 ἵνα
2659 3844 2861 3916 καθέλῃ
2905 3843 3192 3896 Βαϐυλῶνα
3219 3840 3456 3902 δικαίως.
3504 3840 3671 3900 Λύτὸς
3711 3837 3818 3909 γὰρ

616 3952 735 4022 Ipse
765 3962 991 4016 namque
1022 3955 1157 4004 erat,
1187 3946 1276 4013 qui
1311 3953 1364 3997 et
1384 3943 1580 4011 priscis
1618 3943 1720 3996 illis
1744 3941 1869 3996 olim
1902 3941 2165 4007 religiosis

2265 3937 2333 4011 ἧν
2358 3944 2384 3993 ό
2417 3941 2646 4000 καὶτοῖς
2674 3935 2906 4006 πρώτοις
2936 3933 3206 4004 πρόπαλαι
3240 3935 3331 3985 καὶ
3360 3932 3418 3996 ἐξ
3448 3932 3616 4000 ἀρχῆς
3648 3931 3827 4000 θεοφι-

619 4021 927 4097 liominibus
961 4049 1119 4091 notus
1147 4036 1266 4100 lui.,
1292 4045 1345 4088 et
1374 4036 1464 4104 qui
1489 4043 1607 4102 post
1635 4036 1868 4101 priscum
1897 4031 2038 4084 illum
2078 4048 2165 4100 po-

2265 4035 2377 4085 λέσι
2417 4031 2727 4100 γενομένοις
2765 4027 3042 4095 γνωσθεὶς,
3075 4028 3166 4080 καὶ
3210 4029 3236 4078 ό
3279 4024 3413 4095 μετὰ
3445 4024 3532 4075 τὸν
3565 4021 3825 4093 πρότερον

622 4133 801 4203 pulum
832 4130 1122 4184 Ecclesiam
1147 4128 1289 4196 gent'
1320 4142 1388 4178 tm
1423 4127 1524 4179 sibi
1559 4125 1922 4178 concreditam
1955 4123 2158 4177 habuit.

1958 4123 2158 4177 Itabuit.
2266 4123 2388 4175 λαὸν
2427 4121 2532 4173 τῶν
2565 4120 2732 4173 ἐθνῶν
2773 4116 3091 4184 Ἐκκλησίαν
3133 4115 3577 4182 πεπιστευμένος.

694 4222 853 4275 Vens.
888 4219 942 4283 ὅ,
981 4219 1036 4272 4.
1082 4235 1100 4268 ι
1150 4218 1210 4272 Et
1251 4228 1602 4286 persequetur
1633 4231 1728 4270 eos
1765 4233 1777 4268 :
1821 4215 2070 4270 transibit
2114 4217 2164 4268 in

2344 4232 2361 4261 ι
2407 4213 2515 4264 Καὶ
2553 4211 2794 4274 διώξεται
2844 4207 3056 4270 αὐτούς·
3102 4205 3427 4259 διελεύσεται
3469 4206 3526 4255 ἐν
3559 4205 3751 4274 εἰρήνῃ
3792 4203 3825 4272 ή

621 4327 751 4382 pace
780 4315 860 4363 via
888 4311 1077 4378 pedum
1095 4307 1229 4375 ejus.
1254 4309 1385 4374 Quis
1405 4317 1659 4376 operatus
1679 4317 1762 4361 est
1787 4315 1840 4360 et
1865 4307 1989 4360 fecit
2018 4308 2169 4360 haec?

2266 4302 2380 4364 ὁδὸς
2420 4301 2526 4353 τῶν
2567 4300 2737 4351 ποδῶν
2786 4295 2967 4350 αὐτοῦ.
3024 4296 3118 4358 Τίς
3166 4297 3428 4363 ἐνήργησε
3476 4293 3565 4345 καὶ
3606 4292 3825 4362 ἐποίησε

622 4404 843 4458 Voeavit
875 4417 1014 4458 eam.
1040 4401 1129 4468 qui
1179 4409 1330 4455 vocat
1359 4413 1477 4453 eam
1517 4413 1544 4450 a
1577 4399 1982 4468 generationum
2016 4397 2166 4465 prin-

2269 4392 2470 4454 ταῦτα;
2523 4391 2806 4442 Ἐκάλεσεν
2839 4387 3005 4456 αὐτὴν
3038 4388 3065 4436 ὁ
3093 4385 3267 4437 καλῶν
3297 4384 3463 4452 αὐτὴν
3497 4382 3602 4434 ἀπὸ
3627 4382 3829 4449 γενεῶν

622 4517 636 4544 ι
657 4497 780 4561 ipio.
817 4513 838 4545 ι
868 4492 1209 4549 Testilicatur
1242 4506 1345 4544 non
1376 4491 1644 4560 vulgarem
1678 4490 1962 4544 utilitatem
1991 4489 2166 4559 genti-
2203 4504 2241 4557 ῃ

2210 4504 2245 4557 D
2270 4483 2454 4553 ἀρχῆς.
2505 4501 2522 4531 ι
2561 4483 2842 4550 Μαρτυρεῖ
2871 4479 2924 4531 δὲ
2953 4481 2980 4532 ό
3013 4477 3166 4544 λόγος
3204 4475 3463 4542 ὠφέλειαν
3507 4474 3567 4525 ού
3597 4474 3693 4542 τὴν
3737 4491 3829 4528 τυ,-

622 4588 720 4641 lms
749 4588 1123 4644 oln-enturam,
1162 4584 1206 4636 si
1255 4599 1282 4633 a
1310 4582 1530 4650 pristina
1562 4582 1802 4636 eazcitate
1853 4591 1908 4634 ct
1948 4580 2167 4634 deorum

2269 4572 2466 4642 χοῦσαν
2494 4575 2604 4632 τοῖς
2640 4572 2864 4630 ἔθνεσιν,
2902 4569 3041 4635 εἴγε
3078 4565 3470 4634 μεταϐάλλοντα
3506 4563 3604 4630 τῆς
3636 4563 3830 4632 προντὲ-

623 4677 962 4729 rnnltitudine
995 4674 1286 4736 translatae,
1320 4673 1530 4726 videant
1556 4689 1676 4727 eum
1706 4674 1799 4741 qui
1832 4673 1984 4737 dixit,
2018 4690 2035 4722 t
2061 4671 2172 4739 Ego

2270 4680 2368 4732 ρας
2422 4661 2676 4728 ἁϐλεψίας
2725 4661 2818 4711 καὶ
2851 4657 3151 4716 πολ·.›οεἲας,
3195 4655 3372 4706 ίδοσαν
3404 4654 3492 4705 τὸν
3532 4653 3788 4722 είρηκότα
3813 4669 3825 4681 ·

625 4769 764 4822 Deus
805 4769 1027 4836 primus,
1066 4776 1120 4818 et
1171 4765 1220 4818 in
1253 4774 1473 4817 ventura
1533 4775 1767 4832 tempora
1821 4778 1921 4832 ego
1974 4779 2114 4816 sum.
2148 4782 2164 4812 ι

2275 4774 2292 4802 .
2348 4752 2483 4818 Ἐγὼ
2525 4753 2653 4813 θεὸς
2705 4751 2936 4819 πρῶτος,
2987 4749 3078 4800 καὶ
3111 4750 3187 4808 εἰς
3234 4751 3300 4798 τὰ
3348 4747 3682 4815 ἐπερχόμενα
3723 4743 3831 4811 ἐγώ

623 4862 789 4925 Quem
838 4875 960 4914 cum
994 4859 1238 4911 viderent
1279 4858 1660 4918 cxtimuerunt,
1717 4857 1780 4909 ad
1829 4855 2039 4908 initium
2087 4870 2174 4906 sa-

2271 4846 2404 4910 εἰμι.
2449 4862 2465 4888 ι
2519 4843 2623 4893 Καὶ
2672 4841 2846 4891 ἰδόντα
2896 4836 3263 4905 ἐφοϐήθησαν,
3299 4839 3355 4888 ἐν
3385 4837 3526 4904 ἀρχῇ
3569 4836 3833 4902 γενόμενα

622 4954 836 5019 pientiae
874 4950 1168 5018 prolectm;
1208 4964 1332 5001 nam
1384 4965 1401 4998 ι
1444 4947 1660 5000 Initium
1694 4947 1974 5016 sapientiae
2012 4946 2174 4999 timor

2035 4946 2174 4999 imor
2271 4934 2490 5000 σοεῦίαςσ
2543 4953 2559 4980 ι
2613 4930 2775 5000 Ἀρχὴ
2808 4930 2916 4998 γὰρ
2951 4928 3140 4996 σοφίας
3173 4926 3334 4994 φόϐος
3369 4926 3590 4996 Κυρίου.
3634 4945 3651 4976 ι

629 5042 836 5094 Domini
873 5042 936 5092 “.
967 5059 984 5091 ι

699 5136 856 5187 \‘sns.
889 5133 1004 5188 5-7.
1061 5151 1078 5179 ο
1115 5131 1352 5184 Termini
1391 5141 1546 5183 terra:
1577 5140 1939 5190 accesserunt,
1983 5138 2036 5181 et
2085 5144 2170 5178 vo-

2348 5128 2364 5158 ι
2406 5111 2482 5160 Τὰ
2511 5111 2652 5179 ἂκρα
2681 5110 2777 5176 τῆς
2807 5109 2908 5177 γῆς
2942 5108 3191 5177 ἤγγισαν,
3226 5105 3316 5158 καὶ
3349 5100 3508 5174 ἦλθον
3539 5103 3673 5170 ἅμα,
3715 5100 3837 5171 κρί-

629 5234 822 5277 nerunt
871 5223 1052 5285 simul,
1091 5225 1340 5292 judicans
1374 5223 1740 5289 unusquisque
1785 5225 2024 5286 proximo
2053 5237 2169 5281 suo,

2270 5218 2374 5252 νων
2404 5200 2628 5261 ἕκαστος
2655 5199 2731 5268 τῷ
2776 5199 3022 5267 πλησίον,
3056 5197 3150 5250 καὶ
3198 5196 3276 5266 τῷ
3306 5194 3515 5263 ἀδελιρῷ
3551 5192 3833 5262 βοηθῆσαι.

629 5326 682 5367 ιιι
735 5317 886 5368 Ιηιιτί
931 5317 1198 5370 auxiliari.
1255 5315 1318 5368 Et
1345 5315 1507 5379 (licet,
1537 5313 1822 5366 Praevaluit
1846 5313 1925 5364 vir
1955 5311 2168 5372 artifex.

2280 5294 2387 5345 Καὶ
2418 5294 2557 5360 ἐρεῖο
2600 5293 2842 5360 ’Ἱσχυσεν
2875 5290 3011 5360 ἀνὴρ
3043 5289 3266 5352 τέκτων,
3298 5288 3388 5341 καὶ
3421 5285 3647 5356 χαλκεὺς
3673 5284 3702 5334 ό
3739 5283 3837 5334 τύ-

631 5420 682 5456 et
731 5406 952 5459 avarius
983 5406 1292 5474 percutiens
1332 5406 1555 5459 malleo:
1608 5403 1765 5456 simul
1819 5405 2039 5468 eudens,
2085 5404 2174 5455 nli-

2280 5398 2425 5432 πτων
2455 5382 2649 5452 σφύρᾳ,
2683 5382 2796 5450 ἅμα
2820 5381 3073 5442 ἐλαύνων,
3094 5378 3221 5432 ποτὲ
3250 5379 3345 5449 μὲν
3374 5379 3505 5448 ἐρεῖ,
3537 5374 3605 5426 Σύ
3615 5373 3838 5443 μόλημα

631 5497 846 5565 quando
873 5469 1082 5564 quidem
1115 5498 1273 5562 dicet,
1306 5495 1566 5549 Solidatio
1613 5496 1749 5548 bona
1780 5503 1882 5548 est.
1909 5493 2171 5548 Corrobo-

2283 5473 2443 5524 καλόν
2491 5473 2657 5525 ἐστιν.
2711 5474 3032 5543 ’ἰσχύρωσαν
3088 5471 3224 5526 αύτᾶ
3276 5474 3331 5523 ἐν
3381 5469 3548 5539 ἥλοις,
3583 5469 3841 5537 θήσουσιν

637 5596 830 5640 larunt
859 5601 920 5639 ea
951 5587 1136 5648 clavis,
1169 5595 1364 5656 ponent
1398 5601 1479 5652 ea,
1509 5595 1564 5640 et
1599 5598 1703 5640 non
1747 5584 2118 5639 movebuntur.
2154 5601 2172 5634 ι

2283 5563 2438 5626 αὐτὰ,
2470 5565 2559 5617 καὶ
2590 5566 2649 5619 ού
2685 5565 3079 5635 κινηθήσονται.
3122 5587 3139 5618 ι
3178 5567 3250 5618 Τ),
3277 5566 3380 5636 γὰρ
3414 5563 3843 5634 παραδοξότατα

702 5741 749 5774 ⁸⁸
779 5741 919 5796 I‘sal.
949 5755 1036 5798 cx.
1068 5740 1128 5796 i0
