4100 6426
692 381 797 442 879

769 503 924 558 Vni.
961 501 1046 556 ll.
1080 520 1098 554 ι
1131 499 1300 555 Erunt
1323 503 1466 555 enim
1496 503 1646 570 quasi
1675 519 1776 555 non
1831 505 1964 568 sint,
2015 517 2069 557 et
2103 505 2238 572 peri-
2273 512 2318 565 Α

691 595 823 650 bunt
851 609 1040 647 omnes
1065 591 1358 669 adversarii
1387 593 1482 644 tui.
1510 612 1528 643 ι
1569 594 1728 657 Cave,
1759 596 1949 661 inquit,
1993 605 2144 661 putes
2191 605 2242 649 te

690 693 780 738 tua
834 686 1035 738 virtute
1078 699 1231 754 posse
1279 694 1436 736 tanta:
1499 686 1862 751 prmdicatioui
1914 685 2237 752 ministrare.

693 775 828 828 Nhil
861 775 1055 845 quippe
1082 791 1222 836 eras,
1257 791 1352 828 nec
1406 776 1700 844 quidquam
1747 790 1906 844 agere
1957 777 2238 845 potuisses,

692 866 791 917 nisi
827 881 926 929 ego
955 878 1126 918 tecum
1158 867 1424 919 exsistens
1458 877 1740 934 tecumque
1773 866 2071 926 ambulans,
2103 868 2239 936 apud

688 967 878 1005 omnes
912 963 1094 1021 gentes
1151 965 1201 1006 te
1250 955 1706 1016 curroborassem,
1760 966 1916 1023 teque
1959 958 2238 1024 patientia,

690 1045 1087 1111 perseverantia
1125 1054 1178 1096 et
1213 1046 1410 1100 virtme
1444 1048 1756 1100 muniissem
1785 1063 1799 1109 ;
1839 1058 1894 1098 ιιι
1925 1047 2016 1100 tibi
2064 1047 2240 1100 Evan-

692 1132 888 1200 gelintn
914 1133 1165 1187 omnibus
1197 1137 1507 1204 prrdicanti
1561 1138 2003 1204 impedimentum
2037 1141 2238 1195 nullum

690 1233 1019 1300 occurreret.

762 1316 920 1370 Vens.
969 1316 1056 1370 12.
1104 1336 1122 1369 ι
1152 1316 1368 1382 ρυαπες
1414 1335 1530 1381 eos,
1563 1329 1618 1374 et
1648 1335 1750 1374 non
1791 1321 2033 1376 invenies
2065 1323 2239 1377 homi-

691 1423 807 1470 nes,
839 1409 926 1477 qui
956 1410 1357 1463 debacchentur
1392 1411 1442 1464 in
1472 1421 1538 1464 te.
1574 1411 1907 1464 Eruntenim
1953 1413 2102 1482 quasi
2134 1427 2236 1465 non

689 1503 818 1564 siut,
853 1510 906 1552 et
936 1517 1040 1554 non
1085 1510 1238 1554 erunt
1270 1503 1566 1556 adversarii
1617 1506 1714 1556 tui.
1754 1522 1773 1554 ι
1826 1502 2048 1556 Etiamsi
2098 1503 2236 1555 enim

689 1608 799 1662 quo
835 1603 1069 1661 tempore
1101 1602 1151 1646 te
1191 1594 1576 1660 impugnabant
1607 1604 1661 1647 et
1702 1594 2044 1657 divexabant,
2076 1594 2237 1660 aliqui

689 1683 756 1736 ad
786 1681 950 1736 breve
1002 1684 1256 1750 temporis
1297 1685 1529 1750 spatium
1570 1686 1882 1738 viderentur
1912 1700 2073 1751 esse;
2102 1693 2154 1737 at
2183 1695 2238 1737 tu

690 1775 901 1841 quidem
942 1773 1202 1826 subsistes
1234 1790 1296 1828 ac
1323 1775 1685 1843 permanebis,
1724 1791 2018 1843 eorumque
2055 1776 2235 1842 perni-

1350 380 1617 440 EUSEBII
1656 383 2130 442 CESARIENSIS
2168 384 2316 442 OPP.
2357 385 2537 441 PARS
2574 385 2664 442 ιιι.
2703 416 2771 430 --
2810 384 3215 443 EXEGETICA.

2421 523 2439 554 ι
2475 503 2724 557 Ἔσονται
2750 506 2858 573 γὰρ
2885 504 2958 567 ὡς
2982 503 3081 556 οὐκ
3109 503 3282 567 ὄντες,
3313 503 3405 557 καὶ
3431 501 3752 556 ἀπολοῦνται
3779 506 3903 559 πάνυ

2339 611 2430 658 τις
2463 597 2510 648 οἱ
2542 596 2799 648 ἀντίδικοί
2824 612 2936 649 σου.
2980 613 2998 647 ι
3035 596 3172 666 Ὅρα
3197 596 3323 666 γὰρ,
3357 595 3506 664 φησι,
3538 597 3748 664 μήποτε
3782 615 3902 668 νοη·

2341 682 2457 752 θῇς,
2505 684 2580 745 ὡς
2613 687 2677 754 τῇ
2729 683 2888 736 αὑτοῦ
2947 681 3086 750 ἰσχύϊ
3129 681 3411 753 δεδύνησαι
3453 683 3692 752 τοσούτῳ
3732 683 3902 754 κηρύ-

2339 791 2509 844 γματι
2542 775 2976 846 διακονήσασθαι.
3013 776 3198 838 Οὐδεὶς
3230 775 3336 845 γὰρ
3378 775 3442 828 ἂν
3482 770 3654 845 ἦσθα,
3699 774 3809 828 οὐδ’
3841 776 3902 829 ἂν

2339 865 2607 935 ὴδυνὴθης
2631 883 2704 926 τι,
2733 870 2779 919 εί
2815 867 2887 937 μὴ
2917 866 3026 934 ἐγὼ
3057 866 3191 937 μετὰ
3216 867 3308 918 σοῦ
3337 867 3431 930 ὢν,
3457 867 3549 919 καὶ
3577 867 3672 920 σὺν
3701 867 3785 920 σοὶ
3811 883 3901 920 πο-

2344 955 2648 1024 ρευόμενος,
2677 959 2754 1019 είς
2783 958 2957 1010 πάντα
2987 957 3054 1010 τὰ
3078 958 3204 1027 ἔθνη
3233 957 3490 1026 ἐνίσχυσά
3515 973 3593 1019 σε,
3629 956 3910 1027 ὑπομονὴν

2341 1047 2435 1097 καὶ
2481 1046 2768 1117 καρτερίαν
2817 1048 2910 1101 καὶ
2971 1047 3195 1117 δύναμίν
3245 1065 3328 1100 σοι
3370 1049 3780 1119 δωρησάμενοςο
3829 1046 3901 1109 ὡς

2343 1136 2506 1206 μηδὲν
2535 1137 2780 1206 ἐμποδών
2815 1155 2896 1190 σοι
2933 1139 3179 1206 γενέσθαι
3214 1136 3441 1207 κώλυμα
3482 1136 3801 1207 κηρύττοντι
3842 1134 3909 1189 τι.

2339 1227 2666 1294 Εὑαγγέλιον
2694 1231 2771 1291 είς
2805 1231 3030 1292 πάντας.
3717 1287 3720 1290 γ

2416 1336 2434 1368 ι
2476 1319 2735 1389 Ζητήσεις
2761 1319 2984 1382 αὐτοὺς,
3016 1321 3107 1372 καὶ
3137 1319 3194 1370 οὗ
3243 1317 3316 1388 μὴ
3351 1318 3513 1388 εῦρης
3546 1318 3672 1379 τοὺς
3695 1315 3906 1389 ἀνθρὼ-

2339 1423 2475 1470 πους
2504 1407 2551 1459 οἳ
2586 1409 2999 1478 παροινήσουσιν
3033 1410 3111 1471 εἰς
3150 1407 3229 1459 σέ.
3269 1408 3518 1458 Ἔσονται
3553 1405 3661 1476 γὰρ
3699 1405 3775 1470 ὡς
3807 1406 3904 1459 οὐκ

2337 1497 2512 1561 ὄντες,
2549 1500 2640 1550 καὶ
2674 1500 2771 1551 οὐκ
2809 1499 3020 1551 ἔσονται
3047 1501 3095 1550 οὶ
3130 1495 3605 1566 ἀντιπολεμοῦντές
3653 1513 3734 1549 σε.
3790 1516 3807 1546 ι
3840 1497 3902 1550 ΕΙ

2337 1587 2446 1656 γὰρ
2484 1587 2575 1638 καὶ
2603 1587 2735 1657 πρὸς
2763 1586 2938 1653 ὀλίγον
2969 1586 3153 1650 ἔδοξαν
3185 1580 3320 1638 εἶναί
3355 1601 3516 1647 τινες,
3551 1583 3672 1636 καθ’
3707 1582 3766 1636 δν
3793 1600 3904 1636 καιο

2339 1677 2431 1748 ρὸν
2456 1678 2748 1748 ἐπολέμουν
2779 1679 2870 1731 καὶ
2900 1677 3119 1730 ἐδίωκόν
3161 1695 3219 1730 σε
3239 1695 3251 1708 ⁸
3282 1676 3416 1730 ἀλλὰ
3447 1676 3509 1728 σὺ
3544 1676 3642 1747 μὲν
3680 1675 3778 1745 ἔσῃ
3814 1675 3906 1728 καὶ

2337 1769 2627 1838 διαμενείς,
2661 1771 2752 1823 καὶ
2791 1769 2908 1837 ὄψει
2941 1768 3117 1822 αὐτῶν
3151 1769 3248 1839 τὴν
3295 1766 3595 1820 ἀπώλειαν·
3628 1768 3677 1818 οἱ
3720 1766 3778 1820 δέ
3807 1767 3910 1820 οὐκ

688 1866 826 1918 ciem
860 1866 1102 1930 videbis;
1131 1866 1200 1916 illi
1232 1882 1357 1918 vero
1389 1867 1780 1933 quamprimum
1810 1881 1930 1920 esse
1967 1867 2232 1931 desinent,

2338 1860 2564 1922 ἔσονται,
2670 1861 2830 1930 τάχος
2861 1861 3239 1930 ἀφανιζόμενοι
3278 1860 3371 1912 τοῦ
3415 1858 3548 1929 βίον.
3590 1859 3680 1910 Διὸ
3712 1874 3904 1929 καρτε-

685 1971 752 2008 ex
781 1955 882 2007 hac
914 1956 1015 2006 \ita
1043 1956 1222 2008 deleti.
1245 1957 1602 2022 Quamobrem
1631 1972 1976 2024 perseverare
2000 1967 2047 2011 te
2073 1973 2232 2026 opor-

687 2056 784 2105 tet,
825 2055 877 2096 et
903 2045 968 2097 ab
997 2046 1059 2098 iis
1088 2046 1262 2100 illatas
1291 2063 1556 2100 acrumnas
1598 2051 1881 2103 sustinere.

759 2137 922 2189 Vens.
967 2137 1052 2199 l5,
1081 2137 1167 2192 Η.
1191 2157 1208 2188 ι
1241 2137 1499 2204 Quoniam
1528 2155 1627 2208 ego
1652 2140 1788 2194 Deus
1817 2143 2062 2211 tuns,qui
2083 2151 2237 2197 teneo

687 2227 959 2279 dexteram
1008 2235 1174 2288 tuam,
1216 2231 1304 2296 qui
1355 2231 1473 2284 dico
1532 2233 1648 2296 tibi,
1690 2231 1763 2286 Ne
1809 2235 1998 2290 timeas
2043 2233 2234 2299 Jacub,

686 2317 968 2386 perexigue
1004 2316 1186 2372 Israel.
1227 2339 1246 2371 ι
1297 2321 1429 2374 Nam
1483 2325 1792 2390 paucissimi
1831 2341 1959 2380 sane
2011 2342 2235 2381 numero

683 2417 840 2463 erant
867 2409 1109 2476 discipuli
1144 2413 1442 2465 Salvatoris
1476 2416 1643 2467 nostri
1671 2433 1684 2477 ;
1726 2417 1980 2470 nimirum
2026 2418 2231 2472 duode-

685 2499 790 2554 eius
825 2501 1074 2568 apostoli,
1109 2512 1160 2554 et
1189 2514 1307 2570 post
1334 2504 1456 2558 illos
1485 2507 1817 2573 septuaginta
1845 2507 1954 2559 alii.

763 2591 921 2645 Vens.
958 2591 1042 2644 15.
1076 2611 1093 2642 ι
1133 2593 1268 2650 Ecce
1303 2592 1401 2647 feci
1435 2605 1484 2646 te
1514 2597 1664 2662 quasi
1699 2597 1921 2663 plaustri
1956 2605 2102 2651 rotas
2140 2597 2237 2652 tri.

687 2692 952 2744 turantes,
1017 2695 1280 2748 recentes,
1340 2687 1390 2737 in
1447 2699 1715 2737 serrarltm
1771 2688 2007 2741 modum.
2063 2705 2082 2738 ι
2144 2688 2234 2741 Sic

686 2775 826 2826 enim
864 2774 1032 2826 virtus
1072 2777 1472 2829 corroborantis
1520 2791 1612 2830 eos
1658 2778 2062 2840 ostendebatur,
2101 2778 2228 2832 dum

686 2865 784 2929 Ipsi
817 2864 947 2916 nihil
977 2879 1004 2916 a
1040 2879 1221 2919 verme
1249 2865 1544 2932 dill‘errent,
1576 2869 1670 2920 sed
1710 2869 1874 2922 etiam
1924 2870 2230 2938 paucissimi

684 2966 888 3017 essent,
917 2969 981 3008 ac
1009 2959 1207 3010 mortui
1241 2959 1611 3026 cadaveraque
1645 2957 1858 3014 lsraelis
1901 2961 2231 3015 viderentur.

686 3045 994 3110 Hujusmodi
1024 3059 1198 3101 tamen
1249 3063 1371 3101 cum
1413 3057 1612 3110 essent,
1661 3061 1900 3103 rctarum
1939 3059 1993 3103 et
2043 3065 2234 3104 currus

691 3137 889 3199 instar,
928 3151 1029 3192 ceu
1083 3141 1366 3206 quamdam
1397 3139 1603 3206 paleam
1635 3140 2003 3204 ditiindebant,
2056 3141 2234 3194 diabo-

684 3227 844 3282 licum
898 3229 1179 3296 impiarum
1229 3233 1464 3300 gentium
1508 3231 1708 3284 cultmn
1775 3240 1828 3284 et
1875 3231 2230 3286 iuololatriam

687 3319 1004 3374 triturantes
1041 3331 1093 3372 et
1123 3331 1393 3374 secantes.
1439 3339 1456 3371 ι
1489 3321 1552 3374 Et
1586 3320 1864 3375 triturabis
1913 3329 2139 3383 montes,
2177 3331 2232 3375 et

685 3412 1016 3465 eouuninues
1054 3412 1236 3474 colles,
1265 3421 1320 3466 et
1354 3422 1608 3480 tanquam
1642 3411 1911 3480 pulverem
1952 3426 2136 3481 pones.
2173 3431 2192 3463 s

754 3503 915 3557 Vens.
945 3502 1030 3556 16.
1072 3521 1091 3554 ι
1122 3501 1184 3556 Et
1215 3503 1514 3564 ventilabis,
1543 3511 1597 3556 et
1630 3514 1821 3557 ventus
1850 3501 2063 3557 auferet
2112 3517 2228 3567 eos,

682 3600 740 3647 et
792 3593 947 3647 turbo
1011 3593 1281 3662 disperget
1329 3608 1444 3647 eos.
1489 3594 1568 3649 Tu
1619 3603 1800 3647 autem
1857 3593 2126 3648 laetaberis
2179 3595 2230 3647 in

686 3684 884 3736 sanctis
929 3683 1110 3738 Israel.
1136 3701 1154 3734 ι
1207 3683 1309 3739 Per
1339 3693 1547 3738 montes
1593 3695 1648 3739 et
1683 3685 1850 3742 colles
1893 3686 2234 3741 adversarius

686 3782 1013 3843 potestates,
1083 3775 1210 3828 olim
1247 3784 1434 3828 contra
1494 3772 1586 3827 Dei
1645 3775 2004 3843 cognitionem
2057 3775 2232 3829 insur-

685 3873 870 3930 gentes
907 3863 1298 3929 .subindieans;
1347 3862 1416 3916 ita
1473 3871 1530 3914 ιιι
1578 3875 1732 3915 error
1777 3862 1868 3917 ille
1937 3863 2232 3918 diabolieus

685 3954 825 4019 apud
871 3963 1055 4022 gentes
1101 3968 1204 4008 non
1253 3953 1388 4006 ultra
1421 3949 1698 4004 subsistat.
1734 3949 1830 4005 His
1872 3966 2035 4020 porro
2079 3967 2232 4006 mon-

689 4042 830 4098 tibus
867 4053 918 4097 et
960 4043 1186 4099 collibus
1219 4045 1282 4099 de
1327 4040 1502 4097 medio
1540 4041 1766 4096 sublatis
1809 4058 1872 4096 ac
1917 4043 2126 4107 deletis,
2177 4054 2230 4097 tu

687 4134 803 4199 ipse
849 4149 1037 4191 servus
1083 4152 1230 4191 meus
1272 4136 1493 4200 electus,
1533 4150 1628 4202 per
1669 4149 1828 4203 quem
1875 4135 1988 4190 haec
2032 4149 2226 4205 perpe-

688 4225 879 4279 traudl
929 4236 1087 4291 sunt,
1129 4226 1396 4282 laetaberis
1439 4229 1492 4281 in
1550 4226 1807 4289 Domino,
1849 4235 1904 4278 et
1943 4226 1995 4279 in
2044 4235 2232 4280 sancto

685 4313 848 4370 Israel
878 4315 1201 4373 laudaberis.

761 4492 918 4550 νεεδ.
948 4497 1032 4550 l7.
1075 4515 1092 4548 ι
1122 4497 1188 4552 Ει
1219 4499 1562 4556 exsultabant
1607 4515 1869 4573 pauperes
1909 4513 1966 4558 et
2014 4502 2222 4573 inopes.
2257 4510 2300 4564 ι)

683 4585 934 4651 Οιιαπειιι
981 4589 1119 4646 enim
1153 4601 1464 4660 aquam..et
1496 4607 1598 4646 non
1629 4595 1774 4648 erit:
1807 4593 1983 4661 lingua
2039 4608 2221 4648 eorum

684 4693 791 4747 prae
824 4678 912 4733 siti
957 4681 1184 4734 esaruit.
1229 4681 1338 4751 Ego
1382 4683 1635 4738 Dominus
1687 4683 1866 4738 Deus:
1918 4698 2016 4750 ego
2063 4697 2228 4737 exau-

684 4768 824 4821 diam
876 4768 1012 4825 Deus
1061 4771 1220 4826 lsrael
1243 4811 1258 4834 ,
1300 4781 1354 4827 et
1387 4789 1489 4826 nou
1521 4773 1888 4844 derelinquam
1921 4790 2033 4829 eos.
2071 4793 2089 4825 s
2121 4775 2220 4839 Qui

684 4871 859 4914 autem
896 4862 1075 4914 isthaze
1120 4864 1182 4914 ad
1217 4864 1372 4916 linem
1405 4865 1623 4919 deducta
1673 4867 1804 4928 sint,
1843 4875 1896 4918 et
1931 4867 2223 4919 etiamnum

685 4960 1003 5018 peragantur
1033 4954 1082 5006 in
1101 4953 1340 5008 ecclesiis
1357 4954 1465 5018 Dei,
1489 4970 1606 5025 quae
1624 4970 1714 5024 per
1733 4956 2021 5024 discipulos
2045 4956 2226 5010 Salva-

686 5041 817 5094 toris
853 5044 1017 5095 nostri
1049 5045 1294 5098 onmibus
1321 5043 1371 5097 in
1410 5044 1539 5100 locis
1583 5046 1811 5100 fundatae
1852 5057 1997 5107 sunt,
2027 5046 2225 5100 intelli-

681 5145 794 5200 ges,
821 5133 864 5187 si
895 5134 1126 5186 animum
1173 5137 1499 5190 adhibueris.
1528 5137 1728 5190 Anima:
1757 5137 1914 5202 igitur
1949 5152 2068 5207 quae
2095 5136 2221 5189 olim

686 5221 737 5273 in
767 5225 1009 5291 gentibus
1037 5225 1221 5294 inopes
1247 5241 1309 5280 ac
1340 5225 1429 5279 Dei
1465 5227 1766 5294 cognitione
1795 5236 2015 5294 egentes
2045 5234 2222 5288 erant,

684 5325 783 5365 nec
831 5312 915 5366 vel
961 5313 1152 5370 stillant
1217 5315 1406 5370 viviﬁci
1469 5329 1624 5384 potus
1678 5315 1982 5378 habebant,
2039 5315 2112 5368 ita
2169 5325 2227 5368 ut

685 5399 1105 5471 linguaearnm,
1151 5415 1204 5459 et
1244 5421 1420 5460 sermo
1457 5421 1517 5460 ea
1570 5407 1816 5476 prolatus
1851 5416 2222 5473 exaresceret,

687 5495 828 5559 quod
860 5510 925 5548 ne
974 5505 1133 5559 guttas
1182 5497 1395 5564 quidem
1447 5497 1698 5552 salutaris
1744 5499 1890 5552 verbi
1936 5498 2228 5567 participes

687 5597 895 5652 essent;
932 5590 1129 5641 caedem
1181 5588 1310 5657 ipsa:
1343 5599 1436 5654 per
1482 5586 1756 5642 cmlestem
1795 5588 2021 5656 gratiam
2077 5588 2230 5642 inex-

687 5686 979 5742 spectatum
1021 5678 1331 5733 benelicium
1377 5685 1726 5746 acceperunt,
1773 5677 2027 5746 fontibus,
2059 5678 2232 5734 ﬂumi-

691 5765 843 5822 nibus
871 5776 924 5822 et
951 5767 1267 5824 omnimodis
1309 5769 1462 5839 aquis
1494 5768 1717 5827 viviﬁcis
1754 5770 2001 5844 repletas;
2049 5781 2230 5844 utpote

2341 1955 2447 2021 ρεῖν
2484 1969 2540 2003 σε
2567 1954 2854 2021 προσήκει,
2885 1952 2976 2004 καὶ
3013 1951 3298 2019 ὑπομένειν
3337 1951 3435 2012 τὰς
3499 1947 3557 2012 ἐξ
3589 1947 3770 2002 αὐτῶν
3809 1951 3908 2002 ἐπ-

2343 2044 2603 2114 αγομένας
2635 2043 2857 2111 Θλῐψεις.

2411 2151 2428 2181 ι
2467 2133 2586 2183 ’Ότι
2615 2129 2725 2198 ἐγὼ
2759 2133 2786 2182 ὁ
2817 2131 2946 2192 Θεὸς
2981 2148 3092 2191 σου,
3132 2132 3159 2182 ὁ
3192 2130 3409 2200 κρατῶν
3449 2129 3541 2199 τῆς
3572 2126 3753 2190 δεξιᾶς
3789 2141 3900 2189 σου,

2335 2223 2364 2275 ὁ
2384 2222 2551 2288 λέγων
2580 2239 2688 2274 σοι·
2720 2223 2810 2292 Μὴ
2833 2221 3018 2290 φοϐοῦ,
3055 2220 3266 2284 Ἰακὼϐ,
3292 2221 3563 2288 ὀλιγοστὸς
3602 2219 3837 2290 Ἰσραήλ.
3879 2236 3898 2272 s

2349 2314 2544 2380 ,ολίγοι
2579 2313 2694 2383 γάρ
2719 2312 2809 2364 τὸν
2851 2310 3080 2380 ἀριθμὸν
3123 2309 3412 2380 ἐτύγχανον
3453 2313 3500 2364 οἱ
3531 2311 3621 2364 τοῦ
3655 2312 3905 2380 Σωτῆρος

2335 2405 2487 2474 ἡμῶν
2525 2404 2790 2474 μαθηταὶ,
2828 2401 3036 2455 δώδεκα
3073 2403 3170 2472 μὲν
3202 2402 3353 2464 ὄντες
3397 2403 3714 2455 ἀπόστολοι·
3758 2400 3904 2454 ἐϐδο-

2336 2497 2577 2566 μήκοντα
2604 2493 2658 2546 δέ
2693 2494 2742 2546 oi
2773 2492 2886 2563 μετ’
2915 2491 3130 2554 αὐτούς.

2410 2605 2426 2636 ι
2471 2585 2600 2637 Ἰδοὺ
2635 2582 2864 2653 ἐποίησά
2899 2599 2956 2633 σε
2997 2582 3073 2645 ὡς
3101 2581 3327 2652 τροχοὺς
3355 2581 3570 2650 ἁμάξης
3611 2580 3900 2643 ἀλοῶντος,

2335 2678 2572 2736 καινοὺς,
2614 2673 3058 2744 πριστηροειδεῖς.
3115 2693 3132 2722 ›
3163 2673 3319 2725 υῦτω
3349 2671 3455 2742 γὰρ
3486 2674 3518 2742 ὴ
3552 2672 3781 2740 δύναμις
3809 2669 3902 2725 τοῦ

2335 2769 2672 2839 ἐνισχῦοντος
2716 2769 2910 2830 αὐτοὺς
2949 2766 3270 2826 ἐδεικνύετο,
3321 2767 3408 2818 ὅτε
3441 2765 3594 2818 αὐτοὶ
3623 2765 3903 2834 σκώληκος

2333 2858 2481 2910 οὐδὲν
2514 2856 2756 2925 διέφερον
2777 2896 2791 2918 ,
2817 2855 2950 2908 ἀλλὰ
2979 2857 3071 2907 καὶ
3102 2855 3364 2921 ὀλιγοστοὶ
3395 2849 3554 2923 ἦσαν,
3596 2853 3691 2906 καὶ
3718 2852 3904 2925 νεκροὶ

2335 2947 2428 2999 καὶ
2457 2945 2746 3008 τεθνεῶτες
2777 2945 2870 2997 τοῦ
2914 2943 3126 3014 Ἰσραὴλ
3155 2942 3464 3012 ἐτύγχανον.
3508 2944 3697 3012 Ὅμως
3731 2941 3904 2996 τοιοῦ-

2334 3051 2415 3085 τοι
2461 3033 2631 3096 ὄντες.
2677 3033 2866 3102 ῶσπερ
2914 3031 3035 3084 τινὰ
3085 3031 3337 3100 καλάμην
3383 3031 3654 3100 διέτεμνον
3693 3030 3901 3102 τροχῶν

2337 3124 2428 3175 καὶ
2459 3124 2671 3193 ἁμάξης
2697 3125 2915 3191 τρόπον,
2943 3121 3203 3184 ἀλοῶντες
3231 3124 3321 3174 καὶ
3349 3121 3771 3192 καταπρίζοντες
3793 3120 3899 3174 τῶν

2336 3215 2640 3280 ἀλλοᾳύλων
2664 3215 2752 3265 καὶ
2768 3213 2938 3266 ἀθέων
2964 3212 3130 3263 ἐθνῶν
3153 3213 3247 3282 τὴν
3268 3213 3580 3282 δαιμονικὴν
3603 3213 3896 3266 θεοποιίαν.

2341 3321 2356 3351 ι
2403 3303 2509 3354 Καὶ
2546 3302 2792 3369 ἁλοήσεις
2839 3301 2960 3371 ὅρη,
3011 3301 3106 3352 καὶ
3167 3300 3444 3362 λεπτννείς
3505 3299 3763 3369 βουνοὺς,
3807 3301 3900 3354 καὶ

2333 3395 2406 3458 ὡς
2440 3395 2597 3464 χνοῦν
2623 3395 2828 3464 (θήσεις.
2867 3417 2884 3446 s

2409 3527 2425 3558 ι
2467 3509 2572 3560 Καὶ
2637 3509 2959 3578 λικμήσεις.
3015 3511 3106 3562 καὶ
3149 3511 3343 3579 ἄνεμος
3406 3509 3631 3579 λήψεται
3678 3511 3897 3577 αὐτοὺς,

2331 3599 2424 3651 καὶ
2482 3600 2730 3666 καταιγὶς
2789 3599 3070 3670 διασπερεῖ
3133 3601 3346 3664 αὐτούς.
3410 3602 3480 3654 Σὺ
3539 3601 3595 3654 δὲ
3661 3603 3898 3673 εὐφραν-

2332 3690 2470 3763 Θήσῃ
2500 3693 2558 3744 ἐν
2588 3693 2700 3755 τοῖς
2727 3694 2902 3761 ἁγίοις
2941 3693 3175 3764 Ἰσραήλ.
3213 3713 3230 3746 s
3263 3695 3397 3764 Ὀρη
3427 3695 3514 3746 καδ
3554 3694 3775 3764 βουνοὺς
3801 3694 3910 3762 τὰς

2333 3781 2707 3850 ἀντικειμένας
2733 3783 3008 3853 δυνάμεις,
3045 3783 3210 3836 πάλαι
3245 3787 3384 3837 κατὰ
3408 3785 3506 3854 τῆς
3526 3785 3779 3852 γνώσεως
3803 3782 3894 3838 τοῦ

2331 3870 2463 3922 Θεοῦ
2490 3873 2873 3942 ἐπαιρομένας,
2905 3872 3267 3942 αἰνιττόμενος
3287 3891 3299 3904 ο
3335 3874 3409 3936 ὡς
3434 3874 3629 3944 μηκέτι
3659 3875 3895 3942 ὐφεστά·

2331 3977 2415 4012 ναι
2441 3961 2590 4032 παρὰ
2616 3965 2727 4024 τοῖς
2767 3963 2936 4016 ἐονεσι
2983 3963 3072 4034 τὴν
3097 3964 3411 4035 δαιμονικὴν
3439 3964 3663 4036 πλάνην.
3695 3967 3816 4019 Τῶν
3839 3966 3896 4020 δὶ

2331 4051 2696 4104 ἁποδοϐέντων
2725 4053 2864 4124 ὀρῶν
2907 4054 2998 4106 καὶ
3023 4051 3131 4105 τῶν
3161 4053 3501 4124 δηλωθέντων
3527 4053 3730 4123 βουνῶν
3757 4055 3897 4124 ἀφα-

2330 4141 2434 4194 νῶν
2469 4141 2792 4210 γενομένων,
2834 4143 2896 4194 σὺ
2938 4142 3096 4204 αὐτὸς
3136 4143 3164 4194 ὁ
3203 4142 3386 4205 δοῦλός
3424 4160 3522 4212 μου
3553 4144 3582 4195 ὁ
3616 4143 3895 4206 ἐκλεκτὸς.

2329 4227 2395 4281 δι’
2419 4223 2477 4280 οῦ
2502 4227 2667 4280 ταῦτα
2690 4227 3058 4300 κατώρθωται,
3090 4230 3434 4302 εὐφρανθήση
3465 4232 3522 4282 ἐν
3562 4233 3773 4304 Κυρίῳ,
3801 4233 3895 4286 καὶ

2331 4316 2389 4370 ἐν
2417 4317 2490 4388 τῷ
2521 4318 2661 4388 ἁγίῳ
2700 4318 2909 4389 Ἰσραὴλ
2938 4321 3291 4394 ἐπαινεθήσῃ.

2401 4517 2419 4550 ι
2448 4499 2554 4552 Καὶ
2587 4500 2994 4568 ἁγαλλιάσονται
3026 4505 3071 4555 οἱ
3103 4504 3303 4574 πτωχοὶ
3338 4507 3429 4558 καὶ
3466 4503 3680 4568 ἐνδεεῖς.
3723 4505 3894 4577 Ζητή·

2332 4605 2478 4642 σουσι
2508 4591 2614 4660 γὰρ
2635 4590 2797 4662 ὕδωρ,
2830 4594 2920 4644 καὶ
2945 4594 3042 4644 οὐκ
3075 4593 3245 4646 ἔσται·
3274 4597 3307 4664 ἡ
3338 4596 3556 4662 γλῶσσα
3585 4595 3762 4648 αὐτῶν
3788 4597 3894 4650 ἀπὸ

2329 4680 2426 4750 τῆς
2458 4680 2614 4750 δίψης
2653 4680 2944 4752 ἐξηράνθη.
2998 4683 3135 4751 Ἐγὼ
3163 4683 3363 4755 Κύριος
3389 4687 3416 4738 ὁ
3444 4685 3594 4748 Θεός·
3661 4686 3771 4754 ἐγὼ
3799 4689 3894 4740 ἐπε

2329 4770 2624 4840 ακοὺσομαι
2667 4773 2695 4822 ὁ
2726 4771 3100 4842 ΘεὸςἸσραὴλ,
3141 4774 3235 4826 καὶ
3262 4775 3360 4826 οὐκ
3397 4774 3770 4846 ἐγκαταλείψω
3796 4778 3894 4830 trb-

2328 4864 2469 4925 τούς.
2511 4881 2528 4913 ι
2575 4863 2757 4926 Ὅπως
2782 4863 2838 4914 δὲ
2866 4864 3034 4916 ταῦτα
3065 4864 3250 4927 τέλους
3281 4866 3457 4936 ἔτυχε,
3490 4870 3580 4921 καὶ
3603 4869 3770 4923 εἰσέτι
3799 4869 3892 4923 νῦν

2329 4951 2625 5020 ἐνεργεῖται
2673 4954 2728 5004 ἐν
2774 4955 2892 5014 ταῖς
2937 4952 3025 5006 διὰ
3056 4954 3163 5010 τῶν
3212 4955 3462 5026 μαθητῶν
3505 4957 3596 5010 τοῦ
3645 4959 3892 5032 Σωτῆρος

2328 5039 2483 5108 ήμῶν
2529 5040 2666 5092 κατὰ
2697 5040 2868 5092 πάντα
2894 5041 3054 5094 τόπον
3091 5043 3413 5114 ἱδρυθείσαις
3450 5047 3765 5117 ἐκκλησίαις
3800 5048 3891 5102 τοῦ

2327 5128 2480 5190 Θεοῦ,
2515 5131 2612 5199 τὴν
2644 5129 2876 5182 διάνοιαν
2914 5130 3208 5203 ἐπιστήσας
3238 5136 3380 5205 εἴσῃ.
3428 5137 3492 5189 Ai
3523 5136 3654 5203 γοῦν
3696 5139 3757 5190 τὸ
3790 5155 3893 5192 πα-

2330 5218 2476 5272 λαιὸν
2510 5220 2875 5289 πτωχιύουσαι
2914 5222 2970 5273 ἐν
3003 5225 3112 5285 τοῖς
3146 5223 3319 5276 ἔθνεσι
3346 5224 3514 5294 ψυχαὶ
3546 5227 3640 5279 καὶ
3671 5228 3768 5299 τῆς
3801 5227 3892 5281 τοῦ

2331 5309 2462 5362 θεοῦ
2492 5309 2739 5378 γνώσεως
2765 5310 2957 5374 ἐνδεεῖς
2985 5310 3161 5377 οὖσαι,
3180 5315 3271 5367 καὶ
3291 5315 3423 5386 μηδέ
3451 5317 3639 5386 ρανίδα
3661 5316 3890 5382 ζωτικοῦ

2334 5402 2574 5470 πόματος
2600 5402 2945 5470 κεκτημέναι,
2977 5403 3052 5466 ὡς
3073 5406 3172 5475 τὴν
3208 5405 3455 5473 γλῶσσαν
3479 5408 3652 5462 αὐτῶν
3679 5413 3773 5465 καὶ
3801 5411 3890 5463 τὸν

2331 5491 2395 5544 δι’
2450 5493 2617 5562 αὐτῆς
2665 5491 3097 5563 προσφερόμένον
3137 5495 3292 5563 λόγον
3343 5496 3652 5568 ἐξηράνθαι,
3692 5500 3782 5553 διὰ
3834 5499 3889 5551 τὸ

2337 5585 2598 5655 μηδεμιᾶς
2656 5585 2852 5647 νοτίδος
2896 5584 3054 5653 λόγου
3106 5587 3371 5658 σωτηρίου
3424 5589 3691 5659 μετέχεινο
3732 5581 3888 5642 αὗται

2334 5677 2630 5749 παραδόξου
2676 5680 3028 5747 τετυχήκασιν
3057 5681 3372 5750 εὐεργεσίας
3402 5682 3487 5736 διὰ
3510 5685 3609 5754 τῆς
3639 5682 3886 5756 οὐρανίου

2332 5770 2547 5840 χάριτος
2601 5768 2962 5840 πληρωθεῖσαί
3010 5789 3066 5826 τε
3112 5773 3322 5839 πηγῶν,
3377 5776 3468 5829 καὶ
3503 5774 3757 5835 ποταμῶν
3801 5771 3884 5826 καὶ
