4100 6456
202 435 304 493 581

1132 434 1653 493 COﬂMENTAmA
1694 435 1762 491 ΙΝ
1801 432 2066 491 ιεΑιΑιι.
2106 463 2180 480 ι-
2211 433 2364 488 CAP.
2408 432 2541 489 XLI.

3393 433 3500 489 ω

205 557 488 612 παντοίων
524 559 770 624 ζωτικῶν
817 559 1041 620 ὑδάτων,
1070 559 1145 622 ὡς
1171 558 1552 612 ἀπολαύουσαι
1599 557 1791 620 ὕδατος

1921 572 2042 625 qua
2089 570 2152 610 ea
2203 555 2317 625 ipsa
2355 553 2664 608 fruerentur
2713 566 2880 620 aqua,
2928 551 2994 605 de
3039 566 3143 620 qua
3180 554 3427 621 superius
3451 557 3496 588 "

201 649 329 720 περὶ
356 645 426 703 οῦ
452 650 718 719 ἀνωτέρω
743 649 973 718 ὲλέγετο’
1012 668 1028 699 ι
1054 650 1160 703 Καὶ
1188 648 1409 703 πίονται
1445 648 1590 720 1ὓδωρ
1615 652 1682 702 ὲκ
1703 647 1791 701 τῶι

1916 640 2220 703 dicebatur,
2255 659 2274 691 ι
2308 638 2376 694 Et
2424 639 2608 693 bibent
2641 651 2842 706 aquam
2886 650 2953 691 ex
3000 635 3241 690 fontibus
3290 638 3497 692 saluta-

199 741 396 812 πηγῶν
424 743 530 794 τοῦ
566 742 849 813 σωτηρίου·
884 761 902 793 ι
941 740 1049 795 είτε
1073 742 1180 793 ἀπὸ
1205 741 1406 810 πηγῶν
1431 739 1527 792 τοῦ
1569 739 1811 809 Ἰσραὴλ,

1915 730 2070 795 risu
2131 730 2246 784 sive
2291 745 2357 783 ex
2417 727 2659 782 fontibus
2715 726 2978 790 ISraelis,
3029 742 3163 794 quos
3232 741 3499 784 memorat

197 826 272 885 ὧν
326 833 748 902 ἐμνημόνευσεν
791 835 820 886 ό
871 834 1044 903 φήσας
1071 831 1250 900 λόγος,
1303 851 1320 882 ι
1368 832 1457 884 Ἑν
1492 831 1791 899 ἐκκλησίαιε

1912 835 2098 875 sermo
2144 820 2232 873 ille
2275 820 2364 888 qui
2403 821 2512 882 ait,
2566 836 2584 869 ι
2614 817 2670 871 1η
2732 818 2980 872 ecclesiis
3040 817 3343 874 benedicite
3393 821 3500 876 Deo

197 921 481 988 εὐλογεῖτε
508 924 604 975 τὸν
635 922 764 974 Θεὸν
793 923 990 992 Κύριον
1020 924 1083 974 ὲκ
1111 921 1306 992 πηγῶν
1343 921 1581 994 Ἰσραήλ.
1610 939 1629 972 ι
1669 920 1810 973 Τοῦ-

193 1029 256 1064 το
297 1011 343 1063 δ’
379 1014 452 1064 ἂν
491 1015 581 1081 είη
609 1012 670 1064 τὸ
702 1011 921 1082 Πνεῦμα
965 1012 1024 1065 τὸ
1067 1012 1220 1079 ἆγιον
1267 1012 1327 1064 τὸ
1373 1011 1620 1079 πηγάζον
1653 1013 1711 1063 ὲν
1740 1013 1806 1081 τῇ

207 1100 524 1174 Ἐκκλησία
566 1103 663 1156 τοῦ
697 1101 850 1166 Θεοῦ,
892 1105 984 1157 καὶ
1029 1100 1341 1173 ἀνομσροῦν
1382 1102 1551 1155 ὕδατα
1603 1101 1804 1168 ζῶντα,

191 1193 317 1246 τοτὲ
356 1195 464 1262 μὲν
495 1194 608 1246 ἀπὸ
636 1193 732 1262 τῆς
756 1195 994 1257 Παλαιᾶς
1021 1192 1325 1264 Διαθήκης,
1349 1194 1476 1246 τοτὲ
1492 1193 1549 1246 δὲ
1575 1192 1684 1246 ἀπὸ
1708 1192 1807 1261 τῆς

192 1285 392 1353 καινῆς
427 1285 534 1337 καὶ
567 1285 926 1354 εὐαγγελικῖκ
953 1283 1322 1346 διδασκαλίας.

272 1393 289 1426 ι
335 1376 512 1428 Ἀλλὰ
561 1373 760 1438 ἀνοίξω
803 1376 895 1427 ἐπὶ
929 1375 1036 1427 τῶν
1078 1374 1252 1444 ὀρέων
1285 1374 1584 1444 ποταμοὺς,
1620 1374 1711 1427 καὶ
1745 1374 1804 1427 ἐν

197 1463 349 1535 μέσῳ
377 1466 592 1519 πεδίων
625 1465 825 1533 πηγάς.
846 1466 1062 1535 Ποιήσω
1090 1464 1186 1535 τὴν
1220 1464 1318 1536 ῑρη
1329 1481 1426 1535 μον
1450 1467 1532 1526 είς
1562 1464 1658 1535 ἕλη
1684 1464 1808 1518 ὑδά-

189 1572 325 1619 των,
365 1556 470 1610 καὶ
501 1556 603 1626 τὴν
639 1554 879 1626 διψῶσαν
910 1555 1012 1626 γῆν
1049 1557 1108 1607 ὲν
1139 1555 1499 1628 ὐδραγωγοῖς.
1529 1554 1693 1625 Θήσω
1723 1557 1803 1618 είς

189 1647 291 1718 τὴν
323 1646 572 1719 ἄνυδρον
605 1647 706 1716 γῆν
733 1646 923 1718 κέδρον
949 1647 1043 1701 καὶ
1077 1645 1265 1710 πύξον,
1299 1647 1568 1716 μυρσίνην
1594 1646 1690 1698 καὶ
1713 1661 1804 1698 κυ-

189 1740 498 1809 πάρισσον,
527 1739 624 1792 καὶ
649 1738 865 1808 λεύκην.
902 1757 920 1789 ι
969 1738 1153 1792 Ταῦτα
1194 1737 1394 1798 πάντα.
1422 1739 1530 1790 οὐδ’
1560 1738 1734 1801 ἄλλως
1764 1737 1798 1808 ἢ

190 1828 250 1882 ιν
275 1828 502 1881 ὑδάτων
533 1827 731 1898 πλήθει
759 1827 1063 1899 τρεφόμενα
1090 1831 1179 1906 καλ
1201 1828 1562 1898 αὐξανόμενα,
1589 1831 1670 1891 είς
1701 1827 1799 1898 τὴν

1915 910 2144 964 Domino
2186 909 2253 964 de
2305 909 2546 963 fontibus
2595 907 2857 962 Israel".
2889 927 2908 959 ι
2969 907 3095 963 Ιίιιδο
3145 925 3308 978 porro
3359 925 3497 980 aqua

1916 1000 2081 1055 fuerit
2112 1001 2350 1069 Spiritus
2395 1009 2636 1062 sanctus,
2664 998 2720 1051 in
2758 998 2998 1056 Ecclesia
3044 1000 3136 1054 Dei
3170 1003 3496 1066 scaturiens,

1911 1102 1967 1147 ct
2027 1107 2198 1160 aquas
2266 1091 2512 1144 viventes
2590 1090 2898 1154 instillans,
2969 1091 3128 1144 modo
3185 1106 3250 1145 ex
3313 1090 3496 1150 Veteri

1918 1184 2306 1249 Testamento,
2373 1185 2534 1237 modo
2590 1197 2653 1236 ex
2724 1196 2860 1236 nova
2909 1191 2965 1236 et
3030 1183 3342 1252 evangelica
3399 1185 3494 1238 do-

1908 1275 2106 1330 ctrina.

1981 1366 2146 1420 Vens.
2196 1365 2402 1429 l8,19.
2463 1383 2482 1417 ι
2512 1365 2618 1420 Sed
2665 1367 2908 1435 aperiam
2959 1368 3013 1422 in
3067 1369 3340 1424 montibus
3394 1369 3495 1424 llu-

1907 1460 2074 1522 mina,
2106 1469 2160 1513 et
2207 1459 2260 1512 in
2295 1459 2478 1513 medio
2509 1474 2825 1528 camporum
2879 1460 3078 1513 fontes.
3131 1460 3350 1514 Faciam
3401 1461 3496 1514 de-

1905 1561 2106 1605 sertum
2139 1553 2191 1604 in
2226 1551 2451 1620 paludes
2491 1564 2781 1618 aquarum,
2811 1559 2865 1604 et
2893 1550 3164 1604 sitientem
3202 1561 3400 1603 terram
3438 1551 3492 1604 in

1907 1643 2276 1713 aqua-ductus.
2315 1642 2522 1696 Ponam
2559 1642 2610 1694 in
2659 1651 2799 1694 terra
2844 1643 3105 1712 inaquosa
3154 1643 3412 1705 cedrum,
3439 1654 3497 1696 et

1907 1735 2130 1796 buxum,
2178 1742 2233 1786 et
2283 1743 2543 1802 myrtum,
2590 1743 2646 1785 et
2687 1747 3024 1800 cupressum,
3070 1743 3124 1788 et
3163 1733 3489 1802 pepulmn.»

1905 1823 2029 1879 lla—c
2062 1824 2268 1888 omnia,
2299 1838 2419 1894 qua!
2451 1824 2662 1877 nonnisi
2703 1824 2755 1876 in
2791 1839 3054 1892 aquarum
3083 1826 3240 1895 copia
3269 1825 3494 1880 aluntur

189 1917 384 1970 είκόνα
415 1917 804 1988 περιείληπται
853 1917 961 1972 τῶν
994 1920 1052 1970 ὲν
1085 1922 1150 1990 τῇ
1206 1920 1506 1989 Ἐκκλησία
1539 1919 1630 1972 τοῦ
1662 1919 1791 1973 Θεοῦ

1899 1925 1954 1968 et
1995 1925 2347 1979 accrescunt,
2379 1914 2444 1967 ad
2478 1915 2890 1969 similitudinem
2934 1915 3240 1970 animarqu
3283 1916 3337 1969 in
3390 1915 3491 1969 Ec-

189 2009 446 2062 εὒθαλῶν
482 2008 691 2079 ψυχῶν,
720 2010 826 2062 ἀπὸ
855 2009 1225 2081 πολυπληθίας
1249 2010 1406 2063 θείων
1437 2012 1529 2063 καὶ
1565 2011 1798 2079 λογικῶν

189 2099 409 2153 ὑδάτων
445 2102 531 2163 είς
566 2099 696 2170 ὕψος
725 2101 1070 2172 ἐπηρμένων.
1112 2102 1244 2154 Ὅτε
1274 2101 1370 2171 μὲν
1393 2098 1484 2155 οὖν
1518 2104 1644 2165 τοὺς
1673 2120 1800 2174 καρ-

188 2191 330 2252 ποὺς
371 2190 479 2260 τῆς,
529 2189 853 2260 Ἐκκλησίας
890 2187 1135 2258 βουλεται
1171 2192 1523 2260 παραστῆσαι
1549 2192 1577 2244 ό
1618 2192 1794 2260 λόγος,

188 2277 364 2332 εικόνι
403 2279 614 2350 χρῆται
642 2279 844 2343 ἐλαίας,
878 2277 912 2350 ἢ
942 2278 1200 2348 φοίνικος,
1231 2279 1264 2350 ἢ
1299 2279 1563 2349 ἀμπέλου’
1611 2283 1700 2333 ὅτε
1740 2282 1798 2335 δὲ

187 2378 249 2420 το
275 2369 516 2432 εὐθαλὲς
547 2369 641 2422 καὶ
665 2369 976 2440 διηρμένον,
1003 2369 1195 2440 νεαρόν
1215 2385 1274 2422 τε
1297 2370 1389 2423 καὶ
1410 2372 1664 2441 ἀκμαῖον,
1687 2371 1797 2426 τῶν

188 2457 248 2510 ιν
280 2459 350 2528 τῇ
417 2457 721 2530 Ἐκκλησία
753 2459 1170 2531 προκοπτόντων
1211 2460 1381 2530 δηλοῖ,
1423 2465 1488 2532 τῇ
1523 2463 1630 2514 τῶν
1663 2480 1797 2538 προ-

187 2549 504 2618 λεχθέντων
533 2549 718 2618 φυτῶν
750 2551 1118 2620 συνεχρήσατο
1141 2551 1330 2603 εικόνι·
1357 2551 1394 2604 ἀ
1425 2552 1522 2605 οὐκ
1553 2553 1728 2618 ἄλλως
1759 2554 1793 2625 ἢ

189 2635 250 2702 ιε
277 2638 502 2692 ὑδάτων
533 2639 770 2712 πλήθους
793 2640 887 2694 καὶ
916 2639 1020 2710 γῆς
1041 2641 1258 2713 ἑδραίας
1283 2643 1376 2695 καὶ
1409 2643 1636 2714 μονίμου
1667 2662 1794 2699 συν-

191 2729 456 2784 ίστασθαι
487 2730 755 2799 πέφυκενο
792 2731 821 2784 δ
865 2730 928 2802 δὴ
973 2734 1065 2785 καὶ
1096 2734 1219 2786 ἀντὶ
1259 2734 1564 2805 παραδόξου
1598 2739 1794 2809 παρεί-

189 2820 386 2892 ληφεν,
417 2822 470 2874 εί
498 2823 561 2872 ὲν
583 2823 648 2891 τῇ
678 2821 888 2894 ἀνύδρῳ
917 2823 1011 2875 καὶ
1031 2823 1320 2895 καταξήρῳ
1357 2825 1451 2878 καὶ
1480 2825 1686 2898 δειλαίᾳ
1719 2831 1791 2900 γῇ

190 2911 471 2980 τοσαύτην
517 2911 726 2965 ὑδάτων
756 2912 1020 2984 χορηγίαν
1069 2913 1287 2967 ἔσεσθαι
1319 2917 1673 2986 ἐπήγγελται,
1717 2919 1794 2983 ὠς

192 3001 426 3055 τοιαῦτα
460 3001 760 3076 βλαστῆσαι
785 3003 952 3072 φυτά,
981 3006 1141 3058 ὁποῖα
1172 3004 1533 3060 κατείλεκται.
1562 3008 1666 3061 Τὸν
1691 3009 1792 3061 αὑ-

189 3092 282 3148 τὸν
315 3094 377 3146 δὲ
399 3094 608 3164 τρόπον
637 3089 855 3150 ίσεσθαι
881 3096 975 3150 καὶ
1002 3097 1095 3150 ἀπὶ
1132 3097 1230 3168 τῆς
1265 3098 1433 3154 πάλαι
1464 3101 1672 3171 ἑρήμου
1699 3101 1794 3154 καὶ

191 3183 432 3256 ἀνύδρου
466 3185 574 3256 γῆς
606 3184 713 3238 τῶν
749 3186 914 3240 πάλαι
939 3186 1252 3258 ἀλλοφύλων
1276 3190 1368 3244 καὶ
1396 3189 1569 3244 ἀθέων
1601 3191 1787 3245 ἐθνῶν·

1901 2004 2063 2058 clcsia
2110 2005 2202 2061 Dei
2243 2004 2588 2070 ﬂorentium,
2631 2021 2750 2072 qua:
2791 2020 2857 2058 ex
2891 2007 3196 2059 divinarum
3227 2017 3282 2061 et
3319 2008 3488 2058 ratio-

1902 2098 2158 2151 nabilium
2213 2111 2479 2165 aquarum
2529 2097 2860 2150 abundantia
2910 2097 2962 2149 in
3001 2097 3169 2149 altum
3216 2111 3490 2150 excreve—

1899 2197 2058 2252 rnnt,
2103 2195 2458 2256 usurpantur.
2509 2186 2642 2240 Cum
2700 2186 2863 2255 igitur
2932 2185 3212 2254 Scriptura
3277 2185 3490 2242 fructus

1899 2278 2154 2332 Ecclesia:
2186 2288 2585 2346 reprzcsentare
2611 2277 2782 2343 cupit,
2831 2278 3064 2344 imagine
3108 2280 3279 2332 utitur
3305 2278 3486 2342 olivav,

1897 2377 1989 2421 aut
2026 2367 2252 2436 palmat,
2294 2375 2390 2423 aut
2434 2367 2595 2431 vitis;
2642 2382 2763 2420 cum
2816 2381 2947 2422 vero
2981 2365 3298 2434 ﬂorentem,
3349 2368 3483 2422 sub-

1896 2458 2100 2526 limem,
2148 2469 2397 2528 vegetum
2441 2470 2497 2514 et
2541 2474 2858 2529 prosperum
2903 2472 3117 2525 eorum,
3145 2461 3235 2530 qui
3281 2461 3334 2515 in
3379 2459 3486 2515 Ec.

1895 2551 2062 2606 clesia
2103 2552 2432 2621 proficiunt,
2480 2560 2682 2606 statum
2745 2552 3051 2622 significat,
3099 2555 3484 2622 praedictarum

1895 2643 2152 2696 arborum
2183 2643 2538 2698 similitudine
2580 2643 2770 2709 utitur,
2799 2658 2920 2712 qua:
2950 2645 3168 2700 nonnisi
3213 2662 3278 2700 ex
3311 2661 3480 2715 aqu:-

1896 2748 2012 2787 rum
2061 2735 2215 2802 copia
2269 2744 2433 2804 atque
2480 2733 2532 2786 in
2581 2744 2724 2788 terra
2767 2737 2922 2788 lirma
2970 2736 3252 2804 solidaque
3299 2740 3480 2794 consi-

1896 2833 2042 2878 stere
2081 2824 2254 2878 solent
2283 2843 2295 2878 :
2324 2827 2468 2894 quod
2507 2841 2642 2879 sane
2691 2841 2788 2895 pro
2827 2841 2887 2881 re
2925 2829 3189 2894 stupenda
3229 2837 3282 2882 et
3314 2829 3481 2885 mira-

1895 2912 1985 2966 bili
2031 2913 2334 2982 usurpavit,
2376 2913 2520 2982 quod
2559 2914 2814 2967 videlicet
2864 2916 2917 2968 in
2970 2915 3256 2984 innqunsa,
3300 2917 3485 2986 arida,"

1893 3014 1948 3059 et
1990 3006 2187 3058 misera
2228 3016 2410 3070 terra,
2455 3016 2661 3061 tantam
2703 3005 2822 3061 {ore
2877 3021 3140 3075 aquarum
3191 3009 3477 3063 abundan-

1895 3096 2024 3150 tiam
2070 3095 2412 3166 polliceatur,
2441 3108 2499 3151 ut
2534 3100 2669 3154 tales
2719 3100 2977 3160 arbores,
3026 3098 3214 3167 quales
3244 3113 3472 3155 enunie-

1895 3198 2108 3254 rantur,
2143 3189 2390 3256 proferre
2425 3189 2624 3246 valeat.
2665 3190 2865 3245 Eodem
2893 3200 3072 3244 autem
3114 3191 3278 3245 modo
3310 3207 3478 3247 even-

192 3275 473 3345 τοσαύτην
516 3275 628 3346 γάρ
669 3278 996 3348 γενήσεσθαι
1039 3280 1132 3334 καὶ
1171 3281 1259 3333 ἐπ’
1299 3281 1446 3353 αὐτῷ
1491 3283 1791 3357 μεταϐολὴν

1894 3289 2072 3334 turum
2104 3280 2234 3334 dicit
2280 3280 2334 3335 in
2387 3281 2475 3335 illa
2510 3281 2639 3333 olim
2686 3282 2898 3334 deserta
2939 3289 2995 3335 et
3038 3283 3297 3351 inaqnusa
3343 3283 3476 3336 alie-

191 3365 539 3438 προφητεύει
560 3369 639 3432 είς
663 3367 886 3432 ἔνδειξιν
916 3371 1015 3441 τῆς
1048 3372 1316 3444 σωτηρίου
1345 3374 1680 3442 εὐεργεσίας.

267 3689 286 3722 ι
317 3671 440 3724 Ἵνα
463 3669 619 3724 ίδωσι
642 3671 736 3724 καὶ
760 3668 949 3739 γνῶσι,
977 3671 1072 3726 καὶ
1089 3671 1384 3742 ὲννοήσωσι
1409 3671 1502 3725 καὶ
1528 3672 1789 3724 ἐπίστων-

191 3778 282 3817 ται
305 3763 450 3834 ἅμα,
481 3763 568 3816 δτι
601 3764 718 3834 χεὶρ
743 3763 946 3834 Κυρίου
976 3762 1195 3834 ιποίησι
1219 3761 1411 3827 ταῦτα,
1445 3763 1538 3817 καὶ
1574 3765 1603 3816 ό
1634 3764 1786 3831 ἅγιος

191 3853 284 3908 τοῦ
335 3853 563 3928 Ἰσραὴλ
609 3852 934 3919 κατέδειξεν.
972 3872 992 3905 ι
1038 3853 1101 3907 El
1151 3853 1261 3925 γὰρ
1310 3854 1384 3924 μὴ
1415 3853 1547 3917 Θεὸς
1586 3849 1653 3925 ἦν
1692 3856 1785 3908 καὶ

191 3943 312 4016 χεὶρ
346 3943 587 4016 Κυρίου,
621 3943 654 4014 ἡ
683 3942 770 3996 διὰ
794 3942 904 3997 τῶν
936 3943 1247 3997 ἀποστόλων
1275 3942 1440 3998 αὑτοῦ
1471 3943 1569 4016 τὴν
1594 3945 1786 3998 τοσαύ-

191 4050 290 4106 την
323 4033 632 4106 μεταδολην
673 4037 730 4089 ὲν
763 4037 878 4099 τοῖς
909 4034 1116 4088 ἔθνεσιν
1149 4035 1485 4106 είργασμένη
1506 4075 1519 4095 ,
1559 4031 1676 4098 πῶς
1717 4035 1784 4088 ἂν

191 4125 538 4196 συνέστησαν
570 4125 628 4177 ὲν
653 4128 718 4196 τῇ
746 4124 980 4196 τοσαύτη
1003 4125 1112 4178 τῶν
1143 4125 1312 4179 ἐθνῶν
1351 4124 1556 4196 ἐρημίᾳ
1589 4125 1784 4197 ἐκκλη-

191 4216 304 4270 σίαι
333 4215 502 4279 Θεοῦ,
529 4215 622 4271 καὶ
650 4215 717 4268 τὰ
750 4218 809 4269 ὲν
843 4217 978 4286 αύτῇ
1011 4215 1203 4284 λογικά
1241 4215 1408 4269 ὓδατα
1447 4215 1781 4285 πληθύνοντα

191 4304 472 4376 πανταχοῦ
501 4305 624 4374 γῆς,
647 4304 722 4368 ὡς
745 4306 1104 4376 γεωργεῖσθαι
1128 4306 1234 4359 τῶν
1267 4290 1527 4376 πρότερον
1561 4308 1782 4377 ἐρήμων

190 4395 280 4448 καλ
303 4393 605 4465 ἀνημέρων
628 4393 794 4447 ἐθνῶν
812 4394 909 4459 τὰς
935 4395 1110 4466 ψυχὰς
1133 4395 1210 4466 τῷ
1234 4395 1333 4465 τῆς
1356 4395 1662 4458 θεοσεσείας
1693 4395 1780 4446 λό-

190 4500 291 4556 γῳ,
341 4485 506 4554 φύειν
549 4500 609 4537 τε
641 4487 733 4539 καὶ
784 4486 964 4557 ὑψηλά
1007 4488 1100 4540 καὶ
1129 4488 1374 4558 μετέωρα
1402 4485 1775 4558 βλαστήματαο

1891 3389 2081 3428 narum
2122 3385 2178 3426 et
2209 3374 2496 3444 impiarum
2545 3374 2786 3442 gentium
2834 3382 2979 3427 terra
3015 3391 3028 3427 :
3060 3388 3184 3427 nam
3235 3384 3292 3426 ut
3327 3375 3474 3428 salu-

1892 3474 2008 3518 tare
2045 3465 2364 3520 beneﬁcium
2410 3466 2698 3534 exprimat,
2743 3473 2947 3519 tantam
2989 3465 3041 3520 in
3080 3465 3169 3520 illa
3210 3464 3325 3521 fore
3353 3481 3471 3520 mu-

1890 3557 2146 3610 tationem
2181 3558 2528 3612 vaticinatur.

1960 3646 2123 3703 Vens.
2149 3648 2238 3702 20.
2279 3666 2298 3700 ι
2331 3649 2400 3704 Ut
2449 3649 2670 3703 videant
2714 3657 2769 3703 et
2820 3659 3189 3720 cognoscant,
3232 3659 3289 3704 et
3320 3649 3471 3716 cogi-

1885 3746 2078 3794 tentet
2110 3741 2281 3794 sciant
2307 3740 2502 3804 simul,
2543 3741 2797 3808 quoniam
2850 3757 3044 3795 manus
3077 3743 3286 3796 Doxuini
3343 3741 3470 3796 fecit

1886 3831 2024 3897 lucc,
2067 3841 2121 3886 et
2168 3843 2389 3889 sanctus
2424 3832 2584 3888 lsrael
2616 3835 2876 3888 ostendit.
2904 3853 2924 3886 ι
2970 3832 3085 3888 Nisi
3131 3835 3276 3889 enim
3326 3834 3472 3890 Deus

1884 3933 1938 3978 et
1978 3939 2170 3980 manus
2221 3927 2432 3980 Domini
2481 3935 2650 3988 esset,
2691 3940 2811 3994 quae
2865 3939 2961 3994 per
3009 3924 3288 3993 apostolos
3339 3939 3470 3980 suos

1883 4023 2088 4070 tantam
2136 4018 2188 4071 in
2230 4019 2480 4087 gentibus
2512 4018 2866 4070 mutationem
2919 4017 3150 4081 induxit,
3194 4019 3468 4085 quomodo

1885 4109 1936 4162 in
1971 4118 2123 4163 tanto
2169 4111 2408 4179 gentium
2456 4110 2674 4163 deserto
2727 4107 2983 4161 Ecclesia-
3031 4107 3128 4161 Dei
3177 4107 3466 4161 constitis-

1881 4207 2037 4260 sent,
2082 4211 2136 4253 et
2189 4201 2548 4256 rationabiles
2592 4197 2711 4269 ejus
2756 4214 2908 4267 aqme
2953 4198 3153 4269 ubique
3201 4208 3466 4252 terrarum

1882 4288 2108 4358 largitor
2157 4301 2503 4351 manaSsent.
2557 4293 2629 4346 ita
2681 4300 2738 4343 ut
2800 4290 2903 4344 illae
2963 4291 3089 4343 olim
3139 4292 3368 4345 deserta:
3411 4299 3469 4345 et

1882 4379 2117 4434 immites
2147 4383 2382 4450 gentium
2435 4384 2645 4446 animae,
2689 4382 2790 4453 piae
2843 4382 3118 4452 religionis
3161 4383 3327 4436 verbo
3367 4398 3466 4436 ex-

1882 4469 1987 4524 coli
2027 4483 2274 4540 possent,
2317 4489 2380 4528 ac
2426 4474 2604 4529 celsas
2647 4475 3016 4541 sublimesque
3050 4474 3262 4542 plantas
3309 4475 3470 4528 emit-

189 4577 384 4631 καὶτὰ
414 4576 516 4646 μὲν
545 4575 635 4629 ἐπὶ
655 4577 759 4645 γῆς
788 4576 1153 4648 ὲρῥιξωμένα,
1184 4578 1326 4646 λέγω
1352 4578 1415 4648 δὴ
1452 4580 1509 4630 ὲν
1537 4580 1613 4649 τῷ
1645 4579 1776 4649 θνη-

1893 4572 2000 4616 lere
2026 4581 2040 4618 :
2070 4580 2300 4634 quarum
2331 4569 2452 4622 alia:
2495 4569 2548 4620 in
2587 4577 2752 4632 terra,
2784 4567 2992 4621 scilicet
3035 4569 3086 4620 in
3124 4567 3337 4621 mortali
3375 4569 3470 4620 liu-

190 4669 268 4741 τῷ
293 4670 400 4724 καὶ
432 4667 760 4738 ἀνθρωπίνῳ
799 4667 918 4738 βίῳο
947 4669 1014 4722 τά
1048 4668 1104 4722 δὲ
1133 4671 1212 4733 είς
1243 4669 1375 4739 ὕψος
1416 4671 1772 4740 ἐπαιρόμενα,

189 4757 262 4823 ὣς
289 4759 395 4814 καὶ
445 4758 607 4829 μέχρι
633 4759 729 4829 τῆς
787 4758 1059 4828 βασιλείας
1107 4760 1214 4812 τῶν
1255 4760 1498 4830 οὐρανῶν
1544 4763 1779 4815 ἐκτείνε-

192 4848 344 4913 σθαι,
378 4849 544 4902 κάκεῖ
565 4847 662 4910 τάς
693 4847 896 4901 ἑαυτῶν
917 4849 1162 4923 Δἀνειρτᾷν
1186 4850 1437 4914 ὲλπίδας;
1470 4852 1559 4904 Διὸ
1592 4858 1776 4922 φυτοῖς

191 4940 421 4996 εὐώδεσι
447 4936 543 4990 καὶ
575 4938 651 5001 είς
691 4937 822 5007 ὕψος
854 4940 1181 5011 ἐπηρμένοις
1211 4941 1668 5012 παοαόέὸληνται.

265 5131 284 5166 t
333 5109 578 5181 Ἐγγίζει
611 5113 646 5184 ἡ
687 5113 866 5184 κρίσις
897 5112 1081 5184 ὑμῶν,
1115 5112 1260 5182 λέγει
1303 5114 1508 5186 Κύριος
1552 5119 1580 5169 ό
1621 5116 1772 5181 Θεός·

1885 4671 2151 4723 manaque
2177 4658 2310 4723 vita,
2349 4662 2560 4715 radices
2605 4675 2866 4728 posuere;
2912 4659 3031 4713 alia:
3069 4671 3200 4715 vero
3247 4675 3463 4714 sursum

1882 4760 2081 4801 creetur
2127 4760 2296 4814 sunt,
2343 4752 2415 4804 ita
2467 4762 2524 4804 nt
2564 4753 2630 4804 ad
2693 4767 2864 4819 usque
2917 4767 3142 4820 regnum
3200 4751 3462 4806 cmlnrum

1883 4843 2326 4907 extenderentur,
2374 4855 2536 4910 atque
2573 4844 2642 4896 iiii
2686 4859 2836 4913 spem
2884 4858 3038 4896 suam
3097 4841 3466 4909 reponerent?

1884 4933 2237 5000 quamobrem
2315 4934 2755 4989 suaveolentibus
2810 4951 2874 4989 ac
2927 4934 3238 4990 celsissitnis
3300 4933 3462 4986 arbo-

1884 5025 2034 5078 ribus
2063 5037 2461 5094 comparantur.

1957 5115 2120 5170 Vens.
2147 5117 2234 5171 21.
2275 5137 2292 5168 ι
2322 5119 2731 5188 Apprnpinquat
2753 5118 3014 5186 judicium
3043 5127 3302 5172 vestrum.
3328 5113 3460 5168 dicit

193 5201 431 5273 ἤγγισαν
461 5204 519 5257 αἱ
552 5201 735 5270 βουλαὶ
770 5204 942 5274 ὑμῶν,
973 5204 1119 5272 λέγει
1152 5207 1179 5257 ό
1215 5205 1465 5273 βασιλεὺς
1505 5208 1719 5261 Ἰακώϐ.
1753 5228 1770 5259 ι

1893 5206 2132 5262 )ominns
2186 5210 2375 5263 Dens:
2424 5211 2926 5279 appropinquarunt
2976 5209 3199 5263 consilia
3253 5217 3456 5273 vestra,

203 5293 630 5362 Ἀναπολόγητοι
662 5293 770 5362 γάρ
800 5296 961 5356 -ὲστε,
999 5294 1182 5364 φησὶν,
1217 5289 1262 5346 ὦ
1297 5295 1694 5368 εἰδωλολάτραι,
1729 5300 1777 5351 οί

1893 5297 2006 5352 licit
2049 5315 2142 5353 rex
2182 5299 2366 5355 Jacob.
2395 5320 2412 5352 ι
2460 5302 2855 5357 lnexcusabiles
2887 5303 3086 5371 quippe
3117 5301 3266 5363 estis,
3295 5299 3391 5361 ait,
3422 5316 3457 5354 ο

197 5384 335 5452 μετά
373 5383 476 5455 τὴν
515 5384 781 5455 τοσαύτην
808 5385 963 5455 χάριν
995 5385 1090 5456 τὴν
1121 5386 1190 5438 τὰ
1230 5387 1465 5441 τοσαῦτα
1511 5405 1780 5460 κατεργα-

197 5474 462 5546 σαμένην,
497 5475 564 5543 τῇ
612 5473 853 5544 πολυθέῳ
882 5477 1333 5546 ὲναπομείναντες
1363 5478 1560 5549 πλάνῃ,
1591 5481 1662 5550 μὴ
1695 5482 1779 5532 ὲν·-

195 5566 513 5636 νοήσαντες,
540 5563 614 5626 ὡς
637 5566 755 5635 χείρ
779 5561 845 5634 ἦν
857 5565 1070 5636 ἀληθῶς
1097 5565 1229 5618 Θεοῦ
1255 5568 1288 5636 ἡ
1317 5567 1383 5620 τά
1402 5569 1632 5622 τοσαῦτα
1657 5586 1780 5624 κατ-

195 5657 565 5727 εργαζομένη,
605 5658 700 5710 καὶ
743 5657 868 5728 πρὶν
927 5658 1176 5726 γενέσθαι
1213 5661 1598 5732 μαρτυραμὲνη
1627 5702 1640 5726 ,
1694 5662 1775 5716 ὅτι

193 5748 361 5802 ταῦτα
389 5749 571 5802 ἔσται.

261 5846 302 5877 ’⁸
343 5845 483 5910 Cap.
516 5858 613 5906 xu,
646 5859 784 5900 vers.
813 5844 892 5901 l3.
971 5846 1014 5876 τ’
1055 5843 1192 5900 Psal.
1225 5861 1388 5910 um,
1425 5846 1510 5900 ετ.

1874 5390 2212 5455 idololatrm,
2268 5395 2359 5460 qui
2421 5403 2540 5460 post
2593 5402 2796 5445 tantam
2849 5393 3087 5460 taliaque
3138 5399 3452 5458 Operantem

1874 5483 2122 5551 gratiam,
2155 5485 2206 5538 in
2255 5485 2545 5538 multormn
2585 5486 2862 5538 numinum
2902 5500 3086 5538 errore
3130 5483 3450 5539 mansistis:

1882 5589 1986 5627 non
2030 5577 2362 5644 cegitantes,
2408 5593 2625 5630 manum
2669 5576 2760 5629 Dei
2810 5591 2930 5630 esse
2976 5592 3092 5644 quae
3139 5587 3244 5629 tam
3286 5574 3451 5630 multa

1879 5666 2083 5732 edidit,
2129 5679 2181 5724 ct
2231 5679 2517 5740 antequam
2569 5669 2792 5735 tierent,
2838 5670 2951 5724 htec
2992 5671 3164 5722 futura
3211 5681 3433 5738 prmum:

1884 5758 2051 5811 liavit.
