4124 6408
699 368 801 423 38'!

1389 358 1653 415 EUSEBll
1691 354 2152 413 CxESARIENSlS
2187 352 2336 411 OPP.
2379 352 2552 408 PARS
2590 353 2675 407 ιιι.
2716 383 2785 397 -
2821 348 3226 406 EXEGETICA.

3805 344 3906 401 διε

697 488 999 563 quempiam
1044 497 1095 538 et
1134 487 1269 555 apud
1315 486 1555 541 homines
1596 485 1863 538 inﬁrmum
1908 482 2242 539 contristari!

2344 475 2399 526 ιν
2427 472 2728 543 ἀνθρώποις
2788 470 3071 538 ἐλύπησεν,
3098 467 3221 520 οὔτε
3265 464 3383 518 τινὰ
3422 464 3530 517 τῶν
3584 462 3907 533 ἐπηρμένων

699 597 953 652 unquam,
997 596 1169 650 neque
1212 580 1372 633 ullum
1398 594 1461 632 ex
1500 576 1873 645 arrogantibus
1900 585 1954 627 et
1998 574 2243 641 superbis

696 674 917 727 adortus
948 681 1021 726 est
1054 690 1066 725 :
1102 672 1194 725 sed
1246 684 1361 723 sese
1388 670 1635 722 omnibus
1668 681 1885 735 prorsus
1938 664 2243 719 hominibus

699 774 1032 817 mansuetum
1072 775 1121 816 et
1153 761 1400 815 humilem
1438 760 1599 813 corde
1632 757 1874 812 exhibuit
1901 774 1914 811 :
1942 771 2061 810 cum
2104 756 2245 809 veri-

696 865 810 909 tate
836 865 1010 908 autem
1042 864 1090 909 et
1134 853 1317 907 t'lducia
1349 853 1597 906 omnibus
1628 850 1873 917 aperiens
1911 863 1997 907 ea.
2026 862 2145 916 quae
2177 848 2243 901 ad

700 944 793 998 Di-i
824 944 1077 1012 judicium
1117 942 1446 1007 spectabant,
1491 955 1593 993 non
1630 940 1776 1009 prius
1810 938 2056 999 cessavit,
2083 951 2243 1006 quam

698 1035 831 1091 lucis
880 1036 1046 1088 instar
1093 1032 1485 1102 splendesceret
1526 1044 1622 1099 per
1683 1031 2130 1083 resurrectionem
2176 1043 2242 1081 ex

696 1126 939 1185 mortuis,
980 1139 1137 1193 quam
1170 1123 1510 1192 propheticus
1549 1136 1726 1176 sermo
1769 1120 1854 1174 his
1890 1120 2067 1175 verbis
2110 1119 2241 1174 sub-

696 1217 975 1277 ludicavit.
1014 1233 1034 1266 ι
1064 1214 1459 1284 Resplendebit,
1498 1222 1554 1266 et
1581 1229 1684 1267 non
1727 1220 2053 1265 conteretur.
2084 1228 2103 1263 ι
2154 1209 2242 1263 Si-

693 1308 907 1375 quidem
952 1307 1097 1360 illum
1152 1315 1428 1360 conterere
1470 1313 1524 1359 et
1569 1305 1909 1372 exstinguere
1966 1299 2246 1355 tentabant

695 1401 761 1463 ii,
800 1399 887 1465 qui
935 1413 1119 1454 necem
1152 1398 1248 1467 ipsi
1278 1397 1445 1450 moliti
1473 1405 1596 1450 sunt
1623 1414 1637 1449 :
1668 1395 1864 1448 etenim
1904 1394 1956 1448 id
1990 1393 2240 1448 universo

691 1490 972 1544 hominum
1018 1489 1197 1558 generi
1245 1498 1430 1541 natura
1485 1487 1760 1555 proprium
1809 1494 1923 1548 est,
1975 1495 2035 1538 ut
2071 1492 2242 1538 morte

693 1587 1027 1632 conteratur.
1051 1577 1117 1630 At
1152 1591 1254 1629 non
1297 1576 1443 1628 illum
1482 1589 1627 1629 mors
1663 1575 1947 1637 contrivit,
1982 1574 2074 1627 sed
2106 1589 2241 1627 unus

692 1686 900 1733 eorum,
929 1669 1015 1736 qui
1042 1685 1069 1721 a
1100 1667 1293 1722 saeculo
1323 1667 1492 1729 luere,
1527 1667 1681 1720 morti
1720 1666 1964 1736 superior
2004 1666 2241 1719 evasisse

690 1761 809 1825 jure
838 1760 1133 1814 declaratur
1160 1776 1187 1811 ι
1218 1760 1496 1827 prophetia
1524 1758 1731 1831 dicente
1772 1775 1786 1812 :

770 1851 929 1904 Vsus.
961 1850 1014 1904 ι.
1057 1869 1075 1901 ι
1104 1850 1517 1919 Resplendebit,
1556 1859 1610 1903 et
1637 1865 1739 1903 non
1774 1858 2102 1911 conteretur,
2145 1848 2243 1902 do-

691 1957 791 1997 nec
828 1952 995 2009 ponat
1043 1942 1097 1996 in
1138 1952 1279 1997 terra
1336 1941 1631 2007 judicium;
1672 1953 1725 1995 et
1766 1942 1816 1994 in
1871 1941 2089 1995 nomine
2130 1940 2244 2009 ejus

694 2042 877 2102 gentes
918 2035 1226 2101 sperabunt.
1274 2054 1290 2085 ι
1324 2034 1586 2100 Quocirca
1632 2042 1751 2101 post
1798 2033 2242 2087 resurrectionem

695 2138 758 2177 ex
796 2127 1017 2178 mortuis
1045 2166 1059 2190 ,
1084 2126 1219 2179 lucis
1267 2127 1439 2181 instar
1480 2128 1532 2179 in
1570 2136 1682 2180 toto
1711 2128 1841 2179 orbe
1876 2125 2243 2192 resplendeus,

693 2229 799 2268 non
827 2216 977 2284 prius
1014 2217 1274 2280 cessavit,
1305 2233 1461 2285 quam
1512 2218 1565 2271 in
1613 2228 1753 2271 terra
1808 2229 1859 2271 et
1904 2219 1954 2269 in
2003 2216 2243 2272 Ecclesia

690 2321 786 2359 sua
836 2307 1070 2374 regimen
1130 2309 1469 2377 acjmiicium
1528 2312 1829 2379 ordinaret,
1885 2312 2026 2380 quod
2080 2311 2237 2367 etiam

695 2396 965 2463 discipulis
991 2397 1101 2451 suis
1129 2400 1369 2455 tradidit.

765 2487 928 2543 Vsus.
968 2490 1021 2546 5.
1054 2506 1073 2539 ι
1106 2489 1196 2545 Sic
1219 2493 1348 2547 dicit
1380 2493 1634 2549 Dominus
1660 2494 1816 2559 Deus,
1853 2498 1942 2564 qui
1979 2496 2107 2551 fecit
2132 2513 2243 2553 cu:-

697 2576 825 2641 lum,
853 2587 905 2632 et
939 2580 1221 2645 ﬂxitillud,
1251 2584 1337 2650 qui
1374 2585 1605 2637 ﬁrmavit
1640 2596 1880 2651 terram,
1927 2597 1981 2642 et
2024 2604 2142 2655 qua:
2190 2590 2241 2643 in

695 2668 805 2732 ipsa
836 2681 977 2733 sunt,
1006 2673 1097 2741 qui
1126 2674 1214 2726 dat
1249 2673 1428 2727 natum
1455 2676 1652 2744 populo
1685 2692 1783 2731 suo
1816 2679 1867 2732 in
1891 2693 1975 2746 ea,
2001 2690 2053 2733 et
2080 2680 2243 2748 spiri-

694 2768 805 2812 tum
841 2760 1172 2817 calcantibus
1219 2779 1354 2819 eam.
1391 2785 1410 2818 ι
1459 2768 1754 2843 Admodum
1803 2782 2239 2841 consequenter:

694 2866 817 2903 nam
847 2866 981 2921 Opus
1008 2863 1091 2907 est
1120 2869 1216 2906 uos
1251 2857 1495 2911 ediscere
1535 2874 1599 2913 ex
1642 2861 1794 2928 cujus
1835 2876 2061 2928 persona
2099 2862 2241 2917 dicta

692 2944 800 2993 sint
840 2957 956 3009 qua:
987 2942 1052 2997 de
1088 2942 1301 2999 Christo
1334 2948 1751 3015 pmmittuntur.
1781 2950 1911 3015 Quia
1940 2954 2081 3005 enim
2108 2968 2240 3006 con-

692 3032 873 3085 l'ertim
924 3033 1081 3087 initio
1122 3035 1334 3089 dixerat
1388 3040 1727 3106 propheticus
1774 3056 1971 3103 sermo,
2019 3059 2037 3092 ι
2072 3040 2241 3097 Iacob

694 3138 827 3192 puer
852 3139 1023 3187 meus,
1074 3128 1359 3195 suscipiam
1404 3143 1526 3181 eum
1562 3146 1573 3179 :
1605 3129 1763 3183 Israel
1814 3132 2013 3186 electus
2066 3149 2237 3197 meus,

695 3216 929 3283 suscepit
960 3231 1082 3269 eum
1119 3218 1295 3270 anima
1325 3233 1440 3271 mea
1472 3237 1485 3272 :
1514 3219 1629 3273 dedi
1670 3222 1911 3288 spiritum
1944 3238 2116 3277 meum
2150 3240 2240 3277 su-

695 3320 793 3366 per
817 3319 970 3367 eum;
1010 3325 1028 3357 ι
1063 3321 1161 3359 nec
1187 3308 1508 3361 indicaverat
1536 3310 1655 3377 quis
1695 3312 1805 3364 haec
1828 3311 2086 3378 dixisset,
2140 3314 2236 3366 hu-

694 3396 778 3462 jus
826 3394 1056 3447 vaticinii
1114 3406 1386 3449 auctorem
1434 3396 1542 3464 jam
1606 3404 1906 3453 necessario
1939 3402 2182 3454 enuntiat
2222 3416 2234 3452 :

696 3484 1037 3549 quamobrem
1067 3485 1357 3554 suhjnngit,
1394 3504 1415 3538 ι
1448 3487 1537 3541 Sic
1565 3488 1692 3540 dicit
1715 3489 1967 3544 Dominus
2000 3490 2136 3545 Deus
2167 3510 2179 3545 :
2218 3512 2235 3542 ι

695 3574 809 3641 ipse
839 3574 1031 3642 quippe
1056 3586 1191 3637 erat,
1217 3577 1305 3643 qui
1336 3587 1388 3629 et
1408 3578 1575 3644 prima
1601 3580 1837 3645 protulit,
1875 3590 1929 3633 et
1963 3583 2238 3649 sequentia

692 3664 906 3731 adjecit.
934 3665 1185 3729 Quamvis
1212 3668 1351 3720 enim
1383 3678 1475 3721 vo‘s
1501 3670 1761 3734 homines,
1798 3671 2054 3725 invisibili
2087 3683 2140 3725 et
2165 3674 2244 3725 ine

691 3770 963 3823 corporea:
998 3756 1083 3809 Dei
1117 3758 1426 3811 substantia:
1451 3760 1688 3812 videndae
1735 3776 1891 3828 pares
1926 3777 2026 3814 non
2084 3762 2241 3826 sitis;

693 3858 751 3900 et
782 3849 934 3916 hujus
962 3847 1089 3900 tanti
1117 3847 1236 3901 coeli
1272 3849 1688 3918 magnitudinem
1744 3853 2111 3919 speculantes,
2147 3869 2241 3907 vo-

694 3939 896 3991 biscum
926 3948 1166 4005 reputate
1198 3948 1426 4006 quantus
1456 3941 1694 4008 qualisve
1718 3945 1787 3995 sit
1824 3944 1885 4003 is.
1916 3946 2003 4011 qui
2040 3955 2241 3998 tantam

699 4029 815 4081 ﬁxit
846 4030 1070 4093 molem,
1118 4030 1238 4085 hinc
1274 4040 1467 4084 terram
1516 4033 1682 4101 ipsam
1740 4034 2125 4103 respicientes,
2181 4052 2245 4091 ac

697 4122 1113 4186 considerantes,
1166 4133 1382 4192 quanta,
1435 4141 1592 4193 quam
1658 4126 1949 4181 immobilis
1987 4144 2013 4180 a
2049 4128 2244 4182 Steculo

699 4215 913 4266 fundata
955 4224 1007 4266 et
1038 4229 1131 4266 ceu
1182 4216 1444 4269 radicibus
1485 4218 1690 4268 (inuata
1730 4222 1839 4280 sit,
1874 4220 1944 4272 ita
1978 4230 2033 4270 ut
2060 4236 2127 4273 ne
2162 4219 2240 4272 vel

697 4302 960 4355 tantillum
1006 4314 1317 4367 moveatur;
1376 4305 1602 4373 cogitate
1663 4321 1822 4374 quam
1869 4307 2245 4361 inenarrabilis

697 4396 865 4447 virtus
896 4395 961 4448 sit
996 4394 1126 4459 ejus,
1164 4396 1251 4461 qui
1288 4396 1520 4448 ﬁrmavit
1557 4412 1671 4449 eam
1695 4437 1709 4461 ,
1756 4409 1809 4452 et
1853 4401 1921 4451 ita
1960 4401 2241 4455 fecundam

698 4486 1071 4552 fructuumque
1126 4485 1355 4539 feracem
1409 4490 1679 4553 condidit,
1742 4500 1799 4542 ut
1839 4500 1916 4544 tot
1960 4494 2236 4560 animalia,

699 4584 775 4627 tot
800 4576 1004 4640 plantas
1040 4576 1293 4640 proferat.
1337 4575 1381 4629 Is
1402 4591 1547 4644 ergo,
1580 4580 1668 4646 qui
1706 4588 1905 4632 tantam
1940 4582 2241 4647 pulchritu-

698 4667 870 4717 dinem
903 4678 955 4717 et
990 4676 1185 4717 tantam
1214 4668 1400 4718 molem
1428 4670 1684 4728 condidit,
1716 4670 1975 4724 Dominus
2012 4686 2065 4726 et
2104 4676 2243 4727 Deus

698 4757 1086 4815 universorum,
1120 4759 1275 4808 etiam
1307 4773 1389 4821 ea,
1426 4775 1540 4826 qua:
1562 4763 1808 4830 superius
1832 4765 1972 4817 dicta
2003 4777 2147 4829 sunt,
2177 4767 2241 4822 de

698 4847 911 4900 Christo
947 4850 1341 4913 prmuuntiavit.

768 4962 922 5017 Vens.
953 4962 1064 5017 6-7.
1105 4982 1122 5014 ι
1167 4965 1274 5033 Ego
1312 4966 1561 5017 Dominus
1594 4966 1729 5021 Deus
1754 4974 1935 5022 vocavi
1983 4980 2030 5023 le
2079 4972 2129 5024 in
2155 4970 2244 5039 ju-

696 5056 839 5107 smia
875 5072 887 5105 :
922 5066 973 5108 et
1006 5058 1397 5123 apprehendam
1430 5074 1638 5110 inanium
1666 5069 1804 5112 tuam
1835 5103 1849 5125 ,
1890 5073 1942 5115 et
1981 5063 2245 5115 001·ιόὺο⁴

699 5150 829 5198 rubo
852 5154 927 5208 te,
955 5156 1005 5198 et
1035 5148 1149 5199 dedi
1184 5159 1235 5201 te
1276 5150 1327 5199 in
1358 5159 1732 5203 testamentum
1776 5155 1989 5220 generis
2013 5196 2026 5218 ,
2063 5155 2111 5205 in
2158 5155 2239 5207 lu-

696 5252 808 5289 cem
838 5240 1091 5306 gentium,
1123 5249 1177 5291 ut
1218 5240 1454 5308 aperires
1482 5243 1664 5293 oculos
1700 5258 1959 5296 οαιςονιιιιι
1982 5284 1995 5307 ,
2030 5257 2082 5299 et
2112 5245 2242 5297 edu-

698 5345 845 5381 ceres
891 5332 1092 5384 vinctos
1133 5346 1200 5385 ex
1246 5332 1472 5383 vinculis
1508 5342 1559 5385 et
1609 5349 1670 5385 ex
1706 5334 1860 5384 domo
1889 5335 2142 5387 custodiae
2193 5344 2245 5388 et

698 5422 939 5473 sedentes
969 5424 1017 5473 in
1048 5424 1301 5477 tenebris.
1344 5443 1360 5473 ι
1404 5422 1495 5476 llis
1536 5424 1819 5491 compellat
1868 5439 1988 5477 eum
2015 5465 2030 5489 ,
2084 5441 2241 5492 quem

702 5514 939 5576 superius
984 5529 1204 5580 puerum
1234 5531 1383 5567 sumu
1419 5516 1582 5579 dixit,
1610 5514 1693 5566 cui
1724 5530 1776 5566 se
1805 5514 2050 5580 spiritum
2085 5529 2241 5567 suum

700 5604 941 5656 daturum
966 5620 1084 5659 esse
1110 5606 1339 5659 dicebat.
1392 5604 1571 5659 Primo
1616 5617 1790 5658 autem
1832 5608 2003 5673 ipsum
2052 5610 2101 5659 in
2148 5608 2237 5673 ju-

700 5695 839 5744 stilia
877 5705 1026 5747 vocat
1090 5697 1417 5749 vocationem
1447 5698 1562 5765 ejus
1596 5712 1689 5763 pro
1729 5699 1983 5765 dignitate
2011 5699 2240 5763 etjusti-

698 5788 767 5838 tia
798 5801 1055 5854 peragens
1089 5802 1100 5837 :
1137 5787 1321 5842 deinde
1372 5802 1493 5842 vero
1539 5804 1594 5843 se
1636 5804 1848 5843 manum
1894 5790 2009 5855 ejus
2048 5806 2241 5857 apprc-

2345 566 2437 617 καὶ
2464 563 2825 634 ὑπερηφάνων
2856 558 3109 631 μετῆλθεο
3142 557 3276 628 πρὸς
3302 556 3544 616 ἅπαντας
3568 554 3625 606 δὲ
3657 556 3783 616 τοὺς
3818 556 3906 607 ἀν-

2346 652 2596 722 θρώπους
2650 650 2823 724 πρᾶός
2854 667 2912 702 τε
2943 644 3010 718 ἦν
3040 646 3133 700 καὶ
3163 644 3413 706 ταπεινὸς
3447 646 3511 712 τῇ
3546 641 3743 711 καρδία
3762 657 3777 670 ⁸
3813 642 3906 695 σὺν

2345 738 2568 808 ἀληθείᾳ
2605 738 2660 790 δὲ
2708 738 2799 790 καὶ
2852 734 3128 807 παρρησίᾳ
3180 736 3291 796 τοῖς
3325 736 3455 786 πᾶσι
3496 730 3905 785 διαστέλλωντὰ

2348 829 2587 901 περὶτῆς
2609 828 2702 880 τοῦ
2731 826 2864 880 Θεοῦ
2894 827 3143 898 κρίσεως,
3161 825 3255 877 καὶ
3270 825 3331 876 οὐ
3360 823 3615 895 πρότερόν
3648 838 3712 890 γε
3740 820 3906 876 trud-

2348 920 2497 985 oato,
2534 920 2566 991 ἦ
2602 918 2776 989 φωτὸς
2804 918 2959 989 δίκην
2997 915 3267 986 ἐκλάμψαι
3301 915 3388 967 διὰ
3438 915 3535 984 τῆς
3580 917 3644 967 ἐκ
3700 912 3905 985 νεκρῶν

2345 1000 2711 1074 ἀναστάσεως,
2748 1011 2813 1080 ἢν
2840 1012 2869 1063 6
2913 1006 3243 1080 προφητικδς
3274 1006 3427 1073 λόγος
3457 1005 3673 1076 ⁴ᾐνίξατο
3716 1003 3901 1065 εἰπὼν.

2351 1122 2370 1153 ι
2411 1101 2737 1173 Ἀναλάμψει
2770 1102 2863 1153 καὶ
2894 1102 2954 1153 οὐ
2996 1098 3410 1169 θραυσθήσεται.
3450 1115 3469 1148 ι
3530 1096 3771 1167 Θραῦσαι
3808 1095 3904 1165 μὲν

2346 1193 2453 1263 γὰρ
2484 1192 2661 1255 αὑτὸν,
2690 1191 2784 1243 καὶ
2809 1188 3105 1243 ἀποσϐέσαι
3152 1186 3503 1257 πεπείρανται
3532 1187 3580 1239 οι
3613 1186 3708 1237 τὸν
3750 1184 3901 1239 θάναρ

2343 1302 2433 1339 τον
2467 1282 2613 1353 αὑτῷ
2644 1281 3145 1342 κατασκευάσαντες
3168 1295 3181 1308 ⁸
3212 1278 3335 1329 ἐπεὶ
3357 1279 3450 1330 καὶ
3475 1279 3580 1329 πᾶν
3606 1276 3668 1329 τὸ
3718 1276 3905 1345 θνητὸν

2344 1376 2496 1443 γένος
2550 1373 2758 1441 Θανάτῳ
2818 1369 3146 1441 θραύσεσθαι
3201 1368 3462 1436 πέφυκεν.
3513 1367 3650 1420 Ἀλλ’
3700 1365 3762 1418 οὑ
3815 1364 3907 1418 καὶ

2345 1465 2503 1518 αὑτὸν
2550 1463 2837 1534 ἔθραυσενο
2878 1461 3033 1531 μόνος
3070 1459 3125 1511 δὲ
3167 1459 3272 1511 τῶν
3302 1458 3359 1523 ἑξ
3409 1456 3601 1528 αἰῶνος
3630 1450 3711 1518 εἷς
3755 1450 3907 1517 οὗτος

2345 1555 2571 1609 Θανάτου
2595 1555 2849 1625 κρείττων
2880 1550 3225 1619 ἁποφανθεὶς.
3259 1548 3480 1611 εἰκότως
3510 1548 3612 1600 ὑπὸ
3632 1545 3733 1615 τῆς
3771 1560 3905 1617 προ-

2346 1646 2568 1716 φητείας
2607 1642 3022 1715 μεμαρτύρηται
3051 1640 3300 1710 φησάσης
3323 1656 3335 1669 ·

2421 1840 2438 1870 ι
2494 1817 2817 1887 Ἀναλάμψει
2840 1817 2930 1869 καὶ
2966 1817 3024 1869 οὑ
3051 1814 3463 1885 θραυσθήσεται,
3484 1813 3589 1875 ἕως
3615 1812 3682 1866 ἄν
3722 1811 3788 1883 θῇ
3817 1812 3906 1867 ἰπὶ

2344 1912 2441 1981 τῆς
2478 1910 2581 1981 γῆς
2621 1910 2819 1982 κρίσιν,
2858 1911 2949 1961 καὶ
2977 1908 3068 1959 ἐπὶ
3089 1907 3167 1976 τῷ
3200 1908 3421 1976 ὀνόματι
3467 1904 3627 1957 αὑτοῦ
3656 1904 3783 1974 ἔθνη
3819 1905 3905 1958 ιλ-

2345 2002 2542 2054 πιοῦσι.
2577 2022 2594 2051 ι
2625 2002 2713 2053 Διὸ
2741 2001 2833 2055 καὶ
2884 1999 3019 2069 μετὰ
3068 1999 3165 2069 τὴν
3216 2000 3278 2050 ὲκ
3326 1997 3531 2068 νεκρῶν
3593 1996 3901 2055 ἀνάστασιν,

2345 2092 2517 2160 φωτὸς
2545 2092 2698 2160 δίκην
2718 2092 2797 2151 εἰς
2832 2090 3006 2143 πάντα
3030 2088 3118 2141 τὸν
3137 2087 3338 2157 κόσμον
3366 2086 3664 2155 ἐκλάμψας,
3691 2085 3753 2137 οὑ
3773 2084 3904 2154 πρό-

2344 2197 2498 2250 τερον
2562 2179 2853 2239 ἐπαύσατο,
2907 2176 3328 2247 ἢδιατάξασθαι
3382 2175 3472 2227 ἐπὶ
3506 2175 3602 2245 τῆς
3644 2174 3747 2242 γῆς
3808 2173 3905 2242 τὴν

2345 2272 2471 2340 περὶ
2498 2270 2595 2337 τῆς
2613 2268 2932 2337 Ἑκκλησίας
2965 2267 3125 2318 αὑτοῦ
3148 2265 3406 2335 διοίκησίν
3426 2282 3481 2317 τε
3503 2267 3594 2317 καὶ
3621 2266 3822 2335 κρίσιν,
3840 2265 3904 2335 ὴν

2343 2364 2453 2423 τοῖς
2482 2358 2643 2413 αὑτοῦ
2683 2358 2961 2429 παρέδωκε
3010 2356 3295 2427 μαθηταῖς.

2418 2468 2436 2500 ι
2475 2449 2629 2502 Οὕτω
2677 2448 2821 2515 λέγει
2850 2447 3048 2518 Κύριος
3075 2449 3103 2501 6
3137 2447 3269 2510 Θεὸς
3293 2448 3321 2499 6
3360 2449 3587 2517 ποιήσας
3620 2444 3712 2499 τὸν
3744 2447 3909 2517 οὖρα-

2343 2541 2450 2603 νδν,
2485 2540 2579 2592 καὶ
2610 2539 2782 2610 πήξας
2825 2538 3003 2603 αὑτὸν,
3034 2539 3061 2589 6
3091 2536 3394 2607 στερεώοας
3427 2539 3521 2607 τὴν
3557 2538 3678 2606 γῆν,
3706 2538 3799 2593 καὶ
3840 2536 3908 2590 τὰ

2342 2633 2400 2684 ὲν
2433 2634 2589 2702 αὐτῇ,
2624 2633 2716 2685 καὶ
2741 2631 2914 2693 διδοὺς
2942 2630 3102 2700 πνοὴν
3131 2628 3206 2698 τῷ
3237 2629 3351 2700 λαῷ
3376 2630 3452 2699 τῷ
3480 2630 3563 2681 ἐπ’
3590 2630 3777 2699 αὐτῆς,
3815 2632 3905 2683 καὶ

2343 2723 2404 2777 τὸ
2434 2724 2648 2794 πνεῦμα
2681 2726 2791 2785 τοῖς
2825 2722 3085 2775 πατοῦσιν
3128 2720 3316 2790 αὑτήν.
3354 2739 3372 2771 δ
3423 2721 3631 2791 Σφόδρα
3685 2721 3906 2773 ἀκολούο

2342 2813 2449 2875 θως
2468 2830 2482 2842 ο
2515 2812 2617 2881 χρὴ
2648 2812 2753 2883 γὰρ
2782 2813 2928 2882 ἡμᾶς
2955 2811 3143 2881 μαθεῖν
3170 2814 3230 2862 ὲκ
3260 2811 3402 2872 τίνος
3430 2810 3720 2880 προσώπου
3752 2808 3819 2881 ἧν
3839 2812 3906 2864 τὰ

2342 2906 2467 2974 περὶ
2491 2904 2724 2973 Χριστοῦ
2758 2902 3145 2975 προλεχθέντα.
3187 2902 3397 2973 Ἐπειδὴ
3443 2902 3549 2971 γὰρ
3578 2903 3788 2973 ἁθρόως
3810 2905 3902 2955 ὲπ-

2342 2995 2529 3048 έϐαλεν
2558 2996 2585 3046 ὁ
2613 2994 2941 3063 προφητικὸς
2968 2993 3118 3060 λόγος
3141 2996 3197 3044 ἐν
3230 2994 3366 3062 ἀρχῇ
3410 2991 3573 3045 εἰπὼν
3596 3034 3608 3055 ,
3649 3010 3670 3043 ι
3716 2992 3904 3046 Ἰακὼϐ

2275 3093 2316 3149 C
2347 3088 2375 3138 6
2408 3089 2530 3147 παῖς
2567 3102 2687 3154 μου.
2718 3084 3073 3153 ἀντιλήψομῖι
3108 3083 3269 3135 αὑτοῦ
3298 3099 3309 3111 ·
3350 3082 3561 3153 Ἰσραὴλ
3591 3085 3620 3136 ό
3649 3083 3905 3145 ἐκλεκτός

2350 3194 2470 3247 μου.
2540 3176 2884 3245 προσεδέξατο
2931 3174 3090 3226 αὐτὸν
3145 3177 3177 3245 ἡ
3227 3174 3371 3244 ψυχή
3427 3191 3565 3243 μου·
3625 3174 3802 3228 ἔδωκα
3848 3174 3907 3227 τὸ

2347 3266 2560 3335 πνεῦμά
2590 3283 2688 3334 μου
2714 3266 2795 3317 ἐπ’
2830 3264 2988 3317 αὐτόν
3010 3282 3022 3294 ·
3061 3282 3077 3312 ι
3099 3264 3181 3326 τίς
3211 3264 3265 3316 δὲ
3294 3260 3360 3334 ἦν
3387 3265 3414 3315 ό
3460 3260 3631 3317 ταῦτα
3675 3263 3906 3334 εἰρηκὼς

2346 3360 2404 3412 οὐ
2440 3357 2798 3429 προεδίδαξεν,
2835 3356 3141 3422 ἀναγκαίως
3170 3356 3261 3408 ἐπὶ
3298 3355 3390 3408 τοῦ
3426 3356 3688 3425 παρόντος
3719 3356 3906 3409 διασα-

2346 3451 2434 3516 φεῖ
2457 3450 2544 3500 τὸν
2573 3447 2742 3500 ταῦτα
2772 3448 3129 3499 τεθεσπικότα
3148 3463 3161 3475 ·
3195 3446 3273 3497 διὸ
3328 3446 3572 3517 ἐπιφέρει
3602 3446 3662 3497 τὸ
3684 3485 3701 3509 ,
3752 3465 3772 3496 ι
3806 3444 3907 3500 Οὖ-

2345 3557 2451 3602 τως
2484 3535 2600 3591 εἷπε
2630 3536 2829 3609 Κύριος
2865 3541 2891 3589 6
2917 3538 3046 3599 Θεός
3066 3553 3078 3567 ⁸
3127 3556 3144 3588 ι
3199 3534 3357 3598 αὐτὸς
3387 3537 3493 3605 γὰρ
3516 3531 3581 3605 ἦν
3619 3537 3645 3587 6
3667 3535 3737 3587 τὰ
3762 3535 3905 3605 πρῶ-

2346 3646 2410 3680 τα
2441 3626 2693 3698 εἰρηκὼς,
2727 3628 2819 3679 καὶ
2873 3626 2939 3677 τὰ
2973 3625 3095 3693 ἑξῆς
3125 3624 3522 3691 ἐπιλεγόμενος.
3558 3624 3619 3675 El
3661 3622 3770 3693 γὰρ
3814 3624 3904 3675 καὶ

2352 3717 2583 3786 μάλιστα
2604 3717 2675 3785 μὴ
2701 3711 2799 3768 οἷοί
2827 3715 2887 3766 τέ
2921 3717 3063 3775 ἐστε,
3102 3714 3285 3782 φησὶν,
3319 3715 3471 3781 ὑμεῖς
3522 3714 3569 3765 οἱ
3612 3710 3901 3782 ἄνθρωποι,

2348 3811 2445 3879 τὴν
2479 3808 2655 3877 ἀφανῆ
2690 3809 2781 3859 καὶ
2810 3806 3093 3876 ἀσώματον
3131 3805 3314 3856 οὐσίαν
3347 3802 3673 3856 ἐποπτεῦσαι
3723 3802 3889 3856 Θεοῦ*

2348 3900 2461 3951 ἀλλ’
2493 3898 2880 3965 ἀναϐλέψαντες
2924 3898 3000 3957 εἰς
3048 3893 3108 3947 τὸ
3138 3894 3361 3965 μέγεθος
3395 3894 3487 3946 τοῦ
3515 3895 3766 3945 τοσούτου
3817 3910 3903 3946 at"

2354 3987 2532 4058 ρανοῦ,
2581 3986 2863 4055 λογίσασθε
2916 3985 3095 4047 ὁποῖός
3147 4000 3228 4047 τις
3274 3984 3528 4053 τυγχάνει
3578 3984 3607 4032 6
3657 3984 3904 4035 τοσοῦτον

2354 4076 2577 4145 μέγεθος
2628 4073 3055 4143 διαπηξάμενος·
3100 4071 3232 4124 ἀλλὰ
3290 4073 3383 4124 καὶ
3415 4072 3507 4122 ἐπὶ
3538 4070 3635 4140 τὴν
3674 4071 3776 4139 γῆν
3806 4071 3901 4123 αὖ·

2351 4166 2446 4235 τὴν
2505 4164 2922 4232 ἀποϐλέψαντες.
2960 4164 3131 4230 ὁπόση
3163 4164 3245 4225 τίς
3268 4164 3403 4222 ἐστι,
3432 4160 3526 4213 καὶ
3551 4161 3623 4222 ὡς
3653 4162 3902 4224 ἀκίνητος

2348 4258 2436 4308 τὸν
2473 4257 2755 4326 σύμπαντα
2790 4256 2959 4307 αἰῶνα
2997 4255 3259 4325 ᾕδρασται
3288 4254 3646 4324 ἐρῤιζωμένη,
3688 4254 3784 4305 καὶ
3818 4270 3902 4305 τε-

2352 4343 2737 4415 θεμελιωμένη.
2764 4345 2837 4407 ὡς
2870 4345 3086 4415 μηδαμῆ
3119 4343 3380 4414 μηδαμῶς
3409 4344 3693 4395 κινεῖσθαι·
3727 4345 3903 4413 ἐννοή-

2277 4445 2318 4498 D
2350 4454 2471 4489 σατε
2527 4438 2656 4506 ὅσης
2697 4437 2933 4506 ἀρρήτου
2971 4437 3201 4506 ὑπάρχει
3241 4434 3517 4503 δυνάμεως
3542 4434 3569 4485 6
3604 4432 3902 4505 στερεώσας

2350 4526 2531 4595 αὑτὴν,
2558 4526 2775 4595 γόνιμόν
2802 4543 2861 4577 τε
2893 4527 2984 4577 καὶ
3008 4525 3231 4595 καρπῶν
3258 4524 3497 4592 οἰστικὴν
3536 4524 3701 4591 αὐτὴν
3738 4525 3902 4593 ἀπερ-

2350 4618 2669 4686 γασάμενος.
2694 4618 2765 4677 ῶς
2788 4615 3022 4667 τοσαῦτα
3060 4614 3171 4678 ζῶα
3199 4616 3289 4667 καὶ
3322 4613 3461 4681 φυτὰ
3489 4613 3897 4683 προϐάλλεσθαι.

2362 4706 2415 4757 Ὀ
2440 4706 2500 4775 δὴ
2531 4703 2619 4758 οὖν
2651 4704 2881 4757 τοσαῦτα
2905 4704 3071 4772 κάλλη
3102 4704 3194 4755 καὶ
3234 4703 3433 4773 μεγέθη
3469 4704 3899 4765 κατασκευάσας,

2353 4796 2550 4866 Κύριος
2574 4798 2663 4848 καὶ
2680 4796 2808 4858 Θεὸς
2832 4796 2936 4846 τῶν
2960 4795 3114 4856 ὅλων,
3142 4788 3292 4856 οὗτος
3312 4793 3379 4844 τὰ
3408 4792 3766 4865 προλεχθέντα
3783 4794 3903 4864 περὶ

2346 4888 2436 4939 τοῦ
2470 4890 2509 4939 Χ
2521 4887 2698 4958 ριστοῦ
2729 4887 3029 4938 ἐθέσπισεν.

2420 4998 2437 5027 ‹
2487 4978 2625 5046 Ἐγὼ
2650 4977 2847 5048 Κύριος
2876 4980 2901 5029 ὁ
2928 4977 3055 5037 Θεὸς
3086 4975 3316 5030 ἐκάλεσά
3359 4994 3415 5029 σε
3467 4980 3522 5027 ἐν
3571 4976 3903 5047 δικαιοσύνῃ.

2347 5070 2438 5121 καὶ
2463 5070 2718 5139 κρατήσω
2756 5068 2852 5135 τῆς
2881 5067 3056 5137 χειρός
3094 5083 3207 5132 σου,
3249 5070 3340 5119 καὶ
3381 5065 3641 5137 ὲνισχὺσω
3690 5083 3771 5129 σε,
3816 5067 3902 5119 καὶ

2345 5160 2517 5212 ἔδωκά
2541 5177 2597 5211 σε
2622 5161 2697 5220 εἰς
2732 5157 2993 5227 διαθήκην
3023 5158 3228 5226 γένους,
3268 5161 3347 5219 εἰς
3382 5157 3493 5224 φῶς
3519 5154 3708 5215 ἐθνῶν,
3768 5156 3899 5208 dvo?-

2352 5246 2434 5311 ξαι
2461 5247 2764 5316 ὀφθαλμοὺς
2812 5244 3023 5313 τυφλῶν
3044 5288 3057 5307 ,
3091 5245 3373 5313 ἐξαγαγεῖν
3404 5249 3464 5297 ἐκ
3508 5243 3720 5313 δεσμῶν
3766 5245 3899 5297 δεδε-

2353 5340 2561 5408 μένους,
2614 5339 2705 5391 καὶ
2751 5337 2807 5399 ἐξ
2852 5337 2997 5388 οἴκου
3048 5337 3309 5406 φυλακῆς,
3339 5338 3430 5389 καὶ
3478 5335 3813 5406 καθημένους
3847 5338 3900 5388 ὲν

2350 5430 2545 5480 σκότει.
2586 5448 2602 5478 ι
2632 5429 2945 5495 Προσφωνεί
2977 5426 3031 5477 δὲ
3060 5426 3230 5479 ταῦτα
3260 5425 3336 5493 τῷ
3376 5425 3629 5495 ἀνωτέρω
3666 5426 3899 5494 λεχθέντι

2347 5521 2493 5571 παιᾶ
2552 5518 2733 5577 αὑτοῦ,
2786 5511 2829 5582 ᾧ
2874 5518 2933 5567 τὸ
2978 5516 3166 5568 ἑαυτοῦ
3210 5516 3419 5585 πνεῦμα
3449 5514 3636 5568 δώσειν
3670 5516 3897 5583 ὲλέγετο.

2351 5610 2569 5678 Πρῶτον
2599 5609 2654 5661 δὲ
2678 5607 2836 5659 αὑτὸν
2867 5608 2923 5657 ὲν
2946 5607 3257 5678 δικαιοσύνῃ
3286 5607 3456 5668 καλεῖ,
3491 5592 3605 5658 κατ’
3641 5606 3794 5671 ἀξίαν
3810 5604 3897 5673 τὴν

2348 5700 2532 5768 κλῆσιν
2565 5698 2723 5751 αὑτοῦ
2750 5698 2839 5749 καὶ
2870 5697 3007 5749 κατὰ
3040 5698 3097 5749 τὸ
3126 5696 3327 5750 δίκαιον
3374 5697 3722 5766 ποιούμενος·
3766 5696 3881 5750 ἐπει

2349 5809 2413 5844 τα
2448 5790 2737 5856 κρατήσειν
2770 5790 2864 5852 τῆς
2892 5784 3068 5854 χειρὸς
3108 5787 3292 5853 αὑτοῦ,
3317 5789 3407 5843 καὶ
3427 5787 3702 5854 Mox-33m
3722 5786 3893 5848 αὐτὸν.
