4124 6430
1129 387 1638 451 ΕΟΜΗΕΧΤΑΒΙΔ
1679 388 1749 444 IN
1787 386 2045 446 ISAIAM.
2087 417 2156 430 —
2192 387 2340 444 CAP.
2380 387 2537 445 XL“.

201 523 292 575 καὶ
339 519 536 592 τρίτον
585 516 884 590 χαριεῖσθαι
933 515 1080 585 αύτῷ
1125 515 1296 587 δῶρον
1357 513 1547 584 ῶσπερ
1575 529 1626 564 τι
1672 511 1787 580 φῶς

1894 518 2186 563 nensurum
2215 550 2230 573 ,
2269 509 2553 578 ipsumque
2595 504 3072 561 eorroboraturum
3100 548 3115 568 .
3150 521 3214 561 ac
3241 511 3458 564 tertium

203 610 363 677 μέγα,
391 612 536 664 πᾶσι
570 613 681 672 τοῖς
705 609 909 662 ἔθνεσιν
935 607 1325 676 ἀπαγγέλλεται
1361 606 1534 673 λέγων
1554 621 1566 634 ·
1609 623 1627 655 ι
1678 602 1795 657 Καὶ.

200 699 374 752 ιδωκά
397 717 463 754 σι
501 703 586 763 είς
617 699 876 770 διαθήκην
909 698 1120 766 γένους,
1147 699 1228 759 είς
1269 697 1383 765 φῶς
1407 696 1597 749 ἐθνῶν.
1633 715 1650 746 ι
1679 695 1789 748 Πά·

198 789 285 844 λαι
323 791 425 861 μὲν
454 787 557 845 οὖν
587 790 674 843 διά
702 788 980 853 Μωΰσέως
1006 789 1103 859 τὴν
1134 787 1372 841 παλαιὰν
1404 787 1684 857 Διαθήκην
1709 785 1789 854 τῷ

211 881 488 934 Ἰουδαίων
521 880 696 934 ἐδίδου
723 880 833 950 λαῷ
857 897 871 910 ·
910 877 1137 932 ένταῦθα
1164 879 1219 931 δὲ
1258 878 1349 930 τὸν
1381 877 1791 946 προφητευόμε-

199 989 286 1025 νον
315 975 400 1036 εἰς
431 971 704 1041 διαθήκην
746 970 838 1024 τοῦ
866 971 1056 1039 γένους
1100 969 1208 1022 τῶν
1232 969 1553 1039 ἀνθρώπων,
1580 969 1676 1024 καὶ
1709 971 1789 1031 είς

202 1061 317 1131 φῶς
351 1063 533 1116 ἐθνῶν
560 1062 902 1133 δωρήσασθαί
927 1078 1117 1133 φησιν’
1149 1063 1294 1123 ὅπως
1328 1063 1385 1112 ὲν
1422 1059 1573 1129 αύτῷ
1623 1077 1788 1126 φωτι-

199 1151 421 1225 ζόμενοι
445 1154 563 1207 τῶν
595 1152 759 1205 πάλαι
796 1153 895 1215 τὰς
946 1151 1119 1223 ψυχάς
1171 1151 1382 1222 τυφλῶν
1424 1153 1473 1204 oi
1517 1150 1789 1219 ὀφθαλμοὶ

200 1241 588 1313 διανοίγωνται
617 1246 708 1297 καὶ
734 1243 1074 1297 ἀναϐλέπωσι
1097 1244 1378 1314 διορῶντες
1402 1243 1499 1314 τὴν
1521 1243 1615 1296 τοῦ
1651 1241 1784 1294 Θεοῦ

200 1336 428 1403 γνῶσιν,
464 1337 544 1400 ὡς
580 1337 776 1407 μηκέτι
805 1336 976 1401 ξύλοις
998 1338 1089 1389 καὶ
1114 1337 1279 1399 λίθοις
1310 1338 1402 1389 καὶ⁸
1430 1335 1657 1406 ἀψύχων
1685 1333 1784 1404 ’ύλῃ

200 1426 422 1497 τὴντοῦ
466 1426 611 1482 Θεοῦ
662 1429 822 1498 τιμὴν
871 1427 1177 1496 ἀπονέμειν.
1225 1427 1459 1497 Ἤμελλι
1517 1427 1628 1496 γὰρ
1662 1428 1787 1489 τοὺς

204 1522 413 1588 σειραῖς
439 1519 556 1571 τῶν
576 1518 717 1572 ίδίων
742 1519 1150 1590 ἁμαρτημάτων
1175 1519 1661 1588 κατεσφιγμένους,
1693 1519 1787 1572 καὶ

202 1609 260 1660 ιν
307 1609 496 1678 σκότῳ
533 1625 593 1660 τε
639 1608 732 1661 καὶ
777 1609 941 1680 κακίᾳ
975 1601 1378 1678 πεπεδημένους
1419 1607 1507 1660 διά
1552 1607 1653 1678 τῆς
1692 1607 1785 1659 τοῦ

198 1698 338 1753 Θεοῦ
394 1701 626 1772 χάριτος
686 1699 967 1770 ἁμαρτιῶν
1025 1699 1272 1767 ἀφέσεως
1318 1699 1629 1764 καταξιοῦν,
1693 1698 1788 1751 καὶ

200 1785 391 1859 ὥσπερ
428 1791 497 1841 ὲκ
524 1787 910 1858 δεσμωτηρίων
943 1786 1195 1839 ἀπολύειν
1222 1786 1531 1856 ἐλευθέρους
1585 1801 1647 1838 τι
1695 1786 1785 1837 καὶ

202 1877 575 1932 ἀπαλλάττειν
599 1878 697 1947 τῆς
718 1876 811 1930 τοῦ
842 1877 1088 1930 διαϐόλου
1118 1878 1356 1947 εἱρκτῆς.

270 2075 290 2108 ι
340 2054 488 2124 Ἐγὼ
536 2053 739 2124 Κύριος
767 2055 795 2106 ό
832 2052 963 2115 Θεός
982 2069 996 2082 ο
1026 2050 1181 2105 τοῦτό
1212 2050 1312 2122 μοῦ
1362 2052 1477 2104 tem
1505 2049 1566 2103 τὸ
1592 2051 1784 2120 ὄνομα,

202 2145 301 2218 τὴν
332 2147 499 2214 δόξαν
552 2163 653 2216 μου
683 2146 855 2215 ἑτέρῳ
882 2145 942 2199 οὐ
977 2142 1150 2207 δώσω,
1173 2143 1291 2195 οὐδὲ
1313 2142 1412 2205 τάς
1443 2142 1643 2213 ἀρετάς
1684 2159 1786 2211 μου

200 2240 313 2301 τοῖς
340 2239 625 2307 γλυπτοῖς.
656 2237 734 2290 Τὰ
763 2236 854 2288 ἀπ’
882 2235 1053 2306 ἀρχῆς
1104 2234 1209 2287 ἰδοὺ
1243 2233 1408 2302 ﬁxam
1429 2271 1444 2294 ,
1482 2235 1575 2285 καὶ
1625 2231 1786 2285 καινά

201 2327 367 2395 hirti)
399 2327 738 2396 ἀναγγέλλει),
771 2328 865 2379 καὶ
893 2327 995 2398 πρὸ
1039 2325 1131 2377 τοῦ
1177 2323 1490 2391 ἀναγγείλαι
1544 2321 1784 2392 ἐδηλώθη

202 2421 351 2490 ὑμῖν.
391 2442 409 2472 ι
459 2419 776 2489 Ἐπιστῆσαι
798 2417 964 2484 ἀξιον,
989 2417 1066 2480 ὡς
1097 2418 1195 2469 οὑκ
1225 2417 1430 2486 εἴρηται
1452 2455 1466 2476 ,
1493 2415 1602 2484 Τὴν
1630 2414 1785 2477 δόξαν

205 2525 310 2577 μου
337 2510 520 2562 οὐδενὶ
555 2507 740 2560 δὼσωο
781 2507 1049 2560 δείκνυται
1099 2505 1196 2575 ίάρ
1221 2507 1249 2556 ό
1278 2503 1403 2567 Υίὸς
1434 2503 1525 2556 τοῦ
1575 2503 1786 2573 Ηατρὸς

198 2599 344 2668 ῐχων
365 2601 466 2671 τὴν
497 2599 684 2664 δόξαν·
710 2598 768 2652 τὸ
804 2599 901 2669 μὲν
945 2597 1052 2668 γάρ
1082 2597 1276 2658 οὐδενὶ,
1330 2595 1664 2666 ἀναιρετικὸν
1718 2591 1786 2666 ἦν

205 2691 408 2752 παντός
429 2706 442 2718 °
468 2686 529 2741 τδ
553 2688 618 2758 δὴ
643 2688 812 2759 ἑτέρῳ
829 2687 903 2759 μὴ
925 2687 1135 2747 δώσειν,
1167 2689 1245 2738 ἑνὶ
1280 2686 1423 2756 μόνῳ
1455 2685 1552 2755 τὴν
1581 2685 1786 2755 συγχώο

202 2795 366 2847 pr;va
405 2779 731 2848 γεγενῆσθαι
780 2779 1050 2850 ἐμφαίνει,
1100 2777 1300 2848 δηλαδὴ
1329 2778 1405 2848 τῷ
1447 2793 1784 2849 προφητεύο-

203 2873 354 2940 μένῳ
396 2866 568 2932 Οὗτος
593 2869 650 2922 δὲ
669 2866 735 2940 ἦν
771 2871 905 2940 πρὸς
934 2871 991 2922 ὃν
1021 2870 1236 2937 ἐλέγετο
1259 2885 1272 2898 ·

277 3066 298 3098 ι
349 3047 620 3101 Ἐκάλεσά
683 3063 740 3100 σε
792 3048 850 3099 έν
891 3045 1221 3116 δικαιοσύνη,
1258 3048 1350 3099 καὶ
1390 3048 1644 3117 κρατήσω
1690 3047 1786 3116 τῆς

205 3140 391 3210 χειρός
420 3157 537 3204 σοι),
575 3140 668 3192 καὶ
700 3138 962 3208 ἐνισχύσω
989 3155 1068 3202 σε,
1095 3141 1188 3192 καὶ
1214 3138 1386 3190 ἔδωκά
1413 3155 1471 3190 σε
1500 3141 1577 3201 εἰς
1601 3138 1786 3208 διαθή-

205 3247 308 3302 κην
342 3234 557 3302 γένους,
589 3234 669 3294 είς
697 3232 809 3300 φῶς
839 3232 1026 3285 ἐθνῶν.
1065 3251 1084 3284 ι
1121 3233 1219 3285 Διά
1255 3233 1456 3285 τούτων
1483 3233 1560 3296 δὲ,
1607 3228 1780 3300 οἶμαι,
1811 3215 1853 3273 C

205 3324 313 3379 τῶν
356 3325 534 3394 λόγων
589 3324 659 3377 τὰ
708 3325 832 3394 ἑονη
884 3325 1060 3378 πάντα
1098 3325 1377 3387 παιδεύει,
1424 3325 1626 3394 μηδένα
1685 3325 1782 3394 μὲν

205 3413 328 3472 θεὸν
381 3419 571 3488 ὑμνεῖν
604 3417 712 3470 τῶν
739 3419 904 3470 πάλαι
934 3417 1343 3488 ὀνομαζομένων
1381 3419 1560 3480 αὐτοῖς
1608 3418 1743 3471 θεῶν
1767 3436 1778 3446 ·

209 3511 372 3578 μόνον
419 3510 474 3561 δὲ
534 3510 628 3563 τὸν
674 3509 904 3580 Χριστὸν
953 3511 1043 3562 τοῦ
1080 3509 1214 3562 Θεοῦ
1243 3511 1331 3562 καὶ⁵
1364 3511 1453 3562 τὸν
1492 3509 1782 3578 πέμψαντα

206 3601 372 3652 αὑτὸν
406 3600 628 3670 Πατέρα
654 3599 912 3666 δοξάζειν.

275 3735 293 3766 ι
339 3716 655 3786 ’Υμνήσατε
680 3713 756 3784 τῷ
786 3714 974 3785 Κυρίῳ
999 3713 1164 3784 ὕμνον
1199 3716 1410 3767 καινόν·
1442 3718 1474 3785 η
1511 3715 1652 3786 ἀρχὴ
1696 3716 1784 3768 αὑ-

206 3806 316 3861 τοῦ.
375 3827 394 3858 ι
427 3806 600 3860 Τοῦτό
629 3823 760 3876 φησι
787 3807 979 3878 χρῆναι
1011 3810 1181 3860 ποιεῖν
1209 3810 1414 3872 πάκεας
1442 3807 1779 3878 ἀνθρώπους.

211 3916 228 3949 ι
261 3898 527 3962 Δοξάζετε
585 3898 646 3950 τὸ
681 3897 849 3969 δνομα
884 3899 1045 3951 αὑτοῦ
1076 3900 1168 3950 ἀπ’
1203 3901 1372 3969 ἄκρου
1429 3899 1529 3968 τῆς
1581 3903 1701 3970 γῆς,
1734 3901 1784 3952 οἱ

205 3991 628 4052 καταϐαίνοντες
653 3989 749 4059 τὴν
774 3988 1066 4053 θάλασσαν,
1095 3991 1191 4042 καὶ
1224 3992 1476 4053 πλέοντες
1508 3992 1698 4063 αὐτὴν,
1727 3995 1783 4046 αι

203 4082 359 4153 νῆσοι
390 4082 485 4135 καὶ
517 4083 568 4133 οἱ
605 4081 975 4143 κατοικοῦντες
1009 4081 1205 4145 αὑτάςο
1243 4102 1260 4133 i
1282 4083 1356 4144 ὡς
1412 4085 1521 4136 ἀπὸ
1543 4084 1642 4152 τῆς
1689 4085 1783 4136 τοῦ

205 4173 445 4246 Χριστοῦ
503 4172 871 4244 προσηγορίας
935 4175 1274 4244 Χριστιανῶν
1329 4176 1427 4244 τὴν
1493 4175 1785 4245 σύμπασαν

203 4265 621 4336 πεπληρῶσθαι.
656 4265 946 4336 ’Δντικρυς
969 4267 1094 4327 τσὺς
1127 4265 1452 4327 ἀποστόλους
1480 4265 1573 4318 τοῦ
1599 4266 1783 4336 Meﬁ-

204 4370 298 4429 ρος
332 4357 491 4427 ἡμῶν
525 4354 826 4425 σημαίνων,
867 4355 960 4418 οὓς
1011 4356 1161 4427 παρά
1193 4357 1291 4426 τὴν
1345 4357 1620 4410 θάλασσαν
1672 4354 1781 4410 εἶδε

206 4446 498 4518 βάλλοντας
522 4446 928 4517 ἀμφίϐληστρον
952 4449 1029 4509 εἰς
1058 4447 1155 4516 τὴν
1185 4447 1455 4500 θάλασσαν
1475 4467 1486 4477 ·
1511 4444 1649 4518 ἦσαν
1677 4450 1783 4521 γὰρ

1893 601 1992 668 ipsi
2045 600 2246 653 donum
2296 601 2653 660 collaturum,
2711 608 2766 653 et
2827 613 2926 652 ceu
2987 599 3160 652 lucem
3210 616 3459 670 magnam

1889 690 2138 744 omnibus
2167 692 2417 759 gentibus
2445 690 2750 744 oblaturum
2777 704 2899 744 esse
2923 691 3227 758 pollici-tur,
3253 692 3460 754 dicens,

1895 800 1916 834 ι
1948 781 2015 836 Et
2043 782 2161 836 dedi
2197 792 2247 836 te
2274 783 2324 835 in
2364 792 2743 836 testamentum
2772 785 3007 851 generis.
3040 783 3091 835 in
3124 783 3299 837 lucem
3331 799 3462 854 gen.

1889 871 2042 924 tium.
2087 889 2106 921 ι
2139 871 2277 924 Olim
2311 872 2490 940 itaque
2532 887 2627 939 per
2669 871 2906 939 Moysetn
2941 869 3106 925 Vetus
3148 870 3463 927 Testamen-

1891 971 1999 1015 tum
2033 959 2256 1014 Judaico
2283 962 2478 1030 populo
2508 963 2692 1016 dedit:
2731 964 2817 1016 hic
2861 974 3042 1016 autem
3089 978 3236 1026 enm,
3273 964 3366 1032 qui
3403 964 3457 1018 in

1889 1053 2167 1120 prophetia
2193 1051 2363 1105 l‘t-rtur
2392 1054 2445 1106 in
2479 1063 2860 1106 testamentum
2903 1054 3116 1122 generis
3160 1055 3462 1115 hominum.

1887 1153 1942 1198 et
1985 1145 2035 1195 in
2068 1143 2238 1197 lucem
2267 1145 2504 1212 gentium
2541 1144 2779 1195 dandum
2829 1145 2937 1205 ait;
2970 1155 3028 1198 ut
3065 1160 3132 1199 eo
3171 1144 3463 1198 illuminati

1891 1245 2077 1286 eorum
2103 1231 2267 1296 oculi,
2299 1234 2389 1301 qui
2423 1233 2551 1285 olint
2579 1244 2754 1286 mente
2774 1235 2900 1288 etei
2920 1246 3078 1289 erant
3097 1237 3466 1304 aperirentur,

1890 1339 1955 1378 ac
1991 1336 2204 1392 recepto
2237 1325 2351 1378 visu
2387 1324 2479 1378 Dei
2517 1326 2880 1394 cognitionem
2914 1339 3374 1392 assequerentur;
3403 1336 3462 1382 ut

1888 1431 1956 1470 ne
1987 1417 2128 1469 ultra
2178 1415 2362 1483 lignis,
2403 1414 2674 1484 lapidibus
2718 1426 2772 1470 et
2812 1416 3228 1470 inanimatarnm
3279 1432 3460 1471 rerum

1889 1506 2132 1561 materiae
2177 1506 2268 1560 Dei
2315 1506 2572 1558 honorem
2613 1506 2968 1560 ascriberent.
3007 1505 3222 1562 Atenini
3244 1520 3339 1562 eos
3368 1508 3460 1576 qui

1889 1607 2234 1667 peccatorum
2251 1609 2471 1649 suorum
2496 1595 3270 1666 vinculist-onstringebantur,
3300 1606 3463 1666 atque

1889 1688 2209 1743 intenebris
2237 1688 2537 1742 etmalitim
2586 1689 2936 1755 compedibus
2986 1698 3166 1753 erant,
3219 1703 3316 1758 per
3363 1689 3460 1744 Dei

1888 1780 2120 1849 gratiam
2146 1787 2487 1847 peccatorum
2538 1779 2688 1850 venia
2722 1779 3020 1832 donaturus
3043 1819 3058 1843 ,
3089 1793 3191 1833 ceu
3225 1795 3294 1834 ex
3333 1795 3460 1835 car-

1814 1877 1858 1937 B
1886 1885 2008 1923 cere
2050 1869 2251 1924 liberos
2279 1863 2592 1932 soluturus,
2627 1883 2693 1922 ac
2723 1883 2753 1923 e
2786 1868 2985 1923 diaboli
3042 1871 3290 1926 custodia
3337 1886 3460 1928 ere-

1888 1972 2080 2033 pturus
2107 1971 2244 2015 erat.

1960 2057 2125 2111 Vatis.
2148 2056 2264 2112 8ο9.
2295 2073 2315 2108 ι
2339 2053 2454 2125 Ego
2481 2055 2742 2110 Dominus
2766 2054 2908 2110 Deus
2935 2073 2949 2110 :
2984 2057 3084 2112 hoc
3105 2057 3235 2112 mihi
3265 2072 3462 2114 nomen

1887 2159 1989 2214 est,
2019 2161 2072 2204 et
2099 2149 2327 2218 gloriam
2361 2165 2535 2202 meam
2565 2148 2722 2204 alteri
2752 2165 2855 2203 non
2885 2149 3047 2213 dabo,
3079 2165 3254 2220 neque
3281 2150 3460 2206 virtu-

1888 2247 1968 2292 tes
1995 2253 2146 2292 meas
2184 2237 2548 2305 senlptilibus.
2585 2238 2716 2304 Qua
2745 2254 2774 2290 a
2822 2240 3092 2308 principio
3128 2255 3259 2296 ecce
3299 2254 3465 2296 vene-

1887 2339 2034 2396 runt,
2071 2341 2124 2382 et
2157 2343 2290 2383 nova
2332 2342 2451 2397 quae
2483 2344 2582 2397 ego
2603 2331 2898 2395 annuntio,
2936 2341 2990 2384 et
3034 2339 3326 2400 antequam
3363 2347 3463 2386 an-

1887 2420 2200 2474 nuntientur
2241 2419 2512 2472 declarata
2566 2429 2691 2471 sunt
2727 2421 2904 2472 vobis.
2965 2436 2984 2470 ι
3038 2420 3464 2477 Animadvertas

1883 2512 2044 2566 velim
2097 2526 2202 2564 non
2261 2511 2467 2564 dictum
2517 2509 2703 2571 fuisse.
2761 2509 2991 2578 gloriam
3047 2527 3223 2564 meam
3257 2512 3464 2568 nemini

1883 2603 2024 2657 dabo
2051 2617 2063 2652 :
2109 2617 2228 2655 nam
2259 2600 2452 2654 Filium
2478 2599 2650 2654 Patris
2677 2601 2903 2670 gloriam
2955 2602 3157 2656 habere
3180 2611 3463 2658 ostensum

1885 2704 2006 2757 est;
2036 2695 2179 2762 quod
2221 2693 2365 2747 enim
2405 2693 2604 2746 nemini
2642 2695 2819 2755 detur,
2868 2694 2917 2746 id
2940 2694 3235 2762 quemlibet
3278 2696 3464 2750 exclu-

1885 2785 2001 2846 dit;
2033 2785 2174 2852 quod
2210 2792 2388 2838 autem
2423 2784 2578 2835 alteri
2615 2799 2718 2836 non
2747 2783 2924 2846 detur,
2961 2785 3088 2838 hinc
3131 2786 3221 2839 uni
3285 2786 3460 2840 solum

1884 2890 2199 2928 concessam
2233 2875 2403 2928 fuisse
2425 2876 2750 2938 declaratur,
2780 2875 2991 2929 scilicet
3018 2877 3090 2938 ei,
3121 2877 3214 2945 qui
3244 2877 3299 2930 in
3336 2892 3464 2946 pro-

1886 2965 2062 3033 phetia
2096 2963 2285 3017 fertur.
2327 2963 2424 3018 llic
2465 2979 2626 3032 porro
2673 2977 2791 3018 erat
2835 2966 2921 3018 cui
2956 2967 3282 3022 dicebatur:

1954 3076 1970 3108 ι
1987 3056 2180 3110 Vocavi
2203 3068 2252 3110 te
2272 3058 2322 3110 in
2339 3057 3043 3126 justitia,etapprehendam
3063 3076 3278 3114 manum
3295 3072 3464 3129 tnarr,

1888 3147 2253 3202 corroborabo
2289 3160 2358 3211 te,
2389 3158 2444 3201 et
2476 3149 2593 3200 dedi
2631 3158 2678 3201 te
2710 3150 2760 3201 in
2796 3158 3179 3204 testamentum
3221 3154 3462 3221 generis,

1888 3238 1941 3290 in
1972 3238 2142 3292 lucem
2181 3239 2447 3308 gentium.
2486 3257 2504 3289 ι
2538 3237 2632 3292 llis
2655 3255 2813 3308 porro
2834 3278 2847 3304 ,
2883 3251 2941 3293 ut
2973 3243 3184 3296 aestimo
3207 3285 3222 3308 ,
3249 3259 3464 3299 sermo-

1887 3327 2046 3381 nibus
2101 3337 2288 3396 gentes
2336 3341 2523 3382 omnes
2567 3330 2771 3389 ει-ιιᾱιι.
2820 3344 2888 3383 ne
2921 3331 3080 3384 deum
3133 3332 3297 3386 ullum
3325 3336 3468 3389 θεῶν

1886 3419 2046 3472 brent
2088 3434 2308 3480 eorum,
2355 3419 2445 3487 qui
2482 3419 2608 3472 olim
2657 3421 2796 3488 apud
2838 3436 2933 3474 eas
2969 3424 3044 3476 dii
3090 3427 3463 3493 vocabantur;

1887 3511 1980 3562 sed
2028 3509 2201 3562 solum
2251 3510 2528 3564 Christum
2556 3511 2686 3576 Dei,
2720 3523 2774 3566 et
2813 3511 3064 3580 Patrem,
3094 3517 3184 3586 qui
3219 3518 3366 3573 misit
3401 3519 3466 3573 il-

1891 3599 2022 3661 lum,
2062 3600 2230 3669 gloria
2262 3600 2514 3654 alliciant.

1958 3711 2121 3766 Vsus.
2160 3713 2244 3768 lO.
2307 3732 2323 3765 ι
2364 3713 2589 3767 Caritate
2641 3715 2869 3769 Domino
2917 3718 3190 3772 canticum
3243 3736 3462 3786 novum.

1887 3804 2221 3876 principatus
2251 3812 2385 3872 ejus.
2425 3825 2442 3856 ι
2486 3804 2541 3859 Id
2575 3808 2644 3860 ab
2678 3809 2933 3862 omnibus
2984 3812 3290 3866 hominibus
3329 3831 3467 3882 pne-

1887 3897 2140 3950 standum
2168 3898 2263 3950 ait.
2307 3915 2324 3945 ι
2363 3896 2676 3952 Gloriﬂeate
2707 3915 2902 3952 nonzen
2944 3900 3061 3968 ejus
3112 3904 3179 3956 ab
3223 3916 3467 3959 extremo

1891 3996 2070 4047 terrae.
2098 3987 2189 4053 qui
2218 3987 2547 4040 dcseenditis
2579 3987 2628 4040 in
2656 4003 2804 4042 mare
2823 4030 2836 4051 ,
2872 4000 2923 4041 et
2954 3993 3219 4062 navigatis
3265 3995 3463 4062 ipsum,

1890 4076 2080 4130 insul-.e
2103 4087 2157 4130 et
2191 4078 2524 4131 habitatores
2561 4094 2747 4132 earum
2779 4094 2792 4129 :
2827 4098 2846 4130 ι
2883 4080 2960 4133 ita
3001 4090 3114 4135 uta
3139 4082 3340 4138 Christi
3376 4101 3468 4139 no-

1888 4170 2074 4231 mine,
2114 4168 2370 4221 universa
2417 4178 2558 4221 terra
2603 4167 2926 4224 Christianis
2980 4173 3181 4240 repleta
3232 4176 3326 4227 sit.
3368 4174 3466 4230 His

1887 4275 2051 4330 porro
2086 4262 2366 4328 apostolos
2409 4258 2718 4314 Servatoris
2753 4263 2923 4314 nostri
2969 4264 3249 4332 perspicue
3297 4267 3467 4334 signi-

1889 4354 2050 4414 ﬁcat,
2092 4367 2229 4420 quos
2277 4352 2342 4405 ad
2394 4351 2544 4405 littus
2582 4352 2745 4404 maris
2779 4350 2913 4403 \‘idit
2951 4352 3215 4421 iacientes
3265 4369 3378 4412 rete
3412 4359 3466 4412 in

1888 4461 2079 4499 mare:
2118 4455 2274 4498 erant
2317 4444 2460 4498 enim
2517 4445 2860 4514 piscatores;
2913 4446 3274 4516 similiterque
3309 4450 3463 4504 alios.

203 4541 373 4601 ἀλιείς
395 4556 408 4570 ο
444 4537 648 4606 ὁμοίως
673 4537 729 4590 δὲ
763 4539 852 4590 καὶ
881 4539 1002 4601 τοὺς
1037 4538 1276 4602 λοιπούς.
1323 4541 1382 4591 0!
1427 4541 1579 4592 αὐτοὶ
1617 4541 1672 4591 δὲ
1705 4537 1784 4592 οὗ·

1892 4537 1954 4589 Ili
1991 4550 2120 4588 vero
2153 4536 2253 4603 ipsi
2286 4549 2434 4588 mare
2467 4545 2714 4589 nostrum
2745 4537 3306 4609 circnmnavigautes,
3353 4559 3468 4596 llIO-

203 4646 303 4695 τοι,
337 4629 432 4681 κα)ι
464 4629 564 4697 τὴν
596 4625 715 4678 καθ’
747 4629 891 4696 ἡμᾶς
923 4627 1302 4696 περιπλέοντες
1335 4628 1621 4690 θάλατταν,
1662 4631 1782 4682 τοτὲ

208 4722 304 4789 μὲν
331 4722 388 4772 ὲν
413 4720 534 4780 ταῖς
560 4717 741 4786 νήσοις
771 4718 1065 4787 ἐκήρυττον
1099 4716 1158 4768 τὸ
1186 4717 1535 4784 Εὑαγγέλιον,
1583 4719 1701 4771 τοτὲ
1728 4719 1783 4770 δὲ

203 4811 470 4866 διέϐαινον
523 4808 778 4861 ἐπέκεινα
807 4809 1043 4870 Σπανίας
1091 4825 1152 4860 τε
1184 4808 1277 4860 καὶ
1323 4809 1569 4870 Ἰταλίας,
1597 4808 1671 4872 ὡς
1727 4811 1786 4863 ἐν

203 4905 369 4972 ὀλίγῳ
401 4900 585 4971 χρόνῳ
604 4901 697 4952 καὶ
712 4899 878 4970 αὐτὴν
903 4898 1288 4968 βασιλεύουσαν
1321 4899 1474 4950 πόλιν
1496 4900 1784 4972 πληρῶσαι

204 4996 302 5064 τῆς
323 4993 418 5046 τοῦ
451 4990 689 5061 Χριστοῦ
707 4991 1068 5053 διδασκαλίας.
1101 4991 1210 5044 Καὶ
1231 4990 1402 5053 ἄλλως
1425 4991 1480 5043 δὲ
1496 4994 1544 5044 οἱ
1569 4995 1666 5063 τὴν
1691 4995 1784 5046 τοῦ

203 5085 549 5157 ἀνθρωπίνου
581 5081 694 5152 βίου
717 5081 988 5136 θάλασσαν
1014 5082 1358 5152 ἐμπλέοντες,
1390 5084 1480 5136 καὶ
1510 5086 1643 5138 πᾶσι
1673 5089 1786 5151 τοῖς

205 5178 414 5231 ίθνεσιν
443 5179 502 5229 έν
537 5175 729 5245 μέσαις
778 5179 893 5238 ταῖς
945 5175 1258 5244 ἐκκλησίαις
1310 5175 1672 5246 κηρύττοντες
1726 5179 1788 5230 τὸ

205 5270 538 5338 Εὐαγγέλιον
560 5264 650 5318 διά
679 5264 786 5317 τῶν
809 5267 1178 5335 προκειμένων
1200 5267 1480 5336 δηλοῦνται
1501 5285 1513 5298 ·
1548 5270 1668 5322 ἐπεὶ
1693 5277 1788 5323 καὶ⁸

206 5363 356 5415 αὐτοὶ
393 5361 490 5413 τὸν
521 5357 706 5410 καινὸν
727 5356 756 5409 ὓ
766 5374 893 5426 μνον
919 5359 1063 5429 πάσῃ
1088 5359 1452 5428 κατήγγελλον
1477 5363 1544 5430 τῇ
1579 5365 1669 5432 γῇ,
1694 5364 1788 5415 καὶ

205 5452 518 5524 ἀνθρώποις
547 5450 608 5500 έν
633 5448 819 5517 μέσαις
835 5450 948 5510 ταῖς
970 5449 1285 5519 ἐκκλησίαις
1310 5469 1378 5522 κη
1389 5451 1668 5521 ρύττοντες
1694 5455 1788 5507 καὶ

1893 4631 1960 4682 do
2007 4628 2060 4680 in
2127 4628 2320 4681 insulis
2355 4627 2703 4696 Evangelium
2744 4630 3147 4696 praedicabant;
3210 4635 3367 4686 modo
3411 4636 3466 4689 in

1892 4721 2203 4790 Hispaniam
2243 4730 2298 4774 et
2341 4720 2548 4773 Italiam
2592 4721 2962 4785 trajiciebant;
3006 4725 3074 4776 ita
3112 4734 3170 4777 ut
3199 4724 3347 4778 brevi
3383 4743 3468 4781 ro—

1890 4817 2033 4884 giam
2067 4813 2240 4882 ipsum
2277 4813 2466 4868 urbem
2498 4815 2742 4869 doctrina
2767 4814 2968 4869 Christi
3006 4817 3296 4885 replerent.
3345 4819 3469 4874 Alio

1893 4907 2023 4961 item
2086 4907 2279 4971 modo,
2321 4907 2547 4960 indicari
2593 4907 2844 4961 videntur
2889 4906 2959 4972 ii,
3000 4910 3090 4976 qui
3130 4908 3181 4960 in
3219 4909 3469 4966 humana:

1893 4999 2020 5051 vita:
2049 4997 2182 5050 mari
2209 5001 2549 5067 navigantes.
2585 4998 2722 5067 apud
2746 5013 2934 5052 omnes
2966 5010 3154 5068 gentes
3182 4999 3235 5052 in
3271 5003 3469 5058 mediis

1892 5091 2138 5146 ecclesiis
2173 5090 2526 5160 Evangelinm
2576 5091 2942 5159 praedicabant
2973 5109 2986 5144 :
3028 5091 3468 5162 quandoquidem

1893 5194 1947 5237 et
1976 5183 2077 5252 ipsi
2108 5185 2365 5254 hymnum
2397 5198 2594 5236 novum
2638 5197 2733 5250 per
2761 5196 2974 5233 omnem
3021 5192 3222 5235 terram
3258 5199 3470 5236 annun-

1897 5276 2103 5328 tiabant
2125 5315 2140 5338 ,
2167 5285 2219 5328 et
2255 5275 2306 5327 in
2333 5274 2508 5326 medio
2538 5274 2892 5326 ecclesiarum
2930 5271 3235 5326 hominibus
3275 5276 3472 5340 przedi-

1895 5368 2094 5419 cahant
2127 5378 2178 5418 et
2213 5367 2502 5418 docebant.
2537 5385 2553 5416 ι
2602 5367 2663 5418 Et
2704 5365 3033 5418 habitatores
3065 5381 3274 5419 earum.
3315 5383 3335 5416 ι
3376 5364 3473 5420 llis

1897 5455 2169 5523 significat
2202 5471 2315 5516 eos,
2352 5458 2444 5524 qui
2472 5457 2524 5508 in
2553 5456 2799 5509 ecclesiis
2833 5470 3008 5508 coctos
3037 5465 3220 5525 agunt.

204 5545 570 5605 διὸᾰσκοντες.
590 5557 610 5590 ι
635 5539 744 5590 Καὶ
772 5541 819 5592 οἱ
841 5540 1214 5604 κατοικοῦντες
1235 5543 1402 5605 αὐτάς
1423 5559 1434 5573 υ
1465 5561 1483 5596 ι
1512 5545 1637 5608 τοὺς
1659 5546 1716 5598 ὲν
1731 5544 2181 5615 τατςρκκλησίαις
2206 5547 2600 5616 συναγομένους
2617 5548 2808 5600 τοῦτον
2827 5548 3106 5617 ἐμφαίνων
3129 5546 3221 5600 τδν
3245 5548 3470 5620 τρόπον.

269 5679 288 5712 ι
332 5652 713 5728 Εὐφράνθητι,
747 5655 965 5725 ἔρημος,
1029 5655 1125 5708 καὶ
1162 5658 1219 5710 al
1244 5658 1422 5729 κῶμαι
1457 5659 1628 5730 αὐτῆς
1660 5678 1671 5691 ·
1709 5679 1727 5712 ι
1756 5661 1791 5732 ἢ

204 5753 336 5809 χατά
371 5753 504 5814 τοὺς
536 5745 758 5810 λοιποὺς
786 5749 1140 5824 έρμηνευτάς,
1172 5772 1190 5804 ι
1222 5755 1316 5806 καὶ
1342 5752 1524 5815 πόλεις
1553 5756 1738 5825 αὐτῆς.
1776 5775 1794 5807 ι

1975 5663 2136 5718 Vens.
2162 5666 2246 5719 ll.
2277 5685 2296 5717 ι
2330 5665 2535 5720 Laure
2569 5669 2864 5721 desertum.
2893 5677 2946 5718 et
2976 5668 3082 5723 vici
3113 5669 3268 5736 ejus;
3299 5689 3316 5720 ι
3353 5673 3470 5728 sive

1909 5757 2199 5810 secundum
2228 5757 2460 5826 reliquos
2493 5760 2838 5828 interpretes,
2880 5778 2897 5811 ι
2929 5771 2984 5815 et
3011 5763 3255 5819 civitates
3279 5765 3415 5824 eius.
3443 5787 3466 5820 ν
