4124 6398
710 368 806 423 591

1371 357 1640 417 EUSEBH
1677 358 2151 415 CESARIENSlS
2187 357 2339 413 OPl’.
2380 356 2557 412 PARS
2593 355 2682 412 Ill.
2724 388 2793 402 -
2830 353 3238 411 EXEGETICA.

3819 356 3922 413 3132

712 478 889 534 Multae
932 478 1122 546 quippe
1163 478 1326 533 urbes
1373 476 1665 532 secundum
1703 476 1912 532 diversa
1951 478 2071 533 vitae
2103 476 2257 530 insti-

2371 476 2555 529 Πολλαὶ
2584 478 2691 547 γάρ
2721 475 2901 538 πόλεις
2935 474 3073 528 κατὰ
3098 473 3194 535 τὰς
3242 468 3526 541 διαρόρους
3578 468 3846 535 πολιτείας
3867 473 3924 523 ὲν

713 581 823 626 tnta
866 573 918 624 in
961 569 1205 625 Ecclesia
1246 570 1335 624 Dei
1396 569 1798 637 intelliguntur,
1852 578 1909 622 ιιι
1965 568 2016 622 in
2061 568 2263 622 visione

710 657 926 731 Egypti
956 662 1286 715 declaratum
1309 670 1412 724 est,
1450 661 1537 714 ubi
1570 660 1867 725 dicebatur,
1896 662 2137 730 quinque
2168 675 2261 712 ur-

713 751 808 803 bes
844 751 896 803 in
927 748 1161 820 A‘ngpto
1196 749 1327 811 fore,
1357 764 1475 815 qua:
1507 748 1687 818 lingua
1704 749 2057 803 Cltananitide
2084 749 2264 818 loqueo

713 851 922 895 rentur.
964 861 982 892 ι
1026 842 1170 895 Villae
1204 848 1255 893 et
1302 839 1635 893 habitatores
1676 839 1868 893 Ccdar.
1917 837 2266 893 laetabuntur

711 932 803 998 qui
841 931 1083 985 habitant
1126 929 1373 992 Petram,
1415 929 1480 981 de
1522 929 1727 984 vertice
1764 929 2023 982 montium
2064 928 2264 982 clama-

712 1022 864 1074 bunt.
898 1040 914 1071 ι
948 1022 1120 1075 Cedar
1159 1021 1210 1073 in
1238 1021 1477 1075 ulteriori
1524 1022 1718 1073 Arabia
1746 1020 1847 1072 sita
1883 1029 1965 1073 est
1996 1021 2061 1073 ad
2089 1030 2265 1073 extre-

714 1126 860 1162 mum
889 1110 1123 1173 deserti,
1156 1123 1312 1177 quam
1364 1110 1544 1163 dicunt
1583 1112 1826 1163 obtinere
1869 1114 2261 1162 Saracenorum

716 1209 949 1267 gentem.
987 1199 1080 1252 His
1108 1213 1296 1254 omnes
1323 1201 1520 1254 deserti
1560 1210 1615 1253 et
1658 1199 1839 1253 finium
1886 1209 2043 1252 terra:
2080 1198 2264 1252 incola:

712 1292 1084 1360 significantur
1108 1334 1122 1353 .
1157 1294 1227 1346 ita
1255 1302 1310 1345 ut
1342 1292 1674 1347 rationabilis
1703 1294 1788 1346 illa
1832 1291 1921 1345 Dei
1964 1290 2143 1344 laetitia
2172 1305 2265 1356 per

714 1383 911 1438 Christi
943 1384 1171 1454 gratiam
1202 1383 1269 1438 ad
1292 1400 1391 1438 nos
1423 1401 1588 1453 usque
1614 1396 1934 1454 perventura
1973 1385 2061 1439 sit.
2108 1382 2262 1436 Petra

715 1490 844 1529 vero
872 1479 1000 1530 urbs
1026 1477 1267 1545 quaedam
1308 1464 1603 1532 Palaestina
1627 1486 1730 1540 est,
1763 1475 2152 1544 superstitiosis
2184 1478 2261 1526 vi-

716 1566 795 1620 ris
836 1566 1024 1634 plena,
1059 1576 1114 1619 et
1169 1566 1219 1618 in
1260 1568 1583 1635 profundunt
1626 1567 1875 1621 tliabulici
1923 1566 2123 1619 erroris
2170 1566 2261 1617 de-

716 1673 894 1711 mersa
925 1676 937 1711 :
966 1658 1114 1725 cujus
1159 1659 1284 1714 item
1334 1660 1536 1713 incolas
1581 1661 1768 1730 gratia:
1821 1667 2096 1712 enusnrtes
2150 1656 2264 1710 fore

716 1748 843 1799 dicit
864 1749 1155 1812 bisvcrbis,
1190 1766 1207 1799 t
1230 1748 1576 1802 laetabuntur
1599 1752 1686 1812 qui
1714 1746 2204 1801 babitantPetratn.
2238 1764 2256 1795 ο

2363 572 2435 639 τῇ
2474 567 2768 639 Ἐκκλησία
2786 567 2878 621 τοῦ
2902 566 3035 619 Θεοῦ
3058 562 3415 623 ἑπινοοῦνται,
3440 561 3514 623 ὡς
3537 559 3807 612 ἐδείκνυτο
3835 561 3925 613 καὶ

2364 662 2422 713 έν
2452 662 2515 728 τῇ
2544 660 2854 730 όράσειτῆς
2895 656 3188 725 Αἰγύπτου,
3234 654 3291 705 ὲν
3412 652 3661 721 ἐλέγοντο
3710 650 3926 705 ἔσεσθαι

2365 752 2523 803 πέντε
2572 750 2751 812 πόλεις
2804 753 2861 803 ἐν
2894 747 3149 817 Αἰγύπτῳ
3188 742 3442 797 λαλοῦσαι
3492 746 3559 813 τῇ
3607 741 3827 814 γλώσσῃ
3860 743 3926 811 τῇ

2364 840 2685 894 Χανανίτιδι.
2734 860 2752 891 ι
2792 838 3072 901 Ἐπαύλεις
3110 836 3201 891 xui
3225 839 3273 889 oi
3315 834 3691 897 κατοικοῦντες
3717 834 3926 906 Κηδάρ.

2364 932 2840 1003 Εὐφρανθήσονται
2876 932 2925 984 οἱ
2957 928 3334 991 κατοικοῦντες
3361 928 3591 998 Πέτραν,
3622 927 3714 979 ἀπ’
3759 926 3927 996 ἄκρου

2364 1024 2470 1076 τῶν
2532 1024 2700 1093 ὀρέων
2752 1022 3023 1092 βοήσουσι.
3062 1039 3080 1071 ι
3149 1019 3212 1071 Ἥ
3253 1017 3444 1088 Κηδάρ
3467 1017 3522 1071 δὲ
3548 1018 3802 1069 ἐπέκεινα
3833 1014 3929 1085 τῆς

2378 1114 2631 1185 Ἀραϐίας
2650 1114 2904 1182 τυγχάνει
2929 1112 3024 1163 ἐπὶ
3050 1109 3151 1180 τῆς
3188 1109 3421 1178 ἐσχάτης
3445 1109 3672 1179 ὲρήμου,
3694 1108 3789 1159 xui.
3810 1124 3930 1160 κατα

2365 1206 2506 1275 ἐχειν
2530 1205 2660 1272 φασὶ
2702 1203 2763 1255 τὸ
2793 1202 2900 1255 τῶν
2930 1200 3258 1271 Σαρακηνῶν
3294 1200 3466 1267 γένος.
3522 1200 3599 1251 Δι’
3620 1191 3696 1249 ὧν
3727 1201 3757 1251 6
3776 1196 3931 1265 λόγος

2366 1295 2628 1365 ἐϐουλήθη
2654 1294 2861 1355 πάντας
2893 1293 3018 1354 τοὺς
3066 1292 3163 1355 τὰς
3191 1292 3426 1361 ἐρήμους
3465 1289 3558 1341 καὶ
3606 1288 3676 1342 τά
3728 1289 3932 1358 ἔσχατα

2363 1385 2461 1453 τῆς
2488 1386 2587 1453 γῆς
2632 1383 2910 1443 οἰκοῦντας
2934 1381 3189 1451 δηλῶσαι,
3211 1381 3285 1444 ὡς
3309 1380 3409 1449 τῆς
3433 1380 3527 1433 τοῦ
3549 1378 3685 1432 Θεοῦ
3709 1379 3931 1450 λογικῆς

2364 1473 2698 1543 εὐφροσύνης
2727 1473 2815 1526 διὰ
2838 1472 2937 1540 τῆς
2956 1471 3048 1524 τοῦ
3084 1470 3316 1543 Χριστοῦ
3345 1471 3562 1542 χάριτος
3604 1470 3698 1523 xui.
3739 1468 3932 1540 μέχρις

2363 1564 2519 1633 ήμῶν
2555 1564 2774 1631 φθάνειν
2802 1561 3115 1633 μελλούσης.
3149 1562 3257 1613 Καὶ
3284 1558 3464 1629 Πέτρα
3492 1560 3549 1613 δέ
3580 1561 3664 1622 τίς
3692 1560 3809 1611 ἐστι
3834 1558 3931 1611 πό-

2364 1652 2447 1715 λις
2473 1654 2830 1721 Παλαιστίνης
2859 1651 3261 1721 δεισιδαιμόνων
3294 1652 3523 1722 ἀνδρῶν.
3548 1652 3647 1723 καὶ
3672 1650 3839 1720 πολλῇ
3866 1652 3930 1719 τῇ

2364 1743 2537 1813 πλάνῃ
2583 1746 2647 1812 τῇ
2702 1743 2983 1812 δαιμονικῇ
3037 1740 3464 1811 βεϐαπτισμένη·
3519 1735 3586 1808 ἧς
3622 1739 3715 1793 xui
3764 1739 3931 1808 αὐτῆς

715 1837 879 1905 Cujus
909 1838 1175 1891 sermonis
1206 1839 1485 1891 veritatem
1512 1838 1624 1906 ipse
1655 1851 1831 1888 rerum
1867 1844 2089 1887 eventus
2114 1848 2262 1886 com-

2371 1833 2484 1894 τοὺς
2511 1832 2751 1894 ἐνοίκους
2784 1834 2880 1901 τῆς
2906 1832 3123 1900 χάριτος
3148 1827 3545 1899 μεταλήψεσθαι
3580 1844 3711 1897 φησι
3736 1827 3927 1894 λέγων*

716 1929 982 1994 probavit,
1011 1944 1131 1983 cum
1187 1929 1237 1982 in
1275 1929 1386 1996 ipsa
1444 1928 1777 1982 Petrensium
1831 1926 2069 1987 civitate,
2113 1935 2166 1978 et
2210 1925 2262 1977 in

715 2035 844 2087 agro
890 2020 1033 2088 ejus,
1080 2034 1284 2074 necnon
1335 2022 1383 2072 in
1437 2004 1810 2073 solitudinibus
1851 2015 2263 2078 Saracenorum,

714 2108 913 2162 Christi
944 2109 1194 2163 Ecclesiae
1239 2109 1435 2163 nostris
1483 2107 1806 2177 temporibus
1862 2106 2093 2160 fundata:
2134 2106 2262 2159 sint.

715 2201 861 2253 Alias
895 2215 1020 2255 vero
1050 2202 1218 2255 Cedar
1241 2201 1509 2271 significat
1542 2205 1805 2262 tenebras,
1846 2212 2027 2253 eorum
2061 2212 2248 2259 causa,

715 2290 805 2356 qui
866 2304 895 2342 a
944 2291 1179 2345 tenebris
1232 2293 1297 2345 ad
1353 2292 1727 2343 annuntiatam
1779 2290 2026 2358 gentibus
2094 2287 2262 2342 lucem

718 2381 961 2434 translati
1010 2393 1153 2436 sunt.
1197 2381 1318 2435 Pari
1363 2384 1547 2434 lzclilia
1588 2380 1893 2434 alliciendos
1936 2380 2013 2431 ait
2053 2392 2146 2433 eos
2172 2378 2263 2446 qui

716 2472 1242 2527 iultabitantPctratu
1278 2492 1289 2527 :
1332 2492 1348 2523 ι
1387 2472 1538 2525 Petra
1567 2482 1740 2524 autem
1766 2468 2215 2523 erathristus“.
2241 2485 2260 2518 ο

2369 1943 2387 1973 ι
2426 1922 2901 1993 Εὑφρανθήσονται
2928 1923 2976 1973 οἱ
3012 1919 3286 1981 οἰκοῦντες
3310 1919 3538 1989 Πέτραν.
3570 1936 3589 1968 ι
3624 1916 3841 1969 Τούτων
3876 1916 3934 1970 δὲ

2361 2013 2468 2065 τῶν
2495 2013 2664 2081 λόγων
2686 2013 2781 2083 τὴν
2806 2011 3059 2081 ἀλήθειαν
3082 2013 3115 2080 ή
3144 2010 3229 2063 διά
3267 2009 3377 2062 τῶν
3411 2008 3751 2080 πραγμάτων
3774 2005 3936 2060 ἐκϐα-

2369 2122 2452 2168 σις
2489 2103 2846 2165 ἐπιστώσατο,
2895 2102 3225 2174 Ἐκκλησιῶν
3266 2100 3498 2171 Χριστοῦ
3527 2100 3619 2153 xui
3650 2102 3737 2152 ἐπ’
3765 2098 3934 2168 αὐτῆς

2312 2234 2315 2235 ν
2367 2197 2465 2265 τῆς
2493 2196 2738 2265 Πετρέων
2777 2195 3003 2256 πόλεως,
3029 2194 3168 2247 κατά
3186 2209 3243 2245 τε
3275 2192 3370 2263 τὴν
3392 2190 3572 2261 χώραν
3596 2189 3767 2257 αὐτῆς
3786 2229 3800 2246 .
3842 2190 3935 2241 καὶ

2367 2290 2424 2339 ὲν
2446 2288 2563 2349 ταῖς
2596 2287 2820 2356 ἐρήμοις
2847 2285 2900 2336 δὲ
2927 2284 3033 2336 τῶν
3054 2281 3383 2355 Σαρακηνῶν
3406 2280 3522 2333 καθ’
3558 2282 3705 2349 iui;
3741 2278 3935 2342 αὐτοὺς

2372 2377 2687 2447 ἱδρυμένων.
2718 2377 2825 2428 Καὶ
2852 2374 3022 2437 ἄλλως
3075 2374 3131 2427 δὲ
3182 2372 3371 2443 Κηδαρ
3405 2368 3765 2443 ἑρμηνεύεται
3812 2384 3937 2421 uxo-

2369 2468 2597 2537 τατμδς,
2629 2466 2715 2519 διὰ
2744 2466 2869 2529 τοὺς
2910 2463 3307 2534 μεταϐαλόντας
3342 2463 3449 2516 άπὸ
3493 2462 3586 2515 τοῦ
3626 2460 3933 2531 σκοτασμοῦ

718 2562 892 2615 sum
939 2563 1369 2633 κατηγγελμένον
1405 2563 1518 2631 φῶς
1563 2564 1671 2622 τοῖς
1703 2560 1928 2612 ἔθνεσιν.
1982 2554 2461 2629 Εὑςρρανθήσεσθαι
2497 2558 2525 2608 6
2577 2555 2731 2623 λόγος
2780 2554 2913 2623 φησι
2956 2553 3047 2606 καὶ
3090 2552 3214 2615 τοὺς
3262 2550 3643 2613 κατοικοῦντας
3679 2550 3779 2621 τὴν
3837 2549 3936 2604 Πέ-

716 2670 851 2726 τραν
878 2656 1106 2725 ὁμοίως·
1141 2676 1158 2706 ι
1193 2658 1252 2708 Ἠ
1277 2656 1331 2708 δὲ
1362 2656 1538 2726 Πέτρα
1572 2649 1638 2723 ἦν
1675 2656 1702 2705 6
1744 2650 1992 2723 Χριστός.
2038 2668 2056 2702 ι

796 2747 951 2799 Vsus.
986 2746 1071 2809 12,
1101 2748 1182 2799 15.
1212 2765 1228 2795 ι
1271 2746 1477 2799 Dabunt
1510 2745 2130 2811 Deogloriamzvirtutes
2153 2740 2269 2809 ejus

720 2836 775 2890 in
808 2836 997 2891 insulis
1030 2837 1368 2890 nuntiabunt.
1408 2854 1426 2887 ι
1467 2835 1541 2889 Ita
1578 2845 1629 2888 et
1671 2834 1921 2902 superius
1959 2832 2261 2895 dicebatur,

723 2943 745 2979 ι
783 2927 950 2996 Supra
996 2938 1230 2981 montem
1264 2927 1535 2981 excelsum
1587 2928 1848 2985 ascende.
1893 2922 1981 2991 qui
2042 2936 2271 2991 evange-

718 3018 849 3072 lizas
881 3019 1006 3072 Sion
1035 3035 1049 3070 :
1084 3019 1255 3072 exalta
1307 3020 1359 3071 in
1397 3017 1704 3071 fortitudine
1734 3030 1917 3071 vocent
1960 3023 2143 3080 tuam,
2178 3012 2270 3083 qui

719 3110 1055 3177 cvangelizas
1080 3106 1397 3162 Jerusalem.
1433 3125 1451 3158 ι

795 3220 813 3251 ς
859 3201 1111 3255 Dominus
1164 3198 1301 3251 Deus
1343 3197 1672 3251 exercituum
1696 3195 1999 3265 egredietur
2021 3236 2036 3259 ,
2059 3206 2113 3249 et
2142 3210 2273 3249 con-

723 3308 859 3354 teret
898 3294 1112 3354 bellum,
1178 3288 1430 3343 excitabit
1488 3288 1694 3348 zelum,
1752 3295 1807 3340 et
1874 3285 2124 3338 clamabit
2180 3301 2271 3338 su-

722 3403 817 3456 per
885 3382 1125 3437 inimicos
1178 3392 1301 3432 suos
1344 3392 1464 3429 cum
1534 3375 1861 3430 fortitudine.
1920 3393 1938 3425 ι
1994 3375 2110 3428 Non
2158 3376 2273 3429 sine

720 3493 879 3533 eausa
928 3476 1068 3530 enim
1117 3474 1245 3541 ipsis
1297 3472 1485 3525 bellum
1543 3469 1787 3521 illaturus
1837 3477 1952 3530 est;
2008 3466 2100 3519 sed
2131 3478 2275 3534 post-

722 3584 881 3637 quam
936 3579 1149 3619 eausatu
1206 3563 1345 3615 illam
1400 3560 1645 3629 protulit,
1695 3561 1745 3612 id
1798 3574 1986 3628 magna
2017 3572 2144 3611 voce
2184 3560 2275 3608 de-

722 3656 968 3717 clarabit,
1000 3664 1058 3705 ttt
1117 3652 1274 3705 ducet
1326 3651 1408 3703 bis
1458 3648 1654 3712 verbis,
1689 3668 1705 3698 ι
1740 3647 1904 3702 Tacui
1934 3664 1946 3697 :
1986 3663 2107 3699 nunt
2134 3661 2274 3699 sem-

723 3762 820 3816 per
844 3742 1064 3797 tacelm?
1100 3762 1117 3792 ι
1158 3740 1289 3795 Nam
1316 3742 1440 3793 dum
1470 3739 1541 3791 illi
1577 3741 1837 3793 scelerate
1868 3748 1921 3791 et
1947 3738 2104 3805 impie
2133 3751 2265 3804 age-

724 3845 881 3897 rent,
915 3836 1177 3903 patienter
1203 3830 1379 3884 ferens
1416 3830 1534 3893 ille,
1574 3830 1823 3897 ipsusque
1874 3826 2273 3895 longanimitate

730 3940 827 3979 Sua
854 3924 1106 3983 tolerans,
1141 3937 1311 3989 neque
1341 3920 1619 3974 confestim
1652 3920 1784 3973 iram
1812 3932 1863 3974 et
1899 3923 2152 3973 ultionem
2196 3920 2276 3972 in-

727 4016 938 4077 ferens,
974 4013 1198 4068 tacebat.
1251 4012 1313 4065 Et
1366 4012 1499 4065 alias
1554 4020 1797 4079 tempore
1855 4012 2118 4080 passionis
2166 4025 2275 4063 sua:

726 4109 848 4160 dunt
877 4105 1159 4158 calumniis
1187 4104 1534 4173 impeteretur
1571 4104 1814 4167 tacebat,
1867 4113 1918 4156 et
1974 4118 2092 4155 cum
2144 4100 2273 4155 falsa

731 4197 1038 4251 testimonia
1069 4196 1302 4257 audiret,
1332 4194 1459 4247 nihil
1488 4194 1857 4260 respondebat.

801 4288 960 4341 Vsus.
999 4287 1087 4352 Η,
1126 4286 1206 4339 15.
1230 4304 1247 4335 ι
1273 4284 1437 4349 Tacui
1488 4300 1502 4337 :
1555 4300 1675 4336 num
1705 4298 1916 4351 semper
1955 4284 2177 4343 tacebo,
2223 4290 2277 4335 et

728 4377 1047 4433 Sttstiuebo?
1097 4377 1251 4430 Sicut
1283 4377 1500 4444 pariens
1543 4376 1808 4443 patienter
1840 4375 1941 4442 egi.
1986 4373 2275 4426 Dimovcbo

2446 2757 2463 2789 ι
2504 2734 2739 2788 Δὼσουσι
2765 2730 2840 2801 τῷ
2860 2730 2979 2799 ea}.
2993 2724 3149 2793 δόξαν
3166 2744 3178 2757 ·
3207 2725 3305 2790 τὰς
3325 2726 3523 2797 ἀρετὰς
3547 2722 3711 2777 αὐτοῦ
3734 2725 3792 2775 ἐν
3820 2730 3935 2787 ταῖς

2372 2833 2554 2899 νήσοις
2582 2822 2958 2897 ἀναγγελοῦσι.
2995 2842 3011 2872 ι
3048 2820 3201 2873 υῦτω
3225 2819 3279 2871 δὲ
3302 2819 3395 2870 xui.
3416 2816 3669 2886 ἀνωτέρω
3698 2814 3933 2882 ἐλέγετο’

2379 2936 2398 2969 ι
2452 2916 2566 2969 Ἐπ’
2613 2914 2735 2985 δρος
2799 2910 2999 2980 ὑψηλὸν
3061 2906 3329 2976 ἀνάϐηθι,
3375 2905 3404 2957 6
3459 2901 3937 2972 εὐαγγελιζόμενος

2376 3002 2541 3056 Σιών
2570 3000 2780 3070 ῦψωσον
2812 3001 2879 3068 τῇ
2922 2996 3065 3066 ἰσχύϊ
3110 2994 3208 3065 τὴν
3239 2993 3419 3063 φωνήν
3447 3008 3561 3056 σου,
3601 2990 3630 3041 6
3652 2990 3931 3057 εὐαγγελι-

2379 3093 2438 3158 ζό
2445 3108 2601 3163 μενος
2645 3088 3011 3161 Ἰερουσαλήμ.
3044 3106 3061 3137 ι

2452 3202 2471 3234 ι
2524 3182 2725 3254 Κύριος
2757 3184 2785 3234 6
2812 3179 2941 3241 Θεὸς
2986 3178 3094 3230 τῶν
3136 3174 3415 3245 δυνάμεων
3447 3172 3803 3239 ὲξελευσεται,
3846 3170 3937 3225 xui

2376 3274 2651 3344 συντρίψει
2698 3272 2947 3340 πόλεμον,
2971 3270 3221 3337 ἐπεγερεῖ
3247 3266 3425 3336 ζῆλον,
3454 3266 3543 3317 xui
3565 3263 3818 3333 βοήσεται
3848 3263 3937 3313 ἐπὶ

2372 3371 2499 3431 τοὺς
2541 3365 2764 3435 ἐχθροὺς
2809 3359 2974 3415 αὐτοῦ
3028 3358 3141 3429 μετ’
3182 3357 3379 3427 ἰσχύος.
3418 3376 3435 3405 ι
3472 3355 3545 3407 Ού
3592 3354 3699 3424 γὰρ
3731 3353 3936 3419 ἀλόγως

2375 3457 2569 3519 αὐτοὺς
2603 3454 2929 3524 πολεμήσει·
2976 3449 3109 3503 ἀλλὰ
3144 3447 3281 3519 μετὰ
3324 3445 3416 3499 τοῦ
3452 3444 3550 3515 τὴν
3579 3443 3757 3496 αἰτίαν
3804 3442 3937 3507 ἐξει-

2375 3552 2495 3602 πεῖν
2526 3548 2619 3601 xui
2654 3544 2861 3616 μεγάλῃ
2907 3541 3000 3611 βοῇ
3050 3538 3279 3609 φανερὸν
3306 3539 3539 3607 ποιήσει,
3571 3536 3637 3605 ῆν
3672 3534 3764 3587 xui
3797 3533 3936 3586 διδά-

2375 3658 2493 3693 σκει
2515 3640 2717 3706 λέγων·
2754 3654 2771 3686 t
2796 3632 3124 3700 Ἑσιώπησω
3160 3629 3235 3699 μὴ
3268 3630 3361 3681 xui
3388 3628 3473 3680 ἀεὶ
3507 3626 3886 3695 σιωπήσομαις
3913 3642 3930 3674 ›

2387 3733 2474 3784 Ἐν
2504 3728 2609 3799 γὰρ
2641 3726 2717 3796 τῷ
2750 3723 3083 3794 παρανομεῖν
3119 3719 3309 3781 αὐτοὺς
3349 3718 3441 3769 καὶ
3475 3714 3705 3774 ἀσεϐεῖν,
3767 3712 3938 3777 ἀνεξι-

2377 3821 2559 3875 κακῶν
2592 3820 2684 3871 καὶ
2741 3815 2919 3886 φέρων
2972 3812 3171 3872 αὐτοὺς
3232 3811 3297 3878 τῇ
3344 3804 3507 3860 αὐτοῦ
3568 3803 3935 3874 μακροθυμίᾳ,

2381 3913 2512 3985 μηδὲ
2548 3908 2884 3981 παραχρῆμα
2945 3904 3042 3974 τὴν
3076 3901 3242 3972 ὀργὴν
3295 3899 3477 3960 αὐτοῖς
3522 3900 3741 3963 ἐπάγων
3782 3895 3936 3947 ὲσιώ-

2382 4022 2536 4075 πησε.
2591 4002 2700 4054 Καὶ
2748 3998 2921 4060 ἄλλως
2957 3995 3012 4048 δὲ
3051 3993 3191 4047 κατὰ
3234 3991 3322 4043 τὸν
3369 3988 3555 4060 καιρὸν
3590 3986 3684 4039 τοῦ
3739 3986 3939 4047 πάθους

2375 4095 2558 4159 αὑτοῦ,
2602 4088 3094 4159 συκοφαντούμενος
3142 4082 3370 4145 intima,
3426 4081 3518 4133 xui
3560 4076 3942 4149 ψευδομαρτυέ

2380 4188 2469 4258 ρού
2478 4203 2634 4257 μενος
2667 4183 2813 4236 οὐδὲν
2833 4180 3166 4250 ἁπεκρίνατο

2449 4298 2466 4328 ι
2507 4274 2815 4344 Ἐσιώπησα
2836 4288 2848 4301 ·
2890 4271 2963 4341 μὴ
2998 4270 3083 4322 ἀεὶ
3135 4266 3502 4333 σιωπήσομαι,
3528 4260 3621 4313 xui
3646 4258 3936 4328 ἀνέξομαις

2388 4370 2472 4430 Ὠς
2505 4369 2538 4437 ή
2586 4366 2839 4419 τίκτουσα
2892 4358 3253 4429 ὲκαρτέρησα.
3300 4354 3574 4422 Ἐκστήσω
3595 4349 3689 4401 xui
3727 4346 3937 4418 ξηραινῶ

729 4482 785 4523 et
842 4468 1127 4523 arefaciam
1178 4467 1337 4522 simul
1374 4484 1388 4520 :
1426 4468 1670 4520 desertos
1720 4466 1908 4517 faciam
1960 4478 2170 4518 montes
2224 4472 2269 4516 et

2378 4461 2523 4529 ἆμα-
2564 4455 2832 4526 ὲρημώσω
2864 4451 2966 4520 ὅρη
3001 4450 3093 4502 xui.
3122 4448 3359 4518 βουνους,
3394 4444 3487 4495 xui.
3538 4440 3715 4494 πάντα
3754 4438 3939 4508 χόρτον

726 4561 907 4624 colles,
945 4569 997 4615 et
1020 4574 1181 4613 omne
1231 4557 1408 4612 fenum
1440 4574 1625 4611 eorum
1656 4556 1960 4610 exsit-Cabo.
1992 4556 2052 4607 Et
2077 4570 2269 4621 ponam

725 4649 939 4705 ﬂamina
974 4649 1024 4703 in
1066 4648 1263 4703 insulas
1291 4688 1306 4713 ,
1352 4658 1405 4702 et
1438 4659 1627 4716 stagna
1664 4644 1992 4706 arefaciam;
2028 4662 2045 4693 ι
2091 4642 2276 4694 videli-

726 4753 813 4796 cet
843 4743 1160 4806 doctrinam,
1188 4754 1306 4808 qua:
1337 4739 1438 4793 illis
1473 4740 1598 4794 olim
1627 4737 1909 4791 ﬂuviorum
1939 4735 2111 4787 instar
2150 4746 2276 4800 sup-

728 4835 1081 4906 pellitabatur.

800 4922 959 4981 Vsus.
998 4923 1081 4977 16.
1129 4942 1148 4973 ι
1184 4922 1247 4976 Et
1276 4923 1465 4977 ducam
1500 4937 1672 4976 creeos
1706 4922 1758 4973 in
1796 4920 1877 4972 via
1902 4959 1916 4983 ,
1957 4933 2119 4987 quam
2165 4932 2269 4970 non

730 5025 1007 5073 noverunt.
1038 5024 1085 5068 et
1127 5014 1177 5066 in
1205 5014 1431 5076 semitis,
1458 5029 1589 5078 quas
1619 5011 1965 5082 ignorabant,
1995 5006 2271 5061 ambulare

728 5123 822 5165 eos
866 5108 1074 5162 faciam.
1130 5108 1363 5160 lictltlatn
1422 5106 1527 5160 illis
1574 5108 1823 5159 tenebras
1874 5105 1925 5158 in
1984 5102 2190 5159 lucent,
2223 5107 2278 5155 et

732 5210 967 5251 tortuosa
998 5202 1046 5251 iu
1081 5211 1301 5253 reetatn.
1334 5196 1455 5251 ":Bc
1490 5200 1646 5250 verba
1679 5195 1887 5257 faciam,
1921 5204 1971 5248 et
2002 5209 2105 5246 non
2130 5194 2279 5242 tlere-

732 5289 965 5357 linquaut
1004 5304 1115 5343 eos.
1159 5310 1175 5339 ι
1211 5288 1438 5354 Quinam
1473 5287 1525 5340 hi
1567 5298 1748 5341 essent
1788 5287 2033 5354 superius
2075 5282 2280 5343 docuit,

732 5383 795 5436 de
822 5397 1042 5451 persona
1077 5382 1270 5434 (Lbristi
1300 5382 1501 5441 dicens,
1536 5398 1552 5430 ι
1590 5381 1713 5431 Delli
1745 5380 1869 5431 tein
1898 5384 2272 5431 testamentum

733 5475 941 5538 generis
962 5513 975 5535 ,
1015 5474 1068 5525 in
1107 5475 1274 5524 lucem
1323 5483 1561 5540 gentium
1586 5511 1600 5532 ,
1638 5480 1695 5523 ut
1725 5471 1935 5537 aperias
1962 5467 2145 5522 oculos
2174 5480 2275 5518 σεε-

734 5578 937 5614 cormn.
975 5579 993 5611 ι
1040 5561 1145 5613 llos
1175 5563 1352 5628 itaque
1395 5562 1534 5628 ipsos
1561 5558 1684 5611 olim
1714 5572 1882 5612 (arcos
1910 5558 1962 5610 in
2004 5556 2272 5627 gentibus,

735 5669 836 5735 ira
874 5666 977 5704 non
1005 5660 1264 5705 noverant
1301 5652 1383 5703 via
1432 5649 1706 5704 atnltularc
1736 5664 1793 5705 sc
1827 5647 2088 5705 facturum
2123 5644 2275 5716 polli-

805 5765 847 5795 τδ
882 5764 893 5817 Ι
928 5762 1051 5817 Cor.
1089 5780 1143 5819 τ.
1183 5762 1233 5817 ι,

2378 4548 2552 4602 αὐτῶν
2592 4544 2827 4618 ξηρινῶ.
2876 4543 2988 4595 Καὶ
3020 4540 3170 4609 θήσω
3203 4537 3477 4606 ποταμοὺς
3500 4533 3578 4595 εἰς
3610 4532 3828 4601 νήσους,
3852 4528 3941 4583 xui

2375 4642 2467 4714 ἕλη
2499 4638 2743 4711 ξηρανῶ·
2794 4654 2812 4687 ι
2840 4632 2937 4695 τὰς
2970 4631 3135 4685 πάλαι
3184 4627 3443 4698 ποταμῶν
3479 4624 3632 4693 δίκην
3672 4635 3939 4692 χορηγου-

2379 4732 2542 4803 μένας
2570 4729 2750 4790 αὑτοῖς
2777 4722 3147 4783 διδασκαλίας.

2447 4930 2463 4960 ι
2502 4910 2610 4962 Καὶ
2660 4906 2772 4971 ἄξω
2800 4901 3030 4971 τυφλοὺς
3058 4902 3115 4953 ἐν
3163 4898 3266 4968 6δῴ
3399 4896 3499 4949 οὐκ
3550 4892 3815 4962 ἔγνωσαν,
3849 4889 3933 4945 xui

2372 5000 2586 5073 τρίϐους
2637 4997 2701 5059 ἃς
2755 4994 2855 5046 οὐκ
2900 4992 3136 5062 ᾔδεισαν,
3172 4989 3411 5058 πατῆσαι
3467 4986 3678 5056 ποιήσω
3723 4983 3937 5044 αὐτούς.

2377 5096 2593 5163 Ποιήσω
2625 5090 2810 5149 αὐτοῖς
2836 5085 2896 5137 τὸ
2942 5085 3129 5144 σκότος
3156 5083 3233 5143 εἰς
3263 5079 3399 5148 φῶς,
3426 5078 3520 5131 xui
3556 5077 3622 5130 τὰ
3647 5075 3837 5128 σκολιὰ
3864 5076 3938 5136 εἰς

2379 5184 2608 5236 εὐθεῖαν.
2632 5179 2818 5231 Ταῦτα
2842 5176 2908 5227 τὰ
2949 5174 3166 5244 ῥήματα
3201 5172 3429 5241 ποιήσω,
3465 5168 3557 5221 καὶ
3577 5167 3678 5218 οὐκ
3710 5167 3941 5231 ἐγκατα-

2380 5275 2549 5343 λείψω
2581 5268 2792 5330 αὐτούς.
2838 5285 2854 5317 ι
2887 5265 3039 5326 Τίνες
3062 5263 3117 5316 δὲ
3148 5258 3286 5333 ἦσαν
3320 5255 3464 5313 οὗτοι
3494 5256 3694 5321 ἐδίδαξε
3719 5255 3809 5308 διὰ
3836 5254 3939 5307 τῶν

2380 5364 2702 5437 ἔμπροσθεν,
2731 5359 2897 5413 εἰπὼν
2930 5358 3007 5417 εἰς
3040 5354 3328 5425 πρόσωπον
3348 5350 3441 5405 τοῦ
3472 5348 3705 5423 Χριστοῦ
3731 5365 3744 5379 ·
3789 5368 3806 5399 ι
3844 5347 3937 5399 Ἐ-

2378 5456 2526 5510 δωκά
2554 5471 2611 5507 σε
2647 5454 2725 5515 εἰς
2752 5449 3012 5521 διαθήκην
3048 5447 3257 5517 γένους,
3303 5446 3382 5506 εἰς
3425 5442 3539 5511 φῶς
3581 5440 3769 5503 sevo),
3797 5439 3938 5491 άνοί-

2382 5547 2464 5611 ξαι
2512 5543 2819 5614 ὀφθαλμοὺς
2868 5539 3100 5609 τυφλῶν.
3140 5558 3159 5590 ι
3225 5536 3459 5598 Τούτους
3503 5534 3565 5604 δὴ
3603 5527 3698 5586 οῦν
3750 5531 3937 5590 αὐτοὺς

2380 5640 2506 5700 τοὺς
2538 5635 2704 5691 πάλαι
2734 5631 2960 5702 τυφλοὺς
2993 5633 3050 5685 ὲν
3078 5632 3190 5694 τοῖς
3222 5626 3451 5690 ἔθνεσιν,
3475 5625 3541 5678 ἣν
3573 5622 3649 5695 μὴ
3681 5619 3937 5689 ἑπτγίνωυ
