4124 6464
231 417 332 479 593

1155 393 1661 476 donummiliti
1700 412 1768 469 rs
1810 411 2071 470 ISAIAI.
2112 440 2182 454 —-
2219 412 2371 470 CAP.
2412 411 2573 470 xw.

3401 411 3506 467 ὅθι

237 554 359 592 σκον
380 533 503 589 ὁδὸν
535 531 752 604 βαδίσαι
783 529 1032 603 ποιήσειν
1071 528 1488 599 ἐπαγγέλλεται.
1519 527 1689 582 Πόθεν
1715 526 1824 597 γὰρ

1943 532 2101 581 :etur.
2130 524 2250 592 Quo
2275 535 2432 596 pacto
2466 525 2610 582 enim
2657 538 2778 580 eam
2826 525 3123 581 secundum
3163 525 3326 582 Deum
3363 529 3506 584 viam

233 631 362 702 ἡμῖν
394 624 692 698 γινώσκειν
716 623 897 694 παρῆν
924 623 1022 691 τὴν
1041 621 1184 676 κατὰ
1215 621 1350 674 Θεὸν
1375 621 1517 683 όδδν,
1557 620 1590 690 ἢ
1615 618 1702 672 διὰ
1727 619 1824 689 τῆς

237 722 384 786 θςίας
413 718 582 774 αὐτοῦ
611 718 863 789 χάριτος;
894 735 912 766 ι
952 715 1172 786 Ποιήσω
1215 715 1394 778 αὐτοῖς
1425 715 1488 767 τὸ
1524 713 1713 776 σκότος
1747 714 1826 774 είς

235 812 390 883 95’"
425 833 444 864 ’
483 811 585 874 τὰς
632 806 978 880 τνοφητικάς
1028 806 1231 876 δηλαδὴ
1276 804 1503 877 Γραφὰς
1553 804 1648 857 καὶ
1701 804 1827 864 τοὺς

238 905 388 977 βίους
432 900 560 964 τοὺς
591 899 698 953 ὑπὸ
726 899 826 968 τῆς
858 897 1009 960 θείας
1060 895 1410 958 διδασκαλίας
1460 891 1830 961 ὑποϐαλλομέ-

238 1013 364 1061 νους
395 990 726 1064 συνήσεσθαι
773 991 923 1060 ἡμᾶς
980 1005 1135 1059 φησι.
1173 987 1286 1059 Τὴν
1322 987 1432 1059 γὰρ
1459 986 1680 1055 ἄγνοιαν
1733 981 1828 1037 τοῦ

237 1085 374 1141 Θεοῦ
397 1082 496 1153 τὴν
528 1080 698 1136 πάλαι
726 1082 849 1144 ταῖς
867 1079 1068 1149 ψυχαῖς
1100 1077 1265 1149 ἡμῶν
1296 1077 1729 1141 ἐπιπολάζουσαν
1750 1075 1829 1138 εις

239 1173 355 1244 φῶς
387 1171 646 1242 γνώσεως
692 1168 1114 1241 μεταϐαλεῖσθαι
1133 1184 1147 1198 ·
1186 1169 1282 1222 καὶ
1321 1167 1392 1222 τὰ
1421 1167 1590 1221 πάλαι
1618 1165 1675 1219 δέ
1702 1183 1828 1220 σκο-

236 1265 331 1321 xta
357 1267 490 1338 ἡμῖν
527 1263 625 1318 καὶ
659 1261 847 1332 ἀσαφῆ
873 1259 1232 1331 νομιζόμενα,
1281 1258 1378 1312 καὶ
1428 1257 1603 1311 ταῦτα
1651 1256 1831 1328 ὁμαλὰ

242 1357 493 1428 ποιήσειν
528 1352 946 1422 ἐπαγγέλλεται.
981 1351 1120 1415 Τοὺς
1150 1353 1218 1404 ἐκ
1246 1350 1551 1422 περιτομῆς
1599 1350 1830 1404 αίνιττό-

245 1459 428 1516 μενος,
461 1443 653 1515 φησιν·

317 1554 337 1588 s
371 1535 539 1590 Αὐτοὶ
592 1533 650 1587 δέ
699 1533 1132 1604 ἀπεστράφησαν
1192 1535 1275 1596 είς
1322 1531 1390 1586 τὰ
1427 1531 1624 1586 ὀπίσω.
1671 1550 1690 1584 ι
1719 1528 1830 1586 Εἴθ’

242 1626 436 1699 ὥσπερ
456 1623 761 1688 ἐπιδεικνὺς
785 1622 970 1686 αὐτοῖς
1008 1621 1108 1694 τὴν
1152 1621 1266 1675 τῶν
1294 1620 1464 1688 ἐθνῶν
1507 1621 1832 1694 μεταϐολὴν,

243 1718 340 1773 καὶ
363 1717 424 1785 ἐξ
445 1717 565 1780 οἰας
593 1714 802 1787 πλάνης
835 1712 1280 1785 μεταϐεϐήκασιν
1309 1715 1390 1777 εἰς
1436 1713 1553 1782 φῶς
1589 1713 1834 1778 ἐλθόντες

242 1807 355 1862 ἀπὸ
387 1804 484 1860 τοῦ
525 1805 770 1872 σκότους,
827 1801 1198 1867 summus;
1228 1803 1365 1875 πρὸς
1405 1804 1646 1867 ἐκείνους
1684 1803 1837 1858 είδω-

1930 629 2088 671 nosse
2113 626 2446 685 poteramus,
2492 618 2594 674 nisi
2647 631 2744 689 per
2773 617 3010 674 divinam
3065 619 3184 688 ejus
3233 621 3509 690 gratiam?

1934 723 1952 758 ι
1988 705 2206 762 Faciam
2231 709 2364 778 ipsis
2412 711 2666 766 tenebras
2724 711 2778 764 in
2833 709 3052 765 lucem:
3089 731 3107 763 ε
3165 713 3513 780 pmpbeticas

1931 795 2181 853 videlicet
2209 798 2544 868 Scripturas.
2582 811 2636 854 et
2669 801 2832 854 vitam
2864 800 3034 864 illum,
3059 817 3163 872 qua
3201 803 3381 859 divina
3414 804 3516 860 do-

1930 887 2108 942 ctrina
2137 890 2468 960 suggeritur,
2507 907 2607 946 nos
2636 890 3013 946 intellecturos
3042 907 3166 948 esse
3213 895 3289 947 ait
3351 892 3511 966 Igno-

1933 979 2163 1034 rantiam
2188 981 2332 1036 enim
2367 981 2462 1038 Dei
2503 997 2625 1052 quae
2651 981 2782 1036 olim
2816 982 3029 1039 animas
3073 983 3368 1055 obtegebat
3414 1001 3518 1041 no-

1932 1080 2108 1136 stras,
2159 1072 2213 1126 in
2255 1073 2583 1144 cognitionis
2629 1074 2804 1129 lucem
2845 1075 3128 1131 mutandas
3169 1077 3245 1130 ait
3337 1086 3395 1131 et
3426 1093 3516 1146 ea,

1932 1177 2054 1230 quae
2078 1161 2208 1219 olim
2241 1179 2272 1222 a
2301 1164 2456 1220 nobis
2485 1175 2726 1220 tortuosa
2748 1175 2803 1220 et
2831 1165 3064 1220 obscura
3095 1179 3216 1222 esse
3244 1167 3514 1238 putabano

1934 1264 2060 1318 tur,
2112 1267 2172 1309 se
2217 1255 2377 1324 plana
2411 1255 2686 1311 facturum
2739 1257 3028 1326 promittit.
3075 1255 3180 1312 Eas
3210 1270 3390 1312 autem
3424 1261 3517 1330 qui
3603 1239 3614 1250 ’

1930 1363 1996 1403 ex
2032 1347 2455 1404 circumcisione
2483 1357 2610 1404 siml
2649 1348 3024 1416 snbindicans,
3059 1350 3137 1404 ait
3169 1366 3184 1402 :

2007 1526 2175 1581 Vens.
2211 1524 2299 1581 17.
2329 1544 2347 1576 ε
2380 1523 2484 1596 lpsi
2513 1533 2690 1579 autem
2722 1524 2974 1580 conversi
2997 1534 3123 1580 sunt
3147 1536 3466 1582 retrorsum.
3491 1546 3511 1578 ι

1934 1617 2139 1672 Deinde
2167 1618 2410 1687 gentium
2452 1617 2838 1684 mutationem,
2878 1627 2937 1672 et
2965 1617 3185 1688 quando
3224 1633 3289 1674 es
3327 1634 3518 1674 errore

1949 1709 2055 1766 illa:
2085 1711 2321 1766 reduch
2353 1708 2487 1773 sint,
2517 1724 2583 1764 ex
2621 1707 2860 1764 tenebris
2897 1709 2951 1764 in
2992 1709 3166 1764 lucem
3215 1711 3522 1774 venientes.

1937 1801 2071 1872 ipsis
2085 1802 2287 1873 aperit,
2315 1815 2379 1856 ac
2400 1815 2590 1856 eorum
2622 1798 2982 1856 idololatriam
3011 1801 3369 1872 vituperando
3391 1805 3522 1858 sub-

243 1897 643 1970 λολατροῦντας
663 1895 905 1966 ἐπιλέγει
929 1912 943 1926 ο
986 1913 1007 1948 ε
1029 1894 1373 1967 Δίσχύνθητε
1395 1934 1412 1959 ,
1438 1897 1490 1949 oi.
1519 1895 1838 1959 πεποιθότες

1943 1893 2156 1966 iungit:
2223 1911 2242 1945 ε
2278 1891 2680 1949 Confundimini
2709 1893 2803 1964 qui
2841 1895 3114 1950 conﬁditis
3159 1895 3214 1949 in
3263 1894 3526 1966 sculptili-

244 1989 341 2056 ἐπὶ
370 1991 485 2054 τοῖς
511 1989 791 2059 γλυπτοῖς,
815 1989 865 2042 ei
897 1987 1144 2058 λέγοντες
1173 1991 1287 2053 τοῖς
1309 1991 1596 2060 χωνευτοῖς
1615 2006 1628 2018 ·
1646 1989 1836 2060 Ὑμεῖς

246 2080 372 2134 ἐστι
414 2077 530 2132 θεοὶ
587 2077 764 2150 ἡμῶν.
813 2096 833 2131 ι
870 2078 983 2132 Kal
1033 2077 1121 2132 ῐνα
1166 2078 1243 2149 μή
1288 2094 1373 2141 τις
1399 2078 1572 2132 ταῦτα
1598 2077 1836 2150 νομίσειε

244 2169 375 2240 περὶ
405 2168 518 2223 τῶν
560 2167 730 2222 ἐθνῶν
780 2167 1053 2239 λέγεσθαι,
1084 2167 1196 2222 τῶν
1253 2167 1424 2223 πάλαι
1467 2169 1686 2238 τυφλῶν
1741 2171 1838 2223 καὶ

244 2259 482 2330 κωφῶν,
531 2258 848 2329 ἀναγκαίως
894 2259 1154 2331 διασαφεῖ
1207 2262 1302 2314 καὶ
1339 2260 1692 2333 διερμηνεύει
1740 2260 1840 2331 τὴν

243 2353 484 2408 διάνοιαν
531 2352 866 2423 ἐξεπιλέγων
895 2370 910 2384 ·

320 2465 341 2498 ι
376 2446 490 2501 Καὶ
532 2446 616 2511 τίς
640 2446 862 2518 τυφλὸς,
890 2446 1007 2502 ἀλλ’
1031 2448 1084 2502 oi
1108 2447 1302 2511 παῖδές
1333 2463 1467 2518 μου;
1509 2447 1607 2502 καὶ
1640 2449 1835 2518 κωφοὶ,

245 2536 360 2592 ἀλλ’
386 2541 438 2592 οι
465 2538 811 2611 κυριεύοντες
842 2538 1059 2604 αὐτῶνς
1101 2538 1216 2593 Kal
1235 2537 1625 2611 ἐτυφλώθησαν
1647 2541 1696 2592 oi
1727 2537 1840 2592 δοῦ-

237 2630 329 2687 λοι
361 2630 460 2684 τοῦ
483 2629 643 2687 Θεοῦ.
669 2631 854 2686 Εῐδετε
872 2631 1182 2696 πλεονάκις,
1210 2633 1306 2685 καὶ
1332 2631 1433 2685 οὐκ
1458 2629 1798 2701 ἐφυλάξασθε
1819 2648 1833 2662 ο

245 2721 549 2794 ἠνοιγμένα
575 2722 645 2776 τὰ
677 2715 812 2787 ὦτα,
837 2723 933 2776 καὶ
961 2723 1062 2776 οὐκ
1090 2721 1387 2793 ἠκούσατε.
1416 2721 1622 2795 Κύριος
1644 2723 1675 2776 6
1705 2722 1839 2788 Θεὸς

247 2812 614 2869 ἐϐουλεύσατο
656 2815 744 2869 ἵνα
761 2814 1060 2896 ,δικαιωθῂ
1094 2814 1192 2869 καὶ
1230 2813 1512 2888 μεγαλύνῃ
1543 2813 1772 2868 ατνεσιν.
1812 2833 1832 2866 ι

257 2907 447 2981 om,
476 2907 560 2961 δτι
590 2906 761 2962 ταῦτα
810 2907 988 2962 πάντα
1019 2907 1150 2979 περὶ
1187 2902 1285 2960 τοῦ
1326 2905 1456 2960 λαοῦ
1495 2905 1712 2980 εἴρηται
1739 2904 1836 2962 τοῦ

251 2997 316 3052 ἐκ
339 2997 666 3071 περιτομῆς.
686 3016 706 3050 ι
746 2997 880 3054 Ἀλλ*
911 3001 941 3054 6
968 2999 1068 3071 μέν
1103 2997 1311 3071 Κύριος
1350 2998 1708 3053 ἐϐουλεύσατο
1751 2999 1840 3053 ῖνα

249 3087 519 3162 δικαιώσῃ
545 3088 728 3152 αὐτὸν,
773 3089 860 3144 tua
931 3088 1211 3163 μεγαλύνῃ
1243 3087 1478 3144 αῖνεσιν·
1519 3091 1571 3144 oi
1613 3089 1672 3144 δὲ
1721 3089 1839 3144 ἐδο-

250 3180 530 3254 ξάσθησαν
549 3183 661 3245 τοῖς
684 3181 784 3248 τὰς
806 3181 986 3255 ψυχὰς
1023 3180 1208 3237 αὐτῶν
1236 3181 1583 3254 πολεμοῦσιν.

325 3386 345 3418 ι
387 3367 505 3421 Καὶ
532 3361 694 3430 εῐδον,
725 3367 821 3421 καὶ
848 3365 1067 3436 ἐγένετο
1095 3369 1126 3421 6
1167 3365 1295 3431 λαὸς
1342 3369 1840 3441 προνενομευμένος

249 3458 348 3512 καὶ
403 3457 849 3530 διηρπαγμένος·
880 3461 914 3530 ή
957 3458 1066 3530 γὰρ
1103 3459 1273 3527 παγὶς
1320 3461 1378 3515 ἐν
1431 3463 1546 3524 τοῖς
1591 3460 1841 3531 ταμείοις

252 3541 556 3620 πανταχοῦ,
585 3549 681 3602 καὶ
708 3549 766 3601 ἐν
789 3547 960 3612 οἴκοις
985 3549 1125 3620 ἄμα.
1151 3549 1294 3604 ὅπου
1345 3549 1590 3624 ἔκρυψαν
1618 3549 1837 3614 αὐτούς.

261 3638 546 3707 Ἐγένοντο
597 3641 676 3704 είς
726 3641 1021 3714 προνομὴν,
1067 3643 1161 3696 καὶ
1205 3644 1307 3698 οὐκ
1345 3639 1416 3714 ἦν
1453 3644 1842 3716 ἐξαιρούμενος

250 3730 550 3804 ἅρπαγμα,
584 3733 680 3786 καὶ
707 3734 810 3788 οὐκ
835 3729 904 3805 ἦν
942 3735 972 3787 6
1017 3735 1214 3803 λέγων,
1253 3725 1498 3800 ’Δδτόδοφ
1551 3754 1571 3788 ι
1614 3737 1703 3790 Ἐν
1731 3737 1842 3809 γὰρ

251 3823 438 3888 αὐτοῖς
467 3827 581 3889 τοῖς
635 3825 932 3900 λογισμοῖς,
968 3827 1064 3893 οὒς
1094 3827 1386 3899 ἔκρυπτον,
1421 3830 1494 3883 τὰ
1540 3829 1682 3884 κατὰ
1708 3829 1844 3900 Χρι-

251 3915 380 3970 στοῦ
411 3915 807 3989 βουλευόμενοι,
835 3921 894 3974 ἐν
941 3920 1128 3984 αὐτοῖς
1168 3920 1398 3985 ἐκείνοις
1433 3923 1468 3994 ἡ
1507 3921 1630 3975 κατ’
1661 3921 1844 3977 αὐτῶν

247 4006 443 4077 παγὶς,
479 4007 576 4062 καὶ
597 4009 699 4063 οὐκ
724 4005 793 4080 ἧν
815 4010 845 4064 6
867 4010 1257 4083 ἐξαιρούμενος
1294 4012 1513 4078 αὐτοὺς,
1549 4012 1669 4067 οὐδὲ
1699 4014 1729 4068 6
1757 4012 1844 4067 λέ-

248 4111 386 4165 γων,
439 4097 685 4163 ’Δπόδος.

326 4205 348 4241 ε
386 4189 486 4254 Τίς
519 4192 578 4242 ἐν
609 4191 758 4262 ὑμῖν,
787 4193 848 4258 δς
900 4197 1204 4249 ἐνωτιεῖται
1241 4195 1451 4264 ταῦτα;
1482 4200 1842 4254 είσακούσατε

247 4281 334 4346 εις
359 4280 434 4336 τὰ
467 4283 828 4354 ἐπερχόμενα.
860 4305 879 4337 ι
915 4287 980 4340 El
1006 4287 1065 4341 δέ
1091 4304 1174 4352 τις
1195 4288 1480 4362 ζητήσειεν
1506 4290 1592 4355 τίς
1619 4294 1650 4345 6
1669 4290 1846 4346 ταῦτα

247 4373 498 4450 πράξας,
529 4376 683 4450 εὖροι
705 4378 748 4432 δ’
782 4380 868 4438 ἂν.
894 4383 976 4436 ὅτι
1006 4381 1116 4435 οὐδ’
1149 4382 1307 4448 ἄλλος
1321 4383 1525 4438 ἐδωκεν
1542 4385 1744 4450 αὐτοὺς
1765 4386 1847 4452 είς

246 4468 566 4542 διαρπαγὴν
614 4470 846 4542 ῆαύτδς
899 4465 946 4539 ᾧ
992 4473 1312 4544 ἠμάρτοσαν
1364 4475 1536 4546 αὐτῷ,
1593 4477 1686 4530 καὶ
1745 4477 1846 4532 οὐκ

1940 1986 2064 2052 bus,
2091 1984 2184 2056 qui
2215 1982 2578 2041 oonﬂatilibns
2609 1984 2813 2050 dicitis,
2845 1984 2954 2042 Vos
2981 1985 3118 2041 estis
3155 1985 3233 2041 dii
3263 1987 3459 2043 nostri.
3499 2006 3522 2041 ι

1941 2076 2020 2133 Ne
2049 2091 2181 2134 vero
2211 2078 2335 2149 quis
2361 2085 2578 2148 putaret
2615 2077 2732 2132 bzec
2772 2079 2840 2132 de
2869 2077 3123 2146 gentibus
3143 2117 3160 2144 ,
3194 2077 3325 2134 olim
3367 2080 3528 2134 caecis

1940 2181 1997 2227 et
2051 2171 2234 2228 surdis
2256 2208 2275 2236 ,
2310 2170 2456 2226 dicta
2515 2170 2720 2238 fuisse,
2772 2171 3080 2227 necessario
3106 2180 3345 2228 utentem
3372 2185 3526 2228 suam

1941 2263 2120 2333 aperit
2144 2270 2200 2317 et
2223 2261 2502 2332 explicat,
2531 2261 2646 2317 hnc
2676 2261 2944 2331 adjiciens
2974 2280 2990 2317 :

1947 2468 1974 2490 ο
2017 2457 2181 2514 Vens.
2214 2456 2402 2514 1881.
2449 2477 2468 2510 ι
2525 2457 2592 2514 Et
2631 2459 2760 2530 quis
2789 2473 2970 2516 68008
2996 2500 3013 2523 ,
3063 2460 3166 2516 nisi
3199 2461 3351 2530 pueri
3377 2460 3522 2518 mei.

1942 2559 1997 2606 et
2027 2550 2150 2620 quis
2182 2552 2402 2616 surdus,
2427 2549 2532 2605 nisi
2566 2550 2661 2620 qui
2707 2551 3058 2606 dominantur
3100 2551 3222 2608 eis?
3246 2552 3312 2609 Et
3348 2553 3529 2609 obca-

1941 2640 2048 2695 cati
2073 2649 2202 2696 sunt
2230 2641 2375 2697 servi
2417 2639 2532 2697 Del.
2565 2638 2786 2698 Vidistis
2811 2657 2976 2712 saepe,
3009 2653 3200 2698 etnon
3249 2644 3476 2700 cavistis
3505 2663 3522 2699 :

1941 2737 2143 2800 aperta
2171 2740 2299 2786 sunt
2329 2746 2516 2796 aures,
2542 2739 2600 2785 et
2649 2747 2756 2788 non
2801 2733 3055 2788 audistis.
3092 2732 3354 2790 Dominus
3379 2733 3524 2788 Dens

1941 2820 2271 2877 deliberavit
2323 2830 2382 2878 ut
2424 2821 2849 2892 jusdiicaretur,
2889 2833 2945 2880 ct
2992 2824 3370 2897 magniﬁcans
3411 2825 3531 2881 lat:-

1941 2911 2087 2968 den.
2122 2930 2143 2965 ι
2185 2911 2350 2969 Vides
2387 2912 2504 2968 hac
2534 2913 2718 2968 omnia
2759 2913 2827 2968 de
2870 2913 3070 2985 populo
3117 2928 3187 2970 ea
3237 2912 3530 2971 circumci-

1947 3003 2102 3060 sisne
2124 3003 2272 3060 dicta
2301 3003 2490 3060 fuisse.
2543 3023 2563 3056 ι
2621 3003 2730 3061 Sed
2770 3004 3034 3062 Dominus
3084 3005 3440 3072 deliberavit,
3471 3015 3534 3062 ut

1936 3094 2269 3165 justiﬁearet
2318 3109 2478 3163 eum,
2529 3104 2587 3152 et
2641 3095 3020 3167 magnidcaret
3082 3095 3337 3164 laudem;
3383 3115 3404 3150 ›
3453 3097 3532 3154 ili

1942 3201 2075 3245 vero
2102 3186 2322 3260 gloriati
2357 3197 2488 3244 sunt
2515 3187 2571 3243 in
2602 3186 2692 3252 iis,
2723 3188 2818 3258 qui
2853 3188 3249 3261 impugnabant
3283 3189 3528 3246 animam

2013 3371 2182 3429 Vens.
2211 3369 2305 3425 22.
2340 3388 2360 3424 ι
2396 3369 2464 3426 Et
2492 3369 2769 3437 viderunt,
2799 3382 2858 3427 et
2904 3369 3008 3426 fuit
3061 3370 3294 3443 populus
3341 3383 3533 3426 vasta-

1945 3475 2032 3524 tus
2084 3475 2252 3538 atque
2304 3467 2549 3537 direptus
2597 3481 2611 3519 :
2658 3465 2888 3536 laqueus
2948 3465 3095 3521 enim
3155 3467 3207 3522 in
3257 3465 3533 3522 cubilibus

1943 3558 2166 3627 ubique,
2191 3566 2248 3613 et
2273 3557 2328 3612 in
2360 3557 2615 3613 domibus
2643 3555 2827 3624 simul,
2862 3556 2950 3610 ubi
2977 3557 3386 3612 absconderant
3410 3569 3530 3611 eos.

1942 3645 2097 3703 Facti
2128 3657 2258 3704 sunt
2283 3647 2338 3702 in
2367 3647 2750 3712 vastationem,
2788 3654 2844 3702 et
2881 3661 2992 3702 non
3026 3656 3147 3703 erat
3184 3646 3275 3717 qui
3313 3657 3534 3703 emeret

1943 3739 2194 3810 rapinam
2231 3749 2330 3794 :et
2369 3752 2478 3794 non
2517 3747 2634 3792 erat
2667 3740 2760 3806 qui
2813 3737 3043 3806 diceret,
3080 3737 3284 3794 Redde.
3341 3756 3362 3790 ι
3395 3737 3532 3793 Nam

1945 3830 2193 3887 occultas
2216 3829 2270 3885 in
2303 3830 2579 3887 mentibus
2626 3829 2741 3886 suis
2770 3829 2989 3886 Christo
3037 3829 3266 3886 insidias
3299 3829 3535 3884 molieno

1946 3929 2050 3989 tes,
2096 3921 2152 3977 in
2193 3920 2384 3977 iisdem
2433 3921 2566 3993 ipsis
2605 3921 2858 3992 laqueum
2889 3921 2993 3977 sibi
3045 3920 3394 3985 invenerunt,
3429 3935 3534 3975 nec

1944 4025 2068 4072 erat
2091 4012 2185 4085 qui
2210 4013 2450 4087 eriperet
2473 4029 2591 4084 eos,
2620 4029 2800 4086 neque
2826 4014 2922 4086 qui
2950 4013 3181 4082 diceret,
3219 4012 3429 4070 Redde.

2017 4200 2184 4256 Vsus.
2213 4201 2307 4256 23.
2354 4218 2375 4254 ι
2414 4198 2548 4268 Quis
2580 4209 2666 4254 est
2719 4201 2774 4255 i'n
2808 4195 2964 4256 vobis
2986 4237 3002 4264 ,
3042 4197 3134 4268 qui
3163 4199 3283 4254 lnec
3306 4198 3494 4254 audiat
3517 4239 3531 4254 .

1948 4295 2252 4351 auscultate
2288 4293 2491 4352 futura.
2537 4315 2557 4350 ι
2608 4293 2666 4351 Si
2716 4293 2840 4364 quis
2891 4303 3074 4350 autem
3118 4301 3366 4364 quaerat,
3408 4293 3535 4362 quis

1947 4384 2063 4461 ba'c
2096 4383 2326 4451 fecerit,
2367 4385 2604 4442 inveniet
2635 4399 2742 4442 non
2789 4382 2956 4440 alium
3010 4381 3160 4454 ipsos
3206 4384 3260 4438 in
3291 4382 3531 4453 pradam

1949 4475 2182 4540 dedisse,
2223 4491 2387 4546 quam
2420 4490 2585 4541 eum.
2618 4477 2694 4532 'in
2729 4490 2896 4546 quem
2935 4484 3337 4546 peccaverant,
3377 4481 3434 4529 ct
3479 4473 3535 4528 in

248 4561 552 4632 ἠϐούλοντο
571 4562 632 4616 ἐν
652 4564 774 4626 ταῖς
803 4563 944 4628 ὁδοῖς
971 4563 1136 4618 αὑτοῦ
1169 4564 1518 4636 πορεύεσθαι.
1559 4568 1838 4640 Καλούμε-

1949 4567 2108 4637 cuius
2142 4567 2247 4624 viis
2272 4566 2555 4624 ambulare
2590 4575 2906 4658 renuerant.
2961 4565 3094 4622 Nam
3139 4566 3210 4622 ad
3253 4565 3534 4635 evangeli-

247 4669 334 4706 νοι
359 4652 472 4725 γὰρ
500 4655 582 4717 είς
626 4651 727 4718 τὰς
768 4655 1130 4724 εὐαγγελικέις
1161 4657 1335 4722 ὀδοὺς,
1380 4659 1481 4730 οὐχ
1531 4660 1806 4732 ὑπήκουον
1829 4675 1843 4691 ⁵

248 4745 376 4800 ἀλλ’
408 4744 532 4799 οόδὶ
561 4745 780 4802 ἀκούειν
815 4747 1007 4820 ἦθελον
1031 4749 1126 4803 τοῦ
1156 4751 1323 4821 νόμου
1347 4751 1446 4823 τῆς
1480 4753 1690 4826 Καινῆς
1719 4757 1848 4814 Δια-

251 4837 462 4910 θήκης.

327 4949 352 4983 ε
393 4929 494 4993 Τίς
525 4927 727 4982 ἐδωκεν
757 4929 840 4994 είς
881 4930 1191 5004 διαρπαγὴν
1225 4931 1440 4998 Ἰακὼϐ,
1483 4933 1577 4987 καὶ
1627 4935 1846 5008 Ἰσραὴλ

245 5021 370 5085 τοῖς
412 5016 843 5091 προνομεύουσιν
867 5022 1066 5087 aut-6v;
1105 5022 1241 5093 Οὐχὶ
1272 5025 1302 5077 6
1347 5023 1501 5089 Θεὸς,
1529 5015 1576 5094 ᾧ
1607 5027 1846 5100 ἡμάρτο-

247 5125 358 5167 σαν
389 5107 565 5181 αὐτῷ,
595 5108 692 5163 καὶ
713 5111 813 5164 οὐκ
836 5110 1120 5167 ἐϐούλοντο
1147 5113 1208 5167 ἐν
1233 5117 1354 5178 ταῖς
1380 5114 1522 5179 ὁδοῖς
1552 5117 1719 5172 αὑτοῦ
1748 5137 1847 5173 πο-

250 5202 544 5274 ρεύεσθαι,
590 5202 713 5258 οὐδὲ
763 5204 984 5258 ἀκούειν
1015 5206 1109 5260 τοῦ
1147 5207 1313 5280 νόμου
1368 5208 1566 5275 absab;
1602 5229 1620 5262 ο
1669 5210 1845 5266 Πάλαι

250 5297 356 5368 μιν
389 5294 500 5367 γὰρ
533 5291 686 5365 πρὸς
711 5295 899 5366 καιρόν
943 5313 1066 5349 τινα
1111 5298 1526 5371 πολεμούμενοι,
1560 5296 1717 5365 αὖθις
1754 5303 1848 5355 ἁν-

249 5382 573 5457 ελάμϐανον
599 5383 850 5448 ἐαυτούς·
899 5383 976 5450 ὡς
1007 5385 1102 5438 καὶ
1135 5385 1232 5458 τὴν
1265 5389 1635 5462 Ἰερουσαλὴμ,
1667 5391 1762 5444 καὶ
1785 5392 1850 5445 τὸ

246 5479 311 5533 ἐν
359 5476 508 5547 αὑτῇ
557 5473 828 5544 βασίλειον
868 5474 1048 5530 αὐτῶν
1079 5481 1430 5535 συνεστάναιο
1488 5480 1581 5534 νῦν
1616 5481 1675 5536 δὲ
1721 5499 1848 5536 κατ-

249 5568 486 5640 ίσχυσεν
521 5565 708 5620 αὐτῶν
734 5569 764 5621 6
797 5568 1052 5638 πόλεμος·
1083 5571 1182 5640 οὐχ
1204 5572 1234 5624 6
1258 5569 1464 5637 ἔξωθεν
1506 5572 1687 5644 μόνος,
1713 5573 1852 5626 ἀλλὰ

248 5662 349 5716 καὶ
380 5661 414 5715 ό
439 5656 557 5712 τῶν
581 5656 683 5722 τὰς
701 5658 878 5730 ψυχὰς
905 5660 1087 5714 αὐτῶν
1113 5661 1563 5736 πολιορκούντων.

329 5775 349 5808 ι
382 5753 500 5808 Καὶ
518 5750 806 5821 ἐπήγαγεν
848 5756 936 5808 ἐπ’
985 5755 1184 5818 αὐτοὺς
1215 5754 1384 5826 ὀργὴν
1431 5742 1604 5826 θυμοῦ
1659 5751 1846 5819 αὑτοῦ,

245 5848 344 5904 καὶ
379 5843 725 5915 κατίσχυσεν
744 5844 940 5908 αὐτοὺς
961 5844 1216 5916 πόλεμος,
1249 5847 1346 5902 καὶ
1371 5847 1418 5900 οἱ
1446 5844 1850 5917 συμφλέγοντες

592 5939 864 6001 Ρλτοοι.
909 5941 1025 6002 Gn.
1054 5941 1264 6006 XXIV

1952 4673 2049 4714 cas
2081 4659 2202 4713 vias
2227 4659 2463 4726 evocati,
2498 4673 2604 4714 non
2632 4652 3102 4729 oblemperarnnt,
3151 4670 3328 4728 neque
3359 4655 3534 4728 legent

1947 4751 2082 4808 Novi
2108 4751 2444 4808 Testamenti
2473 4753 2664 4810 audire
2699 4752 3010 4808 voluerunt.

2020 4921 2188 4978 Vens.
2211 4920 2304 4978 ει.
2341 4940 2362 4974 ι
2397 4920 2531 4989 Quis
2563 4920 2715 4976 dedit
2757 4921 2812 4976 in
2843 4919 3202 4988 direptionem
3238 4916 3409 4974 Iacob
3432 4956 3448 4980 ,
3476 4926 3536 4970 et

1949 5011 2116 5069 lsrael
2161 5014 2507 5070 vastantibus
2553 5013 2723 5068 eum?
2773 5011 2968 5067 Annon
2996 5011 3139 5066 Dens
3160 5049 3178 5075 ,
3212 5011 3300 5065 cui
3334 5023 3532 5080 pecca-

1953 5113 2172 5171 verunt,
2201 5115 2256 5161 et
2280 5104 2572 5160 noluerunt
2602 5105 2656 5160 in
2684 5105 2790 5160 viis
2824 5102 2946 5173 ejus
2990 5102 3308 5166 ambulare,
3363 5113 3543 5168 neque

1955 5198 2147 5254 audire
2175 5198 2348 5267 legem
2375 5196 2538 5268 ejus?
2569 5213 2589 5248 ι
2622 5192 2696 5250 At
2720 5197 2866 5252 enim
2899 5193 3029 5250 olim
3061 5193 3280 5264 quidem
3311 5206 3434 5246 cum
3469 5192 3541 5245 ad

1957 5301 2170 5360 tempus
2219 5290 2437 5360 aliquod
2489 5289 2636 5346 bello
2684 5289 3110 5359 impeterenlur.
3163 5285 3362 5339 iterum
3399 5283 3539 5336 resi-

1958 5383 2274 5454 piscebant;
2306 5384 2379 5438 ita
2412 5390 2471 5436 ut
2500 5378 2808 5437 Jerusalem
2837 5387 2894 5434 et
2939 5378 3091 5449 regia
3124 5376 3326 5431 ibidem
3359 5373 3539 5443 posita

1957 5474 2318 5540 consisteret;
2345 5493 2486 5533 nunc
2527 5487 2711 5533 autem
2764 5473 2905 5529 bello
2947 5468 3196 5542 oppressi
3232 5475 3390 5530 sunt,
3431 5480 3540 5519 non

1959 5567 2230 5625 exteriore
2288 5578 2538 5638 tantum,
2602 5570 2698 5624 sed
2751 5580 2818 5621 eo
2861 5565 3005 5636 quod
3050 5561 3121 5616 ab
3168 5555 3544 5614 obsidentibus

1960 5661 2174 5716 animas
2201 5675 2331 5715 suas
2355 5659 2716 5717 inferebatur.

2029 5749 2196 5807 Vens.
2229 5751 2322 5808 25.
2363 5770 2383 5805 ι
2436 5751 2504 5808 Et
2555 5751 2770 5808 induxit
2811 5763 2974 5819 super
3021 5759 3116 5802 eos
3168 5743 3304 5800 iram
3339 5739 3541 5795 furoris

1959 5844 2066 5913 sui,
2099 5843 2416 5917 e‘t‘invaluit
2450 5845 2502 5904 in
2536 5861 2631 5903 eos
2660 5846 2862 5903 bellum
2889 5883 2906 5912 ,
2937 5849 2991 5898 et
3024 5838 3116 5911 qui
3147 5832 3544 5894 comburebaat

3192 5931 3268 5992 13
