4124 6458
735 425 839 484 395

1393 418 1656 473 EUSEBII
1696 414 2166 473 CESAHIENSIS
2203 412 2351 471 OPP.
2395 414 2574 469 PARS
2615 413 2701 469 III.
2744 444 2811 454 —
2849 412 3253 469 EXEGETICA.
3846 416 3931 475 596

737 557 829 594 eus
885 540 934 592 in
987 538 1210 592 circuitu
1245 555 1259 591 :
1292 552 1468 603 neque
1510 546 1871 605 cognoverunt
1918 538 2270 604 unusquisque

2391 535 2583 595 αὐτοὺς
2640 535 2850 603 κύκλῳ·
2888 536 2980 587 καὶ
3029 534 3127 585 οὐκ
3185 533 3425 601 ἔγνωσαν
3476 532 3704 595 ἕκαστος
3752 534 3929 595 αὐτῶν,

733 646 939 693 eorum,
972 643 1143 697 neque
1174 628 1408 681 animum
1446 628 1821 680 adhibuerunt.
1860 645 1876 676 ι
1903 624 2012 678 Etsi
2041 629 2183 680 enim
2226 628 2282 688 ii,

732 722 821 788 qui
863 722 999 787 apud
1048 735 1139 773 vos
1179 718 1452 780 infideles,
1482 718 1607 771 (δηιςί
1658 729 1710 771 et
1738 718 1881 771 surdi
1928 717 2101 771 elI'ecti
2138 730 2281 781 sunt,

730 822 781 863 et
816 812 942 863 talia
985 820 1386 877 pet-petrarum,
1426 808 1518 862 ira:
1564 809 1654 862 Dei
1701 810 1880 862 traditi
1916 810 2057 872 sint;
2102 819 2155 861 at
2192 825 2286 861 vas

730 902 810 952 vel
843 917 983 955 nunc
1013 904 1221 953 tandem
1256 901 1467 963 audite;
1511 914 1604 953 vos
1633 901 1770 963 dico,
1812 899 1900 968 qui
1949 902 2282 952 conditorem

728 999 782 1043 et
805 1000 1101 1044 creatorem
1128 1002 1360 1043 vestrum
1396 1003 1497 1042 non
1532 992 1819 1058 ignorastis
1841 1028 1854 1049 ,
1886 990 1978 1042 sed
2031 992 2123 1057 qui
2164 994 2281 1059 opi-

730 1080 909 1135 ﬁcium
937 1081 987 1135 in
1026 1082 1178 1134 vobis
1208 1082 1473 1133 exsistens
1494 1120 1508 1143 ,
1540 1081 1743 1133 salvum
1776 1092 1830 1134 et
1864 1081 2129 1135 incolume
2163 1098 2281 1135 ser-

730 1173 916 1226 vastis.

1256 1262 1483 1318 IIAPUT
1557 1262 1735 1319 XLIII.

799 1351 958 1408 Vsus.
1014 1353 1064 1415 I,
1113 1361 1166 1405 ιι.
1213 1370 1231 1401 ι
1263 1352 1325 1404 Et
1369 1367 1509 1405 nunc
1544 1354 1623 1406 sic
1646 1354 1773 1406 dicit
1806 1352 2067 1406 Dominus
2100 1364 2240 1407 ueus
2262 1394 2277 1419 ,

721 1445 811 1514 qui
841 1442 968 1497 fecit
1008 1454 1077 1505 te,
1112 1443 1301 1504 Jacob,
1333 1452 1387 1497 et
1410 1445 1501 1512 qui
1537 1444 1790 1497 formavit
1834 1455 1908 1507 te,
1943 1443 2102 1499 Israel
2153 1462 2167 1498 :
2204 1444 2281 1499 Ne

724 1539 942 1601 timeas,
970 1539 1225 1605 quoniam
1252 1536 1452 1589 redemi
1482 1546 1535 1588 te
1567 1552 1580 1589 :
1613 1538 1797 1589 vacavi
1834 1545 1885 1590 te
1915 1537 2133 1590 nomine
2162 1545 2274 1600 tuo,

721 1628 869 1684 Meus
892 1644 951 1683 es
999 1637 1073 1681 tu.
1108 1646 1126 1677 ι
1158 1626 1266 1693 Ego
1302 1624 1561 1680 Dominus
1599 1626 1767 1691 Deus,
1801 1625 1889 1693 qui
1930 1626 2031 1680 l'eci
2076 1637 2129 1679 et
2170 1624 2280 1680 for-

718 1721 856 1771 mavi
889 1726 981 1779 te;
1023 1714 1125 1769 feci
1160 1715 1375 1783 quidem
1405 1716 1699 1768 secundum
1736 1715 1972 1768 animam
2024 1714 2091 1768 ad
2144 1715 2279 1769 ima-

718 1809 893 1878 ginem
929 1807 1017 1862 Dei
1049 1807 1242 1861 factam
1274 1824 1288 1872 ;
1328 1805 1553 1860 formavi
1600 1817 1778 1861 autem
1826 1806 2116 1861 secundum
2149 1820 2273 1860 eor-

2385 625 2501 676 οὑδὲ
2533 624 2713 705 ξθεντο
2742 626 2831 678 ἐπὶ
2858 626 3051 697 ψυχήν.
3091 643 3107 675 ι
3132 626 3193 676 Εἰ
3211 626 3318 697 γάρ
3338 625 3433 679 καὶ
3461 623 3530 677 τὰ
3560 625 3793 694 μάλιστα
3814 627 3857 678 οἱ
3884 628 3933 692 ἐξ

2389 715 2540 782 ὑμῶν
2587 715 2827 779 ἄπιστοι,
2896 716 3085 785 τυφλοῖ.
3136 716 3227 768 καὶ
3274 716 3445 783 κωφοὶ
3505 716 3805 786 γενόμενοι,
3854 718 3934 771 καὶ

2386 806 2611 858 τοιαῦτα
2642 806 2968 876 πράξαντες,
3004 810 3067 878 τῇ
3095 809 3229 879 ὀργῇ
3257 806 3350 859 τοῦ
3380 806 3514 859 Θεοῦ
3541 792 3929 877 παρεδόθησαν·

2386 898 2496 949 ἀλλ’
2522 900 2678 967 ὑμεῖς
2703 898 2781 949 ἔτι
2811 900 2903 951 καὶ
2940 898 3035 951 νῦν
3055 896 3322 951 ἀκούσατε
3344 913 3359 927 ο
3390 898 3534 967 ὑμᾶς
3564 896 3621 950 δὲ
3648 896 3790 965 λέγω
3823 898 3932 959 τοὺς

2385 991 2473 1041 τὸν
2513 989 2720 1043 ἑαυτῶν
2766 991 2994 1061 ποιητὴν
3049 990 3140 1043 καὶ
3173 989 3414 1059 πλάστην
3441 987 3517 1059 μὴ
3556 989 3929 1058 άγνοήσαντας,

2385 1083 2517 1136 ἀλλὰ
2551 1082 2642 1133 καὶ
2675 1082 2734 1133 τὸ
2765 1082 2972 1152 ποίημα
2998 1080 3059 1133 τὸ
3111 1081 3167 1133 ἐν
3191 1079 3316 1150 ύμῖν
3345 1079 3439 1131 καὶ
3465 1078 3528 1131 τὸ
3555 1079 3781 1149 πλάσμα
3808 1077 3931 1130 σῶον

2386 1174 2477 1226 καὶ
2505 1172 2782 1225 άλώϐπτον
2826 1172 3279 1244 διατηρήσαντας.

2888 1260 3278 1315 ΚΕΦΑΛΑΙΟΝ
3309 1259 3438 1314 MI".

2457 1378 2475 1407 ι
2510 1357 2616 1410 Kal.
2640 1356 2732 1409 νῦν
2760 1355 2931 1417 οὔτως
2957 1354 3102 1421 λέγει
3133 1352 3332 1424 Κύριος
3355 1352 3384 1404 ὁ
3405 1350 3536 1413 Θεὸς
3557 1352 3585 1402 ὁ
3613 1351 3840 1420 ποιήσας
3860 1366 3931 1410 σε.

2394 1447 2606 1515 Ἰακὼϐ,
2637 1450 2730 1501 καὶ
2755 1451 2783 1501 ὁ
2817 1447 3028 1510 πλάσας
3069 1462 3148 1507 σε,
3188 1443 3429 1515 Ἰσραήλ·
3480 1443 3570 1513 Μὴ
3625 1440 3812 1510 φοόοῦ,
3859 1441 3931 1494 ὅτι

2381 1540 2770 1611 ὲλυτρωσάμην
2792 1554 2850 1590 σε
2869 1555 2883 1568 ·
2921 1536 3156 1590 ἐκάλεσα
3189 1552 3247 1588 σε
3275 1534 3335 1586 τὸ
3354 1532 3526 1603 δνομά
3558 1548 3683 1585 σου·
3729 1531 3858 1601 tua;
3888 1526 3934 1584 ιῐ

2383 1630 2468 1684 σύ.
2509 1650 2528 1683 ι
2573 1630 2713 1699 Ἐγὼ
2731 1629 2935 1701 Κύριος
2976 1630 3006 1681 ὁ
3033 1626 3163 1690 Θεὸς
3186 1628 3216 1679 ὁ
3248 1627 3477 1695 ποιήσας
3510 1642 3566 1677 σε
3607 1625 3701 1677 καὶ
3734 1625 3934 1687 πλάσας

2381 1741 2441 1777 σε
2466 1741 2479 1754 ·
2518 1725 2748 1794 ποιήσας
2792 1722 2888 1791 μὲν
2930 1720 3071 1774 κατὰ
3100 1718 3275 1789 ψυχὴν
3304 1717 3401 1788 τὴν
3429 1716 3545 1770 κατ’
3579 1716 3759 1769 εἰκόνα
3807 1714 3934 1769 Θεοῦ

2382 1811 2753 1883 πεποιημένην
2773 1827 2788 1840 ο
2827 1810 3040 1873 πλάσας
3066 1809 3122 1861 δὲ
3159 1806 3302 1861 κατὰ
3336 1806 3397 1859 τὺ
3430 1805 3586 1876 σῶμα
3613 1806 3674 1857 τὸ
3708 1804 3816 1858 ἀπὸ
3839 1803 3935 1873 γῆς

714 1876 839 1973 pus,
878 1902 943 1956 de
979 1912 1126 1955 terra
1174 1908 1525 1968 sumptum,et
1552 1913 1580 1952 ιι
1613 1914 1697 1953 me
1723 1908 2109 1953 constructum.
2134 1898 2270 1953 San-

2375 1876 2811 1974 ληἰςρθὲν-καιύειτ⁸
2854 1899 2989 1971 ἐμοῦ
3013 1898 3390 1968 πεπλασμένον
3410 1915 3423 1927 ·
3461 1897 3652 1968 λύτρον
3675 1896 3815 1967 ὑπὲρ
3843 1895 3934 1966 τῆς

716 1994 1041 2064 guinemque
1097 2006 1273 2046 meum
1312 1990 1364 2044 in
1418 1991 1647 2060 pretium
1696 2005 1793 2058 pro
1834 1990 2007 2044 salute
2054 1991 2275 2045 tradens

714 2095 829 2150 tua,
861 2084 1063 2140 redemi
1099 2094 1169 2147 te,
1195 2093 1251 2137 et
1281 2082 1463 2137 vocavi
1496 2092 1548 2136 te
1581 2099 1595 2136 :
1630 2095 1814 2137 verum
1849 2082 2013 2137 etiam
2060 2092 2113 2137 te
2154 2097 2275 2152 pos-

710 2177 1004 2234 sessionem
1056 2189 1225 2230 meam
1268 2173 1459 2237 eﬂ'eci;
1511 2173 1586 2227 ita
1634 2181 1693 2229 ut
1740 2182 1793 2228 tu
1842 2172 1973 2227 mihi
2022 2172 2270 2243 populus,

710 2282 811 2337 ego
848 2267 943 2320 tibi
974 2265 1111 2319 Deus
1129 2278 1323 2319 essem.
1347 2260 1570 2317 Conﬂde
1596 2262 1786 2331 igitur,
1819 2270 1897 2315 ιοι
1925 2275 1954 2314 a
1980 2275 2065 2316 me
2090 2261 2276 2330 digna-

710 2366 798 2410 tus
827 2355 999 2417 bouis,
1048 2364 1102 2409 et.
1129 2369 1190 2408 ea
1225 2368 1330 2422 qua
1370 2352 1558 2421 jussus
1589 2366 1648 2405 es
1678 2352 1761 2404 via
1796 2351 1983 2406 incede
2009 2369 2021 2404 :
2052 2350 2273 2406 ﬁducia-

709 2463 815 2517 que
853 2448 1043 2519 plenus
1088 2446 1339 2501 omnibus
1387 2459 1486 2515 per
1521 2442 1708 2499 orbem
1748 2442 1998 2513 gentibus
2034 2443 2269 2511 praedica

709 2536 1075 2607 evangelicum
1102 2548 1431 2591 sermonem.
1456 2530 1713 2598 Quamvis
1738 2531 1882 2585 enim
1917 2530 2057 2601 ignis
2077 2530 2271 2583 ardens

708 2628 970 2697 eruperit,
1004 2625 1253 2695 quamvis
1280 2637 1453 2693 aquae,
1485 2622 1735 2691 quamvis
1769 2620 1988 2675 ﬂumina
2043 2620 2270 2675 inunda-

711 2716 906 2777 verint,
929 2715 1044 2769 bzec
1080 2713 1210 2768 nihil
1245 2722 1293 2767 te
1319 2712 1533 2773 laedent,
1563 2711 1706 2780 quod
1736 2723 1836 2778 ego
1861 2718 2039 2763 tecum
2071 2708 2269 2777 ubique

708 2808 831 2862 sim.
884 2804 1018 2860 Nam
1054 2803 1181 2859 illud
1236 2805 1354 2858 sine
1399 2803 1681 2857 mendacio
1724 2799 2022 2865 enuntiavi,
2079 2816 2099 2850 ι
2129 2798 2270 2855 Ecce

706 2912 805 2968 ego
828 2897 1102 2951 vobiscum
1141 2911 1259 2950 sum
1290 2906 1463 2963 usque
1492 2893 1556 2945 ad
1593 2891 2119 2947 consummationem
2158 2904 2265 2945 sa:-

707 2990 812 3044 culi
856 2990 922 3041 ²⁸.
952 3007 972 3038 ι

778 3080 939 3134 Vsus.
995 3079 1051 3135 3.
1094 3094 1114 3129 ι
1141 3076 1207 3131 Ει
1258 3092 1303 3131 ει
1348 3076 1629 3131 transieris
1655 3089 1750 3145 per
1807 3088 2027 3143 aquam,
2089 3083 2263 3129 tecum

715 3185 857 3235 sum,
894 3179 949 3225 et
989 3168 1210 3223 ﬂumina
1255 3180 1363 3221 non
1399 3167 1649 3235 aperient
1696 3175 1748 3220 te
1778 3181 1795 3219 :
1827 3173 1885 3220 ct
1907 3165 1951 3220 si
1984 3165 2268 3219 transieris
2293 3200 2337 3259 ο

707 3274 803 3327 per
828 3259 1027 3330 ignem,
1059 3273 1163 3312 uan
1197 3256 1553 3321 combureris,
1584 3256 1797 3309 ﬂamma
1840 3269 1943 3309 non
1982 3254 2265 3309 comburet

712 3363 795 3418 te;
825 3352 949 3421 quia
996 3366 1094 3420 ego
1131 3350 1387 3405 Dominus
1433 3349 1573 3404 Deus
1630 3357 1752 3402 tuus
1805 3357 2028 3401 sanctus
2076 3346 2262 3409 Israel,

710 3444 923 3498 salvans
948 3452 1019 3496 te.
1048 3440 1171 3496 Feci
1198 3439 1673 3495 commutationem
1704 3448 1851 3492 tuam
1875 3435 2188 3506 Egyptum,
2210 3445 2265 3490 et

708 3531 1030 3601 Ethiopiam
1056 3541 1112 3585 et
1145 3533 1374 3601 Syenem
1408 3544 1506 3599 pro
1546 3539 1620 3583 te.
1654 3547 1672 3580 ι
1731 3529 1806 3583 Ita
1833 3530 2030 3599 quippe
2062 3530 2265 3596 pretio-

708 3638 803 3677 sus
851 3622 977 3677 mihi
1026 3621 1193 3687 fuisti,
1260 3629 1407 3675 tanta
1468 3621 1519 3674 in
1572 3630 1864 3689 conspectu
1921 3634 2041 3673 meo
2094 3620 2262 3688 gloria

707 3713 936 3767 donatus
964 3726 1045 3777 es,
1066 3722 1122 3766 ct
1146 3726 1315 3780 usque
1335 3710 1471 3765 adeo
1499 3711 1659 3765 dilexi
1693 3723 1766 3775 te,
1799 3720 1858 3764 ut
1879 3710 2023 3765 salus
2061 3710 2259 3773 divina,

708 3818 829 3873 quae
850 3818 947 3872 per
978 3814 1028 3856 te
1052 3802 1303 3857 omnibus
1333 3802 1647 3858 hominibus
1673 3812 1824 3870 parta
1855 3811 1939 3856 est
1958 3843 1974 3865 ,
2002 3814 2171 3869 usque
2194 3801 2261 3855 ad

707 3904 945 3947 extrema
1002 3905 1158 3947 terrae
1216 3893 1547 3963 pertingeret
1585 3911 1597 3945 :
1635 3902 1691 3947 et
1738 3903 1795 3946 ut
1854 3892 1930 3946 illi
1984 3892 2261 3945 hominum

706 3985 1220 4054 superstitiosissimi
1281 3984 1519 4057 Egyptii
1552 3999 1646 4053 per
1680 3992 1730 4037 te
1771 3983 2051 4038 vocatione
2074 3982 2263 4052 digna-

707 4087 918 4133 rentur.
955 4075 1056 4130 Per
1088 4075 1368 4147 Egyptios
1408 4078 1572 4144 igitur
1608 4076 2013 4144 superstitiosos
2043 4086 2099 4130 et
2141 4074 2259 4129 idae

707 4166 932 4221 lolatras
972 4180 1162 4221 omnes
1219 4168 1519 4237 designavit
1551 4184 1563 4219 :
1596 4180 1688 4235 per
1718 4164 2003 4236 Etltiopas
2035 4176 2091 4219 et
2124 4166 2261 4237 Sye-

704 4272 851 4323 nem,
878 4272 972 4311 ens
1000 4258 1091 4328 qui
1118 4268 1358 4312 extrema
1386 4268 1545 4311 terra:
1573 4266 1770 4311 nostra!
1792 4258 2117 4313 incolebant.
2150 4257 2259 4313 Nec

709 4346 1062 4412 ignarandum
1103 4356 1187 4401 est
1226 4362 1347 4401 esse
1403 4348 1690 4414 quamdam
1736 4345 2077 4401 Sabaitarum
2122 4363 2256 4417 gen-

704 4446 832 4499 tem,
886 4437 1025 4491 unde
1069 4435 1372 4492 Salomonis
1416 4448 1657 4505 tempore
1709 4438 1893 4506 regina
1946 4438 2089 4493 Saba
2142 4455 2257 4508 pro.

702 4527 843 4583 fecta
874 4537 978 4583 est.

772 4705 933 4759 Vens.
979 4705 1035 4772 ι,
1092 4707 1144 4761 5.
1203 4725 1221 4757 ι
1250 4720 1323 4761 ω
1367 4722 1472 4775 quo
1518 4707 1852 4763 honorabilis
1888 4708 2064 4764 factus
2098 4724 2155 4764 es
2204 4711 2254 4763 in

703 4806 988 4863 conspectu
1017 4811 1156 4859 meo,
1186 4797 1511 4865 gloriﬁcatus
1552 4812 1630 4861 es,
1660 4806 1716 4852 et
1746 4812 1849 4865 ego
1886 4798 2044 4851 dilexi
2072 4808 2122 4852 te
2155 4818 2167 4853 ι
2202 4810 2256 4853 et

701 4884 839 4938 dabo
870 4886 1113 4938 homines
1142 4903 1238 4955 pro
1266 4896 1339 4950 te,
1364 4897 1419 4942 et
1450 4888 1717 4956 principes
1771 4903 1868 4957 pro
1916 4890 2090 4958 capite
2140 4899 2249 4943 tuo.

2377 1992 2648 2062 σωτηρίας
2696 1991 2757 2044 τὸ
2804 1989 3042 2061 ἐμαυτοῦ
3072 1987 3342 2061 παραδοὺς
3370 1983 3525 2059 αἷμα,
3553 1986 3932 2057 ὲλυτρωσάμην

2376 2100 2434 2135 σε
2461 2083 2555 2135 καὶ
2578 2082 2813 2135 ἐκάλεσα
2855 2099 2915 2136 σε
2935 2098 2950 2112 ·
2985 2079 3121 2135 ἀλλὰ
3164 2080 3258 2132 καὶ
3295 2078 3483 2148 κτῆμα
3522 2076 3716 2131 ἑαυτοῦ
3750 2077 3932 2146 ἐποιη-

2375 2177 2555 2245 σάμην
2579 2191 2639 2228 σε
2658 2192 2671 2205 °
2710 2175 2851 2228 ὥστε
2880 2168 3017 2227 εἶναι
3044 2173 3143 2243 μέν
3169 2190 3225 2225 σε
3246 2172 3376 2241 ἐμὸν
3405 2170 3552 2235 λαὸν,
3586 2169 3730 2241 κάμὲ
3752 2168 3811 2223 δὲ
3837 2167 3932 2222 σοῦ

2371 2265 2535 2321 αὐτοῦ
2564 2266 2717 2321 Θεόν.
2758 2265 2961 2337 Θάρσει
2986 2263 3298 2336 τοιγαροῦν,
3334 2261 3597 2316 τοσούτων
3629 2262 3759 2331 παρ’
3804 2258 3931 2331 tua;

2372 2356 2796 2427 κατηξιωμένος,
2839 2358 2933 2408 καὶ
2976 2355 3157 2425 βάδιζε
3184 2354 3281 2425 τὴν
3319 2354 3436 2407 ὁδὸν
3483 2352 3551 2423 ἢν
3593 2350 3930 2423 ικελεύσθης,

2372 2448 2588 2520 θαρσῶν
2627 2464 2685 2501 τε
2728 2447 2966 2519 κήρυττε
2991 2446 3105 2509 τοῖς
3155 2440 3466 2513 ἁπανταχοῦ
3498 2442 3602 2512 γῆς
3641 2439 3820 2493 ἔθνεσι
3848 2436 3932 2492 ὑ)

2369 2538 2721 2609 εύαγγελικδν
2771 2538 2949 2606 λόγον.
2982 2536 3100 2590 Κᾶν
3134 2537 3239 2610 γάρ
3270 2534 3379 2607 πῦρ
3419 2534 3615 2604 φλέγον
3643 2532 3794 2603 sui“,
3835 2530 3933 2585 κᾶν

2370 2630 2555 2698 ὕδατα,
2585 2630 2691 2684 κᾶν
2726 2628 2959 2699 ποταμοὶ
3009 2626 3369 2691 ἑπικλύζωσιν
3394 2641 3408 2655 ’
3468 2624 3619 2677 οὐδέν
3662 2638 3725 2675 σε
3768 2619 3934 2675 ταῦτα

2367 2721 2617 2793 λυπήσει,
2653 2720 2741 2775 διὰ
2773 2720 2833 2775 τὸ
2874 2720 2974 2789 ἐμὲ
3004 2719 3099 2772 σὺν
3146 2718 3228 2770 σοὶ
3251 2715 3524 2788 πανταχοῦ
3549 2712 3707 2770 εἶναι.
3744 2713 3934 2784 Ἀψιυ·

2366 2812 2472 2876 δῶς
2529 2812 2638 2883 γὰρ
2667 2810 3089 2882 άπηγγειλάμην
3131 2808 3212 2872 τὸ,
3253 2826 3271 2859 ι
3316 2806 3444 2876 Ἰδοὺ
3486 2806 3595 2875 ἐγὼ
3625 2805 3743 2877 μεθ’
3784 2804 3935 2877 ὑμῶν

2368 2903 2481 2974 εἰμι
2512 2902 2616 2966 ἕως
2637 2902 2733 2973 τῆς
2753 2901 3057 2963 συντελείας
3090 2898 3183 2952 τοῦ
3209 2897 3422 2961 αἰῶνος.
3455 2916 3475 2949 ι

2441 3098 2462 3132 ι
2495 3079 2604 3134 Kal.
2624 3079 2720 3133 ἐὰν
2750 3078 3027 3151 διαόαῐνῃς
3056 3077 3122 3130 δι’
3146 3076 3357 3142 ὓδατος,
3389 3074 3527 3147 μετὰ
3552 3073 3644 3128 σοῦ
3674 3075 3812 3143 ειμι,
3836 3086 3931 3128 και

2369 3171 2601 3241 ποταμοὶ
2643 3169 2704 3223 οὐ
2753 3167 3112 3237 συγκλύσουσί
3160 3183 3219 3220 σε
3242 3181 3258 3196 ο
3311 3166 3408 3219 καὶ
3461 3164 3557 3220 ἐὰν
3597 3162 3811 3238 διέλθῃς
3844 3164 3929 3218 διὰ

2370 3262 2558 3332 πυρὸς,
2588 3262 2649 3315 οὐ
2686 3260 2761 3333 μὴ
2799 3259 3168 3330 κατακαυθῇς,
3203 3256 3333 3327 φλὸξ
3352 3258 3414 3311 οὐ
3462 3257 3795 3313 κατακαύσει
3829 3272 3890 3311 σε

2364 3350 2448 3403 δτι
2475 3348 2585 3418 ἐγὼ
2615 3349 2817 3420 Κύριος
2847 3350 2875 3401 ὁ
2899 3347 3030 3412 Θεός
3056 3364 3151 3401 σου
3180 3350 3210 3402 ὁ
3232 3348 3387 3418 ἅγιος
3414 3345 3653 3418 Ἰσραὴλ,
3675 3348 3705 3400 ὁ
3738 3344 3897 3410 σώζοι
3910 3360 3929 3398 .·

2366 3461 2446 3497 σε.
2497 3442 2757 3512 Ἐποίησα
2787 3440 3041 3511 άλλαγμά
3079 3440 3483 3509 σουΔτγυπτον
3520 3439 3613 3492 καὶ
3643 3434 3930 3491 Αἰθιοπίαν

2364 3534 2456 3589 καὶ
2472 3534 2676 3604 rei;qu
2701 3531 2811 3602 (58)
2838 3531 2976 3602 ὑπὲρ
3000 3531 3114 3585 σοῦ.
3129 3549 3147 3582 ι
3172 3530 3328 3586 Οὕτω
3351 3529 3461 3602 γὰρ
3476 3528 3606 3600 παρ’
3625 3528 3749 3599 ἐμοὶ
3770 3527 3927 3596 7&1:-

2360 3640 2458 3688 νας
2481 3622 2679 3694 τίμιος,
2727 3622 2822 3676 καὶ
2858 3622 3029 3686 οὕτως
3073 3621 3313 3676 ἐναντίον
3346 3638 3449 3693 μου
3490 3618 3802 3690 ἑδοξάσθης,
3836 3617 3930 3672 καὶ

2361 3716 2531 3779 οὕτως
2558 3715 2820 3786 ἠγάπησά
2853 3733 2933 3777 σε,
2964 3715 3038 3779 ὡς
3059 3716 3151 3768 καὶ
3185 3714 3344 3787 μέχρι
3377 3715 3485 3769 τῶν
3525 3713 3792 3785 ἑσχατιῶν
3823 3712 3929 3783 γῆς

2364 3805 2566 3875 φθάσαι
2587 3804 2686 3876 τὴν
2705 3805 2793 3857 διὰ
2828 3804 2921 3858 σοῦ
2948 3806 3111 3858 πᾶσιν
3143 3803 3449 3876 ἀνθρώποις
3496 3800 3928 3876 προξενουμινην

2362 3897 2503 3951 κατά
2524 3895 2667 3949 Θεὸν
2705 3895 2976 3966 σωτηρίαν
2994 3913 3006 3924 ·
3061 3896 3154 3947 καὶ
3198 3893 3275 3958 ὡς
3324 3893 3522 3957 αὐτοὺς
3559 3891 3667 3945 τῶν
3708 3891 3928 3946 πάντων

2361 3986 2662 4059 ἀνθρώπιον
2685 3985 3274 4055 δεισιδαιμονεστάτους
3315 3983 3644 4053 Αἰγυπτιους
3692 3982 3792 4052 τῆς
3838 3980 3928 4034 διὰ

2364 4076 2457 4129 σοῦ
2490 4076 2730 4145 κλήσεως
2759 4073 3178 4145 καταξιωθῆναι.
3228 4074 3326 4127 Διὰ
3363 4073 3462 4144 μὲν
3499 4067 3590 4126 οὖν
3625 4071 3734 4124 τῶν
3763 4071 3927 4139 Αἰγυ-

2364 4169 2532 4221 πτίων
2578 4169 2785 4231 πάντας
2809 4166 3026 4238 ᾐνίξατο
3055 4167 3182 4229 τοὺς
3222 4166 3615 4236 δεισιδαίμονας
3648 4165 3743 4218 καὶ
3772 4164 3926 4217 εἰδω-

2360 4258 2638 4328 λολάτρας,
2670 4257 2757 4310 διὰ
2797 4257 2854 4309 δὲ
2884 4256 2982 4326 τῆς
3011 4254 3298 4319 Αἰθιοπίας
3324 4257 3419 4309 καὶ
3454 4256 3643 4324 Σοῖνης
3672 4253 3801 4314 τοὺς
3830 4250 3925 4322 μέ-

2359 4367 2448 4420 χρι
2476 4349 2583 4401 τῶν
2608 4349 2873 4418 ὲσχατιῶν
2904 4348 3002 4418 τῆς
3038 4347 3163 4400 καθ’
3190 4348 3336 4417 ἡμᾶς
3362 4345 3684 4416 οἰκουμένης
3713 4341 3925 4396 οἰκοῦν-

2359 4457 2474 4502 τας.
2521 4438 2735 4500 Ίστέον,
2770 4440 2845 4502 ὡς
2892 4439 3007 4491 εστι
3053 4437 3333 4489 Σασαῖτῶν
3385 4436 3553 4498 ἔθνος,
3597 4433 3721 4487 ὃθεν
3770 4433 3925 4503 βασὶ-

2290 4530 2334 4586 D
2362 4531 2517 4585 λιστα
2548 4531 2695 4585 ἃιϐὰ
2750 4532 3008 4601 ἐπεδήμει
3056 4529 3195 4582 κατὰ
3236 4530 3361 4591 τοὺς
3411 4526 3750 4599 Σολομῶντος
3794 4526 3924 4597 χρό-

2361 4639 2501 4684 νους.

2434 4730 2451 4761 ι
2502 4710 2615 4777 Ἀφ’
2638 4706 2701 4779 ρῦ
2717 4710 2930 4779 ἔντιμος
2951 4710 3134 4776 ἐγένου
3157 4705 3391 4760 ἐναντίον
3422 4705 3577 4775 ἐμοῦ,
3606 4701 3920 4774 ἐδοξάσθης,

2360 4804 2448 4854 καὶ
2492 4802 2601 4869 ἐγώ
2635 4818 2691 4853 σε
2743 4801 3024 4869 ἠγάπησα.
3063 4799 3168 4851 Καὶ
3213 4797 3367 4851 δώσω
3410 4796 3727 4865 ἀνθρώπους
3778 4794 3924 4865 ὑπὲρ

2358 4893 2472 4954 σοῦ,
2510 4896 2600 4946 καὶ
2622 4893 2884 4963 ἄρχοντας
2920 4892 3060 4961 ὑπὲρ
3082 4892 3177 4961 τῆς
3202 4889 3437 4960 κεφαλῆς
3461 4905 3575 4940 σου.
3611 4888 3699 4958 Μὴ
3724 4886 3919 4956 φοὸοῦ,

702 4971 779 5025 Ne
806 4976 1016 5034 timeas,
1047 4976 1297 5041 quoniam
1331 4989 1504 5029 ιειοιιιη
1534 4993 1672 5031 sum.
1705 4978 1783 5031 Ab
1816 4980 2028 5033 oriente
2054 4979 2248 5033 ducam

2367 4985 2435 5036 ὅτι
2476 4985 2613 5054 μετὰ
2655 4983 2748 5036 σοῦ
2794 4985 2927 5052 εἰμι.
2977 4983 3091 5035 Ἀπ’
3139 4980 3408 5035 ἀνατολῶν
3449 4979 3561 5043 ἄξω
3600 4978 3660 5032 τὸ
3698 4977 3922 5049 σπέρμα

699 5076 882 5118 semen
943 5074 1111 5129 tuum,
1170 5077 1223 5120 et
1272 5069 1339 5121 ab
1387 5069 1667 5123 occidente
1722 5070 2064 5139 congregabo
2123 5081 2189 5124 te.
2228 5090 2247 5122 ι

2367 5091 2470 5138 σου,
2495 5076 2587 5127 καὶ
2614 5076 2722 5129 άπὸ
2750 5074 2965 5143 δυσμῶν
2993 5072 3202 5136 συνάξω
3228 5088 3307 5125 σε.
3346 5088 3367 5124 δ
3392 5067 3565 5124 Πολλά
3587 5069 3751 5122 τέκνα
3777 5065 3923 5120 κατά

701 5151 891 5209 Multos
940 5156 1075 5209 ﬁlios
1123 5176 1151 5211 ιι
1208 5175 1291 5213 me
1337 5159 1631 5213 secundum
1688 5158 1852 5214 Deum
1915 5164 2149 5231 genitos,
2198 5163 2251 5214 in

2367 5164 2486 5218 Θεὸν
2509 5167 2771 5235 γεννήσας
2801 5163 3010 5229 συνάξω
3036 5167 3115 5229 εἰς
3137 5164 3232 5234 τὴν
3264 5159 3577 5233 ὲπουράνιόν
3612 5177 3715 5229 μου
3739 5158 3917 5219 πόλιν,

700 5244 901 5300 caelein
962 5264 1073 5301 mea
1118 5251 1334 5303 civitate
1395 5251 1780 5320 cungregabo,
1850 5252 2102 5321 ipsosque
2157 5268 2240 5321 pet

2367 5256 2661 5328 μετεώρους
2688 5258 2881 5320 αὐτοὺς
2904 5255 3181 5310 ἀναλαϐὼν
3203 5255 3268 5309 δι’
3283 5256 3443 5325 άέρος
3463 5254 3650 5323 ῶσπερ
3679 5251 3919 5323 πτηνοὺς

697 5348 878 5388 acrem
911 5337 1161 5391 sublimes
1192 5356 1372 5408 agam,
1409 5340 1561 5408 quasi
1598 5340 1842 5394 volucres
1874 5343 2067 5400 ventis.
2098 5343 2248 5397 vide-

2367 5346 2571 5417 ἰινέμοις
2592 5347 3106 5417 ύποκουφιζόμενος,
3143 5346 3283 5414 λέγω
3315 5345 3378 5416 δὴ
3409 5343 3720 5413 ἁγγελικαίς
3766 5340 3905 5398 δυνά

700 5422 823 5479 licet
860 5429 1115 5497 angelicis
1138 5432 1425 5486 virtutibus
1450 5440 1804 5486 sustentatas.
2355 5456 2527 5507 μεσιν.

766 5587 814 5621 ’⁸
841 5587 1026 5643 Matth.
1060 5608 1243 5653 XXVIII,
1272 5594 1365 5645 9.0.

769 5749 883 5829 (τε)
901 5751 1075 5829 Syene
1096 5754 1220 5829 urbs
1238 5757 1301 5805 ad
1328 5764 1564 5829 extrema
1593 5750 1804 5827 [Egypti
1830 5753 2019 5817 positu,
2044 5753 2418 5823 Συήνη,Σοήνη
2475 5765 2525 5810 et
2577 5756 2731 5825 Σοῖνη
2769 5755 2963 5811 dicitur
3003 5757 3141 5825 apud
3192 5752 3512 5824 Origenem.
3556 5753 3917 5810 Atuanaséutt

697 5831 749 5874 et
782 5820 939 5885 abas,
971 5833 1027 5875 ut
1055 5824 1105 5875 in
1135 5824 1411 5877 Athanasii
1446 5823 1591 5878 cdito
1623 5820 1945 5875 monuimus.
