4124 6474
743 421 849 476 599

1478 421 1741 478 EUSEBII
1781 413 2252 480 CESARIENSIS
2290 426 2436 481 OPP.
2483 427 2660 484 PARS
2696 428 2779 484 III.
2818 459 2885 470 —
2924 428 3328 487 EXEGETICA.

3852 435 3939 489 ιαο

741 552 846 591 non
876 546 1050 587 tamen
1081 541 1243 603 negat
1268 548 1518 603 puerum,
1547 551 1702 604 quem
1736 536 1911 605 elegit,
1943 536 2254 591 Salvatoren

2356 582 2362 600 .
2394 541 2521 606 ζων,
2562 564 2580 595 ι
2622 547 2721 599 οὐκ
2752 548 3109 619 ἀπαγορεύων
3134 550 3223 601 τὸν
3247 550 3473 623 Σωτῆρα
3499 546 3635 604 εἶναι
3662 552 3755 604 τὸν
3785 556 3939 610 παῖδα

736 642 855 684 esse
885 642 899 678 :
931 627 1102 694 ipsum
1154 626 1297 679 enim
1350 625 1684 682 Salvatorem
1736 628 1983 695 agnoscit
2026 628 2113 682 hic
2164 643 2287 698 pro-

732 721 908 788 pheta,
940 732 1061 771 cum
1093 719 1169 769 ait
1199 735 1211 770 :
1243 736 1261 768 ι
1296 717 1359 771 Et
1390 718 1567 771 mittet
1594 717 1701 772 illis
1741 718 1995 773 Dominus
2039 719 2285 775 Salvato-

730 826 843 863 rcm
908 809 999 877 qui
1046 808 1279 864 salvabit
1318 823 1430 863 eos.
1457 826 1475 858 ι
1532 808 1636 861 Pro
1679 808 1766 860 illo
1806 818 2004 873 autem,
2053 828 2070 861 ι
2100 825 2292 878 expro-

724 902 899 965 bravi,
932 920 951 954 ι
983 901 1171 971 reliqui
1204 914 1393 955 omnes
1418 901 1764 970 interpretes,
1796 919 1814 951 ι
1838 902 2093 957 etaudire
2119 902 2271 965 feci,»

722 993 995 1048 dixerunt.

792 1082 957 1137 τελε.
1017 1083 1196 1137 1H7.
1255 1080 1385 1137 «Sic
1442 1084 1571 1138 dicit
1625 1085 1880 1141 Dominus
1948 1084 2126 1145 Deus.
2184 1088 2275 1155 qui

721 1173 933 1228 redimit
966 1188 1078 1238 vos,
1107 1172 1335 1228 Sanctus
1361 1173 1562 1230 Israel:
1590 1176 1815 1247 Propter
1856 1194 1948 1234 vos
1977 1179 2181 1233 mittam
2213 1180 2265 1233 in

716 1262 1040 1335 Babylonem
1068 1282 1083 1318 ι
1114 1274 1168 1321 et
1192 1268 1467 1322 suscitabo
1490 1267 1758 1337 fugientes
1786 1285 1995 1335 omnes,
2032 1281 2085 1325 et
2112 1272 2274 1327 Chal~

715 1355 815 1410 dei
868 1358 920 1410 in
976 1357 1201 1413 navibus
1263 1358 1581 1415 vincientur.
1642 1359 1755 1429 Ego
1818 1361 2075 1415 Dominus
2131 1362 2272 1416 Deus

714 1457 937 1502 sanctus
964 1459 1163 1515 vester,
1197 1436 1539 1517 qui-ostendi
1566 1450 1730 1505 lsrael
1782 1468 1957 1522 regem
2008 1464 2266 1507 vestrum.

714 1539 806 1594 Sic
832 1541 964 1594 dicit
996 1541 1265 1603 Dominus,
1296 1541 1385 1610 qui
1420 1544 1512 1595 dat
1534 1545 1587 1596 in
1617 1545 1751 1597 mari
1782 1546 1945 1611 viam,
1976 1547 2099 1600 etin
2132 1561 2266 1615 aqua

712 1631 1016 1687 vehementi
1060 1633 1345 1687 semitam:
1373 1633 1464 1702 qui
1516 1634 1702 1688 eduxit
1743 1651 1935 1691 currus
1972 1645 2027 1691 et
2056 1638 2266 1706 equita-

712 1730 845 1787 tum,
880 1733 934 1777 et
981 1722 1373 1788 multitudinem
1430 1726 1702 1780 robustam
1735 1728 1863 1781 :sed
1899 1728 2263 1795 dormierunt,

710 1823 764 1867 et
807 1829 912 1869 non
958 1824 1270 1884 resurgeut;
1318 1817 1573 1871 exstincti
1605 1826 1732 1871 sunt
1762 1829 1819 1872 ut
1850 1820 2015 1873 liumn
2065 1820 2267 1874 exstin-

679 1916 873 1960 ctum.
896 1925 916 1960 ι
947 1906 1146 1962 Horum
1179 1922 1367 1964 sensus
1414 1908 1502 1964 hic
1537 1920 1621 1963 est
1666 1928 1679 1964 :
1714 1910 1850 1966 Olim
1902 1912 2119 1981 quidem
2170 1908 2261 1964 Ju-

708 1993 867 2053 daico
912 1998 1106 2069 populo
1140 1999 1399 2054 beneﬁcia
1443 1999 1643 2054 contuli
1674 2019 1687 2054 :
1713 2014 1777 2055 ac
1824 2016 1982 2065 cum,
2017 2011 2080 2055 ut
2119 2000 2264 2069 ipsos

704 2090 1024 2193 castigarem
1055 2099 1113 2193 et
1141 2091 1207 2145 ad
1235 2090 1686 2193 bonam-mentem
1716 2093 2050 2193 reducerem,
2086 2091 2258 2193 ΒἎΙξῚ·
2294 2137 2335 2193 Β

705 2180 865 2235 Ioniis
896 2181 1254 2245 tradidissem,
1285 2197 1393 2237 non
1421 2182 1512 2237 diu
1536 2193 1720 2252 postea
1752 2199 1846 2238 eos
1877 2198 1907 2237 a
1937 2182 2257 2251 Babylonica

704 2272 1017 2341 captivitate
1040 2272 1238 2328 liberos
1270 2272 1474 2337 dimisi,
1518 2284 1704 2345 utpote
1741 2274 1883 2331 Deus
1916 2285 1967 2329 et
2002 2274 2259 2330 Dominus

703 2364 1364 2432 universorumesosuue
1392 2363 1730 2435 Babylonios,
1751 2366 1841 2435 qui
1864 2374 2049 2421 contra
2073 2362 2258 2419 Hiero-

702 2454 967 2525 solymam
1000 2456 1323 2527 irruperant,
1368 2466 1612 2512 extorres
1641 2456 1773 2520 feci;
1809 2458 1879 2511 ita
1906 2468 1965 2511 ut
2002 2456 2254 2518 Chaldaei,

702 2547 792 2616 qui
838 2561 1001 2617 penes
1029 2562 1127 2601 eos
1159 2558 1353 2611 erant,
1408 2549 1460 2601 iu
1515 2547 1691 2617 fugam
1742 2562 1800 2602 se
1852 2556 2146 2613 verterent,
2194 2562 2258 2603 ac

701 2638 917 2707 quidam
949 2654 1135 2694 eorum
1165 2640 1326 2695 vincti
1356 2640 1424 2694 ab
1441 2639 1563 2692 aliis
1591 2652 1650 2691 se
1676 2637 1987 2693 fortioribus
2018 2638 2070 2692 in
2092 2652 2257 2692 naves

698 2729 1095 2799 conjicerentur
1139 2730 1189 2785 in
1216 2731 1350 2786 mari
1378 2730 1478 2785 sibi
1519 2728 1822 2797 adiacente.
1870 2727 1995 2784 Haec
2023 2742 2124 2799 ego
2152 2727 2253 2783 feci

698 2819 863 2889 Deus,
886 2832 944 2877 ut
974 2837 1194 2892 regnum
1227 2838 1399 2877 meum
1434 2821 1741 2877 hominibus
1784 2823 2143 2876 ostenderent.

766 2982 956 3051 Vitas.’
985 2996 1073 3063 l8,
1139 2996 1224 3053 i9.
1296 3018 1313 3051 ι
1340 2996 1418 3055 Ne
1470 2998 1823 3055 memineritis
1864 2999 2105 3068 priorum
2135 3038 2151 3061 ,
2196 3010 2251 3054 et

697 3096 877 3144 vetera
911 3103 981 3142 ne
1024 3088 1354 3159 recogitetis.
1405 3088 1544 3143 Ecce
1584 3103 1685 3159 ego
1734 3088 1875 3145 facio
1918 3103 2074 3152 nova,
2130 3103 2250 3160 quae

696 3196 837 3235 nunc
869 3181 1138 3244 orientur,
1167 3190 1221 3233 et
1253 3180 1595 3250 cognoscetis
1638 3193 1721 3235 ea.
1748 3198 1769 3233 ι
1812 3180 2012 3235 Iudicat
2063 3196 2249 3237 rursus

698 3271 989 3327 Ecclesiam
1057 3271 1107 3324 in
1162 3270 1414 3341 gentibus
1468 3270 1931 3336 constituendam,
1982 3286 2103 3340 quin
2156 3270 2246 3327 Dei

692 3362 998 3431 cognitione
1025 3376 1188 3416 vacua
1215 3370 1352 3425 erat,
1387 3369 1670 3431 antequam
1705 3361 1982 3417 adveniret
2000 3362 2247 3420 Christus

695 3452 809 3516 Dei,
841 3452 929 3521 qui
951 3451 1100 3517 dixit,
1136 3469 1154 3502 t
1183 3450 1291 3521 Ego
1311 3465 1429 3504 sum
1462 3453 1568 3504 via.
1613 3450 1675 3505 Et
1717 3450 1911 3506 faciam
1942 3453 1994 3507 in
2027 3456 2245 3511 deserto
2272 3478 2316 3539 ο

692 3545 855 3606 viam,
888 3553 942 3597 et
970 3543 1021 3596 in
1053 3543 1308 3610 inaquoso
1331 3540 1569 3596 ﬂumina.
1600 3561 1620 3594 ι
1660 3540 1859 3597 Verum
1901 3542 1956 3597 in
1990 3543 2101 3608 illo,
2132 3545 2243 3612 ait,

688 3635 953 3706 quondam
985 3634 1197 3688 deserto
1225 3634 1363 3688 viam
1389 3633 1604 3699 faciam,
1622 3635 2069 3705 quemadmodum
2097 3638 2244 3707 prius

689 3729 745 3783 in
786 3728 918 3781 mari
950 3725 1137 3780 Rubro
1183 3724 1305 3781 feci.
1357 3726 1553 3781 Fluunt
1586 3741 1748 3797 porro
1793 3726 2099 3783 divinorum
2134 3729 2245 3784 elo-

692 3820 941 3891 quiorum
980 3817 1201 3873 ﬂumina
1255 3833 1323 3873 ex
1360 3820 1605 3874 doctrina
1654 3819 1827 3873 sancti
1883 3818 2138 3889 Spiritus,
2188 3822 2243 3877 in

688 3910 776 3966 illa
829 3910 956 3964 olim
991 3908 1283 3977 lnaquosa;
1314 3908 1771 3977 quemadmodum
1828 3918 1884 3963 et
1927 3910 2027 3965 sub
2061 3910 2244 3982 Moyse

686 4005 740 4058 in
788 4004 1001 4057 deserto
1044 3999 1260 4054 flumina
1310 4011 1663 4065 emanarunt:
1720 4002 1813 4056 sed
1870 4000 1978 4056 illic
2026 4003 2241 4072 quidem

686 4108 960 4163 corporea:
980 4107 1135 4160 aquae
1163 4102 1336 4155 erant,
1380 4101 1435 4146 et
1475 4101 1666 4147 natura
1708 4106 1803 4146 sua
1836 4089 1990 4147 ﬂuxae
2030 4101 2086 4146 et
2112 4108 2240 4149 cor—

686 4195 889 4256 ruptae;
935 4199 1080 4239 nunc
1129 4192 1306 4237 autem
1350 4182 1458 4237 Deo
1500 4181 1962 4249 subministrante,
2008 4184 2240 4238 rationa-

684 4278 807 4332 bilis
842 4286 898 4333 et
921 4274 1217 4343 spiritualis
1242 4274 1635 4344 aqtueﬂumina
1667 4283 1906 4329 manant.

755 4364 919 4419 Vens.
952 4363 1045 4419 20.
1086 4380 1104 4414 ι
1130 4360 1455 4417 Benedicent
1483 4362 1610 4416 mihi
1639 4362 1823 4418 bestiae
1847 4363 1982 4432 agri,
2013 4364 2235 4431 sirenes,

682 4469 735 4511 et
767 4456 889 4511 lilia:
914 4454 1274 4509 strutbionum
1308 4472 1323 4509 :
1357 4454 1483 4523 quia
1517 4453 1637 4509 delli
1682 4454 1735 4509 in
1772 4454 1985 4510 deserto
2017 4471 2237 4526 aquam,

684 4547 977 4602 ct‘ﬂumina
1015 4548 1068 4599 in
1096 4548 1380 4614 inaquosa,
1414 4546 1480 4600 ad
1514 4544 1808 4614 potandum
1851 4562 2019 4615 genus
2061 4562 2236 4601 meum

682 4641 931 4695 electum.
962 4659 981 4692 ι
1013 4637 1261 4693 Εσεηιαι
1291 4640 1503 4702 animae,
1536 4636 1991 4693 ﬂuminis-virtute
2011 4652 2237 4693 conver-

680 4744 774 4796 διε,
814 4746 845 4785 a
892 4730 1066 4784 ferino
1116 4728 1211 4784 illo
1256 4740 1403 4785 statu
1452 4728 1840 4795 mutabuntur;
1891 4728 1965 4784 ita
2012 4739 2070 4784 ut
2112 4730 2238 4799 ipsa:

2392 629 2451 692 δν
2478 630 2775 697 ἐξελέξατο,
2806 636 2950 690 τοῦτ’
2979 636 3045 691 ἂν
3082 639 3253 690 ετποι·
3281 633 3386 691 οἶδε
3414 638 3541 707 γοῦν
3570 641 3732 693 αὐτὸν
3779 644 3942 715 Σωτῆ-

2396 736 2465 789 ρα
2485 722 2514 772 6
2546 722 2733 795 παρὼν
2762 727 3046 796 προφήτης
3080 728 3137 779 ἐν
3163 723 3244 791 οἷς
3267 745 3399 798 φησι
3421 746 3433 759 ο
3467 748 3484 780 ι
3517 730 3625 782 Καὶ
3650 732 3943 788 »ἀποστελεῖ

2393 809 2574 875 αὐτοῖς
2607 812 2810 883 Κύριος
2850 816 3096 888 Σωτῆρα,
3133 818 3192 881 ὃς
3217 818 3378 873 σώσει
3422 822 3638 885 αὐτούς.
3670 841 3689 873 ›
3727 824 3867 876 Ἀντί
3892 824 3941 879 δὲ

2379 897 2492 961 τοῦ,
2523 918 2539 949 ι
2576 901 2847 967 ὼνείδισα,
2889 923 2907 955 ι
2940 906 2988 957 οί
3014 905 3189 959 λοιποὶ
3221 908 3553 979 ἑρμηνευταὶ
3581 912 3798 976 πάντες,
3832 917 3941 968 «καὶ

2376 985 2655 1055 ήκούτισα,
2700 1009 2719 1041 ι
2756 992 3025 1063 εἰρήκασι.

2451 1096 2470 1126 ι
2494 1078 2678 1143 υῦτως
2702 1080 2848 1150 λέγει
2872 1083 3077 1155 Κύριος
3109 1086 3138 1138 6
3179 1085 3329 1152 Θεὸς,
3350 1090 3379 1140 6
3405 1088 3762 1161 λυτρούμενος
3790 1093 3937 1163 ὑμᾶς,

2383 1173 2410 1222 6
2442 1170 2633 1239 Ἄγιος
2662 1172 2755 1225 τοῦ
2792 1174 3007 1245 Ἰσραήλ
3028 1193 3043 1205 ι
3098 1177 3318 1230 Ἕνεκεν
3364 1180 3514 1249 ὑμῶν
3550 1182 3833 1236 ἀποστελῶ
3871 1186 3941 1247 είς

2375 1260 2687 1325 Βαϐυλῶνα,
2722 1262 2816 1317 καὶ
2845 1264 3092 1335 ἐπεγερῶ
3110 1265 3408 1334 φεύγοντας
3432 1268 3658 1335 πάντας,
3688 1272 3783 1325 καὶ
3812 1274 3939 1327 Χαλ-

2372 1351 2507 1406 δαῖοι
2540 1356 2598 1407 ὲν
2648 1355 2854 1418 πλοίοις
2897 1356 3228 1428 δεθήσονται.
3267 1359 3406 1428 Ἐγὼ
3438 1362 3641 1432 Κύριος
3697 1366 3727 1416 6
3764 1364 3889 1429 Θεὸς
3914 1368 3939 1418 6

2373 1442 2525 1511 ἅγιος
2549 1444 2720 1514 ὑμῶν,
2743 1446 2771 1497 6
2803 1447 3120 1512 καταδείξας
3139 1448 3353 1521 Ἰσραὴλ
3387 1450 3608 1520 βασιλέα
3638 1454 3812 1523 ὑμῶν.
3844 1456 3938 1509 Οὓ-

2369 1550 2476 1597 τως
2507 1534 2654 1603 λέγει
2681 1536 2881 1608 Κύριος
2911 1540 2939 1591 6
2992 1539 3168 1605 διδοὺς
3202 1543 3260 1593 ἐν
3294 1541 3535 1615 θαλάσσῃ
3565 1544 3706 1609 ὁδὸν,
3762 1547 3853 1600 καὶ
3887 1550 3939 1601 ὲν

2372 1623 2521 1678 ὕδατι
2538 1628 2741 1699 ἰσχυρῷ
2760 1629 2961 1700 τρίδον,
2974 1633 3001 1684 6
3021 1632 3300 1701 ἐξαγαγὼν
3316 1634 3533 1705 ἅρματα
3550 1638 3641 1690 καὶ
3663 1639 3829 1692 ἵππον
3854 1642 3936 1695 καὶ

2368 1716 2525 1803 ὄχλον
2576 1721 2819 1791 ἰσχυρόν·
2858 1722 2972 1775 ἀλλ’
3023 1725 3415 1797 ἐκοιμήθησαν,
3466 1729 3558 1782 καὶ
3592 1729 3692 1783 οὐκ
3719 1732 3938 1803 ἀναστή-

2372 1802 2578 1872 devitat,
2630 1811 2964 1883 ὲσσὲσθησαν
2988 1814 3060 1877 ὼς
3094 1815 3237 1868 λίνον
3290 1816 3635 1889 ἐσδεσμένον.
3668 1840 3687 1871 ι
3740 1821 3798 1875 ὐ
3824 1802 3935 1887 νοῦς,

2365 1898 2475 1954 τῶν
2503 1903 2877 1973 προκειμένων
2902 1904 3139 1970 τοιοῦτός
3161 1908 3278 1959 ἐστι
3302 1924 3315 1937 ⁸
3348 1907 3522 1962 Πάλαι
3550 1910 3652 1979 μὲν
3677 1912 3778 1975 τὰς
3806 1913 3937 1983 ὲμάς

2366 1992 2684 2062 εὐεργεσίας
2732 1998 2988 2066 παρεῖχον
3032 1996 3110 2065 τῷ
3163 1997 3431 2051 Ἰουδαίων
3463 2000 3606 2054 ἔθνει
3629 2019 3643 2032 ·
3677 2004 3936 2059 παιδεύων

2370 2083 2467 2154 μὲν
2495 2083 2689 2155 αὐτοὺς
2719 2086 2811 2138 καὶ
2844 2086 3208 2156 σωφρονίζων,
3242 2089 3598 2154 Βαϐυλωνίοις
3627 2094 3934 2163 παρέδωκα,

2362 2174 2461 2227 οὐκ
2492 2175 2571 2238 είς
2603 2175 2811 2247 μακρὸν
2851 2178 3165 2249 ἐλευθέρους
3194 2181 3371 2251 ἀνῆκα
3409 2183 3508 2253 τῆς
3537 2184 3617 2246 είς
3648 2184 3938 2241 Βαϐυλῶνα

2362 2264 2756 2335 αἰχμαλωσίας,
2788 2267 2882 2320 ᾰτε
2912 2267 3044 2331 Θεὸς
3065 2268 3141 2321 ὢν
3165 2271 3258 2323 καὶ
3286 2270 3486 2342 Κύριος
3516 2272 3625 2325 τῶν
3649 2273 3806 2327 ὅλων.
3836 2277 3938 2329 A6-

2362 2350 2486 2413 τούς
2510 2368 2567 2403 τε
2597 2350 2968 2417 Βαϐυλωνίους
2990 2355 3117 2420 τοὺς
3144 2358 3469 2423 ὲπιστάντας
3491 2364 3558 2432 τῇ
3591 2361 3936 2437 Ἰερουσαλὴμ

2361 2440 2693 2505 ἀναστάτους
2729 2444 2984 2515 ἐποίησα,
3019 2446 3096 2510 ὡς
3143 2450 3235 2501 καὶ
3271 2454 3414 2521 φυγῇ
3458 2452 3770 2522 χρήσασθαι
3815 2455 3936 2518 τοὺς

2361 2537 2491 2606 παρ’
2523 2536 2703 2599 αὐτοῖς
2729 2538 3050 2603 Χαλδαίους,
3098 2539 3350 2611 δεσμίους
3371 2560 3428 2596 τε
3458 2544 3772 2615 ἀπαχθῆναι
3792 2563 3936 2610 τινας

2360 2624 2560 2689 αὐτῶν,
2588 2628 2792 2693 πλοίοις
2812 2629 3179 2702 ὲμϐληθέντας
3198 2632 3257 2687 ἐν
3285 2636 3351 2705 τῇ
3385 2636 3513 2706 παρ’
3533 2637 3719 2700 αὐτοῖς
3747 2637 3918 2692 θαλάσ

2361 2734 2450 2793 σῃ,
2476 2720 2564 2789 ὑφ’
2596 2720 2795 2793 ἑτέρων
2842 2721 3005 2775 τινῶν
3045 2720 3271 2794 δυνάμει
3302 2727 3707 2798 κραταιοτέρων
3732 2729 3930 2785 αὐτῶν.

2358 2813 2542 2867 Ταῦτα
2588 2813 2695 2885 γὰρ
2726 2812 3244 2887 ὲγὼδιεπραξάμην
3292 2816 3322 2867 6
3375 2815 3524 2881 Θεὸς,
3577 2817 3793 2884 δεικνὺς
3837 2818 3933 2893 τὴν

2359 2905 2497 2977 ἐμὴν
2521 2905 2796 2976 βασιλείαν
2820 2906 3145 2979 ἀνθρώποις.

2432 2996 2561 3067 «Μὴ
2592 2998 2956 3068 μνημονεύετε
3004 2998 3072 3052 τά
3100 2999 3312 3070 πρῶτα,
3360 3000 3455 3054 καὶ
3497 3000 3565 3055 τὰ
3602 3002 3809 3073 ἀρχατα
3857 3002 3931 3075 μὴ

2357 3087 2748 3156 συλλογίζεσθε.
2786 3089 2915 3143 Ἰδοὺ
2960 3089 3071 3159 εγὼ
3104 3091 3241 3144 ποιῶ
3274 3092 3457 3156 καινὰ,
3483 3091 3519 3147 ἀ
3543 3091 3638 3145 νῦν
3662 3094 3926 3159 ἀνατελεῐ,

2355 3180 2449 3232 καὶ
2500 3178 2772 3247 γνώσεσθε
2819 3182 2975 3235 αὑτά.
3005 3200 3024 3233 ι
3082 3182 3243 3253 Δηλοῖ
3276 3183 3333 3237 δὲ
3368 3183 3529 3237 πάλιν
3577 3184 3678 3255 τὴν
3710 3186 3771 3238 ιν
3816 3189 3930 3251 τοῖς

2353 3268 2528 3323 ἔθνεσι
2576 3271 2985 3342 συστησομένην
3046 3272 3391 3343 Ἐκκλησίαν,
3433 3275 3555 3345 ἥτις
3608 3274 3815 3347 ἕρημος
3860 3272 3929 3348 ἦν

2352 3361 2486 3415 Θεοῦ
2508 3359 2759 3429 γνώσεως
2785 3362 2909 3434 πρὶν
2942 3362 3271 3434 ἐπιδημῆσαι
3298 3364 3389 3419 τὸν
3410 3366 3643 3437 Χριστὸν
3665 3367 3761 3421 τοῦ
3789 3369 3927 3425 Θεοῦ

2351 3451 2442 3505 τὸν
2471 3452 2722 3505 εἰπόντα·
2766 3471 2784 3505 ι
2824 3452 2964 3521 Ἑγώ
2999 3455 3115 3524 είμι
3140 3456 3174 3524 ή
3215 3454 3352 3518 ὁδός.
3384 3457 3493 3509 Καὶ
3528 3458 3739 3528 ποιήσω
3766 3446 3826 3511 ἓν
3857 3460 3927 3529 τῇ

2349 3544 2539 3616 ἐρήμῳ
2573 3543 2710 3608 ὁδὸν,
2756 3545 2850 3598 καὶ
2877 3546 2934 3597 ὲν
2966 3546 3032 3616 τῇ
3067 3544 3279 3617 ἀνύδρῳ
3311 3545 3603 3617 ποταμούς.
3630 3566 3650 3599 ι
3699 3548 3841 3601 Ἀλλ’
3868 3550 3928 3604 ιν

2350 3634 2555 3707 ὲκείνῃ,
2582 3634 2733 3703 φησι,
2766 3637 2833 3705 τῇ
2879 3633 3046 3688 πάλαι
3076 3635 3267 3707 ἐρήμῳ
3311 3634 3428 3690 ὁδὸν
3467 3638 3697 3708 ποιήσω,
3732 3637 3929 3711 ὥσπερ

2349 3724 2443 3777 καὶ
2476 3725 2736 3797 πρότερον
2769 3725 2859 3777 ἐπὶ
2884 3724 2980 3795 τῆς
3020 3725 3286 3797 Ἐρυθρᾶς
3311 3728 3583 3799 πεποίηκα
3622 3727 3926 3799 θαλάσσης.

2362 3815 2568 3868 Ῥέουσι
2598 3814 2657 3868 δὲ
2692 3816 2786 3869 καὶ
2834 3815 3065 3885 ποταμοὶ
3092 3814 3251 3869 θείων
3271 3815 3464 3884 λογίων
3488 3818 3552 3870 ὲκ
3576 3817 3929 3883 διδασκαλίας

2348 3903 2501 3972 ἁγίου
2530 3903 2843 3976 Πνεῦματος
2872 3906 2951 3968 είς
2987 3904 3086 3976 τὴν
3114 3904 3286 3959 πάλαι
3328 3905 3573 3975 ἄνυδρον,
3609 3906 3685 3971 ὡς
3710 3908 3808 3962 καὶ
3830 3909 3927 3963 επὶ

2347 3996 2622 4059 Μωῦσὲως
2664 3996 2925 4069 ερρευσαν
2954 3998 3011 4049 ὲν
3049 3999 3115 4068 τῇ
3142 3998 3331 4069 ἐρήμῳ
3364 3998 3627 4069 ποταμοί⁸
3665 3999 3781 4054 ἀλλ’
3807 4001 3928 4055 ἐκεῖ

2350 4089 2446 4159 μὲν
2499 4088 2689 4152 ὕδατος
2741 4086 3073 4158 σωματικοῦ,
3125 4090 3358 4159 ῥευστῆς
3395 4091 3580 4155 οὐσίας
3625 4092 3780 4156 δντος
3829 4093 3928 4153 καὶ

2347 4178 2610 4250 φθαρτῆς,
2641 4179 2759 4232 νυνὶ
2796 4177 2853 4232 δὲ
2893 4179 2957 4231 εκ
2988 4179 3086 4249 τῆς
3117 4178 3299 4233 ὲνθὲου
3332 4179 3593 4251 χορηγίας
3642 4180 3740 4234 τοῦ
3781 4183 3928 4252 λογι-

2347 4266 2445 4322 κοῦ
2479 4268 2574 4321 καὶ
2599 4266 2966 4338 πνευματικοῦ
3001 4267 3211 4332 ὓδατος.

2422 4380 2441 4413 ι
2468 4359 2833 4430 Εὐλογήσουσί
2868 4377 2935 4430 με
2964 4358 3033 4413 τὰ
3071 4359 3235 4433 θηρία
3274 4360 3369 4415 τοῦ
3406 4359 3598 4432 ἀγροῦ,
3644 4366 3921 4436 σειρῆνες,

2344 4452 2437 4505 καὶ
2467 4450 2760 4525 θυγατέρες
2785 4451 3059 4524 στρουθῶν
3078 4471 3093 4484 ο
3138 4454 3219 4507 ὅτι
3262 4445 3437 4509 ἔδωκα
3464 4457 3522 4509 ὲν
3540 4459 3607 4527 τῇ
3637 4457 3831 4530 ἐρήμῳ
3857 4458 3923 4512 ῦ-

2342 4542 2473 4614 δωρ,
2501 4543 2594 4596 καὶ
2647 4542 2926 4613 ποταμοὺς
2955 4546 3012 4597 ἐν
3034 4546 3099 4615 τῇ
3153 4544 3386 4617 ἀνύδρῳ,
3421 4547 3638 4601 ποτίσαι
3667 4549 3730 4602 τὸ
3761 4550 3925 4617 γένος

2346 4634 2538 4704 μουοτὸ
2569 4634 2837 4688 ὲκλεκτόν.
2860 4654 2878 4685 ι
2912 4636 2975 4688 Δί
3007 4635 3427 4707 ἀπηγριωμέναι
3454 4637 3621 4708 ψυχαὶ
3655 4639 3925 4710 μεταϐλη·

2343 4725 2591 4795 θήσονται
2613 4725 2714 4793 τῆς
2745 4724 3038 4796 θηριώδους
3066 4727 3451 4790 καταστάσεως
3483 4730 3547 4783 ὲκ
3567 4728 3667 4798 τῆς
3692 4730 3788 4781 τοῦ
3820 4746 3925 4783 πο-

688 4822 809 4879 ΐειναι
832 4822 1155 4877 benedicaut
1212 4823 1367 4877 mild.
1417 4820 1569 4888 Quod
1606 4821 1649 4875 si
1696 4821 1857 4875 etiam
1892 4820 2094 4876 Sirena:
2119 4820 2235 4875 fue-

2356 4816 2508 4888 ταμοῦ
2542 4815 2823 4885 δυνάμεως
2854 4814 3243 4880 ἀλλαωθεῖσαι,
3269 4817 3344 4881 ὠς
3366 4819 3561 4882 αὐτοὺς
3592 4819 3755 4873 πάλιν
3788 4822 3924 4885 τοὺς

683 4918 807 4978 rint,
849 4915 1118 4984 voluptate
1156 4924 1209 4967 et
1231 4912 1514 4969 diabolicis
1552 4912 1776 4966 canticis
1806 4911 2081 4965 hominum
2110 4913 2222 4965 ani-

2331 4910 2502 4981 θῆρας
2522 4907 2807 4977 εὐλογῆσαί
2831 4924 2916 4977 με.
2953 4907 3015 4959 El.
3034 4907 3089 4959 δὲ
3112 4907 3203 4961 καλ⁸
3235 4909 3487 4980 Σειρῆνες
3508 4905 3667 4980 ἦσαν,
3703 4911 3923 4981 θέλγου-

681 5022 796 5062 mas
846 5007 1261 5071 demulcentes,
1322 5005 1550 5076 poeticis
1616 5004 1945 5058 carminibus
2002 5002 2229 5072 eleganti

2356 5015 2420 5052 ται
2450 4997 2609 5068 ἡδονῇ
2636 4996 2729 5049 καὶ
2755 4996 2963 5066 ᾄσμασι
2989 4994 3320 5065 δαιμονικοῐς
3347 5000 3583 5063 τας-τῶν
3606 5000 3919 5072 ἀνθρώπων

679 5114 925 5155 seriuoue
951 5098 1320 5163 concinnatis;
1353 5097 1456 5151 illa:
1496 5097 1657 5148 etiam
1692 5096 1982 5150 immutatae
2012 5094 2233 5150 benedio

679 5200 801 5247 cent
860 5191 1392 5258 mibizinsuperque
1467 5187 1588 5241 tilia:
1650 5187 2048 5251 struthionum;
2118 5186 2232 5239 sive

678 5284 969 5336 secundum
1000 5281 1601 5349 relimiosinterpretes,
1625 5298 1641 5327 ι
1668 5279 2178 5339 etstruthocamcli;
2207 5296 2224 5328 ι

678 5382 863 5440 estque
893 5373 1020 5426 illud
1071 5373 1269 5426 animal
1322 5373 1371 5425 iu
1408 5370 1699 5425 solitudine
1743 5380 1797 5423 et
1832 5371 2060 5425 desertis
2101 5370 2234 5425 locis

679 5466 905 5531 degens;
946 5465 1086 5533 quod
1127 5474 1181 5518 et
1225 5464 1398 5532 ipsum
1452 5463 1517 5515 ad
1578 5460 2040 5515 mansuetudinem
2077 5464 2235 5514 redu-

678 5565 845 5614 ctum,
879 5554 1002 5608 milii
1021 5555 1127 5609 Deo
1156 5553 1470 5609 benedicere
1493 5553 1799 5608 docebitur.
1828 5550 2027 5605 Horum
2052 5561 2229 5605 autem

677 5660 838 5699 causa
875 5647 977 5699 erit
1003 5662 1139 5715 aqua
1170 5646 1282 5710 illa,
1310 5659 1470 5715 quam
1514 5645 1567 5698 in
1594 5646 1809 5699 deserto
1846 5643 1988 5708 dedi,
2016 5656 2225 5697 necnon

675 5736 951 5790 llumiuum
987 5736 1039 5790 in
1066 5736 1349 5792 solitudine
1378 5736 1704 5791 manantium
1733 5737 1813 5791 vis
1851 5744 1901 5791 et
1932 5734 2105 5805 cupis.

2331 5088 2505 5160 ψυχὰς
2538 5089 2596 5141 ὲν
2632 5087 2868 5155 ποιητῶν
2907 5083 3219 5156 πλάσμασιν
3257 5090 3482 5161 εὐεπείᾳ
3519 5091 3695 5159 λόγων
3748 5110 3918 5147 κεκο-

2335 5180 2661 5251 σμημένοις·
2694 5178 2829 5232 ἀλλὰ
2859 5180 2953 5233 καὶ
2984 5173 3143 5232 αὗται
3168 5180 3561 5249 μεταδαλοῦσαι
3595 5184 3919 5255 εὑλογήσουσ

2336 5272 2387 5324 σί
2422 5289 2489 5342 με
2511 5288 2523 5301 ο
2567 5270 2646 5324 ἔτι
2684 5286 2747 5339 γε
2785 5270 2888 5339 μὴν
2919 5272 3013 5324 καὶ
3052 5271 3346 5343 θυγατέρες
3376 5274 3681 5345 στρουθῶν·
3708 5277 3740 5346 ἢ
3768 5278 3916 5331 κατὰ

2333 5365 2455 5426 τοὺς
2495 5363 2714 5425 λοιποὺς
2765 5362 3122 5432 ἑρμηνευτάς,
3187 5383 3203 5412 ι
3233 5366 3326 5416 καὶ
3361 5366 3854 5439 στρουθοκάμηλοι,
3891 5389 3909 5420 ι

2332 5448 2469 5514 ζῶον
2484 5453 2540 5505 ὲν
2557 5451 2811 5525 ἐρημίαις
2836 5452 2929 5504 καὶ
2954 5450 3157 5523 χώραις
3182 5455 3454 5524 ἀοικήτοις
3480 5456 3783 5526 γινόμενον,
3815 5458 3914 5509 καὶ

2332 5544 2460 5596 αὐτὸ
2489 5543 2767 5615 ήμερωθὲν
2801 5543 3041 5611 εὐλογεῖν
3078 5545 3176 5614 ἐμὲ
3217 5546 3306 5597 τὸν
3337 5544 3470 5599 Θεὸν
3508 5546 3908 5617 μαθηθήσεται.

2330 5636 2543 5690 Τούτων
2563 5638 2618 5689 δὲ
2648 5638 2819 5689 αἴτιον
2840 5636 2989 5689 ἔσται
3009 5637 3068 5689 τὸ
3088 5639 3177 5689 ὑπ’
3211 5638 3342 5706 ἐμοῦ
3362 5638 3511 5691 δοθὲν
3541 5644 3597 5691 ἐν
3619 5642 3683 5709 τῇ
3712 5641 3910 5709 ἐρήμῳ

2334 5725 2495 5797 ὕδωρ,
2532 5728 2623 5779 καὶ
2656 5726 2814 5797 ἡτῶν
2847 5728 3103 5798 ποταμῶν
3130 5727 3355 5799 δύναμις
3386 5729 3493 5784 τῶν
3526 5733 3582 5783 ἐν
3615 5732 3681 5801 τῇ
3710 5730 3909 5803 ἐρήμῳ

2333 5820 2423 5885 {aeu
2434 5818 2654 5872 πάντων.
