4124 6456
210 462 300 514 ‘0'
1134 455 1642 514 COMMENTARIA
1683 453 1748 508 IN
1787 450 2044 508 ISAIAH.
2085 481 2154 490 —
2192 446 2348 504 CAP.
2392 444 2572 500 XLIV.

3368 433 3476 488 402

282 601 300 631 ι
333 582 479 633 Mdv
515 599 615 652 μου
639 582 698 635 ὃν
717 551 1187 650 περιεποιησὰμην
1206 577 1306 642 τὰς
1324 576 1525 650 ἀρετάς
1553 593 1655 646 μου
1681 575 1795 644 διη-

1972 570 2131 625 Vens.
2185 569 2277 632 2|,
2324 567 2414 621 22.
2472 584 2488 614 ι
2524 561 2782 631 Populum
2818 574 2993 613 meum
3016 570 3174 626 quem
3209 553 3474 623 acquisivi

208 673 422 739 γέῖσθαι
449 691 462 702 ·
497 676 560 726 οὑ
608 671 700 725 νῦν
731 671 966 725 ἐκάλεσά
998 686 1080 732 σε,
1122 668 1339 731 Ἰακὼϐ,
1381 668 1502 722 οὐδὲ
1540 667 1797 720 κοπιάσαι

208 779 265 816 σε
291 765 557 835 ἐποίησα,
595 762 823 834 Ἰσραήλ.
850 783 868 814 ι
895 763 957 816 Ei
983 762 1080 832 μὲν
1107 760 1216 834 γὰρ
1245 761 1410 832 θῆρες
1429 761 1478 812 oi
1501 761 1680 830 ἄγριοι
1706 759 1799 810 καὶ

209 855 460 926 σειρῆνες
489 854 586 908 καὶ
617 855 671 908 αἱ
705 854 1003 926 θυγατέρες
1028 853 1137 906 τῶν
1173 851 1450 923 στρουθῶν
1472 851 1796 920 εὐλογήοου-

211 945 260 997 σί
297 963 365 1016 με
392 965 404 976 ·
442 948 508 999 σὺ
530 946 608 1010 δὲ,
647 946 857 1009 Ἰακὼϐ,
896 947 1046 1000 οὐδὲν
1078 945 1316 998 τοιοῦτον
1348 943 1647 1016 διεπράξω·
1683 941 1798 996 ἀλλ’

207 1038 323 1090 οὐδὲ
354 1039 603 1106 ἠξίωσας
628 1038 728 1108 ἐμὲ
754 1037 1144 1099 ἐπικαλεῖσθαι,
1176 1055 1194 1086 ι
1218 1035 1516 1106 ὲκοπιάθης
1541 1054 1558 1086 ι
1588 1036 1645 1088 δὲ
1673 1055 1691 1086 ι
1719 1036 1798 1097 εἰς

207 1129 324 1198 ἐμὲ,
352 1147 370 1179 ι
403 1130 551 1182 κατὰ
598 1131 687 1183 τὸν
718 1131 1030 1201 Σύμμαχον,
1060 1129 1236 1183 καίτοι
1266 1128 1400 1198 ἐμοῦ
1430 1129 1504 1200 μὴ
1533 1129 1793 1198 ποιήσαν-

208 1217 295 1282 τός
329 1236 390 1270 σε
421 1221 707 1273 κοπιάσαι.

281 1414 300 1445 ι
334 1397 454 1450 Οὐκ
471 1398 708 1466 ἦνεγκάς
735 1415 822 1467 μοι
853 1398 1099 1468 πρόϐατά
1122 1415 1215 1452 σου
1244 1397 1344 1466 τῆς
1369 1394 1799 1466 ὁλοκαρπώσεώς

209 1503 322 1551 σου,
347 1489 473 1541 οὐδὲ
499 1491 557 1541 ἐν
578 1493 694 1552 ταῖς
725 1489 935 1554 θυσίαις
963 1509 1052 1544 σου
1081 1491 1334 1557 ὲδόξασάς
1367 1507 1432 1559 με
1454 1506 1466 1519 ·
1508 1490 1607 1542 οὑκ
1647 1489 1797 1542 ἐδού-

207 1577 354 1632 λωσά
391 1597 452 1632 σε
486 1581 544 1632 ὲν
568 1580 797 1644 θυσίαις,
830 1583 949 1634 οὐδὲ
973 1581 1204 1650 ἐγκοπον
1237 1582 1466 1652 ἐποίησά
1491 1597 1549 1634 σε
1573 1582 1631 1632 ὲν
1654 1579 1798 1632 λιϐά·

209 1685 300 1739 νῳ.
331 1690 349 1722 ι
392 1673 589 1733 ’Όπως
619 1672 712 1724 καὶ
741 1674 797 1724 ἐν
817 1676 931 1736 τοῖς
961 1674 1336 1744 προκειμένοις
1366 1675 1427 1742 τῇ
1453 1672 1668 1742 ἐρήμῳ,
1705 1670 1798 1722 καὶ

207 1763 318 1824 τοῖς
344 1763 405 1813 ὲν
440 1763 578 1832 αὐτῇ
607 1762 814 1834 θηρίοις
840 1764 1057 1830 ἀγαθῶν
1099 1764 1319 1826 ἐλπίδας
1348 1762 1754 1831 εὐαγγελίζεται
1780 1779 1792 1790 °

206 1854 290 1907 τὸν
322 1854 379 1906 δὲ
411 1854 544 1907 λαὸν
567 1857 658 1908 τὸν
687 1858 750 1910 ὲκ
783 1858 1081 1929 περιτομῆς
1118 1859 1206 1912 ἐπ’
1239 1857 1514 1919 ἀσεϐείαις
1559 1855 1792 1925 ἐλέγχει,

205 1948 262 1999 ὃν
291 1950 385 2001 καὶ
422 1947 622 2002 Ἰακὼϐ
685 1949 838 2001 καλεί
862 1949 955 2001 νῦν
1001 1951 1092 2002 καὶ
1129 1949 1372 2019 Ἰσραήλο
1405 1948 1575 2011 οὕτως
1609 1948 1792 2012 ἁπλῶς

209 2036 266 2105 ξς
279 2041 392 2107 ροίς
413 2039 675 2108 ὀνόμασιν
706 2035 827 2092 οὕτε
858 2039 1040 2093 δοῦλον
1065 2039 1248 2100 αὑτοῦ,
1284 2037 1403 2091 οὔτε
1439 2039 1691 2091 ἐκλεκτὸν
1720 2041 1794 2091 εἰ·

207 2126 344 2189 πὼν,
372 2130 514 2199 ὅπερ
538 2129 711 2181 ἐποίει
739 2130 830 2183 ἐπὶ
860 2129 952 2182 τοῦ
975 2131 1280 2199 κρείττονος
1303 2130 1597 2199 τάγματος.

281 2331 464 2384 «Οὐδὲ
519 2332 737 2400 ἐκτήσω
793 2351 878 2402 μοι
926 2331 1188 2403 ἀργυρίου
1237 2332 1506 2401 θυμίαμα,
1562 2333 1680 2385 οὐδὲ
1736 2334 1796 2386 τδ

206 2424 375 2494 στέαρ
410 2424 523 2475 τῶν
565 2423 763 2476 θυσιῶν
795 2442 888 2476 σου
924 2423 1278 2493 ἐπεθύμησα·
1320 2423 1453 2475 ἀλλὰ
1483 2426 1538 2476 ἐν
1572 2427 1689 2487 ταῖς
1734 2426 1795 2477 ἁ-

206 2517 473 2586 μαρτίαις
506 2533 602 2567 σου
632 2517 898 2586 προέστης
919 2535 1040 2585 μου,
1066 2516 1161 2569 καὶ
1195 2519 1249 2568 ἐν
1279 2520 1395 2578 ταῖς
1426 2515 1655 2576 ἀδικίαις
1682 2533 1793 2568 σου.

217 2605 358 2673 Ἐγώ
395 2609 537 2676 εἰμι,
574 2607 689 2673 ἐγώ
716 2609 849 2677 εἰμι,
904 2609 932 2658 ὁ
961 2608 1256 2675 ὲξαλείφων
1293 2607 1388 2670 τὰς
1445 2610 1670 2677 ἀνομίας
1705 2627 1795 2661 σον

197 2697 390 2750 ἕνεκεν
431 2698 592 2768 ἐμοῦ,
629 2699 721 2750 καὶ
749 2700 844 2761 τὰς
878 2699 1150 2770 ἁμαρτίας
1179 2718 1293 2758 σου.
1326 2701 1418 2753 καὶ
1452 2702 1511 2753 οὐ
1551 2703 1621 2770 μή
1662 2720 1794 2770 μνη-

206 2788 509 2859 σθήσομαι.
545 2790 617 2841 Σὺ
671 2791 726 2843 δὲ
765 2791 1050 2862 μνήσθητι,
1109 2794 1200 2845 καὶ
1244 2792 1538 2862 κριθῶμεν.
1574 2815 1590 2844 ι
1646 2793 1797 2863 Καλή

205 2878 315 2948 γὰρ
343 2881 375 2947 ή
418 2880 612 2949 μνήμη
641 2879 748 2931 τῶν
776 2881 1051 2952 προτέρων
1082 2883 1494 2954 ἁμαρτημάτων
1518 2885 1584 2935 δι’
1612 2885 1795 2954 ἐξομο-

205 2969 491 3038 λογήσεως
543 2970 986 3043 ἐξηγορευμένηο
1030 2973 1110 3026 διδ
1174 2974 1460 3044 ἐπιφέρειο
1519 2976 1684 3042 «Λέγε
1735 2979 1796 3028 σὺ

207 3062 427 3132 πρῶτος
460 3063 562 3124 τὰς
592 3063 864 3133 ἁμαρτίας
920 3083 1034 3128 σου,
1093 3067 1178 3118 ἵνα
1229 3067 1523 3136 δικαιωθῇς
1545 3084 1557 3096 °
1595 3087 1610 3118 ι
1643 3067 1798 3120 τοῦτο

206 3156 319 3226 γὰρ
352 3155 527 3208 ποιῶν
549 3155 922 3226 δικαιωθήσῃ·
964 3158 1154 3227 ἐπειδὴ
1201 3159 1408 3221 δίκαιος
1454 3159 1618 3211 αὑτοῦ
1668 3178 1796 3211 κατ-

213 3250 419 3318 ήγορος
449 3250 510 3300 ἐν
541 3248 904 3319 πρωτολογία.

287 3358 304 3387 ι
333 3339 397 3391 υἱ
432 3337 673 3406 πατέρες
705 3339 855 3408 ὑμῶν
887 3339 1113 3407 πρῶτοι,
1154 3342 1246 3393 καὶ
1274 3343 1322 3394 οἱ
1356 3343 1615 3412 ἄρχοντες
1648 3344 1675 3394 ὑ
1687 3343 1800 3412 μῶν

205 3427 494 3499 ἠνόμησαν
523 3431 604 3491 εἰς
640 3429 758 3498 ἐμέ.
793 3431 902 3483 Καὶ
941 3432 1168 3502 ἐμίαναν
1197 3434 1246 3484 οἱ
1294 3433 1550 3503 ἄρχοντες
1576 3436 1642 3486 τὰ
1673 3437 1803 3502 ἆγιά

211 3537 334 3587 μου.
383 3520 496 3572 Καὶ
535 3517 710 3572 ἔδωκα
762 3520 1021 3575 ἀπολέσαι
1059 3521 1272 3587 Ἰακὼϐ,
1324 3526 1413 3576 καὶ
1451 3525 1664 3595 Ἰσραὴλ
1723 3528 1800 3587 είς

207 3609 542 3680 ὀνειδισμόν.
573 3629 593 3662 ι

728 3681 1124 3735 ΚΕΦΔΛᾹῘΟΝ
1159 3685 1289 3737 MJ'.

286 3789 305 3819 ι
347 3769 463 3824 Νῦν
498 3770 555 3823 δὲ
594 3771 1052 3834 ἄκονσον,’1ακ‹ἴ›6
1083 3776 1111 3826 ὁ
1147 3779 1270 3840 παῖς
1309 3794 1428 3846 μου,
1456 3779 1797 3850 καὶΊσραὴλ,

204 3860 266 3913 δν
296 3863 658 3933 ἐξελεξάμην.
687 3885 702 3916 ι
739 3869 835 3918 Διά
865 3867 1067 3921 τούτων
1114 3871 1203 3922 τὸν
1230 3873 1388 3941 χορὸν
1434 3871 1588 3938 αὖθις
1625 3878 1715 3929 τὸν
1748 3879 1802 3930 ἁ·

206 3957 535 4013 ποστολικδν
566 3959 936 4013 ἀποκαλείται.

283 4073 300 4104 ι
325 4052 492 4106 Οὕτω
522 4048 671 4117 λέγει
695 4051 895 4120 Κύριος
941 4055 968 4107 ὁ
1000 4054 1133 4118 Θεὸς
1180 4057 1207 4109 ὁ
1252 4060 1485 4127 ποιήσας
1537 4076 1618 4121 σε,
1650 4063 1740 4114 καὶ
1773 4064 1801 4115 ὁ

207 4147 424 4208 πλάσας
477 4161 538 4197 σε
585 4144 648 4194 ἐκ
680 4144 886 4208 κοιλίας
906 4161 920 4176 ο
959 4147 1078 4199 Ἔτι
1111 4148 1424 4222 βοηθηθήσῃ
1449 4169 1460 4180 ·
1507 4152 1582 4221 μὴ
1612 4153 1798 4220 φοϐοῦ,

208 4237 335 4298 παῖς
376 4250 483 4303 μου
521 4229 736 4293 Ἰακὼϐ,
770 4235 859 4285 καὶ
880 4235 1232 4306 ὴγαπημὲνος
1279 4239 1511 4312 Ἰσραὴλ,
1541 4241 1599 4293 ὃν
1622 4243 1799 4308 ἐξελε-

207 4325 408 4394 egw.
447 4324 572 4376 ’Ότι
607 4323 715 4389 ἐγὼ
746 4323 900 4376 δώσω
932 4325 1076 4396 ὕδωρ
1095 4329 1165 4378 ἐν
1204 4328 1344 4397 δίψει
1368 4334 1474 4394 τοῖς
1500 4333 1802 4403 πορευομέ-

204 4435 317 4478 νοις
349 4418 407 4468 ὲν
435 4414 675 4484 ἀνύδρῳ.
705 4415 948 4486 ἐπιθήσω
969 4419 1024 4470 τὸ
1053 4418 1268 4489 πνεῦμα
1306 4439 1405 4492 μου
1431 4424 1520 4476 ἐπὶ
1555 4425 1613 4475 τὸ
1635 4426 1801 4497 σπέρ-

208 4526 286 4579 μα
324 4525 443 4569 σου,
491 4506 713 4569 καὶτὰς
745 4507 992 4575 εὐλογίας
1041 4528 1143 4580 μου
1186 4513 1276 4564 ἐπὶ
1324 4514 1392 4566 τὰ
1435 4516 1598 4567 τέκνα
1636 4533 1746 4568 σου.
1777 4536 1795 4568 ι

1900 674 1956 719 ιιι
1988 663 2217 718 virtutes
2251 674 2400 714 meas
2427 664 2678 711 narraret
2717 671 2729 705 :
2763 667 2867 704 non
2901 664 3043 702 nunc
3088 645 3274 700 vocavi
3304 655 3357 698 to
3382 641 3480 698 Ia-

1900 757 2022 819 cob,
2060 769 2235 825 neque
2263 754 2515 808 laborare
2545 759 2597 803 te
2621 747 2744 809 Ieci,
2770 743 2954 800 Israel.
2985 762 3004 794 ι
3055 739 3282 795 Etiamsi
3330 736 3474 792 enim

1862 903 1876 926 .
1901 847 2139 902 futurum
2165 846 2256 907 sit,
2290 854 2349 898 ιιι
2372 851 2614 912 agrestes
2642 838 2793 902 ferae,
2837 836 3056 897 sirenae,
3087 843 3143 886 et
3178 831 3300 885 lilia:
3327 839 3476 885 stru-

1902 941 2144 993 tliionum
2202 935 2525 992 benedicant
2581 931 2747 994 milii;
2805 940 2860 984 tu
2895 942 3047 993 sane,
3107 923 3299 990 Iacob,
3337 919 3474 976 nihil

1898 1032 2076 1086 simile
2108 1029 2281 1084 feciin
2310 1046 2325 1091 ;
2355 1027 2449 1082 sed
2480 1039 2659 1094 neque
2695 1023 2948 1092 dignatus
2979 1033 3039 1072 es
3073 1032 3160 1072 me
3187 1017 3474 1077 invocare,

1905 1143 1922 1176 ι
1962 1122 2332 1189 defatigatus»
2403 1127 2581 1172 autem
2643 1133 2660 1166 ι
2711 1130 2771 1168 es
2825 1115 2879 1167 in
2941 1125 3062 1175 me,
3105 1127 3122 1160 ι
3179 1106 3474 1164 secundum

1899 1215 2322 1285 Symmachum,
2376 1209 2590 1266 etiamsi
2638 1223 2738 1278 ego
2784 1221 2892 1260 non
2933 1215 2986 1260 te
3028 1203 3278 1258 laborare
3329 1199 3479 1254 feceo

1901 1325 2020 1362 I'IIII.

1970 1399 2130 1453 Vens.
2169 1399 2261 1453 ‘25.
2319 1416 2337 1448 ι
2369 1396 2484 1450 Non
2534 1390 2779 1448 obtulisti
2818 1387 2950 1444 milii
2993 1401 3125 1443 oves
3169 1380 3474 1438 holocausti

1899 1495 1974 1546 lui
2010 1509 2022 1543 :
2053 1505 2227 1562 neque
2257 1492 2308 1543 in
2339 1488 2628 1543 sacriﬁciis
2657 1487 2763 1541 tuis
2793 1479 3110 1555 gloriﬁcasti
3150 1491 3235 1530 me
3257 1515 3273 1540 ,
3303 1487 3479 1539 neque

1897 1587 2104 1641 servire
2131 1596 2183 1638 te
2210 1583 2310 1638 feci
2347 1583 2402 1636 in
2438 1582 2696 1645 victimis,
2732 1591 2908 1646 neque
2940 1574 3180 1627 laborem
3211 1569 3306 1623 tibi
3336 1581 3479 1636 pra-

1899 1676 1985 1729 bui
2012 1675 2066 1728 in
2095 1674 2273 1727 thure.
2303 1691 2321 1724 ι
2354 1666 2818 1736 Quemadmodum
2854 1664 2943 1718 bic
2968 1658 3250 1716 solitudini
3275 1698 3288 1722 ,
3319 1655 3478 1709 feris-

1896 1783 2002 1838 que
2056 1782 2176 1820 eam
2237 1762 2598 1817 incolentibus
2655 1762 2920 1814 bonorum
2973 1767 3122 1823 spem
3167 1747 3478 1806 annuntiat,

1898 1858 2266 1929 populumque
2310 1871 2375 1909 ex
2408 1851 2835 1908 circumcisione
2882 1849 2948 1902 de
2993 1845 3274 1912 impietate
3316 1853 3479 1894 coar-

1897 1953 2030 2024 guit,
2062 1965 2221 2019 quem
2251 1963 2393 2001 nunc
2418 1945 2586 2001 Iacob
2619 1957 2673 2000 et
2695 1943 2862 1998 Israel
2897 1949 3205 2006 nuncupat;
3241 1935 3310 1988 ita
3343 1933 3481 1987 sim-

1896 2044 2108 2114 pliciter
2131 2042 2297 2096 allato
2315 2040 2430 2107 ejus
2461 2038 2700 2101 nomine,
2726 2051 2823 2089 nec
2846 2048 3084 2096 servom,
3111 2045 3210 2084 nec
3240 2028 3480 2082 electum

1900 2145 2054 2189 vocat
2107 2135 2300 2197 illum,
2339 2134 2480 2202 quod
2530 2141 2710 2184 tamen
2771 2128 2837 2182 de
2889 2123 3252 2197 praestantiori
3287 2119 3482 2176 ordine

1900 2228 2126 2296 loquens
2152 2228 2427 2280 observat.

1971 2320 2134 2374 Vsus.
2190 2319 2379 2372 24-26.
2439 2316 2665 2384 «Neque
2695 2322 2921 2381 argento
2956 2309 3136 2366 emisti
3178 2305 3308 2360 milii
3358 2303 3476 2374 tity-

1899 2411 2121 2476 miama,
2178 2425 2352 2480 neque
2392 2410 2605 2476 adipem
2651 2407 3048 2461 sacriﬁciorum
3099 2411 3317 2454 tuorum
3348 2413 3481 2452 con-

1901 2505 2114 2572 cupivi;
2149 2506 2239 2556 sed
2274 2505 2323 2556 in
2359 2502 2596 2571 peccatis
2623 2502 2728 2554 tuis
2751 2507 2878 2553 ante
2927 2512 3013 2549 me
3059 2493 3288 2555 stetisti,
3322 2498 3374 2543 et
3427 2488 3479 2541 in

1902 2596 2282 2663 iniquitatibus
2319 2596 2446 2648 tuis.
2483 2594 2594 2662 Ego
2630 2607 2770 2653 sum,
2808 2605 2908 2659 ego
2949 2603 3069 2640 sum
3095 2629 3106 2650 ,
3171 2585 3261 2652 qui
3324 2579 3482 2634 deleo

1903 2689 2214 2754 iniquitates
2244 2697 2364 2739 tuas
2395 2698 2616 2752 pr0pter
2651 2698 2760 2744 me,
2791 2692 2845 2735 et
2877 2690 3101 2749 peccata
3135 2687 3260 2738 tua;
3293 2682 3348 2726 et
3376 2687 3482 2723 nou

1904 2779 2252 2833 recordabur.
2325 2777 2402 2830 Tu
2465 2787 2646 2828 autent
2703 2781 2999 2829 memento.
3059 2779 3113 2822 et
3172 2765 3484 2834 judicemur

1901 2871 2079 2923 simul.
2117 2887 2249 2925 noua
2311 2883 2501 2932 QUII‘PE
2550 2884 2646 2921 EST
2707 2878 3067 2919 ratsrtsonuu
3131 2870 3486 2915 reccuowu

1901 2978 2138 3017 nanctus
2194 2977 2297 3016 CUM
2342 2972 2697 3014 (IONFESSIONE
2753 2972 3053 3012 CONJIISCTA
3097 2972 3109 3006 :
3153 2961 3490 3022 quapropter

1903 3055 2084 3116 infert,
2121 3075 2138 3105 ι
2169 3053 2260 3107 Dic
2287 3064 2342 3106 tu
2372 3053 2582 3120 primus
2612 3061 2835 3120 peccata
2868 3065 2981 3111 tua,
3008 3058 3061 3100 ut
3088 3046 3408 3115 justiliceris
3435 3066 3481 3099 :-

1906 3146 1957 3198 id
2013 3161 2181 3215 agens
2227 3143 2658 3212 justiticaberis;
2716 3143 2841 3210 quia
2895 3141 3070 3208 justus
3113 3138 3165 3190 in
3221 3137 3488 3206 principio

1829 3257 1870 3312 ρ
1904 3235 2174 3289 sermonis
2211 3242 2498 3287 accusator
2523 3243 2607 3285 est
2634 3233 2738 3286 sui.

1975 3324 2140 3379 Vens.
2187 3324 2278 3387 27,
2327 3322 2420 3378 28.
2477 3341 2495 3374 ι
2530 3322 2720 3376 Patres
2759 3321 2925 3375 vestri
2962 3319 3147 3386 primi,
3195 3328 3249 3372 et
3284 3316 3485 3385 prim-i-

1905 3433 1997 3485 pes
2031 3416 2195 3470 vestri
2242 3415 2427 3482 inique
2455 3421 2685 3483 egerunt
2717 3412 2768 3464 in
2812 3426 2923 3464 me.
2977 3411 3041 3464 Et
3068 3409 3484 3462 contaminave-

1905 3520 2029 3560 runt
2063 3507 2332 3575 principes
2362 3515 2551 3557 sancta
2603 3515 2743 3555 mea.
2804 3499 2868 3554 Et
2920 3502 3039 3556 dedi
3100 3501 3151 3554 in
3204 3498 3484 3553 interitum

1903 3599 2091 3659 Iacob,
2116 3607 2165 3651 et
2198 3595 2365 3651 Israel
2411 3597 2463 3648 in
2503 3592 2876 3662 Opprobrium.
2903 3611 2921 3644 ι

2465 3684 2694 3740 CAPUT
2733 3683 2914 3738 XLIV.

1974 3784 2132 3837 Vsus.
2194 3782 2242 3835 Ι.
2295 3799 2313 3831 ι
2349 3777 2502 3833 Nunc
2533 3789 2712 3835 autent
2741 3778 2889 3841 audi,
2922 3775 3091 3831 Iacob
3132 3788 3267 3843 puer
3312 3785 3484 3832 meus,

1901 3887 1956 3932 et
2009 3874 2200 3935 Israel,
2259 3886 2420 3942 quem
2477 3869 2634 3940 elegi.
2669 3889 2686 3923 ι
2743 3869 2838 3925 llis
2887 3869 3084 3923 iterum
3132 3861 3490 3934 apostolicum

1904 3969 2133 4023 cliorum
2165 3973 2377 4019 evocat.

1977 4059 2140 4112 Vens.
2208 4055 2264 4116 2,
2326 4055 2382 4107 ὅ.
2443 4072 2460 4104 ι
2495 4052 2586 4106 Sic
2640 4052 2771 4106 dicit
2828 4051 3091 4105 Dominus
3155 4047 3345 4109 Deus,
3398 4045 3490 4114 qni

1905 4150 2035 4204 fecit
2062 4157 2136 4212 te,
2170 4159 2222 4202 et
2264 4147 2521 4201 formavit
2561 4154 2612 4198 te
2641 4143 2711 4199 de
2749 4153 2983 4198 ventre:
3018 4141 3208 4194 Adhuc
3267 4137 3494 4193 habebis

1905 4243 2202 4305 auxilium;
2236 4241 2342 4296 noli
2378 4248 2641 4302 metuere,
2671 4252 2807 4307 puer
2840 4250 2991 4289 mens
3017 4232 3202 4294 Iacob,
3223 4240 3276 4286 et
3298 4230 3494 4284 dilecte

1905 4333 2094 4397 Israel,
2125 4349 2288 4401 quem
2323 4332 2484 4401 elegi.
2527 4329 2664 4397 Quia
2703 4344 2806 4398 ego
2857 4327 2996 4380 dabo
3049 4339 3245 4392 aquam
3295 4322 3347 4376 in
3402 4322 3491 4376 siti

1907 4427 1992 4482 bis
2023 4427 2114 4495 qui
2163 4424 2448 4478 ambulant
2482 4423 2533 4475 in
2586 4421 2874 4489 inaquosa,
2913 4412 3187 4485 imponam
3241 4414 3490 4483 spiritum

1908 4535 2086 4573 meum
2117 4532 2283 4585 super
2311 4529 2493 4569 semen
2552 4523 2738 4576 tuum,
2789 4518 2843 4564 et
2891 4507 3296 4562 benedictiones
3342 4522 3490 4559 meas

204 4599 304 4653 Διά
327 4599 439 4669 γὰρ
474 4597 570 4650 τοῦ
604 4598 914 4668 Πνεῦματος
943 4599 1034 4653 τοῦ
1061 4599 1217 4667 ἁγίου
1243 4604 1304 4656 τὸ
1332 4605 1548 4672 λογικδν
1582 4611 1674 4660 καὶ
1711 4609 1798 4675 γό-

1905 4621 2068 4674 Stlpcr
2113 4602 2258 4656 ﬁlios
2294 4615 2431 4656 tuos.
2467 4619 2484 4651 ι
2539 4599 2672 4653 Nam
2736 4615 2830 4666 per
2890 4597 3152 4665 Spiritum
3211 4606 3486 4652 sanctum.

204 4706 385 4756 νιμον,
424 4688 522 4738 καὶ
560 4688 928 4756 πνευματικὸν
963 4688 1106 4759 ὕδωρ
1142 4693 1204 4760 τῇ
1238 4691 1451 4763 ἀνύδρῳ
1481 4695 1575 4745 καὶ
1605 4695 1800 4766 ἐρήμῳ

204 4779 543 4848 χορηγήσειν
573 4775 791 4844 ἤμελλε.
818 4776 1045 4847 Σπέρμα
1064 4779 1122 4832 δὲ
1144 4781 1248 4834 τῶν
1265 4783 1577 4836 ἀποστόλων
1595 4787 1647 4836 αἱ
1686 4787 1802 4839 Ἑκ-

205 4870 430 4940 κλησίαι
470 4866 567 4918 τοῦ
597 4866 752 4931 Θεοῦ,
803 4871 896 4921 καὶ
920 4869 985 4921 τὰ
1029 4871 1193 4924 τέκνα
1235 4874 1414 4926 αὐτῶν
1444 4877 1491 4925 οἱ
1525 4877 1798 4946 πανταγοῦ

205 4962 308 5030 γῆς
342 4960 439 5012 καὶ
489 4961 548 5011 ἐν
579 4961 710 5011 πᾶσι
739 4963 849 5024 τοῖς
882 4962 1056 5014 ἔθνεσι
1087 4962 1174 5015 διὰ
1218 4964 1310 5016 τοῦ
1358 4967 1677 5036 Πνεῦματος
1706 4969 1797 5022 τοῦ

203 5054 365 5121 ἁγίου
400 5051 854 5119 ἁναγενντλθέντες
880 5070 893 5082 ·
931 5053 978 5105 οἳ
1007 5055 1099 5106 καὶ

287 5165 304 5195 ι
350 5141 719 5202 οΑνετελοῦσι,
745 5162 762 5193 ι
807 5145 990 5214 φησὶν,
1034 5165 1051 5196 ι
1086 5145 1186 5196 ἀνα
1232 5146 1394 5216 μέσον
1442 5148 1638 5212 ὕδατος
1674 5152 1800 5222 χόρ-

204 5254 318 5296 τον,
376 5235 470 5286 καὶ
523 5234 601 5295 ὡς
659 5233 770 5285 ἰτέα
808 5236 900 5287 ἐπὶ
933 5237 1244 5306 παραρρέον
1283 5237 1447 5310 ὕδωρ.
1479 5261 1494 5291 ι
1550 5241 1660 5294 Καὶ
1717 5245 1803 5296 ὲν-

203 5327 383 5380 ταῦθα
410 5326 466 5377 δὲ
490 5325 589 5393 τὴν
624 5325 766 5376 ἰτέαν
796 5327 1068 5396 παρέλαϐε
1098 5329 1185 5380 διὰ
1211 5331 1270 5381 τὸ
1292 5330 1545 5393 ἀειθαλὲς
1564 5333 1659 5385 καὶ
1690 5351 1806 5385 νεα-

208 5419 302 5487 ρον
334 5415 430 5468 τοῦ
461 5413 656 5482 φυτοῦ,
693 5416 770 5476 εἰς
807 5416 1146 5486 παράστασιν
1194 5419 1285 5471 τοῦ
1317 5421 1560 5490 πλήθους
1587 5423 1696 5476 τῶν
1721 5425 1806 5476 λο-

205 5508 377 5576 γικῶν
425 5505 637 5558 ὑδάτων
671 5506 777 5557 τῶν
826 5509 884 5559 ἐν
922 5510 986 5576 τῇ
1030 5507 1320 5580 Ἐκκλησία
1364 5510 1534 5565 αὑτοῦ
1577 5514 1806 5579 psum-

203 5617 314 5653 των
321 5641 334 5652 .

277 5683 490 5751 ιοῦτος
521 5689 662 5757 ἐρεῖ,
712 5685 816 5739 Τοῦ
841 5688 973 5740 Θεοῦ
1005 5690 1142 5756 εἰμι,
1192 5691 1285 5742 καὶ
1338 5686 1494 5754 οὗτος
1549 5689 1804 5760 βοήσεται

203 5783 292 5835 ἐπὶ
325 5781 407 5852 τῷ
451 5778 682 5847 ὀνόματι
725 5778 934 5840 Ἰακὼϐ,
986 5780 1076 5831 καὶ
1113 5778 1293 5849 ἔτερος
1328 5779 1630 5852 ἐπιγράφει
1663 5785 1805 5852 χειρὶ

199 5873 388 5936 αὐτοῦ,
449 5869 562 5924 Τοῦ
597 5867 731 5921 Θεοῦ
761 5869 890 5938 εἰμι,
931 5873 1016 5923 καὶ
1060 5869 1151 5923 ἐπὶ
1191 5875 1265 5943 τῲ
1315 5873 1539 5941 ὀνόματι
1589 5873 1803 5944 Ἰσραὴλ

1912 4695 2310 4755 rationabilem,
2347 4693 2633 4746 fecundam
2665 4702 2716 4745 et
2759 4690 3096 4760 spiritualem
3131 4705 3327 4757 aquam
3369 4690 3486 4741 iuu-

1907 4804 2089 4857 quOsae
2123 4797 2176 4839 et
2214 4785 2490 4840 solitudini
2519 4782 2844 4851 elargiturus
2889 4793 3030 4836 erat.
3076 4781 3271 4836 Semen
3306 4793 3486 4834 autem

1908 4869 2278 4947 apostolOrum
2323 4885 2448 4930 sunt
2484 4875 2738 4928 Ecclesiae
2779 4874 2908 4938 Dei;
2949 4873 3042 4926 lilii
3092 4886 3221 4926 vero
3274 4889 3485 4938 eorum,

1907 4979 2166 5038 quotquot
2201 4969 2250 5020 in
2283 4968 2529 5021 universa
2565 4977 2708 5020 terra
2749 4973 2804 5019 et
2848 4965 2898 5017 iu
2951 4963 3206 5018 ouinibus
3235 4962 3487 5034 gentibus

1910 5077 2004 5129 per
2033 5059 2295 5128 Spiritum
2323 5069 2569 5113 sanctum
2597 5056 2902 5127 regenerati
2934 5066 3057 5109 sunt
3083 5074 3096 5108 :
3129 5057 3220 5123 qui

1981 5153 2140 5206 Vens.
2197 5153 2249 5205 4.
2287 5152 2660 5214 «Producent,
2703 5150 2798 5212 ait,
2859 5150 2910 5201 in
2967 5148 3146 5200 medio
3199 5163 3352 5215 aqua:
3411 5147 3488 5199 Ie-

1911 5259 2059 5301 num,
2095 5251 2144 5293 et
2181 5242 2321 5294 sicut
2351 5241 2488 5294 salix
2520 5241 2583 5292 ad
2615 5255 2810 5307 aquam
2850 5240 3128 5293 ﬂuentem.
3159 5257 3177 5289 ι
3220 5239 3319 5293 IIic
3345 5255 3483 5306 quu-

1909 5351 2010 5404 que
2037 5333 2254 5387 salicem
2301 5336 2531 5387 assumit
2584 5335 2652 5386 ob
2704 5333 2939 5386 virorem
2987 5344 3042 5386 et
3083 5331 3482 5398 juvenilitatcm

1911 5426 2152 5489 arboris;
2205 5426 2272 5476 ad
2325 5425 2708 5478 declarandam
2766 5423 3168 5478 rationabilium
3222 5437 3485 5490 aquarum

1911 5517 1961 5570 in
1994 5516 2235 5570 Ecclesia
2260 5517 2381 5586 ejus
2407 5518 2744 5571 manantium
2774 5517 3009 5587 copiam.

1959 5681 2145 5744 'Vsns.
2278 5689 2413 5744 «Hic
2440 5690 2603 5756 dicet,
2639 5691 2729 5744 Dei
2762 5706 2913 5755 sum;
2945 5701 2998 5745 et
3033 5691 3120 5744 liic
3154 5690 3410 5744 clamabit
3436 5690 3487 5742 iu

1917 5784 2132 5835 nomine
2161 5782 2357 5847 Iacob,
2381 5792 2434 5836 et
2467 5782 2606 5835 alius
2630 5783 2901 5838 describet
2946 5783 2999 5836 in
3050 5799 3212 5836 manu
3246 5799 3367 5844 sua,
3396 5779 3485 5833 Dei

1915 5893 2054 5939 sum,
2086 5886 2139 5929 et
2184 5874 2236 5927 in
2280 5875 2497 5930 nomine
2552 5875 2714 5930 Israel
2768 5876 3046 5931 clamabit.
3075 5895 3093 5927 ι
3130 5877 3199 5930 Se
3235 5874 3487 5929 lsraclcm
