4124 6410
658 395 761 451 607

1314 387 1580 445 EUSEBII
1617 387 2091 446 CESARIENSIS
2126 390 2275 445 OPP.
2315 388 2494 445 PARS
2531 387 2618 441 ΙΙΙ.
2660 416 2729 427 --ο
2766 382 3163 441 EXEGETICA.

3772 384 3876 437 ιοε

660 512 883 567 verbis:
914 526 937 562 t
972 480 1398 577 Superl'edilicati
1430 522 1587 577 super
1632 507 2036 563 fundamentum
2087 524 2215 577 apo~

2332 510 2514 564 iacrst
2536 510 2566 561 6
2593 506 2909 569 ’Λπόστολος
2932 508 3107 577 φήσας
3128 524 3141 537 ο
3176 525 3195 557 ι
3220 504 3763 577 Ἑποικοδομηθέντες
3789 506 3880 557 tati.

660 603 917 656 stolarum
945 609 999 656 οι
1026 601 1401 668 prophetarum
1481 599 1548 629 τ’·
1628 597 1879 653 Clamate.
1945 605 2159 653 monts
2190 638 2207 663 ,

652 691 913 749 Irrtitiam.
946 710 967 744 ι
1003 690 1065 746 Hi
1122 691 1372 745 similiter
1421 690 1584 743 Deum
1631 689 1920 753 celebrent.
1969 690 2037 745 de
2074 704 2210 759 prte-

661 786 925 838 dictorum
980 783 1289 853 pamiteutia
1325 790 1380 835 et
1408 780 1600 835 salute.
1636 780 1740 835 Per
1785 791 1995 835 montes
2041 795 2208 844 vero,

662 879 833 930 elatas
881 886 937 931 et
990 876 1245 931 sublimes
1300 874 1507 927 animas
1553 872 1898 937 subindicat;
1954 886 2050 942 per
2100 873 2212 926 col-

662 967 741 1022 les
787 982 1007 1030 autem.
1060 981 1151 1022 eas
1181 979 1302 1035 quae
1352 963 1609 1019 mediocri
1658 964 1712 1017 in
1744 970 1884 1016 statu
1915 972 2074 1027 sunt;
2122 978 2215 1032 per

663 1058 805 1126 ligna
830 1101 847 1123 ,
880 1058 1205 1113 fructiferas.
1259 1056 1324 1112 Et
1351 1055 1483 1110 alias
1514 1055 1765 1109 universo
1808 1053 2026 1115 mundo,
2073 1054 2215 1122 ejus-

664 1166 771 1220 que
805 1152 1044 1221 partibus
1087 1150 1249 1203 Deum
1284 1148 1565 1203 celebrare
1612 1145 1856 1215 pracipit
1878 1184 1894 1209 ,
1930 1144 2215 1213 adjiciens,

669 1260 688 1291 ε
730 1242 868 1308 Quia
905 1240 1132 1297 redemit
1181 1241 1320 1293 Deus
1360 1238 1529 1293 Jacub
1554 1274 1569 1300 ,
1602 1244 1657 1291 et
1699 1236 1861 1290 Israel
1893 1235 2219 1305 glorideabi-

666 1342 777 1387 tur.
826 1352 844 1384 ι

738 1422 902 1477 Vens.
933 1422 1023 1476 24.
1063 1440 1081 1472 ι
1122 1420 1215 1475 Sic
1240 1419 1370 1474 dicit
1401 1420 1682 1483 Dominus,
1711 1420 1801 1488 qui
1830 1418 2055 1473 redemit
2086 1427 2138 1473 te
2167 1428 2223 1471 et

671 1514 925 1569 formavit
955 1530 1018 1569 ex
1059 1526 1227 1574 utero.
1266 1532 1285 1564 ι
1320 1513 1609 1582 Postquam
1634 1513 1883 1582 superius
1911 1511 2224 1566 idololatriae

673 1605 1094 1660 eonfutationem
1147 1604 1468 1669 adornavit,
1521 1605 1626 1665 iis,
1665 1604 1755 1673 qui
1805 1618 1871 1660 ex
1916 1604 2225 1673 prophetica

674 1695 960 1763 disciplina
1012 1692 1240 1747 fructum
1276 1704 1627 1762 perceperant
1654 1734 1668 1758 ,
1697 1703 1757 1748 ut
1788 1696 1877 1763 qui
1922 1693 2034 1764 jam
2063 1694 2228 1749 idolo-

673 1782 848 1836 latria:
876 1784 1033 1837 linem
1071 1780 1359 1848 fecissent,
1404 1784 1666 1852 promissa
1694 1782 1883 1850 elIert;
1914 1797 2108 1853 nempe
2136 1799 2224 1837 re-

2302 600 2383 669 τῷ
2404 600 2637 669 θεμελίῳ
2674 596 3122 652 τῶννὰποστόλων
3168 597 3262 650 καὶ
3287 595 3593 668 προφητῶν.
3621 597 3879 666 Βοήσατε,

2304 690 2403 763 ὅρη
2412 731 2426 753 ,
2440 689 2789 761 εὐφροσύνην.
2806 709 2823 739 ι
2842 689 3069 758 Ὁμοίως
3088 687 3451 754 δοξαζέτωσαν
3464 686 3555 740 τὸν
3566 684 3700 740 Θεὸν
3712 686 3805 739 ἐπὶ
3817 688 3882 757 τῇ

2312 782 2425 834 τῶν
2459 781 2767 852 εἰρημένων
2808 780 3065 850 μετανοίᾳ
3091 795 3152 831 τε
3192 780 3285 832 καὶ
3321 778 3579 850 σωτηρία.
3608 779 3752 849 Ἥρη
3789 778 3884 847 μὲν

2315 871 2416 934 τὰς
2459 870 2776 940 ἐπηρμένας
2809 871 2899 922 καὶ⁸
2935 868 3239 939 μετεώρους
3270 869 3446 939 ψυχὰς
3473 868 3882 938 αίνιττόμενοςο

2318 962 2540 1033 βουνοὺς
2570 962 2627 1015 δέ
2681 961 2780 1025 τὰς
2824 960 3028 1013 τούτων
3085 962 3458 1031 μετριωτέρας
3482 977 3497 992 ·
3541 959 3671 1025 ξύλα
3696 958 3755 1011 δέ
3788 956 3886 1019 τὰς

2320 1053 2718 1123 καρποφόρους.
2748 1052 2857 1106 Καὶ
2894 1051 3067 1114 ἄλλως
3103 1050 3161 1104 δὲ
3203 1052 3379 1105 πάντα
3412 1050 3502 1104 τὸν
3544 1051 3748 1121 κόσμον
3790 1048 3886 1102 καὶ

2317 1142 2385 1195 τὰ
2410 1142 2599 1195 τούτου
2628 1142 2768 1213 μέρη
2796 1143 2887 1195 τὸν
2911 1142 3044 1196 Θεὸν
3080 1143 3268 1212 ὑμνεῖν
3302 1143 3653 1213 προστάττει,
3695 1141 3880 1197 ἐπιλέ-

2318 1250 2461 1301 γωνο
2492 1250 2509 1281 ι
2549 1233 2671 1284 Ὅτι
2720 1230 3062 1303 ἐλυτρὼσατο
3110 1232 3144 1284 ὁ
3184 1231 3318 1296 Θεὸς
3376 1232 3468 1286 τδν
3535 1230 3751 1295 Ἰακὼϐ,
3793 1231 3888 1285 καὶ

2332 1322 2547 1392 Ἰσραὴλ
2577 1320 2981 1392 δοξασθήσεται.

2396 1430 2416 1463 t
2445 1412 2599 1466 Οὕτω
2620 1412 2765 1481 λέγει
2796 1414 2997 1485 Κύριος
3015 1416 3043 1466 6
3071 1412 3435 1483 λυτρούμενός
3467 1430 3548 1476 σε,
3580 1414 3673 1467 καὶ
3721 1413 3890 1467 πλασ-

2326 1519 2434 1555 σων
2477 1520 2534 1555 σε
2575 1504 2638 1555 ἐκ
2662 1502 2885 1566 κοιλίας.
2926 1521 2945 1554 ι
2985 1503 3244 1573 Ἔλεγχον
3285 1498 3724 1576 είδωλολατρείας
3757 1520 3877 1576 προ-

2326 1593 2613 1663 εκθέμενος
2647 1596 2675 1647 6
2696 1594 2852 1662 λόγος
2883 1594 2971 1647 διὰ
2994 1594 3103 1647 τῶν
3133 1596 3522 1667 προκειμένων,
3545 1598 3621 1660 ὡς
3649 1596 3715 1651 ἂν
3748 1613 3887 1650 παυ-

2330 1684 2584 1754 σαμένοις
2632 1684 2730 1754 τῆς
2776 1684 3238 1757 είδωλολατρείας,
3285 1690 3397 1749 τοῖς
3431 1686 3800 1759 ὡφελημένοις
3830 1688 3893 1742 ἐκ

2329 1774 2426 1844 τῆς
2471 1774 2810 1844 προφητικῖκ
2847 1774 3215 1839 διδασκαλίας,
3261 1777 3593 1845 ἐπαγγελίας
3640 1780 3890 1836 ποιεῖται.

673 1875 841 1927 ditum
874 1887 940 1928 ex
973 1874 1283 1941 captivitate
1333 1844 1643 1944 Babylonis.
1681 1874 1814 1938 Quia
1850 1844 1990 1927 enim
2016 1844 2085 1927 ob
2114 1875 2227 1927 ido-

2332 1865 2589 1918 ἐπάνοδον
2619 1864 2717 1934 τῆς
2752 1865 2858 1919 ἀπὸ
2887 1866 3201 1930 Βαϐυλῶνος
3240 1844 3635 1938 αίχμαλωσίας.
3683 1869 3893 1939 Ἐπειδὴ

674 1964 939 2019 lolatriam
974 1961 1281 2035 Babyloniis
1317 1966 1497 2018 traditi
1528 1964 1767 2029 fuerant;
1791 1966 2012 2034 ipsaque
2039 1964 2227 2019 Hiero-

675 2055 877 2124 solyma
904 2054 975 2109 ob
1000 2054 1196 2108 civium
1230 2069 1447 2108 suorum
1480 2068 1645 2106 ausus
1674 2092 1689 2115 ,
1725 2054 2066 2125 Assyriorum
2092 2066 2227 2109 tem-

676 2161 809 2215 pore
833 2148 1052 2201 obsessa
1079 2183 1095 2209 ,
1124 2159 1188 2199 ac
1230 2145 1469 2199 funditus
1502 2144 1672 2197 deleta
1716 2143 1920 2209 fuerat;
1958 2145 2079 2199 talia
2112 2160 2228 2215 per-

676 2240 889 2307 pessis,
943 2240 987 2291 si
1035 2248 1213 2291 tamen
1250 2250 1433 2289 errare
1483 2236 1775 2301 desinant,
1825 2238 2160 2305 ereptionem
2200 2252 2227 2287 a

678 2328 835 2381 malis
870 2327 1214 2381 vaticinatur.
1255 2326 1379 2380 Haec
1405 2339 1566 2393 porro
1604 2324 1725 2393 Cyri
1754 2326 1912 2393 primi
1946 2325 2229 2379 Persarum

677 2418 820 2487 regis
849 2417 1176 2486 temporibus
1205 2416 1469 2485 completa
1500 2425 1643 2468 sunt.
1680 2415 2062 2480 Quamobrem,
2088 2417 2227 2483 quod

678 2506 973 2585 permirum
1005 2520 1134 2560 sane
1161 2514 1262 2568 est,
1296 2505 1473 2573 ipsum
1508 2502 1705 2572 Cyrum
1756 2502 2069 2557 nominatim
2120 2519 2232 2557 tne-

679 2609 895 2663 morat,
944 2598 1032 2667 qui
1070 2606 1247 2651 tamen
1294 2596 1542 2651 ducentis
1575 2596 1792 2652 circiter
1843 2604 2025 2663 postea
2078 2596 2231 2648 annis

679 2688 823 2754 fuit,
859 2703 921 2742 ac
964 2687 1242 2743 Judaicum
1298 2687 1550 2757 pupulum
1600 2701 1629 2739 a
1678 2686 1988 2754 captivitate
2038 2684 2233 2739 libera-

676 2783 775 2846 vit,
814 2775 1745 2849 tentplumque-llierosolymitanum
1794 2776 2082 2830 restaurari
2123 2776 2231 2828 ius-

677 2873 765 2926 sit.

754 3065 771 3098 ι
809 3048 915 3119 Ego
944 3047 1221 3108 Dominus,
1254 3045 1343 3113 qui
1373 3043 1593 3112 perficio
1614 3044 1791 3097 omnia
1828 3057 1844 3094 :
1876 3041 2090 3095 extendi
2124 3056 2233 3094 ca:-

2330 1950 2439 2021 γὰρ
2471 1950 2975 2023 είδωλολατροῦντες
2997 1957 3108 2017 τοῖς
3125 1954 3482 2019 Βαϐυλωνίοις
3499 1956 3891 2029 παρεδόθησαν,

2330 2041 2466 2110 αὐτή
2512 2059 2573 2093 τε
2618 2044 2649 2111 ή
2710 2043 3060 2116 Ἰερουσαλὴμ
3108 2045 3420 2116 πολιορκίαν
3471 2048 3749 2118 ὑπέμεινε,
3803 2052 3895 2102 καὶ

2332 2132 2568 2201 παντελῆ
2588 2135 2968 2205 καταστροφὴν
3000 2138 3137 2189 κατὰ
3170 2139 3295 2200 τοὺς
3329 2139 3625 2209 Ἀσσυρίων
3653 2142 3894 2210 χρόνους,

2332 2223 2420 2277 διὰ
2453 2224 2519 2277 τὰ
2552 2227 2607 2278 ἐν
2640 2227 2775 2296 αὐτῇ
2804 2228 3175 2298 τετολμημένα
3203 2231 3314 2292 τοῖς
3337 2231 3631 2301 οἰκήτορσι·
3655 2232 3896 2297 θεσπίζει

2332 2315 2556 2368 τοιαῦτα
2584 2316 2906 2369 πεπονθόσιν
2936 2317 3246 2390 ἐλευθερίαν
3288 2321 3490 2382 κακῶν,
3520 2323 3566 2374 εί
3604 2322 3899 2376 παύσαιντο

2332 2406 2427 2475 τῆς
2456 2406 2680 2475 πλάνης.
2732 2408 3059 2478 Ἐπληροῧτο
3090 2410 3145 2462 δὲ
3172 2411 3343 2463 ταῦτα
3374 2413 3512 2464 κατὰ
3538 2415 3666 2477 τοὺς
3714 2413 3895 2484 Κύρου

2331 2495 2421 2548 τοῦ
2456 2495 2666 2565 πρώτου
2701 2498 2925 2567 Περσῶν
2956 2497 3370 2567 βασιλεύσαντος
3410 2502 3650 2573 χρόνους.
3699 2506 3898 2575 Διόπερ

2333 2587 2424 2637 καὶ
2447 2586 2607 2638 αὑτοῦ
2636 2587 2906 2659 μέμνηται
2938 2590 3197 2660 ὀνομαστὶ
3224 2590 3314 2643 τοῦ
3334 2591 3515 2661 Κύρου
3541 2593 3745 2665 σφόδρα
3768 2593 3897 2647 θαυ⁹

2336 2679 2562 2746 μασίως,
2600 2679 2766 2745 ἐγγύς
2792 2698 2890 2734 που
2924 2682 3213 2746 διακοσίοις
3236 2683 3457 2755 ὕστερον
3497 2684 3639 2737 ἔτεσι
3676 2684 3900 2756 γενομέο

2334 2786 2445 2830 νου,
2487 2770 2577 2822 καὶ
2616 2771 2713 2840 τῆς
2761 2774 3133 2841 αἰχμαλωσίας
3168 2774 3623 2845 ἐλευθερώσαντος
3666 2777 3757 2828 τὸν
3794 2776 3898 2828 τῶν

2348 2860 2615 2911 Ἰουδαίων
2640 2860 2787 2920 λαὸν,
2820 2862 2908 2915 τόν
2937 2881 2997 2916 τε
3032 2864 3163 2917 νεὼν
3200 2865 3595 2935 προστάξαντος
3616 2866 3709 2919 τὸν
3750 2868 3809 2920 ἐν
3834 2870 3896 2937 τῇ

2346 2949 2696 3021 Ἰερουσαλὴμ
2722 2952 3039 3023 ἀνεγείρειν.

2409 3061 2425 3090 ι
2482 3040 2621 3108 Ἐγὼ
2671 3042 2872 3112 Κύριος
2916 3046 2942 3097 6
2989 3044 3253 3098 συντελῶν
3282 3046 3477 3108 πάντα,
3530 3045 3770 3108 ἐξέτεινα
3812 3047 3899 3098 τὸν

682 3138 788 3190 lum
820 3141 967 3191 solus
990 3177 1005 3201 ,
1052 3146 1106 3190 et
1155 3138 1359 3188 lirmavi
1390 3144 1610 3188 terram.
1650 3151 1667 3184 ι
1701 3132 1837 3185 Nam
1878 3150 1896 3182 ι
1928 3133 2107 3184 omnia
2140 3146 2229 3200 per

2334 3131 2557 3201 οὐρανὸν
2590 3133 2764 3202 μόνος,
2801 3136 2893 3185 καὶ
2924 3133 3233 3204 ἐστερέωσα
3256 3135 3355 3204 τὴν
3383 3136 3505 3203 γῆν.
3542 3134 3722 3189 Πάντα
3751 3154 3771 3187 ι
3795 3135 3897 3206 γὰρ

683 3230 855 3294 ipsum
884 3226 1021 3280 facta
1058 3236 1203 3289 sunt,
1237 3236 1292 3279 et
1316 3225 1432 3278 sine
1463 3225 1578 3289 ipso
1615 3220 1818 3275 factum
1850 3230 1931 3276 est
1954 3220 2087 3275 nihil
2117 3222 2181 3273 ".
2211 3241 2227 3271 ι

2340 3240 2357 3272 t
2381 3222 2448 3275 δι’
2481 3222 2644 3276 αὐτοῦ
2676 3223 2890 3290 ἐγένετο
2909 3264 2922 3286 ,
2952 3225 3045 3277 καὶ
3064 3226 3232 3295 χωρὶς
3272 3224 3434 3279 αὑτοῦ
3475 3226 3687 3293 ἐγένετο
3726 3225 3895 3278 οὐδέν.

682 3317 938 3371 Extendit
964 3330 1092 3371 vero
1123 3314 1317 3370 cmlum
1346 3314 1514 3375 solus,
1550 3322 1605 3367 et
1638 3322 1769 3365 nutu
1801 3311 1973 3366 Patris
2006 3312 2235 3365 ﬁrmavit

680 3418 914 3470 terram;
958 3423 976 3455 ι
1032 3404 1145 3474 Ipse
1197 3404 1393 3472 quippe
1423 3402 1597 3461 dixit,
1642 3410 1696 3453 et
1743 3399 1883 3453 facta
1912 3408 2071 3463 sunt;
2124 3399 2235 3467 ipse

680 3498 973 3559 mandavit,
1005 3505 1060 3549 ct
1098 3504 1277 3548 creata
1314 3502 1454 3548 sunt.
1497 3511 1514 3543 ι
1551 3491 1717 3545 Terra
1757 3490 1941 3559 igitur,
1993 3490 2145 3544 firma
2182 3500 2236 3545 et

680 3584 851 3640 solida
882 3599 1002 3638 cum
1030 3584 1101 3638 sit
1127 3623 1141 3645 ,
1196 3594 1253 3636 ut
1303 3580 1521 3635 fundata
1560 3590 1641 3634 est
1688 3582 1909 3634 immota
1952 3595 2048 3647 per
2078 3594 2237 3634 omne

680 3674 960 3739 saeculum;
990 3675 1067 3729 sic
1096 3674 1302 3726 ﬁrmata
1332 3686 1457 3727 esse
1488 3672 1683 3726 dicitur
1715 3688 1728 3723 :
1759 3672 1952 3726 cadum
1979 3684 2128 3734 vero,
2153 3680 2236 3723 ut-

680 3774 805 3836 pote
825 3779 1119 3833 espansnm
1148 3804 1161 3827 ,
1197 3764 1412 3815 omnino
1442 3771 1719 3815 extensum
1772 3760 1940 3814 fuisse
1994 3759 2240 3815 declara-

680 3867 809 3911 tur:
846 3864 1171 3925 quapmpter
1203 3854 1328 3906 alibi
1365 3853 1586 3916 dicitur,
1624 3872 1640 3901 ι
1698 3851 1797 3918 Qui
1837 3852 2082 3905 extendit
2127 3866 2238 3907 coe-

683 3950 790 4003 lum
830 3950 969 4003 sicut
1020 3948 1209 4015 pellem
1240 3947 1307 3999 ".
1364 3964 1382 3996 ι
1432 3945 1686 4013 Quaenam
1730 3959 1890 4013 porro
1922 3944 2066 4009 sint,
2116 3959 2237 4014 quae

682 4051 863 4094 tantus
885 4040 971 4092 ille
997 4040 1248 4093 Dominus
1274 4040 1450 4099 docet,
1472 4038 1695 4092 subinde
1720 4036 1879 4091 infert
1901 4037 1983 4090 his
2012 4036 2189 4093 verbis
2220 4053 2231 4087 :

756 4131 919 4185 Vens.
950 4130 1041 4195 25,
1075 4130 1166 4184 28.
1209 4148 1226 4179 ι
1263 4130 1395 4195 Quis
1424 4129 1559 4181 alius
1584 4128 1868 4196 dissipabit
1897 4128 2045 4195 signa
2073 4142 2237 4197 enga-

682 4220 1087 4290 szriniythorum
1114 4258 1129 4282 ,
1176 4230 1229 4272 et
1262 4218 1619 4272 divinationes
1666 4234 1695 4271 a
1733 4218 1939 4272 corde?
1985 4229 2237 4273 avertens

683 4313 971 4382 prudentes
1009 4320 1299 4365 retrorsum
1327 4348 1344 4371 ,
1376 4319 1431 4363 et
1460 4310 1743 4364 consilium
1775 4325 1962 4365 eorum
2012 4312 2234 4365 stultum

684 4405 911 4470 faciens,
938 4411 992 4458 et
1019 4412 1261 4458 statuens
1284 4401 1503 4455 verbum
1534 4402 1681 4469 pueri
1713 4402 1794 4455 sui
1820 4443 1833 4462 .
1867 4411 1919 4455 et
1948 4402 2228 4457 consilium

2346 3313 2603 3379 Ἑξέτεινε
2634 3314 2688 3366 δέ
2710 3315 2798 3367 τὸν
2822 3315 3041 3384 οὐρανὸν
3072 3316 3251 3384 μόνος,
3280 3317 3372 3369 καὶ
3394 3317 3645 3388 ἐστερέου
3673 3316 3773 3388 τὴν
3800 3318 3899 3386 γῆν

2336 3404 2497 3475 βουλῇ
2520 3404 2613 3457 τοῦ
2637 3405 2846 3476 Πατρός
2869 3423 2881 3435 ·
2920 3425 2938 3456 ι
2972 3406 3143 3469 Αὐτὸς
3176 3427 3191 3456 ι
3219 3406 3327 3478 γὰρ
3353 3425 3371 3457 ι
3418 3402 3560 3471 εἷπε,
3589 3408 3684 3461 καὶ
3716 3408 3900 3478 ἐγενή-

2334 3496 2503 3565 θησαν
2519 3514 2531 3526 ·
2562 3496 2722 3559 αὐτὸς
2743 3498 3058 3560 ἐνετείλατο,
3078 3499 3173 3551 καὶ
3191 3498 3531 3570 ἐκτίσθησαν.
3550 3516 3570 3549 ι
3605 3496 3670 3552 Ἦ
3691 3498 3790 3570 μὲν
3810 3494 3899 3552 οὖν

2335 3586 2428 3655 γῆ,
2464 3587 2633 3658 ναστὴ
2672 3582 2804 3641 οὖσα
2830 3589 2923 3643 καὶ
2963 3589 3299 3659 στερέμνιος,
3335 3590 3411 3653 ὡς
3437 3587 3677 3661 ὴδράσθη
3715 3590 3900 3660 dum.

2337 3696 2425 3741 τος
2457 3680 2549 3731 τὸν
2584 3679 2874 3750 σύμπαντα
2910 3680 3102 3743 αίῶνα,
3141 3686 3236 3735 καὶ
3260 3680 3619 3752 ἐστερεῶσθαι
3648 3679 3897 3750 λέγεται·

2334 3770 2362 3821 6
2390 3768 2445 3821 δὲ
2468 3768 2713 3839 οὐρανὸς,
2754 3770 2847 3822 ἆτε
2888 3769 3289 3841 ἐξηπλωμένος,
3328 3772 3502 3824 διόλου
3541 3771 3899 3825 ἐκτετάσθαιο

2335 3859 2415 3911 διὸ
2454 3861 2546 3912 καὶ
2589 3862 2646 3913 ἐν
2700 3861 2906 3931 ἑτέροις
2944 3863 3193 3933 εἴρηται·
3238 3882 3257 3914 t
3311 3864 3369 3917 '0
3407 3864 3652 3927 ἐκτείνας
3684 3863 3776 3916 τὸν
3811 3864 3900 3917 οὐ·

2340 3951 2497 4019 ρανὸν
2527 3951 2659 4003 ὡσεὶ
2689 3952 2892 4024 δέρῤιν.
2930 3974 2947 4003 ι
2993 3953 3125 4006 Τίνα
3151 3955 3208 4007 δέ
3236 3956 3385 4007 ἐστιν
3419 3956 3561 4026 ἅπερ
3585 3957 3613 4007 6
3650 3955 3900 4017 τοσοῦτος

2336 4041 2572 4095 διδάσκει
2598 4043 2820 4116 Κύριος,
2858 4046 2983 4115 ἑξῆς
3010 4047 3261 4117 ἐπιφέρει
3301 4047 3474 4117 λέγων
3496 4065 3510 4079 ο

2412 4151 2429 4181 ι
2450 4133 2543 4195 Τίς
2556 4132 2738 4203 ἐτερος
2756 4134 3092 4189 διασκεδάσει
3114 4139 3311 4207 σημεῖα
3330 4136 3800 4208 ἐγγαστριμύθων,
3814 4139 3904 4191 καὶ

2340 4223 2595 4293 μαντείας
2616 4224 2723 4276 ἀπὸ
2739 4225 2962 4296 καρδίας
2987 4243 3001 4291 ;
3022 4227 3378 4297 ἀποστρέφων
3412 4228 3702 4299 φρονίμους
3728 4231 3809 4288 είς
3836 4228 3903 4281 τὰ

2335 4314 2527 4379 ὀπίσω,
2553 4315 2645 4367 καὶ
2674 4315 2771 4386 τὴν
2794 4314 2989 4385 βουλὴν
3034 4316 3210 4369 αὐτῶν
3263 4318 3569 4389 μωραίνων,
3612 4320 3704 4371 καὶ
3742 4317 3901 4371 ἱστῶν

2338 4403 2403 4472 ρῆ
2412 4420 2485 4472 μα
2509 4403 2693 4467 παιδὸς
2706 4402 2891 4470 αὑτοῦ,
2923 4405 3017 4458 καλ¹
3034 4406 3131 4476 τὴν
3151 4405 3341 4477 βουλὴν
3364 4405 3471 4459 τῶν
3481 4406 3724 4475 ἀγγέλων
3740 4405 3900 4461 αὑτοῦ

682 4497 993 4565 angelorum
1032 4497 1149 4563 ejus
1193 4509 1376 4547 verum
1404 4493 1608 4547 faciens
1634 4533 1648 4555 ,
1684 4494 1867 4546 dicens
1894 4491 2189 4547 Jerusalem
2215 4532 2229 4553 ,

2336 4494 2639 4564 ἀληθεύων⁶
2678 4497 2706 4547 6
2738 4494 2910 4563 λέγων
2946 4498 3013 4567 τῇ
3055 4496 3424 4569 Ἰερουσαλὴμ,
3469 4500 3854 4571 Κατοικηθήσῃ
3877 4541 3892 4565 ,

684 4586 1043 4649 Habitaberis,
1070 4594 1124 4640 et
1156 4585 1380 4639 urbibus
1408 4585 1669 4649 Idumaeas,
1708 4584 2151 4646 IEdiﬂcabimini,
2180 4594 2234 4637 et

680 4680 895 4733 deserta
927 4676 1043 4745 ejus
1076 4678 1454 4746 gertninabunt
1482 4696 1494 4730 :
1530 4677 1714 4731 dicens
1744 4678 1935 4745 abysso
1960 4716 1974 4738 ,
2012 4676 2232 4730 Desola-

684 4770 829 4825 beris
852 4810 866 4831 ,
896 4778 951 4824 et
979 4769 1194 4822 ﬂumina
1229 4780 1314 4822 tua
1352 4769 1645 4822 arefaciam
1684 4786 1697 4821 :
1734 4770 1917 4821 dicens
1948 4768 2087 4837 Cyro
2112 4808 2126 4832 ,
2178 4778 2235 4819 nt

682 4863 875 4933 sapiat,
902 4872 1159 4917 etomnes
1185 4861 1489 4915 voluntates
1520 4874 1665 4913 meas
1702 4859 1895 4912 faciet:
1926 4858 2110 4933 dicens
2139 4858 2232 4911 Je-

684 4952 915 5007 rusalem
944 4994 959 5018 ,
991 4949 1372 5005 Edincaberis
1395 4992 1410 5017 ,
1434 4961 1488 5005 et
1519 4952 1735 5003 domum
1785 4932 2035 5003 sanctam
2054 4964 2229 5003 meam

681 5043 944 5099 fundabo.
1008 5062 1026 5097 ι
1084 5044 1205 5097 llaec
1241 5045 1404 5112 igitur
1434 5043 1504 5095 ita
1534 5042 1857 5095 constituam
1886 5059 1897 5093 :
1931 5030 2080 5111 pueri
2108 5055 2236 5094 vero

684 5136 787 5189 mei
816 5135 997 5190 dilecti
1030 5144 1083 5188 et
1110 5136 1291 5198 electi.
1318 5134 1519 5188 Christi
1557 5133 1678 5186 dico
1705 5134 1829 5198 mei,
1860 5134 1923 5187 de
1943 5148 2048 5196 quo
2080 5147 2239 5200 supe-

685 5225 793 5279 rius
844 5224 1243 5295 quamplurima
1300 5226 1444 5280 dicta
1497 5235 1667 5289 sunt,
1715 5227 1876 5276 verba
1927 5224 2233 5287 stabilium;

685 5330 889 5369 necnon
916 5316 1227 5384 angelorum
1251 5315 1389 5383 ejus,
1426 5317 1633 5371 scilicet
1655 5316 2044 5385 apostolorum,
2075 5316 2237 5370 disci-

684 5406 925 5473 pulorum
955 5418 1010 5460 et
1046 5407 1506 5476 evangelistarum
1554 5408 1778 5461 consilia
1811 5423 1933 5462 vera
1970 5424 2089 5463 esse
2116 5424 2239 5477 pro-

685 5515 699 5539 ο
720 5500 906 5551 urabo.
935 5497 1045 5567 Ego
1083 5513 1233 5563 vero,
1265 5499 1355 5567 qui
1389 5500 1500 5553 haec
1527 5500 1772 5553 editurus
1799 5516 1939 5566 sum,
1972 5500 2083 5569 jam
2112 5500 2237 5553 hinc

686 5589 915 5654 praedico
940 5598 995 5640 et
1015 5588 1270 5656 polliceor
1289 5605 1373 5643 me
1390 5589 1836 5659 Hierosolymam,
1856 5600 1972 5659 post
2003 5595 2233 5658 primum

756 5766 799 5797 "
831 5767 1025 5833 Epltcs.
1058 5783 1117 5830 II,
1145 5768 1232 5823 20.
1311 5768 1355 5799 ⁷⁸
1393 5767 1546 5822 Joan.
1582 5784 1617 5831 t,
1653 5769 1704 5821 ὖ.
1785 5769 1825 5797 ⁷⁷
1860 5769 1996 5823 ι’δδι.
2032 5782 2153 5834 cm,
2183 5768 2238 5823 ὲ.

2342 4586 2434 4637 καὶ
2474 4588 2591 4649 ταῖς
2656 4587 2841 4640 πόλεσι
2874 4588 2972 4659 τῆς
3015 4587 3336 4658 Ἰδουμαίας,
3369 4589 3897 4660 Οίκοδομηθήσεσθε,

2342 4678 2433 4730 καὶ
2464 4677 2531 4730 τὰ
2562 4678 2748 4749 ἔρημα
2779 4679 2949 4747 αὐτῆς
2995 4680 3241 4732 ἀνατελεῖ
3262 4698 3277 4711 ο
3306 4682 3333 4733 6
3360 4679 3530 4747 λέγων
3560 4683 3624 4750 τῇ
3658 4680 3898 4751 ἀσύσσῳ,

2352 4769 2729 4841 Ἑρημωθήσῃ,
2754 4769 2845 4822 καὶ
2872 4771 2998 4833 τοὺς
3014 4771 3287 4840 ποταμούς
3312 4788 3404 4825 σου
3428 4770 3660 4841 ξηρανῶ·
3685 4774 3713 4826 6
3732 4771 3901 4839 λέγων

2340 4859 2505 4931 Κύρῳ
2536 4864 2771 4931 φρονεῖν,
2809 4863 2901 4914 καὶ
2921 4863 3096 4915 πάντα
3123 4863 3190 4915 τὰ
3226 4862 3505 4933 θελήματά
3534 4880 3634 4933 μου
3666 4866 3896 4935 ποιήσει’

2338 4951 2365 5001 6
2404 4949 2572 5017 λέγων
2618 4949 2985 5021 Ἰερουσαλὴμ,
3016 4952 3453 5024 Οἰκοδομηθήσῃ,
3489 4953 3583 5005 καί
3622 4952 3712 5004 τὸν
3756 4948 3899 5006 οἷκον

2340 5040 2429 5092 τὸν
2462 5040 2613 5109 ἅγιόν
2651 5058 2749 5111 μου
2797 5040 3126 5111 θεμελιώσω.
3169 5062 3185 5093 ι
3232 5042 3417 5096 Ταῦτα
3460 5042 3559 5114 μὲν
3613 5039 3705 5096 οὖν
3758 5042 3899 5096 οὕτω

2341 5132 2693 5203 διαθήσομαι·
2754 5130 2847 5185 τοῦ
2902 5132 2959 5186 δὲ
3012 5134 3145 5203 ἐμοῦ
3208 5134 3396 5197 παιδὸς
3464 5133 3753 5205 ἀγαπητοῦ
3807 5135 3900 5187 καὶ

2343 5224 2616 5289 ὲκλεκτοῦ,
2640 5225 2781 5292 λέγω
2807 5224 2870 5295 δὴ
2902 5225 2995 5278 τοῦ
3016 5226 3251 5295 Χριστοῦ
3283 5244 3406 5295 μου,
3440 5225 3569 5295 περὶ
3599 5220 3659 5278 οὗ
3688 5225 3776 5279 διὰ
3795 5226 3900 5279 τῶν

2346 5316 2652 5387 ἔμπροσθεν
2683 5316 2907 5369 πλεῖστα
2944 5317 3043 5368 ὅσα
3076 5317 3318 5386 εῐρηται,
3356 5317 3606 5386 συστήσω
3633 5316 3701 5369 τὰ
3728 5318 3901 5388 ῥήμαο

2344 5424 2430 5471 τα,
2467 5408 2557 5461 καὶ
2594 5407 2703 5460 τῶν
2724 5406 3039 5475 ἁγγέλωνδὲ
3067 5407 3252 5468 αὑτοῦ,
3278 5407 3420 5475 λέγω
3452 5406 3515 5476 δὴ
3536 5406 3642 5457 τῶν
3669 5408 3899 5460 ἀποστό-

2342 5498 2447 5551 λων
2474 5497 2566 5551 καὶ
2590 5495 2843 5569 μαθητῶν
2870 5496 2962 5548 καὶ
2994 5495 3393 5564 εὐαγγελιστῶν
3424 5496 3521 5559 τὰς
3558 5493 3753 5564 βουλὰς
3802 5494 3899 5550 ἐπ-

2343 5588 2631 5659 αληθεῦσαι
2659 5598 2883 5659 ποιησω.
2926 5586 3065 5657 Ἐγὼ
3087 5586 3144 5641 δὲ
3178 5586 3384 5658 μέλλων
3417 5585 3589 5640 ταῦτα
3617 5590 3791 5642 ποιεῖν
3820 5586 3903 5641 ἐνο
