4124 6438
261 426 370 480 ὅθί)

1189 412 1696 471 ΟΟΠΙΕΝΤᾹΚΙΑ
1734 409 1800 466 IN
1838 407 2098 466 ιεΑιΔιι.
2129 433 2198 445 -
2235 402 2389 460 CAP.
2434 399 2586 457 XLV.

3431 390 3536 446 ΗΟ

267 543 459 598 uno“
489 541 592 615 ήδη
633 541 881 615 προλέγω
909 540 1002 594 καὶ
1033 536 1462 608 λπαγγίλλομαι,
1491 537 1576 590 ὅτι
1611 536 1711 607 τὴν
1747 535 1850 588 ἰε-

1967 530 2070 598 :jus
2098 529 2375 586 excidium
2409 542 2437 579 a
2471 521 2782 594 Babyloniis
2811 519 3055 579 factum,
3092 515 3456 568 renovandam
3485 523 3540 566 et

277 631 562 708 ρουσαλὴμ
586 631 723 703 μετὰ
751 630 850 701 τήν
881 627 1107 702 πρώτην
1134 626 1455 699 καθαίρεσιν
1479 625 1578 696 τὴν
1609 625 1715 679 ὑπὸ
1749 623 1856 676 Βα-

277 723 557 778 ϐυλωνίων
595 719 970 792 γενησομένην
1014 717 1466 787 άνακαινισθῆναι
1511 716 1746 786 ποιήσω,
1778 712 1854 776 ὡς

278 812 370 866 καὶ
399 811 500 875 τὰς
516 811 618 877 τῆς
653 807 908 871 ἰουδαίας
939 807 1122 871 πόλεις
1145 805 1560 876 κατοικηθῆναι,
1593 806 1685 858 καὶ
1710 803 1780 857 τὰ
1796 804 1855 855 ιν

276 903 465 966 αὐταῖς
491 902 675 972 ιρημα
711 898 874 952 πάλιν
897 899 974 962 ὡς
993 897 1059 952 τὰ
1077 897 1357 969 άπ⁹άρχῆς
1383 896 1663 966 συστῆναι.
1697 893 1856 947 Ἀλλὰ

281 995 373 1048 καὶ
409 991 508 1063 τὴν
538 989 849 1054 πολυθεταν,
883 990 981 1060 τῆς
1022 987 1220 1052 κακίας
1252 989 1486 1044 “nam
1519 986 1857 1058 ὀνομαζομὲ-

281 1103 397 1156 νην,
435 1085 640 1156 ἕρημον
667 1083 1013 1152 καταστήσω,
1047 1079 1293 1142 καὶτοὺς
1324 1079 1601 1150 ποταμοὺς
1637 1078 1735 1148 τῆς
1760 1094 1858 1130 πο-

281 1176 498 1239 λυθεῖας
543 1173 653 1228 τῶν
682 1171 959 1243 πολεμίων
1009 1169 1364 1242 άτωξηρανῶ·
1396 1170 1470 1234 ὡς
1529 1169 1725 1241 μηκέτι
1759 1168 1857 1239 τήν

283 1262 576 1321 Βαϐυλῶνα
604 1263 887 1333 συστῆναι,
921 1261 1057 1332 μήτε
1083 1259 1209 1324 τοὺς
1232 1263 1509 1330 ποταμοὺς
1532 1261 1702 1330 αὐτῆς
1731 1261 1858 1322 τοὺς

285 1354 867 1426 πολλὰοδεδυνημενονς
899 1354 959 1406 ὲν
1004 1350 1264 1422 πλήθεσιν
1297 1353 1555 1422 ἰσχυροῖς.
1585 1351 1770 1405 Ταῦτα
1799 1352 1857 1404 δὲ

283 1451 457 1504 πάντα
476 1448 690 1516 ποιήσω
720 1444 950 1515 διακόνῳ
965 1443 1305 1515 χρησάμενος
1329 1443 1483 1514 ἀνδρὶ
1514 1443 1608 1496 τοῦ
1634 1443 1857 1514 Περσῶν

279 1541 468 1610 γένους
486 1537 890 1610 βεϐασιλευκότι
912 1534 1130 1606 πρώτῳ.
1158 1533 1289 1587 Εἰδὲ
1314 1534 1419 1605 χρὴ
1441 1534 1534 1587 καὶ
1553 1534 1639 1586 ἐπ’
1660 1535 1858 1603 ὀνόμα-

279 1647 368 1694 τος
383 1627 759 1700 προφητεῦσαι
779 1625 968 1678 τούτου
978 1626 1076 1696 τὴν
1089 1624 1479 1694 προσηγορίαν,
1495 1622 1674 1692 Κῦρος
1689 1622 1857 1691 δνομα

278 1722 356 1796 τῷ
399 1720 796 1791 θεσπιζομένῳ,
840 1718 900 1771 ὃν
944 1720 1322 1789 προστήσομαι
1365 1715 1472 1769 τῶν
1505 1715 1655 1785 ἱμῶν
1684 1715 1857 1783 λόγων

281 1807 583 1879 ὑπηρέτην,
618 1805 880 1877 φρόνησιν
922 1803 1072 1874 αὺτῷ
1105 1803 1491 1876 δωρησάμενος
1534 1803 1754 1874 εὐσεϐῆ,
1782 1805 1857 1867 ὼς

1955 619 2376 678 restaurandarn
2427 623 2747 671 curaturum
2778 625 2943 676 esse;
2984 609 3059 662 ita
3107 619 3162 660 ut
3213 604 3417 661 ludam
3448 621 3542 660 ur-

1953 715 2051 769 bes
2078 712 2410 774 incolantur,
2439 717 2495 764 et
2520 722 2645 776 qnze
2678 707 2731 759 in
2767 703 2876 757 illis
2910 702 3126 756 deserta
3157 701 3398 762 fuerant,
3438 700 3542 752 ito-

1955 823 2074 864 rum
2119 815 2178 859 ut
2230 820 2260 858 a
2315 801 2588 871 principio
2620 794 3001 852 constituenda
3037 793 3167 846 sint.
3197 790 3338 856 Quin
3373 790 3540 842 etiam

1956 900 2179 953 deorum
2223 893 2679 962 multiplicitatem
2705 929 2719 952 ,
2746 903 2866 957 quan
2913 889 3141 956 abyssus
3172 882 3392 936 malitia:
3448 896 3543 934 vo-

1955 998 2135 1052 catur,
2163 987 2436 1040 desertam
2483 983 2702 1045 faciam,
2757 995 2821 1034 ac
2883 976 3110 1031 ﬂumina
3168 973 3542 1044 nmltiplicita-

1958 1081 2028 1135 tis
2060 1081 2285 1132 deorum
2315 1116 2330 1140 ,
2374 1091 2496 1145 quae
2541 1088 2708 1142 penes
2749 1070 3002 1125 inimicos
3031 1077 3155 1134 est,
3201 1067 3496 1121 arefaciam
3525 1083 3539 1130 ;

1957 1173 2031 1225 ita
2061 1180 2119 1224 ut
2149 1169 2390 1240 Babylon
2424 1183 2530 1220 non
2566 1165 2706 1218 ultra
2761 1163 3049 1224 consistat,
3092 1160 3186 1214 sed
3220 1173 3399 1227 neque
3444 1156 3544 1210 flu-

1958 1263 2102 1316 miua
2141 1260 2261 1325 ejus
2285 1298 2301 1323 ,
2350 1259 2399 1312 vi
2434 1256 2796 1311 multitudinis
2827 1254 3058 1308 multum
3097 1251 3352 1306 valentia.
3418 1249 3544 1303 llaec

1957 1368 2123 1422 porro
2153 1351 2334 1405 omnia
2372 1364 2629 1419 peragam
2667 1348 2921 1400 ministro
2953 1354 3111 1398 utens
3137 1340 3283 1404 viro,
3310 1339 3402 1409 qui
3431 1341 3547 1409 pri-

1959 1461 2078 1498 mus
2124 1443 2410 1498 Persarum
2441 1456 2533 1495 rex
2566 1440 2691 1494 erit.
2726 1438 2880 1505 Quod
2932 1438 2977 1492 si
3029 1450 3166 1504 opus
3217 1435 3291 1488 sit
3345 1447 3543 1489 nomen

1956 1539 2074 1604 ejus
2101 1535 2411 1606 pr0phetiee
2462 1533 2776 1601 significare
2802 1571 2818 1596 ,
2862 1530 3037 1601 Cyrus
3069 1525 3430 1596 appellabitur
3476 1525 3542 1588 is,

1957 1630 2050 1699 qui
2104 1629 2158 1682 iu
2208 1626 2465 1680 vaticinio
2516 1625 2710 1686 fertur,
2745 1637 2905 1692 quem
2947 1623 3243 1675 verborqu
3296 1633 3545 1673 meorum

1959 1724 2270 1776 ministrum
2302 1720 2630 1774 constituam
2663 1732 2678 1781 ;
2706 1717 2849 1785 piam
2879 1714 2980 1783 ipsi
3026 1721 3262 1766 mentem
3310 1710 3502 1764 ludens
3531 1749 3547 1773 ,

1959 1824 2018 1868 ut
2053 1815 2183 1867 mihi
2222 1811 2419 1881 placita
2476 1810 2659 1862 omnia
2711 1817 3071 1875 exsequatur,
3123 1819 3187 1857 ac
3239 1803 3544 1859 Jerusalem

282 1901 460 1955 πάντα
491 1899 563 1952 τὰ
585 1897 902 1968 καταθύμιά
933 1913 1022 1966 μοι
1052 1896 1279 1966 ποιῆσαι
1304 1896 1398 1949 καὶ
1425 1896 1724 1963 προστάξαι
1757 1897 1855 1968 τήν

1967 1908 2136 1969 iubeat
2185 1879 2456 1968 excitari,
2512 1899 2885 1970 templumque
2934 1898 3054 1966 ejus
3101 1913 3129 1950 a
3177 1895 3550 1951 fundamentis

292 1988 646 2060 Ἰερουσαλὴμ
663 1985 1097 2057 οἰκοδομηθῆναι,
1132 1989 1228 2040 καὶ
1256 1987 1346 2038 τὸν
1373 1984 1507 2038 νεὼν
1532 1985 1623 2038 τὸν
1641 1988 1699 2039 ὲν
1718 1987 1854 2056 αὐτῇ

284 2078 699 2149 θεμελιωθῆναι,

779 2147 1174 2200 ΚΕΦΑΛΑΙΟΝ
1213 2147 1346 2200 ΜΕ’.

358 2259 375 2290 ι
411 2239 569 2292 Οῦτω
597 2239 743 2306 λέγει
772 2240 974 2310 Κύριος
1000 2242 1029 2292 ὁ
1059 2239 1193 2302 Θεὸς
1237 2238 1314 2309 τῷ
1363 2239 1567 2310 χριστῷ
1603 2257 1702 2308 μου
1746 2239 1859 2292 Κύ-

285 2346 384 2401 ρῳ,
431 2323 495 2381 οὗ
540 2331 822 2400 ἐκράτησα
859 2332 957 2400 τῆς
1002 2331 1181 2397 δεξιᾶς
1220 2332 1522 2384 ἐπακοῦσαι
1551 2331 1858 2401 ἔμπροσθεν

283 2421 448 2476 αὑτοῦ
480 2421 631 2492 ἔθνη,
684 2425 776 2475 καὶ
814 2425 967 2493 ἰσχὺν
996 2423 1260 2492 βασιλέων
1288 2423 1580 2494 διαρῤήξω.
1639 2423 1860 2487 Ἀνοίξω

284 2514 594 2586 ἔμπροσθεν
619 2514 782 2567 αὑτοῦ
810 2514 1000 2584 θύρας,
1045 2518 1139 2569 καὶ
1185 2515 1366 2577 πόλεις
1413 2517 1473 2568 ού
1525 2515 1861 2583 συγκλεισον-

271 2621 395 2660 ’ται.
441 2625 458 2658 ι
513 2605 742 2673 Ἀγαθὸν
779 2605 834 2658 δὲ
875 2607 1153 2676 ὑπηρέτην
1177 2607 1280 2674 τῆς
1309 2605 1446 2675 ἐμῆς
1484 2603 1674 2674 βουλῆς
1703 2601 1860 2675 εὖρον

283 2699 374 2751 τὸν
397 2697 809 2768 προδηλωθέντα
832 2698 1017 2768 ἄνδραο
1043 2697 1292 2750 ἐντεῦθεν
1326 2699 1424 2767 ἤδη
1454 2697 1861 2767 ἐπαγγέλλομαι

285 2787 579 2855 κρατήσειν
619 2785 782 2838 αὑτοῦ
818 2786 916 2856 τῆς
955 2785 1154 2849 δεξιᾶς,
1191 2787 1325 2855 πρὸς
1367 2787 1426 2838 τὸ
1469 2786 1543 2857 μή
1591 2790 1862 2859 παρατρέ-

285 2874 504 2938 πεσθαι,
537 2875 671 2944 μηδὲ
707 2875 956 2926 νικᾶσθαι
1003 2875 1108 2926 ὑπό
1150 2890 1292 2936 τινος
1341 2875 1667 2946 κρείττονος.
1701 2877 1860 2931 Ὑπο-

209 3004 213 3008 ς
285 2966 470 3020 τάσσω
500 2965 559 3018 δὲ
597 2965 746 3036 αὐτῷ
786 2965 1011 3018 πλεῖστα
1067 2965 1165 3018 ὅσα
1199 2967 1256 3016 ὲν
1286 2967 1400 3026 τοῖς
1449 2965 1654 3028 λοιποῖς
1687 2965 1862 3018 ἔθνεσι

291 3057 683 3124 βασιλευόντων
706 3074 718 3086 ·
742 3057 809 3110 δι’
836 3057 998 3110 αὑτοῦ
1015 3056 1070 3109 δι
1091 3057 1187 3126 τὴν
1215 3056 1368 3125 ἰσχὺν
1383 3055 1658 3126 διαῤῥήξω
1684 3057 1863 3125 πάσης

286 3147 382 3218 τῆς
413 3147 470 3198 ιν
503 3149 618 3210 τοῖς
648 3147 851 3210 λοιποίς
872 3147 1046 3200 ἔθνεσι
1073 3147 1388 3208 δυναστείας
1409 3161 1421 3173 ⁸
1462 3145 1638 3199 πάντα
1661 3146 1712 3198 δὲ
1748 3148 1864 3200 λεῖα

289 3239 380 3292 καὶ
410 3239 589 3310 ὁμαλὰ
617 3241 962 3309 καταστήσας
995 3238 1099 3310 πρὸ
1127 3237 1232 3290 τῶν
1263 3237 1424 3290 αὐτοῦ
1474 3239 1668 3303 ποδῶν,
1701 3240 1865 3310 θύρας
1895 3220 1940 3280 C

290 3330 516 3393 πόλεων,
553 3330 648 3381 καὶ
667 3328 835 3392 αὑτάς
861 3329 988 3391 ὅλας
1017 3328 1114 3390 τὰς
1143 3329 1325 3392 πόλεις
1355 3329 1698 3400 ὑποχειρίους
1720 3331 1867 3399 αὑτῷ

293 3417 603 3490 παραδώσω
623 3434 636 3448 ⁸
670 3420 745 3481 ὼς
771 3418 1039 3488 μηδεμίαν
1065 3417 1314 3471 ἐναντίαν
1338 3419 1487 3488 αὐτῷ
1521 3418 1792 3485 γενέσθαι.

363 3548 382 3582 ι
415 3526 561 3597 Ἐγὼ
592 3527 899 3598 ἔμπροσθέν
926 3543 1020 3580 σου
1063 3526 1426 3597 πορεύσομαι,
1475 3527 1569 3580 καὶ
1599 3526 1708 3597 ὄρη
1739 3529 1870 3595 ὁμα-

289 3619 418 3673 λιιῖι·
451 3618 624 3691 θύρας
663 3619 867 3689 χαλκᾶς
899 3617 1193 3688 συντρίψω,
1231 3619 1324 3670 καὶ
1346 3616 1578 3687 μοχλοὺς
1616 3618 1869 3688 σιδηροῦς

294 3709 599 3779 συγκλάσω.
647 3727 664 3760 ι
694 3710 805 3763 Καὶ
838 3710 979 3762 εἴποι
1020 3707 1064 3761 δ’
1090 3707 1155 3761 ἂν
1186 3724 1271 3770 τις
1297 3708 1364 3761 τὰ
1403 3706 1546 3761 κατά
1570 3709 1662 3761 τὸν
1707 3711 1870 3779 Ζορο-

291 3801 477 3867 ϐάϐελ,
512 3801 546 3873 ἢ
589 3801 730 3856 κατὰ
776 3801 956 3874 Κῦρον
1003 3803 1288 3874 ἰστορικῶς
1322 3803 1610 3873 γενόμενα,
1654 3803 1868 3864 εἰκόνας

293 3894 388 3948 καὶ
413 3891 664 3964 σύμϐολα
679 3893 953 3964 περιέχειν
978 3893 1076 3964 τῆς
1105 3893 1360 3962 ἀληθείας
1379 3908 1393 3922 ·
1424 3893 1493 3946 τὰ
1519 3893 1577 3946 δλ
1609 3896 1751 3947 κατὰ
1776 3895 1868 3947 τὸν

293 3981 468 4054 ἀληθῆ
499 3981 706 4054 Κύριον
745 3983 838 4036 καὶ
877 3983 1110 4053 Χριστὸν
1149 3982 1532 4052 πνευματικῶς
1574 3983 1867 4055 πεπληρῶ-

293 4075 447 4129 σθαι·
478 4075 556 4138 ὡς
588 4075 674 4128 ἐπ’
707 4075 870 4127 αὐτὸν
908 4073 1106 4146 μᾶλλον
1147 4073 1432 4144 ἀληθεύειν
1457 4074 1549 4126 τὸν
1586 4074 1743 4143 λόγον
1775 4077 1867 4130 τὸν

292 4168 583 4239 φήσαντα’
631 4185 648 4218 ι
702 4166 842 4219 Τάδε
894 4167 1041 4234 λέγει
1101 4165 1304 4236 Κύριος
1367 4165 1446 4236 τῷ
1497 4166 1702 4236 χριστῷ
1763 4184 1866 4237 μου

291 4259 480 4330 Κύρῳ.
504 4257 695 4311 »Κατὰ
732 4256 841 4328 γὰρ
869 4258 968 4326 τὴν
998 4257 1283 4328 πρόχειρον
1307 4255 1450 4322 λέξιν
1485 4255 1608 4309 οὔτε
1634 4255 1868 4326 Χριστὸς

291 4352 367 4407 ὣν
387 4351 483 4406 τοῦ
513 4351 650 4405 Θεοῦ
668 4351 915 4421 φαίνεται
935 4353 964 4405 ό
989 4352 1212 4423 Περσῶν
1237 4351 1489 4422 βασιλεὺς
1508 4352 1869 4424 οἰκοδομήσας

289 4447 388 4517 τὴν
433 4444 826 4517 Ἰερουσαλήμ·
871 4443 986 4498 ἀλλ’
1022 4443 1141 4498 οὐδὲ
1189 4444 1324 4507 ὅλως
1364 4442 1506 4496 κατὰ
1551 4443 1646 4514 τὴν
1702 4442 1866 4498 αὑτοῦ

1962 1999 2193 2055 exstrui.

2532 2147 2764 2206 CAPUT
2805 2145 2968 2202 XLV.

2030 2249 2191 2304 Vens.
2229 2248 2276 2302 l.
2310 2266 2330 2317 γι
2368 2244 2461 2300 Sic
2497 2245 2625 2298 dicit
2681 2243 2943 2296 Dominus
2990 2238 3132 2294 Deus
3181 2236 3394 2292 Christo
3430 2249 3551 2287 meo

1958 2343 2124 2414 Cyro,
2193 2340 2346 2405 cujus
2399 2335 2736 2406 apprehendi
2791 2336 3099 2396 dexteram,
3154 2346 3212 2384 ut
3264 2329 3546 2395 subjiciam

1960 2447 2082 2488 ante
2115 2433 2305 2485 faciem
2357 2429 2473 2496 ejus
2517 2438 2727 2498 gentes.
2763 2435 2818 2478 et
2862 2426 3008 2477 vires
3047 2437 3230 2490 regum
3282 2422 3546 2487 frangatu.

1960 2527 2212 2594 Aperiam
2249 2537 2435 2577 coram
2466 2536 2532 2573 eo
2565 2529 2772 2588 portas,
2827 2528 2883 2570 et
2937 2515 3102 2568 urbes
3139 2528 3244 2566 non
3290 2511 3550 2565 clauden-

1964 2630 2068 2673 tur.
2104 2637 2120 2667 ι
2159 2616 2365 2669 Bonum
2405 2623 2588 2666 autem
2623 2608 2837 2663 consilii
2877 2607 2980 2659 mei
3020 2605 3327 2657 ministrum
3368 2599 3551 2654 iuveui

1963 2721 2323 2766 memoratum
2353 2709 2566 2759 virum:
2600 2702 2712 2771 jam
2763 2701 2890 2754 hinc
2924 2697 3185 2768 polliceor
3233 2710 3318 2747 me
3358 2693 3552 2745 dexte-

1966 2819 2078 2856 ram
2115 2802 2230 2869 ejus
2281 2799 2749 2865 apprehensurum
2800 2807 2943 2857 esse,
3005 2801 3062 2843 ut
3117 2804 3220 2840 non
3250 2794 3552 2843 evertatur,

1968 2909 2146 2962 neque
2188 2899 2477 2960 superetur
2534 2902 2562 2940 a
2622 2886 2881 2954 quopiam
2956 2883 3201 2934 fortiore.
3261 2878 3364 2947 Ipsi
3422 2890 3553 2928 vero

1967 2987 2133 3040 multa
2178 2982 2464 3050 subjiciam
2515 2993 2585 3032 ex
2646 2991 2834 3045 regum
2899 2976 3128 3028 aliarum
3175 2971 3417 3039 gentium
3469 2967 3552 3020 di-

1969 3081 2113 3133 tione
2142 3093 2154 3128 :
2193 3089 2289 3141 per
2319 3072 2498 3137 ipsum
2536 3069 2662 3120 item
2695 3082 2912 3121 omnem
2947 3067 2997 3118 iu
3039 3062 3264 3130 reliquis
3299 3060 3554 3129 gentibus

1969 3167 2266 3241 potentiam
2301 3162 2655 3233 perfringam,
2712 3160 2893 3213 omnia
2940 3158 3101 3226 plana
3139 3162 3193 3208 et
3241 3151 3424 3206 facilia
3459 3167 3556 3219 pa-

1974 3275 2103 3315 rans
2128 3266 2254 3311 ante
2285 3252 2452 3323 pedes
2485 3249 2602 3314 ejus
2630 3269 2641 3302 :
2675 3259 2860 3318 portas
2888 3247 3126 3309 urbium,
3147 3254 3200 3298 et
3240 3244 3387 3312 ipsas
3418 3243 3556 3295 inte-

1969 3369 2098 3424 gras
2130 3350 2293 3405 urbes
2322 3345 2375 3398 iu
2407 3357 2597 3396 manus
2620 3341 2738 3410 ejus
2775 3343 2984 3396 tradam
3017 3355 3033 3404 ;
3067 3340 3137 3393 ita
3169 3347 3228 3391 ut
3269 3335 3417 3392 nulla
3453 3335 3554 3406 ipsi

1970 3450 2308 3501 adversetur.

2043 3541 2206 3593 Vens.
2236 3537 2291 3591 2.
2352 3553 2372 3588 ι
2410 3535 2522 3606 Ego
2555 3538 2681 3586 ante
2719 3536 2769 3580 te
2814 3522 2926 3587 ibo,
2961 3531 3015 3576 et
3050 3527 3264 3574 montes
3309 3515 3555 3586 compla-

1971 3633 2112 3686 nabo
2137 3651 2150 3685 :
2182 3637 2368 3698 portas
2396 3640 2569 3682 aereas
2596 3633 2902 3680 conteram,
2933 3623 2986 3670 et
3003 3622 3187 3668 vectes
3201 3611 3409 3665 ferreos
3429 3625 3557 3664 con-

1971 3723 2227 3794 friugam.
2258 3740 2277 3774 ι
2307 3721 2517 3775 Dixerit
2550 3716 2821 3787 quispiam
2848 3723 2934 3773 ea,
2968 3722 3090 3777 quat
3122 3715 3367 3775 tempore
3387 3703 3554 3758 Zoro-

1970 3816 2202 3880 babelis,
2247 3813 2332 3869 vel
2382 3812 2534 3883 Cyri,
2594 3806 2738 3878 quod
2791 3805 2858 3858 ad
2903 3799 3183 3855 historiam
3217 3806 3368 3868 gesta
3403 3804 3552 3858 sunt,

1971 3907 2237 3977 imagines
2265 3913 2319 3960 et
2345 3901 2586 3974 symbola
2641 3896 2889 3951 veritatis
2918 3891 3206 3961 complecti
3236 3905 3252 3955 ;
3297 3903 3417 3958 quae
3456 3903 3552 3943 au-

1973 4008 2078 4053 tem
2126 3996 2192 4051 ad
2244 3993 2357 4050 veri
2421 3990 2628 4046 Domini
2663 3999 2718 4042 et
2758 3985 2964 4040 Christi
3013 3992 3228 4051 tempus
3279 3991 3551 4050 spectant,

1970 4088 2323 4159 spiritualiter
2372 4083 2591 4153 impleta
2644 4082 2848 4143 fuisse;
2888 4079 2958 4132 ita
3010 4085 3070 4130 ut
3114 4075 3165 4128 in
3221 4076 3337 4143 ipso
3381 4077 3554 4142 magis

1971 4197 2134 4238 verus
2184 4179 2620 4250 deprehendatur
2665 4185 2868 4236 sermo,
2919 4169 3011 4239 qui
3063 4168 3160 4231 ait,
3197 4185 3215 4216 ι
3256 4165 3378 4220 Haec
3420 4166 3553 4219 dicit

1973 4273 2234 4330 Dominus
2275 4269 2483 4325 ειη-ἰειο
2519 4281 2638 4321 meo
2673 4265 2838 4336 Cyro.
2874 4283 2892 4314 ι
2948 4261 3081 4315 Nam
3117 4259 3412 4314 secundum
3454 4258 3552 4310 ob-

1972 4369 2113 4422 viam
2135 4365 2448 4425 dictionem,
2490 4374 2664 4429 neque
2711 4357 2955 4412 christus
3007 4353 3099 4407 Dei
3148 4351 3364 4406 videtur
3387 4348 3554 4402 fuisse

1975 4459 2260 4515 Persarum
2300 4455 2388 4508 ille
2429 4469 2551 4516 rex,
2594 4451 2686 4519 qui
2737 4447 3173 4516 Hierosolymam
3224 4441 3552 4501 construxit,

292 4535 439 4606 ζωήν
470 4534 748 4606 προύκοψε
789 4535 883 4604 τῆς
914 4534 1201 4605 οἰκοδομῆς
1244 4535 1306 4588 τὸ
1341 4535 1530 4604 ἔργον⁹
1577 4535 1737 4603 μόνον
1761 4535 1865 4606 γὰρ

1978 4563 2156 4621 neque
2188 4548 2477 4601 admodum
2510 4545 2626 4612 ipso
2659 4543 2875 4596 vivente
2925 4545 3231 4606 promotum
3273 4546 3354 4588 est
3386 4535 3556 4587 tedili-

292 4625 527 4698 ἤρξαντο
573 4625 686 4678 τῶν
718 4625 982 4695 θεμελίων
1031 4624 1170 4679 κατά
1211 4626 1336 4688 τοὺς
1379 4625 1579 4687 αὐτοὺς
1612 4625 1835 4694 χρόνους
1857 4639 1869 4653 ·

293 4714 390 4770 εἶτ’
425 4713 906 4784 δπισχεθέντοςτοῦ
932 4713 1117 4784 ἔργου,
1143 4713 1410 4780 διέμεινεν
1436 4713 1639 4784 ἔρημος
1663 4718 1692 4766 ό
1712 4714 1875 4776 τόπος

297 4809 456 4880 μέχρι
477 4809 576 4876 τῆς
611 4807 836 4876 Δαρείου
871 4805 1164 4875 βασιλείας.
1202 4805 1313 4859 Καὶ
1343 4804 1413 4858 τὰ
1447 4806 1572 4875 ἑξῆς
1607 4805 1664 4857 δὲ
1695 4806 1875 4858 ἐπιλε-

295 4897 499 4968 γόμενα
529 4894 731 4966 μᾶλλον
759 4895 835 4965 τῷ
861 4895 1134 4965 Χριστῷῆ
1168 4895 1246 4966 τῷ
1269 4895 1380 4949 τῶν
1407 4895 1634 4966 Περσῶν
1663 4895 1874 4965 βασιλεῖ

295 4987 661 5057 ἐφαρμόσειεν
695 4985 761 5040 ἂν
781 5003 795 5016 ⁸
827 4987 922 5040 καὶ
959 4986 1158 5058 μᾶλλον
1190 4987 1269 5058 τῷ
1306 4987 1557 5058 ἡμετέρῳ
1601 4988 1812 5059 Σωτῆρι
1838 4988 1871 5058 ἢ

296 5075 372 5146 τῷ
399 5075 724 5148 Ζοροϐάϐελ.

376 5209 394 5241 ι
442 5191 554 5242 Kal.
585 5186 743 5242 δώσω
769 5206 860 5242 σοι
899 5190 1206 5261 θησαυροὺς
1256 5192 1583 5256 σκοτεινοῦς,
1633 5193 1875 5264 ἀποκρύ-

299 5295 450 5356 φους,
485 5277 748 5349 ἀοράτους
788 5277 982 5341 ἀνοίξω
1020 5294 1132 5330 σοι’
1170 5278 1257 5332 ἵνα
1301 5277 1463 5348 γνῷς,
1498 5279 1580 5332 ὅτι
1619 5277 1730 5346 ἐγὼ
1761 5279 1874 5331 Κύ-

301 5387 412 5444 ριος
449 5372 480 5424 ὁ
515 5369 653 5432 Θεός
703 5384 832 5431 σου,
877 5372 906 5424 ὁ
956 5369 1139 5423 καλῶν
1180 5371 1241 5424 τὸ
1292 5371 1463 5442 ὄνομά
1510 5388 1624 5435 σου,
1674 5373 1702 5424 ὁ
1741 5370 1873 5434 Θεὸς

311 5459 546 5532 Ἰσραήλ.
565 5459 790 5512 Ἕνεκεν
819 5459 914 5514 τοῦ
948 5461 1135 5524 παιδός
1159 5480 1259 5532 μου
1288 5462 1502 5525 Ἰακὼὸ,
1535 5465 1625 5516 καὶ
1659 5464 1874 5536 Ἰσραὴλ

297 5551 390 5606 τοῦ
430 5547 693 5605 ὲκλεκτοῦ
741 5566 864 5619 μου,
895 5549 1007 5620 ἐγὼ
1034 5551 1251 5606 καλέσω
1289 5569 1350 5605 σε
1387 5553 1464 5623 τῷ
1500 5553 1722 5622 ὀνόματί
1747 5570 1872 5616 σου,

299 5646 394 5698 καὶ
425 5638 797 5716 προσδεξομαί
821 5659 912 5695 σε’
941 5645 1008 5697 σὺ
1035 5643 1095 5696 δὲ
1131 5645 1232 5697 οὐκ
1263 5644 1434 5713 ἔγνως
1466 5662 1554 5714 με.
1587 5665 1606 5697 ι
1644 5645 1781 5708 Τούς
1817 5663 1877 5698 τε

297 5737 429 5789 εἴσω
477 5733 689 5788 τούτων
712 5735 1140 5805 ταμιευομένους
1172 5736 1497 5808 θησαυροὺς,
1528 5740 1750 5808 ἀφανεῖς
1783 5738 1878 5792 καὶ

299 5828 570 5899 aegaeon;
605 5826 716 5888 τοῖς
747 5825 1030 5897 προτέροις
1073 5825 1348 5896 βασιλεῦσι
1374 5829 1714 5901 1πινομένους,
1746 5831 1875 5884 ἁνα-

1972 4643 2137 4702 cium,
2168 4639 2520 4694 fundamenta
2553 4637 2754 4706 quippe
2789 4643 2999 4688 tantum
3049 4629 3170 4698 ejus
3211 4643 3326 4682 aevo
3352 4641 3556 4695 ponere

1973 4742 2299 4803 ceperunt:
2338 4731 2554 4792 deinde,
2587 4728 2833 4782 cohibito
2891 4738 3075 4792 opere,
3114 4726 3363 4773 desertus
3409 4718 3557 4771 locus

1973 4824 2175 4878 mansit
2203 4838 2374 4891 usque
2405 4823 2468 4875 ad
2511 4821 2660 4874 Darii
2690 4833 2939 4887 regnum.
2978 4815 3106 4880 Quae
3139 4828 3267 4864 vero
3295 4816 3395 4863 sub
3442 4812 3558 4862 ha‘c

1974 4915 2241 4978 feruntur,
2268 4915 2488 4969 Christo
2521 4913 2702 4981 aptius
2737 4926 2900 4980 quam
2937 4907 3224 4960 Persarum
3259 4903 3369 4968 regi
3404 4917 3555 4956 com-

1976 5017 2205 5076 petant:
2238 5008 2518 5074 magisuue
2547 5004 2828 5059 ServAlori
2864 5011 3069 5062 nostro,
3115 5015 3278 5067 quam
3315 4997 3556 5050 Zoroba—

1975 5100 2103 5154 bcli.

2050 5191 2212 5247 Vsus.
2249 5193 2300 5246 3.
2353 5210 2372 5242 ‹
2427 5191 2491 5243 Et
2529 5191 2667 5243 daho
2716 5189 2811 5242 tibi
2853 5188 3141 5241 thesauros
3187 5182 3552 5245 absconditos,

1975 5283 2228 5348 latentes,
2261 5283 2502 5338 occultos
2544 5283 2636 5334 tibi
2675 5283 2912 5350 aperiam
2943 5297 2956 5338 ;
2995 5290 3051 5331 ut
3083 5291 3405 5347 cognoscas,
3427 5277 3552 5343 quia

1979 5389 2080 5442 ego
2125 5373 2379 5427 Dominus
2415 5374 2552 5426 Deus
2605 5383 2747 5434 tuus,
2791 5372 2882 5438 qui
2941 5386 3075 5422 voco
3131 5385 3322 5423 nomen
3381 5378 3553 5432 tuum,

1983 5463 2124 5522 Deus
2163 5465 2372 5520 Israel:
2423 5475 2642 5534 propter
2687 5480 2912 5533 puerum
2956 5479 3132 5516 meum
3157 5461 3343 5525 incoli,
3387 5468 3439 5512 et
3475 5457 3554 5512 ls-

1982 5556 2092 5611 rael
2126 5555 2357 5612 electum
2399 5573 2598 5617 meum.
2631 5572 2730 5626 ego
2763 5557 2970 5609 vocabo
3008 5566 3060 5608 te
3097 5555 3315 5608 nomine
3364 5563 3476 5614 tuo.
3501 5564 3554 5605 et

1980 5649 2242 5717 accipiam
2271 5659 2340 5703 te.
2386 5647 2462 5702 Tu
2495 5658 2676 5702 autem
2715 5663 2820 5700 non
2860 5648 3158 5717 cognovisti
3195 5660 3298 5700 me.
3329 5662 3350 5696 ι
3407 5646 3552 5696 intra

1981 5741 2143 5796 urbes
2168 5741 2476 5795 reconditos
2509 5741 2810 5804 thesauros,
2843 5743 3068 5793 latentes
3118 5739 3236 5794 illus
3277 5753 3331 5794 es
3383 5738 3554 5792 occul-

1982 5840 2085 5899 tos.
2121 5832 2363 5903 pristinis
2396 5833 2613 5903 regibus
2643 5831 3010 5898 absconditos,
3053 5832 3286 5901 aperiam
3313 5831 3439 5896 tibi;
3495 5841 3552 5883 ut
