4124 6402
631 390 733 449 411

1301 380 1563 437 EUSEBII
1601 377 2067 435 CAESARIENSIS
2102 378 2253 434 OPP.
2297 376 2474 434 PARS
2508 376 2599 433 Ill.
2639 408 2705 419 --
2746 372 3153 431 EXEGETICA.

3746 368 3849 429 ιιε

634 504 769 575 ipsis
790 499 1044 573 operibus
1068 489 1300 563 ediscas,
1323 499 1448 569 quis
1490 512 1591 567 ego
1628 497 1751 560 sim,
1803 497 1893 566 qui
1941 508 2066 552 ante
2109 506 2187 551 tot

2294 496 2508 550 πετάσω
2538 511 2619 548 σοι
2694 494 2769 557 ὡς
2802 493 2865 547 ἀν
2892 493 3073 555 αὐτοῖς
3095 491 3275 563 ῐργοις
3306 487 3497 560 μάθοις
3529 490 3675 551 ὅστις
3722 490 3851 545 ποτέ

636 607 809 648 annos
838 584 1169 661 ipsissimum
1220 602 1417 643 nomen
1470 586 1619 642 tuum
1674 588 2005 658 propheticis
2038 587 2185 642 Scri-

638 682 817 754 pturis
857 682 1017 744 meis,
1047 679 1205 750 quasi
1235 679 1409 750 cippis
1445 680 1687 743 arternis.
1730 678 2005 749 insculpsi.
2056 678 2186 734 Sum

636 782 818 826 autem
870 770 1013 825 Deus
1068 766 1258 833 israel,
1311 768 1454 838 quod
1504 782 1572 822 ne
1612 766 1829 837 ignores
1883 776 2119 836 oportet.
2155 781 2190 823 ο

634 861 816 933 Cyre:
857 858 1036 916 omnia
1074 857 1274 928 quippe
1319 854 1436 926 jam
1486 856 1755 913 recensita
1802 860 2013 913 tradam
2046 858 2187 925 tibi;

634 966 742 1007 non
780 948 939 1006 aliam
968 946 1039 1003 ob
1080 961 1218 1013 rem,
1244 962 1404 1017 quam
1437 956 1660 1019 propter
1688 947 1942 1017 populum
1983 962 2187 1013 meum,

633 1055 797 1108 quem
831 1036 961 1093 mihi
987 1035 1124 1107 elegi
1159 1051 1226 1092 es
1255 1035 1507 1093 omnibus
1533 1037 1808 1107 gentibus,
1836 1038 1983 1110 quod
2007 1047 2191 1108 patres

634 1146 823 1186 eorum
862 1130 916 1185 in
941 1128 1118 1199 pretio
1145 1128 1397 1184 habeam.

705 1308 871 1365 νω.
901 1307 1017 1364 5-7.
1087 1324 1109 1360 ι
1162 1308 1424 1377 Quoniam
1478 1323 1582 1380 ego
1633 1307 1893 1363 Dominus
1941 1306 2104 1374 Deus,
2136 1316 2191 1365 et

640 1416 745 1458 non
774 1412 861 1458 est
906 1402 1045 1457 alius
1081 1402 1222 1458 Deus
1254 1411 1599 1475 prater-me.
1629 1400 1984 1458 Corroboravi
2024 1411 2097 1467 te,
2136 1414 2191 1457 et

636 1511 745 1551 non
767 1494 1062 1567 cognovisti
1084 1509 1169 1550 me
1195 1510 1211 1560 ;
1238 1504 1296 1548 ut
1319 1504 1648 1563 cognoscant
1675 1494 1765 1563 qui
1790 1494 1860 1549 ab
1884 1504 2005 1550 ortu
2033 1493 2187 1557 solis,

635 1596 693 1643 et
714 1588 808 1660 qui
847 1588 915 1643 ab
942 1601 1158 1654 occasu,
1190 1585 1317 1658 quia
1375 1603 1484 1642 non
1540 1598 1627 1642 est
1674 1586 1815 1642 Deus
1849 1596 2045 1657 preter
2084 1601 2188 1639 me.

639 1677 751 1749 Ego
780 1677 1034 1734 Dominus
1063 1677 1224 1745 Deus,
1247 1688 1303 1734 et
1335 1694 1442 1735 nou
1473 1689 1559 1735 est
1608 1687 1893 1749 praterea.
1948 1678 2057 1747 Ego
2100 1677 2192 1748 qui

635 1767 927 1838 pra-paravi
966 1766 1160 1832 lucem,
1189 1778 1243 1824 et
1264 1770 1355 1839 qui
1383 1768 1484 1826 feci
1513 1770 1782 1837 tenebras,
1810 1771 1901 1842 qui
1933 1769 2072 1827 facio
2092 1784 2190 1839 pa-

2288 590 2402 659 εἰμι
2420 589 2450 641 6
2469 585 2576 658 πρὸ
2598 585 2865 639 τοσούτων
2884 583 3020 638 ἑτῶν
3038 582 3295 653 ὀνομαστὶ
3311 580 3411 653 τὴν
3445 581 3545 651 σήν
3576 578 3865 651 προσηγοέ

2289 680 2412 750 ρίαν
2441 682 2562 743 ταῖς
2592 678 2955 749 προφητικαῖς
2991 692 3093 746 μου
3116 674 3381 746 Γραφαῖς,
3417 672 3607 743 ὥσπερ
3631 672 3691 723 ιν
3718 671 3853 742 στήσ-

2286 769 2407 832 λαις
2428 766 2686 831 αἰωνίοις,
2715 764 3041 838 ἐγχαράξας.
3066 764 3198 835 Εἰμὶ
3234 764 3291 818 δὲ
3322 765 3353 818 6
3380 762 3513 825 Θεὸς
3556 759 3795 834 Ἰσραὴλ,
3820 759 3855 816 θ

2288 862 2555 932 προσήκει
2588 860 2681 913 καὶ
2714 859 2773 913 at
2804 860 2878 929 μὴ
2916 860 3160 927 ἀγνοεῖν,
3220 850 3268 910 ὧ
3306 854 3490 929 Κῦρε·
3525 854 3703 909 πάντα
3744 852 3853 925 γὰρ

2287 952 2357 1006 τά
2388 950 2749 1023 προλεχθὼτα
2777 949 3071 1021 χαριοῦμαι
3100 966 3183 1003 σοι
3216 950 3279 1003 οὺ
3305 948 3395 1003 διά
3424 966 3479 1003 τι
3500 948 3708 1019 ἓτερον,
3737 945 3851 1001 ἀλλ’

2287 1044 2473 1098 ἕνεκεν
2520 1040 2615 1096 τοῦ
2660 1041 2797 1113 ἐμοῦ
2839 1040 2968 1095 λαοῦ
2990 1083 3003 1105 ,
3045 1041 3105 1095 ὃν
3155 1039 3378 1112 ἐμαυτῷ
3415 1038 3749 1111 ἐξελεξάμην
3794 1038 3853 1106 ιε

2287 1134 2543 1188 ἁπάντων
2572 1130 2683 1185 τῶν
2727 1130 2895 1185 tam
2926 1130 3014 1185 διά
3042 1129 3139 1201 τὴν
3171 1129 3308 1202 πρὸς
3332 1128 3459 1193 τοὺς
3484 1128 3729 1201 πατέρας
3759 1127 3857 1183 αὐ-

2286 1223 2396 1276 τῶν
2422 1224 2604 1294 τιμήν.

2366 1333 2386 1366 ι
2417 1312 2541 1369 Ὀτι
2572 1311 2683 1383 εγὼ
2712 1312 2915 1385 Κύριος
2938 1314 2967 1366 6
2992 1311 3145 1377 Θεὸς,
3185 1313 3279 1367 καὶ
3295 1313 3397 1367 οὐκ
3419 1311 3566 1367 ἔστιν
3591 1311 3675 1367 ῖτι
3718 1312 3857 1385 πλὴν

2292 1405 2429 1478 ἐμοῦ
2448 1405 2601 1471 Θεός.
2645 1404 2934 1477 Ἐνίσχυσά
2954 1421 3037 1469 σε,
3062 1406 3155 1459 καὶ
3168 1405 3267 1460 οὐκ
3284 1404 3431 1478 ᾕδεις
3447 1418 3536 1477 με·
3555 1406 3643 1459 ῖνα
3657 1404 3859 1473 γνῶσιν

2291 1498 2339 1551 oi
2369 1497 2464 1551 ἀπ’
2476 1495 2746 1551 ἀνατολῶν
2767 1495 2916 1568 ήλίου
2942 1497 3105 1550 καἱοί
3128 1496 3238 1550 ἀπὺ
3262 1494 3502 1567 δυσμῶν,
3529 1494 3614 1550 δτι
3629 1497 3731 1550 οὐκ
3741 1495 3859 1552 εστι

2290 1589 2423 1654 Θεὸς
2447 1588 2586 1661 πλήν
2611 1589 2765 1660 ἐμοῦ.
2805 1586 2947 1657 Ἐγὼ
2990 1586 3193 1661 Κύριος
3223 1590 3253 1642 6
3278 1587 3433 1651 Θεὸς,
3458 1588 3555 1642 καὶ
3582 1588 3685 1641 οὒκ
3711 1586 3861 1643 εστιν

2287 1676 2390 1731 ιτι.
2436 1676 2577 1747 Ἐγὼ
2606 1679 2635 1731 6
2665 1678 3077 1742 κατασκευάσας
3101 1675 3238 1747 φῶς,
3271 1676 3366 1731 καὶ
3386 1677 3619 1749 ποιήσας
3647 1676 3859 1742 σκότος,

2290 1768 2321 1820 6
2364 1766 2535 1820 ποιῶν
2569 1767 2810 1838 εἰρήνην,
2850 1752 3174 1831 καὶκτίζων
3219 1765 3385 1821 κακά.
3422 1764 3566 1835 Ἐγὼ
3598 1763 3803 1836 Κύριος
3831 1764 3863 1818 6

636 1875 777 1928 cem,
810 1869 865 1915 et
892 1875 1018 1916 creo
1041 1861 1204 1917 mala.
1250 1861 1365 1933 Ego
1410 1862 1667 1917 Dominus
1717 1861 1878 1928 Deus,
1930 1862 2021 1931 qui
2046 1860 2187 1917 facio

2294 1856 2441 1921 θεὸς,
2473 1858 2504 1911 6
2522 1856 2693 1912 ποιῶν
2724 1856 2902 1911 πάντα
2922 1856 3114 1911 ταῦτα.
3156 1875 3176 1910 ι
3217 1854 3306 1922 Ἐξ
3328 1854 3508 1911 αὐτῶν
3527 1853 3637 1927 γάρ
3656 1852 3863 1909 τούτων

639 1952 751 2009 hac
775 1953 976 2009 omnia.
1001 1971 1021 2005 ι
1060 1952 1135 2009 Es
1166 1953 1251 2010 bis
1272 1952 1401 2023 ipsis
1427 1953 1678 2023 operibus
1716 1952 1959 2009 ediscent
1990 1969 2009 2018 ;
2063 1967 2187 2008 cum

636 2045 779 2101 enim
809 2058 1076 2102 aerumnas
1097 2045 1290 2115 populo
1313 2058 1433 2099 meo
1452 2046 1521 2099 ad
1548 2044 1957 2101 conversionem
1989 2053 2043 2098 et
2071 2043 2185 2097 dis-

638 2136 897 2206 ciplinam
951 2135 1195 2207 inﬂigere
1240 2151 1377 2207 opus
1412 2146 1555 2203 erat,
1603 2135 1841 2192 inimicis
1874 2136 2049 2207 ipsum
2080 2146 2192 2189 tra~

638 2226 770 2295 didi,
800 2229 954 2300 quasi
985 2228 1219 2285 tenebris
1247 2239 1303 2284 et
1330 2228 1426 2284 ira
1454 2227 1748 2299 impietatis
1771 2242 1937 2283 causa
1963 2226 2183 2281 dedens.

635 2316 771 2373 Cum
798 2329 975 2374 autem
1005 2320 1183 2375 denuo
1234 2334 1559 2376 convenam
1608 2327 1665 2374 et
1709 2320 1777 2374 ad
1828 2318 2104 2375 meliorem
2133 2332 2193 2372 se

639 2410 845 2483 frugem
865 2412 1234 2481 recipientem,
1261 2410 1525 2466 reducere
1548 2424 1685 2480 opus
1712 2417 1823 2475 est,
1850 2422 2193 2478 consequen-

637 2487 723 2558 ter
756 2503 909 2574 pacis
938 2503 1288 2574 omniumque
1341 2501 1605 2557 bonorum
1664 2499 1844 2556 lumen
1896 2498 2027 2570 ipsis
2060 2497 2192 2555 oriri

637 2603 871 2664 oportet.
910 2595 956 2650 Α
1005 2608 1092 2650 me
1121 2595 1319 2664 quippe
1370 2601 1425 2648 et
1467 2592 1645 2647 lumen
1672 2601 1727 2647 et
1751 2606 1871 2661 qua
1900 2590 1968 2646 ad
2004 2603 2192 2661 pacem

639 2692 885 2753 spectant
914 2684 1095 2741 omnia
1126 2683 1644 2750 subministrantur;
1670 2681 1879 2752 judicio
1907 2684 2035 2739 item
2073 2697 2194 2739 meo

641 2775 775 2832 ultio
804 2790 1018 2847 quoque
1051 2776 1341 2831 inducitur.
1378 2776 1721 2846 Quapropter
1750 2775 1894 2831 hanc
1921 2792 1951 2830 a
1985 2790 2071 2831 me
2091 2774 2191 2831 do-

637 2862 868 2919 ctrinam
890 2865 1075 2933 accipe
1104 2880 1121 2931 ;
1148 2878 1232 2919 me
1247 2862 1459 2919 scilicet
1483 2871 1539 2917 et
1562 2861 1703 2917 lucis
1739 2862 2094 2927 conditorem,
2136 2871 2195 2920 et

640 2953 789 3023 pacis
828 2953 1133 3025 largitorem
1175 2968 1317 3020 esse,
1360 2952 1720 3023 similiterque
1760 2954 2101 3010 tenebrarum
2138 2965 2195 3011 et

638 3055 825 3098 eorum
855 3057 974 3111 qua:
1004 3040 1177 3098 tristia
1204 3049 1540 3112 reputantur,
1565 3056 1686 3112 qua
1714 3057 1813 3112 pro
1844 3043 2002 3099 malis
2026 3055 2194 3115 penes

642 3129 839 3185 multos
877 3129 1181 3185 habentur:
1215 3139 1273 3183 et
1301 3140 1482 3185 tamen
1507 3129 1702 3184 horum
1729 3141 1919 3186 auctor
1956 3145 2057 3202 ego
2085 3130 2193 3187 dici

2294 1947 2627 2019 μαθήσονται
2664 1947 2774 2002 τῶν
2814 1947 3024 2019 ἔργων·
3061 1948 3151 2003 ὅτε
3188 1948 3285 2019 μιν
3328 1947 3436 2020 γάρ
3475 1944 3699 2018 λυπήρά
3724 1945 3863 2017 χρῆν

2294 2037 2591 2106 ιπαγαγεῖν
2622 2036 2703 2107 τῷ
2732 2036 2853 2109 εμῷ
2882 2036 2999 2108 λαῷ
3031 2038 3333 2109 επιστροφῇ
3366 2038 3460 2090 καὶ
3483 2034 3727 2106 παιδείᾳ,
3750 2034 3862 2097 τοῖς

2292 2126 2569 2197 πολεμίοις
2580 2126 2742 2180 αὑτὸν
2756 2124 3015 2192 tam,
3037 2124 3225 2199 ὥσπερ
3239 2126 3418 2197 σκότῳ
3428 2125 3521 2180 καὶ
3532 2124 3673 2198 ὀργῇ
3683 2140 3862 2196 παρα-

2289 2216 2412 2280 δοὺς
2432 2215 2594 2270 αὐτὸν
2604 2214 2712 2270 τῶν
2729 2215 3280 2289 ἀασημάτωνχάριψ
3297 2216 3476 2283 δαδὶ,
3506 2216 3661 2287 φησὶ,
3677 2214 3862 2268 λοιπὸν

2293 2308 2695 2381 ἐπιστρέψαντα
2726 2309 2821 2362 καὶ
2849 2308 3202 2381 ὠφελημένον
3237 2309 3502 2382 προσήκει
3532 2306 3825 2364 ἀναλαϐεῖν
3843 2348 3860 2372 ,

2291 2398 2582 2453 ἀκόλουθον
2615 2398 2683 2453 ἂν
2714 2400 2800 2471 ετη
2831 2398 2948 2467 φῶς
2977 2401 3203 2472 εἰρήνης
3242 2400 3338 2454 καὶ
3379 2399 3599 2456 πάντων
3642 2398 3863 2468 ἀγαθῶν

2293 2489 2600 2545 ἀνατέλλειν
2615 2490 2703 2543 ἐπ’
2718 2490 2901 2546 αὐτόν.
2928 2489 3018 2559 ἐξ
3037 2489 3175 2563 ὶμοῦ
3201 2491 3310 2563 γὰρ
3325 2490 3387 2545 τι
3402 2490 3520 2561 φῶς
3545 2494 3862 2563 χορηγεῖται

2292 2580 2389 2637 καὶ
2414 2579 2487 2637 τὰ
2507 2581 2608 2653 τῆς
2626 2582 2850 2655 εἰρήνης
2866 2582 3042 2637 πάντα
3054 2598 3071 2615 ·
3088 2582 3269 2655 κρίσει
3296 2582 3355 2637 δι
3367 2581 3556 2655 τῇιμῇ
3572 2582 3670 2637 καὶ
3683 2581 3753 2637 τὰ
3766 2583 3865 2654 τῆς

2291 2672 2460 2745 ὀργῆς
2495 2672 2776 2742 ιπάγεται.
2820 2671 3019 2745 Διόπερ
3051 2672 3229 2745 δόγμα
3240 2674 3372 2745 παρ’
3392 2672 3704 2746 ιμοῦτοῦτο
3722 2673 3861 2744 μάν-

2293 2763 2454 2820 θανε·
2487 2765 2565 2829 ὡς
2586 2765 2695 2837 ἄρα
2718 2763 2831 2835 ιγὼ
2862 2765 3025 2831 αὐτὸς
3046 2765 3141 2819 καὶ
3167 2766 3344 2836 φωτός
3370 2767 3488 2837 ειμι
3510 2764 3866 2839 hvmum.

2292 2858 2387 2911 καὶ
2401 2858 2625 2929 εἰρήνης
2650 2856 3127 2930 χορηγος,6μοίως
3156 2858 3218 2912 δὲ
3254 2860 3348 2913 καὶ
3380 2858 3607 2923 σκότους
3639 2858 3863 2913 καὶτῶν

2294 2945 2661 3019 νομιζομένων
2684 2945 2943 3017 λυπήριῖιν
2960 2963 2974 2977 ⁸
3003 2945 3148 3017 ἅπερ
3179 2946 3325 3001 κακά
3350 2950 3463 3010 τοῖς
3486 2946 3702 3011 πολλοῖς
3726 2942 3864 3002 εἶναι

2295 3039 2625 3109 νενόμισται,
2656 3031 2733 3093 ὧν
2759 3038 2989 3111 ποιητής
3012 3038 3079 3096 ἂν
3098 3037 3367 3111 λεχθείην,
3398 3038 3576 3111 κρίσει
3596 3039 3781 3113 δικαία
3798 3038 3867 3093 τὰ

2298 3131 2608 3205 κατάλληλα
2635 3135 2745 3199 τοῖς
2778 3131 2951 3200 ἀξίοις
2985 3131 3228 3202 ιπάγων.
3255 3132 3321 3187 Εἰ
3356 3132 3535 3186 τοίνυν
3565 3132 3679 3202 εγὼ
3710 3132 3865 3199 Θεὸς,

639 3219 870 3285 valeam,
903 3220 1050 3290 justo
1073 3218 1279 3291 judicio
1307 3218 1605 3289 promerita
1640 3219 1870 3289 singulis
1902 3220 2188 3277 inducens.

2294 3225 2389 3279 καὶ
2408 3226 2509 3279 οὐκ
2533 3224 2646 3278 ἐστι
2676 3223 2814 3295 πλήν
2841 3222 2976 3293 tuo?»
2990 3223 3197 3295 ῑτερος,
3225 3226 3256 3279 6
3277 3224 3447 3278 ποιῶν
3464 3222 3638 3277 ταῦτα
3663 3224 3863 3289 πάντα,

642 3312 705 3369 βε
732 3314 913 3383 itaque
938 3327 1040 3385 ego
1076 3312 1239 3379 Deus,
1264 3321 1319 3367 et
1342 3326 1449 3366 non
1471 3320 1553 3366 est
1577 3320 1774 3380 prater
1802 3327 1887 3367 me
1916 3312 2077 3377 alius,
2100 3314 2191 3383 qui

645 3404 760 3459 hac
810 3402 991 3458 omnia
1043 3402 1256 3471 faciat;
1299 3400 1515 3459 etiamsi
1558 3402 1835 3457 contraria
1887 3402 2193 3470 videantur,

640 3499 879 3547 attamen
909 3500 1102 3547 natura
1135 3506 1231 3546 sua
1264 3491 1541 3546 contraria
1577 3505 1685 3546 non
1722 3501 1869 3546 sunt.
1904 3488 2035 3547 Nam
2077 3508 2195 3563 qua

644 3579 782 3636 mala
827 3594 861 3636 a
909 3595 995 3635 me
1032 3578 1199 3651 iniiigi
1234 3579 1637 3643 existimantur,
1681 3594 1743 3635 ea
1785 3595 1919 3637 sane
1954 3582 2196 3637 maxime

644 3670 928 3726 conferunt
966 3671 1033 3726 nd
1067 3670 1354 3727 utilitatem
1388 3682 1446 3725 et
1475 3670 1706 3726 salutem
1746 3685 1957 3738 eorum,
1986 3672 2079 3742 qui
2112 3671 2198 3728 his

644 3758 715 3814 ad
740 3774 925 3816 sanam
949 3768 1181 3816 mentem
1212 3759 1565 3815 reducuntur.

718 3847 879 3905 Vm.
906 3849 961 3906 8.
1004 3868 1025 3902 ι
1073 3849 1307 3907 Latetur
1353 3849 1549 3905 culum
1600 3848 1855 3920 desuper,
1910 3860 1968 3906 et
2026 3850 2199 3907 nubes

645 3940 849 3996 stillent
880 3940 1140 4010 justitiam
1166 3959 1179 3994 :
1214 3941 1491 4011 aperiatur
1524 3951 1689 4005 terra,
1722 3952 1777 3996 et
1798 3942 2065 4011 germinet
2097 3943 2198 3997 mi~

645 4032 1017 4096 scricordiam,
1063 4042 1119 4088 et
1148 4030 1411 4099 justitiam
1454 4032 1591 4087 oriri
1638 4033 1805 4089 faciat
1856 4034 2041 4088 simul.
2085 4032 2198 4105 Ego

646 4139 766 4180 sum
822 4123 1104 4192 Dominus,
1154 4130 1244 4197 qui
1298 4132 1477 4187 creavi
1536 4140 1607 4186 te.
1658 4151 1677 4184 s
1733 4132 2195 4199 Quemadmodum

644 4217 789 4271 enim
825 4228 1034 4289 tempus
1056 4223 1183 4278 olim
1211 4224 1333 4289 fuit,
1363 4242 1485 4281 cum
1520 4227 1749 4283 nuhihus
1780 4228 2046 4294 mandavi,
2088 4246 2109 4280 ι
2139 4238 2197 4283 ιιι

645 4323 752 4364 non
781 4309 1024 4379 pluereut
1045 4328 1209 4384 super
1240 4316 1450 4372 vineam
1484 4316 1756 4387 pluviam;
1790 4339 1809 4371 ι
1843 4320 1915 4375 ita
1947 4328 2003 4375 et
2051 4336 2195 4376 nunc

645 4414 748 4455 suo
787 4408 1026 4472 tempore
1073 4405 1486 4463 rationabilibus
1536 4408 1772 4465 nubibus
1808 4410 1945 4466 meis
2005 4411 2199 4483 praci-

645 4489 813 4560 piam,
856 4500 916 4545 ut
946 4507 1051 4550 non
1084 4495 1335 4553 sensilem
1371 4513 1589 4569 aquam,
1624 4500 1719 4555 sed
1740 4497 2009 4569 justitiam
2035 4501 2196 4557 desu-

646 4595 742 4650 per
772 4596 839 4637 ex
868 4584 977 4640 alto
1004 4585 1209 4643 stillent
1238 4589 1323 4656 iis,
1355 4590 1449 4659 qui
1482 4590 1794 4647 inhabitant
1826 4602 2054 4648 terram.

717 4671 882 4727 νω.
912 4676 967 4741 θ,
998 4677 1085 4732 ιο.
1124 4696 1142 4730 ι
1175 4677 1312 4747 Quid
1337 4681 1532 4737 melius
1568 4683 1865 4754 prrparavi
1912 4694 1971 4739 ut
2021 4684 2191 4739 lutum

643 4764 828 4837 ﬁguli?
857 4765 991 4822 Num
1018 4769 1107 4837 qui
1144 4778 1281 4835 arat,
1315 4775 1489 4828 arabit
1536 4784 1739 4830 terram
1784 4783 1898 4830 tota
1913 4775 2194 4831 dieiNum

644 4856 787 4912 dicet
807 4858 977 4914 lutum
1024 4858 1206 4929 ﬁgulo,
1249 4862 1387 4929 Quid
1434 4864 1589 4932 facis,
1634 4866 1895 4933 quoniam
1925 4882 2031 4920 non
2063 4881 2194 4936 ope-

645 4948 808 5012 raris,
840 4963 1011 5020 neque
1036 4950 1202 5006 babes
1230 4968 1419 5009 manus
1444 4955 1467 5009 2
1497 4953 1631 5011 Num
1662 4956 1942 5025 respondit
1969 4957 2194 5028 agmen-

648 5044 760 5091 tum
793 5035 965 5093 ilctori
994 5039 1131 5093 suo?
1155 5040 1253 5106 Qui
1284 5042 1415 5099 dicit
1472 5046 1634 5113 patri,
1680 5044 1818 5113 Quid
1854 5047 2144 5118 generahis
2171 5049 2195 5103 ?

646 5132 701 5181 et
728 5125 910 5189 matri,
942 5126 1081 5193 Quid
1115 5129 1339 5197 paries?
1371 5151 1390 5185 ι
1448 5132 1612 5198 Quasi
1642 5150 1736 5188 cos
1770 5135 2073 5207 alloquens,
2103 5138 2193 5207 qui

648 5213 938 5269 universali
975 5214 1047 5269 illi
1075 5216 1427 5286 providentia
1473 5232 1528 5277 et
1572 5222 2028 5281 administrationi
2060 5242 2194 5282 con-

648 5304 940 5373 tradicunt,
970 5305 1046 5359 ait
1069 5326 1082 5361 :
1104 5306 1191 5363 Va:
1219 5310 1308 5379 qui
1336 5314 1665 5368 contradicit
1700 5313 1876 5371 lictori
1906 5312 2025 5371 suo.
2060 5315 2193 5371 Nam

645 5398 861 5465 quando
884 5398 1232 5469 castigatione
1256 5412 1310 5457 et
1336 5405 1691 5460 conversione
1719 5420 1851 5475 opus
1871 5418 2009 5475 erat,
2044 5406 2199 5463 Jeru-

647 5485 815 5540 salem
844 5488 999 5557 quasi
1026 5499 1217 5544 testam
1250 5492 1500 5547 contrivi.
1553 5504 1608 5549 et
1659 5497 1913 5565 templum
1960 5499 2196 5554 inimicis

650 5585 701 5628 ct
743 5577 983 5634 hostibus
1015 5579 1247 5649 tradidi;
1291 5598 1411 5639 cum
1454 5594 1635 5640 autem
1686 5598 1806 5656 post
1846 5588 2194 5646 suﬂicientem

655 5666 857 5721 illatam
892 5685 1125 5738 poenam,
1178 5673 1565 5729 humanitatem
1612 5678 1867 5735 exhibere
1916 5682 2189 5750 oportuit;

662 5768 781 5814 tunc
811 5769 863 5815 et
894 5762 1143 5832 templum
1192 5776 1243 5821 ut
1292 5768 1479 5825 urbem
1530 5770 1769 5838 pristin‘s
1830 5774 2197 5841 prmatantiora

2296 3314 2398 3369 κᾶν
2424 3314 2645 3369 ἐναντία
2674 3310 2819 3370 εἶναι
2856 3314 3011 3386 δοκῇ,
3044 3315 3146 3369 οὐκ
3176 3314 3307 3368 ὂντα
3328 3316 3396 3385 τῇ
3425 3313 3585 3384 φύσει
3620 3313 3860 3371 blank.

2307 3406 2457 3463 Ἐπεὶ
2488 3407 2582 3461 καὶ
2606 3406 2674 3461 τά
2699 3406 3027 3477 νομιζόμενα
3047 3406 3140 3461 ὑπ’
3160 3404 3295 3477 ιμοῦ
3323 3403 3863 3475 ἐπάγεσθαικακάτά

2298 3495 2529 3567 μέγιστα
2563 3495 2940 3566 συμϐάλλοιντ⁹
2970 3497 3038 3550 ἀν
3083 3496 3218 3568 πρὸς
3248 3496 3517 3567 ὠφέλειαν
3556 3496 3652 3551 καὶ
3686 3512 3863 3570 σωτή-

2297 3589 2418 3660 ρίαν
2442 3586 2551 3643 τῶν
2580 3588 2647 3643 δι’
2681 3586 2858 3642 αὐτῶν
2891 3588 3389 3660 σωφρονιζομένων.

2373 3873 2391 3905 ε
2424 3852 2791 3925 εὐφρανθήτω
2828 3856 2859 3908 6
2898 3854 3127 3928 οὐρανος
3164 3855 3393 3919 ἀνωθεν,
3433 3854 3527 3909 καὶ
3558 3854 3617 3909 αἰ
3645 3852 3863 3923 νεφέλαι

2298 3946 2614 4016 ῥανάτωσαν
2657 3946 3029 4018 δικαιοσύνην·
3068 3946 3405 4003 suum»
3433 3948 3468 4018 ή
3492 3948 3585 4017 γῆ.
3619 3946 3717 4001 καὶ
3745 3944 3866 4016 βλα-

2300 4034 2552 4105 πησάτω
2594 4035 2776 4101 ἕλεος,
2834 4036 2928 4091 καὶ
2974 4037 3319 4110 δικαιοσύνην
3361 4036 3695 4093 mum
3724 4035 3860 4109 ἃμα.

2309 4124 2450 4193 ’1)γὼ
2469 4128 2585 4197 εἰμι
2611 4127 2815 4199 Κύριος
2840 4129 2871 4183 6
2892 4132 3083 4195 κτίσας
3110 4146 3193 4184 σε.
3226 4150 3246 4182 ε
3276 4130 3488 4202 Ὠσπερ
3506 4129 3617 4202 γὰρ
3642 4124 3713 4202 ἦν
3744 4145 3867 4185 καιο

2299 4214 2390 4286 ρός
2423 4232 2575 4280 ποτε,
2623 4217 2711 4270 ὅτε
2752 4219 2874 4281 ταῖς
2912 4218 3164 4288 νεφέλαις
3203 4219 3557 4292 ινετειλάμήν
3587 4238 3609 4273 ε
3645 4218 3746 4276 τοῦ
3789 4218 3863 4291 μὴ

2300 4306 2485 4377 βρέξαι
2510 4308 2589 4372 εἰς
2617 4308 2708 4361 τὸν
2722 4308 3020 4379 ἀμπελῶνα
3051 4310 3225 4376 ὑετὸν,
3253 4330 3273 4363 ι
3301 4310 3444 4365 οὕτω
3463 4310 3558 4366 νῦν
3580 4310 3725 4367 κατά
3746 4328 3865 4366 και-

2302 4398 2391 4469 ρὸν
2415 4400 2534 4463 ταῖς
2584 4400 2741 4469 ἐμαῖς
2771 4399 3019 4468 νεφέλαις
3057 4400 3301 4470 λογικαῖς
3330 4401 3517 4468 οὔσαις
3543 4404 3864 4476 προστάσσω

2226 4538 2272 4596 υ
2403 4489 2659 4561 αἰσθητὸν
2691 4490 2855 4562 ὕδωρ,
2890 4491 3027 4545 ἀλλά
3059 4492 3161 4563 τήν
3187 4492 3533 4565 δικαιοσύνην
3560 4493 3769 4550 ἀνωθεν
3803 4494 3865 4561 ιε

2301 4577 2465 4648 ὕψους
2480 4580 2779 4652 επιραίνειν
2808 4585 2921 4645 τοῖς
2940 4583 3040 4654 τὴν
3070 4584 3172 4655 γῆν
3183 4584 3411 4640 οἰκοῦσι.

2376 4689 2394 4721 ι
2412 4670 2568 4724 Ποῖον
2599 4670 2804 4742 βέλτιον
2838 4676 3217 4731 κατεσκεύασα
3242 4676 3319 4741 ὡς
3349 4676 3520 4750 πηλὸν
3542 4678 3863 4750 κεραμὲωςς

2300 4759 2389 4831 Μή
2419 4762 2449 4814 6
2474 4762 2743 4834 ἀροτριῶν
2768 4765 3081 4836 ἀροτριάσει
3108 4766 3207 4838 τήν
3234 4768 3339 4839 γῆν
3364 4768 3864 4844 δληντήνήμιρανδ

2298 4852 2389 4923 Μή
2405 4854 2521 4924 ἐρεῖ
2534 4855 2563 4907 6
2580 4854 2749 4924 πηλὸς
2768 4856 2846 4927 τῷ
2862 4861 3111 4929 κεραμεῖ,
3130 4860 3196 4914 Τί
3213 4864 3405 4927 ποιεῖς,
3421 4863 3504 4916 ὃτι
3518 4864 3619 4917 οὐκ
3632 4862 3865 4939 ἔργάζῃ,

2299 4942 2417 4996 οὐδὲ
2433 4943 2578 5014 ἔχεις
2604 4947 2791 5017 χεῖρας
2812 4949 2933 5020 ;Μή
2949 4950 3376 5023 ἀποκριθήσεται
3398 4953 3461 5007 τὸ
3485 4953 3713 5026 πλάσμα
3732 4956 3869 5029 πρὸς

2301 5034 2389 5087 τὸν
2402 5035 2681 5089 πλάσαντα
2699 5038 2827 5091 αὑτό
2846 5055 2860 5104 ;
2879 5040 2936 5092 Ὀ
2958 5040 3129 5112 λέγων
3154 5042 3231 5115 τῷ
3249 5044 3434 5117 πατρὶ,
3454 5046 3519 5100 Τί
3546 5046 3828 5118 γεννήσεις
3846 5066 3862 5115 ;

2303 5135 2473 5206 καὶτῇ
2494 5135 2752 5206 μητρὶ,Τί
2778 5133 2986 5201 ὡδίνεις
3006 5155 3020 5203 ;
3048 5138 3134 5202 '0;
3152 5140 3262 5212 γὰρ
3278 5139 3415 5212 πρὸς
3426 5140 3553 5205 τοὺς
3564 5140 3869 5211 ἀντιλέγον-

2297 5243 2395 5289 τας
2420 5229 2487 5297 τῇ
2514 5226 2738 5280 καθόλου
2774 5228 2996 5300 προνοίᾳ
3025 5247 3084 5283 τε
3113 5231 3206 5283 καὶ
3231 5230 3494 5302 διοικήσει
3514 5231 3680 5302 φησίν
3696 5250 3711 5264 ·
3733 5232 3868 5287 οὐαὶ

2298 5319 2327 5369 6
2355 5318 2648 5387 ἀντιλέγων
2679 5318 2758 5389 τῷ
2798 5319 3060 5374 πλάσαντι
3089 5322 3271 5376 αὐτόν.
3310 5323 3439 5376 ὐτε
3481 5322 3581 5393 μὲν
3602 5322 3713 5394 γὰρ
3742 5334 3869 5378 παι-

2298 5408 2463 5473 δείας,
2498 5411 2588 5464 καὶ
2616 5412 2949 5483 ἐπιστροφῆς
2992 5414 3153 5485 χρεία
3176 5409 3267 5485 ἦν,
3306 5414 3401 5467 καὶ
3445 5414 3740 5488 συνετριψα
3769 5415 3869 5487 τήν

2312 5500 2664 5573 Ἰερουσαλὴμ
2699 5502 2775 5567 ὡς
2807 5502 3093 5575 ὄστρακον,
3132 5508 3226 5559 καὶ
3255 5506 3350 5561 τὸν
3387 5507 3515 5561 ναὸν
3538 5508 3753 5579 ἐχθροῖς
3778 5509 3870 5562 καὶ

2313 5589 2585 5661 πολεμίοις
2627 5592 2948 5663 παρέδωκαο
2993 5594 3083 5647 ὅτε
3122 5593 3181 5648 δὲ
3228 5594 3390 5649 πάλιν
3440 5596 3546 5667 χρὴ
3591 5595 3732 5666 μετά
3769 5595 3871 5667 τήν

2308 5682 2486 5735 αὐτῶν
2518 5684 2764 5755 αὐτάρκη
2816 5686 3083 5752 παιδείαν,
3113 5686 3181 5741 τὰ
3213 5688 3311 5757 τῆς
3346 5686 3753 5760 φιλανθρωπίας
3786 5688 3870 5742 ιν-

2304 5773 2597 5841 οξιξατθαι,
2628 5776 2745 5829 τότε
2784 5776 3025 5847 βελτίονα
3057 5778 3150 5831 τοῦ
3195 5778 3459 5851 προτέρου
3494 5777 3868 5834 κατεσκεύασα
