4124 6412
600 384 704 439 415

1265 379 1531 440 EUSEBII
1569 379 2043 438 CA‘ZSARIENSIS-
2072 379 2225 435 OPP.
2267 378 2446 434 PARS
2485 377 2576 434 ιιι.
2615 407 2681 418 -—
2721 369 3134 430 EXEGETICA.

3711 363 3814 417 ιιιξ

599 511 676 554 vit
704 502 984 569 As'gyptus,
1030 509 1084 552 et
1126 498 1417 566 negotiatio
1450 495 1786 566 Ethiopum,
1832 507 1883 550 et
1933 495 2150 550 Sahaim

2267 511 2406 555 πτος.
2438 494 2532 546 καὶ
2569 491 2806 561 ἐμπορία
2832 487 3123 544 Αἰθιόπων,
3158 483 3252 536 καὶ
3287 481 3336 535 οί
3367 481 3612 548 Σαοαειμ
3634 476 3822 548 ἀνδρες

598 593 698 644 viri
737 590 931 644 excelsi
973 590 1039 643 ad
1075 601 1123 644 te
1151 588 1475 652 transibunt,
1510 597 1564 640 et
1592 588 1684 641 tibi
1718 588 1860 642 servi
1892 596 2071 650 erunt,
2104 596 2159 640 et

597 691 718 750 post
749 692 797 734 te
827 691 1116 750 sequentur
1159 680 1322 733 vincti
1363 678 1589 732 manicis
1616 696 1630 732 :
1657 687 1712 733 et
1746 679 2055 732 transibunt
2091 679 2156 731 ad

601 783 652 825 te
677 815 690 834 ,
731 783 778 824 et
817 774 1116 827 adorabunt
1144 781 1194 824 te
1219 787 1232 834 ;
1269 779 1319 825 et
1347 770 1400 823 in
1441 778 1492 823 te
1517 772 1881 839 precabuntur
1906 789 1919 824 :
1947 773 2070 837 quia
2104 769 2156 822 in

608 874 658 916 te
691 865 828 918 Deus
854 875 955 930 est,
983 874 1036 916 ct
1063 879 1164 916 non
1191 871 1271 916 est
1297 862 1434 916 Deus
1470 872 1667 931 praeter
1709 871 1779 916 te.
1811 881 1828 912 ι
1872 860 2158 931 Egyptum

607 958 680 1009 ait
710 956 1020 1009 idololatria:
1058 969 1242 1007 errore
1284 953 1576 1014 laborasse,
1622 952 1835 1022 quando
1869 952 2080 1005 diabolo
2106 960 2162 1005 et.

602 1047 870 1102 ministris
906 1045 1021 1113 ejus
1069 1045 1404 1098 dmmouibus
1448 1043 1689 1112 subjecta
1730 1054 1886 1097 erat:
1924 1052 2158 1096 attamen

603 1156 632 1193 a
685 1140 868 1194 labore
921 1137 1272 1191 recreandam
1323 1133 1610 1204 Egyptum
1663 1146 1783 1187 esse
1835 1131 2156 1201 pollicetur:

601 1245 706 1299 qua
755 1237 917 1283 totum
959 1227 1272 1281 idololatriae
1327 1241 1496 1294 genus
1539 1225 1856 1279 subindicat.
1911 1240 1930 1274 ι
1961 1223 2024 1276 Et
2057 1221 2156 1277 Sa-

601 1321 744 1373 baim
779 1320 879 1372 viri
918 1318 1137 1374 excelsi.
1173 1337 1190 1369 ι
1233 1316 1394 1384 Qneis
1438 1318 1742 1387 signiﬁcare
1785 1315 1995 1369 videtur
2037 1315 2160 1368 bar-

600 1411 758 1465 baras
793 1411 1048 1479 quasdam
1095 1411 1461 1478 immanesque
1497 1417 1706 1478 gentes,
1735 1417 1975 1461 extrema
2007 1417 2163 1463 terra?

604 1502 915 1566 incolentes,
951 1516 1088 1569 quas
1117 1500 1331 1555 Christo
1371 1501 1613 1555 subditas
1650 1499 1765 1554 fore
1801 1499 2159 1564 vaticinatur;

603 1609 777 1661 quare
814 1594 1027 1649 subdit:

671 1852 834 1908 Vens.
865 1857 946 1918 l5,
981 1857 1065 1910 16.
1106 1874 1123 1907 ι
1147 1857 1212 1912 Ει
1249 1867 1368 1927 post
1405 1867 1453 1910 te
1479 1864 1771 1925 sequentur
1799 1855 1962 1909 vincti
1995 1853 2160 1907 mani-

602 1949 698 2000 cis.
739 1947 816 2000 Tu
854 1950 996 2001 enim
1045 1965 1102 2001 es
1146 1949 1305 2012 Deus,
1351 1947 1785 2010 etnescivimus,
1819 1946 1958 1999 Deus
1999 1943 2162 1997 Israel

605 2039 862 2092 salvator.
895 2039 1304 2094 Confundentnr
1329 2049 1381 2094 et
1411 2037 1732 2092 erubescent
1766 2051 1951 2090 omnes
1981 2037 2165 2090 adver-

603 2131 731 2184 sarii
773 2132 931 2199 ejus:
983 2141 1037 2185 et
1079 2132 1426 2185 ambulahuut
1468 2130 1519 2182 in
1557 2129 1890 2183 confusione.
1938 2128 2165 2182 lnnova-

605 2223 732 2275 mini
778 2225 843 2276 ad
885 2239 985 2289 me,
1025 2224 1232 2276 insulae.
1262 2242 1281 2272 ι
1330 2221 1606 2288 Quomodo
1649 2221 1962 2276 confusione
1997 2230 2048 2275 et
2078 2236 2168 2288 pu-

603 2314 732 2367 dore
780 2315 966 2381 repleti
1019 2318 1148 2379 sint,
1199 2329 1430 2379 omnes,
1476 2314 1566 2381 qni
1621 2313 1787 2365 variis
1837 2311 2165 2379 temporibus

603 2405 896 2457 adversarii
932 2405 1098 2470 l‘nere,
1155 2405 1360 2474 ipsique
1411 2403 1591 2472 populi
1643 2417 1706 2455 ex
1758 2403 2166 2455 circumcisione

604 2503 760 2562 atque
808 2508 871 2547 ex
921 2497 1167 2559 gentibus
1215 2497 1483 2557 universi,
1535 2495 1622 2562 qui
1670 2503 1852 2546 contra
1910 2492 2167 2548 ecclesias

604 2585 719 2650 ejus
803 2587 1227 2652 persecutionem
1289 2588 1629 2651 excitarunt,
1702 2584 1831 2652 ipsis
1905 2585 2164 2654 operibus

607 2676 777 2744 magis
815 2693 972 2745 quam
1022 2692 1267 2731 sermone
1306 2677 1628 2730 declaratur.

676 2764 834 2821 Vsus.
877 2768 956 2821 t7.
1025 2769 1237 2822 «Israel
1302 2768 1537 2821 salvatur
1588 2784 1614 2821 a
1671 2767 1930 2831 Domino,
1994 2767 2165 2822 salute

606 2866 803 2910 mlerua
849 2878 861 2912 :
906 2876 1008 2912 non
1063 2860 1479 2918 conlundentur,
1529 2874 1702 2926 neque
1729 2859 2048 2912 erubesccut
2079 2874 2166 2911 us-

605 2966 708 3018 que
737 2953 787 3002 iu
817 2966 1096 3004 aeternum.
1125 2970 1142 3002 ι
1183 2950 1305 3004 llzee
1335 2965 1494 3018 porro
1521 2950 1850 3018 conjunctim
1885 2958 2066 3017 postea
2103 2952 2166 3001 de

607 3043 876 3110 apostolis,
919 3044 1197 3110 discipulis
1231 3051 1285 3095 et
1341 3042 1689 3109 cvangelistis
1722 3041 2022 3094 Salvatoris
2066 3055 2164 3094 uo-

2260 584 2449 654 ὑψηλοὶ
2499 585 2591 635 ἐπὶ
2627 583 2684 635 σὲ
2722 581 3084 650 διαϐήσονται,
3131 575 3224 628 καὶ
3256 574 3339 626 σοὶ
3372 571 3584 624 ἔσονται
3625 567 3820 627 δοῦλοι,

2259 674 2354 727 καὶ
2376 674 2552 726 ὀπίσω
2579 690 2670 724 σου
2705 669 3123 738 ἀκολουθήσουσι
3152 664 3421 735 δεδεμένοι
3448 660 3788 732 χειροπέδαις
3805 674 3819 687 ·

2259 766 2351 818 καὶ
2375 765 2714 834 διαϐήσονται
2740 763 2874 833 πρὸς
2901 760 2978 816 σὲ.
3006 758 3101 811 καὶ
3137 753 3564 828 προσκυνήσουσί
3592 769 3702 805 σοι·
3731 752 3824 804 καὶ

2259 858 2316 907 ὲν
2362 858 2443 910 σοὶ
2486 853 2898 926 προσεύξονται’
2945 853 3025 904 ὅτι
3078 852 3134 902 ὲν
3168 847 3250 900 σο)⁵
3290 849 3320 900 6
3358 845 3492 909 Θεός
3540 846 3676 907 ἐστι,
3729 843 3825 894 καὶ

2259 949 2359 1000 οὐκ
2397 947 2507 999 ἔστι
2542 945 2673 1008 Θεὸς
2709 945 2844 1014 πλὴν
2879 941 2992 995 σοῦ.
3033 960 3052 991 ›
3095 939 3363 1006 Αἴγυπτον
3394 935 3452 988 δέ
3498 949 3627 1003 φησι
3665 949 3824 1008 κεκο-

2263 1038 2512 1090 πιακέναι
2552 1034 2638 1088 διὰ
2673 1037 2769 1104 τῆς
2804 1031 3182 1100 είδωλολὰτρου
3219 1027 3446 1096 πλάνης,
3480 1023 3718 1094 ὁπηνίκα
3750 1019 3826 1091 τῷ

2259 1128 2487 1198 διαϐόλῳ
2517 1127 2609 1179 καὶ
2635 1128 2747 1188 τοῖς
2775 1125 2904 1195 περὶ
2926 1123 3085 1177 αὑτὸν
3121 1119 3334 1189 δαίμοσι
3371 1117 3626 1186 πονηροῖς
3660 1130 3825 1167 κατα-

2260 1216 2546 1270 δεδούλωτο
2565 1232 2577 1244 ·
2620 1214 2760 1284 πλὴν
2792 1212 2905 1265 ἀλλ’
2936 1213 3083 1282 ὅμως
3111 1205 3567 1262 διαναπαύσεσθαι
3608 1202 3704 1257 τοῦ
3733 1203 3825 1256 κό-

2263 1325 2363 1360 που
2402 1307 2500 1375 τὴν
2537 1305 2807 1374 Αἴγυπτον
2847 1301 3267 1370 ὲπαγγέλλεται’
3316 1297 3382 1350 δι’
3429 1296 3597 1365 αὐτῆς
3628 1296 3736 1347 πᾶν
3768 1294 3827 1346 τὸ

2261 1400 2360 1468 τῆς
2405 1396 2842 1468 εἰδωλολατρείας
2888 1394 3042 1462 γένος
3079 1389 3463 1459 αἰνιττόμενος.
3519 1406 3536 1438 ι
3578 1387 3688 1439 Καὶ
3726 1387 3827 1438 Σα-

2263 1488 2428 1559 6αεὶμ
2458 1489 2643 1560 ἄνδρες
2665 1486 2876 1558 ὑψηλοί.
2916 1505 2935 1537 ι
2962 1486 3039 1537 Δι’
3066 1478 3139 1538 ῶν
3162 1482 3444 1553 σημαίνειν
3464 1480 3605 1532 ἔοικε
3628 1477 3828 1549 βάρϐα-

2265 1581 2333 1651 ρά
2373 1598 2492 1634 τινα
2523 1582 2616 1634 καὶ
2647 1581 2913 1650 ἀνήμερα,
2947 1578 3042 1630 καὶ
3079 1578 3137 1628 ἐν
3166 1577 3278 1639 τοῖς
3315 1572 3567 1640 ἐξωτάτω
3601 1574 3702 1642 τῆς
3726 1573 3828 1640 γῆς

2262 1671 2514 1724 οίκοῦντα
2535 1671 2661 1741 ἔθνη
2681 1688 2694 1701 ·
2719 1671 2755 1725 ἃ.
2781 1670 2844 1740 δὴ
2874 1668 3179 1723 δουλεύσειν
3208 1667 3287 1738 τῷ
3306 1666 3527 1739 Χριστῷ
3552 1665 3793 1728 θεσπίζει
3810 1681 3823 1693 ⁸

2265 1761 2345 1814 διὸ
2369 1762 2638 1828 ἐπιλέγει·

2339 1892 2356 1922 ι
2390 1873 2499 1926 Καὶ
2518 1873 2691 1926 ὀπίσω
2724 1889 2816 1924 σου
2842 1869 3259 1941 ἀκολουθήσουσι
3282 1868 3551 1940 δεδεμένοι
3581 1866 3827 1938 χειροπε-

2261 1966 2397 2028 δαις.
2441 1963 2511 2016 Σὺ
2547 1963 2654 2032 γάρ
2690 1958 2738 2014 εἷ
2781 1963 2933 2026 Θεὸς,
2966 1964 3060 2016 καὶ
3087 1962 3184 2014 οὐκ
3215 1960 3456 2031 ᾔδειμεν,
3501 1961 3530 2012 6
3573 1959 3704 2022 Θεὸς
3736 1956 3826 2010 τοῦ

2274 2053 2490 2124 Ἰσραὴλ
2530 2056 2734 2125 σωτήρ.
2772 2053 3229 2124 Αἰσχυνθήσονται
3271 2052 3365 2105 καὶ
3400 2051 3826 2120 ἐντραπήσονται

2263 2143 2462 2206 πάντες
2513 2145 2560 2196 οἱ
2612 2143 2969 2212 ἀντικείμενοι
3023 2142 3190 2211 αὐτῷ,
3238 2142 3332 2194 καὶ¹
3381 2140 3734 2210 πορεύσονται
3771 2140 3826 2190 ὲν

2264 2232 2510 2304 αἰσχύνῃ.
2582 2230 2980 2299 Ἐγκαινίζεσθε
3041 2231 3176 2302 πρὸς
3227 2231 3313 2299 μὲ,
3364 2230 3535 2298 νῆσοι.
3580 2247 3598 2279 ι
3643 2228 3826 2290 Ὅπως

2264 2324 2320 2375 δὲ
2362 2323 2810 2396 κατῃσχύνθησαν
2864 2323 2957 2376 καὶ
3009 2322 3384 2392 ἐνετράπησαν
3428 2321 3626 2382 πάντες
3655 2319 3703 2371 οἱ
3733 2335 3830 2371 κα-

2266 2413 2332 2465 τά
2352 2415 2570 2484 καιροὺς
2598 2413 2974 2482 ἀντικείμενοι,
2995 2413 3143 2463 αύτοί
3172 2428 3230 2462 τε
3256 2412 3302 2463 οἱ
3328 2411 3390 2462 ὲκ
3414 2411 3712 2479 περιτομῆς
3736 2407 3828 2460 καὶ

2264 2501 2370 2554 τῶν
2389 2503 2554 2554 ἐθνῶν
2588 2502 2786 2564 πάντες
2814 2503 2861 2554 οἱ
2888 2502 3011 2562 τοὺς
3037 2499 3175 2552 κατά
3199 2503 3296 2569 τῆς
3325 2497 3645 2567 Ἑκκλησίας
3665 2496 3830 2549 αὑτοῦ

2263 2593 2533 2662 διωγμοὺς
2565 2592 2877 2659 ἐξάψαντες.
2903 2593 3105 2654 παντὸς
3127 2591 3283 2658 λόγου
3313 2589 3508 2660 μᾶλλον
3539 2591 3574 2659 ἡ
3601 2589 3691 2642 διὰ
3720 2588 3828 2641 τῶν

2265 2681 2440 2752 ἔργων
2472 2681 2742 2752 μαρτυρία
2769 2682 3111 2752 παρίστησιν.

2342 2792 2359 2822 ι
2412 2773 2622 2844 Ἰσραὴλ
2649 2773 2876 2836 σώζεται
2921 2774 3024 2826 ὑπὸ
3048 2771 3248 2842 Κυρίου
3279 2770 3548 2841 σωτηρίαν
3579 2769 3793 2822 αἰώνιον
3812 2785 3825 2797 ”

2264 2865 2363 2916 οὐκ
2416 2863 2875 2934 αίσχυνθήσονται.
2919 2863 3038 2914 οὐδὲ
3095 2865 3166 2931 μὴ
3217 2862 3550 2929 ὲντραπῶσιν
3587 2860 3692 2924 ἕως
3735 2859 3829 2912 τοῦ

2267 2955 2459 3018 αἰῶνος
2485 2955 2584 3008 ἔτι.
2622 2974 2641 3007 ι
2671 2957 2778 3008 Καὶ
2803 2954 2972 3006 ταῦτα
3003 2955 3058 3006 δὲ
3083 2952 3388 3010 ἀκολούθως
3411 2951 3676 3020 συνῆπται
3705 2952 3830 3021 περὶ

2265 3047 2372 3099 τῶν
2415 3046 2722 3100 ἀποστόλων
2770 3049 2863 3099 καὶ
2893 3045 3144 3116 μαθητῶν
3181 3045 3273 3096 καὶ
3311 3041 3703 3111 εῦαγγελιστῶν
3734 3041 3829 3096 τοῦ

608 3134 704 3185 stri
749 3134 1040 3186 dicuntur:
1074 3134 1171 3204 ipsi
1223 3147 1454 3202 namque
1501 3142 1658 3185 erant
1702 3131 1858 3186 Israel
1909 3132 2030 3195 ille,
2075 3132 2162 3198 qui

2267 3137 2516 3207 Σωτῆρος
2538 3136 2691 3208 ἡμῶν
2709 3154 2721 3167 ⁸
2747 3137 2902 3190 αὐτοὶ
2926 3137 3034 3205 γὰρ
3053 3130 3191 3206 ἦσαν
3210 3136 3237 3186 6
3262 3133 3561 3203 σωζόμενος
3593 3134 3827 3205 Ἰσραή-λο

607 3225 777 3277 salute
825 3226 1052 3278 donatur
1086 3246 1097 3279 :
1137 3239 1198 3278 ac
1250 3240 1433 3278 eorum
1488 3238 1647 3290 opera
1703 3224 2014 3292 plerumque
2052 3238 2163 3276 me-

613 3324 830 3368 morata:
880 3315 1063 3368 insula:
1114 3325 1378 3368 renovatae
1429 3325 1572 3369 sunt.
1626 3315 1790 3368 Erant
1836 3325 2011 3366 autem
2065 3314 2166 3367 illa:

614 3405 702 3458 Dei
763 3405 1004 3460 ecclesiae
1065 3422 1184 3475 quae
1251 3421 1347 3460 ceu
1414 3406 1546 3458 mari
1612 3406 1732 3460 vita:
1802 3406 1997 3458 malitia
2050 3422 2165 3459 am-

609 3497 848 3550 biuutur.

682 3587 840 3642 Vens.
873 3587 959 3650 18,
987 3587 1074 3642 19.
1117 3606 1134 3638 ι
1160 3585 1249 3642 Sic
1281 3587 1412 3641 dicit
1447 3587 1726 3652 Dominus,
1758 3587 1848 3656 qui
1899 3586 2026 3641 fecit
2055 3601 2164 3642 cm-

611 3678 719 3729 lum
755 3696 767 3730 :
813 3671 911 3731 iste
947 3678 1107 3742 Deus,
1148 3679 1234 3747 qui
1261 3680 1496 3733 ostendit
1527 3688 1748 3743 terram,
1785 3688 1838 3732 et
1867 3678 1993 3732 fecit
2021 3695 2162 3742 eam,

613 3771 724 3839 ipse
768 3770 1011 3824 distinxit
1054 3785 1194 3824 eam.
1247 3770 1360 3824 Non
1405 3770 1599 3823 frustra
1646 3770 1769 3823 fecit
1811 3785 1947 3832 eam,
1984 3769 2077 3823 sed
2113 3778 2169 3822 ut

611 3861 945 3915 habitaretur
976 3861 1255 3930 plasmavit
1296 3877 1436 3915 eam.
1495 3861 1604 3930 Ego
1645 3876 1760 3915 sum
1795 3857 2065 3922 Dominus,
2113 3870 2168 3914 et

614 3967 719 4006 non
751 3963 831 4006 est
867 3952 1020 4005 alius.
1046 3972 1064 4004 ι
1120 3952 1211 4006 llis
1239 3956 1480 4016 docetur,
1527 3967 1630 4006 non
1677 3951 2029 4022 ignorandum
2072 3966 2169 4004 no-

616 4045 737 4107 bis,
794 4043 1063 4096 hominum
1124 4059 1288 4112 genus
1350 4058 1542 4114 magno
1591 4044 1730 4112 apud
1791 4044 2166 4097 universorum

618 4135 897 4188 Dominum
941 4134 1103 4187 Deum
1156 4137 1206 4187 in
1251 4135 1453 4189 honore
1497 4135 1732 4189 habitum
1780 4148 1899 4188 esse
1946 4152 1957 4186 :
2003 4148 2171 4203 quare

617 4225 786 4290 ipsum
824 4223 1043 4279 salutari
1088 4227 1366 4280 vocatione
1401 4226 1648 4294 dignatus
1676 4235 1783 4288 est,
1814 4239 2021 4280 necnon
2051 4239 2170 4278 om-

2270 3230 2363 3282 καὶ
2413 3229 2479 3280 δι’
2531 3228 2706 3280 αὐτῶν
2743 3226 3187 3295 ἀνεκαινίσθησαν
3221 3225 3278 3277 αἱ
3311 3223 3564 3288 πολλάκις
3609 3224 3700 3277 διὰ
3723 3224 3832 3276 τῶν

2267 3321 2572 3393 ἔμπροσθεν
2609 3319 2926 3390 δηλωθεῖσαι
2981 3320 3153 3387 νῆσοι.
3185 3312 3353 3370 Αύται
3381 3315 3437 3368 δὲ
3466 3311 3602 3385 ἦσαν
3640 3317 3832 3369 αί-ὲκ-

2267 3414 2485 3484 κλησίαι
2528 3412 2622 3464 τοῦ
2653 3410 2786 3464 Θεοῦ
2811 3410 2887 3474 ὼς
2921 3410 3012 3462 ἐπὶ
3038 3408 3311 3478 θαλάσσης
3337 3407 3700 3478 κυκλούμεναι
3730 3407 3834 3461 ὑπὸ

2266 3505 2368 3574 τῆς
2399 3505 2491 3557 τοῦ
2523 3503 2636 3573 βίου
2665 3502 2882 3565 κακίας.

2341 3613 2359 3645 ι
2396 3593 2579 3656 υῦτως
2598 3591 2742 3659 λέγει
2774 3589 2973 3660 Κύριος
3017 3589 3044 3640 6
3080 3590 3311 3660 ποιήσας
3339 3588 3428 3641 τὸν
3453 3585 3710 3656 οὐρανόν·
3749 3581 3834 3640 οἷς

2265 3703 2355 3749 τος
2383 3687 2411 3739 ό
2438 3686 2570 3747 Θεὸς
2612 3687 2640 3737 6
2679 3683 2999 3747 καταδείξας
3039 3683 3163 3751 τὴν.
3185 3684 3309 3752 γῆν,
3344 3681 3436 3734 καὶ
3469 3681 3704 3749 ποιήσας
3736 3681 3830 3732 αύ-

2267 3778 2385 3848 τὴν,
2433 3776 2594 3838 αὐτὸς
2635 3773 2885 3846 διώρισεν
2925 3774 3110 3844 αὐτήν.
3152 3774 3265 3827 Οὐκ
3291 3774 3371 3835 είς
3402 3771 3554 3825 κενὸν
3582 3771 3833 3840 ἐποίησεν

2270 3870 2458 3940 αὐτὴν,
2485 3868 2618 3922 ἀλλά
2654 3867 3018 3920 κατοικεῖσθαι
3067 3865 3296 3918 ἔπλασεν
3334 3866 3519 3936 αὑτήν.
3557 3863 3697 3932 Ἑγὼ
3721 3865 3834 3934 είμι

2272 3960 2495 4030 Κύριος,
2530 3959 2622 4011 καὶ
2648 3959 2748 4011 ούκ
2787 3958 2934 4012 ἔστιν
2972 3957 3074 4010 ἔτι.
3113 3976 3130 4007 ι
3183 3957 3432 4011 Διδάσκει
3455 3955 3544 4008 διὰ
3576 3954 3777 4008 τούτων
3807 3954 3840 4007 6

2271 4049 2427 4118 λόγος
2459 4049 2532 4120 μὴ
2560 4050 2796 4117 ἀγνοεῖν,
2849 4049 2923 4111 ὡς
2968 4047 3216 4118 μεγάλως
3243 4047 3526 4118 τετίμηται
3569 4045 3720 4117 παρὰ
3757 4043 3840 4115 τῷ

2271 4142 2485 4194 πάντων
2516 4141 2745 4210 δεσπότῃ
2779 4140 2897 4210 Θεῷ
2938 4139 3000 4192 τὸ
3039 4139 3145 4192 τῶν
3183 4136 3483 4211 ἀνθρώπων
3521 4137 3709 4206 γένος·
3757 4135 3836 4188 διὸ

2272 4233 2364 4285 καὶ
2385 4233 2483 4302 τῆς
2516 4231 2759 4302 κλήσεως
2792 4231 2952 4295 αὐτὸς
2974 4230 3072 4300 τῆς
3103 4229 3367 4301 σωτηρίου
3390 4228 3718 4299 κατηξίωσε,
3743 4229 3836 4281 καὶ

617 4316 774 4370 nibus
820 4316 915 4379 iis,
965 4331 1081 4384 qua:
1120 4316 1172 4370 in
1215 4316 1460 4386 praesenti
1515 4316 1794 4385 prophetia
1851 4317 2165 4384 promittun-

2273 4324 2484 4376 πάντων
2515 4323 2622 4376 τῶν
2645 4322 2732 4376 διά
2765 4323 2865 4392 τῆς
2889 4321 3166 4392 παρούσης
3197 4321 3530 4394 προφητείας
3564 4321 3836 4391 ἐπηγγελ-

620 4418 721 4462 tur.
781 4407 1235 4474 Quemadmodum
1285 4407 1425 4462 enim
1495 4409 1689 4461 coelum
1740 4407 1806 4460 ad
1858 4406 2167 4475 angelorum

616 4506 1028 4565 sanctorumque
1057 4498 1336 4567 spirituum
1369 4498 1696 4552 domicilium
1731 4501 2054 4559 necessario,
2086 4507 2170 4550 at-

618 4605 722 4657 que
776 4590 838 4642 ad
882 4590 1112 4643 universi
1159 4600 1405 4643 ornatum
1456 4591 1744 4653 constitui;
1792 4591 1860 4642 ita
1917 4597 1970 4643 et
2019 4599 2172 4643 terra:

619 4686 935 4735 elementum
965 4723 980 4747 ,
1027 4697 1129 4735 non
1180 4682 1230 4735 in
1263 4697 1455 4734 vanum
1509 4696 1682 4750 neque
1737 4679 1998 4732 inutiliter
2044 4695 2172 4733 con-

620 4773 758 4836 didi;
806 4772 896 4826 scd
950 4773 1122 4841 ipsum
1170 4773 1236 4824 ad
1287 4772 1647 4826 habitaculum
1694 4782 1750 4827 et
1796 4771 2172 4825 commoratio-

622 4880 739 4917 nem
800 4880 1026 4927 eorum,
1080 4865 1170 4933 qui
1241 4864 1312 4917 ibi
1376 4865 1677 4918 rationabili
1732 4864 1891 4916 modo
1945 4878 2169 4916 conver-

621 4957 785 5008 saturi
844 4965 1040 5020 erant,
1095 4956 1394 5017 adornavi,
1465 4956 1551 5023 qui
1611 4969 1742 5008 sane
1803 4952 2174 5022 cognoscendo

625 5047 747 5104 Deo.
803 5062 865 5100 ac
920 5048 1162 5115 religiose
1189 5048 1413 5099 vivendo
1446 5060 1602 5115 pares
1653 5055 1824 5108 erant,
1876 5056 2060 5114 utpote
2107 5046 2172 5096 ad

625 5139 907 5205 imaginem
943 5136 1034 5189 Dei
1075 5138 1295 5191 conditi.
1344 5137 1494 5190 Sicut
1546 5137 1704 5204 igitur
1742 5137 1912 5206 angeli
1950 5138 2000 5189 in
2037 5135 2172 5189 cmlu

627 5230 848 5282 ministri
886 5228 973 5280 Dei
1012 5239 1173 5294 sunt;
1224 5231 1296 5282 ita
1334 5240 1386 5282 ct
1422 5229 1664 5281 homines
1697 5229 1747 5280 in
1783 5239 1922 5282 terra
1955 5228 2053 5281 sub
2083 5228 2174 5281 Dei

625 5337 749 5372 cura
786 5323 1002 5385 degunt.

701 5413 850 5464 Vens.
895 5411 982 5462 €20.
1060 5429 1077 5459 ι
1109 5409 1222 5462 Non
1302 5409 1354 5463 in
1406 5410 1719 5464 abscondito
1774 5410 1980 5464 loeutus
2032 5423 2173 5470 sum,

629 5516 794 5568 neque
826 5502 876 5552 in
909 5501 1024 5553 loco
1061 5511 1213 5554 terra:
1244 5503 1546 5555 tenebroso.
1579 5501 1690 5554 Non
1724 5502 1831 5554 dixi
1867 5503 2056 5555 semini
2087 5499 2176 5552 Ja-

631 5592 746 5651 coh,
787 5590 988 5642 Vanum
1020 5593 1263 5658 quzerite.
1307 5592 1414 5660 Ego
1450 5609 1587 5658 sum,
1623 5608 1719 5661 ego
1749 5610 1862 5647 sum
1895 5593 2175 5654 Dominus,

635 5683 721 5747 qui
783 5682 969 5750 loquor
1028 5684 1331 5745 justitiam,
1395 5695 1447 5738 ct
1513 5685 1768 5737 annuntio
1818 5686 2114 5738 veritatem.
2156 5706 2169 5727 ν

639 5774 896 5836 Quoniam
956 5779 1093 5826 cnim
1143 5777 1314 5829 (ulmis
1365 5786 1528 5841 tetra,
1593 5786 1644 5829 ct
1701 5776 1785 5842 qui
1846 5778 1895 5829 iu
1953 5794 2012 5830 ea
2056 5787 2173 5828 sunt

2275 4417 2465 4487 μένων.
2495 4417 2704 4487 ’Ὠσπερ
2728 4416 2835 4486 γάρ
2868 4416 2960 4468 τὸν
2991 4413 3216 4486 οὐρανὸν
3247 4415 3326 4476 εἰς
3356 4412 3634 4483 διατριϐὴν
3676 4412 3838 4480 ἀγγέ-

2271 4510 2376 4562 λων
2413 4509 2508 4562 καὶ
2542 4509 2863 4579 πνευμάτων
2894 4506 3061 4575 ἁγίων
3093 4504 3402 4571 ἀναγκαίως
3423 4504 3834 4574 ὑπεστησάμην,

2271 4599 2362 4651 καὶ
2392 4600 2473 4661 εἰς
2503 4599 2704 4668 κόσμον
2729 4597 2821 4649 τοῦ
2851 4596 3069 4656 παντὸς,
3113 4593 3204 4647 τὸν
3243 4593 3404 4648 αὐτὸν
3432 4595 3631 4664 τρόπον
3662 4595 3752 4647 καὶ
3777 4593 3842 4646 τὸ

2270 4690 2368 4758 τῆς
2401 4691 2502 4759 γῆς
2533 4690 2790 4758 στοιχεῖον
2838 4688 2938 4739 οῦκ
2981 4687 3060 4748 εἰς
3094 4685 3260 4756 ἀργὸν
3297 4685 3405 4738 οὐδ’
3445 4687 3523 4748 είς
3568 4686 3839 4756 ἄχρηστον

2269 4779 2670 4832 κατεσκεύασα·
2712 4778 3023 4847 οἰκητήριον
3055 4776 3110 4828 δὲ
3135 4774 3267 4828 αὐτὸ
3299 4776 3392 4828 καὶ
3418 4775 3694 4846 διατριϐὴν
3730 4776 3832 4828 τῶν

2274 4873 2328 4922 ὲν
2361 4868 2508 4938 αὐτῷ
2563 4867 2790 4936 λογικῶς
2835 4867 3201 4919 πολιτεύεσθαι
3247 4865 3545 4936 μελλόντων
3582 4867 3827 4935 είργασάιπ

2277 4977 2398 5029 μην,
2433 4960 2480 5012 οἳ
2521 4960 2613 5012 καὶ
2644 4958 2773 5011 Θεὸν
2811 4957 3005 5011 εἰδέναι
3033 4959 3124 5012 καὶ
3157 4957 3423 5020 θεοσεϐῶς
3463 4956 3610 5026 βιοῦν
3641 4952 3742 5010 οἷοί
3774 4974 3826 5010 τε

2271 5047 2426 5120 ἦσαν,
2463 5053 2556 5105 ἇτε
2602 5053 2720 5104 κατ’
2765 5052 2943 5103 εἰκόνα
2970 5051 3102 5103 Θεοῦ
3143 5051 3514 5121 πεποιημένοι.
3547 5052 3754 5120 Ὥσπερ
3787 5052 3828 5103 δ’

2277 5140 2367 5196 οὖν
2394 5145 2449 5195 ὲν
2479 5141 2693 5210 οὐρανῷ
2719 5141 2936 5207 ἄγγελοι
2963 5140 3261 5210 λειτουργοὶ
3280 5141 3436 5193 Θεοῦ.
3465 5140 3609 5193 οῦτω
3632 5143 3723 5194 καὶ
3745 5143 3832 5194 ἐπὶ

2281 5235 2380 5304 γῆς
2407 5234 2593 5304 ἄνδρες
2624 5233 2700 5302 τῷ
2733 5233 2849 5303 Θεῷ
2885 5234 3262 5304 μεμελημὲνοι.

2355 5432 2370 5463 ι
2402 5415 2514 5466 Ούκ
2548 5416 2604 5466 ὲν
2631 5414 2807 5482 κρυφῇ
2841 5412 3125 5481 λελάληκα,
3159 5409 3276 5461 οῦδὲ
3305 5410 3363 5459 ὲν
3398 5407 3544 5475 τόπῳ
3580 5407 3683 5476 γῆς
3713 5423 3828 5460 σκοο

2279 5506 2456 5575 τεινῷ.
2493 5507 2604 5559 Οὐκ
2630 5502 2758 5557 εἶπα
2790 5504 2865 5574 τῷ
2899 5504 3166 5572 σπέρματι
3205 5497 3393 5553 Ἰακὼϐ
3415 5516 3428 5528 ο
3459 5500 3698 5553 Μάταιον
3743 5499 3832 5567 ζηο

2283 5598 2498 5666 τήσατε.
2536 5594 2674 5662 Ἐγώ
2693 5597 2826 5664 εἰμι,
2855 5593 2962 5659 ἐγώ
2982 5595 3094 5662 εἰμι
3123 5591 3346 5660 Κύριος,
3374 5591 3401 5641 ὀ
3433 5588 3608 5640 λαλῶν
3631 5588 3831 5641 δικαιο-

2285 5687 2466 5756 σύνην,
2496 5688 2586 5739 καὶ
2622 5685 2961 5752 ἀναγγέλλων
2996 5684 3266 5754 ἀληθειαν.
3307 5701 3324 5732 ι
3367 5681 3515 5733 Ἐπεὶ
3551 5681 3658 5750 γὰρ
3693 5683 3833 5733 πᾶσα

2287 5779 2410 5846 ηγῆ
2440 5777 2529 5830 καὶ
2567 5778 2609 5828 οἱ
2737 5777 2870 5846 αὐτῇ
2907 5775 3102 5837 πάντες
3128 5774 3398 5844 ἀνθρωττοι
3436 5771 3554 5842 ἐμοὶ
3586 5773 3708 5834 εἰσι,
3749 5769 3836 5823 δια
