4124 6416
309 396 340 452 ι
355 397 410 449 Π
1242 389 1742 447 COMMENTABIA
1783 389 1848 443 IN

1987 389 2149 444 tIAM.
2187 421 2250 430 —
2297 392 2450 446 CAP.
2493 393 2654 448 XLV.
3477 401 3577 455 H8

306 513 489 576 τοῦτο,
532 515 690 584 φησι,
739 513 862 574 τοὺς
911 511 1147 580 ἐμαυτοῦ
1201 509 1393 579 λόγους
1430 513 1528 563 οὐκ
1574 510 1731 562 εἴασα
1766 509 1882 581 κρύη

2004 509 2281 577 homines,
2317 513 2423 566 mei
2464 521 2623 575 sunt;
2674 514 2817 579 ideo,
2868 514 3062 584 tnqnit,
3103 516 3266 570 verba
3308 531 3424 570 mea
3473 536 3580 574 non

306 605 565 669 πτεσθαι,
599 604 709 656 οὐδ’
741 602 928 671 ῶσπερ
959 603 1016 653 ὲν
1048 603 1222 673 σκότῳ
1251 601 1611 664 λανθάνοντας
1634 619 1646 629 ·
1683 603 1761 664 εἰς
1788 619 1882 668 φα-

2000 601 2208 655 occulta
2274 618 2448 672 neque
2513 606 2567 657 in
2638 605 2878 660 tenebris
2925 606 3144 661 latentia
3197 608 3444 678 reliqui:
3484 611 3580 665 sed

307 696 470 769 νερδν
501 696 560 750 δὲ
581 693 826 764 ἀγαγὼν,
850 695 1014 746 πᾶσιν
1043 694 1292 764 ἦπλωσα,
1327 693 1403 756 ὡς
1427 694 1592 746 πᾶσιν
1626 691 1803 744 ἔθνεσι
1834 693 1882 744 τὲ

2001 693 2180 760 palam
2232 693 2486 760 efferens,
2525 698 2777 752 omnibus
2831 708 2956 752 nota
3011 697 3161 764 l‘eci;
3209 702 3283 753 ita
3332 711 3388 754 ut
3437 704 3584 755 salu-

307 791 585 859 σωτήριον
611 786 946 856 κηρυχθῆναι
970 785 1316 853 Εύαγγέλιον.
1355 786 1613 855 Ἀντικρυ
1637 783 1694 837 δὲ
1722 781 1882 836 ταῦτα

2003 793 2116 838 tare
2158 785 2510 857 Evangelium
2562 788 2816 844 omnibus
2871 790 3124 859 gentibus
3173 793 3580 860 praedicaretur.

309 880 461 950 μόνῳ
491 877 566 947 τῷ
589 875 928 945 εὐαγγελικῷ
964 876 1191 945 ἁρμόζοι
1217 873 1284 927 ἂν
1313 874 1645 946 κηρύγματι.
1680 875 1760 927 Τὰ
1784 874 1882 944 γὰρ

2002 873 2124 930 llaec
2169 893 2321 940 sane.
2371 890 2428 933 ut
2475 882 2653 951 palam
2695 891 2800 947 est,
2835 884 3162 950 evangelicae
3205 885 3579 952 przedicationl

307 973 442 1028 Μωῦ
454 971 597 1032 σέως
625 952 783 1036 λόγια
803 969 854 1021 εί
873 985 956 1031 τις
977 965 1246 1031 ἐξετάζειν
1270 965 1461 1028 ἐθέλοι,
1493 966 1642 1036 εὖροι
1667 967 1733 1019 ἂν
1754 965 1892 1018 αὐτὰ

304 1053 496 1125 κρυφῆ
525 1052 719 1123 λελαλη
730 1052 864 1123 μένα
883 1069 896 1081 ·
920 1051 1134 1123 γλώττῃ
1162 1050 1260 1120 μὲν
1296 1049 1557 1120 Ἐϐραΐδι,
1575 1052 1892 1122 χαρακτῆρ-

307 1163 360 1198 σι
391 1145 455 1198 δὲ
499 1143 761 1207 ίδιάζουσι
803 1144 900 1196 καὶ
944 1141 1018 1212 μὴ
1046 1141 1464 1211 γνωριζομένοις
1509 1141 1661 1212 παρὰ
1705 1143 1887 1195 πᾶσιν.

316 1235 486 1288 Ἀλλὰ
513 1234 611 1288 καὶ
639 1233 694 1288 si
719 1251 802 1296 τις
829 1233 1129 1303 ἐννοήσοιεν
1151 1233 1207 1284 ὲν
1231 1231 1359 1302 ποίᾳ
1379 1233 1569 1303 ἐρήμῳ
1595 1232 1686 1285 καὶ
1705 1232 1890 1302 άεάτῳ

307 1325 402 1378 καὶ
438 1325 655 1395 ἀνύδρῳ
689 1326 717 1376 6
749 1322 1025 1383 Μωῦσέως
1053 1320 1269 1391 ἐξεδόθη
1298 1323 1480 1392 νόμος,
1519 1321 1669 1392 εὕροι
1700 1323 1764 1376 ἂν
1794 1325 1890 1376 αὖ-

299 1416 398 1469 τὸν
464 1417 523 1468 ἐν
576 1415 729 1484 τόπῳ
787 1413 889 1483 γῆς
931 1411 1190 1482 σκοτεινῷ
1243 1411 1622 1482 λελαλημένον.
1671 1415 1745 1465 Ού
1783 1415 1889 1483 μὴν

304 1507 510 1577 δμοίως
543 1507 638 1559 καὶ
697 1505 758 1557 τὸ
801 1501 1131 1571 Εὑαγγέλιον
1173 1501 1264 1555 τοῦ
1301 1502 1556 1572 Χριστοῦ.
1609 1521 1628 1554 ι
1664 1504 1757 1566 Εἰς
1786 1507 1887 1556 πᾶ-

303 1613 404 1650 σαν
443 1615 463 1647 ι
503 1594 634 1664 γοῦν
667 1613 685 1645 ι
715 1593 812 1664 τὴν
844 1592 949 1661 γῆν
1000 1589 1219 1661 ἐξῆλθεν
1272 1591 1301 1643 6
1347 1591 1581 1661 φθόγγος
1610 1594 1719 1646 τῶν
1754 1595 1888 1647 άπο-

302 1687 509 1741 στόλων
544 1685 730 1747 αὐτοῦ,
765 1683 863 1737 καὶ
903 1685 982 1746 είς
1012 1683 1079 1736 τά
1101 1683 1314 1754 πέρατα
1344 1684 1442 1754 τῆς
1470 1685 1792 1754 οἰκουμένης
1821 1683 1887 1736 τὰ

302 1779 528 1849 ῥήματα
545 1775 744 1829 αὐτῶν.
771 1795 789 1826 ι
814 1773 1049 1844 Παντοίᾳ
1072 1774 1127 1826 δὲ
1160 1775 1252 1828 καὶ
1277 1774 1514 1845 γλώττῃ,
1541 1779 1690 1847 πάσῃ
1711 1779 1884 1846 φωνῇ,

2000 977 2209 1024 tantum
2247 976 2593 1028 conveniant.
2637 973 2771 1029 Nam
2795 975 2996 1045 Moysis
3021 977 3232 1045 eloquia
3261 978 3303 1030 si
3339 979 3461 1046 quis
3488 994 3584 1032 ex-

1997 1064 2232 1130 pendere
2266 1066 2415 1128 velit,
2463 1080 2525 1119 ea
2559 1067 2772 1121 occulte
2806 1067 3015 1136 prolata
3051 1068 3445 1137 deprehendat,
3481 1069 3582 1124 lle-

2000 1155 2180 1209 braica
2212 1151 2422 1211 scilicet
2471 1156 2690 1227 lingua,
2743 1160 3158 1215 cbaract‘eribus
3209 1163 3463 1229 propriis,
3496 1177 3583 1216 ne-

1997 1260 2102 1314 que
2146 1247 2288 1315 apud
2324 1262 2516 1302 oumes
2561 1251 2814 1320 cognitis.
2866 1251 3174 1317 Quinetiam
3209 1253 3254 1307 si
3295 1253 3422 1320 quis
3465 1269 3584 1322 per-

1997 1336 2196 1402 pendat
2235 1353 2340 1406 qua
2389 1338 2442 1392 in
2487 1339 2800 1407 solitudine,
2845 1357 3006 1412 quam
3053 1342 3194 1395 invia
3230 1356 3282 1395 et
3319 1343 3576 1412 inaquosa

1995 1425 2079 1479 lex
2111 1426 2308 1497 Moysis
2352 1430 2551 1482 tradita
2603 1429 2786 1497 fuerit,
2843 1433 3003 1499 plane
3065 1418 3306 1487 inveniat
3347 1447 3467 1487 eam
3521 1436 3574 1486 in

1995 1516 2115 1572 luco
2162 1526 2318 1572 terra:
2367 1521 2654 1575 tenebroso
2698 1525 3100 1590 pronuntiatam
3137 1523 3324 1578 fuisse.
3374 1523 3574 1578 Atnon

1997 1607 2114 1677 pari
2170 1611 2330 1663 modo
2380 1609 2729 1678 Evangelium
2757 1611 2956 1667 Christi
2987 1630 3002 1667 :
3036 1629 3162 1668 nam
3213 1633 3232 1664 ι
3263 1616 3314 1668 in
3359 1629 3576 1670 Omnem

1998 1710 2197 1754 terram
2229 1701 2401 1754 exivit
2444 1716 2610 1755 sonus
2643 1702 3012 1771 apostolorum
3050 1703 3206 1772 ejus,
3250 1715 3305 1758 et
3354 1706 3405 1758 in
3443 1705 3580 1760 lines

2001 1793 2148 1846 orbis
2183 1802 2339 1845 term
2371 1792 2537 1847 verba
2574 1808 2760 1847 eorum
2783 1794 2850 1848 ".
2879 1812 2897 1845 ι
2944 1794 3210 1849 Omnibus
3255 1805 3437 1850 autem
3472 1795 3578 1849 lin-

300 1868 651 1939 χαρακτῆρσί
690 1883 749 1920 τε
791 1867 904 1928 τοῖς
939 1863 1060 1918 καθ’
1091 1865 1322 1920 ἕκαστον
1353 1867 1504 1931 ἔθνος
1534 1868 1882 1940 παραδέδοται

2003 1883 2144 1951 guis,
2186 1885 2330 1938 omni
2383 1899 2536 1946 voce,
2583 1884 3030 1953 characterisque
3069 1887 3403 1956 singularum
3449 1903 3579 1958 gen-

296 1961 378 2025 είς
412 1959 736 2026 ἐξάκουστον
761 1959 893 2012 πᾶσι
918 1958 1030 2020 τοῖς
1046 1956 1275 2010 Ξθνεσιν.

374 2158 395 2192 ε
436 2137 746 2210 Συνάχθητε
788 2139 882 2191 καὶ
925 2137 1117 2208 ἥκετε·
1148 2133 1506 2204 βουλεύσασθε
1541 2133 1678 2205 ἅμα,
1702 2135 1752 2186 οἱ
1779 2149 1884 2186 σω-

298 2230 518 2301 ζόμενοι
553 2228 662 2283 άπδ
688 2228 794 2282 τῶν
816 2228 1003 2283 ἐθνῶν.
1035 2227 1152 2282 Οὐκ
1174 2226 1418 2296 ἔγνωσαν
1457 2228 1506 2280 oi
1550 2226 1796 2298 αίροντες
1822 2224 1886 2277 τὸ

300 2317 456 2382 ξύλον
505 2316 734 2387 γλύμμα
775 2316 973 2380 αὐτῶν,
1025 2317 1122 2369 καὶ
1179 2317 1226 2368 oi
1279 2317 1702 2388 προσευχόμενοι
1747 2315 1884 2386 πρὸς

298 2398 560 2472 θεοὺς,ιοῖ
587 2409 650 2461 ού
677 2407 956 2473 σώζουσιν.
977 2409 1037 2462 Ei
1053 2407 1464 2476 άναγγελοῦσιν,
1488 2408 1881 2476 ἐγγισάτωσαν,

300 2499 392 2554 ἵνα
418 2500 622 2568 γνῶσιν
644 2497 777 2570 άμα.
812 2519 832 2551 ι
857 2498 1124 2571 -Πρώτους
1150 2499 1247 2569 μὶν
1274 2499 1404 2570 γάρ,
1431 2499 1615 2569 φησὶν,
1642 2497 1882 2561 ἐκείνους

300 2587 720 2659 ἀνεκαλεσάμην
761 2589 850 2642 διὰ
878 2588 972 2642 τοῦ
1000 2588 1356 2657 εὐαγγελικοῦ
1383 2588 1765 2661 κηρύγματος,
1792 2589 1884 2642 καὶ

302 2675 544 2750 πρώτοις
571 2679 754 2742 αὐτοῖς
776 2678 874 2751 τὴν
899 2679 1174 2749 βασιλείαν
1203 2679 1312 2732 τῶν
1341 2679 1585 2752 οὐρανῶν
1617 2680 1884 2750 ἐπηγγει-

298 2768 502 2840 λάμην,
543 2767 730 2840 ὥσπερ
775 2771 998 2840 μισθοὺς
1039 2772 1138 2841 τῆς
1179 2772 1258 2834 εἰς
1290 2770 1390 2840 ἐμὲ
1430 2769 1668 2833 πίστεως
1698 2770 1883 2834 αὐτοῖς

299 2859 754 2931 ὑπισχνούμενον,
791 2861 928 2934 πρὸς
976 2861 1038 2914 τὺ
1077 2860 1151 2933 μὴ
1183 2861 1400 2931 νομίσαι
1422 2860 1618 2925 αὐτοὺς
1647 2861 1740 2913 ἐπὶ
1774 2879 1881 2932 μα-

303 2951 441 3022 ταίῳ
468 2951 758 3006 θεοσεϐεῖν.
789 2952 881 3004 Διὸ
908 2951 1002 3005 καὶ
1029 2952 1175 3022 ζωὴν
1200 2951 1416 3005 αἰώνιον
1443 2952 1878 3022 ἐπηγγειλάμην,

296 3042 394 3096 καὶ
435 3041 621 3110 ἀγαθὰ
673 3061 692 3094 ι
733 3041 770 3096 ἃ
811 3042 1085 3114 ὀφθαλμὸς
1125 3043 1226 3095 οὑκ
1270 3038 1398 3107 εἶδε,
1439 3061 1458 3093 ι
1497 3042 1591 3096 καὶ
1624 3041 1693 3095 τὰ
1729 3041 1877 3110 ἐξῆς.

309 3132 464 3186 Ἐπεὶ
493 3132 550 3186 ἃ
598 3133 730 3197 Θεός
767 3135 879 3202 είμι
910 3132 1082 3186 λαλῶν
1111 3133 1453 3204 δικαιοσύνην
1487 3135 1579 3187 καὶ
1611 3133 1878 3202 ἀναγγέλ-

295 3225 404 3279 λων
434 3225 714 3297 ἀλήθειαν,
759 3225 899 3279 κατὰ
931 3227 1020 3279 τὸν
1052 3225 1151 3297 τῆς
1184 3225 1528 3296 δικαιοσύνης
1553 3224 1730 3293 λόγον,
1765 3225 1882 3295 μετ’
1911 3225 1953 3283 C

295 3316 539 3379 ἐκείνους
577 3317 785 3380 πάντας
817 3315 1135 3387 ἀνθρώπους
1171 3316 1307 3387 πρὸς
1346 3316 1579 3387 ἐμαυτὸν
1617 3316 1881 3369 ἀνεκαλε-

296 3406 478 3478 σάμην
497 3423 512 3436 ·
545 3407 639 3459 καὶ
675 3405 920 3459 ἐντεῦθεν
948 3406 1049 3476 ήδη
1077 3408 1188 3468 τοῖς
1212 3408 1343 3458 πᾶσι
1376 3406 1631 3476 κηρύττω
1672 3406 1846 3474 λέγων
1864 3423 1878 3436 ·

300 3515 320 3549 ε
356 3495 668 3568 Συνάχθητε
714 3498 808 3549 καὶ
840 3497 1026 3566 ἥκετε,
1061 3494 1417 3566 βουλεύσασθε
1450 3497 1587 3565 ἅμα,
1627 3499 1677 3551 oi
1711 3496 1881 3560 σωζό-

298 3604 446 3656 μενοι
481 3587 592 3640 άπὺ
614 3587 722 3640 τῶν
751 3587 938 3640 ἐθνῶν.
978 3604 996 3637 ο
1039 3587 1203 3656 Ὁρᾷς
1253 3586 1400 3648 ὅπως
1448 3588 1576 3649 τοὺς
1633 3588 1742 3641 άπὸ
1771 3587 1881 3640 τῶν

294 3681 464 3734 ἐθνῶν
521 3678 878 3748 βουλομένους
935 3676 1202 3741 σώζεσθαι
1246 3675 1654 3747 προσκαλεῖται.
1707 3695 1728 3729 s
1785 3678 1882 3742 Τίς

292 3771 535 3828 ἀκουστὰ
557 3769 775 3839 ἐποίησε
807 3767 979 3820 ταῦτα
1018 3768 1112 3820 ἀπ’
1145 3765 1358 3837 ἀρχῆς;
1396 3783 1416 3816 ι
1441 3764 1739 3834 γνώσονται
1773 3766 1881 3838 γάρ

294 3865 461 3933 ἐγγὺς
501 3861 785 3931 γενόμενοι
825 3859 914 3911 τὸν
947 3857 1200 3927 ἀληθινὸν
1232 3855 1385 3919 Θεὸν,
1422 3852 1481 3910 οὗ
1516 3857 1658 3927 μέγα
1683 3857 1881 3928 δεῖγμα

293 3955 390 4023 τῆς
424 3953 679 4022 θεότητος
715 3949 810 4003 τοῦ
843 3947 1212 4020 προφητεῦσαι
1258 3945 1433 4000 ταῦτα
1466 3946 1554 4000 διὰ
1586 3947 1696 4000 τῶν
1730 3947 1880 4018 ἐμῶν

294 4041 614 4115 προφητῶν,
654 4041 748 4094 καὶ
787 4040 850 4093 τὸ
882 4039 977 4094 ἀπ’
1013 4038 1186 4110 ἀρχῆς
1217 4037 1549 4105 ἀπαγγεῖλαι
1590 4037 1765 4110 ταῦτα
1798 4039 1880 4102 είς

293 4134 390 4197 τὰς
420 4133 591 4195 ἀκοὰς
613 4132 788 4203 ἡμῶν.
821 4149 839 4182 ι
875 4130 1007 4183 Τότε
1038 4129 1313 4201 ἀνηγγέλη
1345 4128 1651 4199 ὑμῖν,Ἐγὼ
1669 4131 1699 4182 6
1723 4130 1878 4196 Θεὸς,

293 4225 387 4280 καὶ
420 4225 522 4278 οὐκ
553 4223 699 4276 ἐστιν
731 4222 886 4287 ἄλλος
929 4221 1067 4294 πλὴν
1100 4219 1254 4292 ἐμοῦ.
1295 4242 1313 4271 ι
1349 4219 1591 4288 Παγίδας
1633 4221 1881 4285 ἱστάντες

289 4321 402 4382 τοῖς
443 4318 539 4371 ἐπὶ
574 4316 675 4387 τῆς
700 4316 805 4386 γῆς
833 4318 882 4368 el.
910 4315 1179 4387 ἀλιτήριοι
1207 4314 1461 4383 δαίμονες
1481 4355 1495 4377 ,
1525 4313 1595 4366 τά
1621 4315 1721 4385 τῆς
1755 4316 1882 4368 ἐαυ-

289 4412 398 4466 τῶν
417 4410 634 4480 ἀπάτης
663 4409 1000 4480 ἐργαστήρια
1020 4410 1337 4478 συγκροτεῖν
1367 4405 1719 4471 ἐσπούδαζον,
1750 4407 1883 4460 ὑπο-

291 4505 602 4579 κρινόμενοι
639 4503 735 4558 7.0).
761 4502 823 4555 1:6
854 4501 1049 4554 ειδέναι
1079 4500 1148 4554 τὰ
1181 4498 1440 4570 μέλλοντα
1473 4498 1566 4550 καὶ
1604 4499 1882 4567 ἀπαγγέλ-

291 4594 404 4649 λειν
442 4594 583 4648 αὐτὰ
620 4592 880 4646 δύνασθαι
914 4594 1022 4654 τοῖς
1045 4589 1285 4643 ἐθέλουσι
1321 4589 1532 4659 μαθεῖν,
1572 4589 1732 4658 μέχρι
1758 4607 1878 4642 και-

294 4688 389 4761 ροῦ
426 4687 833 4741 διατετελέκασι
881 4685 1336 4756 συναρπάζοντες.
1382 4685 1702 4754 Χρηστήρια
1749 4683 1878 4749 γοῦν

293 4778 437 4831 κατά
485 4793 547 4828 τε
586 4775 766 4836 πόλεις
827 4774 922 4826 καὶ
969 4773 1174 4844 χώρας,
1212 4773 1625 4842 ψευδομαντεῖαί
1657 4789 1715 4824 τε
1738 4768 1878 4843 ἦσαν

296 4867 572 4938 πανταχοῦ
607 4869 698 4919 καί
729 4865 1094 4936 κληδονισμοὶ,
1127 4867 1222 4918 καὶ
1260 4863 1667 4934 νεκυομάντεις,
1708 4866 1802 4919 καὶ
1829 4866 1879 4919 οἱ

294 4957 598 5029 φωνοῦντες
631 4959 694 5009 ἐκ
721 4955 846 5023 γῆς,
874 4954 1301 5026 ἐγγλστρίμυθοί
1333 4973 1390 5008 τε
1426 4956 1520 5008 καὶ
1547 4955 1876 5026 ἁλφιτομάν-

293 5067 425 5113 τεις,
451 5050 546 5102 καὶ
568 5045 900 5111 ἁπαξαπλῶς
921 5046 1167 5115 ψευστῶν
1190 5048 1284 5100 καὶ⁸
1304 5047 1553 5117 φενάκων
1579 5048 1719 5117 ήύφ’
1738 5049 1876 5119 ἡλίῳ

295 5141 639 5211 πεπλήρωτο.
699 5156 718 5187 ι
773 5137 988 5200 Δίκαιος
1045 5139 1136 5192 καὶ
1188 5139 1371 5210 σωτὴρ
1415 5139 1515 5192 οὐκ
1560 5139 1673 5192 ἔστι
1702 5139 1875 5210 παρὲξ

296 5233 449 5302 ἐμοῦ.
481 5253 499 5284 ι
553 5229 847 5284 Ἐθέσπισα
876 5229 931 5282 δι
957 5232 1050 5283 καὶ
1077 5235 1355 5302 προεῖπον,
1389 5233 1512 5284 ἐπεὶ
1567 5230 1773 5294 δίκαιός
1802 5233 1873 5283 εἰ-

298 5342 358 5394 μι
395 5328 488 5376 καὶ
521 5323 735 5392 Σωτὴρ,
791 5320 978 5393 διόπερ
1023 5322 1164 5375 κατὰ
1202 5323 1291 5375 τὸν
1341 5323 1433 5375 τοῦ
1471 5322 1679 5376 δικαίου
1717 5322 1872 5390 λόγον

297 5410 476 5466 πάντα
529 5409 600 5462 τὰ
644 5410 772 5480 ἔθνη
817 5409 966 5462 καλῶ
1005 5413 1085 5473 είς
1118 5411 1213 5481 τὴν
1247 5415 1376 5484 παρ’
1415 5413 1537 5482 ἐμοὶ
1578 5413 1870 5482 σωτηρίαν.

307 5501 466 5571 Ὁρᾷς
499 5501 645 5562 ὅπως
681 5500 964 5553 καθολικὸν
993 5502 1053 5554 τὸ
1077 5503 1335 5572 κήρυγμα
1377 5507 1508 5556 πᾶσι
1549 5508 1660 5566 τοῖς
1697 5503 1875 5557 ἔθνεσι

294 5591 686 5660 καταγγέλλει;
733 5593 819 5644 Ἐν
851 5593 1059 5658 τούτοις
1094 5591 1152 5648 εὖ
1199 5596 1344 5665 μάλα
1377 5597 1476 5667 τῆς
1522 5597 1608 5650 διὰ
1640 5597 1876 5650 Χοιστοῦ

365 5793 410 5825 δ’
440 5792 584 5850 Pal.
623 5810 779 5858 ιτιιι,
817 5795 865 5849 ὅ.
940 5796 982 5828 ⁸⁸
1009 5797 1022 5851 l
1052 5797 1178 5854 Cor.
1215 5813 1272 5862 ll,
1305 5798 1358 5850 ‘J.

2003 1968 2136 2022 tium
2171 1969 2422 2024 traditum
2456 1982 2562 2036 est,
2595 1981 2656 2025 ut
2698 1973 2749 2026 ln
2774 1975 3010 2028 omnium
3044 1976 3283 2043 gentium
3328 1977 3571 2031 auditum

1991 2061 2218 2115 veniret.

2068 2153 2228 2207 Vsus.
2258 2153 2446 2217 21,22.
2487 2172 2507 2206 ι
2542 2153 2958 2226 Congregamini
2984 2165 3038 2210 et
3061 2156 3240 2212 venite
3268 2173 3282 2209 :
3307 2158 3576 2215 consulite

1993 2244 2181 2308 simul,
2235 2246 2331 2315 qui
2390 2245 2677 2301 salvamini
2725 2247 2792 2301 de
2833 2249 3106 2316 gentibus.
3153 2246 3271 2303 Non
3307 2265 3576 2320 cognovea

1997 2344 2147 2398 runt,
2184 2336 2276 2404 qui
2301 2345 2544 2405 portant
2573 2335 2778 2406 lignum
2808 2338 3144 2408 sculpturam
3181 2354 3358 2404 suam,
3396 2349 3451 2395 et
3479 2341 3570 2410 qui

1993 2436 2292 2494 precantur
2323 2429 2454 2482 deos
2506 2441 2614 2482 non
2649 2427 2950 2484 salvantes.
2997 2428 3053 2483 Si
3089 2431 3447 2496 annuntient,
3481 2447 3576 2487 ac-

1990 2515 2207 2579 cedant,
2260 2526 2320 2572 ut
2371 2527 2709 2587 cognoscant
2755 2518 2935 2574 simul.
2974 2538 2993 2571 ι
3026 2521 3260 2586 Etenim,
3297 2521 3404 2587 ait,
3459 2523 3570 2592 pri-

1994 2621 2142 2660 mum
2177 2606 2300 2662 illos
2329 2623 2428 2677 per
2449 2609 2820 2679 evangelium
2862 2613 3307 2680 praedicationem
3357 2615 3571 2674 vocavi.

1990 2697 2233 2766 ipsisque
2279 2699 2474 2768 primis
2533 2714 2759 2770 regnum
2804 2702 3066 2757 celerum
3112 2704 3374 2772 promisi,
3416 2708 3569 2774 quasi

1987 2785 2043 2843 in
2084 2790 2386 2844 mercedem
2425 2805 2615 2844 eormn
2661 2806 2791 2863 erga
2848 2807 2934 2848 me
2985 2793 3107 2847 ﬁdei
3149 2793 3462 2863 pollicitus;
3513 2805 3574 2849 ut

1989 2895 2058 2935 ne
2087 2890 2279 2950 putent
2301 2896 2360 2936 se
2388 2880 2588 2936 frustra
2621 2883 2763 2952 piam
2795 2884 3110 2954 religionem
3141 2887 3368 2939 sectari.
3391 2887 3575 2953 Quare

1989 2973 2158 3028 vitam
2193 2985 2452 3028 aeternam
2485 2978 2731 3045 promisi,
2761 2989 2815 3032 et
2844 2978 2984 3032 bOna
3017 2997 3036 3030 ι
3069 2994 3189 3047 quae
3224 2978 3418 3033 oculus
3461 2993 3569 3032 uou

1987 3079 2220 3143 vidit",
2266 3097 2286 3130 ι
2331 3089 2384 3132 et
2414 3087 2632 3134 caetera.
2663 3080 2930 3147 Quoniam
2993 3097 3124 3138 vero
3158 3081 3299 3138 Deus
3341 3097 3461 3137 sum
3494 3081 3576 3136 lo-

1988 3198 2162 3254 quens
2184 3183 2477 3254 justitiam,
2510 3193 2565 3239 et
2593 3187 2924 3241 annuntians
2955 3189 3270 3255 veritatem,
3305 3203 3402 3259 pro
3430 3189 3574 3258 azqui

1985 3302 2040 3346 et
2073 3291 2200 3346 boni
2251 3291 2486 3357 ratione,
2530 3302 2649 3360 post
2697 3292 2818 3347 illos
2855 3293 3145 3349 universos
3188 3297 3353 3349 etiam
3398 3295 3577 3353 homi-

1984 3410 2082 3449 nes
2123 3393 2191 3448 ad
2252 3409 2338 3448 me
2389 3395 2620 3458 vocavi:
2683 3407 2738 3450 et
2792 3396 2902 3464 jam
2967 3397 3092 3452 binc
3135 3401 3389 3455 omnibus
3433 3417 3575 3472 pra-

1984 3494 2107 3548 dico
2151 3511 2166 3548 :
2228 3509 2246 3542 ι
2290 3492 2708 3562 Congregamini
2778 3505 2833 3548 et
2898 3496 3118 3555 venite.
3165 3499 3436 3556 consulite
3489 3502 3572 3556 si-

1984 3584 2118 3646 mul,
2177 3585 2270 3651 qui
2333 3583 2618 3638 salvamini
2680 3583 2748 3639 de
2787 3586 3058 3654 gentibus.
3100 3605 3118 3638 ι
3178 3585 3571 3660 Viden‘,quo-

1984 3675 2146 3728 modo
2180 3675 2303 3729 illos
2341 3690 2408 3730 ex
2443 3675 2719 3746 gentibus,
2763 3678 2854 3746 qui
2901 3676 3131 3732 salutem
3164 3692 3444 3750 exuptent,
3473 3685 3571 3738 ad-

1986 3766 2183 3820 vocet?
2215 3784 2233 3816 ι
2281 3765 2418 3832 Quis
2454 3771 2634 3823 audita
2683 3768 2812 3823 l'ccit
2858 3769 2970 3823 luec
3014 3768 3084 3821 ab
3126 3771 3324 3826 initio?
3360 3791 3380 3824 ι
3429 3774 3567 3829 Cum

1981 3860 2127 3914 enim
2171 3859 2328 3929 juxta
2371 3862 2724 3925 accesserint,
2769 3875 2955 3915 verum
3010 3861 3179 3916 Deum
3211 3875 3566 3934 cognoscent,

1981 3952 2138 4020 cujus
2171 3951 2392 4005 deitatis
2426 3965 2683 4022 magnum
2720 3962 3100 4018 argumentum
3129 3951 3260 4006 illud
3309 3962 3393 4006 est
3421 3960 3567 4022 quod

1982 4043 2097 4097 haec
2130 4060 2226 4113 per
2275 4043 2566 4112 prophetas
2609 4058 2738 4096 suos
2788 4043 3202 4110 praenuntiarit,
3241 4054 3298 4097 et
3341 4045 3410 4099 ab
3457 4045 3567 4100 ini-

1985 4135 2060 4187 tio
2100 4133 2152 4186 id
2192 4133 2258 4186 ad
2299 4146 2463 4186 aures
2510 4142 2728 4186 nostras
2781 4129 3166 4184 declaraverit.
3211 4149 3230 4180 ε
3267 4129 3422 4185 Tunc
3467 4146 3570 4186 an-

1984 4225 2292 4279 nuntiatum
2341 4233 2426 4278 est
2463 4223 2638 4288 vobis,
2684 4221 2794 4291 Ego
2844 4219 3018 4285 Deus,
3049 4229 3105 4276 et
3150 4236 3254 4274 non
3307 4229 3394 4275 est
3426 4222 3569 4277 alius

1982 4328 2182 4386 praeter
2209 4328 2322 4370 me.
2357 4334 2375 4365 ι
2405 4313 2474 4369 lis
2505 4315 2596 4383 qui
2635 4314 2688 4367 in
2725 4324 2870 4366 terra
2901 4321 3027 4365 sunt
3057 4311 3282 4380 laqueos
3308 4323 3570 4382 parantes

1982 4407 2255 4462 daunones
2281 4407 2528 4477 maligni,
2561 4405 2766 4459 fraudis
2789 4390 3128 4474 fallacia-que
3153 4419 3264 4458 sua:
3292 4402 3564 4458 oﬂlcinam

1983 4499 2276 4554 admovere
2307 4499 2650 4566 satagebant,
2702 4510 2761 4551 se
2801 4495 2983 4550 futura
3038 4510 3199 4549 nosse
3244 4495 3566 4551 simulantes

1981 4606 2044 4646 ac
2081 4604 2241 4659 posse
2272 4605 2332 4644 se
2387 4589 2474 4642 ilia
2523 4588 2816 4642 enuntiare
2853 4588 2938 4649 iis,
2965 4586 3057 4656 qui
3095 4586 3340 4640 ediscere
3373 4585 3562 4650 velint,

1981 4695 2132 4737 certo
2184 4692 2426 4752 tempore
2473 4682 2673 4735 nmltos
2715 4679 2839 4732 dolo
2889 4680 3389 4732 ciremnvenerunt.
3425 4675 3561 4730 Nam

1981 4776 2032 4830 in
2076 4776 2300 4829 urbibus
2331 4784 2385 4828 et
2422 4774 2733 4838 regionibus
2759 4772 3004 4831 oracula.
3034 4770 3399 4824 divinatittnes
3431 4769 3560 4823 item

1981 4866 2150 4927 falsa’,
2188 4866 2391 4934 ubique
2431 4873 2612 4924 erant,
2647 4862 3033 4922 ominationes,
3073 4869 3469 4920 necromantes,
3507 4872 3563 4913 et

1977 4957 2069 5026 qui
2103 4972 2172 5009 ex
2204 4968 2348 5010 terra
2387 4955 2769 5024 loquebantur,
2801 4955 3223 5024 engastrimytbi
3254 4993 3268 5017 ,
3320 4953 3564 5017 alpbito-

1981 5058 2212 5111 mantes,
2254 5049 2369 5102 sive
2410 5049 2501 5117 qui
2533 5063 2563 5102 e
2592 5047 2787 5101 farinis
2818 5046 3280 5111 vaticinabantur,
3312 5055 3476 5113 atque
3503 5053 3561 5100 ut

1979 5140 2291 5192 summatim
2325 5139 2527 5200 dicam,
2580 5138 2935 5192 mendacibus
2971 5147 3026 5190 et
3059 5137 3447 5206 imposloribus
3482 5152 3560 5188 re.

1980 5229 2232 5297 plebatur
2277 5229 2448 5284 orbis.
2499 5249 2516 5280 ι
2551 5227 2740 5282 Justus
2784 5237 2838 5281 et
2883 5228 3120 5280 salvator
3158 5241 3262 5280 non
3302 5235 3388 5280 est
3424 5242 3559 5292 prte-

1981 5331 2063 5376 ter
2102 5336 2208 5375 me.
2251 5341 2268 5372 ι
2305 5320 2646 5375 Vaticinatus
2677 5335 2794 5373 sum
2828 5329 2882 5372 et
2910 5319 3160 5385 prtedixi,
3192 5319 3450 5386 quoniam
3474 5318 3558 5386 ju-

1976 5422 2095 5466 stus
2122 5423 2177 5465 et
2205 5412 2458 5466 Salvator
2501 5427 2643 5475 sum,
2675 5410 2797 5464 ideo
2823 5410 3119 5463 secundum
3153 5407 3426 5474 tenuitatis
3469 5423 3556 5460 ra-

1979 5505 2178 5558 tionem
2211 5519 2401 5558 omnes
2441 5515 2628 5575 gentes
2679 5503 2746 5556 ad
2785 5516 2928 5566 eam,
2963 5515 3084 5570 quae
3121 5514 3288 5570 penes
3321 5513 3405 5553 me
3445 5510 3550 5562 est,

1977 5593 2207 5650 salutem
2256 5609 2446 5652 evoco.
2505 5593 2690 5649 \‘iden‘
2741 5592 3014 5664 quomodo
3046 5604 3387 5645 communem
3425 5605 3552 5659 gett-
