4124 6398
629 363 733 419 419
1293 351 1379 409 EU
1389 351 1558 409 SEBll
1592 345 2062 407 CESARIENSIS
2095 344 2197 402 0P1

2296 340 2466 395 PARS
2504 340 2594 396 111.
2634 370 2701 381 —
2739 334 3145 392 ΕΧΕΟΕΤιΟᾹ.
3733 327 3833 382 Ιιξθ

630 478 770 531 tibus
815 470 1067 527 omnibus
1115 466 1551 537 praedicationem
1606 460 1931 517 annuntiat?
1978 460 2031 512 In
2067 472 2172 528 quo

2296 455 2490 525 εάριτος
2516 452 2716 506 κατίδοι
2749 468 2831 513 τις
2859 450 2923 503 ἂν
2953 448 3014 500 τὸ
3038 445 3284 517 μέγεθος,
3316 444 3393 507 είς
3426 444 3632 504 πάντας
3653 441 3832 511 διῆκον

628 566 783 634 plane
818 558 1035 617 Christi'
1068 532 1263 629 gratia
1316 554 1735 623 magnitudinem
1788 550 1969 604 videas
1995 591 2009 613 ,
2057 564 2177 618 qua:

2296 548 2400 610 τοὺς
2448 544 2608 607 ὄντας
2668 543 2757 596 ἐπὶ
2798 542 2895 611 τῆς
2951 541 3083 608 γῆς·
3152 537 3538 606 σεσαγήνευται
3590 532 3697 603 γὰρ
3749 533 3835 634 διὰ

631 621 697 709 ad
744 667 933 708 omnes
983 621 1275 718 terrigenas
1321 621 1619 715 pervadat:
1683 642 1880 697 atenim
1931 641 2177 694 universa

2296 639 2511 699 relatam;
2542 635 2638 705 τῆς
2662 636 2741 697 είς
2762 632 2923 686 αὑτὸν
2955 631 3035 693 είς
3068 628 3337 700 σωτηρίαν
3358 627 3451 679 καὶ
3476 624 3673 695 ζωὴνή
3702 621 3839 694 σύμ-

630 756 769 799 terra
795 756 891 813 per
918 742 1077 797 ﬁdem
1106 739 1159 793 in
1189 751 1334 801 eum,
1364 736 1432 790 ad
1460 718 1699 789 salutem,
1719 742 1777 789 et
1803 733 1992 796 vitam,
2024 731 2177 801 quasi
2278 743 2426 781 πασα
2452 725 2545 796 γῆ.

631 850 829 905 sagcna
869 842 1047 902 capta,
1082 829 1313 885 deducta
1345 836 1452 881 est.

701 925 862 979 Vens.
889 920 981 985 23,
1032 918 1121 974 24.
1157 936 1177 969 ι
1226 917 1329 971 Per
1357 915 1733 984 memetipsum
1774 912 1922 982 iuro,
1974 910 2033 968 Si
2075 926 2179 967 non

629 1014 941 1083 egrediatur
982 1009 1049 1065 de
1077 1022 1173 1064 ore
1201 1019 1321 1062 meo
1349 1006 1599 1076 iustitia:
1630 1017 1910 1059 sermones
1938 1002 2042 1058 mei
2074 1013 2181 1055 nou

632 1110 967 1159 nvertentur.
1015 1117 1036 1154 ι
1081 1098 1183 1166 Qui
1240 1110 1547 1157 sermones.
1601 1095 1702 1150 nisi
1744 1095 1895 1165 queis
1931 1092 2181 1159 dicebat,

636 1210 658 1245 ι
701 1190 1087 1249 Convenimini
1119 1188 1186 1244 ad
1218 1201 1321 1250 me,
1358 1195 1414 1242 et
1456 1186 1817 1250 salvahimiui,
1861 1183 1954 1253 qui
1987 1184 2055 1239 ab
2089 1196 2185 1238 ex-

634 1291 807 1337 tremo
846 1289 1009 1336 teme
1056 1278 1228 1334 estis:
1285 1277 1411 1347 quia
1469 1276 1600 1331 mihi
1660 1275 1974 1332 curvabitur
2024 1288 2185 1329 omne

633 1387 805 1441 genu,
850 1378 906 1425 et
938 1368 1141 1440 jurabit
1186 1369 1361 1423 omnis
1408 1368 1583 1433 lingua
1634 1381 1729 1436 per
1771 1366 1975 1420 Deum:
2024 1382 2044 1417 ι
2079 1378 2183 1417 non

633 1461 940 1518 Iudaeorum
978 1467 1204 1523 tantum,
1241 1458 1338 1513 sed
1375 1456 1537 1511 etiam
1569 1457 1897 1529 reliquarum
1925 1455 2185 1525 gentium,

634 1567 745 1625 quo
773 1552 907 1607 nihil
936 1551 1146 1606 beatius
1186 1549 1366 1605 fuerit.
1414 1546 1692 1618 Hujusque
1722 1546 2015 1617 prophetia
2037 1559 2189 1601 com-

636 1643 959 1711 plementum
1009 1639 1065 1694 iu
1104 1637 1304 1693 Christi
1353 1636 1566 1693 Domini
1620 1640 1847 1692 adventu
1896 1634 2016 1691 fuit.
2061 1628 2189 1689 Post

2354 940 2373 973 ι
2409 916 2797 989 Κατίμαυτοῢ
2828 918 3031 989 ὀμνύω,
3073 917 3135 970 El
3173 915 3247 987 μὴ
3272 913 3609 980 ἐξελεύσεται
3646 910 3713 962 ἐκ
3746 907 3838 961 τοῦ

2282 1011 2547 1083 στόματός
2566 1026 2666 1083 μου
2694 1008 3006 1079 δικαιοσύνη
3026 1026 3040 1039 ·
3060 1008 3110 1061 οί
3137 1007 3284 1075 λόγοι
3317 1022 3419 1077 μου
3446 1004 3545 1057 ούκ
3569 1004 3843 1071 ἀποστρα-

2282 1105 2559 1174 φήσονται.
2594 1120 2612 1153 ι
2652 1101 2801 1155 Ποῖοι
2843 1100 2900 1153 δὲ
2943 1100 3108 1167 λόγοι,
3132 1098 3165 1169 ἢ
3193 1096 3260 1149 δι’
3288 1088 3363 1150 ὧν
3393 1094 3578 1163 ἔλεγεν
3597 1109 3611 1123 ’
3651 1109 3672 1142 ι
3693 1091 3841 1144 Ἐπι-

2283 1191 2554 1262 στρὰφητε
2583 1190 2719 1260 πρὸς
2747 1190 2835 1258 μὲ,
2869 1189 2962 1243 καὶ
2981 1186 3283 1259 σωθήσεσθε
3304 1186 3355 1237 οἱ
3382 1185 3475 1238 ἀπ’
3495 1183 3721 1253 ἐσχάτου
3749 1181 3845 1250 τῆς

2282 1281 2385 1351 γῆς
2408 1297 2421 1311 ·
2455 1280 2537 1334 δτι
2577 1278 2699 1351 ἐμοὶ
2751 1278 2956 1348 κάμψει
3002 1281 3110 1333 πᾶν
3148 1277 3297 1346 γόνυ,
3337 1275 3434 1329 καὶ
3454 1275 3667 1345 ὀμεῖται
3699 1274 3845 1327 πᾶσα

2282 1370 2501 1441 γλῶσσα
2540 1370 2629 1424 τὸν
2654 1370 2822 1434 Θεόν;
2868 1388 2886 1420 ι
2929 1369 3062 1441 Οὐχὶ
3100 1367 3161 1422 τὸ
3202 1365 3467 1421 Ἰουδαίων
3505 1365 3687 1436 μόνον,
3716 1362 3845 1417 ἀλλὰ

2284 1440 2502 1516 καὶτῶν
2530 1460 2731 1514 λοιπῶν
2752 1459 2941 1524 ὲθνῶν,
2971 1440 3468 1530 σθ’μακαριώτερον
3500 1454 3652 1509 οὐδὲν
3678 1454 3746 1507 αν
3763 1454 3848 1521 γέ-

2286 1567 2448 1607 νοιτο.
2478 1551 2587 1605 Καὶ
2611 1551 2814 1621 ταύτης
2844 1549 2902 1605 δὲ
2930 1550 3029 1621 τῆς
3061 1549 3393 1621 προφητείας
3412 1548 3474 1602 τὸ
3500 1544 3844 1615 ἀποτέλεσμα

2285 1641 2586 1713 ἐπληροῦτο
2632 1644 2698 1713 τῇ
2752 1639 2847 1695 τοῦ
2896 1641 3143 1711 Σωτῆρος
3195 1637 3351 1710 ἡμῶν
3392 1636 3566 1709 Ἰησοῦ
3612 1634 3845 1708 Χριστοῦ

635 1731 786 1788 illum
816 1730 980 1795 enim,
1021 1730 1203 1800 populi
1232 1744 1423 1786 omnes
1465 1730 1517 1783 in
1552 1726 1667 1798 eius
1707 1724 1950 1783 Ecclesia
1988 1740 2085 1797 per
2114 1734 2189 1779 to-

2296 1732 2572 1805 παρουσίᾳθ
2593 1732 2710 1804 μεθ’
2739 1734 2805 1804 ἦν
2837 1734 2896 1785 ἰν
2922 1735 2990 1803 τῇ
3022 1729 3315 1802 Ἐκκλησία
3346 1728 3510 1783 αὐτοῦ
3547 1731 3614 1799 τῇ
3646 1727 3766 1781 καθ’
3794 1728 3847 1780 δ-

639 1832 753 1878 tum
787 1822 971 1877 orbem
997 1812 1329 1890 congregati,
1360 1819 1467 1874 Deo
1494 1820 1548 1873 in
1586 1817 1856 1889 precando
1894 1828 2068 1888 genua
2092 1814 2189 1871 ile-

2296 1801 2385 1896 λης
2430 1801 2883 1895 τῆς-οίκουμδνης
3152 1824 3204 1876 οί
3250 1801 3707 1893 συγκροτούμενοι
3734 1818 3848 1872 λαοὶ

636 1920 789 1969 ctere
830 1912 1175 1967 didicerunt:
1221 1912 1324 1966 etsi
1380 1910 1433 1965 id
1486 1908 1655 1964 Judaei
1710 1907 2017 1965 faciendum
2068 1921 2192 1962 esse

639 2004 909 2073 ignorent.
956 2020 974 2055 ι
1029 2002 1095 2057 Et
1118 2000 1341 2071 iurabit.
1394 2018 1413 2053 ι
1452 1996 1583 2054 Nam
1626 1998 1718 2067 qui
1752 2012 1840 2053 me
1881 1996 2049 2052 Deum
2090 2009 2190 2049 no-

642 2102 833 2148 verunt
873 2094 925 2147 in
964 2093 1213 2148 omnibus
1240 2091 1510 2162 gentibus,
1539 2090 1730 2161 quavis
1770 2091 1949 2160 lingua
1994 2094 2047 2143 et
2073 2099 2191 2141 ser-

644 2198 841 2250 mone,
872 2184 987 2240 sive
1032 2180 1285 2250 barbaro,
1336 2184 1451 2240 sive
1502 2181 1711 2247 Greco,
1767 2182 1820 2237 in
1872 2178 2195 2249 iuramentis

643 2288 730 2330 me
774 2274 827 2330 in
877 2283 1063 2331 testem
1120 2282 1416 2340 assument,
1474 2274 1563 2344 qui
1613 2287 1798 2329 eorum
1842 2273 1998 2327 dictis
2032 2270 2190 2325 ﬁdem

653 2363 871 2419 faciam.

717 2557 881 2615 Vm.
908 2558 1000 2614 25.
1043 2577 1062 2611 ι
1092 2556 1308 2624 Dicens,
1333 2557 1545 2614 Justitia
1579 2565 1635 2612 et
1655 2554 1823 2628 gloria
1862 2554 1927 2610 ad
1953 2568 2076 2609 eum
2104 2568 2195 2608 ve-

648 2648 828 2715 nient,
868 2655 922 2702 et
954 2646 1350 2702 confundentur
1402 2660 1591 2702 omnes
1629 2645 1721 2714 qui
1758 2652 2009 2714 separant
2056 2657 2138 2699 se.
2169 2660 2189 2695 s

645 2736 842 2797 Omnes
866 2739 1140 2794 hominum
1165 2740 1390 2793 virtutes
1416 2738 1579 2792 talem
1606 2737 1982 2791 nanciscentur
2002 2734 2191 2789 linem:

646 2838 701 2883 et
735 2827 910 2883 omnis
945 2823 1202 2881 fortitudo
1239 2823 1514 2880 hominum
1535 2864 1550 2887 ,
1593 2824 1683 2892 qni
1713 2837 1810 2893 pro
1844 2823 2041 2891 pietate
2072 2834 2198 2877 con-

646 2925 1023 2980 certaverunt,
1081 2916 1149 2971 ad
1197 2916 1371 2986 ipsum
1429 2916 1689 2969 accedet:
1742 2921 1901 2982 atque
1953 2922 2082 2966 tunc
2122 2910 2196 2965 illi

652 3009 882 3062 fructum
916 3005 1183 3067 laborum,
1231 3012 1286 3059 et
1334 3004 1552 3058 virtutis
1596 3004 1873 3073 praemium
1910 3001 2197 3071 accipient.

649 3152 652 3156 λ
721 3093 886 3152 Vsus.
916 3093 1008 3148 26.
1046 3112 1066 3145 ‹
1098 3094 1141 3146 Δ
1174 3092 1399 3148 Domino
1419 3091 1883 3162 justiﬁeabuntur,
1912 3100 1965 3145 et
1995 3092 2048 3145 in
2090 3090 2200 3145 Deo
2222 3118 2268 3177 ε

2288 1917 2419 1985 γόνυ
2445 1915 2643 1971 κλίνειν
2662 1916 2739 1987 τῷ
2762 1915 2881 1987 Θεῷ
2902 1916 2958 1969 ἐν
2988 1916 3103 1979 ταῖς
3131 1914 3456 1986 προσευχαῖς
3476 1908 3847 1981 ἐδιδάχθησαν.

2288 2008 2463 2063 καίτοι
2532 2006 2798 2061 Ἰουδαίων
2839 2005 3000 2060 τοῦτο
3055 2007 3226 2059 ποιεῖν
3275 2004 3375 2058 οὐκ
3410 2002 3645 2057 εἰδότων.
3692 2018 3712 2053 ι
3742 1998 3849 2051 Καὶ

2289 2099 2521 2169 ὀμεῖται.
2554 2115 2573 2150 ι
2611 2097 2673 2152 Ol
2712 2096 2821 2167 γὰρ
2858 2096 2957 2167 εμὲ
3003 2095 3093 2149 τὸν
3121 2093 3254 2149 Θεὸν
3290 2090 3602 2161 ὶπιγνόντες
3634 2091 3696 2145 ιν
3721 2090 3852 2144 πᾶσι

2288 2190 2400 2251 τοῖς
2434 2187 2610 2241 ιθνεσι
2643 2186 2729 2241 διὰ
2762 2184 3017 2248 παντοίας
3040 2181 3289 2253 γλώσσης
3331 2180 3426 2236 καὶ⁸
3451 2179 3688 2251 ὁμιλίας,
3725 2176 3852 2249 βαρ-

2291 2279 2457 2352 ϐάρου
2508 2295 2565 2332 τε
2617 2278 2711 2332 καὶ
2768 2275 3082 2346 Ἑλληνικῆς
3131 2275 3191 2329 ἓν
3228 2276 3339 2338 τοῖς
3362 2273 3547 2346 ὅρκοις
3583 2270 3685 2343 ιμι
3718 2270 3855 2341 μάρ-

2288 2389 2426 2444 τυρα
2472 2370 2910 2444 παραλήψονται,
2957 2365 3275 2439 βεϐαιοῦντα
3336 2364 3437 2428 τὰς
3491 2362 3701 2418 ἑαυτῶν
3767 2360 3855 2414 πί-

2293 2478 2455 2525 στεις.
3078 2508 3079 2511 η

2366 2567 2385 2599 ι
2419 2548 2639 2616 Λίγων·
2672 2545 2993 2615 Δικαιοσύνη
3032 2543 3126 2597 καὶ
3177 2541 3304 2607 δόξα
3347 2540 3485 2613 πρὸς
3521 2539 3687 2595 αὐτὸν
3714 2534 3854 2608 ἥξει,

2292 2638 2386 2693 καὶ
2438 2636 2883 2709 αίσχυνθήσονται
2920 2635 3119 2698 πάντες
3149 2635 3197 2688 oi
3233 2632 3555 2705 διορίζοντες
3580 2628 3797 2693 αὐτούς.
3831 2645 3851 2679 ι

2292 2728 2471 2781 Πᾶσαι
2495 2730 2552 2781 al
2584 2728 2642 2781 ὲν
2659 2725 2963 2798 ἀνθρώποις
2984 2726 3174 2797 ἀρεταὶ
3202 2725 3351 2787 τέλος
3378 2720 3509 2777 cum
3528 2718 3733 2788 ἕξουσι,
3766 2718 3858 2773 καὶ

2295 2820 2444 2872 πᾶσα
2482 2818 2634 2888 ἰσχὺς
2655 2815 2955 2888 ἀνθρώπων
2980 2816 3088 2868 τῶν
3110 2816 3249 2887 ὑπὲρ
3273 2813 3578 2877 θεοσεϐείας
3601 2814 3861 2881 ἀγωνισα-

2298 2906 2473 2979 μένων
2510 2906 2646 2979 πρὸς
2666 2906 2828 2959 αὐτὸν
2859 2904 3155 2969 ἐλεύσεται,
3196 2904 3292 2959 καὶ⁸
3331 2904 3423 2957 τὸν
3453 2901 3561 2956 τῶν
3602 2902 3859 2973 καμάτων

2297 2995 2507 3067 καρπὸν
2535 2996 2636 3065 τήν
2664 3011 2723 3047 τε
2756 2994 2986 3066 ἀμοιϐὴν
3009 2997 3108 3066 τῆς
3133 2995 3335 3066 ἀρετῆς
3362 2992 3644 3064 λήψονται.

2373 3103 2392 3137 ι
2413 3084 2758 3156 ’ΔπδΚυρίου
2772 3085 3235 3157 δικαιωθήσονται,
3265 3082 3359 3137 καὶ
3383 3084 3442 3137 ὲν
3467 3081 3546 3153 τῷ
3574 3080 3695 3152 Θεῷ
3723 3081 3862 3135 ἐνδο-

652 3184 1045 3257 gloriﬁcabitur
1064 3196 1227 3237 omne
1250 3195 1432 3237 semen
1462 3180 1691 3236 ﬁliorum
1723 3179 1904 3234 Israel.
1942 3198 1961 3232 ι
1992 3180 2056 3235 Et
2080 3180 2197 3237 vide

2301 3172 2623 3245 ξασθησεται
2644 3175 2751 3227 πᾶν
2764 3174 2825 3227 τὸ
2842 3173 3059 3244 σπέρμα
3090 3173 3198 3226 τῶν
3211 3172 3343 3226 υίῶν
3355 3170 3588 3243 Ἰσραήλ.
3601 3189 3619 3221 s
3639 3168 3754 3257 καὶ
3768 3166 3861 3222 θέα

657 3254 813 3339 mihi,
841 3287 1047 3340 quaso,
1083 3271 1349 3326 sermonis
1389 3279 1697 3326 accuratam
1744 3270 2047 3324 rationem:
2092 3285 2197 3326 non

2298 3260 2398 3331 τὴν
2416 3261 2697 3333 ἀκρίϐειαν
2710 3260 2806 3314 τοῦ
2833 3261 2989 3329 λόγου
3006 3278 3020 3292 ·
3040 3262 3101 3315 οὑ
3116 3262 3225 3335 γὰρ
3249 3280 3268 3313 ι
3291 3260 3384 3314 τὸν
3416 3258 3629 3333 Ἰσραὴλ
3649 3278 3668 3311 ι
3688 3254 3858 3322 εἶπεν,

651 3364 794 3419 enim
825 3381 847 3414 ι
876 3361 1058 3428 lsraci,
1104 3379 1124 3413 ι
1169 3360 1336 3426 dixit,
1389 3372 1598 3429 neque,
1647 3376 1669 3409 ι
1721 3372 1903 3414 semen
1933 3357 2139 3426 israel;
2176 3378 2195 3412 ι

2298 3350 2419 3403 οὐδὲ
2469 3367 2489 3402 ι
2527 3350 2588 3401 τὸ
2624 3349 2842 3421 σπέρμα
2894 3349 3128 3421 Ἰσραὴλ,
3164 3368 3183 3401 ι
3240 3349 3373 3404 ἀλλὰ
3401 3347 3464 3402 τδ
3504 3347 3726 3419 σπέρμα
3754 3345 3862 3399 τῶν

653 3454 750 3508 sed
781 3465 961 3508 semen
998 3451 1229 3506 ﬁliorum
1260 3449 1447 3506 lsrael.
1476 3449 1596 3505 i-‘ilii
1629 3463 1791 3519 porro
1832 3447 1998 3505 Israel
2043 3456 2197 3504 erant

2302 3440 2431 3495 υἱῶν
2470 3439 2704 3511 Ἰσραήλ.
2742 3439 2859 3493 Υίοὶ
2890 3440 2946 3493 δὲ
2992 3440 3209 3512 Ἰσραὴλ
3249 3439 3539 3510 ἐτύγχανον
3573 3440 3625 3493 oi
3661 3437 3864 3509 πρῶτοι

656 3541 815 3614 primi
852 3542 1109 3597 salutaris
1139 3541 1411 3611 Evangelii
1436 3554 1731 3610 praecones,
1759 3555 1990 3612 quorum
2016 3554 2197 3595 semen

2302 3534 2541 3603 κήρυκες
2563 3532 2655 3584 τοῦ
2681 3531 2946 3602 σωτηρίου
2971 3531 3319 3600 Εὑαγγελίου,
3350 3523 3425 3585 ὧν
3449 3530 3513 3585 τὸ
3528 3531 3746 3601 σπέρμα
3774 3532 3862 3583 καὶ

654 3644 713 3687 et
742 3634 1138 3687 successionem
1184 3631 1391 3699 iustitia
1425 3640 1478 3687 et
1532 3631 1696 3702 gloria
1736 3630 2037 3686 donandam
2084 3644 2205 3687 esse

661 3723 885 3777 dicitur.

1209 3810 1438 3869 CAPUT
1479 3810 1660 3868 XLVI:

739 3904 896 3961 Vnus.
937 3907 990 3963 i.
1034 3923 1055 3957 ι
1087 3904 1289 3961 Cecidit
1328 3904 1443 3971 Bel,
1471 3906 1733 3960 contritus
1760 3914 1843 3960 est
1874 3905 2073 3976 Dagon.
2107 3903 2208 3960 Fa-

660 4007 747 4054 cta
778 4006 907 4052 sunt
947 3996 1219 4065 sculptilia
1265 4011 1449 4051 eorum
1491 3996 1546 4050 in
1596 3996 1795 4052 bestias
1826 4006 1881 4052 et
1919 3999 1970 4051 in
1994 3995 2209 4064 jumeu~

667 4099 743 4145 ta.
776 4107 795 4141 ι
833 4088 924 4144 Bel
956 4088 1153 4142 idolum
1185 4098 1324 4154 erat,
1372 4090 1452 4143 sic
1496 4103 1525 4141 a
1558 4086 1759 4143 Graecis
1801 4088 2026 4154 dictum,
2053 4101 2202 4143 eum-

668 4180 814 4243 dem,
840 4186 899 4232 ut
926 4177 1097 4243 aiunt,
1121 4192 1280 4248 quem
1309 4178 1411 4248 ipsi
1442 4176 1726 4233 Saturnum
1748 4178 2029 4249 appellant,
2050 4194 2211 4249 quem

670 4278 824 4324 tanta
858 4268 1154 4324 stoliditate
1184 4278 1396 4325 veteres
1422 4269 1691 4334 colebant,
1724 4278 1781 4324 ut
1806 4271 1905 4340 ipsi
1930 4270 2210 4326 carissima

670 4359 774 4414 sibi
798 4358 1125 4429 iugularem,
1160 4375 1225 4414 ac
1257 4370 1539 4416 sescentas
1572 4360 1707 4415 alias
1745 4362 2021 4417 hominum
2059 4363 2214 4417 victi-

2302 3615 2401 3688 τὴν
2438 3617 2685 3688 διαδοχὴν
2730 3617 3178 3690 δικαιωθήσεσθαι
3210 3621 3304 3674 καὶ
3333 3619 3751 3691 δοξασθήσεσθαι
3792 3619 3861 3671 εί-

2308 3723 2492 3781 ρηται.

2793 3799 3182 3854 ΚΕΦΑΛᾹΙΟΝ
3226 3800 3376 3866 Μετ’.

2381 3905 2403 3939 r
2434 3886 2637 3942 Ἔπεσε
2686 3888 2813 3961 Βὴλ,
2878 3891 3160 3963 συνετρίϐη
3216 3889 3427 3960 Δαγὼν.
3494 3888 3739 3957 Ἐγένετο
3800 3889 3865 3943 τὰ

2307 3978 2520 4048 γλυπτὰ
2544 3981 2721 4035 αὐτῶν
2753 3984 2833 4046 εἰς
2855 3982 3018 4054 θηρία
3038 3982 3219 4037 καὶτὰ
3237 3984 3426 4054 κτήνη.
3456 4000 3476 4034 s
3512 3981 3621 4051 Βὴλ
3650 3978 3867 4035 εἴδωλον

2305 4065 2397 4142 ἦν,
2424 4071 2561 4141 ὅπερ
2593 4072 2845 4143 Ἕλληνες
2875 4073 3018 4127 οὕτω
3046 4072 3300 4128 καλοῦσι·
3336 4071 3727 4144 ἑρμηνεύοντες
3771 4072 3867 4125 αὖ·

2307 4164 2399 4216 τὸν
2429 4160 2565 4217 εἶναι
2616 4163 2705 4216 τὸν
2744 4166 2875 4235 παρ’
2906 4165 3087 4228 αὐτοῖς
3121 4164 3450 4235 καλούμενον
3485 4162 3714 4234 Κρόνον,
3741 4163 3867 4234 περὶ

2308 4252 2369 4306 δν
2393 4252 2562 4316 οὕτως
2589 4246 2728 4323 ἦσαν
2750 4254 2800 4305 οί
2832 4254 3049 4307 παλαιοὶ
3077 4253 3419 4324 ἐπτοημένοι,
3462 4252 3539 4316 ὡς
3564 4252 3866 4321 κατασφάτ-

2310 4359 2422 4395 τειν
2449 4344 2643 4407 αὐτοὺς
2687 4344 2753 4397 τὰ
2803 4344 3009 4396 ἑαυτῶν
3044 4343 3293 4411 φίλτατα,
3332 4345 3426 4396 καὶ
3466 4342 3631 4407 ἄλλας
3675 4344 3866 4415 μυρίας

672 4462 788 4501 mas
820 4446 924 4516 ipsi
952 4448 1200 4501 omnibus
1226 4448 1277 4501 in
1303 4448 1437 4504 locis
1469 4434 1745 4505 oﬁ'errent.
1777 4452 1957 4521 Dagon
1992 4452 2119 4507 item
2147 4452 2197 4507 si

2311 4432 2749 4504 ἀνθρωποθυσίας
2778 4433 2926 4503 αύτῷ
2955 4434 3115 4521 κατὰῌ
3127 4433 3300 4490 πάντα
3332 4432 3493 4487 τόπον
3523 4434 3862 4505 προσφέρειν.

677 4536 974 4591 mniacrum
1009 4548 1127 4591 erat
1161 4538 1609 4608 alienigenarum,
1643 4541 2077 4596 Ascalonitarum
2111 4542 2212 4598 sci-

671 4626 798 4680 licet
837 4634 894 4681 et
923 4624 1287 4683 Gaaensium:
1330 4644 1465 4699 quos
1499 4632 1586 4686 ubi
1621 4633 1900 4701 speciatim
1950 4647 2214 4688 memora-

670 4716 766 4779 vit,
796 4716 988 4772 dcinde
1016 4719 1312 4787 generatim
1355 4723 1420 4773 de
1450 4722 1697 4776 omnibus
1734 4723 1931 4792 ubique
1960 4724 2062 4777 diis
2102 4726 2216 4780 haec

672 4806 951 4878 subiungit
990 4827 1002 4862 :
1034 4827 1054 4860 ι
1091 4807 1250 4863 Facta
1278 4822 1405 4865 sunt
1436 4812 1695 4882 sculptilia
1727 4830 1915 4869 eorum
1941 4818 1992 4869 in
2022 4818 2217 4873 bestias

671 4907 726 4952 et
757 4898 809 4952 in
832 4899 1091 4967 iumenta.
1140 4918 1159 4951 ι
1192 4899 1342 4967 Quod
1375 4902 1557 4957 videre
1595 4913 1679 4957 est
1710 4906 1762 4957 in
1812 4915 1919 4960 tota
1951 4905 2215 4976 Egypto,

672 4988 761 5043 ubi
792 4989 972 5043 omnia
1024 4987 1255 5045 ferarum
1292 5007 1355 5047 ac
1382 4993 1739 5061 jumentorum
1779 5009 1973 5065 genera
2003 5006 2061 5050 ut
2091 4997 2220 5052 deos

675 5080 917 5134 venerari
950 5079 1146 5135 solent.

747 5254 906 5308 Vsus.
940 5252 994 5308 2.
1031 5274 1050 5306 ο
1088 5254 1325 5312 Portatis
1361 5273 1424 5312 ea
1464 5258 1698 5328 alligata,
1730 5259 1881 5329 quasi
1913 5275 2049 5315 onus
2075 5260 2217 5314 labo-

676 5346 836 5410 tanti,
870 5346 1157 5412 deﬁcienti,
1181 5357 1235 5401 et
1269 5348 1507 5411 sitienti;
1551 5363 1647 5401 nec
1672 5350 1863 5403 valenti
1899 5350 2056 5403 simul
2092 5352 2217 5419 :qni

680 5445 784 5486 non
818 5445 1068 5503 poterunt
1100 5436 1297 5491 salvari
1324 5453 1351 5490 a
1389 5441 1545 5493 bello.
1597 5438 1699 5508 ipsi
1748 5454 1873 5494 vero
1903 5442 2095 5510 captivi
2129 5442 2196 5495 ab

684 5522 824 5576 ducti
874 5538 1019 5581 sunt.
1054 5546 1071 5579 ι
1119 5526 1242 5582 Hec
1301 5530 1474 5597 reipsa
1529 5530 1725 5583 nostris
1772 5533 2096 5598 temporibus
2154 5531 2219 5584 ad

686 5610 912 5665 litteram
937 5626 1231 5670 evenerunt
1270 5633 1284 5669 :
1316 5633 1379 5671 ac
1429 5619 1719 5672 secundum
1774 5620 2097 5690 intelligendi
2136 5636 2218 5674 ra-

688 5704 883 5757 tionem
922 5719 1106 5775 grave,
1142 5706 1331 5763 durum
1360 5719 1414 5763 et
1468 5708 1786 5765 diabolicum
1832 5727 2001 5779 onus,
2054 5712 2219 5768 idolo-

2313 4520 2500 4591 Δαγὼν
2524 4522 2582 4575 δὲ
2608 4524 2701 4575 καὶ
2720 4523 2849 4575 αὐτὸ
2877 4522 3059 4585 ξόανον
3087 4516 3156 4591 ἦν
3180 4520 3289 4574 τῶν
3315 4520 3622 4588 ἀλλοφύλων
3643 4520 3753 4573 τῶν
3772 4520 3867 4589 τὴν

2325 4615 2632 4669 Ἀσκάλωνα
2682 4616 2775 4668 καὶ
2822 4615 2918 4684 τὴν
2945 4612 3121 4678 Γάζαν
3150 4612 3463 4667 οἰκούντωνο
3499 4613 3592 4665 καὶ
3618 4612 3685 4684 δὴ
3721 4628 3869 4682 μερι-

2313 4706 2421 4770 κῶς
2435 4706 2634 4759 τούτων
2651 4705 3026 4776 μνημονεύσας
3052 4706 3081 4755 ό
3112 4703 3284 4771 λόγος,
3307 4702 3432 4773 ἑξῆς
3446 4700 3867 4772 καθολικώτερον

2314 4800 2439 4869 περὶ
2459 4799 2672 4852 πάντων
2694 4798 2801 4849 τῶν
2825 4796 3132 4866 ἁπανταχοῦ
3153 4796 3573 4865 θεοποιουμένων
3591 4794 3834 4864 ἐπιφέρει
3850 4810 3863 4821 ·

2320 4905 2337 4938 ι
2384 4888 2627 4956 Ἐγένετο
2655 4887 2722 4939 τὰ
2754 4887 2964 4954 γλυπτὰ
2988 4887 3162 4940 αὐτῶν
3184 4888 3261 4950 είς
3292 4885 3456 4957 θηρία
3498 4886 3590 4937 καὶ
3614 4886 3801 4955 κτήνη.
3844 4901 3862 4933 ι

2316 4980 2423 5032 Καὶ
2454 4980 2623 5031 ταῦτα
2663 4978 2719 5031 δέ
2756 4981 2869 5031 ἐστι
2903 4978 3021 5030 καθ’
3048 4978 3174 5049 ὅλης
3202 4976 3426 5030 συνιδεῖν
3458 4980 3555 5045 τῆς
3576 4977 3864 5045 Αἰγύπτου,

2316 5067 2441 5121 ἔνθα
2494 5070 2705 5121 πάντων
2752 5067 2953 5138 θηρίων
3000 5070 3089 5121 καὶ
3145 5067 3357 5138 κτηνῶν
3398 5068 3552 5134 γένος
3593 5066 3768 5120 σέϐειν
3796 5066 3867 5129 ὡς

2318 5159 2468 5222 θεοὺς
2500 5157 2741 5212 εἰώθασι.

2392 5289 2412 5320 ι
2448 5270 2639 5341 Αίρετε
2662 5270 2801 5322 αὐτὰ
2825 5270 3218 5342 καταδεδεμένα
3245 5271 3321 5334 ὡς
3346 5271 3563 5342 φορτίον
3590 5273 3867 5335 κοπιῶντι,

2322 5362 2682 5433 ὲκλελυμένῳ,
2723 5363 2817 5415 καὶ
2842 5363 3116 5425 πεινῶντι,
3153 5364 3255 5417 οὐκ
3293 5363 3529 5434 ἰσχύοντι
3554 5364 3691 5435 ἅμα,
3733 5365 3783 5417 οἶ
3808 5365 3865 5418 οὐ

2319 5446 2635 5517 δυνήσονται
2659 5448 2896 5518 σωθῆναι
2926 5450 3035 5503 ἀπὸ
3061 5449 3317 5522 πολέμου.
3346 5451 3507 5505 Αὐτοὶ
3522 5452 3579 5506 δὲ
3606 5453 3862 5526 αἰχμαλω-

2322 5555 2402 5591 τοι
2425 5539 2686 5610 ῆχθησαν.
2713 5560 2731 5591 ι
2752 5540 2931 5595 Ταῦτα
2946 5543 2999 5595 δὲ
3014 5544 3197 5608 αὐτοῖς
3212 5544 3392 5615 ἔργοις
3404 5545 3523 5599 καθ’
3542 5547 3689 5615 ἡμᾶς
3702 5545 3862 5613 ἐπλη-

2327 5628 2481 5696 ροῦτο
2507 5631 2640 5699 πρὸς
2658 5630 2824 5697 λέξιν,
2858 5634 2951 5685 καὶ
2973 5635 3111 5687 κατὰ
3134 5634 3369 5690 διάνοιαν
3394 5635 3450 5689 δὲ
3477 5636 3614 5707 βαρὺ
3643 5636 3737 5690 καὶ
3758 5635 3849 5689 δυσ

2325 5714 2641 5788 ϐάστακτον,
2664 5721 2755 5774 καὶ
2769 5721 3069 5777 διαϐολικὸν
3089 5725 3304 5795 φορτίον
3320 5728 3435 5788 ταῖς
3461 5726 3563 5779 τῶν
3576 5724 3862 5795 ἀνθρὼπω-
