4124 6402
305 351 401 408 Αίὶί

1227 363 1732 421 COMMENTARIA
1765 364 1830 420 IN
1870 364 2127 422 ISAIAM.
2153 366 2392 424 —CAP.
2438 368 2648 425 XLVII.

3485 379 3592 436 429.

305 471 503 544 ψυχαῖς
545 477 644 547 τῆς
690 478 1070 553 είδωλολὰτρου
1125 484 1330 555 πλάνης
1379 488 1631 542 ἐπέκειτο
1701 491 1866 545 πάλαι

1999 504 2117 543 rum
2133 489 2340 544 scilicet
2356 492 2582 555 erroris,
2603 491 2882 547 ltounnum
2905 493 3428 566 animisimpositnm
3450 515 3588 558 erat.

383 583 401 616 ι
454 565 712 621 Ἀκούετε
746 589 866 640 μου,
914 568 1062 638 οἶκος
1101 575 1320 638 Ἰακὼϐ,
1368 582 1462 632 καὶ
1500 583 1604 634 πᾶν
1635 584 1697 636 τὸ
1728 584 1891 638 κατὰο

310 657 493 711 λοιπον
521 659 620 713 τοῦ
682 662 916 735 Ἰσραὴλ,
969 669 1018 720 οί
1077 671 1359 742 αἰρόμενοι
1401 675 1466 727 ἐκ
1511 677 1741 741 κοιλίας,
1797 683 1891 735 καὶ

309 749 694 822 παιδευόμενοι
727 756 790 808 ἐκ
825 758 1039 812 παιδίου
1089 761 1194 828 ἕως
1236 765 1444 836 γήρως.
1502 789 1521 819 ι
1580 770 1719 823 Ἀλλ’
1763 772 1888 828 οὕτε

323 841 514 896 Ἰακὼϐ
527 845 728 911 αὐτοὺς
747 849 918 915 καλεῖ,
940 852 1063 907 οὔτε
1101 856 1318 930 Ἰσραὴλ
1349 861 1626 932 ὀνομάζει,
1653 862 1801 919 οῗκον
1832 869 1889 923 δὲ

305 934 469 988 αὐτὸν
508 937 668 1007 μόνον
695 940 790 992 τοῦ
826 942 1018 998 Ἰακὼϐ
1043 946 1134 1001 διὰ
1159 951 1262 1019 τῆς
1294 954 1436 1006 κατὰ
1481 956 1658 1026 σάρκα
1690 959 1888 1012 οίκειόο

304 1041 486 1095 τητος,
524 1031 617 1081 καὶ
645 1031 990 1090 κατάλοιπον.
1016 1036 1213 1092 ὡσανεὶ
1245 1044 1586 1117 περίττευμα
1603 1050 1696 1101 καὶ
1710 1051 1888 1121 τρύγα

302 1119 398 1175 τοῦ
463 1121 700 1194 Ἰσραήλ.

378 1229 398 1263 ε
459 1212 600 1282 Ἐγώ
631 1214 769 1286 είμι,
804 1220 898 1270 καὶ
926 1220 1031 1284 ἕως
1048 1222 1116 1276 ἂν
1150 1229 1573 1302 καταγηράσητε
1605 1233 1717 1302 ἐγώ
1744 1237 1882 1305 εῖμι,

303 1303 417 1372 ἐγὼ
443 1305 712 1379 ἀνέχομαι
747 1309 923 1380 ὑμῶν,
961 1313 1074 1382 ἐγὼ
1107 1317 1364 1390 έποίησα,
1407 1322 1503 1376 καὶ
1533 1325 1644 1393 ἐγὼ
1673 1303 1882 1400 ἀνήσω,

299 1396 413 1466 ἑγὼ
436 1399 808 1472 ἀναλήψομαι,
855 1407 948 1458 καὶ
985 1406 1144 1462 σώσω
1177 1410 1344 1482 ὑμᾶς.
1392 1415 1511 1470 Τίνι
1552 1436 1620 1489 με
1663 1396 1880 1492 ὡμοιὼ-

301 1504 468 1554 σατε;
504 1491 697 1557 Ἴδετε,
748 1497 1105 1567 τεχνάσασθε,
1152 1506 1201 1558 οἱ
1245 1506 1611 1580 πλανώμενοι,
1647 1516 1883 1588 οίσυμ-

299 1579 620 1677 ϐαλλόμενοι
657 1588 877 1658 χρυσίον
929 1592 993 1646 έκ
1027 1598 1356 1666 μαρσυπίου,
1405 1579 1499 1655 καὶ
1531 1605 1796 1677 ἀργύριον
1814 1579 1881 1663 έν

296 1670 464 1772 ζυγιῖν
504 1677 796 1746 στήσουσιν
832 1681 890 1735 έν
927 1685 1151 1757 σταθμῷ
1177 1690 1270 1742 καὶ
1305 1670 1710 1766 μισθωσάμενοι
1741 1717 1878 1772 χρυ-

296 1762 483 1833 σοχόον
536 1765 803 1837 ἐποίησαν
853 1774 1222 1847 χειροποίητα,
1258 1779 1354 1832 καὶ
1398 1762 1670 1852 κύψαντες

2073 577 2235 633 Vens.
2261 580 2316 634 3.
2343 578 2542 634 Audite
2562 595 2667 645 me,
2703 582 2900 638 domus
2929 581 3118 648 Jacob,
3147 596 3204 640 et
3237 602 3430 644 omnes
3463 593 3592 644 reli-

1993 670 2134 736 quiae
2167 670 2466 740 lsrael,qui
2511 673 2800 740 portamini
2831 689 2897 730 es
2930 685 3107 742 utero,
3135 687 3190 733 ct
3229 679 3518 735 erudimini
3559 698 3591 736 a

1992 760 2219 828 parvulo
2254 776 2427 830 usque
2482 762 2549 816 ad
2608 773 3000 820 senectutem.»
3041 765 3150 822 Sed
3197 783 3373 839 neque
3418 768 3592 827 Iacob

1995 853 2139 920 ipsos
2168 863 2346 918 vocat,
2387 867 2560 923 neque
2601 853 2770 910 Israel
2797 863 3074 924 nominat;
3107 858 3201 914 sed
3249 860 3591 918 solummodo

1990 942 2212 996 domum
2239 941 2427 1010 Jacob,
2458 945 2530 998 ob
2559 947 2742 1001 carnis
2781 950 3187 1020 cognationem,
3219 961 3273 1006 et
3305 951 3584 1024 reliquias,

1989 1035 2198 1092 scilicet
2233 1051 2700 1106 supervacaneum
2730 1041 3107 1113 quidpiam,et
3135 1043 3319 1100 faecem
3351 1047 3585 1105 lsraelis.

2064 1218 2354 1282 VsasJ-7.
2371 1240 2391 1273 ι
2414 1221 2525 1293 Ego
2549 1239 2692 1291 sum,
2724 1234 2782 1281 et
2811 1227 2985 1284 donec
3000 1229 3299 1286 senescatis
3313 1245 3413 1301 ego
3429 1248 3546 1287 sum
3569 1253 3582 1288 :

1986 1325 2087 1382 ego
2115 1314 2398 1370 sustinebo
2444 1331 2565 1383 vos,
2609 1332 2708 1386 ego
2744 1317 2868 1385 feci,
2901 1329 2957 1374 et
3009 1335 3110 1390 ego
3147 1321 3438 1386 dimittam.
3483 1342 3587 1395 ego

1987 1405 2283 1474 suscipiam
2315 1417 2370 1460 et
2410 1409 2634 1464 salvabo
2665 1424 2782 1464 vos.
2818 1410 2917 1466 Cui
2956 1427 3040 1466 me
3069 1414 3462 1471 assimilastis?
3497 1419 3586 1472 Vi-

1986 1496 2132 1559 dete.
2165 1498 2478 1567 excogitate
2506 1499 2601 1568 qui
2640 1503 2860 1562 erratis.
2894 1511 2949 1556 et
2983 1502 3074 1572 qui
3102 1503 3364 1561 confertis
3389 1522 3582 1563 aurum

1984 1595 2050 1634 ca
2090 1585 2396 1654 marsupio.
2446 1597 2502 1640 et
2534 1597 2822 1657 argentum
2870 1592 2922 1644 in
2971 1600 3172 1646 statera
3209 1613 3221 1647 :
3253 1605 3496 1651 statuent
3530 1597 3583 1653 in

1983 1674 2248 1742 pondere,
2272 1687 2327 1731 et
2355 1678 2726 1735 conducentes
2748 1681 3053 1748 auriﬁcem,
3084 1683 3333 1740 recemnt
3360 1689 3586 1760 simula-

1985 1779 2100 1830 cra,
2123 1775 2179 1820 et
2209 1767 2538 1825 inclinantes
2561 1785 2623 1825 se
2653 1770 2887 1827 adorant
2945 1774 3056 1828 illa.
3088 1773 3308 1831 Tollnnt
3354 1780 3585 1836 humero

294 1855 550 1909 κυνοῦσιν
586 1859 792 1924 αὐτοῖς.
836 1863 1095 1934 Δίρουσιν
1123 1870 1258 1922 αὐτὸ
1309 1873 1403 1926 επὶ
1442 1874 1538 1928 τοῦ
1569 1854 1869 1948 ὥμουίκαὶ

1978 1865 2034 1911 et
2065 1857 2368 1914 ambulant.
2401 1858 2459 1916 Si
2506 1876 2635 1919 vero
2667 1873 2873 1932 ponant
2915 1865 3046 1921 illud
3076 1867 3129 1921 in
3161 1867 3281 1924 loco
3311 1885 3434 1936 suo,
3459 1888 3579 1926 ma-

296 1947 639 2019 πορεύονται.
699 1952 825 2006 Ἐὰν
850 1953 908 2008 δὲ
935 1954 1102 2014 θῶσιν
1130 1961 1264 2015 αὐτὸ
1291 1965 1384 2018 ἐπὶ
1424 1965 1520 2020 τοῦ
1562 1947 1730 2026 τόπου
1773 1974 1875 2027 αύο

293 2036 413 2143 τοῦ,
463 2041 641 2143 μένει,
681 2043 750 2143 οὐ
783 2044 862 2143 μη
891 2049 1087 2143 κινηθῇ
1108 2067 1122 2081 ·
1154 2054 1251 2108 καὶ
1277 2054 1336 2118 ὃς
1369 2056 1469 2111 ἐὰν
1516 2058 1689 2143 βοήσῃ
1737 2065 1878 2135 πρὸς

292 2129 478 2197 αὐτὸν,
526 2132 590 2186 οὐ
631 2132 709 2206 μη
750 2136 1044 2213 είσακούσῃ
1070 2158 1084 2172 ο
1115 2143 1228 2198 ἀπὸ
1270 2148 1461 2202 κακῶν
1507 2129 1687 2224 ob.

291 2219 475 2285 αὐτόν.
517 2241 536 2274 ι
583 2223 774 2291 Ὑμεῖς
807 2224 866 2280 δὲ
892 2226 1182 2296 λογίσασθε
1225 2235 1308 2300 είς
1333 2237 1452 2291 οἵαν
1479 2219 1874 2298 smmum;

291 2307 591 2382 θεομαχίαν
625 2315 721 2403 καὶ
772 2313 1093 2374 δυσσέϐειαν
1115 2361 1130 2386 ,
1180 2323 1552 2397 τολμήσαντες
1603 2331 1874 2403 όμοιῶσαί

293 2417 362 2473 με
398 2405 516 2499 τοῖς
546 2404 621 2476 μὴ
647 2401 766 2460 οὖσι
821 2406 964 2475 θεοῖς
983 2451 1000 2476 ,
1035 2413 1130 2467 καὶ
1161 2414 1337 2472 οὐδενὶ
1368 2419 1513 2493 λόγῳ
1555 2401 1743 2479 θέσθαι
1773 2427 1875 2499 τὴν

289 2493 431 2564 ἐμὴν
459 2493 695 2564 θεότητα
719 2515 731 2528 ·
765 2499 1006 2573 ἰσότιμον
1027 2505 1087 2558 δέ
1119 2523 1188 2578 με
1209 2507 1428 2566 ἔσεσθαι
1449 2516 1517 2584 τῇ
1543 2515 1738 2589 ἀψύχῳ
1770 2493 1872 2593 ὕλῃ

288 2588 670 2644 ἁνεπλάσασθε
698 2608 712 2621 ·
750 2595 974 2664 χρυσίον
1021 2598 1116 2652 καὶ
1159 2601 1425 2676 ἀργύριον
1482 2607 1548 2660 έκ
1594 2588 1872 2683 συμϐολῆς

290 2682 693 2752 συναγαγόντες
715 2723 732 2749 ,
762 2687 857 2738 καὶ
882 2686 973 2742 διὰ
1020 2692 1220 2764 χειρῶν
1260 2695 1618 2771 ἀνθρωπίνων
1649 2682 1872 2758 ἀνειδω-

287 2773 679 2847 λοποιήσαντες
713 2795 728 2809 ⁸
773 2773 856 2843 οἷς
889 2782 982 2836 καὶ
1012 2791 1340 2856 προσκυνεῖν
1379 2791 1482 2846 οὐκ
1521 2795 1868 2866 αἰσχύνεσθε,

291 2867 428 2935 μήτε
463 2866 722 2938 βαδίζειν,
760 2872 896 2944 μήτε
945 2877 1215 2932 κινεῖσθαι
1247 2881 1498 2947 δυνατοῖς
1523 2881 1698 2951 οὖσιν,
1753 2889 1870 2943 ἀλλ’

285 2956 372 3010 lu‘
399 2955 568 3028 ὤμων
601 2961 958 3032 φερομένοις,
999 2966 1096 3020 καὶ
1141 2969 1232 3039 ὑφ’
1277 2971 1481 3044 έτέρων
1510 2972 1870 3047 ὠθουμένοις,

416 3050 551 3142 μήτ-ί
575 3051 826 3118 ἀκούειν,
872 3058 1002 3128 μήτ’
1046 3061 1246 3126 αὐτοὺς
1294 3063 1490 3129 σώζειν
1529 3066 1868 3142 δυναμένοις.

283 3137 508 3260 τρύτοις
534 3141 724 3213 ὅμοιον
750 3146 894 3216 κάμὶ
927 3143 1072 3204 εἶναι
1096 3150 1419 3221 έλογίσασθε
1443 3194 1460 3220 ,
1511 3154 1588 3222 ὡς
1632 3137 1732 3224 τὰς
1763 3160 1868 3230 ψυ-
1893 3198 1938 3260 c

278 3232 380 3304 κάς
404 3239 814 3309 πεπηρωμένοιο

351 3345 372 3379 ε
410 3328 707 3403 Μνήσθητε
731 3332 925 3396 ταῦτα,
947 3335 1043 3389 καὶ
1055 3339 1374 3407 στενάξατε.
1392 3343 1798 3417 Μετανοήσατε,
1815 3351 1865 3402 oi

275 3419 714 3494 πεπλανημένον
738 3427 1107 3501 έπιστρέψατε
1126 3435 1194 3504 τῇ
1215 3434 1434 3508 καρδία,
1463 3438 1558 3490 καὶ
1587 3440 1864 3511 μνήσθητε

275 3509 344 3565 τὰ
361 3512 724 3585 πρότεραὰπὺ
749 3518 844 3572 τοῦ
859 3519 1077 3588 αἰῶνος·
1098 3525 1182 3578 ὅτι
1209 3526 1321 3595 έγῶ
1346 3528 1463 3598 είμι
1484 3529 1514 3582 ό
1547 3509 1718 3596 θεὸς,
1768 3509 1864 3588 καὶ

274 3601 376 3656 οὐκ
403 3602 554 3657 έστιν
586 3604 669 3660 {tt
720 3607 862 3681 πλὴν
899 3612 1036 3683 ἐμοῦ
1057 3631 1070 3644 ·
1105 3616 1455 3686 ἀναγγέλλων
1491 3620 1758 3695 πρότερον
1794 3623 1865 3678 τὰ

275 3690 482 3766 ισχατα
502 3697 634 3769 πρὶν
649 3699 1032 3768 γενέσθαιοκαὶ
1043 3705 1159 3778 ἅμα
1171 3690 1549 3784 συνετελέσθη,
1575 3733 1595 3766 ι
1621 3690 1863 3772 Τοῦτοδὲ

282 3802 542 3857 μεγιστον
550 3787 860 3861 ἀνθρώποις
873 3795 1173 3868 μαρτύριον
1180 3797 1269 3852 διὰ
1281 3799 1391 3855 τῶν
1403 3802 1644 3872 ἐμαυτοῦ
1657 3822 1864 3878 προφη-

275 3877 386 3932 τῶν
425 3881 880 3956 παρεστησάμην,
915 3885 986 3940 τὰ
1032 3887 1295 3959 μέλλοντα
1340 3890 1629 3960 θεσπίσας,
1665 3897 1758 3949 καὶ
1793 3877 1860 3952 τά

277 3974 515 4043 μακροῖς
537 3971 768 4046 ὕστερον
788 3978 999 4049 χρόνοις
1018 3981 1360 4054 γενησόμενα
1384 3984 1575 4039 εἰπών’
1597 3986 1636 4042 ἃ.
1667 3990 1761 4042 καὶ
1791 3990 1858 4045 δι’

271 4058 452 4132 ιργων
478 4061 784 4129 δξετέλεσα.
810 4085 830 4118 ι
848 4068 958 4122 Καὶ
967 4064 1116 4124 εῐπα·
1137 4072 1338 4145 Πᾶσαη
1353 4074 1514 4148 βουλή
1549 4093 1652 4148 μου
1667 4079 1860 4149 στήσε-

268 4169 360 4238 ται
383 4192 402 4218 ,
428 4155 528 4238 καὶ
544 4156 724 4211 πάντα
743 4159 844 4214 ὅσα
873 4160 1231 4235 βεϐούλευμαι
1252 4168 1478 4238 ποιήσω.
1514 4188 1532 4220 ι
1561 4170 1672 4224 Καὶ
1699 4167 1857 4236 αὖθις

271 4237 576 4294 ὲπιτελέσω
623 4243 737 4307 τοῖς
768 4243 978 4298 ἐπιοῦσι
1027 4249 1258 4319 χρόνοις.
1290 4237 1400 4305 καὶ
1430 4252 1610 4308 πάντα
1637 4257 1738 4309 ὅσα
1765 4255 1855 4328 βε-

270 4329 570 4403 ϐούλευμαι
616 4335 708 4390 καὶ
747 4335 924 4409 ὥρισα
951 4380 966 4404 ,
1021 4341 1307 4413 ἀραρότως
1335 4347 1626 4416 γενήσεται
1651 4387 1666 4412 ,
1717 4349 1854 4420 ἐμοῦ

270 4421 425 4486 τέλος
445 4423 810 4496 έπιθήσαντος
835 4434 948 4494 τοῖς
976 4433 1216 4503 ἐμαυτοῦ
1246 4435 1425 4504 λόγοις
1447 4453 1460 4465 ·
1494 4438 1582 4493 ὅτε
1611 4440 1707 4493 καί
1737 4439 1853 4511 βού·

1980 1958 2092 2012 net,
2122 1964 2228 2004 non
2264 1951 2679 2010 movebitur:et
2703 1955 2750 2010 si
2785 1957 2910 2026 quis
2933 1956 3255 2015 clamaverit
3280 1962 3348 2017 ad
3377 1963 3582 2036 ipsum,

1979 2055 2085 2096 non
2121 2043 2421 2099 exaudiet:
2453 2061 2483 2100 a
2533 2046 2692 2102 malis
2754 2064 2862 2105 non
2907 2050 3162 2108 liberabit
3221 2068 3370 2112 eum.
3406 2075 3426 2109 ι
3467 2056 3580 2114 Vos

1976 2146 2104 2188 vere
2132 2134 2367 2203 cogitate
2400 2135 2454 2191 in
2481 2149 2746 2208 quautam
2793 2141 2888 2196 Dei
2920 2142 3262 2199 inimicitiam
3301 2157 3355 2201 et
3383 2147 3580 2219 impie-

1978 2232 2144 2279 tatem
2173 2225 2512 2294 decideritis,
2558 2229 2686 2286 dum
2728 2232 2816 2298 iis,
2849 2234 2940 2303 qui
2995 2250 3124 2294 vere
3151 2237 3224 2293 dii
3279 2255 3385 2296 non
3422 2253 3572 2306 sunt,

1976 2330 2062 2370 me
2109 2317 2346 2374 similem
2387 2318 2590 2388 facem,
2634 2332 2691 2380 et
2729 2324 2990 2382 deitatem
3041 2344 3218 2386 meam
3243 2332 3398 2388 nihili
3434 2348 3574 2403 peu-

1972 2406 2103 2463 dcre
2131 2410 2248 2464 ausi
2296 2411 2466 2479 estis;
2511 2429 2578 2470 ac
2605 2418 2902 2474 commenti
2936 2420 3073 2476 estis
3119 2438 3208 2479 me
3261 2424 3576 2482 inanimatae

1973 2503 2222 2558 materie
2245 2517 2432 2574 parem
2464 2519 2590 2562 esse
2622 2522 2637 2560 :
2670 2521 2863 2566 aurum
2906 2521 2962 2566 et
2993 2525 3281 2586 argentum
3309 2531 3378 2572 ex
3409 2528 3575 2588 pacto

1972 2605 2389 2665 congregantes,
2444 2598 2838 2672 hominumque
2897 2606 3152 2663 manibus
3201 2606 3344 2665 idola
3403 2609 3573 2666 lubri-

1971 2695 2162 2761 cantes
2190 2706 2202 2742 :
2229 2704 2351 2760 qua:
2401 2692 2634 2748 adorare
2667 2709 2774 2750 non
2824 2696 3185 2768 erubescitis;
3218 2717 3344 2756 cum
3387 2713 3567 2760 tamen

1972 2793 2150 2850 neque
2200 2781 2504 2850 ambulare,
2565 2798 2744 2854 neque
2784 2800 2846 2842 se
2883 2787 3006 2844 loco
3044 2805 3268 2848 movere
3309 2792 3568 2864 valeant,

1971 2871 2068 2927 sed
2097 2872 2344 2929 humeris
2385 2883 2689 2946 gestemur,
2719 2886 2778 2934 et
2809 2877 2880 2934 ab
2929 2880 3055 2937 aliis
3103 2894 3374 2955 agantur;
3409 2888 3483 2943 ita
3512 2901 3572 2946 nt

1971 2977 2149 3034 neque
2177 2966 2423 3032 audiant,
2473 2983 2651 3040 neque
2679 2983 2808 3037 sese
2845 2973 2990 3028 tueri
3040 2978 3274 3044 possint.
3336 2978 3432 3037 llis
3483 3000 3577 3043 n.e

1971 3070 2187 3126 quoque
2220 3057 2453 3115 similem
2492 3074 2614 3117 esse
2639 3063 2958 3135 jagitastis,
2987 3075 3177 3139 utpote
3221 3073 3422 3132 animis
3467 3077 3572 3135 ob-

1972 3149 2184 3206 cacati.

2042 3331 2208 3389 νεεδ.
2238 3333 2396 3390 8-10.
2433 3353 2452 3388 ι
2491 3333 2820 3394 Iemeutote
2846 3337 3098 3409 istorum,
3118 3352 3176 3399 et
3202 3343 3562 3417 iugemiscite.

1968 3422 2354 3482 Paenitentiam
2401 3428 2546 3500 agite
2571 3429 2664 3499 qui
2695 3431 2911 3486 erratis.
2953 3432 3348 3494 Couvertimini
3373 3443 3563 3509 corde,

1966 3528 2020 3571 et
2050 3529 2384 3577 mementote
2436 3521 2679 3591 priorum
2737 3536 2769 3576 a
2817 3524 3064 3582 seculo:
3101 3529 3230 3598 quia
3281 3545 3384 3601 ego
3436 3547 3561 3589 sum

1965 3609 2128 3676 Deus,
2146 3621 2202 3666 et
2229 3627 2335 3668 non
2353 3622 2436 3668 est
2460 3611 2600 3670 alius
2634 3622 2834 3685 prater
2861 3631 2950 3674 me
2973 3635 2988 3673 :
3016 3622 3347 3680 annuntians
3372 3626 3560 3682 novis-

1965 3703 2100 3757 sima
2140 3713 2432 3774 antequam
2485 3706 2632 3774 siut;
2673 3718 2732 3764 et
2771 3708 2932 3766 simul
2977 3713 3344 3783 complentur.
3384 3733 3406 3769 a
3442 3715 3561 3774 Iloc

1970 3794 2265 3850 maximum
2330 3796 2641 3855 hominibus
2695 3801 3066 3859 testimonium
3117 3818 3216 3876 per
3259 3808 3559 3878 prophetas

1965 3899 2118 3941 meos
2149 3888 2376 3954 praebui,
2437 3905 2560 3946 cum
2595 3891 2775 3947 futura
2813 3894 3137 3952 vaticinatus
3168 3911 3309 3963 sum,
3339 3909 3398 3956 et
3431 3916 3559 3973 qua

1963 3979 2235 4036 diuturnis
2273 3991 2462 4053 postea
2493 3986 2830 4054 temporibus
2857 3997 3087 4045 ventura
3116 4001 3278 4048 erunt
3299 3995 3555 4065 praedixi,

1962 4073 2285 4141 etoperibus
2296 4086 2586 4134 exsecutus
2607 4094 2750 4134 sum.
2772 4099 2792 4133 ι
2818 4080 2882 4136 Et
2905 4082 3038 4148 dixi,
3061 4081 3236 4140 Omne
3259 4086 3549 4144 consilium

1961 4178 2141 4220 meum
2174 4167 2363 4234 stabit,
2393 4178 2450 4224 et
2480 4169 2665 4226 omnia
2712 4186 3054 4244 quaecunque
3119 4168 3416 4235 deliberavi
3464 4179 3550 4236 la-

1960 4254 2121 4324 ciam;
2160 4275 2180 4310 »
2205 4269 2371 4330 atque
2409 4259 2607 4316 iterum
2630 4277 2695 4318 ea
2724 4265 3009 4334 complebo
3029 4267 3082 4323 in
3115 4269 3310 4326 futuris
3342 4281 3552 4345 tempo-

1962 4347 2142 4414 ribus;
2191 4361 2248 4406 et
2285 4367 2621 4424 quaecunque
2675 4356 2974 4414 deliberavi
3024 4375 3089 4416 ac
3133 4360 3378 4431 decrevi,
3420 4379 3550 4420 con-

1958 4453 2216 4513 gruenter
2245 4447 2517 4515 evenient,
2547 4463 2635 4504 me
2663 4443 2828 4505 dictis
2855 4452 2991 4506 meis
3019 4454 3178 4508 tinem
3218 4463 3272 4509 et
3301 4457 3544 4525 comple-

271 4512 435 4585 λομαι
458 4554 475 4577 ,
528 4514 620 4569 διὰ
650 4517 746 4572 τοῦ
785 4521 969 4575 καλεῖν
1011 4526 1138 4588 τοὺς
1184 4526 1425 4597 ἐμαυτοῦ
1453 4529 1731 4601 ὑπηρέτας
1778 4532 1847 4587 δι’

1971 4512 2197 4592 utentum
2224 4512 2529 4596 statuente:
2554 4541 2715 4611 idque
2734 4559 2844 4613 quo
2863 4552 3110 4614 tempore
3155 4547 3384 4611 lubebit.
3412 4512 3549 4605 evo-

269 4605 433 4678 ἁέρος
461 4607 796 4678 φερομένους
824 4610 1026 4683 ὀρνέων
1053 4615 1148 4668 καὶ
1179 4618 1444 4671 πετεινῶν
1481 4619 1638 4691 δίκην
1659 4637 1672 4650 ’
1704 4622 1847 4692 λέγω

267 4692 334 4765 δὴ
365 4695 468 4758 τὰς
492 4696 791 4764 ἀγγελικας
816 4701 1071 4773 δυνάμεις
1093 4707 1186 4758 καὶ
1215 4707 1285 4762 τὰ
1309 4706 1658 4781 λειτουργικὰ
1688 4714 1851 4768 πνεύ-

273 4802 416 4854 ματα
444 4785 515 4840 τὰ
543 4788 624 4852 είς
647 4787 922 4847 διακονίαν
949 4794 1410 4870 ἀποστελλόμενα.

345 4930 365 4963 ε
401 4912 602 4968 Καλῶν
649 4915 757 4968 ἀπὸ
791 4916 1080 5002 Αάνατολῶν
1116 4924 1396 4987 πετεινὸν,
1453 4929 1548 4980 καὶ
1598 4930 1706 4982 ἀπὸ
1746 4930 1850 5002 γῆς

269 5003 554 5076 πόρρωθεν
576 5021 591 5033 ·
627 5007 756 5079 περὶ
778 4999 854 5062 ὧν
889 5007 1248 5084 βεϐούλευμαι
1277 5014 1550 5086 ἐλάλησα·
1585 5020 1678 5072 καὶ
1710 4999 1849 5090 ἠγα-

268 5111 384 5164 γον,
421 5095 613 5150 έκτισα
648 5097 740 5150 καὶ
767 5100 1026 5170 ἐποίησα.
1068 5103 1312 5173 Ἥγαγον
1341 5107 1541 5171 αὐτὸν,
1578 5111 1672 5163 καὶ
1712 5111 1851 5164 εύώ-

267 5187 415 5242 δωσα
479 5189 580 5260 τὴν
615 5188 731 5244 ὁδὸν
775 5192 960 5246 αὐτοῦ.
1007 5195 1298 5251 Ἀκούσατέ
1328 5216 1452 5270 μου,
1491 5203 1540 5254 oi
1571 5202 1844 5256 ἀπολωλε-

268 5279 425 5341 κότες
449 5278 548 5350 τὴν
577 5281 824 5351 καρδίαν,
866 5286 916 5335 el
946 5285 1160 5355 μακρὰν
1189 5289 1298 5341 ἀπὸ
1332 5290 1432 5359 τῆς
1471 5290 1839 5364 δικαιοσύνης.

1959 4641 2090 4684 cans
2139 4631 2414 4687 ministros
2447 4647 2616 4695 meos,
2670 4635 2761 4704 qui
2813 4635 2995 4690 avium
3039 4637 3428 4710 volucrumque
3459 4641 3547 4694 in-

1956 4728 2072 4774 star
2101 4735 2197 4788 per
2228 4737 2410 4780 aerem
2467 4723 2750 4789 feruntur;
2809 4727 3082 4796 angelicas
3117 4729 3243 4784 dico
3289 4731 3540 4795 virtutes,

1952 4820 2011 4864 et
2025 4810 2519 4870 administratorios
2539 4815 2763 4884 spiritus
2789 4857 2806 4883 ,
2842 4817 2896 4872 in
2927 4819 3283 4874 ministerium
3317 4822 3485 4879 misso
3522 4866 3538 4880 .

2023 4920 2190 4979 Vens.
2217 4927 2406 4982 “.13.
2443 4948 2462 4979 ε
2500 4929 2711 4985 Vocans
2745 4932 2813 4984 ab
2840 4933 3054 4989 oriente
3082 4934 3381 5002 volucrem,
3413 4947 3471 4993 et
3505 4957 3537 4994 τι

1954 5023 2095 5070 terra
2127 5017 2442 5092 longinqua,
2465 5022 2531 5077 de
2556 5023 2754 5093 quibus
2793 5024 3084 5080 deliberavi
3129 5026 3341 5083 locutus
3366 5044 3484 5083 sum
3520 5050 3535 5086 :

1949 5119 2005 5161 ct
2033 5111 2255 5176 adduxi,
2291 5115 2471 5169 crcavi
2501 5124 2557 5169 et
2585 5115 2710 5170 feci.
2750 5116 2883 5170 Duxi
2930 5132 3076 5182 eum,
3119 5129 3173 5173 et
3212 5135 3531 5189 prosperum

1952 5200 2050 5256 luci
2085 5203 2189 5257 iter
2219 5205 2355 5272 ejus.
2415 5208 2610 5263 Andite
2665 5224 2750 5263 me
2775 5208 2864 5278 qui
2925 5211 3165 5278 periistis
3213 5215 3398 5275 corde,
3436 5217 3528 5284 qni

1949 5292 2105 5363 longe
2141 5297 2273 5350 estis
2303 5312 2331 5350 a
2358 5297 2586 5368 iustitia.
2630 5301 2861 5355 Admovi
2907 5301 3174 5369 iustitium
3228 5321 3426 5367 meam,
3471 5318 3527 5360 et

269 5368 513 5436 Ἥγγισα
539 5367 638 5438 τὴν
662 5370 1007 5444 δικαιοσύνην
1042 5391 1163 5444 μου,
1197 5379 1290 5430 καὶ
1313 5381 1413 5449 τὴν
1442 5383 1715 5452 σωτηρίαν
1739 5385 1839 5454 τὴν

1973 5387 2195 5452 ulutem,
2226 5405 2346 5459 quae
2371 5406 2400 5444 a
2430 5407 2514 5446 me
2535 5403 2638 5458 est,
2668 5410 2772 5446 non
2798 5394 3013 5450 tardare
3043 5395 3260 5450 faciam.
3304 5396 3429 5450 Delli
3465 5398 3516 5452 in

264 5462 394 5530 παρ’
418 5460 558 5531 ἐμοῦ
574 5461 637 5513 ού
664 5461 926 5534 βραδυνῶ.
958 5465 1174 5519 Δέδωκα
1206 5470 1265 5520 ἐν
1290 5470 1426 5522 Σιὼν
1455 5475 1728 5543 σωτηρίαν
1761 5476 1838 5546 τῷ

1971 5481 2071 5534 lion
2108 5480 2334 5537 salutem
2366 5483 2550 5539 lsraeli
2591 5486 2642 5538 in
2671 5485 2918 5555 gIoriam.
2968 5505 2986 5538 ι

275 5549 494 5622 Ἰσραὴλ
524 5555 606 5614 εἰς
625 5551 886 5624 δόξασμα.
933 5576 951 5606 ι

774 5667 1162 5723 ΚΕΦΑΛΑΙΟΝ
1195 5673 1323 5726 ΜΖ⁸.

333 5791 349 5821 ε
391 5771 708 5842 Καταϐηθι,
755 5775 972 5830 κάθισον
1007 5781 1097 5834 ἐπὶ
1129 5783 1226 5852 τὴν
1257 5784 1381 5853 γῆν,
1438 5787 1699 5857 παρθένος
1731 5787 1833 5851 ,θυ-

2490 5688 2719 5744 CAPUT
2779 5689 2984 5745 XLVII.

2014 5793 2174 5849 Vsus.
2210 5795 2258 5849 l.
2292 5815 2309 5845 ι
2343 5800 2638 5864 Descende.
2680 5804 2809 5859 sede
2857 5820 3019 5877 super
3080 5815 3306 5866 terram.
3365 5807 3522 5879 rirgo
