4124 6410
640 377 745 432 ηδ

1308 362 1577 422 EUSEBII
1614 354 2086 422 CESARIENSIS
2122 351 2271 408 OPP.
2313 347 2494 405 PARS
2532 346 2622 402 III.
2662 375 2729 386 —
2767 338 3180 398 EXEGETICA.

3762 324 3869 379 49.!

636 495 743 550 tilia
782 490 1085 561 Babylonis.
1127 507 1145 539 ι
1179 485 1278 541 Hic
1307 502 1403 541 ceu
1441 495 1726 555 personam
1777 479 2061 550 quamdam
2112 489 2197 530 re-

2323 471 2479 539 τάτηρ
2504 464 2837 527 Βαϐυλῶνος.
2881 479 2902 512 ι
2940 452 3444 531 Προσωποποιετται
3470 411 3629 503 δὲίἑν
3661 446 3880 516 τούτοις,

634 603 796 657 gnum
823 598 1010 639 eorum
1044 581 1350 643 alloquitur,
1388 575 1727 645 quodetiam
1779 571 1939 623 tiliam
1980 566 2205 637 Babylo-

637 678 723 733 nis
746 684 945 730 vocat:
980 673 1238 741 virginem
1292 670 1417 722 item
1462 675 1644 728 vocat,
1684 662 1825 733 quod
1871 660 2093 729 virginis
2120 660 2203 712 in-

637 779 771 832 star,
808 764 1138 821 ornamentis
1164 772 1218 815 et
1244 761 1437 812 decore
1471 756 1693 824 fulgeat,
1731 752 1968 821 velitque
1986 749 2206 821 juvenis

637 867 692 913 et
731 857 904 927 puella
950 854 1116 908 videri
1172 866 1234 904 ac
1284 849 1606 903 existimari.
1666 845 1800 899 Hinc
1840 858 1982 905 eam,
2018 857 2114 895 ceu
2152 840 2205 895 in

640 948 854 1003 sublimi
896 947 1010 999 loco
1037 942 1334 1004 sedentem,
1376 950 1598 1005 surgere
1638 935 1793 1003 jubet
1836 947 1901 986 ac
1920 932 1986 986 de
2011 931 2206 985 throno

639 1054 738 1094 suo
768 1034 1110 1095 descendere,
1146 1041 1307 1097 atque
1363 1029 1509 1081 lmmi
1558 1026 1775 1095 sedere,
1827 1038 1889 1077 ac
1923 1019 2208 1091 turpitudi-

640 1145 761 1184 nem
802 1126 1039 1182 revelare
1082 1138 1257 1190 suam,
1293 1134 1454 1190 quam
1496 1133 1562 1173 ex
1603 1116 1693 1170 illa
1735 1116 1790 1170 in
1821 1113 2059 1170 deterius
2090 1125 2209 1166 mu-

642 1220 842 1275 tatione
872 1218 1125 1286 patietur.

724 1414 876 1455 vsus.
908 1398 965 1460 ‘2,
998 1398 1053 1451 5.
1092 1414 1111 1447 ι
1148 1393 1284 1447 Sede
1315 1394 1369 1444 in
1420 1398 1586 1454 terra,
1638 1386 1745 1442 ﬁlia
1778 1382 2151 1440 Chaldaeorum
2191 1394 2206 1433 :

2304 560 2401 630 τὴν
2446 556 2720 628 βασιλείαν
2772 552 2972 615 αὐτῶν,
3016 544 3291 619 θυγατέρα
3326 542 3643 607 Βαϐυλῶνος
3675 540 3877 614 ὀνομάρ

2302 650 2410 715 ζων
2440 648 2647 718 αὑτήν·
2685 645 2841 699 καλεῖ
2888 643 2948 697 δὲ
2985 640 3155 711 αὐτὴν
3190 638 3285 693 καὶ
3325 634 3630 708 παρθένον,
3681 632 3773 689 διὰ
3814 634 3874 688 τὲ

2302 739 2632 813 ὼραῖζεσθαι
2659 738 2754 791 καὶ
2788 730 3225 797 καλλωπίζεσθαι
3253 727 3527 800 παρθένου
3547 725 3725 796 δίκην,
3762 723 3873 795 βού-

2302 832 2485 887 λεσθαί
2509 847 2567 884 τε
2588 827 2878 898 φαίνεσθαι
2891 825 3039 888 νέαν,
3063 822 3159 877 κα)⁸
3183 820 3354 892 κόρην
3378 814 3517 873 εἶναι
3537 815 3872 888 νομίζεσθαι.

2302 919 2415 979 ElO‘
2446 923 2523 987 ὡς
2554 922 2613 974 ιν
2646 919 2770 990 ὕψει
2796 916 3135 988 καθημένην,
3166 912 3517 982 διαναστῆναι
3538 909 3677 979 αὐτῇ
3716 922 3879 979 προσ-

2302 1016 2487 1069 τάττει
2512 1012 2610 1067 καὶ
2650 1008 2959 1079 καταϐῆναι
3003 1006 3114 1061 ἀπὸ
3151 1002 3247 1057 τοῦ
3297 1002 3497 1074 ἑαυτῆς
3520 1001 3735 1072 θρόνου,
3782 999 3878 1052 καὶ

2304 1102 2633 1173 καθεσθῆναι
2665 1100 2760 1155 ἐπὶ
2794 1100 2894 1171 τῆς
2929 1096 3054 1167 γῆς,
3096 1094 3193 1149 καὶ⁸
3221 1084 3537 1164 ἀποκρύψαι
3560 1090 3761 1161 ἑαυτῆς
3779 1088 3880 1161 τὴν

2304 1192 2706 1267 ἀσχημοσύνην,
2741 1192 2809 1264 ήν
2822 1190 3067 1244 πείσεται
3096 1189 3159 1242 ὲκ
3184 1186 3282 1259 τῆς
3309 1185 3402 1239 ἐπὶ
3430 1184 3493 1239 τὸ
3511 1186 3693 1256 χεῖρον
3716 1198 3881 1254 μετα-

2306 1287 2467 1359 ϐολῆς

2383 1398 2401 1429 ι
2424 1356 2674 1429 ’Κάθισον
2702 1374 2781 1435 είς,
2818 1368 2919 1441 τήν
2969 1368 3089 1440 γῆν,
3134 1365 3371 1436 θύγατερ
3396 1360 3677 1416 Χαλδαίων
3707 1377 3722 1390 ·
3749 1356 3877 1413 λάϐε

643 1494 830 1563 accipe
863 1489 1080 1550 molam,
1111 1495 1163 1538 et
1196 1482 1335 1538 mole
1379 1478 1634 1535 farinam.
1671 1475 1872 1532 Revela
1904 1471 2209 1541 operimeno

2323 1470 2494 1539 μόλον.
2543 1466 2734 1521 ᾶλεσον
2790 1460 3035 1532 ἄλευρον.
3106 1454 3475 1524 ’Δποκάλυψαι
3517 1451 3579 1506 τδ
3639 1447 3882 1505 κατακάρ

646 1540 827 1563 αντ-
978 1540 985 1541 ,
1068 1540 1080 1550 ,
1944 1540 1953 1541 7

646 1596 759 1638 tum
795 1593 964 1643 tuum,
997 1580 1182 1645 detege
1212 1588 1397 1636 canos,
1432 1571 1638 1626 denuda
1676 1568 1858 1630 tibias,
1916 1561 2083 1617 transi
2114 1558 2212 1613 llu-

2323 1560 2498 1632 ιυμμὰ
2529 1574 2647 1619 σου,
2693 1552 3033 1622 ἀνακάλυψαι
3084 1550 3183 1614 τὰς
3241 1546 3454 1611 πολιὰς,
3506 1542 3751 1615 ἁνάσυρε
3783 1540 3879 1607 τὰς

645 1676 781 1730 vius.
817 1692 835 1725 ι
873 1669 1138 1738 Deposita,
1168 1665 1357 1734 inquit,
1394 1663 1535 1731 regia
1565 1660 1649 1713 illa
1686 1655 1982 1724 voluptate,
2004 1648 2212 1705 ancilla

2323 1631 2542 1722 κνήμας,
2572 1644 2785 1717 διάϐηθι
2806 1640 3099 1714 ποταμούς.
3138 1658 3157 1692 ι
3194 1636 3549 1708 utme
3586 1633 3750 1706 φησὶ,
3781 1631 3881 1704 τὴν

646 1769 817 1822 instar
839 1775 1152 1817 aerumnosa:
1174 1772 1239 1811 ac
1262 1754 1415 1809 mola:
1436 1749 1743 1811 servientis,
1770 1746 1835 1800 ad
1870 1739 2210 1799 serviendum

2323 1740 2595 1811 βασιλικὴν
2640 1738 2857 1807 ἐκείνην
2892 1732 3104 1806 τρυφήν
3125 1771 3140 1795 ,
3180 1728 3517 1801 θεραπαίνης
3547 1726 3748 1798 τρόπον
3781 1740 3879 1778 κα-

646 1856 880 1912 dominis
914 1854 1016 1907 tuis
1049 1860 1102 1905 te
1146 1856 1425 1916 apparato.
1482 1843 1825 1907 Acceptaque
1872 1830 2034 1893 mola,
2065 1828 2206 1883 mole

2323 1828 2573 1892 ιοπαθοῦς
2594 1842 2739 1889 τινος
2764 1824 2858 1878 καὶ
2883 1820 3212 1894 μυλωθρίδος
3238 1815 3657 1893 παρασκεύασον
3679 1812 3881 1883 σεαυή

648 1950 742 2013 ibi,
772 1948 875 2001 hac
908 1947 1037 1999 dura
1060 1952 1113 1997 et
1136 1939 1400 1993 laboriosa
1440 1931 1700 1989 servitute
1722 1941 1840 1981 cum
1871 1920 2092 1993 pristina
2120 1933 2214 1973 vu-

650 2045 854 2112 luptate
884 2041 1327 2092 commutata.....

721 2302 887 2357 Vsus.
922 2297 976 2356 ϐ.
1018 2316 1036 2349 ι
1068 2296 1241 2351 Iratus
1290 2306 1409 2347 sum
1471 2297 1659 2342 contra
1708 2284 1960 2355 populum
2012 2291 2213 2343 meum,

654 2390 1033 2449 contaminasti
1086 2384 1455 2441 hereditatem
1483 2394 1676 2434 meam.
1735 2375 1843 2445 Ego
1881 2370 2000 2427 dedi
2046 2382 2141 2424 eos
2162 2368 2216 2422 in

656 2500 871 2541 manum
928 2492 1117 2534 tuam:
1149 2488 1203 2532 tu
1235 2489 1365 2530 vero
1400 2485 1505 2527 non
1545 2466 1735 2523 dedisti
1784 2464 1865 2518 eis
1914 2458 2217 2515 misericor-

656 2579 822 2633 diam.
860 2594 881 2628 ι
913 2572 1042 2628 Haec
1081 2571 1275 2640 quippe
1307 2574 1423 2621 erat
1468 2557 1746 2630 disciplina
1797 2565 1909 2620 tua,
1947 2565 2053 2623 qua
2094 2563 2220 2605 eru-

659 2668 894 2725 diebaris
918 2681 949 2719 a
984 2639 1249 2732 principio
1284 2654 1564 2726 temporis,
1592 2660 1646 2706 et
1670 2665 1700 2704 a
1721 2639 2215 2718 juventute'tua....

1186 2809 1414 2869 CAPUT
1449 2804 1657 2863 XLVIII

726 2932 890 2987 Vsus.
928 2931 983 2995 I,
1010 2928 1067 2982 Ω.
1100 2946 1119 2979 ι
1155 2925 1350 2981 Audite
1386 2922 1522 2985 haec,
1562 2921 1756 2973 domus
1786 2912 1976 2976 Iacob,
2001 2909 2094 2980 qui
2124 2920 2219 2961 vo-

659 3023 854 3080 αωίηί
885 3020 1102 3075 nomine
1131 3016 1333 3079 Israel,
1378 3020 1428 3064 et
1480 3009 1671 3063 existis
1696 3020 1761 3060 ex
1785 3004 1925 3059 Iuda
1949 3042 1963 3062 ,
1992 2999 2084 3069 qui
2132 2998 2221 3069 ju-

661 3114 797 3171 ratis
820 3114 874 3168 in
902 3112 1123 3166 nomine
1148 3105 1359 3161 Domini
1391 3102 1485 3157 Dei
1530 3096 1732 3163 Israel,
1759 3095 1856 3166 qui
1897 3088 2224 3147 recordami-

2310 1921 2579 1977 δουλεύειν
2617 1921 2730 1981 τοῖς
2778 1914 2981 1986 ἑαυτῆς
3007 1912 3315 1974 δεσπόταις.
3348 1907 3529 1963 Μύλον
3552 1903 3753 1978 δηλαδή
3790 1919 3885 1956 ω·

2312 2015 2502 2076 ϐοῦσα,
2544 2015 2603 2067 εν
2651 2008 2801 2081 αὐτῷ
2830 2008 3044 2071 ἄλεσον,
3075 2002 3174 2076 τήν
3230 1999 3473 2073 σκληρὰν
3517 1997 3747 2068 ταύτην,
3794 2008 3888 2048 και

2314 2107 2572 2161 ἐπίπονον
2600 2101 2844 2174 θητείαν,
2874 2098 2973 2170 τῆς
3001 2096 3168 2151 πάλαι
3196 2096 3409 2166 τρυφῆς
3435 2082 3891 2155 ἀντικαταλλαξα·

2319 2198 2531 2270 μένη...

2391 2307 2409 2339 ι
2447 2284 2809 2358 Παρωξύνθην
2843 2281 2937 2336 ἐπὶ
2959 2277 3038 2351 τῷ
3066 2276 3182 2348 λαῷ
3211 2292 3336 2348 μου,
3376 2273 3605 2345 ὲμίανας
3630 2271 3730 2343 τὴν
3756 2268 3887 2342 κλη-

2317 2379 2572 2453 ρονομίαν
2598 2393 2719 2447 μου,
2757 2371 2898 2443 Ἐγὼ
2915 2370 3092 2425 ἔδωκα
3111 2367 3307 2432 αὐτοὺς
3333 2368 3413 2429 είς
3438 2365 3537 2438 τήν
3560 2362 3722 2435 χεῖρά
3751 2377 3846 2417 σου
3872 2375 3884 2389 ·

2318 2447 2383 2525 σὺ
2410 2447 2466 2523 δέ
2493 2469 2593 2523 οὐκ
2625 2468 2832 2528 ἔδωκας
2854 2464 3037 2527 αὐτοῖς
3077 2460 3243 2523 ιλεος.
3284 2478 3302 2511 ι
3348 2454 3535 2511 Ταῦτα
3558 2456 3670 2527 γὰρ
3700 2452 3795 2508 σοῦ
3820 2447 3889 2525 ἧν

2314 2559 2383 2611 τὰ
2408 2558 2723 2630 μαθήματα,
2754 2554 2790 2610 ἃ
2820 2551 3121 2627 ἐμάνθανες
3153 2549 3214 2615 ἐξ
3240 2547 3416 2620 ἀρχῆς
3446 2545 3676 2620 χρόνων,
3706 2543 3803 2599 καὶ
3825 2544 3891 2598 ιιι

2316 2646 2565 2718 νεότητός
2601 2662 2716 2700 σου.
2728 2685 2764 2699 ..

2820 2797 3218 2854 ΚΕΦΑᾹΔῙΟΝ
3246 2797 3386 2853 MH'.

2395 2930 2415 2963 ι
2464 2910 2756 2965 Ἀκούσατε
2793 2910 2985 2975 ταῦτα,
3024 2904 3171 2973 οἶκος
3230 2905 3446 2972 Ἰακὼϐ,
3478 2906 3528 2960 oi
3566 2902 3892 2976 κεκλημένοι

2321 3004 2414 3059 ἐπὶ
2458 3003 2537 3075 τῷ
2581 3004 2804 3075 ὀνόματι
2860 3002 3096 3075 Ἰσραὴλ,
3130 3001 3225 3055 καὶ
3259 3000 3319 3067 ιε
3359 2999 3529 3053 Ἰούδα
3563 2996 3891 3065 ἐξελθόντες,

2324 3097 2374 3149 ol
2406 3094 2702 3164 ὀμνύοντες
2747 3092 2824 3165 τῷ
2854 3094 3081 3165 ὀνόματι
3108 3092 3313 3164 Κυρίου
3343 3088 3480 3143 Θεοῦ
3528 3088 3766 3161 Ἰσραήλ,
3802 3104 3894 3159 μι-

663 3207 718 3261 ni
744 3245 761 3271 ,
785 3220 890 3259 non
921 3216 1043 3257 cum
1076 3200 1322 3259 veritate,
1354 3206 1524 3261 neque
1562 3205 1685 3245 cum
1714 3185 1924 3257 justitia
1954 3203 1967 3238 :
2003 3182 2095 3252 qui
2129 3178 2222 3235 ad-

2327 3161 2693 3257 μνησκόμενοι
2720 3161 3227 3255 ούτμετίάληθείας
3245 3222 3261 3247 ,
3306 3181 3427 3235 οὐδὲ
3459 3180 3597 3253 μετὰ
3624 3177 3867 3235 δικαιοεύ

664 3296 882 3351 haeretis
931 3288 1132 3347 nomini
1190 3284 1425 3341 civitatis
1458 3288 1700 3336 sancta}.
1751 3285 1805 3330 et
1849 3286 2010 3342 super
2054 3272 2221 3325 Deum

661 3387 827 3443 Israel
871 3380 1203 3439 constabiliti
1235 3377 1367 3431 estis
1397 3394 1412 3429 :
1447 3372 1707 3427 Dominus
1756 3365 1992 3421 Sabaoth
2025 3375 2221 3417 nomen

664 3478 762 3533 illi.
798 3495 817 3529 υ
853 3475 1143 3544 Postquam
1188 3484 1251 3523 ea
1278 3481 1397 3536 qua:
1426 3461 1680 3533 Babyloni
1709 3498 1725 3524 ,
1766 3473 1831 3513 ac
1863 3454 2054 3510 incolis
2084 3452 2224 3521 regi-

665 3573 873 3639 busque
898 3543 1015 3635 eius
1044 3574 1306 3618 eventura
1329 3566 1453 3612 sunt
1484 3548 1867 3625 pmnuntiavit
1893 3584 1908 3609 ,
1938 3543 2223 3598 Iudaicum

666 3631 1256 3733 populum'premissis
1285 3649 1464 3705 verbis
1506 3644 1758 3713 coarguit
1800 3640 1987 3693 dicens
2021 3655 2035 3690 :
2070 3631 2224 3699 Quod

668 3730 833 3822 pcnes
856 3764 940 3804 me
963 3746 1175 3817 iustitia
1210 3744 1323 3808 sit,
1361 3741 1473 3793 haec
1520 3734 1787 3791 Cbaldmis
1820 3730 2086 3791 inferam,
2121 3738 2226 3778 non

670 3842 811 3915 quod
834 3852 890 3895 tu
927 3838 1132 3894 auxilio
1158 3835 1356 3903 dignus
1394 3830 1490 3887 sis.
1514 3829 1582 3884 Et
1602 3828 1715 3915 hac
1746 3823 2038 3894 praedicere
2065 3833 2229 3873 occu-

671 3934 833 4006 pavi,
860 3943 1145 3999 antequam
1198 3939 1284 3980 res
1315 3922 1567 3978 eveniant
1592 3906 1991 3987 fpraascientia
2043 3910 2225 3966 divlna

670 4002 1048 4088 vaticinatus;
1070 4028 1129 4073 ut
1152 4026 1435 4087 postquam
1478 4011 1544 4066 ad
1581 4024 1695 4064 rem
1728 4017 1781 4062 et
1826 4005 2109 4060 terminum
2137 4002 2204 4056 de

674 4118 831 4171 ducta
864 4113 1064 4167 fuerint
1112 4124 1175 4164 ea
1201 4148 1216 4174 ,
1261 4120 1381 4175 quae
1434 4113 1622 4158 contra
1666 4098 1943 4155 Chaldaeos
1975 4094 2228 4165 praedicta

676 4205 847 4268 fuere,
884 4216 952 4257 ne
979 4202 1171 4257 horum
1205 4210 1424 4253 causam
1453 4194 1521 4249 iis
1544 4233 1561 4260 ,
1586 4206 1723 4262 quos
1757 4193 1888 4247 deos
1925 4186 2225 4250 arbitraris,

674 4294 941 4350 ascribas.

747 4450 911 4507 Vm.
935 4449 1043 4505 3-5.
1088 4465 1107 4500 ι
1144 4446 1331 4501 Priora
1356 4444 1533 4499 adhuc
1565 4440 1903 4504 annuntiavi,
1933 4448 1987 4493 et
2036 4451 2103 4492 ex
2135 4450 2231 4492 ore

677 4556 801 4597 meo
824 4541 1103 4601 exierunt;
1118 4549 1173 4593 et
1206 4539 1450 4592 auditum
1485 4535 1683 4589 factum
1712 4543 1828 4589 est:
1857 4542 2076 4601 repente
2105 4528 2230 4594 feci,

678 4643 735 4688 et
756 4642 1041 4687 venerunt.
1083 4631 1208 4684 Scio
1242 4630 1361 4696 quia
1390 4629 1556 4681 durus
1594 4641 1651 4680 es
1677 4664 1692 4690 ,
1722 4634 1776 4679 et
1804 4638 1999 4677 nervus
2026 4621 2236 4675 ferreus

681 4724 874 4780 collum
903 4732 1074 4787 tuum,
1098 4732 1149 4775 et
1178 4721 1322 4774 frons
1351 4730 1438 4773 tua
1466 4733 1633 4772 aenea.
1682 4717 1744 4770 Et
1784 4713 2096 4769 annuntiavi
2136 4712 2234 4767 tibi

682 4826 882 4881 vetera,
915 4824 1203 4881 antequam
1242 4814 1459 4865 veniant
1502 4811 1553 4863 in
1588 4821 1655 4863 te.
1688 4809 1944 4862 Auditum
1979 4806 2075 4861 tibi
2107 4805 2231 4870 feci,

685 4922 749 4962 ne
778 4908 914 4961 forte
954 4905 1103 4959 dicas
1132 4946 1145 4967 ,
1192 4903 1472 4971 Sculptilia
1508 4911 1560 4954 et
1607 4899 1897 4954 conflatilis
1943 4898 2229 4952 mandave-

682 5008 808 5054 runt
836 4999 985 5052 mihi.
1022 5017 1039 5049 ι
1080 4996 1155 5050 Ne
1191 4996 1329 5051 forte
1369 4996 1527 5047 rebus
1567 4991 1944 5046 evenientibus
1971 5029 1986 5055 ,
2027 4998 2082 5042 te
2121 4991 2236 5057 ipse

687 5089 975 5157 decipiens,
1004 5099 1158 5158 putes
1196 5102 1287 5141 eos
1332 5102 1467 5155 quos
1511 5086 1743 5139 errando
1770 5083 1899 5137 deos
1928 5080 2235 5146 arbitraris,

688 5181 800 5235 haec
844 5178 1106 5234 eﬂ'ecisse.
1152 5179 1347 5233 Verum
1386 5178 1497 5231 haec
1543 5176 1898 5246 praescientiae
1944 5189 2077 5229 mem
2128 5189 2233 5228 non

689 5270 883 5334 latent,
920 5281 972 5324 te
1005 5286 1069 5325 ne
1110 5287 1174 5324 ex
1209 5271 1291 5323 his
1332 5271 1545 5337 quidem
1577 5268 1755 5322 verbis
1785 5268 2058 5336 quidpiam
2096 5267 2236 5319 utili-

692 5361 813 5415 tatis
877 5371 1251 5430 percepturum
1312 5374 1449 5413 esse.
1511 5360 1889 5413 Verumtamen
1952 5357 2234 5410 clementia

692 5463 862 5506 motus
894 5470 1030 5517 mea,
1061 5456 1221 5507 ctiam
1248 5470 1388 5505 llllllc
1420 5453 1702 5513 testilicor,
1737 5464 1798 5503 ac
1840 5450 2098 5502 annuntio
2146 5449 2239 5501 tibi

690 5556 772 5604 ea,
808 5560 922 5611 qua:
944 5544 1191 5616 Babyloni
1217 5556 1269 5600 et
1293 5542 1551 5599 Chaldaeis
1583 5551 1634 5598 te
1658 5542 2051 5611 oppugnaturis
2079 5555 2242 5596 even-

693 5644 809 5689 tura
834 5652 977 5691 sunt.

2323 3294 2453 3350 γης.
2493 3279 2588 3332 καὶ
2630 3278 2978 3347 ἀντεχόμενοι
3022 3275 3101 3347 τῷ
3149 3276 3373 3344 ὀνόματι
3417 3275 3518 3345 τῆς
3550 3272 3760 3336 πόλεως
3797 3272 3895 3344 τῆς

2323 3370 2504 3437 ἁγίας,
2530 3370 2645 3429 ,καὶ
2692 3370 2785 3422 ἐπὶ
2824 3368 2903 3440 τῷ
2937 3368 3058 3438 Θεῷ
3102 3367 3319 3439 Ἰσραὴλ
3360 3364 3892 3437 ἀντιστηριζόμενοιο

2322 3462 2528 3531 Κύριος
2557 3458 2782 3515 Σαϐαὼθ
2823 3460 2995 3531 ϐνομα
3025 3458 3194 3530 αὐτῷ.
3236 3477 3255 3511 ι
3293 3457 3375 3511 Τὰ
3405 3456 3807 3529 ἐπελευσόμενα
3828 3458 3895 3529 τῇ

2323 3550 2621 3615 Βαϐυλῶνι,
2653 3552 2767 3613 τοῖς
2797 3565 2858 3602 τε
2890 3548 3169 3620 οἰκήτορσι
3204 3549 3298 3602 καὶ
3342 3550 3456 3612 τοῖς
3490 3545 3768 3618 βασιλεῦσι
3799 3546 3899 3602 αύ-

2322 3640 2419 3711 τῆς
2450 3638 2921 3710 προαναφωνήσας
2951 3639 2981 3691 ό
3006 3636 3185 3704 λόγος,
3226 3637 3320 3690 τὸν
3351 3636 3461 3691 τῶν
3496 3634 3764 3691 Ἰουδαίων
3793 3636 3900 3692 ἁπο-

2326 3730 2532 3799 ελέγχει
2572 3728 2697 3782 λαὸν
2734 3728 2823 3781 διὰ
2857 3727 2967 3782 τῶν
2998 3728 3373 3801 προκειμένων
3402 3727 3647 3797 φάσκων,
3690 3729 3774 3782 δτι
3814 3727 3901 3783 διὰ

2324 3819 2386 3872 τὸ
2423 3818 2552 3889 παρ’
2586 3818 2709 3888 luci
2746 3816 2953 3872 δίκαιον
2995 3817 3182 3882 ἐπάξω
3212 3816 3384 3871 ταῦτα
3427 3818 3567 3872 κατὰ
3606 3817 3715 3872 τῶν
3755 3818 3896 3873 Xal-

2327 3908 2509 3963 δαίων·
2533 3909 2595 3962 οὑ
2624 3908 2729 3980 μὴν
2752 3907 2837 3962 δτι
2868 3908 2933 3961 σὺ
2958 3906 3210 3979 βοηθείας
3229 3901 3373 3978 ἦσθα
3402 3906 3571 3972 ἄξιος.
3599 3908 3712 3961 Καὶ
3732 3907 3902 3963 ταῦτα

2329 4000 2613 4073 προλαϐὼν
2664 4001 2923 4072 προεῖπον
2973 3998 3104 4069 πρὶν
3152 3997 3407 4066 γενέσθαι
3457 3997 3529 4052 τὰ
3578 3999 3900 4071 πράγματα,

2329 4092 2633 4166 προγνώσει
2680 4091 2833 4163 θεῖκῇ
2881 4089 3175 4154 θεσπίσαςο
3226 4089 3292 4144 ἶν’
3339 4091 3557 4146 ἐπειδὰν
3600 4093 3684 4156 είς
3730 4093 3902 4165 πέρας

2329 4184 2490 4256 ἀχθῇ,
2517 4184 2613 4237 καὶ
2644 4183 2710 4237 δι’
2749 4181 2926 4255 ἔργων
2960 4182 3187 4254 χωρήσῃ
3214 4180 3284 4236 τὰ
3316 4186 3457 4237 κατὰ
3478 4182 3587 4235 τῶν
3619 4182 3901 4241 Χαλδαίων

2329 4272 2799 4418 ἔροέι-ἲορευμένα,
2851 4269 2927 4344 μή
2972 4264 3055 4335 οἷς
3098 4270 3341 4341 νομίζεις
3387 4269 3528 4334 θεοῖς
3574 4269 3675 4342 τὴν
3724 4272 3902 4327 αἰτίαν

2368 4380 2433 4417 να
2468 4380 2493 4415 ε
2518 4378 2603 4418 ης.

2368 4378 2603 4434 ναυειης.

2408 4469 2426 4503 ι
2465 4450 2546 4503 Τὰ.
2573 4448 2817 4520 πρότερα
2842 4446 2922 4501 ἐτι
2954 4447 3271 4519 ἁνήγγειλα,
3298 4447 3392 4501 καὶ
3419 4449 3484 4501 ὲκ
3508 4446 3605 4500 τοῦ
3640 4447 3903 4519 στόματός

2339 4558 2438 4612 μου
2469 4538 2678 4610 ἐξῆλθε,
2708 4537 2802 4591 καὶ⁸
2834 4536 3097 4590 ἀκουστὸν
3128 4535 3362 4604 εγενετοο
3397 4536 3624 4603 ἐξάπινα
3651 4536 3901 4609 ὲποίησα.

2336 4634 2431 4686 καὶ
2472 4630 2693 4701 ὲπῆλθε.
2726 4627 3003 4693 Γινώσκω,
3050 4628 3131 4681 ὅτι
3176 4626 3410 4699 σκληρὸς
3452 4622 3522 4693 εἷ,
3575 4628 3671 4682 καὶ
3712 4628 3901 4700 νεῦρον

2340 4722 2586 4795 σιδηροῦν
2612 4725 2641 4777 ό
2669 4722 2938 4795 τράχηλός
2967 4738 3083 4785 σου,
3128 4720 3223 4774 καὶ
3251 4720 3312 4772 τὺ
3354 4718 3601 4791 μέτωπόν
3644 4736 3740 4773 σου
3774 4720 3903 4791 καλ-

2339 4812 2486 4868 κοῦν.
2512 4814 2623 4866 Καὶ
2644 4811 2945 4883 ἀνήγγειλά
2969 4827 3050 4863 σοι
3078 4808 3302 4873 παλαιὰ,
3338 4808 3465 4880 πρὶν
3494 4807 3667 4861 ὲλθεῐν
3696 4809 3789 4862 ἐπὶ
3813 4809 3902 4871 σέ·

2340 4904 2599 4957 ἀκουστόν
2632 4919 2714 4957 σοι
2734 4902 2987 4973 ἐποίησα,
3016 4902 3222 4973 μήποτε
3253 4900 3412 4971 εἴπῃς
3434 4939 3449 4963 ,
3474 4902 3559 4965 δτι
3586 4900 3670 4954 Τὰ
3693 4898 3905 4969 γλυπτὰ

2338 4994 2429 5048 καὶ
2458 4993 2527 5047 τὰ
2554 4992 2794 5064 χωνευτὰ
2834 4991 3131 5046 ἐνετείλατό
3171 5007 3281 5063 μοι.
3314 5009 3332 5043 ι
3365 4991 3592 5062 Μήποτε
3619 4990 3728 5045 τῶν
3761 5008 3902 5065 πρα-

2337 5086 2559 5154 γμάτων
2590 5082 2942 5148 ἐπελθόντων,
2976 5082 3199 5137 ἀπατῶν
3230 5082 3443 5147 σαυτὸν,
3474 5082 3602 5145 τοὺς
3631 5082 3904 5153 πεπλανη-

2342 5175 2514 5246 μένως
2563 5174 2947 5246 νομιζομένους
2995 5190 3078 5228 σοι
3125 5173 3279 5239 θεοὺς
3326 5172 3724 5246 πεποιημένους
3766 5173 3903 5229 αὐτὰ

2338 5268 2633 5337 νομίσειας.
2686 5266 2832 5338 Πλὴν
2883 5268 2975 5319 καὶ
3022 5264 3180 5320 τοῦτο
3228 5265 3327 5336 τήν
3368 5266 3509 5335 ιμήν
3543 5266 3605 5318 οὐ
3652 5264 3900 5321 λανθάνει

2339 5358 2665 5428 πρόγνωσιν,
2697 5357 2758 5410 τὸ
2792 5356 2913 5429 μηδ’
2958 5358 3024 5411 ὲκ
3066 5355 3270 5411 τούτων
3313 5355 3764 5429 ὠφεληθήσεσθαι
3795 5355 3903 5411 τῶν

2337 5450 2529 5518 λόγων.
2574 5448 2767 5519 Ὅμως
2800 5449 2844 5502 δ’
2874 5444 2969 5503 οὖν
3003 5449 3097 5502 ἐπὶ
3129 5448 3228 5519 μὲν
3266 5451 3331 5521 τῇ
3372 5447 3566 5503 ἑαυτοῦ
3597 5447 3902 5521 φιλανθρω-

2338 5542 2456 5613 πίᾳ,
2490 5540 2569 5595 ἔτι
2612 5540 2707 5593 καὶ
2751 5538 2847 5592 νῦν
2892 5539 3261 5611 μαρτύρομαι,
3303 5540 3397 5593 καὶ
3425 5539 3804 5612 διαστέλλομαί
3841 5555 3899 5594 σε

2336 5631 2405 5685 τὰ
2453 5630 2841 5704 συμϐησόμενα
2884 5632 2951 5701 τῇ
2996 5629 3275 5684 Βαϐυλῶνι
3324 5633 3419 5686 καὶ
3462 5634 3574 5696 τοῖς
3622 5630 3900 5697 Χαλδαίοις

2336 5726 2446 5787 τοῖς
2470 5722 2727 5793 μέλλουσί
2766 5739 2823 5776 σε
2855 5721 3275 5794 καταπολεμεῖν.
