4124 6464
272 446 372 500 £25

1156 451 1666 508 COMMENTARIA
1710 455 1773 510 IN
1814 455 2068 513 ISAIAM.
2108 488 2176 498 —
2215 460 2366 519 CAP.
2406 461 2638 520 XLVIII.

3415 472 3519 526 426

339 580 360 614 ι
403 563 704 619 Ἠκούσατε
749 568 940 628 πάντα,
983 566 1074 620 καὶ
1112 567 1276 638 ὑμεῖς
1299 568 1402 622 οὐκ
1432 567 1656 636 ἔγνωτε.
1703 570 1831 623 Ἀλλ

2018 571 2181 628 Vens.
2214 574 2332 629 6—8.
2371 595 2390 627 ι
2434 577 2675 633 Audistis
2710 578 2915 642 omnia,
2969 589 3024 633 et
3057 595 3152 636 vos
3182 595 3286 636 non
3312 597 3518 654 cogno-

270 653 502 708 ἀκουστά
536 673 617 710 σοι
642 659 868 727 ἐποίησα
899 657 965 711 τά
992 658 1154 711 καινά
1182 659 1297 712 ἀπὸ
1325 659 1422 713 τοῦ
1458 659 1574 723 νῦν,
1595 661 1632 714 ἃ
1665 660 1848 731 μέλλει

268 745 506 814 γίνεσθαι
526 764 540 777 ’
579 749 674 802 καὶ
696 749 794 801 οὐκ
821 746 1000 812 εἶπας,
1031 750 1146 802 Νῦν
1171 749 1407 819 γίνεται.
1434 751 1530 803 καὶ
1562 750 1623 802 οὑ
1658 751 1846 816 πάλαι,

270 838 356 891 καὶ
385 839 445 891 οὐ
480 839 776 911 προτέραις
807 839 1036 911 ἡμέραις
1069 843 1313 913 ἦκουσας
1339 843 1501 897 αὐτά.
1535 845 1626 914 Μὴ
1662 844 1845 913 εἴπῃς,

267 929 371 983 Ναὶ
415 931 670 998 γινώσκω
709 932 864 985 αὑτά.
905 931 1030 986 Οὕτ⁹
1079 933 1277 1002 ἔγνως,
1320 933 1432 987 οὔτ’
1476 935 1712 1004 ἠπίστω,
1753 935 1841 988 ὅτε

267 1022 358 1074 ἀπ’
385 1025 565 1093 ἀρχῆς
597 1021 784 1092 ῆνοιξά
817 1040 898 1077 σοι
930 1024 996 1078 τά
1028 1018 1174 1077 ὧτα’
1221 1024 1392 1093 εγνων
1431 1025 1564 1098 γάρ,
1608 1027 1690 1079 ὅτι
1723 1028 1848 1080 ἀθε-

268 1112 370 1165 τῶν
396 1113 705 1184 ἀθετήσεις.
737 1115 830 1166 καὶ
857 1115 1052 1185 άνομος
1082 1115 1160 1168 ἔτι
1193 1116 1261 1168 ὲκ
1286 1116 1497 1180 κοιλίας
1521 1117 1787 1190 κληθήσῃ.
1820 1137 1839 1170 ι

267 1202 354 1272 Μὴ
393 1203 505 1274 γὰρ
541 1199 737 1256 σαυτὸν
777 1203 959 1257 ἀπάτα
981 1221 994 1234 ·
1029 1205 1105 1276 μὴ
1142 1204 1294 1273 λέγε,
1326 1207 1408 1259 ὅτι
1453 1209 1548 1260 καὶ
1595 1208 1700 1275 πρὸ
1743 1209 1844 1280 τῆς

267 1292 398 1362 ἐμῆς
424 1294 764 1364 προφητείας
787 1295 1081 1362 ὲγίνωσκες
1113 1297 1285 1349 αὐτά·
1308 1297 1473 1350 πόθεν
1489 1299 1596 1370 γάρ
1614 1315 1694 1352 σοι
1713 1317 1844 1371 παρ-

264 1382 328 1454 ῆν
355 1383 529 1438 ταῦτα
565 1381 892 1452 γινώσκειν;
933 1385 1077 1455 Πλὴν
1104 1386 1257 1440 οὐδέν
1287 1405 1348 1442 σε
1381 1390 1448 1442 ὲκ
1475 1389 1676 1444 vode
1701 1389 1845 1460 ὠφε·

264 1473 594 1548 ληθὴσεσοαι
622 1475 730 1530 τῶν
750 1476 923 1544 λόγων
952 1478 1278 1550 πέπεισμαι.

334 1693 353 1728 ι
393 1676 622 1730 Ἕνεκεν
658 1675 751 1730 τοῦ
781 1674 914 1748 ἐμοῦ
944 1676 1204 1748 ὀνόματος
1232 1674 1404 1746 δείξων
1439 1694 1522 1732 σοι
1550 1677 1640 1733 τὸν
1671 1677 1841 1751 θυμόν

266 1782 381 1835 μον,
410 1769 510 1822 καὶ
538 1767 606 1821 τά
639 1765 824 1833 ἐνδοξά
857 1785 966 1837 μου
1007 1768 1212 1844 ἑπάξωο
1239 1769 1333 1822 ἐπὶ
1365 1769 1447 1834 σὲ,
1495 1771 1582 1823 ἵνα
1629 1771 1704 1842 μὴ
1755 1771 1841 1836 ὲξ-

261 1857 565 1932 ολοθρεύοω
601 1875 680 1911 σε.
713 1879 731 1911 ι
769 1859 957 1929 Ὅμως
984 1858 1115 1927 γοῦν
1140 1859 1201 1912 οὐ
1231 1858 1320 1914 διὰ
1355 1861 1435 1926 σὲ,
1471 1861 1606 1915 ἀλλά
1633 1862 1721 1916 διά
1743 1863 1840 1932 τὴν

1798 1903 1912 1964 Ι’Β

1952 665 2126 719 vistis.
2161 666 2266 721 Sed
2294 668 2475 722 audita
2510 669 2604 724 tibi
2639 668 2739 725 feci
2777 684 2913 723 nova
2961 671 3029 725 ab
3082 672 3185 726 hoc
3231 682 3512 742 tempore,

1950 770 2071 825 qua:
2100 757 2281 811 futura
2311 770 2452 814 sunt.
2489 759 2555 814 Et
2586 775 2691 815 non
2718 761 2930 826 dixisti,
2960 763 3113 818 Nunc
3139 764 3291 830 fiunt,
3325 776 3378 820 et
3406 783 3514 823 non

1948 848 2076 900 olim
2104 889 2118 910 ,
2154 858 2208 903 et
2240 865 2344 904 non
2380 851 2432 905 in
2467 851 2712 920 pristinis
2739 852 2928 909 diebus
2960 855 3157 908 audisti
3187 870 3269 908 ea.
3318 855 3399 912 Ne
3436 857 3519 912 di-

1947 955 2064 1005 cas,
2094 940 2266 994 Etiam
2308 957 2577 1012 cognosco
2606 959 2688 998 ea.
2722 944 2907 1015 Neque
2941 947 3135 1000 novisti
3162 985 3177 1009 ,
3208 962 3382 1018 neque
3408 950 3519 1004 sci-

1944 1032 2067 1085 visti
2094 1071 2108 1097 ,
2135 1033 2350 1101 quando
2379 1051 2408 1088 a
2452 1035 2720 1105 principio
2752 1037 2941 1104 aperui
2986 1037 3082 1090 tibi
3114 1051 3273 1092 aures
3323 1055 3338 1092 :
3385 1040 3514 1093 novi

1945 1121 2089 1174 enim
2125 1123 2268 1191 quod
2292 1127 2655 1194 praevaricans
2697 1127 3163 1194 prmvaricaberis,
3206 1139 3260 1182 et
3294 1129 3514 1198 iniquus

1944 1216 2119 1271 adhuc
2157 1215 2225 1270 ab
2266 1226 2422 1271 utero
2455 1219 2754 1272 vocaberis.
2794 1237 2813 1270 ι
2850 1217 2927 1272 Ne
2965 1220 3194 1289 teipsum
3226 1220 3464 1291 decipias
3495 1237 3512 1274 :

1947 1321 2014 1360 ne
2041 1306 2189 1361 dicas
2236 1315 2287 1362 te
2318 1308 2481 1362 etiam
2528 1315 2652 1362 ante
2681 1309 3021 1379 prophetiam
3053 1325 3226 1365 meam
3267 1311 3379 1368 hac
3405 1313 3518 1368 sci-

1944 1397 2087 1452 visse
2117 1415 2131 1452 :
2162 1412 2286 1451 nam
2333 1398 2476 1454 unde
2525 1398 2622 1452 tibi
2674 1401 2785 1455 hac
2819 1401 3010 1455 notitia
3031 1401 3060 1455 Υ
3089 1400 3352 1458 Caeterum
3389 1418 3515 1473 per-

1942 1504 2161 1544 suasum
2197 1490 2371 1546 habeo
2397 1501 2451 1546 te
2481 1505 2549 1546 ex
2582 1490 2732 1547 hisce
2768 1493 2950 1548 verbis
2979 1494 3231 1551 utilitatis
3267 1496 3403 1551 nihil
3427 1511 3517 1553 ae-

1942 1591 2246 1650 cepturum.

2014 1673 2178 1728 Vens.
2215 1672 2267 1728 9.
2301 1692 2318 1725 ι
2353 1672 2585 1745 Propter
2625 1689 2821 1731 nomen
2866 1691 3044 1731 meum
3090 1676 3370 1732 ostendam
3417 1675 3515 1734 tibi

1943 1764 2076 1817 iram
2111 1779 2284 1819 meam
2310 1804 2327 1830 ,
2375 1776 2430 1820 et
2475 1765 2712 1836 gloriosa
2750 1781 2868 1823 mea
2916 1768 3166 1822 inducam
3210 1783 3373 1837 super
3412 1777 3466 1825 ιο
3492 1811 3510 1836 ,

1943 1865 2004 1909 ιιι
2050 1871 2156 1911 non
2205 1858 2479 1911 destruam
2533 1867 2603 1912 te.
2661 1876 2680 1908 ι
2720 1858 2973 1913 Attamen
3024 1874 3127 1912 non
3181 1870 3402 1928 propter
3433 1868 3510 1924 te,

261 1949 496 2016 ἐμαυτοῦ
537 1950 942 2023 φιλανθρωπίαν
986 1949 1235 2005 ἐντεῦθεν
1282 1952 1382 2024 ἠδη
1429 1953 1524 2006 καὶ
1571 1957 1831 2025 προεῖπον

1939 1949 2039 2003 sed
2104 1949 2174 2003 ob
2217 1948 2557 2003 clementiam
2607 1965 2780 2005 meam
2835 1951 2947 2020 jam
3004 1951 3129 2008 hinc
3179 1953 3401 2022 βιαιάίκί
3454 1960 3514 2010 et

260 2040 352 2095 καί
377 2041 630 2107 ὲπέδειξά
655 2058 737 2095 σοι
762 2042 829 2095 τὰ
871 2041 1152 2106 μέλλοντα,
1185 2042 1282 2096 καὶ
1308 2043 1399 2096 τὸν
1430 2043 1571 2097 κατὰ
1607 2043 1716 2096 τῶν
1743 2061 1838 2098 πο-

259 2126 461 2201 λεμίων
495 2129 756 2200 μέλλοντα
776 2130 985 2183 ἑπιέναι
1011 2131 1254 2204 ὄλεθρον,
1283 2133 1598 2198 σπουδάζων
1622 2133 1710 2188 διὰ
1737 2135 1839 2188 πά-

261 2238 358 2294 σης
390 2223 718 2292 προφάσεως
752 2220 988 2293 σωθῆναί
1016 2239 1098 2276 σε.

329 2331 349 2364 ι
397 2312 531 2365 Ἰδοὺ
563 2312 822 2383 πέπρακά
849 2327 908 2364 σε
935 2312 1033 2382 οὐχ
1070 2312 1256 2366 ἕνεκεν
1279 2314 1545 2385 ἀργυρίου
1571 2331 1585 2347 ο
1625 2316 1836 2383 ἐξειλά-

262 2405 448 2475 μην-δέ
479 2421 538 2458 σε
566 2406 630 2457 ὲκ
661 2404 890 2474 καμίνου
919 2406 1220 2475 πτωχείας·
1251 2405 1436 2460 ἕνεκεν
1469 2408 1604 2479 ἐμοῦ
1625 2412 1836 2480 ποιήσω

261 2511 362 2558 σοι,
396 2495 478 2548 ὅτι
521 2494 584 2547 τὸ
625 2493 754 2566 ἐμὸν
797 2494 968 2565 ὄνομα
1004 2495 1348 2567 βεδηλοῦται,
1393 2498 1486 2551 καλ⁵
1535 2500 1632 2570 τὴν
1677 2500 1834 2566 δόξαν

261 2603 359 2656 μου
393 2585 565 2656 ἑτέρῳ
589 2588 649 2640 οὐ
682 2586 855 2644 δώσω.
891 2606 909 2639 ι
947 2588 1057 2658 Οὐχ
1078 2588 1264 2642 ἕνεκεν
1297 2590 1563 2661 ἀργυρίου
1595 2592 1833 2663 ἐπίπρα-

258 2671 384 2730 σκόν
410 2694 499 2730 σε·
534 2677 620 2729 ἐπ’
649 2676 888 2749 ὠφελείᾳ
925 2678 984 2732 δὲ
1016 2682 1082 2750 τῇ
1117 2682 1182 2750 σῇ
1215 2681 1309 2733 καὶ
1341 2681 1516 2734 ταῦτα
1546 2679 1832 2754 ἔπραττον,

256 2765 332 2830 t'u;
363 2766 429 2820 ἂν
474 2764 661 2819 τοῦτον
690 2767 1080 2839 σωφρονισθείη
1111 2769 1202 2822 τὸν
1243 2769 1442 2840 τρόπον
1461 2787 1474 2800 ·
1506 2772 1590 2824 ὃτι
1624 2771 1698 2842 μὴ
1730 2773 1829 2843 τὴν

255 2855 344 2911 διὰ
380 2856 554 2924 λόγων
589 2858 683 2911 καὶ
711 2858 1082 2930 παραινέσεων
1115 2860 1358 2926 ὑπεδέξω
1406 2861 1672 2917 παιδείαν.
1709 2864 1832 2926 Τοῖς

254 2947 313 3004 ἃ
358 2949 639 3021 πολεμίοις
684 2950 782 3021 οὐχ
827 2950 1013 3004 ἕνεκεν
1061 2952 1326 3024 ἀργυρίου
1368 2953 1706 3024 ἐπίπρασκόν
1747 2973 1830 3022 σε,

255 3039 391 3094 δλλᾶ
411 3041 520 3095 τῶν
544 3041 654 3094 σῶν
679 3043 1090 3114 ἁμαρτημάτων
1118 3045 1210 3096 καὶ
1240 3044 1410 3115 ἀσεδη
1421 3044 1608 3115 μάτων
1632 3045 1792 3118 χάριν

256 3134 375 3198 16's;
415 3133 524 3204 γὰρ
551 3131 844 3204 ἁμαρτίαις
880 3132 1033 3203 ὑμῶν
1070 3133 1367 3206 ἐπράθητε.
1399 3136 1508 3189 Καὶ
1544 3137 1693 3206 ὅμως
1721 3137 1829 3190 οὐδ’

1948 2038 2163 2093 ostendi
2187 2039 2279 2093 tibi
2305 2037 2684 2109 futura,atque
2716 2041 3004 2111 perniciem
3035 2042 3268 2098 inimicis
3289 2045 3393 2096 tuis
3418 2042 3513 2099 ob-

1941 2139 2221 2183 venturam
2255 2147 2270 2185 :
2303 2132 2449 2184 omni
2492 2131 2655 2186 modo
2702 2131 3095 2201 occasioneque
3135 2141 3290 2189 utens
3321 2134 3388 2188 ad
3419 2147 3510 2189 sa-

1936 2217 2106 2274 lutent
2139 2229 2311 2274 tuam.

2012 2306 2172 2364 Vens.
2201 2308 2288 2374 io,
2325 2308 2412 2364 il.
2451 2327 2472 2360 ι
2509 2310 2646 2365 Ecce
2672 2311 2886 2366 vendidi
2926 2320 3000 2377 te,
3027 2327 3135 2367 non
3170 2323 3390 2384 propter
3417 2330 3512 2370 ar-

1937 2409 2155 2466 gentum
2189 2419 2203 2454 :
2240 2399 2359 2454 erui
2403 2410 2587 2455 autem
2633 2411 2685 2456 te
2725 2403 2792 2457 de
2837 2402 3060 2459 fornace
3089 2406 3455 2461 mendicitatis
3490 2423 3506 2460 :

1935 2501 2153 2560 propter
2184 2506 2269 2548 me
2297 2490 2494 2546 faciam
2532 2494 2648 2559 tibi,
2682 2494 2808 2563 quia
2861 2511 3060 2552 nomen
3104 2511 3280 2551 meum
3323 2499 3510 2569 profa-

1937 2591 2121 2633 natum
2151 2590 2255 2646 est,
2286 2590 2342 2635 et
2365 2582 2594 2651 gloriam
2619 2598 2792 2636 meam
2826 2582 2981 2638 alteri
3014 2598 3118 2637 nou
3145 2584 3304 2640 dabo.
3340 2603 3359 2636 ι
3386 2583 3505 2641 Non

1933 2672 2004 2726 oh
2037 2684 2321 2742 argentum
2379 2675 2598 2728 vendidi
2651 2684 2738 2739 te,
2788 2675 2882 2728 sed
2930 2675 2996 2727 ad
3037 2676 3321 2731 utilitatem
3357 2686 3506 2734 tuam

1934 2761 1986 2816 i‘d
2017 2760 2176 2817 effeci
2205 2803 2222 2826 ,
2271 2773 2328 2817 ut
2361 2765 2463 2818 hoc
2499 2766 2655 2820 modo
2688 2767 2754 2818 ad
2800 2780 2988 2819 sanam
3017 2779 3250 2822 mentem
3283 2771 3510 2827 reduca-

1933 2855 2010 2908 ris
2044 2869 2059 2908 :
2094 2856 2352 2924 quoniam
2388 2855 2571 2910 verbis
2600 2865 2656 2912 et
2685 2858 2911 2914 monitis
2955 2857 3174 2912 allatam
3204 2861 3506 2918 institutio-

1934 2957 2056 2997 nem
2118 2957 2224 2998 non
2271 2944 2566 3001 admisisti.
2617 2943 2858 3000 inimicis
2907 2958 3086 3003 autem
3138 2964 3242 3004 non
3291 2952 3506 3021 argenti

1931 3035 2104 3102 gratia
2135 3035 2349 3090 vendidi
2403 3045 2493 3101 te;
2545 3037 2640 3091 sed
2688 3047 3035 3106 peccatorum
3070 3051 3124 3094 et
3166 3041 3501 3107 impietatum

1933 3135 2143 3178 tuarum
2174 3139 2335 3181 causa
2369 3143 2383 3179 :
2417 3141 2541 3180 nam
2569 3130 2810 3196 peccatis
2856 3130 3050 3184 vestris
3092 3132 3297 3187 venditi
3347 3139 3504 3191 estis.

255 3224 428 3288 οὕτως
451 3226 595 3279 ἐάσω
627 3225 771 3294 ὑμᾶς
801 3226 916 3288 τοῖς
950 3223 1163 3295 ἐχθροῖς
1188 3225 1477 3280 δουλεύειν
1510 3226 1644 3281 ἀλλά
1671 3227 1829 3280 πάλιν

1933 3215 2191 3269 Attamen
2232 3230 2300 3268 ne
2354 3214 2426 3269 ita
2475 3217 2692 3284 quidem
2724 3233 2821 3273 vus
2867 3220 3099 3276 inimicis
3144 3225 3350 3279 servire
3381 3240 3508 3295 per-

256 3315 621 3389 λυτρώσομαι,
665 3318 759 3371 καὶ
797 3315 984 3389 ὥσπερ
1037 3317 1145 3369 ἀπὸ
1179 3318 1408 3389 καμίνου
1459 3319 1731 3389 πτωχείας
1769 3321 1833 3374 ἐκ

255 3407 353 3478 sic
395 3407 501 3462 ὑπὸ
532 3410 646 3471 τοῖς
677 3407 1039 3472 Βαὸυλωνίοις
1072 3408 1368 3476 κακώσεως
1413 3407 1571 3476 αὖθις
1616 3413 1830 3466 ἐλευθε-

328 3609 348 3644 ‹
397 3590 596 3646 ’Λκουέ
627 3609 749 3668 μου,
798 3591 1013 3656 Ἰακὼϐ,
1049 3593 1144 3647 καὶ
1186 3592 1402 3666 Ἰσραὴλ
1428 3591 1486 3647 ὃν
1519 3593 1631 3663 ἐγὼ
1659 3594 1826 3648 καλῶ.

268 3678 408 3750 Ἐγώ
438 3683 558 3751 ειμι
597 3681 834 3752 πρῶτος,
851 3681 946 3735 καὶ
972 3681 1081 3750 ἐγώ
1104 3685 1216 3754 ειμι
1245 3684 1324 3746 είς
1355 3683 1446 3737 τὸν
1471 3684 1662 3748 αίῶνα,
1688 3685 1827 3755 καὶὴ

254 3774 370 3846 χείρ
403 3791 508 3845 μου
536 3772 859 3844 ὲθεμελίωσε
888 3774 986 3845 τὴν
1014 3779 1137 3848 γῆν,
1175 3776 1266 3829 καὶ
1297 3777 1329 3845 ἡ
1358 3775 1508 3839 δεξιά
1543 3793 1646 3844 μου
1677 3778 1831 3828 ἐστε-

257 3863 422 3934 ρέωσε
469 3863 558 3915 τὸν
603 3861 863 3933 οὐρανόνο
907 3865 1121 3920 καλέσω
1155 3865 1372 3928 αὐτοὺς,
1406 3866 1501 3918 καὶ
1541 3867 1826 3936 στήσονται

253 3954 387 4025 ἅμα.
433 3973 454 4006 ι
499 3954 587 4006 Ἐν
623 3953 832 4019 τούτοις
863 3957 988 4019 τοὺς
1015 3955 1410 4027 κατορθοῦντας
1455 3957 1824 4018 ἀνακαλεῖται,

252 4045 335 4100 διά
366 4045 476 4100 τῶν
519 4044 826 4117 ἔμπροσθεν
859 4045 1076 4116 ἑτέρους
1114 4048 1237 4110 τοὺς
1277 4048 1405 4118 παρ’
1434 4044 1620 4111 αὐτοῖς
1647 4047 1828 4102 διαϐε-

251 4137 548 4208 ϐλημένους
572 4136 860 4206 ὀνομάσας·
895 4137 1010 4189 ἀλλ’
1040 4137 1269 4191 ἐνταῦθα
1290 4141 1402 4202 τοῖς
1423 4137 1696 4208 κρείττοσι
1721 4139 1828 4192 δια-

251 4230 482 4300 λέγεται,
528 4227 623 4294 οὓς
669 4248 688 4280 ι
738 4228 973 4301 κλητοὺς
1018 4247 1036 4281 ι
1077 4229 1351 4300 ὀνομάζει.
1399 4225 1582 4282 Ἦσαν
1617 4229 1727 4301 γὰρ
1767 4230 1830 4295 ἐξ

249 4322 452 4376 ἐκείνου
485 4319 669 4374 πολλοὶ
706 4317 916 4391 κλητοὶ,
950 4318 1126 4387 ὀλίγοι
1172 4319 1229 4373 δὲ
1269 4319 1551 4373 ἐκλεκτοί·
1597 4319 1739 4391 πλὴν
1778 4322 1826 4373 oi

247 4413 582 4486 δηλούμενοι,
611 4412 711 4468 οὐκ
734 4409 876 4485 ἦσαν
906 4410 1153 4464 ἐκλεκτοὶ
1173 4450 1191 4478 ,
1220 4410 1357 4466 ἀλλά
1385 4408 1597 4481 κλητοί.

1937 3305 2176 3371 mittant;
2222 3306 2318 3360 sed
2350 3306 2545 3362 iterum
2581 3308 2844 3364 redimam
2869 3350 2889 3376 ,
2926 3322 3020 3376 et,
3053 3328 3148 3369 ceu
3179 3330 3246 3370 ex
3279 3314 3502 3373 fornace

1935 3395 2336 3463 mendicitatis,
2384 3411 2450 3452 ex
2485 3396 2574 3453 illa
2608 3399 2918 3458 calamitate
2948 3403 3272 3476 Babylonica
3307 3410 3502 3465 iterum

1931 3491 2182 3560 eripiam.
2315 3543 2320 3547 .

2001 3581 2169 3638 Vens.
2201 3583 2290 3644 12.
2333 3583 2420 3639 i3.
2457 3600 2477 3635 ι
2516 3583 2652 3639 Audi
2683 3599 2792 3652 me,
2827 3584 2994 3643 Iacob
3015 3626 3030 3651 ,
3065 3596 3117 3643 et
3148 3590 3312 3646 israei
3342 3605 3502 3662 quem

1928 3687 2029 3744 ego
2057 3688 2214 3730 voco.
2261 3675 2372 3744 Ego
2402 3689 2522 3729 sum
2566 3677 2773 3745 primus
2795 3717 2813 3743 ,
2863 3687 2912 3733 et
2943 3693 3044 3748 ego
3074 3694 3195 3734 sum
3246 3682 3300 3734 in
3327 3697 3505 3740 saecu-

1930 3761 2038 3816 lum
2065 3801 2082 3828 ,
2115 3777 2172 3819 et
2200 3779 2394 3820 manus
2427 3779 2545 3820 mea
2593 3765 2839 3821 fundavit
2889 3776 3091 3823 terram
3121 3809 3138 3835 ,
3187 3780 3243 3826 et
3277 3775 3500 3828 dextera

1929 3869 2050 3908 mea
2099 3854 2336 3910 firmavit
2381 3856 2576 3913 caelum
2610 3876 2624 3911 :
2663 3861 2871 3912 vocabo
2905 3873 2998 3914 eos
3023 3901 3039 3923 .
3063 3871 3119 3916 et
3146 3865 3369 3917 stabunt
3421 3865 3502 3919 si-

1930 3948 2062 4001 mul.
2107 3965 2127 4000 ι
2162 3945 2219 4002 iu
2251 3951 2336 4004 his
2360 3963 2454 4004 eos
2481 3961 2694 4016 evocat,
2724 3953 2814 4018 qui
2847 3953 2984 4008 bene
3009 3967 3068 4008 se
3107 3965 3331 4024 gerunt,
3357 3967 3503 4025 post-

1926 4048 2090 4102 quam
2124 4037 2177 4089 in
2207 4038 2638 4107 praecedentibus
2665 4041 2802 4096 alios
2826 4081 2841 4106 ,
2887 4043 2978 4111 qui
3009 4046 3148 4112 apud
3184 4046 3330 4114 ipsos
3361 4048 3501 4102 male

1928 4127 2263 4194 audiebant,
2297 4140 2639 4185 evocaverat.
2671 4129 2870 4186 Verum
2901 4135 2988 4188 hic
3029 4137 3500 4200 praestantioribus

1931 4217 2190 4288 loquitur,
2221 4235 2358 4290 quos
2389 4240 2409 4274 ι
2440 4232 2660 4282 vocatos
2698 4241 2718 4276 ι
2754 4225 3010 4294 appellat.
3041 4224 3174 4281 Nam
3212 4238 3339 4284 tunc
3365 4244 3502 4297 quo-

1927 4325 2034 4380 que
2082 4323 2239 4367 erant
2293 4314 2447 4368 multi
2483 4316 2702 4381 vocati,
2738 4317 2898 4384 pauci
2949 4318 3106 4374 electi
3158 4339 3172 4374 :
3230 4315 3501 4378 memora-3

1929 4400 1967 4454 ti
2021 4415 2185 4469 porro
2233 4402 2479 4459 homines
2525 4420 2632 4461 non
2685 4406 2882 4473 electi,
2931 4408 3025 4463 sed
3076 4415 3282 4463 tantum
3320 4413 3499 4467 vocati

1927 4501 2107 4548 erant.

321 4609 341 4643 ι
376 4591 488 4646 Καὶ
510 4591 934 4663 συναχθήσονται
965 4589 1188 4655 πάντες,
1221 4590 1315 4643 καὶ
1345 4587 1696 4644 ἀκούσονται.
1725 4587 1823 4652 Τίς

1997 4581 2163 4640 Vsus.
2211 4585 2298 4641 ιι.
2343 4603 2363 4639 ι
2419 4586 2484 4642 Et
2529 4587 3006 4659 congregabuntur
3033 4605 3226 4647 omnes
3253 4631 3270 4656 ,
3317 4600 3371 4646 et
3400 4606 3498 4644 au-

248 4681 429 4746 αὐτοῖς
449 4682 734 4752 ἀνήγγειλε
755 4681 928 4736 ταῦτα
949 4699 964 4746 ;
997 4700 1014 4733 ι
1058 4681 1142 4744 Ὠς
1166 4680 1274 4751 γὰρ
1295 4677 1538 4751 δεσπότῃ
1561 4677 1826 4748 προστάτ-

246 4788 390 4826 τοντι
420 4771 786 4826 ὑπακούουσιν
832 4775 889 4826 αἱ
929 4771 1305 4844 προλεχθεῖσαι
1345 4769 1642 4839 δυνάμεις·
1685 4768 1823 4822 ἀλλὰ

248 4864 342 4918 καὶ
379 4863 726 4933 συναχθεῖσαι
778 4864 870 4916 ἐπὶ
910 4864 975 4916 τὸ
1016 4862 1149 4916 αὐτὸ
1191 4863 1412 4916 ἑστᾶσιν
1458 4859 1821 4930 ἀκουσόμεναι

246 4952 357 5008 τῶν
379 4952 548 5007 αὐτοῦ
577 4951 772 5022 λόγων.
799 4953 970 5007 Τοῦτό
994 4971 1076 5008 τοι
1106 4954 1293 5026 ἐδήλου
1334 4953 1428 5005 καὶ
1460 4953 1518 5004 ὲν
1548 4951 1691 5022 ἀρχῇ
1721 4953 1822 5022 τῆς

253 5041 436 5112 βίϐλου
463 5042 686 5111 φάσκων
710 5044 740 5096 δ
763 5044 940 5112 λόγος,
974 5062 992 5096 ι
1032 5047 1250 5107 Ἄκουε,
1279 5042 1495 5116 οὺρανὲ,
1521 5042 1614 5096 καὶ
1639 5043 1824 5096 ἐνωτί-

251 5133 370 5196 ζου,
394 5133 430 5202 ἡ
458 5132 552 5202 γῆ,
584 5134 664 5186 ὅτι
685 5132 890 5205 Κύριος
916 5132 1192 5204 ἐλάλησεν.
1235 5155 1254 5187 ι

324 5242 344 5275 ι
366 5223 620 5289 Ἀγαπιῖιν
643 5240 702 5277 σε
722 5224 952 5296 ἐποίησα
962 5224 1023 5278 τὸ
1043 5224 1254 5297 θέλημά
1271 5242 1366 5280 σου
1397 5224 1490 5278 ἐπὶ
1507 5223 1820 5290 Βαϐυλῶνα,

249 5312 344 5367 τοῦ
400 5309 532 5382 ἆραι
575 5314 796 5386 σπέρμα
840 5315 1142 5370 Χαλδαίων.
1216 5314 1357 5385 Ἐγὼ
1399 5314 1658 5385 ἐλάλησα,
1712 5313 1821 5383 ἐγὼ

251 5399 509 5454 ἐκάλεσα.
547 5402 788 5472 Ἥγαγον
833 5404 1013 5467 αὑτὸν,
1048 5403 1142 5457 καὶ
1171 5403 1426 5458 εὺὼδωσα
1452 5403 1549 5476 τὴν
1578 5404 1694 5458 ὁδὸν
1724 5405 1819 5456 αῦ-

249 5491 365 5547 τοῦ.
417 5492 798 5564 Προσαγάγετε
841 5496 978 5567 πρὸς
1019 5496 1106 5566 μὲ,
1163 5498 1254 5550 καὶ
1301 5496 1567 5550 ἀκούσατε
1610 5492 1816 5550 ταῦτα’

253 5582 367 5636 Οὔκ
398 5583 494 5636 ἀπ’
519 5583 690 5655 ἀρχῆς
729 5586 787 5638 ἑν
813 5589 994 5657 κρυφῇ
1039 5586 1334 5657 λελάληκα·
1382 5588 1542 5658 ἡνίκα
1585 5586 1817 5654 ἐγένετο,

253 5675 371 5728 ἐκεῖ
413 5673 579 5745 ἤμην.
628 5677 738 5730 Καὶ
764 5677 858 5730 νῦν
901 5677 1103 5749 Κύριος
1147 5677 1350 5750 Κύριος
1387 5677 1691 5748 ἀπέστρεψε
1727 5694 1815 5748 με,

579 5974 847 6035 Panos.
895 5972 1009 6034 Gn.
1059 5975 1109 6034 Χ
1127 5975 1290 6039 XIV.

1919 4674 2090 4730 dient.
2117 4676 2249 4744 Quis
2278 4677 2410 4747 ipsis
2442 4677 2556 4734 haec
2585 4679 2966 4735 annuntiaviti
3002 4699 3023 4734 ι
3064 4680 3195 4734 Nam
3227 4682 3499 4751 praedicta:

1918 4766 2146 4822 virtutes
2191 4777 2250 4822 ut
2291 4768 2502 4838 jubenti
2546 4770 2771 4824 Domino
2809 4779 3041 4840 parent;
3069 4773 3198 4840 quin
3229 4771 3394 4826 etiam
3443 4771 3498 4824 iu

1921 4873 2088 4914 unum
2117 4870 2481 4931 congregatae,
2504 4869 2654 4916 stant
2683 4870 2742 4916 ut
2764 4861 2885 4930 ejus
2909 4874 3220 4916 sermonem
3251 4861 3497 4914 audiant.

1920 4946 1977 5001 ld
2005 4963 2137 5004 sane
2181 4950 2340 5004 initio
2366 4950 2679 5006 declarabat
2725 4953 2811 5008 his
2857 4951 3076 5018 verbis,
3113 4967 3132 5001 ι
3172 4950 3332 5013 Audi,
3382 4961 3498 5003 οων

1923 5038 2032 5092 lum
2057 5078 2074 5101 ,
2107 5048 2162 5093 et
2191 5041 2414 5094 auribus
2444 5042 2697 5110 percipe,
2729 5053 2874 5098 terra
2902 5081 2918 5109 ,
2946 5041 3076 5111 quia
3109 5038 3369 5096 Dominus
3417 5041 3501 5098 lo—

1924 5137 2080 5182 cutus
2100 5138 2183 5183 est
2204 5130 2272 5185 δ’.
2314 5148 2334 5183 ι

1996 5219 2158 5274 Vens.
2193 5222 2378 5277 15-20.
2422 5239 2442 5274 ι
2485 5223 2720 5296 Diligens
2751 5232 2800 5278 te
2843 5223 2946 5279 feci
2981 5224 3313 5278 voluntatem
3343 5230 3492 5276 tuam

1922 5327 2084 5382 super
2112 5312 2458 5386 Babylonem,
2487 5326 2545 5370 ut
2570 5315 2839 5372 auferrem
2878 5331 3060 5371 semen
3089 5315 3488 5369 Chaldaeorum.

1926 5406 2036 5474 Ego
2068 5405 2280 5461 locutus
2311 5422 2427 5461 sum
2455 5448 2471 5473 ,
2503 5418 2558 5464 et
2590 5423 2691 5478 ego
2719 5408 2929 5462 vocavi.
2983 5406 3197 5461 Adduxi
3241 5420 3364 5460 eum
3388 5445 3402 5467 ,
3435 5415 3492 5458 et

1924 5511 2238 5566 prosperam
2260 5497 2361 5553 feci
2386 5498 2524 5553 viam
2551 5499 2687 5568 ejus.
2717 5499 2981 5555 Adducite
3007 5499 3072 5552 ad
3101 5514 3208 5560 me,
3226 5507 3282 5552 et
3309 5496 3492 5550 audite

1923 5588 2038 5640 haec
2067 5624 2082 5651 ,
2119 5583 2232 5638 Non
2270 5586 2340 5642 ab
2398 5589 2553 5642 initio
2601 5591 2653 5643 iu
2703 5589 3022 5644 abscondito
3063 5588 3275 5643 locutus
3319 5600 3436 5640 sum
3471 5602 3487 5641 :

1923 5692 2045 5733 cum
2096 5675 2286 5734 ﬂerent
2310 5718 2326 5746 ,
2356 5679 2428 5735 ibi
2471 5693 2644 5736 erant.
2673 5679 2737 5734 Et
2767 5695 2910 5735 nunc
2945 5681 3203 5734 Dominus
3233 5677 3492 5736 Dominus

3106 5981 3175 6041 1ἱι
