4124 6440
627 390 731 448 δεῖ

1246 378 1510 442 EUSEBll
1544 375 2013 437 οιεελιιιειιδιε
2047 372 2197 433 οιιρ.
2236 370 2419 429 PARS
2454 369 2541 427 Ill.
2578 399 2650 412 —
2685 363 3091 426 EXEGETICA.

3711 360 3814 422 828

630 507 824 565 avertit
852 516 955 568 me,
970 511 1026 558 et
1053 499 1290 569 Spiritus
1318 498 1452 566 ejus.
1482 495 1574 553 Sic
1602 496 1729 552 dicit
1761 496 2041 559 Dominus,
2068 492 2157 562 qui
2188 541 2192 552 ,

2276 490 2353 544 ul
2388 489 2450 542 τὸ
2487 486 2707 558 Πνεῦμα
2748 484 2931 540 αὐτοῦ.
2961 483 3117 537 Οὕτω
3147 480 3293 549 λέγει
3332 474 3556 551 Κύριος,
3584 476 3613 534 ό
3652 480 3825 550 post.

628 597 767 653 eruit
798 603 869 657 te,
898 592 1130 648 Sanctus
1157 589 1318 646 Israel
1349 608 1365 645 :
1406 590 1515 659 Ιιέκο
1542 604 1659 647 sum
1705 588 1845 643 Deus
1890 595 2012 640 tuus
2034 623 2050 648 ,
2101 598 2165 636 o-

628 684 941 750 stendi'tibi,
969 693 1028 737 ut
1048 681 1317 735 invenires
1341 680 1481 734 viam
1524 680 1576 733 in
1620 692 1724 746 qua
1751 676 2073 731 ambulares.
2105 672 2170 727 Et

628 779 672 831 si
705 776 949 831 audisses
980 773 1224 828 mandata
1254 783 1369 823 mea
1395 807 1411 832 ,
1446 768 1634 823 fuisset
1666 767 1819 839 quasi
1850 765 2042 820 lluvius
2062 766 2168 833 pax

628 878 741 929 tua.
766 875 821 921 et
848 864 1050 935 iustitia
1082 873 1168 914 tua
1192 856 1455 913 utiﬂuctus
1482 858 1653 922 maris
1680 875 1697 912 :
1728 866 1783 912 et
1810 856 1999 911 luisset
2015 852 2167 923 quasi

628 968 791 1007 arena
825 965 1003 1007 semen
1027 960 1193 1010 tuum,
1237 957 1293 1001 et
1325 945 1536 1001 [ructus
1564 944 1767 999 ventris
1793 944 1867 998 tui
1890 944 2026 997 sicut
2054 940 2171 1013 pul-

630 1044 889 1097 vis-terrai
920 1057 935 1093 :
973 1052 1145 1106 neque
1172 1050 1313 1090 nunc
1338 1033 1805 1097 esterminaberis,
1838 1046 2011 1101 neque
2052 1044 2171 1102 per-

631 1132 730 1184 ibit
779 1143 973 1184 nomen
999 1137 1149 1181 tuum
1200 1127 1255 1181 in
1300 1134 1587 1196 conspectu
1616 1139 1755 1178 meo.
1806 1122 2171 1192 Egredereex

632 1221 900 1291 Babylone
923 1257 937 1281 ,
967 1217 1178 1286 fugiens
1202 1232 1230 1270 a
1261 1215 1543 1274 Cbaldais.
1581 1214 1777 1271 Vocem
1820 1214 2173 1280 iucunditatis

630 1309 942 1364 annuntiate
979 1324 1147 1377 usque
1192 1310 1259 1363 ad
1288 1317 1585 1363 extremum
1623 1315 1778 1359 terra:
1808 1322 1824 1359 :
1853 1304 2016 1360 dicite
2038 1344 2054 1369 ,
2086 1304 2173 1360 Li-

630 1402 841 1455 beravit
891 1400 1143 1455 Dominus
1192 1414 1403 1455 servum
1454 1414 1609 1455 suum
1656 1396 1841 1454 Jacob.
1898 1414 1919 1450 ι
1975 1395 2174 1463 Quam-
2220 1412 2225 1417 λ

628 1490 841 1554 obrem,
873 1504 992 1545 cum
1023 1490 1131 1558 jam
1168 1486 1295 1544 hinc
1324 1487 1579 1559 pollicear
1611 1500 1695 1541 me
1720 1502 1823 1541 non
1854 1486 2177 1542 extermina-

634 1589 812 1635 tumm
835 1590 893 1635 te
913 1621 929 1645 ,
960 1594 1134 1648 neque
1160 1594 1357 1633 nomen
1386 1587 1536 1633 tuum
1561 1577 1860 1633 deletorum
1892 1590 2033 1640 esse,
2062 1575 2172 1630 dixi

635 1672 731 1726 tibi
755 1710 773 1737 ,
816 1680 873 1725 ut
900 1673 1075 1726 esires
1102 1669 1168 1724 de
1200 1668 1473 1740 Babylone
1494 1706 1512 1734 ,
1567 1668 1817 1722 dimissus
1845 1681 1911 1721 ac
1938 1665 2073 1720 liber
2103 1665 2173 1719 ab

2270 580 2427 651 μενός
2475 595 2555 641 σε,
2608 579 2790 645 Ἄγιος
2817 574 3059 647 Ἰσραήλο
3127 572 3267 641 Ἐγὼ
3309 572 3423 643 είμι
3463 572 3493 625 ό
3538 569 3669 633 Θεός
3705 587 3824 639 σου,

2264 669 2471 740 δέδειχὰ
2515 685 2597 722 σοι
2632 670 2692 722 τὸ
2730 669 2907 739 εὑρεῖν
2940 682 2999 719 σε
3043 664 3139 735 τὴν
3172 665 3287 718 ὁδὸν
3330 665 3388 717 ἐν
3492 662 3734 736 πορεύσῃ
3770 666 3829 717 ἐν

2266 760 2399 828 αὐτῇ
2454 757 2563 811 Καὶ
2600 759 2647 810 εί
2677 758 2911 829 ἧκουσας
2941 753 3048 808 τῶν
3088 752 3316 805 ἐντολῶν
3351 767 3474 822 μου,
3511 749 3731 818 ἐγένετο
3763 749 3828 802 ἂν

2266 849 2398 902 ὡσεὶ
2430 847 2673 918 ποταμὸς
2709 850 2743 918 ἡ
2783 849 2969 919 εἰρήνη
3013 862 3128 907 σου,
3163 845 3257 897 καὶ
3301 845 3334 914 ή
3374 841 3682 912 δικαιοσύνη
3736 856 3828 893 σου

2266 938 2342 1003 ὡς
2369 938 2519 1011 κῦμα
2547 937 2820 1009 Θαλάσσης
2837 955 2851 969 ο
2883 936 2976 991 καὶ
3001 936 3215 1003 ἐγένετο
3249 933 3314 989 αν
3337 934 3469 987 ὡσεὶ
3496 935 3530 1004 ἡ
3556 934 3739 1003 ἄμμος
3769 928 3829 981 τὸ

2270 1030 2488 1102 σπέρμα
2532 1045 2647 1093 σου,
2698 1030 2788 1085 καὶ
2829 1029 2898 1082 τὰ
2936 1029 3130 1098 ἔγγονα
3168 1026 3267 1097 τῆς
3308 1024 3511 1087 κοιλίας
3552 1040 3647 1077 σου
3686 1022 3763 1087 ὡς
3795 1021 3826 1074 ό

2269 1119 2399 1192 χοῦς
2430 1118 2529 1191 τῆς
2563 1120 2684 1191 γῆς.
2738 1119 2875 1177 Οὐδὲ
2914 1118 3008 1173 νῦν
3038 1118 3099 1172 οὐ
3154 1116 3228 1188 μὴ
3278 1114 3687 1187 ἐξολοθρευθῇς,
3718 1113 3827 1167 οὐδ’

2270 1212 2546 1266 ἀπολεῖται
2576 1210 2639 1263 τὸ
2679 1209 2849 1281 δνομά
2894 1227 2987 1263 σου
3030 1207 3255 1262 ἐνώπιον
3296 1206 3449 1277 ἐμοῦ.
3498 1204 3721 1271 Ἔξελθε
3763 1205 3829 1258 ἐκ

2271 1302 2603 1367 Βαϐυλῶνος,
2640 1301 2856 1372 φεύγων
2898 1301 3007 1354 ἀπὺ
3052 1300 3160 1353 τῶν
3190 1298 3486 1353 Χαλδαίων.
3522 1298 3709 1368 ⁴’ων-ὴν
3736 1298 3829 1352 εύ-

2273 1394 2544 1466 φροσύνης
2573 1390 2927 1460 ἁναγγείλατε
2954 1391 3059 1454 ἕως
3087 1390 3311 1461 ἐσχάτου
3334 1388 3433 1460 τῆς
3456 1388 3586 1459 γῆς·
3622 1387 3827 1457 λέγετε,

2284 1486 2581 1559 Ἐρῤύσατο
2614 1486 2814 1556 Κύριος
2853 1483 2944 1536 τὸν
2970 1483 3161 1537 δοῦλον
3189 1481 3353 1536 αὑτοῦ
3401 1479 3623 1536 Ἰαιιώδί
3661 1498 3680 1532 ο
3715 1480 3829 1534 Διό-

2273 1595 2380 1652 περ
2411 1577 2660 1632 ἐντεῦθεν
2701 1577 2801 1649 ήδη
2848 1574 3310 1647 ἐπαγγελλόμενος
3350 1573 3424 1646 μὴ
3458 1571 3833 1644 ἐξολοθρεῦσαί

2274 1685 2355 1733 σε,
2406 1668 2529 1739 μηδ’
2564 1666 2841 1737 ἐξαλεῖψαι
2877 1665 2939 1720 τὸ
2982 1666 3151 1737 ὄνομα
3184 1682 3300 1729 σου,
3346 1661 3476 1718 εἶπά
3516 1679 3599 1717 σοι
3630 1661 3832 1729 ἐξιέναι

635 1762 970 1815 inimicorum
1017 1770 1185 1813 metu.
1217 1758 1449 1828 Accepta
1485 1767 1663 1812 autem
1720 1756 1786 1809 ad
1820 1756 2031 1824 propria
2082 1769 2169 1810 re-

2276 1759 2380 1814 ἀπὸ
2406 1759 2740 1822 Βαϐυλῶνος,
2768 1758 2963 1827 ἄφετον
2988 1759 3083 1812 καὶ
3114 1756 3392 1829 ἐλεύθερον
3417 1756 3511 1810 τοῦ
3540 1754 3649 1808 τῶν
3676 1753 3833 1808 πολεμ-

633 1849 873 1904 vertendi
908 1858 1171 1917 potestate
1202 1887 1219 1913 ,
1270 1861 1339 1902 ne
1384 1847 1574 1915 supine
1612 1855 1668 1899 et
1713 1846 2004 1901 oscitanter
2033 1845 2171 1898 viam

629 1953 851 2009 capesse
873 1977 888 2002 ,
924 1941 1016 1993 sed
1065 1953 1185 1992 cum
1227 1936 1372 1992 omni
1407 1937 1704 2004 diligentia.
1756 1934 1889 1989 Nam
1923 1942 2175 1990 occurret

636 2034 730 2085 tibi
767 2047 867 2085 vos
900 2030 1118 2094 lmtitiae,
1144 2043 1303 2098 quam
1331 2029 1413 2082 vel
1449 2027 1560 2094 jam
1594 2026 1721 2080 hinc
1754 2024 1942 2078 audias
1969 2040 1984 2080 :
2015 2022 2175 2093 quin-

632 2121 795 2174 etiam
822 2135 1008 2174 omnes
1035 2120 1127 2187 qui
1159 2131 1434 2172 sermones
1468 2130 1615 2171 meos
1654 2115 1961 2180 audierint,
1997 2116 2064 2169 de
2091 2129 2178 2168 sa-

635 2209 745 2262 lutc
778 2219 867 2262 tua
900 2224 1000 2262 una
1030 2210 1356 2277 gaudebunt.
1393 2207 1458 2261 Et
1498 2208 1609 2261 luec
1638 2205 1851 2274 quidem
1884 2205 2176 2258 secundum

633 2300 950 2360 historiam,
1000 2314 1102 2351 non
1160 2296 1361 2350 reditus
1408 2310 1473 2349 ex
1505 2293 1817 2362 captivitate
1852 2290 2178 2362 Babylonica

637 2402 875 2459 tempore
901 2401 1049 2457 gesta
1096 2398 1256 2453 sunt,
1296 2402 1416 2443 cum
1446 2388 1522 2451 ii,
1564 2385 1653 2453 qui
1686 2399 1715 2437 a
1762 2383 1904 2454 Cyro
1930 2394 1985 2437 et
2018 2384 2178 2437 Dario
2224 2422 2229 2427 κ

635 2479 917 2534 Persarum
950 2481 1163 2547 regibus
1190 2478 1436 2532 libertate
1462 2476 1646 2531 donati
1668 2473 1905 2539 fuerant,
1936 2484 2178 2529 reverte-

640 2580 784 2624 runt.
835 2572 910 2623 Ac
939 2570 1228 2624 secundum
1260 2568 1586 2637 intelligendi
1621 2568 1921 2628 rationem,
1973 2578 2093 2618 eum
2126 2565 2177 2617 in

640 2661 865 2718 historia
917 2660 983 2714 ad
1040 2660 1266 2714 litteram
1318 2658 1539 2727 reperiri
1602 2666 1831 2725 nequeat
1884 2665 2034 2725 petra
2090 2654 2178 2708 illa

638 2769 806 2824 aquas
832 2753 1080 2805 emittens
1109 2751 1159 2804 in
1188 2751 1355 2805 reditu
1385 2750 1561 2818 populi
1590 2787 1605 2813 ,
1635 2750 1870 2803 dicemus
1909 2747 1961 2802 in
1992 2747 2055 2801 iis
2090 2748 2179 2816 qui

636 2861 667 2899 a
697 2843 961 2914 spirituali
987 2842 1294 2910 captivitate
1341 2842 1393 2895 in
1430 2850 1745 2909 perpetuum
1780 2838 1987 2891 liberati
2015 2847 2138 2892 sunt
2160 2874 2177 2899 ,

637 2939 703 2992 de
730 2935 925 3006 quibus
949 2933 1191 2988 Christus
1217 2932 1432 2987 dicebat
1452 2972 1465 2997 ,
1517 2950 1535 2981 ι
1578 2929 1958 2999 Evangelizare
1984 2942 2183 2997 paupev

638 3026 785 3080 ribus
812 3027 956 3079 misit
983 3039 1086 3088 me,
1118 3023 1407 3091 prmdicarc
1433 3020 1657 3088 captivis
1687 3019 2047 3073 dimissionem
2063 3018 2132 3082 ⁸⁸,
2157 3035 2176 3069 ι

2276 1850 2414 1921 μίων
2445 1849 2609 1919 φόϐου
2642 1849 2950 1919 γενόμενον.
3003 1847 3195 1903 Λαϐὼν
3232 1847 3288 1901 δέ
3330 1846 3429 1918 τὴν
3458 1843 3704 1911 ἐξουσίαν
3731 1845 3834 1913 τῆς

2272 1941 2352 2001 είς
2392 1937 2460 1991 τὰ
2503 1940 2674 1991 aluta
2717 1937 2997 2000 ἐπανόδου,
3044 1937 3118 2008 μὴ
3164 1936 3369 1999 ὑπτίως
3416 1935 3547 2008 μηδὲ
3585 1933 3835 2006 νωχελῶς

2274 2029 2426 2083 ποιοῦ
2461 2029 2557 2101 τὴν
2591 2030 2834 2101 πορείαν,
2863 2030 2959 2083 σὺν
2996 2028 3181 2100 ἁπάσῃ
3210 2028 3268 2081 δέ
3305 2028 3526 2099 σπουδῇ.
3572 2026 3837 2097 ’Δπανεή-

2276 2140 2358 2177 σει
2391 2123 2499 2195 γάρ
2540 2140 2620 2176 σοι
2652 2124 2800 2194 φωνὴ
2845 2122 3199 2193 εὐφροσύνης,
3235 2121 3482 2175 ἐντεῦθεν
3500 2121 3615 2191 κήδη
3647 2121 3839 2174 ἀκουο-

2280 2217 2463 2288 μένηςο
2493 2214 2627 2269 ἀλλὰ
2663 2217 2755 2268 καὶ
2781 2215 2979 2278 πάντες
3004 2215 3055 2267 οί
3094 2214 3203 2267 τῶν
3236 2212 3384 2284 ἐμῶν
3407 2212 3579 2282 λόγων
3610 2213 3833 2266 ἀκούονε

2275 2321 2364 2365 τες
2400 2303 2831 2373 συγχαρησονταί
2878 2320 2971 2355 σου
3015 2305 3079 2373 τῇ
3132 2303 3391 2373 σωτηρίᾳ.
3430 2302 3540 2356 Kal
3569 2302 3740 2355 ταῦτα
3780 2300 3837 2356 δέ

2277 2395 2411 2467 πρὸς
2456 2395 2552 2464 μὲν
2592 2394 2830 2465 ἱστορίαν
2873 2393 2971 2446 οὐκ
3006 2392 3307 2464 ἐπληροῦτο
3347 2392 3487 2446 κατὰ
3515 2392 3605 2446 τὸν
3648 2393 3837 2464 χρόνον

2275 2485 2375 2554 τῆς
2407 2481 2515 2535 ἀπὸ
2559 2481 2873 2544 Βαϐυλῶνος
2919 2480 3195 2543 ἐπανόδου,
3237 2479 3344 2533 τῶν
3385 2479 3839 2552 ὴλευθερωμίνων

2278 2576 2380 2628 ὑπὸ
2412 2574 2592 2645 Κύρου
2623 2576 2714 2627 καὶ
2740 2575 2961 2646 Δαρείου
3000 2572 3107 2626 τῶν
3141 2573 3572 2643 βασιλευσάντων
3602 2574 3660 2627 ἐν
3694 2572 3837 2645 Πέρ-

2278 2679 2416 2725 σαις·
2440 2656 2539 2715 ὶιαὶ
2565 2663 2700 2732 πρὸς
2727 2662 2783 2715 δὲ
2824 2663 3079 2727 διάνοιαν,
3115 2663 3235 2714 ἐπεὶ
3269 2662 3343 2733 μὴ
3377 2660 3491 2715 ἔστι
3525 2662 3661 2734 πρὸς
3694 2661 3839 2727 λέξιν

2278 2749 2452 2819 εὑρεῖν
2489 2752 2548 2804 ἐν
2578 2753 2643 2821 τῇ
2676 2751 2883 2822 ίστορίᾳ
2912 2751 3117 2822 πέτραν
3155 2750 3364 2804 ὑδάτων
3398 2750 3667 2822 ρεύσασαν
3697 2750 3840 2806 κατὰ

2275 2838 2375 2907 τὴν
2434 2838 2689 2892 ἐπάνοδον
2750 2838 2843 2891 τοῦ
2892 2838 3043 2904 λαοῦ,
3090 2840 3331 2909 φήσομεν
3389 2838 3519 2907 γοῦν
3571 2843 3682 2903 τοῖς
3739 2840 3841 2910 τῆς

2279 2929 2650 2998 αἰχμαλωσίας
2677 2930 2763 2982 ἀεὶ
2788 2930 3265 3001 ἠλευθερωμένοις,
3308 2931 3433 3001 περὶ
3457 2924 3531 2983 ὧν
3556 2930 3585 2982 ό
3609 2929 3840 3001 Χριστός

2281 3018 2480 3092 ἔλεγεν,
2500 3038 2529 3070 νι
2552 3020 3011 3088 Εὐαγγελίσασθαι
3033 3024 3263 3091 πτωχοῖς
3290 3019 3595 3075 ἀπέσταλκέ
3621 3038 3709 3092 με,
3743 3039 3841 3094 κη-

636 3130 817 3169 veram
863 3113 1197 3183 deprehendi
1225 3111 1655 3181 promissionem.
1702 3106 1796 3162 His
1830 3107 2023 3177 quippe
2052 3107 2181 3176 ipsis

2286 3106 2440 3177 ριῖξαι
2466 3107 2823 3178 αίχμαλώτοις
2853 3111 3062 3177 ἄφεσιν,
3097 3130 3116 3161 ι
3154 3110 3508 3181 ἐπαληθεύειν
3540 3110 3635 3175 τὴν
3662 3112 3840 3181 ἐπαγ-

638 3206 962 3274 apostolicus
1002 3218 1066 3257 ex
1112 3216 1233 3255 vera
1269 3212 1415 3269 petra
1466 3210 1621 3270 potus
1660 3198 1945 3252 instillatur
1975 3216 1988 3251 :
2025 3217 2045 3249 ι
2080 3199 2179 3253 Pe-

641 3307 722 3350 tra
772 3306 946 3349 autem
980 3302 1097 3347 erat
1148 3292 1391 3347 Christus
1430 3290 1497 3357 β’,
1556 3308 1575 3341 ι
1621 3289 1913 3344 secundum
1949 3289 2179 3359 Aposto-

638 3384 768 3438 lum.

710 3472 871 3528 Vsas.
902 3472 991 3526 2t.
1037 3489 1056 3523 ι
1088 3469 1235 3538 Quod
1268 3468 1311 3523 si
1339 3467 1597 3534 sitierint,
1635 3482 1730 3537 per
1756 3467 2028 3523 desertum
2083 3467 2153 3521 du

639 3573 726 3621 eet
760 3578 889 3619 eos:
935 3578 1130 3633 aquam
1167 3578 1231 3617 ex
1273 3571 1436 3637 petra
1482 3562 1673 3615 educet
1719 3559 1848 3614 illis.
1892 3560 2181 3615 Scindetur

639 3668 812 3729 petra,
850 3667 902 3711 ct
939 3655 1067 3709 ﬂuet
1112 3670 1269 3724 aqua,
1315 3662 1371 3708 et
1427 3654 1575 3708 bibet
1604 3652 1832 3722 populus
1867 3668 2036 3707 meus.
2063 3651 2178 3707 Non

637 3758 722 3804 est
777 3747 1024 3817 gaudium
1076 3746 1273 3815 impiis,
1310 3743 1440 3798 dicit
1490 3743 1766 3797 Dominus.
1802 3761 1821 3794 s
1860 3743 2067 3797 Etenim
2096 3744 2180 3812 pie

639 3838 920 3908 agentibus
975 3836 1150 3890 omnis
1188 3851 1218 3890 a
1273 3834 1379 3891 Deo
1430 3835 1580 3889 adest
1615 3833 1884 3902 voluptas,
1929 3834 2180 3904 gaudium

640 3942 697 3985 et
719 3931 926 3990 laetitia,
952 3944 1153 3982 necnon
1188 3927 1289 3979 alia
1314 3926 1515 3988 omnia,
1548 3940 1667 3993 qua:
1700 3925 1752 3978 in
1778 3924 2055 3989 promissis
2088 3924 2184 3977 ba-

644 4024 872 4084 bentur,
906 4019 1082 4087 impiis
1125 4033 1251 4072 vero
1290 4016 1433 4071 nulla
1481 4015 1867 4087 promissorum
1909 4015 2047 4069 ratio
2088 4016 2186 4069 ba-

641 4114 765 4167 betu
776 4128 820 4166 r.

1190 4199 1412 4256 CAPUT
1454 4200 1637 4259 XLIX.

709 4292 870 4347 Vsas.
904 4292 953 4345 l.
993 4309 1012 4344 ι
1041 4291 1234 4344 Audite
1278 4307 1384 4357 me,
1409 4293 1593 4346 insula:
1614 4331 1629 4354 ,
1660 4301 1714 4347 et
1743 4291 2019 4357 attendite,
2051 4306 2181 4359 gen—

2284 3198 2486 3267 γελίαν.
2521 3199 2740 3262 Τούτοις
2760 3199 2866 3272 γὰρ
2895 3202 3073 3265 αύτοζς
3102 3202 3161 3255 τὸ
3212 3201 3560 3255 ἀποστολικδν
3595 3201 3748 3273 πόμα
3780 3202 3842 3258 τὸ

2282 3290 2345 3342 ἐκ
2369 3288 2468 3358 τῆς
2500 3289 2756 3361 ἀληθινῆς
2783 3292 2982 3361 πέτρας
3008 3292 3263 3365 ἐξομὸρεῖ
3281 3309 3296 3325 ο
3332 3312 3354 3346 ι
3397 3294 3462 3347 Ἦ
3489 3294 3663 3367 πέτρα
3688 3292 3748 3348 at
3769 3286 3841 3367 ἦν

2280 3383 2309 3434 ό
2334 3382 2614 3453 Χριστὸς,›
2652 3383 2790 3435 κατὰ
2819 3383 2909 3435 τὸν
2952 3383 3288 3437 Ἀπόστολον.

2355 3493 2374 3525 ι
2404 3474 2513 3526 Καὶ
2536 3475 2628 3527 ἐὰν
2661 3474 2945 3544 διψήσωσι,
2976 3475 3040 3527 δι’
3068 3477 3275 3548 ἐρήμου
3300 3477 3419 3544 ἄξει
3444 3477 3640 3542 αὐτούς
3657 3494 3671 3509 '
3695 3476 3840 3552 ὕδωρ

2281 3564 2343 3615 ἐκ
2392 3561 2594 3633 πέτρας
2638 3562 2812 3628 ἐξάξει
2860 3564 3061 3628 αὐτοῖς.
3106 3564 3459 3635 Σχισθήσεται
3504 3568 3699 3637 πέτρα,
3750 3554 3842 3623 κάι

2282 3654 2537 3724 ῥυήσεται
2582 3652 2746 3723 ὕδωρ,
2797 3655 2890 3706 καὶ
2938 3655 3115 3707 πίεται
3161 3656 3189 3706 6
3238 3655 3363 3718 λαός
3410 3673 3530 3727 μου.
3569 3658 3681 3710 οὐκ
3726 3656 3841 3711 εστι

2281 3742 2507 3812 χαίρειν,
2547 3741 2694 3809 λέγει
2740 3741 2962 3813 Κύριος,
3004 3747 3113 3806 τοῖς
3155 3744 3424 3798 ἀσεεέσιν.
3479 3763 3498 3797 ι
3544 3744 3839 3802 Εὐσεσοῦσῑ

2279 3830 2386 3903 γὰρ
2419 3834 2567 3884 πᾶσα
2597 3832 2853 3905 πάρεστιν
2886 3835 2918 3903 ἡ
2955 3834 3103 3907 παρὰ
3133 3836 3226 3887 τοῦ
3256 3834 3391 3888 Θεοῦ
3420 3836 3598 3908 τρυφὴ
3627 3836 3721 3890 καὶ
3749 3836 3840 3891 s6-

2281 3920 2540 3992 φροσύνη,
2582 3922 2674 3975 καὶ
2720 3924 2818 3976 ὃσα
2856 3924 3183 3994 ἐπήγγελται
3228 3925 3407 3994 ἀγαθά
3436 3927 3588 3981 ἄλλαο
3633 3930 3746 3991 τοῖς
3780 3925 3838 3982 ει

2281 4012 2528 4067 ἀσεϐέσιν
2556 4012 2730 4076 οὐδεὶς
2761 4012 2917 4083 λόγος
2948 4015 3083 4085 πρὸς
3110 4016 3179 4070 τὰ
3206 4016 3609 4089 ἐπηγγελμένα.

2781 4214 3168 4270 ’ίΕΦΑΛΑῙΟΝ
3204 4214 3337 4271 MO’.

2354 4326 2374 4359 ι
2433 4307 2721 4360 Ἀκούσατέ
2764 4325 2885 4378 μου,
2933 4308 3104 4378 νῆσοι,
3141 4309 3235 4362 καὶ
3278 4307 3591 4381 προσέχετε,
3626 4306 3771 4378 ἔθνη.
3811 4323 3832 4359 ι

638 4390 739 4436 tes.
771 4400 791 4433 ι
826 4381 1023 4450 Aperte
1070 4380 1334 4448 signiﬁcat
1380 4395 1439 4435 se
1470 4397 1572 4434 non
1601 4379 1815 4436 Judzeos
1845 4382 1897 4434 in
1930 4382 2178 4448 prmsenti

2283 4400 2575 4469 Μονονουχὶ
2611 4399 2794 4467 σαφῶς
2820 4400 3273 4471 διαστελλόμενος,
3305 4379 3406 4465 ὅτι,
3440 4402 3516 4471 μὴ
3537 4400 3668 4469 πρὸς
3710 4398 3839 4453 Ἰου-

637 4475 979 4543 cumpellare,
1014 4488 1183 4542 neque
1212 4474 1276 4527 ad
1309 4475 1533 4542 quasvis
1564 4474 1748 4527 obvias
1782 4473 1981 4528 insulas
2012 4475 2177 4527 verba

2283 4489 2457 4552 δαίους
2502 4490 2567 4542 τὰ
2611 4490 2851 4561 παρόντα
2890 4492 3171 4553 συντείνει,
3212 4491 3333 4559 μηδ’
3386 4491 3459 4552 ὡς
3503 4489 3661 4559 ἔτυχε
3704 4487 3839 4561 πρός

640 4566 835 4628 facere,
870 4564 958 4617 sed
994 4564 1057 4615 ad
1084 4572 1269 4630 gentes
1297 4573 1351 4616 et
1382 4564 1447 4616 ad
1496 4563 1586 4617 Dei
1622 4562 1892 4616 Ecclesias
1921 4563 1971 4615 in
2003 4562 2180 4616 medio

639 4656 875 4724 gentium
934 4654 1153 4722 positas.
1209 4653 1545 4722 Quapropter
1596 4652 1889 4707 secundum
1936 4651 2168 4723 Symma-

636 4750 819 4807 clnnn,
848 4748 927 4799 sic
964 4745 1159 4812 legitur
1190 4762 1202 4798 :
1236 4762 1255 4795 s
1276 4744 1467 4797 Audite
1500 4759 1602 4809 me,
1642 4744 1848 4807 insulae,
1895 4754 1950 4797 et
1971 4743 2181 4797 anscul-

639 4848 765 4901 tate,
795 4849 1006 4906 gentes.
1040 4858 1058 4890 ι
1099 4838 1237 4903 Quid
1274 4836 1433 4906 igitur
1462 4835 1711 4891 Ecclesiae
1758 4852 1867 4891 suae
1903 4838 2181 4892 declarare

633 4938 868 4995 expetat,
920 4931 991 4983 ita
1045 4930 1227 4983 subdit
1264 4944 1276 4979 :
1308 4945 1327 4978 ι
1380 4926 1480 4981 Per
1517 4929 1739 4981 multum
1778 4938 1988 4997 tempus
2018 4929 2181 4983 stabit

639 5016 914 5070 Dominus.
950 5037 968 5070 ι
1001 5019 1075 5071 Ac
1104 5019 1275 5085 primo
1301 5018 1691 5071 observandum
1715 5031 1818 5081 est,
1851 5022 1964 5073 lucc
1986 5030 2043 5073 et
2064 5032 2181 5087 qum

638 5116 817 5172 postea
841 5110 1262 5177 subsequuntur,
1302 5124 1367 5161 ex
1401 5123 1624 5176 persona
1666 5109 1872 5162 Domini
1922 5108 2177 5179 proferri.

638 5196 736 5251 Ubi
766 5199 876 5265 ipse
903 5198 1181 5262 DOIIIllillS,
1212 5200 1301 5266 qui
1334 5213 1638 5252 sermonem
1671 5214 1893 5253 exorsus
1928 5210 2031 5264 est,
2061 5214 2179 5267 qmc

637 5289 960 5354 adjiciuntur
978 5290 1132 5357 quasi
1163 5290 1225 5341 dc
1252 5289 1355 5341 alio
1384 5290 1522 5342 dicta
1552 5291 1790 5342 declarat
1817 5308 1831 5343 :
1875 5292 1982 5343 imo
2017 5292 2177 5344 etiam

637 5392 753 5430 sese
784 5378 1015 5445 genitum
1052 5392 1168 5430 esse
1197 5379 1416 5441 fatetur,
1444 5391 1498 5431 et
1535 5394 1746 5432 servum
1786 5390 2080 5449 nuncupat,
2125 5392 2181 5435 et

639 5466 802 5518 multa
837 5467 938 5519 alia
970 5468 1021 5519 in
1058 5470 1407 5534 sequentibus
1450 5470 1641 5537 aperit.
1685 5466 1765 5523 Ne
1801 5468 1934 5536 jam,
1981 5472 2177 5540 inquit,

638 5556 759 5609 dum
800 5556 907 5609 lucc
942 5557 1185 5626 eloquor,
1216 5562 1495 5613 verborum
1530 5559 1777 5615 ell'eCtum
1822 5577 1918 5619 vos
1966 5565 2180 5620 visuros

708 5730 750 5761 ⁸³
781 5729 906 5786 Luc.
952 5749 1021 5798 tr,
1065 5736 1142 5787 '8.
1220 5738 1259 5765 ελ
1300 5736 1458 5791 ιιῖυτ.
1497 5741 1621 5802 κνί.

2280 4597 2429 4643 τινας
2475 4581 2793 4652 προχείρους
2837 4582 3133 4651 νοουμένας
3171 4583 3387 4651 νήσους,
3438 4580 3570 4634 ἀλλὰ
3604 4580 3738 4651 πρὸς
3771 4578 3841 4635 τὰ

2280 4670 2402 4741 ἔθνη
2448 4673 2539 4724 καὶ
2583 4672 2681 4735 τὰς
2738 4671 2937 4742 μεταξὺ
2994 4671 3099 4723 τῶν
3152 4672 3317 4723 ἐθνῶν
3370 4671 3839 4742 μεσολαόουμένας

2280 4762 2371 4815 τοῦ
2400 4761 2532 4815 Θεοῦ
2569 4762 2911 4834 Ἐκκλησίας.
2943 4762 3103 4817 Ὂθεν
3134 4764 3226 4815 καὶ
3260 4765 3397 4816 κατά
3425 4763 3514 4816 τὸν
3548 4762 3839 4834 Σύμμαχον

2279 4848 2461 4901 τοῦτον
2493 4850 2705 4921 εἴρηται
2730 4851 2820 4903 τὸν
2852 4852 3078 4923 τρόπον,
3126 4870 3144 4903 ι
3191 4852 3481 4905 Ἀκούσατέ
3512 4870 3633 4923 μου,
3665 4856 3836 4923 νῆσοι,

2283 4939 2373 4991 καὶ
2408 4940 2767 5012 ἁκροάσασθε,
2795 4941 2939 5011 ἔθνη.
2984 4962 3003 4995 ι
3038 4942 3102 4995 Τί
3131 4943 3307 4996 τοίνυν
3335 4943 3578 5015 βούλεται
3608 4943 3838 5010 διδάξειν

2282 5029 2377 5100 τὴν
2414 5032 2735 5103 Ἐκκλησίαν
2756 5030 2942 5095 αὐτοῦ,
2961 5034 3219 5103 ἐπιλέγει,
3250 5054 3269 5086 ι
3303 5036 3401 5088 Διὰ
3426 5037 3614 5107 χρόνου
3642 5034 3837 5088 πολλοῦ

2286 5120 2533 5190 στήσεται
2574 5121 2794 5192 Κύριος.
2834 5142 2851 5173 ι
2890 5124 2998 5177 Καὶ
3034 5124 3244 5195 πρῶτον
3274 5123 3646 5195 ἐπιτηρητὼν,
3673 5122 3750 5188 ὡς
3776 5124 3839 5177 ἐκ

2283 5208 2570 5279 προσώπου
2609 5209 2701 5261 τοῦ
2744 5212 2945 5282 Κθρίου
2991 5212 3162 5266 ταῦτα
3206 5213 3424 5285 φέρεται
3474 5215 3565 5267 καὶ
3606 5214 3675 5267 τὰ
3711 5215 3838 5285 ἑξῆς

2280 5300 2485 5363 τούτοις
2518 5301 2882 5371 ἐπιφερόμενα
2900 5320 2911 5333 ·
2940 5305 2997 5355 ἐν
3024 5299 3103 5366 οἷς
3126 5305 3287 5367 αὐτὸς
3315 5307 3343 5359 ό
3373 5306 3467 5358 τοῦ
3498 5305 3657 5374 λόγου
3702 5323 3829 5360 κατ-

2281 5389 2449 5459 άρξας
2480 5389 2680 5460 Κύριος
2716 5391 2790 5454 ὡς
2840 5395 2964 5467 περὶ
3013 5396 3195 5466 ἐτέρου
3230 5396 3467 5450 διδάσκει
3493 5398 3559 5449 τὰ
3590 5397 3838 5467 ἐπιλεγό-

2285 5496 2447 5548 μενα·
2486 5480 2619 5533 ἀλλὰ
2661 5482 2754 5533 καὶ
2796 5484 3151 5554 γεγεννῆσθαι
3202 5486 3389 5539 ἑαυτὸν
3425 5487 3695 5558 ὁμολογεῖ,
3741 5492 3838 5545 καὶ

2280 5568 2457 5623 δοῦλον
2490 5571 2676 5639 ἑαυτὸν
2716 5572 2985 5643 ὀνομάζει,
3014 5577 3103 5629 καὶ
3132 5577 3230 5632 ὅσα
3260 5578 3391 5633 ἄὶλα
3425 5580 3721 5653 παρίστησι
3748 5579 3840 5641 διὰ
