4124 6458
648 398 746 452 451

1250 388 1540 446 .EUSEBII
1578 387 2045 444 CESARII‘ZXSI‘S
2081 390 2235 449 OPI’.
2281 392 2462 460 PARS
2501 392 2584 448 III.
2626 378 2694 435 -ξ-
2732 392 3142 449 EXEGETICA.
3767 396 3867 451 652

644 510 956 566 credulitate
1008 517 1365 571 manserunt;
1415 516 1574 575 atque
1629 506 1682 558 in
1732 504 1920 574 primis
1987 503 2187 562 Judrei:

2307 509 2519 579 καμὼν,
2574 513 2668 564 καὶ.
2721 513 2944 583 μυρίους
2987 512 3186 574 κόπους
3238 511 3532 581 ὑπομείνας
3582 512 3721 584 ὑπὲρ
3770 515 3865 586 τῆς

641 620 806 671 quare
835 603 951 654 dico
975 619 989 656 :

2308 602 2416 655 τῶν
2450 602 2748 672 ἀνθρώπων
2799 604 3092 674 σωτηρίας,
3127 603 3280 656 οὐδὲν
3327 605 3525 674 ῆνυσα·
3560 606 3608 657 oi
3652 605 3865 690 πλείους

638 694 745 766 γὰρ
787 692 962 745 αὐτῶν
996 690 1351 760 ἐναπέμειναν
1382 692 1448 760 τῇ
1480 690 1732 762 ἀπιστία·
1766 693 1857 745 καὶ
1887 694 2100 764 πρῶτον
2131 711 2192 760 γε
2231 702 2290 746 τὸ
2335 695 2598 747 Ἰουδαίων
2629 695 2797 758 ἔθνος
2829 695 2909 748 διό
2939 710 3102 765 φημι·

716 808 874 859 Vrsas.
900 806 1018 858 6-5.
1057 823 1073 854 ι
1103 803 1227 856 Sine
1252 817 1411 854 causa
1454 802 1713 869 laboravi,
1745 805 1794 858 in
1824 823 2024 861 vanum
2065 819 2120 862 et
2147 809 2196 861 in

642 900 865 953 nihilum
899 897 1014 950 dedi
1064 894 1425 947 fortitudinem
1464 909 1659 948 meam.
1705 895 1995 965 Propterea
2045 900 2194 967 judi-

643 994 783 1044 cium
813 1002 981 1042 meum
1008 1001 1034 1038 a
1071 986 1292 1040 Domino
1313 1026 1328 1050 ,
1364 998 1416 1040 et
1447 987 1597 1040 labor
1630 1002 1778 1041 meus
1808 989 1859 1040 in
1905 1001 2192 1057 conspectu

643 1081 736 1134 Dei
767 1078 891 1132 mei.
921 1078 983 1129 Et
1015 1091 1154 1128 nunc
1201 1076 1279 1129 sic
1338 1075 1467 1129 dicit
1501 1077 1782 1142 Dominus,
1819 1081 1909 1148 qui
1945 1079 2196 1136 formavit

642 1186 727 1224 me
751 1186 816 1223 ex
854 1176 1007 1220 utero
1039 1181 1249 1220 servum
1281 1165 1404 1229 sibi,
1437 1176 1493 1220 ut
1527 1183 1911 1238 congregarem
1932 1170 2098 1227 Jacob
2130 1175 2192 1226 ad

640 1278 788 1324 eunt,
815 1271 867 1315 et
900 1259 1102 1323 Israel;
1134 1260 1506 1328 cougregahor
1531 1271 1586 1313 et
1615 1261 1962 1326 glorificabor
1993 1264 2045 1318 in
2073 1282 2196 1320 con-

639 1349 822 1421 sp'ectu
855 1351 1086 1413 Domini,
1117 1357 1171 1404 ct
1197 1349 1334 1403 Deus
1365 1365 1515 1405 meus
1550 1352 1652 1406 erit
1684 1354 1814 1408 mihi
1852 1353 2132 1411 fortitudo.
2167 1377 2186 1410 ι

639 1443 864 1500 Etiamsi
891 1443 1032 1497 enim
1065 1441 1306 1494 homines
1337 1455 1440 1495 non
1463 1452 1606 1496 recte
1647 1453 1829 1513 agant,
1868 1461 1966 1502 nec
2007 1463 2071 1501 ex
2115 1449 2193 1502 la-

638 1537 858 1591 boribus
895 1535 1060 1599 meis,
1090 1547 1220 1600 quos
1253 1533 1488 1599 ipsorum
1518 1549 1679 1589 causa
1727 1552 2014 1607 perpessus
2049 1556 2190 1605 sum,

636 1630 849 1697 dignam
883 1627 1167 1678 utilitatem
1198 1625 1504 1693 accipiant;
1542 1635 1597 1678 at
1637 1641 1734 1695 ego
1767 1628 1854 1693 iis,
1884 1645 2001 1698 qua:
2029 1647 2192 1698 penes

637 1735 723 1774 me
755 1728 931 1782 erant,
964 1715 1297 1786 perfunctus,
1333 1717 1384 1769 in
1417 1726 1710 1784 compectu
1747 1718 1837 1772 Dei
1873 1721 1972 1772 mei
2013 1731 2190 1789 pater-
2218 1746 2262 1804 Β

636 1827 758 1864 nam
787 1810 988 1879 explevi
1033 1807 1361 1863 voluntatem
1397 1825 1411 1862 :
1459 1809 1809 1877 quamobrem
1852 1810 1938 1876 iis,
1985 1813 2073 1879 qui
2121 1827 2186 1866 ex

634 1902 1035 1958 circumcisione
1071 1914 1213 1964 sunt,
1242 1902 1470 1968 primum
1504 1900 1791 1955 salutarem
1825 1911 1877 1956 et
1909 1913 2186 1972 paternam

633 1995 858 2066 gratiam
891 1992 1194 2063 praedicari.
1231 1990 1364 2044 Nam
1411 1990 1502 2059 qui
1533 1991 1781 2044 formavit
1815 2007 1898 2046 me
1941 1995 2008 2046 ab
2038 2006 2188 2049 utero

634 2103 848 2141 servum
879 2086 1002 2145 sibi.
1037 2093 1092 2138 et
1123 2100 1189 2138 ex
1227 2082 1418 2137 lsraele
1447 2098 1640 2151 corpus
1680 2099 1856 2136 meum
1891 2086 2186 2139 concinna-

628 2180 728 2242 vit,
757 2179 802 2231 is
835 2177 999 2231 voluit
1033 2186 1088 2228 ut
1116 2175 1246 2242 ipsis
1277 2174 1546 2243 prioribus
1586 2174 1810 2244 gratiam
1847 2190 2017 2229 meam
2052 2193 2187 2244 pne-

630 2271 889 2331 diearem,
919 2276 974 2320 ut
1005 2265 1170 2321 Jacob
1199 2275 1252 2319 et
1283 2265 1448 2319 Israel
1498 2267 1566 2318 ad
1615 2281 1736 2320 eum
1777 2281 2182 2336 congregarem.

629 2359 758 2414 Jure
798 2360 974 2426 itaque
1013 2357 1125 2412 haec
1150 2358 1347 2410 monita
1380 2357 1541 2411 tradit
1574 2375 1585 2410 :
1621 2376 1639 2408 ι
1683 2356 1737 2411 1η
1775 2359 1913 2411 viam
1950 2360 2183 2428 gentium

629 2466 697 2505 ne
725 2449 984 2514 abieritis,
1013 2458 1065 2503 et
1093 2448 1145 2502 in
1180 2448 1450 2502 civitatem
1501 2448 1958 2503 Samaritanorum
2010 2467 2074 2505 ne
2106 2454 2186 2504 in-

632 2542 902 2595 traveritis
930 2559 944 2593 :
977 2541 1048 2593 ite
1080 2542 1257 2610 potius
1291 2542 1354 2593 ad
1396 2555 1542 2600 oves,
1581 2555 1698 2609 qua:
1754 2541 2049 2610 perierunt,
2089 2544 2183 2598 do-

631 2650 749 2688 mus
783 2631 942 2688 Israel
968 2632 1032 2684 ‘7.
1071 2650 1088 2682 ι
1121 2630 1265 2685 Patri
1306 2645 1432 2700 ergo
1488 2631 1711 2700 placuit,
1750 2641 1804 2684 ut
1856 2632 1921 2684 ad
1963 2647 2185 2702 congre—
2233 2689 2243 2692 ,

628 2726 861 2796 gendum
892 2722 1055 2778 Iacob
1086 2733 1141 2776 et
1164 2721 1350 2783 Israel,
1401 2722 1467 2775 ad
1513 2721 1756 2776 homines
1786 2723 2073 2776 transitum
2104 2723 2183 2777 fa-

622 2831 829 2880 cerem,
867 2816 1004 2870 unde
1034 2815 1129 2878 ait,
1162 2831 1180 2865 ι
1214 2812 1266 2866 In
1305 2822 1355 2865 te
1386 2811 1674 2880 gloriabor.
1724 2831 1742 2864 ι
1807 2813 1917 2881 Ego
1944 2829 2072 2867 vero
2101 2816 2180 2870 in-

627 2909 990 2962 credulitatem
1017 2916 1071 2960 et
1099 2905 1350 2960 duritiem
1390 2901 1606 2958 Israelis
1652 2906 2018 2974 conspicatus,
2065 2905 2177 2973 jam

625 3002 831 3068 pridem
868 2999 974 3052 dixi
1009 3017 1022 3052 :
1052 3015 1071 3049 ι
1106 2996 1236 3051 Siue
1266 3010 1425 3048 causa
1481 2995 1716 3049 laboravi
1759 3013 1773 3049 ;
1813 2995 1862 3048 in
1897 3010 2090 3050 vanum
2125 3006 2178 3051 et

2373 829 2389 858 ι
2426 807 2608 870 Κενῶς
2631 809 2914 870 ἐκοπίασα,
2942 809 3020 870 εἰς
3049 807 3275 878 μάταιον
3299 809 3392 860 καὶ
3416 809 3491 871 εἰς
3513 809 3662 862 οὐδὲν
3691 809 3863 862 ἔδωκα

2297 901 2392 969 τὴν
2414 898 2561 966 ἰσχύν
2589 915 2710 968 μου.
2740 900 2838 952 Διὶ
2854 899 3066 967 τοῦτοὴ
3115 898 3296 968 κρίσις
3331 917 3431 968 μου
3466 900 3613 968 παρὰ
3655 900 3861 970 Κυρίῳ,

2295 997 2387 1041 καὶ
2413 991 2440 1041 6
2467 990 2622 1053 πόνος
2647 1007 2746 1059 μου
2772 991 3010 1043 ἐναντίον
3033 988 3124 1041 τοῦ
3149 989 3282 1041 Θεοῦ
3313 1007 3434 1058 μου.
3464 991 3570 1042 Καὶ
3602 989 3695 1043 νῦν
3727 988 3862 1041 οὕτω

2293 1081 2437 1148 λέγει
2467 1080 2688 1150 Κύριος,
2720 1083 2747 1134 6
2782 1081 2990 1141 πλάσας
3018 1097 3083 1151 με
3118 1081 3181 1132 ἐκ
3215 1081 3424 1144 κοιλίας
3451 1080 3633 1133 δοῦλον
3663 1079 3857 1149 ἐαυτῷ,

2293 1171 2385 1223 τοῦ
2412 1173 2728 1238 συναγαγεῖν
2757 1171 2846 1223 τὸν
2862 1170 3053 1224 Ἰακὼϐ
3087 1171 3224 1242 πρὸς
3261 1171 3443 1235 αὑτὸν,
3493 1171 3583 1222 καὶ
3622 1170 3854 1241 Ἰσραήλο

2295 1261 2695 1332 συναχθήσομαι
2743 1265 2837 1316 καὶ
2884 1264 3286 1334 δοξασθήσομαι
3340 1263 3579 1316 ἐναντίον
3629 1262 3858 1333 Κυρίου,

2295 1354 2386 1406 καὶ
2419 1356 2446 1405 6
2476 1353 2603 1416 Θεὸς
2655 1370 2755 1422 μου
2797 1354 2948 1408 ἔσται
2998 1372 3086 1423 μοι
3133 1353 3301 1423 ἰσχύς.
3339 1372 3357 1403 ι
3394 1355 3454 1406 Εἰ
3489 1353 3595 1424 γὰρ
3641 1353 3735 1405 καὶ
3783 1353 3857 1424 μὴ

2293 1445 2568 1515 ἄνθρωποι
2605 1445 2934 1515 κατορθῶσι,
2971 1446 3092 1516 μηδ’
3140 1445 3304 1510 ἀξίως
3337 1444 3443 1497 τῶν
3479 1444 3624 1514 ἐμῶν
3658 1444 3853 1505 πόνων,

2291 1529 2364 1588 ὧν
2391 1537 2658 1606 ὑπέμεινα
2689 1536 2757 1588 δι’
2786 1538 3000 1600 αὐτοὺς,
3048 1535 3401 1605 ὠφελοῦνται·
3448 1536 3561 1588 ἀλλ’
3601 1535 3742 1604 ἐγὼ,
3787 1535 3853 1588 τὰ

2291 1629 2420 1697 παρ’
2444 1628 2681 1698 ἐμαυτοῦ
2714 1629 2945 1700 πράξας,
2977 1629 3215 1682 ἐναντίον
3242 1628 3335 1680 τοῦ
3367 1628 3500 1680 Θεοῦ
3532 1646 3631 1698 μου
3653 1628 3714 1680 τὺ
3749 1644 3852 1680 πα-

2289 1720 2471 1789 τρικὸν
2503 1720 2788 1773 ἐτελείωσα
2820 1720 3096 1791 βούλημα·
3132 1719 3211 1772 διὸ
3252 1719 3481 1790 πρώτοις
3513 1722 3695 1783 αὐτοῖς
3729 1720 3854 1788 ἐκή-

2293 1810 2422 1878 ρυξα
2451 1814 2562 1872 τοὶς
2595 1813 2658 1863 ἐκ
2685 1812 2982 1882 περιτομῆς
3011 1811 3109 1882 τὴν
3142 1812 3416 1880 σωτηρίαν
3452 1812 3544 1864 καὶ
3592 1809 3852 1880 πατρικὴν

2286 1901 2464 1971 χάριν.
2506 1900 2563 1952 '0
2588 1900 2696 1971 γάρ
2728 1901 2935 1965 πλάσας
2969 1918 3034 1970 με
3069 1904 3132 1953 ἐκ
3177 1899 3383 1964 κοιλίας
3415 1901 3600 1953 δοῦλον
3651 1901 3847 1970 ἑαυτῷ,

2287 1993 2380 2043 καὶ
2404 1993 2465 2043 ἐκ
2493 1991 2587 2044 τοῦ
2625 1991 2838 2063 Ἰσραὴλ
2857 1991 2916 2044 τὺ
2937 1991 3095 2062 σῶμά
3123 2011 3220 2062 μου
3245 1992 3679 2055 κατασκευάσας,
3709 1991 3852 2064 πρώ-

2285 2100 2394 2145 τοις
2423 2083 2605 2146 αὐτοῖς
2639 2082 2871 2155 κηρῦξαι
2908 2083 3226 2154 βεϐούληται
3258 2083 3355 2154 τὴν
3392 2084 3630 2153 ἐμαυτοῦ
3672 2086 3847 2155 χάριν,

2285 2174 2362 2235 εἰς
2391 2173 2450 2224 τὸ
2497 2177 2819 2241 συναγαγεῖν
2846 2174 2937 2228 τὸν
2983 2174 3170 2228 Ἰακὼϐ
3215 2175 3349 2244 πρὸς
3394 2175 3573 2232 αὑτὸν,
3623 2177 3715 2228 καὶ
3761 2174 3848 2228 τὸν

2298 2264 2528 2335 Ἰσραήλ.
2549 2265 2784 2327 Εἰκότως
2800 2261 2892 2318 οῦν
2912 2267 3166 2336 παραινεῖ
3180 2265 3370 2334 λέγων,
3390 2285 3406 2318 ι
3437 2268 3528 2328 Εἰς
3550 2267 3666 2319 ὁδὸν
3683 2266 3848 2320 ἐθνῶν

2287 2353 2359 2422 μὴ
2395 2352 2685 2423 ἀπέλθητε,
2715 2354 2808 2406 καὶ
2839 2355 2918 2415 είς
2965 2354 3117 2405 πόλιν
3162 2355 3514 2425 Σαμαρειτῶν
3555 2356 3629 2425 μὴ
3676 2353 3848 2408 είσέλ-

2284 2443 2412 2512 θητε
2433 2460 2445 2471 ·
2482 2443 2775 2514 πορεύεσθε
2806 2444 2860 2496 δέ
2895 2443 3093 2513 μᾶλλον
3127 2446 3205 2506 είς
3233 2445 3300 2496 τὰ
3341 2445 3587 2516 προϐατα
3613 2445 3682 2498 τά
3715 2447 3848 2499 ἀπο-

2283 2533 2486 2588 λωλὸτα
2526 2536 2674 2588 οἴκου
2733 2535 2965 2606 Ἰσραήλ.
3008 2555 3025 2585 ι
3071 2535 3128 2588 'U
3162 2529 3260 2607 μὲν
3300 2532 3392 2590 οὖν
3432 2538 3619 2609 Πατὴρ
3667 2539 3745 2600 είς
3787 2538 3847 2591 τὸ

2284 2629 2607 2693 συναγαγεῖν
2643 2626 2725 2679 τὸν
2789 2626 2983 2679 Ἰακὼϐ
3033 2628 3126 2680 καὶ
3171 2628 3261 2680 τὸν
3307 2628 3538 2699 Ἰσραὴλ,
3581 2630 3845 2701 ηὐδόκησε

2281 2714 2376 2786 τὴν
2402 2717 2483 2797 εἰς
2529 2717 2847 2786 ἀνθρώπους
2880 2720 3108 2790 πάροδον
3159 2738 3225 2789 με
3258 2721 3605 2791 ποιήσασθαι,
3653 2723 3842 2788 εἰπὼν,

2287 2825 2305 2857 ι
2356 2808 2441 2858 Ἐν
2477 2808 2558 2860 σοὶ
2602 2808 3018 2880 δοξασθήσομαι·
3055 2828 3072 2858 ι
3107 2808 3218 2877 ἐγὼ
3244 2810 3300 2862 δέ
3330 2812 3428 2880 τὴν
3468 2810 3726 2866 ἀπιστίαν
3755 2811 3846 2864 καὶ

2280 2898 2376 2970 τὴν
2429 2900 2855 2972 σκληροκαρδίαν
2883 2900 3098 2972 θεωρῶν
3124 2901 3217 2953 τοῦ
3257 2902 3496 2973 Ἰσραὴλ,
3545 2899 3698 2955 εἷπον
3742 2903 3842 2974 ήδη

2282 2991 2566 3061 πρότερον,
2600 2993 2701 3053 ὅτι,
2736 3011 2752 3042 ι
2790 2992 2974 3054 Κενῶς
3019 2993 3304 3044 ἐκοπίασα·
3336 2995 3412 3054 εἰς
3442 2992 3616 3062 μάτην
3647 2993 3737 3052 καὶ
3766 2995 3843 3056 είς

626 3095 680 3145 in
712 3092 932 3145 nihilum
966 3089 1084 3144 dedi
1115 3086 1482 3141 fortitudinem
1517 3101 1708 3140 meam.
1745 3105 1762 3137 ι
1810 3085 1863 3139 Ia
1890 3086 2008 3139 aliis
2040 3103 2174 3155 quo-

2285 3080 2427 3134 οὐδὲν
2455 3081 2628 3133 ἔδωκα
2665 3083 2764 3152 τὴν
2798 3082 2949 3151 ἰσχύν
2999 3100 3117 3152 μου.
3155 3103 3172 3133 ι
3225 3083 3331 3135 Καὶ
3365 3085 3421 3135 ἐν
3454 3083 3659 3154 ἑτέροις
3701 3081 3843 3136 τοῦτ’

629 3199 732 3252 que
765 3183 992 3251 idipsum
1029 3179 1268 3233 declarat
1308 3176 1390 3230 bis
1419 3175 1597 3230 verbis
1637 3195 1650 3231 :
1684 3196 1701 3225 ι
1735 3177 1862 3242 Qua:
1896 3177 2095 3230 utilitas
2128 3178 2178 3230 in

626 3277 884 3345 sanguine
909 3287 1048 3337 meo,
1079 3270 1204 3323 dum
1230 3269 1493 3322 descemlo
1534 3269 1584 3320 in
1617 3267 2012 3335 corruptionem
2042 3267 2129 3320 3'?
2156 3285 2173 3317 ι

629 3367 750 3422 Sola
783 3367 974 3435 quippe
1019 3360 1146 3416 mihi
1181 3374 1266 3425 ea,
1306 3374 1425 3428 qua:
1454 3359 1520 3411 ab
1551 3359 1668 3426 ipso
1719 3369 1822 3422 eat,
1859 3358 2028 3426 gloria
2060 3372 2176 3412 ser-

627 3471 803 3525 \‘attttr,
824 3469 876 3514 et
901 3461 1010 3525 ipse
1027 3455 1242 3524 quidem
1271 3461 1352 3506 est
1375 3449 1652 3507 fortitudo.
1679 3450 2007 3503 Admiranda
2038 3452 2176 3503 enim

631 3562 684 3606 et
718 3548 974 3618 stupenda
1004 3547 1120 3615 ejus
1150 3557 1333 3613 Opera,
1380 3542 1596 3597 virtutis
1638 3541 1754 3612 ejus
1805 3553 2175 3611 argumentum

629 3654 801 3696 erant.

699 3752 859 3805 Vens.
906 3751 957 3804 6.
1011 3750 1119 3804 «Et
1151 3747 1285 3802 dixit
1332 3746 1485 3806 mihi.
1541 3746 1786 3817 Magnum
1838 3756 1920 3802 est
1967 3747 2059 3800 tibi
2115 3757 2174 3799 ut

625 3844 835 3897 voceris
886 3855 1019 3910 puer
1079 3856 1247 3902 mens,
1295 3848 1351 3892 ut
1398 3847 1606 3893 statuas
1666 3839 1835 3891 tribus
1881 3835 2067 3901 Iacob,
2125 3847 2178 3892 et

629 3931 1009 3998 dispersiouem
1039 3927 1198 3982 Israel
1232 3936 1537 3981 convertas.
1569 3945 1587 3977 ι
1622 3924 1750 3979 Nam
1785 3941 1968 3980 revera
2005 3927 2176 3980 maxi-

628 4036 772 4074 mum
817 4027 935 4072 erat
983 4017 1276 4071 Salvatoris
1323 4016 1492 4070 nostri
1545 4003 1699 4086 opus,
1760 4017 1899 4086 quod
1951 4017 2175 4071 formam

628 4111 769 4166 servi
811 4109 1100 4178 acceperit,
1140 4118 1194 4162 et
1232 4109 1516 4161 humanam
1552 4107 1949 4177 generationem
1993 4109 2176 4162 subie-

630 4203 719 4256 rit.
759 4201 928 4255 Causa
962 4213 1120 4268 porro
1151 4213 1247 4252 cur
1283 4197 1528 4252 Salvator
1583 4213 1772 4252 servus
1815 4196 2036 4252 eﬂ‘ectus
2084 4199 2174 4263 sit,

628 4293 744 4346 luec
784 4302 930 4354 erat,
981 4289 1056 4342 uti
1115 4289 1324 4342 scilicet
1372 4287 1541 4341 tribus
1577 4287 1740 4341 Jacob
1770 4297 2073 4349 statueret.
2123 4299 2178 4342 ct

628 4375 987 4445 dispersiones
1015 4373 1226 4429 Israelis
1257 4384 1614 4430 converteret.
1645 4374 1763 4429 Ideo
1795 4375 1922 4444 ipsis
1943 4378 2172 4445 primum

2284 3170 2412 3223 αὐτὸ
2440 3171 2586 3241 δηλοῖ
2616 3169 2805 3235 εἰπὼν,
2852 3192 2868 3221 ι
2908 3171 3001 3234 Τίς
3032 3171 3266 3240 ὠφέλεια
3301 3173 3358 3224 ἐν
3387 3171 3463 3242 τῷ
3502 3172 3689 3242 αἵματί
3721 3188 3842 3242 μου,

2282 3263 2340 3313 ἐν
2367 3262 2442 3332 τῷ
2473 3262 2816 3316 καταϐαίνειν
2846 3278 2912 3330 με
2941 3264 3019 3324 εἰς
3046 3261 3338 3334 διαφθοράν
3363 3276 3377 3326 ;
3420 3281 3438 3311 ι
3495 3261 3642 3332 Μόνη
3670 3263 3776 3335 γὰρ
3808 3264 3842 3334 ή

2282 3356 2410 3424 παρ’
2442 3355 2605 3407 αὑτοῦ
2670 3371 2757 3424 μοι
2821 3354 2944 3418 δόξα
3006 3353 3375 3422 πεφύλακται,
3410 3355 3504 3406 καὶ
3542 3353 3704 3416 αὐτὸς
3745 3353 3842 3425 μέν

2281 3445 2426 3496 ἐστιν
2455 3447 2488 3514 ἡ
2539 3445 2708 3514 ἰσχύς.
2741 3444 2820 3496 Τὰ
2853 3443 2979 3510 γοῦν
3008 3445 3281 3514 θαυμάσια
3325 3445 3418 3497 καὶ
3452 3443 3520 3496 τά
3564 3445 3844 3514 παράδοξα

2279 3535 2414 3605 ἔργα
2451 3536 2937 3606 διεμπεπραγμένα
2983 3536 3082 3605 τῆς
3122 3535 3281 3588 αὐτοῦ
3329 3535 3604 3599 δυνάμεως
3633 3533 3701 3607 ἦν
3734 3553 3840 3589 πα-

2279 3629 2600 3696 ραστατικά.

2355 3761 2373 3793 ι
2414 3743 2519 3796 Καὶ
2565 3739 2683 3795 εἶπέ
2719 3761 2837 3813 μοι,
2881 3743 3038 3813 Μέγα
3078 3747 3158 3798 σοί
3193 3747 3307 3798 ἐστι
3351 3745 3443 3799 τοῦ
3483 3744 3744 3814 κληθῆναι
3779 3762 3839 3800 σε

2279 3833 2440 3887 παῖδά
2474 3851 2594 3902 μου,
2634 3833 2726 3886 τοῦ
2772 3838 2962 3905 στῆσαι
3002 3836 3100 3899 τὰς
3142 3837 3309 3904 φυλὰς
3361 3835 3585 3898 Ἰακὼϐ,
3620 3837 3712 3891 καὶ
3742 3837 3840 3905 τὴν

2276 3923 2566 3995 διασπορὰν
2608 3924 2698 3976 τοῦ
2747 3925 2960 3996 Ἰσραὴλ
3008 3927 3350 3997 ἐπιστρέψαι.
3403 3945 3421 3977 ι
3470 3926 3577 3980 Καὶ
3619 3932 3726 3998 γάρ
3765 3925 3839 3991 ὡς

2277 4014 2488 4084 ἀληθῶς
2516 4015 2767 4084 μέγιστον
2801 4015 2956 4086 ἔργον
2976 4017 3067 4070 τοῦ
3093 4019 3340 4089 Σωτῆρος
3365 4020 3396 4090 ἡ
3405 4019 3518 4089 μῶν
3541 4019 3600 4072 τὸ
3629 4019 3839 4092 μορφὴν

2275 4104 2458 4157 δούλου
2497 4105 2813 4170 ἀναλαϐεῖν,
2859 4108 2951 4160 καὶ
2994 4109 3092 4179 τὴν
3122 4109 3178 4160 ἐν
3219 4108 3522 4179 ἀνθρώποις
3552 4109 3838 4179 ὑπομένειν

2277 4194 2545 4263 γέννησιν.
2605 4195 2677 4246 Τὸ
2727 4194 2781 4247 δὲ
2834 4196 3002 4248 αἴτιον
3053 4196 3146 4249 τοῦ
3204 4197 3385 4250 δοῦλον
3449 4198 3696 4266 γενέσθαι
3747 4199 3837 4254 τὸν

2279 4285 2523 4354 Σωτῆρα,
2550 4283 2705 4338 τοῦτο
2729 4280 2815 4355 ἦν’
2834 4285 2976 4354 λέγω
2995 4287 3058 4358 δὴ
3084 4287 3272 4356 στῆσαι
3300 4288 3398 4352 τὰς
3422 4288 3591 4357 φυλὰς
3625 4288 3835 4352 Ἰακὼϐ,

2280 4375 2369 4426 καὶ
2393 4373 2489 4437 τὰς
2511 4374 2806 4446 διασπορὰς
2840 4376 2933 4429 τοῦ
2980 4379 3191 4450 Ἰσραὴλ
3230 4380 3571 4450 ἐπιστρέψαι.
3617 4379 3707 4433 Διὸ
3742 4381 3836 4434 αὐ-

626 4469 970 4538 ρινιιιιίειιδιιι,
1005 4467 1094 4535 qui
1130 4467 1323 4521 animis
1352 4467 1545 4535 captivi
1577 4477 1750 4530 erant,
1781 4469 2170 4534 dimissionem,

2285 4467 2389 4528 τοῖς
2414 4464 2645 4536 πρώτοις
2666 4467 2980 4536 ἐκήρυττεν,
3023 4469 3382 4539 αἰχμαλώτοις
3403 4467 3519 4524 οὖσι
3543 4471 3639 4533 τὰς
3663 4471 3834 4542 ψυχὰς

629 4567 684 4610 et
711 4558 867 4612 cazcis
895 4559 1041 4610 visus
1069 4557 1484 4610 restitutionem.
1536 4555 1800 4621 Quoniam
1845 4557 1915 4610 illi
1949 4559 2173 4626 gratiam

631 4662 734 4699 non
784 4654 1131 4712 susceperunt
1160 4684 1173 4708 ,
1250 4655 1644 4715 consequenter
1694 4645 1893 4699 dicitur
1941 4658 2120 4715 postea
2160 4667 2173 4702 :

635 4758 655 4790 ι
684 4738 818 4792 Ecce
848 4737 997 4808 posui
1034 4747 1084 4792 te
1113 4737 1164 4790 in
1199 4746 1577 4792 testamentum
1606 4738 1843 4806 generis,
1896 4739 1947 4791 in
2006 4739 2174 4795 lucem

627 4831 899 4899 gentium;
954 4837 1011 4882 ut
1062 4828 1137 4882 sis
1184 4828 1235 4881 iu
1281 4829 1506 4884 salutem
1555 4842 1724 4898 usque
1774 4829 1840 4881 ad
1875 4837 2173 4884 extremum

628 4933 803 4978 ῑΟΙἹἿΡ.
833 4943 851 4975 ι

701 5036 859 5091 Vens.
886 5037 995 5103 7,8.
1034 5055 1052 5088 ι
1082 5035 1172 5089 Sic
1195 5035 1325 5090 dicit
1354 5034 1631 5102 Dominus,
1656 5036 1743 5106 qui
1769 5036 1910 5090 eruit
1936 5044 2004 5098 te,
2040 5035 2177 5089 Deus

627 5129 812 5182 Israel.
843 5148 861 5179 ι
925 5129 1039 5197 Ipse
1095 5143 1346 5198 namque,
1404 5129 1493 5197 qui
1541 5131 1664 5184 olim
1716 5130 1872 5184 Israel
1923 5131 2064 5185 eruit
2113 5132 2176 5185 de

631 5235 789 5271 manu
840 5218 1244 5289 Egyptioruttt,
1304 5219 1450 5273 vobis
1505 5235 1718 5289 quoque
1754 5222 2001 5290 gentibus
2064 5223 2176 5274 Intc

630 5311 929 5368 annuntiat,
961 5319 1014 5364 et
1039 5312 1279 5380 prazcipit
1312 5312 1520 5376 dicens,
1574 5328 1594 5361 ι
1625 5312 1970 5366 Sanctiﬁcale
2025 5329 2174 5375 eum,

627 5403 714 5467 qui
753 5403 976 5470 despicit
1017 5404 1254 5456 animam
1304 5419 1489 5468 suam;
1525 5422 1540 5453 ι
1591 5414 1792 5473 quanto
1835 5407 1978 5459 enim
2011 5405 2177 5474 magis

631 5489 716 5542 ille
778 5505 894 5545 sese
942 5491 1238 5545 bumiliavit
1299 5506 1464 5558 usque
1513 5492 1579 5544 ad
1624 5505 1872 5558 mortem,
1920 5505 1974 5549 et
2027 5510 2172 5548 Inur-

656 5769 694 5798 ⁸⁷
735 5769 918 5823 Matth.
956 5791 1005 5838 x,
1045 5775 1091 5838 ὅ,
1118 5779 1168 5828 fl.
1208 5777 1250 5805 "
1283 5773 1419 5827 I‘sal.
1461 5789 1604 5838 uix,
1644 5774 1724 5826 to.

2282 4551 2377 4621 τὴν
2405 4549 2618 4620 ἄφεσιν,
2640 4551 2729 4602 καὶ
2756 4551 2974 4620 τυφλοῖς
3003 4549 3118 4606 οὖσι
3148 4555 3246 4622 τὴν
3279 4555 3590 4625 ἀνάϐλεψιν.
3621 4558 3832 4629 Ἐπειδὴ

2286 4642 2358 4711 μὴ
2397 4642 2747 4712 παρεδέχοντο
2775 4643 2872 4713 τὴν
2912 4644 3069 4714 χάριν
3104 4646 3316 4708 ἐκεῖνοι,
3350 4645 3653 4710 ἀκολούθως
3688 4648 3833 4718 εἴρη-

2280 4749 2366 4784 ται
2404 4731 2558 4802 ἑξῆς·
2615 4752 2632 4781 ι
2677 4733 2808 4785 Ἰδοῦ
2847 4733 3068 4786 τέθεικά
3109 4751 3165 4786 σε
3209 4737 3288 4797 εἰς
3327 4735 3588 4806 διαθήκην
3623 4737 3830 4805 γένους,

2281 4826 2356 4887 εἰς
2383 4825 2494 4893 φῶς
2532 4823 2699 4877 ἐθνῶν
2719 4863 2733 4888 ,
2769 4824 2860 4877 τοῦ
2891 4821 3024 4878 εἷναί
3052 4842 3107 4878 σε
3137 4828 3213 4889 είς
3241 4828 3508 4898 σωτηρίαν
3535 4829 3636 4892 ἕως
3673 4831 3831 4900 ἐσχά-

2280 4933 2370 4968 του
2397 4917 2516 4988 γῆς.
2557 4936 2574 4966 ι

2354 5062 2370 5092 ι
2423 5042 2607 5105 υῦτως
2650 5043 2795 5111 λέγει
2833 5043 3054 5114 Κύριος,
3104 5047 3132 5098 6
3178 5048 3478 5117 ρυσάμενός
3526 5065 3606 5112 σε,
3636 5050 3665 5102 6
3704 5049 3831 5116 Θεὸς

2291 5132 2521 5201 Ἰσραήλ.
2571 5149 2587 5181 ι
2632 5134 2800 5195 Αὐτὸς
2842 5133 2967 5204 γὰρ,
3012 5135 3193 5204 φησὶν,
3230 5137 3450 5201 ἐκεῖνος,
3492 5140 3519 5190 6
3549 5137 3714 5191 παλαι
3742 5141 3830 5193 τὸν

2291 5221 2502 5292 Ἰσραὴλ
2538 5222 2835 5293 ῥυσάμενος
2871 5226 2933 5276 ἐκ
2967 5227 3144 5296 χειρὸς
3176 5229 3518 5295 Αἰγυπτίων,
3545 5231 3706 5294 αὐτὸς
3741 5233 3831 5285 καὶ

2279 5315 2404 5384 ὑμῖν
2435 5318 2545 5378 τοῖς
2575 5315 2750 5368 ἔθνεσι
2788 5319 2958 5371 ταῦτα
2999 5323 3325 5390 προσφωνεῖ,
3364 5321 3455 5373 καὶ
3495 5321 3831 5378 διατάττεται

2277 5404 2468 5472 λέγων’
2491 5426 2509 5456 ι
2533 5407 2815 5474 ’Λγιάσατε
2840 5409 2927 5460 τὸν
2946 5411 3266 5478 φαυλίζοντα
3293 5411 3390 5482 τῆν
3415 5412 3590 5482 ψυχὴν
3610 5414 3790 5469 αὐτοῦ·
3807 5435 3824 5467 ι

2275 5494 2394 5547 ὅσον
2409 5495 2513 5565 γὰρ
2527 5497 2711 5549 ἑαυτὸν
2728 5499 3050 5552 ἐταπείνωσε
3067 5501 3222 5571 μέχρι
3237 5501 3484 5562 θανάτου,
3502 5504 3592 5557 καὶ
3605 5504 3828 5562 θανάτου
