4124 6432
321 441 422 502 ιῦτ

1196 440 1701 499 (ΞΟΙΙΕΝΤΔΒΙΛ
1740 439 1809 498 IN
1848 437 2105 499 ISAIAI.
2162 471 2214 482 —
2254 440 2407 499 CAP.
2448 438 2634 500 XLIX.

3447 442 3554 501 838

321 575 420 632 ρας
447 557 622 631 αᾶτὴν
648 554 1016 627 ἀναζητείτωο
1051 555 1296 610 ἀκουέτω
1326 556 1382 610 δε
1407 555 1502 627 τοῦ
1528 554 1664 609 Θεοῦ
1704 555 1890 624 λεγον-

1995 557 2324 613 latinorum
2364 556 2582 627 regione
2627 551 2945 627 perquirat;
2993 552 3089 608 sed
3140 549 3332 608 audiat
3385 551 3554 610 Deum

318 651 597 722 ωςαὺτῖΓ

394 761 413 794 ι
464 719 596 795 Ἰδοὺ
621 740 713 794 ἰπὶ
752 736 861 793 τῶν
895 738 1092 810 χειρῶν
1140 755 1243 810 μου
1285 719 1655 810 ἑξωγράφησά
1682 755 1776 791 σου
1820 753 1890 790 τα

318 833 494 903 τείχη,
534 841 630 884 και
659 827 890 884 ινώπιόν
926 847 1029 900 μου
1061 825 1112 883 εί
1137 829 1225 882 διὰ
1255 831 1474 894 παντός.
1513 850 1532 883 a
1565 832 1756 902 Χεῐρες
1781 827 1888 899 γὰρ

317 926 396 990 ὡς
433 923 651 994 ἀληθῶς
695 921 833 976 Θεοῦ
881 922 982 993 τὴν
1025 921 1280 994 τοιαύτην
1321 922 1660 994 οἰκοδομοῦσι
1713 921 1886 987 πόλιν,

321 1015 523 1088 μᾶλλον
562 1013 621 1068 δι
665 1011 1015 1067 διατυποῦσιν
1046 1011 1216 1084 αὐτὴν
1262 1014 1357 1066 καὶ
1400 1013 1887 1086 διαζωγράφουσιν,

319 1107 505 1176 ὥσπερ
528 1106 585 1158 ιν
618 1103 843 1167 πίνακος
872 1106 1078 1174 γραφῇ,
1113 1104 1210 1157 καὶ
1237 1103 1654 1176 διαχοράττουσι
1675 1104 1774 1174 τὴν
1800 1101 1891 1156 θέο

320 1216 404 1253 σιν
432 1199 526 1253 καὶ
551 1197 676 1260 τοὺς
703 1199 902 1260 τόπους
924 1195 1027 1265 τῆς
1054 1193 1196 1248 κατὰ
1217 1194 1352 1249 Θεοῦ
1381 1195 1652 1260 πολιτείας
1688 1196 1746 1248 ἑν
1771 1198 1890 1258 ταῖς

318 1291 425 1344 τῶν
455 1288 758 1362 ἀνθρώπων
784 1288 986 1359 ψυχαῖς
1019 1285 1380 1358 συνεστώσης.
1413 1288 1480 1340 Ὃ
1517 1287 1582 1358 δὴ
1612 1287 1704 1340 καὶ
1731 1286 1892 1348 αὐτὸς

316 1381 415 1450 τῆς
465 1380 658 1434 ἑαυτοῦ
700 1379 909 1441 πόλεως
950 1377 1265 1448 οικοδόμος,
1302 1378 1502 1448 δηλαδὴ
1550 1379 1579 1432 ό
1617 1377 1712 1432 τοῦ
1754 1375 1890 1431 Θεοῦ

317 1473 506 1540 Λόγος,
547 1471 810 1533 ἐδίδασκε,
840 1470 1038 1538 λέγων,
1075 1486 1094 1521 ι
1149 1469 1273 1523 Ἐπὶ
1301 1470 1400 1540 τὴν
1438 1469 1645 1541 πέτραν
1685 1469 1891 1524 οἰκοδο-

317 1564 477 1636 μήσω
509 1580 610 1634 μου
641 1563 740 1634 τὴν
781 1561 1130 1632 Ἐκκλησίαν,
1165 1561 1260 1616 καὶ
1291 1561 1460 1628 πύλαι
1489 1560 1617 1632 ᾅδου
1644 1561 1706 1618 ού
1757 1577 1892 1614 κατ-

315 1653 626 1726 ισχύσουσιν
653 1653 838 1723 αὐτῆς.
854 1671 872 1704 ι

390 1762 410 1796 ε
451 1744 561 1798 Καὶ
585 1742 722 1813 ταχὺ
749 1741 1156 1815 οἱκοδομηθήσῃ
1197 1741 1288 1813 ὑφ’
1317 1737 1395 1798 ὧν
1436 1738 1768 1816 καθηριθης.
1798 1743 1894 1797 καὶ

316 1833 365 1888 al
409 1831 794 1904 ἐρημώσαντες
837 1847 900 1884 σε
941 1831 1320 1898 εξελεύσονται
1368 1833 1433 1886 εκ
1466 1832 1583 1886 σοῦ.
1627 1852 1648 1886 s
1683 1834 1892 1906 Ὥσπερ

1985 649 2069 704 δίο
2102 666 2221 702 eam
2253 649 2615 719 alloquentem
2659 664 2674 702 :

2059 735 2222 790 Vsus.
2257 735 2344 790 l6.
2375 753 2395 787 ε
2427 734 2564 790 Ecce
2601 748 2764 802 super
2788 747 2978 788 manus
3009 747 3158 789 meas
3191 733 3409 804 depinsi
3439 750 3558 792 mu-

1989 845 2082 886 ros
2118 841 2254 893 tuos,
2303 839 2359 885 et
2407 828 2460 883 in
2513 837 2805 898 conspectu
2854 842 2974 882 meo
3006 842 3066 882 es
3093 842 3328 897 semper.
3360 846 3381 882 ι
3417 825 3555 883 Nam

1989 936 2182 977 manus
2214 921 2307 976 Dei
2333 933 2519 976 revera
2549 916 2855 987 huiusmodi
2889 919 3076 974 urbem
3113 917 3400 980 cdilicant,
3446 904 3559 974 imo

1989 1013 2168 1084 potius
2219 1011 2391 1081 ipsam
2443 1008 2716 1065 delineant
2772 1019 2830 1064 et
2891 1009 3228 1080 depingunt,
3281 1010 3434 1080 quasi
3501 1010 3556 1064 in

1991 1101 2186 1158 tabella
2222 1116 2342 1172 quae
2371 1099 2702 1171 depingitur,
2753 1113 2820 1154 ac
2847 1099 3016 1154 divini
3051 1099 3283 1156 instituti
3331 1101 3384 1155 in
3440 1100 3558 1154 aui-

1991 1194 2184 1249 mabus
2209 1192 2489 1248 hominum
2518 1190 2741 1247 stabiliti
2783 1190 3109 1262 positionem
3141 1201 3198 1246 et
3223 1189 3360 1254 loca,
3389 1190 3559 1246 linea-

1992 1284 2192 1340 mentis
2216 1283 2522 1353 designant.
2556 1283 2714 1351 Quod
2744 1282 2909 1338 etiam
2944 1283 3059 1352 ipse
3079 1297 3300 1352 quoque
3322 1282 3559 1338 civitatis

1992 1374 2246 1431 fundator
2280 1385 2336 1430 et
2360 1374 2565 1444 opifex,
2618 1373 2869 1429 videlicet
2918 1372 3013 1428 Dei
3068 1372 3329 1437 Verbum,
3377 1373 3562 1429 docuit

1991 1467 2079 1523 his
2132 1466 2345 1533 verbis,
2382 1465 2606 1538 «Supra
2657 1474 2867 1537 petram
2919 1464 3199 1521 cdillcabo
3259 1463 3558 1519 Ecclesiam

1992 1574 2164 1616 meam
2189 1599 2204 1624 .
2239 1567 2294 1616 et
2324 1569 2494 1630 porta:
2523 1558 2680 1614 inferi
2735 1572 2843 1614 non
2881 1559 3252 1629 pravatebunt
3300 1557 3562 1614 adversus

2067 1741 2230 1796 Vsus.
2289 1741 2378 1796 Π.
2427 1739 2700 1811 «εἰιοηυε
2739 1739 3114 1806 ωόιϐοεικτὶε,
3148 1755 3180 1795 a
3223 1740 3420 1810 quibus
3469 1741 3565 1795 de-

1993 1841 2196 1890 structa
2215 1849 2294 1901 es,
2311 1843 2367 1891 et
2382 1834 2474 1903 qui
2494 1843 2546 1890 te
2570 1834 2972 1898 desolaverunt,
2995 1832 3419 1904 egredienturea
3451 1841 3560 1888 ιο.»

312 1897 454 1994 γὰρ.
491 1897 731 1977 ίίουδαϊοι
785 1923 886 1992 τῆς
940 1921 1316 1994 καθαιρέσεως
1373 1923 1543 1992 αὐτῆς
1604 1897 1890 1991 γεγόνασιν

1995 1897 2456 1994 Quemadmodum
2500 1927 2643 1982 enim
2681 1923 2851 1981 ιιιόεί
2897 1897 3057 1994 huius
3089 1923 3284 1980 escidii
3313 1932 3563 1979 auctores

315 2012 499 2072 αἴτιοι,
531 2011 672 2064 οῦτω
697 2011 859 2064 πάλιν
885 2010 944 2079 ἐξ
974 2006 1316 2082 αύτῆςῆσαν
1342 2011 1392 2063 οί
1419 2010 1522 2080 τῆς
1546 2009 1671 2073 νίας
1690 2009 1893 2062 οίκοδο-

319 2102 426 2173 μῆς
448 2105 696 2173 ἐργάταιο
721 2102 1005 2157 ἀπόστολοι
1025 2102 1270 2175 δηλονότι
1303 2101 1398 2155 τοῦ
1431 2103 1684 2173 Σωτῆρος
1713 2100 1889 2172 ἡμῶν,

319 2193 557 2264 μαθηταί
598 2208 662 2246 τε
699 2193 794 2247 καὶ
836 2192 1240 2261 εὐαγγελισταὶ,
1277 2190 1345 2245 δι’
1389 2184 1466 2244 ὧν
1509 2191 1543 2262 ὴ
1599 2190 1893 2262 Ἐκκλησία

314 2284 409 2338 τοῦ
433 2283 571 2338 Θεοῦ
593 2285 827 2357 ἁνεγήγε
836 2301 976 2357 ρται.

389 2393 409 2426 ε
452 2370 623 2446 *Αρον
656 2375 840 2445 κύκλῳ
870 2375 997 2438 τοὺς
1023 2373 1336 2446 ὀφθαλμούς
1368 2392 1485 2443 σου,
1514 2378 1607 2431 καὶ⁵
1641 2376 1718 2430 ῐδε
1757 2377 1894 2431 πάν-

312 2482 408 2529 τας
427 2482 443 2495 ο
479 2465 588 2519 ἰδοὺ
619 2465 964 2538 συνήχθησαν
989 2467 1083 2520 καὶ
1114 2465 1347 2536 ἧλθοσαν
1374 2468 1511 2538 πρὸς
1536 2467 1616 2521 σέ.
1644 2466 1731 2522 Ζῶ
1759 2467 1890 2536 ἐγὼ,

313 2558 460 2626 λέγει
496 2559 722 2630 Κύριος,
755 2560 836 2614 ὅτι
869 2559 1079 2624 πάντας
1112 2561 1309 2624 αὐτοὺς
1335 2561 1413 2624 ὡς
1441 2561 1644 2632 κόσμον
1676 2561 1890 2632 ενδύσῃ,

313 2651 409 2704 καὶ
457 2649 778 2722 περιθήσεις
831 2651 1028 2714 αὐτοὺς
1069 2651 1146 2714 ὡς
1185 2652 1390 2721 κόσμον
1439 2652 1659 2725 νύμφη·
1710 2655 1788 2708 δτι
1826 2653 1895 2706 τὰ

237 2772 245 2779 -
313 2735 499 2809 ἔρημά
531 2754 661 2804 σου,
699 2739 790 2793 καὶ
821 2739 892 2793 τὰ
936 2740 1364 2812 κατεφθαρμένα
1403 2743 1496 2796 καὶ¹
1545 2744 1891 2808 πεπτωκότα,

311 2830 396 2885 ὅτι
437 2829 535 2884 νῦν
580 2837 972 2905 στενοχωρήσει
1014 2833 1123 2887 ἀπὸ
1168 2832 1278 2886 τῶν
1330 2834 1750 2898 κατοικούντων,
1802 2837 1897 2890 καὶ

318 2922 793 2995 μακρυνθήσονται
851 2925 959 2978 ἀπὸ
1023 2924 1118 2979 σοῦ
1175 2927 1226 2980 ei
1287 2927 1676 2991 καταπίνοντές
1733 2945 1812 2981 σε.
1870 2947 1890 2980 ι

314 3013 605 3083 Θαυμάσαι
643 3013 705 3069 δι
729 3017 894 3079 ἔστιν,
915 3017 1063 3080 ὅπως
1109 3016 1245 3087 πρὸς
1279 3021 1348 3089 τῇ
1375 3016 1583 3088 διανοίᾳ
1623 3020 1716 3072 καί
1759 3017 1896 3072 κατὰ

315 3103 411 3174 τὴν
443 3105 686 3178 ἱστορίαν
707 3108 736 3159 ό
764 3108 920 3177 λόγος
948 3107 1250 3180 ἐπληροῦτο
1282 3109 1371 3162 τοῦ
1396 3110 1598 3173 παντὸς
1628 3111 1896 3164 Ἰουδαίων

317 3194 521 3293 ξθνους,
549 3196 693 3269 μετὰ
714 3199 813 3272 τὴν
847 3199 1098 3253 σύστασιν
1129 3199 1228 3270 τῆς
1256 3199 1318 3265 ιε
1355 3199 1526 3254 ιθνῶν
1568 3200 1894 3271 Ἐκκλησίας
1920 3235 1963 3293 C

317 3286 656 3359 ἁποσλήτους
705 3291 1023 3360 γενομένους
1068 3290 1169 3361 τῆς
1217 3290 1482 3362 αἰσθητῆς
1532 3291 1743 3357 πόλεως
1796 3294 1894 3364 τῆς

316 3377 455 3432 κατὰ
493 3377 863 3452 Παλαιστίνην
889 3382 1167 3451 κειμένης,
1203 3380 1340 3451 προς
1376 3381 1440 3434 τὸ
1470 3383 1564 3436 καὶ
1589 3383 1684 3436 τοῦ
1711 3383 1893 3436 θεοσε-

317 3465 444 3532 ϐοῦς
469 3467 863 3540 πολιτεύματος
887 3472 1155 3525 ἐκπεσεῖν.

391 3578 408 3610 ε
449 3557 668 3632 Έροῦσι
699 3558 808 3631 γὰρ
832 3562 912 3625 είς
935 3558 1005 3612 τὰ
1029 3553 1144 3614 ὦτά
1171 3577 1264 3614 σου
1292 3563 1340 3615 οί
1365 3562 1474 3616 υίοί
1500 3579 1614 3628 σου,
1640 3563 1734 3627 οὓς
1759 3565 1895 3618 ἀπο-

315 3647 588 3716 λὼλεκαςο
638 3650 837 3716 Στενός
884 3670 975 3722 μοι
1019 3655 1048 3706 ό
1086 3652 1282 3717 τόπος⁸
1320 3654 1545 3725 ποίησόν
1590 3672 1680 3726 μοι
1709 3656 1892 3721 τόπον,

318 3739 404 3796 ἵνα
440 3728 773 3812 κατοιῖιήσω.
828 3742 934 3797 Καὶ
984 3743 1130 3815 ἐρεῖς
1166 3745 1225 3797 ἐν
1272 3747 1338 3816 τῇ
1392 3746 1587 3817 καρδίᾳ
1633 3761 1747 3800 σου*
1801 3748 1896 3811 Τίς

317 3831 573 3905 ιγόννησι
615 3847 709 3905 μοι
744 3832 1002 3900 τούτουςος
1055 3833 1196 3905 Ἐγὼ
1225 3836 1283 3888 δὲ
1323 3836 1547 3902 ἄτεκνος
1594 3839 1687 3892 καὶ
1729 3841 1893 3911 χήραο

318 3924 542 3988 τούτους
587 3925 647 3979 δὲ
694 3925 777 3990 τίς
810 3925 1065 3999 memet
1116 3943 1234 3998 μοις
1282 3925 1398 3997 εγὼ
1431 3927 1489 3983 δὲ
1533 3928 1896 4001 κατελείφθην

325 4015 482 4085 μόνη,
512 4009 656 4068 οὗτοι
691 4014 748 4068 δέ
791 4032 879 4085 μοι
923 4015 1028 4069 ποῦ
1059 4011 1234 4087 item;
1265 4035 1284 4067 ι
1327 4016 1436 4071 Τοῦ
1480 4019 1546 4072 ἐκ
1591 4024 1896 4090 περιτομῆς

322 4102 452 4158 λαοῦ
491 4107 553 4159 τὸ
579 4104 712 4159 πολῦ
744 4105 944 4177 πλῆθος
971 4108 1070 4178 τῆς
1124 4107 1450 4178 Ἐκκλησίας
1489 4107 1613 4163 καθ’
1643 4110 1772 4182 δλης
1794 4108 1896 4180 τῆς

327 4196 646 4268 οἰκουμένης
707 4196 768 4262 ἐξ
833 4197 1087 4252 ἁπάντων
1155 4199 1640 4272 ἀντεισαχθήσεται
1704 4200 1890 4255 ἐθνῶν.

323 4281 503 4340 Ἦσαν
532 4288 642 4359 γάρ
675 4305 802 4341 ms
834 4290 891 4341 ὲν
917 4288 1159 4362 ἀπωλείᾳ
1181 4291 1232 4343 οἱ
1264 4291 1354 4345 διὰ
1384 4292 1484 4363 τῆς
1507 4293 1778 4364 σωτηρίου
1805 4294 1896 4364 χάο

326 4396 471 4451 ριτος
519 4382 588 4454 τῇ
645 4379 888 4453 πολιτεία
933 4381 1027 4435 τοῦ
1088 4381 1223 4436 Θεοῦ
1272 4383 1743 4456 προσδραμόντες·
1801 4385 1895 4450 οὓς

321 4469 502 4543 ὁρῶσα
525 4472 559 4542 ἡ
615 4470 906 4542 Ἐκκλησία
943 4471 1034 4525 τοῦ
1068 4473 1202 4527 Θεοῦ
1229 4473 1608 4546 ἀποθαυμάσει
1639 4476 1891 4546 λέγουσα,

1995 2017 2146 2072 fuere
2169 2057 2186 2082 ,
2213 2017 2292 2074 sic
2329 2032 2548 2074 rursum
2582 2032 2648 2072 ex
2701 2015 2789 2070 illa
2839 2017 3158 2086 prodierunt
3193 2017 3316 2072 novi
3346 2014 3565 2072 aedilicii

1992 2109 2232 2164 artiﬁces
2260 2127 2275 2164 :
2311 2109 2539 2180 apostoli
2565 2109 2813 2166 videlicet
2835 2101 3137 2164 Salvatoris
3165 2107 3334 2163 nostri
3354 2145 3371 2171 ,
3397 2107 3565 2163 disci-

1993 2201 2102 2270 puli
2155 2209 2211 2255 et
2263 2199 2632 2272 evangelista,
2665 2215 2900 2271 quorum
2954 2213 3119 2270 opera
3169 2197 3413 2254 Ecclesia
3463 2195 3563 2253 Dei

1991 2293 2225 2349 excitata
2254 2292 2375 2356 (uit.

2064 2383 2227 2438 Vsus.
2274 2382 2364 2448 18,
2417 2383 2504 2441 l9.
2539 2402 2558 2436 ι
2587 2382 2732 2441 Leva
2767 2383 2819 2439 in
2842 2382 3072 2439 circuitu
3111 2382 3298 2439 oculos
3328 2388 3466 2446 tuos,
3505 2389 3565 2437 et

1991 2474 2115 2528 vide
2143 2487 2373 2528 omnes:
2400 2488 2529 2529 ecce
2575 2474 2887 2544 congregati
2911 2481 3071 2538 sunt,
3101 2483 3158 2528 et
3195 2479 3458 2526 venerunt
3493 2469 3565 2525 ad

1996 2577 2066 2622 te.
2104 2563 2238 2620 Vivo
2259 2580 2378 2636 ego,
2404 2565 2535 2620 dicit
2556 2564 2834 2632 Dominus,
2863 2564 3116 2634 quoniam
3145 2564 3400 2618 omnibus
3432 2560 3560 2625 illis.

1996 2666 2268 2725 tamquam
2293 2663 2633 2722 ornamento,
2663 2654 2924 2721 indueris,
2957 2665 3012 2708 et
3037 2655 3415 2721 circutnpoues
3442 2650 3566 2707 illos

1996 2759 2266 2816 tamquam
2299 2757 2551 2800 ornatum
2601 2760 2813 2814 sponsa:
2843 2763 2857 2799 :
2891 2745 3148 2813 quoniam
3195 2742 3412 2798 deserta
3468 2752 3563 2797 tua

1991 2844 2049 2890 et
2072 2834 2332 2906 dissipata
2365 2847 2475 2900 tua,
2509 2845 2564 2890 et
2584 2850 2702 2903 qua
2721 2835 3055 2900 ceciderunt,
3081 2848 3223 2887 nunc
3248 2833 3562 2904 augustiora

1993 2924 2125 2979 lient
2157 2939 2266 2995 pra-
2299 2924 2719 2989 habitatoribus,
2775 2934 2828 2978 et
2875 2923 3032 2993 longe
3082 2923 3409 2978 arcebuntur
3439 2937 3468 2975 a
3505 2932 3562 2978 te

1993 3017 2084 3086 qui
2109 3017 2399 3071 absorbent
2431 3025 2505 3069 te.
2531 3034 2550 3067 ι
2587 3015 2768 3069 Mirari
2787 3015 2932 3068 subit
2965 3028 3073 3082 quo
3097 3023 3254 3083 pacto
3275 3013 3419 3079 hac,
3445 3022 3558 3069 tum

1994 3109 2168 3178 quoad
2200 3107 2535 3178 spiritualem
2569 3105 2902 3175 intelligendi
2933 3106 3218 3169 rationem,
3248 3114 3356 3158 lum
3385 3107 3563 3176 quoad

1995 3196 2301 3261 historiam,
2333 3194 2600 3264 completa
2631 3194 2771 3259 sint;
2809 3207 2997 3262 nempe
3020 3207 3142 3246 cum
3161 3207 3292 3263 gens
3317 3191 3563 3256 Iudaica.

1997 3298 2119 3360 post
2145 3287 2423 3343 fundatam
2457 3285 2752 3341 Ecclesium
2791 3297 2857 3339 ex
2889 3282 3163 3354 gentibus,
3203 3297 3234 3336 a
3262 3283 3450 3339 seusili
3475 3284 3566 3339 illa

1996 3381 2131 3435 urbe
2159 3379 2460 3435 Palaestina
2489 3375 2713 3448 expulsa
2755 3385 2874 3444 est,
2915 3374 3060 3447 quod
3089 3389 3119 3428 a
3155 3374 3258 3445 pia:
3288 3373 3566 3444 religionis

1995 3473 2141 3529 Cttllll
2171 3472 2385 3541 delapsa
2425 3482 2591 3526 esset.
2953 3496 2956 3498 ν

2068 3566 2230 3620 Vens.
2271 3563 2363 3628 20,
2408 3562 2500 3618 2|.
2557 3580 2576 3615 t
2605 3561 2792 3616 Dicent
2821 3560 2964 3616 enim
3014 3559 3082 3614 ad
3129 3573 3291 3614 aures
3318 3567 3437 3613 tuas
3471 3557 3568 3614 lilii

1997 3655 2098 3719 tui,
2135 3671 2271 3726 quos
2302 3653 2582 3724 perdidisti
2617 3672 2632 3708 :
2665 3654 2940 3723 Augustus
2980 3653 3108 3707 milii
3141 3652 3290 3707 locus
3318 3661 3401 3706 est
3432 3666 3448 3704 :
3481 3650 3566 3706 lac

1997 3747 2127 3802 mihi
2156 3747 2356 3812 locum,
2389 3755 2448 3799 ut
2477 3745 2735 3801 habitem.
2756 3744 2823 3800 Et
2845 3745 2995 3801 dices
3019 3744 3072 3799 in
3100 3745 3262 3799 corde
3289 3752 3412 3798 tuo:
3436 3743 3572 3811 Quis

1996 3839 2178 3909 genuit
2225 3838 2355 3893 mibi
2387 3838 2564 3893 istos?
2605 3847 2660 3892 at
2706 3852 2807 3908 ego
2844 3838 3046 3906 absque
3073 3836 3260 3892 liberis
3288 3845 3342 3890 et
3370 3835 3565 3890 vidua:

1998 3931 2095 3985 hos
2122 3941 2300 3985 autem
2339 3931 2464 4000 quis
2509 3929 2771 3985 enutrivit
2806 3929 2992 3996 niihil;
3024 3927 3133 3999 Ego
3183 3937 3364 3982 autem
3406 3928 3568 3981 dere-

1996 4019 2122 4078 licta
2177 4037 2294 4075 sum
2328 4020 2441 4076 sola
2476 4039 2492 4076 :
2527 4021 2580 4075 bi
2613 4036 2744 4076 vero
2795 4021 2884 4075 ubi
2938 4028 3094 4074 erant
3154 4018 3329 4074 mihi?
3359 4037 3378 4071 ι
3437 4017 3571 4076 Vico

1998 4115 2175 4185 populi
2207 4130 2272 4169 cx
2311 4114 2762 4174 circumcisione.
2799 4113 3092 4166 multitudo
3144 4127 3337 4180 magna
3397 4120 3570 4165 totum

1996 4223 2092 4276 per
2118 4205 2303 4260 orbem
2337 4206 2390 4260 in
2423 4205 2716 4262 Ecclesiant
2744 4220 2808 4259 es
2840 4204 3096 4259 omnibus
3136 4202 3387 4273 gentibus
3412 4203 3574 4258 indu-

1996 4308 2173 4353 cetur.
2205 4297 2344 4353 Olim
2387 4297 2590 4368 quippe
2642 4297 2694 4350 in
2744 4296 2986 4367 pernicie
3038 4305 3198 4349 erant
3229 4295 3289 4357 ii,
3323 4295 3418 4365 qui
3475 4309 3574 4364 pcr

1996 4391 2294 4444 salutarem
2327 4390 2558 4459 gratiam
2591 4387 2658 4441 ad
2694 4387 2892 4442 divinae
2940 4385 3217 4456 religionis
3262 4384 3566 4440 institutum

1995 4485 2349 4530 accurrerunt
2378 4493 2393 4530 :
2421 4475 2618 4545 quibus
2646 4476 2956 4544 conspectis
3002 4475 3242 4530 Ecclesia
3274 4474 3368 4530 Dei
3395 4474 3568 4528 admi-

329 4580 347 4609 ε
381 4561 475 4624 Τίς
499 4561 752 4633 ἐγέννησὲ
779 4579 867 4632 μοι
891 4560 1145 4628 τούτους;
1173 4582 1191 4616 ι
1217 4565 1280 4617 τὸ
1302 4564 1450 4628 ξένον
1471 4569 1571 4637 τῆς
1594 4567 1702 4620 τῶν
1723 4566 1891 4622 ὲθνῶν

1999 4565 2239 4620 rabunda
2277 4565 2442 4630 dicet,
2478 4585 2498 4618 ε
2521 4566 2656 4634 Quis
2685 4567 2817 4621 mibi
2858 4567 3020 4621 hosce
3041 4565 3269 4635 genuit!
3296 4583 3315 4613 ι
3352 4565 3418 4618 ad
3470 4582 3568 4617 Itu-

324 4644 567 4717 κλήσεως
595 4647 1034 4721 ὲκπληττομένη·
1069 4651 1391 4723 ὁμολογήσει
1428 4671 1488 4707 τε
1527 4654 1625 4726 τὴν
1660 4657 1892 4728 επισυμ-

325 4733 496 4792 ϐᾶσαν
531 4733 670 4810 αὐτῇ
701 4742 765 4793 ἐκ
794 4739 889 4794 τοῦ
933 4739 1199 4797 Ἰουδαίων
1229 4741 1415 4808 ἔθνους
1439 4745 1711 4802 ἀτεκνίαν.

400 4931 421 4965 ε
457 4914 643 4981 Οὕτως
681 4915 825 4986 λέγει
865 4919 1067 4990 Κύριος
1105 4922 1309 4994 Κύριος
1331 4939 1345 4951 ο
1394 4923 1521 4978 Ἰδοὺ
1549 4924 1690 4997 αἴρω
1717 4928 1796 4989 είς
1822 4927 1892 4982 τὰ

323 5004 451 5079 ίθνη
484 5009 584 5078 τὴν
615 5009 772 5079 χεῖρά
804 5027 927 5080 μου,
967 5012 1060 5065 καὶ
1108 5015 1189 5076 είς
1232 5013 1331 5078 τὰς
1372 5016 1568 5086 νήσους
1601 5016 1718 5088 ἀρῶ
1760 5017 1889 5072 σύσ-

327 5101 500 5170 σημόν
534 5117 659 5170 μου,
689 5102 780 5154 καὶ
815 5101 1002 5166 ἄξουσι
1025 5105 1152 5169 τοὺς
1173 5105 1325 5170 υἱούς
1354 5123 1446 5160 σου
1474 5109 1531 5161 ὲν
1560 5109 1764 5180 κόλπῳ,
1793 5109 1893 5174 τὰς

326 5192 382 5244 δὲ
416 5191 720 5261 θυγατέρας
768 5209 862 5246 σου
917 5195 1002 5247 ἐπ’
1042 5193 1210 5267 ὤμων
1255 5198 1477 5269 ἁροῦσι·
1535 5218 1554 5251 ι
1589 5199 1888 5268 διδάσκων,

327 5283 407 5336 ὅτι
447 5283 596 5346 υἱοὲις
628 5283 798 5354 αὐτῆς
823 5284 914 5337 καὶ⁸
957 5284 1278 5358 θυγατέρας,
1319 5281 1448 5361 περὶ
1486 5286 1562 5344 ὧν
1598 5287 1770 5359 εἶπεν,
1810 5294 1894 5347 ὅτι

332 5395 353 5429 s
403 5371 564 5432 Οὗτοι
588 5376 648 5431 δε
694 5393 781 5446 μοι
832 5378 935 5431 ποῦ
982 5375 1157 5449 ﬁsa»;
1204 5402 1222 5433 ε
1272 5383 1336 5434 ἐκ
1383 5381 1484 5452 τῆς
1520 5383 1750 5454 ἐκλογῆς
1785 5383 1893 5439 τῶν

326 5467 495 5534 ἐθνῶν
522 5471 659 5541 πρὸς
681 5469 846 5542 αὐτὴν
870 5471 1104 5537 συνάξει.
1135 5472 1291 5536 Τίνες
1326 5472 1380 5526 δὲ
1405 5473 1564 5528 τοῦτο
1593 5475 1891 5547 πράξωσιν,

326 5560 363 5632 ἢ
402 5561 619 5624 πάντως
656 5578 756 5614 που
780 5564 828 5615 οἰ
853 5563 978 5626 τοὺς
1015 5564 1398 5636 εἰσαγομένους
1429 5567 1509 5630 είς
1532 5565 1635 5637 τὴν
1670 5567 1896 5638 Ἐκκλη-

331 5651 447 5705 σίαν
469 5650 561 5706 τοῦ
597 5651 732 5705 Θεοῦ
767 5653 1223 5725 χειραγωγοῦντες
1257 5656 1344 5711 διὰ
1365 5656 1461 5729 τὴν
1477 5657 1693 5731 φρενῶν
1715 5658 1899 5730 νηπιό-

329 5758 467 5813 τητα
483 5756 500 5809 ;

399 5837 452 5870 "
480 5837 667 5894 Matth.
703 5851 811 5905 n1,
845 5841 930 5898 I3.

1997 4673 2116 4711 vam
2140 4668 2192 4712 et
2222 4657 2540 4713 insolentem
2574 4659 2813 4730 gentiutu
2839 4659 3175 4713 vocationem
3204 4658 3432 4711 attonita
3461 4674 3476 4709 ι
3504 4675 3569 4711 ac

1997 4749 2339 4804 sterilitatem
2378 4750 2480 4805 sibi
2532 4765 2562 4804 a
2615 4748 2842 4804 Iudaica
2893 4757 3055 4817 gente
3103 4747 3385 4803 inductam
3436 4745 3575 4801 fale-

1996 4841 2164 4896 bitur.

2072 4933 2236 4988 Vens.
2282 4933 2372 4989 22.
2425 4953 2445 4987 ι
2492 4934 2586 4991 Sic
2619 4934 2752 4990 dicit
2789 4932 3052 4987 Dominus
3105 4929 3574 4986 Duminus:Ecce

1998 5024 2152 5079 elevo
2183 5041 2344 5096 super
2392 5037 2579 5097 gentes
2620 5041 2835 5080 manum
2889 5039 3101 5088 meatu,
3160 5032 3215 5077 et
3259 5023 3328 5077 ad
3370 5023 3575 5077 insulas

2002 5115 2194 5171 levabo
2239 5117 2452 5188 siguqu
2487 5132 2708 5170 meum:
2741 5123 2796 5168 et
2836 5114 3107 5168 adducent
3150 5111 3289 5166 Iilios
3339 5117 3463 5165 tuos
3519 5112 3570 5164 iu

2001 5209 2144 5273 sinu,
2173 5215 2225 5260 et
2252 5207 2392 5260 ﬁlias
2418 5217 2540 5260 tuas
2574 5191 2813 5260 humeris
2840 5201 3132 5272 portabunt
3167 5218 3181 5255 :
3212 5219 3235 5253 ι
3270 5201 3493 5265 docens,
3516 5216 3577 5255 se

2002 5299 2142 5354 illius
2165 5310 2219 5351 et
2247 5298 2385 5351 lilias
2409 5296 2564 5366 ejus,
2614 5298 2680 5350 de
2717 5296 2918 5363 quibus
2952 5293 3108 5356 dixit,
3145 5308 3165 5342 ι
3193 5290 3257 5346 iii
3316 5306 3446 5346 vero
3485 5292 3574 5343 ubi

1999 5389 2403 5446 erantnihil:
2465 5405 2532 5442 es
2575 5385 2841 5441 electione
2883 5395 3122 5454 gentium
3175 5382 3242 5436 ad
3278 5380 3575 5437 Ecclesiam

2003 5483 2362 5536 deducturum
2397 5495 2541 5535 esse.
2571 5479 2802 5545 Quinam
2834 5492 2962 5533 vero
2997 5476 3051 5531 id
3078 5473 3253 5530 acturi
3288 5483 3437 5539 sunt,
3471 5475 3574 5527 nisi

2002 5573 2095 5642 qui
2121 5573 2261 5628 alios
2286 5572 2353 5628 ad
2389 5571 2686 5628 Ecciesiam
2711 5570 2804 5624 Dei
2834 5569 3156 5624 accedentes
3185 5580 3344 5620 mauu
3374 5566 3579 5621 ducunt

2006 5664 2076 5721 ob
2103 5677 2290 5722 corum
2318 5662 2516 5722 mentis
2548 5661 2968 5719 imbecillitatem
3000 5669 3067 5715 et.
3099 5655 3434 5714 infantiam!
