4124 6416
663 361 765 418 439

1319 352 1585 409 EUSEBII
1620 351 2099 408 CESARIENSIS
2130 348 2279 407 OPP.
2320 351 2500 408 PARS
2537 351 2625 407 Ill.
2670 383 2738 393 —
2780 352 3187 408 EXECETICA.

3761 353 3867 407 διο

732 471 892 526 Vens.
940 468 1027 524 9.3.
1076 486 1094 519 ι
1126 468 1191 523 Ει
1220 479 1377 523 erunt
1422 483 1573 539 reges
1603 468 1809 523 nutritii
1845 469 1952 533 tui,
1982 479 2036 523 et
2066 470 2193 539 regi-

2380 487 2399 521 ι
2445 471 2554 523 Καὶ
2594 470 2803 523 ἔσονται
2840 468 3074 538 βασιλεῖς
3108 468 3312 539 τιθηνοί
3347 485 3459 531 σου,
3491 469 3545 520 αἰ
3585 468 3642 520 δὲ
3672 468 3866 537 ἄρχου-

658 578 741 618 me
772 577 956 617 eorum
986 602 1001 626 ,
1034 562 1271 616 nutrices
1298 572 1415 615 tum.
1450 579 1469 611 ι
1498 561 1646 625 Quod
1676 560 1741 613 ad
1763 560 1991 615 litteram
2022 562 2206 630 imple-

658 665 768 708 tum
795 653 925 723 ipsis
950 653 1118 709 oeulis
1157 653 1455 714 cernimus,
1488 651 1613 704 dum
1659 651 1715 715 ii,
1758 652 1849 720 qui
1899 668 2203 720 supremum

655 744 938 812 imperium
1003 744 1282 806 obtinent,
1351 740 1645 795 Ecclesiam
1705 739 1795 795 Dei
1862 742 2203 795 nutritiorum

654 836 830 889 instar
878 843 1087 903 gestant
1133 842 1184 886 et
1239 830 1461 885 fovent:
1499 844 1565 884 ac
1612 828 1811 897 regina:
1855 830 2111 898 gentium,
2150 830 2202 882 id

653 935 759 992 est,
811 927 1136 995 singularum
1182 921 1419 992 gentium
1452 928 1505 973 et
1532 920 1935 990 provinciarum
1963 918 2199 987 praefecti

654 1025 710 1070 et
757 1017 1119 1085 magistratus,
1167 1026 1401 1081 superno
1444 1025 1609 1080 regno
1646 1011 2042 1075 ministrantes,
2081 1018 2201 1063 tan-

654 1122 814 1177 quam
870 1105 1121 1168 nutrices,
1171 1102 1495 1173 pauperibus
1549 1100 1805 1155 Ecclesia:
1858 1099 2201 1169 imperatorio

652 1206 785 1251 nutu
840 1209 1110 1250 annonam
1170 1193 1517 1261 suppeditant
1545 1209 1559 1246 :
1589 1207 1756 1259 quare
1801 1193 2040 1245 nutrices
2085 1190 2199 1257 ejus

654 1295 931 1349 vocantur,
960 1285 1075 1338 sive
1112 1282 1402 1338 secundum
1436 1281 1834 1351 Symmachum,
1894 1301 1911 1331 ι
1939 1282 2018 1335 lac
2060 1296 2199 1350 prae-

649 1379 837 1433 bentes
865 1392 880 1443 ;
913 1395 931 1427 ι
965 1376 1041 1431 sic
1082 1375 1222 1429 enim
1266 1374 1450 1440 habet,
1486 1392 1503 1423 ι
1537 1373 1599 1426 Et
1636 1376 1831 1443 reginae
1878 1388 2060 1427 eorum
2119 1373 2198 1426 lac

648 1468 1027 1537 praebebunt.»
1099 1467 1225 1532 Quis
1293 1474 1469 1519 autem
1524 1476 1845 1519 memoratos
1921 1464 2197 1532 praefectos

648 1576 877 1617 cernens
910 1563 962 1614 in
1002 1560 1237 1613 Ecclesia
1276 1558 1366 1612 Dei
1399 1574 1533 1628 genu
1570 1557 1816 1622 ﬂectere,
1865 1572 1927 1610 ac
1964 1558 2014 1609 in
2049 1556 2193 1608 fron-

650 1665 753 1706 tem
789 1652 935 1707 humi
970 1650 1316 1719 procumbere
1342 1688 1358 1711 ,
1403 1664 1506 1701 non
1538 1650 1767 1701 fateatur
1800 1648 1935 1700 hanc
1966 1646 2192 1714 prOphe-

647 1746 775 1797 tiam
803 1743 868 1795 ad
906 1741 1139 1794 litteram
1177 1740 1494 1807 completam
1525 1753 1661 1801 esse,
1688 1753 1805 1805 qua:
1843 1738 2039 1790 diserte
2069 1737 2141 1787 ait
2176 1755 2189 1791 :

2312 577 2399 613 σαι
2432 560 2627 625 αὐτῶν,
2651 561 2835 631 τροφοί
2862 578 2969 612 σου.
3008 579 3027 610 ι
3072 561 3246 626 Ὅπερ
3274 560 3363 611 καὶ
3401 557 3531 612 αὐτὸ
3561 560 3699 611 κατὰ
3723 558 3864 622 λέξιν

2310 651 2675 721 πληρούμενον
2702 655 2881 716 αὐτοῖς
2918 653 3093 721 ἴδομεν
3134 652 3447 722 ὀφθαλμοῖς,
3477 652 3583 704 τῶν
3617 651 3864 721 κρατούν-

2307 757 2413 793 των
2441 743 2537 811 τῆς
2570 742 2826 795 ἀνωτάτω
2861 742 3031 811 ἀρχῆς
3068 738 3297 809 τιθηνῶν
3340 739 3536 808 τρόπον
3575 738 3860 790 διαϐαστά-

2309 833 2501 896 ζόντων
2525 832 2623 901 τὴν
2649 832 2740 885 τοῦ
2762 832 2895 885 Θεοῦ
2930 830 3250 899 Ἐκκλησίαν
3272 846 3283 857 ·
3304 831 3359 883 αἰ
3380 829 3436 881 δὲ
3457 829 3655 882 τούτων
3677 827 3864 897 ἀρχου-

2308 940 2417 987 σαι,
2446 923 2639 994 δηλαδὴ
2666 925 2719 977 αἱ
2751 924 2869 976 καθ’
2898 924 3122 977 ἕκαστον
3152 921 3323 983 ἔθνος,
3356 921 3449 973 καὶ
3488 920 3607 973 καθ’
3629 920 3867 988 ἑκάστην

2306 1014 2569 1085 ἐπαρχίαν
2610 1013 2774 1083 ἀρχαὶ
2809 1016 2899 1066 καὶ
2932 1013 3187 1079 ἐξουσίαι,
3224 1014 3288 1081 τῇ
3329 1012 3585 1065 ἀνωτάτω
3620 1008 3861 1080 βασιλείᾳ

2303 1104 2706 1174 διακονούμεναι
2756 1104 2966 1174 τροςρῶν
3005 1105 3157 1172 δίκην
3210 1103 3706 1173 ὲξυπηρετούμεναι
3752 1105 3861 1165 τοῖς

2304 1196 2501 1249 ὲνδεὲσι
2525 1200 2623 1265 τῆς
2667 1196 3007 1266 Ἐκκλησίας,
3042 1195 3266 1265 νεύματι
3304 1194 3582 1264 βασιλικῷ,
3615 1195 3682 1247 τά
3714 1210 3860 1262 σιτη-

2308 1285 2455 1355 ρέσια
2486 1283 2810 1354 χορηγοῦσαι
2832 1284 3035 1345 αὐτοῖς·
3060 1284 3136 1335 διὸ
3158 1283 3327 1354 τροφὴ
3356 1284 3431 1352 (l)
3468 1283 3863 1353 αύτῆςὼνομά-

2305 1373 2539 1443 σθησαν,
2572 1372 2605 1442 ἦ
2638 1372 2776 1425 κατά
2806 1372 2897 1424 τὸν
2943 1371 3253 1440 Σύμμαχον,
3308 1390 3325 1421 ι
3365 1369 3638 1439 γαλοῦχοι,
3690 1388 3707 1421 ι
3760 1371 3859 1438 φή-

2304 1480 2489 1524 σαντα,
2528 1480 2545 1512 t
2600 1463 2706 1515 Καὶ
2749 1464 3007 1531 ἄρχουσαι
3041 1459 3217 1513 αὐτῶν
3254 1458 3667 1529 γαλονχήσουσι.
3719 1477 3736 1509 t
3769 1458 3860 1519 Τίς

2299 1554 2353 1605 δὲ
2378 1552 2671 1622 ὀφθαλμοῖς
2709 1553 2850 1623 ὀρῶν
2882 1552 2979 1614 τὰς
3019 1550 3310 1621 εἰρημένας
3340 1547 3512 1619 ἀρχὰς
3536 1548 3593 1601 ἐν
3627 1550 3691 1617 τῇ
3739 1550 3863 1600 Ἐκ-

2302 1644 2497 1714 κλησίᾳ
2533 1645 2626 1696 τοῦ
2666 1644 2799 1696 Θεοῦ
2826 1644 2951 1710 γόνυ
2988 1640 3361 1711 καμπτούσας,
3390 1640 3483 1692 καὶ
3516 1639 3575 1691 τὸ
3618 1640 3859 1707 μέτωπον

2300 1733 2605 1803 ἐρειδούσας
2647 1734 2738 1785 ἐπὶ
2784 1732 2876 1784 τοῦ
2911 1731 3165 1799 ἐδάφους,
3197 1731 3292 1798 οὐχ
3336 1728 3681 1799 ὁμολογήσειε
3728 1729 3859 1797 πρὸς

649 1850 666 1880 ι
696 1832 868 1898 Super
919 1828 1106 1883 faciem
1140 1836 1296 1881 terra:
1334 1828 1635 1881 adorabunt
1683 1841 1769 1890 te,
1811 1835 1863 1879 et
1916 1825 2183 1894 pulverem

2298 1826 2429 1890 λέξιν
2463 1827 2553 1877 καὶ
2590 1826 2722 1895 πρὸς
2756 1825 2990 1893 ἱστορίαν
3032 1822 3181 1884 τέλος
3222 1820 3501 1890 εἰληφέναι
3530 1820 3728 1887 ταύτην
3764 1820 3857 1887 τὴν

641 1923 834 1990 pedum
868 1929 1077 1975 tuorum
1114 1920 1342 1989 lingent.
1385 1919 1448 1972 Et
1485 1920 1622 1974 scies
1653 1920 1775 1988 quia
1808 1932 1906 1987 ego
1948 1933 2060 1970 sum
2092 1917 2191 1968 Do-

642 2013 843 2077 minus,
875 2022 928 2066 et
954 2028 1056 2065 non
1096 2011 1513 2073 confundentur,
1558 2012 1646 2079 qui
1690 2019 2005 2079 exspectant
2050 2010 2139 2063 te?
2169 2029 2187 2059 ι

640 2098 744 2151 Par
777 2111 859 2153 est
890 2101 1031 2154 enim
1062 2116 1165 2152 non
1192 2100 1245 2150 in
1275 2100 1555 2165 segnitiem
1590 2098 1760 2154 delabi
1786 2140 1800 2163 ,
1851 2113 2022 2165 neque
2049 2112 2194 2166 spem

638 2194 1025 2260 promissorum
1053 2192 1300 2243 amittere
1331 2200 1455 2243 ante
1482 2204 1657 2242 rerum
1689 2200 1958 2243 eventum.

2298 1917 2647 1987 προφητείαν,
2666 1916 2957 1985 διαρρήδην
2984 1916 3249 1985 φήσασαν,
3274 1932 3291 1963 ι
3316 1912 3435 1964 Ἐπὶ
3454 1913 3737 1981 πρόσωπον
3764 1913 3860 1978 τῆς

2296 2011 2398 2078 γῆς
2428 2008 2857 2078 προσκυνήσουσί
2891 2023 2992 2067 σοι,
3024 2006 3114 2058 καὶ
3141 2005 3229 2056 τὸν
3270 2003 3397 2073 χοῦν
3429 2003 3535 2055 τῶν
3566 2002 3737 2055 ποδῶν
3768 2018 3861 2052 σου

2299 2099 2551 2164 λείξουσι.
2582 2100 2690 2151 Καὶ
2710 2097 2914 2167 γνώσῃ,
2942 2100 3021 2150 δτι
3044 2096 3150 2164 ἐγὼ
3172 2095 3393 2166 Κύριος,
3420 2097 3513 2147 καὶ
3536 2096 3634 2147 οὐκ
3655 2095 3865 2163 αἰσχυν-

2303 2188 2555 2257 θήσονται
2596 2189 2645 2239 οἰ
2690 2188 3044 2257 ὑπομένοντες
3091 2202 3183 2249 σε;
3237 2204 3255 2236 ι
3311 2184 3488 2237 Καλὸν
3531 2185 3635 2254 γὰρ
3672 2182 3731 2235 τὸ
3786 2182 3858 2251 μὴ

636 2286 916 2356 ὀλιγωρεῖν
947 2286 1075 2356 μηδὲ
1105 2282 1501 2351 ἀπογινώσκειν
1540 2282 1637 2354 τὴν
1668 2283 1855 2337 ὲλπίδα
1891 2285 1999 2337 τῶν
2030 2283 2449 2355 ἐπηγγελμένων
2484 2282 2589 2353 πρὸ
2627 2285 2725 2351 τῆς
2755 2282 2860 2334 τῶν
2896 2279 3228 2351 πραγμάτων
3261 2277 3556 2339 ἐκϐάσεως.

708 2374 869 2431 Vsus.
897 2378 984 2429 24.
1024 2396 1041 2427 ι
1074 2376 1207 2429 Num
1255 2376 1479 2444 accipiet
1516 2377 1638 2444 quis
1666 2390 1694 2429 a
1719 2378 1929 2446 gigante
1968 2378 2135 2444 spolia
2168 2378 2191 2429 ?

639 2477 693 2521 et
736 2468 779 2519 si
813 2466 933 2535 quis
975 2468 1243 2535 captivum
1289 2467 1499 2520 duxerit
1535 2467 1764 2534 injuste,
1791 2468 2081 2521 salvabitur
2113 2470 2135 2519 ?
2168 2488 2184 2519 ι

639 2556 917 2624 Gigantem
962 2566 1116 2611 vocat
1154 2556 1421 2611 diabolum
1468 2564 1520 2609 et
1553 2558 1910 2609 adversariam
1955 2567 2191 2624 potesta-

639 2651 763 2693 tem.
798 2638 1063 2709 Numquid
1116 2642 1298 2708 igitur,
1333 2641 1439 2702 ait,
1489 2651 1673 2693 contra
1721 2642 1985 2710 gigantem
2018 2645 2193 2711 quivis

635 2730 907 2797 eoiigredi,
945 2745 1005 2783 ac
1028 2731 1157 2783 tanti
1179 2730 1384 2783 roboris
1418 2730 1531 2781 viro
1559 2730 1727 2797 spolia
1758 2731 1965 2795 eripere
1988 2732 2193 2785 valeat?

634 2821 781 2887 Quod
805 2822 847 2875 si
870 2823 987 2890 quis
1012 2821 1166 2874 talem
1196 2820 1467 2875 hominem
1500 2822 1765 2889 captivum
1796 2822 2058 2875 abducere
2080 2832 2193 2875 tcu-

635 2915 845 2979 taverit,
880 2916 978 2967 etsi
1013 2912 1158 2979 jusle
1203 2920 1342 2979 agat,
1382 2926 1447 2964 an
1482 2928 1576 2979 pro
1609 2913 1817 2965 insonte
1858 2912 2190 2966 habebitur?

633 3008 821 3059 Annon
860 3021 890 3060 a
935 3008 1173 3075 gigante,
1214 3013 1395 3071 utpote
1434 3018 1461 3054 a
1503 3004 1755 3065 fortiore,
1790 3015 2089 3071 correptus,
2124 3006 2191 3058 de

2371 2392 2387 2423 ι
2424 2374 2512 2444 Μὴ
2541 2372 2766 2442 λήψεταί
2818 2389 2897 2433 τις
2946 2373 3094 2441 παρά
3126 2370 3377 2438 γίγαντος
3409 2368 3610 2430 σκῦλα;
3643 2368 3733 2420 καὶ⁵
3770 2366 3859 2417 ἐὰν

2300 2463 2705 2533 αἱχμαλωτεύσῃ
2730 2480 2808 2525 τις
2846 2462 3045 2523 ἀδίκως
3062 2501 3075 2522 ,
3103 2460 3403 2531 σωθήσεται
3428 2476 3440 2522 ;
3477 2478 3493 2509 ι
3518 2459 3743 2527 γίγαντα
3767 2474 3863 2527 ση-

2302 2556 2504 2624 μαίνων
2551 2555 2640 2607 τὸν
2680 2554 2919 2607 διάϐολον
2967 2555 3060 2605 καὶ
3086 2552 3181 2621 τὴν
3211 2550 3586 2620 ἀντικειμένην
3611 2549 3857 2619 δύναμιν.

2299 2647 2445 2714 Μήτι
2474 2642 2563 2698 οὖν
2589 2645 2665 2715 τῷ
2697 2645 2927 2714 τυχόντι,
2960 2645 3111 2712 φησί,
3138 2644 3353 2695 δυνατόν
3378 2643 3493 2693 ἐστι
3526 2642 3735 2709 γίγαντι
3760 2658 3862 2691 πα-

2304 2736 2653 2805 ρατάξασθαι,
2693 2736 2785 2788 καὶ
2821 2734 3105 2787 σκυλεῦσαι
3131 2734 3220 2786 τὸν
3241 2732 3411 2795 οὓτως
3437 2734 3685 2802 ἰσχυρόν;
3717 2732 3777 2784 Εἰ
3806 2730 3863 2785 δὲ

2299 2830 2391 2880 καὶ
2433 2814 2794 2899 ἐπιχειρήσειέ
2837 2846 2921 2891 τις
2969 2828 3059 2881 τὸν
3109 2828 3346 2881 τοιοῦτον
3402 2825 3860 2896 αἰχμαλωτεῦσαι,

2298 2920 2517 2983 δικαίως
2536 2921 2591 2973 δὲ
2618 2922 2805 2983 ποιῶν,
2833 2916 2940 2991 ἆρα
2964 2920 3380 2990 ἀθωωθήσεταω
3409 2920 3541 2987 Οὐχὶ
3570 2916 3863 2987 κρατηθεὶς

2298 3011 2401 3062 ὑπὸ
2440 3010 2531 3062 τοῦ
2562 3011 2833 3079 γίγαντος,
2876 3012 2951 3074 ὡς
2984 3012 3074 3063 ὑπ’
3120 3010 3483 3081 ἰσχυροτέρου,
3534 3007 3861 3062 κινδυνεύσει

633 3099 803 3151 salute
850 3098 1244 3166 periclitabitur
1282 3095 1304 3148 ’ί
1341 3094 1443 3149 Pro
1485 3095 1571 3147 illo
1599 3104 1799 3160 autem,
1835 3114 1852 3147 ι
1901 3097 2128 3164 injuste,
2169 3116 2185 3147 ι

2298 3102 2419 3173 περὶ
2448 3102 2545 3172 τῆς
2572 3102 2733 3153 αὑτοῦ
2758 3102 3060 3172 σωτηρίας;
3100 3104 3242 3155 Ἀντὶ
3276 3102 3348 3173 δὲ⁸
3369 3100 3482 3163 τοῦ,
3512 3119 3530 3151 ι
3568 3100 3784 3164 ἀδίκως,
3832 3118 3855 3150 ι

633 3189 892 3244 llebraica
928 3190 1106 3253 lectio,
1144 3207 1163 3238 ι
1193 3189 1356 3257 juste,
1388 3207 1406 3239 ι
1445 3186 1623 3240 habet.
1644 3186 1775 3240 Nam
1814 3188 1901 3255 qui
1930 3188 2191 3256 gigantem

632 3282 905 3349 captivum
960 3281 1198 3344 duxerit,
1237 3281 1380 3349 juste
1413 3292 1541 3333 sane
1586 3287 1729 3349 agat,
1767 3280 2070 3348 pariterque
2104 3281 2191 3348 qui

633 3374 750 3439 ejus
782 3372 947 3439 spolia
981 3372 1277 3439 diripuerit.

708 3468 866 3515 Vsus.
891 3461 979 3514 25.
1000 3480 1018 3513 ι
1038 3461 1293 3527 Quoniam
1324 3462 1402 3515 sic
1426 3462 1555 3515 dicit
1591 3460 1846 3517 Dominus
1869 3461 1953 3517 :Si
1970 3465 2087 3532 quis
2106 3480 2194 3519 ce-

632 3551 768 3619 perit
802 3551 1325 3620 gigantem,accipiet
1347 3554 1516 3622 spolia
1546 3571 1560 3607 :
1587 3553 1672 3620 qui
1702 3563 1878 3609 autem
1918 3560 2191 3625 acceperit

631 3660 659 3695 a
687 3644 832 3706 forti,
852 3644 1156 3697 salvabitur.
1186 3644 1297 3714 Ego
1315 3654 1492 3699 autem
1522 3645 1781 3712 judicium
1814 3657 1959 3715 tuum
1981 3648 2189 3715 judica-

632 3734 720 3794 bo,
757 3746 807 3787 et
830 3734 962 3789 filios
994 3750 1138 3790 meos
1170 3752 1377 3791 eruam.
1416 3756 1434 3789 ι
1473 3738 1670 3803 Aperte.
1698 3738 1979 3795 declarans
2010 3740 2187 3807 nobis,

630 3827 682 3881 id
721 3828 890 3883 solum
924 3830 1035 3882 ticri
1064 3845 1241 3898 posse,
1282 3840 1339 3884 ut
1363 3831 1599 3901 pmdicti
1646 3831 1875 3886 hominis
1902 3834 2066 3902 spolia
2091 3851 2190 3888 au-

633 3917 913 3986 ferantur;
942 3922 1076 3977 ﬁlios
1109 3938 1232 3977 suos
1277 3922 1361 3977 his
1399 3922 1744 3992 significans;
1774 3940 1940 3993 quare
1978 3927 2187 3991 subdit,

640 4028 658 4059 ‹
694 4008 857 4064 Filios
887 4027 1067 4065 eruam
1095 4029 1109 4072 ;
1139 4032 1157 4063 ι
1177 4012 1368 4079 quibus
1393 4013 1613 4082 ereptis,
1632 4014 1721 4083 qui
1758 4014 1901 4082 ipsos
1932 4016 2191 4072 violenter

634 4101 997 4163 abstulerant,
1024 4118 1147 4156 suas
1177 4104 1274 4173 ipsi
1310 4118 1500 4157 carnes
1534 4105 1832 4159 comedent.
1868 4106 1999 4159 Cum
2046 4109 2187 4161 enim

635 4191 856 4244 aliorum
898 4208 1085 4249 carnes
1124 4208 1227 4247 non
1267 4194 1405 4247 ultra
1444 4195 1728 4250 comedere
1772 4206 2029 4264 possent,
2063 4213 2188 4251 snas

2291 3194 2323 3261 ἡ
2402 3192 2660 3263 Ἐϐραῖκὴ
2708 3193 2868 3258 λέξις.
2924 3212 2941 3244 ι
2978 3193 3219 3258 δικαίως,
3268 3213 3285 3245 ι
3337 3192 3595 3265 περιέχει.
3636 3192 3695 3244 '0
3748 3192 3859 3265 γὰρ

2293 3281 2714 3350 αίχμαλωτεύων
2736 3282 2981 3355 γίγαντα,
3006 3283 3226 3348 δικαίως
3266 3284 3423 3337 τοῦτο
3462 3284 3720 3353 ποιήσειε,
3764 3282 3861 3337 καὶ

2290 3372 2317 3423 ὁ
2344 3370 2616 3424 σκυλεύων
2638 3372 2817 3437 αὑτὸν,
2848 3374 3069 3442 ὁμοίως.

2366 3481 2383 3512 t
2422 3463 2541 3515 ’Ότι
2574 3462 2714 3523 οὕτω
2736 3462 2881 3531 λέγει
2911 3464 3131 3535 Κύριος
3178 3466 3304 3520 Ἐάν
3326 3484 3409 3530 τις
3439 3464 3856 3539 αἰῃιαλωτεύσῃ

2290 3553 2538 3622 γίγαντα,
2574 3554 2794 3626 λήψεται
2822 3554 3008 3619 σκῦλα,
3056 3555 3347 3625 λαμϐάνων
3379 3558 3436 3611 δὲ
3474 3559 3603 3628 παρ’
3648 3556 3853 3627 ἰσχύον⁶

2291 3662 2407 3707 τος.
2440 3645 2760 3717 σωθήσεται.
2800 3646 2937 3715 Ἐγὼ
2973 3647 3027 3700 δὲ
3064 3646 3161 3718 τὴν
3190 3649 3369 3719 κρίσιν
3399 3666 3491 3703 σου
3526 3647 3714 3719 κρινῶ,
3764 3647 3853 3700 καὶ

2289 3735 2399 3801 ἐγὼ
2416 3736 2540 3800 τοὺς
2562 3736 2707 3799 υἱούς
2734 3755 2831 3808 μου
2863 3736 3127 3808 ῥύσομαι·
3158 3757 3176 3789 ι
3216 3725 3403 3817 σαφῶς
3434 3739 3647 3803 διδάξας
3686 3740 3853 3808 ἡμᾶς,

2288 3820 2423 3878 εἶναι
2453 3825 2607 3879 τοῦτο
2632 3827 2787 3896 μόνον
2818 3828 3060 3894 δυνατὸν,
3096 3828 3387 3897 ἀφελέσθαι
3410 3828 3503 3883 τοῦ
3527 3828 3851 3900 δηλωθέντος

2288 3916 2355 3970 τὰ
2394 3917 2563 3970 σκῦλα
2585 3936 2597 3948 ·
2641 3921 2765 3982 τοὺς
2789 3921 2935 3984 υἱοὺς
2954 3920 3117 3973 αὑτοῦ
3142 3914 3278 3973 εἰναι
3311 3920 3485 3989 λέγων
3503 3938 3518 3951 ’
3555 3921 3635 3974 διὸ
3666 3922 3857 3990 ἐπιφέ-

2290 4023 2401 4075 ρειο
2436 4024 2454 4056 ι
2492 4008 2628 4070 Τοὺς
2660 4008 2804 4072 υἱούς
2842 4026 2940 4079 μου
2977 4009 3208 4079 ῥύσομαι
3232 4027 3244 4039 ·
3292 4028 3309 4061 ι
3344 4003 3418 4062 ὧν
3445 4008 3769 4079 ῥυσθέντων,
3803 4013 3853 4063 oi

2288 4099 2626 4168 ἀφῃρημένοι
2666 4100 2845 4163 αὐτοῖς
2888 4100 2944 4166 ἐξ
2975 4102 3258 4171 ἐπηρείας,
3310 4101 3464 4155 αὐτοὶ
3505 4101 3603 4165 τὰς
3648 4103 3853 4156 ἑαυτῶν

2289 4188 2495 4258 σάρκας
2519 4190 2808 4257 φάγονται·
2842 4190 3023 4245 οὐκέτι
3060 4190 3169 4262 γάρ
3205 4192 3405 4263 ἑτέρων
3427 4193 3633 4264 σάρκας
3653 4194 3851 4247 ἐσθίειν

634 4284 941 4349 comedent,
979 4291 1182 4337 etcum
1228 4284 1526 4337 animarum
1572 4284 1842 4338 hominum
1878 4274 2193 4355 sanguinein

2298 4278 2585 4348 Ξυνάμενοι,
2612 4279 2707 4343 τὰς
2734 4281 2937 4334 ἑαυτῶν
2968 4281 3252 4350 φάγονται·
3285 4283 3393 4335 οὐδ’
3420 4284 3660 4336 ἐκπίνειν
3680 4283 3759 4337 ἔτι
3790 4284 3851 4337 τὸ

634 4372 847 4427 ebibere
873 4389 975 4427 non
1007 4376 1238 4442 valeant,
1270 4375 1585 4445 sanguinem
1606 4390 1757 4429 suum
1782 4377 1988 4444 bibent,
2020 4386 2077 4431 ut
2098 4378 2185 4432 illo

2298 4364 2423 4439 αἷμα
2452 4370 2557 4422 τῶν
2590 4370 2939 4441 ἀνθρωπίνων
2982 4371 3169 4442 ψυχῶν
3208 4372 3512 4443 δυνάμενοι,
3553 4374 3614 4425 τὸ
3646 4374 3850 4426 ἑαυτῶν

633 4461 979 4518 inebricntttr.

2298 4454 2419 4530 ιῖμα
2454 4461 2683 4525 πίονται,
2734 4463 2807 4525 ὡς
2841 4463 2933 4515 καὶ
2971 4461 3298 4533 μεθυσθῆναι
3337 4466 3530 4527 αὐτοὺς
3573 4464 3633 4530 ἐξ
3664 4464 3847 4519 αὐτοῦ.

706 4554 867 4608 Vens.
892 4555 979 4609 26.
1025 4576 1043 4608 ι
1078 4557 1142 4611 Et
1164 4557 1442 4611 comedent
1467 4556 1554 4624 qui
1583 4556 1961 4612 tribulaverunt
1989 4568 2041 4613 te
2062 4574 2183 4613 car-

2298 4578 2309 4595 -
2360 4570 2377 4601 ι
2413 4552 2518 4603 Καὶ
2541 4552 2801 4620 φάγονται
2829 4557 2878 4607 οἰ
2904 4553 3186 4623 θλίψαντὲς
3219 4572 3276 4607 σε
3300 4555 3397 4618 τάς
3424 4558 3630 4628 σάρκας
3651 4558 3848 4621 αὐτῶν,

633 4659 728 4699 nes
757 4660 902 4708 suas,
932 4656 986 4699 et
1019 4647 1216 4713 bibent,
1253 4650 1402 4716 quasi
1430 4650 1605 4701 viuum
1636 4664 1851 4712 novum,
1874 4651 2182 4719 sanguinem

2298 4642 2375 4693 καὶ
2410 4642 2615 4696 πίονται
2643 4645 2717 4708 ὡς
2742 4641 2881 4698 οἶνον
2896 4646 3011 4699 νέον
3030 4647 3090 4699 τὸ
3108 4641 3243 4716 αἷμα
3258 4648 3451 4709 αὐτῶν,
3474 4650 3565 4702 καί
3586 4649 3847 4720 μεθυσθή-

632 4750 807 4801 suum,
834 4738 1339 4793 et-inebriabunlur.
1377 4759 1394 4791 ι
1427 4738 1549 4793 ΙΙωο
1591 4750 1812 4806 possunt
1839 4742 1903 4793 ad
1930 4755 2184 4807 persecu-

2298 4748 2484 4788 τονται.
2526 4753 2545 4787 ι
2581 4736 2814 4789 Δύναται
2848 4736 3020 4789 ταῦτα
3051 4739 3141 4789 ἐπὶ
3172 4739 3296 4801 τοὺς
3341 4739 3478 4792 κατά
3506 4742 3693 4811 καιρὸν
3720 4740 3841 4793 διώ-

634 4834 775 4879 tores
810 4826 1057 4881 Ecclesia:
1080 4829 1295 4899 Dei,qui
1329 4846 1423 4900 per
1452 4840 1685 4896 tempora
1709 4829 1941 4896 fuerunt,
1966 4832 2177 4897 referri,

2298 4841 2486 4888 ιωντας
2519 4826 2617 4898 τὴν
2648 4826 2743 4879 τοῦ
2788 4828 2919 4881 Θεοῦ
2970 4829 3288 4900 Ἐκκλησίαν
3322 4831 3715 4901 ἀναφέρεσθαι,
3750 4850 3841 4891 του

629 4914 817 4985 hisque
862 4932 1042 4971 eorum
1084 4919 1203 4974 [luis
1249 4933 1304 4973 et
1345 4922 1517 4974 exitus
1548 4921 1887 4987 describitur,
1914 4926 2181 4991 quomodo

2298 4915 2439 4982 λόγου
2474 4917 2532 4969 τὸ
2567 4917 2720 4980 τέλος
2753 4918 2930 4970 αὐτῶν
2982 4919 3073 4971 καὶ
3104 4918 3199 4989 τὴν
3232 4921 3605 4991 καταστροφὴν
3636 4922 3848 4991 διαγρα-

630 5007 835 5061 scilicet
876 5008 1107 5063 futurum
1154 5012 1243 5073 sit,
1279 5021 1338 5063 nt
1375 5026 1567 5065 carnes
1609 5026 1735 5066 suas
1773 5014 2077 5078 comedam,
2129 5025 2183 5069 et

2298 5023 2495 5075 ροντος,
2526 5010 2617 5061 καὶ
2648 5010 2723 5070 ὡς
2754 5009 2851 5073 τὰς
2878 5010 3082 5064 ἑαυτῶν
3110 5011 3317 5081 σάρκας
3353 5013 3635 5081 φάγονται,
3654 5014 3759 5066 ’καὶ
3788 5014 3849 5065 τὸ

629 5096 940 5164 sanguinem
981 5112 1132 5150 suum
1176 5100 1377 5153 bibant.

2298 5091 2423 5164 αἷμα
2450 5096 2629 5149 αὐτῶν
2657 5097 2885 5151 πίονται.

703 5204 721 5237 ι
774 5187 838 5239 Et
880 5189 1071 5243 sentiet
1134 5192 1307 5243 omnis
1348 5208 1513 5254 caro,
1572 5194 1696 5260 quia
1734 5210 1830 5263 ego
1890 5195 2183 5259 Dominus,

2363 5205 2381 5236 ι
2417 5188 2525 5239 Καὶ
2552 5187 2963 5257 αἰσθανθήσεται
2989 5192 3135 5243 πᾶσα
3169 5191 3321 5261 σάρξ,
3346 5192 3425 5245 ὅτι
3457 5192 3564 5260 ἐγὼ
3584 5193 3784 5263 Κύριος
3815 5194 3841 5244 ὁ

628 5274 715 5336 qui
763 5276 877 5329 erui
937 5285 1012 5339 te,
1067 5287 1118 5330 et
1159 5279 1337 5349 adjnvi
1385 5280 1750 5338 fortitudinem
1800 5283 1981 5339 Jacob.
2040 5304 2059 5336 ι
2100 5284 2187 5338 lu-

628 5376 942 5430 corporenm
988 5365 1191 5421 Numen
1231 5381 1331 5432 est,
1384 5373 1619 5425 materia:
1668 5387 1892 5440 expers,
1947 5374 2185 5428 intactile

629 5462 677 5502 et
704 5454 946 5522 simplex.
972 5472 1071 5511 nec
1106 5458 1389 5527 quispiam.
1426 5460 1470 5514 si
1506 5462 1719 5529 quidem
1752 5465 1823 5515 uti
1852 5463 1935 5516 fas
1956 5474 2035 5516 est
2060 5478 2184 5531 ege-

632 5542 717 5603 rit,
742 5547 967 5611 speciem
1008 5550 1073 5602 de
1105 5548 1191 5601 illo
1224 5564 1535 5616 corpoream
1563 5551 1898 5621 imaginetur.
1929 5554 2176 5607 Attamen

631 5646 779 5686 saera
811 5635 1078 5703 Scriptura
1107 5640 1203 5693 hos
1227 5640 1523 5709 alloquens,
1544 5640 1774 5695 humano
1804 5659 1948 5696 more
1972 5644 2037 5698 de
2064 5643 2176 5713 ipso

702 5722 776 5793 (l)
810 5723 969 5781 l-‘onc
1010 5727 1283 5796 legendum
1314 5730 1519 5800 τροςοί,
1552 5739 1606 5785 ιιι
1630 5747 1806 5800 supra.
1842 5732 1993 5787 Eutr.

2294 5276 2591 5346 ρυσάμενός
2617 5296 2697 5342 σε,
2715 5280 2806 5332 καὶ
2828 5281 3349 5353 ἀντιλαμϐανόμενος
3384 5282 3563 5353 ἰσχύος
3587 5283 3796 5337 Ἰακώϐ.
3820 5304 3836 5335 ι

2303 5367 2608 5437 ’Λσώματον
2624 5371 2683 5423 τὸ
2710 5370 2883 5434 Θείον,
2916 5374 3095 5435 eam,
3128 5375 3331 5443 ἀναφὲς
3360 5377 3451 5428 καὶ
3476 5375 3677 5428 ἁπλοῦν
3696 5393 3708 5405 ·
3752 5378 3843 5429 καὶ

2286 5459 2383 5511 οὐκ
2411 5460 2485 5513 άν-
2504 5478 2588 5524 τις
2614 5463 2701 5514 ἐπ’
2728 5464 2895 5534 αὐτῷ,
2921 5467 2986 5520 τὰ
3010 5468 3191 5521 είκότα
3218 5467 3379 5538 δρῶν,
3407 5468 3703 5534 φαντασίαν
3722 5468 3843 5519 τινὰ

2284 5548 2435 5603 λάϐοι
2463 5556 2795 5625 σωματικήν.
2843 5557 2985 5628 Πλὴν
3016 5559 3075 5611 τὸ
3101 5560 3335 5630 Γράμμα
3370 5560 3431 5611 τὸ
3463 5558 3603 5627 ἰερὸν
3640 5557 3841 5631 ἀνθρω-

2284 5642 2449 5706 πίνως
2479 5644 2605 5716 ἡμῖν
2630 5646 2695 5699 τὰ
2724 5646 2847 5716 περὶ
2870 5648 3029 5702 αὐτοῦ
3055 5649 3371 5719 διαλέγεται.
3404 5650 3477 5704 Οὐ
3506 5648 3613 5723 γὰρ
3637 5644 3703 5721 ἦν
3734 5648 3842 5705 ἑτέ-
