4124 6426
250 410 342 464 ιιι

1160 395 1666 455 COMMENTARIA
1707 394 1773 450 IN
1814 395 2073 453 ISAIAM.
2109 425 2178 438 —
2215 389 2368 447 CAP.
2410 386 2470 441 L.

3390 375 3499 430 ιιι

253 542 355 596 ρως
379 522 669 592 dav-nomn:
697 520 835 573 νοεῖν
856 518 978 580 τοὺς
1002 518 1058 570 ὲν
1087 517 1271 579 αὐτοῖς
1297 516 1392 570 καὶ
1413 515 1640 584 παχέσιν
1665 514 1790 568 ὄντα

1892 568 1898 580 _
1930 512 2204 566 edisserit.
2232 508 2417 578 Neque
2439 505 2577 557 enim
2610 498 2742 554 alias
2779 511 2902 550 eum
2947 493 3244 564 intelligere
3277 503 3497 560 possent

249 584 512 686 σώμασιν,
567 584 614 666 ὶι
651 612 724 682 μὴ
755 609 1006 679 καθάπερ
1057 610 1116 661 ὲν
1163 609 1313 674 τάξει
1358 607 1790 676 παραδειγμάτωε

1920 606 1954 658 ii
1988 603 2080 673 qui
2121 605 2171 654 in
2220 611 2466 666 corpore,
2500 597 2720 660 ipsoque
2747 601 2935 641 crasso
2972 595 3026 639 et
3071 584 3359 644 materiali,
3400 585 3496 635 tle-

248 704 624 778 παρεκομίσθη
653 702 721 754 τὰ
750 700 870 753 καθ’
905 701 1080 770 ἡμᾶς’
1120 700 1185 752 ἰν*
1225 702 1288 753 ὲκ
1330 698 1436 752 τῶν
1472 699 1532 748 ὲν
1565 697 1814 766 αἰσθήσει

245 799 336 852 καὶ
365 797 577 867 ὁρατῶν
604 791 948 863 πραγμάτων
979 791 1080 844 κᾶν
1127 792 1325 844 οὑτωσὶ
1353 793 1415 842 ὲκ
1451 789 1649 859 μέρους
1677 791 1814 841 νοεῖν

247 889 552 961 ἰσχύσωμεν
582 885 649 940 τά
676 883 802 956 περὶ
826 885 925 954 τῆς
948 883 1096 945 Θείας
1121 881 1325 944 οὐσίας.

765 1059 1163 1116 ΚΕΦΑΛΑΙΟΝ
1199 1058 1282 1114 N'.

311 1173 331 1207 ι
363 1153 552 1218 Οὕτως
581 1155 730 1223 λέγει
765 1153 969 1224 Κύριος
989 1168 1003 1183 ’
1038 1152 1195 1206 Ποῖον
1228 1153 1289 1205 τὸ
1322 1152 1521 1221 βιϐλίον
1555 1149 1648 1203 τοῦ
1679 1150 1808 1202 άπο-

238 1247 453 1299 στασίου
481 1247 583 1316 τῆς
606 1246 810 1317 μητρὸς
835 1243 1010 1314 ὑμῶν,
1066 1235 1110 1309 ᾧ
1149 1241 1502 1305 ἐξαπέστειλα
1535 1243 1740 1310 αύτήνς
1778 1240 1809 1308 ἢ

235 1338 336 1391 τίνι
378 1337 630 1408 ύποχρέῳ
665 1337 925 1407 πέπρακα
965 1334 1144 1404 ὑμᾶς
1196 1334 1323 1387 Ἰδοὺ
1372 1336 1490 1396 ταῖς
1517 1331 1811 1403 ἁμαρτίαις

235 1425 383 1495 ὑμῶν
406 1425 759 1493 ὲξαπέστειλα
796 1425 896 1495 τὴν
943 1423 1159 1495 μητέρα
1193 1424 1364 1494 ὑμῶν.
1401 1425 1465 1476 Τί
1505 1425 1585 1477 δτι
1627 1420 1807 1494 ἦλθον,

234 1520 323 1571 καὶ
368 1520 468 1571 οὐκ
515 1514 582 1589 ἦν
634 1520 663 1572 ὁ
709 1518 1035 1583 ύπακούων;
1082 1517 1176 1585 Μὴ
1228 1518 1328 1569 οὐκ
1387 1516 1558 1585 ἰσχύει
1607 1517 1639 1584 ή
1689 1515 1810 1584 χείρ

233 1626 332 1677 μου
378 1609 471 1662 τοῦ
511 1609 810 1680 ρύσασθαι;
850 1611 940 1679 Μὴ
999 1609 1098 1662 οὐκ
1151 1608 1318 1676 ἰσχύω
1358 1606 1450 1659 τοῦ
1489 1605 1807 1670 .ἑξελέσοαι;

240 1698 366 1754 Ἰδοὺ
397 1700 474 1769 τῷ
495 1700 708 1770 ἐλεγμῷ
739 1718 838 1771 μου
878 1698 1221 1771 ἐξερημώσω
1249 1698 1346 1768 τὴν
1370 1697 1642 1752 θάλασσαν
1662 1715 1674 1724 ·
1715 1699 1810 1750 καὶ

228 1785 375 1859 θήσω
405 1791 679 1859 ποταμοὺς
701 1790 798 1860 ipf;
809 1807 960 1860 μους,
989 1791 1080 1842 καὶ
1112 1789 1536 1860 ξηρανθήσονται
1559 1791 1608 1842 οἰ
1629 1790 1809 1860 ἰχθύες

1915 705 2085 766 gunt,
2127 693 2228 747 nisi
2280 706 2340 742 ea
2392 702 2510 756 quze
2549 696 2715 752 penes
2762 693 2860 733 nos
2913 689 3040 732 sunt
3077 677 3143 731 ad
3189 675 3496 742 exemplum

1914 794 2338 854 usurparentnr;
2384 791 2442 832 ut
2471 794 2536 833 ex
2580 779 2644 830 iis
2693 790 2814 846 quae
2857 773 2956 826 sub
2995 785 3211 824 sensum
3245 778 3300 822 et
3342 781 3499 834 aspe-

1913 887 2058 932 ctum
2085 876 2278 928 cadunt
2300 913 2314 935 ,
2333 887 2394 926 ea
2419 885 2538 939 qua:
2561 869 2797 922 divinam
2829 860 3184 917 substantiam
3223 865 3494 927 spectant.

1913 967 2104 1024 saltem
2141 981 2208 1018 ex
2240 975 2411 1033 parte,
2431 961 2666 1032 cogitare
2698 968 2998 1028 possemus.

2547 1046 2776 1105 CAPUT
2817 1046 2878 1105 L.

1985 1149 2148 1203 νειμ.
2186 1142 2296 1200 ΙοἹ.
2321 1165 2337 1195 t
2364 1137 2453 1197 Sic
2474 1143 2600 1196 dicit
2631 1140 2888 1194 Dominus
2908 1155 2922 1189 :
2940 1132 3123 1201 Qualis
3140 1123 3386 1186 liiclibei'.
3405 1140 3493 1182 re-

1913 1242 2056 1311 pudii
2087 1240 2278 1293 matris
2307 1245 2516 1297 vestrm,
2550 1248 2658 1300 quo
2693 1229 2871 1283 dimisi
2908 1240 3026 1280 eam
3058 1224 3195 1277 hut
3225 1221 3312 1276 cui
3344 1219 3498 1274 debi-

1914 1310 2014 1387 tori
2039 1329 2251 1384 vendidi
2281 1343 2375 1382 vos
2407 1327 2430 1377 ?
2461 1326 2597 1378 Ecce
2655 1320 2894 1391 peccatis
2941 1317 3144 1370 vestris
3183 1310 3492 1367 venumdati

1910 1425 2065 1488 estis,
2100 1432 2153 1474 et
2192 1422 2242 1474 in
2289 1418 2666 1487 iniquitatibus
2701 1412 2898 1465 vestris
2928 1407 3104 1462 dimisi
3146 1414 3376 1459 matrem
3403 1415 3497 1454 ve-

1911 1524 2100 1566 stram.
2139 1508 2278 1576 ρυσά
2326 1508 2445 1576 quia
2476 1505 2620 1567 veni,
2663 1513 2718 1555 et
2759 1516 2864 1554 non
2913 1507 3032 1552 erat
3074 1495 3166 1565 qui
3204 1489 3498 1547 obediret?

1909 1605 2100 1656 Annon
2141 1607 2320 1666 potest
2353 1611 2547 1648 manus
2589 1607 2706 1645 mea
2743 1590 2970 1642 liberare
2997 1587 3020 1639 ’ί
3051 1587 3243 1640 Annon
3275 1594 3491 1649 possum

1909 1693 2152 1747 eruere?
2189 1689 2327 1743 Ecce
2367 1684 2791 1740 comminatione
2833 1695 2951 1732 mea
2991 1681 3260 1730 desertum
3299 1673 3492 1727 faciam

1910 1799 2080 1845 mare,
2103 1792 2157 1836 et
2191 1794 2382 1848 ponam
2416 1775 2606 1830 fluvios
2640 1776 2916 1837 desertos,
2947 1779 2998 1823 et
3028 1776 3278 1821 arescent
3313 1764 3496 1833 pisces

225 1858 401 1934 αὐτῶν
429 1858 666 1936 ἀπὸτοῦ
696 1858 769 1953 μή
791 1858 940 1934 εἶναι
968 1858 1294 1944 ῦδαταξκαί
1317 1858 1712 1935 άποθανοῦνται
1746 1882 1790 1934 ἐι

1907 1892 2112 1939 eorum,
2146 1890 2211 1928 eo
2236 1873 2378 1942 quod
2412 1887 2514 1924 non
2543 1870 2615 1922 sit
2649 1883 2812 1936 aqua,
2849 1877 2904 1920 et
2946 1863 3246 1917 morientur
3267 1861 3378 1914 siti.
3407 1858 3492 1912 ln-

223 1970 379 2041 δίψει.
419 1972 654 2027 Ἐνδύσω
695 1973 787 2025 τὸν
830 1971 1056 2042 οὐρανὸν
1095 1972 1308 2035 σκότος,
1353 1973 1446 2026 καὶ
1489 1972 1564 2034 ὼς
1601 1973 1802 2026 σάκκον

221 2061 369 2133 θήσω
421 2063 482 2117 τὸ
523 2063 860 2134 περιϐόλαιον
890 2063 1077 2118 αὑτοῦ.
1116 2065 1322 2135 Κύριος
1370 2063 1572 2135 Κύριος
1619 2065 1800 2118 δίδωσί

226 2169 312 2224 μοι
352 2153 602 2222 γλῶσσαν
637 2138 929 2217 παιδείας.’
951 2154 1047 2207 τοῦ
1081 2154 1286 2223 γνῶναι
1326 2156 1490 2223 ἡνίκα
1522 2155 1604 2208 δεῖ
1629 2160 1800 2209 εἰπεῖν

219 2240 389 2310 λόγον.
425 2243 628 2313 Ἐθηκὲ
669 2261 758 2312 μοι
786 2245 952 2315 πρωῒ,
981 2245 1292 2316 προσέθηκέ
1324 2263 1414 2317 μοι
1441 2246 1601 2299 ὠτίον
1639 2248 1802 2300 ἁκού-

217 2345 321 2398 stv,
371 2333 464 2387 καὶ
517 2334 797 2405 ήπαιδεία
831 2335 1038 2405 Κυρίου
1077 2337 1285 2407 Κυρίου
1317 2337 1522 2405 ἀνοίγει
1573 2353 1676 2407 μου
1729 2339 1798 2391 τὰ

216 2417 344 2477 ὦτα.
394 2422 534 2492 Ἐγὼ
571 2423 628 2478 δὲ
657 2425 758 2478 οὐκ
785 2425 1018 2488 ἀπειθῶ,
1043 2425 1165 2478 οὐδὲ
1190 2426 1475 2495 ἀντιλέγω.
1504 2425 1607 2479 Τὸν
1630 2427 1796 2480 νῶτόν

219 2532 319 2584 μου
345 2514 520 2569 ιδωκα
552 2519 632 2580 εἰς
657 2516 944 2585 μάστιγας,
971 2517 1072 2580 τάς
1098 2516 1156 2569 δὲ
1182 2519 1438 2585 σιαγόνας
1467 2535 1569 2587 μου
1595 2521 1676 2582 εἰς
1700 2521 1797 2590 ῥα-

215 2605 487 2676 πίσματα·
540 2605 602 2658 τὸ
635 2606 693 2660 δὲ
735 2608 1027 2678 πρόσωπόν
1075 2624 1180 2678 μου
1210 2609 1309 2661 οὐκ
1346 2608 1666 2680 άπέστρεψα
1699 2610 1794 2662 ἀπ’

214 2695 468 2766 αἰσχύνης
480 2698 905 2768 ὲμπτυσμάτωνο
927 2698 1023 2750 καὶ
1039 2698 1239 2769 Κύριος
1257 2699 1460 2770 Κύριός
1477 2717 1578 2770 μου
1599 2701 1794 2771 βοηθός

217 2801 305 2856 μοι
333 2787 564 2859 ιγινήθη
588 2805 602 2817 ·
628 2789 719 2842 διὰ
745 2787 902 2842 τοῦτο
931 2791 1033 2842 οὐκ
1055 2791 1380 2862 ἐνετράπην,
1404 2789 1518 2845 ἀλλ’
1541 2792 1713 2863 ἔθηκα
1731 2794 1794 2846 τὸ

213 2875 496 2946 πρόσωπόν
565 2895 671 2948 μου
723 2879 799 2943 ὡς
858 2879 1083 2951 στερεὰν
1136 2880 1368 2951 πέτραν.
1409 2899 1429 2932 ι
1474 2882 1565 2934 Διὸ
1604 2882 1697 2936 καὶ
1731 2883 1792 2936 τὸ

214 2969 496 3040 πρόσωπόν
529 2988 631 3042 μου
666 2971 742 3037 ὡς
767 2972 992 3045 στερεὰν
1026 2975 1231 3044 πέτραν
1271 2974 1596 3047 παρέστησα
1624 2993 1788 3030 πεπι-

215 3063 515 3133 στευμένος,
542 3063 618 3127 ὼς
645 3064 706 3116 ού
741 3073 897 3136 φέρει
923 3081 1011 3135 μοι
1031 3066 1293 3137 αἰσχύνην
1319 3068 1353 3138 ή
1383 3067 1517 3139 πρὸς
1549 3069 1639 3122 τὸν
1680 3070 1789 3121 Πα-

211 3154 338 3256 τέρα
372 3154 583 3256 tim-of)
609 3171 625 3185 ο
664 3155 1013 3256 καῖ-πλησίον
1055 3173 1153 3227 μου
1198 3158 1412 3211 ἑστῶτα
1466 3159 1557 3213 καὶ
1599 3159 1788 3231 ὥσπερ
1814 3199 1857 3256 c

213 3244 649 3313 ἀγωνοθετοῦντα
690 3249 802 3310 τοῖς
843 3248 1167 3318 γινομένοις,
1227 3249 1322 3302 καὶ
1380 3250 1480 3321 τὴν
1524 3251 1664 3322 ἐμήν
1705 3251 1785 3303 δι-

211 3335 459 3390 καιοῦντα
488 3336 768 3408 ὑπομονήν
808 3337 894 3390 διά
920 3337 1121 3400 παντὸς
1149 3337 1357 3408 ἑώρων.
1383 3339 1446 3392 Εἰ
1483 3340 1540 3393 δέ
1561 3357 1646 3405 τις
1676 3340 1785 3410 ἔχοι

207 3424 304 3491 τὰς
323 3427 440 3479 κατ’
466 3425 601 3496 ἐμοῦ
634 3425 843 3497 ὕϐρεις,
867 3429 958 3482 καὶ
982 3427 1074 3481 τὸν
1101 3427 1326 3483 θάνατον
1365 3430 1528 3484 αὐτὸν
1563 3418 1786 3492 ἐνδίκως

207 3512 554 3586 ἐπενηνέχθαι
592 3531 688 3586 μοι
714 3515 879 3586 φάναι
904 3517 992 3570 διά
1019 3534 1145 3570 τινα
1177 3518 1648 3590 πλημμελήματα,
1679 3521 1788 3573 δει-

206 3605 377 3660 κνύτω
403 3605 688 3679 παρελθὼν
709 3609 790 3671 εἰς
825 3607 1008 3678 μέσον,
1031 3609 1085 3662 εἰ
1100 3625 1184 3672 τις
1200 3610 1352 3666 αἰτία
1374 3609 1406 3680 ἢ
1432 3611 1703 3682 πρόφασις
1726 3611 1786 3676 ἐξ

204 3693 334 3766 ἐμοῦ
368 3696 464 3769 τῆς
504 3693 762 3774 τοιαύτης
817 3697 938 3750 κατ’
988 3695 1120 3768 ἐμοῦ
1159 3695 1374 3768 ὕϐρεως
1401 3699 1656 3767 γέγονεν’
1703 3702 1785 3762 εἰς

206 3785 364 3856 μέσον
416 3784 705 3858 παρελθὼν
756 3789 937 3859 στήτω
984 3787 1079 3841 καὶ
1117 3786 1403 3859 ἐλεγχέτω.
1457 3789 1686 3854 υύδενὸς
1724 3791 1783 3844 δὲ

204 3875 412 3948 ἔχοντος
445 3878 652 3950 μέμψιν
685 3877 980 3950 μετελθεῖν,
1032 3881 1167 3950 μήτε
1198 3883 1263 3951 τῇ
1295 3880 1616 3954 διδασκαλίᾳ
1646 3883 1782 3954 μήτε

203 3972 320 4034 ταῖς
350 3969 585 4042 πράξεσι
611 3973 731 4035 ταῖς
752 3971 842 4024 ὑπ’
865 3971 998 4042 ἐμοῦ
1030 3972 1466 4044 πεπραγμέναις,
1497 3974 1722 4037 εἰκότως
1753 3974 1783 4026 ό

204 4055 404 4128 Κύριος
425 4057 620 4130 βοηθός
651 4075 739 4129 μοι
767 4060 1054 4131 παρέσται.

277 4167 298 4202 ι
330 4150 452 4204 Ὀτι
499 4148 706 4219 ἐγγίζει
753 4153 782 4204 ὁ
819 4149 1114 4216 δικαιώσας
1151 4169 1246 4232 με.
1285 4155 1384 4217 Τίς
1411 4154 1781 4227 δκρινόμενός

207 4257 324 4311 μοι;
349 4241 649 4314 άντιστήτω
681 4259 769 4313 μοι
809 4244 944 4314 ἃμα.
986 4245 1094 4298 Καὶ
1121 4244 1204 4308 τίς
1230 4248 1260 4300 ὁ
1296 4246 1616 4318 κρινόμενός
1654 4263 1777 4317 μοι;

204 4331 472 4398 ἑγγισάτω
509 4350 618 4405 μοι.
659 4351 679 4386 ι
721 4333 1118 4404 Ἐπαμύνοντος
1153 4335 1281 4410 γὰρ,
1321 4339 1476 4408 φησι,
1521 4336 1618 4390 τοῦ
1641 4336 1779 4392 Θεοῦ

204 4423 297 4475 καὶ
329 4425 557 4496 natpoc,
593 4436 690 4479 και
723 4427 902 4480 πᾶσαν
929 4427 1080 4498 ὑμῶν
1112 4429 1374 4499 ἐπήρειαν
1399 4429 1775 4498 ἀφανίζοντος,

1904 1970 2062 2024 duam
2106 1967 2301 2020 coelum
2347 1963 2611 2023 tenebris.
2643 1971 2697 2014 et
2732 1959 2883 2026 quasi
2919 1971 3138 2011 saccum
3175 1967 3372 2023 ponam
3405 1952 3491 2005 in-

1902 2062 2215 2114 dumentum
2275 2056 2413 2125 ejus.
2463 2053 2720 2106 Dumiuus
2759 2050 3018 2103 Dominus
3069 2047 3160 2100 dat
3204 2044 3332 2098 milii
3384 2042 3492 2097 Ιίηο

1901 2166 2059 2222 guam
2097 2147 2430 2215 disciplinae,
2491 2156 2549 2197 ut
2591 2145 2760 2198 sciam
2801 2141 3018 2208 quando
3063 2145 3309 2206 Oporteat
3342 2133 3489 2204 loqui

1900 2243 2142 2298 verbum.
2177 2239 2359 2294 Posuit
2395 2237 2523 2291 milii
2567 2248 2765 2288 mane:
2803 2233 3007 2292 addidit
3045 2230 3172 2283 milii
3206 2241 3390 2280 aurem
3419 2229 3491 2282 ad

1899 2333 2249 2394 audiendum,
2271 2340 2326 2386 et
2351 2327 2631 2398 disciplina
2658 2325 2866 2380 Domini
2908 2322 3082 2392 aperit
3123 2335 3285 2374 aures
3315 2333 3486 2374 meas.

1899 2426 2013 2494 Ego
2047 2435 2228 2478 autem
2266 2436 2371 2476 non
2419 2434 2623 2479 renuo.
2656 2429 2831 2484 neque
2879 2413 3219 2469 contradico.
3258 2410 3485 2466 Dursum

1897 2531 2076 2572 meum
2115 2515 2236 2569 dedi
2269 2515 2334 2567 ad
2384 2511 2616 2579 flagella,
2665 2517 2719 2561 et
2750 2521 2917 2576 genas
2966 2519 3115 2558 meas
3143 2506 3211 2557 ad
3253 2504 3484 2571 alapas:

1896 2611 2090 2666 faciem
2118 2621 2295 2662 autem
2325 2620 2500 2660 meam
2532 2618 2636 2656 non
2667 2600 2839 2654 averti
2862 2614 2890 2652 a
2923 2600 3124 2668 probro
3155 2605 3440 2664 sputorum
3466 2611 3483 2649 :

1893 2710 1949 2757 et
1983 2699 2243 2754 Dominus
2284 2697 2540 2752 Dominus
2582 2707 2733 2745 meus
2776 2689 3069 2744 auxiliator
3125 2689 3257 2741 mihi
3306 2677 3486 2740 facins

1893 2800 2010 2854 est;
2031 2790 2151 2844 ideo
2175 2803 2280 2842 non
2304 2803 2423 2841 sum
2453 2785 2733 2845 confusus,
2753 2782 2846 2836 sed
2871 2781 3022 2849 posui
3056 2778 3246 2834 faciem
3283 2793 3482 2844 meam,

1892 2884 2032 2937 sicut
2068 2882 2275 2935 firmam
2300 2888 2526 2947 petram.
2569 2895 2588 2927 ι
2633 2873 2757 2927 Ideo
2797 2872 2990 2928 faciem
3019 2886 3193 2924 meam
3227 2881 3482 2938 tanquam

1893 2974 2104 3028 firmam
2140 2981 2347 3041 petram
2380 2969 2570 3031 obtuli,
2619 2965 2856 3020 confisus
2901 2979 3075 3018 meam
3107 2977 3231 3030 erga
3264 2959 3481 3015 Patrem

1890 3063 2296 3133 obsequentiam
2337 3075 2443 3115 non
2484 3058 2735 3113 dedecori
2779 3055 2913 3110 mihi
2962 3055 3117 3111 fore:
3150 3069 3311 3122 quem
3340 3068 3370 3107 e
3398 3054 3482 3106 vi-

1890 3156 2013 3212 cino
2047 3154 2174 3210 mibi
2203 3160 2496 3215 astantem,
2525 3148 2859 3205 eoncertanti
2895 3146 3114 3217 praemia
3139 3145 3478 3214 largientem,

1891 3247 2314 3316 patientiamque
2365 3255 2541 3296 meam
2590 3238 3016 3308 spprobantem,
3065 3251 3282 3305 semper
3343 3235 3475 3290 vidi.

1890 3335 2042 3402 Quod
2082 3334 2126 3390 si
2160 3339 2285 3400 quis
2337 3330 2696 3387 contumelias
2733 3329 3012 3396 ipsamque
3067 3336 3295 3381 mortem
3331 3328 3479 3395 iuste

1890 3425 2020 3480 milii
2059 3424 2131 3480 ob
2181 3423 2390 3477 scelera
2422 3420 2667 3489 quadam
2716 3417 2920 3471 illatam
2964 3431 3086 3473 esse
3120 3418 3479 3487 comprobare

1887 3518 2078 3588 possit,
2115 3517 2167 3570 in
2210 3515 2444 3569 medium
2476 3512 2736 3583 prodiens
2765 3509 3037 3574 ostendat.
3080 3509 3128 3564 si
3156 3525 3317 3580 quam
3346 3524 3480 3565 catt-

1885 3625 2002 3666 sam
2034 3607 2116 3663 vel
2150 3607 2492 3661 occasionem
2527 3603 2694 3658 tantis
2725 3601 3072 3658 contumeliis
3113 3601 3352 3656 dederim
3380 3600 3476 3667 ;ia

1885 3702 2142 3768 medium,
2169 3701 2408 3767 inquam,
2438 3696 2710 3766 prodiens,
2730 3703 2861 3761 stet,
2891 3710 3083 3765 meque
3104 3703 3315 3766 arguat.
3337 3692 3475 3750 Cum

1886 3805 2065 3850 autem
2099 3807 2258 3848 nemo
2298 3791 2429 3844 mibi
2463 3789 2667 3844 crimen
2717 3787 2917 3841 offerre
2958 3787 3162 3856 possit,
3187 3801 3362 3855 neque
3407 3787 3480 3842 de

1882 3887 2152 3952 doctrina,
2178 3898 2358 3953 neque
2390 3883 2458 3936 de
2479 3881 2736 3950 operibus
2761 3894 2790 3934 ι
2821 3894 2906 3934 me
2930 3879 3116 3944 editis,
3139 3877 3264 3948 jure
3286 3876 3474 3934 Domi-

1883 3992 1988 4033 nus
2019 3977 2230 4047 adjutor
2270 3974 2401 4028 mihi
2436 3972 2627 4027 aderit.

1959 4069 2122 4124 Vsus.
2153 4067 2206 4122 8.
2243 4085 2262 4119 ι
2302 4064 2436 4133 Quia
2465 4064 2619 4132 juxta
2660 4073 2745 4119 est
2772 4063 2863 4133 qui
2901 4060 3170 4132 iustificat
3205 4075 3313 4117 me.
3341 4059 3475 4128 Quis

1880 4162 2077 4227 estqui
2114 4157 2287 4224 litiget
2311 4154 2562 4210 mecum?
2591 4163 2697 4208 stet
2718 4163 2910 4209 contra
2942 4169 3027 4208 me
3058 4152 3240 4207 simul.
3263 4151 3327 4206 Et
3351 4151 3475 4220 quis

1880 4259 1964 4307 est
1991 4252 2082 4321 qui
2117 4250 2292 4321 litiget
2337 4263 2548 4302 mecum
2573 4249 2597 4301 ’ἰ
2621 4249 2846 4303 accedat
2874 4248 2940 4300 ad
2973 4260 3080 4301 me.
3113 4261 3134 4300 ι
3169 4244 3304 4298 Nam
3335 4243 3474 4298 ulci-

1881 4353 2085 4406 scente,
2117 4343 2312 4408 inquit,
2336 4342 2442 4396 Deo
2485 4350 2540 4394 et
2574 4341 2760 4406 Patre,
2805 4352 3132 4406 omnemque
3164 4336 3471 4390 molestiam

1879 4447 1910 4485 a
1943 4433 2095 4487 vobis
2123 4431 2325 4484 illatam
2355 4429 2658 4494 auferente,
2689 4441 2978 4498 meamque
3003 4427 3230 4497 gloriam
3260 4427 3466 4479 consti-

201 4517 294 4569 tui
334 4518 432 4588 τὴν
470 4517 611 4588 ἐμὴν
648 4518 892 4580 ἱστάντος
919 4519 1095 4584 δόξαν,
1128 4519 1211 4583 τίς
1249 4520 1401 4574 ἔσται
1437 4523 1692 4581 τοσοῦτος
1719 4527 1778 4576 ὲν

1892 4531 2090 4586 tuente,
2122 4523 2246 4591 quis
2281 4522 2335 4575 in
2366 4523 2519 4576 vobis
2548 4522 2675 4583 erit,
2717 4520 2806 4588 qui
2846 4518 3165 4573 immutabili
3190 4520 3304 4584 ejus
3336 4533 3469 4572 eou-

202 4608 347 4679 ύμῖν,
381 4609 456 4674 ὡς
478 4609 858 4674 ἀντιτάξεσθαι
884 4613 949 4682 τῇ
981 4611 1306 4684 ἀνικήτῳ(ἰ)
1337 4613 1519 4685 βουλῇ,
1554 4618 1649 4668 καὶ
1675 4634 1776 4668 κα-

194 4701 644 4757 κῶσαιδύνασθαι
659 4703 748 4758 τὸν
778 4706 907 4776 παρ’
929 4706 1095 4760 αὑτοῦ
1138 4705 1536 4777 βοηθούμενον;
1568 4710 1776 4765 Οὐκοῦν

201 4795 358 4869 εἴπερ
406 4795 548 4858 τινὲς
602 4791 742 4866 ἦσαν
775 4798 1063 4866 νουνεχεῖς,
1117 4798 1166 4850 οἰ
1209 4798 1558 4868 Γραμματεῖς
1587 4817 1646 4853 τε
1680 4803 1774 4855 καὶ

197 4885 496 4957 Φαρισαῖοι,
525 4884 846 4953 ἀπόσχοιντο
872 4885 937 4938 ἂν
964 4885 1073 4937 τῶν
1097 4889 1220 4939 κατ’
1252 4885 1414 4940 αὑτοῦ
1441 4890 1772 4960 σκεμμάτων

197 4993 257 5030 τε
280 4977 372 5030 καὶ
403 4976 836 5046 ἐγχειρημάτων,
858 4976 948 5030 διὰ
975 4977 1266 5048 προφητῶν
1292 4977 1461 5046 ἁγίων
1499 4997 1774 5050 προεγνω·

201 5067 377 5130 κότες,
445 5067 522 5130 ὡς
575 5067 676 5118 οὐκ
731 5065 798 5120 ἂν
869 5067 1143 5137 ἰσχύσειαν
1203 5068 1457 5140 ἀδικῆσαι
1514 5071 1767 5141 Χριστὸν,

197 5157 328 5212 Θεὸν
370 5157 500 5224 δντα
541 5156 638 5211 καὶ
675 5155 898 5228 Κύριον,
963 5158 1056 5211 καὶ
1095 5159 1220 5212 Υίὸν
1255 5159 1507 5231 ἀληθινὸν
1534 5162 1624 5216 τοῦ
1655 5163 1769 5216 Πα-

197 5249 323 5319 τρός

273 5358 293 5390 ι
343 5340 469 5396 ’1δοῦ
494 5338 700 5411 Κύριος
727 5339 930 5412 Κύριος
969 5339 1222 5411 βοηθήσει
1247 5358 1334 5412 μοι
1359 5359 1372 5373 ο
1408 5344 1491 5408 τίς
1526 5344 1767 5398 κακώσει

201 5448 304 5505 pe;
339 5432 468 5485 Ἰδοὺ
502 5432 703 5495 πάντες
732 5433 888 5502 ὑμεῖς
929 5432 1004 5495 ὡς
1049 5433 1260 5503 ἱμάτιον
1298 5433 1766 5505 παλαιωθήσεσθε,

198 5524 292 5578 καὶ
341 5522 437 5594 σὴς
470 5523 847 5593 καταφάγεται
889 5524 1050 5594 ὑμᾶς.
1085 5544 1101 5576 ι
1145 5525 1220 5576 Δι’
1250 5519 1324 5580 ὧν
1371 5526 1624 5598 σημαίνει
1669 5528 1768 5600 τὴν

198 5619 496 5673 παλαίωσιν
526 5619 624 5690 τῆς
654 5619 771 5672 κατ’
803 5618 968 5673 αὑτοῦ
999 5621 1312 5692 σωματικῆς
1336 5620 1592 5694 λατρείας
1616 5640 1628 5651 ο
1667 5623 1769 5676 πά-

197 5724 263 5766 νυ
310 5708 414 5781 γάρ
462 5708 522 5762 τὸ
555 5707 946 5778 παλαιούμενον
990 5711 1080 5759 καὶ
1113 5710 1385 5778 γηράσκον
1426 5712 1595 5784 ἐγγὺς
1632 5714 1767 5784 ἀρα-

273 5797 352 5874 (1)
385 5802 649 5874 Ἀκινήτῳ
677 5799 798 5872 legit
829 5803 1107 5872 interpres.
1144 5802 1296 5860 Emr.

1884 4615 2007 4670 silio
2053 4623 2109 4668 et
2159 4613 2422 4668 voluntati
2462 4614 2729 4668 obsistere
2770 4611 2980 4674 valeat,
3019 4621 3074 4665 et
3106 4611 3222 4676 ejus
3268 4611 3475 4664 auxilio

1883 4706 2145 4761 fruentem
2176 4705 2495 4775 opprimat?
2530 4705 2715 4774 Itaque
2745 4703 2790 4756 si
2825 4705 2916 4772 qui
2961 4704 3012 4756 in
3055 4696 3368 4757 Scribarum
3417 4715 3473 4758 et

1885 4796 2277 4850 Pliarisaorum
2312 4810 2472 4864 grege
2512 4796 2803 4864 prudentes
2821 4794 3064 4847 homines
3097 4792 3346 4857 fuissent,
3376 4792 3473 4847 alo-

1878 4889 2143 4944 stitissent
2173 4890 2356 4958 utique
2376 4904 2404 4940 a
2431 4887 2884 4940 machinamentis
2904 4896 2959 4940 et
2979 4885 3477 4954 conspirationibus

1879 4988 2142 5037 adversus
2171 4997 2292 5035 cum
2336 4981 2619 5042 conflatis;
2659 4993 2782 5031 cum
2830 4989 3146 5033 sanctorum
3181 4983 3472 5049 prOpbeta-

1879 5087 1996 5124 rum
2056 5071 2366 5126 testimonio
2402 5070 2791 5139 prospicerent,
2833 5083 2892 5122 se
2931 5086 3036 5122 non
3076 5084 3235 5138 posse
3276 5071 3472 5124 la-dere

1874 5163 2170 5227 Christum,
2195 5163 2286 5232 qui
2324 5162 2462 5218 Deus
2490 5172 2543 5216 et
2567 5161 2842 5228 Dominus,
2872 5176 2934 5215 ac
2974 5177 3131 5216 verus
3167 5161 3344 5216 Patris
3375 5161 3468 5216 Fi-

1876 5255 1979 5308 lius
2017 5265 2180 5310 esset.

1948 5343 2112 5399 Vens.
2145 5346 2198 5401 9.
2246 5364 2265 5398 ι
2313 5346 2449 5400 Ecce
2509 5347 2770 5404 Dominus
2814 5346 3073 5402 Dominus
3117 5345 3472 5398 auxiliabitnr

1878 5434 2010 5488 milii
2047 5454 2060 5490 :
2103 5435 2224 5505 quis
2270 5435 2426 5490 laedet
2464 5453 2548 5491 me
2593 5436 2790 5494 iEcce
2832 5453 2925 5492 vos
2968 5452 3158 5490 omnes
3208 5447 3464 5503 tanquam

1880 5527 2260 5582 vestimentum
2305 5523 2670 5595 vetérascetis,
2718 5542 2772 5585 et
2818 5532 2960 5585 tinea
3007 5530 3256 5584 comedet
3292 5543 3406 5584 vos.
3436 5548 3461 5582 ι

1877 5622 2041 5686 Queis
2072 5621 2339 5691 significat
2388 5623 2774 5694 antiquandam
2823 5625 2935 5679 fore
2985 5638 3300 5692 corporeum
3342 5621 3460 5678 culo

1879 5722 1988 5768 tum
2035 5733 2047 5769 :
2102 5714 2360 5786 quidquid
2391 5715 2546 5771 enim
2582 5718 2897 5789 antiquatur
2931 5724 2985 5772 ct
3036 5712 3310 5782 senescit,
3341 5714 3462 5772 rui-
