4124 6412
705 435 739 490 d
751 433 808 488 l'l

704 553 856 620 cujus
885 549 964 601 lcx
996 559 1112 598 mea
1143 543 1197 596 in
1229 556 1254 594 c

705 643 793 710 qui
826 641 908 707 pie
954 637 1132 688 vivere
1163 631 1427 686 voluerint
1473 631 1523 680 iu
1558 630 1769 682 Christo
1795 666 1809 687 ,
1836 624 2249 694 persecutionem

704 746 981 802 passuros,
1009 724 1355 782 contumeliis
1390 721 1714 782 alliciendos,
1746 734 1806 771 ac
1840 712 2164 780 contemptui
2188 711 2254 764 ab

706 825 1014 878 hominibus
1061 818 1334 875 habendos
1363 828 1515 876 esse;
1572 813 1801 873 itemque
1844 807 2018 861 omnis
2044 803 2253 872 generis

707 916 1021 968 vexationes
1063 909 1485 972 tentationesque
1514 914 1860 970 perpeSSuros
1892 912 2028 952 ωε.
2059 896 2256 960 Quam-

706 1011 891 1060 obrem
921 1044 936 1068 ,
992 1012 1047 1055 ut
1095 1002 1234 1068 ipsos
1268 995 1470 1049 muniat
1498 1003 1551 1045 et
1589 993 1779 1048 firmet,
1826 989 1935 1056 jam
1972 988 2090 1041 hinc
2121 999 2256 1054 pra:-

706 1097 879 1161 cipit,
933 1112 950 1143 ι
1011 1090 1087 1144 Ne
1146 1088 1374 1141 linteatis
1435 1083 1775 1151 Opprobrium
1831 1079 2149 1142 hominum,
2203 1086 2257 1131 ct

709 1195 1019 1253 eontemptu
1066 1196 1256 1236 eorum
1312 1186 1380 1232 ne
1426 1174 1736 1228 vincamiui.
1795 1190 1813 1222 ι
1875 1169 2120 1231 Etenim,
2171 1168 2253 1219 iu-

708 1281 850 1348 quit,
885 1277 1040 1330 ﬁnem
1080 1287 1175 1327 eos
1224 1278 1564 1338 excepturum
1593 1264 1980 1320 consideratam
2023 1265 2250 1328 Oportet.

781 1462 941 1514 Vsus.
970 1460 1022 1523 8,
1054 1459 1106 1511 9.
1145 1474 1163 1506 ι
1200 1454 1330 1516 Nam
1365 1453 1507 1506 sicut
1537 1450 1930 1509 vestimentum,
1962 1460 1990 1498 a
2020 1454 2256 1512 tempore

709 1560 1079 1610 consumetur,
1107 1557 1160 1601 et
1195 1547 1332 1599 sicut
1375 1544 1518 1608 lana,
1562 1540 1866 1596 comedetur
1892 1553 1921 1590 a
1954 1538 2090 1589 tinea
2127 1535 2255 1603 :ju-

711 1645 858 1696 stitia
889 1652 1062 1694 autem
1108 1653 1222 1690 mea
1257 1638 1307 1689 in
1360 1636 1607 1688 sarculum
1645 1635 1747 1686 erit
1795 1652 1807 1685 :
1858 1631 2103 1684 Salutare
2131 1644 2255 1682 Vero

710 1750 885 1786 meum
921 1735 971 1783 in
1001 1730 1374 1800 generationes
1409 1726 1830 1794 generatiouum.
1865 1724 2131 1787 Exsurge,
2159 1737 2253 1774 ex-

1367 421 1630 476 EUSEllll
1669 412 2144 474 CESARIENSIS
2178 407 2327 465 OPP.
2367 402 2546 458 PARS
2583 399 2672 456 ΙΙΙ.
2710 430 2778 440 —
2816 397 3223 452 EXECETICA.

1261 540 1390 596 Ordo
1419 548 1615 594 vestro.
1650 556 1668 588 ι
1705 533 1927 587 Videbat
1952 530 2092 584 enim
2116 541 2208 579 eos
2233 565 2247 590 ,

2357 537 2456 589 μου
2475 519 2531 569 ὲν
2555 519 2622 585 τῇ
2647 514 2838 584 καρδία
2865 511 3034 582 ὑμῶν.
3069 527 3088 561 ι
3127 508 3301 578 Ἑώρα
3333 508 3460 575 γὰρ,
3492 504 3573 556 ὃτι
3597 505 3645 554 ot
3676 501 3921 563 θέλοντες

3813 386 3921 439 H8

2353 609 2588 670 εὐσεϐῶς
2617 608 2713 675 ζῇν
2745 609 2801 657 ἐν
2829 601 3046 673 Χριστῷ
3088 599 3468 668 διωχθήσονται
3509 596 3601 648 καὶ
3626 593 3921 660 ὁνειδισθή-

2354 716 2554 758 σονται,
2579 697 2671 749 καὶ
2688 695 3136 763 φαυλισθήσονται
3159 691 3264 742 ύπὸ
3294 686 3611 758 ἀνθρώπων,
3644 683 3921 753 διωγμοὺς

2351 808 2410 842 τε
2435 789 2717 848 παντοίους
2749 788 2840 838 καὶ
2883 783 3216 853 πειρασμοῦς
3251 778 3593 849 ὑπομενοῦσι.
3630 776 3720 828 Διὸ
3760 792 3918 845 περι-

2355 883 2606 952 φράττων
2668 880 2860 941 αὐτοὺς
2932 875 3176 928 ἐντεῦθεν
3241 873 3339 942 ἤδη
3406 868 3772 940 παραγγέλλει
3834 866 3921 918 λέ-

2352 990 2483 1040 γων·
2528 990 2544 1020 ι
2590 971 2678 1039 Μὴ
2727 967 2972 1037 φοϐεῖσθε
3017 964 3310 1033 ὀνειδισμὸν
3358 963 3672 1032 ἀνθρώπων,
3714 957 3920 1026 καὶτῷ

2353 1061 2640 1131 φαυλισμῷ
2687 1060 2864 1112 αὐτῶν
2912 1057 2983 1127 μὴ
3014 1055 3264 1125 ἡττᾶσθε.
3309 1073 3326 1104 ι
3359 1054 3476 1123 Χρὴ
3519 1052 3626 1122 γὰρ
3684 1051 3925 1120 ἀφορᾷν,

2356 1153 2506 1224 φησι,
2542 1152 2632 1204 ἐπὶ
2661 1151 2719 1203 τὺ
2742 1150 3106 1218 διαδεξόμενον
3141 1146 3332 1207 αὐτοὺς
3363 1143 3528 1206 τέλος.

2430 1467 2448 1499 ‹
2502 1449 2585 1508 Ὠς
2625 1447 2731 1515 γὰρ
2783 1443 2991 1512 ἱμάτιον
3041 1438 3373 1509 βρωθησεται
3413 1433 3516 1487 ὑπὸ
3564 1433 3793 1503 χρόνου,
3827 1433 3923 1485 καὶ

2356 1539 2430 1600 ὼς
2480 1540 2600 1608 ἔρια
2665 1535 2996 1605 βρωθήσεται
3046 1531 3149 1582 ὑπὸ
3195 1527 3370 1595 σητὸς·
3423 1527 3454 1596 ὴ
3502 1525 3556 1576 δὲ
3603 1523 3920 1591 δικαιοσύνη

2359 1646 2458 1698 μου
2490 1631 2566 1689 είς
2595 1628 2682 1679 τὸν
2744 1625 2911 1678 αἰῶνα
2945 1623 3113 1674 ἔσται’
3155 1619 3214 1670 τὺ
3274 1618 3328 1669 δὲ
3383 1615 3650 1686 Σωτήριόν
3708 1631 3811 1684 μου
3843 1615 3924 1674 εἰς

2354 1718 2544 1785 γενεὰς
2612 1716 2829 1783 γενεῶν.
2890 1711 3224 1782 Ἐξεγείρου,
3284 1707 3572 1775 ὲξεγείρου,
3654 1706 3924 1773 ἰερουσαο

709 1841 865 1896 surge
893 1865 907 1884 ,
935 1823 1230 1877 Jerusalem
1261 1861 1274 1879 ,
1306 1832 1360 1873 et
1392 1820 1613 1872 induere
1648 1818 2012 1870 fortitudinem
2048 1815 2251 1868 brachii

2354 1809 2481 1878 λὴμ,
2509 1809 2598 1859 καὶ
2618 1807 2828 1858 ἔνδυσαι
2858 1803 2954 1873 τὴν
2998 1804 3147 1870 ἰσχὺν
3178 1800 3270 1852 τοῦ
3329 1796 3604 1868 βραχίονός
3640 1812 3755 1848 σου.
3809 1793 3924 1857 Ἐξ-

2462 1899 2471 1909 .
2607 1899 2618 1909 1
2699 1900 2710 1909 .
2804 1897 2815 1909 ι
2902 1898 2927 1909 ι.
2985 1895 2996 1908 ο
3067 1892 3078 1909 l
3177 1908 3182 1909 ,
3258 1890 3269 1906 1
3303 1907 3314 1909 _
3361 1888 3515 1909 _.-_._1.
3561 1886 3749 1909 _!.".-.__
3797 1903 3812 1909 -
3857 1885 3920 1909 'II

709 1919 806 1972 tui.
834 1918 1075 1983 Exsurge
1122 1915 1261 1967 sicut
1288 1914 1338 1964 in
1374 1913 1634 1979 principio
1662 1911 1786 1972 diei,
1816 1911 1954 1963 sicut
1982 1908 2254 1976 generatio

706 2005 906 2062 seculi.
946 2027 963 2058 ι
1002 2007 1112 2059 lloc
1141 2006 1601 2066 additamentum,
1639 2020 1656 2053 ι
1691 2002 1984 2056 Jerusalem
2013 2041 2026 2063 ,
2067 2019 2085 2052 ι
2120 2009 2174 2052 ιιι
2203 2001 2254 2052 in

706 2100 968 2153 llebraica
1011 2097 1239 2151 lectione
1288 2096 1482 2156 fertur,
1532 2095 1583 2148 iu
1620 2095 1841 2162 reliquis
1874 2096 2256 2161 interpretibus

709 2207 813 2245 non
856 2199 1160 2259 comparet;
1198 2189 1290 2243 sed
1314 2201 1500 2241 omnes
1529 2188 1603 2240 sic
1632 2187 1911 2239 ediderunt
1946 2205 1958 2236 :
1997 2203 2016 2236 ι
2054 2185 2256 2238 Exsur-

708 2298 792 2351 ge,
826 2296 1075 2348 exsurge,
1102 2281 1323 2333 induere
1357 2279 1739 2337 fortitudinem,
1767 2277 2043 2330 brachium
2078 2276 2255 2328 Domi-

708 2374 785 2426 ni.
822 2391 839 2423 ι
879 2373 1181 2426 Secundum
1212 2386 1399 2424 omnes
1429 2371 1593 2439 igitur
1619 2384 1721 2421 non
1749 2365 2045 2421 Jerusalem
2080 2381 2257 2419 sermo

702 2463 990 2531 compellat
1015 2503 1028 2524 ,
1063 2463 1154 2515 sed
1186 2462 1466 2515 brachium
1501 2460 1741 2522 Domini;
1773 2460 1896 2512 hinc
1926 2472 2257 2525 consequen-

704 2561 787 2607 ter
814 2569 909 2621 par
937 2563 1018 2608 est
1051 2561 1108 2606 ut
1135 2554 1296 2607 etiam
1329 2566 1425 2605 nos
1457 2552 1520 2603 ad
1558 2550 1835 2603 brachium
1878 2547 2126 2609 Domini,
2179 2546 2257 2610 ip-

708 2646 820 2698 sius
872 2644 1080 2697 Domini
1137 2641 1606 2710 compellationem
1655 2639 1950 2693 referamus
1980 2679 1995 2700 ,
2034 2638 2100 2690 de
2137 2652 2257 2702 quo

709 2736 956 2803 superius
990 2737 1186 2789 dictum
1224 2741 1344 2798 est,
1382 2752 1399 2784 ι
1435 2733 1495 2786 Ει
1528 2733 1578 2785 in
1611 2733 1888 2786 brachium
1923 2744 2100 2784 meum
2127 2744 2257 2798 gen-

711 2837 791 2881 tes
812 2827 1117 2894 sperabunt.
1159 2844 1176 2876 ι

775 2939 940 2995 Vsus.
974 2939 1040 2993 10
1065 2982 1079 3004 ,
1109 2941 1192 2993 ll.
1234 2959 1251 2991 ι
1293 2940 1478 2995 Nonne
1509 2948 1562 2990 tu
1591 2953 1648 2992 es
1675 2979 1689 3003 ,
1723 2951 1841 3008 quae
1877 2935 2144 2990 desertum
2180 2933 2257 2987 fe-

704 3031 826 3085 cisti
861 3047 1029 3094 mare,
1063 3048 1229 3099 aquas
1266 3032 1443 3102 abyssi
1473 3031 1709 3084 multas?
1737 3045 1854 3099 quze
1893 3028 2112 3097 posuisti
2137 3041 2257 3095 pro-

703 3122 924 3178 fundum
960 3125 1125 3176 maris
1155 3123 1292 3175 viam
1327 3124 1588 3176 transitus
1619 3124 1702 3184 iis,
1726 3122 1814 3189 qui
1847 3119 2054 3173 liberati
2085 3129 2138 3172 et
2167 3133 2251 3171 re-

2358 1899 2665 1968 εγεὶρουὼς
2695 1900 2750 1949 ὲν
2793 1897 2933 1965 ἀρχῇ
2975 1892 3206 1964 ἡμέρας,
3242 1890 3315 1951 ὼς
3360 1888 3517 1956 γενεά
3557 1886 3768 1948 αἰῶνος.
3797 1903 3816 1935 ι
3857 1885 3921 1936 Ἠ

2360 1987 2663 2058 προσθήκη,
2701 2003 2718 2035 ι
2763 1983 3133 2054 Ἰερουσαλὴμ,
3172 1998 3189 2030 ι
3224 1979 3298 2041 ὡς
3331 1978 3387 2030 ὲν
3515 1976 3773 2046 Ἐϐραῖκῇ
3793 1975 3923 2026 ἀνα-

2356 2079 2569 2146 γνώσει,
2605 2077 2726 2129 οῦτε
2778 2078 2834 2127 ἐν
2871 2077 2982 2137 τοῖς
3025 2073 3228 2135 λοιποῖς
3276 2069 3632 2142 ὲρμηνευταῖς
3670 2065 3919 2136 φέρεται,

2358 2170 2488 2223 ἀλλὰ
2522 2170 2715 2230 πάντες
2743 2166 2914 2228 οὕτως
2940 2164 3232 2228 ἐξέδωκαν*
3267 2179 3286 2212 ι
3340 2158 3663 2228 Ἐξεγείρου,
3699 2155 3922 2222 ἐξεγεί-

2359 2282 2471 2334 ρου,
2500 2263 2706 2314 ἔνδυσαι
2734 2261 2950 2330 κράτος,
2992 2257 3226 2327 βραχίων
3267 2255 3492 2322 Κυρίου.
3533 2270 3550 2304 ι
3588 2249 3746 2304 Κατὰ
3782 2249 3919 2302 πάν-

2357 2371 2454 2415 τας
2480 2353 2656 2405 τοίνυν
2698 2352 2758 2404 ού
2801 2353 2865 2420 τῇ
2920 2346 3272 2418 Ἰερουσαλὴμ
3321 2345 3348 2394 ὀ
3393 2345 3548 2411 λόγος
3585 2341 3918 2413 προσφωνεῖ,

2357 2443 2488 2496 ἀλλά
2522 2441 2596 2512 τῷ
2635 2439 2874 2510 βραχίονι
2921 2439 3144 2508 Κυρίουο
3200 2435 3486 2490 ἀκόλουθον
3525 2432 3569 2488 δ’
3612 2433 3678 2486 ἂν
3708 2434 3791 2500 εἴη
3829 2432 3920 2484 καὶ

2357 2536 2498 2604 ἡμᾶς
2550 2535 2628 2594 είς
2673 2532 2763 2584 τον
2821 2529 3076 2600 βραχίονα
3144 2529 3346 2599 Κυρίου
3399 2529 3498 2598 τὴν
3547 2525 3639 2578 τοῦ
3710 2526 3917 2596 Κυρίου

2359 2622 2734 2694 προσφώνησιν
2764 2621 3068 2690 ἀναφέρειν,
3113 2619 3237 2688 περὶ
3279 2612 3339 2670 οῦ
3384 2615 3635 2687 ἀνωτέρω
3662 2614 3914 2686 εἴρηται,

2363 2733 2382 2764 ι
2417 2715 2522 2766 Καὶ
2551 2713 2641 2765 ἐπὶ
2668 2712 2755 2766 τὸν
2789 2710 3043 2784 βραχίονά
3077 2726 3176 2780 μου
3197 2708 3322 2778 ἔθνη
3353 2705 3644 2761 ἐλπιοῦσιν.
3680 2725 3699 2759 ι

2431 2952 2450 2984 ι
2487 2932 2560 2985 Οὐ
2593 2933 2655 2985 σὺ
2687 2927 2788 3002 εϊή
2823 2930 3101 3002 ἐρημοῦσα
3145 2927 3434 2990 θάλασσαν,
3480 2925 3622 2996 ὕδωρ
3675 2923 3911 2978 ἀόύωου

2357 3024 2586 3092 πλῆθος
2607 3026 2639 3094 ἡ
2662 3023 2812 3075 θεῖσα
2831 3023 2899 3074 τὰ
2923 3020 3057 3090 βάθη
3078 3020 3174 3089 τῆς
3195 3019 3465 3088 θαλάσσης
3487 3017 3598 3075 ὁδὸν
3615 3015 3916 3077 διαϐάσεως

2359 3114 2638 3184 ρυομένοις
2689 3114 2781 3166 καὶ
2834 3112 3292 3183 λελυτρωμένοιςς
3363 3107 3496 3160 Ὑπὸ
3540 3106 3646 3176 γὰρ
3704 3106 3909 3176 Κυρίου

704 3214 900 3283 Jerrpti
953 3215 1212 3268 fuerunt?
1256 3216 1299 3268 A
1347 3215 1572 3267 llomino
1616 3215 1757 3266 enim
1805 3212 2145 3272 reducentur,
2199 3220 2252 3264 et

2355 3177 2883 3276 ἀποστραφήσονται,
2917 3177 3010 3256 καί
3030 3177 3248 3270 ἥξουσιν
3274 3202 3352 3263 είς
3391 3197 3524 3251 Σιὼν
3565 3196 3679 3267 μετ’
3719 3198 3915 3267 εὐφρο-

701 3307 919 3359 venient
947 3307 999 3360 in
1037 3307 1164 3361 Sion
1193 3321 1313 3359 cuto
1347 3305 1526 3358 lrctitia
1555 3314 1609 3357 ct
1651 3303 2011 3358 exsultatione
2053 3300 2254 3367 sempi—

703 3407 877 3453 terna.
911 3397 964 3450 lu
991 3398 1167 3466 capite
1193 3399 1331 3450 enim
1359 3412 1542 3450 eorum
1581 3397 1698 3449 laus
1723 3434 1737 3457 ,
1774 3405 1826 3448 ct
1853 3393 2031 3447 laetitia
2060 3409 2250 3461 appre-

705 3487 904 3542 heudet
937 3502 1028 3542 eos
1072 3506 1087 3543 :
1132 3487 1263 3558 fugit
1299 3489 1452 3541 dolor
1478 3497 1534 3540 et
1564 3501 1784 3548 mceror,
1815 3493 1868 3539 et
1909 3483 2136 3554 gemitus
2171 3505 2182 3538 :
2229 3504 2246 3537 ι

703 3580 921 3648 quando
963 3581 1105 3633 omni
1147 3582 1339 3634 timore
1367 3579 1599 3647 exempti
1628 3617 1644 3642 ,
1682 3591 1786 3630 non
1822 3576 1961 3630 ultra
2008 3575 2255 3631 inimicos

711 3681 768 3723 et
801 3672 1140 3724 adversarios
1163 3671 1602 3725 reformidabunt.

772 3783 936 3838 Vens.
966 3783 1050 3837 12.
1080 3783 1209 3837 Nam
1248 3803 1266 3834 ι
1304 3798 1369 3837 ex
1402 3781 1602 3839 caelesti
1629 3781 1755 3835 Sion
1789 3780 2050 3836 abscessit
2081 3780 2251 3848 dolor,

701 3887 906 3927 mceror
950 3884 1003 3928 et
1041 3874 1290 3944 gemitus.
1322 3873 1430 3939 Ego
1464 3889 1602 3940 sum,
1637 3887 1734 3942 ego
1759 3889 1897 3936 sum,
1937 3873 2026 3942 qui
2061 3886 2256 3927 conso-

705 3965 784 4018 lor
842 3975 910 4020 te.
967 3965 1116 4021 Scito
1162 3981 1280 4034 qua:
1335 3964 1540 4032 fueris,
1587 3973 1642 4018 et
1673 3963 1917 4018 timueris
1945 3963 2009 4017 ab
2038 3963 2255 4017 homine

707 4055 942 4116 mortali.
967 4063 1020 4108 et
1049 4070 1078 4108 a
1114 4056 1223 4109 tilio
1254 4055 1504 4116 hominis.
1534 4057 1620 4124 qui
1649 4055 1800 4123 quasi
1830 4054 2008 4108 fenum
2033 4054 2253 4123 arefacti

707 4154 854 4201 sunt.
891 4165 908 4196 ι
940 4145 1058 4215 Ipse
1083 4162 1310 4215 namque
1340 4156 1424 4201 est
1450 4147 1754 4215 propitiatio
1784 4155 1989 4210 nostra,
2020 4147 2108 4216 qui
2135 4160 2256 4199 con-

709 4236 918 4292 solatur
962 4239 1206 4293 humiles.
1259 4238 1336 4292 Tu
1369 4238 1511 4292 enim
1559 4237 1624 4290 ad
1679 4238 1968 4305 imaginem
2003 4251 2178 4290 meam
2223 4249 2252 4287 ε

707 4345 794 4384 me
819 4330 978 4391 facta.
1013 4335 1244 4383 maximo
1276 4331 1470 4384 donata
1503 4344 1559 4383 es
1591 4328 1816 4392 honore,
1846 4328 1985 4386 quod
2017 4341 2101 4379 me
2129 4340 2254 4379 cou-

703 4419 992 4476 solatorem
1023 4423 1247 4477 haberes
1285 4435 1658 4491 :qnapropter
1687 4422 1828 4486 dico,
1887 4440 1906 4472 ι
1956 4418 2068 4488 Ego
2108 4435 2246 4480 sum.

2355 3295 2518 3366 σύνης
2550 3296 2642 3348 καὶ
2669 3294 3065 3364 ἀγαλλιάματος
3094 3292 3330 3344 αἰωνίου.
3387 3289 3505 3342 Ἐπὶ
3540 3287 3779 3358 κεφαλῆς
3807 3287 3915 3357 γὰρ

2352 3385 2530 3438 αὐτῶν
2561 3386 2783 3446 αἴνεσις,
2819 3385 2912 3436 καὶ
2938 3379 3239 3451 εὐφροσύνη
3279 3377 3641 3448 καταλήψεται
3680 3374 3908 3437 αύτούς·

2353 3476 2562 3547 ἀπέδρα
2603 3474 2760 3543 ὀδύνη
2809 3473 2902 3527 καὶ
2927 3472 3092 3542 λύπη,
3120 3472 3212 3524 καὶ
3252 3468 3612 3538 στεναγμός-ο»
3647 3469 3736 3520 ὅτε
3782 3466 3907 3526 καὶ,

2355 3567 2552 3627 παντὸς
2597 3563 2766 3632 φόϐου
2809 3562 2964 3626 ἐκτὸς
3023 3561 3336 3631 γενόμενοι,
3389 3558 3568 3612 οὐκέτι
3620 3556 3913 3627 πολεμίους

2353 3657 2472 3710 οὐδὲ
2501 3656 2723 3728 ἐχθροὺς
2750 3653 3088 3724 φοϐήσονται.

2429 3807 2446 3839 ι
2493 3789 2583 3841 Ἐν
2621 3806 2638 3840 ι
2672 3785 2779 3856 γὰρ
2815 3805 2834 3838 ι
2867 3788 2933 3856 τῇ
2977 3785 3279 3855 ἐπουρανίῳ
3322 3781 3456 3836 Σιὼν
3505 3782 3716 3852 ἀπέδρα
3753 3779 3908 3850 ὀδύνη

2355 3880 2449 3932 καὶ
2483 3878 2647 3948 λύπη,
2700 3879 2793 3930 καὶ
2852 3877 3164 3947 στεναγμός.
3223 3875 3362 3944 Ἑγὼ
3404 3877 3538 3944 ειμι,
3576 3873 3686 3941 ἐγώ
3715 3875 3850 3944 εἰμι,
3882 3875 3910 3926 ὁ

2355 3967 2682 4040 παρακαλῶν
2721 3985 2800 4020 σε.
2836 3967 3004 4021 Γνῶθι
3052 3969 3135 4030 τίς
3175 3963 3329 4030 οῦσα,
3371 3966 3637 4037 ἐφοϐήθης
3677 3966 3786 4019 ἀπὸ
3817 3967 3911 4018 ἁν-

2355 4057 2570 4130 θρώπου
2619 4057 2833 4127 θνητοῦ,
2887 4058 2979 4111 καὶ⁵
3026 4057 3136 4110 ἀπὸ
3178 4057 3294 4110 υίοῦ
3348 4056 3653 4127 ἀνθρώπου,
3697 4056 3748 4110 οἳ
3780 4057 3910 4109 ὡσεὶ

2353 4147 2543 4218 χόρτος
2573 4147 2961 4218 ὲξηράνθησαν.
3001 4165 3018 4197 ι
3060 4146 3230 4210 Αὐτὸς
3276 4147 3384 4217 γάρ
3427 4149 3572 4199 ἐστιν
3617 4148 3645 4199 ό
3689 4147 3910 4216 ίλασμδς

2352 4238 2528 4308 ἡμῶν,
2556 4239 2649 4292 καὶ
2672 4241 2698 4291 ὁ
2725 4238 3052 4308 παρακαλῶν
3077 4241 3202 4302 τοὺς
3223 4237 3523 4300 ταπεινούς.
3559 4237 3630 4290 Σὺ
3674 4237 3773 4308 μὲν
3804 4238 3909 4309 γὰρ

2354 4330 2471 4382 κατ’
2493 4329 2675 4383 εἰκόνα
2701 4330 2962 4399 γενομένη
3004 4331 3131 4398 παρ’
3171 4327 3328 4398 ἐμοῦ,
3383 4329 3642 4400 μεγίστης
3679 4327 3908 4397 ἠξίωσαι

2353 4421 2536 4492 τιμῆς,
2559 4421 2634 4485 ὼς
2661 4420 3089 4492 παρακαλεῖσθαι
3123 4420 3214 4472 ὑπ’
3250 4419 3402 4490 ἐμοῦ·
3429 4419 3507 4473 διό
3530 4437 3689 4490 φημι,
3715 4437 3732 4470 ι
3771 4419 3907 4487 Ἐγώ

705 4514 796 4579 qui
821 4513 1068 4567 consolor
1097 4523 1199 4568 te.»
1231 4512 1422 4583 lgn’oro
1457 4523 1631 4566 autem
1663 4527 1770 4582 quo
1804 4522 1988 4580 pacto,
2022 4511 2249 4580 dignita-

2354 4512 2464 4579 είμι
2495 4513 2523 4563 ὀ
2551 4510 2878 4581 παρακαλῶν
2912 4529 2989 4563 σε.
3036 4530 3053 4560 ι
3098 4511 3210 4563 Οὐκ
3247 4507 3361 4564 οἶδα
3393 4510 3446 4563 δὲ
3485 4511 3632 4572 ὅπως
3661 4508 3907 4562 ἐπιλαθο-

703 4604 776 4656 tis
827 4604 1107 4672 immemor
1157 4615 1300 4667 tute,
1358 4603 1629 4658 formidini
1685 4613 1736 4657 et
1775 4603 1968 4657 terrori
2013 4604 2250 4672 subjecta

707 4693 894 4748 fueris.
931 4694 1055 4748 Haec
1085 4711 1244 4764 porro
1269 4696 1397 4749 dicit
1420 4697 1569 4764 quasi
1604 4694 1982 4748 formidolosos
2024 4703 2078 4745 et
2105 4693 2252 4747 inllrv

707 4787 926 4851 niiores,
951 4789 1040 4857 qui
1085 4789 1134 4841 iu
1178 4788 1412 4841 Ecclesia
1445 4799 1592 4852 suat,
1625 4786 1901 4854 alloquens
1937 4803 1950 4838 :
1981 4800 2100 4837 nam
2132 4801 2254 4853 per-

702 4876 852 4944 Iecti,
901 4891 952 4931 et
985 4880 1076 4949 qui
1126 4880 1367 4949 martyrii
1396 4893 1591 4932 corona
1640 4877 1886 4932 exornati
1940 4885 2104 4938 sunt,
2136 4877 2251 4945 ejus

702 4981 825 5026 sunt
864 4973 1085 5042 gloriam
1126 4971 1422 5026 consecuti.
1472 4971 1743 5038 Siquidem
1775 4987 1894 5026 cum
1941 4987 2037 5039 par
2067 4971 2252 5028 fuisset

705 5071 755 5114 te
784 5075 924 5115 metu
959 5071 1011 5117 et
1039 5063 1393 5117 commOtione
1431 5077 1650 5115 vacuum
1681 5076 1917 5126 manere,
1948 5072 2131 5130 utpote
2160 5079 2251 5132 po-

702 5156 885 5220 pulum
911 5172 1105 5222 meum,
1137 5157 1202 5210 ad
1233 5156 1390 5210 ﬁnem
1425 5155 1792 5221 corruptibilis
1823 5154 2098 5206 hominum
2133 5154 2251 5209 vitio

700 5246 1110 5313 respicientem;
1163 5259 1326 5316 atque
1376 5247 1592 5301 eosdem
1630 5246 1774 5312 ipsos
1801 5285 1816 5308 ,
1855 5260 1988 5312 quos
2023 5245 2251 5298 extime-

699 5341 887 5394 scebas
912 5380 928 5404 ,
970 5356 998 5394 a
1031 5341 1208 5396 futura
1237 5341 1476 5411 pernicie
1509 5341 1774 5405 eximere;
1808 5348 1861 5393 tu
1895 5349 2106 5395 contra.
2133 5337 2249 5392 illos

702 5431 1068 5500 reformidans,

769 5586 931 5640 Vens.
957 5587 1042 5642 13.
1083 5607 1102 5638 ι
1157 5587 1369 5643 Oblitus
1403 5602 1460 5641 es
1491 5587 1613 5653 Dei,
1645 5587 1734 5657 qui
1787 5587 1909 5642 fecit
1935 5596 2008 5654 te,
2042 5603 2132 5657 qu.
2163 5587 2243 5642 fe-

702 5676 775 5727 cit
799 5676 1006 5738 malum,
1040 5679 1132 5746 qui
1180 5679 1424 5732 fiuidavit
1457 5690 1656 5731 terram
1691 5697 1704 5734 :
1733 5689 1787 5734 et
1822 5680 2044 5733 timuisti
2096 5695 2236 5734 scm-

704 5781 800 5835 per
844 5768 1090 5827 omnibus
1132 5770 1316 5827 diebus
1364 5769 1556 5829 faciem
1606 5771 1698 5828 ira:
1746 5771 2050 5829 tribulantis
2101 5781 2170 5827 te.
2217 5792 2234 5824 ι

2356 4600 2489 4673 μένη
2513 4603 2612 4672 τῆς
2650 4603 2851 4670 σαυτῆς
2883 4602 3057 4667 ἀξίας,
3095 4602 3263 4672 δειλίᾳ
3305 4602 3548 4671 ὑπήχθης
3582 4602 3675 4654 καὶ
3713 4601 3908 4670 ἐφοϐή-

2353 4692 2468 4763 θης.
2498 4693 2657 4760 Λέγει
2681 4693 2736 4744 δὲ
2767 4693 2937 4745 ταῦτα
2983 4692 3056 4754 ὡς
3106 4691 3239 4761 πρὸς
3277 4692 3402 4754 τοὺς
3443 4689 3769 4760 δειλοτέρους
3817 4690 3907 4742 καὶ

2351 4782 2764 4852 ἀσθενεστέρους
2791 4783 2891 4850 τῆς
2951 4780 3301 4850 Ἐκκλησίας·
3355 4782 3402 4832 oi
3443 4778 3552 4850 γὰρ
3592 4778 3905 4832 τελειωθέν-

2349 4892 2459 4938 τες,
2488 4876 2581 4928 καὶ
2616 4878 2724 4936 τοῖς
2753 4877 2809 4926 ὲν
2840 4871 3116 4943 μαρτυρίῳ
3147 4871 3428 4940 στεφάνοις
3468 4869 3907 4939 κατακοσμηθένς-

2350 4983 2458 5029 τες,
2484 4965 2805 5036 ἕτυχονθτῆς
2839 4962 2965 5032 παρ’
2994 4961 3152 5015 αὑτοῦ
3195 4961 3369 5030 δόξης.
3405 4959 3530 5012 Δέον
3561 4958 3668 5029 γὰρ
3709 4959 3905 5028 ἄφοϐόν

2353 5073 2411 5107 σε
2437 5057 2527 5107 καὶ
2552 5056 2818 5123 ἀτάραχον
2839 5052 3129 5121 διαμένειν,
3152 5052 3227 5114 ὡς
3247 5051 3311 5105 ἂν
3337 5049 3466 5120 ἐμὸν
3496 5051 3622 5102 ὄντα
3653 5047 3800 5112 λαὸν,
3829 5052 3905 5113 εἰς

2350 5147 2408 5198 τὸ
2433 5147 2579 5208 τέλος
2628 5145 2911 5214 ἀφορῶντα
2931 5145 3025 5212 τῆς
3053 5142 3294 5213 φθαρτῆς
3323 5142 3430 5194 τῶν
3466 5137 3766 5209 ἀνθρώπων
3808 5140 3905 5207 φύ-

2351 5253 2508 5300 σεως,
2538 5238 2630 5289 καὶ
2657 5234 2749 5287 τοῦ
2786 5235 3062 5303 μέλλοντος
3086 5233 3304 5304 ὀλέθρου
3330 5229 3665 5296 διαδέξασθαι
3685 5229 3903 5292 τούτους

2349 5325 2572 5387 αὐτοὺς,
2634 5324 2727 5386 οὓς
2785 5322 3079 5392 nostum];-
3141 5322 3204 5374 σὺ
3261 5320 3318 5372 δὲ
3362 5318 3580 5381 τούτους
3629 5319 3726 5387 μὲν
3777 5319 3902 5387 ἐφο-

2350 5415 2542 5487 δήοης.

2421 5611 2438 5642 ι
2479 5589 2766 5644 Ἐπελάθου
2798 5588 2854 5642 δὲ
2887 5590 3018 5643 Θεὸν
3050 5589 3139 5643 τὸν
3172 5587 3472 5659 ποιήσαντά
3507 5603 3586 5652 σε,
3621 5586 3714 5641 τὸν
3745 5587 3898 5658 ποιή-

2349 5698 2515 5735 σαντα
2545 5681 2634 5732 τὸν
2665 5681 2884 5750 οὐρανὸν
2928 5682 3018 5733 καὶ
3053 5677 3450 5747 θεμελιώσαντα
3489 5678 3587 5748 τὴν
3632 5676 3764 5746 γῆν·
3812 5678 3901 5732 καὶ

2349 5771 2537 5839 ἐφοϐοῦ
2565 5771 2648 5826 ἀεὶ
2681 5770 2858 5833 πάσας
2887 5770 2982 5834 τὰς
3010 5768 3222 5842 ἡμέρας
3253 5767 3322 5839 τὸ
3359 5767 3643 5839 πρόσωπον
3683 5765 3775 5822 τοῦ
3813 5765 3900 5820 Ou-
