4124 6442
206 426 313 481 449

1208 408 1711 466 COMMENTABIA
1753 408 1817 462 1N
1861 405 2120 462 ISAIAM.
2164 439 2230 448 -—
2265 406 2418 462 CAP.
2461 406 2545 460 Li.

210 541 313 614 μοῦ
342 539 441 592 τοῦ
475 534 750 596 θλίϐοντός
775 549 854 585 σε.
903 549 920 580 ι
956 529 1048 581 Διὸ
1089 528 1183 581 καὶ
1223 529 1348 589 τοὺς
1380 525 1521 578 κατὰ
1551 526 1650 594 τῆς
1692 526 1809 576 Ἐκ-

1918 523 2044 575 Ideo
2077 524 2144 575 ad
2203 521 2579 591 probationem
2625 517 2953 571 athletarum
3007 529 3250 570 meorum
3307 531 3491 585 perse-

206 632 445 701 κλησίας
479 631 582 699 τῆς
613 627 748 696 ἐμῆς
790 623 1066 690 διωγμοὺς
1119 622 1198 681 είς
1241 618 1471 688 δοκιμὴν
1515 617 1624 670 τῶν
1655 616 1804 686 ὲμῶν

204 722 463 793 ἀθλητῶν
496 719 698 787 ἀφίημι
734 714 827 768 καὶ
848 711 1118 782 συγχωρῶ
1149 709 1414 778 γίνεσθαι.

282 835 300 868 ι
351 819 450 868 Ὃν
483 812 683 883 τρόπον
721 808 828 878 γὰρ
869 805 1228 858 ἐϐουλεύσατο
1274 801 1368 854 τοῦ
1413 798 1544 873 ἆραί
1582 817 1661 860 σε,
1712 800 1805 853 καὶ

205 909 300 961 νῦν
336 906 444 960 ποῦ
478 907 508 955 ὁ
541 903 709 972 θυμὸς
739 900 831 952 τοῦ
861 896 1134 958 θλίϐοντός
1180 911 1273 957 σε;
1323 895 1410 946 Ἐν
1443 894 1550 962 γὰρ
1584 892 1660 960 τῷ
1697 891 1804 944 σὼ-

207 1000 395 1066 ζεσθαί
427 1015 513 1060 σε,
545 996 911 1066 οὑρτὴσεται,
943 991 1063 1042 οὐδὲ
1097 990 1322 1058 χρονιεῖο
1363 989 1443 1038 ὅτι
1485 984 1594 1051 ἐγὼ
1620 987 1648 1036 6
1671 983 1805 1046 Θεός

210 1011 394 1066 {asini
427 1015 513 1060 σε,
545 1011 624 1048 ου·
682 1011 911 1064 ιησετειι,
943 1011 1063 1042 ovo:
1097 1011 1322 1058 Zpovu-z.‘
1363 1011 1443 1038 οτι
1485 1011 1594 1051 ἐγω
1620 1011 1648 1036 υ
1672 1011 1802 1046 ι-ιευς

210 1111 326 1154 σου,
360 1094 389 1144 6
411 1011 703 1158 ταράσσεν
724 1087 822 1154 τὴν
850 1083 1147 1141 θάλασσαν,
1186 1080 1281 1131 καὶ
1313 1078 1460 1147 ἠχῶν
1492 1077 1560 1128 τὰ
1584 1077 1805 1145 κύματα

206 1186 398 1254 αὐτῆς,
424 1179 630 1249 Κύριος
668 1175 890 1229 Σαϐαὼθ
919 1173 1089 1242 διιομά
1129 1190 1238 1240 μοι.
1268 1172 1432 1241 Θὴσω
1457 1172 1584 1231 τοὺς
1615 1169 1806 1235 λόγους

209 1293 311 1347 μου
341 1275 425 1335 εἰς
460 1273 522 1324 τὸ
545 1270 720 1339 στόμα
749 1285 862 1326 σου,
898 1266 990 1317 καὶ
1022 1264 1128 1315 ὑπὸ
1149 1264 1244 1331 τὴν
1282 1263 1443 1314 σκιὰν
1474 1263 1575 1330 τῆς
1621 1258 1808 1329 χειρός

210 1385 309 1439 μου
348 1364 613 1417 σκεπὰσω
649 1378 726 1421 σε,
758 1361 813 1411 ὲν
913 1356 1118 1426 ἕστησα
1144 1355 1232 1406 τὸν
1271 1353 1500 1424 οὐρανὸν
1547 1352 1640 1403 καὶ
1691 1351 1808 1402 ἐθε-

209 1458 456 1529 μελίωσα
488 1456 589 1525 τὴν
619 1455 740 1522 γῆν.
788 1469 806 1502 ι
858 1449 944 1510 Ὠς
979 1445 1044 1500 ἂν
1079 1447 1150 1516 μή
1183 1464 1236 1498 τι
1272 1445 1466 1505 πάθοις
1507 1442 1617 1494 τῶν
1651 1444 1805 1494 ἐναν-

204 1549 336 1600 τίων
365 1546 476 1598 ὑπὸ
508 1544 616 1596 τῶν
639 1538 1036 1610 πολεμούντων,
1075 1537 1164 1588 ἵνα
1184 1536 1240 1588 δὲ
1273 1535 1350 1586 ἔτι
1377 1533 1576 1604 μᾶλλον
1605 1532 1808 1603 θαρσα-

205 1637 302 1689 λέα
341 1636 480 1704 γένη
514 1633 608 1685 καὶ
625 1629 887 1700 ἀτρεμὴς,
920 1627 1014 1679 καὶ
1048 1625 1317 1687 ἄπτωτος,
1355 1623 1614 1693 μάνθανε,
1649 1623 1724 1682 ὡς
1749 1623 1807 1672 ἐν

205 1729 404 1797 τῇέμῇ
442 1724 610 1794 χειρὶ,
650 1715 772 1792 ὲνῇ
815 1720 1016 1786 ἕστησα
1058 1716 1149 1768 τὸν
1197 1715 1425 1786 οὐρανὸν
1474 1714 1569 1766 καὶ
1611 1715 1805 1782 ἐθεμε-

207 1817 380 1870 λίωσα
412 1816 513 1885 τὴν
547 1813 670 1882 γῆν,
701 1811 794 1864 καὶ
825 1810 915 1862 τὸν
944 1808 1236 1878 σύμπαντα
1264 1806 1466 1876 κόσμον
1503 1807 1566 1857 ὲκ
1600 1803 1696 1856 τοῦ
1730 1804 1803 1873 μὴ

205 1909 360 1970 ὄντος
387 1910 470 1967 εἰς
505 1905 568 1956 τὸ
601 1900 738 1956 εἶναι
768 1903 1109 1973 παρήγαγον,
1143 1901 1198 1950 ὲν
1225 1897 1397 1967 ταύτῃ
1427 1897 1723 1948 σκεπὰσειν
1747 1910 1804 1945 σε

206 1999 645 2068 ἐπαγγέλλομαι.
683 1994 748 2047 Τί
768 1991 860 2046 οὖν
893 1992 998 2062 χρὴ
1040 1991 1278 2060 ἀγωνιᾷν
1318 1990 1350 2058 ἢ
1387 1987 1670 2056 φοϐεῖσθαι
1714 1985 1808 2054 φό-

207 2092 300 2143 ϐον
347 2087 714 2159 ἀνθρώπινον,
767 2085 882 2138 δέον
932 2081 1254 2152 ὑποτρέχειν
1291 2080 1387 2150 τὴν
1441 2080 1580 2150 ἐμὴν
1627 2081 1804 2144 σκιὰν,

210 2183 349 2253 μηδὲ
379 2181 687 2250 ἀναχωρεῖν
713 2177 902 2246 αὐτῆς,
947 2173 1084 2227 ἀλλὰ
1137 2173 1231 2224 καὶ
1282 2173 1412 2234 τους
1459 2171 1650 2238 λόγους
1705 2187 1807 2242 μου

207 2277 445 2330 πάντοτε
471 2273 658 2343 φέρειν
682 2269 768 2322 διὰ
793 2269 1056 2338 στόματος
1081 2283 1094 2330 ;

286 2388 304 2418 ι
345 2367 460 2419 Καὶ
489 2367 607 2434 ἐρεῖ
637 2362 796 2426 Σιὼν,
825 2361 964 2423 Λαός
992 2376 1094 2430 μου
1117 2351 1167 2409 εἶ
1201 2356 1284 2410 συ.
1330 2353 1640 2426 Ἐξεγείρου
1670 2395 1684 2418 ,
1724 2357 1809 2421 ἐξ-

207 2460 456 2530 εγείρου,
495 2454 783 2526 ἀνάστηθι,
821 2451 1198 2523 Ἰερουσαλὴμ,
1236 2452 1269 2518 ἡ
1297 2448 1497 2502 πιοῦσα
1523 2450 1586 2501 ὲκ
1627 2449 1810 2519 χειρὸς

208 2553 420 2624 Κυρίου
467 2549 531 2602 τὸ
557 2548 813 2618 ποτήριον
854 2545 947 2598 τοῦ
989 2542 1163 2614 θυμοῦ
1194 2541 1388 2594 αὑτοῦ·
1440 2541 1499 2594 τὸ
1550 2543 1808 2611 ποτήριον

207 2645 318 2715 γὰρ
351 2645 456 2712 τῆς
497 2639 774 2702 πτώσεως,
809 2638 871 2691 τὸ
905 2637 1060 2690 κόνδυ
1101 2633 1193 2688 τοῦ
1241 2632 1415 2703 Θυμοῦ
1459 2633 1668 2696 ἐξέπιες
1715 2631 1808 2684 καὶ

209 2735 581 2800 ὲξεκένωσας.
611 2752 630 2784 ι
663 2732 845 2784 Ἔοικε
877 2728 1163 2799 σημαίνειν
1191 2725 1278 2778 διὰ
1305 2724 1506 2777 τούτων
1526 2723 1623 2793 τὴν
1649 2723 1810 2791 ἐσχα-

207 2845 309 2898 την
345 2827 524 2895 αὐτῆς
559 2822 786 2886 πτῶσιν,
817 2823 882 2891 ἦν
916 2818 1151 2872 πέπονθε
1189 2817 1325 2888 μετὰ
1368 2816 1437 2868 τὰ
1468 2814 1809 2884 τολμηθέντα

209 2922 268 2972 ὲν
303 2921 448 2989 αὐτῇ
473 2915 616 2970 κατὰ
640 2914 734 2968 τοῦ
762 2914 1011 2984 Σωτῆρος
1046 2911 1200 2980 ἡμῶν
1222 2928 1233 2939 ·
1269 2909 1346 2960 διὸ
1385 2908 1478 2960 καὶ
1512 2908 1610 2975 τῆς
1640 2906 1808 2976 ὀργῆς

209 3012 304 3064 τοῦ
335 3009 478 3064 Θεοῦ
513 3006 798 3078 ἐπειράθη.
826 3002 1072 3076 Χρηστὸς
1105 3001 1159 3053 δὲ
1190 3000 1266 3053 ὢν
1310 3001 1337 3052 6
1381 2999 1537 3066 λόγος
1564 2999 1654 3050 καὶ
1691 2998 1810 3065 φιλ-

211 3104 545 3175 άνθρωπος,
614 3099 708 3151 καὶ
775 3098 848 3167 μὴ
920 3094 1239 3165 βουλόμενος
1287 3091 1378 3144 τὸν
1433 3091 1660 3144 θάνατον
1712 3090 1807 3142 τοῦ

1911 616 2159 668 cutiones
2223 626 2410 670 contra
2477 611 2779 668 Ecclesiam
2845 622 3020 663 meam
3081 609 3308 662 excitari
3359 624 3490 678 pcr-

1910 707 2088 760 mitto.

1981 796 2147 851 Vens.
2185 799 2274 860 Η,
2309 797 2396 852 16.
2433 816 2449 847 ι
2489 795 2642 850 δὀιιι
2674 793 2820 848 enim
2856 793 3115 861 cogitavit
3157 793 3346 847 tollere
3399 802 3490 856 te,

1907 898 1957 941 ct
1994 890 2242 943 nuncubi
2271 901 2352 942 est
2381 889 2530 941 furor
2555 885 2866 940 tribulantis
2888 887 2972 939 Ie?
2995 885 3126 939 Cum
3148 885 3494 938 enimsalva-

1910 983 2079 1044 beris,
2115 997 2220 1034 non
2256 981 2460 1046 stabit,
2489 993 2663 1047 neque
2687 978 2776 1031 diu
2807 979 3142 1045 permanebit
3175 995 3188 1029 :
3228 981 3352 1046 quia
3390 991 3494 1044 ego

1912 1075 2053 1127 Dens
2090 1085 2232 1135 Inus,
2267 1074 2357 1141 qui
2404 1073 2670 1126 conturbo
2706 1085 2876 1133 mare,
2902 1081 2955 1121 et
3003 1085 3196 1122 sonare
3225 1069 3366 1121 facio
3393 1066 3495 1120 flu-

1909 1174 2029 1218 ctus
2057 1165 2174 1234 ejus
2209 1205 2224 1228 ,
2259 1165 2515 1219 Dominus
2568 1163 2808 1218 Sabaoth
2855 1177 3047 1214 nomen
3083 1162 3236 1214 mihi.
3290 1159 3492 1214 Ponant

1909 1260 2071 1311 verba
2107 1273 2225 1310 mea
2281 1259 2332 1310 in
2369 1272 2463 1310 ore
2496 1265 2587 1308 tuo
2611 1295 2626 1318 ,
2660 1264 2716 1310 et
2750 1254 2850 1307 sub
2881 1253 3070 1306 umbra
3109 1268 3305 1306 manus
3358 1268 3494 1306 mea:

1909 1359 2185 1418 protegam
2228 1359 2298 1410 te,
2337 1349 2390 1402 in
2423 1364 2526 1416 qua
2559 1347 2722 1402 statui
2753 1347 2950 1401 caelum
2979 1386 2993 1408 ,
3027 1357 3081 1400 et
3112 1344 3332 1397 fundavi
3386 1353 3495 1398 ter-

1910 1456 2046 1494 ram.
2084 1459 2102 1490 ι
2145 1439 2220 1492 Μ’
2253 1440 2383 1508 quid
2418 1440 2629 1493 adversi
2660 1439 2884 1508 patiaris
2914 1439 2982 1490 ab
3013 1437 3447 1507 oppugnantibus
3475 1478 3493 1504 ,

1911 1535 2019 1587 imo
2048 1543 2104 1587 ιιι
2136 1533 2515 1596 confidentior,
2543 1532 2907 1600 imperterrita
2937 1540 2990 1584 et
3025 1531 3347 1584 inconcussa
3375 1546 3496 1596 per-

1910 1639 2054 1688 su-s,
2094 1627 2274 1679 discas
2312 1641 2397 1678 me
2431 1640 2592 1678 manu
2631 1639 2746 1677 mea
2775 1664 2791 1687 ,
2825 1637 2929 1689 qua
2981 1621 3146 1673 statui
3188 1621 3385 1674 coelum
3442 1630 3496 1676 et

1911 1720 2128 1774 fundavi
2165 1731 2366 1773 terram
2401 1758 2416 1782 ,
2468 1729 2520 1771 et
2552 1717 2865 1772 universum
2912 1717 3168 1768 mundntn
3204 1729 3272 1767 ex
3321 1714 3494 1770 nihilo

1909 1813 1972 1863 ad
2012 1810 2385 1864 exsistenliam
2418 1810 2670 1879 produxi,
2697 1821 2750 1864 te
2780 1817 3152 1876 protecturum
3181 1821 3301 1861 esse
3337 1808 3494 1876 polli-

1909 1903 2041 1957 ceri.
2079 1902 2216 1969 Quid
2249 1917 2378 1972 crgo
2431 1902 2649 1971 angeris
2678 1941 2693 1965 ,
2731 1909 2824 1953 aut
2873 1901 3149 1954 hominum
3204 1901 3496 1958 formidine

1909 1997 2212 2064 occuparis,
2242 2012 2365 2050 cum
2409 1996 2476 2049 ad
2508 1995 2754 2048 umbram
2795 2009 2968 2048 meam
3004 1994 3299 2063 confugere
3324 2034 3338 2058 ,
3394 2009 3494 2050 nec

1911 2090 1978 2142 ab
2011 2103 2071 2141 ea
2103 2089 2356 2143 recedere
2382 2097 2652 2158 oporteat,
2674 2098 2836 2156 atque
2866 2102 3147 2141 sermones
3181 2103 3332 2142 meos
3353 2104 3494 2143 sem-

1911 2196 2007 2251 per
2039 2183 2090 2235 in
2126 2197 2221 2235 ore
2250 2183 2393 2234 ferre
2419 2196 2556 2249 opus
2583 2181 2651 2234 sit
2679 2180 2701 2233 ?

1980 2357 2145 2411 Vnus.
2193 2357 2276 2411 l7.
2314 2375 2331 2408 ι
2373 2358 2434 2411 Ει
2470 2358 2614 2412 dicet
2669 2359 2823 2418 Sion.
2867 2358 3101 2427 Populus
3131 2375 3282 2415 meus
3321 2376 3380 2414 es
3409 2370 3486 2418 tu.

1911 2450 2190 2514 Excitare,
2220 2451 2482 2515 excitare,
2509 2467 2763 2520 exsurge.
2799 2451 3124 2515 Jerusalem,
3153 2467 3274 2521 quae
3304 2453 3487 2508 bibisti

1909 2543 1976 2595 de
2003 2558 2163 2595 manu
2194 2542 2405 2595 Domini
2441 2545 2661 2596 calicem
2692 2543 2890 2595 furoris
2913 2543 3027 2610 ejus
3061 2564 3070 2597 :
3099 2543 3320 2597 calicem
3343 2545 3489 2598 enim

1911 2635 2081 2687 ruina)
2110 2674 2123 2696 ,
2159 2644 2213 2687 et
2259 2635 2507 2703 poculum
2556 2635 2756 2689 fnrmis
2789 2635 2905 2701 ejus
2934 2635 3149 2688 ebibiin
3183 2645 3236 2690 et
3263 2652 3494 2690 evacua-

1910 2727 2000 2780 5ti.
2039 2745 2056 2778 ι
2091 2726 2184 2781 llis
2205 2727 2418 2780 videtur
2449 2728 2760 2796 signiﬁcare
2783 2739 3084 2780 extremam
3114 2727 3230 2793 ejus
3253 2729 3486 2789 ruinam,

1909 2834 2070 2887 quam
2121 2828 2241 2889 post
2293 2828 2598 2886 perpetrata
2649 2818 2850 2872 ibidem
2906 2826 3098 2872 c0ntra
3149 2817 3487 2870 Salvatoretn

1912 2921 2151 2965 nostrum
2187 2911 2423 2964 facinora
2463 2925 2717 2980 perpessa
2746 2922 2832 2963 est
2861 2928 2873 2961 ε
2903 2925 3074 2978 quare
3112 2909 3247 2962 iram
3285 2907 3374 2960 Dei
3395 2921 3492 2959 ex-

1911 3011 2057 3071 pcrta
2085 3012 2183 3056 est.
2208 3002 2340 3055 Cum
2357 3009 2532 3055 autem
2557 3003 2641 3055 hic
2664 3016 2841 3056 sermo
2862 3001 2971 3070 (ιίΟ)
2996 3000 3404 3054 mansuetudine
3437 3008 3493 3051 et

1911 3094 2249 3146 humanitate
2293 3093 2484 3161 plenus
2531 3093 2640 3157 sit,
2685 3108 2860 3160 neque
2908 3094 3034 3147 velit
3086 3092 3227 3145 Dens
3260 3101 3492 3144 mortem

215 3191 574 3266 ἁμαρτωλοῦ,
620 3189 696 3253 ὼς
717 3189 814 3258 τὴν
853 3187 1140 3258 μετάνοιαν
1181 3185 1366 3248 αὐτοῦ,
1424 3186 1675 3254 παραινεῖ
1714 3181 1809 3233 αὐ-

1914 3185 2209 3255 peccatoris
2235 3226 2248 3243 .
2285 3186 2426 3238 sicut
2478 3186 2854 3252 pmnitentiam
2890 3183 3027 3250 ejus,
3063 3185 3314 3237 hortatur
3350 3184 3495 3253 ipsos

212 3289 328 3348 τοῖς
353 3284 610 3338 σπεύδειν
643 3283 721 3343 είς
761 3281 1067 3351 μετάνοιαν,
1100 3279 1434 3348 ὑπογράφων
1481 3275 1692 3344 ἀγαθὰς
1724 3274 1810 3326 ὲλ-

213 3376 377 3438 πίδας
403 3378 452 3428 εἰ
482 3373 885 3443 μετανοήσειεν.
933 3370 1141 3422 Οὐκοῦν
1192 3363 1546 3439 Ἰερουσαλήμ
1585 3369 1733 3419 ἐστιν
1773 3369 1806 3436 ἡ

215 3468 425 3521 πιοῦσα
453 3467 517 3519 τὸ
552 3465 809 3534 ποτήριον
841 3463 938 3532 τῆς
961 3463 1149 3534 ὀργῆς.
1189 3463 1298 3515 Καὶ
1333 3463 1480 3512 ἐστιν
1514 3460 1673 3529 ἑτέρα
1715 3460 1810 3509 ’ἰε-

219 3557 532 3627 ρουσαλὴμ,
578 3555 707 3626 περὶ
737 3549 804 3625 ἧς
833 3551 901 3605 τα
934 3552 1165 3621 μάλιστα
1204 3551 1470 3614 θεσπίζει.
1523 3551 1720 3619 Διόπερ
1748 3551 1808 3600 οὐ

213 3650 323 3721 χρὴ
361 3646 707 3717 συγχεῖσθαι,
754 3645 873 3697 οὐδὲ
907 3644 1144 3713 νομίζειν
1191 3645 1317 3714 περὶ
1369 3642 1468 3712 τῆς
1515 3644 1687 3712 αὐτῆς
1727 3641 1810 3693 λέ-

214 3742 437 3810 γεσθαι,
471 3739 592 3792 οὐδὲ
618 3737 851 3790 ἐναντία.
890 3736 953 3788 Ἥ
991 3736 1088 3806 μὲν
1130 3735 1236 3806 γάρ
1281 3737 1428 3787 ἐστιν
1466 3736 1522 3786 ἐν
1569 3734 1807 3804 οὐρανῷ,

211 3830 282 3906 ἧς
314 3834 416 3886 καὶ
448 3829 755 3901 βασιλεύειν
784 3827 999 3895 λέγεται
1028 3828 1055 3878 6
1087 3827 1238 3890 Θεὸς,
1269 3823 1336 3897 ἦς
1364 3825 1473 3878 οὔτ’
1513 3825 1651 3895 ὀργὴ
1689 3825 1810 3878 οὔτε

215 3923 398 3995 Θυμὸς
446 3923 706 3975 ἅπτεται·
753 3917 961 3988 ἀπέδρα
1006 3917 1113 3987 γὰρ
1158 3915 1318 3983 ὀδύνη
1367 3915 1464 3966 καὶ
1511 3916 1676 3985 λύπη,
1717 3915 1812 3967 καὶ

217 4012 534 4082 στεναγμὸς
568 4011 626 4076 ἐξ
669 4009 863 4078 αὐτῆς·
897 4010 928 4078 ή
960 4007 1015 4060 δέ
1063 4009 1176 4059 ἐστι
1209 4004 1522 4058 συνεστῶσα
1572 4007 1665 4057 ἐπὶ
1711 4006 1813 4075 γῆς

213 4105 310 4158 τοῦ
343 4101 486 4157 Θεοῦ
515 4102 688 4164 πόλις,
721 4101 787 4152 δι’
830 4096 896 4172 ἦς
930 4100 1319 4168 ἁπεδείκνυμεν
1356 4098 1720 4167 σημαίνεσθαι
1752 4099 1812 4150 τὸ

217 4193 479 4256 Θεοσεϐὲς
519 4194 576 4244 ὲν
613 4191 920 4262 ἀνθρώποις
977 4192 1306 4262 πολίτευμαο
1354 4191 1518 4259 ἑτέρα
1549 4189 1607 4242 δὲ
1663 4193 1812 4260 παρὰ

214 4286 431 4349 ταύτας
463 4284 585 4336 ἐστὶ
617 4285 649 4354 ή
687 4283 778 4335 τοῦ
815 4282 985 4354 θυμοῦ
1008 4283 1100 4336 τοῦ
1131 4284 1266 4337 Θεοῦ
1306 4283 1689 4354 πεπειραμένη
1725 4283 1812 4338 διὰ

215 4380 318 4452 τῆς
341 4379 456 4433 τῶν
485 4377 789 4447 οἰκητόρων
823 4377 1183 4447 παρανομίας,

295 4489 314 4522 ι
355 4471 472 4524 Καὶ
508 4470 609 4522 οὐκ
652 4465 718 4539 ἦν
757 4469 785 4518 6
819 4469 1152 4538 παρακαλῶν
1187 4487 1244 4522 σε
1286 4471 1396 4524 ἀπὸ
1440 4473 1660 4526 πάντων
1706 4470 1813 4523 τῶν

1915 3288 1972 3332 ιιι
2023 3279 2091 3332 ad
2163 3277 2533 3346 paenitentiam
2601 3277 2865 3346 agendam
2936 3284 3244 3339 maturent,
3299 3277 3494 3332 bonam

1915 3371 2043 3439 ipsis
2071 3386 2241 3439 spem,
2273 3371 2314 3423 si
2349 3369 2696 3435 resipiscam.
2740 3368 3047 3421 ascribcns.
3100 3366 3289 3436 Itaque
3340 3366 3496 3423 Jeru-

1913 3463 2077 3517 salem
2110 3472 2212 3523 est,
2240 3476 2358 3529 qua:
2393 3461 2618 3513 calicem
2649 3461 2741 3512 irae
2771 3459 2958 3513 ebibit.
2992 3460 3196 3528 Estque
3224 3477 3358 3516 sane
3385 3462 3490 3516 alia

1911 3553 2236 3619 Jerusalem,
2266 3556 2331 3606 de
2359 3567 2462 3621 qna
2497 3552 2811 3620 frequenter
2847 3553 3198 3607 vaticinatur.
3239 3555 3492 3624 Quapro-

1912 3658 2032 3717 pter
2062 3663 2165 3701 uon
2204 3654 2418 3716 oportet
2467 3659 2562 3698 eas
2615 3644 2974 3698 connnisccre
3017 3655 3070 3698 et
3122 3647 3492 3713 confundere,

1915 3755 2083 3809 neque
2110 3753 2302 3806 putare
2327 3738 2393 3791 de
2418 3737 2606 3790 eadem
2643 3737 2921 3788 contraria
2952 3736 3203 3803 proferri.
3234 3735 3367 3790 Nam
3387 3739 3492 3793 alia

1913 3832 1966 3885 in
1996 3832 2134 3886 emlo
2167 3839 2271 3893 est,
2305 3831 2356 3882 in
2389 3843 2492 3897 qua
2526 3842 2758 3898 regnare
2802 3828 3001 3882 dicitur
3036 3828 3197 3890 Deus,
3225 3840 3277 3882 et
3302 3833 3493 3884 adver.

1914 3939 2006 3978 sns
2037 3939 2197 3992 quam
2235 3936 2332 3999 nec
2358 3923 2434 3974 ira
2473 3935 2571 3974 nec
2604 3921 2755 3974 furor
2779 3920 3129 3983 accenditur;
3161 3921 3228 3973 ab
3251 3938 3309 3972 ea
3340 3939 3491 3975 natu-

1914 4032 2017 4085 que
2041 4016 2212 4080 dolor,
2241 4030 2441 4069 mmror
2485 4028 2547 4067 ac
2590 4012 2824 4082 gemitus
2871 4012 3175 4077 abscessit;
3215 4013 3316 4066 alia
3360 4029 3490 4069 vero

1914 4108 2104 4162 civitas
2138 4109 2227 4161 Dei
2265 4108 2315 4160 in
2349 4114 2493 4160 terra
2531 4105 2836 4159 consistens
2867 4114 2982 4182 est,
3015 4119 3176 4172 quant
3208 4104 3490 4174 significa-

1916 4215 1972 4255 re
2021 4202 2255 4254 dixtmns
2283 4199 2595 4268 religiosum
2627 4198 2766 4265 apud
2803 4198 3049 4250 homines
3094 4196 3306 4249 vivendi
3342 4197 3494 4251 insti-

1917 4303 2087 4345 tnttnn
2115 4311 2128 4357 ;
2167 4303 2362 4360 prteter
2394 4293 2556 4344 hasce
2583 4304 2709 4343 vero
2733 4289 2834 4341 alia
2866 4297 2970 4354 est,
2990 4287 3124 4341 iram
3148 4287 3236 4340 Dei
3267 4299 3489 4356 experta

1915 4386 1983 4439 ob
2012 4387 2209 4438 civintn
2246 4400 2464 4438 suornnt
2501 4383 2866 4451 iniquitatem.

1995 4476 2155 4531 Vens.
2191 4478 2277 4540 18,
2330 4476 2410 4530 l9.
2455 4494 2471 4526 ι
2520 4476 2582 4530 Et
2611 4483 2862 4532 nouerat
2893 4473 2982 4545 qui
3016 4472 3388 4527 consolaretur
3439 4483 3492 4527 te

213 4563 428 4619 τέκνων
464 4579 584 4624 σου,
626 4553 700 4612 ὧν
735 4560 918 4621 ἔτεκες
939 4577 951 4588 ·
990 4561 1081 4612 καὶ
1125 4561 1223 4613 οὐκ
1267 4557 1336 4631 ἦν
1361 4563 1388 4614 6
1418 4561 1809 4631 ἀντιλαμϐανό-

1923 4583 1988 4622 ex
2020 4571 2272 4622 onmibus
2303 4569 2426 4621 filiis
2455 4570 2580 4629 tuis,
2617 4585 2754 4638 quos
2786 4569 3039 4638 peperisti
3077 4587 3088 4620 :
3120 4579 3170 4621 et
3223 4586 3328 4622 non
3375 4579 3492 4623 erat

219 4673 385 4728 μενος
417 4657 518 4726 τῆς
545 4652 724 4724 χειρός
743 4669 858 4714 σου,
881 4651 999 4704 οὐδὲ
1024 4653 1129 4708 ἀπὸ
1147 4653 1363 4706 πάντων
1391 4654 1498 4708 τῶν
1530 4653 1664 4707 υἱῶν
1695 4671 1810 4718 σου,

214 4744 290 4804 ὧν
323 4751 576 4820 ὖψωσας.
619 4745 708 4798 Διὸ
741 4744 909 4798 ταῦτα
962 4745 1310 4816 ἀντικείμενά
1351 4763 1465 4798 σοι’
1501 4747 1589 4808 τίς
1624 4745 1815 4797 συλλυ-

217 4841 536 4915 πηθήσεταί
591 4856 706 4903 σοι;
760 4838 966 4909 Πτῶμα
1000 4840 1094 4892 καὶ
1137 4838 1470 4910 σύντριμμα.
1515 4839 1677 4908 λιμὸς
1721 4840 1814 4890 καὶ

219 4937 473 5008 μάχαιρα
493 4951 505 4962 ·
543 4932 628 4994 τίς
657 4931 1022 5003 παρακαλέσει
1052 4950 1110 4985 σε
1136 4949 1150 4996 ;
1189 4952 1206 4984 ι
1246 4934 1395 4986 Πίνει
1425 4933 1481 4986 δέ
1512 4949 1601 4994 τις
1624 4933 1685 4984 τὸ
1717 4950 1814 4984 πο-

213 5030 408 5101 τήριον
442 5024 623 5096 Θυμοῦ
650 5025 742 5076 καὶ
771 5024 1046 5088 πτώσεως,
1073 5026 1166 5078 καὶ
1210 5025 1376 5077 πίνων
1402 5023 1814 5095 ἐκστραγγίζει,

214 5122 304 5175 ὅτε
332 5121 522 5182 πάσας
556 5117 848 5185 ὑφίσταται
879 5118 976 5182 τὰς
1012 5117 1277 5188 τιμωρίας
1313 5117 1407 5170 καὶ
1431 5117 1530 5181 τὰς
1566 5115 1815 5176 κολάσεις

215 5215 314 5278 τὰς
339 5211 698 5282 ἐπαγομένας
740 5211 875 5281 ὑπὲρ
910 5204 982 5263 ὧν
1019 5210 1250 5282 ἔπραξεν
1287 5211 1680 5279 ἁτοπημάτων.
1730 5207 1814 5268 Ὠς

215 5307 271 5360 δὲ
300 5306 508 5378 ίατρῶν
540 5303 731 5364 παῖδες
757 5305 868 5364 τοῖς
895 5302 1217 5372 καχεκτοῦσι
1270 5300 1469 5371 πικρὰς
1503 5298 1817 5370 προσάγου-

215 5416 303 5454 σιν
325 5399 658 5459 ἁντιδόσεις,
682 5396 821 5465 ὑπὲρ
845 5393 935 5447 τοῦ
956 5394 1187 5465 καθᾶραι
1225 5392 1321 5464 τὴν
1372 5393 1429 5445 ὲν
1471 5393 1551 5462 τῷ
1606 5388 1816 5458 σώματι

216 5493 600 5564 προκειμένην
635 5488 901 5541 κάκωσιν·
940 5485 1078 5538 οὕτω
1119 5489 1212 5540 καὶ
1253 5488 1381 5558 περὶ
1421 5488 1513 5541 τοῦ
1543 5483 1681 5537 Θεοῦ
1729 5484 1813 5536 λέ-

216 5585 426 5648 λεκται,
458 5601 476 5634 ι
509 5582 777 5651 Ποτήριον
806 5581 862 5633 ἐν
897 5581 1037 5651 χειρὶ.
1065 5581 1288 5652 Κυρίου,
1321 5580 1464 5634 οἴνου
1492 5579 1760 5648 ἀκράτου,
1786 5599 1802 5629 ι

293 5684 338 5715 ’⁸
377 5679 531 5735 Psal.
577 5691 758 5737 LXXIV,
789 5675 841 5730 9.

1921 4662 2011 4729 qui
2065 4661 2494 4730 appreltendcret
2529 4677 2746 4713 manum
2796 4670 2940 4713 tuam
2969 4700 2983 4725 ,
3023 4675 3088 4713 ne
3121 4676 3185 4714 ex
3240 4662 3493 4717 omnibus

1921 4752 2137 4822 quidem
2175 4753 2298 4806 filiis
2322 4755 2428 4806 tuis
2453 4791 2467 4813 ,
2501 4768 2635 4820 quos
2665 4752 2938 4805 cxaltasti.
2981 4751 3161 4816 Quare
3193 4755 3306 4807 haec
3353 4772 3486 4810 con-

1924 4845 2086 4898 traria
2123 4845 2217 4900 tibi
2267 4859 2281 4898 :
2327 4845 2449 4914 quis
2479 4855 2653 4898 tecum
2691 4844 3157 4898 contristabitur?
3213 4846 3387 4900 Ruina
3437 4859 3491 4902 et

1923 4937 2198 5002 contritio,
2235 4936 2403 4990 fames
2430 4945 2483 4990 et
2517 4937 2758 5004 gladius;
2795 4937 2914 5006 quis
2944 4937 3311 4991 consolabltur
3342 4941 3435 4994 te?
3465 4961 3484 4993 ι

1924 5022 2204 5099 Tum'quis
2231 5029 2458 5084 calicem
2515 5030 2607 5084 ἱνα»
2636 5040 2690 5083 et
2726 5030 2894 5082 ruime
2933 5030 3132 5096 ebibit,
3182 5045 3245 5084 ac
3301 5032 3494 5087 bibcns

1922 5124 2174 5192 guttatim
2217 5123 2423 5185 haurit,
2453 5137 2574 5176 cum
2616 5122 2792 5174 omnia
2826 5120 3086 5190 supplicia
3114 5161 3127 5184 ,
3155 5136 3344 5175 omnes
3380 5126 3495 5178 illa-

1924 5224 2005 5268 tos
2019 5216 2293 5268 cruciatus
2322 5215 2550 5268 sustinet
2579 5230 2676 5282 pro
2697 5214 2986 5267 sceleribus
3009 5213 3276 5266 admissis.
3295 5212 3498 5278 Quem-

1921 5307 2206 5360 admodum
2240 5323 2366 5361 vero
2398 5309 2589 5362 medici
2645 5307 2784 5361 male
2817 5306 3141 5359 habentibus
3183 5307 3376 5360 acerba
3411 5325 3448 5360 rt
3470 5337 3496 5347 -

1923 5398 2096 5450 media
2141 5395 2373 5452 offerunt
2401 5439 2415 5462 ,
2465 5408 2522 5452 ιιι
2568 5397 2952 5466 malignitatem
2985 5398 3291 5464 incorpore
3344 5399 3492 5450 exsi-

1919 5499 2154 5544 stentetn
2183 5503 2501 5560 expurgem,
2532 5492 2600 5544 ita
2625 5501 2679 5544 et
2711 5490 2777 5544 de
2811 5490 2916 5543 Deo
2938 5490 3155 5550 dicitur,
3203 5507 3220 5539 ι
3245 5489 3393 5542 Calix
3434 5490 3488 5542 in

1920 5600 2079 5637 manu
2114 5586 2345 5653 Dontini,
2372 5587 2479 5641 vini
2505 5589 2636 5641 meri
2656 5587 2722 5653 ”,
2759 5603 2779 5638 ι
2805 5594 3086 5640 ett-aitera.
3120 5583 3334 5637 Atenitn
3371 5584 3493 5636 ani-

285 5777 397 5842 (40)
418 5769 941 5859 Forge'vor-(Erzrcit,
965 5773 1249 5859 1676;..pr'o
1269 5772 1404 5827 Filio
1427 5774 1526 5859 Dei
1562 5777 1740 5859 aptius
1770 5792 1809 5829 st

1913 5782 2104 5859 iretur,
2139 5775 2403 5859 siquidem
2432 5773 2517 5830 ille
2554 5773 2710 5842 λόγος
2733 5773 2932 5829 dicitur
2958 5771 3033 5842 μὴ
3055 5768 3372 5842 βουλόμενοῐ
3399 5765 3491 5820 τδν

217 5847 445 5903 θᾶνατον
460 5843 563 5898 τοῦ
587 5843 930 5910 ἁμαρτω).οῆ
954 5846 1090 5912 quod
1114 5843 1177 5899 di:
1207 5844 1333 5908 lico,
1359 5861 1464 5899 non
1493 5848 1559 5901 de
1588 5843 1798 5915 Scriptu

1913 5846 1998 5900 Iici
2029 5848 2185 5902 solet.
2217 5845 2373 5899 Eutr.
3535 5855 3538 5858 '
