4124 6404
671 369 777 423 «6ῧὸ

1346 361 1611 420 EUSEDH
1652 356 2121 417 CIESARIENSIS
2159 354 2307 411 OPP.
2348 350 2528 408 PARS
2566 350 2653 405 ill.
2691 377 2759 392 —-—
2798 344 3204 404 EXEGETICA.

3797 333 3902 390 L56

672 499 830 546 erant
856 502 1080 560 corpora
1111 486 1374 556 ipsorum,
1403 500 1433 537 a
1465 482 1691 537 Domino
1724 480 1915 547 electa,
1954 479 2007 533 in
2037 477 2236 534 sancti-

2340 473 2541 546 Κυρίου
2588 468 2656 542 ῆν
2697 470 2765 523 τά
2807 462 3271 539 ὲκλεχθέντατύπθ
3303 459 3396 516 τοῦ
3429 454 3640 529 Κυρίου
3676 454 3904 560 σώματα

675 591 785 636 tate
822 589 876 637 et
907 582 1110 637 honore
1142 580 1252 633 Deo
1285 585 1563 646 segregata
1591 592 1606 639 ;
1639 574 1750 629 sive
1778 573 1941 627 etiam
1970 586 2097 627 vasa
2126 571 2230 627 Do-

663 672 804 728 mini
852 679 1010 726 erant
1047 668 1185 723 Novi
1235 666 1564 721 Testamenti
1609 664 1939 734 Evangelia:
1973 678 2094 733 qua:
2142 662 2233 732 qui

662 780 755 833 ges
772 762 976 824 tabent,
1032 763 1097 815 ab
1132 756 1498 813 incredulitate
1528 756 1833 811 Iudaeorum
1862 767 2115 810 amovere
2150 768 2231 819 se,

662 855 727 906 ab
767 851 943 921 iisque
968 866 1027 907 se
1054 862 1372 920 segregare,
1403 845 1682 915 iubentur.

746 1039 909 1094 Vens.
939 1038 1025 1093 12.
1081 1057 1099 1089 ι
1129 1037 1261 1104 Quia
1296 1052 1405 1092 non
1437 1049 1560 1092 cum
1599 1034 1824 1091 tumultu
1855 1034 2109 1101 exibitis,
2140 1049 2237 1091 ne-

671 1144 777 1196 que
832 1127 1093 1198 fugientes
1160 1127 1307 1181 ibitis
1347 1144 1362 1181 :
1399 1126 1665 1197 praecedet
1716 1126 1859 1181 enim
1909 1141 2003 1180 vos
2054 1123 2235 1180 Domi-

675 1236 817 1285 nus,
874 1229 929 1276 et
984 1220 1074 1289 qui
1133 1227 1427 1289 congregat
1474 1232 1571 1273 vos
1624 1216 1766 1273 Deus
1816 1215 2005 1272 lsrael.
2037 1232 2059 1268 ι
2116 1214 2234 1270 Non

672 1313 814 1365 enim
870 1312 1023 1381 quasi
1075 1310 1334 1381 compulsi
1384 1310 1449 1364 ad
1496 1308 2009 1365 circumcursandas
2050 1318 2237 1379 gentes

671 1403 1003 1459 accedebant
1051 1399 1313 1470 apostoli;
1366 1401 1459 1455 sed
1506 1415 1627 1456 cum
1672 1399 1817 1455 omni
1864 1398 2142 1454 alacritate
2181 1406 2235 1453 et

671 1494 965 1549 voluntatis
1011 1492 1225 1559 aifectu,
1275 1489 1415 1563 ξιιεεί
1462 1491 1658 1547 docere
1705 1504 1894 1546 omnes
1953 1497 2139 1561 gentes
2179 1488 2234 1543 in

675 1587 894 1641 nomine
927 1582 1060 1651 ejus.

747 1676 911 1735 Vens.
945 1678 1030 1732 is.
1069 1695 1087 1728 ι
1114 1675 1251 1731 Ecce
1281 1673 1535 1743 intelliget
1564 1688 1697 1743 puer
1724 1685 1894 1736 meus,
1925 1681 1982 1727 et
2020 1680 2232 1728 erada-

674 1767 843 1833 bitur,
896 1777 949 1821 et
978 1764 1365 1837 gloriﬁcabitur
1395 1764 1565 1818 valde.
1593 1782 1612 1815 ι
1673 1762 1839 1829 Queis
1878 1761 2232 1819 resurrectio~

2332 564 2531 628 αὺτιτιν,
2569 564 2625 615 ὲν
2654 561 2930 633 ἁγιωσύνῃ
2958 557 3051 613 καὶ
3072 558 3207 627 τιμῇ
3245 553 3324 625 τῷ
3344 551 3463 622 Θεῷ
3502 546 3863 621 ἀφωρισμινα
3882 560 3901 577 ·

2331 656 2365 727 ἢ
2397 655 2489 709 καὶ
2523 652 2693 722 σκεύη
2737 650 2943 722 Κυρίου
2969 648 3234 719 ἐτύγχανε
3256 646 3326 700 τά
3356 645 3454 715 τῆς
3476 640 3689 710 Καινῆς
3714 637 3907 709 Διαθήο

2331 764 2433 817 κης
2477 743 2813 813 Εὑαγγέλιαο
2864 740 3007 810 ἅπερ
3040 736 3527 808 ἐπικομιζομένους
3567 729 3905 786 ἀπαλλάττε-

2334 839 2457 893 σθαι
2490 837 2588 908 τῆς
2630 834 2882 897 ἀπιστίας
2921 831 3016 885 τοῦ
3071 829 3342 884 Ἰουδαίων
3386 824 3539 891 λαοῦ,
3577 823 3671 877 καὶ
3712 820 3907 893 ἀφορί-

2333 930 2518 997 ζεσθαι
2546 926 2724 983 αὐτῶν
2752 925 3095 996 προστάττει.

2409 1042 2428 1075 ι
2459 1023 2581 1082 Ὅτι
2610 1022 2671 1073 ob
2712 1016 2849 1089 μετὰ
2885 1014 3131 1088 ταραχῆς
3164 1003 3512 1077 ἕξελεύσεσθε
3533 1048 3550 1072 ,
3589 1005 3710 1061 abab
3756 1006 3902 1076 φυγῇ

2334 1110 2665 1187 πορεύσεσθε
2686 1126 2700 1141 ⁸
2733 1106 3164 1183 προπορεύσεται
3194 1102 3301 1173 γὰρ
3323 1100 3583 1172 πρότερος
3607 1096 3764 1168 ὑμῶν
3794 1094 3906 1187 Κό-

2338 1185 2469 1279 ριος,
2493 1201 2585 1257 καὶ
2612 1203 2642 1254 ι
2664 1200 3006 1268 ὲπισυνάγων
3033 1196 3173 1267 ὑμᾶς
3197 1194 3331 1258 Θεὸς
3371 1188 3601 1262 Ἰσραήλ.
3643 1208 3663 1240 ι
3696 1187 3774 1241 Οὐ
3794 1185 3906 1257 γάρ

2331 1278 2409 1367 ὡς
2461 1298 2801 1367 ἐλαυνόμενοι
2853 1290 3155 1365 προσῆλθον
3207 1290 3287 1352 είς
3345 1284 3443 1355 τὴν
3494 1282 3746 1353 περίοδον
3794 1278 3902 1332 τῶν

2334 1392 2503 1448 ἐθνῶν
2524 1390 2574 1443 oi
2608 1384 2917 1447 ἀπόστολοι,
2951 1381 3087 1438 ἀλλά
3116 1377 3396 1452 προθυμίᾳ
3427 1375 3578 1446 πάσῃ
3600 1374 3694 1426 καὶ
3711 1387 3905 1443 προαιι

2334 1487 2483 1559 ρέσει
2525 1483 2876 1553 αὑτεξουσίῳ,
2917 1476 3299 1540 κελευσθέντες
3346 1469 3681 1545 μαθητεῦσαι
3724 1467 3905 1521 πάντα

2332 1577 2402 1631 τά
2429 1576 2553 1647 ἔθνη
2583 1577 2639 1629 ὲν
2658 1575 2739 1646 τῷ
2768 1566 3178 1643 ὀνόματιαὺτοῦ

2394 1683 2414 1717 ι
2436 1645 2567 1718 Ἱδοθ
2586 1645 2846 1733 συνήσειό
2862 1663 2989 1723 παῖς
3014 1675 3136 1730 μου,
3150 1656 3246 1710 καὶ
3262 1652 3626 1724 ὑψωθήσεται,
3640 1648 3736 1703 καὶ
3758 1645 3908 1712 δοξα-

2336 1757 2587 1830 σθήσεται
2602 1756 2823 1828 σφόδρα.
2837 1772 2855 1805 ι
2868 1754 2943 1805 Δι’
2960 1745 3033 1807 ὧν
3043 1750 3141 1821 τὴν
3155 1746 3291 1820 μετά
3314 1746 3404 1799 τὸν
3428 1743 3654 1798 θάνατον
3673 1738 3906 1830 ἀνάσταέ

675 1874 796 1913 nem
828 1873 856 1910 a
887 1858 1131 1918 mortuis,
1180 1854 1599 1923 assumptionem
1648 1853 1773 1908 item
1823 1851 1875 1905 iu
1916 1850 2131 1915 calum,
2174 1862 2231 1906 et

2340 1829 2434 1915 σιν,
2454 1849 2546 1903 καὶ
2558 1848 2656 1918 τήν
2672 1850 2751 1911 είς
2765 1845 3023 1916 οὐρανοὺς
3037 1840 3300 1911 ἀναληψίν
3318 1854 3378 1891 τε
3389 1837 3482 1892 καὶ
3496 1835 3702 1906 ὕψωσιν
3715 1829 3908 1903 σημαι-

672 1948 1051 2003 exaltationem
1101 1945 1391 2016 significat.
1442 1943 1668 1998 Servum
1706 1958 1889 2012 porro,
1934 1941 2227 1998 secundum

675 2039 943 2107 Aquilam,
1000 2053 1123 2093 eum
1165 2037 1285 2104 jure
1334 2043 1627 2101 nuncupat,
1672 2034 1742 2088 ob
1788 2032 1931 2088 servi
1982 2031 2230 2096 formam,

674 2144 836 2197 quam
884 2126 1106 2195 accepit.
1165 2122 1295 2178 Nam
1345 2123 1487 2177 Deus
1528 2120 1783 2185 Verbum,
1840 2121 2233 2191 «semetipsum

676 2218 971 2273 cxinanivit
1021 2231 1141 2270 cum
1190 2215 1240 2268 in
1290 2213 1462 2267 forma
1509 2213 1602 2269 Dei
1653 2222 1817 2280 esset,
1859 2222 1917 2268 ut
1962 2214 2037 2267 ait
2081 2226 2236 2267 sacer

673 2309 1026 2381 Apostolus‘,
1063 2308 1289 2361 formam
1322 2305 1461 2359 servi
1503 2303 1808 2373 accipiens,
1841 2311 1896 2358 et
1937 2301 2120 2358 habitu
2152 2303 2236 2358 in—

674 2408 867 2453 ventus
902 2409 960 2450 ut
992 2400 1177 2451 homo.
1208 2417 1227 2449 ι
1265 2398 1463 2451 Verum
1507 2397 1620 2464 ipse
1652 2412 1783 2467 puer
1808 2405 1862 2449 et
1902 2408 2090 2449 servus
2119 2394 2234 2457 Dei,

674 2488 820 2541 tmttti
867 2486 1127 2555 sapientia
1166 2496 1223 2539 et
1276 2485 1499 2539 scientia
1534 2484 1885 2555 rcplebatur,
1925 2482 2069 2553 quod
2104 2481 2235 2538 Ver-

678 2578 803 2632 bum
830 2577 920 2630 Dei
955 2577 1005 2629 in
1036 2590 1094 2628 se
1121 2576 1442 2632 contineret.

749 2668 914 2723 Vens.
933 2667 1019 2728 l4,
1051 2666 1136 2722 l5.
1171 2685 1189 2718 ι
1217 2667 1367 2721 Sicut
1393 2665 1855 2735 stnpehuntsuper
1882 2671 1935 2718 te
1959 2661 2131 2729 multi,
2160 2662 2239 2719 sic

680 2758 905 2829 ingloria
939 2758 1043 2812 erit
1090 2760 1156 2811 ab
1214 2755 1521 2812 hominibus
1558 2754 1765 2825 Species
1811 2763 1922 2820 tua,
1969 2764 2024 2809 et
2072 2753 2237 2826 gloria

2332 1955 2429 1995 νει.
2478 1936 2671 1991 Δοῦλον
2694 1937 2750 1992 δὲ
2772 1934 2954 1999 αὐτὸν,
2987 1932 3128 1988 κατά
3154 1931 3246 1984 τὸν
3261 1926 3511 1991 Ἀκύλαν,
3531 1925 3755 1988 εἰκότως
3782 1924 3911 1976 ἀποι

2334 2030 2486 2085 καλεί
2498 2029 2585 2084 διὰ
2594 2030 2691 2101 τὴν
2711 2027 2919 2100 μορφὴν
2928 2024 3021 2078 τοῦ
3036 2023 3239 2086 δούλου,
3252 2022 3319 2094 ήν
3329 2019 3602 2091 ἀνείληφε.
3614 2036 3633 2070 ι
3651 2012 3900 2070 Ἑαυτὸν»

2334 2120 2441 2191 γὰρ
2471 2139 2489 2172 ι
2516 2119 2781 2172 ἐκένωσεν
2801 2118 2859 2169 ὲν
2882 2115 3061 2185 μορφῇ
3082 2106 3218 2164 Θεοῦ
3242 2109 3500 2178 ὑπάρχων
3521 2104 3653 2168 Θεὸς
3670 2102 3895 2171 Λόγος.»

2334 2190 2478 2263 καῖτά
2492 2208 2582 2261 τὸν
2601 2207 2745 2279 ίερδν
2759 2203 3078 2259 ’Δπόστολον
3092 2242 3107 2266 ,
3130 2218 3151 2253 ι
3174 2200 3384 2272 μορφὴν
3398 2196 3583 2251 δούλου
3600 2193 3801 2257 λαθὼν,
3815 2190 3907 2255 καὶ

2336 2302 2575 2372 σχήματι
2600 2296 2845 2371 εὑρεθεὶς
2865 2296 2943 2360 ὠς
2974 2296 3279 2365 ἄνθρωπος.
3313 2310 3332 2343 ι
3363 2289 3503 2343 Ἀλλ’
3532 2286 3695 2350 αὐτὸς
3725 2286 3755 2339 ό
3777 2284 3907 2345 παις

2336 2388 2429 2443 τοῦ
2470 2387 2605 2442 Θεοῦ
2647 2386 2743 2442 καὶ
2773 2383 2957 2447 δοῦλος
3000 2383 3183 2453 πάσης
3224 2376 3527 2452 επληροῦτο
3577 2377 3771 2445 σοφίας
3811 2372 3907 2427 καὶ

2336 2477 2663 2547 ἐπιστήμης,
2696 2474 2788 2529 τὸν
2814 2470 2949 2527 Θεοῦ
2976 2471 3141 2540 Λόγον
3164 2470 3246 2534 είς
3271 2466 3433 2523 αὑτὸν
3470 2466 3755 2539 χωρήσας.

2414 2677 2434 2711 ι
2471 2658 2571 2711 Ὃν
2600 2656 2799 2730 τρόπον
2845 2654 3202 2724 ἐκστήσονται
3248 2650 3345 2704 ἐπὶ
3393 2649 3453 2704 σε
3494 2646 3702 2711 πολλοὶ,
3734 2645 3905 2708 οὕτως

2340 2748 2589 2821 ἀδοξήσει
2614 2748 2723 2803 ἀπὸ
2749 2746 2857 2801 τῶν
2885 2744 3184 2818 ἀνθρώπων
3204 2742 3265 2797 τὸ
3287 2737 3422 2803 εἶδός
3447 2756 3562 2805 σου,
3594 2737 3689 2793 καὶ
3715 2738 3751 2808 ή

682 2826 771 2907 tua
797 2864 825 2902 a
856 2849 978 2903 [iliis
1019 2848 1319 2902 hominum.
1364 2845 1440 2900 lta
1470 2848 1809 2901 mirabuntur
1838 2854 2026 2915 gentes
2064 2844 2239 2900 multa;

2341 2856 2434 2893 σου
2483 2837 2591 2893 ἀπὸ
2631 2837 2740 2891 τῶν
2782 2834 2913 2889 υίῶν
2960 2831 3278 2905 ἀνθρώπων.
3342 2828 3499 2885 Οὕτω
3538 2826 3908 2898 θαυμάσωνται

678 2955 841 3009 super
868 2955 954 3004 eo,
988 2948 1042 2994 et
1082 2937 1434 2993 continebunt
1462 2950 1613 3006 reges
1639 2951 1701 2991 os
1729 2950 1886 2990 suum
1915 2952 1930 2990 :
1970 2934 2094 3005 quia
2122 2935 2239 3005 qui-

2340 2929 2466 3001 ἔθνη
2487 2927 2656 2982 πολλά
2682 2926 2945 2996 ὲπάὐτῷ,
2968 2924 3064 2978 καὶ
3092 2922 3369 2987 συνέξουσι
3392 2918 3629 2992 βασιλεῖς
3650 2916 3713 2972 τὺ
3735 2916 3908 2987 στόμα

680 3006 782 3085 bus
813 3046 914 3085 non
947 3037 1030 3083 est
1059 3027 1439 3082 annuntiatum
1478 3026 1541 3081 de
1573 3026 1685 3090 illo,
1715 3025 1997 3089 videbunt,
2044 3033 2101 3080 et
2149 3024 2239 3094 qui

2343 3021 2523 3076 αὐτῶν
2543 3036 2557 3050 °
2590 3021 2673 3073 ὅτι
2704 3012 2785 3083 οἷς
2826 3018 2929 3071 οὑκ
2970 3013 3243 3087 ἀνηγγέλη
3276 3012 3402 3084 περὶ
3433 3007 3631 3074 αὐτοῦ,
3664 3006 3903 3094 ὄψονται,

684 3137 792 3177 non
841 3121 1145 3183 audierunt,
1196 3118 1513 3187 intelligent.
1546 3136 1564 3169 ι
1608 3116 1664 3171 id
1708 3116 1852 3171 enim
1899 3129 2053 3184 reges
2094 3129 2239 3169 com-

2343 3112 2439 3167 καὶ
2476 3109 2527 3165 οἳ
2564 3110 2664 3163 οὐκ
2695 3107 2987 3179 ἀκηκόασι,
3030 3106 3338 3175 συνήσουσι.
3378 3119 3397 3155 ι
3425 3098 3597 3154 Τοῦτο
3622 3097 3733 3169 γὰρ

685 3213 953 3277 movebat,
974 3225 1164 3279 nempe
1189 3211 1329 3279 quod
1356 3207 1722 3278 evangelicum
1746 3207 1967 3261 verbum
1991 3205 2056 3259 ad
2074 3220 2239 3260 remo-

2344 3201 2571 3271 κινῆσαν
2596 3200 2721 3263 τοὺς
2752 3197 3008 3268 βασιλεῖς,
3042 3194 3186 3264 λέγω
3216 3192 3280 3265 δὴ
3309 3192 3371 3247 τδ
3400 3190 3714 3261 διαδραμεῖν
3742 3186 3904 3243 αὑτοῦ

686 3304 921 3359 tissimas
960 3312 1150 3374 gentes
1192 3302 1530 3371 pervaderet.
1589 3299 1655 3354 Et
1705 3298 1820 3353 haec
1864 3296 2081 3367 quidem
2114 3297 2241 3353 olim

687 3396 856 3449 verbo
907 3392 1433 3463 praenuntiabantur,
1482 3405 1542 3444 re
1592 3397 1769 3443 autem
1815 3386 2079 3455 completa
2123 3396 2247 3443 sunt

688 3488 739 3540 in
771 3484 1062 3539 Salvatoris
1092 3484 1157 3537 ad
1186 3498 1293 3547 eos,
1314 3482 1545 3535 adventu
1576 3498 1589 3533 :
1624 3494 1784 3550 quem
1812 3478 1982 3533 oculis
2017 3492 2139 3532 cum
2172 3477 2245 3532 vi-

687 3577 876 3629 derent
921 3572 1111 3637 Judaei,
1170 3587 1461 3637 vocemque
1514 3570 1631 3640 ejus
1684 3570 1955 3635 audirent,
2010 3584 2109 3624 nec
2158 3569 2243 3623 in-

687 3663 1042 3724 tellexerunt,
1094 3676 1195 3715 nec
1239 3660 1476 3729 loquenti
1531 3674 1687 3714 aures
1737 3658 2121 3727 praebuerunt;
2170 3658 2243 3712 ita

685 3766 747 3807 ut
780 3755 940 3809 etiam
986 3752 1260 3823 prophetia
1298 3752 1385 3805 illa
1425 3751 1536 3818 jam
1570 3749 1843 3820 prazmissa
1874 3750 1925 3803 in
1961 3748 2063 3803 illis
2098 3763 2245 3803 com-

690 3850 963 3918 pieretur,
1013 3865 1031 3897 ι
1064 3845 1258 3899 Auditu
1289 3844 1539 3907 audietis,
1580 3852 1633 3897 et
1678 3856 1780 3895 non
1814 3841 2160 3910 intelligetis;
2190 3847 2245 3895 et

691 3940 1044 4011 reSpicieutes
1077 3939 1396 4008 respicietis,
1436 3947 1492 3991 et
1534 3952 1637 3991 non
1672 3935 1942 3989 Videbitis.
1976 3952 1994 3985 ι

1248 4115 1470 4173 CAPUT
1524 4116 1650 4171 Llll.

760 4211 923 4267 Vna.
956 4211 1007 4264 l.
1045 4209 1332 4276 (Domine,
1367 4211 1488 4278 quis
1518 4210 1744 4262 credidit
1770 4209 1969 4262 auditui
2016 4218 2197 4263 nostro
2219 4213 2243 4261 τ

691 4311 748 4356 et
796 4301 1073 4356 brachium
1125 4301 1335 4353 Domini
1387 4300 1469 4353 cui
1506 4300 1795 4353 revelatum
1830 4301 1952 4354 est?
1984 4319 2002 4350 ι
2048 4300 2245 4353 Miran-

694 4393 823 4445 timn
860 4405 1004 4445 more
1036 4391 1127 4444 Dei
1163 4392 1472 4459 prophetas,
1518 4389 1753 4443 Judaicie
1794 4390 1966 4459 gentis
1998 4391 2244 4445 incredu—

2343 3294 2433 3350 τὸν
2470 3291 2819 3362 εὐαγγελικὺν
2850 3289 3003 3359 λόγον
3033 3287 3128 3343 καλ⁸
3151 3286 3246 3341 ἐπὶ
3282 3286 3352 3340 τά
3381 3283 3715 3356 πορρωτάτω
3747 3282 3893 3352 ιθνη.

2344 3386 2453 3441 Καὶ
2484 3385 2657 3440 ταῦτα
2696 3383 2793 3455 μὲν
2828 3381 3008 3451 λόγοις
3038 3377 3354 3444 εθεσπίζετο
3392 3376 3559 3431 πάλαι
3580 3391 3595 3405 ·
3626 3374 3812 3447 ἔργοις
3848 3372 3906 3427 δι

2342 3474 2664 3549 επληροῦτο,
2719 3474 2811 3528 ἐπὶ
2850 3473 2949 3542 τῆς
2987 3473 3067 3536 είς
3113 3470 3309 3535 αὐτοὺς
3339 3468 3433 3523 τοῦ
3468 3467 3715 3539 Σωτῆρος
3749 3464 3906 3537 ήμῶν

2342 3568 2609 3642 παρόδου·
2657 3566 2716 3619 ὃν
2763 3562 3063 3634 ὀφθαλμοῖς
3112 3561 3312 3626 ίδόντες
3376 3558 3641 3615 Ἰουδαίων
3697 3556 3901 3621 παῖδες,

2344 3660 2528 3731 φωνῆς
2563 3675 2625 3711 τε
2652 3656 2816 3711 αὐτοῦ
2848 3653 3276 3716 ὑπακούσαντες,
3312 3649 3435 3705 οὔτε
3477 3648 3737 3719 συνῆκαν,
3782 3646 3902 3701 οὕτε

2343 3750 2592 3805 λαλοῦντι
2638 3746 2910 3819 παρέσχον
2936 3746 3033 3815 τὴν
3052 3743 3250 3814 ἀκοήν·
3284 3741 3425 3795 ὥστε
3454 3740 3547 3793 καὶ
3569 3737 3668 3808 τὴν
3690 3737 3898 3810 ἔμπρο-

2344 3841 2471 3895 σθεν
2500 3836 2837 3910 προφητείαν
2868 3837 2948 3899 είς
2962 3834 3158 3897 αὐτοὺς
3173 3830 3585 3904 πεπληρῶσθαι,
3619 3830 3718 3901 τήν
3742 3830 3905 3901 φήσα-

2345 3950 2443 3987 σαν
2463 3972 2478 3997 ,
2515 3951 2535 3983 ι
2584 3932 2743 4001 Ἀκοῇ
2775 3926 3061 3991 ἀκούσετε,
3094 3926 3185 3980 καὶ
3212 3926 3274 3979 ob
3307 3925 3382 3997 μὴ
3420 3923 3649 3994 συνῆτε·
3678 3922 3773 3976 καὶ
3792 3920 3905 3993 βλι-
4022 3936 4025 3937 ⁷

2344 4037 2533 4085 me;
2564 4017 2809 4091 βλέψετε,
2837 4016 2932 4070 καὶ
2946 4015 3007 4069 ob
3038 4012 3114 4086 μὴ
3137 4013 3304 4083 ἴδητε.
3321 4030 3340 4064 ι

2862 4105 3252 4164 ΚΕΦΛΛΔΙΟΝ
3290 4103 3415 4157 NP.

2417 4222 2435 4256 ι
2464 4200 2656 4275 Κύριε,
2687 4200 2770 4263 τίς
2806 4198 3090 4252 ἐπίστευσε
3116 4196 3183 4266 τῇ
3206 4194 3347 4266 ἀκοῇ
3381 4192 3571 4264 ήμῶνς
3604 4191 3701 4247 καὶ
3723 4193 3754 4247 ό
3782 4191 3905 4265 βραο

2343 4297 2472 4367 χίων
2498 4295 2705 4366 Κυρίου
2741 4292 2847 4347 τίνι
2888 4286 3281 4358 ἀπεκαλύφθη;
3322 4304 3343 4338 a
3385 4283 3903 4367 ’Δποθαυμαστιξῶς

2342 4362 2391 4441 ξι
2426 4384 2518 4440 τοῦ
2566 4362 2700 4439 Θεοῦ
2743 4382 3035 4456 προφῆται,
3082 4380 3183 4451 τήν
3238 4377 3492 4431 ἀπιστίαν
3531 4362 3901 4447 ὁρῶντεςίῖτοῦ

692 4484 895 4539 litatem
945 4492 1267 4545 cernentes,
1323 4496 1385 4534 ac
1438 4482 1672 4549 gentium
1730 4483 2130 4534 conversionem
2190 4493 2239 4535 et

2357 4477 2621 4531 Ἰουδαίων
2652 4474 2855 4537 εθνους,
2888 4474 2987 4545 τήν
3009 4488 3071 4524 τε
3108 4468 3215 4523 τῶν
3246 4467 3413 4521 ἐθνῶν
3446 4468 3784 4541 ἐπιστροφὴν
3811 4467 3905 4522 καὶ

692 4573 1095 4644 obsequentiam
1146 4572 1425 4635 videntes,
1476 4572 1586 4625 lure
1639 4571 1906 4625 dicebant.
1960 4571 2241 4623 Bracliium

694 4679 853 4733 porro
901 4662 1028 4727 Dei,
1083 4661 1410 4731 unigenitum
1464 4661 1652 4715 Filium
1702 4661 1878 4715 vocari
1934 4662 2245 4730 plerumque

693 4752 1230 4806 commonstravimus
1277 4769 1290 4805 ι
1330 4752 1419 4820 qui
1469 4765 1856 4821 consequenter
1906 4753 1969 4806 ad
2020 4756 2246 4820 pr0phe-

694 4845 799 4897 tica
830 4844 965 4897 dicta
1008 4842 1350 4897 credentibus
1400 4842 1451 4894 in
1492 4843 1659 4909 ipsum
1707 4844 1953 4912 gentibus
2003 4846 2246 4913 Ctlgllllus

693 4943 795 4989 est.
834 4952 855 4985 ι
880 4934 1325 4987 Annuntiavimus
1355 4949 1370 4985 :
1397 4935 1547 5002 quasi
1586 4934 1839 5001 parvulus
1872 4936 1922 4987 in
1954 4945 2243 5003 conSpectu

696 5024 832 5092 ejus,
882 5025 1021 5077 sicut
1063 5025 1215 5077 radix
1246 5025 1295 5077 in
1332 5033 1473 5076 terra
1502 5025 1722 5077 sitienti.
1772 5024 1883 5077 Non
1924 5037 2008 5079 est
2042 5026 2245 5091 species

697 5117 769 5179 ei,
808 5130 979 5181 neque
1007 5114 1172 5184 gloria
1211 5132 1225 5169 :
1264 5124 1318 5166 et
1348 5114 1580 5167 vidimus
1625 5130 1766 5180 eum,
1796 5127 1847 5168 et
1879 5132 1978 5169 non
2017 5116 2247 5168 habebat

699 5206 965 5272 speciem,
1021 5220 1195 5274 neque
1250 5206 1517 5258 decorem.
1554 5224 1572 5257 ι
1630 5206 1729 5259 Per
1780 5217 1972 5260 terram
2027 5208 2244 5272 inviam,

702 5292 968 5362 Virginem
988 5295 1303 5358 subindicat,
1323 5310 1479 5362 quam
1507 5311 1662 5346 nemo
1682 5296 1808 5346 adiit
1843 5313 1855 5347 :
1898 5312 1989 5363 per
2014 5298 2242 5349 radicem

698 5395 847 5444 vero,
873 5384 1113 5435 eamdem
1138 5385 1303 5449 ipsam
1331 5385 1396 5436 de.
1423 5400 1525 5451 qua
1552 5364 1842 5447 dicebainr,
1884 5404 1900 5435 ι
1925 5386 2246 5455 Egredietur

702 5473 846 5540 virga
873 5474 937 5525 de
969 5474 1144 5525 radice
1173 5472 1359 5534 Jessaa,
1392 5483 1441 5525 et
1472 5473 1570 5527 llos
1614 5474 1679 5527 dc
1713 5474 1889 5529 radice
1918 5475 2030 5543 ejus
2054 5493 2243 5533 ascen-

702 5564 791 5615 det
809 5564 847 5617 '.
862 5563 1017 5615 aNam
1039 5564 1106 5615 ibi
1126 5578 1336 5632 quoque
1353 5578 1675 5617 ascensurus
1697 5578 1814 5618 esse
1831 5566 2127 5631 dicebatur,
2149 5571 2241 5623 sed

703 5650 767 5701 dc
786 5649 959 5701 radice
986 5648 1147 5702 lessze
1168 5664 1181 5713 ;
1202 5650 1286 5703 hic
1303 5659 1479 5703 autem
1498 5666 1561 5703 ex
1583 5664 1869 5709 memorata
1892 5665 2031 5712 terra
2070 5659 2234 5714 invia.

778 5740 793 5769 ⁸
828 5738 1023 5807 Philip.
1055 5755 1110 5805 ιι,
1148 5740 1201 5792 6.
1276 5742 1295 5770 ¹
1330 5740 1399 5796 Is.
1448 5761 1519 5809 at,
1559 5747 1604 5801 l.

2346 4567 2587 4639 ὑπακοὴν
2640 4565 2923 4637 θεώμενοι,
2966 4562 3118 4617 ταῦτ’
3145 4560 3351 4628 ελεγον.
3400 4560 3669 4631 Βραχίονα
3706 4558 3763 4614 δὲ
3811 4558 3903 4613 τοῦ

2346 4660 2478 4713 Θεοῦ
2512 4657 2764 4727 λέγεσθαι
2782 4656 2874 4709 τὸν
2900 4653 3157 4726 μονογενῆ
3177 4651 3327 4714 Υίὸν,
3359 4650 3613 4713 πολλάκις
3632 4647 3907 4714 ἀπεδείξα-

2350 4766 2474 4821 μεν·
2505 4749 2562 4812 ὃς
2595 4751 2727 4801 πᾶσι
2782 4749 2893 4809 τοῖς
2935 4746 3013 4808 είς
3042 4743 3202 4797 αὐτὸν
3234 4742 3653 4797 πεπιστευκόσιν
3698 4739 3906 4794 ἔθνεσιν

2349 4838 2593 4907 ἐγνώσθη
2635 4839 2747 4899 τοῖς
2780 4836 3087 4906 προφήταις
3123 4822 3449 4894 ἀκολούθως.
3487 4848 3507 4880 ι
3555 4828 3927 4901 Ἀνήγγείλα-.

2351 4947 2477 5000 μεν·
2515 4929 2590 4991 ὡς
2622 4925 2835 4980 παιδίον
2863 4923 3101 4977 ἐναντίον
3142 4922 3305 4977 αὐτοῦ
3324 4937 3338 4953 ο
3370 4922 3447 4985 ὼς
3488 4918 3613 4991 ῥίζα
3644 4921 3704 4971 ὲν
3737 4922 3809 4990 γῇ
3828 4918 3906 4973 δι·-

2549 5020 2662 5073 Obx
2690 5017 2836 5070 ἐστιν
2864 5014 3003 5078 εἶδος
3034 5013 3201 5085 αὐτῷ,
3238 5013 3359 5067 οὐδὲ
3385 5012 3540 5078 δόξαν
3575 5010 3670 5064 καὶ
3697 5010 3905 5081 είδομεν

2346 5112 2525 5174 αὑτὸν,
2562 5111 2654 5164 καὶ
2696 5109 2796 5162 οὐκ
2832 5105 2976 5177 εἶχεν
3003 5101 3161 5169 εἶδος,
3197 5104 3321 5158 οὔτε
3357 5102 3568 5166 κάλλος.
3610 5119 3629 5153 ι
3666 5101 3774 5172 Γῆν
3809 5100 3905 5170 μὲν

2346 5203 2540 5256 ἀὸατον
2580 5201 2945 5271 αἰνιττόμενος
2980 5198 3078 5268 τὴν
3096 5194 3391 5268 Παρθένον,
3419 5190 3498 5265 ﬁ;
3513 5191 3690 5256 οὐδεὶς
3719 5191 3903 5245 ἐπιδέ-

2348 5295 2539 5365 6ηκεν·
2568 5292 2721 5363 ῥίζαν
2747 5290 2804 5343 δὲ
2829 5290 2927 5359 τὴν
2956 5289 3188 5359 ἐκείνην,
3219 5287 3347 5355 περὶ
3374 5281 3443 5357 ἦς
3459 5284 3701 5352 ἐλέγετο,
3737 5302 3756 5336 ι
3792 5281 3906 5346 Ἐε-

2352 5385 2622 5438 ελεύσεται
2656 5382 2847 5455 passo;
2875 5383 2942 5434 ὲκ
2967 5382 3065 5451 τῆς
3083 5377 3240 5450 ῥίζης
3276 5376 3490 5439 Ἰεσσαὶ,
3516 5371 3611 5429 καὶ
3642 5374 3805 5439 ἄνθος
3842 5375 3927 5429 tit-

2346 5478 2445 5547 τῆς
2490 5476 2641 5546 ῥίζης
2690 5472 3042 5543 ἀναϐήσεται.
3092 5491 3110 5523 ι
3156 5469 3331 5525 Κάκεῖ
3382 5466 3491 5539 γὰρ
3538 5466 3904 5538 ἀναϐήσεσθαι

2342 5567 2611 5638 ἐδηλοῦτο,
2658 5564 2772 5619 ἀλλ’
2806 5563 2922 5617 ἐκεῖ
2967 5564 3064 5634 μιν
3108 5562 3173 5618 ὲκ
3219 5558 3320 5629 τῆς
3360 5557 3515 5630 ῥίζης
3552 5555 3774 5622 Ἰεσσαὶ,
3820 5557 3904 5613 ιν-

2343 5657 2514 5712 ταῦθα
2546 5658 2602 5712 δὲ
2636 5654 2745 5712 ἀπὸ
2769 5654 2867 5725 τῆς
2899 5654 3098 5710 ἀϐάτου
3124 5652 3225 5723 γῆς
3256 5651 3354 5722 τῆς
3379 5646 3732 5721 δηλωθείσης.
