4124 6462
268 423 373 483 487

1172 424 1673 483 COIMENTARIA
1711 424 1781 482 lN
1819 419 2075 478 ISAIAM.
2120 448 2184 458 —
2227 417 2378 473 CAP.
2422 415 2554 471 Llll.

337 556 359 594 1
391 539 552 595 Ἀλλὰ
584 539 646 595 τδ
672 535 806 605 εῐδος
837 539 1000 595 αὐτοῦ
1031 541 1245 612 ἄτιμον,
1268 541 1364 596 καὶ
1390 543 1640 595 ἐκλεῖπον
1674 539 1805 612 παρέ

1994 535 2158 591 Vens.
2186 537 2241 598 5.
2271 535 2326 590 ἰ.
2365 553 2385 588 ι
2410 534 2517 590 Sed
2546 534 2757 602 species
2781 533 2903 604 eius
2929 535 3246 590 inhonorata
3270 544 3324 590 et
3356 537 3493 592 del-

259 632 384 698 ὀοὺς
417 634 568 697 υίοὺς
594 632 703 687 τῶν
724 631 1041 706 ἀνθρώπων.
1075 633 1396 706 Ἀνθρωπος
1430 633 1490 686 εν
1518 632 1699 703 πληγῇ
1724 629 1820 696 ὣν,

261 721 352 778 καὶ
373 720 534 785 εἰδὼς
549 722 733 793 φέρειν
752 722 1042 792 μαλακίαν,
1059 722 1140 778 δτι
1158 723 1540 796 ἀπέστραπται
1572 722 1634 777 τὸ
1651 722 1756 795 πρό
1765 739 1823 776 σ-

260 827 403 865 ωπον
435 809 626 873 αὐτοῦ,
657 811 952 885 ήτιμάσθη,
992 813 1085 868 καί
1121 814 1221 868 οὐκ
1247 812 1521 886 ἰλογίσθη.
1539 807 1704 879 Οὗτος
1724 813 1820 878 τὰς

261 901 535 972 ἁμαρτίας
559 901 716 973 ήμῶν
742 902 917 976 φόρει,
957 904 1054 958 καὶ
1076 903 1205 976 περὶ
1235 905 1394 976 ήμῶν
1418 905 1702 959 όδυνᾶται”
1726 907 1820 960 καὶ

253 989 415 1063 ’ἡμεῖς
458 989 825 1063 ἐλογισάμεθα
870 991 1032 1047 αὑτὸν
1087 988 1226 1048 εἶναι
1276 994 1335 1046 ἰν
1384 993 1534 1064 πόνῳ
1553 1035 1570 1061 ,
1628 995 1722 1048 καὶ
1761 996 1820 1048 ὲν

257 1080 456 1153 πληγῇ,
485 1084 584 1137 καὶ
612 1085 671 1136 εν
696 1082 958 1139 κακώσει.
992 1103 1011 1136 1
1055 1085 1364 1139 Κοινοποιεῖ
1389 1084 1446 1139 δι
1475 1088 1505 1139 6
1535 1087 1818 1157 προφήτης

254 1173 673 1244 συγκαταλέγων
705 1175 799 1230 καὶ
844 1175 1036 1229 ἑαυτὸν
1061 1175 1148 1230 διὰ
1172 1175 1575 1249 φιλανθρωπίαν
1601 1181 1712 1243 τοῖς
1741 1179 1816 1250 μή

252 1262 632 1336 λογισαμὲνοις
667 1264 760 1320 τὸν
789 1266 1052 1338 Σωτῆραο
1089 1267 1204 1321 Οὐκ
1239 1267 1601 1344 ελογισάμιεθα
1632 1270 1813 1335 αὑτὸν,

250 1354 369 1408 οὐδὲ
394 1354 934 1428 προσεποιησάμεθα,
964 1357 1083 1412 οὐδὲ
1122 1359 1452 1432 ἐννοήσαμεν
1470 1361 1554 1425 τίς
1577 1377 1707 1415 ποτε
1725 1356 1812 1433 ἦν.

261 1444 389 1501 ’σει
403 1442 472 1517 ἧν
496 1446 652 1518 ἄραό
669 1447 778 1502 τῶν
799 1447 1081 1524 ήμετόρων
1101 1450 1288 1523 ψυχῶν
1310 1453 1520 1526 Σωτήρ,
1551 1455 1816 1528 ἰατρεύων

236 1531 442 1597 αὐτῶν,
477 1534 576 1587 καὶ
616 1532 892 1606 καθαίρων
939 1537 1118 1610 πάσης
1146 1539 1441 1612 ἁμαρτίας.
1487 1541 1624 1596 ’Δλλ’
1654 1544 1814 1616 ήμεῖς

248 1620 348 1694 μιν
369 1617 460 1677 οἷα
481 1624 667 1695 νήπιοι
687 1625 889 1697 ταύτην
914 1627 1130 1698 εῖχομεν
1161 1632 1290 1703 περὶ
1311 1631 1476 1686 αὑτοῦ
1504 1633 1604 1704 τὴν
1626 1633 1808 1702 δόξανο

242 1710 274 1766 ὖ
300 1711 358 1768 δι
382 1711 561 1768 ταῦτα
586 1715 762 1770 πάντα
790 1716 995 1788 ἔπασχε
1021 1717 1088 1772 δι’
1119 1719 1299 1792 ήμῶν,
1348 1722 1436 1778 ῖνα
1472 1725 1624 1795 ήμις
1663 1725 1812 1780 ἰλευ-

243 1799 458 1876 θερώσῃ
485 1801 671 1876 πάσης
697 1804 989 1876 ἁμαρτίας.

315 1992 334 2026 1
372 1977 551 2041 Δυτὺς
576 1977 634 2032 δὲ
661 1979 1066 2055 ὲτραυματίσθη
1089 1982 1184 2038 διὰ
1210 1984 1310 2048 τὰς
1338 1985 1609 2060 ἁμαρτίας
1630 1990 1807 2061 ήμῶν,

238 2065 332 2119 καὶ
380 2067 786 2138 μιμαλάκισται
832 2070 921 2126 διὰ
959 2073 1059 2138 τὰς
1093 2074 1322 2146 ἀνομίας
1365 2077 1542 2149 ήμῶν.
1587 2080 1809 2136 Παιδεία

236 2157 462 2232 εἰρήνης
498 2160 658 2232 ήμῶν
690 2163 776 2218 ἐπ’
805 2165 993 2222 αὐτόν·
1049 2167 1129 2240 τῷ
1163 2169 1390 2240 μώλωπι
1441 2170 1606 2227 αὐτοῦ
1651 2173 1812 2244 ἡμεῖς

239 2247 494 2321 ίάθημεν.
534 2271 553 2304 1
587 2252 718 2306 Τότε
753 2253 883 2322 γοῦν
916 2257 1011 2310 καὶ
1043 2260 1326 2333 συνετρίϐη
1361 2263 1452 2318 καὶ
1476 2261 1807 2334 ἰδεδηλὼθη.

233 2339 379 2410 κατὰ
402 2341 498 2396 τὸν
536 2343 788 2409 Ἀκύλαν,
823 2347 918 2402 καὶ
942 2348 1118 2404 πάντα
1143 2351 1211 2406 τὰ
1243 2352 1494 2425 χείριστα
1526 2355 1806 2427 ὑπέμεινε,

231 2432 296 2486 eo
325 2432 416 2488 διά
437 2451 588 2499 τινος
618 2436 825 2501 οἰκείας
851 2438 1144 2511 ἁμαρτίας,
1189 2441 1277 2497 διὰ
1304 2442 1361 2498 δι
1388 2444 1488 2509 τὰς
1516 2446 1805 2518 ήμετιρας.

230 2520 343 2576 Καὶ
375 2522 603 2592 γέγονεν
631 2525 665 2596 ή
699 2524 913 2581 παιδεία
932 2528 1029 2598 τῆς
1055 2530 1276 2604 εἰρήνης
1311 2532 1467 2606 ήμῶν
1495 2536 1581 2589 ἰπ’
1606 2537 1768 2591 αὐτόν

231 2612 379 2685 ἅπερ
409 2614 520 2687 γὰρ
554 2613 721 2688 ἐχρῆν
749 2618 901 2689 ήμᾶς
929 2620 1121 2675 παθεῖν
1143 2622 1563 2696 παιδευομένους
1597 2625 1685 2681 διὰ
1709 2627 1807 2694 τὰς

225 2702 510 2794 ἁμαρτίας
534 2707 635 2772 τὰς
661 2708 954 2784 ἡμετέρας,
986 2711 1139 2770 ταῦτ’
1178 2716 1266 2770 ἔπ’
1299 2714 1461 2772 αὑτὸν
1475 2713 1636 2789 ἦλθεν
1669 2719 1808 2794 ὕπερ

228 2793 332 2866 τῆς
355 2797 634 2871 ἡμετερας
650 2802 872 2875 εἰρήνης
883 2804 984 2875 τῆς
1012 2805 1146 2877 πρδς
1160 2805 1309 2862 Θεόν.
1339 2809 1490 2864 Ἐπεὶ
1503 2812 1596 2866 καὶ

229 2902 341 2951 πας
384 2888 536 2954 εἰκὸς
574 2884 647 2962 ἦν
673 2892 836 2947 αὑτὸν
879 2893 1066 2966 φόρειν
1098 2895 1241 2951 κατὰ
1279 2897 1375 2952 τοῦ
1422 2898 1673 2973 σώματος
1715 2904 1808 2958 καὶ

219 2973 544 3048 τραύματα,
578 2981 911 3054 τυπτόμενον
952 2985 1046 3040 καὶ
1085 2987 1542 3061 μαστιγούμενον,
1582 2993 1678 3047 καὶ
1708 2993 1808 3060 τὰς

213 3063 378 3136 ὕψεις
403 3068 789 3143 ῥαπιζόμενον,
824 3075 924 3148 τήν
958 3093 1019 3131 τε
1049 3077 1290 3153 κεφαλήν
1315 3079 1545 3155 καλάμῳ
1577 3085 1804 3156 παιόμε-

224 3176 334 3214 νον.
377 3159 528 3233 Πλὴν
560 3164 610 3217 οἰ
647 3163 916 3235 ’μώλωπες
955 3159 1100 3223 οὗτοι
1147 3171 1388 3244 σωτῆρες
1438 3167 1580 3246 ἦσαν
1623 3176 1800 3247 ήμῶν.

231 3269 252 3302 1
287 3250 380 3323 Τῷ
409 3271 430 3304 1
457 3251 571 3327 γὰρ
606 3272 626 3306 ι
669 3255 897 3327 μώλωπι
935 3257 1099 3314 αὐτοῦ
1128 3261 1287 3332 ἡμεῖς
1319 3263 1568 3337 ἰάθημεν.
1597 3285 1617 3319 1
1647 3266 1803 3333 Τίνες

212 3338 280 3394 ιδὶ
301 3341 467 3413 ἡμεῖς
489 3342 606 3398 ἀλλ’
628 3343 660 3416 ἢ
686 3346 734 3399 ol
761 3345 928 3403 πάλαι
953 3349 1332 3420 πλανηθέντες,
1358 3354 1451 3409 καὶ
1484 3355 1558 3427 μὴ
1587 3356 1804 3425 λογισά-

225 3446 376 3501 μενοι
398 3430 586 3500 αὐτὸν,
616 3434 749 3507 μηδι
779 3436 1049 3505 συνιόντες
1078 3437 1160 3506 τίς
1191 3459 1322 3497 ποτε
1356 3438 1465 3516 ἦνς

298 3667 320 3702 1
351 3650 569 3718 Πάντες
599 3669 678 3718 ως
704 3653 957 3728 πρόϐατα
984 3657 1367 3735 ἰπλανήθημεν
1385 3679 1400 3695 ο
1429 3662 1711 3738 ἄνθρωπος
1732 3668 1799 3736 τῇ

205 3738 326 3813 -δδῷ
356 3741 529 3798 αὐτοῦ
581 3744 878 3819 ἐπλανήθη.
913 3749 1025 3806 Καὶ
1051 3751 1255 3824 Κύριος
1289 3751 1603 3826 παρὲδωκεν
1639 3756 1802 3813 αὐτὸν

218 3833 343 3899 ταῖς
365 3833 670 3913 ἁμαρτίαις
695 3837 883 3910 ήμῶνο
912 3842 1007 3898 καὶ
1035 3842 1196 3909 αὐτὸς
1233 3843 1325 3900 διὰ
1367 3846 1429 3901 τὸ
1455 3847 1801 3906 κεκακῶσθαι

216 3923 320 4013 οὐκ
339 3925 554 3995 ἀνοίγει
576 3926 639 3983 τὸ
661 3929 834 4002 στόμα
855 3931 1042 3988 αὑτοῦ·
1059 3933 1137 3998 ὡς
1167 3934 1443 4007 πρόϐατον
1472 3937 1567 3992 ἰπὶ
1589 3939 1802 4013 σφαγήν

217 4011 388 4089 ἤχθη,
417 4016 518 4071 καὶ
545 4017 622 4083 ὡς
651 4019 823 4092 ἀμνὸς
853 4022 1096 4079 ἰναντίον
1133 4023 1230 4081 τοῦ
1267 4025 1540 4098 κείροντος
1565 4011 1798 4100 ﬁgam,

214 4105 395 4172 οὕτως
421 4109 528 4163 οὐκ
551 4109 757 4181 ἀνοίγει
786 4113 847 4169 τδ
872 4117 1063 4188 στόμα.
1097 4136 1118 4170 1
1146 4116 1338 4184 ’Δλλος
1368 4119 1477 4193 γὰρ
1495 4120 1660 4195 ἄλλην
1679 4122 1801 4178 όδὸν

217 4196 430 4254 ὥδευσε
487 4199 716 4275 πλάνης.
769 4204 1019 4280 διάφορα
1055 4210 1184 4281 περί
1226 4209 1394 4266 αὐτοῦ
1439 4213 1536 4268 καὶ
1583 4214 1800 4271 ἰναντία

212 4287 455 4364 δοξάσης
475 4309 490 4324 ·
525 4292 606 4365 τῷ
638 4294 696 4349 δὶ
741 4297 851 4371 ἄρα
882 4297 984 4354 οὐκ
1019 4299 1169 4356 ἀθεεὶ
1191 4301 1490 4372 ἰγίνετοτὰ
1517 4304 1796 4377 γινόμενα.

216 4381 392 4447 Δύτδς
416 4381 530 4456 γὰρ
554 4383 743 4440 ἑαυτὸν
764 4389 1048 4461 παρεδίδου
1070 4390 1100 4443 ό
1115 4392 1319 4466 Κύριος
1341 4393 1483 4468 ὑπερ
1505 4395 1612 4451 τῶν
1629 4397 1802 4472 ἁμαρ-

1931 625 2081 682 ciens
2107 639 2218 695 prae
2243 613 2366 680 llliis
2395 623 2694 680 hominum.
2722 621 2899 679 Homo
2931 623 2983 678 in
3009 623 3161 695 plaga
3199 625 3491 692 exsistens,

1929 725 1985 772 et
2011 717 2189 771 sciens
2220 715 2364 772 ferre
2395 713 2766 769 inllrmitatem
2799 731 2814 769 :
2847 715 2995 784 quia-
3015 729 3237 771 aversus
3265 725 3349 772 est
3374 717 3488 772 vul-

1929 816 2016 860 tus
2037 803 2174 873 ejus,
2206 804 2494 873 despectus
2531 811 2587 856 et
2631 816 2735 857 non
2766 811 3064 872 reputatus.
3111 800 3230 874 Ipse
3269 813 3487 874 peccata

1926 905 2108 952 nostra
2141 905 2356 966 portat,
2389 906 2443 949 et
2473 909 2572 963 pro
2597 893 2753 949 nobis
2780 893 2928 948 dolet
2951 912 2967 949 :
2993 903 3049 951 et
3084 911 3182 952 nos
3222 899 3489 966 reputari-

1925 995 2046 1037 mus
2083 996 2202 1036 eum
2248 996 2369 1037 esse
2407 984 2459 1037 ln
2511 981 2713 1044 dolore,
2763 992 2818 1038 et
2862 983 2918 1038 in
2955 983 3126 1052 plaga.
3171 991 3226 1039 et
3261 984 3317 1037 in
3349 981 3486 1037 ani-

1925 1069 2124 1126 ctione.
2158 1089 2177 1122 1
2211 1068 2268 1125 in
2299 1071 2568 1126 communi
2599 1071 2860 1141 propheta
2903 1071 3167 1141 loquitur,
3215 1087 3337 1129 sese
3379 1089 3486 1142 pm:

1925 1160 2279 1217 humanitatis
2319 1158 2514 1216 aﬂectu
2550 1162 2614 1216 iis
2641 1176 3070 1226 connumerans.
3120 1163 3211 1233 qui
3240 1163 3484 1220 Salvato-

1926 1265 2036 1306 rem
2095 1265 2198 1306 non
2253 1259 2638 1319 reputarerunt
2679 1267 2696 1304 :
2748 1249 2864 1306 Non
2918 1252 3288 1322 reputavimus
3337 1267 3486 1316 eum.

1923 1358 2098 1415 neque
2130 1345 2304 1414 ipsum
2331 1343 2484 1399 nobis
2511 1342 2861 1410 adscivimus,
2906 1358 3084 1416 neque
3127 1345 3485 1417 cogitavimus

1921 1434 2042 1505 quis
2067 1443 2231 1491 esset.
2267 1431 2388 1504 ipse
2411 1448 2537 1489 vero
2562 1433 2866 1489 animarum
2897 1443 3201 1489 nostrarum
3225 1431 3480 1488 Servatur

1918 1535 2060 1590 erat.
2088 1540 2120 1580 a
2149 1523 2455 1579 vulneribus
2483 1537 2711 1589 curans.
2742 1534 2798 1580 et
2825 1537 3060 1594 purgans
3089 1523 3156 1577 ab
3187 1523 3333 1577 omni
3363 1537 3487 1592 pec-

1919 1623 2058 1669 cato.
2117 1612 2376 1668 Sed-nos
2429 1612 2668 1681 quidem.
2723 1621 2906 1682 utpote
2953 1611 3204 1675 infantes.
3252 1627 3370 1667 eam
3419 1616 3484 1668 de

1919 1703 2012 1761 illo
2041 1703 2328 1760 habuimus
2371 1703 2830 1759 existimationem
2873 1722 2887 1758 :
2932 1702 3020 1758 ille
3053 1717 3183 1758 vero
3224 1703 3338 1759 bac
3367 1718 3483 1758 Olli-

1916 1795 2006 1851 nia
2068 1810 2166 1866 per
2229 1809 2330 1851 nos
2385 1809 2577 1864 passus
2643 1803 2762 1857 est.
2813 1804 2873 1850 ut
2928 1809 3036 1855 nos
3094 1793 3354 1850 liberaret
3414 1794 3483 1849 ab

1839 1892 1884 1948 Β
1915 1886 2061 1942 omni
2096 1893 2338 1955 peccato.

1985 1977 2150 2033 Vsus.
2174 1977 2229 2032 5.
2267 1995 2285 2028 1
2309 1975 2429 2047 lpse
2452 1984 2633 2032 autem
2661 1973 2976 2030 vulneratus
3003 1983 3085 2030 est
3108 1982 3329 2045 propter
3357 1988 3479 2045 pec-

1910 2074 2031 2121 cata
2072 2075 2279 2128 nostra,
2329 2075 2385 2119 et
2437 2064 2744 2120 inﬁrmatus
2791 2073 2875 2120 est
2913 2073 3133 2134 propter
3166 2065 3483 2136 iniquitates

1911 2163 2142 2211 nostras.
2197 2154 2495 2223 Disciplina
2542 2154 2692 2222 pacis
2735 2163 2931 2211 nostra:
2979 2170 3142 2224 super
3191 2170 3313 2210 eum
3347 2174 3362 2210 :
3395 2158 3479 2211 vi-

1910 2245 2029 2302 bice
2075 2247 2196 2316 ejus
2242 2247 2416 2302 sanati
2461 2260 2675 2302 sumus.
2709 2263 2728 2298 1
2767 2248 2920 2304 Tunc
2945 2248 3109 2319 igitur
3130 2248 3400 2304 contritus
3424 2257 3479 2306 et

1909 2336 2241 2411 profanatas
2276 2349 2395 2402 est,
2456 2339 2751 2394 secundum
2797 2337 3062 2409 Aquilam,
3118 2353 3183 2395 ac
3239 2339 3474 2409 pessima

1909 2443 2133 2499 quisque
2160 2443 2450 2500 perpessus
2493 2441 2598 2496 est.
2627 2446 2749 2488 .nou
2778 2432 2848 2487 ob
2886 2433 3160 2501 proprium
3201 2434 3476 2502 quoddam

1909 2528 2210 2590 peccatum,
2234 2521 2327 2576 sed
2360 2521 2431 2577 ob
2472 2532 2690 2592 peccata
2719 2531 2926 2578 nostra.
2969 2523 3034 2579 Et
3065 2523 3166 2579 luit
3195 2524 3476 2594 disciplina

1908 2613 2056 2681 pacis
2096 2623 2294 2668 nostra
2318 2627 2484 2683 super
2509 2628 2676 2683 eum;
2729 2629 2851 2669 cum
2882 2628 2945 2670 ea
2975 2630 3097 2685 qua
3133 2615 3204 2672 ob
3253 2626 3476 2687 peccata

1903 2713 2097 2758 nostra
2129 2717 2228 2759 nos
2269 2704 2475 2774 perpeti
2506 2718 2640 2776 opus
2668 2715 2814 2768 erat.
2841 2704 2957 2761 haec
2998 2705 3098 2774 ipsi
3145 2720 3475 2773 supervene-

1909 2802 2036 2848 runt
2063 2807 2158 2864 pro
2181 2807 2312 2862 pace
2339 2804 2522 2850 nostra
2549 2808 2672 2850 cum
2700 2794 2814 2850 Deo
2837 2794 3177 2850 stabilienda.
3205 2794 3474 2861 Quoniam

1907 2892 1962 2938 et
1993 2883 2257 2938 vibicibus
2306 2893 2361 2940 et
2414 2884 2731 2941 vulneribus
2780 2895 2894 2940 tcto
2943 2899 3172 2956 corpore
3220 2895 3473 2942 onustum

1907 2971 2076 3029 fuisse
2106 2971 2398 3030 verisimile
2425 2982 2528 3038 est,
2575 2983 2755 3044 utpote
2797 2974 2891 3045 qui
2931 2988 3240 3044 percussus,
3279 2975 3472 3047 ﬂagel-

1909 3061 2072 3129 latus,
2103 3062 2156 3116 in
2200 3063 2336 3117 facie
2365 3062 2606 3131 colaphis
2639 3077 2833 3126 casus.
2863 3073 2918 3119 et
2957 3064 3012 3118 in
3058 3064 3235 3134 capite
3261 3067 3473 3121 calamo

1905 3168 2192 3226 percussus
2247 3153 2429 3209 fuerit.
2477 3154 2742 3210 Ceterum
2792 3154 2993 3210 vibices
3032 3155 3336 3226 huiusmodi
3385 3171 3473 3236 sa-

1828 3214 1874 3277 θ
1906 3214 2003 3303 luti
2054 3245 2209 3302 nobis
2259 3256 2412 3302 erant
2460 3264 2476 3300 :
2527 3261 2652 3301 nam
2707 3247 2924 3302 cribice
2973 3214 3242 3318 elus'nos
3293 3229 3471 3305 sanati

1904 3355 2110 3397 sumus.
2143 3359 2160 3391 1
2204 3337 2310 3393 Nos
2356 3352 2505 3402 vero,
2557 3338 2800 3407 quinam.
2853 3339 2953 3394 nisi
2998 3340 3090 3409 qui
3140 3340 3270 3396 olim
3316 3355 3473 3395 erra-

1903 3432 2102 3496 vimus,
2132 3444 2229 3484 nec
2285 3429 2647 3500 reputarinius
2694 3444 2844 3498 eum,
2893 3445 3067 3502 neque
3117 3432 3471 3504 cognorimus

1901 3522 2024 3595 quis
2047 3532 2188 3579 esset
2203 3522 2229 3576 ?

1974 3658 2139 3716 Vua.
2158 3659 2213 3723 ϐ,
2240 3659 2289 3712 7.
2325 3677 2350 3712 1
2370 3656 2569 3716 Omnes
2595 3657 2750 3728 quasi
2779 3671 2908 3714 ores
2928 3656 3272 3723 erravimus;
3306 3656 3468 3715 homo

1903 3753 1958 3811 lu
1984 3752 2069 3809 ria
2112 3765 2208 3809 sua
2242 3753 2464 3808 erravit.
2507 3751 2571 3808 Et
2601 3750 2865 3807 Dominus
2905 3749 3129 3806 tradidit
3171 3765 3299 3806 eum
3342 3764 3469 3822 pec-

1902 3843 2040 3902 catis
2065 3845 2268 3902 nostris
2297 3861 2312 3900 :
2345 3853 2404 3900 et
2433 3843 2546 3916 ipse
2575 3853 2801 3915 propter
2829 3840 3170 3898 aﬂlictionem
3209 3855 3317 3904 non
3340 3855 3471 3912 ape-

1903 3934 1977 3992 rit
2031 3951 2095 3992 os
2141 3949 2319 3992 suum.
2349 3933 2508 3993 Sicut
2543 3936 2662 3991 orla
2685 3934 2755 3990 ad
2785 3933 3112 3990 occisionem
3144 3933 3338 3991 ductus
3359 3943 3466 4003 est,

1901 4037 1958 4082 et
2005 4027 2147 4083 sicut
2193 4041 2363 4100 agnus
2400 4041 2583 4083 coram
2626 4024 2879 4081 tondente
2905 4025 3026 4081 sine
3051 4037 3206 4090 voce,
3251 4024 3329 4080 sic
3357 4039 3467 4082 non

1901 4117 2076 4188 aperit
2101 4132 2184 4174 os.
2213 4137 2233 4172 1
2263 4118 2419 4176 Alius
2444 4118 2607 4174 aliam
2635 4117 2760 4174 iniit
2786 4119 2930 4186 viam
2963 4116 3188 4185 erroris,
3231 4117 3358 4189 quia
3401 4119 3469 4176 ile

1903 4206 1998 4264 illo.
2032 4207 2184 4264 varia
2227 4218 2282 4264 et
2320 4210 2591 4265 contraria
2636 4207 2944 4276 sentiebat;
2990 4218 3048 4263 at
3092 4208 3167 4264 illi
3206 4225 3314 4266 non
3343 4210 3467 4267 sine

1898 4313 2064 4370 scopo
2111 4309 2165 4355 et
2198 4299 2303 4356 line
2330 4303 2562 4371 quodam
2605 4301 2721 4358 liec
2747 4310 3060 4357 evenerunt.
3094 4299 3211 4372 Ipse
3226 4317 3468 4374 namque

1900 4391 2158 4447 Dominus
2193 4405 2314 4448 sese
2341 4393 2560 4448 tradidit
2586 4406 2688 4462 pro
2725 4391 2962 4463 peccatis
3003 4393 3222 4457 nostris,
3263 4401 3323 4447 ut
3362 4408 3466 4464 pro

213 4472 350 4527 τιῶν
394 4475 578 4547 ήμῶν,
626 4476 714 4533 ῖνα
753 4478 976 4552 γόνηται
1015 4483 1310 4558 ἁντίψυχον
1349 4486 1445 4542 καὶ
1484 4488 1798 4563 ἀντίλυτρον

1907 4481 2203 4538 animarum
2245 4491 2557 4539 nostrarum
2604 4483 2972 4554 redemptione
3015 4484 3246 4556 pretium
3297 4497 3462 4544 esset.

213 4563 396 4635 ήμῶν.
425 4564 589 4622 οὕτω
603 4567 714 4640 γὰρ
737 4571 830 4625 καὶ
871 4572 1068 4645 ’Δμνδς
1086 4575 1182 4630 τοῦ
1210 4575 1346 4631 Θεοῦ
1373 4577 1610 4648 γέγονεν,
1627 4581 1798 4654 αίρων

1907 4572 1994 4630 Sic
2034 4575 2178 4630 enim
2217 4583 2274 4630 et
2310 4576 2496 4646 Agnus
2527 4575 2619 4631 Dei
2649 4574 2825 4631 iactus
2852 4583 2957 4641 est,
3005 4577 3097 4645 qui
3130 4575 3268 4632 tollit
3302 4587 3465 4646 atque

215 4655 313 4710 καὶ
347 4657 769 4732 περικαθαίρων
802 4661 900 4733 τήν
933 4664 1205 4738 ἁμαρτίαν
1241 4667 1336 4723 τοῦ
1369 4669 1592 4740 κόσμου.
1644 4670 1701 4727 '0
1741 4673 1797 4728 δι

1907 4676 2092 4738 purgat
2113 4677 2391 4738 peccatum
2417 4667 2622 4723 mundi.
2647 4667 3006 4739 Symmachus
3028 4679 3233 4731 autem.
3261 4687 3282 4721 1
3306 4665 3467 4724 Obla-

212 4745 544 4820 Σύμμαχος,
591 4767 612 4802 1
645 4752 1030 4827 Προσηνόχθη,
1077 4758 1234 4827 φησι,
1314 4760 1407 4815 καὶ
1449 4761 1612 4826 αὐτὸς
1654 4763 1796 4835 ὑπή-

1907 4766 1988 4811 tus
2030 4766 2132 4820 est.
2180 4759 2278 4825 ait,
2327 4769 2383 4814 et
2424 4759 2538 4828 ipse
2572 4760 2830 4814 obedivit.
2862 4777 2882 4812 1
2930 4757 3026 4814 Cui
3076 4775 3206 4816 vero
3247 4761 3464 4830 oblatus

209 4854 401 4895 mus.
436 4860 456 4892 1
499 4838 616 4895 Τίνι
645 4841 701 4898 δὶ
725 4845 1070 4920 προσηνόχθη
1093 4847 1207 4903 ἀλλ’
1243 4851 1277 4921 ή
1306 4851 1386 4923 τῷ
1415 4853 1658 4926 nam;
1687 4857 1796 4911 Καὶ

1907 4857 2000 4914 est,
2034 4849 2136 4903 nisi
2174 4849 2382 4905 Pilato?
2420 4849 2490 4905 Et
2518 4851 2643 4919 quia
2672 4859 2954 4906 accusatus
2984 4853 3168 4915 tacuit.
3214 4866 3270 4908 et
3307 4854 3462 4910 falsis

205 4930 406 5004 ἐπειδὴ
429 4933 904 5007 κατηγορούμενος
934 4937 1164 5007 ισιώπα,
1197 4943 1290 4998 καὶ
1316 4943 1790 5019 ψευδομαρτυρού-

213 5039 378 5093 μενος
406 5023 563 5080 οὑδὶν
587 5024 933 5098 ἀπεκρίνατο,

286 5177 307 5210 1
361 5160 455 5214 Ἔν
485 5161 554 5232 τῇ
585 5158 824 5216 κακώσει
859 5164 891 5234 ἡ
927 5163 1108 5235 κρίσις
1144 5165 1310 5221 αὑτοῦ
1337 5167 1503 5241 ἦρθη.
1546 5170 1657 5242 Τὴν
1695 5190 1787 5243 γε·

209 5247 340 5305 νεὰν
367 5251 543 5306 αὑτοῦ
562 5250 647 5314 τίς
675 5251 990 5324 διηγήσεται
1015 5272 1030 5321 ;
1059 5256 1176 5311 Ὅτι
1203 5257 1417 5330 αἴρεται
1449 5261 1557 5315 ἀπὸ
1575 5262 1672 5333 τῆς
1689 5267 1791 5334 γῆς

209 5337 380 5427 ᾒζωὴ
403 5339 598 5394 αὐτοῦ·
634 5341 740 5396 ἀπὸ
763 5342 869 5397 τῶν
889 5344 1127 5415 ἀνομιῶν
1145 5347 1237 5401 τοῦ
1269 5348 1398 5404 λαοῦ
1433 5369 1534 5422 μου
1556 5354 1694 5427 ἢχθη
1712 5359 1792 5421 εις

211 5425 471 5484 θάνατον.
513 5446 534 5482 1
568 5429 796 5485 Διελθὼν
829 5431 996 5487 αὐτοῦ
1027 5433 1095 5488 τὰ
1131 5435 1300 5508 πάθη,
1342 5425 1652 5513 ἀναπέμπει
1684 5425 1790 5516 τὴν

207 5517 318 5576 τῶν
337 5519 655 5574 ἀκουόντων
686 5521 926 5578 διάνοιαν
959 5525 1053 5578 επὶ
1084 5526 1186 5598 τὴν
1206 5527 1306 5597 τῆς
1337 5529 1601 5598 γενέσεως
1629 5533 1794 5588 αὐτοῦ

209 5609 548 5680 φαντασίαν,
598 5609 893 5680 ἐπιλέγων·
945 5631 964 5664 1
1004 5614 1116 5686 Τὴν
1146 5616 1337 5685 γενεὰν
1376 5618 1539 5674 αὐτοῦ
1583 5620 1668 5685 τίς
1710 5621 1796 5675 δι-

207 5701 530 5773 ηγήσεταις
573 5718 592 5751 1
645 5700 778 5754 Τότε
833 5701 941 5772 γὰρ
989 5704 1221 5775 μάλιστά
1245 5725 1329 5772 τις
1378 5708 1563 5780 μεῖζον
1608 5710 1793 5766 λοιπὸν

212 5795 456 5869 λήψεται
491 5791 681 5864 θαῦμα
728 5792 829 5863 τῆς
873 5793 980 5848 τῶν
1017 5797 1285 5850 τοσούτων
1329 5800 1622 5872 Omnes-73;,
1666 5804 1791 5857 ὅταν

545 5909 819 5971 Parion.
846 5908 1174 5975 GnXXli’

1893 4941 2126 4996 testibus
2151 4941 2284 4996 nihil
2317 4943 2614 5012 respondit,

1966 5163 2135 5220 Vna.
2166 5163 2219 5220 8.
2253 5163 2352 5220 1ln
2393 5163 2686 5222 alilictione
2721 5164 2978 5237 judicium
3011 5167 3129 5236 elus
3162 5160 3326 5219 latum
3355 5177 3457 5223 est.

1896 5253 2314 5312 Generationem
2353 5256 2474 5326 ejus
2505 5261 2625 5328 quis
2645 5257 2956 5314 euarrabit?
3001 5259 3134 5325 Quia
3165 5257 3366 5313 tollitur
3395 5262 3462 5313 de

1898 5357 2042 5404 terra
2074 5350 2181 5405 vita
2210 5348 2346 5418 ejus.
2390 5353 2473 5407 Ab
2509 5353 2882 5423 iniquitatibus
2911 5351 3095 5423 populi
3131 5353 3234 5407 mei
3266 5355 3460 5407 ductus

1896 5449 1979 5495 est
2005 5439 2070 5494 ad
2109 5451 2362 5497 mortem.
2396 5461 2418 5494 1
2463 5441 2750 5514 Postquam
2790 5443 3063 5497 cruciatus
3110 5441 3228 5512 ejus
3275 5455 3462 5497 recen-

1895 5531 2024 5595 suit.
2053 5533 2360 5588 auditorum
2396 5544 2626 5591 mentem
2662 5535 2729 5591 ad
2767 5535 3132 5605 generationis
3169 5533 3286 5601 ejus
3308 5534 3459 5603 cogi-

1895 5621 2151 5675 tationem
2204 5623 2540 5688 transmittit,
2594 5624 2709 5681 limc
2746 5624 3004 5692 adjicicns
3043 5641 3057 5677 :
3098 5622 3460 5679 16eneratio-

1897 5727 2018 5766 nem
2045 5710 2162 5779 eius
2192 5713 2314 5783 quis
2340 5715 2616 5770 enarrabit
2637 5716 2662 5771 ἲ
2685 5735 2704 5769 1
2758 5715 2887 5769 Nam
2923 5722 3035 5769 tum
3073 5715 3305 5769 maxime
3335 5715 3459 5782 qui-

1897 5804 1978 5858 vis
2007 5801 2198 5872 majori
2224 5806 2294 5861 ob
2319 5807 2631 5877 patientiam
2666 5809 2781 5878 ejus
2811 5807 3171 5862 admiratione
3195 5805 3457 5877 capietur.

3062 5923 3140 5983 15
