4124 6440
315 536 422 593 485

1224 523 1730 588 COIIIENTARIA
1767 521 1836 579 IN
1875 517 2126 575 ISAIAI.
2161 550 2231 561 —
2265 514 2420 572 CAP.
2457 512 2590 570 LIV.

314 655 707 724 διαγγέλλεται
741 656 772 708 δ
810 654 986 723 λόγος,
1013 655 1107 708 καὶ
1136 651 1306 706 πάλαι
1335 652 1432 722 μιν
1458 645 1526 721 ἦν
1569 648 1719 720 παρὰ
1753 649 1864 701 ’1ου-

1985 652 2107 694 mea
2149 653 2180 692 a
2223 646 2277 692 te
2319 642 2677 692 removeatur.
2706 631 2773 686 Et
2807 629 2924 684 hac
2950 626 3053 698 pic
3353 634 3542 677 sermo

314 746 501 810 δαίοις,
558 745 810 800 διαπεσδν
865 744 922 798 δι
976 743 1106 815 παρ’
1142 743 1344 807 αὐτοῖς,
1376 741 1470 794 ἰπὶ
1495 739 1596 811 τὴν
1626 739 1686 806 ιξ
1710 739 1880 794 ἐθνῶν

328 835 652 908 Ἐκκλησίαν
683 832 1070 908 μεταϐέϐηκεν.

389 1033 410 1066 ι
436 1011 676 1084 Ταπεινη
721 1012 815 1066 καὶ
845 1001 1237 1075 ἀκατάστατος,
1257 1009 1320 1076 οὐ
1343 1008 1706 1082 παρεκλήθης.
1747 1008 1877 1062 Ἰδοὺ

317 1102 428 1174 byth
448 1101 722 1174 ἑτοιμάζω
751 1119 833 1156 σοι
871 1102 1118 1174 ἄνθρακα
1136 1101 1231 1154 τὸν
1259 1099 1402 1154 λίθον
1434 1117 1548 1166 σου,
1572 1100 1666 1154 καὶ
1692 1101 1759 1154 τὰ
1790 1101 1879 1154 θε-

318 1193 478 1266 μέλιά
505 1209 599 1246 σου
630 1193 949 1266 σάπφειρον.
970 1212 990 1245 ι
1018 1188 1127 1246 Ἦν
1173 1192 1285 1264 γάρ
1315 1191 1465 1263 παρά
1506 1191 1774 1256 Ἰουδαίοις
1798 1191 1876 1262 τῷ

312 1283 426 1339 δντι
452 1286 734 1356 ήταπεινὴ
763 1285 1048 1356 σωματικὴ
1075 1283 1364 1354 θρησκεία,
1391 1287 1426 1356 ή
1453 1285 1512 1336 ὲν
1539 1283 1752 1355 σώματι
1776 1301 1875 1337 πε-

324 1375 530 1446 ριτομή,
557 1375 651 1428 καὶ
675 1375 736 1428 ιν
761 1373 966 1436 οὐσίαις
987 1371 1141 1452 ζῴων
1161 1373 1258 1426 καὶ
1282 1375 1402 1436 ταῖς
1421 1371 1624 1452 τούτων
1643 1371 1872 1436 θυσίαις,

319 1467 406 1520 καὶ
424 1468 537 1531 τοῖς
556 1465 736 1530 ἄλλοις
758 1449 1157 1536 παραπλησίοις
1179 1449 1536 1535 ἰξεταζομένη
1557 1481 1571 1494 ·
1591 1464 1673 1517 διὸ
1689 1481 1877 1518 ταπει-

318 1555 408 1629 νην
432 1557 526 1610 καὶ
551 1556 926 1611 ἀκατάστατον
955 1553 1127 1624 αὐτὴν
1151 1553 1452 1624 ὠνόμασεν.
1469 1549 1582 1608 Εἶτ’
1610 1553 1871 1622 ἐπιλέγει,

316 1666 336 1699 ι
367 1647 443 1700 οὗ
490 1645 867 1720 παρεκλήθην
890 1664 910 1699 ι
961 1645 1136 1710 οὐδεὶς
1169 1645 1281 1717 γὰρ
1304 1640 1374 1716 ἦν
1403 1645 1518 1698 τῶν
1557 1644 1870 1716 προφητῶν.

313 1735 427 1790 οῠδι
463 1736 574 1790 τῶν
618 1735 880 1804 θεοφιλῶν
924 1735 1135 1808 ἀνδρῶν
1176 1735 1556 1802 wanting-th
1585 1734 1872 1790 ἀναλαϐεῖν

311 1827 476 1901 αὐτὴν
499 1829 595 1882 καὶ
615 1828 1034 1901 ἀνακτήσασθαι.

1981 731 2283 802 pollicetur,
2319 731 2427 784 imo
2452 729 2616 783 etiam
2647 724 2776 781 oli-
2816 735 2982 793 penes
3016 718 3232 774 ludens
3273 715 3362 770 illa
3395 721 3539 780 erat,

1976 824 2072 878 sed
2119 823 2189 878 ab
2227 821 2358 892 ipsis
2384 820 2610 882 decidit.
2646 827 2702 873 et
2735 817 2803 871 ad
2835 811 3134 870 Ecclesiam
3176 824 3244 864 ex
3285 805 3539 879 gentibus

1977 925 2224 972 coactam
2266 913 2524 969 translata
2553 920 2657 965 est.

2047 980 2331 1062 Vm.'tt.
2371 1023 2392 1057 ι
2425 1003 2653 1058 Humilis
2679 1007 2737 1056 et
2777 996 3080 1062 instabilis,
3111 991 3536 1050 comolatlonem

1976 1116 2082 1155 non
2118 1100 2308 1170 adepta
2360 1113 2441 1154 es.
2485 1096 2626 1151 Ecce
2657 1107 2760 1163 ego
2799 1102 3048 1160 prepare
3084 1086 3180 1142 tibi
3229 1083 3536 1140 carbuncu-

1975 1192 2087 1246 lum
2108 1190 2340 1260 lapidem
2366 1198 2538 1263 tuum,
2573 1196 2630 1242 et
2653 1183 3004 1240 fundamenta
3032 1189 3120 1236 tua
3143 1177 3480 1246 sapphirum.
3508 1193 3532 1228 ι

1979 1281 2105 1335 Erat
2144 1281 2288 1336 enim
2324 1294 2510 1334 revera
2554 1291 2720 1348 penes
2745 1273 2961 1330 Iudaeos
3003 1272 3247 1338 abiectus
3285 1269 3376 1324 itte
3408 1282 3507 1323 eor

1975 1385 2172 1441 porcus
2194 1371 2404 1437 cultus;
2432 1370 2488 1424 in
2521 1369 2769 1438 corporis
2811 1364 3264 1429 circumcisione,
3313 1361 3366 1417 in
3404 1360 3504 1417 sub

1974 1461 2193 1517 stantiis
2221 1462 2570 1527 animalium,
2616 1470 2672 1516 et
2712 1459 2999 1514 sacriﬁciis
3051 1471 3278 1521 eorum,
3325 1468 3536 1511 necnon

1976 1555 2030 1608 in
2080 1554 2203 1610 aliis
2253 1553 2553 1618 similibus.
2610 1553 2856 1624 positus:
2901 1557 3230 1621 quapropter
3275 1545 3536 1604 humilem

1974 1653 2030 1698 et
2077 1644 2385 1700 instabilem
2418 1653 2578 1700 vocat
2621 1643 2790 1700 illam.
2837 1642 3036 1698 Deinde
3079 1639 3307 1710 adjicit,
3346 1657 3367 1690 ι
3417 1635 3537 1693 Non

1974 1736 2399 1792 consolationem
2433 1735 2626 1806 adepta
2668 1750 2760 1791 es:
2798 1754 2819 1788 ι
2863 1747 3022 1788 nemo
3059 1733 3206 1787 enim
3240 1730 3537 1802 propheta-

1974 1843 2114 1893 rum,
2159 1842 2334 1898 neque
2384 1827 2757 1897 religiosorum
2791 1825 3031 1882 virorum
3060 1833 3208 1883 erat.
3258 1823 3352 1879 cui
3385 1821 3534 1877 illam

1973 1918 2250 1987 suscipere
2275 1925 2330 1974 et
2353 1927 2658 1973 restaurare
2685 1925 2884 1986 posset.

387 2007 519 2061 Ὶδοὺ
550 2007 664 2077 ἐγὼ
693 2009 964 2080 ἑτοιμάζω
995 2026 1080 2063 σοι
1122 2008 1369 2080 ἄνθρακα
1431 2010 1523 2064 τδν
1559 2010 1704 2064 λίθον
1752 2027 1864 2077 σου,

2049 2026 2071 2060 ι
2109 2008 2254 2064 Ecce
2291 2022 2392 2080 ego
2435 2023 2680 2078 praparo
2723 2009 2817 2062 tibi
2859 2005 3242 2063 carbunculum
3296 2004 3531 2075 lapidem

303 2111 399 2154 καί
422 2100 492 2154 τὰ
533 2099 760 2173 θεμέλιά
801 2121 895 2157 σου
927 2105 1248 2174 σάπφειρον.
1275 2123 1296 2156 ι
1335 2105 1475 2159 ’Δνθ’
1497 2098 1560 2159 οὗ
1584 2107 1614 2159 ὁ
1641 2105 1867 2177 Σύμμα-

303 2206 430 2259 χος,
493 2209 514 2242 ι
562 2191 691 2244 Ἰδοὺ
729 2191 862 2261 ἐγὼ,
912 2195 1066 2266 φησί,
1117 2193 1403 2266 συντίθημι
1454 2196 1689 2268 στιμμίᾳ
1741 2198 1868 2260 τοὺς

302 2277 481 2343 λίθους
497 2297 591 2334 σου
608 2280 723 2349 (ω)
747 2301 767 2332 ι
785 2282 1135 2347 δΘεοδοτίων,
1159 2303 1179 2335 ι
1205 2283 1331 2338 Ἰδοὺ
1347 2283 1458 2353 ἐγώ
1480 2286 1595 2355 είμι
1617 2285 1868 2355 ἑμδαλὼν

303 2371 509 2441 στιμμῇ
540 2371 667 2434 τοὺς
692 2370 871 2436 λίθους
908 2389 1022 2426 σου.
1051 2392 1071 2426 ι
1135 2375 1221 2438 Ὠς
1251 2375 1361 2446 γάρ
1392 2375 1460 2429 ἂν
1486 2376 1624 2447 γυνὴ
1656 2375 1865 2428 καλλω-

301 2461 565 2535 πιζομένη
606 2464 942 2535 στιμμίζοιτο
971 2468 1096 2531 τοὺς
1124 2467 1434 2538 ὀφθαλμούς
1455 2485 1468 2498 ·
1506 2467 1679 2532 οὕτως
1705 2469 1865 2534 αὐτὸς

299 2551 430 2621 ἑγὼ,
463 2556 649 2624 φησιν,
678 2556 817 2627 ὑπὲρ
843 2557 1020 2612 πάντα
1049 2559 1329 2630 ὡραϊσμὸν
1360 2560 1456 2613 καὶ
1483 2559 1866 2630 καλλωπισμὸν

297 2643 424 2706 τοὺς
449 2644 552 2715 τῆς
585 2645 685 2716 σῆς
707 2646 990 2719 οἰκοδομῆς
1025 2648 1206 2713 λίθους
1229 2649 1487 2721 διαθήσω.

371 2754 392 2787 ι
424 2738 533 2790 Καὶ
560 2737 708 2808 θήσω
732 2738 833 2802 τάς
861 2740 1110 2804 ἐπάλξεις
1135 2758 1230 2794 σου
1256 2741 1463 2803 ῐασπιν,
1510 2741 1604 2796 καὶ
1636 2741 1732 2804 τάς
1763 2741 1865 2794 πύ-

297 2825 396 2889 λας
438 2844 533 2881 σου
586 2827 766 2893 λίθους
807 2830 1161 2900 κρυστάλλου,
1202 2833 1295 2885 κα)⁵
1332 2832 1423 2885 τὸν
1455 2832 1736 2904 περίδολόν
1769 2851 1864 2886 σου

297 2916 477 2980 λίθους
504 2918 810 2984 ἐκλεκτούς.
832 2940 852 2972 ι
903 2922 1144 2975 Τοιοῦτοι
1165 2923 1208 2975 δ’
1235 2923 1304 2977 ἀν
1331 2919 1438 2976 εἶεν
1458 2925 1517 2977 ἐν
1538 2925 1604 2994 τῇ
1633 2925 1862 2995 Ἐκκλη-

300 3007 392 3078 σίᾳ
419 3007 556 3061 Θεοῦ
579 3010 629 3062 οἱ
660 3009 848 3082 λογικῇ
880 3017 1196 3084 παρασκευῇ
1226 3014 1328 3084 τὴν
1359 3013 1540 3066 πίστιν
1561 3014 1861 3086 ὠχυρωμέ-

297 3113 399 3162 νοι,
425 3099 567 3153 ὥστε
597 3102 953 3173 προμαχῶνες
993 3104 1144 3168 ὄντες
1176 3105 1272 3158 τοῦ
1300 3103 1583 3168 θεοσεϐοῦς
1619 3106 1865 3160 πολιτευ-

300 3205 491 3259 ματος,
512 3189 600 3243 διά
624 3191 686 3244 τὺ
703 3192 959 3246 δύνασθαι
983 3195 1092 3248 πᾶν
1117 3193 1318 3264 ὕψωμα
1348 3195 1704 3267 ἐπαιρόμενον
1722 3198 1865 3251 κατά

295 3277 396 3347 τῆς
417 3277 670 3348 γνώσεως
688 3280 781 3334 τοῦ
795 3280 931 3335 Θεοῦ
949 3285 1248 3354 καθαιρεῖν,
1261 3284 1356 3336 καὶ
1377 3284 1669 3355 διελέγχειν
1689 3287 1863 3340 πάντα

1970 2106 2144 2166 ιιιιιω,
2169 2110 2226 2157 et
2252 2098 2595 2156 fundamenta
2613 2107 2702 2152 tua
2718 2099 3085 2169 sapphirum.»
3105 2096 3210 2151 Pro
3230 2111 3340 2166 quo
3374 2095 3534 2167 Sym-

1969 2190 2212 2254 machus,
2251 2209 2272 2242 ι
2304 2191 2440 2246 Ecce
2463 2205 2563 2260 ego
2593 2205 2858 2260 compono
2885 2190 3045 2244 stibio
3083 2188 3288 2258 lapides
3318 2201 3480 2254 tuos;
3507 2204 3528 2238 ι

1969 2280 2267 2337 Theodotio
2286 2291 2487 2346 autem,
2525 2299 2544 2332 ι
2561 2281 2715 2336 'Ecce
2730 2295 2831 2350 ego
2851 2280 3133 2334 immittam
3161 2278 3378 2346 stibium
3394 2278 3533 2346 lapi-

1967 2373 2125 2428 dibus
2168 2375 2294 2428 tuis.
2323 2392 2343 2425 v
2374 2372 2830 2439 Quemadmodum
2861 2371 3007 2426 enim
3045 2386 3168 2424 cum
3202 2370 3397 2425 mulier
3417 2411 3434 2435 ,
3473 2378 3535 2424 ut

1967 2464 2153 2519 forma
2196 2466 2445 2523 decorem
2483 2465 2684 2528 addat,
2711 2464 2874 2519 stibio
2921 2462 3042 2517 liuit
3083 2463 3300 2528 oculos,
3349 2462 3422 2516 ita
3476 2470 3536 2517 et

1966 2570 2100 2627 ego,
2139 2557 2329 2627 inquit,
2351 2555 2498 2611 omni
2531 2557 2713 2625 specie
2763 2571 2829 2611 ac
2848 2555 3041 2612 decore
3069 2555 3415 2610 lormosiores
3435 2567 3535 2624 po-

1967 2663 2091 2702 nam
2138 2657 2427 2703 structum
2453 2657 2556 2702 tua:
2585 2647 2809 2716 lapides.

2039 2737 2200 2793 Vm.
2235 2739 2322 2793 l2.
2356 2758 2376 2791 ι
2418 2736 2485 2792 Et
2529 2755 2724 2808 ponam
2770 2736 3168 2808 propugnacula
3213 2745 3303 2792 tua
3328 2736 3529 2806 jaspiu,

1966 2838 2022 2884 et
2057 2837 2392 2899 portas'tuas
2430 2830 2642 2898 lapides
2698 2829 2965 2900 crystalli,
2995 2840 3048 2884 et
3076 2844 3261 2883 muros
3294 2839 3414 2882 tuos
3461 2826 3535 2880 la-

1965 2920 2116 2988 pides
2148 2920 2375 2975 electos.
2421 2921 2582 2975 Tales
2607 2922 2660 2976 in
2686 2921 2929 2976 Ecclesia
2963 2921 3058 2976 Dei
3119 2920 3322 2974 fuerint
3350 2919 3410 2983 ii,
3435 2918 3528 2988 qui

1966 3010 2275 3065 rationabili
2306 3020 2594 3066 structura:
2644 3023 2906 3081 apparatu
2947 3011 3053 3066 ﬁde
3097 3011 3333 3066 roborati
3379 3020 3528 3072 sunt.

1965 3109 2152 3168 utpote
2181 3102 2273 3171 qui
2321 3103 2426 3172 pia
2458 3102 2739 3173 religionis
2768 3102 3168 3173 propugnacula
3206 3104 3336 3165 sint,
3386 3100 3528 3169 quod

1965 3193 2178 3261 possint
2205 3208 2420 3248 omnem
2465 3195 2876 3258 sublimitatem,
2920 3203 3106 3248 contra
3140 3192 3232 3247 Dei
3267 3191 3530 3260 cognitio-

1966 3298 2087 3336 nem
2111 3297 2232 3338 sese
2259 3293 2634 3350 exserentem,
2670 3285 2736 3339 de
2777 3284 2954 3338 medio
2988 3282 3193 3345 tollere,
3228 3290 3282 3336 et
3311 3294 3528 3334 omnem

294 3367 452 3437 λόγον
472 3369 644 3440 ψευδῆ
665 3370 759 3424 τὸν
784 3372 885 3442 τῆς
907 3372 1158 3443 ἀληθείας
1205 3375 1481 3445 πολέμιον.
1513 3377 1724 3448 Ὠσπερ
1757 3379 1864 3449 γάρ

1969 3371 2159 3426 falsum
2202 3387 2505 3428 sermonem
2537 3375 2787 3430 veritatis
2833 3375 3108 3429 inimicum
3156 3373 3438 3427 eliminare
3473 3381 3530 3427 et

295 3459 388 3511 ἐπὶ
416 3459 529 3514 τῶν
570 3461 766 3531 τειχῶν
797 3464 852 3516 αἰ
902 3463 1155 3530 ἐπάλξεις
1201 3465 1561 3536 προμαχῶνές
1599 3468 1736 3518 εἰσιν
1773 3468 1865 3520 ἐπὶ

293 3555 614 3623 παρασκευῇ
659 3552 762 3623 τῆς
813 3554 950 3626 πρὸς
997 3557 1125 3619 τοὺς
1171 3556 1458 3626 πολεμίους
1512 3558 1865 3630 παρατάξεως

293 3643 833 3713 παρεσκευασμένοι·
863 3643 1006 3698 οὕτω
1052 3645 1146 3698 καὶ
1184 3646 1283 3716 τῆς
1341 3645 1663 3717 Ἐκκλησίας
1704 3648 1753 3700 οἰ
1805 3651 1863 3700 ἐν

293 3730 437 3802 λόγῳ
492 3733 588 3787 καὶ
632 3737 691 3788 ὲν
735 3735 900 3807 σοφίᾳ
948 3735 1196 3801 δυνατοὶ,
1239 3735 1480 3806 λεχθεῖεν
1526 3737 1595 3791 ἂν
1637 3738 1863 3801 είκὸτως

292 3823 566 3889 ἐπάλξεις.
602 3843 623 3876 ι
643 3827 756 3880 Καὶ
796 3827 896 3890 τὰς
940 3826 1107 3891 πύλας
1133 3845 1226 3881 σου
1251 3828 1433 3892 λίθους
1460 3829 1791 3902 κρυστάλλου
1808 3847 1857 3880 οι

290 3912 359 3966 δι’
388 3908 466 3967 ῶν
487 3914 587 3978 τὰς
613 3916 788 3973 πύλας
815 3917 915 3988 τῆς
959 3917 1166 3982 πόλεως
1212 3921 1504 3990 συστήσας,
1531 3919 1775 3983 θεσπίζει
1801 3920 1862 3973 τὸ

290 4004 509 4073 διαυγὲς
539 4006 632 4058 καὶ
662 4007 902 4079 καθαρὸν
929 4008 1032 4078 τῆς
1072 4008 1256 4077 ὑγιοῦς
1291 4010 1547 4076 πίστεως,
1591 4011 1863 4080 παριστὰς

291 4093 402 4146 τῶν
428 4097 868 4167 πεπιστευμένων
888 4099 985 4170 τὴν
1022 4098 1245 4171 πρώτην
1274 4101 1367 4154 καὶ
1400 4101 1736 4174 στοιχειώδη,
1767 4105 1862 4156 καὶ

293 4185 607 4256 εἰσακτικὴν
640 4187 1003 4243 διδασκαλίαν.
1035 4211 1055 4242 ι
1079 4191 1190 4244 Καὶ
1213 4192 1303 4245 τὸν
1341 4192 1625 4265 περίϐολον
1657 4209 1752 4247 σου
1779 4195 1861 4248 λί-

292 4273 418 4338 θους
456 4276 763 4342 ἐκλεκτούς.
785 4299 804 4330 v
846 4279 1087 4334 Τουοῦτοι
1129 4282 1175 4334 δ’
1215 4282 1283 4337 ἂν
1325 4277 1436 4336 εἷεν
1467 4285 1518 4337 oi
1560 4285 1862 4357 περιφράτ-

288 4381 492 4430 τοντες,
533 4369 629 4422 καὶ
672 4369 792 4421 ἀντὶ
839 4370 1041 4435 παντὸς
1081 4371 1277 4443 ἕρκους
1312 4375 1732 4446 ἀσφαλιζόμενοι
1773 4376 1862 4431 διὰ

289 4457 398 4518 τῶν
430 4460 569 4531 πρὸς
606 4460 701 4514 τὸν
730 4461 862 4515 Θεὸν
897 4463 1071 4534 εὐχῶν
1109 4464 1207 4536 τὴν
1235 4467 1414 4519 πᾶσαν
1449 4469 1735 4540 οἰκοδομὴν
1762 4470 1861 4540 τῆς

294 4549 519 4617 πόλεως,
551 4551 765 4623 μεγάλα
786 4553 882 4607 καὶ
916 4555 1200 4626 πολυτελῆ,
1224 4556 1320 4611 καὶ
1353 4557 1547 4630 ἔντιμα
1573 4560 1858 4633 οἰκοδομή-

297 4654 459 4708 ματα.

363 4749 384 4782 ι
408 4732 518 4786 Καὶ
547 4734 756 4798 πάντας
785 4736 912 4799 τοὺς
953 4735 1101 4801 υίούς
1128 4754 1223 4791 σου
1254 4738 1535 4805 διδακτοὺς
1570 4741 1726 4805 Θεοῦ,
1759 4745 1852 4798 καὶ

292 4821 351 4874 ὲν
401 4823 568 4894 πολλῇ
620 4826 814 4898 εἰρήνῃ
860 4827 930 4880 τά
973 4828 1138 4884 τέκνα
1188 4847 1304 4885 σου.
1324 4851 1345 4883 ι
1391 4833 1682 4897 Διδακτοὺς
1715 4834 1851 4890 Θεοῦ

291 4913 551 4967 ἀποκαλεῖ
570 4919 697 4980 τοὺς
725 4920 873 4982 υίοὺς
892 4920 993 4990 τῆς
1018 4921 1185 4976 πάλαι
1225 4923 1472 4994 στείραςο
1503 4924 1639 4978 ἀλλά
1667 4927 1762 4978 καὶ
1793 4929 1852 4979 ὲν

292 5003 456 5074 πολλῇ
487 5008 677 5079 εἰρήνῃ
709 5007 926 5063 ἔσεσθαι
970 5012 1140 5083 αὐτῆς
1187 5012 1259 5065 τά
1303 5015 1471 5068 τέκνα
1493 5032 1508 5045 ·
1542 5015 1697 5069 τοῦτο
1741 5017 1853 5089 γάρ

291 5094 472 5157 αὐτοῖς
497 5097 856 5168 ἐπηγγείλατο
895 5101 1095 5155 εἰπών’
1135 5121 1155 5154 ι
1198 5104 1436 5175 Εἰρήνην
1460 5105 1559 5176 τὴν
1601 5105 1739 5179 ἐμὴν
1770 5107 1851 5161 δί-

291 5185 430 5259 δωμι
452 5189 599 5258 ὑμῖν,
625 5190 848 5262 εἰρήνην
870 5191 970 5262 τήν
998 5193 1138 5265 ἐμὴν
1167 5195 1370 5265 ἀφίημι
1401 5197 1583 5266 ὑμῖν.»

367 5296 386 5327 ι
430 5279 541 5346 Καὶ
583 5281 643 5332 ἐν
693 5281 1002 5354 δικαιοσύνῃ
1037 5284 1454 5360 οίκοδομηθήση.
1488 5288 1720 5359 ’Δπέχου
1764 5292 1860 5345 ἀπ’

290 5367 499 5428 ἀδίκου.
544 5373 639 5424 καὶ
687 5372 755 5424 οὗ
807 5373 1112 5458 φοὸηθήσῃ,
1153 5376 1250 5430 καὶ
1299 5377 1500 5448 τρόμος
1536 5380 1635 5433 οὐκ
1688 5383 1865 5450 ὲγγιεῖ

293 5475 435 5513 σοι.ι
480 5460 564 5513 Τά
601 5463 698 5532 μὲν
732 5462 843 5534 γὰρ
895 5465 1211 5536 ἀνθρώπινα
1256 5471 1724 5544 ὲπισκευάσματα,
1769 5475 1865 5527 καὶ

291 5549 351 5615 ἐξ
390 5549 734 5624 ἀνθρωπίνης
773 5554 1004 5628 σπουδῆς
1061 5559 1442 5630 συνιστάμενα,
1481 5560 1704 5615 τοιαῦτά
1736 5579 1859 5615 τινα

289 5640 564 5711 τυγχάνειο
620 5640 701 5694 διδ
752 5644 846 5696 καὶ
890 5646 969 5707 εἰς
1005 5643 1211 5716 φθοράν
1246 5651 1416 5721 χωρεῖ
1452 5649 1547 5703 καὶ
1587 5651 1668 5712 εἰς
1704 5648 1854 5702 ἀπώ-

287 5749 312 5783 ⁹
337 5747 497 5805 Joan.
533 5764 650 5816 stv,
677 5749 768 5805 27.

353 5841 473 5912 (ιο)
516 5839 575 5895 In
607 5841 715 5899 alio
742 5845 925 5917 codice
959 5846 1154 5916 legitur
1177 5853 1290 5915 τοῖς
1318 5851 1484 5917 λίθοις
1509 5870 1630 5906 σου.
1655 5852 1852 5908 Hiem-

283 5925 481 5984 llytntls
531 5926 698 5982 vero,
743 5913 883 5982 Ἐγώ
926 5913 1042 5988 εἰμι
1083 5913 1334 5989 ἐμϐαλὼν
1373 5925 1430 5978 ἐν
1465 5913 1686 5996 ’στίμμι
1731 5923 1856 5985 τοὺς

1966 3461 2266 3519 confutare.
2313 3461 2469 3517 Sicut
2497 3465 2642 3518 enim
2692 3465 2971 3519 adornata:
3021 3464 3075 3517 in
3119 3464 3290 3518 muris
3326 3463 3524 3532 pinnae,

1965 3554 2362 3625 pmpugnacula
2394 3563 2545 3617 sunt,
2575 3555 2644 3609 ad
2702 3553 3076 3610 instruendum
3106 3566 3295 3610 contra
3342 3555 3531 3609 hostes

1966 3645 2165 3700 bellum
2198 3645 2564 3710 concinnata;
2608 3646 2689 3701 sic
2724 3654 2782 3702 et
2821 3646 2879 3710 ii,
2919 3645 3010 3716 qui
3046 3647 3100 3701 in
3136 3645 3376 3701 Ecclesia
3412 3659 3529 3701 rer-

1963 3749 2123 3790 mone
2152 3746 2210 3790 et
2257 3735 2526 3805 sapientia
2578 3747 2826 3806 potentes
2875 3745 3024 3801 sunt,
3062 3737 3186 3807 jure
3219 3751 3527 3806 propugna-

1963 3826 2084 3882 cula
2127 3827 2394 3882 dicantur.
2429 3846 2448 3878 ι
2487 3827 2556 3881 Ει
2585 3837 2771 3897 portas
2797 3836 2921 3883 tuas
2965 3828 3170 3898 lapides
3207 3825 3468 3899 crystalli,
3501 3845 3524 3880 ι

1961 3918 2161 3987 quibus
2213 3916 2488 3988 lapidibus
2541 3919 2610 3972 ad
2664 3928 2853 3989 portas
2915 3918 3067 3974 urbis
3117 3919 3531 3974 constituendas

1962 4026 2115 4077 usus,
2145 4025 2291 4066 sana:
2318 4011 2444 4065 ﬁdei
2472 4010 2815 4080 splendorem
2852 4021 2909 4066 et
2943 4009 3232 4081 puritatem
3263 4009 3531 4064 vaticina-

1964 4112 2075 4163 tur.
2107 4102 2456 4173 declaratque
2500 4104 2730 4173 primam
2760 4103 3169 4166 elementarem,
3211 4111 3377 4170 atque
3424 4100 3529 4154 ini-

1963 4191 2145 4245 tialem
2181 4207 2383 4258 rerum,
2412 4206 2534 4261 qua:
2568 4192 2637 4246 ad
2667 4191 2826 4247 ﬁdem
2864 4191 3159 4262 pertinent,
3202 4189 3525 4244 doctrinam.

1967 4299 1987 4333 ι
2026 4283 2092 4336 Et
2122 4298 2308 4338 muros
2346 4292 2470 4338 tuos
2501 4283 2708 4354 lapides
2748 4283 2975 4338 electos.
3008 4301 3030 4335 ι
3069 4280 3384 4349 Huiusmodi
3414 4279 3530 4334 lue-

1963 4374 2073 4426 rint
2105 4374 2166 4439 ii,
2199 4375 2292 4443 qui
2327 4376 2753 4444 circumquaque
2783 4373 3104 4428 munimenti
3138 4373 3256 4428 loco
3295 4381 3443 4434 sunt,
3473 4382 3532 4426 ct

1959 4464 2118 4535 quasi
2163 4466 2388 4530 vallum,
2431 4475 2599 4520 totam
2635 4464 2786 4520 urbis
2813 4475 3142 4520 structuram
3191 4479 3289 4533 per
3327 4463 3533 4518 oratio-

1961 4571 2059 4610 nes
2110 4557 2176 4609 ad
2239 4556 2406 4611 Deum
2461 4559 2694 4612 emissas
2749 4566 3034 4628 tutantur;
3103 4571 3292 4625 magna
3349 4568 3527 4621 sane,

1888 4685 1931 4739 η
1961 4648 2193 4739 pretiosa
2237 4659 2294 4704 et
2347 4649 2686 4704 honorabilia
2733 4648 2980 4703 adiﬁcia.

2038 4738 2199 4795 Vens.
2235 4742 2325 4796 l3.
2361 4760 2380 4793 ι
2417 4740 2484 4794 Et
2513 4757 2706 4796 omnes
2737 4743 2876 4796 lilios
2914 4753 3052 4802 tuos.
3085 4740 3380 4809 discipulos
3408 4739 3526 4800 Dei,

1959 4840 2014 4884 et
2063 4832 2116 4885 in
2159 4833 2326 4888 multa
2372 4849 2509 4903 pace
2544 4835 2639 4886 lilii
2694 4834 2795 4887 tui.
2833 4850 2854 4884 ι
2896 4833 3196 4901 Discipulos
3231 4831 3325 4885 Dei
3373 4839 3528 4885 vocat

1959 4923 2101 4977 illius
2133 4924 2261 4978 olim
2311 4924 2513 4979 sterilis
2563 4924 2746 4978 ﬁlios:
2793 4938 2856 4976 ac
2911 4923 2966 4976 in
3018 4923 3184 4978 multa
3231 4936 3364 4992 pace
3403 4936 3527 4976 ver-

1960 5024 2175 5069 saturos
2224 5015 2302 5069 ait
2351 5015 2492 5070 ﬁlios
2521 5014 2680 5083 ejus:
2716 5014 2768 5068 id
2796 5013 2942 5068 enim
2977 5014 3106 5083 ipsis
3135 5013 3406 5082 pollicitus
3440 5013 3527 5068 his

1963 5106 2144 5161 verbis
2173 5115 2258 5161 cst
2283 5126 2300 5162 :
2341 5125 2361 5159 ι
2399 5106 2596 5162 Pacem
2625 5121 2802 5161 meam
2839 5107 2909 5160 do
2932 5105 3108 5170 vobis,
3135 5119 3321 5174 pacem
3349 5119 3524 5160 meam

1957 5196 2204 5266 relinquo
2236 5199 2390 5254 vobis
2416 5199 2460 5254 '.
2497 5217 2518 5249 ι

2029 5289 2199 5346 νεκε.
2227 5291 2316 5346 tt.
2341 5309 2360 5343 ι
2391 5291 2460 5346 Et
2487 5291 2541 5345 in
2561 5289 2774 5362 iustitia
2798 5289 3174 5345 adiﬁcalneris.
3202 5287 3427 5343 Abstine
3452 5288 3526 5343 ab

1958 5381 2166 5450 iniquo,
2194 5393 2246 5439 et
2292 5399 2398 5438 non
2439 5383 2658 5438 timebis
2682 5422 2700 5448 ,
2749 5393 2805 5438 et
2850 5389 3058 5435 tremor
3087 5396 3192 5434 non
3237 5377 3527 5448 appropin-

1957 5472 2151 5539 quabit
2190 5475 2310 5528 tibi.
2363 5493 2386 5526 ι
2444 5472 2724 5544 Siquidem
2780 5471 3001 5528 humani
3065 5471 3142 5524 illi
3191 5477 3521 5538 apparatus,

1966 5563 2198 5618 humana
2229 5580 2360 5620 cura
2387 5566 2544 5632 editi,
2575 5564 2884 5632 huiusmodi
2911 5571 3081 5616 sunt:
3123 5573 3292 5632 quare
3320 5559 3372 5611 iu
3399 5572 3524 5611 cov-

1962 5657 2270 5722 ruptionem
2292 5666 2349 5713 et
2366 5657 2592 5712 exitium
2619 5657 2930 5712 deveniunt.
2957 5653 3109 5723 Opus
3133 5661 3312 5707 autem
3341 5661 3524 5704 meum

1960 5852 2144 5925 λίθους
2171 5869 2289 5907 σου.
2307 5833 2628 5925 Procopius,
2653 5852 2905 5925 ἑμδάλλω
2939 5852 3000 5925 εν
3037 5851 3241 5925 στίμει.
3266 5850 3526 5920 ρω-

1966 5924 2130 5978 lcctio
2156 5933 2398 5994 prastct,
2428 5921 2530 5981 suo
2559 5921 3100 5992 l'ocdibdagabimus.
