4124 6402
675 470 776 523 ι67

1331 468 1589 523 EUSEBII
1628 468 2088 524 CESARIENSIS
2122 465 2270 522 OPP.
2312 466 2485 521 PARS
2523 466 2611 521 ill.
2658 496 2726 505 —
2766 461 3167 519 EXEGETICA.

3760 464 3861 520 ωδ

672 584 1015 653 corruptione
1053 597 1274 637 vacuum
1324 595 1443 638 est:
1483 600 1658 655 neque
1693 585 1795 641 tale
1826 586 2097 654 quidpiam
2147 587 2197 639 in
2229 595 2267 650 Α

2300 584 2448 635 λειαν
2468 602 2480 612 ·
2511 584 2572 635 τὺ
2597 582 2651 635 δὲ
2680 582 2810 652 ἐμὸν
2838 581 2994 651 ἐργον
3021 580 3340 653 ἀδιάφθορον
3370 582 3574 650 πέφυκε
3591 599 3604 610 ·
3635 582 3726 633 καὶ
3746 573 3859 634 οὑᾶ

671 686 834 737 opere
863 685 981 726 meo
1011 672 1309 753 reperiatur
1333 673 1472 741 quod
1502 684 1810 742 corrumpat
1851 685 1906 728 et
1934 677 2202 746 disperdat

670 759 819 815 illud.

749 871 903 927 σω.
938 872 1121 928 15-17.
1152 892 1173 925 s
1210 874 1346 928 Ecce
1375 872 1627 943 proselyti
1658 877 1911 930 accedent
1935 878 2001 930 ad
2033 889 2084 929 te
2110 892 2203 943 per

668 978 779 1026 tne,
820 973 873 1016 et
899 964 1084 1020 incola
1124 964 1196 1017 tui
1227 973 1405 1029 erunt,
1438 976 1490 1019 et
1521 966 1588 1019 ad
1617 974 1666 1022 te
1695 965 2021 1036 confugient.
2066 968 2201 1023 Ecce

669 1068 767 1121 ego
797 1054 973 1107 creavi
1025 1063 1097 1120 te,
1144 1067 1251 1107 non
1297 1056 1436 1108 sicut
1472 1057 1695 1111 aerarius
1735 1055 1952 1113 sumans
1983 1074 2196 1127 prunas,

668 1152 723 1195 et
750 1143 981 1197 educens
1014 1156 1106 1196 vas
1137 1143 1188 1195 in
1219 1156 1351 1211 opus
1377 1162 1389 1195 :
1436 1158 1536 1212 ego
1567 1154 1744 1200 autem
1778 1148 1953 1201 creavi
1993 1158 2064 1213 te,
2095 1165 2197 1203 non

668 1240 726 1282 ut
756 1229 971 1283 interitu
1000 1230 1301 1298 perderem.
1334 1231 1503 1287 Omne
1535 1249 1649 1296 vas,
1688 1238 1827 1305 quod
1881 1236 2078 1293 factum
2116 1251 2199 1294 est

666 1326 848 1371 contra
888 1327 937 1370 te
970 1357 985 1380 .
1032 1331 1137 1373 non
1183 1334 1500 1388 prosperare
1530 1320 1751 1377 faciam:
1794 1336 1848 1388 et
1890 1328 2064 1382 omnis
2099 1344 2196 1382 vox

668 1407 901 1476 insurget
949 1423 1110 1478 super
1150 1420 1201 1464 te
1239 1412 1292 1464 in
1332 1411 1611 1479 judicium.
1645 1413 1842 1473 Omnes
1870 1433 1965 1473 eos
1993 1421 2195 1483 vinces,

664 1508 718 1551 et
750 1508 909 1554 erunt
938 1501 1151 1577 obnoxii
1194 1502 1268 1556 tui
1308 1503 1358 1556 in
1404 1518 1489 1559 co.
1533 1525 1550 1557 ο
1596 1506 1723 1561 Post
1758 1510 2062 1577 pramissos
2097 1510 2199 1567 Ec-

665 1587 840 1643 clesia
864 1560 1104 1659 ordine‘b,
1127 1594 1422 1664 proselytos
1455 1596 1546 1649 ens
1572 1560 1699 1651 esse
1723 1560 2059 1669 dixeris:
2084 1560 2198 1672 ᾧ.

665 1678 810 1733 mani
842 1689 895 1734 et
922 1680 1116 1734 sinceri
1159 1697 1261 1735 non
1308 1692 1451 1748 sunt,
1496 1702 1665 1755 neque
1704 1705 1833 1758 pure
1878 1692 1930 1744 in
1961 1693 2196 1747 multitu-

663 1767 788 1822 dine
830 1777 1154 1836 procedunt:
1196 1787 1332 1842 quos
1382 1778 1831 1845 peregrinaturos.
1884 1786 1991 1837 non
2020 1794 2192 1839 autem

665 1857 996 1914 iiabitaturos
1025 1874 1144 1938 esse
1180 1864 1255 1916 ait
1285 1864 1338 1917 in
1373 1878 1433 1919 ea
1456 1904 1471 1927 ,
1505 1868 1627 1935 quia
1673 1870 1827 1938 quasi
1873 1872 1925 1925 in
1969 1877 2192 1928 transitu

658 1959 777 2000 eam
814 1949 1053 2003 adibunt.
1086 1932 1227 2006 «'Est
1254 1932 1536 2011 hereditas
1566 1932 1921 2017 servientibus
1947 1962 2192 2032 Domino,
2228 1940 2267 1994 Β

660 2046 716 2087 et
744 2049 839 2089 vos
869 2039 1022 2094 eritis
1046 2040 1173 2094 mihi
1198 2042 1353 2112 justi,
1387 2045 1516 2100 dicit
1549 2047 1825 2104 Dominus.
1864 2071 1885 2103 ›
1914 2052 2072 2122 idque
2099 2058 2194 2109 ad-

664 2128 876 2183 modum
918 2144 1311 2202 congruenter:
1352 2152 1471 2190 nam
1519 2151 1639 2207 post
1675 2145 1947 2211 praemissa
1979 2147 2192 2212 omnia,

663 2216 804 2271 illam
842 2219 896 2273 in
938 2220 1112 2279 futuro
1156 2226 1348 2281 saeculo
1377 2232 1662 2298 repositam
1694 2234 2057 2291 hereditatem
2082 2254 2195 2294 me-

659 2323 870 2365 morare
899 2328 1031 2381 opus
1061 2326 1195 2370 erat.
1222 2317 1475 2383 Quanam
1512 2321 1597 2375 illa
1635 2321 1814 2391 fuerit,
1839 2327 1940 2379 nisi
1970 2340 2191 2398 regnum

655 2400 933 2466 animum,
962 2415 1015 2459 et
1056 2408 1157 2460 vita
1198 2412 1435 2465 aeterna?

1246 2566 1469 2623 CAPUT
1516 2570 1619 2624 LV.

724 2693 880 2751 Vna.
918 2698 1025 2753 1-5.
1069 2718 1087 2751 ι
1123 2700 1398 2769 Sitientes,
1445 2705 1515 2759 ite
1542 2708 1607 2759 ad
1635 2721 1851 2775 aquam,
1886 2719 1942 2765 et
1966 2712 2056 2781 qui
2088 2728 2189 2766 non

654 2783 866 2841 habetis
894 2800 1197 2859 argentum,
1226 2806 1414 2848 euntes
1442 2797 1625 2861 emite,
1660 2808 1716 2852 et
1757 2802 2019 2858 comedite
2057 2806 2191 2860 abs-

652 2889 756 2941 ςηε
812 2888 1031 2947 argento
1081 2881 1260 2936 vinum
1303 2892 1359 2938 et
1396 2884 1627 2955 adipem.
1674 2887 1852 2955 Quare
1891 2895 2191 2962 expenditis

650 2978 948 3033 argentum,
998 2978 1051 3024 et
1091 2970 1323 3027 laborem
1374 2984 1640 3043 vestrum,
1685 2995 1789 3035 non
1836 2982 1890 3037 in
1936 2985 2189 3042 saturita-

652 3054 805 3108 ιστηιῖ
828 3056 1020 3113 Audite
1052 3072 1155 3124 me,
1201 3072 1258 3116 et
1290 3061 1433 3119 vivet
1469 3065 1520 3119 in
1565 3066 1719 3123 bonis
1771 3071 1947 3127 anima
1987 3088 2188 3142 vestra,

648 3154 704 3199 et
757 3150 1081 3206 constituam
1131 3156 1287 3210 vobis
1339 3166 1717 3215 testamentum
1765 3164 2188 3234 sempiternum,

2304 672 2537 726 τοιοῦτον
2563 672 2908 743 εὑρεθήσεται
2956 672 3048 723 ἐπὶ
3081 670 3174 723 τοῦ
3221 670 3353 740 ἐμοῦ
3401 671 3582 741 ἔργου,
3622 670 3697 734 ὠς
3742 671 3857 725 δια-

2308 762 2527 832 φθεῖραι
2553 762 2647 815 καὶ
2674 761 2931 815 ἀπολέσαι
2962 761 3091 813 αὑτό

2381 892 2399 923 ε
2443 874 2569 927 Ἰδοὺ
2616 873 2938 943 προσήλυτοι
2989 871 3435 943 προσελεύσονταί
3469 889 3551 925 σοι
3591 872 3657 925 δι’
3701 871 3856 943 ἐμοῦ,

2306 963 2395 1015 καὶ
2422 962 2806 1033 παροικήσουσί
2862 979 2963 1025 σοι,
3016 961 3109 1014 καὶ
3149 962 3243 1013 ἐπὶ
3298 963 3357 1015 σὲ
3410 961 3853 1032 καταφεύξονται.

2317 1052 2445 1106 Ἰδοὺ
2485 1050 2594 1120 ἐγὼ
2656 1052 2843 1107 ἐκτισά
2889 1070 2967 1118 σε,
3014 1052 3110 1121 οὑχ
3146 1052 3221 1115 ὼς
3261 1052 3493 1121 χαλκεὺς
3529 1052 3712 1122 φυσῶν
3762 1052 3860 1109 ἂν·

2306 1142 2528 1212 θρακας,
2551 1141 2641 1194 καὶ
2662 1141 2905 1213 ἐκφέρων
2931 1140 3118 1205 σκεῦος
3144 1142 3223 1204 είς
3250 1141 3435 1213 ἔργονο
3459 1141 3569 1211 ἐγὼ
3587 1143 3632 1196 δ’
3670 1142 3859 1217 ἐκτισά

2305 1248 2383 1295 σε,
2423 1234 2522 1285 οὑκ
2548 1233 2628 1293 εἰς
2655 1230 2927 1285 ἀπώλειαν
2954 1230 3187 1302 φθεῖραι.
3210 1231 3325 1283 Πᾶν
3349 1231 3541 1296 σκεῦος
3565 1229 3855 1286 σκευαστὸν

2303 1316 2395 1368 ἐπὶ
2428 1318 2505 1379 σὲ,
2537 1318 2634 1369 οὑκ
2676 1316 2946 1370 εύοδώσω·
3002 1318 3093 1371 καὶ
3122 1319 3268 1371 πᾶσα
3302 1319 3452 1388 φωνὴ
3496 1320 3855 1390 ἀναστήσεται

2302 1407 2393 1459 ἐπὶ
2434 1408 2493 1459 σέ
2535 1410 2612 1470 είς
2661 1406 2855 1477 κρίσιν.
2894 1410 3105 1471 Πάντας
3154 1408 3346 1470 αὐτοὺς
3377 1409 3661 1478 ἡττήσεις⁸
3703 1412 3754 1463 oi
3799 1410 3858 1463 δέ

2303 1499 2471 1569 ἔνοχοί
2508 1516 2598 1551 σου
2637 1500 2847 1553 ἔσονται
2887 1501 2945 1553 ἐν
2972 1502 3130 1571 αὑτῇ.
3161 1520 3179 1553 ι
3209 1502 3392 1564 Είποις
3418 1500 3462 1553 δ’
3487 1499 3554 1553 ἂν
3590 1500 3857 1571 προσηλύ-

2302 1607 2423 1653 τους
2448 1591 2582 1661 μετά
2601 1590 2670 1642 τὰ
2694 1590 3054 1661 προλεχθέντα
3074 1592 3173 1659 τῆς
3200 1590 3515 1662 Ἐκκλησίας
3535 1590 3853 1661 πράγματα.

2301 1681 2425 1743 τοὺς
2444 1680 2503 1732 οὑ
2524 1680 2795 1748 γνησίους,
2823 1680 2940 1732 οὑδέ
2966 1679 3220 1750 καθαρῶς
3241 1680 3637 1752 προὸάλλοντας
3658 1682 3717 1733 έν
3744 1682 3855 1745 τοις

2302 1769 2587 1841 πλήθεσιν·
2621 1770 2714 1832 οὒς
2753 1771 2845 1823 καὶ
2885 1771 3257 1841 παροικήσειν,
3295 1770 3407 1824 ἀλλ’
3431 1771 3490 1824 οὐ
3516 1772 3853 1843 κατοικήσειν

2302 1865 2461 1932 φησὶν
2476 1862 2660 1932 αὐτὴν,
2673 1861 2759 1914 διά
2782 1861 2843 1914 τὸ
2870 1862 2945 1925 ὠς
2958 1862 3016 1913 ἐν
3030 1862 3244 1933 παρόδῳ
3258 1861 3525 1915 ποιεῖσθαι
3540 1863 3735 1926 αὑτοὺς
3756 1864 3853 1935 τήν

2294 1952 2513 2006 είσοδον.
2542 1972 2561 2003 ι
2593 1952 2745 2004 Ἔστι
2773 1952 3101 2024 κληρονομία
3118 1954 3231 2016 τοῖς
3245 1952 3603 2024 θεραπεύουσι
3628 1952 3849 2024 Κύριον,

2295 2044 2387 2097 καὶ
2414 2045 2567 2111 ὑμεῖς
2591 2042 2779 2096 ἔσεσθέ
2804 2060 2891 2113 μοι
2924 2042 3135 2110 δίκαιοι,
3170 2042 3314 2112 λέγει
3352 2042 3553 2115 Κύριος
3570 2060 3583 2074 ⁸
3611 2063 3629 2095 ι
3649 2043 3851 2115 σφόδρα

2292 2134 2621 2197 ἀκολούθως’
2658 2134 2794 2203 μετά
2831 2133 2938 2204 γὰρ
2967 2132 3034 2187 τά
3064 2132 3424 2204 προλεχθέντα
3454 2133 3651 2197 πάντα,
3685 2133 3851 2203 ἐχρῆν

2292 2225 2594 2295 ὑπομνῆσαι
2636 2224 2731 2277 καὶ
2757 2223 2855 2293 τῆς
2886 2223 3205 2293 ἐγκειμένης
3233 2224 3291 2277 ἐν
3319 2223 3397 2295 τῷ
3426 2223 3670 2295 μέλλοντι
3696 2222 3849 2276 αίῶνι

2292 2313 2665 2384 κληρονομίας.
2706 2314 2801 2376 Τίς
2827 2312 2871 2366 δ’
2900 2311 2965 2366 ἂν
3003 2312 3210 2380 γένοιτο
3239 2313 3375 2385 αὕτη
3400 2314 3515 2368 ἀλλ’
3544 2317 3577 2384 ή
3609 2311 3853 2385 βασιλεία

2290 2404 2396 2457 τῶν
2418 2403 2660 2474 οὐρανῶν
2685 2403 2781 2456 καὶ
2807 2402 2921 2473 ζωὴ
2947 2403 3188 2470 αἰώνιος

2789 2560 3181 2616 ΚΕΟΔΛΔῙΟΝ
3206 2559 3332 2613 NE‘.

2366 2708 2385 2741 ε
2424 2692 2489 2743 υί
2525 2690 2803 2759 διψῶντες,
2854 2689 3145 2763 πορεύεσθε
3172 2690 3257 2759 ἐφ’
3298 2689 3461 2762 ὕδωρ,
3492 2690 3586 2745 καὶ
3634 2692 3749 2745 ὅσοι
3776 2692 3850 2763 μὴ

2290 2778 2439 2849 ἔχετε
2468 2779 2748 2852 ἀργύριον,
2794 2780 3105 2852 βαδίσαντες
3143 2780 3470 2853 ἀγοράσατε,
3518 2784 3613 2835 καὶ
3648 2783 3849 2853 φάγετε

2288 2871 2413 2926 ἀνευ
2438 2872 2699 2944 ἀργυρίου
2735 2866 2875 2926 οἶνον
2915 2872 3010 2925 καὶ
3051 2870 3236 2943 στέαρ.
3269 2871 3387 2925 Ἵνα
3412 2871 3465 2925 τί
3496 2872 3725 2942 τιμᾶσθε
3751 2872 3849 2944 ἀρ-

2287 2963 2497 3034 γυρίου,
2523 2944 2617 3016 καὶ
2661 2963 2753 3016 τὸν
2783 2961 2979 3033 μόχθον
3024 2960 3178 3032 ὑμῶν
3226 2962 3327 3015 οὐκ
3387 2963 3467 3025 εις
3496 2960 3845 3033 πλησμονήν;

2302 3055 2587 3109 Ἀκούσατέ
2622 3072 2745 3126 μου,
2770 3055 2863 3109 καὶ
2884 3052 3106 3125 ζήσεται
3128 3054 3184 3107 ἐν
3204 3053 3427 3122 ἀγαθοῖς
3448 3056 3482 3124 ή
3502 3053 3648 3125 ψυχὴ
3671 3053 3846 3125 ὑμῶν,

2290 3146 2383 3199 καὶ
2400 3143 2722 3216 διαθήσομαι
2752 3146 2879 3216 ὑμῖν
2904 3144 3166 3216 διαθήκην
3191 3144 3429 3211 αίώνιον,
3451 3144 3521 3197 τά
3543 3146 3664 3198 ὅσια
3684 3143 3847 3203 Atlle

648 3248 835 3291 sancta
886 3238 1050 3297 David
1095 3243 1294 3301 ﬁdelia.
1338 3266 1358 3299 ι
1393 3248 1450 3304 In
1501 3251 1603 3305 alia
1652 3228 1897 3307 studium.
1935 3228 2188 3313 confertis
2214 3264 2256 3322 C

2289 3235 2357 3290 τά
2386 3238 2570 3290 πιστά.
2597 3256 2616 3288 ι
2650 3236 2783 3308 Περὶ
2810 3236 2975 3307 ἔτερα
3001 3235 3407 3307 ἀσχολούμενοι,
3430 3234 3489 3303 ἐξ
3514 3228 3588 3291 ὧν
3606 3237 3709 3290 οὑκ
3729 3236 3845 3289 ἐστι

652 3336 911 3394 vestrum,
942 3344 1009 3383 ex
1033 3332 1227 3399 quibus
1266 3351 1372 3391 non
1404 3349 1577 3407 potest
1617 3339 1796 3395 anima
1824 3345 2071 3411 enutriri,
2106 3366 2191 3404 ne-

2289 3325 2459 3396 ψυχήν
2482 3326 2772 3397 τραφῆναι,
2799 3326 2919 3380 οὑδέ
2953 3328 3033 3390 είς
3057 3326 3375 3398 πλησμονὴν
3398 3326 3699 3381 ἀπολαῦσαι
3723 3342 3846 3399 τρο-

650 3430 754 3507 que
788 3416 908 3507 cibo
935 3421 1002 3473 ad
1046 3424 1381 3482 saturitatem
1428 3428 1550 3485 frui.
1605 3432 1807 3489 Preter
1848 3437 1991 3490 enim
2029 3453 2189 3507 supe-

657 3502 768 3555 rins
793 3503 956 3570 dicta,
993 3509 1252 3565 bonorum
1284 3528 1504 3583 operum
1530 3534 1697 3586 spem.
1738 3502 2190 3589 divinumque'ci-

651 3593 810 3657 bum,
854 3594 1263 3665 obsequentium
1304 3605 1496 3661 animis
1543 3612 1831 3678 repositum
1880 3614 2031 3670 dicit.
2069 3616 2183 3672 Non

646 3682 789 3736 enim
816 3688 1153 3756 corporibus,
1198 3694 1319 3757 sed.
1358 3705 1417 3749 ut
1460 3701 1804 3771 perspicuum
1833 3716 1937 3771 est,
1984 3708 2186 3762 anima-

649 3776 768 3839 Lus,
800 3774 1099 3833 futurorum
1142 3783 1399 3840 bonorum
1443 3803 1636 3846 munus
1666 3796 1909 3863 porrigit.

717 3880 877 3939 Vens.
914 3886 966 3950 έ,
992 3889 1044 3944 5.
1090 3909 1108 3941 ι
1149 3891 1289 3948 Ecce
1316 3900 1677 3957 testimonium
1714 3904 1763 3957 in
1791 3906 2037 3975 gentibus
2066 3908 2183 3964 dedi

649 3989 769 4027 eum
788 4016 803 4041 ,
846 3980 1140 4049 principem
1166 3995 1221 4039 et
1260 3990 1660 4058 prtecipientetn
1688 3997 1956 4066 gentibus.
1987 3998 2188 4056 Gentes

648 4080 767 4162 qua
812 4071 1119 4127 nesciebant
1152 4086 1226 4141 te,
1272 4078 1597 4138 invocabunt
1644 4096 1730 4153 te;
1769 4097 1825 4141 et
1871 4090 2051 4160 populi
2094 4094 2183 4162 qui

648 4157 898 4247 ignorant
939 4171 1009 4229 te,
1067 4167 1135 4221 ad
1180 4178 1232 4224 te
1268 4172 1577 4245 confugient
1627 4187 1845 4247 propter
1873 4157 2184 4238 Dominum

652 4244 822 4301 Deum
856 4259 1027 4316 tuum,
1067 4268 1315 4313 sanctum
1346 4244 1530 4328 Israel,
1560 4244 1686 4334 quia
1714 4244 2032 4335 gloriﬁcavit
2053 4282 2124 4327 te.
2154 4290 2176 4326 ι

646 4336 841 4408 Ecquis
895 4356 1001 4396 non
1051 4354 1265 4415 stupeat
1310 4354 1574 4409 sermonis
1618 4368 1887 4422 eventum,
1936 4362 2121 4418 videns
2153 4379 2183 4417 τι

644 4427 861 4485 Christo
896 4432 989 4489 Dei
1032 4450 1131 4506 per
1157 4448 1325 4494 totum
1372 4445 1555 4499 orbem
1602 4445 1932 4506 Christianos
1980 4469 2185 4509 nuncu-

646 4522 759 4589 pari
781 4522 805 4575 τ
830 4523 897 4577 Et
929 4525 1029 4581 hoc
1059 4528 1162 4583 erit
1189 4529 1293 4587 iiiis
1329 4544 1586 4591 aeternum
1616 4538 1828 4606 salutis,
1868 4556 1987 4612 qua:
2014 4560 2045 4598 a
2079 4547 2183 4601 Deo

642 4624 746 4705 est,
786 4615 1021 4685 signum,
1062 4622 1205 4689 quod
1241 4638 1435 4679 nomen
1464 4626 1677 4684 Domini
1725 4632 1826 4686 sibi
1854 4635 2182 4705 adscribent,

643 4703 697 4757 in
727 4717 983 4760 asternum
1016 4724 1521 4785 perseveraturum,
1572 4737 1671 4776 nec
1714 4738 1947 4793 unquam
1977 4703 2182 4783 desitué

646 4812 768 4851 rum
798 4816 811 4851 :
847 4815 974 4855 nam
999 4804 1136 4858 dona
1172 4806 1261 4862 Dei
1291 4810 1410 4864 sine
1446 4816 1766 4882 pmnitentia
1791 4827 1938 4874 sunt.

712 4956 875 5012 Vns.
906 4959 1059 5015 6.12.
1094 4981 1113 5014 ι
1136 4963 1369 5031 Qum-ite
1400 4967 1700 5041 Dominum,
1724 4983 1779 5030 et
1812 4992 1931 5030 cum
1969 4979 2183 5034 invene-

643 5046 763 5139 ritis
801 5063 943 5112 eum.
976 5051 1244 5109 invocate.
1290 5057 1517 5123 Quando
1566 5075 1741 5119 autem
1783 5069 2180 5139 appropinqua-

641 5136 780 5227 verit
811 5139 877 5191 ad
902 5155 1019 5203 vos,
1056 5144 1388 5215 derelinquat
1434 5152 1629 5225 impius
1676 5158 1787 5211 vias
1829 5136 1977 5227 suasi,
2014 5136 2074 5215 et
2099 5165 2179 5216 vir

644 5225 857 5294 iniquus
880 5232 1105 5286 consilia
1151 5250 1246 5289 sua
1273 5255 1288 5301 ;
1320 5248 1373 5292 et
1398 5254 1744 5299 convertatur
1773 5251 1838 5302 ad
1870 5225 2173 5315 Dominum,

640 5326 693 5369 et
724 5318 1146 5380 misericordiam
1177 5343 1577 5400 consequetur:
1619 5339 1743 5406 quia
1773 5343 1969 5397 multus
1994 5344 2095 5399 erit
2120 5348 2172 5398 in

638 5407 965 5467 dimittendis
1003 5419 1237 5481 peccatis
1260 5423 1469 5477 vestris.
1507 5424 1690 5496 Neque
1721 5431 1861 5483 enim
1894 5442 2017 5485 sunt
2048 5448 2177 5487 oon-

638 5499 760 5555 silia
785 5518 926 5568 mea,
953 5508 1091 5562 sicut
1121 5512 1347 5566 consilia
1377 5526 1575 5583 vestra,
1606 5534 1706 5574 nee
1730 5521 1829 5575 vim
1854 5536 2005 5590 meas,
2037 5526 2178 5580 sicut

643 5606 738 5645 vim
774 5611 987 5665 vestrae,
1047 5602 1179 5657 dicit
1236 5604 1512 5663 Dominus.
1559 5610 1665 5666 Sed
1706 5624 1960 5681 quantum
2014 5617 2179 5672 distat

638 5682 828 5736 celum
858 5703 884 5738 a
917 5698 1081 5753 terra,
1130 5703 1334 5748 tantum
1372 5698 1454 5749 via
1488 5715 1601 5753 mea
1648 5716 1677 5753 a
1727 5702 1829 5757 viis
1872 5708 2082 5773 vestris,
2122 5719 2177 5763 et

642 5775 992 5839 cogitatmnvs
1038 5796 1223 5837 \‘L‘all'J:
1253 5802 1281 5835 ει
1309 5792 1627 5855 cegizntinne
1658 5808 1789 5847 mea.
1826 5795 1893 5850 Ut
1936 5801 2079 5850 cnim
2131 5799 2172 5852 si

648 5861 926 5922 descendat
956 5872 1124 5937 nimia
1151 5878 1215 5929 de
1244 5880 1401 5946 ωςιυ,
1439 5891 1490 5935 ct
1534 5896 1635 5936 non
1681 5898 1972 5941 rcrcrtatur
2008 5896 2170 5944 donec

2287 3414 2412 3484 φῆς·
2448 3414 2589 3486 Πρὸς
2629 3416 2737 3486 γὰρ
2774 3419 2888 3479 τοῖς
2917 3417 3200 3489 προτέροις
3242 3417 3336 3471 καὶ
3378 3416 3488 3470 τῶν
3515 3416 3689 3489 ἐργων
3712 3418 3848 3485 ἀγα-

2286 3504 2393 3558 θῶν
2411 3505 2617 3569 ἐλπίδα,
2641 3506 2734 3559 καὶ
2755 3506 2956 3577 τροφὴν
2971 3506 3151 3562 ἐνθεον
3171 3506 3555 3578 τεταμιεῦσθαί
3574 3523 3706 3577 φησι
3724 3510 3845 3571 ταῖς

2283 3592 2390 3646 τῶν
2412 3594 2666 3665 ὑπηκόων
2689 3593 2906 3665 ψυχαῖς.
2931 3595 3007 3648 Οὐ
3032 3594 3142 3666 γάρ
3160 3597 3271 3658 τοῖς
3293 3595 3527 3667 σώμασι,
3549 3595 3844 3667 διαρρήδην

2282 3684 2338 3737 δὲ
2384 3686 2500 3747 ταῖς
2549 3684 2748 3754 ψυχαῖς
2789 3684 2886 3755 τὴν
2928 3683 3035 3737 τῶν
3082 3684 3381 3755 μελλόντων
3429 3684 3652 3754 ἀγαθῶν
3695 3686 3844 3739 δόσιν

2284 3774 2663 3847 προὸάλλεται.

2356 3904 2374 3935 ε
2414 3884 2544 3939 Ἰδοὺ
2573 3884 2866 3957 μαρτύριον
2891 3886 2949 3938 ἐν
2970 3883 3177 3939 ἔθνεσιν
3201 3885 3377 3941 έδωκα
3398 3885 3580 3950 αὑτὸν,
3607 3886 3843 3956 ἄρχοντα

2283 3973 2376 4026 καὶ
2419 3972 2821 4043 προστάσσοντα
2865 3960 3091 4029 ἔθνεσιν.
3141 3974 3311 4045 Ἐθνη
3353 3973 3389 4029 ἀ
3420 3976 3518 4029 οὐκ
3555 3976 3728 4029 οτδασί
3757 3994 3840 4043 σε,

2283 4065 2687 4119 ἐπικαλέσονταί
2712 4082 2794 4131 σε,
2838 4066 2931 4121 καὶ
2954 4065 3070 4121 λαοὶ
3092 4066 3141 4120 οἳ
3167 4067 3269 4120 οὑκ
3293 4067 3609 4122 ἐπίστανταί
3636 4084 3718 4133 σε,
3746 4071 3839 4124 ἐπὶ

2286 4156 2344 4209 σὲ
2374 4156 2817 4225 καταφεύξονται,
2850 4156 3033 4211 ἕνεκεν
3060 4157 3263 4229 Κυρίον
3293 4156 3386 4211 τοῦ
3412 4156 3545 4211 Θεοῦ
3586 4175 3701 4224 σου,
3743 4160 3837 4214 τοῦ

2283 4245 2435 4313 ἀγίου
2466 4245 2713 4317 Ἰσραήλ,
2762 4246 2843 4298 ὅτι
2897 4246 3112 4313 ἐδόξασέ
3157 4262 3233 4301 σε.
3274 4266 3294 4298 ι
3342 4247 3451 4301 Καὶ
3503 4248 3587 4312 τίς
3626 4250 3728 4303 οὐκ
3772 4251 3841 4304 ἀν

2282 4336 2577 4408 ἐκπλαγείη
2608 4336 2703 4389 τοῦ
2736 4337 2894 4406 λόγου
2920 4337 2983 4390 τὸ
3006 4338 3368 4411 ἀποτέλεσμα,
3392 4340 3533 4412 ὀρῶν
3568 4341 3689 4395 καθ’
3714 4342 3838 4413 ὅλης

2281 4427 2377 4498 τῆς
2409 4428 2729 4499 οἰκουμένης
2766 4427 2875 4481 ἀπὸ
2916 4428 3151 4499 Χριστοῦ
3190 4430 3284 4484 τοῦ
3313 4431 3447 4485 Θεοῦ
3482 4434 3836 4504 Χριστιανοὺς

2282 4517 2867 4588 προσαγορευομένους
2912 4516 3021 4570 Καὶ
3063 4516 3217 4571 τοῦτο
3246 4519 3429 4583 αὐτοῖς
3474 4518 3689 4574 ἐσεσθαι
3738 4538 3837 4592 ση-

2218 4597 2262 4651 Ι)
2290 4609 2435 4676 μεῖον
2462 4606 2673 4661 αίώνιον
2696 4605 2796 4676 τῆς
2821 4607 2974 4679 παρά
2998 4606 3117 4679 Θεῷ
3142 4608 3415 4680 σωτηρίας
3445 4610 3507 4664 τὸ
3536 4612 3834 4684 ἐπιγράφε-

2288 4696 2403 4749 σθαι
2453 4696 2515 4749 τὸ
2544 4695 2637 4749 τοῦ
2667 4697 2870 4767 Κυρίου
2914 4696 3104 4768 ὑνομα,
3146 4698 3283 4771 ὅπερ
3328 4701 3511 4765 αὐτοῖς
3555 4706 3636 4767 είς
3664 4704 3833 4759 αιῶνα

2286 4788 2601 4859 παραμένει,
2633 4790 2727 4843 καὶ
2765 4789 2864 4843 οὐκ
2896 4788 3133 4859 ἐκλείψει
3449 4794 3833 4868 ἀμεταμέλητα

2284 4878 2388 4949 γὰρ
2413 4878 2481 4932 τὰ
2515 4879 2829 4951 χαρίσματα
2856 4878 2950 4933 τοῦ
2978 4879 3117 4933 Θεοῦ
3146 4882 3419 4953 τυγχάνει.

2356 5005 2373 5036 ι
2402 4987 2677 5058 Ζητήσατε
2699 4987 2791 5040 τὸν
2810 4987 3031 5059 Κύριον,
3053 4990 3147 5044 καὶ
3173 4991 3232 5044 ἐν
3256 4992 3335 5064 τῷ
3354 4993 3629 5067 εὑρίσκειν
3650 4998 3829 5066 αὑτὸν,

2280 5078 2688 5135 ἐπικαλέσασθε.
2733 5076 2923 5131 Ἦνίκα
2942 5078 2987 5132 δ’
3013 5079 3078 5133 ἂν
3106 5081 3299 5156 ἐγγίζῃ
3319 5084 3467 5153 ὕμιν,
3494 5086 3831 5145 άτοολειπέτω

2281 5168 2309 5219 ὁ
2343 5167 2539 5239 ἀσεϐὴς
2567 5167 2664 5231 τάς
2688 5167 2840 5228 ὁδοὺς
2866 5167 3046 5233 αὐτοῦ,
3072 5170 3167 5223 καὶ
3195 5171 3333 5243 ἀνὴρ
3368 5173 3566 5244 ἀνομος
3591 5176 3690 5241 τάς
3714 5177 3831 5248 βου-

2281 5255 2375 5319 λάς
2405 5256 2587 5321 αὑτοῦ,
2640 5257 2733 5309 καὶ
2766 5258 3148 5331 ἐπιστραφήτω
3171 5260 3264 5315 ἐπὶ
3292 5262 3512 5333 Κύριον,
3547 5268 3638 5319 καὶ
3677 5268 3827 5340 ἐλεη-

2280 5347 2525 5419 θήσεται·
2575 5350 2656 5401 ὅτι
2693 5350 2785 5402 ἐπὶ
2823 5351 2956 5406 πολὺ
2986 5353 3183 5424 ἀφήσει
3212 5354 3624 5433 τάς-ἁμαρτίας
3656 5361 3823 5433 ὑμῶν.

2281 5439 2355 5491 Ού
2388 5440 2495 5509 γάρ
2521 5443 2655 5493 εἰσιν
2684 5443 2739 5522 αἱ
2766 5441 2947 5511 βουλαί
2974 5460 3096 5515 μου,
3127 5427 3403 5517 ῶσττεράίγ
3432 5427 3617 5518 βουλαὶ
3654 5427 3823 5523 ὑμῶν.

2279 5529 2383 5581 οὐδ’
2412 5528 2597 5602 ὥσπερ
2627 5533 2681 5583 αἰ
2715 5531 2822 5585 ὁδοὶ
2858 5533 3028 5605 ὑμῶν,
3063 5536 3121 5589 αἱ
3147 5536 3252 5589 ὁδοί
3282 5555 3404 5609 μου,
3432 5541 3575 5611 λέγει
3605 5543 3823 5616 Κύριος.

2289 5619 2422 5673 Ἀλλ’
2450 5620 2524 5684 ὡς
2554 5620 2745 5690 ἀπέχει
2775 5626 2804 5675 ό
2831 5625 3053 5695 οὐρανὸς
3083 5626 3191 5680 ἀπὸ
3214 5628 3314 5698 τῆς
3347 5628 3470 5700 γῆς,
3497 5631 3669 5697 οὕτως
3696 5634 3823 5687 ἀπέ-

2273 5729 2355 5782 χει
2388 5716 2419 5783 ή
2451 5713 2566 5775 ὁδός
2600 5730 2699 5783 μου
2729 5715 2835 5768 ἀπὸ
2870 5717 2975 5770 τῶν
3010 5717 3143 5772 ὁδῶν
3183 5721 3355 5790 ὑμῶν,
3390 5726 3483 5777 καὶ
3511 5726 3581 5779 τὰ
3615 5726 3822 5799 διανοή-

2276 5822 2413 5873 ματα
2443 5805 2591 5875 ὑμῶν
2621 5806 2725 5858 ἀπὸ
2747 5810 2843 5877 τῆς
2864 5808 3099 5873 διανοίας
3125 5830 3243 5881 μου.
3283 5815 3366 5878 Ὠς
3392 5816 3498 5888 γὰρ
3522 5818 3589 5873 ἂν
3611 5822 3815 5891 καταεῇ

2270 5898 2295 5947 ὁ
2324 5899 2467 5959 ὑετὸς
2506 5899 2562 5951 ἐκ
2614 5898 2701 5950 τςῖ
2737 5901 2982 5970 οὐρανοῦ,
3037 5905 3123 5956 καὶ
3157 5906 3216 5956 οὐ
3256 5906 3328 5976 μὴ
3367 5910 3684 5983 ἁποστραφῇ
3718 5914 3815 5979 ἕως
