4124 6466
324 444 430 500 669

1230 442 1727 501 COMMENTARIA
1768 446 1833 500 iN
1876 447 2125 506 ISAIAM.
2169 486 2234 494 —
2269 455 2419 511 CAP.
2460 455 2592 512 LVI.

3447 463 3548 516 570

315 557 380 612 ἀν
416 558 624 632 μεθύση
647 560 746 632 τὴν
769 562 889 632 γῆν,
907 561 996 614 καὶ
1028 562 1246 632 ἐκτέκῃ,
1274 565 1366 615 καὶ
1394 562 1760 634 ἑκϐλαστήσῃ,
1787 567 1866 616 xui

1982 569 2208 624 inebriet
2254 580 2474 638 terram,
2504 584 2558 627 et
2610 573 2806 643 pariat,
2839 582 2893 627 et
2925 573 3218 642 germinet,
3247 585 3300 628 et
3337 573 3428 629 det
3463 591 3548 629 se-

315 650 387 719 δῷ
424 650 642 721 σπέρμα
667 649 746 721 τῷ
776 651 1068 721 σπείροντι,
1097 653 1191 706 καὶ
1221 654 1382 722 ἀρτον
1413 655 1492 715 είς
1527 651 1756 724 βρῶσινο
1789 653 1877 706 οῦ-

316 756 422 802 τως
466 739 616 794 ἔσται
662 741 724 794 τὸ
771 742 922 812 ῥῆμά
953 759 1076 812 μου,
1110 743 1138 795 6
1171 742 1265 796 ὲάν
1297 742 1487 815 ἐξέλθῃ
1528 743 1592 795 ὲκ
1630 742 1722 796 τοῦ
1755 745 1876 798 στό-

324 828 479 900 ματός
515 847 642 898 μου,
672 829 732 882 ού
761 829 837 900 μὴ
880 831 1224 902 ἀποστραφῇ,
1259 831 1362 891 ἕως
1398 831 1466 884 ἀν
1510 832 1735 904 τελεσθῇ
1777 834 1878 888 ὅσα

322 920 386 973 ἀν
407 918 660 990 1Ᾱθέλησα.
691 920 800 974 Καὶ
824 921 1071 974 εύοδώσω
1107 922 1205 985 τὰς
1234 921 1387 985 ὁδους
1416 938 1531 986 σου,
1564 925 1658 976 καὶ
1688 925 1756 977 τά
1795 925 1878 978 ὲν-

317 1008 558 1081 τάλματά
602 1028 724 1081 μου.
783 1013 870 1065 Ἐν
903 1013 1012 1083 γάρ
1039 1013 1348 1085 εὐφροσύνῃ
1388 1013 1753 1080 ἑξελεύσεσθε,
1784 1016 1877 1069 καὶ

316 1101 374 1155 ιν
388 1102 532 1172 χαρᾷ
556 1099 958 1171 διδαχθήσεσθε.
991 1100 1073 1155 Τά
1098 1102 1205 1174 γὰρ
1230 1102 1329 1174 δρη
1357 1103 1452 1157 καὶ
1488 1105 1538 1156 οί
1571 1104 1749 1173 βουνοὶ
1783 1105 1874 1170 ἐξα

315 1190 558 1245 αλσῦνται
583 1191 1002 1263 προσδεχόμενοι
1030 1193 1174 1264 ὑμᾶς
1202 1195 1261 1246 ἐν
1291 1196 1454 1266 χαρᾷ.
1481 1215 1498 1248 ι
1521 1198 1599 1250 Δι’
1624 1189 1700 1251 ὧν
1725 1193 1874 1267 οἶμαι

311 1281 560 1352 δυνάμεις
597 1284 997 1354 συγχαιρούσας
1027 1286 1138 1348 τοῖς
1171 1286 1260 1337 ἐπὶ
1281 1285 1384 1356 γῆς
1430 1287 1748 1357 μετανοοῦσι
1777 1287 1863 1357 δη-

312 1372 548 1427 λοῦσθαι.
594 1393 612 1425 ι
637 1376 745 1429 Καὶ
773 1376 950 1430 πάντα
971 1380 1038 1429 τά
1061 1375 1190 1443 ξύλα
1213 1377 1306 1431 τοῦ
1331 1378 1502 1450 ἀγροῦ
1525 1381 1875 1451 επικροτήσει

308 1465 415 1526 τοῖς
443 1463 674 1528 κλάδοις.
704 1484 723 1518 ι
747 1464 889 1518 Ξύλα
915 1464 972 1518 δὲ
993 1465 1086 1518 τοῦ
1114 1465 1285 1536 ἀγροῦ
1316 1466 1706 1538 ιπικροτοῦντα
1737 1467 1869 1520 κλά-

307 1552 412 1616 δοις
441 1553 582 1623 τάχα
613 1570 713 1608 που
737 1556 794 1607 αί
827 1555 1160 1627 καρποφόροι
1189 1551 1298 1610 εἷεν
1325 1555 1390 1612 ἂν
1417 1557 1610 1628 ψυχαὶ,
1646 1560 1870 1629 συγχαί-

309 1661 492 1713 ρουσαι
523 1647 642 1708 ταῖς
665 1645 773 1698 τῶν
803 1647 1017 1716 ἀνόμων
1041 1647 1238 1718 ψυχαῖς
1261 1644 1711 1720 ιιτιστρεφούσαις
1739 1649 1875 1721 πρὸς

302 1733 527 1807 Κύριον.

373 1844 393 1878 ι
429 1826 539 1880 Καὶ
579 1827 699 1881 ἀντὶ
742 1829 842 1898 τῆς
892 1830 1107 1900 στοιϐῆς
1138 1831 1467 1903 ἀναϐήσεται
1509 1833 1868 1904 κυπάρισσος,

1981 675 2102 714 men
2147 663 2451 729 seminantl,
2480 674 2535 720 et
2574 679 2765 731 panem
2815 666 2884 718 ad
2925 666 3285 731 vescendum;
3333 669 3411 721 sic
3445 670 3548 721 erit

1979 751 2196 805 verbum
2226 767 2426 818 meum,
2451 756 2808 825 quodcunque
2835 757 3029 810 exierit
3053 756 3119 812 de
3143 771 3238 812 ore
3263 773 3405 821 meo,
3434 773 3543 813 non

1977 853 2303 910 revertetur,
2328 847 2496 902 donec
2521 848 2870 916 perficiantur
2899 862 3235 916 quaecunque
3258 848 3540 904 voluerim.

1978 933 2043 989 Et
2073 950 2357 1003 prosperas
2385 920 2580 993 faciam
2612 940 2728 994 vias
2758 947 2877 995 tuas
2917 949 2970 993 et
3000 949 3266 1009 prmeepta
3305 955 3443 995 mea.
3483 944 3541 995 In

1976 1023 2156 1082 latitia
2179 1029 2321 1082 enim
2358 1031 2708 1099 egredieminl
2730 1072 2745 1096 ,
2786 1040 2841 1086 et
2875 1033 2926 1086 in
2961 1031 3159 1101 gaudio
3198 1032 3542 1088 docebimini.

1977 1118 2186 1174 Montes
2210 1121 2350 1173 enim
2375 1131 2431 1177 et
2465 1120 2634 1178 colles
2663 1123 2914 1178 exsilient
2937 1123 3269 1192 excipientes
3301 1138 3393 1177 vos
3416 1138 3539 1178 cum

1976 1212 2190 1281 gaudio.
2233 1231 2252 1264 ι
2291 1211 2454 1278 Queis
2508 1213 2762 1270 existimo
2798 1214 3090 1286 significari
3130 1215 3386 1279 virtutes,
3421 1229 3543 1285 qua:

1975 1304 2044 1358 de
2073 1304 2459 1373 ptenitentibus
2506 1307 2558 1360 in
2605 1317 2745 1362 terra
2796 1307 3064 1362 utantur.
3097 1325 3118 1359 ι
3171 1307 3238 1362 Et
3267 1309 3444 1361 omnia
3478 1309 3544 1362 li-

1974 1410 2078 1464 gna
2106 1396 2221 1466 agri
2255 1395 2580 1465 applaudent
2613 1399 2798 1453 ramiI.
2842 1417 2862 1451 ι
2897 1397 3064 1468 Ligna
3099 1399 3214 1468 agri
3261 1399 3426 1454 ramis
3452 1414 3548 1468 ap-

1974 1485 2300 1554 plaudentia,
2330 1485 2560 1544 fortasse
2615 1488 2816 1545 fuerint
2847 1492 3043 1545 anima
3067 1489 3383 1557 fructiferze,
3427 1508 3548 1559 qua:

1973 1575 2041 1630 de
2068 1577 2355 1634 animabus
2380 1579 2668 1649 impiorum
2705 1582 2770 1636 ad
2807 1581 3090 1637 Dominum
3126 1584 3543 1647 revertentibus,

1976 1670 2079 1726 laeti
2089 1673 2158 1725 tia
2190 1672 2485 1741 replentur.

2044 1827 2206 1884 Vsus.
2239 1829 2326 1884 13.
2357 1846 2377 1881 ι
2409 1829 2474 1884 Et
2505 1845 2602 1900 pro
2623 1832 2795 1889 stmba
2823 1835 3075 1890 ascendet
3106 1836 3439 1906 cyparissus,
3487 1845 3543 1890 et

297 1917 501 1996 ἀντὶδδ
527 1917 629 1990 τῆς
645 1918 872 1990 κονύζης
898 1921 1228 1992 ἀναϐήσεται
1284 1923 1538 1994 μυρσίνη.
1575 1923 1684 1975 Καὶ
1719 1922 1866 1976 ἔσται

1970 1932 2067 1987 pro
2098 1933 2299 1990 conysa
2335 1920 2588 1976 ascendet
2616 1931 2842 1994 myrtus.
2866 1923 2932 1980 Et
2953 1925 3058 1981 erit
3086 1924 3343 1981 Dominus
3369 1927 3422 1981 in
3448 1941 3545 1981 no-

299 2009 499 2082 Κύριος
530 2013 611 2076 είς
629 2011 818 2082 ινομα,
854 2012 949 2066 καὶ
978 2005 1303 2084 εἰς’σημετον
1343 2013 1592 2078 αἰώνιον,
1629 2016 1722 2068 καὶ
1770 2016 1869 2068 οὐκ

297 2100 556 2170 ἀκλείψει.
591 2120 611 2152 ι
645 2102 1114 2174 ’Δλληγορικῶςδὲ
1143 2105 1234 2158 διά
1255 2105 1462 2160 τούτων
1490 2107 1734 2177 ῂνίττετο
1771 2107 1869 2176 τὴν

295 2189 402 2244 άτώ
429 2189 538 2242 τῶν
557 2191 811 2262 χειρόνων
836 2191 926 2244 ιπι
949 2192 1019 2246 τά
1038 2194 1273 2264 κρείττω
1306 2193 1417 2248 τῶν
1446 2194 1638 2266 ψυχῶν
1661 2211 1868 2268 καρπο-

296 2279 520 2350 φορίαν·
556 2280 614 2334 αι
646 2280 812 2335 πᾶσαι
848 2281 944 2354 μιν
972 2277 1114 2355 ἦσαν
1145 2286 1207 2337 εν
1249 2285 1526 2358 ἀθεότητι,
1580 2285 1734 2339 οὐδὲν
1779 2286 1870 2354 γό-

295 2387 448 2440 νιμον
475 2370 595 2424 om
618 2371 884 2445 τρόφιμον
913 2371 1135 2446 ιφερον·
1168 2375 1244 2439 ὡς
1303 2378 1361 2429 ὲν
1422 2378 1620 2450 ιρήμῳ
1661 2376 1719 2431 δὶ
1773 2379 1870 2432 καὶ

294 2460 491 2533 χόρσῳ,
509 2463 604 2516 καὶ
629 2463 960 2536 ἀγεωργήτῳ
975 2463 1152 2538 χώρᾳ,
1203 2467 1420 2539 στοιϐὴν
1446 2467 1579 2540 ῦλης
1595 2469 1868 2540 ἀχρήστου

293 2553 388 2607 καὶ
417 2553 645 2619 κόνυζαν
673 2555 771 2628 τὴν
800 2555 1254 2628 δυσσεϐεστάτην,
1290 2560 1384 2614 καὶ
1409 2559 1685 2632 ἀχρηστον
1735 2577 1871 2614 παν-

291 2643 462 2708 τελῶς
496 2644 726 2718 βοτάνην
750 2646 935 2716 ιφυον.
958 2648 1074 2702 Νῦν
1097 2650 1142 2703 δ’
1170 2650 1257 2704 ὅτε
1287 2651 1388 2721 τῆς
1421 2650 1573 2716 θείας
1608 2651 1868 2722 μετέσχον

293 2734 532 2807 χάριτος,
568 2736 829 2810 μυρσίνην
863 2739 1255 2813 εὐωδεστάτην,
1279 2742 1374 2796 καὶ
1405 2743 1506 2813 μὲν
1527 2743 1870 2814 ὑψηλοτάτην

294 2829 388 2886 καὶ
424 2829 584 2884 πάλιν
621 2829 791 2904 εὐώδη
824 2832 1162 2904 κυπάρισσον
1217 2833 1630 2907 ἑκαρποφόρουν
1657 2850 1671 2869 ο
1727 2833 1870 2888 κατὰ

293 2917 352 2972 δδ
409 2919 502 2974 τὸν
555 2920 845 2993 Σύμμαχον
867 2962 885 2990 ,
938 2941 958 2975 ι
1009 2923 1154 2976 ’Δντὶ
1175 2921 1413 2994 στοιϐἦς,
1472 2926 1658 2998 φησὶν,
1740 2925 1870 2979 ἀνα-

293 3007 518 3080 ϐήσεται
547 3009 873 3081 βράθυ,ἀντὶ
901 3011 959 3066 δδ
992 3012 1170 3076 κνιδὺς
1202 3013 1537 3085 ἀναϐήσεται
1573 3013 1861 3087 μυρσίνηοι

292 3096 368 3161 ὥς
397 3099 446 3153 εί
479 3099 808 3173 σαφέστερον
835 3100 1050 3170 ἀλέγετο
1066 3140 1084 3167 ,
1130 3101 1274 3157 ’Δντὶ
1301 3102 1499 3168 κακίας
1537 3102 1868 3175 ἀναϐήσεται

293 3185 626 3261 δικαιοσύνη,
655 3191 748 3245 καὶ
772 3191 894 3245 ἀντὶ
918 3191 1213 3255 ἀκολασίας
1246 3193 1591 3267 σωφροσύνη,
1619 3195 1715 3249 καὶ
1745 3195 1868 3250 ἀντὶ

1975 2022 2095 2062 men
2118 2017 2173 2060 et
2216 2007 2270 2060 in
2307 2009 2522 2078 signum
2572 2005 2984 2080 sempiternum,
3027 2027 3202 2086 neque
3235 2015 3467 2074 deficiet.
3516 2035 3536 2069 ι

1972 2095 2068 2150 His
2104 2097 2390 2168 allegorice
2413 2098 2722 2154 sublndicat
2771 2103 3075 2159 animarum
3124 2119 3155 2158 a
3188 2106 3438 2176 pessimis
3473 2108 3540 2170 ad

1971 2180 2192 2236 meliora
2250 2183 2635 2240 revertentium
2693 2185 3117 2245 fecunditatem:
3151 2206 3275 2262 qua
3323 2195 3540 2264 quidem

1969 2269 2099 2325 olim
2137 2287 2325 2328 omnes
2368 2275 2422 2329 in
2477 2274 2755 2345 impietate
2789 2280 3166 2351 venabantur,
3207 2298 3271 2340 ae
3315 2285 3543 2342 nihilad

1969 2363 2395 2430 productionem,
2452 2367 2696 2439 nihilque
2725 2373 2792 2425 ad
2836 2385 3018 2428 escam
3072 2373 3205 2429 utile
3260 2373 3542 2444 ferebant;

1969 2450 2064 2505 sed
2092 2451 2247 2521 quasi
2286 2451 2339 2506 in
2378 2453 2590 2510 deserta
2622 2465 2678 2511 et
2721 2459 2872 2516 arida
2917 2474 3090 2530 neque
3115 2462 3259 2520 culta
3299 2463 3540 2534 regione,

1967 2543 2193 2600 stabam
2223 2545 2426 2604 inutilis
2467 2551 2706 2606 materiai
2753 2559 2811 2608 et
2856 2566 3117 2625 conysam
3165 2555 3540 2624 impiissimam

1967 2650 2293 2707 pronusque
2325 2637 2532 2695 futilem
2556 2641 2777 2699 herbam
2800 2645 3194 2714 germinabant.
3229 2645 3383 2704 Nune
3414 2663 3544 2706 vero

1968 2735 2252 2797 postquam
2269 2729 2463 2787 divinat
2497 2733 2684 2802 gratia
2713 2746 2996 2806 consortes
3030 2737 3273 2806 fuerunt,
3303 2749 3541 2810 myrtum

1967 2819 2390 2887 suaveolentem,
2431 2838 2638 2881 necnon
2691 2827 3047 2884 celsissimam
3093 2838 3149 2884 et
3222 2829 3390 2886 odore
3432 2829 3542 2885 fra-

1967 2923 2210 2982 grantem
2255 2915 2589 2992 cyparissum
2634 2919 2993 2985 emittebant;
3029 2921 3327 2976 secundum
3371 2920 3538 2992 Synt-

1969 3005 2219 3060 machum
2248 2991 2427 3062 autem
2461 3009 2680 3075 dicitur,
2719 3030 2739 3063 ι
2773 3009 2882 3067 Pro
2909 3012 3084 3073 staeba
3115 3012 3372 3068 ascendet
3416 2991 3541 3067 bra-

1969 3097 2087 3168 thy,
2115 3105 2171 3152 et
2218 3113 2315 3167 pro
2339 3100 2511 3155 urtica
2541 3102 2798 3158 ascendet
2828 3111 3064 3174 myrtus;
3101 3121 3122 3156 ι
3163 3117 3229 3158 ac
3262 3103 3308 3159 si
3338 3102 3542 3160 clarius

1968 3186 2193 3257 diceret,
2223 3187 2328 3245 Pro
2356 3189 2559 3247 malitia
2597 3193 2853 3248 ascendet
2887 3193 3118 3262 iustitia,
3154 3203 3211 3251 et
3251 3209 3351 3266 pro
3378 3195 3542 3256 lasci-

293 3276 526 3349 θράσους
549 3281 786 3353 ἀνδρεία,
819 3283 914 3336 καὶ
931 3283 1055 3337 ἀντὶ
1105 3282 1418 3356 ἀφροσύνης
1461 3286 1742 3359 φρόνησις,
1773 3286 1865 3341 καὶ

1967 3280 2054 3334 via
2082 3284 2454 3352 temperantia,
2506 3299 2607 3354 pro
2651 3285 2876 3341 audacia
2919 3287 3114 3352 virtus,
3171 3301 3270 3358 pro
3301 3288 3540 3345 amentia

295 3367 624 3434 ἁπαξαπλῶς
649 3369 769 3425 ἀντὶ
801 3372 1067 3444 πονηρίας
1091 3373 1281 3446 ἀρετή.

793 3484 1188 3540 κεσΑΑΑιοΝ
1221 3487 1360 3556 Νςι.

365 3592 386 3626 ι
416 3573 559 3628 τάδε
612 3573 758 3643 λέγει
807 3573 1046 3644 Κύριος·
1108 3576 1449 3632 ουλάσσεσθε
1515 3580 1717 3653 κρίσιν,
1769 3582 1862 3634 καὶ

289 3664 549 3734 ⁴ποιήσατε
575 3662 918 3734 δικαιοσύνην
937 3679 953 3694 ο
983 3663 1178 3733 ήγγικε
1223 3664 1329 3738 γάρ
1365 3665 1426 3719 τδ
1460 3667 1726 3739 σωτήριόν
1760 3685 1862 3739 μου

291 3753 708 3823 παραγίνεσθαι,
755 3754 849 3808 καὶ
912 3756 974 3810 τὺ
1033 3756 1176 3820 ῑλεός
1238 3774 1340 3828 μου
1389 3757 1859 3831 ἀποκαλυφθῆναι.

290 3843 575 3916 Μακάριος
630 3845 766 3918 ἀνὴρ
827 3847 858 3899 6
906 3847 1076 3902 ποιιῖιν
1127 3847 1317 3904 ταῦτα.
1373 3867 1391 3901 ι
1440 3849 1567 3913 Πῶς
1623 3851 1686 3904 οὐ
1757 3869 1860 3923 μα-

291 3934 481 4006 κάριος
536 3935 788 4000 τοιαύτας
839 3936 1072 4008 είληφὼς
1116 3938 1217 4002 τάς
1272 3938 1637 4008 ἐπαγγελίαςς
1689 3959 1708 3993 ι
1750 3943 1860 3996 Καὶ

289 4023 567 4098 ἀνθρωπος
623 4027 654 4079 6
703 4026 1058 4098 ἀντεχόμενος
1111 4029 1308 4094 αὐτῶν,
1349 4031 1444 4084 καὶ
1475 4030 1765 4100 φυλάσσων
1791 4034 1862 4087 τά

289 4116 540 4173 Σάϐϐατα
588 4117 664 4189 μὴ
712 4117 970 4189 βεϐηλοῦν
994 4157 1010 4183 ,
1063 4119 1154 4173 καὶ
1222 4120 1497 4193 διατηρῶν
1565 4123 1665 4187 τὰς
1751 4127 1861 4195 χεῖ-

292 4224 388 4279 ρας
435 4205 603 4262 αὑτοῦ
655 4208 730 4279 μὴ
760 4211 927 4262 ποιεῖν
968 4210 1149 4264 ἀδικα.
1204 4228 1223 4263 ι
1273 4211 1333 4264 Ὀ
1357 4210 1468 4283 γάρ
1489 4212 1664 4267 ταῦτα
1691 4214 1860 4269 ποιῶν

288 4297 382 4352 τοῦ
409 4300 561 4372 συαρά
607 4299 742 4354 Θεοῦ
778 4302 1126 4374 μακαρισμοῦ
1177 4301 1374 4370 γίνοιτ’
1433 4303 1501 4357 ἀν
1531 4305 1698 4370 ἀξιος.
1753 4305 1858 4358 Σὺν

288 4389 493 4454 τούτοις
522 4391 614 4444 καὶ
633 4391 702 4445 τά
729 4391 979 4447 Σάϐϐατα
1002 4393 1076 4464 μὴ
1101 4390 1359 4463 βεϐηλοῦν
1379 4393 1672 4462 ἀναγκαῖον
1693 4413 1706 4427 ο
1723 4396 1860 4467 ὅπερ

290 4479 439 4536 ισται
469 4483 519 4534 εί
551 4483 650 4546 τάς
679 4482 886 4536 ἑαυτῶν
906 4486 1094 4554 χεῖρας
1125 4482 1371 4556 καθαρὰς
1420 4486 1602 4553 πάσης
1651 4485 1854 4540 ἀτόπου

292 4568 539 4640 πράξεως
561 4569 924 4643 διατηρήσητε
943 4588 958 4603 ο
993 4573 1041 4625 εί
1071 4572 1129 4626 δὲ
1157 4571 1332 4628 ταῦτα
1363 4572 1439 4645 μὴ
1471 4574 1858 4644 ammentum!

292 4658 482 4731 σχολῆς
508 4661 603 4713 καὶ
632 4641 831 4733 ἀργίας
852 4641 1137 4732 διάγοντες
1163 4663 1264 4734 τὴν
1732 4663 1862 4736 ήμι-
1888 4641 1936 4700 D

295 4764 412 4820 ραν,
438 4750 550 4803 ίστε
585 4751 646 4804 τὺ
677 4751 846 4822 μηθὶν
876 4751 1170 4816 ποιοῦντες.

368 4856 389 4891 ι
415 4837 508 4908 Μὴ
551 4837 754 4908 λεγέτω
797 4843 828 4894 6
876 4840 1163 4913 ἀλλογενὴς
1199 4843 1229 4895 6
1287 4843 1676 4916 προσκείμενος
1724 4841 1860 4914 πρὸς

291 4927 518 5001 Κύριον·
557 4929 797 5001 ’Δφοριεῖ
844 4948 912 5001 με
972 4931 1081 5004 ἀρα
1109 4932 1310 5004 Κύριος
1343 4933 1453 4988 ἀπὸ
1487 4933 1581 4988 τοῦ
1607 4933 1734 4988 λαοῦ
1763 4934 1859 4987 αὑ-

288 5018 422 5086 τοῦ;
453 5038 474 5074 ι
505 5019 766 5076 διδάσκων
799 5023 875 5094 μὴ
912 5023 1054 5093 μέγα
1083 5027 1301 5096 φρονεῖν
1350 5026 1619 5081 Ἰουδαίων
1661 5024 1857 5088 παῖδας

289 5113 382 5167 litt
404 5111 484 5184 τῷ
506 5112 653 5182 γένει
672 5153 688 5179 ,
723 5115 857 5186 μηδὶ
900 5116 993 5170 επὶ
1047 5119 1160 5181 τοῖς
1210 5117 1546 5190 προπάτορσι
1595 5117 1853 5190 σεμνύνε-

290 5203 436 5260 σθαι.
476 5223 498 5258 ι
529 5206 640 5260 Καὶ
695 5206 775 5278 μὴ
811 5205 1016 5277 λεγιτω
1040 5209 1070 5262 6
1093 5208 1381 5281 εὐνοῦχος,
1410 5210 1493 5264 δτι
1532 5209 1699 5265 Ξύλον
1742 5207 1852 5278 ἐγώ

293 5297 411 5367 είμι
451 5295 633 5368 ξηρόν.
680 5315 700 5350 ι

365 5403 386 5438 ι
423 5386 566 5441 Τάδε
614 5387 760 5458 λέγει
817 5388 1022 5460 Κύριος
1059 5393 1175 5454 τοῖς
1226 5391 1536 5464 εὐνούχοιςο
1590 5391 1744 5446 Ὅσοι
1786 5389 1854 5445 ἀν

289 5472 627 5545 φυλάξωνται
657 5477 726 5532 τά
751 5478 1004 5535 Σάϐϐατά
1035 5497 1135 5552 μου
1175 5481 1269 5534 καὶ
1311 5482 1635 5549 ὲκλέξωνται
1670 5481 1707 5537 ἀ
1746 5480 1856 5550 ἐγὼ

289 5565 448 5632 θέλω,
480 5566 576 5620 καὶ
597 5569 923 5639 ἀντίχωνται
945 5571 1045 5642 τῆς
1084 5571 1356 5645 Διαθήκης
1389 5591 1492 5646 μου
1514 5613 1531 5639 ,
1563 5573 1718 5628 δώσω
1755 5574 1854 5626 αύ-

288 5659 402 5721 τοῖῖ
423 5659 482 5710 δν
500 5655 580 5728 τῷ
597 5659 729 5731 οἴκῳ
912 5663 1007 5716 καὶ
1027 5665 1086 5716 ιν
1112 5663 1189 5734 τῷ
1207 5664 1373 5736 τείχει
1405 5683 1506 5736 μου
1537 5665 1703 5718 τόπον
1742 5663 1857 5717 ὀνο-

293 5747 520 5817 μαστὸν,
550 5749 779 5821 κρείττω
797 5752 929 5805 υίῶν
949 5753 1043 5807 καὶ
1064 5753 1379 5827 θυγατέρων
1399 5773 1412 5785 ·
1440 5756 1608 5825 ὄνομα
1639 5753 1854 5812 αἰώνων

290 5835 448 5895 δώσω
474 5839 681 5908 αὐτοῖς·
722 5844 814 5898 καὶ
845 5844 943 5898 οὐκ
969 5845 1226 5916 ἐκλείψει.
1261 5866 1277 5898 ι
1319 5847 1532 5916 Ἐπειδὴ
1554 5847 1610 5900 δὲ
1634 5848 1727 5900 καὶ
1756 5845 1854 5913 τὴν

1965 3371 2279 3440 prudentia;
2313 3381 2475 3444 atque
2508 3375 2560 3430 in
2601 3391 2833 3443 summa,
2863 3392 2962 3448 pro
2983 3377 3186 3434 malitia
3217 3378 3408 3438 virtus.

2556 3487 2782 3545 CAPUT
2821 3487 2956 3545 LVI.

2033 3576 2194 3633 Vsas.
2208 3575 2232 3630 l
2245 3576 2324 3641 ,2.
2336 3597 2355 3630 ι
2378 3575 2502 3635 Hac
2516 3579 2646 3635 dicit
2666 3580 2954 3638 Dominus:
2972 3580 3538 3653 Custoditejudictum,

1962 3675 2018 3723 et
2051 3667 2211 3724 facite
2255 3669 2522 3739 justitiam
2573 3673 3068 3744 :appropinquavit
3117 3675 3262 3732 enim
3304 3677 3542 3732 salutare

1961 3775 2162 3826 meum,
2189 3771 2250 3816 ut
2277 3762 2478 3829 veniat,
2507 3773 2560 3818 et
2581 3765 2950 3820 misericordia
2976 3779 3120 3833 mea,
3149 3775 3211 3822 ut
3240 3767 3534 3826 reveletur.

1961 3853 2160 3910 Beatus
2189 3855 2272 3908 vir
2303 3855 2398 3925 qui
2430 3855 2563 3912 facit
2607 3857 2747 3916 hac.
2782 3876 2802 3910 ι
2847 3857 2952 3925 Qui
2976 3871 3082 3914 non
3126 3858 3316 3916 beatus
3341 3859 3537 3926 fuerit,

1960 3947 2054 4016 qui
2111 3946 2245 4002 tales
2297 3947 2680 4016 promissiones
2728 3949 3037 4018 acceperit?
3077 3968 3098 4003 ι
3131 3949 3200 4006 Et
3251 3950 3413 4009 homo
3435 3953 3536 4020 qui

1961 4038 2201 4094 adharet
2238 4040 2343 4104 eis,
2369 4049 2424 4094 et
2458 4039 2548 4109 qui
2573 4041 2826 4096 observat
2857 4038 3116 4106 Sabbata,
3167 4049 3228 4096 ut
3271 4055 3378 4098 non
3411 4055 3539 4110 pro-

1963 4133 2112 4186 fanet
2160 4141 2246 4193 ea,
2287 4138 2343 4185 et
2367 4139 2549 4185 servat
2574 4142 2766 4186 manus
2794 4145 2940 4198 suas,
2972 4145 3040 4187 ne
3079 4131 3243 4188 faciat
3274 4131 3476 4202 iniqua.
3510 4151 3531 4185 ι

1959 4221 2093 4277 Nam
2131 4223 2221 4292 qui
2250 4222 2367 4277 hac
2399 4220 2609 4288 fecerit,
2633 4222 2722 4277 illa
2747 4238 2866 4292 qua:
2902 4238 2932 4277 a
2956 4223 3064 4280 Deo
3094 4231 3179 4279 est
3204 4221 3538 4281 beatitudine

1959 4315 2154 4386 dignus
2181 4329 2312 4370 sane
2349 4313 2529 4368 fuerit.
2578 4313 2661 4368 Ad
2711 4315 2826 4370 hac
2873 4315 3000 4370 item
3049 4314 3412 4371 necessarium
3450 4325 3536 4371 est

1963 4405 2200 4462 Sabbata
2241 4421 2346 4460 non
2400 4405 2604 4461 violare
2644 4427 2657 4461 :
2689 4405 2832 4474 quod
2859 4405 3044 4476 utique
3089 4406 3216 4474 erit,
3245 4404 3292 4462 si
3341 4419 3534 4460 manus

1961 4507 2166 4553 vestras
2187 4497 2254 4551 ab
2282 4497 2429 4551 omni
2470 4497 2684 4567 indigna
2713 4497 2928 4553 actione
2969 4512 3131 4566 puras
3157 4495 3531 4563 servaveritis;

1960 4588 2005 4644 si
2037 4604 2167 4643 vero
2193 4589 2307 4642 haec
2334 4603 2437 4642 non
2466 4588 2707 4657 egeritis,
2751 4596 2913 4658 atque
2941 4589 2994 4644 in
3023 4590 3136 4645 orio
3167 4598 3222 4644 et
3257 4589 3534 4645 vacatione

1945 4673 2183 4734 'Sabbati
2219 4679 2361 4735 diem
2389 4680 2780 4749 transegeritis,
2812 4695 2910 4736 vos
2937 4681 3071 4735 nihil
3099 4681 3280 4738 facere
3320 4693 3531 4738 certum

2033 4859 2196 4916 Vens.
2222 4861 2276 4916 3.
2311 4879 2330 4915 ι
2365 4861 2444 4918 Ne
2481 4863 2625 4918 dicat
2676 4862 2994 4935 alienigena,
3023 4863 3114 4934 qui
3143 4865 3422 4934 appositus
3453 4878 3537 4919 est

1961 4953 2184 5008 Domino
2219 4971 2235 5008 :
2261 4951 2398 5008 Num
2416 4953 2689 5022 separabit
2705 4969 2789 5010 me
2811 4953 3071 5011 Dominus
3088 4971 3118 5010 a
3137 4958 3334 5026 popqu
3353 4972 3450 5012 suo
3466 4957 3492 5010 ?
3509 4977 3529 5010 ι

1959 5043 2158 5099 docens
2184 5041 2397 5100 ludens
2432 5061 2500 5100 ne
2529 5046 2596 5101 de
2621 5060 2816 5116 genere
2841 5061 2939 5103 suo
2965 5046 3132 5101 altum
3166 5048 3402 5118 sapiant,
3431 5062 3528 5104 ne-

1958 5149 2064 5201 que
2089 5136 2155 5190 de
2179 5135 2393 5202 proavis
2413 5137 2526 5190 suis
2553 5136 2872 5206 glorientur.
2912 5156 2933 5190 ι
2961 5137 3031 5193 Et
3081 5155 3147 5194 nu
3179 5139 3323 5196 dicat
3355 5155 3530 5196 eunu-

1957 5227 2096 5283 chus
2130 5245 2143 5280 :
2175 5225 2401 5298 Lignum
2435 5230 2646 5284 aridum
2676 5243 2775 5298 ego
2804 5244 2944 5285 sum.
2975 5247 2996 5283 ι

2031 5382 2195 5438 Vitas.
2228 5383 2285 5450 4,
2317 5383 2371 5439 5.
2403 5403 2424 5436 ι
2463 5383 2590 5439 Hac
2618 5384 2747 5439 dicit
2783 5382 3042 5440 Dominus
3065 5385 3362 5440 eunuchisit
3395 5387 3518 5454 Qni-

1959 5491 2172 5547 cunque
2202 5477 2559 5532 custodierint
2603 5475 2840 5533 Sabbata
2874 5490 3016 5541 mea,
3037 5486 3092 5531 et
3121 5475 3383 5543 elegerint
3404 5492 3525 5547 quae

1957 5585 2058 5640 ego
2095 5568 2236 5634 volo,
2265 5578 2322 5624 et
2363 5569 2686 5625 adhzserint
2722 5565 3068 5623 Testamento
3099 5583 3238 5634 meo,
3275 5567 3416 5623 dabo
3443 5571 3524 5624 eis

1957 5661 2010 5716 in
2035 5664 2194 5717 «Ionio
2239 5677 2355 5718 mea
2399 5671 2454 5716 et
2484 5661 2623 5717 intra
2654 5675 2868 5732 murum
2920 5674 3120 5725 meum,
3151 5659 3324 5716 locum
3349 5661 3523 5715 nomi-

1958 5763 2164 5815 natum,
2196 5756 2472 5809 meliorem
2507 5753 2632 5808 (iliis
2663 5762 2716 5808 et
2767 5751 3012 5816 ﬁliabus;
3072 5764 3267 5804 nomen
3326 5751 3522 5819 sempi-

1960 5856 2168 5901 ternum
2195 5846 2332 5902 dabo
2357 5848 2457 5914 eis,
2484 5857 2653 5902 etnon
2679 5843 2908 5900 deﬁciet.
2932 5861 2950 5895 ι
2972 5842 3232 5910 Quoniam
3253 5839 3424 5898 αἰσωὶ
3453 5841 3520 5896 li-
