4124 6430
616 396 711 452 nl
1305 395 1564 453 EDSEBII
1603 397 2071 457 CESARIENSIS
2106 400 2169 460 Ol

2300 402 2471 460 PARS
2502 404 2587 459 Ill.
2626 432 2695 445 -
2736 396 3141 456 EXEGETICA.
3694 399 3793 455 ‘73

616 509 861 563 berorum
889 507 1277 563 multitudinem
1336 510 1755 565 benedictionem
1788 511 1876 567 Dei
1908 526 2025 566 esse
2054 528 2151 579 pu-

2273 511 2607 565 τιολυπαιδίαν
2660 512 2903 579 εὐλογίαν
2952 509 3087 563 Θεοῦ
3114 508 3338 579 ἡγοῦντο
3366 504 3502 563 εἶναι
3544 507 3794 573 Ἰουδαῖοι,

615 599 689 652 tal
706 606 815 663 ant,
832 598 1235 668 mercedemque
1252 614 1315 654 ac
1338 599 1563 655 fructum
1582 602 1792 671 pietatis
1816 618 2152 658 immerosam

2273 601 2445 655 ιισθόν
2490 619 2553 655 τε
2582 602 2677 656 καὶ⁸
2706 600 2915 672 καρπὸν
2956 599 3261 663 θεοσεϐείας
3299 599 3399 671 τὴν
3454 598 3797 653 πολυτεκνίαν

614 690 810 757 prolem
840 703 959 743 esse
980 690 1403 757 existimabant,
1433 693 1589 747 talem
1620 706 1803 748 eorum
1840 695 2154 748 sententiam

2273 692 2744 764 lmlathavcv-sec,
2779 692 3114 747 ἀναστέλλων
3141 692 3317 746 αὐτῶν
3352 693 3447 745 καὶ
3471 690 3665 759 ταύτην
3700 692 3798 762 τὴν

613 779 927 856 reprimens,
959 795 1023 834 ac
1077 780 1263 835 falsam
1302 796 1423 837 esse
1468 783 1842 850 comprobans.
1891 784 2159 839 sterilibus

612 882 667 924 et
699 871 764 924 iis
791 870 905 939 qui,
932 872 1072 940 quod
1092 871 1291 927 euecti
1316 871 1532 937 fuerint,
1572 871 1710 926 (ilics
1738 886 2023 941 procreare
2054 888 2157 927 non

612 960 809 1025 valent,
870 977 1051 1031 parem
1106 962 1513 1031 promissionem
1578 963 1750 1028 aﬂert,
1792 977 1855 1017 ac
1901 964 2159 1017 eunuchis

612 1052 743 1108 nihil
787 1054 1165 1122 impedimento
1196 1053 1311 1107 lore
1363 1055 1460 1119 ait,
1490 1054 1774 1120 quominus
1825 1055 1963 1107 bona
1990 1068 2021 1107 a
2055 1052 2160 1109 Deo

607 1155 1024 1215 consequantur,
1077 1147 1201 1199 dum
1230 1148 1521 1201 secundum
1554 1148 1717 1202 Deum
1743 1145 1923 1201 vivere
1952 1145 2002 1198 in
2038 1159 2162 1213 pro-

612 1238 783 1301 posito
810 1235 1059 1291 habeant.
1087 1235 1216 1291 Nam
1260 1238 1306 1291 si
1337 1236 1514 1291 multa:
1541 1238 1845 1294 mansiones
1865 1246 1991 1291 sunt
2020 1237 2158 1305 apud

612 1325 845 1390 Patrem,
890 1337 945 1381 et
987 1328 1035 1382 si
1068 1338 1149 1382 est
1193 1328 1381 1383 civitas
1419 1328 1509 1383 Dei
1562 1328 1853 1384 Ierusalem
1905 1328 2159 1389 caelestis,

610 1415 757 1470 lccns
780 1416 882 1470 illis
912 1416 1051 1471 intra
1074 1419 1285 1472 domum
1319 1418 1411 1473 Dei
1453 1419 1505 1473 in
1529 1420 1710 1474 multis
1747 1420 1850 1475 illis
1875 1419 2162 1474 mansioni-

612 1509 733 1571 bus,
763 1522 828 1562 ac
860 1507 1024 1561 etiam
1074 1508 1203 1578 ipsis
1244 1510 1547 1565 mansiones
1598 1511 1886 1575 dabuntur,
1931 1519 1985 1566 et
2039 1524 2162 1579 por-

613 1599 807 1653 tionem
827 1600 1099 1653 habebunt
1124 1599 1264 1653 intra
1294 1616 1504 1655 murum
1529 1602 1764 1657 cmlestis
1788 1602 1878 1656 Dei
1910 1600 2159 1656 civitatis.

680 1687 844 1744 Vns.
861 1692 912 1756 6,
931 1689 984 1746 7.
1005 1709 1023 1742 ι
1048 1689 1111 1743 Ει
1126 1691 1461 1759 alienigenis,
1480 1693 1567 1762 qui
1586 1692 1781 1747 addicti
1796 1702 1922 1747 sunt
1941 1692 2161 1746 Domino

614 1792 669 1835 nt
697 1782 929 1836 serviant
959 1782 1029 1845 ei,
1051 1790 1103 1835 et
1132 1782 1350 1860 diligant
1380 1797 1571 1837 nomen
1602 1783 1832 1847 Domini,
1866 1792 1922 1837 ut
1957 1784 2062 1837 sint
2112 1781 2161 1835 ei

2253 783 2429 851 δόξαν,
2460 784 2799 857 ἐσφαλμένην
2832 801 2891 837 τε
2931 780 3096 837 οὖσαν
3144 782 3399 855 ἐλέγχων.
3439 785 3551 847 τοῖς
3595 783 3799 851 ἀγόνοις

2256 876 2347 928 καὶ
2379 875 2453 947 μὴ
2496 876 2738 939 δυνατοῖς
2791 875 3139 939 παιδοποιεῖν,
3173 873 3261 927 διὰ
3311 874 3372 927 τὸ
3421 872 3794 944 ἐκτετμῆσθαι,

2254 967 2354 1035 τὴν
2385 965 2504 1035 ῖσην
2566 966 2899 1036 ὑπισχνεῖται
2956 964 3302 1034 ἐπαγγελίαν,
3355 964 3518 1035 μηδὲν
3561 962 3801 1033 ἐμποιῶν

2258 1056 2602 1121 ισεσθαιτοῖς
2635 1059 2907 1129 εὐνούχοις
2930 1058 3150 1127 φάσκων
3201 1057 3337 1128 πρὸς
3362 1056 3423 1110 τὸ
3480 1058 3658 1128 τυχεῖν
3700 1054 3798 1111 τῦν

2261 1149 2407 1221 παρά
2426 1148 2561 1201 Θεοῦ
2586 1149 2824 1218 ἀγαθῶν,
2857 1150 2907 1202 εί
2940 1146 3037 1219 ζῇν
3063 1146 3205 1203 κατά
3229 1146 3361 1200 Θεὸν
3389 1146 3709 1219 προέλοιντο.
3742 1145 3798 1199 Β

2264 1242 2371 1312 γὰρ
2425 1241 2613 1295 πολλαὶ
2665 1243 2821 1310 μοναὶ
2861 1241 3007 1313 παρά
3038 1240 3115 1312 τῷ
3145 1241 3339 1311 Πατρὶ,
3370 1238 3465 1293 καὶ
3505 1238 3619 1292 ἐστι
3657 1237 3799 1301 πόλις

2259 1330 2391 1383 Θεοῦ
2444 1331 2855 1402 ἰερουσαλὴμή
2912 1331 3245 1401 ἐπουράνιος,
3278 1330 3371 1382 xal.
3426 1328 3587 1392 τόπος
3630 1328 3802 1392 αὐτοῖς

2260 1420 2389 1475 εἴσω
2420 1422 2513 1475 τοῦ
2544 1422 2693 1475 οἴκου
2717 1422 2810 1475 τοῦ
2843 1422 2975 1476 Θεοῦ
3003 1425 3060 1475 ἐν
3089 1424 3209 1485 ταῖς
3234 1420 3452 1483 πολλαῖς
3483 1422 3687 1490 μοναῖς,
3718 1422 3803 1476 κα

2263 1513 2417 1581 μοναὶ
2448 1510 2777 1581 δοθήσονται,
2803 1513 2895 1565 καὶ
2928 1513 3083 1582 μερὶς
3108 1512 3166 1565 ἐν
3201 1511 3278 1583 τῷ
3304 1510 3471 1582 τείχει
3521 1509 3621 1580 τῆς
3652 1512 3806 1563 ἐπου-

2268 1602 2447 1673 ρανίου
2478 1600 2570 1655 τοῦ
2591 1600 2722 1655 Θεοῦ
2742 1602 2963 1664 πόλεως.

2324 1713 2343 1743 ι
2380 1695 2488 1747 Καὶ
2536 1696 2648 1756 τοῖς
2702 1692 3006 1762 ἀλλογενέσι
3043 1695 3154 1757 τοῖς
3196 1692 3570 1766 προκειμένοις
3626 1692 3816 1765 Κυρίῳ

2264 1786 2529 1840 δουλεύειν
2555 1786 2721 1857 αὐτῷ,
2746 1789 2837 1841 καὶ
2870 1787 3085 1857 ἀγαπᾷν
3126 1787 3191 1839 τὸ
3239 1787 3408 1857 ὄνομα
3442 1786 3667 1858 Κυρίου,
3719 1783 3813 1838 τοῦ

614 1877 664 1925 in
699 1886 881 1926 servos
922 1882 977 1926 et
1024 1872 1251 1926 ancillas
1276 1889 1291 1925 :
1316 1883 1368 1927 et
1394 1874 1642 1927 omnibus
1667 1875 1758 1942 qui
1786 1879 2001 1927 servant
2028 1872 2162 1925 Sab-

2273 1874 2399 1930 εῐναι
2435 1876 2578 1947 αύτῷ
2611 1879 2691 1940 είς
2726 1877 2939 1939 δούλως
2959 1878 3052 1930 καὶ
3079 1876 3298 1940 δούλας·
3335 1877 3429 1930 καὶ
3459 1876 3664 1938 πάντας
3692 1878 3816 1938 τοὺς

614 1966 731 2018 bata
774 1978 911 2029 mea,
952 1977 1020 2019 ne
1048 1962 1325 2033 prolanent
1352 1979 1436 2029 ea,
1468 1976 1521 2018 et
1540 1964 1628 2032 qui
1663 1966 1953 2018 observant
1980 1960 2164 2014 Testa-

614 2066 847 2109 mentum
882 2068 1055 2110 meum
1082 2094 1097 2118 ,
1134 2055 1375 2109 inducam
1407 2070 1499 2109 eos
1526 2054 1579 2107 in
1628 2064 1866 2108 montem
1924 2062 2162 2107 sanctum

613 2162 808 2204 meum.
849 2165 868 2198 ι
902 2148 989 2200 Ait
1017 2147 1211 2215 quippe
1238 2146 1451 2200 domum
1504 2160 1653 2198 suam
1704 2157 1807 2197 non
1839 2142 1997 2196 talem
2024 2154 2163 2203 esse,

610 2252 729 2305 quae
762 2238 858 2290 bos
886 2237 1099 2305 quidem
1142 2245 1369 2305 spectet,
1415 2235 1548 2289 alios
1594 2249 1720 2289 vero
1774 2234 2031 2297 minime;
2074 2234 2166 2286 sed

611 2342 675 2379 ex
717 2328 1060 2381 humanitatis
1088 2328 1136 2381 vi
1181 2328 1427 2382 omnibus
1458 2328 1707 2397 gentibus
1746 2336 1981 2395 apertam
2016 2340 2166 2389 esse,

612 2430 669 2469 ut
694 2419 856 2471 etiam
895 2420 1135 2473 eunuchi
1154 2429 1205 2474 et
1241 2420 1518 2490 paralytici
1557 2420 1625 2473 ibi
1663 2420 2009 2488 recipiantur.
2054 2437 2073 2470 ι
2107 2419 2168 2473 Et

614 2508 894 2565 lastiﬂcabc
919 2525 1013 2565 eos
1054 2512 1103 2564 in
1135 2512 1292 2566 domo
1338 2510 1601 2566 orationis
1649 2524 1800 2564 meae.
1854 2508 2169 2564 Holocausu

618 2616 798 2653 eorum
828 2611 887 2655 et
910 2602 1175 2655 sacriﬁcia
1224 2617 1416 2657 eorum
1446 2610 1603 2657 erunt
1642 2610 1863 2670 accepta
1906 2614 2065 2669 super
2094 2599 2171 2653 al-

618 2703 731 2747 tare
758 2709 954 2748 meum.
1002 2694 1135 2748 Nam
1166 2695 1355 2749 domus
1386 2709 1524 2758 mea,
1554 2696 1742 2748 domus
1784 2694 2043 2750 orationis
2082 2708 2171 2748 vo-

616 2787 831 2841 cabitur
862 2788 1072 2841 cunctis
1095 2788 1358 2856 gentibus.
1396 2806 1415 2839 ι
1465 2786 1559 2841 His
1581 2787 1815 2842 arbitror
1843 2786 1909 2840 ad
1940 2786 2169 2839 litteram

616 2879 745 2943 dici,
796 2879 958 2932 Deum
1006 2893 1102 2947 per
1143 2879 1503 2933 reversionem
1565 2876 1742 2947 populi
1781 2892 1851 2932 ex
1886 2877 2169 2946 Babylone,

623 2984 734 3037 gnte
782 2970 881 3023 sub
912 2969 1068 3038 Cyro,
1112 2969 1267 3024 Dario
1294 2981 1348 3023 et
1382 2970 1679 3023 Artaxerxe
1722 2970 1965 3039 contigit,
1999 2970 2169 3038 ipsum

619 3064 905 3127 reducere,
930 3079 1098 3133 quare
1131 3063 1311 3117 subdit
1341 3082 1354 3116 :

692 3242 853 3297 Vens.
886 3242 939 3297 8.
981 3262 999 3293 ι
1034 3243 1176 3297 Dixit
1208 3241 1481 3305 Dominus,
1521 3244 1610 3311 qui
1643 3252 1932 3314 congregat
1964 3242 2169 3311 disper-

623 3350 714 3390 sos
745 3334 928 3399 Israel,
958 3334 1304 3404 Congregabo
1332 3335 1401 3389 ad
1450 3351 1569 3389 eum
1624 3335 2110 3404 congregationem.
2147 3352 2166 3383 ι

622 3429 737 3492 Quo
784 3438 1025 3495 tempore
1072 3426 1359 3479 verisimile
1404 3435 1486 3480 est
1525 3425 1724 3479 multos
1760 3424 1825 3477 ad
1869 3439 1991 3477 eum
2040 3436 2170 3476 con-

622 3516 840 3572 fluxisse
872 3532 938 3571 ex
976 3516 1289 3586 alienigenis
1313 3517 1581 3586 gentibus,
1615 3531 1747 3583 quos
1772 3515 1840 3570 ob
1886 3513 2169 3583 pristinum

622 3618 845 3671 statmn,
875 3617 931 3662 ct
966 3608 1035 3661 ob
1070 3608 1275 3662 alienos
1319 3617 1707 3678 extraneosque
1751 3620 1945 3672 mores,
1974 3605 2174 3661 bestias

624 3702 736 3770 agri
770 3707 944 3754 vocat.

695 3790 856 3844 Vens.
887 3790 939 3844 9.
976 3808 995 3841 ι
1030 3789 1229 3847 Omnes
1253 3790 1380 3845 ferae
1408 3792 1609 3856 bestiae,
1633 3792 1831 3854 adeste,
1882 3791 2167 3856 comedite,

624 3896 809 3935 omnes
847 3882 1027 3936 bestia
1048 3884 1236 3937 saltus.
1275 3901 1295 3935 ι
1324 3882 1513 3938 Bestia:
1539 3884 1659 3945 illae,
1688 3898 1806 3951 qua:
1834 3897 1954 3937 cum
1984 3880 2174 3936 lsraele

629 3984 1040 4042 congregantur,
1073 3974 1107 4027 ii
1152 3991 1219 4030 ex
1254 3973 1504 4045 gentibus
1556 3973 1778 4041 fuerint,
1823 3974 1913 4043 qui
1952 3975 2016 4027 ad
2053 3988 2173 4026 ver-

631 4064 754 4115 bnn'.
784 4074 1146 4131 accesserunt,
1169 4073 1305 4134 qucs
1347 4075 1537 4120 evocat
1568 4066 1651 4121 his
1671 4067 1869 4131 verbis,
1906 4065 2171 4127 c-Adeste,

630 4154 914 4218 cornedite,
940 4171 1127 4210 omnes
1166 4156 1353 4212 bestia:
1396 4156 1591 4212 saltus.
1637 4178 1656 4210 ι
1702 4158 2021 4225 Plerumque
2049 4170 2176 4209 vero

630 4245 967 4301 observatum
1014 4248 1169 4303 nobis
1195 4258 1297 4315 est,
1346 4251 1538 4307 saltum
1582 4252 1707 4315 dici,
1760 4251 2173 4319 alienigenarum

631 4337 869 4404 gentium
901 4339 1321 4395 multitudinem.
1349 4340 1457 4395 Has
1480 4358 1636 4411 porro
1662 4345 1858 4399 bestias
1891 4342 1985 4397 Dei
2021 4354 2177 4395 voca-

632 4428 775 4484 tione
807 4430 1056 4491 dignatur
1080 4440 1134 4485 et
1172 4430 1237 4484 ad
1271 4433 1573 4487 convivium
1609 4445 1815 4489 evocat.

2276 1966 2713 2037 φυλασσομένους
2750 1967 2816 2020 τά
2841 1966 3090 2021 Σάϐϐατά
3126 1984 3223 2038 μου
3271 1966 3345 2038 μὴ
3392 1965 3670 2036 βεϐηλοῦν,
3724 1965 3816 2021 καὶ

2264 2059 2649 2129 ἀντεχομένους
2679 2058 2783 2129 τῆς
2812 2058 3081 2129 Διαθήκης
3118 2075 3240 2129 μου,
3296 2057 3494 2123 εἰσάξω
3519 2058 3711 2121 αὐτοὺς
3740 2058 3817 2119 είς

2264 2152 2323 2206 τὸ
2374 2152 2496 2223 δρος
2545 2151 2605 2205 τὸ
2660 2150 2812 2220 ᾶγιόν
2872 2169 2990 2222 μου.
3034 2171 3053 2201 ι
3085 2152 3186 2204 Τὸν
3228 2150 3334 2222 γὰρ
3364 2144 3507 2202 οἷκον
3553 2149 3716 2202 αὑτοῦ
3746 2147 3822 2219 μὴ

2264 2244 2427 2298 τῶνδε
2465 2244 2561 2313 μὲν
2606 2244 2887 2315 ὑπάρχειν,
2920 2243 3029 2296 τῶν
3055 2242 3111 2295 δὲ
3147 2241 3256 2313 μὴ,
3290 2238 3553 2310 ἀνεῷχθαι
3598 2239 3655 2293 δέ
3688 2241 3825 2292 πᾶσι

2266 2340 2374 2400 τοῖς
2398 2336 2604 2389 έθνεσιν
2631 2334 2902 2408 ὑπερϐολῇ
2936 2332 3337 2404 φιλανθρωπίας
3355 2346 3371 2363 ·
3398 2331 3473 2394 ὡς
3511 2330 3604 2384 καὶ
3633 2327 3826 2382 εὐνού-

2268 2444 2392 2499 χους
2428 2426 2821 2497 παραδέχεσθαι
2850 2428 2941 2481 καὶ
2972 2424 3329 2496 παραλύτους.
3366 2440 3385 2474 ι
3428 2423 3538 2476 Καὶ
3570 2420 3830 2493 εὐφρανῶ

2268 2518 2462 2580 αὐτοὺς
2493 2519 2550 2570 ἐν
2579 2516 2655 2586 τῷ
2686 2516 2819 2587 οἴκῳ
2850 2516 2949 2586 τῆς
2974 2514 3275 2587 προσευχῆς
3306 2530 3425 2584 μου.
3487 2511 3568 2565 Τὰ
3597 2513 3822 2566 ὁλοκαυ-

2267 2606 2489 2677 τώματα
2518 2606 2715 2671 αὐτῶν,
2740 2607 2831 2659 καὶ
2866 2608 2920 2659 al
2965 2605 3143 2659 θυσίαι
3168 2603 3345 2657 αὐτῶν
3374 2602 3582 2655 ἔσονται
3638 2601 3823 2654 δεκταὶ

2269 2700 2361 2751 ἐπὶ
2401 2698 2463 2751 τὸ
2492 2696 2865 2769 θυσιαστήριόν
2911 2713 3031 2767 μου.
3080 2695 3137 2748 '0
3170 2694 3277 2766 γὰρ
3332 2689 3477 2756 οἶκός
3529 2709 3629 2764 μου
3681 2687 3825 2755 οἶκος

2270 2789 2570 2859 προσευχῆς
2602 2788 2923 2859 κληθήσεται
2960 2789 3093 2841 πᾶσι
3124 2789 3235 2848 τοῖς
3265 2785 3489 2839 ἔθνεσιν.
3530 2804 3547 2836 ι
3581 2781 3746 2855 Οἶμαι
3768 2783 3826 2837 δέ

2269 2878 2359 2932 διά
2389 2878 2591 2931 τούτων
2620 2879 2694 2942 ὡς
2724 2879 2859 2949 πρὸς
2888 2877 2986 2949 τὴν
3017 2877 3159 2943 λέξιν
3195 2876 3282 2929 διὰ
3313 2875 3409 2945 τὴν
3446 2875 3551 2928 ἀπὸ
3576 2874 3827 2927 Βαϐυλῶ-

2273 2985 2362 3030 νος
2384 2968 2713 3038 ἐπιστροφὴν
2727 2966 2820 3020 τοῦ
2838 2965 2965 3019 λαοῦ
2985 2965 3083 3036 τὴν
3127 2966 3219 3018 ἐπὶ
3247 2964 3429 3034 Κύρου
3476 2964 3571 3016 καὶ
3605 2963 3823 3033 Δαρείου

2272 3058 2364 3112 καὶ
2402 3056 2751 3128 Ἀρταξέρξου
2800 3058 3090 3128 γενομένην
3142 3057 3232 3110 τὸν
3286 3054 3416 3109 Θεὸν
3462 3054 3528 3108 ἀν
3578 3051 3828 3123 είρῆσθαι

2277 3151 2527 3217 συνάγειν
2546 3167 2558 3180 ·
2601 3150 2680 3203 διὸ
2707 3149 2944 3219 ἐπιλέγει
2969 3167 2983 3180 ο

2351 3260 2368 3290 ι
2410 3237 2542 3293 Εἶπε
2582 3242 2784 3311 Κύριος
2831 3244 2859 3294 ό
2913 3239 3154 3307 συνάγων
3218 3240 3341 3303 τοὺς
3407 3235 3829 3307 διεσπαρμένους

2293 3329 2527 3400 Ἰσραὴλ,
2547 3330 2628 3382 ὃτι
2666 3328 2883 3392 Συνάξω
2909 3328 2995 3381 ἐπ’
3028 3328 3189 3381 αὐτὸν
3233 3326 3568 3395 συναγωγήν.
3609 3344 3628 3376 ι
3691 3324 3826 3378 Καθ’

2277 3419 2367 3483 οὒς
2396 3420 2451 3472 δέ
2476 3420 2699 3491 χρόνους
2726 3420 2870 3483 εἰκὸς
2910 3415 2979 3492 ἦν
3032 3420 3125 3476 καὶ
3168 3418 3385 3488 -τιλῆθος
3435 3417 3616 3481 αὐτοῖς
3675 3415 3829 3470 ἀλλο-

2277 3509 2457 3577 φύλων
2476 3510 2643 3567 ἐθνῶν
2672 3509 3101 3580 προσηλυτεῦσαι
3123 3525 3138 3539 ·
3173 3508 3265 3572 οὒς
3305 3508 3392 3561 διὰ
3416 3507 3514 3579 τὴν
3565 3507 3830 3579 προτέραν

2277 3601 2623 3666 κατάστασιν,
2656 3602 2749 3656 καὶ
2782 3601 2868 3656 διὰ
2890 3603 2948 3655 τὸ
2977 3601 3259 3670 ἀλλογενές
3292 3602 3386 3654 καὶ
3418 3600 3693 3671 ἀλλότριον
3738 3598 3837 3654 τοῦ

2276 3692 2496 3763 τρόπου,
2522 3692 2692 3765 ἀγροῦ
2725 3692 2887 3763 θηρία
2912 3693 3189 3764 ὠνόμασεν
3219 3695 3249 3745 ό
3276 3692 3450 3761 λόγος.

2353 3804 2371 3835 ι
2404 3784 2586 3838 Πάντα
2613 3784 2682 3838 τὰ
2704 3784 2867 3856 θηρία
2886 3785 2955 3838 τά
2980 3786 3160 3855 ἀγρια,
3180 3784 3349 3851 δεῦτε,
3385 3784 3607 3855 φάγετε,
3658 3783 3835 3838 πάντα

2277 3874 2346 3928 τὰ
2398 3876 2557 3948 θηρία
2613 3876 2708 3929 τοῦ
2750 3876 2975 3948 δρυμοῦ.
3018 3896 3035 3929 ι
3082 3877 3161 3930 Τά
3190 3877 3247 3930 δέ
3278 3877 3439 3949 θηρία
3470 3877 3541 3930 τά
3569 3877 3705 3947 μετά
3740 3876 3832 3930 τοῦ

2293 3966 2506 4037 Ἰσραὴλ
2533 3968 2870 4036 συναγόμενα
2909 3968 2956 4019 cl
2990 3965 3049 4030 ἐξ
3076 3966 3242 4019 ἐθνῶν
3282 3967 3595 4037 προσιόντες
3750 3966 3834 4019 λό-

2279 4073 2360 4126 γῳ
2401 4052 2509 4109 εἷεν
2554 4056 2639 4121 ἂν,
2692 4056 2785 4119 οὓς
2821 4058 3160 4113 ἀνακαλεῖται
3190 4056 3362 4126 λέγων
3388 4074 3402 4088 ο
3464 4076 3483 4109 ι
3521 4056 3703 4121 Δεῦτε,
3730 4057 3833 4126 φά-

2279 4163 2435 4213 γετε,
2482 4147 2657 4200 πάντα
2702 4146 2771 4200 τὰ
2822 4146 2983 4218 θηρία
3035 4146 3137 4203 τοῦ.
3178 4147 3403 4218 δρυμοῦ.
3446 4166 3467 4199 ι
3520 4148 3731 4218 Δρυμὸν
3777 4146 3833 4201 δέ

2284 4237 2540 4301 πολλάκις
2593 4239 2968 4309 τετηρήκαμεν
3006 4238 3071 4290 τὸ
3118 4237 3319 4308 πλῆθος
3363 4236 3472 4290 τῶν
3526 4235 3833 4305 ἀλλοφύλων

2281 4327 2449 4380 ἐθνῶν
2468 4324 2731 4395 λελέχθαι.
2760 4324 2919 4377 Ταῦτ’
2953 4320 3044 4379 οὖν
3084 4324 3153 4378 τά
3204 4323 3367 4394 θηρία
3408 4322 3508 4392 τῆς
3553 4321 3647 4375 τοῦ
3698 4320 3832 4375 Θεοῦ

2282 4417 2527 4486 κλήσεως
2554 4414 2816 4480 καταξιοῖ,
2850 4416 2943 4468 κα)⁸
2972 4416 3047 4478 εἰς
3068 4414 3306 4469 ἐστίασιν
3334 4412 3702 4467 ἀνακαλεῖται.

703 4562 867 4619 Vens.
898 4563 983 4617 l0.
1007 4584 1025 4617 ι
1054 4566 1235 4621 Videte
1256 4567 1506 4636 quoniam
1535 4569 1786 4624 excaecati
1811 4579 1938 4623 sunt
1958 4578 2169 4621 omnes:

2362 4573 2379 4605 ι
2412 4552 2597 4615 Ἴδετε,
2624 4551 2704 4603 ὅτι
2735 4549 3164 4617 ἐκτετύφλωνται
3186 4547 3385 4608 πάντες
3405 4563 3418 4576 ·
3455 4545 3551 4598 οὐκ
3574 4544 3831 4611 ἔγνωσανο

635 4668 737 4708 non
768 4665 1029 4710 noverunt
1066 4670 1266 4712 :canes
1299 4659 1429 4713 muti
1464 4668 1608 4724 sunt,
1655 4675 1761 4714 non
1810 4658 2061 4713 valebunt
2106 4655 2182 4709 la-

637 4754 799 4809 trare,
852 4747 1183 4803 somniantes
1223 4749 1419 4815 cubile,
1463 4759 1518 4805 et
1561 4761 1803 4806 amantes
1850 4748 2181 4805 dcrmitatio-

636 4850 777 4889 nem.
806 4853 825 4887 ι
848 4835 915 4889 Et
945 4836 1249 4903 huiusmodi
1288 4841 1501 4909 quidem
1523 4852 1679 4896 erant
1708 4842 2010 4899 Iudaeorum
2042 4841 2185 4910 prin-

2287 4643 2443 4707 κύνες
2472 4645 2608 4710 ἐνεοὶ
2628 4644 2687 4696 ού
2719 4644 3029 4713 δυνήσονται
3082 4640 3347 4698 ὑλακτεῖν.
3403 4635 3835 4706 ἐνυπνιαζόμενοι

2287 4736 2490 4811 κοίτην,
2521 4735 2795 4804 φιλοῦντες
2826 4731 3101 4795 νυστάξαι.
3134 4750 3153 4782 ι
3185 4731 3294 4784 Καὶ
3332 4730 3559 4785 τοιοῦτοι
3584 4730 3682 4801 μὲν
3702 4726 3838 4802 ἦσαν

2287 4828 2336 4879 οἱ
2366 4826 2471 4879 τῶν
2506 4826 2771 4880 Ἰουδαίων
2800 4826 3053 4895 ἄρχοντες
3082 4824 3215 4895 πρὸς
3244 4823 3366 4886 τοὺς
3389 4824 3562 4887 ἐκτὸς,
3588 4823 3722 4894 πρὸς
3748 4821 3838 4901 οῦς

632 4928 798 4995 cipes,
824 4941 950 4996 erga
976 4937 1288 4997 extraneos,
1323 4931 1477 5000 queis
1505 4933 1799 5004 advigilare
1829 4949 1964 5003 opus
1993 4940 2111 4986 erat
2132 4946 2169 4985 et

2290 4919 2395 4972 ἔδει
2429 4918 2780 4989 ἐγρηγορέναι
2809 4916 2903 4967 καὶ
2934 4917 3148 4986 νήφειν,
3189 4914 3448 4967 καὶκατὰ
3486 4914 3593 4968 τῶν
3634 4914 3839 4984 ἐχθρῶν

634 5020 921 5083 excubare,
954 5030 1114 5089 atque
1144 5032 1331 5075 contra
1376 5022 1625 5079 inimicos
1659 5025 1854 5079 latrare
1883 5042 1897 5078 :
1930 5038 2056 5093 erga
2086 5023 2183 5077 do-

2294 5011 2535 5064 ὑλακτεῖν
2560 5029 2572 5040 ’
2614 5012 2747 5081 πρὸς
2766 5010 2821 5062 δέ
2846 5011 2969 5072 τοὺς
2994 5010 3225 5073 οίκείους
3244 5008 3475 5072 ἀναιδεῖς
3496 5025 3637 5073 τινες
3668 5008 3843 5078 ὑπῆρ-

634 5112 885 5164 mcsticos
923 5126 1049 5167 vero
1077 5112 1410 5183 impudentes
1438 5124 1613 5181 erant,
1648 5116 1961 5170 devorantes
1993 5125 2169 5183 pecori

2290 5119 2402 5173 χον,
2431 5102 2798 5164 κατεσθίοντες
2820 5101 2888 5153 τὰ
2911 5100 3001 5154 ὑπ’
3019 5102 3202 5168 αὐτοῖς
3239 5100 3629 5175 ποιμαινόμενα
3681 5099 3844 5172 θρέμ-

635 5200 731 5253 sub
760 5214 948 5254 eorum
975 5202 1234 5272 regimine
1256 5204 1449 5272 posita.

702 5330 869 5388 Vsus.
918 5335 1011 5389 ιι.
1060 5353 1079 5387 ι
1126 5337 1191 5391 Et
1230 5352 1393 5393 canes
1450 5338 1786 5407 impudentes
1843 5340 2049 5403 animo,
2088 5353 2155 5392 ne

641 5424 869 5478 scientes
904 5427 1259 5483 saturitatem.
1317 5428 1382 5481 Et
1428 5439 1557 5482 sunt
1596 5430 1741 5493 mali,
1774 5430 2073 5485 nescientes
2104 5413 2203 5481 in:

641 5513 981 5580 telligentiam
1020 5534 1033 5569 :
1065 5522 1298 5573 universi
1333 5521 1447 5573 vias
1474 5535 1601 5575 suas
1634 5522 1800 5573 secuti
1828 5530 1951 5575 sunt
1979 5537 1992 5572 :
2020 5534 2187 5574 unus-

2292 5212 2451 5266 ματα.

2366 5351 2384 5383 ι
2420 5334 2530 5387 Καὶ
2580 5334 2629 5385 οι
2678 5332 2835 5394 κύνες
2884 5331 3120 5393 ἀναιδεῖς
3181 5332 3247 5401 τῇ
3292 5328 3458 5399 ψυχῇ,
3499 5327 3599 5380 ούκ
3648 5325 3843 5389 ειδότες

2300 5427 2625 5498 πλησμονήν.
2658 5426 2765 5478 Καί
2793 5426 2897 5477 εἰσι
2932 5422 3156 5495 πονηροὶ
3185 5424 3286 5475 οὐκ
3336 5421 3534 5484 εἰδότες
3588 5419 3801 5474 σύνεσιν
3825 5433 3838 5450 ·

2297 5517 2493 5580 πάντες
2531 5520 2650 5580 ταῖς
2702 5515 2838 5579 ὁδοῖς
2894 5513 3074 5568 αὐτῶν
3122 5512 3567 5583 ἐξηκολούθησαν,
3624 5510 3836 5574 ἔκαστος

644 5604 869 5670 quisque
920 5608 1209 5660 secundum
1267 5612 1341 5673 id,
1387 5612 1528 5678 quod
1574 5626 1725 5663 suum
1761 5620 1895 5664 erat.
1938 5631 1954 5663 ι
1990 5610 2105 5665 Non
2138 5611 2169 5662 it

2297 5610 2435 5663 κατά
2462 5610 2522 5662 τὸ
2542 5606 2732 5661 ἑαυτοῦ
2758 5624 2770 5636 ·
2818 5626 2836 5658 ι
2858 5608 2918 5660 ού
2960 5609 3077 5669 ταῖς
3100 5606 3237 5668 όδοῖς
3263 5605 3355 5657 τοῦ
3388 5603 3540 5669 Θεοῦ,
3564 5603 3698 5657 ἀλλά
3729 5604 3847 5669 ταῖς

647 5693 745 5747 viis
772 5693 885 5760 Dei,
914 5698 1008 5753 sed
1047 5699 1103 5751 in
1131 5699 1263 5767 suis,
1296 5700 1435 5770 quod
1466 5702 1923 5769 concupiscendus
1958 5718 2081 5759 suas
2097 5718 2191 5757 cx-

640 5784 779 5851 plcrc
793 5795 867 5838 nt.

2299 5697 2500 5752 ἑαυτῶν
2529 5696 2613 5749 διά
2648 5696 2743 5749 τοῦ
2762 5696 2826 5750 τὰ
2858 5695 3163 5765 καταθύμια
3184 5695 3361 5758 αὐτοῖς
3388 5694 3664 5764 πράττειν.
