4124 6412
679 469 783 526 οἶδ

1341 459 1601 517 EUSEBII
1636 455 2104 515 ΕΛΕΞᾹΒΙΕΝΜΒ
2139 452 2287 507 OPP.
2334 450 2508 504 PARS
2546 450 2629 503 lll.
2672 480 2739 490 --
2780 442 3182 500 EXEGETICA.

3791 442 3890 495 47B

680 588 961 661 quelauge
984 601 1014 639 a
1054 595 1105 638 te
1136 582 1309 639 fecisti
1333 582 1465 650 (41).
1504 599 1522 632 ι
1568 579 1715 633 Multi
1747 579 1945 647 quippe
1971 578 2070 632 viri
2120 579 2227 632 Deo

2342 573 2422 624 (αἱ
2458 570 2683 630 πολλοὺς
2711 566 2967 635 ἐποίησας
2996 567 3120 625 τοὺς
3144 563 3357 631 μακρὰν
3384 557 3638 660 ἀπὸησοῦ.
3681 576 3700 608 s
3730 557 3881 661 ,Πολ-

682 676 898 740 addicti,
915 672 1301 743 Hierosolymis
1320 684 1378 725 se
1402 668 1781 738 proripiebant,
1808 666 1878 723 ob
1899 669 2053 738 impia
2084 678 2230 739 gesta

680 783 801 837 qua:
848 767 920 822 ibi
969 765 1438 833 perpetrabantur.
1469 779 1489 811 ι
1528 760 1593 813 Et
1623 760 1816 815 misisti
1868 761 2065 831 legatos
2097 760 2229 813 ultra

684 859 943 912 terminos
980 867 1122 921 tuos,
1143 866 1194 909 et
1216 852 1489 910 humiliata
1525 866 1584 905 es
1609 864 1777 918 usque
1810 854 1876 906 ad
1902 852 2184 906 infernum.
2206 872 2226 903 ι

682 948 807 1004 "ac
842 951 1022 1003 omnia
1062 945 1217 1016 quasi
1270 945 1334 999 de
1379 942 1664 996 meretrice
1710 943 2097 1011 ioquitur,qu:e
2119 943 2232 1010 pul-

681 1040 976 1095 cbritudini
1000 1049 1053 1093 et
1081 1038 1261 1093 decori
1287 1039 1553 1105 studebat,
1574 1052 1636 1093 ae
1663 1036 1792 1091 nihil
1811 1051 1916 1089 non
1942 1035 2136 1104 agebat
2166 1035 2231 1088 ad

680 1131 1006 1199 voluptatem
1030 1143 1214 1182 eorum
1242 1128 1330 1195 qui
1355 1143 1539 1184 secum
1569 1128 1850 1196 degebant.

756 1220 915 1273 Vens.
938 1219 1022 1272 lo.
1061 1236 1079 1268 ι
1104 1218 1285 1273 Multis
1311 1218 1591 1273 itineribus
1614 1218 1718 1272 tuis
1746 1216 2021 1282 iaborasti,
2048 1226 2103 1271 et
2126 1231 2229 1273 nan

684 1311 887 1373 dixisti,
924 1306 1194 1364 Desinam.
1226 1328 1245 1362 ι
1276 1308 1392 1364 Νοο
1412 1309 1554 1363 enim
1600 1308 1654 1362 in
1689 1324 1791 1361 una
1828 1308 1971 1376 regia
2022 1308 2103 1362 via
2148 1309 2231 1361 in-

682 1401 945 1471 cedebas,
992 1399 1086 1455 sed
1130 1399 1182 1453 in
1209 1399 1387 1453 multis
1415 1408 1471 1453 et
1499 1398 1690 1453 deviis.
1737 1418 1754 1448 ι
1782 1396 2080 1463 lnvaluisti,
2109 1400 2229 1468 quia

683 1492 796 1545 haec
831 1491 1024 1558 egisti;
1053 1489 1173 1544 ideo
1221 1504 1304 1544 me
1332 1503 1435 1542 non
1466 1488 1666 1557 rogasti
1700 1507 1712 1543 :
1754 1506 1773 1540 ι
1831 1488 1921 1544 sed
1949 1489 2098 1558 quasi
2143 1504 2230 1543 ro-

683 1582 811 1637 bore
839 1592 895 1635 et
926 1582 1201 1648 iuventute
1235 1580 1437 1643 valens,
1467 1568 1551 1635 bis
1592 1580 1771 1651 pejOra
1804 1579 2085 1640 admisisti.
2121 1589 2233 1635 tur-

681 1671 841 1741 pibus
877 1671 1042 1741 gestis
1063 1670 1165 1724 tuis
1195 1670 1474 1726 insistens.

750 1843 913 1899 Vsus.
970 1843 1153 1899 li-l3.
1212 1844 1427 1910 «Quem
1481 1846 1674 1901 timens
1731 1844 2017 1914 perterrita
2057 1853 2233 1898 es:et

686 1936 903 1989 mentita
954 1950 1014 1991 es
1044 1937 1199 2001 mihi,
1226 1952 1327 1991 nec
1360 1938 1646 1993 meministi
1683 1937 1822 2001 mei,
1870 1951 1968 1990 nec
2016 1936 2234 2006 posuisti
2266 1918 2311 1971 Β

686 2042 769 2082 me
798 2028 849 2082 in
886 2035 1065 2082 mente
1100 2036 1222 2092 tua,
1266 2043 1365 2083 nec
1413 2028 1467 2082 in
1517 2030 1677 2083 corde
1729 2029 1864 2082 tuo?
1924 2026 1992 2081 Et
2034 2041 2134 2097 ego
2186 2036 2237 2083 te

683 2117 890 2180 videns,
918 2116 1175 2185 despicio,
1200 2126 1254 2171 et
1276 2132 1361 2172 me
1389 2131 1492 2171 non
1529 2117 1772 2172 timuisti.
1819 2117 1885 2171 Et
1918 2132 2019 2187 ego
2040 2132 2239 2173 annun-

687 2206 835 2261 tiabo
859 2205 1124 2274 justitiam
1158 2222 1328 2262 meam
1351 2218 1401 2264 et
1434 2207 1571 2261 maia
1604 2218 1716 2275 tua,
1741 2217 1794 2263 et
1818 2224 1923 2263 non
1948 2210 2237 2277 proderunt

687 2296 801 2349 tibi.
836 2295 967 2351 Cum
996 2296 1345 2361 ciamaveris,
1372 2309 1563 2352 emant
1593 2306 1645 2352 te
1666 2299 1719 2353 in
1765 2299 2103 2355 tribulatione
2126 2311 2235 2355 tua.

688 2385 795 2441 llos
818 2388 1014 2458 quippe
1044 2394 1232 2443 omnes
1257 2399 1448 2445 ventus
1486 2386 1714 2454 auferet,
1741 2398 1796 2445 et
1836 2399 2118 2460 tempestas
2141 2392 2240 2447 tol-

686 2477 778 2532 let.
804 2475 903 2543 Qui
938 2486 1114 2533 autem
1144 2478 1417 2534 adbarent
1440 2467 1612 2543 mihi,
1648 2480 1990 2549 possidebunt
2043 2490 2237 2537 terras:

685 2577 741 2621 et
759 2566 1071 2623 haereditate
1096 2569 1357 2636 accipient
1400 2582 1631 2625 montem
1678 2580 1919 2626 sanctum
1964 2587 2166 2635 meum.
2214 2592 2235 2626 ι

689 2656 887 2713 Omnes
934 2658 1113 2727 itaque
1154 2673 1247 2715 eos
1271 2660 1360 2730 qui
1395 2660 1724 2725 incusantur,
1770 2670 1958 2716 ventus
2004 2662 2149 2718 tollet
2186 2673 2241 2718 et

688 2756 977 2817 tempestas
995 2749 1223 2807 auferet.
1262 2749 1326 2805 Et
1357 2748 1659 2818 huiusmodi
1710 2749 1834 2807 ﬂuis
1879 2752 2097 2808 invadet
2146 2769 2241 2810 eos

691 2837 780 2905 qui
813 2838 883 2893 ob
918 2838 1171 2906 predicta
1210 2839 1261 2893 in
1288 2840 1495 2897 crimen
1520 2849 1782 2897 vocantur
1819 2858 1953 2899 :eos
1988 2858 2118 2900 vero
2150 2846 2240 2914 qui

689 2920 886 2976 bonam
910 2922 1115 2994 elegere
1137 2934 1357 2990 sortem,
1389 2939 1473 2981 me
1501 2927 1707 2984 scilicet
1752 2927 1945 2996 Deum,
1983 2946 2046 2987 ac
2068 2932 2224 2987 since.

691 3012 921 3068 milies
947 3014 1189 3070 homines
1220 3016 1311 3085 qui
1344 3031 1480 3087 pure
1517 3019 1647 3074 mihi
1683 3020 2064 3085 adharebant.
2102 3037 2242 3082 mer-

688 3117 780 3159 ces
806 3118 924 3159 mea
949 3105 1199 3177 excipiet.

652 3260 655 3261 ν
765 3194 919 3251 Vsss.
972 3195 1061 3252 14.
1100 3214 1119 3248 ι
1142 3196 1207 3251 Et
1232 3197 1413 3255 dicent
1445 3216 1459 3253 :
1488 3199 1719 3271 Purgato
1743 3203 1857 3259 vias
1889 3221 1919 3261 a
1944 3207 2080 3266 faeie
2106 3211 2240 3281 eius.

692 3292 747 3338 et
770 3284 937 3340 tollite
961 3284 1276 3341 olendicula
1323 3288 1405 3343 de
1430 3288 1516 3344 via
1562 3291 1743 3361 p0puii
1779 3298 1903 3351 mei.
1928 3315 1948 3347 ι
1986 3297 2118 3355 Nam
2135 3271 2242 3371 'qui
2270 3271 2313 3328 C

696 3383 841 3428 recte
864 3376 1002 3443 apud
1052 3375 1217 3431 Deum
1266 3393 1325 3433 se
1366 3381 1525 3449 gerit,
1562 3396 1667 3437 non
1711 3383 1900 3442 salutis
1950 3392 2105 3446 modo
2137 3408 2246 3449 sua:

692 3480 877 3520 curam
902 3466 1136 3528 habebit.
1186 3469 1279 3524 sed
1305 3472 1467 3526 etiam
1505 3474 1703 3543 populo
1736 3475 1831 3532 Dei
1887 3494 2008 3535 sese
2058 3484 2242 3539 utilem

696 3557 1003 3625 praestabit,
1051 3561 1370 3630 praecipiens
1420 3562 1496 3619 illi
1552 3574 1611 3619 ut
1663 3566 1804 3621 viam
1842 3570 2059 3641 pietatis
2092 3590 2242 3631 com-

695 3646 917 3715 planet,
969 3658 1026 3703 et
1076 3647 1432 3721 oﬂendicula,
1482 3656 1530 3711 si
1585 3672 1691 3728 qua
1740 3659 2044 3731 videantur,
2092 3681 2235 3721 amo-

694 3747 840 3793 veat.

766 3829 929 3886 Vens.
989 3832 1075 3887 i5.
1112 3850 1131 3884 ι
1161 3832 1286 3890 Haec
1311 3836 1442 3891 dicit
1472 3837 1800 3907 Altissimus,
1828 3844 1917 3911 qui
1942 3845 1994 3897 in
2021 3847 2247 3903 excelsis

696 3921 906 3976 babitat
934 3923 986 3976 in
1016 3926 1289 3989 malum,
1321 3926 1549 3985 Sanctus
1581 3929 1633 3984 in
1671 3934 1873 4011 sanctis
1914 3948 2107 3990 nomen
2150 3937 2198 3992 ei
2228 3955 2244 3992 :

698 4013 1033 4081 Altissimus,
1066 4016 1157 4085 qui
1192 4017 1245 4071 in
1282 4020 1485 4075 sanctis
1535 4022 1842 4090 requiescit,
1888 4033 1943 4080 et
1972 4027 2248 4096 pusillani-

703 4104 807 4159 mis
838 4105 930 4160 dat
954 4108 1284 4175 patientiam,
1328 4120 1382 4166 et
1405 4113 1499 4165 dat
1524 4112 1686 4167 vitam
1715 4114 1965 4171 contritis
1988 4119 2171 4174 corde.
2223 4138 2242 4170 ι

701 4191 770 4248 lis
793 4194 846 4248 in
874 4197 1068 4265 populo
1101 4199 1190 4268 qui
1218 4200 1412 4269 pietate
1435 4212 1492 4257 et
1520 4204 1709 4259 timore
1729 4206 1820 4261 Dei
1837 4209 2043 4277 praditi
2068 4222 2245 4277 erant,

701 4284 901 4355 quique
926 4300 1268 4355 peccatorum
1302 4292 1669 4360 paenitentiam
1703 4306 1944 4365 egerant,
1975 4315 2110 4371 quos
2134 4301 2248 4356 hac

704 4375 979 4447 Scriptura
1008 4381 1273 4437 contritos
1317 4383 1484 4440 corde
1531 4393 1587 4439 et
1630 4386 1999 4455 pusillanimes
2049 4402 2246 4456 vocat,

703 4468 1121 4526 consolationem
1155 4470 1328 4545 aﬂ‘ert.
1354 4473 1628 4543 Siquidem
1647 4516 1663 4542 ,
1691 4478 1791 4533 etsi
1818 4481 1971 4550 pauci
2002 4498 2245 4549 numero,

706 4559 1009 4629 huiusmodi
1066 4572 1241 4619 tamen
1286 4565 1525 4620 nonnulli
1572 4569 1815 4625 aderant.
1849 4570 2097 4628 Attamen
2147 4576 2245 4629 viri

2332 663 2410 716 λοὶ
2426 663 2531 732 γὰρ
2549 661 2743 728 ἔφυγον
2754 658 2850 729 τὴν
2877 656 2940 708 Ἰε
2950 652 3225 725 ρουσαλὴμ
3250 653 3298 704 oi
3318 650 3393 721 τῷ
3415 648 3532 718 Θεῷ
3552 648 3885 713 ἀνακείμενοι

2330 758 2519 826 ἄνδρες
2540 753 2628 805 διὰ
2653 751 2749 811 τὰς
2770 750 2826 801 ἐν
2846 748 2981 817 αὐτῇ
3007 742 3425 811 συντελουμένας
3441 739 3632 801 ἀθέους
3646 732 3883 809 πράξεις.

2337 872 2354 901 ι
2386 851 2499 903 Kal
2525 844 2847 906 ἀπέστειλας
2876 840 3134 911 πρέσϐεις
3165 838 3303 907 ὑπὲρ
3364 837 3432 889 τὰ
3481 834 3606 905 ὅρια
3648 848 3757 896 σου,
3794 831 3887 882 καὶ

2332 938 2698 1008 ἐταπεινώθης
2723 935 2829 997 ἕως
2862 933 3007 1004 ᾁδου.
3049 950 3068 983 s
3132 926 3316 982 Ταῦτα
3376 926 3550 979 πάντα
3612 935 3891 992 προσωπο-

2334 1035 2476 1085 ποιεῖ
2512 1031 2585 1093 ὼς
2615 1028 2749 1099 πρὸς
2780 1026 3000 1096 ἑταίραν
3032 1017 3537 1088 καλλωπιζομένην,
3573 1017 3661 1070 καὶ
3716 1012 3894 1065 πάντα

2336 1123 2677 1194 πράττουσαν
2703 1119 2787 1186 ἐφ’
2816 1118 2972 1187 ἡδονῇ
3002 1114 3107 1167 τῶν
3131 1110 3437 1183 προσόντων
3457 1110 3616 1179 αὐτῇ.

2408 1232 2427 1265 ι
2457 1212 2566 1273 Τὰς
2596 1208 2878 1269 πολυοδίας
2917 1223 3011 1259 σου
3065 1201 3357 1263 ἐκοπίασας
3378 1240 3393 1264 ,
3436 1200 3531 1252 καὶ
3579 1196 3676 1248 οὐκ
3716 1190 3893 1256 εἶπας,

2334 1305 2639 1372 Παύσομαι.
2684 1319 2700 1352 ι
2744 1299 2818 1352 Οὐ
2871 1298 2980 1368 γὰρ
3025 1295 3150 1366 μίαν
3186 1292 3382 1353 ῶδευες
3407 1290 3507 1361 τὴν
3530 1286 3811 1358 βασιλικὴν
3836 1286 3895 1336 ὁ-

2331 1400 2441 1460 δὸν,
2475 1394 2609 1448 ἀλλὰ
2633 1391 2830 1453 πολλὰς
2886 1390 2977 1441 καὶ
3030 1381 3465 1453 πεπλανημένας.
3492 1398 3510 1429 ι
3558 1377 3900 1445 Ἐνίσχυσας,

2332 1494 2411 1545 ὅτι
2452 1488 2691 1560 ἔπραξας
2748 1483 2948 1537 ταῦτα·
2985 1480 3073 1534 διὰ
3129 1478 3285 1531 τοῦτο
3328 1475 3388 1527 οὐ
3422 1471 3751 1542 κατεδεήθης
3799 1487 3900 1541 μου

2335 1584 2427 1636 σύ·
2469 1601 2487 1634 s
2546 1579 2659 1634 ἀλλ’
2715 1576 2900 1645 ὥσπερ
2930 1572 3189 1642 ἰσχύουσα
3228 1572 3323 1622 καὶ
3358 1563 3757 1634 νεανιευομένη,
3789 1560 3902 1630 χεί-

2338 1690 2464 1743 ρονα
2492 1670 2694 1724 τούτων
2728 1662 2969 1737 ἔπραξας
3019 1662 3349 1733 ἐπιμένουσα
3377 1660 3497 1722 ταῖς
3521 1655 3749 1718 οἰκείαις
3780 1655 3904 1707 ἀτο-

2333 1764 2504 1826 πίαις.

2409 1874 2426 1905 ι
2470 1854 2606 1907 Τίνα
2627 1849 2983 1921 εὐλαϐηθεϊσα
3009 1845 3302 1917 ἐφοϐήθης,
3320 1845 3415 1899 καὶ
3460 1842 3672 1913 ἐψεύσω
3700 1857 3789 1911 με,
3813 1840 3910 1892 καὶ

2341 1950 2441 2002 οὐκ
2470 1945 2747 2017 ἐμνήσθης
2782 1962 2904 2015 μου,
2932 1942 3038 1997 οὐδ’
3066 1940 3255 2003 ἔλαϐές
3286 1957 3352 2011 με
3404 1939 3485 2001 είς
3519 1936 3618 2007 τὴν
3647 1935 3909 1995 διάνοιαν,

2343 2039 2455 2092 οὐδ’
2490 2040 2567 2101 εἰς
2600 2037 2698 2108 τήν
2731 2034 2955 2106 καρδίαν
2988 2049 3116 2097 σου;
3148 2033 3258 2085 Kal
3285 2029 3395 2099 ἐγώ
3419 2044 3477 2080 σε
3506 2026 3629 2080 ίδὼν
3660 2023 3910 2095 παρορῶ,

2342 2131 2435 2184 καὶ
2452 2130 2552 2200 ἐμὲ
2583 2129 2683 2182 οὐκ
2714 2123 3009 2198 ἐφοϐήθης.
3082 2124 3194 2177 Kal
3235 2121 3345 2190 ἐγὼ
3377 2117 3671 2187 ἀπαγγελῶ
3702 2116 3802 2185 τὴν
3832 2115 3913 2168 δι⁹

2345 2220 2632 2290 καιοσύνην
2681 2237 2782 2291 μου
2823 2219 2916 2271 καὶ⁵
2947 2216 3015 2270 τὰ
3044 2214 3191 2269 κακά
3209 2232 3323 2275 σου.
3356 2212 3450 2266 xal
3491 2212 3591 2265 οὐκ
3642 2208 3914 2279 ὠφελήσει

2345 2330 2423 2367 σε.
2459 2314 2627 2366 Ὅταν
2659 2309 2987 2381 ἀναϐοήσῃς,
3018 2305 3384 2373 ἐξελέσθωσάν
3427 2320 3491 2356 σε
3520 2304 3579 2356 ἐν
3616 2303 3683 2373 τῇ
3738 2299 3915 2369 θλίψει

2346 2423 2439 2459 σου
2459 2422 2472 2435 ·
2502 2402 2720 2466 τούτους
2747 2401 2855 2472 γὰρ
2880 2400 3084 2461 πάντας
3111 2397 3309 2467 ἀνεμος
3347 2394 3573 2465 λήψεται
3592 2433 3610 2458 ,
3637 2392 3735 2445 καὶ
3756 2388 3915 2445 ἀποί-

2348 2512 2429 2549 σει
2460 2494 2729 2562 καταιγίς.
2765 2494 2829 2547 01.
2858 2489 2916 2544 δέ
2937 2487 3286 2573 ἀντεχομενοί
3319 2503 3419 2557 μου
3472 2486 3761 2555 κτήσονται
3789 2483 3913 2552 γῆν,

2347 2589 2439 2643 καὶ
2470 2586 2931 2658 κληρονομήσουσι
2958 2581 3020 2635 τὸ
3044 2580 3169 2651 ὅρος
3212 2578 3275 2632 τὸ
3303 2577 3455 2646 ἀγιόν
3478 2592 3601 2648 μου.
3640 2593 3658 2626 s
3697 2574 3914 2635 Πάντας

2348 2680 2446 2749 μὲν
2468 2674 2561 2734 οῦν
2587 2677 2712 2741 τοὺς
2756 2671 3226 2746 κατηγορηθέντας
3271 2671 3499 2742 λήψεται
3540 2667 3761 2737 ἄνεμος,
3824 2663 3918 2717 καὶ

2346 2773 2558 2833 ἀποίσει
2583 2771 2853 2840 καταιγίς.
2886 2769 2996 2823 Kal
3025 2766 3236 2821 τοιοῦτο
3266 2766 3417 2829 τέλος
3443 2762 3766 2835 διαλήψεται
3790 2760 3916 2821 τοὺς

2345 2863 2439 2917 ἐπὶ
2459 2864 2570 2926 τοῖς
2597 2862 2906 2933 εἰρημένοις
2930 2858 3316 2928 διαϐληθέντας
3338 2874 3352 2889 ο
3378 2857 3504 2921 τοὺς
3522 2856 3580 2909 δέ
3617 2855 3720 2924 τὴν
3746 2851 3918 2921 καλήν

2346 2955 2738 3026 ἐκλεξαμένους
2783 2952 2996 3024 μερίδα,
3022 2951 3126 3022 ἐμέ
3155 2950 3355 3022 δηλαδὴ
3379 2950 3472 3003 τδν
3489 2946 3623 3001 Θεδν
3656 2945 3753 2999 καὶ
3790 2943 3917 3005 τοὺς

2344 3048 2599 3117 γνησίους
2648 3046 2743 3099 καὶ
2775 3042 3029 3114 καθαρῶς
3057 3042 3445 3113 ἀντεχομένους
3467 3078 3483 3105 ,
3515 3041 3550 3109 ή
3600 3038 3734 3109 παρ’
3781 3033 3918 3107 ἐμοῦ

2347 3137 2551 3209 ἀμοιϐὴ
2575 3136 2900 3203 διαδέξεται.

2420 3246 2439 3279 ι
2482 3226 2591 3279 Kal
2623 3224 2810 3297 ἐροῦσι
2840 3243 2851 3257 ·
2908 3224 3256 3296 Καθαρίσατε
3282 3222 3393 3277 ἀπὸ
3422 3218 3719 3293 προσιῖιπου
3750 3217 3917 3272 αὐτοῦ

2345 3317 2514 3381 ὁδοὺς,
2543 3317 2634 3371 καὶ
2654 3316 2823 3387 ἄρατε
2853 3314 3036 3370 σκῶλα
3066 3314 3176 3369 ἀπὸ
3199 3313 3299 3386 τῆς
3321 3312 3441 3369 ὀδοῦ
3477 3311 3571 3366 τοῦ
3592 3310 3724 3365 λαοῦ
3759 3328 3916 3382 μου.»

2345 3410 2420 3464 υὺ
2448 3409 2555 3480 γάρ
2592 3409 2759 3479 μόνης
2788 3407 2886 3479 τῆς
2940 3406 3213 3479 σωτηρίας
3248 3405 3503 3477 πρόνοιαν
3556 3403 3841 3473 ποιήσεται
3890 3400 3921 3454 δ

2346 3498 2495 3571 παρά
2526 3498 2604 3569 τῷ
2634 3497 2752 3560 Θεῷ
2782 3496 3132 3570 κατορθώσας
3154 3537 3170 3562 ,
3218 3496 3333 3551 ἀλλ’
3376 3495 3476 3569 ήδη
3528 3493 3625 3548 καὶ
3676 3492 3757 3564 τῷ
3806 3491 3920 3564 λαῷ

2344 3588 2479 3645 Θεοῦ
2504 3591 2773 3663 χρήσιμον
2807 3589 2997 3644 ἐαυτὸν
3024 3589 3250 3661 παρέξει
3286 3587 3638 3661 προστάττων
3667 3585 3920 3657 ἐξομαλί-

2346 3683 2459 3747 ζειν
2480 3680 2630 3752 αὑτῷ
2656 3682 2756 3754 τήν
2783 3684 2900 3737 ὁδὸν
2931 3682 3028 3754 τῆς
3054 3682 3381 3749 θεοσεϐείας,
3412 3683 3505 3735 καὶ
3545 3680 3615 3741 τὰ
3656 3679 3919 3734 δοκοῦντα

2348 3775 2768 3845 προσκόμματα.

2421 3882 2441 3916 ι
2479 3865 2617 3920 Τάδε
2645 3866 2790 3934 λέγει
2829 3868 2858 3919 ὁ
2883 3864 3162 3935 Ὕψιστος,
3214 3866 3244 3919 δ
3290 3865 3349 3918 ἐν
3398 3862 3627 3935 ὑψηλοῖς
3653 3861 3920 3917 κατοικῶν

2352 3959 2431 4021 εἰς
2462 3957 2554 4010 τὸν
2568 3956 2760 4020 αίῶνα,
2782 3958 2971 4025 Ἀγιος
2998 3958 3055 4010 ἐν
3068 3955 3240 4024 ἁγίοις
3258 3954 3428 4025 ὄνομα
3453 3954 3601 4025 αὐτῷ
3619 3970 3634 3984 ·
3658 3952 3921 4023 ’Υψιστσς

2348 4053 2405 4103 ἐν
2429 4049 2603 4118 ἁγίοις
2633 4047 3062 4119 ἀναπαυόμενος,
3091 4048 3187 4101 καὶ
3226 4047 3565 4117 ὀλιγαψύχοις
3603 4044 3780 4109 διδοὺς
3812 4061 3919 4116 μα-

2348 4141 2668 4212 κροθυμίαν,
2694 4142 2789 4195 καὶ
2803 4140 2977 4203 διδοὺς
3002 4138 3146 4211 ζωὴν
3172 4142 3283 4205 τοῖς
3316 4138 3794 4211 συντετριμμένοις
3820 4138 3920 4208 τὴν

2348 4232 2591 4304 καρδίαν.
2613 4251 2632 4284 ι
2669 4232 2812 4303 Πρὸς
2832 4232 2959 4305 τοὺς
2990 4233 3049 4285 ἐν
3076 4232 3155 4304 τῷ
3195 4231 3311 4303 λαῷ
3352 4230 3596 4294 εὐλαϐεῖς
3635 4230 3729 4283 καὶ
3755 4228 3921 4298 φόϐον

2350 4320 2483 4375 Θεοῦ
2515 4321 2904 4393 κεκτημένους,
2938 4320 3032 4374 καὶ
3062 4319 3457 4391 μετανοοῦντας
3486 4318 3572 4389 ἐφ’
3606 4312 3689 4383 οἷς
3730 4319 3918 4388 ήμαρ-

2346 4429 2457 4478 τον,
2485 4411 2577 4475 οὒς
2600 4413 2634 4482 ή
2666 4409 2912 4482 παροῦσα
2942 4410 3088 4477 λέξις
3136 4408 3625 4481 συντετριμμένους
3653 4408 3917 4479 τὴννκαρ-

2347 4502 2463 4557 δίαν
2487 4504 2581 4557 καὶ⁵
2611 4500 2962 4571 ὀλιγοψύχους
2989 4501 3265 4572 ὀνομάζει,
3298 4500 3641 4571 παράκλησιν
3683 4498 3780 4552 καὶ
3813 4515 3919 4552 πα-

2284 4598 2324 4653 D
2350 4592 2619 4665 ραμυθίαν
2667 4593 2953 4665 προσάγει.
2986 4587 3169 4645 ’Ἦσαν
3208 4592 3317 4661 γὰρ
3366 4593 3424 4642 ἐν
3467 4590 3670 4652 αὐτοῖς.
3726 4590 3777 4642 εί
3822 4588 3917 4643 καὶ

708 4650 1036 4707 Deoaddicti
1063 4665 1254 4721 erant;
1301 4671 1405 4711 non
1448 4664 1652 4712 tantum
1685 4662 1977 4730 propheta,
2036 4666 2128 4721 sed
2158 4669 2242 4723 alii

2350 4650 2564 4756 βραχεῖς
2597 4684 2691 4736 καὶ
2712 4650 3164 4754 apellemme
3365 4682 3514 4751 ὅμως
3544 4650 3684 4751 ἦσαν
3725 4680 3917 4752 ἄνδρες

706 4754 891 4798 eorum
924 4743 1267 4812 imitatores,
1310 4749 1400 4818 qui
1448 4763 1479 4803 a
1537 4751 1814 4821 prophetis
1864 4755 2244 4825 edocebantur,

706 4848 996 4907 eorumque
1020 4837 1313 4910 disciplina:
1343 4841 1576 4896 animum
1598 4844 1945 4904 adhibebant.

778 5113 939 5171 Vens.
1012 5115 1099 5171 16.
1181 5135 1202 5172 ι
1228 5118 1344 5175 Non
1397 5119 1451 5172 in
1497 5130 1810 5192 perpetuum
1852 5138 1948 5180 vos
2002 5123 2246 5191 ulciscar,

704 5221 876 5276 neque
917 5222 1129 5279 semper
1179 5210 1381 5266 irascar
1428 5214 1600 5268 vobis.
1645 5214 1879 5284 Spiritus
1912 5215 2054 5271 enim
2100 5230 2130 5269 a
2164 5231 2249 5269 me

702 5295 1023 5379 egredietur,
1048 5308 1105 5353 et
1132 5298 1315 5356 i'iatum
1341 5317 1552 5358 omnem
1578 5318 1678 5374 ego
1708 5305 1827 5359 ieci.
1858 5325 1881 5359 s
1925 5305 2058 5361 Nam
2105 5321 2247 5360 cura:

705 5386 834 5441 mihi
858 5398 941 5442 est
968 5391 1189 5458 spiritus
1216 5392 1323 5461 ille,
1362 5396 1505 5464 quia
1540 5409 1626 5451 me
1657 5395 1925 5465 profectus
1946 5438 1961 5465 ,
2012 5399 2065 5453 in
2096 5398 2247 5454 vobis

706 5477 966 5535 habitavit
992 5496 1008 5534 :
1038 5486 1471 5555 quandoquidem
1496 5487 1671 5543 omnis
1709 5488 1965 5558 spiritus,
2004 5490 2097 5561 qui
2134 5490 2250 5543 lau-

708 5568 837 5624 dare
893 5586 980 5629 me
1045 5574 1253 5643 valeat,
1302 5587 1490 5633 auctor
1536 5594 1690 5647 sum,
1738 5581 2028 5635 secundum
2080 5582 2249 5648 illud,

780 5754 892 5823 (41)
926 5755 1013 5810 Sic
1063 5760 1337 5825 vertimus,
1378 5761 1498 5827 quia
1548 5762 1613 5813 ad
1653 5763 1792 5817 hunc
1834 5765 2049 5818 modum
2087 5764 2252 5816 intcr-

708 5836 946 5887 pretatur
977 5828 1253 5883 Eusebius.
1304 5833 1469 5884 Verus
1512 5840 1686 5888 tamen
1715 5834 1887 5903 .ltujus
1930 5839 2025 5888 loci
2064 5851 2252 5890 sensus

2346 4772 2690 4842 ἀνακείμενοι
2722 4770 2801 4841 τῷ
2832 4770 2984 4842 Θεῷο
3012 4770 3111 4841 οὐχ
3149 4770 3200 4823 oi
3234 4770 3519 4842 ,προφῆται
3552 4768 3732 4841 μόνον,
3776 4768 3914 4823 ἀλλὰ

2346 4863 2439 4916 καὶ
2465 4862 2640 4933 ἕτεροι
2669 4862 2869 4915 τούτων
2900 4862 3157 4931 ζηλωταὶ,
3176 4860 3609 4934 μαθητευόμενοι
3636 4863 3749 4924 τοῖς
3783 4877 3915 4934 προ-

2349 4954 2565 5023 φήταις,
2605 4951 2700 5005 καὶ
2738 4952 2862 5016 ταῖς
2913 4951 3281 5018 διδασκαλίαις
3316 4950 3495 5007 αὐτῶν
3548 4951 3912 5025 προσανέχον-

2346 5058 2454 5107 τες.
3203 5077 3206 5080 ~

2420 5152 2440 5185 ι
2472 5134 2586 5189 Οὐκ
2637 5135 2718 5195 είς
2763 5133 2856 5189 τὸν
2910 5134 3082 5190 αἰῶνα
3136 5135 3411 5207 ἐκδικήσω
3454 5135 3617 5207 ὑμᾶς,
3651 5134 3773 5189 οὑδέ
3821 5134 3911 5191 διὰ

2348 5226 2545 5289 παντὸς
2568 5224 2962 5297 ὀργισθήσομαι
3012 5228 3160 5298 ὑμῖν.
3218 5228 3442 5299 Πνεῦμα
3465 5227 3575 5299 γὰρ
3602 5229 3729 5299 παρ’
3775 5227 3909 5300 ἐμοῦ

2346 5315 2708 5382 ἐξελεύσεται,
2732 5317 2823 5369 καὶ
2846 5318 3013 5388 πνοὴν
3041 5319 3222 5372 πᾶσαν
3257 5316 3369 5386 ἐγὼ
3391 5318 3641 5389 ἐποίησα.
3688 5336 3708 5369 s
3742 5316 3909 5372 Μέλει

2346 5408 2455 5478 γάρ
2480 5424 2569 5479 μοι
2599 5407 2693 5461 τοῦ
2726 5407 3051 5478 πνεύματος,
3074 5410 3208 5481 ὅπερ
3260 5408 3320 5476 ἐξ
3360 5406 3494 5479 ἐμοῦ
3518 5406 3801 5480 προελθὸν,
3829 5410 3909 5473 είς

2350 5501 2491 5569 ὑμᾶς
2539 5497 2856 5569 κατῴκησεν
2874 5515 2889 5530 ο
2950 5499 3138 5571 ἐπειδὴ
3184 5500 3281 5553 καὶ
3336 5499 3566 5572 ποιητής
3628 5501 3907 5571 τυγχάνων

2354 5590 2534 5659 πάσης
2577 5592 2746 5660 πνοῆς
2793 5589 2893 5658 τῆς
2937 5588 3239 5661 δυναμένης
3287 5607 3353 5662 με
3396 5589 3588 5655 αἰνεῖν,
3640 5592 3781 5644 κατά
3826 5588 3905 5654 τὸ,

2359 5766 2447 5820 hic
2475 5780 2595 5820 csse
2631 5774 2838 5843 videtur
2874 5782 2889 5843 ς
2929 5766 3273 5843 diuinusque
3318 5771 3407 5840 qui
3447 5779 3625 5827 tecum
3675 5767 3907 5827 fornica-

2360 5848 2545 5891 rcntur
2568 5837 2751 5904 procul
2778 5837 3041 5893 accivlsti.
3063 5857 3084 5889 ι
