4124 6412
698 464 799 521 ΠΩ

1360 456 1628 515 EUSEBII
1663 455 2136 515 CESARIENSIS
2170 457 2316 515 OPP.
2357 456 2535 515 PARS
2570 456 2656 513 Ill.
2695 488 2765 499 —
2798 455 3206 515 EXEGE‘I‘ICA.

3798 459 3905 514 εει

767 580 927 637 Vsus.
957 577 1010 630 3.
1050 595 1072 629 ι
1100 576 1379 633 Dicentes:
1412 577 1589 644 Quare
1609 578 2007 648 jejunavimns,
2052 589 2108 635 et
2136 595 2232 635 non

2417 598 2437 630 ι
2470 579 2748 648 Λέγοντες·
2783 580 2850 632 Τί
2890 579 2972 632 ὅτι
3014 577 3433 649 ὲνηστεύσαμεν,
3471 576 3568 631 καὶ
3597 577 3700 631 οὐκ
3730 573 3907 643 εἶδες

697 670 911 727 vidisti?
936 668 1332 723 bumiliavimus
1360 670 1565 724 animas
1586 680 1816 737 nostras,
1838 680 1893 725 et
1919 687 2025 727 non
2047 686 2247 739 cogno-

694 760 857 817 visti?
885 778 905 811 ι
939 758 1077 825 Quia
1118 759 1241 813 talia
1275 760 1613 828 impudenter
1636 761 1783 817 eﬂari
1817 764 2036 828 audent,
2056 778 2243 833 magna

696 862 773 917 tu,
798 851 868 905 mi
892 851 1173 920 propheta,
1200 864 1330 904 voce
1356 858 1531 915 utens,
1558 854 1822 919 responde
1846 853 1975 918 illis,
2008 866 2064 910 et
2087 870 2245 909 coar-

693 958 795 1011 gne
848 957 964 1007 eos,
998 943 1139 1012 quod
1186 940 1444 1010 judicium
1499 959 1674 999 meum
1729 946 2140 1015 dereliquerint,
2188 955 2244 1001 et

692 1033 839 1101 quod
868 1034 1047 1087 omnia
1097 1048 1217 1101 qua:
1258 1032 1559 1103 proferunt,
1609 1050 1717 1090 non
1776 1037 1989 1093 sincere
2037 1038 2239 1093 dicant.

698 1142 717 1175 ε
748 1124 802 1177 lu
845 1124 1031 1179 diebus
1056 1125 1202 1179 enim
1236 1124 1564 1195 jejuniorum
1622 1134 1924 1181 vestrorum
1987 1129 2244 1183 invenitis

692 1217 997 1271 voluntates
1030 1228 1260 1282 vestras,
1304 1228 1361 1272 et
1392 1233 1580 1273 omnes
1603 1218 1842 1274 subditos
1872 1230 2084 1276 vestros
2109 1217 2243 1273 ami-

692 1307 880 1375 gitis.»
925 1307 984 1361 Si
1025 1323 1157 1379 ergo
1205 1310 1273 1365 de
1321 1309 1409 1363 tali
1455 1310 1661 1380 jejunio
1706 1310 2026 1381 gloriantur,
2088 1310 2243 1380 longe

692 1399 1048 1466 praestabilius
1082 1401 1212 1469 ipsis
1244 1412 1379 1468 erat,
1411 1414 1469 1456 ut
1495 1402 1667 1471 epulis
1708 1411 2007 1466 vacarent,
2051 1411 2108 1457 et
2154 1416 2241 1455 res

690 1489 996 1558 bnjnsmodi
1055 1508 1158 1546 non
1206 1493 1637 1568 aggrederentur.
1691 1492 2025 1562 Quapropter
2087 1490 2241 1545 initio

690 1582 981 1649 prophetiae
1003 1584 1203 1638 dictum
1227 1593 1311 1638 est
1340 1584 1445 1639 illis
1472 1604 1486 1638 :
1513 1602 1535 1638 ι
1566 1584 1836 1654 Jejunium
1887 1592 1943 1637 et
1981 1583 2240 1637 cessatis-

691 1686 812 1723 nem
839 1682 894 1725 et
912 1658 1277 1727 solemnitates
1310 1684 1519 1729 vestras
1545 1677 1658 1729 odit
1677 1676 1853 1729 anima
1891 1690 2028 1729 mea.
2056 1694 2074 1726 ι
2105 1672 2237 1727 Nam

683 1758 869 1826 jejunii
899 1761 1086 1826 otium,
1117 1777 1221 1817 non
1246 1764 1300 1817 in
1332 1766 1663 1833 paenitentiae
1700 1766 2042 1821 occasionem
2072 1765 2237 1821 verti-

693 1851 759 1905 tis
784 1890 799 1913 ,
830 1852 924 1907 sed
958 1852 1049 1907 illo
1079 1854 1147 1908 ad
1173 1856 1351 1911 debita
1379 1859 1643 1929 exigenda
1688 1868 1745 1913 et
1795 1858 2083 1928 repetenda
2132 1857 2238 1911 uti-

688 1956 841 1998 ﬂlJII.

756 2034 917 2091 Vens.
974 2036 1029 2091 4.
1077 2039 1179 2093 «Si
1218 2040 1284 2094 ad
1331 2040 1451 2095 lites
1501 2050 1555 2096 et
1592 2054 1796 2113 pugnas
1839 2040 2129 2112 ieiunatis,
2182 2049 2237 2096 et

684 2128 873 2194 pugnis
904 2130 1184 2197 percutitis
1212 2131 1483 2196 humilem,
1505 2135 1569 2187 ad
1600 2134 1726 2203 quid
1759 2134 1888 2188 mihi
1909 2132 2228 2201 jejunatis?»

689 2214 909 2273 Videtur
934 2220 1050 2287 ipso
1074 2235 1287 2291 quoque
1325 2224 1619 2293 praphetia:
1668 2235 1905 2295 tempore
1947 2225 2049 2279 tale
2080 2224 2236 2293 quid-

685 2309 829 2375 piam
891 2310 1089 2367 factum
1135 2327 1301 2369 esse:
1334 2317 1386 2369 id
1436 2317 1633 2387 quippe
1673 2333 1851 2373 sermo
1898 2318 2232 2372 subindicat:

690 2415 711 2448 ι
742 2397 809 2453 Ut
836 2400 994 2457 hodie
1033 2405 1283 2459 audiatur
1310 2405 1363 2461 in
1391 2406 1626 2463 clamore
1660 2424 1761 2463 vox
1787 2421 1987 2464 vestra.
2022 2428 2042 2460 ι
2188 2412 2194 2415 ’

755 2490 915 2547 Vsus.
972 2494 1025 2548 5.
1078 2494 1236 2551 «Non
1292 2512 1392 2568 ego
1444 2499 1708 2568 jejunium
1775 2503 1917 2556 istud
1967 2504 2127 2573 elegi,
2184 2513 2238 2559 et

679 2580 842 2645 diem,
880 2591 938 2635 ut
990 2583 1237 2641 humiliet
1279 2589 1439 2644 homo
1482 2592 1719 2646 animam
1781 2609 1959 2649 suam.
2017 2595 2132 2650 Non
2189 2597 2235 2652 si

680 2668 1047 2729 incurvaveris
1082 2678 1236 2745 quasi
1269 2680 1531 2735 circulum
1562 2684 1756 2738 collum
1805 2693 1978 2753 tuum,
2027 2695 2083 2740 et
2128 2687 2238 2741 cili-

676 2761 821 2815 cium
854 2771 909 2818 et
946 2765 1183 2821 cinerem
1210 2769 1567 2827 substrave'ris
1597 2792 1611 2826 :
1644 2789 1818 2844 neque
1860 2777 1940 2831 sic
1972 2777 2235 2833 vocabitis

672 2848 932 2921 jejunium
984 2858 1334 2927 acceptabile.
1368 2880 1388 2913 ι
1435 2862 1587 2928 Quod
1625 2866 1670 2919 si
1694 2867 1817 2935 quis
1843 2865 1971 2920 velit
2004 2868 2220 2921 modum

675 2944 788 2996 veri
821 2945 1059 3016 mihique
1090 2950 1303 3017 probati
1350 2953 1541 3022 jejunii
1589 2957 1853 3023 ediscere,
1898 2959 2015 3014 haec
2073 2970 2231 3029 agat:

2347 670 2789 741 ιταπεινώσαμεν
2837 670 2938 734 τὰς
2974 669 3151 740 ψυχὰς
3180 670 3356 741 ήμῶν,
3381 668 3477 723 καὶ
3511 670 3612 723 οὐκ
3643 669 3846 738 ἐγνωςς
3881 687 3904 721 ι

2358 764 2577 835 Ἐπειδὴ
2623 763 2842 816 τοιαῦτα
2894 762 3070 832 λέγειν
3110 763 3339 826 ἀναιδῶς
3388 762 3648 833 τολμῶσι,
3693 762 3911 834 μεγάλῃ

2347 853 2443 925 βοῇ
2464 855 2802 924 χρησάμενος
2817 855 2882 907 σὺ
2899 852 3070 922 ὸὲμὺς
3080 855 3383 923 προφήτης,
3397 854 3686 924 ἀπόκριναι
3698 852 3908 919 αὐτοῖς,

2344 945 2437 998 καὶ
2460 944 2751 1015 ἀπέλεγχε,
2780 946 2927 1007 ὅπως
2953 942 3092 1014 ἐμὴν
3131 943 3310 1014 κρίσιν
3339 942 3777 1008 καταλελοίπασι,
3808 942 3912 996 καὶ

2343 1036 2502 1088 πάνθ’
2548 1037 2650 1090 ὅσα
2700 1039 3016 1106 φάσκουσιν,
3060 1036 3160 1089 οὐκ
3206 1035 3422 1106 ἀληθῶς
3452 1034 3907 1089 διαϐεϐαιοῦνται.

2349 1144 2369 1176 ι
2409 1126 2496 1178 Ἐν
2532 1125 2642 1197 γὰρ
2680 1129 2797 1190 ταῖς
2828 1126 3062 1197 ήμὲραις
3109 1124 3217 1178 τῶν
3257 1124 3517 1194 νηστειῶν
3556 1124 3709 1196 ὑμῶν
3758 1122 3909 1197 εὑρι-

2347 1233 2504 1269 σκετε
2532 1217 2602 1270 τὰ
2636 1217 2915 1287 θελήματα
2948 1216 3121 1287 ὑμῶν,
3150 1216 3246 1269 καὶ
3273 1216 3480 1279 πάντας
3521 1218 3646 1279 τοὺς
3681 1217 3907 1286 ὑποχει-

2347 1306 2492 1377 ρίους
2518 1306 2670 1375 ὑμῶν
2693 1306 3043 1359 ὑπονύσσετε.
3068 1325 3090 1357 ι
3116 1306 3179 1359 Εἰ
3196 1306 3374 1359 τοίνυν
3402 1307 3495 1358 ἐπὶ
3537 1304 3761 1376 τοιαύτῃ
3814 1320 3909 1357 σεο

2346 1398 2633 1467 μνύνονται
2664 1398 2907 1470 νηστείᾳ,
2946 1399 3080 1452 πολὺ
3113 1401 3357 1469 κρεῖττον
3382 1393 3457 1468 ’ῆν
3500 1398 3683 1460 αὐτοῖς
3726 1400 3912 1467 τροφῇ

2346 1488 2644 1558 σχολάζειν,
2678 1489 2773 1541 καὶ
2805 1490 2879 1562 μὴ
2905 1488 3124 1542 τοιαῦτα
3172 1489 3393 1559 τολμᾷν.
3437 1489 3536 1541 Διά
3568 1488 3741 1542 ταῦτα
3770 1487 3908 1557 γοῦν

2340 1582 2460 1634 κατ’
2493 1581 2669 1652 ἀρχῆς
2713 1580 2812 1650 τῆς
2865 1580 3201 1651 προφητείας
3235 1581 3372 1650 πρὸς
3429 1580 3625 1643 αὐτοὺς
3654 1580 3903 1649 ὲλὲγετο³

2345 1691 2363 1723 ι
2398 1672 2671 1742 Νηστείαν
2703 1673 2797 1726 καὶ
2833 1672 3051 1741 ἀργίαν,
3091 1671 3310 1735 καὶτὰς
3340 1671 3534 1742 ἑορτάς
3562 1670 3715 1741 ὑμῶν
3760 1672 3913 1741 μισεῖ

2338 1766 2372 1833 ἡ
2400 1763 2545 1833 ψυχή
2578 1780 2703 1834 μουα
2747 1782 2766 1814 ι
2814 1764 2925 1833 Τὴν
2970 1763 3080 1834 γὰρ
3121 1761 3222 1831 τῆς
3268 1760 3519 1830 νηστείας
3566 1759 3760 1830 σχολὴν
3804 1760 3911 1813 οὐκ

2342 1852 2595 1923 ἀφορμὴν
2628 1852 2868 1905 ποιεῖσθε
2905 1851 3293 1923 μεταμελείας⁹
3324 1849 3679 1921 ἀλλάταύτην
3703 1853 3784 1914 είς
3807 1848 3912 1915 τὴν

2270 1912 2313 1967 Β
2346 1912 2468 1997 των.
2489 1912 2811 2013 δφειλόντων
2844 1912 3126 2016 εἴσπραξιν
3150 1912 3489 1998 ἀναλίσκετε.

2420 2054 2438 2086 ι
2467 2036 2528 2088 Εί
2556 2036 2635 2098 εἰς
2668 2035 2877 2105 κρίσεις
2907 2035 2999 2087 καὶ
3020 2034 3197 2105 μάχας
3222 2034 3530 2106 νηστεύετε,
3555 2035 3650 2088 καὶ
3676 2034 3911 2090 τύπτετε

2338 2129 2581 2195 πυγμαῖς
2622 2126 2896 2188 ταπεινὸν,
2950 2126 3035 2179 ῖνα
3070 2126 3124 2179 τί
3173 2144 3263 2197 μοι
3298 2127 3621 2198 νηστεύετε;
3663 2148 3683 2180 ι
3718 2130 3908 2199 Ἔοικα

2337 2221 2430 2274 καὶ
2458 2221 2577 2273 κατ’
2619 2219 2781 2273 αὐτὸν
2819 2219 2908 2273 τὸν
2952 2219 3053 2289 τῆς
3087 2221 3418 2291 προφητείας
3455 2220 3650 2291 καιρὸν
3697 2220 3909 2276 τοιοῦτό

2336 2330 2387 2364 τι
2420 2311 2741 2381 γεγενῆσθαι
2764 2328 2777 2341 ·
2818 2310 2976 2363 τοῦτο
3004 2310 3112 2382 γὰρ
3140 2311 3432 2366 αἰνίττεται
3456 2314 3487 2365 ὁ
3519 2312 3677 2381 λόγος
3700 2330 3713 2343 ·
3756 2332 3776 2364 ι
3816 2312 3910 2377 Ὦς

2339 2402 2575 2472 σήμερον
2613 2400 2943 2469 ἀκουσθῆναι
2962 2402 3019 2452 ὲν
3046 2403 3260 2472 κραυγῇ
3289 2401 3387 2471 τὴν
3419 2401 3604 2471 φωνὴν
3624 2402 3800 2473 ὑμῶν.

2414 2510 2430 2542 ι
2460 2493 2534 2545 Οὐ
2565 2491 2768 2563 ταύτην
2790 2493 2886 2562 τήν
2908 2493 3159 2562 νηστείαν
3190 2492 3538 2563 ἐξελεξάμην,
3568 2494 3665 2546 καὶ
3690 2493 3908 2565 ἡμέραν

2334 2583 2622 2636 ταπεινοῦν
2654 2583 2937 2654 ἄνθρωπον
2968 2582 3066 2654 τήν
3092 2583 3267 2655 ψυχὴν
3294 2584 3481 2637 αὐτοῦ.
3512 2584 3633 2638 Οὐδ’
3667 2585 3735 2639 ἀν
3756 2584 3905 2655 κάμ-

2333 2673 2441 2745 ψῃς
2489 2673 2564 2737 ὡς
2594 2674 2781 2745 κρίκον
2811 2674 2905 2727 τὸν
2935 2674 3203 2746 τράχηλόν
3242 2693 3357 2739 σου,
3413 2677 3508 2729 καὶ
3547 2677 3750 2731 σάκκον
3809 2680 3907 2733 καὶ

2336 2767 2527 2819 στυόδον
2584 2766 2931 2838 ὑποστρὼσῃ,
2985 2768 3096 2821 οὐδ’
3139 2767 3282 2821 οὕτω
3327 2768 3587 2823 καλέσετε
3647 2770 3910 2840 νηστείαν

2332 2860 2544 2929 δεκτήν.
2588 2877 2607 2910 ι
2658 2859 2721 2911 Εί
2770 2859 2827 2912 δὲ
2867 2859 2932 2930 δή
2963 2859 3134 2913 ἐθέλοι
3186 2877 3271 2923 τις
3304 2860 3505 2931 τρόπον
3540 2861 3777 2933 ἀληθοῦς
3806 2862 3905 2915 καὶ

2332 2948 2455 3017 ἐμοὶ
2491 2948 2570 3018 τῷ
2612 2948 2731 3019 Θεῷ
2776 2950 3015 3020 ἀρεστῆς
3043 2952 3295 3022 νηστείας
3315 2951 3679 3017 διδάσκεσθαι,
3728 2952 3904 3006 ταῦτα

673 3034 755 3088 Ad
782 3035 1016 3092 ketitiam
1046 3040 1250 3096 vultum
1284 3056 1593 3115 componat,
1626 3059 1681 3102 et
1708 3050 1828 3104 oleo
1869 3062 2030 3119 caput
2076 3050 2232 3104 inun-

2337 3042 2649 3111 πραττέτω·
2687 3041 2915 3113 Φαιδρὸν
2966 3042 3027 3094 τὸ
3078 3042 3366 3113 πρόσωπον
3402 3045 3775 3113 καταστήσας,
3807 3046 3903 3099 καὶ

675 3138 807 3193 gens
828 3130 1124 3183 secundum
1159 3132 1398 3189 salutare
1431 3148 1777 3208 praeceptum,
1802 3139 2063 3208 jejunium
2095 3141 2231 3196 clam

2337 3135 2429 3206 τὴν
2458 3134 2695 3206 κεφαλὴν
2746 3134 2971 3204 ἀλείψας
3002 3134 3165 3205 ὲλαίῳ
3189 3134 3331 3188 κατά
3369 3133 3470 3206 τὴν
3502 3138 3766 3207 σωτήριον
3798 3154 3903 3190 πα-

674 3216 943 3283 observet,
973 3228 1028 3274 et
1054 3222 1151 3276 soli
1178 3222 1323 3278 Patri
1366 3228 1577 3283 occulta
1621 3230 1822 3287 videnti
1877 3232 2230 3288 humilitatem

2337 3227 2671 3300 ρακέλευσιν,
2701 3227 2800 3296 τὴν
2830 3228 2928 3297 μὲν
2952 3226 3203 3298 νηστείαν
3234 3229 3293 3281 ἑν
3323 3226 3403 3298 τῷ
3433 3228 3655 3299 κρυπτῷ
3696 3226 3900 3295 φυλατ-

675 3306 866 3401 animo:
887 3312 1132 3367 ostendat
1164 3331 1178 3367 :
1207 3315 1261 3369 in
1299 3317 1513 3386 publico
1542 3330 1723 3376 autem
1754 3324 2030 3392 operibus,
2063 3325 2232 3395 pieta-

2337 3316 2491 3381 τέτω,
2522 3317 2616 3368 καὶ
2641 3315 2719 3387 τῷ
2766 3318 2941 3388 Πατρὶ
2970 3315 3049 3387 τῷ
3100 3315 3348 3387 βλέποντι
3378 3316 3448 3372 τὰ
3491 3318 3709 3390 κρυπτὰ
3754 3319 3900 3390 μόνῳ

676 3399 745 3451 tis
801 3399 1008 3457 fructus
1054 3406 1359 3464 videntibus
1404 3412 1659 3468 omnibus
1722 3415 2018 3483 exhibeat,
2070 3431 2230 3473 omne

2337 3407 2431 3479 τὴν
2454 3408 2779 3460 ταπείνωσιν
2810 3408 2909 3477 τῆς
2930 3407 3107 3479 ψυχῆς
3140 3406 3402 3463 δεικνύτω
3425 3426 3440 3440 °
3478 3412 3559 3474 είς
3602 3411 3659 3464 δὲ
3696 3410 3760 3463 τὺ
3796 3426 3900 3479 φα-

673 3492 949 3547 viuculum
977 3494 1276 3565 iniquitatis
1299 3501 1574 3561 solvendo.
1599 3505 1779 3571 Quare
1805 3508 1882 3562 ait
1913 3524 1929 3560 :

2337 3500 2490 3572 νερὸν
2515 3500 2583 3551 δι’
2608 3499 2783 3569 ἔργων
2808 3500 2935 3561 τοὺς
2962 3500 3209 3567 καρποὺς
3230 3500 3331 3572 τῆς
3360 3499 3503 3553 κατά
3539 3500 3715 3571 ψυχήν
3741 3500 3902 3553 εὐλα-

676 3580 829 3645 ϐείας
854 3588 965 3648 τοῖς
989 3590 1153 3641 πᾶσιν
1185 3590 1350 3661 ὁρῶσι
1375 3594 1675 3665 παρεχέτω,
1713 3596 1800 3651 διά
1818 3599 1912 3652 τοῦ
1943 3599 2089 3654 λύειν
2118 3600 2296 3654 πάντα
2319 3594 2611 3662 σύνδεσμον
2634 3592 2866 3654 ἀδικίας.
2896 3591 2988 3643 Διό
3013 3608 3177 3661 φησιν
3194 3607 3209 3621 ο

746 3670 905 3725 Vsns.
940 3672 993 3727 6.
1030 3692 1049 3725 ι
1077 3675 1190 3730 Non
1234 3679 1339 3734 tale
1377 3680 1638 3748 judicium
1668 3684 1827 3754 elegi,
1864 3688 1993 3742 dicit
2040 3689 2224 3743 Domi-

2420 3702 2439 3735 ι
2467 3681 2604 3751 Οὐχὶ
2643 3681 2895 3751 τοιαύτην
2932 3680 3186 3751 νηστείαν
3214 3678 3561 3751 ἐξελεξάμην,
3606 3678 3753 3748 λὲγει
3786 3680 3905 3733 Κύ·

671 3778 775 3817 nus
811 3781 825 3817 :
860 3764 952 3817 sed
977 3765 1123 3821 solve
1148 3782 1359 3824 omnem
1388 3787 1581 3826 nexum
1614 3775 1949 3845 iniquitatis;
1994 3778 2227 3837 dissolve

2338 3792 2451 3848 ριος
2472 3790 2486 3803 ⁸
2522 3772 2655 3826 ἀλλά
2705 3771 2797 3823 λύε
2847 3771 3024 3826 πάντα
3089 3770 3385 3841 σύνδεσμον
3434 3770 3675 3833 ἀδικίας
3715 3770 3899 3825 διάλυε

670 3852 1025 3922 obligationes
1050 3858 1405 3916 violentarum
1429 3866 1769 3933 cautionum;
1795 3868 2004 3925 dimitte
2025 3870 2226 3929 fractos

2337 3863 2698 3936 στραγγαλιὰς
2721 3861 2906 3933 βιαίων
2953 3860 3411 3931 συναλλαγμάτων
3432 3878 3447 3891 ο
3483 3860 3783 3913 ἀπόστελλε
3805 3878 3894 3914 τερ

670 3943 727 3998 in
773 3947 1169 4015 remissionem;
1215 3961 1271 4006 et
1310 3968 1523 4009 omnem
1577 3960 1939 4028 syngrapham
1984 3963 2221 4034 iniquam

2337 3953 2696 4024 θραυσμένους
2730 3954 2789 4005 ὲν
2814 3950 3034 4021 ἀφέσει·
3081 3950 3175 4003 καὶ
3219 3952 3400 4004 πᾶσαν
3430 3951 3751 4023 συγγραφήν
3788 3951 3901 4007 ﬁt.

672 4039 870 4101 lacera,
896 4055 914 4089 ι
960 4039 1157 4095 dictum
1184 4042 1314 4099 illud
1341 4044 1645 4104 Servatoris
1689 4064 1854 4120 Opere
1879 4055 2217 4123 tperiiciens:

2337 4063 2424 4098 κον
2443 4045 2671 4098 διάσπα⁸
2707 4063 2726 4095 ι
2753 4044 2885 4098 αὐτὸ
2906 4043 2970 4115 δὴ
2999 4042 3061 4095 τὸ
3080 4042 3400 4113 λελεγμένον
3441 4043 3546 4097 ὑπὸ
3574 4042 3670 4096 τοῦ
3719 4044 3903 4117 Σωτῆ-

677 4146 696 4179 ι
728 4127 783 4182 Si
814 4127 975 4184 oﬂ'ers
1004 4146 1194 4188 munus
1222 4142 1365 4189 tuum
1390 4138 1457 4191 ad
1478 4138 1674 4205 altare,
1727 4152 1783 4197 et
1810 4142 1883 4197 ibi
1908 4146 2222 4203 recordatus

2337 4153 2425 4205 ρος
2475 4135 2621 4206 ἔργῳ
2653 4135 2896 4207 πληρῶν,
2936 4135 3020 4187 τό·
3059 4153 3079 4186 ι
3111 4135 3236 4189 Ἐὰν
3277 4136 3594 4209 προσφέρῃς
3620 4136 3684 4189 τὸ
3723 4136 3898 4207 δῶρόν

673 4218 858 4283 fueris,
893 4224 1013 4292 quia
1044 4224 1211 4280 frater
1241 4236 1362 4282 tuus
1394 4230 1558 4286 habet
1596 4232 1796 4302 aliquid
1821 4236 2106 4292 adversum
2137 4246 2217 4304 te;

2337 4245 2445 4289 σου,
2475 4228 2632 4280 κάκεῖ
2656 4227 2917 4298 μνησθῇς,
2951 4227 3034 4279 ὅτι
3072 4226 3184 4297 εχει
3211 4230 3241 4280 ὁ
3272 4227 3497 4297 ἀδελφός
3525 4227 3618 4280 σού
3666 4245 3721 4280 τι
3755 4228 3906 4283 κατὰ

671 4314 913 4381 relinque
936 4315 1006 4368 ibi
1036 4332 1229 4372 munus
1267 4328 1449 4386 tuum,
1494 4332 1550 4377 et
1586 4327 1719 4376 vade
1753 4326 1925 4393 prius,
1974 4329 2212 4383 reconci-

2337 4319 2463 4371 σοῦ·
2500 4319 2634 4387 ἄφες
2681 4320 2798 4372 ἐκεῖ
2823 4319 2884 4371 τὸ
2914 4320 3085 4389 δῶρόν
3114 4336 3230 4386 σου,
3280 4321 3375 4374 καὶ
3430 4319 3608 4388 ὕπαγε
3656 4320 3895 4392 πρῶτον,

666 4403 802 4459 liare
864 4405 1016 4461 fratri
1069 4418 1159 4463 tuo
1200 4427 1216 4463 :
1267 4421 1322 4464 et
1387 4421 1514 4468 tunc
1564 4414 1791 4469 veniens
1843 4416 1975 4472 oﬂ‘er
2027 4434 2221 4474 munus

2337 4409 2637 4479 διαλλάγηθι
2661 4410 2740 4481 τῷ
2763 4410 2974 4482 ἀδελφῷ
2995 4428 3087 4464 σου
3107 4428 3121 4442 ο
3153 4414 3249 4465 καὶ
3272 4413 3392 4466 τότε
3422 4411 3591 4466 ἐλθὼν
3619 4414 3898 4486 πρόσφερε

666 4506 815 4550 tuum
847 4498 912 4553 η.
942 4517 962 4550 ι

736 4586 903 4642 Vsus.
954 4590 1007 4644 7.
1067 4592 1334 4665 «Frange,
1371 4598 1635 4651 esurienti
1686 4612 1880 4665 panem
1937 4610 2119 4666 tuum,
2168 4610 2223 4657 et

663 4693 929 4748 pauperes
960 4690 1104 4737 tecto
1135 4697 1379 4741 carentes
1411 4688 1573 4742 induc
1604 4690 1656 4742 in
1698 4690 1913 4743 domum
1941 4699 2108 4747 tuam.
2166 4691 2222 4747 Si

663 4771 865 4824 videris
895 4774 1113 4839 nudum,
1148 4786 1287 4846 tege,
1315 4789 1369 4833 et
1405 4779 1733 4835 domesticos
1758 4781 1983 4837 seminis
2026 4783 2100 4836 tui
2156 4799 2223 4837 ne

660 4861 993 4930 despexeris.
1027 4885 1045 4918 ι
1081 4866 1197 4921 Non
1238 4870 1380 4923 enim
1403 4872 1596 4925 desunt
1649 4874 1792 4941 apud
1834 4872 2081 4929 homines
2129 4875 2219 4943 qni

660 4950 778 5005 cibo
810 4963 1005 5019 egeant
1040 4978 1053 5010 ;
1086 4965 1248 5026 atque
1293 4959 1372 5013 sic
1400 4960 1493 5014 tibi
1549 4962 1872 5016 abstinentia
1916 4978 2021 5017 non
2070 4963 2220 5018 lucro

660 5042 764 5095 erit
797 5062 810 5096 :
842 5044 935 5099 sed
966 5046 1080 5103 alio
1115 5050 1272 5103 modo
1296 5052 1529 5105 animam
1572 5063 1714 5107 tuam
1741 5054 1882 5121 ales,
1918 5070 2040 5110 cum
2078 5069 2219 5125 pane

665 5139 750 5186 tuo
781 5134 1018 5202 indigum
1058 5145 1111 5190 et
1156 5138 1262 5193 cibi
1298 5142 1522 5208 penuria
1555 5141 1885 5198 laborantem
1925 5145 2217 5201 recreabis.

733 5313 893 5368 Vens.
926 5316 979 5379 8,
1022 5315 1073 5370 9.
1127 5335 1147 5369 ι
1174 5317 1324 5373 Tunc
1381 5327 1629 5387 erumpet
1669 5318 1990 5374 matutinum
2040 5320 2218 5374 lumen

663 5412 838 5469 tuum,
865 5415 920 5459 et
948 5408 1261 5463 sanationes
1302 5419 1405 5463 tua:
1450 5410 1560 5464 cito
1598 5410 1843 5465 orientur
1878 5425 1895 5463 :
1928 5421 1984 5466 et
2012 5410 2222 5480 praibit

661 5504 787 5544 ante
829 5502 880 5547 te
908 5494 1121 5563 iustitia
1151 5506 1261 5564 tua,
1309 5506 1365 5552 et
1392 5498 1565 5568 gloria
1619 5497 1715 5553 Dei
1746 5499 2103 5555 circumdabit
2146 5510 2214 5556 te.

663 5577 811 5635 Tunc
864 5585 1137 5652 clamabis,
1181 5595 1238 5643 et
1288 5587 1429 5643 Deus
1474 5591 1728 5648 exaudiet
1785 5600 1839 5647 te
1879 5610 1893 5646 :
1930 5593 2103 5649 adhuc
2167 5600 2222 5647 te

665 5667 919 5741 loquente
951 5675 1113 5740 dicet,
1147 5676 1286 5734 Ecce
1320 5680 1528 5737 adsum.
1556 5700 1575 5734 ι

743 5807 786 5838 ⁸¹
816 5806 1010 5877 Matth.
1052 5826 1103 5878 ν,
1132 5812 1202 5867 23

2256 4541 2302 4595 D
2329 4500 2390 4552 τὸ
2422 4500 2593 4577 δῶρόν
2620 4517 2733 4554 σου.
2764 4521 2785 4554 ι

2405 4610 2423 4641 ι
2454 4591 2759 4661 Διάθρυπτε
2791 4592 3048 4646 πεινῶντι
3071 4593 3164 4647 τὸν
3191 4593 3355 4667 ἄρτον
3384 4612 3497 4660 σου,
3519 4594 3614 4648 καὶ

2330 4681 2589 4750 ἀστέγους
2627 4682 2815 4751 εἴσαγε
2835 4686 2915 4747 είς
2935 4684 3026 4737 τδν
3044 4679 3192 4739 οἶκόν
3221 4702 3336 4737 σου.
3372 4686 3495 4739 Ἐὰν
3523 4686 3639 4757 ἴδῃς
3670 4688 3894 4757 γυμνὸν,

2333 4772 2608 4841 περίϐαλε,
2642 4775 2736 4826 καὶ
2758 4774 2866 4827 ἀπὸ
2897 4775 3006 4828 τῶν
3044 4776 3260 4829 οίκείων
3296 4777 3391 4829 τοῦ
3440 4776 3754 4848 σπέρματός
3800 4793 3893 4830 σου

2331 4865 2425 4934 οὐχ
2448 4867 2727 4937 ὑπερόψει.
2767 4887 2787 4920 ι
2822 4868 2897 4920 Οὐ
2922 4867 3030 4938 γὰρ
3077 4868 3355 4921 λείπουσιν
3384 4870 3442 4921 ὲν
3489 4866 3799 4938 ἀνθρώποις
3841 4867 3891 4922 oi

2328 4959 2531 5029 τροφῆς
2554 4959 2750 5021 ἐνδεεῖς
2773 4976 2787 4989 ·
2823 4961 2916 5012 καὶ
2945 4958 3086 5012 οὕτω
3129 4960 3239 5031 γάρ
3280 4977 3362 5013 σοι
3403 4956 3626 5030 γένηται
3657 4961 3719 5013 οὐ
3755 4959 3892 5033 πρὸς

2328 5048 2548 5119 κέρδους
2593 5052 2626 5120 ή
2672 5050 2875 5114 ἀσιτία,
2906 5050 3018 5104 ἀλλ’
3074 5052 3244 5122 ἑτέρῳ
3283 5052 3469 5122 τρόπῳ
3496 5053 3749 5123 τραφήσῃ

2324 5138 2499 5210 ψυχὴν
2524 5140 2605 5211 τῷ
2630 5140 2823 5193 σαυτοῦ
2866 5142 3014 5213 ἄρτῳ
3035 5141 3126 5195 τὸν
3157 5141 3309 5212 ἐνδεῆ
3339 5142 3432 5194 καὶ
3455 5142 3663 5212 τροφῆς
3702 5141 3887 5213 δεόμε-

2327 5248 2414 5286 νον
2441 5233 2840 5301 ἀνακτώμενος.

2399 5341 2417 5372 ι
2451 5323 2584 5376 TMe
2616 5326 2910 5395 ῥαγήσεται
2928 5323 3176 5396 πρώῖμον
3205 5325 3267 5377 τδ
3287 5324 3403 5393 φῶς
3432 5341 3547 5387 σου,
3581 5322 3675 5376 καὶ
3697 5322 3770 5375 τὰ
3806 5323 3885 5378 lb-

2329 5418 2475 5487 ματά
2508 5434 2602 5469 σου
2628 5419 2763 5487 ταχὺ
2792 5418 3038 5471 ἀνατελεῖ
3060 5435 3075 5449 ·
3104 5418 3198 5472 καὶ
3234 5416 3669 5488 προπορεύσεται
3688 5418 3884 5489 ἔμπρο-

2328 5507 2453 5561 σθέν
2493 5525 2589 5561 σου
2643 5510 2677 5579 ἡ
2721 5510 3031 5582 δικαιοσύνη
3081 5528 3196 5575 σου,
3243 5511 3336 5563 καὶ
3384 5512 3418 5581 ἠ
3464 5509 3591 5575 δόξα
3617 5509 3713 5562 τοῦ
3745 5509 3877 5563 Osco

2327 5604 2634 5673 περιστελεῖ
2665 5619 2743 5655 σε.
2775 5604 2907 5656 Τότε
2941 5603 3133 5677 βοήσῃ,
3158 5604 3253 5657 καὶ
3286 5606 3316 5657 ὁ
3359 5603 3491 5666 Θεὸς
3509 5603 3877 5661 sicame

2329 5708 2443 5745 σου·
2472 5693 2551 5747 ἔτι
2579 5692 2862 5759 λαλοῦντός
2894 5712 2986 5749 σου
3018 5698 3161 5767 ἐρεῖ*
3210 5695 3338 5750 Ἰδοὺ
3360 5696 3613 5768 πάρειμι.
3646 5714 3667 5748 ι
