4124 6394
688 285 792 339 ικδ

1352 281 1612 338 EUSEBII
1648 277 2119 336 CESARIENSIS
2155 276 2301 332 OPP.
2344 276 2521 331 PARS
2561 277 2648 330 ΙῙΙ.
2688 307 2756 319 -
2793 275 3197 332 EXEGILTICA.

3776 279 3878 332 484

689 407 753 457 ad
783 405 885 458 alia
915 417 1098 471 opera,
1129 416 1302 473 neque
1330 402 1417 457 vel
1462 403 1780 455 verbotenus
1822 400 1953 453 labia
1998 400 2225 463 foedare;

2332 413 2461 456 τειν,
2495 396 2624 467 μηδὲ
2657 398 2812 467 μέχρι
2846 396 2934 449 τοῦ
2958 398 3209 466 τυχόντος
3234 395 3480 450 κινοῦντα
3508 396 3600 449 τὸν
3634 396 3767 449 πόδα
3795 398 3886 449 ἐπὶ

686 494 781 547 sed
811 493 906 547 soli
933 495 1230 546 divinarum
1261 507 1433 547 rerum
1460 493 1573 545 otio
1600 501 1706 543 tota
1734 490 1821 543 die
1848 504 2061 542 vacare.

2329 487 2589 557 πράξεσιν
2638 488 2871 558 ἑτέραις,
2926 487 3059 557 μηδὲ
3113 488 3273 557 μέχρι
3301 488 3458 554 λόγου
3494 487 3763 557 ⁴μολύνειν
3818 486 3888 538 τὰ

687 584 836 657 χείλη
858 604 871 616 ·
908 584 1043 659 μόνῃ
1068 583 1125 637 δὲ
1162 585 1226 653 τῇ
1252 582 1409 652 σχολῇ
1439 581 1547 633 τῶν
1570 582 1723 635 θείων
1746 580 1833 634 διὰ
1858 580 2035 648 πάσης
2065 578 2415 650 προσανέχειν
2439 578 2535 645 τῆς
2563 577 2789 647 ἡμέρας.

1254 712 1477 770 CAPUT
1505 712 1639 767 LIX.

755 812 919 866 Vsus.
956 813 1005 866 l.
1037 827 1056 860 ι
1093 809 1279 861 Annon
1308 814 1483 872 potest
1508 820 1698 859 manus
1725 803 1935 857 Domini
1964 803 2173 857 salvare
2208 803 2230 855 ἲ

688 902 769 953 An
800 906 1083 968 aggravata
1117 902 1199 948 est
1228 894 1373 946 auris
1404 892 1518 960 ejus
1541 932 1557 955 ,
1607 902 1665 945 ut
1700 906 1804 945 non
1836 892 2088 945 exaudiat
2120 893 2144 944 ?
2204 910 2222 943 ι

690 992 974 1058 Postquam
1005 988 1057 1041 in
1086 985 1507 1055 praecedentibus
1549 998 1667 1051 qua;-
1710 998 1738 1036 a
1784 982 2009 1037 Judaico
2037 980 2230 1051 populo

690 1081 891 1151 agenda
922 1086 1115 1141 erant,
1154 1074 1520 1144 praescripsit,
1556 1082 1713 1141 atque
1762 1074 1829 1127 iis
1880 1074 1970 1142 qui
2026 1072 2227 1141 agenda

685 1170 1012 1240 perfecerint
1040 1210 1055 1235 ,
1087 1177 1439 1237 congruentes
1468 1166 1878 1233 pollicitationes
1908 1164 2133 1227 obtulit,
2167 1177 2230 1216 ac

686 1264 958 1316 contraria
994 1259 1346 1327 deligentibus
1374 1256 1666 1325 promerita
1696 1254 1957 1323 supplicia
2007 1255 2229 1307 commi-

690 1364 847 1405 natus
875 1360 989 1415 est;
1018 1352 1128 1418 jam
1154 1350 1235 1403 bis
1270 1348 1445 1401 verbis
1474 1347 1617 1414 ipsos
1647 1347 1902 1413 coarguit,
1932 1355 2117 1414 utpote
2136 1348 2225 1414 qui

688 1440 862 1508 aliqua
900 1439 990 1491 Dei
1036 1437 1292 1490 voluntati
1327 1436 1596 1489 contraria
1641 1434 1935 1505 delegerint
1966 1453 1980 1487 :
2023 1450 2125 1502 qua
2158 1436 2224 1488 de

689 1546 849 1582 causa
895 1530 945 1581 in
992 1528 1323 1581 calamitates
1367 1524 1567 1591 delapsi
1618 1534 1759 1578 sunt.
1811 1526 1899 1578 Ait
1926 1540 2053 1593 ergo
2086 1524 2223 1579 illis:

688 1618 1034 1687 Nequaquam
1085 1616 1212 1669 mihi
1258 1616 1364 1669 Deo
1416 1615 1742 1680 impossibile
1786 1624 1895 1668 erat
1930 1630 2023 1668 vos
2066 1616 2226 1668 etiam

2830 706 3223 761 ΚΕΦΔΛΔΙΟΝ
3249 707 3373 764 ΝΘ’.

2405 816 2422 847 ι
2456 796 2546 866 Μὴ
2597 797 2696 849 οὐκ
2749 798 2984 867 ίσχύὲιή
3033 798 3151 867 χεὶρ
3204 796 3407 865 Κυρίου
3443 795 3536 848 τοῦ
3579 795 3783 856 uideat;
3820 792 3886 846 Ἦ

2330 886 2557 957 ὲὸάρυνε
2581 886 2642 938 τὸ
2665 881 2755 949 οὖς
2779 886 2940 939 αὑτοῦ
2966 886 3058 939 τοῦ
3084 888 3157 956 μὴ
3188 884 3534 949 είσακοῦσαι;
3578 904 3597 935 ι
3640 885 3727 947 Ὠς
3753 883 3888 953 πρὸς

2328 979 2421 1030 τὸν
2458 978 2564 1030 τῶν
2610 978 2871 1031 Ἰουδαίων
2916 978 3042 1030 λαὸν
3090 977 3519 1046 διαστειλάμενος
3560 979 3590 1029 ὁ
3637 975 3793 1043 λόγος
3832 976 3889 1025 ὲν

2330 1071 2441 1131 τοῖς
2473 1070 2576 1139 πρὸ
2598 1069 2782 1121 τούτου
2817 1068 2885 1121 τά
2926 1069 3192 1139 πρακτέα,
3222 1069 3315 1121 καὶ
3344 1071 3456 1130 τοῖς
3488 1068 3586 1136 μὲν
3636 1066 3707 1118 τά
3747 1083 3888 1137 πρα-

2334 1159 2464 1211 κτέα
2491 1158 2557 1209 δι’
2587 1158 2760 1229 ἔργων
2803 1159 3141 1212 ὲπιτελέσασι
3174 1157 3270 1220 τὰς
3302 1156 3612 1227 πρεπούσας
3651 1157 3888 1223 ἐπαγγε-

2331 1246 2450 1311 λίας
2481 1249 2764 1319 παραθεὶς,
2792 1250 2903 1311 τοῖς
2924 1248 2980 1300 δὲ
3001 1248 3254 1301 τάναντία
3276 1248 3546 1317 ἑλομένοις
3566 1246 3665 1309 τὰς
3693 1247 3893 1298 καταλο-

2333 1336 2523 1405 λήλους
2557 1337 2854 1406 ἀπειλήσας
2900 1335 3195 1406 τιμωρίας⁶
3231 1335 3319 1389 διὰ
3364 1334 3470 1386 τῶν
3514 1334 3890 1404 προκειμένων

2333 1427 2547 1495 ἔλεγχον
2573 1427 2753 1487 αὐτοῖς
2785 1426 3101 1495 προσφέρει,
3136 1423 3211 1487 ὥς
3230 1441 3347 1476 τινα
3380 1422 3595 1476 ἐναντία
3619 1421 3889 1490 ἑλομένοις

2332 1517 2398 1584 τῇ
2426 1514 2520 1565 τοῦ
2556 1513 2691 1566 Θεοῦ
2745 1514 2905 1583 βουλῇ
2928 1528 2939 1539 '
2978 1506 3039 1564 οὗ
3072 1512 3226 1582 χάριν
3252 1512 3345 1563 καὶ
3377 1513 3488 1573 τοῖς
3514 1512 3701 1571 κακοῖς
3739 1525 3891 1579 περι-

2334 1606 2674 1659 πεπτώκασι.
2702 1606 2867 1676 Φησὶν
2912 1598 3002 1656 οῦν
3040 1602 3175 1671 πρὸς
3207 1600 3425 1663 αὐτούς·
3463 1601 3573 1651 Οὐκ
3598 1595 3665 1669 ἦν
3695 1599 3890 1652 ἀδύνα-

687 1709 921 1776 perditos
951 1716 1253 1759 restaurare
1279 1746 1293 1768 ,
1319 1720 1495 1759 nenne
1526 1704 1734 1757 infirma
1763 1714 1846 1758 est
1879 1720 2067 1757 manus
2094 1718 2228 1763 mea,

2332 1716 2421 1749 τον
2450 1698 2571 1767 ὲμοὶ
2602 1697 2678 1767 τῷ
2720 1696 2856 1766 Θεῷ,
2888 1698 2981 1749 καὶ
3026 1692 3424 1762 ἀπολλυμένους
3462 1692 3605 1761 ὑμᾶς
3654 1691 3890 1759 ἀνακτή-

688 1809 744 1853 ut
776 1814 887 1860 νος,
917 1798 1158 1866 indignus
1188 1797 1329 1861 licet,
1364 1811 1577 1850 servare
1610 1810 1902 1865 nequeam;
1938 1796 2080 1847 auris
2108 1808 2230 1847 vero

690 1873 825 1949 mea,
852 1904 969 1957 quae
994 1888 1169 1940 omnia
1198 1886 1381 1949 audit,
1411 1902 1515 1939 non
1549 1886 1619 1939 ita
1662 1892 1950 1955 aggravata
1985 1893 2098 1937 erat
2122 1922 2136 1946 ,
2174 1893 2232 1937 ut

688 1990 792 2028 non
826 1990 1035 2043 possem
1068 1990 1158 2027 vos
1186 1973 1481 2026 clamantes
1506 1974 1782 2026 exaudire.

754 2170 916 2225 Vens.
950 2171 1004 2225 2.
1047 2190 1066 2222 ι
1114 2171 1217 2227 Sed
1253 2179 1472 2240 peccata
1511 2180 1684 2225 vestra
1717 2171 1993 2225 dissidium
2024 2171 2231 2225 faciunt

686 2260 823 2316 inter
850 2276 942 2315 vos
970 2270 1024 2315 et
1052 2262 1217 2315 Deum
1255 2279 1267 2313 :
1295 2272 1349 2313 et
1376 2270 1595 2329 propter
1626 2269 1845 2328 peccata
1881 2271 2057 2314 vestra
2078 2275 2231 2314 aver-

688 2352 750 2406 tit
783 2352 971 2404 fuciem
1007 2365 1037 2403 a
1068 2351 1219 2404 vobis
1245 2389 1261 2413 ,
1313 2359 1501 2403 utnon
1550 2351 1890 2404 misereatur.
1932 2369 1951 2401 ι
1986 2350 2226 2419 lmproba

688 2442 793 2492 vita
827 2448 999 2494 vestra
1038 2454 1141 2492 non
1188 2440 1317 2491 sinit
1343 2452 1435 2491 vos
1479 2438 1653 2490 divina
1703 2436 1803 2489 frui
1852 2440 2226 2505 providentia,

686 2530 809 2598 quia
845 2527 983 2582 Deus
1017 2536 1292 2596 peccatum
1318 2568 1333 2591 ,
1366 2536 1425 2578 ut
1472 2540 1581 2578 rem
1628 2526 1864 2593 putidam
1891 2567 1905 2584 .
1942 2536 2147 2593 turpem
2176 2538 2229 2582 et

688 2617 937 2669 infamem
970 2615 1325 2669 abominatur.
1362 2612 1565 2682 Populo
1595 2614 1771 2679 itaque
1820 2614 1989 2668 ruinae
2036 2629 2097 2669 ac
2139 2630 2226 2670 re-

687 2704 932 2758 motionis
959 2719 986 2755 a
1017 2703 1127 2757 Deo
1156 2701 1353 2755 nullam
1396 2702 1555 2754 aliam
1584 2700 1747 2755 fuisse
1787 2717 2000 2756 causam
2029 2705 2184 2760 docet
2210 2745 2225 2769 ,

683 2810 840 2863 quam
878 2803 1093 2864 peccata
1129 2806 1314 2847 eorum
1361 2809 1376 2845 :
1427 2790 1614 2845 horum
1662 2806 1789 2847 vero
1828 2791 2034 2863 Species
2074 2795 2226 2848 dein-

685 2902 809 2954 ceps
833 2891 1132 2941 enumerat.

756 3086 916 3139 Vsus.
952 3082 1005 3138 Ξ.
1046 3101 1065 3135 ι
1102 3081 1292 3137 Manus
1321 3080 1463 3134 enim
1498 3089 1686 3133 vestrm
1724 3077 1936 3147 pollutae
1964 3086 2090 3130 sunt
2110 3091 2229 3131 san-

679 3175 842 3245 guine
865 3212 881 3238 ,
908 3183 962 3225 et
991 3171 1139 3235 digiti
1178 3170 1340 3224 vestri
1371 3170 1421 3222 in
1462 3168 1693 3236 peccatis
1724 3185 1738 3221 :
1768 3165 1907 3219 labia
1934 3176 2111 3221 vestra
2148 3167 2228 3222 lo-

686 3272 808 3318 cuta
838 3271 961 3317 sunt
995 3261 1327 3329 iniquitatem
1352 3299 1369 3324 ,
1401 3268 1454 3312 et
1478 3258 1656 3328 lingua
1693 3267 1867 3312 vestra
1910 3256 2226 3324 injustitians

681 3354 991 3406 meditatur.
1051 3368 1071 3403 ι
1123 3349 1190 3403 Et
1220 3348 1519 3419 perpendas
1566 3346 1720 3400 velim
1766 3360 1858 3401 eos
1901 3346 1991 3401 hic
2023 3362 2128 3400 non
2164 3346 2228 3399 de

688 3440 985 3493 idololatria
1005 3478 1019 3502 ,
1052 3448 1143 3492 aut
1168 3438 1233 3493 de
1263 3438 1366 3491 alio
1394 3435 1637 3505 improbo
1676 3436 1913 3491 facinore
1944 3441 2188 3491 accusari
2209 3476 2225 3499 ,

674 3532 778 3586 sed
824 3533 888 3585 de
937 3531 1082 3585 cede
1115 3529 1270 3584 labiis
1308 3538 1613 3598 perpetrata
1639 3568 1653 3591 ,
1692 3538 1746 3582 et
1774 3528 1839 3583 de
1867 3529 1977 3583 oris
2004 3530 2084 3582 sui
2119 3530 2227 3583 ini-

686 3623 911 3690 quitate.
949 3618 1113 3685 Queis
1140 3618 1442 3672 subindicat
1468 3631 1650 3672 eorum
1678 3626 1861 3671 contra
1891 3616 2226 3671 Servatorem

676 3709 1146 3779 conspirationes,
1187 3716 1346 3777 atque
1370 3707 1592 3763 insidias
1618 3708 1684 3761 ab
1712 3708 1791 3761 eis
1815 3716 2004 3762 contra
2036 3707 2229 3775 probos

688 3804 832 3859 viros
857 3812 1107 3857 structas.
1133 3802 1355 3856 Etiamsi
1380 3815 1505 3857 vero
1524 3800 1858 3856 Servatorem
1881 3814 1984 3853 non
2016 3798 2229 3868 prepria

690 3909 847 3950 manu
870 3892 1211 3955 trucidarint;
1238 3908 1359 3947 eum
1386 3901 1559 3945 tamen
1590 3891 1900 3959 sanguinem
1932 3889 2046 3959 ejus
2071 3904 2231 3959 super

686 3998 747 4039 se
775 3992 824 4037 et
879 3996 1040 4050 super
1092 3981 1228 4036 filios
1254 3996 1379 4035 suos
1411 3983 1763 4050 expetierint,
1811 3996 1873 4035 ac
1918 3981 2096 4049 impiis
2148 3980 2227 4033 usi

685 4076 796 4127 siut
826 4071 1171 4138 clamoribus,
1200 4084 1390 4139 reapse
1415 4072 1753 4127 declararunt
1780 4087 1837 4126 se
1885 4086 2075 4125 manus
2102 4084 2229 4125 san-

688 4165 847 4231 guine
879 4164 1103 4217 fedatas
1132 4164 1330 4218 habere
1355 4204 1371 4227 ,
1398 4163 1537 4218 labia
1581 4177 1763 4217 eorum
1794 4163 2125 4231 iniquitatem
2154 4161 2231 4216 lo-

682 4263 810 4307 cuta
844 4267 1004 4315 esse,
1053 4262 1107 4308 et
1157 4253 1389 4325 linguam
1421 4268 1609 4308 eorum
1664 4254 1992 4320 impietatem
2043 4260 2227 4321 protu-

2332 1787 2548 1850 σασθαι,
2575 1786 2694 1839 οὑδὲ
2727 1786 2941 1838 ἀσθενεῖ
2963 1787 2996 1855 ἡ
3030 1784 3135 1853 έμὴ
3166 1785 3282 1853 χεὶρ
3330 1782 3424 1835 καὶ
3454 1778 3706 1843 ἀναξίους
3732 1780 3890 1842 ὄντας

2331 1880 2471 1947 ὑμᾶς
2511 1876 2800 1929 διασῶσαι·
2857 1877 2949 1929 καὶ
2979 1876 3038 1927 τὸ
3068 1872 3159 1937 οῦς
3203 1875 3258 1926 δὲ
3305 1872 3368 1924 τὸ
3396 1872 3526 1940 ἐμὸν
3569 1872 3629 1924 τὺ
3670 1871 3889 1924 πάντων

2330 1966 2647 2019 ἀκουστικὸν
2678 1967 2774 2035 οὐχ
2793 1964 2963 2028 οὕτως
2993 1961 3060 2035 ἦν
3083 1963 3404 2034 βαρυήκοον.
3430 1962 3505 2024 ὼς
3532 1962 3604 2032 μὴ
3630 1960 3887 2015 δύνασθαι

2332 2056 2482 2125 ὑμῶν
2514 2056 2831 2109 εἰσακοῦσαι
2863 2054 3129 2125 βοώντων.

2403 2186 2420 2217 ι
2453 2164 2608 2217 Ἀλλά
2632 2164 2699 2217 τά
2722 2165 3092 2235 ἁμαρτήματα
3120 2161 3272 2231 ὑμῶν
3299 2160 3571 2213 διιστῶσιν
3598 2158 3701 2212 ἀνά
3725 2160 3890 2229 μέσον

2330 2256 2479 2327 ὑμῶν
2504 2257 2597 2309 καὶ
2623 2256 2727 2309 ἀνὰ
2764 2256 2929 2325 μέσον
2956 2254 3049 2307 τοῦ
3079 2251 3233 2305 Θεοῦ·
3266 2253 3357 2305 καὶ
3386 2250 3473 2303 διά
3500 2251 3597 2313 τὰς
3618 2250 3891 2321 ἁμαρτίας

2329 2348 2478 2417 ὑμῶν
2503 2330 2805 2416 ἀπέστρεψε
2828 2345 2889 2398 τὸ
2918 2344 3203 2414 πρόσωπον
3226 2343 3319 2412 ἀφ’
3355 2341 3529 2413 ὑμῶν,
3562 2341 3654 2393 τοῦ
3680 2342 3755 2411 μὴ
3782 2340 3893 2393 ἑλε-

2327 2440 2475 2507 ῆσαι.
2536 2457 2554 2488 ι
2590 2438 2647 2489 '0
2687 2435 2998 2506 παράνομος
3048 2434 3199 2503 ὑμῶν
3240 2432 3352 2501 βίος
3391 2432 3490 2485 οὐκ
3527 2432 3591 2501 ὲᾷ
3611 2434 3710 2500 τῆς
3742 2430 3891 2493 Θείας

2328 2530 2469 2599 ὑμᾶς
2500 2529 2799 2583 ἀπολαῦσαι
2845 2526 3120 2597 προνοίας,
3146 2525 3234 2578 διά
3276 2524 3337 2577 τὸ
3382 2522 3760 2594 βδελύττεσθαι
3788 2523 3893 2576 ὦσ-

2327 2637 2432 2691 περ
2462 2620 2668 2692 δυσώδη
2710 2622 2804 2673 καὶ
2843 2616 3074 2689 αἰσχρὰν
3104 2617 3195 2670 καὶ
3228 2618 3417 2686 ἄτιμον
3456 2615 3555 2686 τὴν
3593 2614 3886 2684 ἀμαρτίαν.

2327 2710 2399 2764 Τὸ
2431 2711 2527 2780 μὲν
2558 2706 2650 2763 οῦν
2680 2711 2849 2762 αῐτιον
2878 2709 2975 2777 τῆς
3006 2705 3371 2768 ἀπο-πτώσεως
3389 2705 3480 2757 τοῦ
3504 2704 3634 2757 λαοῦ
3664 2705 3759 2757 καὶ
3791 2705 3888 2774 τῆς

2327 2800 2659 2871 πορρωτάτω
2689 2797 2782 2850 τοῦ
2817 2796 2950 2850 Θεοῦ
2981 2794 3247 2864 ἀποϐολῆς
3289 2793 3452 2847 αὑτοῦ
3502 2794 3653 2847 οὐδὲν
3699 2794 3887 2863 ἓτερον

2328 2888 2464 2944 εἶναι
2512 2888 2745 2952 ἐδίδαξεν
2784 2888 2816 2957 ἢ
2867 2886 2963 2949 τάς
2992 2884 3286 2956 ἁμαρτίας·
3321 2885 3381 2937 τὸ
3416 2884 3472 2936 δὲ
3500 2884 3704 2937 τούτων
3752 2879 3885 2946 εἶδος

2330 2978 2456 3048 ἑξῆς
2483 2977 2913 3047 καταριθμεῖται.

2409 3110 2425 3140 ι
2465 3093 2527 3143 Δί
2568 3088 2675 3160 γάρ
2712 3090 2889 3160 χεῖρες
2917 3084 3068 3157 ὑμῶν
3116 3084 3518 3156 μεμολυσμέναι
3549 3086 3763 3155 αἵματι,
3793 3103 3885 3138 και

2331 3187 2378 3236 οι
2404 3182 2653 3236 δάκτυλοι
2682 3180 2832 3250 ὑμῶν
2860 3182 2918 3232 ὲν
2943 3176 3233 3249 ἁμαρτίαις
3254 3192 3268 3205 ·
3307 3175 3374 3229 τά
3404 3175 3554 3246 χείλη
3585 3176 3741 3245 ὑμῶν
3768 3176 3890 3231 ἑλά-

2331 3275 2498 3344 λησαν
2529 3272 2775 3341 ἀνομίαν,
2802 3270 2895 3323 καὶ
2920 3270 2954 3339 ἡ
2975 3268 3192 3337 γλῶσσα
3220 3267 3372 3339 ὑμῶν
3395 3266 3606 3321 ἀδικίαν
3633 3267 3883 3339 μελετᾷ.»

2332 3365 2439 3417 Καὶ
2495 3362 2612 3429 θέα,
2641 3363 2717 3425 ὡς
2748 3362 2846 3414 οὐκ
2878 3360 3246 3430 ἐπιμέμφεται
3275 3358 3453 3421 αὐτοῖς
3482 3359 3540 3409 ὲν
3572 3359 3781 3421 τούτοις
3809 3362 3886 3412 εί-

2330 3452 2743 3523 δωλολατρείαν,
2772 3451 2877 3503 οὐδ’
2939 3450 3131 3518 ἑτέραν
3156 3448 3276 3503 τινά
3309 3449 3619 3519 παράνομον
3649 3451 3881 3519 πρᾶξιν·

2333 3542 2467 3595 ἀλλά
2495 3541 2592 3611 τὴν
2616 3541 2705 3594 διὰ
2736 3540 2957 3611 χειλέων
3004 3540 3330 3609 μιαιφονίαν,
3380 3540 3473 3592 καί
3504 3539 3600 3610 τὴν
3627 3539 3717 3593 διὰ
3765 3541 3888 3593 στό-

2336 3646 2499 3698 ματος
2532 3630 2892 3700 παρανομίαν.
2923 3628 2998 3679 Δι’
3026 3622 3100 3683 ὧν
3120 3628 3333 3699 ᾐνίξατο
3358 3629 3453 3699 τὴν
3484 3629 3624 3682 κατά
3654 3630 3746 3682 τοῦ
3775 3632 3888 3683 Σω-

2332 3720 2491 3789 τῆρος
2520 3719 2880 3772 ἐπανάστασιν
2902 3718 3096 3783 αὐτῶν,
3123 3720 3215 3771 καὶ
3239 3720 3335 3788 τὴν
3367 3719 3505 3771 κατά
3533 3719 3640 3771 τῶν
3664 3720 3888 3773 δικαίων

2331 3807 2536 3879 ἀνδρῶν
2560 3807 2871 3878 ὲπιὸουλήν.
2904 3808 2965 3861 El
2990 3808 3045 3859 δὲ
3072 3809 3163 3859 καὶ
3187 3808 3259 3878 μὴ
3287 3809 3599 3879 αὐτόχειρες
3631 3793 3885 3877 γεγόνασι

2332 3896 2425 3950 τοῦ
2453 3897 2721 3970 Σωτῆρος,
2755 3896 2887 3949 ἀλλά
2906 3896 2964 3949 τὸ
2989 3891 3122 3967 αἷμα
3154 3896 3311 3949 αὑτοῦ
3340 3898 3410 3950 ἐπ
3449 3899 3644 3961 αὐτοὺς
3678 3906 3765 3951 καὶ
3797 3900 3889 3953 ἐπὶ

2332 3988 2401 4042 τά
2424 3988 2587 4041 τέκνα
2637 3988 2813 4040 αὐτῶν
2855 3989 3223 4059 αἰτησάμενοι,
3251 3989 3343 4040 καὶ
3376 3989 3525 4057 βοαῖς
3548 3990 3729 4053 ἀθέοις
3756 4008 3891 4064 χρης-

2336 4078 2573 4148 σάμινοι,
2620 4077 2765 4149 ἔργῳ
2807 4080 3153 4149 παρέστησαν
3180 4079 3279 4141 τάς
3316 4083 3500 4150 χεῖρας
3535 4080 3676 4150 ἔχειν
3722 4098 3891 4152 μεμο-

2334 4169 2599 4239 λυσμένας
2622 4170 2831 4239 αἵματι.
2847 4170 2916 4223 τά
2933 4187 2991 4223 τε
3016 4171 3166 4240 χείλη
3188 4170 3365 4223 αὐτῶν
3386 4170 3735 4242 λελαληκέναι
3763 4174 3889 4226 ἀνο-

2338 4260 2484 4329 μίαν,
2516 4259 2610 4312 καὶ
2635 4259 2732 4330 τὴν
2775 4259 3022 4328 γλῶσσαν
3068 4260 3243 4314 αὐτῶν
3290 4261 3736 4332 μεμελετηκέναι.
3777 4264 3889 4329 Ἐξ-

690 4345 833 4398 lisse.
877 4342 1006 4397 Nam
1031 4358 1147 4397 sese
1173 4345 1501 4413 decipientes
1530 4344 1690 4397 alium
1722 4343 1994 4399 Christum
2033 4357 2227 4411 exspe-

2332 4348 2644 4413 απατῶντες
2676 4349 2784 4421 γὰρ
2812 4351 3035 4415 ἑαυτοὺς
3058 4351 3242 4421 ἕτερον
3274 4353 3609 4421 προσδοκῶσι
3635 4355 3887 4424 Χριστὸν,

690 4442 873 4495 olant,
911 4434 1139 4485 humana
1187 4436 1428 4501 quaedam
1462 4444 1515 4488 et
1550 4434 1789 4490 fabulosa
1839 4434 1906 4487 de
1958 4433 2073 4501 ipso
2104 4446 2229 4485 nar-

693 4536 891 4578 rantes.

765 4636 923 4688 Vsus.
950 4635 1003 4697 4,
1032 4635 1085 4687 5.
1122 4653 1139 4682 ι
1184 4634 1347 4688 Nemo
1380 4647 1611 4703 ιοηιιιιιιι·
1647 4638 1815 4706 iusta,
1848 4652 1947 4691 nec
1980 4648 2065 4693 est
2083 4638 2231 4709 judi-

691 4726 828 4777 cium
860 4741 1066 4778 wrum.
1114 4726 1397 4778 Confidunt
1451 4730 1609 4780 rebus
1651 4731 1825 4789 vanis.
1861 4740 1913 4781 et
1940 4729 2233 4797 loquuntur

688 4814 889 4871 inania.
919 4818 1039 4880 quia
1075 4816 1381 4883 concipiunt
1413 4815 1670 4881 dolorem,
1699 4830 1745 4872 et
1784 4822 2000 4887 pariunt
2033 4820 2232 4890 iniqui-

696 4915 875 4957 tatem.
908 4905 1013 4959 Ova
1057 4907 1294 4973 aspidum
1348 4908 1614 4975 fregerunt
1644 4946 1659 4971 ,
1707 4922 1759 4965 et
1808 4912 1966 4967 telam
2022 4929 2234 4968 aranea:

696 5004 877 5048 texunt
908 5013 922 5048 :
958 5005 1009 5048 et
1033 4998 1119 5063 qui
1153 5002 1263 5049 vult
1292 4997 1360 5051 de
1394 5000 1509 5053 ovis
1539 5014 1723 5053 eorum
1754 5004 2058 5063 comedere.
2087 5003 2235 5057 fran-

693 5101 821 5154 gens
849 5086 1055 5138 urinuin
1088 5086 1325 5153 invenit,
1355 5099 1407 5141 et
1438 5090 1490 5143 in
1527 5090 1642 5157 ipso
1675 5093 1931 5160 regulum.
1975 5112 1991 5144 ι
2027 5095 2233 5148 Adver-

693 5177 954 5227 sariarum
982 5186 1299 5244 potestatum
1326 5181 1527 5233 semina
1559 5181 1611 5233 in
1643 5196 1699 5233 se
1724 5182 2029 5249 parturiunt
2066 5200 2079 5235 :
2108 5198 2235 5251 qua-

695 5278 753 5315 re
788 5265 998 5317 malitia:
1024 5265 1441 5332 etimprobitatis
1471 5284 1579 5322 sua:
1605 5270 1725 5321 filiis
1752 5268 2083 5335 dieeliatur,«
2109 5274 2235 5323 Ser-

698 5362 914 5419 pantes,
961 5353 1222 5422 genimina
1273 5356 1594 5423 viperarum.
1654 5376 1670 5407 ι
1703 5358 2050 5425 Pr0portione
2106 5375 2233 5413 vero

696 5444 919 5505 quadam
954 5446 1015 5493 ad
1048 5444 1283 5496 divinum
1316 5460 1496 5498 semen
1548 5445 1724 5498 habita
1752 5485 1767 5507 ,
1802 5446 2231 5499 adv’ersariarnm

698 5540 1017 5595 potestatum
1044 5549 1221 5587 semen
1253 5574 1267 5597 ,
1296 5550 1393 5587 ova
1422 5537 1748 5604 appellavit,
1785 5537 1990 5602 reptilis
2018 5538 2231 5601 generis

697 5621 936 5687 exemplo
962 5624 1211 5677 insistens
1247 5643 1261 5677 :
1298 5642 1419 5678 nam
1467 5628 1679 5695 aspidcs
1702 5668 1716 5692 ,
1742 5640 2020 5696 serpentes
2048 5642 2099 5683 et
2124 5630 2225 5683 alia

2327 4438 2635 4508 ἀνθρώπινά
2665 4457 2785 4493 τινα
2806 4441 2935 4511 περὶ
2967 4440 3130 4493 αὑτοῦ
3157 4440 3593 4511 μυθολογοῦντες.

2401 4661 2419 4693 ι
2445 4641 2632 4706 Οὑθεὶς
2687 4642 2836 4695 λαλεῖ
2868 4642 3070 4700 δίκαια.
3104 4640 3223 4693 οὐδέ
3253 4642 3368 4694 ἐστι
3411 4642 3589 4711 κρίσις
3638 4640 3885 4711 ἀληθινή.

2327 4732 2647 4788 ῐΙεποίθασιν
2702 4734 2795 4786 ἐπὶ
2850 4732 3114 4803 ματαίοις,
3179 4732 3272 4784 καὶ
3324 4732 3539 4784 λαλοῦσι
3603 4732 3756 4790 κενά,
3808 4734 3891 4785 ὅτι

2339 4821 2523 4874 κύουσι
2565 4822 2743 4887 πόνον,
2792 4822 2885 4873 καὶ
2919 4821 3186 4873 τίκτουσιν
3230 4820 3475 4891 ἀνομίαν.
3515 4821 3607 4873 m
3650 4821 3890 4875 ἀσπίδιον

2340 4910 2588 4981 ἐρρηξαν,
2620 4911 2711 4963 καὶ
2730 4910 2872 4962 ίστὸν
2901 4912 3136 4981 ἀράχνης
3161 4911 3472 4979 ὑφαίνουσι·
3514 4912 3608 4964 καὶ
3636 4914 3663 4962 ὁ
3684 4912 3892 4981 μέλλων

2338 4999 2444 5051 τῶν
2472 4999 2593 5052 ὠῶν
2628 5000 2807 5052 αὐτῶν
2855 5004 3067 5068 φαγεῖν,
3086 5000 3378 5069 συντρίψας
3406 5002 3584 5070 οῦριον
3616 4995 3763 5070 εὗρε,
3798 5004 3894 5054 καὶ

2339 5090 2394 5139 ὲν
2418 5090 2563 5158 αὐτῷ
2596 5090 2921 5159 βασιλίσκον.
2972 5108 2989 5141 ι
3031 5090 3150 5143 Τῶν
3191 5092 3574 5161 ἀντικειμένων
3614 5093 3893 5161 δυνάμεων

2336 5181 2404 5233 τά
2441 5183 2725 5251 σπέρματα
2771 5184 2826 5233 ὲν
2857 5184 3037 5245 αὐτοῖς
3061 5186 3360 5255 κυήσαντες
3379 5202 3392 5213 ·
3417 5184 3495 5236 διὸ
3525 5189 3636 5247 τοῖς
3660 5186 3757 5255 τῆς
3788 5204 3889 5239 και

2340 5271 2461 5333 κίας
2506 5272 2597 5323 καὶ
2637 5273 2895 5341 πονηρίας
2943 5273 3115 5325 αὐτῶν
3149 5266 3283 5336 υἱοῖς
3330 5274 3577 5341 ἐλέγετο·
3620 5294 3639 5325 ι
3682 5280 3890 5346 Ὀφεις,

2338 5362 2643 5430 γεννήματα
2677 5364 2912 5432 ἐχιδνῶν.
2954 5382 2971 5413 ι
3006 5363 3301 5431 ’Δναλόγως
3331 5364 3385 5416 δὲ
3418 5364 3494 5433 τῷ
3522 5366 3794 5435 σπέρματι
3816 5367 3890 5432 τῷ

2340 5448 2465 5518 θείῳ
2495 5453 2582 5503 τὸν
2603 5453 2705 5503 τῶν
2725 5454 3105 5523 ἀντικειμένων
3126 5454 3403 5523 δυνάμεων
3426 5456 3623 5524 σπόρον
3650 5456 3730 5508 ὡά
3758 5458 3891 5508 ὠνό-

2343 5557 2476 5606 μασε
2516 5542 2603 5595 διὶ
2648 5544 2706 5594 τὸ
2755 5546 3098 5614 παράδειγμα
3143 5546 3233 5597 τοῦ
3287 5546 3612 5616 έρπυστικοῦ
3664 5548 3875 5616 γένους·

2334 5632 2553 5694 ἀσπίδες
2583 5636 2674 5685 καὶ
2696 5634 2867 5701 ὄφεις,
2896 5636 2985 5685 καὶ
3001 5636 3063 5687 τά
3084 5636 3303 5687 τοιαῦτα
3323 5634 3428 5687 τῶν
3444 5636 3691 5689 ᾠοτόκων
3708 5637 3867 5691 ἐστίν.
