4124 6440
265 377 373 430 £83

1189 363 1689 422 COMMENTARIA
1729 361 1800 418 IN
1839 361 2093 419 lSAIAM.
2137 393 2205 402 —-
2245 363 2395 420 CAP.
2438 364 2576 420 LIX.
3427 373 3530 425 48ίί

281 491 502 562 Ἐπειδὴ
535 490 675 562 μετά
700 487 968 556 τοσαύτην
1022 486 1226 538 κακίαν
1280 482 1705 551 ἐπαγγέλλονται
1756 482 1846 553 μὶκ

1962 479 2299 548 lmjusmodi,
2332 499 2431 534 ova
2466 483 2702 551 pariunt.
2737 480 3006 547 Quoniam
3047 492 3168 552 post
3199 492 3400 537 tantam
3436 501 3499 536 ex

268 581 365 643 τας
394 580 507 633 ἀπὸ
536 579 697 631 θείων
741 574 975 648 Γραφῶν
1007 572 1378 635 διδασκαλίας,
1423 573 1750 624 ἐκπίπτουσι
1797 587 1853 624 οε

269 676 347 736 εἰς
369 672 638 743 γραώδεις
673 667 894 739 μύθους,
920 666 1018 719 καὶ
1055 667 1135 729 εἰς
1167 665 1492 734 παραδόσεις
1531 661 1852 730 ἀνθρώπων,

268 764 419 816 οὐδὲν
480 761 631 830 ὑγιὲς
686 758 820 831 μηδὲ
870 757 1145 828 ὠφέλιμον
1203 753 1587 826 περιεχούσας⁸
1634 755 1856 817 εἰκότως

269 854 514 922 ἐπιλέγει
540 871 552 882 ·
591 870 609 902 t
657 849 768 903 Καὶ
801 849 945 902 ἰστὸν
983 848 1229 918 ἀράχνης
1259 845 1564 913 ὑφαίνουσι,
1620 865 1638 896 ι
1671 844 1729 896 τὸ
1767 861 1857 897 σα·

271 945 398 1014 Θρὸν
433 944 528 997 καὶ
554 942 748 1011 ἄτιμον
778 940 878 1008 τῆς
902 940 1161 1008 τοιαύτης
1193 935 1371 991 αὐτῶν
1402 937 1634 1007 σπουδῆς
1656 935 1733 1005 τῷ
1757 936 1856 1006 τῆς

269 1033 513 1104 ἀράχνης
544 1031 824 1100 ὑφάσματι
854 1028 1240 1100 παραϐάλλων.
1269 1027 1446 1079 Ποίων
1477 1027 1532 1080 δὲ
1562 1027 1686 1079 ὠῶν
1717 1044 1853 1096 μνη-

272 1124 511 1194 μονεύει,
537 1121 568 1190 ἥ
595 1122 721 1191 περὶ
745 1113 819 1172 ὧν
845 1119 1084 1191 εἴρηται·
1124 1138 1142 1169 ι
1180 1119 1259 1171 Τὰ
1291 1117 1373 1171 ὼά
1417 1119 1659 1172 ἀσπίδων
1692 1117 1855 1188 ἐρρη-

271 1213 399 1278 ξαν;
441 1231 458 1261 ι
495 1212 558 1262 Οἰ
595 1211 692 1280 μὲν
745 1207 837 1262 οὖν
881 1211 938 1262 ἐν
993 1207 1162 1277 κακίᾳ.
1202 1207 1418 1268 τέλειοι,
1467 1205 1854 1275 διαρρήξαντες

269 1303 473 1356 τούτων
499 1303 607 1355 τῶν
632 1303 773 1364 ὠῶν,
792 1301 862 1354 τά
888 1299 1352 1368 τελεσφορηθέντα
1381 1302 1459 1361 εἰς
1482 1299 1706 1360 ἑαυτοὺς
1756 1299 1854 1348 ὑπ-

273 1396 544 1460 εδέξαντο·
580 1398 627 1448 οἰ
667 1395 722 1447 δὲ
775 1394 1139 1463 άτελέστεροι,
1172 1394 1300 1461 πρὶν
1358 1390 1722 1461 διαρραγῆναι
1759 1389 1852 1440 καὶ

269 1486 732 1557 τελεσφορηθῆναι
766 1485 1103 1555 ἐμφαγόντες
1131 1484 1329 1544 αὐτῶν,
1383 1481 1732 1534 ἀπόλλυνται.
1765 1480 1854 1532 Διὸ

272 1581 410 1633 κατὰ
439 1581 565 1641 τοὺς
594 1578 812 1640 λοιποὺς
837 1576 1180 1647 ὲρμηνευτάς
1207 1576 1418 1645 εἴρηται
1442 1593 1452 1602 ·
1497 1594 1513 1624 ι
1560 1575 1615 1625 Ὀ
1661 1573 1853 1625 ἐσθίων

271 1673 335 1723 ἐκ
360 1671 469 1722 τῶν
490 1668 612 1722 ὠῶν
645 1669 825 1722 αὐτῶν
854 1668 1226 1720 ἀποθανεῖται.
1271 1686 1287 1716 ι
1319 1669 1379 1718 El
1413 1666 1467 1718 δέ
1499 1683 1581 1727 τις
1604 1663 1849 1734 εὑρεθείη

272 1760 490 1822 συνετὸς
546 1759 684 1828 ἀνὴρ
713 1761 740 1811 ὁ
777 1757 1086 1827 συπρίὸειν
1114 1756 1252 1808 αύτά
1287 1756 1580 1826 δυνάμενος
1625 1757 1852 1823 ἀνατρε-

270 1851 450 1920 πτικῷ
509 1852 603 1902 καὶ
653 1848 952 1918 ἐλεγκτικῴ
1006 1848 1170 1918 λόγῳ,
1217 1843 1367 1910 οὗτος
1410 1848 1556 1918 εὖροι
1592 1847 1656 1899 ἂν
1695 1847 1754 1898 τὸ
1794 1849 1849 1897 ὲν

267 1942 453 2003 αὐτοῖς
509 1942 790 2010 ἀνεμιαῖον
842 1942 934 1993 καὶ
966 1939 1171 2010 οῦριον,
1207 1941 1301 2004 καὶ
1337 1939 1567 2001 δυσῶδες
1602 1938 1692 1990 καὶ⁵
1720 1938 1848 2006 φθο-

272 2036 510 2105 ριμαῐον,
574 2034 667 2087 καὶ
720 2035 777 2086 ὲν
830 2032 1043 2095 τούτοις
1098 2033 1264 2085 πᾶσιν
1335 2030 1705 2100 ἰλυσπώμενον
1758 2030 1849 2082 καὶ

269 2123 730 2195 ὲγκρυπτόμενον,
758 2121 850 2174 τὸν
887 2122 1107 2175 πάντων
1155 2120 1399 2192 ἑρπετῶν
1441 2121 1534 2172 καὶ
1583 2117 1641 2182 ἐξ
1686 2117 1848 2171 αὑτοῦ

268 2214 360 2268 τοῦ
392 2213 701 2283 βλέμματος
735 2212 1115 2274 Θανατοποιὸν,
1161 2212 1252 2264 τὸν
1285 2211 1593 2280 βασιλίσκον
1617 2210 1778 2278 λέγω.

340 2322 358 2355 ε
399 2304 456 2357 '0
497 2303 640 2367 ἰστὸς
670 2303 848 2356 αὐτῶν
892 2305 992 2356 οὐκ
1023 2303 1179 2355 ἔσται
1222 2303 1301 2364 εἰς
1342 2302 1575 2372 ἱμάτιον,
1609 2299 1727 2352 οὐδὲ
1775 2301 1848 2370 μὴ

268 2395 667 2465 περιϐάλωνται
723 2395 832 2448 ἀπὸ
870 2395 979 2448 τῶν
1007 2395 1183 2465 ἔργων
1216 2393 1394 2446 αὐτῶν
1415 2411 1428 2423 '
1473 2393 1541 2445 τά
1574 2392 1708 2462 ἔργα
1755 2392 1851 2444 αύ-

268 2487 374 2537 τῶν
400 2483 539 2556 ἔργα
565 2484 826 2554 ἀνομίαςο
861 2485 910 2535 οἰ
940 2484 999 2535 δὲ
1040 2483 1196 2545 πόδες
1239 2482 1418 2534 αὐτῶν
1451 2480 1541 2532 ἐπὶ
1586 2478 1850 2549 πονηρίαν

275 2579 546 2650 τρέχουσι,
603 2577 808 2648 ταχινοὶ
852 2577 1040 2646 ικχέαι
1087 2571 1249 2645 αἷμα,
1293 2575 1384 2626 καὶ
1411 2573 1460 2625 οἰ
1511 2569 1850 2639 διαλογισμοὶ

270 2651 468 2733 αὐτῶν,
501 2668 841 2738 διαλογισμοὶ
873 2667 984 2721 ἀπὸ
1035 2667 1232 2735 φόνων.
1267 2664 1587 2734 Σύντριμμα
1626 2660 1720 2713 καὶ
1752 2677 1848 2712 τα-

271 2759 544 2831 λαιπωρία
570 2761 628 2812 ὲν
655 2762 773 2822 ταῖς
800 2759 938 2823 ὁδοῖς
972 2757 1176 2821 αὐτῶν,
1210 2757 1304 2808 καὶ
1348 2756 1464 2808 ὁδὸν
1504 2756 1722 2824 είρήνης
1751 2753 1850 2805 οὐκ

267 2848 495 2903 οὶῖασιν.
538 2866 558 2900 ι
595 2849 670 2904 Οὐ
699 2848 808 2921 γὰρ
836 2847 1198 2920 παρεδέξαντο
1219 2847 1310 2900 τὸν
1344 2847 1440 2916 τῆς
1466 2847 1683 2915 εἰρήνης
1713 2844 1850 2915 πρύ-

267 2955 442 3004 τανιν,
475 2941 605 3011 περὶ
639 2935 699 2993 οὖ
734 2941 983 3012 εἴρηται·
1017 2957 1036 2988 r
1067 2937 1238 3002 Αὐτὸς
1264 2937 1372 3007 γάρ
1419 2938 1565 2988 ἐστιν
1593 2937 1625 3004 ἠ
1658 2935 1847 3005 εἰρήνη

269 3031 459 3102 ἡμῶν·
510 3049 529 3082 ι
561 3030 643 3084 διὸ
689 3032 804 3094 τοῖς
846 3029 1011 3084 αὐτοῦ
1056 3021 1326 3100 μαθηταῖς
1370 3026 1573 3096 ταύτην
1599 3025 1851 3096 προξενεῖ

268 3121 472 3190 λέγων’
495 3139 514 3171 ι
539 3121 774 3193 Εἰρήνην
789 3119 888 3192 τὴν
916 3119 1053 3192 ἐμὴν
1084 3119 1276 3190 δίδωμι
1314 3119 1463 3190 ὑμῖν,
1488 3117 1711 3188 εἰρήνην
1749 3117 1848 3188 τὴν

268 3212 404 3283 ιμὴν
441 3211 641 3282 ἀφίημι
668 3212 816 3282 ὑμῖν.
841 3231 861 3264 ι
889 3241 956 3253 -—
976 3230 994 3263 ι
1020 3213 1127 3265 Καὶ
1153 3212 1253 3264 οὐκ
1285 3211 1401 3264 ἐστι
1437 3211 1617 3282 κρίσις
1645 3211 1704 3264 ὲν
1732 3212 1850 3274 ταῖς

267 3303 407 3366 ὁδοῖς
433 3304 631 3356 αὐτῶν.
658 3303 722 3356 Αἰ
749 3302 858 3374 γὰρ
889 3303 1064 3373 τρίϐοι
1097 3302 1277 3356 αὐτῶν
1302 3303 1752 3374 διεστραμμέναι,
1782 3301 1850 3365 ἃς

267 3392 588 3446 διοδεύουσν
621 3392 716 3446 καὶ
753 3393 851 3445 οὐκ
892 3392 1094 3446 οῐδασιν
1143 3393 1388 3464 εἰρήνην,
1423 3411 1441 3444 ι
1478 3392 1851 3463 Ψηλαφῶντες

269 3483 376 3554 γὰρ
403 3483 500 3547 τάς
527 3482 677 3546 θείας
705 3482 949 3554 Γραφάς,
1000 3486 1062 3537 οὐ
1109 3485 1321 3538 συνίασι
1348 3486 1438 3537 τὸν
1484 3488 1542 3538 ὲν
1571 3485 1722 3554 βάθει
1743 3487 1850 3536 τῶν

268 3553 466 3638 λέξεων
495 3553 987 3644 ἀποκεκρυμμένον
1021 3571 1146 3626 νοῦν
1171 3591 1185 3603 ·
1215 3573 1344 3644 περὶ
1371 3573 1428 3625 δὲ
1454 3572 1518 3643 δὴ
1536 3626 1539 3633 ,
1557 3553 1725 3644 μόνην
1752 3575 1849 3644 τὴν

268 3661 411 3728 λέξιν
437 3663 854 3734 ἀσχολούμενοι,
880 3662 1072 3735 ῶσπερ
1093 3665 1216 3719 τινὰ
1239 3668 1415 3737 τοῖχον
1435 3666 1644 3720 ἐοίκασι
1671 3665 1836 3736 ψηλα-

269 3755 397 3824 «sv.

394 3844 494 3898 Διά
521 3846 676 3900 τοῦτο
698 3847 905 3920 ἀπέστη
929 3849 962 3919 ἠ
1003 3847 1184 3919 κρίσις
1213 3847 1307 3900 ἀπ’
1335 3848 1531 3914 αὐτῶν,
1563 3852 1657 3902 καὶ
1683 3851 1743 3902 οὐ
1774 3851 1847 3923 μὴ

268 3936 550 4010 καταλάϐῃ
590 3938 786 4002 αὐτοὺς
837 3939 1150 4008 δικαιοσύνη
1173 3956 1184 3967 ·
1223 3939 1631 4003 ὑπομεινάντων
1672 3939 1847 3992 αὐτῶν

268 4026 407 4094 φῶς,
443 4028 660 4095 ἐγένετο
699 4029 881 4093 αὐτοῖς
930 4029 1154 4093 σκότος·
1207 4031 1490 4101 μείναντες
1535 4031 1735 4102 αὐγὴν,
1787 4035 1846 4085 ὲν

265 4116 443 4188 ἀωρίᾳ
465 4121 896 4190 περιεπάτησαν.
942 4121 1366 4192 Ψηλαφήσουσιν
1395 4123 1470 4186 ὡς
1515 4123 1708 4192 τυφλοὶ
1734 4127 1845 4176 τοῖ-

266 4224 379 4278 χον,
415 4210 509 4262 καὶ
535 4211 611 4272 ὠς
636 4212 732 4280 οὐχ
765 4213 1113 4283 ὑπαρχόντων
1130 4213 1423 4283 ὀφθαλμῶν
1442 4214 1841 4284 ψηλαφήσουσι.

267 4299 376 4353 Καὶ
411 4301 700 4354 πεσοῦνται
731 4304 788 4355 ὲν
835 4304 1150 4376 μεσημϐρίᾳ
1177 4305 1251 4368 ὼς
1292 4307 1348 4359 ἐν
1381 4307 1734 4376 μεσονυκτίῳ,
1768 4307 1843 4369 ὡς

1959 572 2184 625 hibitam
2214 573 2615 640 improbitatem
2645 611 2660 637 ,
2690 572 3000 626 divinarum
3037 573 3257 641 quidem
3290 572 3537 642 Scriptu-

1958 678 2138 716 rarum
2163 664 2464 719 doctrinam
2494 665 2820 734 proﬁtentur
2841 706 2858 732 ,
2906 665 2962 720 in
3005 667 3178 721 aniles
3207 682 3335 725 vero
3379 667 3533 722 fabu-

1957 755 2036 810 las
2064 765 2120 810 et
2151 757 2202 810 in
2239 758 2554 811 traditiones
2589 757 2872 812 hominum
2921 757 3270 822 delabuntur,
3301 775 3420 829 qua:
3451 761 3533 815 ui-

1955 848 2029 900 liil
2069 863 2294 913 sanum,
2327 849 2457 902 utile
2491 848 2625 902 nihil
2679 849 2921 915 habent;
2952 851 3148 905 merito
3179 850 3342 906 infert
3365 894 3381 919 ,
3415 870 3434 904 ι
3469 849 3536 906 Ει

1958 937 2118 990 telam
2149 954 2366 993 aranea:
2413 949 2620 1006 texunt,
2665 959 2684 992 ι
2719 941 2970 1010 putidum
3003 940 3134 995 illud
3159 957 3349 998 eorum
3382 944 3528 998 inde-

1954 1043 2249 1097 eorumque
2309 1031 2544 1084 studium
2580 1029 2700 1084 telae
2729 1044 2945 1086 araneae
2971 1045 3320 1101 comparans.
3343 1032 3534 1100 Qualia

1957 1135 2116 1188 porro
2137 1135 2235 1173 ova
2263 1130 2544 1184 memorat,
2581 1121 2684 1175 nisi
2715 1137 2778 1176 ea
2805 1122 2870 1175 de
2902 1124 3098 1192 quibus
3128 1125 3360 1180 dicitur:
3385 1145 3402 1176 ι
3423 1125 3534 1181 Ova

1956 1210 2202 1278 aspidum
2234 1212 2581 1279 eruperunt?
2628 1231 2647 1265 ι
2691 1213 2789 1278 Qui
2823 1214 2987 1283 igitur
3011 1216 3061 1268 in
3093 1215 3314 1269 malitia:
3345 1233 3535 1270 cumu-

1957 1302 2062 1354 lum
2097 1302 2446 1363 devenerunt,
2487 1305 2567 1356 liis
2598 1303 2828 1370 diruptis
2865 1306 3003 1368 ovis,
3044 1305 3209 1359 fetum
3239 1307 3289 1359 in
3325 1322 3384 1360 se
3413 1321 3534 1359 sus-

1955 1402 2253 1458 ceperunt:
2291 1394 2650 1460 simpliciores
2694 1410 2820 1448 vero
2867 1405 3158 1464 antequam
3224 1399 3537 1464 dirumpari-

1958 1494 2044 1533 tur
2074 1492 2128 1534 et
2161 1481 2325 1534 fetum
2353 1482 2539 1546 edant.
2577 1483 2690 1551 ipsa
2721 1487 3092 1549 comedentes,
3126 1485 3538 1554 pereuut.Qua-

1957 1582 2176 1642 propter
2205 1574 2499 1626 secundum
2534 1575 2774 1643 reliquos
2805 1576 3134 1644 interpretes
3166 1577 3370 1631 dielqu
3403 1589 3485 1632 est
3512 1596 3525 1630 :

1961 1684 1977 1716 ι
2015 1664 2114 1730 Qui
2147 1665 2441 1718 comederit
2470 1681 2537 1720 ex
2572 1667 2691 1721 ovis
2721 1682 2911 1721 eorum
2937 1707 2953 1728 ,
2994 1671 3278 1724 morietur.
3320 1689 3337 1722 ι
3381 1668 3540 1737 Quod

1957 1758 1999 1810 si
2034 1758 2154 1825 quis
2193 1758 2497 1826 reperiatur
2535 1757 2618 1811 vir
2655 1759 2890 1826 prudens
2917 1799 2931 1822 ,
2970 1761 3059 1828 qui
3091 1760 3263 1828 possit
3291 1760 3383 1814 illa
3410 1769 3542 1813 tior-

1962 1849 2124 1902 tando
2155 1860 2209 1902 et
2244 1851 2522 1916 arguendo
2567 1858 2855 1903 conterere
2879 1889 2894 1913 ,
2935 1849 2978 1902 is
3032 1851 3272 1906 inveniet
3305 1852 3358 1902 in
3397 1847 3503 1903 illis
3533 1890 3549 1914 ,

1960 1941 2106 1995 venti
2143 1950 2196 1995 et
2229 1941 2341 1994 lotii
2373 1941 2595 1994 odorem
2632 1942 2876 2010 putidum
2905 1951 3069 2009 atque
3107 1953 3470 2010 corruptum.
3503 1954 3564 1999 et

1960 2035 2012 2087 in
2047 2035 2130 2087 liis
2172 2034 2423 2087 omnibus
2472 2031 2616 2087 [uade
2662 2033 2960 2087 volutatum
2987 2045 3040 2086 et
3070 2033 3254 2088 latens
3306 2039 3565 2095 omnium

1961 2122 2232 2191 reptilium
2266 2121 2631 2184 teterrimum,
2674 2120 2760 2193 vel
2791 2120 2906 2175 visu
2934 2119 3050 2174 solo
3081 2120 3438 2182 lethiferum.
3474 2141 3566 2180 re-

1959 2216 2139 2285 gulum
2171 2213 2314 2268 dico.

2033 2305 2195 2358 Vnus.
2221 2303 2255 2358 6
2281 2335 2299 2344 -
2335 2304 2387 2358 8.
2427 2321 2447 2355 ι
2485 2303 2611 2357 Tela
2645 2317 2835 2357 eorum
2867 2318 2972 2357 non
3022 2305 3130 2357 erit
3173 2306 3228 2360 in
3259 2309 3566 2369 vestimea-

1957 2406 2095 2459 tum,
2138 2410 2313 2465 neque
2341 2396 2658 2464 operientur
2682 2395 2939 2464 Operibus
2966 2396 3086 2450 suis
3123 2412 3136 2450 :
3166 2413 3337 2470 opera
3369 2418 3565 2466 eorum

1957 2501 2120 2556 opera
2153 2487 2457 2557 iniquitatis
2495 2504 2507 2538 :
2544 2487 2708 2554 pedes
2742 2496 2924 2540 autem
2951 2501 3149 2541 eorum
3180 2493 3250 2544 ad
3289 2496 3560 2556 malitiam

1958 2586 2204 2640 currunt,
2231 2577 2447 2631 veloces
2473 2577 2540 2630 ad
2573 2576 2960 2630 eﬂ'undendum
3000 2579 3349 2646 sanguinem,
3376 2596 3431 2637 et
3457 2603 3556 2642 co-

1957 2669 2247 2738 gitationes
2279 2682 2489 2732 eorum,
2522 2667 2883 2736 cogitationes
2913 2681 2943 2718 a
2973 2668 3234 2722 caedibus.
3269 2668 3548 2726 Contritin

1958 2767 2010 2811 et
2039 2758 2253 2811 miseria
2277 2758 2328 2811 in
2362 2757 2464 2811 viis
2492 2771 2701 2821 eorum,
2737 2765 2791 2810 et
2832 2757 2974 2810 viam
3003 2757 3158 2823 pacis
3185 2773 3292 2810 nou
3325 2775 3538 2828 cogno-

1958 2858 2168 2904 verunt.
2209 2867 2230 2901 ι
2261 2847 2443 2918 Neque
2469 2847 2613 2902 enim
2645 2848 2797 2915 pacis
2825 2847 3126 2915 principem
3171 2862 3495 2916 receperunt
3521 2892 3537 2915 ,

1957 2941 2023 2993 de
2046 2955 2151 3008 qun
2183 2940 2384 2993 dictum
2419 2948 2536 2992 est:
2563 2955 2581 2987 ι
2625 2936 2744 3005 Ipse
2765 2939 2908 2990 enim
2941 2949 3024 2990 est
3053 2952 3155 3001 pax
3182 2950 3368 2991 nostra
3391 2941 3469 2992 ¹³;
3512 2961 3531 2991 ι

1958 3041 2284 3099 quapropter
2333 3044 2453 3084 eam
2510 3027 2792 3096 discipulis
2837 3036 3096 3097 procurat
3142 3029 3257 3083 suis
3306 3030 3532 3089 dicens.

1962 3143 1980 3175 ε
2018 3123 2211 3178 Pacem
2268 3137 2443 3177 meam
2477 3123 2544 3175 do
2575 3122 2730 3176 vobis
2753 3160 2770 3185 ,
2809 3134 2996 3189 pacem
3053 3137 3228 3177 meam
3284 3123 3533 3192 relinquo

1954 3211 2183 3267 vobis“.
2200 3230 2321 3263 i—i
2353 3209 2419 3264 Et
2437 3225 2540 3264 non
2557 3209 2912 3279 estjudicium
2939 3209 2990 3262 in
3015 3209 3534 3263 viiseornm.Semi-

1955 3313 2022 3355 UB
2047 3302 2190 3356 enim
2215 3314 2399 3354 eorum
2431 3312 2718 3369 perversa},
2734 3310 2871 3367 quas
2899 3309 3309 3368 pertranseunt,
3339 3312 3394 3354 et
3423 3317 3531 3355 ncn

1954 3401 2219 3445 noverunt
2247 3405 2457 3459 pacem.
2501 3408 2520 3440 ι
2555 3388 2688 3444 Nam
2714 3404 2837 3443 cum
2861 3389 3075 3444 divinas
3103 3389 3418 3458 Scripturas
3449 3403 3532 3443 at-

1953 3484 2198 3552 tingunt,
2227 3482 2278 3534 in
2309 3474 2679 3551 prefunditate
2711 3480 3001 3534 verborum
3027 3484 3286 3535 latentem
3313 3493 3530 3536 senten-

1952 3574 2080 3627 tiam
2119 3587 2222 3627 non
2250 3572 2562 3642 intelligunt
2596 3588 2609 3623 :
2643 3572 2739 3626 sed
2772 3571 2864 3625 uni
2899 3571 3124 3625 dictioni
3151 3584 3430 3640 vacantes,
3457 3576 3533 3628 vi-

1951 3667 2143 3720 dentur
2165 3663 2320 3734 quasi
2354 3679 2565 3717 murum
2601 3671 2968 3718 contrectare.

2022 3844 2186 3900 Vsus.
2227 3844 2284 3908 9,
2330 3844 2418 3900 10.
2461 3863 2479 3896 ι
2534 3843 2826 3917 Pr0pterca
2865 3846 3094 3900 recessit
3137 3846 3404 3916 judicium
3458 3849 3533 3900 ab

1949 3938 2058 4001 eis,
2090 3953 2187 3992 nec
2237 3937 2605 4006 appreltendet
2653 3950 2749 3991 eos
2790 3935 3036 4007 justitia;
3069 3951 3192 3991 cum
3231 3949 3519 4008 exspecta-

1948 4041 2068 4084 rent
2103 4029 2295 4093 lucem,
2332 4028 2488 4083 iacta:
2517 4029 2744 4083 sunteis
2781 4029 3016 4082 tenebrte
3043 4045 3058 4095 ;
3089 4043 3210 4082 cuin
3239 4041 3523 4098 exspecta-

1947 4129 2067 4176 rent
2093 4121 2374 4189 fulgorem.
2403 4119 2456 4174 in
2484 4120 2718 4190 caligine
2744 4118 3179 4174 ambulaverunt.
3221 4118 3524 4190 Palpabuut

1949 4223 2197 4280 tanquam
2225 4211 2352 4265 circi
2380 4226 2590 4264 murum
2609 4228 2624 4263 :
2643 4220 2698 4264 et
2724 4210 2876 4279 quasi
2906 4211 3095 4264 oculos
3130 4225 3235 4265 non
3265 4211 3526 4278 habeam,

1944 4306 2328 4360 attrectabunt.
2364 4303 2429 4358 Et
2452 4304 2651 4358 cadent
2687 4304 2739 4358 in
2782 4303 3010 4358 meridie
3040 4313 3293 4371 tauquam
3328 4305 3379 4356 in
3411 4319 3518 4356 me-

265 4389 701 4462 ἀποθνήσκοντες
757 4394 1089 4460 στενάξουσι.
1132 4415 1150 4447 ι
1201 4396 1359 4450 Κατά
1412 4397 1466 4448 δὲ
1515 4397 1607 4449 τὸν
1653 4396 1843 4468 καιρὸν

1952 4398 2029 4450 dia
2059 4408 2238 4462 nocte,
2267 4397 2418 4462 quasi
2453 4396 2747 4451 morientes
2775 4395 3150 4464 ingemiscent.
3198 4414 3217 4447 ι
3255 4394 3524 4462 Tempori-

263 4477 358 4531 τςῦ
391 4479 498 4533 τῶν
527 4480 694 4533 ἐθνῶν
737 4483 1110 4555 μσημῦρινοῦ
1141 4478 1338 4551 φωτὸς,
1384 4491 1505 4551 ταῖς
1553 4490 1840 4560 σωτηρίοις

1952 4491 2256 4543 meridianae
2283 4490 2520 4558 gentium
2549 4489 2686 4542 lucis
2708 4527 2724 4550 ,
2750 4487 3080 4542 salutaribus
3109 4500 3162 4541 et
3184 4487 3518 4555 evangelich

265 4568 356 4622 ui.
404 4570 781 4638 εὺαΠελικαῖς
827 4575 1021 4642 αὐγαῖς
1054 4577 1152 4645 τῆς
1192 4577 1513 4647 Ἐκκλησίας
1556 4579 1650 4632 τοῦ
1702 4580 1836 4632 Θεοῦ

265 4658 782 4732 καταλαμπομένης,
817 4664 965 4734 μόνοι
1001 4665 1175 4728 αὐτοὶ,
1206 4666 1280 4728 ὡς
1304 4667 1370 4720 ἂν
1398 4667 1467 4720 τά
1502 4669 1636 4738 πρὸς
1677 4662 1839 4722 θάνα-

1948 4580 2109 4632 radiis
2141 4578 2405 4632 illustrata
2446 4578 2688 4633 Ecclesia
2720 4577 2816 4631 Dei
2843 4616 2859 4641 ,
2898 4576 2996 4645 ipsi
3025 4577 3128 4630 soli
3157 4616 3173 4641 ,
3205 4586 3392 4644 utpote
3420 4581 3514 4645 qui

1941 4667 2005 4720 ad
2035 4678 2262 4721 mortem
2298 4667 2646 4736 peccaverint
2670 4704 2687 4732 ,
2737 4664 2946 4734 delapsi
2977 4675 3143 4727 sunt,
3186 4676 3240 4720 et
3266 4665 3417 4734 quasi
3463 4666 3516 4716 in

263 4767 355 4804 τον
385 4753 785 4823 ἡμαρτηκότες,
836 4755 1177 4818 πεπτώκασι,
1237 4759 1330 4810 καὶ
1373 4758 1560 4829 ῶσπερ
1588 4762 1645 4812 ἐν
1673 4777 1837 4831 μεσος

1952 4759 2115 4813 media
2152 4768 2309 4814 nocte
2334 4771 2520 4829 agunt.

266 4843 470 4910 νυκτίῳ
489 4841 782 4908 διάγουσιν.

2014 4939 2174 4994 Vens.
2207 4939 2294 5000 Η,
2327 4939 2415 4992 12.
2452 4958 2472 4990 ε
2501 4939 2780 5007 Tanquam
2816 4945 3113 4998 ursus.aut
3143 4946 3395 5004 tanquam
3419 4949 3514 4989 co-

1937 5035 2116 5088 lumba
2151 5033 2311 5097 simul
2351 5032 2623 5086 incedent.
2666 5029 3114 5098 Exspectavimus
3146 5027 3511 5097 judicimn.et

1937 5142 2040 5179 non
2081 5135 2164 5181 est
2189 5125 2333 5178 salus
2368 5142 2382 5176 :
2419 5125 2578 5194 longe
2613 5123 2837 5176 recessit
2865 5137 2894 5173 a
2933 5120 3119 5191 nobis.
3157 5119 3320 5173 Multa
3361 5118 3509 5173 enim

1937 5219 2192 5286 iniquitas
2225 5225 2406 5270 nostra
2451 5215 2503 5268 in
2551 5223 2840 5280 conspectu
2894 5220 2986 5263 tuo
3011 5250 3026 5274 ,
3063 5220 3116 5263 et
3147 5221 3366 5279 peccata
3408 5224 3508 5261 no-

1934 5321 2043 5360 stra
2083 5306 2408 5361 obstiterunt
2455 5303 2632 5357 nobis.
2678 5301 2995 5369 luiquitatcs
3028 5301 3175 5354 enim
3221 5309 3424 5353 nostra:
3453 5297 3504 5349 iu

1937 5397 2093 5450 nobis
2143 5404 2315 5459 sunt,
2354 5403 2410 5447 et
2462 5391 2755 5460 iujustitias
2801 5401 3015 5445 nostras
3059 5390 3435 5460 cognovimus.
3478 5408 3502 5439 ι

1934 5483 2064 5536 Nam
2105 5483 2338 5553 gemitus
2402 5483 2640 5552 ipsorum
2671 5520 2687 5547 ,
2747 5481 3011 5560 siquidem
3053 5482 3262 5533 ratione
3312 5491 3405 5530 eor
3423 5492 3499 5530 1m

1931 5589 2050 5643 qua:
2083 5583 2270 5630 contra
2305 5574 2643 5630 Salvatorem
2675 5573 2792 5628 ausi
2833 5580 2979 5636 sunt,
3020 5571 3203 5626 emissi
3249 5570 3497 5635 fuissent,

340 4951 359 4984 t
412 4932 498 4996 Ὠς
533 4934 730 5002 ἄρκτος
773 4935 804 5004 ἢ
851 4935 926 4998 ῶς
963 4937 1260 5010 περιστερά
1304 4939 1419 5008 ἅμα
1459 4939 1828 5010 πορεύσονται.

274 5022 664 5094 ’Δνεμείναμεν
690 5025 890 5096 κρίσιν,
918 5029 1010 5080 καὶ
1038 5028 1138 5080 οὐκ
1171 5028 1282 5082 ἔστι
1309 5030 1550 5100 σωτηρία
1568 5047 1581 5059 ⁸
1620 5032 1834 5103 μακρὰν

265 5116 574 5186 ἀφέστηκεν
633 5117 724 5184 ἀφ’
775 5117 951 5186 ἡμῶν.
1006 5119 1183 5190 Πολλὴ
1235 5121 1344 5191 γὰρ
1373 5121 1528 5192 ἡμῶν
1565 5123 1597 5191 ἡ
1638 5124 1839 5193 ἀνομία.

265 5208 506 5259 ἐναντίον
553 5223 665 5269 σου,
723 5208 818 5262 καὶ
872 5210 927 5260 αἱ
981 5209 1244 5279 ἁμαρτίαι
1293 5210 1449 5280 ἡμῶν
1501 5211 1834 5282 ἀντέστησαν

265 5299 424 5367 ἡμῖν·
456 5297 512 5373 αἱ
542 5296 650 5368 γὰρ
679 5298 896 5368 ἀνομίαι
930 5299 1086 5368 ⁴ἡμῶν
1109 5301 1164 5350 ὲν
1203 5301 1353 5370 ἡμῖν,
1391 5301 1484 5354 καὶ
1531 5301 1599 5354 τὰ
1643 5302 1832 5374 ἀδική-

269 5404 411 5457 ματα
444 5387 600 5455 ήμῶν
627 5388 888 5458 ἔγνωμεν.
929 5409 947 5440 ι
978 5392 1041 5442 Οἰ
1067 5390 1173 5460 γὰρ
1220 5392 1511 5461 στεναγμοὶ
1551 5393 1747 5456 αὐτῶν,
1784 5396 1832 5445 εἰ

269 5479 363 5546 μὲν
393 5476 537 5530 κατὰ
560 5477 716 5544 λόγον
746 5480 982 5548 ἐγίνοντο
1004 5481 1143 5548 ὑπὲρ
1179 5472 1252 5531 ὧν
1287 5481 1647 5551 τετολμήκασι
1693 5483 1831 5535 κατὰ

271 5568 354 5620 τοῦ
386 5569 657 5638 Σωτῆρος,
685 5571 977 5639 ὲπωφελείς
1005 5570 1248 5637 ἐγένοντο
1278 5572 1360 5625 ἀν.
1407 5573 1526 5641 Χρὴ
1579 5574 1684 5643 γὰρ
1731 5574 1827 5625 αὑ-

331 5768 377 5800 ¹⁸
417 5769 615 5837 Eplies.
652 5787 708 5834 Il,
747 5771 827 5824 Η.
907 5773 950 5803 ’⁸
977 5772 1108 5825 Juan
1163 5775 1382 5839 “$327.
