4124 6478
194 482 295 540 689

1157 463 1664 524 (ΞΟΗἊΕΝΤΔΒΙΑ
1704 463 1770 518 IN
1810 463 2064 520 ISAIAM.
2106 495 2173 505 —
2212 464 2364 521 CAP.
2407 463 2518 520 LX.

3333 459 3438 519 690

192 603 270 663 είς
293 597 388 652 τθν
418 596 675 669 mm
717 592 890 646 ταῦτα
923 589 1118 654 πάντα,
1162 585 1301 640 κατά
1343 586 1410 640 τά
1433 585 1684 658 ῥήματα,
1725 582 1760 637 ἀ

1877 598 1928 638 3a
1964 585 2017 638 in
2042 582 2344 654 Evangeliis
2385 583 2578 638 tradita
2633 582 2704 638 ab
2745 581 2866 650 ipso
2890 579 3170 635 Salvatore
3202 577 3438 644 dicente,

192 685 431 753 ἐδίδαξεν
459 686 618 749 αὐτὸς
659 687 688 738 6
718 681 911 754 Σωτὴρ
954 682 1012 733 tv
1033 676 1383 746 Εὑαγγελίοις
1426 675 1595 729 εἰπών
1615 692 1628 705 ·
1665 692 1686 726 ι
1707 675 1766 726 '0

191 778 420 849 οὐρανὸς
466 778 561 831 καὶ
592 777 626 846 ἡ
667 773 738 846 γῆ
771 771 1180 844 παρελεύσεται,
1221 769 1268 821 οί
1296 766 1353 820 δδ
1385 765 1532 834 λόγοι
1573 781 1674 835 μου
1702 764 1764 817 ού

196 869 270 942 μὴ
291 866 652 940 παρέλθωσιν.
684 882 704 916 ι

724 989 1119 1058 ΚΕΦΔΛΔῘΟΝ
1153 988 1226 1043 ευ.

267 1107 286 1142 ι
305 1083 568 1151 οωτίζου,
596 1082 852 1154 φωτίζον,
888 1077 1267 1152 Ἰερουσαλήμ·
1306 1079 1431 1149 ῆκει
1452 1077 1560 1148 γάρ
1583 1093 1676 1129 σου
1705 1075 1766 1128 τδ

197 1179 330 1250 φῶς,
356 1177 454 1232 καὶ
477 1179 511 1247 ἠ
533 1175 657 1241 δόξα
687 1174 892 1248 Κυρίου
920 1173 1013 1226 ἐπὶ
1040 1171 1100 1226 σὶ
1144 1169 1524 1225 ἀνατέταλκεν.
1549 1187 1570 1220 ε
1615 1167 1766 1220 Ἐπεὶ

195 1271 369 1324 τοίνυν
400 1270 431 1322 6
459 1267 690 1340 Χριστὸς
720 1265 884 1328 αὐτὸς
906 1259 973 1334 ῆν
1004 1263 1066 1316 τὺ
1095 1261 1211 1331 φῶς
1234 1261 1329 1314 καὶ
1361 1262 1395 1331 η
1419 1258 1646 1329 ἀλήθεια
1676 1257 1768 1311 καὶ

197 1361 392 1433 ὴ.ζωὴ,
421 1360 514 1415 καὶ
539 1358 653 1429 φῶς
670 1359 778 1422 τοῖς
808 1357 888 1419 είς
905 1354 996 1408 τὸν
1022 1353 1221 1422 κόσμον
1242 1368 1256 1382 ο
1287 1350 1508 1412 είκότως
1522 1349 1622 1418 τῆς
1648 1346 1768 1401 τού-

197 1469 289 1505 του
343 1449 640 1523 παρουσίας
694 1447 988 1501 ἀπολαύειν
1041 1447 1074 1498 6
1105 1445 1260 1514 λόγος
1302 1445 1370 1514 τῇ
1417 1440 1768 1512 Ἰερουσαλὴμ

201 1541 536 1616 προσεφώνει
587 1540 797 1610 λέγων·
851 1556 870 1590 ι
898 1536 1156 1602 Φωτίξου,
1203 1533 1457 1604 φωτίζον,
1493 1532 1761 1602 Ἰερουσα-

197 1634 340 1707 λήμ·
371 1635 496 1704 ἥκει
524 1630 632 1702 1&9
653 1646 745 1684 σου
769 1630 831 1683 τδ
865 1628 997 1699 φῶς.
1027 1646 1046 1680 s
1104 1626 1287 1696 Δύτῆς
1313 1624 1370 1678 δὲ
1393 1621 1531 1678 εἶναι
1565 1623 1762 1694 φάσκει

196 1727 259 1780 τὸ
276 1726 415 1796 φῶς,
439 1724 527 1779 διὰ
543 1724 605 1777 τὸ
625 1724 760 1794 αὐτῇ
783 1722 882 1785 τάς
907 1720 1033 1792 περὶ
1055 1718 1147 1772 τοῦ
1177 1717 1413 1791 Χριστοῦ
1439 1717 1767 1787 επαγγελίας

198 1815 304 1868 ύπὺ
330 1813 439 1867 τῶν
469 1811 758 1884 προφητῶν
780 1809 1131 1882 κεκηρῦχθαι.
1167 1809 1230 1862 El
1253 1808 1352 1879 μὲν
1372 1805 1466 1863 οὖν
1487 1807 1768 1862 πεισθεῖσα

1871 693 1889 728 ι
1911 673 2118 730 Colum
2159 683 2214 730 et
2252 683 2395 730 terra
2428 673 2751 737 transibunt,
2787 669 2949 728 verba
2979 680 3160 726 autem
3185 683 3302 724 mea
3329 683 3439 725 non

1875 767 2178 822 transibunt
2203 765 2267 821 “.
2291 785 2310 819 ι

2460 982 2686 1042 CAPUT
2729 980 2840 1038 LX.

1935 1079 2098 1135 Vsus.
2118 1081 2168 1134 Ι.
2204 1097 2223 1131 ε
2244 1077 2573 1146 “luminare,
2595 1076 2922 1140 illuminare,
2942 1072 3264 1138 Jerusalem,
3293 1073 3444 1129 venit

1865 1175 2007 1228 enim
2053 1173 2228 1227 lumen
2277 1183 2445 1236 tuum,
2475 1180 2529 1226 et
2567 1169 2739 1239 gloria
2772 1165 2988 1221 Domini
3031 1179 3194 1235 super
3241 1174 3294 1220 te
3323 1172 3443 1220 orta

1865 1275 1971 1320 est.
1999 1283 2020 1316 ι
2059 1263 2322 1332 Quoniam
2349 1277 2480 1334 ergo
2507 1263 2620 1333 ipse
2650 1261 2904 1317 Christus
2934 1266 3053 1314 erat
3095 1258 3184 1312 lux
3207 1268 3264 1312 et
3302 1253 3448 1312 veri-

1869 1367 1949 1414 tas
1975 1367 2031 1413 et
2062 1358 2192 1422 vita,
2243 1355 2330 1410 lux
2358 1355 2566 1411 scilicet
2601 1355 2671 1409 iis
2689 1353 2782 1424 qui
2819 1353 2871 1407 in
2905 1351 3105 1406 mundo
3137 1359 3281 1410 sunt,
3324 1347 3446 1417 ejus

1865 1448 2147 1520 praesentia
2178 1446 2458 1501 fruiturum
2485 1445 2784 1502 Jerusalem
2820 1444 3016 1500 merito
3045 1441 3448 1513 praenuntiabat

1870 1542 1953 1596 his
1983 1540 2180 1605 verbis,
2213 1557 2233 1591 ι
2263 1537 2569 1593 illuminare
2589 1577 2605 1603 ,
2641 1537 2968 1601 illuminare,
2994 1533 3320 1599 Jerusalem,
3349 1548 3444 1589 ve-

1865 1634 1946 1686 nit
1975 1631 2124 1687 enim
2155 1631 2246 1686 lux
2271 1642 2381 1685 tua.
2421 1648 2440 1682 ι
2475 1628 2602 1701 Ejus
2632 1641 2813 1686 autem
2839 1644 2960 1685 esse
2985 1627 3158 1684 lucem
3193 1627 3290 1692 ait,
3315 1627 3445 1697 quia

1873 1725 1975 1794 ipsi
2019 1723 2225 1777 venturi
2249 1721 2450 1778 Christi
2480 1721 2902 1792 pollicitationes
2938 1736 2968 1776 a
3003 1721 3282 1791 prophetis
3310 1735 3446 1791 pra-

1868 1815 2059 1868 dicata:
2082 1820 2225 1867 sunt.
2254 1810 2310 1866 Si
2341 1811 2502 1882 igitur
2532 1821 2800 1880 praecepto
2833 1812 3124 1882 morigera,
3155 1809 3292 1864 lucis
3315 1823 3445 1864 con-

197 1906 275 1979 τῷ
304 1905 739 1977 παραγγέλματι,
781 1902 875 1958 τοῦ
916 1901 1092 1971 φωτὸς
1141 1901 1470 1972 μετειλήφει,
1505 1901 1596 1954 τὸν
1632 1901 1767 1970 Χρι-

1877 1919 1987 1960 sors
2018 1903 2223 1970 fuisset,
2259 1901 2530 1958 Christum
2556 1901 2651 1958 Dei
2680 1903 3045 1972 suscipiendo,
3081 1916 3254 1973 usque
3294 1902 3347 1956 iu
3377 1901 3444 1955 fi-

199 1997 323 2053 στδν
343 1995 438 2050 τοῦ
471 1994 603 2049 Θεοῦ
636 1991 1073 2066 παραδεξαμένη,
1107 1991 1372 2062 διέμεινεν
1398 1992 1464 2045 ἀν
1489 1993 1547 2044 ὲν
1577 1992 1769 2063 είρήνῃ

199 2090 364 2164 μεχρι
394 2089 597 2152 τέλους.
649 2087 724 2140 τὸ
754 2085 863 2156 1&9
904 2083 1072 2139 πάλαι
1112 2099 1194 2137 σοι
1226 2083 1314 2138 διὰ
1333 2083 1452 2137 τῶν
1475 2083 1770 2154 προφητῶν

195 2178 634 2252 κατηγγελμένον
655 2175 772 2246 φῶς
802 2175 912 2230 ίδοὺ
944 2174 1040 2229 νῦν
1072 2173 1314 2247 ὲλήλυθε.
1349 2174 1441 2227 Διὸ
1476 2173 1550 2246 μὴ
1589 2173 1770 2244 μιλλε,

195 2265 433 2342 φωτίζου
461 2270 540 2337 δὲ,
571 2268 826 2338 φωτίζου,
863 2267 958 2322 καὶ¹
987 2267 1088 2337 τῆς
1107 2267 1329 2338 χάριτος
1359 2265 1768 2337 μταλάμδανε’

197 2361 312 2416 εστι
352 2361 463 2432 γάρ
487 2376 568 2413 σοι
598 2356 928 2428 φωτισθείση
958 2355 1083 2410 τάδε
1116 2357 1210 2411 καὶ
1235 2355 1381 2410 τάδε.

274 2471 293 2504 ι
328 2451 458 2506 Ἰδοὺ
491 2450 678 2513 σκότος
721 2447 950 2517 καλύψει
1003 2447 1107 2518 γῆν
1140 2448 1234 2501 καὶ
1268 2448 1461 2516 γνόφος
1507 2449 1593 2501 ἐπ’
1621 2446 1769 2518 ἔθνη.

208 2543 333 2597 Ἐπὶ
363 2541 421 2596 δὲ
455 2541 515 2595 σε
546 2541 842 2613 φανήσεται
879 2538 1102 2610 Κύριος,
1136 2538 1232 2592 καὶ
1267 2541 1301 2610 η
1332 2539 1457 2606 δόξα
1489 2538 1652 2592 αὐτοῦ
1682 2539 1775 2591 ἐπὶ

199 2633 260 2686 es
287 2631 602 2702 ὀφθήσεται.
634 2650 653 2685 s
696 2633 784 2697 Ὠς
818 2631 961 2686 κατὰ
981 2631 1081 2701 τὴν
1111 2629 1333 2702 πρώτην
1362 2630 1656 2702 παρουσίαν
1680 2631 1774 2685 τοῦ

198 2723 451 2795 Σωτῆρος
482 2721 638 2795 ἡμῶν
665 2722 923 2777 δύνασθαι
955 2720 1129 2776 ταῦτα
1156 2720 1493 2795 πληροῦσθαι
1522 2740 1536 2752 ·
1571 2723 1632 2775 οὐ
1669 2724 1775 2794 μὴν

197 2813 336 2868 ἀλλὰ
385 2815 478 2869 καὶ
511 2813 651 2869 κατά
680 2815 781 2887 τὴν
807 2813 1063 2883 δευτέραν
1104 2813 1200 2868 καὶ
1224 2812 1431 2880 ἔνδοξον
1456 2815 1618 2868 αὑτοῦ
1655 2813 1775 2868 θεο-

197 2906 424 2980 φάνειαν
449 2905 634 2970 τέλους
657 2904 796 2959 αύτά
822 2904 1127 2969 τεύξεσθαι.

272 2996 424 3052 ιΚαὶ
458 2996 811 3070 πορεύσονται
850 2995 1088 3066 βασιλεῖς
1129 2989 1187 3048 ἔν
1227 2995 1305 3067 τῷ
1346 2997 1484 3066 φωτί
1530 3013 1644 3060 σου,
1685 2997 1778 3051 καὶ

200 3089 327 3160 εον-η
348 3091 415 3159 τῇ
445 3087 785 3160 λαμπρότητι
820 3103 936 3142 σου.
962 3106 979 3135 ι
1017 3087 1093 3140 Οὐ
1114 3085 1224 3157 1&9
1245 3087 1335 3141 ἐπὶ
1361 3087 1565 3150 πάντας
1594 3089 1779 3142 ἀνατε-

198 3179 330 3244 λεῖς,
367 3179 482 3232 ἀλλ’
519 3178 612 3232 ἐπὶ
646 3179 837 3250 μόνους
863 3179 990 3242 τοὺς
1028 3177 1233 3242 ἀξίους.
1261 3178 1400 3242 Τοὺς
1429 3177 1538 3251 1&9
1565 3178 1639 3249 μὴ
1669 3195 1780 3232 τοι-

1872 2016 1993 2055 nem
2015 2000 2201 2067 utique
2223 1999 2276 2052 iu
2299 2011 2429 2069 pace
2455 1996 2763 2052 mansisset.
2786 1994 2996 2050 Etenim
3019 2009 3144 2050 ecce
3160 1993 3278 2062 jam
3298 1993 3450 2048 venit

1871 2090 1962 2147 lux
2010 2090 2121 2155 illa,
2147 2089 2278 2145 olim
2317 2088 2412 2144 tibi
2453 2103 2551 2159 per
2581 2087 2875 2159 prophetas
2899 2086 3233 2141 annuntiat-4.
3269 2082 3449 2151 Quare

1870 2198 1938 2238 ne
1966 2181 2257 2246 cuncteris,
2301 2181 2399 2238 sed
2441 2179 2767 2247 illuminare,
2798 2178 3142 2245 illuminare,
3173 2185 3228 2232 et
3257 2175 3450 2247 gratia

1873 2277 2142 2346 particeps
2164 2283 2317 2341 esto;
2343 2273 2436 2330 tibi
2467 2273 2613 2329 enim
2649 2272 2967 2329 illuminata:
3000 2271 3116 2327 hac
3142 2279 3198 2327 et
3233 2268 3324 2324 illa
3351 2267 3448 2324 ad-

1871 2374 2053 2419 erunt.

1943 2454 2110 2509 Vna.
2140 2453 2198 2508 Ξ.
2234 2472 2252 2506 ι
2285 2453 2424 2510 Ecce
2459 2454 2694 2509 teneam
2736 2435 2985 2522 operient
3015 2461 3239 2517 terram,
3268 2457 3323 2505 et
3357 2463 3450 2505 ca-

1873 2547 1984 2616 ligo
2019 2561 2181 2616 super
2213 2554 2424 2617 gentes.
2458 2543 2634 2615 Super
2657 2553 2711 2599 te
2744 2552 2922 2597 autem
2952 2543 3234 2611 apparcoit
3264 2538 3449 2594 Bomi-

1875 2649 1997 2700 nus,
2031 2643 2088 2689 et
2132 2635 2300 2705 gloria
2331 2633 2449 2699 eius
2488 2634 2539 2688 in
2573 2643 2626 2687 te
2672 2632 2961 2687 videbitur.
2997 2648 3017 2683 ι
3055 2631 3188 2698 Quae
3229 2643 3364 2684 sane
3394 2628 3448 2681 in

1874 2727 2050 2798 primo
2080 2725 2374 2781 Salvatoris
2390 2725 2620 2780 adventu
2645 2723 2904 2779 accidisse
2925 2731 3179 2792 possunt;
3199 2735 3264 2774 ac
3284 2719 3450 2775 etiam

1876 2820 1929 2873 in
1961 2818 2198 2874 secunda
2236 2827 2292 2872 et
2323 2817 2555 2888 gloriosa
2591 2816 2879 2885 divinaque
2905 2814 3022 2885 ejus
3061 2813 3347 2883 praesentia
3387 2809 3453 2864 fi-

1876 2925 2001 2963 nem
2035 2907 2294 2977 consequi
2326 2905 2600 2962 valebunt.

1946 2998 2113 3054 Vsus.
2145 2999 2196 3053 5.
2223 3016 2242 3050 ι
2263 2998 2328 3053 Et
2350 2995 2700 3053 ambulabunt
2735 3010 2888 3066 rcges
2917 2995 2971 3048 in
2996 2993 3203 3048 lumine
3242 3000 3356 3053 tuo,
3396 3001 3454 3045 et

1877 3099 2064 3159 gentes
2079 3091 2129 3143 in
2143 3087 2432 3157 splendore
2445 3096 2555 3142 tuo.
2571 3085 2712 3140 sNon
2729 3085 2980 3140 omnibus
2993 3086 3160 3145 enim.
3172 3082 3265 3138 sed
3276 3082 3454 3152 dignis

1878 3189 2084 3233 tantum
2133 3177 2346 3233 orieris.
2383 3174 2636 3246 lndignos
2665 3176 2864 3248 quippe
2899 3178 3133 3232 tenebrat
3155 3174 3454 3230 exteriores

201 3269 393 3348 ούτους
419 3268 736 3340 διαλήψεται
761 3268 821 3322 τὸ
855 3267 1115 3339 ἰξὼτερον
1149 3269 1337 3333 σκότος
1364 3269 1459 3322 καὶ
1497 3269 1559 3322 τὸ
1586 3270 1696 3341 πῦρ
1717 3270 1775 3324 τὸ

1880 3283 1934 3328 et
1959 3272 2098 3342 ignis
2125 3281 2363 3326 aeternus
2411 3268 2702 3338 excipient,
2736 3283 2946 3324 necnon
2975 3269 3081 3322 alia
3117 3268 3297 3322 omnia
3335 3281 3454 3336 qua

201 3361 439 3426 αἰώνιον,
467 3361 561 3415 καὶ
579 3362 678 3415 ὅσα
700 3359 832 3415 ἄλλα
855 3363 965 3423 τοῖς
996 3360 1244 3414 ἀσεϐέσιν
1275 3361 1581 3433 ὴπείληται.
1609 3365 1696 3417 Δεῖ
1719 3363 1778 3416 δὲ

201 3452 468 3525 πρότερον
505 3451 680 3521 φωτὸς
718 3452 812 3504 καὶ
860 3451 1122 3522 ἀνατολῆς
1150 3455 1262 3516 τοῖς
1305 3453 1586 3523 μέλλουσιν
1613 3455 1777 3508 αὐτοῦ

202 3543 428 3613 δψεσθαι
460 3544 557 3616 τὴν
585 3543 739 3610 δόξαν
759 3560 772 3574 ·
807 3544 977 3608 ὅπως,
1005 3544 1062 3596 ὲν
1084 3543 1267 3615 ἡμέρᾳ
1292 3545 1471 3599 θεϊκοῦ
1498 3547 1673 3616 φωτὸς
1695 3564 1780 3616 γε·

203 3636 440 3707 νόμενοι,
496 3634 690 3707 θεωροὶ
714 3635 812 3706 τῆς
853 3632 1008 3705 δόξης
1029 3633 1124 3688 τοῦ
1160 3635 1480 3706 μονογενοῦς
1521 3636 1650 3690 ὶιοῦ
1683 3637 1777 3692 τοῦ

199 3726 339 3780 θεοῦ
373 3725 737 3780 καταστῶσιν.

280 3811 481 3887 «Ἆρον
503 3815 686 3888 κύκλῳ
713 3818 838 3881 τοὺς
864 3817 1175 3888 ὀφθαλμούς
1205 3834 1321 3882 σου,
1352 3819 1446 3872 καὶ
1478 3817 1555 3872 ῐδε
1584 3837 1780 3893 συνηγ-

209 3907 345 3978 μένα
370 3907 440 3960 τά
464 3907 626 3960 τέκνα
656 3923 768 3962 σου.
800 3927 820 3960 ι
856 3908 946 3961 Διὸ
973 3908 1172 3974 πάντες
1208 3910 1257 3962 οί
1286 3908 1345 3974 ἐξ
1376 3908 1544 3963 ἐθνῶν
1575 3913 1654 3974 είς
1685 3912 1779 3965 τὸν

204 3996 339 4052 Θεὸν
366 3996 456 4051 διὰ
497 3996 586 4050 τοῦ
618 3997 858 4068 Χριστοῦ
896 3995 1322 4063 πεπιστευκότες
1359 3999 1684 4069 ἐπαγγελίαν
1705 4004 1781 4056 εί-

205 4087 441 4157 λήφασιν
487 4087 859 4144 ἀναπαύεσθαι
893 4092 972 4154 είς
1009 4090 1242 4155 κόλπους
1285 4091 1533 4163 ’Δὸραάμ
1581 4094 1677 4146 καὶ
1710 4095 1778 4146 Ἰ-

208 4176 352 4230 σαάκ
377 4177 473 4231 καὶ
510 4177 720 4244 Ἰακὼδ,
753 4178 908 4233 τοῦτο
933 4179 1028 4234 τοῦ
1062 4180 1311 4252 Σωτῆρος
1343 4180 1508 4233 αὐτοῦ
1541 4181 1781 4246 διδάξαν-

206 4284 317 4332 τος.
347 4268 459 4322 Καὶ
479 4269 538 4322 ὲν
558 4267 764 4340 ἑτέροις
790 4268 847 4322 δὲ
877 4269 1115 4324 πλείοσιν
1141 4273 1175 4341 ἡ
1202 4270 1260 4337 ἐξ
1282 4269 1450 4324 ἐθνῶν
1487 4271 1781 4343 Ἐκκλησία

209 4357 452 4431 θυγάτηρ
500 4360 859 4431 ἀνηγόρευται
898 4361 1034 4415 Σιὼν
1080 4363 1173 4416 καὶ
1220 4361 1463 4435 θυγάτηρ
1514 4363 1782 4435 Ἰερουσα-

207 4447 337 4522 λήμ.
362 4451 599 4505 ιἭκασι
628 4451 828 4515 πάντες
847 4453 897 4505 οἱ
927 4453 1031 4506 υίοί
1057 4470 1151 4506 σου
1183 4453 1474 4526 μακρόθεν,
1491 4454 1657 4508 καλαί
1684 4454 1779 4507 θυ-

209 4540 438 4613 γατέρες
460 4557 552 4594 σου
581 4542 669 4594 ἐπ’
703 4540 868 4612 ὤμων
894 4543 1239 4614 ἀρθήσονται.
1267 4563 1285 4596 ι
1310 4540 1490 4616 Ἦμεν
1516 4545 1622 4617 γὰρ
1649 4546 1782 4618 πόρ-

1879 3363 2060 3432 ἱηιρίίε
2093 3361 2449 3416 comminatus
2473 3359 2732 3416 Dominus
2763 3368 2866 3414 est.
2911 3358 3044 3414 Nam
3087 3360 3182 3429 qui
3227 3359 3454 3428 gloriam

1877 3454 1995 3524 ejus
2025 3454 2190 3509 visuri
2220 3462 2368 3519 sunt,
2403 3453 2522 3508 luce
2544 3452 2778 3522 primum
2805 3460 2862 3506 et
2884 3459 3005 3505 ortu
3033 3449 3150 3520 ejns
3187 3466 3326 3521 Opus
3355 3451 3459 3506 ha-

1877 3547 2039 3614 bent,
2067 3554 2125 3600 ut
2173 3545 2226 3600 in
2259 3544 2348 3600 die
2397 3543 2592 3598 divina:
2633 3541 2792 3610 lucis,
2819 3542 3003 3616 gloriae
3033 3544 3299 3615 unigeniti
3333 3542 3458 3600 Filii

1877 3639 1972 3696 Dei
1997 3637 2362 3710 speculatores
2391 3649 2512 3692 esse
2544 3634 2779 3690 valeant.

1950 3819 2114 3876 Vsus.
2145 3819 2201 3874 ι.
2239 3835 2260 3871 ι
2309 3817 2459 3874 ιεινα
2490 3817 2543 3871 in
2579 3815 2813 3872 circuitu
2839 3815 3028 3871 oculos
3054 3824 3196 3879 tuos,
3230 3823 3286 3869 et
3334 3814 3460 3870 vide

1879 3922 2235 3984 congregatos
2273 3911 2412 3967 ﬁlios
2451 3919 2591 3965 tuos.
2631 3927 2650 3961 ι
2693 3907 3056 3976 Quamobrem
3091 3917 3360 3977 quotquot
3388 3922 3458 3964 ex

1879 4005 2128 4077 gentibus
2152 4002 2354 4060 Christi
2374 4015 2538 4074 opera
2566 4002 2620 4056 in
2646 3999 2814 4054 Deum
2836 3999 3202 4064 crediderunt,
3225 4000 3459 4068 promis-

1879 4098 2087 4151 sionem
2139 4109 2417 4166 accepere,
2456 4093 2600 4164 quod
2634 4093 2687 4148 in
2734 4093 2854 4150 sinu
2900 4092 3155 4158 Abrahae,
3189 4091 3356 4146 lsaaci
3400 4103 3458 4148 et

1877 4186 2063 4243 Jacobi
2085 4188 2326 4256 requiem
2368 4185 2607 4241 habituri
2641 4184 2752 4240 sint
2781 4199 2796 4237 :
2821 4184 2876 4238 id
2896 4184 3015 4254 ipso
3039 4183 3330 4239 Servatore
3359 4182 3459 4238 do-

1881 4290 2056 4334 cente.
2085 4279 2218 4334 Aliis
2247 4280 2377 4333 item
2426 4278 2479 4332 in
2509 4276 2644 4333 locis
2685 4277 2929 4333 Ecclesia
2971 4292 3037 4331 ex
3069 4276 3317 4346 gentibus
3343 4275 3455 4330 tilia

1883 4369 2012 4426 Sion
2040 4381 2095 4426 et
2125 4371 2232 4425 ﬁlia
2283 4369 2580 4426 Jerusalem
2628 4378 2870 4424 vocatur.
2905 4387 2924 4421 ι
2958 4368 3234 4424 Venerunt
3261 4383 3455 4423 omnes

1883 4463 1975 4518 filii
2023 4463 2098 4518 tui
2134 4465 2200 4518 de
2238 4463 2432 4532 longe,
2470 4473 2526 4516 et
2565 4461 2686 4515 filia
2725 4473 2829 4515 tua:
2864 4460 3108 4515 humeris
3165 4458 3457 4529 gestabun-

1883 4562 1990 4608 tur.
2033 4573 2053 4606 ι
2093 4554 2320 4609 Eramus
2341 4555 2539 4625 quippe
2564 4552 2724 4623 longe
2755 4562 2810 4608 et
2837 4533 3022 4621 procul
3052 4549 3212 4619 positi
3245 4564 3274 4603 a
3297 4564 3456 4618 repu-

211 4633 290 4702 ρω
323 4647 428 4685 που
466 4632 558 4685 καὶ
603 4629 819 4705 μακρὰν
856 4633 955 4704 τῆς
990 4634 1264 4699 πολιτείας
1307 4635 1400 4690 τοῦ
1442 4636 1658 4708 Ἰσραὴλ
1687 4639 1775 4691 καὶ

1888 4645 2025 4702 blica
2046 4646 2276 4710 lsraelis,
2313 4659 2379 4701 ac
2397 4645 2561 4714 justis
2593 4643 2863 4709 extranei,
2892 4657 3044 4714 spem
3083 4641 3461 4712 promissiOnis

210 4721 348 4788 ξένοι
368 4722 478 4777 τῶν
507 4722 750 4790 δικαίων,
792 4728 892 4797 τῆς
933 4728 1263 4796 ἐπαγγελίας
1291 4728 1480 4781 ἐλπίδα
1527 4729 1601 4800 μὴ
1630 4729 1779 4800 ἔχον-

208 4830 321 4878 τες,
349 4816 447 4868 καὶ
478 4813 624 4868 ἄθεοι
650 4818 710 4868 εν
743 4816 821 4888 τῷ
847 4818 1055 4890 κόσμῳ.
1091 4819 1161 4872 Δί
1174 4835 1234 4871 τε
1263 4817 1374 4890 γὰρ
1399 4818 1601 4873 ἀπαλαὶ
1625 4818 1780 4874 οὖσαι

208 4904 378 4977 ψυχαὶ
412 4906 507 4959 καὶ
549 4906 628 4959 ἔτι
658 4908 869 4979 νήπιαι,
903 4908 980 4972 ὡς
1011 4908 1342 4982 ἀρτιγένητα
1383 4909 1579 4981 βρέφη,
1605 4910 1667 4964 τὸ
1693 4911 1783 4964 lo-

209 4997 363 5067 γικὸν
383 4997 478 5051 καὶ
496 4997 679 5050 ἀδολον
700 4998 841 5067 γάλα
871 4999 1186 5054 ἐπιποθοῦσι
1204 5017 1217 5030 ·
1245 4999 1414 5054 διάτε
1438 5001 1537 5072 τῆς
1565 5003 1623 5055 ὲν
1649 5001 1784 5074 Χρι-

213 5086 324 5158 στῷ
360 5087 771 5158 ἀναγεννήσεως
797 5089 1085 5160 γενόμεναι
1136 5089 1301 5142 τέκνα
1354 5089 1448 5143 τοῦ
1511 5090 1779 5162 Ἀϐραὰμ,

210 5177 677 5241 ὑποδαστάξονται
714 5180 799 5231 ἐπ’
831 5178 1016 5249 ὤμων,
1040 5179 1323 5250 αἰρόμεναι
1356 5183 1450 5234 καὶ
1487 5180 1784 5250 ὑποκουφι-

209 5271 434 5340 ζόμεναι
463 5269 570 5322 ύπὺ
582 5261 691 5322 τῶν
723 5269 1199 5341 χειραγωγούντων
1221 5271 1388 5334 αὑτὰς
1419 5270 1781 5326 διδασκάλων’

209 5357 319 5427 οἷος
350 5358 420 5434 ἦν
451 5364 482 5416 6
509 5361 720 5427 Παῦλος
749 5361 921 5430 λέγων
942 5379 957 5393 ·
996 5380 1016 5413 ι
1037 5361 1124 5426 Ὠς
1155 5362 1220 5416 ἀν
1258 5364 1456 5435 τροφὸς
1502 5362 1683 5435 θάλπῃ
1718 5364 1788 5418 τὰ

211 5454 416 5524 ἑαυτῆς
430 5453 619 5520 τέκνα,
636 5453 808 5517 οὕτως
824 5451 1156 5523 ίμειρόμενοι
1176 5455 1205 5505 ὑ
1214 5455 1348 5523 μῶν,
1373 5473 1391 5506 ι
1413 5455 1508 5508 καὶ
1524 5452 1594 5506 τά
1609 5453 1754 5525 ἑξῆς.

289 5565 308 5597 ι
335 5545 472 5598 Τότε
511 5544 639 5616 δίψῃ,
671 5544 767 5597 καὶ
802 5545 1108 5618 φοϐηθήσῃ,
1138 5547 1232 5599 καὶ
1261 5548 1500 5621 ἐκστήσῃ
1537 5550 1604 5618 τῇ
1653 5566 1788 5620 καρ-

216 5636 323 5710 δία,
370 5638 456 5692 ὅτι
496 5635 786 5708 μεταϐαλεῖ
819 5638 897 5702 είς
952 5638 1013 5690 σὲ
1061 5637 1288 5702 πλοῦτος
1337 5640 1632 5711 θαλάσσης,
1693 5642 1789 5697 καὶ

294 5863 336 5897 ⁸⁸
360 5863 551 5921 Matth.
575 5875 726 5926 μιν,
762 5861 850 5916 '55.
945 5861 1032 5916 "l
1071 5863 1264 5917 Thess.
1307 5877 1370 5926 ll,
1399 5862 1455 5919 7.

621 5955 892 6015 PATROL.
940 5955 1060 6016 Cn.
1105 5954 1312 6016 XXIV

1885 4750 1990 4789 non
2036 4733 2318 4798 habentes,
2348 4743 2514 4804 atque
2559 4734 2709 4804 impii
2740 4735 2792 4789 in
2839 4735 3040 4790 mundo
3078 4731 3460 4786 versabamur.

1884 4824 2018 4879 Nam
2048 4832 2247 4879 tenera:
2276 4833 2331 4879 et
2357 4825 2533 4878 adhuc
2567 4824 2805 4880 infantes
2824 4826 3039 4890 animas,
3065 4822 3220 4894 quasi
3246 4820 3464 4890 pueruli

1887 4915 2046 4969 modo
2071 4915 2260 4985 geniti,
2311 4915 2636 4971 rationabile
2665 4925 2720 4971 et
2752 4917 2872 4972 sine
2910 4918 3036 4971 dolo
3069 4915 3152 4971 lac
3195 4911 3464 4981 concupi-

1887 5012 2044 5055 scunt
2069 5017 2084 5054 :
2108 5015 2170 5055 ac
2183 5016 2279 5072 per
2292 5003 2750 5073 regenerationem
2771 5005 2824 5060 in
2847 5003 3084 5067 Christo,
3114 5003 3206 5058 lilii
3230 5000 3472 5064 Abrahae

1887 5091 2124 5158 electae,
2160 5093 2404 5148 humeris
2461 5104 2745 5163 gestantur
2782 5111 2814 5150 a
2853 5097 3126 5166 magistris
3171 5095 3318 5159 suis,
3361 5093 3464 5146 viai

1891 5184 2140 5249 ducibus,
2169 5184 2393 5240 sublatae
2420 5197 2582 5256 atque
2607 5195 2943 5253 sustentatae,
2961 5187 3139 5256 qualis
3165 5196 3285 5241 erat
3317 5182 3461 5238 Pau-

1892 5275 1996 5340 lus,
2023 5275 2112 5344 qui
2138 5276 2233 5340 ait,
2264 5293 2284 5327 ι
2307 5275 2584 5347 Tanquam
2617 5277 2662 5333 si
2695 5277 2878 5333 nutrix
2917 5276 3096 5332 foveat
3126 5275 3266 5331 filios
3297 5287 3459 5338 suos,

1894 5364 1972 5419 ita
1999 5364 2453 5434 desiderantes",
2484 5384 2504 5419 ι
2546 5377 2653 5423 etc.

1964 5547 2131 5607 Vnus.
2160 5550 2216 5609 5.
2261 5571 2281 5605 ι
2322 5553 2474 5610 Tunc
2519 5551 2746 5618 videbis,
2791 5560 2845 5608 et
2898 5549 3136 5615 timebis,
3175 5556 3231 5602 et
3275 5548 3469 5602 obstu-

1895 5655 2085 5711 pesces
2112 5645 2296 5712 corde,
2350 5647 2477 5716 quia
2505 5644 2902 5704 transferentur
2929 5645 2981 5702 in
3022 5653 3074 5700 te
3105 5641 3316 5700 divitiae
3350 5655 3482 5697 ma-

3076 5965 3104 6023 i
3117 5967 3156 6025 li
