4124 6464
193 419 290 474 493

1158 399 1651 468 COMMENTARIA
1682 397 1745 453 lN
1787 394 2046 450 lSAlAM.
2087 423 2154 434 -ο
2191 391 2340 447 CAP.
2380 389 2492 445 LX.

3325 383 3421 437 ιςιι

191 535 268 596 είς
291 535 606 602 ἀπαντησιν
636 527 727 582 τοῦ
755 527 953 598 Κυρίου
991 503 1069 589 είς
1109 525 1262 595 ἀέρα,
1310 525 1402 576 καὶ
1431 522 1601 585 οὕτως
1635 519 1765 573 πάν·

1892 515 2012 568 nino
2037 515 2091 568 in
2111 527 2238 568 aera
2253 530 2267 565 :
2283 522 2336 566 et
2364 512 2444 566 sic
2467 521 2678 578 semper
2705 520 2828 561 cum
2850 504 3076 560 Domino
3093 500 3292 556 erimus
3310 501 3373 562 ";
3403 519 3422 550 ο

192 640 312 677 τοτε
358 623 457 676 σὺν
489 621 678 691 Κυρίῳ
718 618 984 689 ἐσόμεθα·
1005 637 1024 670 ι
1061 615 1419 684 συναφθέντες
1445 611 1644 683 δηλαδὴ
1669 611 1764 666 καὶ

197 713 697 784 συγκαταλεγέντες
732 708 809 779 τῷ
845 707 989 780 χορῷ
1019 707 1129 760 τῶν
1157 707 1214 758 ἐν
1257 703 1332 775 τῷ
1367 701 1615 774 προτέρῳ
1651 699 1766 771 λαῷ

196 806 661 878 κατωρθωκότων.
707 801 797 854 Διὸ
822 797 1294 870 ἀποθαυμάζοντες
1320 795 1416 867 τὴν
1453 796 1532 858 είς
1560 791 1768 864 ἀνθρώ-

195 917 329 963 πους
361 898 619 970 χυθεῖσαν
659 893 752 948 τοῦ
792 891 1024 964 Χριστοῦ
1053 892 1210 962 χάριν
1243 891 1335 943 καὶ
1364 887 1471 941 τῶν
1511 887 1571 952 ἐξ
1601 885 1770 938 ἐθνῶν

196 989 523 1060 σωζομένων
562 988 623 1040 τὸ
660 985 882 1054 πλῆθος,
937 984 1036 1052 τήν
1079 999 1138 1034 τε
1184 983 1262 1044 είς
1299 979 1558 1050 οὐρανοὺς
1594 976 1771 1030 αὐτῶν

194 1079 520 1150 ἀνάπτησιν,
553 1076 652 1146 τὴν
682 1075 817 1146 μετά
844 1073 940 1143 τὴν
962 1072 1137 1136 ἔξοδον
1159 1069 1250 1122 τοῦ
1279 1067 1391 1138 βίου
1419 1068 1548 1137 φασί
1568 1085 1580 1097 ’
1617 1066 1770 1129 Τίνες

194 1168 332 1232 οῖδε;
388 1168 464 1230 ὡς
504 1166 723 1235 νεφέλαι
767 1164 1046 1226 πέτανται,
1083 1161 1176 1213 καὶ
1215 1159 1290 1221 ὡς
1319 1158 1638 1232 περιστεραὶ
1677 1157 1772 1208 σὺν

196 1262 436 1321 νεοσσοῖς
467 1260 552 1310 ἐπ’
586 1257 707 1328 ἐμέ.
730 1275 751 1308 ι

272 1369 292 1402 ι
314 1351 447 1420 Ἐμέ
464 1351 519 1402 al
533 1350 682 1417 νῆσοι
697 1347 1012 1416 ὑπέμειναν,
1029 1344 1122 1397 καὶ
1145 1341 1299 1394 πλοῖα
1316 1339 1545 1410 Θαρσεῖς
1563 1340 1618 1390 ἐν
1636 1335 1774 1406 πρώ-

198 1456 328 1503 τοις,
350 1441 580 1506 ἀγαγεῖν
598 1437 665 1489 τὰ
684 1435 848 1489 τέκνα
875 1451 968 1488 σου
997 1430 1288 1503 μακρόθεν,
1316 1428 1514 1483 καὶτὸν
1538 1427 1776 1498 ἀργυρον

199 1529 291 1581 καὶ
306 1529 397 1580 τὸν
417 1528 612 1598 χρυσὸν
636 1524 813 1579 αὐτῶν
834 1525 949 1594 μετ’
971 1522 1170 1584 αὐτῶν,
1193 1519 1287 1573 καὶ
1306 1519 1391 1572 διά
1412 1519 1473 1570 τὸ
1496 1518 1663 1587 ὄνομα
1676 1518 1777 1569 Κυ-

203 1616 317 1688 ρίου
340 1617 402 1669 τὺ
435 1617 608 1683 ἅγιον,
629 1615 721 1667 καὶ
746 1615 832 1668 διὰ
848 1614 910 1667 τὸ
939 1614 1027 1666 τὸν
1043 1613 1195 1679 ἅγιον
1214 1609 1308 1663 τοῦ
1337 1609 1548 1680 Ἰσραὴλ
1569 1607 1776 1673 ἔνδοξον

199 1706 358 1762 εἶναι.
385 1726 404 1758 ι
440 1707 551 1769 Τάς
581 1705 869 1776 ἐκκλησίας
891 1704 947 1757 δὲ
975 1705 1167 1773 νήσους
1201 1702 1295 1755 καὶ
1322 1701 1410 1754 διὰ
1439 1700 1545 1751 τῶν
1572 1698 1775 1767 ἐμπρο-

201 1799 326 1853 σθεν
346 1801 375 1852 ό
397 1798 554 1866 λόγος
593 1799 830 1869 ᾐνίττετο
855 1796 1152 1866 σημαίνων.
1185 1794 1336 1848 Ἐπεὶ
1357 1793 1534 1844 τοίνυν
1558 1791 1656 1852 τὰς
1679 1791 1778 1840 ἐπ-

1865 603 2102 672 adjuncti
2145 601 2353 657 scilicet
2401 613 2457 656 et
2504 597 2840 654 annumerati
2885 596 3052 650 choro
3092 607 3303 654 eorum,
3335 593 3427 659 qni

1866 695 1919 749 in
1962 693 2140 763 prisco
2170 692 2260 746 illo
2296 691 2492 762 populo
2526 691 2694 760 probe
2721 703 2780 743 se
2811 694 3119 758 gesserunt.
3141 684 3428 750 Quocirca.

1867 781 2090 836 effusam
2125 779 2326 836 Christi
2387 781 2438 834 in
2497 780 2742 834 homines
2796 778 3025 848 gratiam
3077 776 3430 838 admirantes,

1868 887 2078 927 necnon
2123 871 2382 941 gentium,
2415 887 2536 941 ane
2565 870 2790 926 salutem
2823 869 3090 930 obtinent,
3126 866 3434 921 multitudi-

1871 978 2016 1028 nem,
2049 977 2344 1031 eornmque
2394 972 2515 1032 post
2548 973 2776 1017 mortem
2831 961 2898 1015 ad
2945 959 3141 1014 cmlum
3170 958 3431 1027 volatum,

1873 1053 2076 1113 dicunt,
2106 1071 2124 1103 ι
2152 1051 2380 1118 Quinam
2411 1055 2461 1106 hi
2491 1053 2658 1106 sunt?
2697 1063 2754 1106 ut
2778 1050 2947 1106 nubes
2969 1048 3173 1116 volant,
3200 1059 3255 1105 et
3296 1050 3433 1105 sicut

1872 1145 2132 1200 columba
2163 1158 2285 1199 cum
2310 1145 2471 1213 pullis
2493 1159 2651 1215 super
2683 1159 2786 1199 me.
2814 1161 2835 1195 ι

1943 1323 2108 1378 Vens.
2155 1323 2207 1377 9.
2256 1341 2274 1373 ι
2325 1321 2406 1376 Me
2464 1321 2650 1376 insulae
2709 1332 3114 1392 exspectanti",
3175 1332 3230 1379 et
3275 1339 3438 1379 naves

1876 1413 2099 1468 Tharsis
2129 1414 2181 1468 in
2212 1413 2498 1482 primis,ut
2529 1413 2798 1466 adducant
2836 1413 2973 1468 lilios
3014 1423 3130 1468 tuos
3159 1413 3226 1468 de
3258 1413 3439 1482 longe,

1877 1516 1931 1562 et
1953 1516 2232 1576 argentum
2265 1515 2320 1560 et
2357 1520 2546 1559 aurum
2578 1519 2761 1559 eorum
2793 1520 2913 1560 cum
2954 1505 3058 1568 eis,
3091 1513 3309 1574 prapter
3347 1520 3440 1561 ηο-

1877 1613 1997 1652 men
2026 1597 2237 1651 Domini
2266 1607 2530 1663 sanctum,
2562 1607 2616 1650 et
2644 1607 2702 1650 ut
2729 1606 2950 1650 sanctus
2983 1595 3146 1651 Israel
3177 1596 3441 1666 gloriosus

1878 1689 1967 1742 sit.
2013 1706 2032 1740 ι
2075 1687 2344 1742 Ecclesias
2372 1671 2499 1743 vero
2552 1688 2604 1740 in
2657 1686 3084 1755 praecedentibus
3117 1702 3212 1754 per
3239 1685 3441 1738 insulas

1881 1776 2188 1830 adumbrari
2220 1776 2576 1844 signiﬁcabat.
2617 1778 2749 1844 Quia
2780 1778 2945 1846 igitur
2978 1779 3238 1848 promissa
3270 1785 3441 1844 patri-

198 1891 544 1962 ηγγελμένας
582 1867 717 1960 πρὸς
755 1889 878 1950 τοὺς
916 1885 1153 1958 πατέρας
1194 1882 1520 1952 ἐπαγγελίας
1562 1882 1619 1932 αἱ
1678 1881 1766 1931 ἐκ-

1892 1883 1964 1922 IIIS
1997 1867 2134 1921 facta
2180 1867 2430 1922 Ecclesia}
2468 1869 2582 1931 Dei,
2637 1869 2945 1936 prophetias
2981 1868 3316 1930 evolventes,
3347 1884 3448 1922 ex-

200 1980 423 2052 κλησίαι
452 1978 546 2031 τοῦ
574 1976 706 2031 Θεοῦ
742 1976 843 2039 τάς
873 1977 1204 2048 προφητείας
1241 1973 1582 2043 διερχόμεναι
1611 1986 1775 2042 προσ-

201 2070 424 2132 εδόκων,
449 2069 671 2131 είκότως
691 2067 914 2137 φησίν-ει
937 2067 1064 2136 Ἑμέ
1089 2067 1238 2136 νῆσοι
1269 2064 1583 2134 ὑπέμειναν.
1612 2063 1776 2114 Ηλοῖα

202 2158 463 2228 Θαρσεῖς·
491 2176 511 2208 ι
538 2157 831 2209 αἰνίττεται
861 2155 929 2208 τά
961 2155 1185 2225 σώματα
1206 2148 1286 2216 οἷς
1315 2151 1642 2223 ἐπενήξαντο
1681 2168 1776 2203 κα-

201 2250 269 2303 τὰ
300 2251 394 2302 τὸν
430 2249 619 2320 θνητὸν
653 2249 766 2318 βίον
807 2250 862 2301 αἱ
885 2247 1069 2318 ψυχαί.
1114 2247 1346 2315 Θαρσεῖς
1388 2245 1444 2297 δὲ
1470 2243 1778 2311 ἀλλοφύλων

206 2341 368 2394 πάλιν
400 2341 658 2410 ἐτύγχανε
697 2339 847 2410 χώρα
867 2356 879 2368 ο
915 2339 994 2392 διὸ
1034 2338 1162 2408 περὶ
1198 2336 1504 2406 ἀλλοφύλων
1538 2336 1778 2388 ἀπίστων

207 2433 422 2504 εἴρηταί
450 2449 551 2484 που
572 2450 584 2460 ·
625 2451 643 2483 ι
669 2432 754 2485 Ἐν
784 2432 1049 2500 πνεύματι
1099 2431 1255 2500 βιαίῳ
1291 2429 1598 2500 συντρίψεις
1625 2428 1780 2480 πλοῖα

207 2525 459 2595 Θαρσεῖς.
489 2542 508 2574 ι
556 2523 690 2575 Ἀλλ’
714 2524 889 2575 ἐκεῖνο
926 2522 1024 2592 μὲν
1055 2520 1394 2592 συνετρίϐετο
1417 2537 1430 2550 ·
1463 2518 1694 2571 ἐνταῦθα
1725 2519 1781 2571 δὲ

206 2609 278 2666 τα
306 2613 473 2666 τέκνα
504 2613 604 2682 τῆς
642 2612 876 2674 παλαιᾶς
921 2613 1268 2682 Ἰερουσαλὴμ
1293 2611 1360 2663 τὰ
1396 2611 1455 2676 ἐξ
1489 2610 1655 2662 ἐθνῶν
1687 2611 1780 2662 αύ-

205 2706 275 2774 τῇ
312 2703 721 2773 προσγενόμενα
748 2703 931 2765 αὐτοῖς
972 2702 1174 2764 πλοίοις
1212 2701 1482 2771 μακρόθεν
1521 2701 1656 2770 πρὸς
1695 2702 1784 2754 αύ-

207 2793 308 2863 τὴν
338 2792 458 2864 ἥξει
477 2810 491 2822 ·
524 2794 820 2856 τουτέστιν,
845 2795 1024 2855 αὐτοῖς
1054 2792 1300 2863 σώμασιν
1327 2794 1418 2845 ἐπὶ
1447 2793 1506 2855 τὸ
1539 2794 1810 2862 κρεῖττον

212 2883 618 2954 μετασληθεῖσι.
647 2883 871 2948 Ἥξουσι
913 2885 1090 2937 τοίνυν
1129 2886 1307 2948 αὐτοῖς
1337 2887 1445 2948 τοῖς
1470 2883 1711 2955 σώμασιν
1735 2887 1784 2935 οἱ

210 2976 602 3045 προλεχθέντες
636 2977 735 3039 τὰς
775 2979 894 3031 κατ’
927 2977 1125 3049 ἀρετὴν
1169 2975 1393 3049 πράξεις
1421 2979 1657 3048 ἄργυρον
1696 2981 1787 3029 καὶ

209 3065 414 3134 χρυσὸν
439 3065 840 3137 ὀνομαζομένας
864 3068 1208 3138 ἐπαγόμενοι.
1244 3067 1474 3139 Πράξεις
1492 3069 1547 3120 δὲ
1570 3063 1675 3120 οἶδε
1699 3065 1786 3118 τὸν

211 3155 414 3226 χρυσὸν
439 3158 534 3211 καὶ
563 3157 653 3210 τὸν
681 3157 918 3229 ἄργυρον
945 3159 973 3209 ὁ
1010 3158 1345 3222 Ἀπόστολος.
1649 3177 1654 3182 ·

1881 1958 2231 2025 spectabant,
2277 1958 2400 2026 jure
2451 1958 2548 2022 ait,
2599 1975 2617 2008 ι
2658 1957 2740 2012 hie
2792 1957 2980 2012 insulae
3035 1969 3456 2026 exspectarunt.

1882 2047 2053 2101 Naves
2073 2045 2338 2110 Tharsis;
2374 2065 2392 2098 ι
2428 2046 2512 2102 his
2542 2048 2847 2102 subindicat
2892 2063 3141 2116 corpora,
3164 2047 3222 2101 in
3255 2051 3458 2117 quibus

1882 2139 2174 2192 enatabant
2230 2140 2424 2192 animae
2476 2140 2528 2194 in
2579 2141 2678 2194 hac
2715 2140 2924 2195 mortali
2972 2141 3081 2194 vita
3117 2142 3456 2198 constitutae.

1884 2229 2104 2282 Tharsis
2145 2230 2272 2283 item
2331 2231 2752 2300 alienigenarum
2800 2234 3042 2302 gentium
3089 2232 3237 2300 regio
3287 2243 3452 2287 erat:

1889 2334 2057 2387 quare
2084 2321 2148 2372 de
2184 2318 2474 2372 incredulis
2506 2319 2819 2390 alienigenis
2852 2320 3045 2374 alicubi
3079 2321 3296 2382 dicitur,
3344 2339 3362 2370 ι
3392 2320 3448 2373 lit

1885 2411 2073 2479 spiritu
2107 2412 2409 2465 vehementi
2442 2423 2688 2465 conteres
2718 2425 2882 2466 naves
2919 2409 3141 2465 Tharsis
3167 2411 3233 2463 ".
3279 2428 3298 2460 ι
3339 2409 3448 2464 Sed

1888 2501 2015 2555 illud
2058 2501 2273 2570 quidem
2322 2503 2742 2556 conterebatur:
2775 2501 2864 2556 hic
2912 2517 3039 2556 vero
3085 2504 3179 2557 lilii
3219 2506 3451 2574 antiquae

1888 2591 2032 2647 illius
2061 2591 2378 2657 Jerusalem,
2409 2593 2502 2662 qui
2537 2609 2603 2647 ex
2652 2593 2901 2661 gentibus
2930 2597 2996 2647 ad
3027 2609 3146 2648 eam
3193 2596 3451 2650 accedent

1888 2684 2073 2753 procul
2115 2693 2163 2736 et
2195 2685 2260 2737 ad
2291 2684 2462 2752 ipsam
2495 2683 2763 2751 appellent
2786 2685 2924 2738 vecti
2961 2685 3208 2750 navibus,
3257 2687 3310 2739 id
3345 2698 3450 2754 est,

1889 2777 2207 2846 corporibus
2255 2779 2306 2830 in
2340 2778 2532 2832 melius
2565 2779 2928 2832 commutatis.
2991 2779 3122 2833 Cum
3161 2779 3290 2846 ipsis
3321 2793 3452 2849 ergo

1890 2869 2205 2936 corporibus
2231 2869 2466 2933 pradicti
2501 2869 2735 2933 venient,
2779 2883 2940 2936 opera
2969 2885 3088 2922 cum
3112 2870 3311 2924 virtute
3339 2872 3454 2923 edi-

1892 2971 1966 3024 ta,
1998 2974 2188 3013 aurum
2226 2967 2280 3011 et
2331 2969 2614 3028 argenturm
2670 2960 2828 3021 dicta,
2882 2961 3224 3014 advehentes.
3277 2962 3452 3031 Opera

1894 3065 2020 3104 vero
2045 3064 2142 3119 pro
2167 3064 2298 3104 auro
2323 3058 2377 3104 et
2407 3058 2628 3118 argento
2651 3049 2847 3117 accipit
2870 3050 3173 3119 Apostolus.

290 3269 310 3301 ι
330 3251 443 3303 Καὶ
481 3223 917 3320 οίκοδομησουτσιν
941 3249 1242 3318 ἀλλογενεῖς
1268 3250 1338 3304 τὰ
1377 3251 1526 3321 τείχη
1555 3268 1667 3313 σου,
1700 3249 1790 3302 καὶ

1964 3252 2126 3306 Vens.
2163 3252 2247 3316 10,
2282 3252 2365 3306 ll.
2405 3270 2422 3302 ι
2458 3250 2526 3305 Et
2550 3250 2894 3306 aediﬁcabant
2928 3251 3240 3320 alienigenae
3273 3266 3456 3305 muros

211 3340 264 3393 οι
297 3340 540 3410 βασιλεῖς
570 3339 750 3394 αὐτῶν
769 3342 1206 3410 παραστήσονται
1246 3359 1346 3395 σοι.
1376 3342 1474 3394 Διά
1498 3342 1604 3412 γὰρ
1624 3343 1791 3410 ὀργήν

217 3449 321 3502 μου
362 3430 612 3496 ἐπάταξά
635 3448 714 3494 σε,
759 3433 854 3485 καὶ
881 3433 966 3486 διὰ
987 3432 1130 3485 ἔλεον
1157 3433 1422 3503 ἠγάπησά
1453 3449 1529 3484 σε.
1563 3434 1670 3485 Καὶ
1699 3434 1793 3483 ἀν·

210 3524 562 3594 οιχθήσονται
588 3518 644 3574 αἱ
667 3521 830 3576 πύλαι
855 3539 947 3575 σου
973 3522 1059 3575 διὰ
1087 3522 1302 3584 παντὸς,
1329 3522 1538 3592 ἡμέρας
1579 3522 1670 3576 κοιλ⁸
1712 3541 1796 3574 νυ-

211 3615 345 3678 κτδς
378 3615 440 3667 οὐ
478 3613 904 3684 κλεισθήσονται,
944 3617 1257 3683 είσαγαγεῖν
1307 3615 1440 3685 πρὸς
1474 3613 1534 3665 σὲ
1571 3613 1796 3684 δύναμιν

210 3704 412 3767 ἐθνῶν,
441 3705 536 3758 καί
575 3703 813 3773 βασιλεῖς
839 3705 1015 3757 αὐτῶν
1041 3707 1356 3774 ἀγομένους.
1391 3723 1408 3756 ι
1442 3704 1552 3758 Καὶ
1579 3704 1708 3758 αὐτὸ
1733 3705 1797 3758 δι’

211 3795 399 3867 ἔργων
437 3795 854 3866 ἐπιτελούμενον
882 3796 1001 3866 ὄψει
1030 3798 1328 3867 ἐπιστήσας
1352 3797 1440 3850 τὸν
1472 3797 1616 3861 νοῦν,
1640 3798 1714 3861 ὡς
1741 3798 1800 3862 ἐξ

212 3887 530 3956 ἀλλογενῶν
561 3889 654 3940 καὶ
682 3887 990 3956 ἀλλοφύλων
1019 3887 1186 3940 ἐθνῶν
1224 3888 1324 3956 τῆς
1359 3889 1681 3958 Ἐκκλησίας
1704 3888 1798 3941 τοῦ

212 3976 359 4031 Θεοῦ
407 3977 752 4046 προεστῶτες
785 3978 977 4047 ἄνδρες
1013 3978 1379 4042 διδασκαλίαις
1407 3981 1802 4050 περιφράττου-

215 4083 329 4130 σιν,
359 4067 552 4136 ῶσπερ
582 4066 691 4119 τισὶ
718 4067 1021 4138 περιϐόλοις
1049 4067 1144 4120 καὶ
1166 4067 1403 4137 τείχεσιν
1441 4067 1801 4138 ἀσφαλιζόμε-

214 4174 303 4214 νοι
339 4157 435 4210 τὸν
462 4156 564 4225 τῆς
605 4157 914 4221 θεοσεῦείας
946 4157 1122 4225 λόγον,
1159 4160 1238 4221 εἰς
1272 4159 1331 4210 τὸ
1375 4159 1448 4228 μὴ
1487 4159 1804 4230 παρεισδύε-

215 4249 349 4304 σθαι
384 4250 515 4310 τοὺς
547 4247 856 4318 ἀλλοτρίους
885 4249 983 4319 τῆς
1011 4248 1265 4312 πίστεως,
1297 4250 1429 4320 μηδὲ
1459 4248 1642 4320 χώραν
1663 4249 1804 4320 ἔχειν

213 4340 523 4409 ἐπιϐουλῆς
552 4340 692 4392 κατά
711 4339 817 4391 τῶν
849 4340 948 4409 τῆς
973 4339 1226 4408 ἀληθείας
1248 4339 1551 4410 δογμάτων.
1587 4342 1648 4393 Oi
1674 4340 1804 4407 γοῦν

213 4433 333 4521 τὸὲν
372 4432 701 4501 Ῥωμαϊκῶν
739 4433 1034 4501 ταγμάτων
1067 4431 1344 4501 ἄρχοντες,
1385 4433 1478 4484 καὶ
1526 4431 1632 4484 τῶν
1679 4449 1808 4502 κρα-

213 4523 471 4578 τούντων
507 4523 767 4592 βασιλέων
813 4525 841 4575 ό
870 4521 1030 4590 φόϐος
1073 4522 1141 4575 τὰ
1181 4523 1803 4594 μεγάλαπυμὸἀλλεται

216 4615 366 4686 πρὸς
411 4613 724 4684 ἀνατροπὴν
750 4612 856 4666 τῶν
892 4613 1260 4666 ἐπιϐουλεύειν
1284 4617 1348 4684 τῇ
1389 4615 1679 4685 Ἐκκλησία
1712 4614 1803 4668 τοῦ

214 4706 364 4761 Θεοῦ
397 4705 774 4775 πειρωμένων.
802 4705 972 4758 Πύλαι
1002 4704 1060 4757 δέ
1086 4705 1186 4773 τῆς
1217 4705 1310 4759 τοῦ
1333 4705 1467 4758 Θεοῦ
1499 4705 1703 4768 πόλεως
1729 4706 1810 4758 τί·

215 4815 313 4860 νες
347 4796 420 4850 ἂν
446 4791 558 4848 εἷεν
582 4796 616 4865 ἢ
648 4797 702 4848 αἱ
736 4795 1088 4866 στοιχειώδεις
1113 4798 1206 4850 καὶ
1237 4797 1540 4849 είσακτικαὶ
1566 4796 1813 4851 διδασκα-

215 4888 372 4953 λίαις
406 4887 508 4940 Διά
533 4887 726 4951 νυκτὸς
754 4889 847 4940 καῖ⁵
871 4888 1106 4960 ἡμέρας,
1137 4889 1321 4960 φησὶν,
1354 4888 1622 4957 ὴνεῷχθαι
1645 4891 1811 4942 πᾶσιν

214 4977 550 5049 ἀνθρώποις
573 4977 708 5048 πρὸς
732 4979 792 5030 τὸ
819 4980 1026 5042 πάντας
1056 4978 1388 5050 εἰσδέχεσθαι
1411 4981 1535 5042 τοὺς
1564 4978 1622 5043 ἐξ
1649 4981 1811 5033 ἀπάν-

211 5087 333 5124 των
383 5067 500 5121 τῶν
544 5066 713 5122 ἐθνῶν
758 5068 1027 5122 θεοσεϐεῖν
1073 5068 1504 5141 προῃρημένους.
1547 5071 1811 5140 Δυνάμεις

217 5162 326 5230 μὲν
361 5155 464 5213 οὖν
492 5157 601 5211 τῶν
625 5159 790 5215 ἐθνῶν
817 5161 953 5212 είσιν
989 5161 1037 5213 oi
1075 5161 1359 5232 δυνάμενοι
1387 5161 1563 5229 λέγειν
1585 5177 1597 5189 ·
1634 5179 1651 5210 ι
1672 5162 1811 5215 Πάν-

211 5270 287 5304 τα
324 5251 510 5320 ίσχύω
546 5252 604 5302 ἐν
636 5249 713 5320 τῷ
745 5249 1124 5322 ἐνδυναμοῦντί
1163 5269 1229 5323 με
1251 5269 1263 5281 ·
1297 5271 1314 5304 ι
1364 5251 1600 5322 βασιλεῖς
1628 5251 1683 5303 δὲ
1715 5252 1811 5304 αύα

213 5344 337 5397 τῶν
373 5344 430 5395 οἱ
459 5340 728 5411 ἐξαίρετοι
762 5343 858 5395 καὶ
883 5343 980 5412 τῆς
1005 5343 1325 5414 ἐπουρανίου
1352 5342 1624 5414 βασιλείας
1649 5341 1806 5406 ἄξιοι.

219 5435 379 5504 Ἤδη
407 5433 469 5486 δέ
499 5432 594 5485 καὶ
614 5435 953 5502 σωματικοὺς
989 5434 1269 5504 Ῥωμαίων
1295 5435 1695 5505 αὐτοκράτορας
1718 5435 1812 5486 καὶ

223 5523 488 5595 βασιλεῖς
515 5519 660 5590 ὀρῶν
687 5538 770 5584 τις
814 5520 1204 5593 ύποτρέχοντας
1233 5523 1330 5591 τῆς
1367 5521 1688 5590 Ἑκκλησίας
1719 5518 1812 5574 τοῦ

222 5615 373 5670 Θεοῦ
403 5613 511 5674 τὰς
526 5610 722 5675 πύλας,
746 5612 840 5666 καὶ
861 5611 967 5665 τῶν
985 5612 1114 5665 εῖσω
1137 5613 1317 5666 πυλῶν
1349 5612 1658 5684 μυστηρίων
1685 5630 1814 5666 κατ-

1893 3357 2036 3411 tuos,
2070 3356 2123 3401 et
2160 3360 2314 3416 reges
2342 3360 2527 3400 eorum
2574 3343 2827 3399 astabunt
2882 3345 2998 3400 tibi.
3061 3343 3287 3412 Propter
3321 3344 3456 3398 iram

1894 3440 2036 3492 enim
2081 3452 2255 3492 meam
2301 3436 2537 3506 percussi
2574 3445 2647 3501 te,
2685 3444 2739 3489 et
2786 3446 3005 3505 propter
3033 3435 3458 3490 misericordiam

1897 3530 2055 3585 dilexi
2096 3538 2166 3583 te.
2205 3528 2269 3582 Et
2297 3529 2608 3598 aperientur
2658 3536 2823 3597 porta:
2857 3539 2961 3581 tum
3005 3542 3234 3596 semper,
3263 3528 3348 3581 die
3397 3541 3463 3581 ac

1897 3631 2053 3675 nocte
2082 3634 2185 3675 non
2213 3620 2554 3683 claudentur,
2590 3629 2649 3672 ut
2680 3620 2939 3673 inducant
2981 3619 3046 3671 ad
3087 3627 3137 3671 te
3167 3620 3458 3686 potentiam

1898 3712 2158 3782 gentium,
2194 3721 2248 3765 et
2286 3724 2438 3779 reges
2477 3724 2661 3762 earum
2703 3709 2890 3763 duces.
2927 3727 2946 3760 ι
3010 3710 3071 3761 Et
3104 3709 3207 3763 hoc
3246 3724 3305 3764 re
3338 3724 3463 3777 per-

1901 3811 2079 3854 actum
2120 3802 2322 3867 videas,
2352 3802 2396 3856 si
2422 3801 2604 3854 animo
2637 3800 2908 3862 attendas,
2953 3815 3017 3854 ex
3061 3801 3379 3870 alienigenis
3409 3813 3466 3854 et

1900 3893 2168 3947 extraneis
2217 3893 2466 3960 gentibus
2511 3897 2659 3962 viros
2725 3887 2981 3946 Ecclesiae
3035 3891 3124 3944 Dei
3185 3890 3466 3959 praefectos

1902 3986 2071 4053 ipsam
2087 3984 2327 4038 doetrina
2359 3981 2803 4044 circummunire,
2824 3983 2923 4052 piae
2945 3981 3214 4050 religionis
3241 3984 3465 4036 verbum

1903 4075 2055 4145 quasi
2080 4086 2230 4145 septo
2269 4085 2322 4129 et
2355 4090 2511 4129 muro
2544 4084 2802 4138 tutantes,
2838 4089 2906 4128 ne
2953 4068 3115 4128 alieni
3151 4089 3178 4126 a
3213 4073 3316 4127 [ide
3348 4075 3467 4127 snh-

1905 4173 2114 4233 repant,
2134 4178 2267 4218 neve
2289 4163 2464 4216 locum
2491 4163 2722 4217 habeant
2759 4162 2982 4216 insidias
3007 4171 3194 4216 contra
3222 4161 3469 4215 veritatis

1905 4258 2154 4323 dogmata
2189 4254 2434 4323 parandi.
2500 4253 2861 4307 Romanorum
2901 4256 3100 4322 quippe
3132 4252 3467 4305 exercituum

1907 4346 2195 4415 principes,
2246 4360 2308 4398 ac
2352 4343 2731 4413 imperantium
2784 4358 2969 4412 regum
3018 4353 3191 4396 metus
3237 4343 3473 4395 maxime

1906 4439 2191 4493 conferunt
2241 4436 2306 4490 ad
2340 4435 2710 4505 depellendum
2753 4447 2868 4494 eos,
2927 4433 3019 4500 qui
3076 4432 3329 4486 Ecclesiae
3381 4434 3473 4489 Dei

1838 4559 1879 4613 ο
1911 4528 2136 4581 insidias
2164 4536 2396 4581 struunt.
2445 4526 2619 4581 Porta:
2676 4532 2856 4578 autem
2894 4525 3129 4578 civitatis
3177 4524 3290 4587 Dei,
3324 4539 3475 4593 quaa-

1910 4633 2032 4672 nam
2063 4617 2404 4679 fuerint,nisi
2429 4616 2782 4671 elementares
2807 4614 2909 4668 illa:
2927 4625 2980 4670 et
3011 4614 3246 4669 iuitiales
3271 4615 3443 4669 doctri

1909 4709 2024 4763 nte?
2054 4707 2217 4763 Nocte
2236 4717 2289 4761 et
2313 4708 2420 4770 die,
2446 4710 2640 4777 iuqult,
2669 4707 2918 4761 omnibus
2949 4707 3257 4761 hominibus
3277 4717 3477 4775 aperta:

1910 4808 2058 4865 sunt,
2089 4810 2147 4854 ut
2199 4800 2470 4867 excipiant
2500 4813 2594 4852 eos
2648 4814 2715 4852 ex
2754 4799 3006 4853 omnibus
3055 4797 3325 4868 gentibus,
3384 4798 3476 4866 qui

1913 4891 2080 4946 Deum
2114 4891 2292 4946 colere
2323 4892 2374 4945 in
2411 4893 2683 4960 proposito
2712 4890 2931 4945 habent.
2960 4890 3204 4945 Potentia
3239 4889 3478 4958 gentium

1914 4991 2041 5034 sunt
2075 4981 2108 5034 ii
2138 4981 2224 5047 qui
2256 4981 2434 5034 dicere
2463 4983 2666 5041 valent,
2696 5000 2713 5032 ι
2735 4979 2923 5036 Omnia
2955 4995 3170 5049 possum
3202 4979 3255 5032 in
3284 4993 3349 5032 eo
3387 4979 3478 5046 qui

1919 5086 2004 5123 me
2059 5070 2327 5122 confortat
2355 5069 2439 5123 “z
2477 5088 2494 5120 ι
2541 5084 2693 5138 reges
2735 5084 2920 5123 earum
2959 5070 2993 5123 ii
3047 5078 3172 5123 sunt
3212 5069 3301 5136 qui
3350 5083 3479 5135 prae-
3543 5073 3554 5083 '

1916 5159 2204 5213 Stantiores
2256 5167 2310 5212 et
2352 5159 2558 5213 cmlesti
2605 5174 2772 5229 regno
2824 5158 2970 5228 digni
3025 5159 3309 5213 habentur.
3361 5157 3479 5210 Jam

1917 5267 2078 5319 vero,
2135 5267 2256 5306 cum
2319 5267 2576 5322 corporeo
2620 5267 2770 5307 more
2817 5260 3070 5320 acceptos
3115 5250 3480 5304 Romanorum

1915 5342 2266 5411 imperatores
2296 5342 2524 5397 vidimus
2551 5345 2619 5396 ad
2655 5341 2910 5396 ecclesias
2949 5341 3042 5394 Dei
3074 5346 3480 5399 concurrentes,

1917 5439 1971 5484 et
2008 5431 2382 5500 mysteriorum
2413 5447 2532 5501 quae
2571 5431 2710 5485 intra
2732 5429 2926 5498 januas
2954 5437 3284 5500 peraguntur
3313 5425 3484 5493 parti-

1920 5520 2084 5586 cipes,
2122 5523 2391 5590 quomodo
2447 5520 2685 5576 vaticinii
2726 5519 3008 5576 veritatem
3063 5533 3169 5574 non
3222 5514 3484 5573 conﬁtea-

1923 5611 2078 5663 mur?

225 5704 624 5779 ἀξιουμένους,
661 5699 779 5764 πῶς
812 5701 913 5753 οὐκ
940 5700 1190 5771 ἀλήθειαν
1231 5704 1565 5772 μαρτυρήσει
1602 5702 1679 5771 τῷ
1707 5701 2070 5771 θεσπίσματι;

311 5800 398 5854 "l
451 5797 648 5853 Thess.
674 5810 744 5862 tv,
778 5793 864 5848 l6.
936 5794 982 5826 "
1003 5793 1311 5856 Psal.xr.vu.
1342 5797 1394 5852 8.

1487 5798 1526 5829 ¹¹
1561 5795 1788 5866 Philipp.
1823 5811 1892 5859 Iv,
1925 5795 2003 5848 i5.
