4124 6436
728 404 845 463 ξος

1406 394 1672 453 EUSEB“
1707 393 2178 452 CESARIENSIS
2214 392 2361 451 OPP.
2403 390 2587 447 PARS
2618 390 2709 445 lll.
2745 421 2816 431 —
2850 390 3257 447 EXEGETICA.

3826 399 3926 456 £96

807 519 967 575 Vna.
1015 518 1107 583 l2,
1135 517 1221 572 i3.
1257 534 1275 569 ι
1302 516 1498 571 Gentes
1546 517 1691 572 enim
1742 525 1799 571 et
1849 531 2021 585 reges,
2053 517 2145 587 qui
2175 516 2245 570 tib

2342 566 2347 575 _
2444 532 2465 565 ι
2486 512 2569 567 Τά
2582 512 2691 584 γάρ
2710 512 2837 583 ἔθνη
2852 512 2944 566 καὶ
2960 514 3009 565 οί
3026 512 3283 583 βασιλεῖς,
3297 513 3487 577 οῖτινες
3505 512 3568 566 οὗ
3591 512 3923 571 δουλεύσουσί

732 627 845 668 non
878 610 1139 673 servient,
1176 607 1444 677 peribunt,
1500 617 1556 660 et
1590 617 1775 677 gentes
1812 606 2060 660 vastitate
2097 615 2272 660 vasta-

730 704 953 756 buntur.
978 699 1044 754 Et
1068 684 1235 767 gloria
1274 696 1466 751 Libani
1511 698 1578 752 ad
1616 708 1672 752 te
1699 697 1896 762 veniet,
1924 698 1977 750 in
2001 698 2272 766 eyparisso

722 791 936 861 etpinu
961 799 1017 846 et
1037 789 1197 844 cedro
1219 786 1398 850 simul,
1424 789 1491 841 ad
1522 786 1920 858 glorificandum
1946 786 2121 843 locum
2147 802 2271 841 san-

730 892 875 937 ctum
899 896 1093 936 meum.
1134 898 1154 931 ι
1187 878 1321 932 Nam
1373 878 1595 933 salutari
1624 887 1681 933 et
1712 877 2068 946 pulcherrima
2095 878 2268 932 seui-

732 980 846 1027 tute
875 970 1073 1025 civitati
1107 968 1200 1023 Dei
1233 968 1565 1023 serviendum
1590 976 1698 1034 est,
1716 967 1963 1023 videlicet
1994 967 2267 1033 Ecclesia,

720 1069 784 1115 et
801 1061 912 1129 pia
940 1058 1201 1128 religioni,
1230 1073 1348 1127 qua:
1376 1058 1428 1111 in
1453 1072 1515 1113 ea
1542 1059 1759 1121 colitur,
1790 1057 2162 1126 pulcherrima:
2212 1066 2268 1113 et

724 1148 1039 1205 celsissima
1063 1146 1252 1203 Libani
1279 1147 1495 1202 arbores
1540 1146 1868 1213 deferentur,
1899 1157 1959 1201 ut
1980 1148 2088 1207 illis
2114 1148 2265 1206 locus

717 1252 941 1298 metu
973 1255 1124 1295 meus
1152 1240 1323 1309 gloria
1356 1238 1637 1295 aieiatur.
1655 1239 1812 1293 Tales
1832 1248 2009 1293 autem
2047 1238 2264 1307 fuerint,

714 1330 919 1385 eruditi
946 1331 1047 1383 viri
1076 1344 1142 1384 ex
1172 1329 1439 1397 gentibus,
1468 1330 1730 1399 sapientia
1766 1330 1944 1385 σκαιιί
1972 1330 2129 1398 bujus
2162 1330 2265 1385 im-

728 1421 859 1488 buti,
893 1436 1031 1489 quos
1077 1421 1131 1474 in
1184 1417 1419 1473 Ecclesia
1453 1417 1548 1473 Dei
1578 1418 1850 1489 ﬂorentes,
1880 1436 1944 1476 ac
1998 1422 2265 1477 sermonis

725 1522 979 1581 apparatu
1009 1512 1173 1579 ipsam
1200 1516 1455 1563 ornantes
1484 1511 1846 1578 conspicatus,
1892 1512 2203 1581 neutiquam
2231 1526 2263 1565 a

722 1616 852 1657 vero
882 1604 1117 1665 aberres,
1166 1601 1212 1655 si
1248 1600 1394 1654 dicas
1434 1614 1529 1655 eos
1578 1600 1859 1671 allegorica
1914 1616 2083 1667 more,
2122 1602 2262 1673 ligna

722 1693 933 1757 Libani,
985 1694 1304 1762 cyparissos,
1334 1693 1491 1758 pinus
1530 1702 1587 1747 et
1620 1694 1808 1748 cedros
1846 1695 2027 1747 vocari
2061 1710 2078 1745 :
2112 1694 2263 1764 queis

719 1785 869 1839 locus
902 1794 1121 1838 sanctus
1149 1784 1243 1838 Dei
1285 1800 1491 1839 necnon
1530 1785 1757 1855 vestigia
1795 1785 1987 1855 pedum
2014 1785 2147 1854 ejus,
2178 1787 2257 1839 vi-

719 1875 897 1931 delicet
929 1874 1191 1942 Ecclesia,
1213 1875 1557 1946 glorificatur.

784 2138 945 2193 Vm.
982 2137 1069 2191 η.
1100 2154 1121 2188 ι
1159 2136 1225 2191 Et
1255 2136 1407 2190 ibunt
1446 2134 1514 2189 ad
1548 2143 1600 2189 te
1631 2134 1877 2189 timentes
1914 2132 2007 2187 lilii
2044 2148 2253 2199 eorum,

714 2231 806 2299 qui
846 2239 900 2284 te
928 2228 1363 2289 bumiliaverunt,
1400 2234 1455 2280 et
1484 2225 1829 2279 irritaverunt
1854 2244 1867 2278 :
1893 2234 1947 2280 et
1978 2226 2257 2281 vocaberis

713 2321 908 2375 civitas
941 2318 1095 2382 Sion,
1134 2318 1306 2372 sancti
1327 2314 1528 2372 'lsruel.
1561 2336 1581 2368 ι
1623 2316 1689 2369 Et
1727 2330 1856 2371 sane
1883 2315 2077 2371 mullos
2108 2317 2256 2370 novi-

713 2425 832 2465 mus
865 2424 933 2464 ex
963 2409 1052 2472 iis,
1078 2408 1170 2476 qui
1199 2407 1327 2463 olim
1360 2408 1413 2461 in
1442 2408 1733 2462 Ecclesiam
1764 2407 2071 2477 blaspheme
2093 2406 2254 2461 verba

712 2498 1069 2567 protulerunt,
1101 2501 1372 2568 ipsamque
1401 2500 1759 2565 irritaverunt,
1785 2498 1875 2568 qui
1902 2498 2015 2568 jam
2048 2505 2251 2551 mutata

712 2590 995 2657 sententia,
1028 2590 1190 2645 Deum
1227 2592 1279 2645 in
1310 2605 1373 2646 ea
1419 2591 1695 2645 adoratum
1724 2598 2007 2644 venerunt.

777 2771 929 2828 Vna
976 2772 1156 2827 l5—l7.
1202 2789 1223 2823 ι
1259 2772 1394 2839 Quia
1424 2769 1569 2824 fuisti
1614 2766 1888 2829 derelicta,
1920 2774 1973 2821 et
2004 2764 2127 2821 odio
2156 2764 2250 2818 ba-

706 2862 837 2930 bita,
868 2872 925 2918 et
950 2878 1056 2919 non
1088 2874 1207 2919 erat
1234 2864 1326 2931 qui
1372 2862 1745 2916 auxiliaretur.
1785 2858 1853 2912 Et
1880 2872 2074 2928 ponam
2114 2867 2166 2910 te
2192 2855 2249 2911 in

701 2953 1116 3009 exsultationem
1166 2954 1567 3022 sempiternam,
1600 2951 1653 3004 in
1690 2949 1926 3004 laetitiam
1955 2948 2249 3019 generatio-

702 3046 863 3100 nibus
885 3045 1316 3115 generatiouum,
1342 3054 1396 3099 et
1431 3056 1590 3113 auges
1627 3043 1709 3096 lae
1736 3041 1998 3111 gentium,
2031 3047 2087 3094 et
2120 3038 2249 3092 divi-

703 3139 806 3192 tias
825 3152 1009 3207 regum
1038 3138 1304 3192 comedes.
1349 3136 1416 3189 Et
1462 3147 1778 3203 cognosces,
1822 3132 1947 3202 quia
1988 3145 2088 3199 ego
2126 3144 2243 3183 sum

2374 619 2477 667 σοι,
2502 602 2849 668 ἀπολοῦνται,
2883 602 2976 656 καὶ
3010 603 3083 655 τά
3102 602 3229 674 εθνη
3256 605 3459 676 ἐρημίᾳ
3491 606 3921 679 ἐρημωθήσεται.

2372 694 2479 747 Καὶ
2500 695 2534 765 ἠ
2556 692 2682 758 δόόι
2703 694 2800 747 τοῦ
2827 694 3056 748 Λιϐάνου
3083 694 3220 765 πρὸς
3252 695 3312 748 σὲ
3338 694 3457 765 ἡξει
3495 696 3555 749 ἑν
3585 700 3923 771 κυπαρίσσῳ,

2370 784 2465 838 καὶ
2492 783 2692 858 πεύκη,
2744 784 2841 838 καὶ
2890 783 3063 855 κέδρῳ
3110 784 3249 855 ἅμα,
3281 786 3495 850 δοξάσαι
3533 786 3627 840 τὸν
3648 787 3813 842 τόπον
3841 792 3928 845 τὸν

2369 875 2526 943 ἅγιόν
2554 892 2676 946 μου.
2718 893 2739 927 ι
2774 874 3063 928 Δουλεῦσαι
3093 875 3202 947 γάρ
3254 875 3336 929 δεῖ
3377 876 3475 948 τὴν
3519 878 3785 949 σωτήριον
3839 880 3928 934 καὶ

2368 962 2657 1033 καλλίστην
2706 963 2949 1017 δουλείαν
2987 966 3052 1035 τῇ
3082 962 3176 1017 τοῦ
3212 962 3347 1018 Θεοῦ
3387 967 3557 1032 πόλει,
3591 966 3736 1034 λέγω
3769 967 3829 1021 δὲ
3862 972 3927 1039 τῇ

2379 1054 2691 1125 Ἐκκλησία,
2721 1055 2817 1107 καὶ
2855 1054 2934 1126 τῷ
2972 1056 3029 1108 ὲν
3050 1055 3187 1126 αὐτῇ
3211 1053 3452 1109 θεοσεϐεῖ
3475 1057 3828 1129 πολιτεύματι
3860 1058 3927 1112 τά

2366 1144 2625 1199 κάλλιστα
2648 1143 2741 1196 καὶ
2771 1143 3074 1214 ὑψηλότατα
3094 1143 3201 1197 τῶν
3231 1144 3290 1196 ὲν
3311 1144 3391 1213 τῷ
3413 1144 3629 1216 Λιϐάνῳ
3657 1147 3801 1216 φυτά
3836 1164 3925 1201 κο-

2368 1235 2702 1307 μισθήσεται,
2753 1236 2835 1297 είς
2879 1235 2941 1288 τὸ
2968 1235 3036 1287 δι’
3061 1234 3241 1288 αὐτῶν
3282 1233 3606 1306 δοξασθῆναι
3637 1237 3731 1291 τὸν
3761 1238 3926 1291 τόπον

2362 1329 2453 1380 τὸν
2473 1327 2625 1395 ἀγιόν
2647 1342 2768 1397 μου.
2799 1325 3038 1379 Τοιοῦτοι
3065 1326 3112 1378 δ’
3138 1325 3205 1379 ἂν
3226 1320 3332 1378 εἷεν
3355 1325 3405 1379 οί
3434 1325 3493 1392 ἑξ
3520 1325 3691 1381 ἐθνῶν
3716 1327 3923 1397 tum-

2364 1433 2453 1485 μοι
2487 1416 2675 1487 ἄνδρες
2703 1415 2797 1469 καὶ
2816 1415 3004 1484 σοφίας
3028 1415 3123 1469 τοῦ
3146 1415 3340 1479 αἰῶνος
3368 1416 3558 1469 τούτου
3587 1418 3922 1489 μετεσχηκό-

2360 1523 2451 1569 τες
2472 1524 2487 1537 ·
2518 1506 2611 1570 οὓς
2629 1509 2687 1560 ὲν
2718 1508 2784 1577 τῇ
2817 1506 3107 1577 Ἐκκλησία
3127 1505 3221 1559 τοῦ
3247 1505 3381 1560 Θεοῦ
3402 1507 3801 1579 διαπρέποντας
3829 1508 3925 1565 καὶ

2360 1596 2698 1666 κοσμοῦντας
2728 1597 2896 1668 αὐτὴν
2925 1600 2992 1668 τῇ
3024 1596 3118 1650 τοῦ
3137 1597 3295 1665 λόγου
3317 1602 3640 1671 summa
3661 1600 3923 1672 W98-

2359 1703 2450 1751 νος
2481 1688 2581 1741 οὐκ
2602 1687 2669 1741 ἂν
2696 1687 2961 1759 ἁμάρτοις
2981 1687 3178 1753 αὐτοὺς
3199 1682 3341 1745 εἶναι
3370 1689 3440 1743 τὰ
3470 1688 3601 1756 ξύλα
3630 1690 3728 1746 τοῦ
3764 1693 3923 1748 Διδά-

2362 1795 2452 1831 νου
2477 1817 2492 1842 ,
2522 1778 2857 1849 κυπάρισσον
2896 1778 2991 1831 καὶ
3017 1778 3225 1843 πεύκας
3257 1780 3353 1833 καὶ
3384 1781 3629 1854 κὲδρους,
3671 1786 3814 1839 κατά
3843 1785 3917 1839 νό-

2284 1868 2326 1922 B
2356 1886 2453 1939 μον
2492 1868 2819 1940 ἀλληγορίας
2848 1870 3045 1924 είπιῖιψ
3081 1870 3148 1924 δι’
3194 1864 3270 1925 ὧν
3313 1870 3593 1939 δοξάζεται
3633 1876 3665 1927 ὀ
3692 1875 3858 1939 τόπος
3888 1877 3919 1929 ό

2356 1958 2508 2028 ἅγιος
2532 1959 2627 2013 τοῦ
2641 1959 2797 2026 Θεοῦ,
2827 1960 2922 2014 ul
2945 1962 2976 2015 ό
2991 1961 3153 2025 τόπος
3176 1961 3284 2016 τῶν
3310 1962 3486 2017 ποδῶν
3506 1965 3693 2031 αὐτοῦ,
3718 1966 3917 2041 δηλαδή

2354 2055 2391 2123 ή
2420 2052 2732 2124 Ἐκκλησία.

2427 2161 2447 2193 ι
2482 2143 2592 2196 Καὶ
2624 2143 2977 2216 πορεύσονται
3007 2143 3141 2216 πρὸς
3182 2143 3243 2198 σὲ
3268 2143 3563 2209 δεδοικότες
3592 2144 3699 2200 υἱοὶ
3729 2162 3918 2200 ταπει-

2353 2234 2638 2290 νωσάντων
2687 2252 2767 2299 σε,
2806 2235 2903 2289 καὶ
2955 2235 3368 2307 παροξυνάντων
3413 2254 3494 2301 σε,
3541 2239 3637 2291 καὶ
3669 2238 3921 2313 κληθήσῃ

2352 2324 2504 2387 πόλις
2523 2324 2680 2390 Σιὼν,
2722 2323 2879 2393 ἀγίου
2919 2325 3156 2396 Ἰσραήλ,
3191 2343 3211 2376 ι
3238 2324 3350 2378 Καὶ
3384 2324 3557 2387 ἄλλως
3584 2325 3640 2379 δὲ
3672 2325 3781 2379 τῶν
3810 2326 3917 2380 πά-

2350 2413 2440 2466 λαι
2464 2413 2966 2486 βλασφημησάντων
3010 2412 3106 2484 τήν
3156 2413 3497 2485 Ἐκκλησίαν,
3546 2415 3640 2468 καὶ
3678 2414 3917 2485 παροξυ-

2350 2504 2553 2559 νάντων
2593 2505 2783 2575 αὐτὴν,
2822 2502 2918 2557 καὶ
2955 2500 3277 2568 διωξάντων,
3311 2502 3539 2568 πολλοὺς
3572 2504 3731 2575 ῐσμεν
3757 2521 3916 2575 μετα-

2352 2594 2631 2658 ϐαλόντας,
2671 2595 2764 2647 καὶ
2795 2594 2889 2648 ἐπὶ
2923 2592 2984 2647 τὸ
3020 2595 3340 2665 προσκυνεῖν
3384 2594 3475 2649 τὺν
3513 2596 3572 2649 ὲν
3603 2596 3742 2669 αὐτῇ
3777 2594 3917 2652 Θοὺν

2351 2686 2692 2758 ἐληλυθότας.

2423 2793 2444 2827 ι
2471 2774 2569 2829 Διά
2588 2776 2649 2828 τὸ
2668 2775 2989 2848 γεγενῆσθαί
3015 2794 3074 2830 σε
3093 2776 3678 2848 ὲγκαταλελειμμένην,
3701 2777 3796 2831 καὶ
3820 2793 3918 2849 με-

2349 2868 2671 2939 μισημένην,
2693 2867 2788 2920 καὶ
2822 2869 2919 2921 οὐκ
2935 2863 3003 2940 ἦν
3026 2871 3057 2921 ὁ
3085 2867 3312 2939 βοηθῶν.
3337 2869 3448 2922 Καὶ
3478 2868 3627 2940 θήσω
3653 2885 3714 2921 σε
3742 2868 3915 2937 ἀγαλ-

2347 2952 2516 3023 λίαμα
2552 2952 2787 3017 αίώνιον,
2824 2953 3157 3025 εὐφροσύνην
3186 2956 3386 3023 γενεῶν
3415 2958 3647 3025 γενεαῖς,
3683 2957 3780 3011 καὶ
3812 2957 3913 3028 θη-

2347 3041 2531 3106 λάσεις
2555 3043 2695 3112 γάλα
2732 3043 2921 3109 ἐθνῶν,
2960 3045 3055 3097 καὶ
3097 3044 3323 3098 ¹ιιλοῦτον
3353 3046 3614 3116 βασιλέων
3644 3047 3904 3116 φάγεσαι.

2348 3130 2459 3183 Καὶ
2477 3116 2691 3204 τγνώσῃ,
2728 3133 2811 3185 ὅτι
2853 3130 2962 3200 ἐγὼ
2995 3131 3196 3203 Κύριος
3233 3135 3263 3187 ό
3295 3132 3481 3197 σώζων
3508 3150 3590 3196 σε,
3631 3135 3725 3187 καὶ
3756 3134 3908 3199 ἐξαι-

701 3205 981 3293 Dominus,
1003 3230 1094 3298 qui
1122 3227 1324 3282 salvum
1368 3236 1420 3281 te
1450 3226 1611 3288 facio,
1643 3234 1700 3279 et
1735 3225 1825 3292 qui
1865 3237 1996 3278 eruo
2027 3231 2077 3275 Ie
2105 3220 2243 3274 Deus

2346 3220 2598 3292 ρούμενός
2619 3239 2679 3274 σε
2707 3222 2839 3285 Θεὸς
2882 3222 3117 3293 Ἰσραήλ.
3145 3224 3254 3276 Καὶ
3276 3223 3397 3277 ἀντὶ
3426 3222 3625 3293 χαλκοῦ
3664 3225 3797 3278 οῐσω
3822 3242 3907 3278 σοι

701 3319 886 3377 Israel.
914 3321 981 3374 Et
1007 3334 1103 3387 pro
1128 3333 1234 3372 aere
1262 3316 1478 3371 afferam
1538 3315 1631 3369 tibi
1691 3330 1878 3368 aurum
1912 3331 1931 3370 :
1959 3326 2057 3381 pro
2097 3311 2241 3365 ferro

699 3421 877 3464 autem
899 3407 1114 3463 aﬂeram
1147 3408 1238 3461 tibi
1273 3416 1571 3477 argentum,
1596 3420 1691 3473 pro
1721 3404 1879 3472 lignis
1899 3401 2119 3457 aﬂ‘eram
2142 3400 2237 3455 tibi

694 3516 791 3565 ars,
816 3509 873 3555 et
902 3514 999 3567 pro
1020 3496 1282 3566 lapidibus
1318 3496 1539 3550 ferrum.
1561 3495 1627 3549 Et
1653 3495 1791 3550 dabo
1818 3492 2087 3564 principes
2118 3499 2237 3546 tuos

693 3594 751 3645 in
793 3604 943 3657 pace,
979 3596 1034 3642 et
1068 3590 1347 3657 episcopos
1391 3596 1509 3641 tuos
1550 3587 1603 3639 in
1640 3584 1867 3653 iustitia.
1902 3603 1922 3636 ι
1955 3583 2067 3639 Hoc
2106 3597 2236 3639 vero

692 3682 821 3750 quid
853 3680 1038 3742 fuerit,
1068 3680 1170 3733 nisi
1202 3694 1394 3732 novum
1439 3680 1745 3750 mysterium
1790 3677 2113 3747 evangelicae
2141 3677 2235 3730 do-

692 3773 899 3835 ctrina,
920 3780 975 3825 et
992 3769 1335 3824 elcmentaris
1354 3768 1443 3823 illa
1469 3769 1600 3823 Novi
1620 3768 1944 3824 Testamenti
1967 3768 2231 3835 doctrina,

691 3861 844 3930 cujus
870 3869 1145 3915 consortes
1171 3869 1296 3913 sunt
1322 3860 1355 3913 ii
1380 3861 1470 3929 qui
1500 3860 1559 3913 irt
1582 3859 1795 3914 Christo
1828 3867 2229 3930 regenerantur,

689 3950 783 4017 qui
815 3947 1004 4016 seipsis
1039 3948 1285 4001 meliores
1329 3947 1491 4002 futuri
1536 3960 1679 4016 sunt,
1729 3964 1794 4004 ac
1836 3949 1926 4003 Dei
1952 3956 2233 4003 structura:

690 4038 952 4098 utiliores,
990 4037 1434 4105 quemadmodum
1471 4048 1526 4093 et
1577 4040 1758 4107 primi,
1796 4042 1886 4109 qui
1916 4056 2013 4109 pro
2043 4054 2149 4094 are
2175 4048 2230 4093 et

688 4125 833 4180 ferro
866 4141 1055 4179 aurum
1085 4135 1139 4180 et
1167 4134 1443 4195 argentum
1488 4126 1541 4180 in
1590 4130 2055 4183 commutationem
2091 4127 2227 4180 obti~

689 4216 957 4271 nuerunt?

757 4353 914 4408 Vsus.
946 4352 1033 4408 18.
1069 4372 1089 4405 ι
1133 4354 1198 4408 Ει
1232 4368 1336 4408 non
1374 4354 1622 4409 audietur
1656 4354 1829 4409 adhuc
1862 4354 2118 4423 iniustitia
2171 4354 2224 4409 in

686 4454 829 4497 terra
865 4453 1161 4513 tua,neque
1186 4443 1457 4507 contritio,
1498 4458 1671 4515 neque
1702 4445 1916 4499 miseria
1951 4446 2003 4499 in
2031 4445 2223 4501 finibus

2340 3313 2577 3382 χρυσίον,
2602 3314 2695 3366 καὶ
2715 3313 2837 3366 ἀντὶ
2861 3312 3074 3384 σιδήρου
3102 3312 3235 3367 οἴσω
3258 3332 3339 3368 σοι
3361 3315 3621 3386 ἀργύριον
3643 3332 3658 3345 ·
3693 3316 3818 3369 ἀντὶ
3847 3316 3908 3370 δὲ

2338 3402 2506 3466 ξύλων
2547 3404 2678 3457 οἴσω
2710 3420 2792 3457 σοι
2817 3404 3032 3475 χαλκὸν,
3067 3407 3188 3460 ἀντὶ
3226 3407 3282 3460 δὲ
3308 3406 3492 3475 λίθων,
3520 3406 3906 3479 σίδηρον.“Καὶ

2333 3492 2488 3547 δώσω
2516 3496 2641 3558 τοὺς
2671 3496 2935 3567 ἄρχοντάς
2965 3514 3058 3553 σου
3077 3500 3136 3551 ἐν
3160 3500 3375 3572 εἰρήνῃ,
3403 3500 3498 3552 καὶ
3522 3499 3646 3562 τοὺς
3675 3498 3897 3553 ἐπισκόη

2335 3600 2468 3647 πους
2500 3602 2593 3637 σου
2624 3586 2682 3637 ὲν
2710 3586 3040 3660 δικαιοσύνῃ.
3077 3608 3096 3641 ι
3137 3590 3305 3643 Τοῦτο
3331 3590 3387 3642 δὲ
3415 3590 3469 3643 τί
3491 3590 3607 3643 ποτ’
3637 3590 3705 3643 ἀν
3737 3588 3825 3662 εῐη
3849 3591 3902 3645 εί

2336 3674 2410 3747 μὴ
2461 3676 2523 3728 τὸ
2553 3678 2738 3731 καινὸν
2768 3680 3060 3750 μυστήριον
3101 3681 3201 3751 τῆς
3241 3681 3598 3752 εύαγγελικῆς
3640 3681 3897 3736 διδασκα-

2331 3764 2470 3827 λίας,
2504 3765 2598 3817 καὶ
2636 3766 2670 3836 ἠ
2716 3767 3058 3840 στοιχειώδης
3084 3769 3398 3823 διδασκαλία
3425 3770 3524 3839 τῆς
3546 3771 3756 3842 Καινῆς
3778 3774 3900 3826 Δια·

2331 3860 2520 3931 θήκης,
2545 3856 2613 3932 ἦς
2648 3860 2959 3931 μετέχουσιν
2992 3865 3040 3916 οἱ
3079 3864 3139 3917 ὲν
3183 3864 3400 3936 Χριστῷ
3438 3864 3897 3937 ἀναγεννὼμενοι,

2331 3949 2568 4020 βελτίους
2603 3952 2701 4022 μὲν
2742 3952 2949 4006 ἑαυτῶν
2988 3957 3335 4026 γενησόμενοι
3368 3957 3461 4010 καὶ
3487 3956 3895 4030 χρησιμώτεροι

2326 4044 2391 4112 τῇ
2437 4042 2530 4095 τοῦ
2573 4041 2707 4095 Θεοῦ
2751 4044 3002 4103 οίκοδοαῆ
3037 4045 3179 4098 κατά
3203 4047 3328 4109 τοὺς
3364 4045 3633 4116 πρώτους,
3677 4048 3727 4100 οἱ
3768 4048 3894 4101 ἀντὶ

2326 4134 2525 4203 χαλκοῦ
2552 4135 2644 4188 καὶ
2666 4136 2884 4207 σιδήρου
2911 4137 3111 4208 χρυσοῦ
3136 4155 3195 4192 τε
3220 4140 3314 4191 καὶ
3335 4139 3574 4211 ἀργύρου
3603 4139 3767 4211 τιμὴν
3795 4140 3891 4195 ἀν-

2324 4224 2776 4296 τικατηλλάξαντο
2793 4242 2809 4293 ;

2399 4380 2418 4411 ι
2455 4361 2564 4414 Καὶ
2600 4361 2700 4415 οὐκ
2722 4361 3114 4434 ἀκουσθήσεται
3148 4361 3232 4416 ἔτι
3256 4362 3441 4417 ἀδικία
3478 4364 3537 4416 ἐν
3566 4364 3632 4433 τῇ
3663 4364 3735 4433 τῇ
3763 4379 3883 4428 σου,

2322 4450 2442 4503 οὐδὲ
2464 4451 2791 4523 σύντριμμα,
2808 4451 2929 4505 οὐδὲ
2954 4451 3295 4523 ταλαιπωρία
3321 4454 3382 4505 ἐν
3411 4454 3525 4516 τοῖς
3554 4452 3721 4523 ὁρίοις
3750 4437 3846 4505 σοῦ
3863 4466 3883 4484 ο

682 4535 826 4587 tuis:
855 4534 949 4588 sed
988 4535 1318 4589 vocabuntur
1348 4534 1596 4590 Salutate
1645 4536 1785 4589 muri
1822 4536 1919 4601 tui,
1953 4546 2009 4590 et
2047 4546 2218 4605 porta:

2342 4542 2453 4597 ὶλλὰ
2484 4543 2809 4615 κληθήσεται
2836 4545 3106 4615 Σωτήρων
3135 4542 3210 4597 τὰ
3226 4544 3378 4614 τείχη
3404 4561 3522 4611 σου,
3554 4542 3649 4597 καὶ
3690 4544 3750 4597 αι
3780 4543 3887 4597 πύ-

682 4633 805 4687 ιιικ,
840 4626 1126 4691 sculptura.
1160 4643 1180 4677 ι
1228 4625 1330 4681 Pro
1368 4626 1479 4690 illo,
1521 4644 1542 4677 ι
1586 4626 1856 4693 Salutare,
1900 4646 1921 4679 ι
1956 4627 2217 4683 Hebraica

680 4712 965 4780 scriptura,
1004 4731 1023 4763 ι
1045 4712 1226 4767 Jesum
1271 4733 1291 4765 ι
1325 4716 1559 4783 praefert,
1619 4716 1904 4785 ipsissimis
1936 4717 2217 4773 elementis

676 4812 734 4856 et
765 4800 1185 4866 cbaracteribus,
1211 4804 1366 4872 queis
1403 4804 1517 4874 ipse
1546 4803 1797 4861 Salvator
1819 4806 2109 4869 scribitur;
2141 4809 2215 4861 ita

671 4901 735 4948 ut
761 4892 878 4961 ipsa
906 4894 1075 4949 virtus
1104 4893 1400 4949 Salvatoris
1432 4896 1600 4950 nostri
1650 4895 1808 4964 Iesu,
1854 4913 1953 4967 pro
1983 4909 2137 4969 septo
2162 4910 2218 4957 et

669 5000 825 5042 muro
841 4986 1006 5042 ﬁrmo
1036 4987 1102 5043 iis
1133 4989 1223 5059 qui
1259 4988 1369 5045 Deo
1392 4990 1538 5059 digni
1572 4992 1786 5061 fuerint,
1810 4994 1987 5049 futura
2017 4996 2110 5050 sit.

741 5208 905 5265 Vsus.
937 5209 1025 5265 l9.
1052 5230 1077 5263 ι
1106 5211 1173 5266 Et
1205 5226 1310 5266 non
1337 5213 1442 5267 erit
1468 5211 1561 5267 tibi
1580 5210 1921 5282 amplius,sol
1947 5212 2001 5266 in
2036 5210 2211 5266 lucem

664 5298 795 5363 diei,
825 5315 1001 5368 neque
1037 5311 1188 5356 ortus
1215 5302 1352 5357 luna;
1397 5303 1718 5357 illuminabit
1759 5312 1969 5359 noctem
2023 5313 2207 5358 tuam:

664 5389 758 5442 sed
804 5391 909 5445 erit
936 5390 1029 5444 tibi
1063 5391 1315 5447 Dominus
1342 5393 1431 5448 lux
1460 5394 1805 5462 sempiterna,
1827 5404 1881 5448 et
1911 5394 2072 5462 Deus,
2107 5394 2215 5465 glo-

667 5478 747 5531 ria
773 5488 885 5535 tua.
923 5499 945 5532 ι
978 5482 1083 5536 Sed
1123 5482 1369 5537 columna
1405 5484 1649 5552 quadam
1697 5483 1891 5540 divina:
1944 5484 2081 5540 lucis
2111 5488 2214 5540 erit

670 5570 1034 5639 resplendens,
1057 5573 1263 5629 scilicet
1283 5588 1478 5643 corpus
1502 5589 1804 5644 resurgens,
1835 5578 1979 5646 quod
2014 5578 2214 5632 dicitur

2319 4632 2427 4698 λαι,
2452 4634 2693 4705 γλύμμα.
2725 4653 2746 4686 ι
2784 4634 2927 4689 ’Δντὶ
2950 4635 3008 4688 δὲ
3033 4633 3149 4698 τοῦ,
3178 4653 3197 4687 ι
3225 4635 3520 4707 Σωτηρίου,
3547 4654 3569 4688 ι
3592 4637 3628 4707 ἠ
3663 4636 3876 4710 Ἐϐραῐο

2318 4724 2387 4796 κὴ
2409 4720 2707 4794 ἀνάγνωσις
2731 4725 2822 4779 τὸν
2841 4744 2861 4778 ι
2885 4725 3091 4797 Ἰησοῦν
3112 4745 3131 4778 ι
3148 4725 3310 4780 αὐτόν
3331 4744 3391 4780 τε
3420 4728 3664 4798 περιέχει
3683 4730 3873 4795 αὐτοῖς

2318 4816 2594 4887 στοιχείοις
2611 4818 2706 4870 καὶ
2726 4817 3117 4888 χαρακτῆρσιν,
3139 4816 3273 4880 οῐοις
3302 4819 3332 4871 ὁ
3354 4818 3541 4890 Σωτὴρ
3566 4819 3727 4889 ήμῶν
3747 4821 3883 4877 ἀνα-

2314 4907 2607 4979 γράφεται·
2650 4907 2728 4971 ὡς
2751 4907 2851 4978 τὴν
2880 4905 3045 4960 αὑτοῦ
3064 4907 3289 4979 δύναμιν
3315 4908 3409 4962 τοῦ
3439 4909 3691 4980 Σωτῆρος
3719 4912 3883 4983 ἡμῶν

2328 4997 2499 5069 Ἰησοῦ
2522 4999 2643 5051 ἀντὶ
2661 4997 2944 5067 περιϐόλου
2968 4999 3063 5051 καὶ
3085 4999 3295 5070 τείχους
3322 4999 3550 5072 στερροῦ
3572 5002 3686 5065 τοῖς
3702 5002 3881 5069 ἀξίοις

2315 5088 2407 5142 τοῦ
2434 5086 2570 5141 Θεοῦ
2592 5087 2860 5156 γενέσθαι.

2387 5240 2407 5273 ι
2441 5223 2553 5277 Καὶ
2579 5223 2680 5276 οὐκ
2705 5221 2858 5276 ἔσται
2892 5222 2971 5277 [τι
3010 5240 3092 5277 σοι
3120 5225 3151 5277 ὁ
3187 5223 3339 5295 ήλιος
3370 5225 3451 5289 είς
3482 5224 3599 5295 φῶς
3634 5227 3876 5299 ήμὲρας,

2312 5313 2431 5367 οὐδὲ
2461 5314 2690 5385 ἀνατολὴ
2744 5315 2968 5386 σελήνης
3017 5318 3208 5386 φωτιεϊ
3258 5333 3351 5368 σου
3388 5317 3488 5387 τὴν
3512 5316 3682 5371 νύκτα
3699 5334 3714 5349 ·
3757 5319 3876 5372 ἀλλ’

2311 5403 2460 5457 ἔσται
2484 5422 2567 5457 σοι
2590 5404 2789 5475 Κύριος
2810 5405 2925 5474 φῶς
2951 5405 3186 5473 αίὼνιον,
3212 5406 3349 5459 καὶὸ
3369 5405 3521 5471 Θεὸς,
3538 5406 3665 5471 δόξα
3696 5425 3815 5464 σου.
3846 5426 3871 5462 s

2307 5494 2481 5565 Στήλη
2502 5495 2559 5548 δέ
2588 5512 2670 5555 τις
2698 5496 2848 5550 ἔσται
2871 5497 2987 5567 φῶς
3007 5497 3467 5570 ἀπαστράπτουσα
3491 5499 3656 5563 θεῖον,
3678 5500 3744 5553 τὸ
3774 5500 3875 5553 σῶ-

2308 5603 2385 5655 μα
2408 5587 2508 5657 τῆς
2534 5587 2895 5654 ἀναστάσεως,
2920 5590 2981 5643 τὸ
3008 5590 3295 5663 λεγόμενον
3323 5592 3535 5661 ἱμάτιον
3566 5592 3865 5664 Σωτηρίου.

670 5662 1039 5716 vestimentum
1061 5662 1341 5720 Salutaris.
1371 5663 1485 5719 Non
1512 5665 1656 5721 enim
1679 5665 1814 5721 ultra
1844 5682 2043 5737 corpus
2065 5683 2212 5723 mor-

2342 5676 2499 5730 ιὺκέτι
2524 5678 2630 5748 γὰρ
2659 5677 2885 5733 θανάτου
2917 5681 3094 5752 σῶμα,
3119 5662 3231 5735 οἷον
3268 5682 3298 5733 6
3332 5681 3539 5745 Παῦλος
3564 5662 3753 5753 tamab
3780 5682 3868 5736 λέ-

673 5754 742 5808 tis
771 5752 894 5821 erit,
921 5754 1075 5823 quale
1108 5753 1306 5813 Paulus
1336 5756 1640 5814 declarabat
1682 5757 1765 5815 bis
1790 5759 1992 5826 verbis,
2032 5778 2051 5812 ι
2077 5758 2208 5826 Quis

2342 5785 2448 5821 ων*
2483 5786 2503 5819 ι
2534 5767 2631 5831 Τίς
2658 5785 2725 5839 με
2754 5769 2975 5841 ῥύσεται
3009 5772 3075 5826 ὲκ
3104 5770 3198 5827 τοῦ
3228 5770 3474 5841 σώματος
3509 5770 3605 5825 τοῦ
3634 5752 3867 5830 θανάτου
