4124 6398
750 480 854 540 699

752 599 867 665 Ipse
913 601 1039 643 vero
1088 582 1342 639 Dominus
1368 586 1471 641 est,
1501 574 1589 644 qui
1615 582 1665 628 te
1702 578 1938 624 sanctam
1962 562 2285 625 Ecclesiam,
2313 561 2358 621 Α

752 659 1004 752 perfectis
1062 670 1314 727 membris
1371 671 1731 725 constantem,
1760 673 1827 714 ex
1877 659 2056 727 prisco
2099 662 2289 720 nempe

759 746 954 842 populo
982 775 1035 821 et
1070 765 1169 818 hoc
1208 772 1346 813 novo
1380 770 1447 811 ex
1487 752 1729 823 gentibus
1766 746 2003 810 coeunti,
2039 746 2090 798 in
2124 756 2287 811 spon-

754 836 867 921 sam
904 860 1125 928 accepit.
1167 852 1366 908 Deinde
1412 847 1703 903 Ecclesiam
1750 843 1920 911 ipsam
1952 836 2276 907 alloquitur:

754 953 923 1021 llujus
970 924 1059 1003 ﬁlii
1111 942 1399 999 secundum
1437 950 1651 993 carnem
1693 932 1907 987 fuerunt
1934 928 2095 983 divini
2123 924 2285 979 disci-

755 1044 888 1115 puli,
916 1040 1003 1111 qui
1046 1046 1307 1092 summam
1354 1043 1483 1097 erga
1530 1027 1706 1096 ipsam
1747 1021 2069 1077 cbaritatem
2102 1026 2285 1069 serva-

757 1105 1037 1197 ἓιιηιςίιει
1091 1133 1151 1180 ιιι
1204 1123 1291 1179 illa
1339 1118 1554 1176 dilectio
1596 1113 1787 1171 similis
1830 1111 2075 1165 videatur
2110 1105 2160 1160 ei
2186 1118 2289 1174 qua

756 1193 973 1278 allectus
1003 1226 1085 1271 est
1111 1212 1324 1285 juvenis
1343 1222 1462 1264 cum
1494 1204 1697 1274 virgine
1720 1199 1990 1257 habitans.
2021 1195 2113 1250 Sic
2145 1193 2291 1247 laeta-

756 1313 901 1367 bitur
958 1306 1214 1362 Duminus
1264 1312 1425 1369 super
1463 1304 1538 1359 te,
1588 1288 2036 1363 quemadmodum
2069 1294 2290 1354 sponsus

755 1414 915 1469 super
952 1408 1167 1465 sponsa.
1204 1388 1410 1443 Etenim
1437 1385 1503 1440 de
1552 1382 1691 1439 coelo
1720 1377 1998 1436 descendit
2049 1372 2290 1443 unigeni-

758 1463 869 1545 tum
911 1463 1004 1541 Dei
1034 1482 1285 1544 Verbum,
1316 1486 1373 1532 ut
1402 1475 1735 1553 fructiferam
1766 1470 2075 1526 ostenderet
2107 1463 2291 1520 Eccle-

756 1583 914 1645 siam,
961 1589 1117 1645 quam
1168 1573 1277 1641 ipse
1323 1567 1423 1623 sibi
1474 1565 1733 1635 virginem
1792 1570 1995 1615 castam
2036 1555 2290 1619 admovit,

759 1687 864 1726 non
894 1670 1175 1724 habentem
1204 1660 1466 1717 maculam
1510 1670 1683 1725 neque
1717 1652 1959 1718 sordem,
1986 1650 2093 1703 imo
2122 1648 2293 1716 potius

764 1766 1001 1814 sanctam
1028 1764 1081 1808 et
1114 1748 1528 1806 immaculatam.
1577 1744 1658 1799 Ab
1691 1743 1781 1796 illo
1816 1738 1980 1809 igitur
2004 1733 2291 1805 evangelici

763 1845 995 1904 instituti
1032 1842 1235 1898 semina
1270 1837 1560 1906 accipiens,
1598 1830 1962 1900 spiritualibus
2012 1825 2291 1881 sacriﬁciis

759 1950 814 1994 et
851 1938 1053 1994 sanctis
1082 1934 1332 2004 operibus
1353 1929 1640 1999 fulgentem
1667 1936 1914 1994 sponsam
1940 1918 2197 1974 exhibuit.

828 2113 990 2167 Vsus.
1025 2111 1139 2165 6-8.
1181 2126 1198 2159 ι
1224 2107 1289 2161 Et
1333 2119 1491 2175 super
1536 2115 1718 2156 muros
1774 2107 1915 2164 tuos,
1974 2091 2295 2159 Jerusalem,

760 2199 1010 2257 constitui
1040 2197 1284 2252 custodes
1313 2202 1420 2247 tota
1448 2191 1540 2245 die
1586 2202 1641 2243 et
1661 2198 1782 2267 _tota
1822 2194 1999 2249 nocte,
2036 2186 2127 2254 qui
2162 2198 2298 2237 nun-

759 2305 919 2361 quam
963 2288 1230 2351 tacebunt,
1272 2293 1536 2337 memores
1580 2276 1809 2333 Domini.
1870 2273 1985 2330 Non
2031 2281 2114 2327 est
2154 2270 2298 2327 enim

761 2380 917 2436 vobis
952 2378 1161 2441 similis,
1195 2375 1240 2430 si
1275 2372 1533 2441 corrigat,
1568 2378 1624 2424 et
1645 2368 1808 2421 faciat
1838 2362 2136 2421 Jerusalem
2171 2375 2298 2432 gau-

760 2471 907 2526 dium
933 2468 986 2522 in
1017 2477 1173 2521 terra.
1207 2460 1414 2518 Juravit
1451 2458 1707 2514 Dominus
1738 2469 1834 2525 per
1874 2453 2097 2523 gloriam
2126 2465 2299 2515 suam,

764 2565 819 2610 et
848 2568 942 2623 per
968 2549 1332 2606 furtitudinem
1362 2544 1569 2602 brachii
1595 2544 1695 2599 sui.
1718 2562 1737 2595 ι
1764 2541 1900 2597 Olim
1934 2541 2128 2610 quippe
2154 2549 2300 2609 gesta

765 2654 893 2699 sunt
924 2642 1048 2705 ista,
1075 2653 1194 2693 cum
1241 2636 1472 2690 fructum
1502 2647 1655 2687 suum
1687 2632 1738 2685 in
1768 2630 1947 2685 cibum
1977 2628 2169 2682 darent
2203 2628 2301 2681 ini-

764 2733 921 2787 micis
973 2731 1085 2797 Dei,
1131 2730 1183 2783 id
1224 2734 1459 2799 agentes,
1499 2724 1553 2779 id
1600 2731 1871 2791 curantes,
1904 2729 1963 2775 ut
2010 2729 2158 2793 gesta
2207 2734 2302 2775 sua

766 2821 1102 2879 daemonibus
1144 2833 1265 2875 esca
1322 2824 1522 2873 essent.
1572 2812 1688 2869 Jam
1732 2828 1861 2867 vero
1901 2811 1986 2875 iis,
2020 2812 2110 2880 qui
2169 2825 2304 2864 novo

766 2911 971 2967 sarculo-
1011 2908 1242 2966 donandi
1280 2916 1333 2962 et
1360 2904 1620 2977 promissa
1654 2904 1926 2974 accepturi
1981 2912 2123 2969 sunt,
2154 2902 2301 2957 iura-

764 3010 948 3057 mento
970 3000 1223 3055 Diiminus
1238 2998 1485 3061 aﬂlrmat,
1504 3010 1562 3050 se
1587 3010 1688 3049 non
1708 2996 1934 3064 amplius
1963 2993 2193 3049 inimicis
2214 2993 2306 3047 da-

770 3104 945 3145 turum
975 3105 1093 3145 esse
1130 3090 1335 3144 fructus
1366 3101 1568 3150 eorum,
1612 3087 1706 3141 sed
1755 3087 1904 3153 ipsos
1943 3085 2010 3138 iis
2053 3083 2308 3137 fruiturus

1402 457 1666 521 EUSEBII
1701 447 2167 512 CESARIENSIS
2201 446 2348 503 OPP.
2391 440 2570 499 PARS
2604 435 2691 492 ll].
2730 463 2799 475 —
2834 424 3238 487 EXEGETICA.

2384 553 2543 614 αὐτὸς
2567 549 2622 603 δὲ
2648 548 2677 600 ὁ
2702 545 2903 613 Κύριος
2930 540 3028 611 τὴν
3060 531 3253 591 ἑαυτοῦ
3283 531 3496 602 νύμφην
3533 521 3841 587 ἀπολαϐὼν,
3864 523 3928 614 σὺ.

2383 643 2481 713 την
2509 612 2668 708 ἀγίαν
2700 612 3038 703 Ἐκκλησίαν,
3091 630 3155 682 ὲκ
3186 623 3402 679 τελείων
3456 617 3629 690 μελῶν
3658 612 3931 669 συνεστῶ-

2385 700 2504 795 σαν,
2557 700 2620 782 ex
2648 744 2707 780 τε
2753 723 2847 777 τοῦ
2884 700 3148 791 προτέρου
3187 713 3315 770 λαοῦ
3358 712 3454 767 καὶ
3483 708 3576 762 τοῦ
3598 707 3720 761 νέου
3757 700 3935 768 colite

2384 822 2569 877 ὲθνῶν.
2595 813 2726 873 Εἶτα
2774 814 2868 868 καὶ⁵
2906 811 3039 883 πρὸς
3070 809 3169 878 τὴν
3202 801 3522 875 Ἐκκλησίαν
3552 798 3784 883 ποιεῖται

2384 912 2570 979 λόγους
2586 925 2601 939 υ
2622 904 2819 973 ταύτης
2847 877 3133 969 γεγόνασιν
3159 894 3265 947 υἱοὶ
3298 889 3437 945 κατά
3461 887 3635 958 σάρκα
3661 884 3711 936 oi
3740 877 3938 935 θεσπι-

2388 972 2489 1053 σιοι
2520 992 2888 1069 μαθηταὶ,τὴν
2908 987 3186 1055 εις.ἀκραν
3207 982 3377 1052 αὐτῆς
3400 977 3659 1042 σώζοντες
3680 972 3902 1069 ἀγάπην
3918 986 3933 1000 ·

2387 1058 2532 1142 ὥστε·
2580 1058 2751 1139 δοκεῖν
2805 1058 2902 1150 την
2953 1073 3245 1146 γενομένην
3274 1065 3668 1139 φιλοστοργίαν,
3695 1058 3787 1115 οἷά
3835 1076 3940 1129 περ

2366 1178 2648 1258 ’νεανίσκῳ
2682 1169 3020 1243 συνῳκηκότι
3049 1162 3316 1234 παρθένῳ.
3342 1152 3939 1258 ,ρῦτωςιεὺφρανθήρῖ

2386 1287 2475 1323 ται
2504 1237 2707 1337 Κύριος
2730 1237 2823 1315 ἐπὶ
2850 1237 2952 1322 σοὶ,
2981 1253 3227 1323 καθάπερ
3252 1248 3439 1321 ἀμέλει
3475 1244 3568 1297 καὶ
3594 1242 3826 1313 νυμφίος
3853 1237 3944 1337 ἐπὶ

2389 1326 2906 1430 νύμφηίΚαθήκετο
2940 1348 3047 1418 γὰρ
3096 1344 3154 1410 ἐξ
3185 1338 3425 1409 οὐρανῶν
3464 1336 3508 1430 ὁ-
3524 1331 3815 1405 μονογενὴς
3841 1326 3945 1430 ,τοῦ

2388 1418 2523 1504 Genii
2547 1418 2739 1514 λόγος,
2766 1418 2838 1494 ⁷ἵν’
2868 1439 3139 1508 ἔγκαρπον
3182 1430 3434 1500 ἀποφήνῃ
3459 1424 3556 1495 τὴν
3597 1418 3943 1514 Ἐκκλησίαν,

2392 1552 2455 1610 ην
2478 1510 2834 1603 αύτδςνὲαυτῷ
2864 1528 3176 1601 παρέστησε
3195 1518 3461 1610 παρθένον
3484 1515 3671 1586 ἁγνὴν,
3700 1513 3775 1583 μὴ
3795 1510 3947 1582 έχου-

2394 1605 2490 1685 σαν
2527 1627 2707 1681 σπίλον
2744 1624 2777 1694 ἢ
2814 1620 3024 1693 ῥυτίδα·
3070 1615 3229 1683 ἁγίαν
3256 1612 3311 1665 δὲ
3344 1608 3539 1680 μᾶλλον
3574 1606 3665 1659 καὶ⁵

2391 1717 2661 1787 Δεξαμένη
2698 1690 2874 1765 τοίνυν
2906 1708 3035 1779 παρ’
3073 1700 3233 1758 αὑτοῦ
3274 1700 3372 1769 τῆς
3408 1692 3767 1763 εὐαγγελικῆς
3792 1690 3945 1744 πολι-

2390 1781 2543 1871 τείας
2580 1781 2661 1858 τὰ-
2686 1801 2991 1871 σπέρματα,
3022 1790 3411 1863 πνευματικαῖς
3435 1784 3644 1845 θυσίαις
3674 1783 3773 1835 καὶ
3797 1781 3947 1847 ἀγιο-

2322 1905 2365 1960 Β
2398 1898 2628 1972 πρεπέσι
2655 1888 3036 1962 κατορθώμασι
3061 1884 3158 1955 τὴν
3203 1880 3417 1952 νύμφην
3440 1874 3825 1930 ὲκλάαπουσαν
3853 1871 3949 1924 ἀπο

2392 1986 2605 2051 έδειξεν.

2468 2096 2487 2129 ι
2513 2049 2636 2130 -Καὶ
2669 2073 2764 2126 επὶ
2792 2070 2901 2125 τῶν
2924 2064 3116 2137 τειχῶν
3143 2078 3257 2127 σου,
3288 2052 3655 2129 Ἰερουσαλὴμ,
3687 2049 3959 2120 κατέστην

2396 2188 2462 2224 σα
2487 2167 2729 2239 φύλακας
2764 2162 2889 2231 ὅλην
2926 2158 3023 2229 τὴν
3050 2154 3260 2226 ἡμέραν
3293 2148 3388 2205 καὶ
3411 2148 3536 2217 ὅλην
3560 2144 3658 2215 τὴν
3680 2141 3951 2206 νύκτα,.οι

2393 2263 2480 2316 διὰ
2500 2232 2688 2322 τέλους
2707 2255 2767 2309 ού
2800 2249 3250 2321 σιωπηθήσονται,
3278 2236 3697 2313 μιμνησκόμενοι
3722 2232 3949 2304 Κυρίου.

2398 2354 2511 2407 Ούκ
2538 2351 2651 2404 ἔστι
2679 2348 2785 2416 γὰρ
2812 2344 2937 2413 ὑμῖν
2963 2341 3163 2409 ὅμοιος,
3198 2334 3290 2387 ἐὰν
3312 2328 3597 2403 διορθώσῃ,
3629 2325 3724 2379 καὶ
3754 2322 3955 2392 ποιήσῃ

2408 2414 2767 2513 Ἰερουσαλὴμ⁷
2789 2432 3071 2504 γαυρίαμα
3102 2426 3195 2479 ἐπὶ
3240 2425 3338 2493 τῆς
3378 2424 3499 2491 γῆς.
3526 2419 3729 2513 ἰλμοσε

2397 2506 2537 2588 κατὰ
2555 2532 2653 2602 τῆς
2678 2506 2833 2597 δόξης
2868 2519 3052 2583 αὐτοῦ,
3077 2519 3169 2572 καὶ
3195 2515 3333 2570 κατά
3361 2515 3459 2584 τῆς
3485 2510 3664 2602 ἰσχύος
3693 2506 3789 2561 τοῦ
3821 2506 3958 2577 βρα-

2399 2625 2572 2695 χίονος
2602 2599 2786 2672 αὐτοῦ.
2821 2632 2840 2667 ι
2880 2610 3053 2665 Πάλαι
3094 2609 3189 2680 μὲν
3219 2606 3325 2677 γὰρ
3353 2602 3523 2665 ταῦτα
3552 2599 3791 2667 ἐγένετο,
3820 2599 3956 2667 ὀπη-

2399 2692 2526 2771 νίκα
2550 2712 2640 2767 τὸν
2658 2707 2862 2765 ἑαυτῶν
2889 2706 3095 2779 καρπὸν
3118 2701 3312 2775 βρ¹ὦμα
3333 2698 3589 2769 παρεῖχον
3606 2695 3718 2756 τοῖς
3746 2692 3959 2779 ἐχθροῖς

2400 2804 2492 2858 τοῦ
2530 2800 2685 2865 Θεοῦ,
2722 2796 2945 2850 τοιαῦτα
2968 2778 3310 2865 ίπράττοντες
3355 2787 3448 2839 καὶ
3482 2781 3834 2853 ἐνεργοῦντες
3885 2778 3961 2843 ὡς

2401 2892 2687 2965 δαιμονίων
2710 2886 2957 2958 γίνεσθαι
2972 2882 3176 2955 τροφὴν
3203 2878 3299 2943 τὰς
3323 2874 3526 2930 ἑαυτῶν
3554 2872 3780 2945 πράξεις
3801 2887 3815 2900 ⁸
3844 2870 3959 2924 νυνὶ

2402 2986 2460 3038 δὲ
2491 2959 2602 3045 τοῖς
2628 2980 2721 3034 τοῦ
2750 2978 2871 3032 νέου
2905 2974 3095 3035 αἰῶνος
3125 2963 3701 3034 καταξιωθησομένοις,
3732 2960 3828 3013 καὶ
3855 2959 3960 3013 τῶν

2406 3070 2827 3143 ἐπηγγελμένων
2866 3063 3223 3133 τευξομένοις,
3256 3059 3402 3129 ὅρκῳ
3436 3055 3660 3125 δμνυσιν
3698 3054 3728 3105 ὸ
3762 3051 3964 3123 Κύριος

771 3196 914 3237 esse.
949 3178 1091 3232 Nam
1125 3193 1247 3232 cum
1287 3176 1509 3246 probam
1544 3176 1706 3229 vitam
1754 3182 1908 3244 agant
1959 3187 2022 3227 ac
2062 3171 2307 3241 religiose
2340 3233 2358 3246 l

2412 3140 2605 3238 μηκέτι
2633 3140 2820 3216 δώσειν
2850 3158 3060 3229 ἐχθροῖς
3084 3153 3211 3213 τοὺς
3224 3145 3476 3219 -οιαρποὺς
3496 3142 3694 3207 αὐτῶν,
3729 3140 3843 3194 ἀλλ’
3870 3141 3964 3193 αύ-

771 3281 1080 3333 versentur,
1118 3284 1327 3338 equum
1367 3282 1494 3321 sane
1534 3276 1615 3320 est
1660 3275 1720 3319 ut
1761 3232 1993 3335 propriis
2046 3232 2358 3334 gaudeant‘

2410 3232 2534 3316 τούς
2566 3250 2743 3305 αὐτῶν
2775 3245 3078 3302 ἀπολαύειν,
3126 3235 3531 3309 Κατορθοῠντας
3579 3233 3688 3304 γὰρ
3725 3232 3823 3284 τὸν
3847 3233 3962 3284 κατ’

775 3364 1055 3418 fruetibus.
1094 3380 1119 3412 r
1144 3360 1201 3415 Si
1226 3360 1363 3413 ultra
1397 3357 1594 3412 dedero
1626 3357 1863 3411 triticum
1906 3363 2076 3420 tuum,
2105 3363 2161 3407 et
2206 3353 2307 3406 ali-

776 3462 956 3510 menta
980 3461 1067 3506 tua
1094 3450 1324 3505 inimicis
1348 3449 1473 3513 tuis,
1496 3456 1550 3502 et
1576 3448 1633 3501 si‘
1652 3447 1789 3500 ultra
1812 3446 2000 3501 bibant
2024 3445 2124 3499 (illi
2147 3444 2307 3499 alieni

746 3616 747 3619 η
774 3548 956 3600 vinum
986 3551 1156 3609 tuum,
1187 3541 1240 3597 in
1267 3554 1374 3612 quo
1401 3540 1654 3596 laborasti
1679 3553 1697 3592 :

847 3722 1009 3776 Vens.
1045 3720 1097 3775 9.
1146 3738 1165 3772 ι
1190 3718 1295 3775 Sed
1333 3718 1424 3788 qui
1469 3715 1802 3787 collegerint,
1831 3714 2110 3770 comedent
2138 3728 2224 3779 ea,
2258 3722 2312 3767 et

775 3810 1067 3865 laudabunt
1098 3807 1403 3872 Dominum,
1427 3816 1482 3863 et
1509 3807 1602 3876 qui
1632 3806 2098 3876 congregaverint,
2130 3804 2313 3859 bibent

782 3916 844 3956 ea
869 3902 921 3955 in
955 3901 1108 3954 atriis
1138 3899 1340 3955 sanctis
1380 3899 1532 3952 meis.
1555 3916 1575 3949 ι
1612 3897 1735 3952 Haec
1757 3910 1885 3952 vero
1910 3896 2109 3951 fuerint
2134 3896 2313 3950 multa:

789 3992 891 4047 illa;
918 3992 1222 4046 mansiones
1252 3991 1389 4059 apud
1426 3990 1659 4045 Patrem.

854 4082 1013 4138 Vens.
1052 4083 1137 4137 lo.
1178 4100 1196 4133 ι
1226 4083 1301 4137 lte
1332 4098 1425 4150 per
1446 4092 1632 4150 portas
1658 4096 1822 4136 meas.
1848 4098 1867 4132 ι
1897 4080 1992 4135 His
2022 4094 2182 4150 porro
2214 4094 2309 4134 no—

779 4173 867 4230 bis
894 4174 1337 4228 considerandam
1362 4170 1520 4226 offert
1566 4170 1840 4225 cmlestem
1877 4170 1973 4224 Dei
2016 4170 2311 4232 civitatem,

779 4262 999 4329 ejusque
1035 4268 1214 4330 portas
1246 4274 1259 4310 :
1289 4273 1409 4329 qua:
1453 4256 1631 4312 omnia
1676 4257 1731 4309 in
1785 4256 1894 4319 illo,
1932 4255 2071 4324 quod
2102 4254 2317 4323 pollice-

782 4364 890 4420 tur,
920 4351 1114 4407 smculo
1152 4350 1330 4420 dignis
1357 4348 1677 4419 pandentur.
1710 4362 1773 4402 ac
1803 4348 2046 4403 dicetur:
2086 4346 2198 4400 the
2224 4360 2318 4413 per

779 4452 965 4511 portas
998 4456 1165 4506 meas,
1188 4449 1240 4495 et
1269 4441 1408 4495 viam
1440 4437 1599 4493 facite
1632 4436 1822 4506 popqu
1847 4451 1985 4500 meo,
2013 4436 2320 4504 lapidesque

780 4535 847 4589 de
874 4535 954 4587 via
978 4531 1236 4602 projicite.
1267 4532 1479 4585 Elevate
1503 4531 1712 4599 signum
1748 4530 1799 4581 in
1828 4537 2035 4597 gentes.
2062 4546 2080 4578 ι
2107 4525 2317 4581 Nullum

783 4625 943 4683 enim,
972 4622 1163 4690 inquit,
1196 4621 1651 4689 impedimentum,
1684 4616 1857 4670 nullus
1884 4617 2020 4669 obex
2049 4615 2174 4678 erit,
2218 4628 2322 4667 non

782 4713 1006 4776 invidia,
1028 4728 1130 4766 non
1156 4712 1313 4776 livor,
1342 4725 1444 4765 non
1460 4717 1748 4779 praetextus
1774 4708 2061 4778 quispiam,
2089 4722 2192 4761 non
2218 4704 2326 4761 dte-

793 4817 935 4866 mou,
964 4818 1067 4857 non
1102 4802 1321 4871 spiritus
1367 4800 1650 4869 malignus,
1685 4814 1789 4853 non
1824 4800 2130 4855 adversaria
2178 4808 2325 4867 pote-

782 4905 893 4949 stas
928 4894 1100 4947 oberit
1152 4892 1340 4962 p0pulo
1375 4906 1516 4959 meo,
1556 4891 1837 4961 quominus
1876 4891 1925 4945 in
1961 4905 2183 4960 regnum
2214 4905 2325 4943 C(8-

786 4983 959 5039 lorum
1004 4985 1352 5054 ingrediatur.
1385 4983 1509 5040 Hiec
1540 4993 1717 5040 autem
1755 4982 2077 5052 quibusdam
2129 4981 2329 5051 angeli-

786 5075 867 5129 cis
900 5075 1182 5129 virtutibus
1215 5075 1478 5129 dicentur.

862 5250 1022 5304 Vens.
1049 5252 1133 5317 ll,
1160 5252 1246 5307 12.
1280 5272 1296 5303 ι
1320 5252 1456 5307 Ecce
1478 5252 1619 5307 enim
1644 5251 1896 5304 Dominus
1924 5252 2160 5305 auditum
2204 5248 2329 5303 fecit

794 5353 961 5405 usque
1002 5342 1065 5392 ad
1104 5352 1401 5394 extremum
1435 5350 1610 5404 teme,
1647 5340 1817 5393 Dicite
1851 5342 1970 5394 tilia:
2011 5339 2162 5401 Sion,
2198 5338 2331 5391 Ecce

794 5428 1038 5481 Salvator
1070 5430 1158 5482 tibi
1190 5430 1330 5483 venit
1355 5431 1553 5485 habens
1586 5432 1882 5484 mercedem
1922 5445 2095 5493 suam,
2121 5439 2173 5482 et
2200 5442 2332 5493 opus

793 5528 1106 5573 suum'ante
1141 5519 1327 5573 faciem
1373 5536 1543 5576 suam.
1584 5523 1643 5576 Et
1688 5522 1898 5574 vocabit
1928 5537 2047 5575 eum
2080 5520 2329 5589 populum

797 5620 1063 5672 sanctum,
1100 5612 1429 5678 redemptum
1485 5628 1513 5665 a
1567 5613 1811 5667 Domino.
1847 5612 1923 5665 Tu
1958 5621 2132 5665 autem
2171 5624 2327 5664 voea-

801 5691 940 5746 heris
973 5696 1225 5762 requisita
1256 5698 1468 5764 civitas,
1496 5710 1549 5753 et
1596 5716 1696 5753 non
1764 5699 1966 5753 relicta.
1997 5719 2013 5750 i
2044 5698 2119 5753 Ne
2150 5697 2336 5752 existi—

803 5793 910 5837 met
961 5785 1242 5850 quispiam,
1282 5788 1371 5851 ait,
1420 5790 1531 5846 hmc
1574 5792 1637 5845 dc
1688 5791 1907 5845 Juilaico
1960 5790 2153 5860 pupuln
2188 5790 2286 5844 dici
2324 5810 2329 5839 ;

2413 3342 2608 3416 ἀρετὴν
2637 3343 2747 3411 βίον
2768 3339 2861 3392 καὶ
2888 3332 3147 3395 θεοσεϐῶς
3165 3330 3462 3397 διάγοντας,
3491 3324 3695 3378 δίκαιον
3732 3322 3840 3375 τῶν
3876 3322 3965 3374 οί-

2414 3414 2574 3488 κείων
2602 3430 2891 3485 ἀπολαύειν
2913 3423 3156 3497 καρπῶν.
3194 3441 3213 3474 ι
3240 3421 3302 3474 Εἰ
3325 3416 3566 3471 έτιδώσω
3581 3416 3672 3468 τὸν
3687 3414 3832 3467 σῖτόν
3850 3429 3964 3478 σου,

2414 3527 2505 3579 καί
2537 3524 2603 3578 τὰ
2634 3520 2891 3595 βρώματά
2920 3536 3011 3570 σου
3031 3518 3141 3579 τοῖς
3165 3513 3375 3584 ἐχθροῖς
3400 3526 3515 3574 σου,
3532 3506 3627 3561 καὶ
3648 3506 3728 3559 ἔτι
3756 3506 3966 3559 πίονται

2415 3619 2521 3671 υίοὶ
2540 3616 2805 3684 ἀλλότριοι
2862 3612 2952 3664 τὸν
2995 3605 3136 3662 οἶνόν
3178 3623 3294 3669 σου,
3340 3603 3422 3671 ἐφ’
3445 3595 3489 3669 ᾧ
3521 3598 3861 3670 ἐμόχθησας·

2492 3707 2625 3763 Ἀλλ’
2669 3707 2718 3758 οἱ
2758 3699 3146 3769 συναγαγόντες
3184 3696 3443 3764 φάγονται
3475 3688 3637 3755 αὐτὰ,
3683 3688 3775 3741 καὶ
3830 3686 3969 3739 αἰνέ-

2418 3818 2566 3855 σουσι
2592 3796 2815 3868 Κύριον,
2859 3793 2953 3846 καὶ
2986 3792 3034 3843 οἱ
3079 3785 3467 3855 συναγαγόντες
3500 3782 3712 3834 πίονται
3739 3780 3879 3833 αύτά
3912 3780 3968 3831 έν

2415 3892 2531 3952 ταῖς
2584 3860 2841 3941 ἐπαύλεσι
2878 3884 2995 3944 ταῖς
3037 3878 3216 3946 ἁγίαις
3268 3892 3389 3946 μου.
3423 3892 3461 3943 »ν
3484 3867 3608 3925 Είεν
3640 3870 3684 3922 δ’
3713 3868 3779 3922 ἂν
3814 3860 3969 3921 αὗται

2416 3983 2471 4033 αί
2498 3978 2684 4032 πολλαὶ
2711 3974 2867 4046 μοναὶ
2891 3974 2947 4026 αί
2977 3970 3124 4041 παρὰ
3143 3967 3217 4037 τῷ
3242 3963 3433 4037 Πατρί.

2498 4090 2515 4122 ι
2548 4065 2847 4140 Πορεύεσθε
2881 4063 2968 4116 διὰ.
2990 4062 3098 4114 τῶν
3127 4057 3307 4111 πυλῶν
3338 4071 3458 4127 μου.
3499 4073 3520 4107 ι
3552 4054 3710 4107 Νοεῖν
3750 4052 3806 4105 δὲ
3845 4051 3974 4121 ἡμῖν

2420 4160 2647 4232 παρέχει
2676 4157 2764 4212 διὰ
2791 4154 2992 4209 τούτων
3029 4151 3125 4223 τὴν
3154 4146 3470 4218 ἐπουράνιον
3504 4144 3599 4198 τοῦ
3633 4143 3768 4197 Θεοῦ
3801 4142 3970 4204 πόλιν,

2536 4253 2633 4313 τὰς
2663 4249 2827 4318 αὐτῆς
2859 4245 3029 4306 πύλας
3047 4259 3059 4271 ·
3091 4240 3126 4294 ἃ
3150 4240 3212 4309 δὴ
3235 4238 3409 4292 πάντα
3432 4236 3572 4289 κατά
3594 4234 3685 4287 τὸν
3704 4230 3966 4301 ἐπηγγελ-

2426 4343 2579 4414 μένον
2627 4339 2795 4394 αἰῶνα
2843 4335 3339 4403 ἀναπετασθήσεται
3380 4332 3491 4392 τοῖς
3524 4324 3695 4391 ἀξίοις
3749 4323 3845 4377 καὶ
3894 4322 3976 4374 λε-

2423 4431 2695 4504 χθήσεταιο
2742 4449 2761 4483 ι
2790 4427 3085 4500 Πορεύεσθε
3115 4426 3199 4478 διὰ
3222 4423 3330 4476 τῶν
3360 4419 3541 4474 πυλῶν
3573 4435 3695 4487 μου,
3740 4417 3834 4469 καὶ
3864 4415 3976 4468 ὁδο-

2425 4502 2683 4596 ποινήσατε
2724 4521 2801 4591 τῷ
2839 4519 2953 4589 λαῷ
2988 4536 3109 4590 μου,
3150 4516 3241 4570 καὶ
3277 4514 3402 4575 τοὺς
3429 4510 3605 4572 λίθους
3639 4508 3704 4561 ἐκ
3730 4508 3830 4577 τῆς
3858 4502 3975 4559 6δοῦ

2423 4616 2755 4687 διαρῤίψατε.
2794 4611 3051 4681 Ἐξάρατε
3084 4606 3358 4676 σύσσημον
3383 4605 3460 4666 είς
3484 4600 3550 4654 τὰ
3571 4599 3719 4668 ἔθνη.
3752 4617 3771 4650 ι
3801 4597 3978 4668 Μηδὲν

2425 4708 2553 4777 γὰρ,
2584 4706 2765 4777 φησιν,
2801 4702 2948 4755 ἔσται
2978 4699 3222 4769 κώλυμα,
3259 4695 3390 4766 μηδὲ
3420 4691 3690 4764 ἐμπόδιον,
3732 4689 3867 4759 μηδέ
3898 4704 3978 4750 τις

2428 4797 2637 4865 φθόνος,
2674 4792 3115 4870 μηδὲὶβάσκανος,
3148 4786 3222 4857 μὴ
3260 4783 3529 4855 πρόφασίς
3564 4799 3644 4845 τε,
3704 4779 3837 4849 μηδὲ
3870 4778 3980 4831 δαί-

2432 4906 2567 4959 μων,
2609 4888 2682 4957 μὴ
2718 4884 2930 4952 πνεῦμα
2976 4880 3226 4951 πονηρὸν,
3268 4878 3339 4948 μὴ
3377 4876 3599 4944 δύναμις
3635 4870 3979 4939 ἀντικειμένη

2430 4978 2769 5033 διακωλυέτω
2794 4976 2882 5028 τὸν
2911 4973 3036 5027 λαὸν
3059 4971 3146 5024 τὸν
3178 4968 3305 5038 ἐμὸν
3340 4970 3417 5030 είς
3445 4966 3540 5037 τὴν
3569 4963 3845 5033 βασιλείαν
3878 4960 3982 5013 τῶν

2432 5070 2667 5141 οὐρανῶν
2720 5067 2961 5120 εἰσιέναι.
3005 5060 3187 5115 Ταῦτα
3215 5060 3271 5112 δὲ
3317 5057 3451 5128 πρός
3495 5072 3643 5118 τινας
3691 5052 3982 5121 ἀγγελικάς

2430 5162 2743 5231 λεχθήσεται
2772 5157 3043 5224 δυνάμεις,

2510 5272 2527 5303 ι
2568 5252 2694 5303 Ἰδοὺ
2721 5247 2828 5318 γὰρ
2860 5245 3059 5315 Κύριος
3093 5242 3342 5311 εποίησεν
3370 5235 3632 5293 ἀκουστόν
3672 5234 3777 5298 ἕως
3829 5232 3984 5303 ἐσχά-

2434 5362 2524 5397 του
2554 5343 2650 5411 τῆς
2674 5340 2796 5408 γῆς·
2824 5338 3023 5391 Εἴπατε
3073 5338 3136 5405 τῇ
3181 5332 3405 5403 θυγατρὶ
3436 5329 3603 5381 Σιών
3658 5327 3786 5380 Ἰδοὺ
3818 5328 3847 5378 ὁ
3881 5326 3987 5378 Σω-

2435 5435 2535 5504 τήρ
2566 5449 2647 5483 σοι
2679 5428 3046 5499 παραγέγονεν
3079 5426 3214 5492 ἔχων
3243 5422 3330 5474 τὸν
3357 5418 3546 5473 ἑαυτοῦ
3576 5417 3785 5489 μισθὸν,
3810 5416 3984 5470 καὶτὸ

2438 5522 2592 5590 ἔργον
2629 5516 2787 5572 αὑτοῦ
2824 5515 2929 5585 πρὸ
2959 5512 3241 5584 προσώπου
3276 5508 3459 5562 αὑτοῦ.
3495 5508 3605 5560 Καὶ
3636 5506 3854 5559 καλέσει
3891 5505 3979 5557 αὐ⁸

2436 5614 2525 5665 τὴν
2581 5613 2707 5664 λαὸν
2751 5610 2922 5675 ἅγιον,
2967 5602 3364 5675 λελυτρωμὲνον
3409 5600 3512 5653 ὑπὸ
3554 5600 3780 5669 Κυρίου.
3835 5599 3904 5651 Σὺ
3930 5597 3983 5649 δὲ

2442 5702 2537 5768 xli;
2546 5700 2682 5770 θήσῃ
2708 5692 3100 5763 ὲπιζητουμὲνη
3128 5691 3281 5753 πόλις
3323 5690 3416 5743 καὶ
3457 5689 3553 5743 οὐκ
3582 5688 3983 5756 ἐγκαταλελειμ-

2447 5790 2594 5857 μένῃ.
2637 5808 2651 5837 i
2683 5786 2773 5855 Μὴ
2799 5784 2903 5853 γὰρ
2930 5781 3187 5851 νομιζέτω
3212 5798 3309 5843 τις,
3354 5781 3532 5851 φησιν,
3576 5779 3704 5849 περὶ
3735 5778 3825 5833 τοῦ
3864 5781 3979 5831 ἰουι
