4124 6430
282 381 380 439 591

1232 377 1732 438 (ΞΟΜΙΕΝΤΔΚΙΔ
1767 377 1837 435 IN
1873 378 2124 438 ιειωι.
2164 412 2235 423 -
2266 381 2414 439 CAP.
2455 381 2637 438 LXIII.

3413 388 3520 442 502

280 495 446 552 δαίων
471 494 604 550 λαοῦ
629 494 799 550 ταῦτα
819 495 1064 569 είρῆσθαι
1079 514 1094 528 ⁸
1122 498 1420 572 ἐπειδήπερ
1442 498 1618 553 πάντα
1638 500 1706 554 τά
1724 499 1847 571 ἔθνη

1953 483 2205 573 quoniam
2235 519 2423 560 omnes
2453 513 2640 577 gentes
2664 502 2878 576 signum
2905 503 3086 559 levare
3107 503 3284 571 jubet,
3322 512 3375 559 et
3395 519 3513 559 om-

281 587 342 642 τδ
399 590 630 660 σημεῖον
666 587 914 662 αἴρεσθαι
950 590 1293 660 προστάττει,
1353 592 1449 644 καὶ
1492 591 1700 655 πάντας
1747 591 1852 655 ιως

283 673 518 744 ἐσχάτου
574 674 676 746 τῆς
726 675 830 748 γῆς
896 677 1300 747 εὐαγγελίζεται
1354 678 1423 733 τά
1468 680 1848 752 προλεχθὼτα.

284 765 461 820 Πάλαι
494 765 594 837 μὲν
621 761 715 820 οὖν
753 767 894 821 κατά
921 768 1018 840 τὴν
1043 767 1262 840 πρώτην
1288 770 1450 825 αύτοῦ
1496 771 1794 844 παρουσίαν
1823 772 1854 824 6

285 855 446 920 αὐτὸς
493 852 562 928 ἦν
599 855 790 930 map
830 857 897 910 δι’
945 853 1020 913 ὧν
1067 858 1268 931 ἔπραξε
1306 862 1399 915 καὶ
1423 861 1687 916 πέπονθεν
1713 861 1854 934 ὑπὲρ

285 948 375 1002 τοῦ
439 947 546 1002 τῶν
607 947 908 1020 ἀνθρώπων
965 949 1152 1019 γένους
1203 952 1302 1024 τὴν
1361 954 1510 1026 παρά
1559 953 1654 1007 τοῦ
1716 952 1852 1007 Θεοῦ

289 1039 555 1110 σωτηρίαν
579 1040 695 1103 τοῖς
719 1042 798 1104 είς
818 1041 978 1096 αὐτὸν
1009 1042 1320 1097 πιστεύουσι
1342 1045 1635 1117 προξενῶν,
1660 1045 1789 1118 παρ’
1809 1038 1855 1113 ᾧ

287 1131 380 1184 καὶ
409 1129 614 1202 Ἰησοῦς
636 1129 949 1204 ὠνομάσθη,
985 1132 1125 1187 κατά
1145 1133 1244 1208 τὴν
1265 1135 1359 1190 τοῦ
1387 1135 1614 1206 ἀγγέλου
1650 1153 1854 1208 μαρτυ-

291 1222 424 1293 ρίαν.

786 1317 1181 1373 ΚΕΦΔΛΔΙΟΝ
1226 1317 1342 1374 ΞΡ.

357 1445 379 1479 ι
413 1428 508 1491 Τίς
541 1421 696 1494 οὗτος
737 1431 767 1484 6
799 1432 1235 1504 παραγενόμενος
1260 1431 1321 1498 ἐξ
1361 1431 1575 1504 Ἐδὼμ,
1604 1431 1854 1507 ἐρύθημα

285 1519 512 1590 ίματίων
553 1522 620 1575 ἐκ
671 1523 871 1594 Βοσόρ;
907 1523 1078 1588 οὕτως
1119 1525 1317 1598 ὡραίας
1363 1527 1421 1580 ἐν
1456 1526 1617 1599 στολῇ
1651 1527 1852 1582 αὐτοῦ’

1951 597 2112 652 nibus
2144 611 2318 667 usque
2353 598 2420 652 ad
2469 606 2771 655 extremum
2806 606 2965 652 terra:
3000 597 3255 666 praedicta
3307 611 3490 652 anunn

1954 687 2071 742 tiat.
2107 686 2248 743 Olim
2280 688 2494 757 quidem
2541 689 2600 743 ln
2642 687 2818 758 primo
2833 671 2943 742 'suo
2983 687 3217 741 adventu
3253 686 3367 755 ipse
3399 685 3522 739 Sal-

1951 787 2127 846 vator,
2154 794 2250 850 per
2292 795 2354 836 ea
2381 795 2502 851 qua
2529 794 2626 850 pro
2659 781 2895 835 humano
2919 793 3124 847 genere
3155 777 3285 833 fecit
3317 787 3372 833 et
3395 791 3520 846 per-

1951 886 2137 942 pessus
2165 881 2268 938 est,
2301 886 2418 926 eam
2455 886 2574 942 qum
2598 887 2632 927 a
2660 873 2774 927 Deo
2803 881 2893 928 est
2941 870 3173 928 salutem
3211 870 3264 924 in
3299 883 3360 925 se
3401 883 3519 923 cre-

1952 962 2201 1019 dentibus
2229 963 2571 1028 conciliabat,
2594 962 2736 1018 unde
2766 961 2924 1019 Iesus
2961 960 3265 1033 appellatus
3297 968 3404 1028 est,
3441 973 3522 1016 se-

1953 1053 2188 1108 cundum
2232 1052 2408 1124 angeli
2442 1051 2834 1108 testimonium.

2510 1313 2737 1372 CAPUT
2772 1311 2952 1371 LXIII.

2023 1406 2190 1462 Vsus.
2219 1408 2271 1462 l.
2307 1425 2326 1460 ι
2358 1407 2488 1475 Quis
2515 1417 2598 1464 est
2622 1410 2725 1464 iste
2749 1409 2841 1479 qui
2870 1406 3020 1463 venit
3048 1408 3112 1463 de
3140 1407 3330 1470 Edom,
3359 1404 3527 1462 rubor

1954 1501 2400 1557 vestimentorum
2435 1501 2504 1558 de
2527 1501 2728 1557 Bosor?
2750 1500 2832 1557 sic
2859 1499 3128 1556 formosus
3152 1501 3205 1555 in
3225 1498 3363 1555 stola
3390 1513 3513 1562 sua,

286 1609 376 1680 βία
408 1612 545 1682 μετά
589 1592 976 1683 ίσχύοςίἙγὼ
1019 1592 1719 1688 διαλέγομαι-δικαιοσύνην
1762 1619 1847 1672 καὶ

1953 1593 2214 1650 violentia
2263 1609 2384 1650 cum
2414 1594 2759 1650 fortitudine.
2787 1593 2904 1666 Ego
2926 1593 3123 1665 loquor
3157 1592 3428 1662 justitiam
3472 1597 3530 1645 et

283 1699 459 1772 κρίσιν
486 1702 778 1772 Σωτηρίου.
812 1721 832 1754 ι
863 1703 1283 1775 Προσωποποιεῐ
1315 1707 1344 1759 6
1373 1705 1530 1775 λόγος
1556 1708 1855 1779 ἐρωτήσεις

1951 1684 2217 1757 judicium
2267 1685 2599 1741 Salutaris.»
2645 1684 3055 1757 lnterrogantes
3099 1683 3306 1740 inducit
3336 1695 3530 1753 perso-

279 1789 438 1842 τινῶν
472 1789 722 1862 ὁρώντων
748 1791 838 1845 τὸν
863 1790 1098 1862 Χριστὸν
1127 1793 1408 1866 πολεμικῷ
1441 1775 1680 1866 σχήματι
1723 1775 1847 1849 θεω-

1957 1791 2055 1833 nas
2085 1775 2346 1848 quasdam
2385 1775 2668 1832 Christum
2719 1776 2916 1832 bellico
2961 1776 3150 1831 habitu
3203 1782 3261 1829 et
3293 1779 3531 1828 cruento

281 1848 540 1950 petiti.sz
575 1882 668 1934 καὶ
689 1881 786 1953 τὴν
817 1848 1108 1953 περιϐολὴν
1137 1848 1455 1956 ᾑμαγμένον
1475 1848 1566 1940 Ϋὲἑ
1593 1848 1686 1941 καί
1715 1886 1847 1959 πρὸς

1953 1871 2157 1926 amictu
2202 1869 2444 1926 videntes
2476 1885 2488 1918 :
2515 1883 2636 1939 qua
2683 1868 2948 1940 stupendo
3002 1868 3202 1924 vestitu
3239 1866 3532 1938 perculsae,

278 1966 534 2038 ἀλλήλους
559 1971 690 2038 φασὶ
712 1970 774 2023 τὸ
801 1969 949 2035 ξένον
968 1970 1060 2025 τοῦ
1086 1975 1366 2045 σχήματος
1389 1973 1816 2047 ἐκπληττόμενοι
1831 1993 1845 2006 ·

284 2073 304 2108 ι
343 2055 439 2119 Τίς
477 2050 630 2121 οὗτος
671 2059 699 2112 6
745 2060 1189 2131 παραγενόμενος
1227 2057 1289 2125 ἐξ
1349 2059 1545 2131 Ἑδῶμ,
1597 2060 1851 2134 ἐρύθημα

279 2145 510 2216 ἱματίων
542 2151 606 2201 ἐκ
635 2149 838 2221 Βοσόρ;
887 2169 907 2203 ι
965 2150 1180 2222 Ἐπειδὴ
1223 2150 1334 2223 γὰρ
1368 2153 1402 2223 ἠ
1461 2149 1640 2222 Ἐδὼμ
1684 2153 1777 2206 καὶ
1816 2153 1849 2224 ἡ

276 2235 447 2308 Βοσὸρ
473 2237 574 2307 τῆς
611 2239 718 2293 τῶν
746 2239 1056 2310 ἀλλοφύλων
1083 2240 1268 2314 χώρας
1296 2242 1391 2297 καὶ
1421 2241 1509 2296 ἀεὶ
1544 2241 1654 2296 τῶν
1695 2241 1852 2295 πολε-

279 2325 415 2398 μίων
453 2329 549 2382 τοῦ
600 2329 814 2404 Ἰσραὴλ
841 2334 1216 2404 τυγχάνουσιν,
1255 2319 1479 2399 εἰκότως
1520 2334 1610 2388 διά
1648 2333 1852 2389 τούτων

275 2417 383 2471 τῶν
411 2417 690 2489 ὀνομάτων
714 2421 812 2484 τάς
842 2423 1224 2494 ἀντικειμένας
1250 2423 1511 2496 δυνάμεις
1532 2425 1847 2489 αἰνίττεται,

278 2507 371 2562 καὶ⁵
405 2508 514 2562 τῶν
559 2511 943 2583 ἀνῃρημένων,
990 2516 1084 2569 καὶ
1116 2515 1357 2586 ὡσπερεὶ
1387 2517 1850 2588 κατεσφαγμένων

276 2597 362 2652 τὸν
405 2599 700 2672 ἱματισμὸν
745 2603 909 2657 αὑτοῦ
957 2623 1090 2675 φησι
1137 2606 1502 2675 πεφοινίσθαι.
1549 2609 1763 2680 Σφόδρα
1793 2609 1850 2663 δέ

277 2690 435 2745 αὐτὸν
465 2692 674 2748 ἀλλοῖον
701 2696 936 2767 δρῶντες
969 2698 1032 2750 ἐκ
1071 2698 1171 2769 τῆς
1201 2698 1342 2753 κατά
1371 2698 1481 2752 τῶν
1512 2701 1724 2754 ἀσεϐῶν
1767 2718 1850 2754 τι·-

279 2781 508 2854 μωρίας,
536 2785 658 2839 οὐδὲ
691 2787 976 2858 γνωρίζειν
1007 2789 1242 2844 ἐοίκασιν
1281 2791 1465 2857 αὑτὸν,
1501 2793 1724 2864 φαιδρὸν
1755 2793 1850 2847 καὶ

276 2874 505 2946 γαληνὸν
544 2878 638 2932 καὶ
677 2880 885 2951 ἥμερον
920 2880 1083 2935 αὑτὸν
1114 2881 1486 2952 ἐπιστάμεναν
1521 2883 1602 2938 διὸ
1641 2884 1847 2940 πυνθά-

276 2982 455 3018 νονται
509 2966 790 3036 λέγοντες;
832 2988 850 3022 ι
888 2972 983 3035 Τίς
1014 2962 1168 3036 οὗτος
1231 2973 1261 3024 6
1303 2975 1742 3046 παραγενόμενος
1789 2977 1848 3045 ἐξ

290 3053 482 3127 Ἑδὼμ,
503 3057 753 3130 ἐρύθημα
770 3060 995 3130 ίματίων
1010 3062 1073 3115 ἐκ
1085 3061 1283 3132 Βοσόρ;
1309 3081 1430 3114 ι-ι
1453 3063 1844 3136 ’Υπερμαχῶνι

278 3142 404 3215 γάρ,
435 3145 575 3198 κατὰ
607 3146 696 3200 τὸν
724 3147 1040 3220 Σύμμαχον,
1072 3150 1180 3205 τῶν
1207 3151 1406 3218 ἀδίκως
1433 3153 1535 3208 ὑπὸ
1565 3155 1674 3209 τῶν
1703 3156 1850 3212 ἀντι·-

280 3235 543 3305 κειμένων
576 3237 856 3308 δυνάμεων
904 3244 1422 3316 καταπονουμένων,
1456 3247 1583 3310 τοὺς
1629 3246 1728 3318 μὲν
1774 3248 1851 3314 ὡς

279 3327 503 3397 ἐχθροὺς
539 3331 870 3402 μετήρχετο,
903 3333 1030 3398 τοὺς
1059 3334 1115 3388 δέ
1166 3336 1365 3400 ἔσωζεν
1407 3338 1707 3410 ἐλευθερῶν
1753 3342 1852 3414 τῆς

283 3417 382 3471 ὑπὸ
409 3422 519 3482 τοῖς
543 3421 756 3492 ἐχθροῖς
778 3422 1114 3489 δυναστείας.

350 3526 368 3558 ι
402 3509 500 3562 Διά
531 3510 584 3562 τί
620 3528 710 3564 σου
753 3513 958 3586 ἐρυθρά
983 3515 1051 3568 τά
1093 3517 1302 3587 ἱμάτια,
1337 3520 1432 3573 καὶ
1472 3521 1541 3574 τά
1579 3521 1851 3592 ἐνδύματά

281 3617 371 3654 σου
401 3602 476 3665 ὡς
505 3603 612 3657 ἀπὸ
639 3605 876 3675 πατητοῦ
902 3605 1092 3677 ληνοῦ;
1126 3611 1345 3685 Πλήρης
1378 3613 1784 3684 πεπατημένης.
1824 3637 1845 3668 a

281 3690 418 3762 Ὀρα
451 3692 510 3746 δὲ
541 3692 658 3756 πῶς
688 3695 898 3767 εἴρηται
930 3697 1088 3768 ληνὸν
1118 3703 1490 3773 πεπατηκέναι
1523 3704 1846 3775 μονώτατος.

275 3781 437 3852 Μόνῳ
468 3783 576 3855 γάρ
603 3784 752 3855 αὐτῷ
777 3786 876 3858 τὴν
902 3787 1085 3854 κρίσιν
1105 3790 1336 3846 δέδωκεν
1362 3795 1389 3847 6
1423 3795 1633 3866 Πατὴρ,
1666 3796 1765 3867 τὴν
1792 3796 1849 3850 δὲ

278 3873 381 3926 τῶν
418 3875 638 3947 ἀμαρτη
649 3877 830 3948 μάτων
860 3879 1122 3951 ἔκπραξιν
1148 3880 1307 3952 ληνὸν
1335 3883 1493 3937 εἴωθε
1528 3886 1710 3942 καλεῖν
1727 3903 1741 3917 ’
1767 3885 1795 3948 δ
1805 3885 1851 3939 ιδ

279 3966 335 4017 ἐν
377 3968 489 4029 τοῖς
527 3967 755 4039 Θρήνοις
820 3969 1087 4041 Ἱερεμίας
1131 3973 1300 4043 φησί’
1339 3992 1372 4030 ι.
1399 3975 1572 4045 Δηνὸν
1611 3977 1849 4048 ἐπάτησε

279 4053 479 4125 Κύριος
518 4057 771 4129 παρθένῳ
814 4057 1045 4131 θυγατρὶ
1095 4061 1298 4115 Ἰούδαδ
1357 4063 1451 4116 ἐπὶ
1489 4063 1696 4129 τούτοις
1740 4065 1850 4134 ἐγὼ

277 4146 464 4199 κλαίω.
498 4167 518 4199 ι
551 4149 759 4220 Ὠσπερ
779 4148 834 4201 δὲ
863 4153 894 4219 ἡ
933 4151 1026 4204 ἐπὶ
1055 4151 1115 4204 τὺ
1146 4152 1277 4206 αὐτὸ
1298 4153 1407 4207 τῶν
1434 4155 1849 4227 ἁμαρτημάτων

278 4236 495 4308 εὐθύνη,
529 4240 625 4293 καὶ
653 4242 682 4294 6
711 4239 927 4311 ἐλεγχος
959 4242 1046 4295 ἐπ’
1073 4243 1274 4308 αὐτοῖς,
1308 4244 1343 4315 ἠ
1378 4261 1436 4298 τε
1471 4244 1731 4318 ἐκπραξις
1757 4248 1850 4301 καὶ

279 4327 310 4397 ἡ
340 4329 577 4400 τιμωρία
603 4330 762 4401 ληνὸς
789 4332 1098 4403 ὠνόμασται
1121 4350 1135 4364 ⁸
1169 4334 1309 4387 οὕτω
1346 4336 1440 4389 καὶ
1477 4335 1588 4389 τῶν
1629 4337 1847 4405 ἀγαθῶν

277 4420 503 4490 καρπῶν
543 4423 606 4474 ἐκ
636 4421 736 4492 τῆς
775 4422 986 4493 ἀγαθῆς
1025 4423 1281 4494 ἀμπέλου,
1301 4427 1665 4498 τρυγωμένων
1698 4429 1849 4500 ληνοὶ

1957 1963 2032 2019 ita
2059 1972 2244 2018 mutuo
2272 1961 2659 2032 colloquuntur
2693 1979 2706 2015 :
2747 1979 2766 2013 ι
2795 1960 2926 2028 Quis
2971 1969 3057 2017 est
3098 1961 3225 2029 iste,
3253 1960 3347 2031 Qui
3385 1961 3540 2016 venit

1957 2053 2024 2108 de
2058 2053 2249 2117 Edom,
2299 2053 2465 2107 rubor
2503 2053 2945 2108 vestimentorum
2987 2067 3054 2108 ex
3104 2051 3317 2107 Bosor?
3348 2073 3368 2105 ι
3397 2052 3539 2109 Nam

1956 2145 2083 2215 quia
2111 2143 2279 2199 Edom
2324 2153 2381 2199 et
2417 2143 2589 2199 Bosor
2613 2145 3042 2217 alienigenarum
3068 2145 3320 2216 regiones
3355 2156 3536 2216 erant,

1957 2236 2141 2294 lsraeli
2180 2251 2395 2308 semper
2437 2235 2672 2304 infeste;
2709 2237 2796 2292 his
2839 2236 3158 2293 nominibus
3188 2237 3540 2297 adversaria:

1957 2337 2254 2398 potestates
2305 2337 2668 2398 congruenter
2721 2327 2970 2393 indicat,
3025 2344 3090 2384 ac
3146 2330 3540 2387 vestimentum

1958 2433 2115 2474 suum
2138 2433 2400 2474 caesorum
2434 2434 2498 2475 ac
2526 2419 2898 2490 iugulatorum
2932 2434 3128 2476 cruore
3158 2423 3310 2492 quasi
3340 2440 3538 2495 purpu-

1956 2520 2134 2565 ratum
2163 2523 2284 2565 esse
2313 2510 2466 2565 dicit.
2502 2510 2634 2565 Cum
2677 2521 2857 2567 autem
2901 2511 3077 2582 ipsum
3123 2529 3154 2567 a
3196 2527 3416 2586 sumpto
3467 2521 3540 2575 de

1955 2601 2136 2674 impiis
2170 2603 2435 2674 supplicio
2458 2603 2613 2659 valde
2650 2605 2990 2658 immutatum
3023 2614 3272 2670 cernant,
3309 2621 3379 2660 ne
3405 2609 3534 2676 qui-

1956 2695 2076 2749 dem
2093 2709 2252 2750 noase
2278 2695 2547 2762 videntur,
2574 2708 2734 2764 quem
2761 2694 2962 2758 laetum,
2998 2695 3348 2764 tranquillum
3381 2712 3532 2752 man-

1955 2795 2275 2857 suetumque
2311 2801 2432 2843 esse
2467 2787 2717 2843 sciebant
2747 2801 2762 2838 :
2795 2787 3148 2858 quamobrem
3176 2786 3528 2844 sciscitantur

1954 2878 2040 2935 bis
2067 2877 2246 2935 verbis
2271 2895 2284 2930 ε
2311 2897 2331 2931 ι
2361 2879 2491 2946 Quis
2527 2887 2610 2934 est
2631 2880 2731 2934 iste
2758 2879 2849 2949 qui
2883 2879 3031 2934 venit
3058 2879 3123 2933 de
3147 2877 3339 2945 Edam,
3359 2879 3526 2934 rubor

1955 2970 2398 3026 vestimentorum
2423 2973 2488 3026 de
2525 2971 2738 3027 Bosor?
2770 2988 2892 3023 ι-ι
2919 2966 3270 3040 Propugnans
3299 2989 3318 3022 ι
3353 2970 3521 3034 enim,

1955 3063 2250 3118 secundum
2289 3063 2695 3139 Symmachum,
2721 3077 2819 3133 pro
2849 3066 2938 3126 iis,
2970 3061 3060 3130 qui
3095 3060 3162 3114 ab
3195 3059 3522 3116 adversariis

1955 3155 2311 3225 potestatibus
2356 3153 2756 3228 allligebantur,
2812 3155 2933 3212 illos
2975 3152 3192 3223 quidem
3245 3153 3524 3210 utliostes

1953 3243 2262 3307 invadebat,
2297 3244 2398 3301 llos
2429 3254 2613 3300 autem
2653 3246 2827 3302 salute
2859 3244 3119 3312 donabat,
3155 3243 3224 3298 ab
3271 3241 3522 3299 inimico-2

1951 3351 2069 3391 rum
2099 3337 2338 3407 potentia
2375 3344 2613 3408 ereptos.

2025 3493 2187 3551 Vens.
2219 3494 2274 3548 2.
2319 3513 2338 3547 ι
2360 3494 2538 3564 Quare
2569 3495 2737 3552 rubra
2772 3495 3097 3552 vestimenta
3124 3502 3234 3561 tua,
3274 3503 3326 3549 et
3361 3493 3525 3548 indu-

1949 3596 2134 3642 menta
2168 3597 2256 3643 tua
2308 3593 2463 3658 quasi
2509 3605 2538 3644 a
2587 3590 2794 3646 calcato
2831 3589 3133 3646 torculari?
3165 3588 3366 3644 Plenus
3391 3602 3522 3643 con-

1948 3679 2182 3746 culcata.
2212 3701 2231 3734 ι
2257 3681 2392 3738 Vide
2433 3684 2700 3754 quomodo
2732 3682 2878 3739 solus
2907 3680 3148 3738 torcular
3172 3679 3525 3735 conculcasse

1950 3778 2178 3833 dicatur.
2223 3776 2331 3848 Ipsi
2385 3788 2624 3846 namque
2668 3775 2770 3831 soli
2816 3775 3078 3845 judicium
3127 3779 3276 3835 dedit
3313 3779 3518 3833 Pater:

1947 3879 2293 3939 peccatorum
2326 3883 2455 3923 vero
2483 3869 2742 3924 ultionem
2771 3871 3006 3924 torcular
3028 3872 3303 3941 appellare
3331 3873 3470 3927 solet
3502 3889 3520 3928 :

1949 3977 2120 4032 quare
2151 3963 2205 4017 in
2244 3961 2477 4017 Threnis
2509 3961 2582 4014 ait
2605 3959 2911 4017 Jeremias:
2945 3980 2964 4013 ι
2991 3961 3255 4017 Torcular
3290 3961 3522 4017 calcavit

1951 4053 2207 4110 Dominus
2230 4055 2424 4124 virgini
2458 4055 2580 4110 tilia:
2605 4054 2742 4110 Juda
2770 4073 2784 4108 :
2811 4071 2973 4126 super
3007 4055 3094 4109 his
3116 4070 3215 4125 ego
3234 4054 3387 4126 ploro
3413 4055 3515 4112 ⁸⁵.»

1949 4147 2413 4213 Quemadmodum
2467 4156 2646 4202 autem
2699 4147 2982 4203 confertim
3035 4145 3236 4201 habita:
3268 4155 3521 4218 peccato-

1949 4255 2064 4294 rum
2100 4253 2294 4310 pinnae,
2333 4239 2660 4309 redargutio,
2682 4239 2816 4295 ultio
2866 4250 2921 4294 et
2952 4239 3274 4308 supplicium
3337 4250 3520 4294 torcu-

1946 4327 2029 4382 lar
2055 4340 2322 4384 vocantur
2347 4348 2361 4396 ;
2393 4329 2469 4383 ita
2498 4336 2554 4382 et
2584 4329 2847 4384 bonorum
2875 4328 3145 4382 fructuum
3174 4344 3241 4384 ex
3265 4330 3403 4384 bona
3436 4331 3519 4384 vi-

1948 4433 2047 4474 nea
2072 4418 2468 4489 decerptorum,
2500 4418 2610 4473 Deo
2635 4418 2889 4473 amabilia
2914 4426 2968 4471 et
2996 4418 3189 4486 placita
3220 4418 3517 4474 toreularia

278 4507 535 4603 θεοφιλεῖς
583 4513 676 4566 καὶ
727 4513 846 4603 Θεῷ
887 4515 1115 4586 ἀρεσταὶ
1169 4515 1438 4584 γίνονται·
1487 4519 1573 4588 ἐφ’
1618 4515 1707 4583 αίς
1751 4521 1847 4574 καὶ

1950 4517 2208 4580 parantur
2235 4525 2248 4562 :
2275 4524 2376 4580 qua
2407 4509 2471 4564 de
2497 4523 2658 4566 causa
2691 4507 2874 4577 hymni
2903 4525 2922 4558 ι
2963 4508 3069 4560 Pro
3101 4509 3464 4565 torcularibus
3491 4529 3512 4562 ι

284 4619 302 4652 ι
324 4600 618 4673 Ἐπιλήνιοι
661 4622 679 4655 ι
715 4602 874 4673 ὕμνοι
907 4605 1146 4676 εἴρηνται
1172 4607 1228 4660 ἐν
1258 4610 1370 4672 τοῖς
1394 4609 1660 4680 Ψαλμοῖς.
1691 4629 1710 4662 ι
1744 4611 1843 4666 Διά

1950 4602 2198 4655 dicuntur
2244 4601 2298 4655 in
2347 4600 2598 4656 Psalmis.
2629 4618 2646 4651 ι
2677 4601 2857 4666 Quare
2887 4598 3048 4653 rubra
3091 4599 3432 4664 vestimenta,
3463 4609 3518 4656 et

275 4688 328 4740 τί
366 4707 456 4743 σου
499 4691 705 4764 ἐρυθρά
747 4691 817 4746 τὰ
850 4693 1060 4763 ἱμάτια,
1095 4696 1190 4748 καὶ
1232 4695 1302 4748 τά
1331 4696 1606 4770 ἐνδύματά
1640 4717 1732 4754 σου
1763 4700 1841 4774 ᾡς

276 4779 381 4833 ἀπὺ
415 4782 651 4853 πατητοῦ
685 4782 881 4854 ληνοῦ;
913 4785 1130 4857 Πλήρης
1166 4790 1568 4861 πεπατημένης.
1614 4810 1632 4842 ›
1666 4791 1843 4846 Μολύ-

276 4886 354 4924 νει
385 4871 443 4924 δὲ
478 4871 548 4925 τά
590 4873 859 4945 ἐνδύματα
896 4874 1058 4928 αὐτοῦ
1079 4917 1093 4941 ,
1131 4877 1318 4950 ὥσπερ
1351 4881 1555 4952 ἐρυθρά
1588 4884 1840 4951 γενέσθαι

276 4961 411 5014 αὖτά
435 4961 646 5031 λέγεται
670 4966 1081 5039 προσωποποιίᾳ
1110 4968 1381 5041 ἐμφατικῇ
1401 4986 1414 5000 ο
1442 4971 1630 5045 ῶσπερ
1663 4974 1752 5027 καὶ
1776 4975 1840 5027 τὸ

277 5047 412 5121 αἷμα
443 5050 549 5104 τῶν
581 5051 810 5124 ἐχθρῶν,
846 5055 973 5126 περὶ
1002 5048 1060 5108 οὗ
1108 5074 1239 5126 φησι
1259 5074 1272 5087 ·
1324 5078 1343 5111 ι
1389 5061 1498 5114 Καὶ
1529 5064 1837 5133 κατήγαγον

275 5138 334 5190 τὸ
371 5133 509 5210 αἷμα
549 5140 728 5194 αὐτῶν
760 5142 840 5204 είς
858 5144 980 5213 γῆν.
1020 5161 1039 5195 ι
1068 5144 1140 5196 Οὐ
1168 5145 1274 5215 γάρ
1305 5146 1368 5218 δὴ
1415 5148 1667 5219 αἰσθητὸν
1701 5147 1838 5223 αἷμα

275 5231 490 5301 νοητῶν
531 5226 667 5284 εῖναι
705 5232 832 5302 περὶ
860 5232 958 5296 τάς
986 5235 1364 5307 ἀντικειμένας
1389 5239 1666 5311 δυνάμεις.

348 5339 368 5372 ι
415 5323 526 5376 Καὶ
562 5324 670 5376 τῶν
702 5322 870 5376 ἐθνῶν
894 5325 993 5377 οὐκ
1027 5324 1169 5378 ἐστιν
1200 5329 1339 5400 ἀνὴρ
1376 5331 1493 5400 μετ’
1531 5332 1685 5401 ἐμοῦ.
1730 5337 1840 5390 Καὶ

272 5413 630 5486 ιιατετιιάτησαΔ
653 5414 849 5477 αὐτοὺς
877 5416 932 5468 ἐν
959 5413 1113 5486 θυμῷ
1146 5433 1266 5486 μου,
1294 5421 1387 5472 καὶ
1411 5421 1714 5476 κατέθλασα
1744 5427 1840 5478 αύ-

271 5504 396 5569 τοῦς
419 5505 496 5569 ὡς
513 5507 636 5576 γῆν,
661 5506 758 5559 καὶ
785 5508 1090 5577 κατήγαγον
1117 5509 1177 5562 τὸ
1210 5504 1346 5581 αἷμα
1362 5513 1538 5566 αὐτῶν
1557 5517 1635 5579 είς
1656 5517 1777 5587 γῆν.
1807 5538 1824 5570 ι

285 5594 501 5666 Ἐπειδὴ
535 5596 642 5666 γάρ
671 5597 886 5650 ἐδόκουν
918 5599 978 5651 τὸ
1009 5598 1265 5671 πρότερον
1296 5601 1656 5660 ἀνυπότακτοὲ
1691 5625 1830 5674 τινες

343 5772 389 5804 ’⁸
420 5771 688 5836 ‘l’liren.t,
730 5776 802 5836 13,
845 5774 901 5823 16

1944 4693 2259 4749 indumenta
2313 4705 2400 4750 tua
2453 4694 2607 4765 quasi
2653 4709 2681 4749 a
2729 4693 2940 4751 calcato
2989 4692 3288 4747 torculari?
3319 4691 3518 4750 Plenus

1944 4785 2276 4842 conculcata.
2306 4806 2325 4839 ι
2370 4787 2712 4843 Vestimenta
2740 4803 2904 4857 porro
2929 4785 3193 4852 inquinat,
3230 4786 3303 4839 ita
3330 4794 3388 4838 nt
3414 4801 3511 4838 rn-

1943 4879 2073 4933 bore
2125 4879 2421 4950 tingantur,
2479 4893 2838 4951 prosopopma
2887 4895 3018 4938 usus
3075 4880 3395 4947 aptissima;
3454 4888 3512 4932 nt

1943 4969 2108 5023 etiam
2165 4985 2286 5024 cum
2319 4971 2385 5025 de
2436 4972 2702 5043 sanguine
2741 4973 3087 5030 inimicorum
3121 4975 3193 5028 ita
3225 4972 3506 5041 loquitur:

1946 5075 1967 5110 ι
1997 5057 2062 5112 Ει
2093 5058 2289 5115 deduxi
2328 5066 2646 5132 sanguinem
2689 5079 2882 5120 eorum
2916 5067 2968 5120 in
3017 5075 3237 5121 terram.
3268 5082 3288 5115 ι
3325 5062 3512 5132 Neque

1941 5151 2083 5204 enim
2129 5153 2181 5204 in
2229 5154 2555 5210 adversariis
2609 5157 2968 5224 potestatibus
3021 5155 3339 5226 sanguinem
3392 5168 3516 5208 csse

1938 5245 2284 5314 cogitandum
2310 5256 2412 5302 est.

2011 5337 2174 5393 Vens.
2205 5338 2257 5392 5.
2301 5358 2319 5391 ι
2348 5339 2414 5394 Ει
2443 5340 2508 5395 de
2540 5341 2787 5403 gentibus
2822 5356 2928 5396 non
2961 5350 3043 5396 est
3079 5340 3160 5395 vir
3184 5352 3415 5395 mecum.
3450 5340 3512 5393 Et

1940 5428 2250 5484 conculcavi
2295 5446 2388 5485 eos
2443 5432 2493 5484 in
2548 5431 2731 5488 furore
2773 5449 2910 5494 meo.
2940 5442 2994 5486 et
3033 5432 3269 5501 confregi
3319 5445 3415 5484 eos
3457 5432 3507 5484 in

1941 5527 2165 5584 terram.
2195 5530 2248 5576 et
2295 5523 2494 5576 deduxi
2533 5524 2850 5592 sanguinem
2906 5538 3090 5578 eorum
3130 5524 3182 5577 in
3227 5531 3427 5576 terram
3485 5539 3507 5574 ι

1942 5609 2074 5666 Nam
2120 5614 2245 5682 quia
2299 5615 2446 5683 prius
2506 5629 2609 5670 non
2659 5615 2848 5672 domiti
2897 5629 3037 5683 cssc,
3075 5628 3172 5669 nec
3218 5613 3518 5670 victoriam.
