4124 6398
694 334 791 393 505

1344 325 1610 385 EUSEBII
1640 326 2115 384 CESARIENSIS
2153 326 2301 384 OPP.
2343 324 2521 382 PARS
2570 324 2657 380 Ill.
2693 352 2759 365 —
2787 321 3188 381 EXEGETICA.

3774 327 3875 383 504

692 456 983 512 concedere
1014 452 1355 513 videbantur,
1392 446 1780 517 jure-devictos
1810 445 1927 499 illos
1968 458 2033 499 ac
2073 442 2215 512 deje-
2247 448 2293 504 Α

2247 448 2293 504 Α
2320 438 2574 496 εἶναικαὶ
2612 441 2773 512 μηδὲν
2809 437 3257 511 παραχωροῦντες
3283 435 3381 506 τῆς
3414 436 3589 509 νίκης,
3628 438 3869 504 εἰκότως,

692 558 806 604 ctos
838 541 1202 613 subindicans,
1236 539 1312 593 ait
1342 537 1393 591 in
1422 544 1620 591 terram
1654 534 1914 604 deiectam
1948 533 2113 589 fuisse
2146 533 2224 587 vi-

689 636 909 692 ctoriam
939 646 1145 687 eorum.
1185 646 1202 679 ι
1229 627 1311 703 Et}
1330 624 1568 695 confregi
1598 625 1766 681 θυσίη
1795 633 2023 689 terram,
2045 633 2099 679 et
2128 623 2222 679 de-

687 726 812 780 duxi
844 723 1157 793 sanguinem
1192 731 1375 774 eorum
1408 716 1459 771 in
1490 724 1705 774 terram.
1734 733 1754 769 ι

757 900 920 956 Vens.
959 899 1013 952 ι.
1054 896 1217 950 «Dies
1248 893 1387 949 enim
1428 892 1795 947 retributionis
1848 892 1995 945 venit
2043 890 2139 952 eis,
2173 898 2227 943 et

687 1005 859 1045 annus
894 984 1275 1055 redemptionis
1315 984 1484 1037 adest.
1520 1000 1538 1035 ι
1580 982 1849 1050 Siquidem
1879 996 1982 1036 uno
2020 980 2227 1036 eodem-

688 1092 789 1145 que
837 1086 1074 1143 tempore
1131 1086 1256 1128 suos
1299 1070 1559 1135 redimet;
1589 1070 1707 1123 aliis
1761 1083 1887 1125 vero
1944 1070 2221 1131 retribuet,

689 1171 846 1233 prout
884 1162 1023 1233 apud
1065 1160 1285 1231 Moysen
1337 1158 1596 1229 scriptum
1647 1168 1771 1214 est:
1810 1177 1828 1210 ι
1852 1159 1918 1212 Ει
1969 1159 2228 1213 retribuet

686 1259 972 1313 vindictam
1024 1254 1275 1320 inimicis,
1332 1262 1385 1310 et
1424 1255 1728 1309 odientibus
1780 1269 1839 1310 se
1871 1253 2168 1308 retribuet:
2202 1272 2219 1305 ε

687 1348 1131 1419 quemadmodum
1167 1346 1232 1400 iis
1252 1385 1267 1409 ,
1292 1344 1378 1414 qui
1413 1346 1667 1413 pietatem
1696 1345 1991 1411 caluerunt,
2027 1343 2223 1399 Serva-

687 1450 776 1494 tor
806 1454 927 1494 cum
975 1437 1217 1492 mercede
1268 1450 1361 1491 sua
1394 1436 1609 1491 venisse
1659 1435 1875 1499 dicitur,
1910 1444 1965 1488 ut
2010 1434 2225 1504 praemia

686 1531 967 1594 tribueret,
995 1536 1047 1583 et
1071 1526 1250 1582 hravia
1280 1540 1522 1597 superna
1551 1526 1841 1581 vacationis
1886 1524 1951 1581 iis
1996 1526 2085 1594 qui
2131 1540 2226 1595 pro

688 1621 885 1691 pietate
938 1617 1291 1683 certaverint;
1330 1616 1403 1671 ita
1454 1626 1507 1671 et
1564 1616 1739 1685 impiis
1804 1624 1857 1671 et
1900 1616 2225 1671 contrariam

687 1714 829 1767 viam
879 1709 1109 1765 emensis
1150 1709 1261 1779 ipse
1292 1709 1451 1763 timor
1506 1707 1733 1771 accedit,
1768 1717 1823 1761 et
1850 1716 2069 1762 ventura
2097 1705 2225 1760 ultio

2322 536 2421 605 τήν
2457 529 2623 606 ἧτταν
2657 532 2869 601 καὶτὴν
2900 530 3221 585 ταπείνωσιν
3254 528 3431 582 αὐτῶν
3457 530 3870 600 αίνιτττόμενος,

2324 626 2519 694 φάσκει
2550 625 2629 687 είς
2654 624 2755 693 γῆν
2782 620 3189 691 κατενηνοχέναι
3224 619 3283 672 τὸ
3311 619 3455 683 νῖκος
3482 619 3679 673 αὐτῶν.
3714 639 3732 672 ι
3766 622 3874 675 Kal

2323 715 2671 783 κατεπάτησα
2698 713 2891 775 αὐτοὺς
2919 712 2993 775 ώς
3018 710 3142 780 γῆν,
3175 711 3269 764 καὶ
3300 711 3607 782 κατήγαγον
3634 711 3695 764 τὸ
3734 706 3872 781 αἷμα

2322 805 2498 859 αὐτῶν
2536 806 2614 868 είς
2646 804 2765 873 γῆν.
2812 824 2829 856 ι

2397 914 2416 947 ε
2470 895 2674 965 Ἡμέρα
2706 893 2813 965 γὰρ
2858 892 3261 956 ἀνταποδόσεως
3297 893 3529 965 ἐπῆλθεν
3566 893 3749 957 αὐτοῖς
3784 895 3877 948 καὶ

2324 988 2564 1052 ἐνιαυτὸς
2597 986 2910 1058 λυτρώσεως
2944 986 3190 1055 πάρεστι.
3230 1004 3248 1038 ι
3294 985 3380 1038 Ἐν
3411 986 3588 1057 ταυτῷ
3617 986 3726 1059 γάρ
3750 986 3875 1050 τοὺς

2328 1079 2428 1150 μέν
2450 1078 2679 1162 οίκείους
2724 1076 3070 1149 λυτρώσεται,
3106 1079 3215 1140 τοῖς
3245 1075 3300 1129 δέ
3324 1076 3708 1142 ἀνταποδώσει,
3736 1075 3875 1131 κατά

2324 1170 2384 1222 τὸ
2410 1168 2691 1240 εἰρημένον
2716 1168 2864 1241 παρά
2895 1168 3115 1238 Μωῦσῆ·
3148 1186 3165 1219 ι
3187 1167 3294 1220 Kal
3335 1167 3696 1220 ἀνταποδώσει
3722 1167 3876 1238 δίκην

2324 1264 2435 1325 τοῖς
2492 1261 2729 1333 ἐχθροῖς,
2787 1262 2879 1314 καὶ
2924 1264 3037 1323 τοῖς
3094 1257 3337 1331 μισοῦσιν
3406 1258 3794 1313 ἀνταποδώσει.
3850 1276 3871 1312 ε

2330 1355 2535 1425 Ὠσπερ
2574 1356 2683 1417 τοῖς
2717 1352 3089 1424 κατορθώσασι
3132 1352 3232 1425 τὴν
3277 1350 3578 1405 θεοσέϐειαν
3622 1352 3650 1403 6
3687 1351 3878 1423 Σωτὴρ

2327 1444 2537 1512 ἐλέγετο
2573 1443 2900 1514 ἐληλυθέναι,
2936 1443 3070 1514 ἔχων
3098 1443 3187 1497 τὸν
3217 1440 3407 1495 ἐαυτοῦ
3442 1442 3646 1512 μισθὸν,
3685 1441 3761 1504 ώς
3812 1440 3881 1495 ἀν

2327 1534 2424 1598 τὰς
2449 1533 2674 1604 ἀμοιϐὰς
2701 1534 2880 1604 ἀποδῷ
2909 1535 3001 1587 καὶ
3024 1532 3092 1586 τὰ
3120 1533 3345 1604 βραϐεἶα
3381 1536 3476 1603 τῆς
3502 1533 3609 1586 ἀνω
3634 1531 3879 1602 κλήσεως

2327 1627 2437 1689 τοῖς
2478 1624 2613 1697 ὑπὲρ
2648 1624 2924 1688 εὐσεϐείας
2958 1622 3375 1694 ἠγωνισμένοις·
3411 1623 3551 1676 οὕτω
3589 1624 3701 1686 τοῖς
3748 1624 3879 1676 ἀσε-

2330 1716 2446 1770 ϐἐσι
2476 1715 2567 1769 καὶ
2596 1717 2693 1786 τὴν
2722 1715 2961 1769 ἐναντίαν
2983 1715 3097 1767 ὁδὸν
3124 1713 3501 1785 πορευομένοις
3522 1715 3549 1767 ό
3581 1712 3738 1775 αύτός
3765 1714 3881 1791 ἐστι

685 1799 1009 1871 praedicitur.
1066 1798 1180 1852 «Et
1229 1797 1492 1853 retribuet
1551 1796 1836 1851 vindictam
1895 1795 2144 1860 inimicis,
2177 1806 2301 1862 etB

2260 1809 2301 1862 Β
2331 1805 2488 1874 φόϐος
2528 1805 2619 1858 καὶ
2657 1805 2717 1857 τὸ
2753 1802 3118 1875 τιμωρητικὸν
3154 1802 3301 1873 ήξειν
3334 1800 3660 1865 θεσπίζεται.
3712 1820 3731 1853 ε
3770 1800 3881 1853 Kal

685 1892 991 1948 odientibus
1017 1905 1073 1946 se
1103 1889 1382 1945 retribuet.

754 2069 920 2123 Vens.
947 2068 1002 2132 5,
1034 2066 1087 2121 6.
1119 2085 1135 2117 ι
1161 2066 1227 2120 Et
1272 2066 1478 2136 aspexi,
1510 2073 1563 2120 et
1610 2078 1715 2121 non
1746 2075 1862 2139 erat
1898 2067 2223 2121 auxiliator:

684 2166 739 2215 et
787 2156 1141 2223 consideravi,
1202 2165 1255 2212 et
1311 2156 1484 2210 nullus
1534 2165 1670 2220 erat,
1698 2156 1788 2226 qui
1838 2157 2135 2225 adjuvaret.
2162 2158 2226 2211 Et

684 2248 825 2305 eruit
862 2261 955 2303 eos
990 2247 1269 2302 brachium
1304 2261 1502 2313 meum,
1555 2257 1607 2301 et
1656 2246 1803 2301 furor
1851 2262 1999 2303 meus
2034 2250 2222 2303 adluit.

683 2338 751 2393 Et
780 2337 1087 2395 conculcavi
1112 2352 1205 2393 eos
1242 2338 1296 2392 in
1328 2339 1408 2394 ira
1432 2354 1569 2405 mea,
1603 2353 1656 2394 et
1696 2338 1887 2394 deduxi
1913 2345 2225 2409 sanguinem

687 2442 873 2485 eorum
905 2428 959 2483 in
990 2436 1206 2482 terram.
1242 2446 1259 2479 ι
1298 2427 1406 2484 Cur
1432 2430 1545 2484 haec
1573 2430 1822 2484 dicantur
1847 2430 2223 2502 intelligemus,

686 2521 731 2575 si
757 2519 1170 2591 perpendamus,
1210 2520 1472 2588 quomodo
1514 2521 1627 2591 ipse
1668 2520 1813 2576 solus
1844 2535 1961 2577 sese
2000 2536 2226 2576 evacua-

684 2613 843 2676 verit,
894 2611 1065 2666 forma
1108 2611 1246 2669 servi
1294 2622 1530 2681 accepta,
1593 2625 1653 2666 ac
1702 2626 1820 2668 sese
1868 2612 2227 2668 humiliaverit

686 2701 864 2757 factus
906 2700 1163 2757 abediens
1204 2715 1373 2771 usque
1411 2701 1475 2755 ad
1517 2710 1763 2765 mortem,
1796 2712 2022 2757 mortem
2048 2713 2223 2757 autem

686 2791 881 2847 crucis.
930 2790 1062 2845 Nam
1116 2806 1233 2861 qua:
1266 2791 1441 2846 nullus
1495 2807 1727 2861 unquam
1781 2793 2078 2859 hominum,
2127 2809 2226 2849 nec

689 2882 1020 2953 angelorum,
1054 2898 1154 2938 nec
1187 2884 1485 2939 divinarum
1527 2886 1781 2941 virtutum
1807 2886 2079 2951 sustinuit,
2116 2886 2227 2956 ipse

685 2974 833 3030 solus
869 2988 966 3045 pro
1017 2974 1192 3029 salute
1216 2984 1395 3030 nostra
1419 2976 1639 3032 exhibet
1668 2994 1682 3032 :
1717 2992 1780 3034 ac
1811 2978 1909 3048 ipsi
1938 2976 2034 3034 soli
2066 2976 2226 3034 Pater

684 3081 878 3124 nomen
906 3068 1073 3152 dedit,
1100 3069 1240 3138 quod
1271 3077 1354 3125 est
1398 3083 1561 3139 super
1593 3084 1751 3126 omne
1779 3086 1993 3134 nomen,
2026 3085 2089 3125 ac
2114 3086 2228 3125 am-

2332 1892 2688 1946 ἀνταποδώσει
2732 1894 2883 1964 δίκην
2918 1896 3028 1957 τοῖς
3075 1891 3303 1963 ἐχθροῖς,
3350 1892 3442 1945 καὶ
3483 1893 3592 1954 τοῖς
3637 1889 3883 1961 μισοῦσιν

2330 1984 2708 2039 ἀνταποδώσει.
2750 2003 2766 2035 ι

2405 2093 2422 2126 ι
2464 2076 2572 2128 Kal
2622 2075 2909 2144 ἐπέϐλεψα,
2948 2076 3039 2128 καὶ
3081 2074 3179 2127 ούκ
3220 2069 3286 2142 ἦν
3333 2072 3546 2143 βοηθός·
3588 2072 3681 2127 καὶ
3719 2088 3885 2143 προσ-

2332 2159 2544 2229 ενόησα,
2572 2160 2664 2213 καὶ
2690 2160 2861 2223 οὐδεὶς
2876 2160 3318 2231 ἀντελαμϐάνετο.
3356 2162 3463 2215 Kal
3490 2160 3758 2231 ἐρρύσατο
3789 2159 3884 2213 αὑ-

2332 2251 2453 2314 τοὺς
2482 2252 2509 2303 ὁ
2542 2250 2777 2322 βραχίων
2816 2268 2936 2321 μου,
2974 2254 3065 2305 καὶ
3108 2254 3136 2305 6
3170 2252 3335 2323 θυμός
3368 2269 3465 2322 μου
3508 2251 3731 2321 ἐπέστη.
3777 2250 3886 2303 Καὶ

2332 2338 2680 2409 κατεπάτησα
2714 2340 2907 2403 αὐτοὺς
2930 2343 2994 2411 τῇ
3027 2340 3159 2410 ὀργῇ
3200 2357 3321 2409 μου,
3357 2340 3450 2393 καὶ
3481 2340 3793 2410 κατήγαγον
3824 2338 3885 2391 τὸ

2332 2427 2468 2499 αίμα
2492 2430 2666 2483 αὐτῶν
2694 2432 2773 2495 εἰς
2808 2434 2927 2502 γῆν.
2972 2449 2989 2481 ι
3026 2431 3305 2501 Νοήσομεν
3331 2428 3384 2482 δέ
3429 2429 3544 2493 πῶς
3574 2432 3602 2483 6
3626 2428 3779 2498 λόγος
3806 2428 3886 2482 εί-

2333 2536 2510 2591 ρηται,
2545 2522 2929 2592 ἐπιστήσαντες
2959 2520 3074 2583 πῶς
3108 2522 3263 2591 μόνος
3292 2521 3449 2585 αὐτὸς
3472 2521 3734 2575 ἐκένωσεν
3758 2520 3885 2573 ἐαυ-

2328 2611 2418 2664 τὸν
2454 2611 2663 2681 μορφήν
2708 2610 2890 2663 δούλου
2934 2609 3145 2674 λαϐὼν,
3181 2610 3274 2662 καὶ
3304 2609 3663 2663 ἐταπείνωσεν
3696 2606 3885 2661 ἐαυτδν

2331 2701 2565 2772 ὑπήκοος
2593 2700 2879 2771 γενόμενος
2910 2699 3068 2771 μέχρι
3104 2699 3351 2763 θανάτου,
3375 2698 3600 2755 θανάτου
3633 2697 3689 2751 δέ
3722 2712 3883 2756 σταυ-

2332 2795 2445 2849 οοῦ.
2481 2796 2547 2846 Ἀ
2572 2792 2679 2865 γάρ
2704 2792 2874 2856 οὐδεὶς
2896 2790 3110 2846 πώποτε
3140 2791 3457 2864 ἀνθρώπων,
3474 2790 3593 2843 οὐδὲ
3617 2788 3881 2857 ἀγγέλων,

2330 2885 2449 2940 ούδέ
2475 2885 2582 2939 τῶν
2613 2884 2768 2938 θείων
2796 2884 3073 2954 δυνάμεων
3104 2882 3330 2952 ὑπέστη,
3372 2881 3527 2952 μόνος
3559 2880 3719 2942 αὐτὸς
3745 2877 3895 2949 ύπέρί

2331 2977 2429 3046 τῆς
2455 2974 2723 3047 ἡμετέρας
2746 2973 3116 3027 ἀναδείκνυται
3140 2973 3425 3043 σωτηρίας,
3455 2971 3547 3024 καὶ
3570 2970 3713 3041 μόνῳ
3738 2968 3885 3039 αὐτῷ

2331 3072 2359 3123 6
2389 3068 2576 3139 Πατήρ
2607 3067 2894 3138 ἐχαρίσατο
2929 3067 2989 3119 τὸ
3015 3066 3183 3136 ὄνομα
3210 3066 3268 3119 τὸ
3296 3064 3433 3135 ὑπὲρ
3465 3064 3569 3117 πᾶν
3596 3062 3763 3133 ὄνομα
3793 3061 3886 3115 καὶ

686 3160 835 3214 nium
893 3157 995 3228 ipsi
1045 3150 1302 3225 judicium
1359 3160 1592 3214 tradidit.
1636 3160 1732 3216 Ille
1773 3175 1920 3226 vero,
1952 3170 2169 3231 accepta
2200 3177 2227 3216 a
2257 3150 2297 3208 C

2257 3150 2297 3208 C
2331 3160 2427 3231 τὴν
2451 3159 2588 3213 κατά
2623 3160 2837 3214 πάντων
2870 3157 3046 3228 κρίσιν
3073 3156 3412 3229 ἐνεχείρισεν·
3441 3155 3468 3207 6
3492 3154 3568 3220 δὲ,
3600 3154 3697 3226 τὴν
3734 3152 3884 3227 παρά

688 3250 851 3305 Patre
896 3257 1188 3319 potestate,
1241 3248 1374 3305 alios
1412 3250 1626 3320 quidem
1675 3251 1838 3319 eruit,
1868 3266 2005 3322 quos
2056 3250 2229 3307 salute

689 3340 939 3405 donavit;
976 3340 1217 3396 inimicos
1266 3348 1447 3396 autem
1480 3349 1535 3395 et
1580 3341 1916 3399 adversarios
1948 3344 2001 3397 in
2052 3342 2226 3415 fugam

690 3430 870 3485 vertit.

758 3524 921 3580 Vens.
939 3524 990 3587 7,
1010 3523 1061 3578 8.
1092 3521 1495 3581 «Misericordiae
1524 3521 1731 3578 Domini
1755 3524 2066 3584 recordatus
2092 3541 2227 3591 sum,

688 3617 945 3671 virtutum
991 3614 1197 3671 Domini
1238 3614 1293 3668 in
1332 3614 1737 3682 omnibus,qua:
1776 3615 2023 3671 retribuit
2054 3616 2228 3673 nobis.

692 3705 955 3761 Dominus
983 3702 1146 3771 iudex
1180 3703 1351 3758 bonus
1394 3701 1575 3757 domui
1607 3700 1793 3768 israel,
1830 3703 2046 3757 adducit
2081 3705 2232 3759 nobis

691 3793 985 3851 secundum
1019 3791 1445 3847 misericordiam
1479 3804 1651 3856 suam,
1680 3800 1733 3844 et
1761 3790 2051 3847 secundum
2098 3792 2233 3847 mul-

690 3884 972 3942 titudinem
1014 3881 1236 3951 iustitia:
1275 3896 1401 3937 suae.
1429 3881 1496 3936 Et
1525 3881 1660 3936 dixit
1693 3880 1846 3937 :Nan
1879 3883 2110 3953 populus
2139 3899 2234 3955 po.

691 3974 847 4046 pulus
902 3987 1052 4027 mens
1105 3972 1247 4027 :illii
1296 3986 1629 4042 nequaquam
1688 3973 2103 4043 repudiaverint.
2169 3974 2236 4030 Et

694 4065 867 4119 factus
894 4072 976 4118 est
1007 4063 1136 4133 ipsis
1191 4064 1243 4116 in
1296 4062 1543 4117 salutem.
1568 4080 1585 4113 ι
1630 4061 1774 4127 Haec,
1828 4064 2023 4134 inquit,
2054 4065 2231 4143 omnia

694 4154 1035 4217 recordabar,
1060 4152 1479 4223 magnitudinem
1499 4150 1749 4206 bonitatis
1774 4166 1885 4207 sua:
1907 4168 2191 4211 recensens
2216 4172 2228 4207 :

692 4247 831 4301 hanc.
867 4260 996 4301 vero
1028 4245 1258 4299 maxime
1300 4242 1526 4314 gratiam
1560 4242 1813 4313 elargitus
1839 4253 1943 4310 est,
1979 4256 2037 4300 ut
2064 4261 2232 4317 popu-

694 4336 802 4391 lum
833 4334 971 4392 illias
1000 4344 1218 4391 vocaret
1252 4348 1400 4400 suos,
1429 4334 1475 4388 si
1506 4344 1679 4387 tamen
1730 4334 1801 4388 illi
1828 4336 2052 4406 gratiam
2080 4352 2231 4393 suam

696 4442 801 4484 non
832 4427 1250 4498 repudiaveriut.

764 4517 923 4571 Vens.
960 4516 1109 4573 9-16.
1153 4515 1266 4573 «Ex
1317 4514 1461 4571 omni
1510 4513 1843 4571 tribulatione
1901 4531 2083 4574 eorum
2128 4535 2233 4578 non

694 4608 933 4678 legatus,
979 4621 1081 4662 non
1129 4604 1383 4675 angelus,
1426 4604 1519 4660 sed
1571 4604 1683 4673 ipse
1713 4604 1932 4660 salvavit
1965 4622 2077 4671 eos,
2112 4609 2235 4677 quia

698 4695 949 4768 diligebat
988 4710 1099 4761 eos,
1124 4705 1177 4749 et
1204 4698 1458 4764 parcebat
1504 4696 1600 4749 eis.
1634 4695 1747 4765 Ipse
1782 4698 2007 4752 redemit
2040 4712 2154 4764 eos,
2185 4710 2239 4754 et

699 4789 951 4859 suscepit,
985 4798 1039 4843 et
1069 4787 1324 4840 exaltavit
1367 4802 1461 4841 eos
1512 4786 1760 4840 omnibus
1813 4788 1996 4844 diebus
2032 4790 2233 4845 saeculi.

697 4877 799 4948 Ipsi
828 4887 1000 4933 autem
1038 4893 1141 4933 non
1166 4876 1524 4939 crediderunt,
1562 4885 1614 4931 et
1643 4878 2098 4935 exacerbaverunt
2126 4882 2236 4950 spi-

699 4971 857 5023 ritum
894 4980 1135 5023 sanctum
1158 4967 1272 5037 ejus
1306 4983 1319 5019 :
1357 4976 1411 5022 et
1456 4982 1745 5022 conversus
1777 4982 1856 5023 est
1886 4971 2014 5041 ipsis
2045 4971 2099 5025 in
2142 4974 2239 5027 ini-

699 5062 953 5117 micitiam
979 5078 992 5115 :
1016 5062 1126 5131 ipse
1150 5060 1465 5131 appngnavit
1489 5062 1673 5115 cos.Et
1692 5066 1995 5121 recordatus
2022 5075 2103 5121 est
2130 5066 2243 5121 dic-

700 5169 818 5207 rum
852 5164 1191 5208 aeternorum.
1230 5152 1326 5207 Ubi
1353 5153 1544 5219 estqui
1590 5153 1774 5207 eduxit
1802 5154 1864 5209 de
1896 5157 2025 5211 mari
2073 5167 2244 5225 pasto-

700 5258 810 5300 rem
858 5244 1074 5300 ovium?
1106 5243 1208 5300 Ubi
1249 5254 1329 5298 est
1367 5244 1453 5313 qui
1501 5244 1677 5312 posuit
1720 5246 1768 5297 in
1825 5245 1953 5314 ipsis
1982 5246 2241 5316 Spiritum

701 5334 981 5389 sanctum?
1013 5336 1101 5403 qni
1165 5334 1347 5387 eduxit
1400 5334 1619 5389 dextera
1671 5333 1904 5403 Muysen,
1965 5338 2241 5393 brachium

704 5424 878 5494 gloria:
904 5426 1018 5491 ejus
1039 5425 1061 5479 τ
1086 5424 1369 5480 Ρτιενοιιιίι
1389 5440 1523 5495 aqua
1555 5442 1582 5480 a
1617 5425 1755 5481 facie
1778 5430 1912 5495 ejus,
1948 5442 2001 5484 ut
2045 5426 2248 5485 faceret

705 5514 801 5566 sibi
837 5529 1024 5569 nomen
1061 5515 1467 5583 sempiternum.
1517 5517 1678 5572 Duxit
1710 5534 1801 5574 eos
1834 5536 1927 5589 per
1969 5524 2243 5592 abyssum,

707 5613 955 5671 tanquam
1010 5620 1201 5673 equum
1257 5619 1351 5673 per
1397 5605 1760 5673 solitudinem,
1803 5626 1973 5680 neque
2034 5614 2245 5667 labora-

710 5705 852 5758 runt,
885 5704 936 5752 et
974 5705 1220 5763 tanquam
1273 5695 1508 5766 jmncnta
1546 5715 1640 5771 per
1691 5714 1913 5770 .ampum
1972 5704 2247 5762 descendit

1670 6002 1705 6027 η.

2331 3252 2540 3322 Πατρδς
2580 3249 2757 3304 λαϐὼν
2784 3248 3050 3316 ἐξουσίαν,
3090 3250 3215 3314 τοὺς
3252 3249 3347 3320 μέν
3381 3247 3621 3320 ἐρρύετο,
3648 3246 3743 3311 οὓς
3780 3263 3857 3301 σω

2330 3340 2519 3413 τηρίας
2562 3340 2731 3410 ἠξίου,
2769 3340 2894 3403 τοὺς
2926 3339 2983 3393 δέ
3029 3339 3315 3412 πολεμίους
3357 3340 3448 3392 καὶ
3486 3339 3609 3403 τοὺς
3661 3336 3885 3408 ἐχθροὺς

2331 3432 2644 3506 ἐτροποῦτο.

2405 3544 2422 3577 ι
2467 3523 2569 3579 Τὸν
2599 3524 2742 3578 ἔλεον
2771 3523 2972 3595 Κυρίου
3006 3523 3299 3597 ἐμνήσθην,
3327 3521 3426 3586 τὰς
3454 3522 3653 3593 ἀρετάς
3679 3520 3882 3593 Κυρίου

2331 3616 2387 3668 ἐν
2413 3615 2595 3678 πᾶσιν,
2623 3608 2703 3678 οἷς
2725 3615 2853 3690 ἡμζν
2878 3614 3279 3670 ἀνταποδίδωσι.
3314 3614 3513 3687 Κύριος
3542 3612 3730 3684 κριτής
3754 3613 3887 3680 ἀγα-

2332 3707 2421 3771 θὸς
2450 3705 2525 3776 τῷ
2551 3705 2682 3775 οῐκῳ
2722 3704 2957 3776 Ἰσραήλ,
2986 3705 3177 3774 ἐπάγει
3202 3706 3331 3776 ἡμῖν
3362 3704 3503 3760 κατά
3529 3704 3589 3758 τὸ
3622 3703 3768 3767 ἐλεος
3791 3703 3886 3757 αύ-

2331 3797 2445 3861 τοῦ,
2474 3796 2569 3850 xal-
2597 3794 2736 3851 κατά
2762 3794 2822 3849 τὸ
2852 3794 3053 3866 πλῆθος
3080 3796 3178 3866 τῆς
3202 3793 3540 3866 δικαιοσύνης
3568 3793 3751 3848 αὐτοῦ.
3778 3792 3886 3848 Kal

2333 3882 2509 3941 εἶπεν·
2546 3886 2656 3957 Οὐχ
2681 3888 2710 3939 6
2742 3885 2866 3950 λαὸς
2892 3885 3016 3948 λαός
3044 3902 3163 3955 μουο
3186 3885 3349 3940 τέκνα
3372 3884 3432 3938 οὐ
3460 3884 3534 3956 μὴ
3562 3882 3885 3955 ἀθετήσωσι.

2332 3978 2439 4033 Kal
2480 3976 2692 4046 ἐγένετο
2736 3976 2916 4040 αὑτόῐς
2953 3978 3030 4039 είς
3063 3976 3350 4049 σωτηρίαν.
3398 3993 3418 4029 s
3456 3973 3637 4028 Ταῦτα
3684 3974 3884 4040 τοίνυν,

2334 4069 2484 4142 φησὶ,
2521 4068 2694 4122 πάντα
2725 4068 3015 4138 ἀναμνήσω
3060 4066 3127 4121 τὰ
3172 4066 3351 4139 πλήθη
3387 4064 3887 4137 καταριθμούμενος

2333 4166 2431 4233 τῆς
2469 4160 2821 4231 ἀγαθωσύνης
2853 4160 3015 4215 αὐτοῦ
3036 4202 3051 4228 ,
3089 4162 3147 4215 ἐν
3196 4155 3277 4226 οῖς
3312 4161 3406 4215 καὶ
3442 4159 3599 4215 τοῦτο
3635 4160 3883 4232 μέγιστον

2334 4256 2639 4327 ἐδωρήσατο
2672 4256 2946 4327 χάρισμα,
2980 4252 3319 4320 καταξιώσας
3351 4254 3517 4309 τέκνα
3561 4253 3725 4309 αὑτοῦ
3767 4255 3885 4309 ὀνο-

2338 4349 2506 4419 μάσαι
2532 4347 2621 4401 τὸν
2646 4347 2793 4414 λαὸν,
2828 4349 2876 4402 εί
2909 4347 2982 4419 μή
3012 4348 3251 4402 ἀθετοῖεν
3276 4346 3374 4418 τὴν
3402 4345 3564 4402 αὐτοῦ
3601 4345 3781 4418 χάριν.

2416 4552 2435 4585 ε
2487 4532 2579 4586 Ἐκ
2605 4530 2781 4601 πάσης
2808 4530 3033 4600 θλίψεως
3060 4528 3236 4583 αὐτῶν
3264 4528 3323 4583 οὐ
3355 4527 3611 4599 πρέσϐυς,
3645 4526 3766 4583 ούδέ
3791 4526 3891 4597 ἀγ-

2338 4622 2509 4691 γελος,
2543 4611 2652 4674 ἀλλ’
2686 4620 2844 4684 αὐτὸς
2879 4619 3080 4673 ἔσωσεν
3107 4618 3317 4683 αὐτοὺς,
3344 4616 3431 4671 διά
3458 4617 3517 4672 τὸ
3552 4619 3770 4690 ἀγαπᾷν
3796 4619 3905 4673 αὐτ

2337 4712 2459 4775 τοὺς
2481 4711 2573 4765 καλ⁸
2594 4709 2865 4779 φείδεσθαι
2892 4707 3087 4763 αὐτῶν.
3120 4707 3289 4772 Δύτδς
3311 4706 3647 4781 ἐλυτρώσατο
3671 4708 3887 4773 αὐτοὺς,

2339 4803 2430 4856 καὶ
2459 4800 2711 4856 ἀνέλαϐεν
2738 4800 2953 4865 αὐτοὺς,
2990 4800 3082 4854 καὶ
3126 4798 3336 4871 ὕψωσεν
3363 4799 3557 4863 αὐτοὺς
3584 4798 3765 4864 πάσας
3794 4801 3891 4865 τὰς

2341 4890 2547 4961 ἡμέρας
2576 4888 2667 4944 τοῦ
2704 4890 2911 4953 αἰῶνος.
2957 4889 3116 4943 Αὐτοὶ
3145 4888 3202 4943 δὲ
3243 4886 3561 4959 ἠπείθησαν,
3607 4888 3702 4943 καὶ
3748 4905 3889 4963 παρ-

2342 4978 2544 5046 ώξυναν
2566 4980 2628 5033 τὸ
2652 4979 2873 5051 Πνεῦμα
2886 4979 2946 5033 τὸ
2964 4978 3111 5048 ἀγιον
3136 4976 3317 5032 αὑτοῦ·
3343 4977 3436 5034 καὶ
3457 4976 3695 5051 ἐστράφη
3713 4979 3891 5044 αὐτοῖς

2344 5072 2421 5133 είς
2446 5069 2639 5143 ἔχθραν
2664 5087 2676 5101 ο
2708 5070 2866 5135 αὐτὸς
2895 5070 3226 5142 ἐπολέμησεν
3258 5068 3469 5135 αὐτούς.
3499 5070 3609 5125 Kal
3650 5069 3890 5142 ἐμνήσθη

2346 5160 2561 5232 ἡμερῶν
2586 5160 2835 5215 αἰωνίων.
2865 5160 2972 5215 Ποῦ
3004 5162 3032 5215 6
3058 5159 3389 5226 ἀναϐιϐάσας
3420 5162 3482 5215 ἐκ
3503 5161 3601 5232 τῆς
3622 5160 3893 5232 θαλάσσης

2344 5254 2433 5307 τὸν
2458 5254 2683 5325 ποιμένα
2712 5252 2819 5307 τῶν
2858 5252 3171 5327 προϐάτωνς
3206 5251 3316 5307 Ποῦ
3348 5254 3492 5307 ἐστιν
3514 5254 3544 5307 6
3573 5250 3685 5316 θεὶς
3712 5253 3768 5305 ἐν
3800 5250 3893 5307 αύ-

2344 5346 2451 5407 τοῖς
2474 5342 2532 5398 τὸ
2552 5344 2772 5415 Πνεῦμα
2794 5344 3059 5413 τδ.ἀγιον;
3082 5346 3110 5399 6
3129 5343 3349 5415 ἀγαγὼν
3369 5346 3435 5416 τῇ
3462 5342 3611 5416 δεξιᾷ
3633 5343 3891 5413 Μωῦσῆν,

2344 5437 2371 5489 6
2410 5435 2640 5507 βραχίων
2683 5436 2781 5505 τῆς
2812 5435 2963 5508 δόξης
3006 5437 3201 5503 αὐτοῦς
3236 5436 3576 5508 Κατίσχυσεν
3612 5434 3759 5507 ὕδωρ
3788 5434 3892 5489 ἀπὸ

2344 5525 2624 5597 προσώπου
2678 5527 2874 5592 αὑτοῦ,
2936 5529 3154 5599 ποιῆσαι
3210 5527 3386 5598 ἐαυτῷ
3436 5527 3602 5600 ϐνομα
3656 5525 3886 5581 αἰώνιον.

2348 5616 2582 5685 Ἤγαγεν
2628 5616 2822 5681 αὐτοὺς
2861 5617 2924 5671 δι’
2957 5618 3213 5683 ἀϐύσσου,
3242 5617 3315 5682 ὠς
3354 5617 3515 5672 ῐππον
3561 5618 3630 5672 δι’
3663 5616 3887 5689 ἐρήμου.

2345 5706 2431 5757 καὶ
2459 5704 2555 5759 ούκ
2587 5706 2899 5777 iga-nias”,
2936 5707 3024 5761 καὶ
3054 5706 3127 5771 ὡς
3158 5707 3326 5779 κτήνη
3357 5706 3441 5763 διὰ
3473 5706 3649 5762 πεδίου
3691 5703 3889 5773 κατέϐη
