4124 6416
248 368 349 426 505

1159 361 1658 418 (ΖΟΜΜΕΝΤΑΜΑ
1697 363 1762 419 IN
1802 363 2058 422 ISAIAM.
2098 397 2164 408 --
2200 365 2348 423 CAP.
2388 364 2571 423 LXIII.

3394 370 3497 428 506

250 485 472 555 Πνεῦμα
513 481 663 554 παρὰ
690 481 915 551 Κυρίου,
947 478 1039 531 καὶ
1078 477 1361 550 ὡδήγησεν
1389 479 1604 543 αὐτοὺς.
1641 481 1818 544 Οὕτως

1929 481 2163 554 Spiritus
2207 499 2236 539 a
2277 483 2524 552 Domino,
2563 493 2618 541 et
2647 483 2874 540 deduxit
2896 497 3014 540 eos.
3043 481 3133 539 Sic
3163 485 3363 541 duxisti
3397 503 3494 557 po-

247 579 454 650 ῆγαγες
497 576 588 629 τὸν
621 574 744 628 λαόν
787 587 900 634 σου,
922 569 1156 641 ποιῆσαι
1191 569 1400 640 σεαυτῷ
1440 571 1610 641 ὄνομα
1641 571 1814 643 δόξης.

262 667 621 738 Ἐπίστρεψον
656 667 718 718 ὲκ
761 661 854 717 τοῦ
892 661 1144 734 οὐρανοῦ,
1194 661 1289 716 καὶ
1326 662 1402 714 ῐδε
1441 663 1503 714 ὲκ
1545 662 1638 715 τοῦ
1670 661 1818 715 οἴκου

253 761 339 814 to?
377 762 534 828 ἁγίου
569 777 682 814 σου.
716 756 826 810 Ποῦ
872 757 1016 808 ἐστιν
1054 758 1082 810 ὁ
1123 754 1284 824 ζῆλὸς
1319 772 1412 808 σου
1455 756 1548 808 καὶ
1585 756 1618 825 ή
1669 755 1820 825 ἰσχύς

254 867 382 915 σου;
409 851 520 905 Ποῦ
559 852 672 903 ὲστι
699 847 759 900 τὸ
785 847 984 918 πλῆθος
1010 846 1102 900 τοῦ
1145 846 1329 910 ἐλέους
1355 862 1470 912 σου,
1505 845 1598 898 καὶ
1619 846 1822 917 οἰκτιρ-

253 938 371 1009 μῶν
427 953 540 1003 σου,
587 938 667 990 δτι
724 935 948 1004 άνέσχου
997 934 1186 1006 ἡμῶν;
1241 934 1313 988 Σὺ
1375 933 1484 1006 γὰρ
1538 930 1590 988 εῐ
1631 935 1822 1005 Πατὴρ

248 1029 428 1100 ἡμῶν,
460 1029 540 1082 ὅτι
586 1026 832 1098 Ἀϐραάμ
861 1028 960 1080 οὐκ
983 1026 1122 1094 ἔγνω
1158 1027 1323 1095 ἡμᾶς,
1355 1026 1448 1079 καὶ
1477 1025 1694 1097 Ἰσραὴλ
1724 1026 1822 1080 οὐκ

247 1117 464 1185 ἐπέγνω
491 1118 653 1188 ἡμᾶς.
694 1117 851 1170 Ἀλλὰ
879 1117 963 1180 σὺ,
994 1113 1184 1186 Κύριε,
1220 1114 1410 1186 Πατὴρ
1448 1113 1625 1184 ἡμῶν,
1662 1115 1822 1185 ῥῦσαι

247 1209 414 1278 ἡμᾶς,
449 1207 542 1260 ἀπ’
571 1207 744 1278 ἀρχῆς
772 1207 832 1259 τὸ
857 1206 1026 1276 ὄνομά
1057 1222 1149 1259 σου
1177 1205 1261 1274 ἐφ’
1289 1207 1438 1276 ἡμᾶς
1463 1206 1598 1259 ἐστι.
1632 1225 1650 1257 ι
1682 1207 1818 1277 Ἤδη

249 1299 358 1371 γάρ
395 1301 492 1352 καὶ
519 1298 703 1354 άλλοτε
746 1298 1002 1360 πολλάκις
1052 1297 1482 1368 ἁμαρτησάντων
1528 1298 1686 1370 ἡμῶν
1729 1300 1821 1351 άν-

251 1389 431 1460 έσχουο
458 1390 552 1443 καὶ
582 1389 732 1443 οὐδὲν
759 1389 1087 1460 θαυμαστὸν,
1107 1388 1290 1460 ἐπειδὴ
1313 1389 1456 1456 ἅπαξ
1482 1389 1821 1461 κατηξίωσας

251 1481 424 1533 εἰπεῖν
448 1497 461 1510 ·
509 1498 528 1530 t
587 1480 644 1532 ὐ
679 1479 804 1544 λαός
839 1498 940 1550 μου
975 1479 1160 1544 τέκνα,
1203 1483 1295 1534 καὶ
1334 1483 1362 1534 ὁ
1396 1480 1521 1544 λαός
1568 1499 1669 1552 μου
1719 1481 1822 1534 υἱοί

250 1570 404 1621 εἰσιν.
441 1588 460 1620 ι
502 1568 590 1632 Ὠς
620 1565 713 1622 οὖν
743 1568 923 1640 πατὴρ
942 1569 1144 1624 τέκνων
1170 1569 1264 1623 καὶ
1287 1569 1548 1641 πρότερον
1571 1570 1820 1640 ἀνέσχου,

251 1659 344 1713 καὶ
381 1654 483 1712 ’νῦν
516 1658 677 1712 πάλιν
709 1659 936 1730 ἀνέσχον
958 1678 970 1691 ·
1005 1662 1066 1715 οὐ
1109 1661 1218 1734 γὰρ
1263 1661 1512 1732 Ἀϐραάμ
1543 1657 1611 1732 ἦν
1642 1662 1821 1732 πατὴρ

249 1749 438 1820 ἡμῶν,
475 1751 524 1803 εί
575 1749 666 1803 καὶ¹
709 1751 1071 1805 διακονεῖσθαι
1117 1756 1184 1824 τῇ
1239 1752 1379 1806 κατὰ
1435 1751 1612 1824 σάρκα
1665 1752 1822 1823 ἡμῶν

250 1840 392 1907 εδοξε
420 1840 650 1910 γενέσει.
693 1841 908 1914 Ἀληθεί
936 1843 992 1895 δὲ
1028 1843 1169 1914 λόγῳ
1203 1846 1266 1898 σὺ
1299 1844 1486 1914 Πατὴρ
1526 1845 1703 1914 ἡμῶν,
1738 1841 1824 1898 οἷα
1853 1842 1898 1897 Β

249 1933 434 2005 πατὴρ
481 1931 696 1988 πάντων
731 1935 1054 2005 πνευμάτων
1097 1935 1388 2006 ὑπάρχων,
1425 1936 1518 1988 καὶ
1562 1936 1670 1989 τῶν
1703 1937 1821 1990 κατ’

248 2023 430 2078 είκόνα
458 2025 841 2096 πεποιημένων
866 2025 1071 2095 ψυχῶν.
1101 2025 1190 2078 Διὸ
1214 2024 1479 2094 ῥύσασθαι
1505 2027 1651 2096 ἡμᾶς
1675 2027 1821 2079 ἀντι-

245 2114 529 2186 ϐολοῦμεν·
572 2135 590 2167 ι
614 2117 730 2170 Ἀπ’
756 2117 928 2188 ἀρχῆς
953 2116 1013 2170 τὸ
1037 2116 1208 2187 ὄνομά
1232 2133 1322 2169 σου
1350 2118 1432 2186 ἐφ’
1461 2119 1606 2188 ἡμᾶς
1626 2118 1760 2170 ἔστι.
1796 2135 1815 2168 ι

323 2225 342 2258 ‹
383 2208 450 2260 Τί
477 2208 786 2278 ὲπλάνησας
816 2210 961 2279 ἡμᾶς
980 2248 994 2272 ,
1032 2207 1202 2279 Κύριε
1225 2247 1240 2274 ,
1272 2209 1380 2261 ἀπὸ
1413 2208 1510 2279 τῆς
1536 2209 1656 2262 ὁδοῦ
1694 2225 1818 2272 σου;

249 2300 587 2372 ὲσκλήρυνας
631 2301 729 2364 τὰς
769 2300 993 2372 καρδίας
1033 2301 1224 2372 ἡμῶν,
1266 2299 1361 2354 τοῦ
1425 2301 1500 2372 μὴ
1540 2301 1821 2370 φοϐεῖσθαί

251 2408 344 2457 σε;
394 2392 752 2464 Ἐπίστρεψον
784 2393 871 2446 διὰ
904 2379 1028 2456 τοὺς
1058 2393 1278 2455 δούλους
1310 2409 1424 2456 σου,
1456 2391 1544 2445 διὰ
1582 2392 1680 2456 τὰς
1722 2411 1822 2462 φυ-

247 2481 343 2547 λὰς
367 2483 468 2554 τῆς
499 2482 861 2555 κληρονομίας
892 2501 1004 2538 σου.
1048 2502 1066 2535 ι
1115 2485 1172 2538 '0
1206 2484 1491 2556 προφήτης
1525 2486 1698 2539 πάντα
1729 2485 1821 2538 ἐπὶ

246 2573 496 2628 τδν”Θεδν
525 2575 822 2646 ἀναφέρει·
854 2575 950 2646 οὐχ
981 2575 1056 2640 ὡς
1083 2575 1174 2629 τοῦ
1205 2574 1340 2628 Θεοῦ
1374 2574 1547 2628 αἰτίου
1578 2576 1710 2646 ἡμῖν
1738 2593 1820 2645 γι-

246 2663 470 2734 νομένου
500 2663 592 2718 τοῦ
626 2666 959 2737 ἁμαρτάνειν
979 2704 993 2728 ,
1023 2665 1137 2719 ἀλλ’
1161 2665 1454 2728 ἐνδιδόντος
1479 2667 1573 2720 καὶ
1605 2684 1818 2737 συγχω-

251 2754 469 2827 ροῦντος
504 2755 689 2811 ἐκεῖνα
731 2757 986 2828 πράττειν
1015 2757 1051 2811 ἃ
1085 2757 1148 2810 άν
1192 2774 1277 2820 τις
1327 2757 1577 2827 αἱρῆται·
1609 2758 1685 2820 ὡς
1720 2757 1820 2828 τὴν

251 2846 347 2916 μὲν
379 2846 560 2902 αἰτίαν
592 2847 734 2918 ἔχειν
761 2847 821 2913 se
848 2848 1026 2920 ἡμῶν,
1060 2848 1159 2920 τὴν
1198 2848 1254 2900 δὲ
1299 2848 1576 2919 ἀναφορὰν
1609 2849 1698 2902 ἐπὶ
1728 2849 1820 2902 τὸν

247 2935 401 2989 Θεόν.
435 2955 455 2988 ‹
500 2937 618 2992 Ἵνα
648 2938 840 3010 μικρὸν
873 2939 1367 3012 κληρονομήσωμεν
1399 2938 1492 2992 τοῦ
1532 2940 1692 3011 ὅρους
1726 2937 1818 2992 τοῦ

247 3027 402 3096 ἁγίου
446 3044 580 3081 σου’
629 3047 646 3080 ι
679 3028 811 3082 ὡσεὶ
855 3029 1323 3099 καταλειφθέντων
1355 3029 1556 3093 αὐτῶν,
1603 3029 1697 3082 καὶ
1743 3035 1818 3101 μὴ

1930 574 2117 644 pulum
2152 583 2322 641 tuum,
2356 583 2413 629 ut
2446 576 2657 632 faceres
2693 574 2791 630 tibi
2814 590 3010 629 nomen
3043 575 3243 646 gloria.
3269 578 3499 636 Conver-

1929 677 2045 724 tere
2071 669 2139 724 de
2168 671 2329 734 celo,
2356 679 2410 723 et
2435 668 2559 725 vlde
2599 669 2667 725 de
2697 670 2860 724 domo
2889 679 3074 723 sancta
3124 678 3233 725 tua.
3273 671 3372 728 Ubi
3415 685 3500 730 est

1929 758 2076 815 zelus
2125 770 2250 813 tuus
2286 769 2339 814 et
2368 758 2629 814 fortitudo
2676 758 2805 813 tua?
2840 755 2943 814 Ubi
2969 767 3055 813 est
3084 758 3369 817 multitudo
3397 763 3501 817 ml-

1929 849 2240 905 sericordite
2271 859 2394 911 tuae.
2428 859 2484 905 et
2517 851 2928 906 miserationum
2967 857 3204 914 tuarum.
3240 852 3498 922 quoniam

1931 940 2234 995 sustinuisti
2261 939 2396 994 nos?
2416 939 2494 994 Tu
2543 941 2689 995 enim
2713 955 2773 995 es
2798 939 2965 996 Pater
2999 949 3208 1005 noster,
3244 940 3499 1010 quoniam

1932 1035 2204 1089 Abraham
2239 1047 2344 1086 non
2381 1031 2532 1087 novit
2562 1046 2680 1100 nos,
2710 1041 2764 1086 et
2788 1031 2957 1088 lsrael
2993 1047 3088 1086 nos
3103 1030 3402 1102 ignoravit.
3430 1030 3504 1083 At

1931 1136 2008 1193 tu,
2036 1125 2281 1188 Domine,
2309 1123 2469 1179 Pater
2499 1134 2703 1187 noster,
2734 1125 2907 1180 libera
2955 1139 3076 1188 nos,
3107 1126 3174 1178 ab
3220 1124 3373 1178 initio
3405 1138 3502 1178 no-

1929 1233 2052 1274 men
2091 1227 2240 1273 tuum
2279 1232 2444 1286 super
2504 1231 2605 1272 nos
2660 1227 2763 1273 est.
2797 1235 2816 1269 ι
2851 1215 2972 1271 Jam
3011 1217 3158 1272 enim
3209 1230 3348 1285 saepe
3400 1231 3499 1269 nos

1928 1322 2218 1380 peccantes
2259 1308 2526 1374 tolerasti,
2574 1308 2816 1377 nihilque
2844 1310 3062 1373 mirum,
3094 1309 3308 1378 quando
3334 1305 3502 1362 semei

1929 1401 2108 1456 dicere
2136 1401 2392 1472 dignatus
2425 1413 2484 1454 es
2511 1415 2526 1451 :
2558 1417 2577 1450 ι
2605 1398 2839 1469 Populus
2890 1414 3044 1455 meus
3081 1398 3284 1468 proles,
3326 1408 3381 1452 et
3409 1414 3504 1467 po-

1929 1494 2087 1564 pulus
2113 1508 2264 1548 meus
2296 1492 2409 1546 filii.
2439 1509 2458 1546 ι
2493 1490 2563 1547 Ut
2594 1500 2751 1561 pater
2774 1492 2954 1563 itaque
3014 1491 3154 1546 ﬁlios
3181 1491 3309 1546 olim
3339 1493 3517 1545 susti--

1931 1587 2118 1653 nuisti,
2166 1596 2217 1642 et
2247 1587 2360 1657 iam
2396 1586 2808 1642 sustinesmon
2841 1587 2984 1642 enim
3034 1584 3309 1640 Abraham
3347 1593 3502 1652 pater

1929 1689 2114 1734 noster
2159 1688 2300 1744 erat,
2335 1678 2438 1735 etsi
2499 1689 2686 1733 nostro
2733 1678 3027 1733 secundum
3073 1689 3294 1731 carnem
3356 1673 3501 1730 ortui

1929 1769 2239 1823 ministrare
2266 1769 2417 1824 visus
2441 1768 2532 1823 sit.
2561 1767 2668 1824 Sed
2703 1783 2890 1824 revera
2927 1778 2981 1822 tu
3016 1768 3174 1823 Pater
3205 1779 3389 1823 noeter
3418 1780 3500 1833 es,

1926 1869 1982 1913 ut
2006 1860 2098 1928 qui
2135 1860 2374 1915 omnium
2411 1861 2698 1929 spirituum
2763 1867 2817 1913 et
2852 1858 3163 1913 animarum
3207 1859 3276 1915 ad
3309 1858 3387 1915 tu't
3431 1859 3513 1918 si-

1927 1950 2283 2006 militudinem
2330 1951 2593 2006 factarum
2626 1957 2779 2020 pater
2814 1950 2914 2004 sis.
2943 1948 3128 2016 Quare
3155 1967 3416 2025 rogamus
3445 1966 3527 2025 te,

1926 2057 2025 2098 nos
2058 2056 2216 2098 eruas
2251 2060 2263 2096 :
2301 2041 2413 2096 «Ab
2446 2041 2601 2096 initio
2625 2054 2820 2094 nomen
2861 2051 3012 2095 tuoin
3037 2056 3206 2108 super
3239 2059 3344 2102 nos
3377 2057 3524 2106 εει.»

1994 2223 2156 2279 Vsus.
2190 2223 2277 2290 l7,
2306 2221 2393 2279 l8.
2429 2241 2448 2275 ι
2479 2223 2590 2280 Cur
2616 2236 2802 2278 errare
2834 2237 2933 2278 nos
2963 2223 3166 2290 fecisti,
3201 2226 3454 2295 Domine,
3479 2248 3514 2286 a

1922 2317 2005 2371 via
2043 2316 2178 2370 tua?
2213 2315 2478 2370 lndurasti
2523 2319 2687 2370 corda
2719 2325 2928 2380 nostra,
2957 2326 3016 2370 ut
3045 2331 3150 2370 non
3186 2317 3514 2378 timeremus

1925 2416 1993 2462 te.
2031 2407 2358 2462 Convertere
2407 2415 2630 2477 propter
2657 2420 2846 2462 servos
2877 2414 3027 2471 tuos,
3057 2415 3113 2461 et
3142 2416 3364 2476 propter
3401 2411 3506 2464 tri-

1921 2497 2022 2552 bus
2064 2497 2397 2553 hereditatis
2450 2506 2572 2552 tute.
2612 2517 2632 2550 ι
2680 2497 2872 2554 Omnia
2920 2499 2986 2554 ad
3027 2498 3195 2554 Deum
3237 2501 3508 2568 propheta

1921 2588 2128 2645 refert:
2162 2604 2266 2644 non
2294 2591 2434 2660 quod
2461 2589 2602 2644 Deus
2630 2588 2786 2644 nobis
2817 2590 3074 2658 peccandi
3113 2603 3277 2644 causa
3315 2589 3502 2655 fuerit,

1922 2681 2017 2738 sed
2046 2681 2188 2752 quod
2220 2679 2528 2750 permiserit
2575 2688 2628 2734 et
2675 2681 3006 2736 concesserit
3034 2680 3124 2735 illa
3159 2697 3340 2751 agere,
3374 2697 3514 2753 quae

1921 2772 2097 2843 quivis
2123 2773 2382 2842 elegerit;
2419 2773 2493 2828 ita
2527 2780 2585 2827 ut
2614 2773 2826 2844 peccati
2856 2785 3022 2826 causa
3055 2786 3222 2841 penes
3261 2788 3358 2827 nos
3387 2775 3504 2829 sit:

1921 2864 2013 2918 sed
2048 2874 2226 2919 tamen
2260 2865 2328 2918 ad
2372 2863 2541 2919 Deum
2574 2863 2863 2920 referatur.
2896 2881 2917 2915 ε
2959 2861 3030 2919 Ut
3071 2864 3340 2919 modicum
3375 2879 3505 2934 pos-

1921 2955 2191 3010 sideamus
2217 2955 2414 3010 montis
2444 2955 2617 3010 sancti
2665 2955 2764 3010 tui.
2795 2975 2814 3008 ι
2848 2955 3013 3021 Quasi
3047 2954 3178 3026 ipsis
3202 2957 3498 3024 derelictis,

1923 3057 2024 3097 nec
2059 3057 2342 3113 resurgere
2368 3044 2674 3099 valentibus
2711 3044 2781 3099 ob
2826 3043 3060 3100 inﬂictas
3108 3044 3334 3116 plagas,
3375 3061 3498 3117 quae

249 3117 683 3189 ἁνατελλομένων
715 3118 804 3173 διά
832 3119 1052 3191 πληγῶν
1075 3119 1183 3174 τῶν
1210 3119 1534 3174 κωλυουσῶν
1566 3120 1818 3191 ἁμαρτά-

1925 3135 2073 3206 ipsos
2101 3149 2131 3189 a
2161 3133 2433 3205 peccando
2458 3134 2740 3191 arcebant.

248 3228 378 3265 νειν.

322 3319 344 3355 t
419 3301 750 3374 Ἐγενόμεθα
789 3302 864 3366 ὡς
908 3302 970 3357 τὸ
1018 3303 1111 3357 ἀπ’
1146 3303 1319 3375 ἀρχῆς
1365 3303 1453 3357 ὅτε
1499 3302 1599 3358 οὐκ
1642 3297 1816 3374 ῆρξας

248 3389 424 3464 ἡμῶν,
469 3391 591 3446 οὐδὲ
618 3392 818 3465 έκλήθη
849 3392 909 3448 τὸ
934 3392 1102 3465 δνομά
1131 3410 1224 3447 σου
1262 3394 1345 3464 ἐφ’
1371 3395 1536 3466 ἡμᾶς.
1574 3413 1594 3446 ι
1634 3394 1718 3457 Ὠς
1753 3396 1816 3446 ἐκ

251 3480 538 3555 προσώπου
569 3481 663 3536 τοῦ
687 3482 816 3537 λαοῦ
846 3483 1015 3539 ταῦτά
1037 3499 1220 3555 φησιν.
1254 3483 1466 3556 Ὥσπερ
1485 3483 1594 3556 γάρ
1623 3483 1818 3553 ἐσκλή-

254 3590 413 3644 ρυνας
438 3574 668 3630 πάντοτε
696 3573 794 3646 τὴν
819 3574 1042 3646 καρδίαν
1063 3574 1156 3628 τοῦ
1177 3573 1394 3645 Φαραὼ,
1420 3573 1560 3627 οὕτω
1585 3574 1678 3628 καὶ
1700 3572 1812 3636 νῦν,

247 3664 435 3734 φησιν,
476 3663 1022 3735 ἠμᾶςὶσκλήρυνας,
1057 3662 1306 3730 ἀναξίους
1340 3657 1480 3715 εἶναι
1504 3661 1696 3734 κρίνας
1721 3660 1815 3713 τοῦ

249 3753 412 3823 φόϐου
441 3770 564 3807 σουο
603 3752 740 3808 ἀλλὰ
771 3753 865 3808 καὶ
901 3753 1210 3825 ιπλάνησας
1248 3755 1394 3824 ἡμᾶς
1429 3753 1493 3806 σὺ
1536 3752 1718 3816 αὐτὸς,
1770 3744 1815 3805 ὦ

246 3846 438 3918 Κύριε,
471 3843 566 3899 τοῦ
599 3844 673 3916 μὴ
701 3844 964 3917 γνωρίσαι
996 3843 1095 3916 τὴν
1135 3844 1252 3898 ὁδόν
1281 3861 1394 3898 σου.
1426 3844 1575 3916 Πλὴν
1620 3842 1734 3898 ἀλλ’
1766 3842 1815 3896 εί

246 3939 341 3992 καὶ
363 3939 528 4009 ἡμεῖς
555 3931 807 4001 τοιοῦτοι,
837 3937 900 3990 σὺ
945 3936 1075 4006 γοῦν
1119 3935 1196 4000 ὡς
1224 3935 1376 4001 Θεὸς,
1410 3935 1498 3990 διὰ
1534 3928 1662 3996 τοὺς
1695 3933 1815 3988 δού-

245 4027 370 4093 λους
400 4043 496 4082 σου
531 4026 700 4098 (εἰκὸς
739 4025 849 4099 γὰρ
876 4022 1012 4081 εἷναί
1045 4043 1196 4091 τινας
1235 4027 1295 4080 ἂν
1318 4027 1396 4099 τῷ
1425 4026 1620 4100 πλήθει
1642 4023 1817 4081 τοιού-

247 4119 453 4188 τους),
495 4116 841 4188 ὶπίστρεψον.
886 4117 996 4171 Καὶ
1045 4115 1232 4189 επειδὴ
1274 4116 1473 4188 κλῆρός
1512 4135 1604 4172 σου
1645 4135 1815 4192 κατη-

249 4205 520 4280 ξιώθημιν
557 4204 939 4278 ὀνομάζεσθαι,
973 4207 1286 4279 ἱκετεύομεν
1305 4227 1324 4260 ι
1347 4207 1700 4278 Ἐπιστρέψαι
1729 4208 1820 4262 διὰ

247 4300 371 4364 τοὺς
396 4297 614 4363 δούλους
641 4314 757 4362 σου,
785 4294 878 4350 καὶ
901 4296 989 4350 διὰ
1013 4298 1112 4360 τὰς
1133 4297 1306 4368 φυλὰς
1330 4298 1428 4368 τῆς
1453 4297 1818 4369 κληρονομίας

248 4407 361 4445 σου.
411 4407 432 4443 ι
476 4388 803 4460 Δυνηθῶμεν
831 4388 925 4441 καὶ⁵
949 4389 1106 4460 ἡμεῖς
1130 4389 1182 4442 οι
1210 4386 1415 4452 ἀνάξιοι
1448 4390 1647 4460 μικρᾶς
1673 4404 1817 4452 τινος

1986 3291 2151 3346 Vsus.
2190 3289 2277 3346 19.
2323 3307 2342 3342 ε
2380 3287 2530 3345 Facti
2587 3303 2774 3346 sumus
2818 3288 2965 3345 velut
3019 3290 3088 3344 ab
3139 3291 3314 3357 initio,
3368 3307 3494 3350 cum

1917 3398 2024 3439 non
2077 3379 2440 3447 dominareris
2491 3381 2704 3448 nostri,
2763 3395 2937 3451 neque
2989 3381 3334 3438 invocaretur
3391 3398 3495 3438 no-

1917 3489 2040 3531 men
2069 3484 2214 3531 tuum
2247 3488 2410 3546 super
2441 3489 2561 3530 nos.
2595 3491 2616 3525 ι
2681 3472 2845 3540 Quasi
2897 3489 2964 3530 ex
3012 3489 3245 3545 persona
3309 3475 3488 3547 populi

1917 3566 2031 3620 haec
2056 3563 2268 3621 effatur.
2315 3565 2471 3621 Sicut
2513 3565 2682 3629 enim,
2723 3566 2821 3632 ait,
2866 3579 2962 3621 cor
2999 3564 3299 3622 Pharaonis
3346 3583 3495 3624 sent-

1916 3672 2014 3728 per
2076 3656 2374 3722 indurasti,
2439 3656 2514 3712 ita
2568 3668 2712 3711 nunc
2762 3669 2978 3726 quoque
3043 3672 3141 3713 nos
3203 3658 3497 3723 indurasti,

1918 3750 2170 3821 indignos
2201 3749 2452 3819 judicans
2498 3748 2691 3804 timore
2739 3757 2869 3804 tuo:
2899 3750 3201 3820 quinetiam
3248 3763 3304 3807 tu
3355 3753 3492 3822 ipsc,

1917 3842 2162 3905 Domine,
2199 3855 2386 3897 errare
2417 3854 2516 3897 nos
2558 3840 2760 3906 fecisti,
2793 3849 2853 3896 ut
2893 3843 3037 3897 viam
3081 3852 3227 3898 tuam
3277 3845 3501 3914 ignora-

1916 3949 2118 3990 remus.
2142 3933 2412 4005 Csterum
2435 3932 2645 3988 etiamsi
2673 3947 2773 3988 nos
2802 3932 2938 3990 tales
2958 3935 3151 4000 simus,
3194 3944 3249 3988 tu
3283 3944 3497 4001 tamen,

1917 4034 2104 4095 utpote
2136 4024 2296 4089 Deus,
2331 4031 2553 4094 propter
2601 4036 2791 4080 servos
2837 4032 2960 4079 tuos
2998 4023 3147 4094 (nam
3190 4024 3498 4082 verisimle

1916 4127 2000 4172 est
2029 4118 2082 4172 in
2113 4115 2265 4172 turba
2313 4115 2571 4184 quosdam
2601 4113 2909 4183 huiusmodi
2939 4115 3106 4187 'esse)
3134 4126 3482 4172 convertere.

1919 4208 1986 4264 Et
2011 4210 2137 4278 quia
2170 4207 2316 4278 digni
2353 4207 2523 4262 habiti
2555 4221 2742 4263 sumus
2765 4206 2854 4276 qui
2887 4205 3178 4263 hereditas
3207 4217 3295 4262 tua
3327 4223 3493 4263 voca-

1919 4316 2122 4364 remur,
2148 4301 2266 4356 ideo
2294 4314 2601 4370 precamur,
2641 4315 2661 4350 t
2689 4296 3022 4354 Convertere
3058 4308 3280 4370 propter
3303 4314 3498 4357 servos

1920 4402 2061 4460 tuos,
2086 4402 2141 4448 et
2192 4401 2413 4464 propter
2463 4392 2635 4447 tribus
2673 4390 3007 4448 hereditatis
3052 4400 3176 4448 tute.
3218 4411 3239 4446 ι
3288 4390 3354 4447 Et
3390 4407 3498 4448 nos

245 4482 457 4547 δλπίδος
503 4483 688 4552 τυχεῖν
735 4481 793 4534 ὲν
837 4479 916 4551 τῷ
961 4479 1352 4553 ὲπηγγελμένῳ
1399 4479 1505 4532 ὑπὸ
1556 4478 1650 4533 σοῦ
1703 4479 1817 4552 δρει

1922 4500 2134 4556 quoque
2159 4485 2433 4541 valeamus
2457 4523 2474 4550 ,
2507 4483 2641 4541 licet
2682 4481 2928 4554 indigni,
2976 4484 3244 4539 modicam
3293 4484 3495 4540 saltent

245 4575 413 4646 ἁγίῳ·
450 4566 512 4628 οὗ
555 4571 832 4636 παντελῶς
859 4571 953 4627 νῦν
999 4569 1466 4642 ἔκπεπτώκαμενο
1503 4571 1732 4643 ὲπείπερ
1768 4573 1818 4626 οί

247 4667 554 4722 ὑπεναντίοι
588 4664 745 4738 ἡμῶν
785 4665 1166 4736 κατεπάτησαν
1199 4664 1260 4717 τὸ
1288 4663 1531 4735 ἁγίασμά
1561 4679 1683 4718 σου·
1719 4662 1816 4717 καὶ

248 4760 386 4814 τοῦτ’
426 4757 670 4830 ἔπραξαν
704 4757 790 4811 διὰ
820 4757 881 4812 τὸ
911 4757 971 4810 σὲ
1013 4756 1425 4828 ἀποστραφῆναι
1457 4756 1623 4827 ἡμᾶς.
1658 4755 1813 4810 Οὕτω

247 4848 376 4918 γοῦν
428 4847 880 4918 καταλειφθέντες
929 4847 1124 4920 ἔρημοι
1179 4847 1278 4918 τῆς
1337 4845 1436 4916 σῆς
1486 4846 1808 4916 ἐπισκοπῆς.

247 4940 474 4996 τοιοῦτοι
500 4938 595 4993 νῦν
635 4940 822 5010 ἐσμεν,
855 4940 1026 4994 ὁποῖοι
1061 4937 1155 4994 καὶ
1194 4936 1320 5011 πρίν
1349 4953 1407 4991 σε
1442 4937 1596 5008 ἡμῶν
1634 4937 1810 5009 ἄρξαι.

253 5034 342 5099 Ὠς
382 5034 486 5106 γὰρ
519 5029 588 5105 ῆν
630 5047 760 5087 ποτε
808 5032 1026 5103 χρόνος,
1062 5032 1151 5086 δτε
1187 5031 1312 5085 οὔτε
1351 5031 1655 5102 προφήτας,
1693 5030 1815 5084 οὔτε

248 5125 450 5197 ἱερέας,
489 5123 612 5179 οὔτε
648 5121 905 5195 βασιλεῖς,
935 5122 1057 5177 οὔτε
1096 5141 1149 5178 τι
1175 5123 1283 5178 τῶν
1318 5122 1424 5178 σῶν
1467 5127 1818 5195 χαρισμάτων

245 5216 487 5288 εἴχομεν·
523 5215 614 5269 τδν
652 5211 816 5269 αὗτὸν
843 5213 1040 5286 τρόπον
1073 5217 1164 5270 καὶ
1195 5215 1287 5269 νῦν
1315 5217 1394 5280 εἰς
1436 5215 1649 5286 εκείνην
1691 5233 1820 5270 κατ-

243 5307 481 5380 έστημιν
517 5308 616 5379 τὴν
654 5306 909 5380 ἐρημίαν.
953 5307 1137 5362 Ταῦτα
1175 5308 1350 5362 πάντα
1391 5306 1566 5362 ῑοικεν
1613 5307 1814 5378 άναφέο

249 5399 436 5471 ρεσθαι
468 5400 560 5452 ἐπὶ
601 5399 693 5452 τὸν
722 5398 912 5467 καιρὸν
945 5398 1036 5452 τὸν
1077 5398 1212 5469 μετὰ
1250 5398 1350 5471 τὴν
1377 5396 1678 5468 παρουσίαν
1721 5398 1812 5451 τοῦ

245 5489 494 5562 Σωτῆρος
545 5489 734 5560 ἡμῶν·
774 5489 833 5542 έν
870 5481 914 5557 ᾧ
946 5488 1221 5553 παντελῶς
1252 5488 1678 5561 κατελείφθησαν
1721 5489 1808 5543 διὰ

245 5580 312 5635 τά
350 5580 490 5635 κατὰ
520 5578 614 5633 τοῦ
643 5578 893 5650 Σωτῆρος
917 5579 1073 5652 ἡμῶν
1109 5579 1442 5650 τολμηθέντα
1469 5581 1666 5644 αὐτοῖς.
1697 5581 1810 5634 Νῦν

247 5668 352 5741 γὰρ
372 5670 448 5735 ὡς
471 5668 685 5740 άληθῶς
711 5667 938 5722 τοιοῦτοι
963 5670 1269 5738 γεγόνασιν,
1304 5670 1378 5733 ὡς
1406 5669 1466 5723 τὸ
1490 5671 1583 5724 ἀπ’
1613 5670 1806 5742 ἀρχῆς.

246 5759 332 5816 ὅτε
369 5763 466 5817 οὐκ
498 5757 668 5833 ἦρχεν
704 5759 881 5816 αὐτῶν
918 5763 945 5814 ὁ
982 5761 1132 5830 Θεὸς,
1168 5761 1305 5815 ὥστε
1326 5761 1578 5818 δύνασθαι
1609 5763 1803 5832 λέγειν·

1924 4595 2074 4650 spem
2110 4577 2367 4645 consequi
2401 4577 2454 4632 in
2487 4586 2668 4633 monte
2697 4584 2884 4632 sancto
2921 4583 3032 4643 tuo,
3080 4590 3241 4647 quem
3271 4575 3494 4646 pollice-

1922 4672 1998 4727 ris
2025 4688 2039 4725 :
2067 4684 2133 4726 ex
2159 4685 2268 4740 quo
2293 4671 2402 4741 jam
2433 4684 2656 4739 prorsus
2680 4667 3017 4735 excidimus;
3043 4666 3168 4738 quia
3194 4666 3495 4724 adversarii

1919 4761 2092 4819 nostri
2122 4761 2579 4818 conculcaverunt
2608 4759 2976 4815 sanctuarium
3007 4767 3179 4825 tuum,
3203 4758 3364 4829 idque
3409 4758 3496 4816 fe.

1919 4862 2131 4921 cerunt,
2173 4852 2297 4923 quia
2345 4860 2624 4908 aversatus
2654 4866 2753 4908 nos
2783 4865 2864 4906 es.
2924 4848 3016 4905 Sic
3059 4849 3224 4920 igitur
3246 4848 3497 4906 derelictis

1921 4954 1975 5000 et
2001 4943 2310 5000 visitatione
2343 4953 2434 4998 tua
2464 4941 2702 5013 privati,
2737 4941 2870 4998 tales
2897 4939 3009 5010 jam
3044 4955 3231 4996 sumus
3253 4980 3269 5005 ,
3302 4939 3496 5011 quales

1921 5049 2140 5092 eramus
2170 5045 2456 5105 antequam
2489 5039 2789 5105 imperares
2821 5034 2996 5089 nobis.
3024 5032 3498 5100 Quemadmodum-

1921 5128 2063 5185 enitn
2089 5139 2300 5198 tempus
2321 5127 2447 5182 olim
2481 5127 2598 5191 fuit,
2620 5141 2742 5181 cum
2770 5139 2942 5196 neque
2967 5125 3282 5196 prophetas,
3310 5137 3494 5193 neque

1925 5220 2257 5285 sacerdotes,
2290 5233 2464 5289 neque
2490 5232 2664 5290 reges,
2697 5231 2873 5284 neque
2900 5216 3044 5273 aliud
3073 5217 3346 5287 quidpiam
3369 5233 3398 5270 a
3436 5227 3487 5271 te

1923 5325 2119 5367 munus
2159 5309 2504 5376 haberemus,
2559 5308 2637 5364 sic
2663 5317 2720 5364 et
2753 5322 2895 5364 nunc
2921 5307 3169 5364 eamdem
3211 5307 3265 5362 in
3291 5306 3485 5363 solitu-

1921 5401 2098 5456 dinem
2123 5409 2177 5456 et
2204 5401 2572 5457 conditionem
2600 5399 2910 5455 recidimus.
2939 5398 3064 5454 Haec
3090 5397 3268 5453 omnia
3293 5395 3485 5451 referri.

1918 5491 2172 5548 videntur
2199 5493 2264 5546 ad
2297 5501 2527 5562 tempus,
2559 5492 2702 5562 quod
2737 5491 3024 5546 adventum
3059 5487 3360 5544 Salvatoris
3386 5501 3485 5541 no-

1916 5581 2015 5636 stri
2043 5580 2389 5638 subsecutum
2416 5591 2499 5638 est
2526 5599 2540 5639 :
2577 5598 2685 5653 quo
2709 5597 2930 5653 prorsus
2953 5578 3195 5637 derelicti
3222 5585 3381 5644 sunt,
3412 5578 3483 5632 ob

1914 5669 2119 5726 scelera
2145 5681 2331 5728 contra
2371 5673 2618 5729 eumdem
2654 5672 2988 5728 Salvatoretn
3018 5671 3087 5726 ab
3116 5671 3247 5742 ipsis
3286 5683 3472 5738 perpe-

1917 5771 2076 5820 trata.
2109 5764 2258 5823 Nunc
2297 5767 2438 5823 enim
2482 5781 2670 5823 rcvcra
2710 5765 2843 5823 tales
2873 5774 3019 5831 sunt,
3049 5764 3235 5838 quales
3264 5769 3422 5822 erant
3447 5776 3492 5816 ο-
