4124 6412
762 406 863 463 507
1159 443 1163 447 ι
1448 396 1712 455 εῦδεειι
1750 393 2213 455 CESARIENSIS
2250 392 2390 450 OPP.

2297 392 2397 448 PP.
2439 390 2615 447 PARS
2654 388 3234 448 ιιι-ιειιερετιωι.
3823 390 3922 446 508

759 520 1040 595 principio,
1073 534 1192 574 cum
1218 518 1450 574 nondum
1474 518 1602 587 ipsis
1630 518 1765 573 Deus
1795 518 2153 571 dominaretur
2177 554 2193 579 ,
2223 524 2283 573 ut
2309 522 2353 577 Α
2385 545 2387 553 ι

2309 522 2353 577 Α
2385 533 2407 566 ι
2448 512 2772 582 Ἔγενὸμεθα
2796 514 2870 574 ὥς
2892 510 2952 562 τὸ
2974 508 3067 561 ἀπ’
3093 507 3283 576 ἀρχῆς,
3315 520 3399 557 ατε
3421 520 3521 557 ουκ
3542 498 3713 574 ἦρξας
3746 504 3920 575 ἡμῶν,

758 615 938 670 dicere
970 610 1181 666 valeant
1214 628 1228 663 :
1260 626 1278 660 ι
1314 608 1460 677 Facti
1501 622 1682 663 sumus
1706 606 1845 660 velut
1874 607 1942 660 ab
1982 607 2131 659 initio
2163 619 2285 659 cum

1842 646 1845 656 .
1874 607 1942 660 ab
1982 607 2131 659 initio
2163 619 2285 659 cum
2387 604 2503 658 οὐδὲ
2529 603 2725 673 ἐκλήθη
2756 601 2815 655 τὸ
2838 598 3005 671 ὄνομα
3032 614 3123 650 σου
3146 597 3228 666 ἐφ’
3254 596 3415 667 ἡμᾶς.
3452 612 3470 645 ι

758 719 862 758 non
892 698 1243 757 dominareris
1283 698 1484 761 nostri,
1514 706 1680 767 neque
1724 697 2055 751 invocaretur
2098 708 2285 749 nomen

755 801 905 849 suum
934 804 1097 860 super
1124 803 1239 845 nos.
1274 805 1295 839 ι

1303 870 1524 931 (ΖᾹΡΙΙΤ
1563 872 1739 929 LXIV.
2885 865 2931 917 Κ

2885 858 3270 917 ΚΕΦᾹΔΑῘΟΝ
3307 856 3419 911 ΞΝ.

824 969 982 1023 Vna.
1016 968 1065 1021 l.
1102 985 1121 1017 ο
1162 965 1217 1019 Si
1258 964 1467 1033 aperias
1500 964 1693 1016 caelum
1718 1001 1732 1025 ,
1768 972 1967 1015 tremor
1994 962 2287 1031 apprehen-

2463 974 2481 1008 ι
2533 955 2654 1010 Ἐὰν
2674 952 2886 1023 ἀνοίξῃς
2915 953 3005 1005 τὸν
3041 949 3289 1021 οὐρανὸν,
3330 947 3528 1017 τρόμος
3544 944 3789 1033 -λὴψεταιν
3817 940 3924 995 ἀπὸ

753 1056 844 1111 det
872 1072 899 1110 a
938 1065 991 1111 te
1038 1032 1364 1117 montes,et
1395 1052 1704 1119 liquescent.
1747 1068 1765 1100 ι
1820 1050 2080 1105 Caeterum
2124 1050 2286 1120 probo
2330 1052 2343 1059 ’

2330 1052 2343 1059 ’
2388 1045 2482 1100 σοῦ
2515 1046 2635 1117 δρη,
2665 1045 2757 1097 καὶ
2798 1044 3141 1113 τακὴσονται.
3182 1058 3200 1091 ι
3245 1038 3390 1107 Πλὴν
3428 1036 3543 1090 ἀλλ’
3576 1035 3730 1104 ῐσμεν
3769 1032 3926 1101 ἀκρι-

754 1148 997 1200 novimua
1030 1154 1079 1197 et
1105 1156 1413 1211 persuasum
1446 1140 1731 1200 habemus.
1758 1140 1802 1194 si
1834 1139 2061 1193 volueris
2086 1140 2283 1194 cmlum

2388 1135 2496 1199 ὖῶς
2534 1135 2622 1186 xal
2663 1130 3015 1201 πεπείσμεθα,
3052 1130 3152 1195 ὅτι,
3192 1126 3284 1181 ιὰν
3323 1126 3551 1196 θελήσῃς
3599 1121 3805 1188 ἀνοῖξαι
3835 1120 3926 1173 τὸν

753 1234 1000 1301 aperire,
1039 1240 1221 1298 utpote
1282 1230 1418 1283 Dens
1467 1228 1831 1295 omnipotens,
1881 1236 2162 1281 tremorem
2212 1228 2282 1280 tui

2387 1223 2607 1295 οὐρανὸν
2633 1223 2761 1285 Θεὸς
2788 1221 2861 1274 ὣν
2902 1220 2995 1273 καὶ
3034 1220 3207 1273 πάντα
3249 1218 3570 1286 δυνάμενος,
3608 1215 3807 1283 τρόμος
3836 1212 3928 1281 λὴ-

754 1331 963 1376 ntontes
1016 1322 1463 1390 appreliensurum
1498 1331 1649 1380 esse,
1677 1315 1923 1369 videlicet
1954 1316 2286 1369 adversarias

2386 1314 2543 1383 ψεται
2569 1312 2673 1366 ἀπὸ
2696 1311 2787 1364 σοῦ
2814 1310 2934 1382 ὅρη,
2956 1310 3051 1373 τὰς
3069 1307 3440 1377 ἀντικειμένας
3460 1304 3652 1375 δηλαδὴ
3675 1302 3929 1373 δυνάμεις

752 1420 1064 1482 potestates,
1114 1425 1229 1477 quae
1265 1417 1447 1462 contra
1488 1406 1842 1476 cognitionem
1883 1405 1956 1458 tui
1989 1405 2283 1474 eriguntur.

1989 1405 2283 1474 eriguntur.
2387 1404 2485 1467 τὰς
2515 1402 2872 1474 ἐπαιρομένας
2901 1401 3039 1454 κατὰ
3069 1401 3167 1470 τῆς
3475 1412 3589 1449 σου.

824 1502 978 1555 Vens.
1015 1500 1067 1562 ἓ,
1102 1500 1154 1553 5.
1187 1518 1205 1549 ι
1244 1498 1392 1551 Sicut
1414 1511 1535 1549 cera
1579 1511 1611 1556 ει
1656 1494 1793 1549 facie
1839 1496 1979 1563 ignis
2014 1494 2283 1563 liquescit,

2464 1511 2483 1545 ι
2540 1492 2626 1553 Ὠς
2658 1490 2823 1561 κηρὸς
2856 1489 2962 1543 ἀπὸ
3006 1486 3292 1559 προσώπου
3336 1486 3504 1557 πυρὸς
3549 1486 3795 1555 τήκεται,
3838 1482 3932 1537 καὶ

752 1603 809 1648 ει
834 1593 1106 1647 comburet
1141 1589 1274 1659 ignis
1306 1595 1421 1641 tuos
1449 1586 1801 1650 adversarios,
1855 1594 1909 1640 et
1952 1584 2283 1638 manifestum

2389 1580 2713 1635 κατακαύσει
2743 1579 2851 1652 πῦρ
2869 1580 2994 1641 τοὺς
3018 1577 3380 1641 ὑπεναντίους,
3408 1575 3503 1629 καὶ
3528 1575 3755 1646 φανερὸν
3779 1574 3933 1627 ἔσται

756 1683 859 1735 erit
890 1694 1077 1733 nomen
1126 1687 1272 1731 tuum
1318 1676 1683 1729 adversariis:
1722 1690 1749 1728 a
1796 1674 1929 1729 facio
1975 1684 2061 1729 tua
2107 1684 2286 1744 gentes

2388 1672 2448 1725 τὸ
2476 1672 2642 1741 ὄνομά
2673 1689 2764 1724 σου
2800 1672 2909 1732 τοῖς
2946 1668 3295 1732 ὑπεναντίοις.
3342 1668 3472 1721 Ἀπὸ
3514 1666 3805 1737 προσώπου
3840 1681 3933 1717 σου

757 1769 1122 1822 turbabuntur.
1152 1785 1169 1817 ι
1194 1766 1333 1820 Sane
1361 1784 1379 1815 ι
1408 1767 1567 1819 Deum
1587 1779 1739 1818 nemo
1762 1763 1891 1818 vidit
1912 1778 2140 1831 unquam
2156 1764 2199 1795 ”
2220 1780 2235 1829 ;
2258 1780 2278 1815 ι

2391 1759 2513 1831 ἔθνη
2533 1759 2977 1832 ταραχθὴσονται.
3012 1778 3029 1809 ι
3052 1760 3161 1813 Kal
3192 1759 3295 1829 μὴν
3319 1777 3338 1810 ι
3364 1758 3494 1811 Θεὸν
3520 1757 3690 1818 οὐδεὶς
3717 1754 3932 1826 ἑώρακε

756 1867 830 1923 et,
870 1877 888 1909 ι
922 1857 1086 1911 Nemo
1115 1858 1315 1912 videbit
1343 1856 1527 1910 faciem
1558 1869 1748 1921 meam,
1772 1863 1824 1907 et
1858 1854 1997 1908 vivet
2020 1854 2089 1907 ".
2128 1872 2146 1906 ι
2184 1852 2287 1906 Sed
2318 1862 2360 1916 Β

2318 1862 2360 1916 Β
2390 1854 2622 1914 πιίιποτε,
2664 1870 2681 1903 ι
2720 1854 2832 1916 καὶ,
2870 1869 2888 1904 t
2932 1854 3115 1916 Οὐδεὶς
3147 1849 3333 1920 ὄψεταί
3373 1866 3473 1920 μου
3514 1848 3575 1901 τὸ
3617 1848 3932 1918 πρόσωπον,

752 1947 838 2000 bis
870 1947 1079 2000 videtur
1106 1947 1265 2000 Deum
1291 1946 1649 2009 subindicare,
1678 1945 1766 2013 qui
1798 1946 1847 1998 in
1880 1944 2094 1997 deserto
2119 1941 2285 2014 Moysi

2387 1948 2480 1999 καὶ
2506 1944 2721 2016 ζήσεται
2742 1961 2756 1974 ·
2798 1963 2816 1995 ι
2844 1943 2956 1996 ἀλλ’
2991 1942 3129 1995 ἔοικε
3156 1942 3243 1995 τὸν
3269 1940 3398 1994 Θεὸν
3424 1938 3509 1992 διὰ
3537 1938 3739 1991 τούτων
3766 1938 3933 1991 αἰνίτ-

751 2038 968 2093 eracula
1008 2038 1175 2097 dedit,
1201 2046 1254 2090 et
1284 2038 1370 2104 qui
1399 2036 1466 2089 ab
1504 2036 1646 2089 omni
1690 2034 1881 2103 populo
1905 2034 2050 2090 visus
2084 2043 2163 2088 est
2195 2049 2289 2102 per

2385 2036 2567 2089 τεσθαι
2589 2036 2677 2087 τὸν
2705 2034 2799 2087 xal
2824 2034 2915 2086 ἐπὶ
2935 2033 3031 2103 τῆς
3052 2034 3251 2103 ὲρὴμου
3280 2030 3685 2101 χρηματίσαντα
3704 2026 3934 2096 Mutila-ii,

754 2129 977 2197 gloriam
1027 2127 1273 2180 omnibus
1307 2134 1667 2201 apparentem,
1702 2125 1767 2179 de
1807 2139 1913 2192 qua
1946 2126 2143 2179 dictum
2171 2132 2284 2178 est:

2383 2126 2461 2195 τῷ
2496 2142 2553 2177 τε
2592 2125 2751 2177 παντὶ
2786 2122 2897 2191 λαῷ
2934 2121 3225 2192 ἑωραμένῳ
3264 2119 3353 2171 διὰ
3394 2118 3489 2187 τῆς
3532 2114 3937 2187 δμφαινομένης

761 2236 780 2269 ι
811 2218 879 2275 Et
904 2217 1033 2271 vidit
1056 2216 1231 2271 omnis
1263 2215 1489 2287 populus
1516 2214 1736 2285 gloriam
1764 2213 1971 2270 Domini
2001 2216 2068 2268 ⁸⁷.
2104 2232 2116 2266 ι
2383 2234 2389 2251 ι

2383 2218 2494 2279 τοῖς
2538 2218 2670 2268 πᾶσι
2696 2213 2851 2285 δόξης
2874 2213 3009 2284 ,περὶ
3036 2206 3104 2282 ἦς
3131 2212 3366 2281 εἴρηται·
3402 2225 3421 2260 ι
3446 2206 3555 2261 Kal
3595 2205 3743 2277 ἑώρα
3778 2208 3885 2268 πᾶς
3908 2206 3936 2258 6

2384 2306 2509 2370 λαὸς
2538 2306 2634 2376 τὴν
2664 2306 2815 2370 δόξαν
2859 2303 3079 2374 Κυρίου.
3112 2320 3131 2353 ι

823 2386 981 2443 Vens.
1009 2387 1123 2441 ι-δ.
1167 2405 1187 2439 ι
1215 2387 1347 2442 Cum
1387 2386 1577 2443 feceris
1602 2387 1850 2459 gloriosa,
1882 2397 2081 2443 tremor
2106 2387 2179 2441 tui
2204 2388 2287 2441 ln-

2459 2416 2478 2448 ι
2513 2397 2678 2450 Ὅταν
2711 2397 2866 2465 ποιῇς
2894 2394 2963 2446 τὰ
2993 2391 3196 2455 ἔνδοξα,
3221 2390 3419 2461 τρόμος
3449 2387 3675 2460 λήψεται
3705 2386 3814 2440 ἀπὸ
3842 2384 3933 2440 σοῦ

753 2478 909 2530 vadet
935 2487 1161 2531 montes.
1186 2478 1229 2530 Α
1256 2478 1454 2532 mulo
1476 2494 1579 2532 non
1602 2479 1920 2541 audiVitnus.
1950 2494 2120 2547 neque
2146 2480 2283 2534 ocui

2382 2486 2501 2556 ὅρη.
2544 2484 2675 2537 Ἀπὸ
2713 2484 2802 2537 τοῦ
2829 2484 3017 2544 αἰῶνος
3037 2481 3135 2534 οὐκ
3161 2480 3491 2549 ἠκούσαμεν,
3525 2478 3645 2530 οὐδὲ
3669 2474 3934 2546 ὀφθαλμοὶ

754 2567 920 2620 nostri
947 2566 1193 2621 viderunt
1215 2566 1399 2631 Deum,
1426 2577 1616 2635 preter
1654 2576 1723 2630 te,
1749 2577 1803 2621 et
1835 2582 1992 2636 opera
2021 2578 2140 2633 tua,
2170 2584 2287 2639 quae
2381 2599 2382 2603 η

2381 2575 2536 2646 ἡμῶν
2557 2571 2692 2628 εἶδον
2717 2574 2843 2627 Θεὸν
2885 2573 3022 2644 πλήν
3050 2590 3161 2637 σου,
3197 2572 3290 2625 καὶ
3322 2570 3390 2624 τὰ
3420 2569 3553 2640 ιργα
3594 2585 3708 2633 σου,
3745 2568 3782 2621 ἃ
3820 2584 3936 2619 ποι-

754 2655 920 2709 facies
945 2657 1373 2723 exspectantibus
1402 2656 1837 2712 misericordiam.
1863 2658 2116 2714 Occurret
2142 2659 2283 2713 enim

2383 2666 2533 2735 ἡσεις
2566 2668 2675 2727 τοῖς
2703 2664 3055 2734 ὑπομένουσιν
3079 2663 3241 2716 ἔλεον.
3268 2661 3656 2730 Συναντὴσεται
3689 2657 3800 2729 γὰρ
3825 2660 3935 2720 τοῖς

754 2746 820 2800 iis
867 2745 955 2811 qui
1003 2743 1205 2797 faciunt
1242 2744 1523 2813 justitiam,
1549 2753 1603 2798 et
1628 2745 1829 2799 viarum
1877 2755 2083 2800 tuarum
2111 2761 2284 2801 recor-

2383 2754 2589 2808 ποιοῦσι
2612 2754 2671 2807 τὸ
2694 2754 2916 2817 δίκαιον,
2951 2753 3042 2805 καὶ
3072 2752 3177 2805 τῶν
3216 2750 3349 2805 ὁδῶν
3392 2767 3483 2803 σου
3519 2748 3933 2820 μνησθήσονται.

753 2835 1040 2889 dabuntur.
1071 2835 1208 2889 Ecce
1256 2844 1309 2888 tu
1356 2835 1523 2888 iratus
1568 2849 1659 2899 es,
1695 2846 1749 2889 et
1790 2851 1889 2891 nos
1926 2837 2281 2906 peccavimus.

2396 2844 2522 2897 Ἰδοὺ
2557 2846 2619 2897 σὺ
2644 2843 2934 2915 ὠργίσθης,
2973 2843 3064 2894 καὶ
3094 2842 3251 2912 ἡμεῖς
3280 2841 3611 2911 ἡμάρτομεν.
3644 2837 3745 2889 Διὰ
3780 2836 3938 2891 τοῦτο

752 2922 954 2979 ldcirco
980 2924 1309 2989 erravimus,
1350 2934 1402 2979 et
1433 2924 1559 2978 facti
1610 2938 1790 2979 sumus
1833 2927 1986 2995 quasi
2029 2926 2283 2980 immunti

2382 2935 2757 3006 ἐπλανήθημεν
2788 2936 2879 2989 καὶ
2926 2933 3254 3005 ἐγενήθημεν
3293 2932 3367 2994 ὡς
3399 2930 3693 3001 ἀκάθαρτοι
3738 2930 3941 2991 πάντες

754 3027 937 3069 omnes
966 3030 1098 3069 nos:
1133 3024 1387 3083 tanquam
1423 3028 1629 3083 pannus
1672 3016 1905 3070 sedentis
1929 3016 2101 3071 omnis
2128 3016 2285 3085 justi-

2384 3024 2566 3092 ἡμεῖς’
2598 3023 2671 3085 ὡς
2714 3024 2876 3091 ῥάκος
2915 3021 3329 3091 ἀποκαθημένης
3366 3019 3513 3069 πᾶσα
3556 3019 3589 3087 ἡ
3625 3016 3933 3085 δικαιοσύνη

755 3102 829 3155 tia
853 3114 1054 3159 nostra.
1089 3122 1108 3157 ι
1140 3104 1289 3171 Quod
1315 3104 1357 3158 si
1389 3119 1490 3172 qua
1522 3105 1657 3172 apud
1688 3120 1782 3159 nos
1827 3106 2047 3175 reperiri
2075 3114 2283 3174 putetur

2383 3110 2557 3180 ἡμῶν.
2609 3128 2627 3161 ι
2662 3111 2725 3162 El
2754 3110 2809 3163 δὲ
2838 3110 2929 3162 καί
2955 3126 3035 3171 τις
3061 3110 3117 3161 ὲν
3156 3110 3285 3177 ἡμῖν
3311 3103 3562 3175 ἐνομίσθη
3589 3101 3934 3173 εὑρίσκεσθαι

750 3191 955 3260 iustitia
991 3194 1234 3262 actioque
1264 3194 1450 3263 proba,
1485 3208 1547 3248 ea
1595 3196 1837 3251 sordibus
1872 3197 2024 3266 plena
2049 3207 2102 3252 et
2130 3198 2282 3253 inde—
2309 3188 2350 3246 C

2309 3188 2350 3246 Ο
2381 3200 2687 3271 δικαιοσύνη
2719 3201 2811 3254 καὶ
2836 3199 3029 3271 πρᾶξις
3058 3197 3258 3262 δικαία,
3284 3196 3642 3268 ὲρρυπωμένη
3672 3195 3767 3248 xal
3797 3194 3933 3264 αὑτὴ

756 3298 877 3338 cora
913 3299 1035 3338 esse
1063 3284 1492 3353 deprehenditur.
2383 3317 2384 3321 η

1414 3300 1492 3338 ur.
2383 3292 2476 3345 καὶ
2496 3291 2684 3361 ἄτιμος
2712 3292 3042 3362 ὲλὴλεγκται.

831 3376 987 3428 Vsus.
1032 3375 1181 3428 7-12.
1216 3394 1235 3424 ι
1266 3376 1331 3429 Et
1363 3376 1672 3433 defluximus
1712 3376 1861 3445 quasi
1902 3377 2023 3433 folia
2073 3388 2286 3449 propter
2455 3405 2459 3427 ι

2455 3395 2474 3431 ι
2504 3381 2613 3434 Kal
2635 3380 2859 3451 ἐξερρύη
2868 3396 2965 3448 μεν
2985 3378 3059 3441 ὡς
3085 3378 3256 3446 φύλλα
3278 3376 3366 3430 διὰ
3384 3376 3482 3440 τὰς
3506 3376 3733 3447 ἀνομίας
3746 3377 3928 3447 ,ἡμῶν

756 3466 1061 3537 iniquitates
1098 3474 1337 3520 nostras:
1366 3467 1442 3521 sic
1475 3478 1663 3523 ventus
1699 3469 1900 3523 auferet
1947 3483 2073 3532 nos,
2099 3481 2151 3524 et
2180 3485 2282 3524 non
2380 3493 2384 3515 ι

2380 3469 2549 3533 οὕτως
2587 3470 2782 3539 ἄνεμος
2813 3469 2945 3522 οἴσει
2976 3470 3149 3537 ἡμᾶς·
3188 3469 3279 3521 καὶ
3300 3455 3571 3520 οὐχ’ἐστιν
3597 3468 3626 3518 6
3650 3465 3933 3519 ἐπικαλού-

755 3560 957 3625 estqui
998 3556 1203 3613 invocet
1248 3570 1437 3611 nomen
1485 3566 1665 3623 tuum,
1714 3574 1812 3613 nec
1844 3559 1931 3628 qui
1982 3560 2283 3615 recordatus
2382 3614 2383 3621 η

2382 3576 2540 3629 μενος
2567 3560 2628 3611 τὸ
2650 3558 2815 3628 ὄνομά
2836 3575 2947 3623 σου,
2970 3558 3062 3612 καὶ
3083 3560 3112 3612 6
3139 3558 3391 3629 μνησθεὶς
3412 3558 3788 3613 ἀντιλαϐέσθαι
3814 3574 3928 3611 σου*

756 3649 1118 3715 apprehendat
1146 3658 1235 3703 te:
1270 3648 1519 3718 quoniam
1559 3648 1795 3703 avertisti
1844 3650 2035 3704 faciem
2084 3660 2226 3704 tuam
2252 3667 2282 3705 a
2377 3653 2384 3700 ε

2377 3652 2456 3703 ὅτι
2487 3650 2826 3720 ἀπέστρεψας
2846 3650 2905 3701 τὸ
2932 3650 3213 3720 πρόσωπόν
3234 3664 3325 3702 σου
3351 3649 3443 3717 ἀφ’
3467 3648 3642 3719 ἡμῶν,
3677 3649 3769 3702 καὶ
3797 3664 3933 3719 παρ-

756 3740 931 3800 nobis,
963 3750 1015 3789 et
1058 3739 1316 3793 tradidisti
1346 3754 1441 3794 nos
1471 3750 1691 3809 propter
1720 3740 2024 3811 iniquitates
2050 3751 2279 3798 nostras.
2379 3761 2384 3794 ι

2379 3740 2582 3805 ἐδωκας
2627 3742 2769 3809 ἡμᾶς
2816 3738 2900 3791 διὰ
2954 3738 3051 3801 τὰς
3099 3736 3366 3811 ἁμαρτίας
3422 3737 3597 3807 ἡμῶν.
3654 3739 3764 3790 Kal
3815 3737 3927 3800 νῦν,

754 3826 999 3890 Etnunc,
1032 3827 1269 3893 Domine,
1302 3829 1458 3883 Pater
1497 3840 1677 3885 noster
1708 3841 1788 3895 tu,
1815 3848 1911 3887 nos
1932 3848 2058 3889 vero
2091 3834 2280 3898 lutum,
2380 3878 2382 3884 .

2380 3832 2545 3901 Κύριε
2570 3870 2585 3894 ,
2613 3830 2796 3900 Πατὴρ
2836 3828 2988 3900 ἡμῶν
3027 3829 3112 3893 σὺ,
3143 3830 3302 3900 ἡμεῖς
3331 3827 3388 3882 δὲ
3429 3827 3616 3899 πηλὸς,
3656 3826 3793 3899 ἔργα
3822 3827 3928 3880 τῶν

754 3933 888 3986 opus
932 3933 1178 3971 manuum
1212 3927 1420 3973 tuarum
1467 3934 1672 3985 omnes,
1699 3938 1787 3984 ,ne
1836 3923 2083 3977 irascaris
2131 3924 2282 3979 nobis
2378 3941 2382 3992 ς

2378 3923 2573 3993 χειρῶν
2606 3938 2695 3975 σου
2732 3922 2945 3985 πάντες,
2989 3922 3061 3991 μὴ
3094 3921 3307 3993 ὀργίζου
3340 3922 3470 3991 ἡμῖν
3505 3920 3730 3991 σφόδρα,
3767 3920 3842 3990 μὴ
3873 3922 3924 3973 ξι

755 4009 930 4070 valde,
982 4022 1150 4076 neque
1201 4010 1253 4061 in
1304 4018 1540 4078 tempore
1596 4012 1900 4067 memineris
1935 4013 2273 4081 iniquitatum
2380 4031 2383 4061 τ

2380 4011 2552 4082 καιρῷ
2585 4009 2825 4080 μνησθῇς
2857 4008 3133 4079 ἁμαρτιῶν
3162 4008 3337 4078 ἡμῶν.
3364 4000 3475 4061 Kal
3498 4008 3591 4061 νῦν
3622 4007 3928 4077 smmum,

760 4106 1081 4150 nostrarum.
1112 4097 1176 4151 Et
1209 4113 1350 4153 nunc
1378 4100 1606 4160 intuere.
1644 4101 1881 4167 Domine,
1911 4104 2158 4169 quoniam
2185 4118 2284 4173 ρο·
2379 4101 2388 4152 ε

2379 4101 2459 4153 ὅτι
2480 4101 2604 4162 λαός
2631 4117 2718 4151 σου
2744 4099 2939 4162 πάντες
2972 4100 3149 4169 ἡμεῖς.
3187 4098 3345 4161 Πόλις
3370 4095 3465 4151 τοῦ
3499 4097 3649 4165 ἁγίου
3683 4113 3777 4150 σου
3813 4100 3929 4167 ὲγε-

758 4186 911 4255 pulus
939 4198 1058 4239 tuus
1097 4202 1283 4241 omnes
1313 4202 1429 4242 nos.
1460 4188 1657 4242 Civitas
1701 4192 1868 4245 sancti
1905 4192 1976 4245 tui
2020 4192 2158 4247 facta
2202 4202 2284 4247 est
2378 4211 2386 4228 ε

2378 4192 2508 4262 νήθη
2536 4192 2735 4261 ἔρημος
2776 4190 2930 4254 Σιὼν,
2972 4191 3045 4253 ὼς
3068 4192 3265 4260 ἕρημος
3292 4190 3520 4261 ἐγενήθη
3560 4191 3926 4261 Ἰερουσαλὴμ,

758 4276 963 4330 deserta
992 4275 1117 4330 Sion
1153 4295 1166 4329 :
1203 4287 1259 4331 ut
1292 4278 1559 4331 desertum
1587 4279 1722 4331 facta
1750 4288 1834 4333 est
1858 4271 2171 4343 Jerusalem,
2227 4281 2279 4334 in
2378 4301 2386 4332 ι

2378 4283 2455 4344 είς
2494 4281 2730 4351 κατάραν
2756 4282 2783 4332 6
2813 4278 2985 4343 οἶκος,
3034 4282 3092 4334 τὸ
3119 4282 3271 4349 ἆγιον
3310 4280 3485 4350 ἡμῶν,
3520 4281 3611 4333 καὶ
3643 4283 3675 4350 ἡ
3704 4281 3829 4345 δόξα
3863 4282 3925 4353 ἡν

758 4366 1182 4421 maledictionem
1220 4371 1428 4430 domus,
1463 4376 1703 4420 sanctum
1736 4378 1996 4432 nostrum,
2036 4378 2089 4421 et
2115 4368 2279 4436 gloria
2378 4390 2386 4421 τ

2378 4372 2679 4440 ηὐλόγησαν
2721 4373 2767 4423 ol
2812 4372 3037 4441 πατέρες
3081 4370 3257 4441 ἡμῶν,
3287 4372 3513 4443 ἐγενήθη
3545 4371 3925 4443 πυρίκαυστος.

756 4457 840 4509 cui
868 4457 1250 4511 benedixerunt
1278 4467 1456 4527 patres
1485 4457 1674 4519 nostri,
1701 4458 1821 4524 igne
1846 4456 2136 4521 combusta,
2167 4472 2281 4511 om-
2313 4509 2353 4530 ἢ
2382 4478 2384 4486 λ

2313 4509 2353 4530 ἢ
2382 4460 2473 4511 καὶ
2523 4460 2697 4513 πάντα
2734 4460 2913 4524 ἔνδοξα
2952 4460 3103 4530 ἡμῶν
3167 4460 3441 4513 συνέπεσε.
3502 4462 3609 4513 Kal
3653 4461 3746 4513 ἐπὶ
3795 4464 3923 4514 πᾶσι

757 4546 950 4611 niaque
980 4546 1205 4614 gloriosa
1229 4509 1410 4601 uestra
1441 4547 1808 4601 conciderunt.
1838 4549 2007 4615 Atque
2032 4548 2083 4600 in
2116 4548 2280 4600 omni-
2312 4509 2355 4561 Β
2380 4568 2385 4582 ι

2312 4509 2355 4561 D
2380 4548 2583 4611 τούτοις
2621 4509 2877 4619 ἀνέσχουῖ
2916 4509 3119 4620 Κύτριε,
3155 4552 3246 4603 καὶ
3275 4550 3605 4621 ὲσιώπησας,
3658 4552 3754 4606 καὶ
3802 4555 3930 4607 ἑτα-

757 4634 856 4688 bus
891 4634 1005 4689 iStis
1034 4636 1354 4702 sustinuisti,
1390 4635 1632 4700 Domine,
1662 4645 1718 4690 et
1766 4638 1995 4702 tacuisti,
2024 4646 2079 4691 et
2109 4636 2285 4691 bumi-
2384 4662 2385 4669 η

1505 4637 1632 4700 line,
1662 4645 1718 4690 et
1766 4638 1995 4702 tacuisti,
2024 4646 2079 4691 et
2109 4636 2285 4691 humi-
2384 4636 2645 4708 πείνωσας
2684 4639 2829 4707 ἡμᾶς
2858 4637 3078 4706 σφόδρα.
3114 4655 3133 4687 ι

758 4722 901 4776 liasti
933 4739 1028 4776 nos
1058 4724 1231 4778 valde.
1264 4742 1283 4776 ι

1302 4812 1527 4868 CAPUT
1560 4812 1721 4868 LXV.
2865 4813 2930 4864 Κ]

2865 4812 3251 4865 ΚΕΦΔΛΑῙΟΝ
3298 4812 3413 4866 ΞΕ’.

824 4898 981 4955 Vsus.
1024 4902 1130 4956 1-5.
1170 4921 1189 4953 ι
1221 4905 1452 4974 Apparui
1485 4919 1586 4958 non
1618 4905 1924 4974 rogantibus
1947 4919 2027 4959 me
2055 4920 2068 4957 :
2098 4905 2281 4959 inven-

2459 4915 2478 4947 ι
2531 4898 2801 4970 Ἐμφανὴς
2833 4901 3091 4972 ἐγενήθην
3121 4905 3229 4965 τοῖς
3250 4904 3346 4971 ἐμὲ
3374 4901 3449 4972 μὴ
3479 4902 3810 4973 ἐπερωτῶσι,
3834 4904 3920 4957 εύ-

754 4996 839 5044 tus
863 5006 977 5045 sum
1006 4993 1072 5044 ab
1097 4993 1161 5046 iis
1190 4995 1280 5061 qui
1325 5007 1411 5047 me
1460 5010 1561 5046 non
1595 4995 1918 5062 quaerebant.
1956 4994 2070 5048 Dixi
2104 5010 2118 5046 :
2147 4996 2282 5050 Ecce

2389 4984 2544 5056 ρέθην
2589 4992 2697 5052 τοῖς
2738 4992 2834 5059 ἐμὲ
2872 4990 2945 5061 μὴ
2985 4990 3249 5059 ζητοῦσιν.
3294 4988 3465 5044 Εἷπα·
3524 4992 3651 5046 Ἰδού
3699 4997 3815 5063 ειμι
3846 4995 3920 5064 τῷ

755 5084 961 5144 adsum,
995 5084 1136 5149 genti
1186 5098 1305 5150 qua:
1358 5098 1465 5136 non
1521 5084 1789 5136 invocavit
1836 5099 2026 5138 nomen
2080 5099 2277 5139 meum.

2386 5074 2541 5139 ἔθνει,
2572 5078 2619 5129 οἳ
2646 5080 2742 5131 οὐκ
2775 5080 3031 5132 ἐκάλεσέω
3060 5098 3159 5149 μου
3181 5082 3238 5133 τὸ
3262 5082 3444 5151 ὄνομα.
3472 5082 3801 5147 Ἐξεπέτασα
3826 5084 3917 5147 τὰς

758 5167 991 5233 Expandi
1026 5184 1213 5222 manus
1252 5183 1396 5223 meas
1423 5178 1529 5223 tota
1565 5171 1647 5223 die
1674 5173 1736 5223 ad
1766 5172 2008 5238 populum
2039 5186 2141 5225 non
2181 5172 2279 5225 οι).
2385 5187 2386 5191 ‘

2385 5168 2565 5237 χεῖράς
2601 5186 2699 5237 μου
2737 5170 2861 5238 ὃλην
2889 5170 2983 5239 τὴν
3016 5171 3222 5241 ἡμέραν
3262 5172 3397 5241 πρὸς
3424 5172 3547 5225 λαὸν
3575 5174 3913 5234 ἀπειθοῦντα,

757 5263 1159 5322 temperantem,
1187 5266 1235 5311 et
1282 5258 1759 5322 contradicentem,
1797 5259 1893 5322 iis,
1928 5260 2015 5327 qui
2044 5260 2282 5313 ambula-
2382 5277 2385 5307 1

2382 5259 2473 5310 καὶ
2516 5259 2881 5328 ἀντιλέγοντα,
2922 5262 3045 5324 τοὺς
3080 5264 3468 5332 πορευομένους
3511 5264 3612 5333 ὀδῷ
3657 5265 3718 5316 οὐ
3760 5266 3913 5335 καλῇ,

759 5344 883 5397 bant
911 5345 960 5396 in
987 5346 1069 5397 via
1102 5362 1201 5399 non
1229 5348 1385 5412 bona,
1416 5348 1505 5400 sed
1530 5358 1649 5416 post
1668 5359 1883 5417 peccata
1908 5365 2021 5403 sua.
2052 5348 2281 5419 Papulus
2380 5368 2387 5396 ι

2380 5346 2490 5398 ἀλλ’
2518 5350 2689 5402 ὀπίσω
2733 5349 2836 5401 τῶν
2885 5350 3158 5421 ἁμαρτιῶν
3210 5353 3401 5405 αὐτῶν.
3442 5354 3498 5405 Ὀ
3536 5353 3660 5415 λαὸς
3700 5349 3850 5415 οὗτος
3890 5358 3914 5407 ὀ

761 5430 865 5493 ἰιὶο,
892 5433 979 5498 qui
1006 5434 1291 5487 exacerbat
1324 5448 1428 5497 me,
1473 5434 1527 5488 in
1557 5446 1843 5501 conspectu
1878 5452 1993 5491 meo
2023 5454 2231 5507 semper
2264 5456 2277 5491 :
2382 5458 2389 5473 ε

2382 5440 2690 5510 παροξύνων
2731 5458 2795 5511 με
2826 5442 3058 5493 ἐναντίον
3088 5443 3216 5511 ἐμοῦ
3248 5443 3334 5495 διὰ
3358 5444 3553 5507 παντός
3576 5462 3591 5476 ·
3635 5446 3786 5499 αὐτοὶ
3830 5446 3914 5497 θυι-

763 5516 858 5585 ipsi
891 5520 1162 5575 immolant
1192 5522 1245 5575 in
1280 5522 1472 5586 hortis,
1501 5533 1556 5578 et
1583 5525 1796 5578 adolent
1826 5526 2095 5582 incensum
2122 5544 2283 5597 super
2386 5549 2391 5576 ι

2386 5528 2650 5593 σιάςουσιν
2701 5530 2757 5584 ἐν
2792 5532 2899 5592 τοῖς
2940 5531 3163 5600 κήποις,
3212 5531 3303 5585 καὶ
3352 5530 3612 5599 θυμιῶσιν
3663 5534 3755 5586 ἐπὶ
3804 5536 3912 5595 ταῖς

841 5690 1054 5749 "Joan.
1089 5712 1125 5759 ι,
1164 5695 1247 5751 l8.
1357 5698 1400 5730 "
1430 5698 1595 5755 Exod.
1626 5714 1816 5768 χχχιιι,
1850 5698 1938 5758 ΞΟ.
2014 5705 2054 5734 ³⁷
2089 5702 2241 5759 Num.
2271 5719 2373 5769 xw,
2418 5706 2495 5761 l9.
