4124 6440
339 435 437 494 ιω
1277 424 1771 485 εοιιιεΝτΔιιιΑ
1809 421 1876 478 IN

1990 420 2164 480 “All.
2200 452 2275 465 —
2306 419 2468 478 CAP.
2498 418 2657 477 LXV.
3474 417 3578 476 510

335 553 571 619 πλίνθοις
592 553 705 616 τοϊς
729 549 1043 624 δαιμονίοις,
1069 549 1107 604 ἃ
1130 549 1230 606 οὐκ
1253 548 1421 604 εστιν.
1460 567 1478 600 ι
1516 547 1585 602 Et
1626 564 1713 612 τις
1760 545 1880 599 θέλε

2007 543 2209 598 lateres
2241 539 2542 606 daemoniis,
2566 552 2686 609 qua
2712 550 2817 594 non
2851 545 3002 594 sunt.
3027 555 3048 591 ι
3070 533 3127 593 Si
3155 535 3296 606 quis,
3321 534 3569 589 veritatis

333 645 616 718 φιλαλήθει
645 641 892 714 λογισμῷ
912 641 1013 713 τὴν
1039 641 1338 714 ἐμήνοόρᾷν
1364 639 1792 712 φιλανθρωπίαν,
1822 637 1886 691 εὖ

2006 634 2186 689 studio
2207 642 2408 697 motus,
2443 646 2619 685 meam
2648 645 2775 702 erga
2799 628 3048 684 homines
3075 627 3416 682 clementiam
3452 639 3582 695 per-

335 754 417 809 ροι
460 736 528 792 ἀν
555 734 823 806 φθάνοντά
855 751 922 805 με
954 735 1075 798 ταῖς
1121 733 1460 805 εὐεργεσίαις
1500 731 1593 785 καὶ
1627 733 1752 794 τοὺς
1800 747 1886 800 μα-

2003 723 2239 793 pendere
2277 723 2428 790 velit,
2456 724 2502 778 is
2530 722 2769 777 inveniet
2797 736 2883 776 me
2917 736 3128 792 semper
3162 720 3244 775 vel
3272 735 3388 786 eos,
3413 719 3505 789 qui
3541 731 3573 771 a

2001 814 2317 882 cognitione
2335 827 2455 869 mea
2484 812 2672 884 procul
2700 813 2890 868 remoti
2919 821 3100 876 erant,
3123 810 3400 866 beneficiis
3429 823 3574 877 pra:-

2002 904 2236 960 venisse.
2287 904 2356 959 Et
2401 919 2530 960 vero
2560 905 2854 970 extraneis,
2908 903 3002 972 qui
3037 917 3124 958 me
3176 914 3449 971 nunquam
3490 899 3574 952 in-

2003 1002 2416 1062 terrogaverant
2453 1033 2469 1059 ,
2525 992 2595 1048 ob
2648 993 2754 1047 vim
2816 991 3044 1047 allectus
3102 991 3231 1056 mei,
3284 986 3573 1044 manifeste

2000 1085 2244 1152 apparui,
2284 1083 2353 1137 ita
2381 1092 2438 1137 ut
2473 1083 2586 1152 jam
2631 1085 2951 1155 alienigenae
3002 1091 3058 1138 et
3089 1081 3360 1153 peregrini
3395 1078 3575 1144 cognio

1999 1175 2200 1229 tionem
2237 1175 2337 1229 mei
2390 1175 2638 1230 assecuti
2668 1175 2819 1243 sint;
2856 1175 2957 1230 etsi
2988 1173 3062 1229 illi
3092 1171 3294 1227 nullam
3348 1182 3572 1239 operam

1998 1281 2060 1321 ea
2089 1267 2143 1320 in
2178 1281 2236 1320 re
2262 1266 2529 1320 dederint.
2559 1265 2671 1321 lmo
2697 1267 2860 1321 etiam
2898 1267 2990 1330 iis,
3012 1267 3104 1334 qui
3135 1263 3364 1334 gratiam
3393 1273 3572 1317 meam

1998 1372 2107 1412 non
2163 1357 2502 1424 quaerebant,
2537 1370 2729 1426 preces
2760 1371 2954 1411 eorum
3007 1363 3341 1424 praevertens
3394 1350 3569 1419 ipsam

1998 1445 2197 1500 tradidi
2231 1462 2244 1499 :
2283 1445 2598 1515 priusquam
2631 1453 2905 1516 rogarent,
2947 1445 3266 1516 priusquam
3296 1438 3570 1510 supplica-

1997 1545 2138 1597 rent,
2169 1536 2303 1598 dixi,
2329 1535 2468 1591 Ecce
2501 1537 2712 1590 adsum.

2071 1628 2227 1681 Vens.
2261 1627 2377 1682 4-8.
2399 1645 2418 1678 ‹
2445 1628 2501 1681 In
2537 1628 2799 1698 sepulcris
2819 1637 2875 1683 et
2907 1629 2959 1683 in
2994 1626 3271 1699 speluncis
3293 1620 3573 1678 dormiunt

1997 1727 2214 1786 propter
2239 1718 2474 1781 somnia,
2515 1718 2604 1787 qui
2654 1719 2944 1774 comedunt
2980 1733 3198 1774 carnem
3248 1713 3482 1776 suillam,
3513 1718 3573 1764 et

1991 1810 2080 1878 jus
2123 1808 2444 1873 hostiarum,
2483 1808 2707 1877 profana
2749 1824 2875 1863 vasa
2903 1809 3088 1864 omnia
3133 1820 3344 1864 eorum.
3370 1800 3577 1874 Quidi-

1995 1911 2142 1964 cunt,
2179 1901 2360 1969 Longe
2393 1915 2424 1954 a
2457 1915 2561 1962 me,
2589 1915 2657 1954 ne
2684 1901 3096 1970 appropinques
3130 1900 3300 1970 mihi,
3327 1900 3592 1974 quoniam

1992 1993 2220 2046 mundus
2244 2008 2382 2045 sum.
2410 1991 2515 2046 lste
2545 2001 2628 2046 est
2657 1991 2832 2046 fumus
2869 1993 3077 2048 furoris
3105 1995 3239 2051 mei.
3270 1996 3419 2068 lgnis
3442 2000 3605 2056 ardet

1990 2080 2042 2135 in
2075 2095 2139 2136 eo
2166 2082 2380 2135 cunctis
2401 2081 2610 2134 diebus.
2639 2081 2777 2134 Ecce
2794 2081 3060 2152 scriptum
3093 2094 3180 2138 est
3214 2086 3270 2140 in
3295 2102 3609 2165 conspectu

1989 2188 2108 2227 meo
2137 2189 2159 2224 ::
2188 2171 2301 2227 Non
2345 2174 2532 2229 tacebo
2595 2174 2768 2228 donec
2798 2174 3025 2228 reddam
3083 2175 3142 2230 in
3169 2178 3354 2234 sinum
3401 2201 3603 2248 eorum

1986 2274 2208 2333 peccata
2243 2266 2480 2333 ipsorum
2514 2274 2569 2319 et
2611 2273 2823 2334 patrum
2853 2279 3110 2330 suorum,
3141 2269 3278 2325 dicit
3303 2273 3600 2343 Dominus.

1986 2353 2086 2420 Qui
2115 2354 2469 2409 adoleverunt
2495 2355 2773 2409 incensum
2823 2369 2988 2424 supra
3038 2369 3264 2418 montes
3324 2378 3380 2421 et
3424 2386 3598 2445 supra

1985 2445 2150 2500 colles
2167 2445 2793 2514 exprobraveruntmibi,
2815 2447 3114 2502 retribuam
3137 2465 3300 2519 opera
3322 2473 3515 2518 eorum
3530 2469 3590 2525 rn

1984 2537 2158 2590 sinum
2172 2551 2378 2591 eorum.
2397 2537 2487 2590 Sic
2499 2537 2628 2591 dicit
2641 2537 2926 2592 Dominus:
2944 2537 3410 2602 Quemadmodum
3426 2551 3583 2607 inve-

1986 2627 2162 2682 nietur
2179 2627 2361 2681 acinus
2377 2627 2428 2681 in
2460 2629 2635 2692 botro,
2653 2627 2896 2682 etdicent
2916 2645 2929 2680 :
2952 2627 3028 2681 Ne
3038 2629 3234 2695 perdas
3251 2631 3422 2700 illum,
3444 2642 3573 2704 quia

1983 2718 2288 2774 benedictio
2313 2727 2396 2773 est
2423 2719 2477 2772 in
2501 2719 2591 2773 illo
2627 2736 2641 2783 ;
2673 2720 2750 2774 sic
2774 2718 2964 2773 iaciam
2991 2731 3210 2789 propter
3233 2725 3564 2781 servientem

1984 2807 2138 2860 mihi.
2171 2825 2190 2859 ι
2229 2807 2335 2861 Sed
2377 2807 2422 2862 si
2455 2808 2576 2877 quis
2635 2808 2776 2860 inter
2821 2822 2918 2862 eos
2956 2808 3283 2876 reperiatur,
3322 2812 3463 2865 sicut
3508 2814 3563 2868 in

1981 2900 2141 2954 botro
2166 2899 2337 2961 arida,
2358 2913 2524 2954 sanus
2550 2897 2873 2966 vividusque
2890 2898 3100 2962 acinus,
3127 2913 3230 2952 non
3249 2901 3562 2969 cadetapud

1983 3005 2068 3045 me
2099 2991 2354 3061 iudicem.
2407 3005 2586 3060 neque
2621 3006 2741 3044 cum
2786 2989 3139 3060 pereuntibus
3177 2991 3396 3056 peribit,
3431 2991 3558 3057 quia

1986 3081 2382 3137 benedictionis
2418 3083 2696 3150 particeps
2718 3091 2821 3135 est.
2848 3079 3020 3133 Tanto
3047 3087 3226 3133 autem
3269 3079 3562 3148 pretiosior

332 831 469 904 κράν
495 826 815 898 ἀφεστῶτας
839 825 939 896 τῆς
962 825 1102 896 ἐμῆς
1147 824 1420 895 γνώσεως.
1467 824 1674 877 Αὐτίκα
1701 822 1766 893 δή
1805 816 1901 876 οὖν

329 925 440 985 τοῖς
480 918 636 982 ἐκτὸς
677 915 1033 988 μηδεπώποτε
1061 914 1368 988 ἐρωτήσασί
1411 931 1476 984 με
1508 911 1726 985 ἐμφανῆ
1767 928 1898 964 κατ-

327 1012 533 1080 έστησα
583 1007 819 1080 ἐμαυτὸν
869 1007 936 1060 δι’
981 1003 1418 1077 ὑπερϐάλλουσαν
1457 1001 1897 1074 φιλανθρωπίαν·

330 1103 470 1158 ὥστε
503 1101 603 1174 ήδη
657 1100 785 1165 τοὺς
825 1099 1130 1168 ἀλλογενείς
1163 1099 1255 1152 καὶ
1285 1095 1735 1166 ἀλλοφύλουςνυτὴν
1760 1094 1898 1165 ἐμὴν

327 1193 525 1265 γνῶσιν
553 1190 920 1264 ἀνειληφέναι,
954 1191 1156 1262 καίπερ
1179 1189 1344 1262 μηδὲν
1367 1191 1446 1252 είς
1476 1187 1632 1241 τοῦτο
1658 1184 1900 1255 συμϐαλ-

327 1285 602 1357 λομένους.
656 1283 818 1339 Ἀλλά
871 1284 967 1337 καὶ
1009 1285 1123 1346 τοῖς
1154 1281 1229 1353 μὴ
1281 1279 1548 1352 ζητήσασι
1602 1278 1700 1349 τὴν
1759 1276 1898 1348 ἐμὴν

328 1377 488 1449 χάριν
519 1377 721 1448 ταύτης
748 1374 1053 1447 μετέδωκα,
1090 1373 1298 1442 φθάσας
1324 1357 1385 1424 τε
1423 1371 1524 1438 τάς
1553 1369 1756 1441 ἐτέρων
1787 1385 1896 1420 πα-

329 1467 652 1539 ρακλήσεις·
685 1466 813 1536 πρὶν
843 1465 940 1519 καὶ
984 1463 1268 1528 εὕξασθαι,
1315 1463 1444 1534 πρὶν
1494 1460 1588 1514 καὶ
1624 1456 1897 1512 ἱκετεῦσαι

327 1558 543 1623 αὑτοὺς,
566 1552 752 1611 εἷπον
798 1556 930 1609 ’1δοὺ
963 1555 1212 1626 πάρειμι.

402 1665 422 1698 ι
462 1647 551 1700 Ἐν
579 1647 692 1709 τοῖς
722 1645 970 1717 μνήμασι
1001 1645 1092 1698 καὶ
1123 1647 1181 1696 ἐν
1201 1644 1310 1706 τοῖς
1345 1641 1628 1713 σπηλαίοις
1651 1639 1892 1710 κοιμῶν-

324 1754 412 1792 ται
440 1736 529 1790 διά
553 1737 776 1790 ἐνύπνια
811 1737 862 1789 oi
891 1734 1139 1798 ἔσθοντες
1173 1734 1340 1806 κρέας
1379 1733 1543 1798 ῦειον,
1578 1735 1674 1786 καὶ
1712 1732 1894 1800 ζωμὸν

325 1827 975 1900 θυσιῶν,·μεμολυμμένα
1017 1826 1191 1880 πάντα
1236 1826 1304 1880 τὰ
1369 1826 1536 1897 σκεύη
1584 1825 1785 1878 αὑτῶν.
1826 1826 1889 1877 Ol

322 1921 588 1991 λέγοντες,
618 1912 814 1990 Πόρῤω
844 1919 942 1970 ἀπ’
971 1915 1128 1986 ἐμοῦ,
1159 1916 1232 1988 μὴ
1265 1916 1486 1987 ἐγγίσῃς
1520 1933 1631 1986 μοι,
1664 1916 1745 1968 ὅτι
1783 1931 1888 1967 κα-

323 2012 486 2085 θαρός
513 2007 648 2082 ἒίμι.
663 2004 829 2073 Οὗτος
849 2008 1055 2072 καπνὸς
1078 2007 1173 2062 τοῦ
1204 2007 1374 2078 θυμοῦ
1396 2025 1511 2078 μου.
1531 2007 1648 2076 Πῦρ
1674 2007 1887 2059 καίεται

322 2108 382 2160 ἐν
414 2104 562 2174 αὑτῷ
615 2103 795 2166 πάσας
831 2101 933 2165 τὰς
987 2100 1216 2172 ἡμέρας.
1266 2099 1395 2152 Ἰδοὺ
1446 2101 1750 2170 γέγραπται
1799 2099 1886 2150 ἐν-

319 2191 514 2248 ώπιόν⁶
535 2209 657 2264 μουο
693 2191 767 2247 Οὑ
817 2191 1080 2261 σιωπήσω
1116 2190 1220 2254 ἐως
1257 2190 1324 2244 ἂν
1361 2189 1622 2242 ἀποδώσω
1669 2190 1747 2252 είς
1797 2188 1886 2240 τὸν

319 2283 520 2338 κόλπον
549 2283 727 2339 αὑτῶν
751 2282 849 2347 τάς
875 2281 1150 2353 ἁμαρτίας
1177 2280 1357 2335 αὐτῶν
1376 2281 1468 2334 καὶ
1495 2280 1604 2332 τῶν
1636 2279 1886 2349 πατέρων

318 2361 516 2441 αὐτῶν,
564 2374 712 2444 λιγει
744 2374 970 2445 Κύριος.
1018 2374 1081 2426 Ol
1112 2373 1411 2443 ἐθυμίασαν
1437 2372 1528 2425 ἐπὶ
1559 2371 1668 2425 τῶν
1715 2372 1886 2443 ὀρέων

319 2468 414 2534 καὶ
445 2467 537 2520 ἐπὶ
561 2465 668 2520 τῶν
698 2465 900 2537 βουνῶν
935 2465 1214 2519 ώνείδισάν
1245 2482 1332 2534 με,
1365 2461 1628 2517 ἀποδώσω
1656 2461 1724 2514 τά
1748 2461 1884 2534 ἔργα

317 2559 494 2617 αὐτῶν
534 2559 616 2622 είς
655 2557 748 2612 τὸν
785 2557 982 2610 κόλπον
1015 2556 1212 2611 αὐτῶν.
1245 2555 1431 2618 Οὕτως
1472 2555 1618 2624 λέγει
1659 2554 1880 2624 Κύριος

322 2650 421 2704 Ὃν
446 2649 647 2721 τρόπον
679 2649 1032 2720 εὑρεθήσεται
1071 2648 1099 2699 ὁ
1138 2647 1249 2720 ρὼξ
1303 2649 1359 2700 ἐν
1406 2647 1483 2718 τῷ
1538 2647 1742 2717 βότρυῖ,
1789 2646 1883 2699 καὶ

317 2739 502 2810 ἐροῦσι
521 2758 533 2770 ·
560 2741 652 2810 Μὴ
677 2739 890 2814 λυμήνῃ
907 2740 1089 2804 αὑτὸν,
1106 2741 1189 2792 ὅτι
1212 2739 1427 2808 εὐλογία
1448 2738 1595 2791 ἐστὶν
1626 2741 1683 2790 ἐν
1710 2738 1878 2808 αὑτῷο

316 2833 489 2907 οὕτως
516 2833 727 2903 ποιήσω
749 2833 934 2884 ἕνεκεν
958 2831 1050 2884 τοῦ
1088 2830 1425 2893 δουλεύοντάς
1453 2848 1562 2900 μοι.
1604 2848 1624 2880 ι
1665 2829 1803 2882 Ἀλλ’
1833 2829 1887 2881 εί

317 2923 421 2979 πού
453 2941 535 2987 τις
581 2923 731 2986 ἐντὸς
773 2923 952 2976 αὐτῶν
994 2921 1264 2992 εὑρεθείη,
1310 2922 1384 2984 ώς
1431 2923 1488 2974 ἐν
1523 2921 1710 2992 βότρυῖ
1744 2917 1881 2991 ξηρᾷ

317 3015 474 3086 ὑγιὴς
521 3014 612 3067 καὶ
651 3013 964 3085 ἐρρωμένος
1005 3012 1132 3082 ῥὼξ,
1157 3014 1217 3065 οὑ
1242 3013 1576 3065 διαπεσεῖται
1601 3013 1731 3083 παρ’
1760 3014 1880 3082 ἐμοὶ

317 3105 395 3176 τῷ
425 3108 608 3176 κριτῇ,
638 3104 758 3158 οὑδὲ
787 3104 1163 3157 ωναπολείται
1205 3107 1316 3167 τοῖς
1352 3103 1758 3174 ἀπολλυμένοις,
1790 3102 1877 3155 διὰ

317 3171 378 3248 τό
412 3171 655 3265 passim
673 3193 836 3246 αὑτὸν
859 3193 1123 3261 εὐλογίας.
1162 3192 1316 3245 Οὕτω
1338 3192 1394 3245 δι
1425 3171 1628 3246 ἐσταιὸ
1659 3192 1768 3262 ρὼξ
1792 3187 1882 3246 οὑ-

1990 3177 2130 3247 apud
2164 3189 2250 3231 me
2276 3174 2381 3230 erit
2416 3175 2505 3228 hic
2545 3175 2754 3236 acinus,
2801 3180 3004 3242 quanto
3054 3171 3252 3226 rarior.
3292 3173 3374 3224 Ad
3413 3171 3558 3226 hunc

317 3300 406 3348 τος
437 3283 614 3353 τίμιος
652 3282 780 3354 παρ’
814 3282 963 3352 ἐμοὶ,
994 3283 1101 3352 ὅσῳ
1138 3283 1231 3335 καὶ
1267 3282 1506 3344 σπάνιος.
1543 3282 1702 3336 Κατά
1727 3282 1883 3335 τοῦτο

317 3373 374 3427 δὲ
405 3373 466 3427 τὺ
493 3373 838 3444 παράδειγμα
860 3373 952 3425 καὶ
983 3373 1072 3425 ἐπὶ
1090 3371 1183 3424 τοῦ
1213 3371 1411 3433 παντὸς
1439 3371 1624 3436 ἔθνους
1654 3373 1882 3443 ποιήσω,

319 3467 474 3537 είπερ
519 3481 602 3528 τις
650 3464 896 3536 εὑρεθείη
934 3465 1026 3516 καὶ
1069 3464 1127 3515 ἐν
1161 3461 1368 3525 τούτοις
1409 3462 1677 3533 σωτηρίας
1713 3461 1882 3527 ἄξιος.

396 3575 415 3608 ι
443 3555 648 3608 Τούτου
673 3555 857 3608 ἕνεκεν
890 3555 950 3607 οὑ
978 3555 1052 3624 μὴ
1081 3552 1329 3606 ἀπολέσω
1349 3554 1577 3618 πάντας,
1599 3554 1692 3606 καὶ
1713 3553 1885 3619 ἐξάξω

319 3646 380 3698 τὸ
405 3643 466 3709 ἐξ
507 3645 700 3698 Ἰακὼὸ
734 3645 954 3715 σπέρμα
988 3645 1079 3697 καὶ
1099 3643 1156 3710 ἐξ
1202 3644 1394 3697 ’ἰούδαο
1433 3644 1527 3697 καὶ
1550 3643 1886 3713 κληρονομή-

320 3752 404 3788 σει
435 3735 495 3788 τδ
540 3736 664 3807 ὅρος
706 3736 766 3789 τὸ
799 3736 952 3804 ᾰγιόν
985 3751 1118 3806 μουο
1148 3735 1241 3788 καὶ
1292 3735 1789 3807 κληρονομήσουσιν
1836 3737 1885 3789 οί

318 3826 563 3880 ἐκλεκτοί
609 3845 709 3897 μου
758 3827 852 3879 καὶ
887 3827 938 3878 oi
971 3825 1148 3879 δοῦλοί
1187 3843 1310 3896 μου,
1339 3826 1433 3878 καὶ
1469 3827 1886 3896 κατοικήσουσιν

318 3918 453 3973 ἐκεῖ.
495 3940 512 3970 ι
552 3919 624 3972 Τὸ
661 3919 864 3989 ἀγαθὸν
913 3920 1008 3972 καὶ
1055 3919 1276 3972 σπάνιον
1328 3920 1581 3989 σπέρμα,
1616 3919 1814 3990 δηλαδὴ
1859 3921 1887 3972 ὁ

317 4011 672 4074 ἀποστολικδς
716 4011 872 4082 χορὸς
923 4009 1017 4063 τοῦ
1070 4010 1305 4081 πλήθους
1351 4009 1458 4063 τῶν
1503 4010 1887 4081 ἀπολλυμένων

317 4101 648 4173 ἀφορισθείς.
681 4103 849 4156 Πάλιν
883 4102 1156 4156 κάνταῦθα
1206 4102 1494 4165 ἐκλεκτοὺς
1529 4102 1622 4155 καλ⁹
1671 4101 1886 4165 δούλους

315 4192 480 4246 αὑτοῦ
517 4195 643 4258 τοὺς
682 4193 1010 4257 ἀποστόλους
1045 4193 1318 4264 σημαίνει,
1369 4194 1561 4257 οἵτινες
1600 4193 1676 4257 ὡς
1715 4193 1887 4264 ρὦες

316 4283 604 4356 εὕρηνταιο
647 4285 738 4348 οὒς
764 4285 856 4338 καὶ
882 4285 1237 4356 ἐκλεξάμενος
1263 4286 1650 4356 περιφυλάττει
1684 4288 1747 4338 ἐκ
1779 4286 1888 4338 τῶν

319 4376 540 4446 ἐτέρων,
577 4377 671 4429 καὶ
705 4377 927 4448 σπέρμά
951 4377 1101 4444 ἀγιον
1131 4378 1224 4430 καὶ
1255 4377 1505 4430 ἐκλεκτὺν
1530 4376 1830 4448 ὠνόμασεν.

393 4482 412 4515 ι
443 4465 550 4518 Καὶ
580 4465 792 4518 ἔσονται
821 4467 877 4518 ἐν
898 4465 976 4534 τῷ
1001 4466 1188 4536 δρυμῷ
1211 4465 1465 4531 ἐπαύλεις
1489 4468 1772 4538 ποιμνίων,
1793 4468 1886 4520 καὶ

1985 3268 2142 3338 plane
2158 3266 2372 3321 modum
2403 3275 2458 3321 et
2485 3266 2712 3320 formam
2743 3279 2863 3318 cum
2893 3272 3048 3330 gente
3077 3271 3190 3317 tota
3220 3277 3335 3316 rem
3374 3275 3553 3331 agam,

1985 3359 2033 3413 si
2066 3359 2188 3428 quis
2209 3372 2377 3428 penes
2405 3357 2527 3411 illos
2548 3356 2848 3426 reperiatur
2874 3354 3048 3410 salute
3069 3353 3278 3423 dignus.

2055 3537 2217 3593 Vsus.
2245 3537 2297 3591 9.
2325 3554 2343 3587 ι
2373 3533 2497 3590 ideo
2527 3549 2631 3588 non
2673 3532 2894 3602 perdam
2930 3545 3138 3596 omnes,
3165 3537 3220 3584 et
3241 3529 3465 3583 educam
3485 3526 3556 3580 d‘e

1983 3629 2149 3684 Jacob
2171 3643 2375 3691 semen,
2397 3636 2450 3681 et
2475 3627 2540 3680 de
2559 3626 2692 3680 Juda
2716 3643 2731 3678 :
2751 3634 2804 3680 et
2840 3623 3137 3693 possidebit
3161 3631 3395 3675 montem
3421 3633 3554 3672 san-

1985 3732 2130 3776 ctum
2154 3734 2327 3774 meum
2353 3735 2367 3771 :
2397 3716 2864 3773 etbazreditabunt
2884 3715 3037 3772 electi
3062 3715 3166 3768 mei
3187 3723 3240 3768 et
3262 3711 3403 3767 servi
3427 3711 3552 3773 mei,

1985 3822 2038 3866 et
2065 3810 2383 3866 habitabunt
2414 3808 2508 3862 ibi.
2541 3827 2559 3860 ι
2582 3808 2782 3862 Bonum
2810 3817 2864 3860 et
2898 3819 3075 3858 rarum
3111 3818 3318 3865 semen,
3358 3800 3552 3853 videli-

1987 3915 2071 3959 cet
2113 3901 2441 3972 apostolicus
2471 3901 2704 3965 chorus,
2752 3913 2780 3951 a
2826 3896 3172 3967 pereuntium
3213 3891 3555 3947 multitudine

1988 4004 2380 4066 sequestratus.
2397 3991 2493 4046 Hic
2519 4006 2728 4045 rursum
2756 3991 2956 4043 electos
2981 3997 3032 4042 et
3052 4001 3237 4041 servos
3265 3999 3393 4039 suos
3415 3998 3545 4053 apo-

1989 4088 2154 4143 stolos
2177 4096 2357 4151 vocat,
2391 4085 2481 4153 qui
2509 4085 2654 4138 velut
2677 4081 2815 4136 acini
2843 4079 3042 4149 reperti
3072 4085 3223 4141 sunt,
3255 4090 3393 4145 quos
3420 4073 3550 4128 item

1988 4183 2056 4235 ab
2078 4179 2356 4235 se-electos
2374 4193 2438 4232 ex
2469 4177 2590 4230 aliis
2612 4174 2866 4240 servavit,
2900 4181 2958 4227 et
2993 4184 3180 4225 semen
3217 4177 3463 4223 sanctum
3495 4171 3552 4220 et

1988 4274 2216 4330 electum
2258 4269 2490 4325 vocavit.

2058 4452 2224 4507 Vsus.
2263 4451 2343 4504 lt).
2379 4467 2398 4501 ι
2441 4450 2508 4504 Ει
2550 4456 2706 4518 erunt
2741 4446 2791 4500 in
2821 4443 2957 4499 saltu
3003 4439 3170 4495 caulae
3210 4450 3457 4508 gregum,
3495 4441 3552 4489 et

318 4554 536 4627 φάραγξ
578 4554 755 4627 Ἀχὼρ
782 4557 862 4619 είς
880 4530 1182 4609 ἀναπαυσιν
1210 4530 1497 4625 βουκολίων
1519 4530 1596 4626 at];
1612 4556 1726 4627 λαῷ
1756 4575 1877 4627 μου,

1994 4546 2147 4600 vallis
2180 4544 2360 4597 Achor
2397 4545 2448 4595 in
2493 4540 2731 4608 requiem
2772 4545 3142 4590 armentorum
3181 4530 3378 4600 pupulo
3407 4540 3553 4590 meo,

317 4645 368 4699 οἶ
424 4646 694 4717 ἐζήτησάν
729 4664 861 4717 με.)
905 4645 1120 4717 Δρυμὸν
1167 4647 1223 4701 δὲ
1271 4647 1457 4701 εἴωθεν
1506 4650 1540 4719 ὴ
1587 4649 1775 4720 Γραφὴ
1821 4650 1883 4702 τὸ

317 4736 524 4807 πλῆθος
549 4739 656 4791 τῶν
683 4739 994 4809 ἀλλοφύλων
1015 4741 1196 4792 καλεῖν
1225 4741 1319 4792 καὶ
1359 4740 1657 4807 ἀλλογενῶν
1680 4741 1847 4794 ἐθνῶν
1865 4758 1880 4772 °

319 4828 377 4882 ἐν
401 4824 482 4893 οἷς
515 4829 768 4893 ἐπαύλεις
807 4831 1071 4900 ποιμνίων
1097 4831 1310 4883 ἔσεσθαι
1340 4832 1618 4896 θεσπίζει,
1662 4831 1757 4896 τάς
1792 4835 1883 4886 ὲκ-

318 4918 545 4989 κλησίας
569 4920 676 4972 τῶν
705 4921 797 4973 τοῦ
844 4920 978 4974 Θεοῦ
1009 4923 1290 4992 προϐάτων
1325 4924 1707 4993 αἰνιττόμενος.
1744 4924 1885 4986 Λαὸς

318 5011 374 5065 δὲ
395 5014 422 5066 ὁ
454 5011 758 5082 ἐκζητήσας
777 5012 937 5066 αὑτὸν
962 5014 990 5065 ὁ
1022 5013 1130 5085 ρὼξ
1157 5011 1222 5084 ἦν
1255 5017 1348 5067 καὶ
1380 5015 1440 5066 τὸ
1454 5014 1708 5085 ἀνωτέρω
1733 5018 1885 5088 εἰρηη

324 5101 480 5173 μένον
516 5101 736 5173 σπέρμα
776 5104 824 5154 oi
876 5103 1119 5157 ἐκλεκτοὶ
1160 5105 1365 5157 δοῦλον
1411 5105 1476 5157 δι’
1507 5098 1581 5158 ὧν
1633 5106 1884 5175 βουκόλια

322 5191 456 5261 βοῶν
500 5191 596 5245 καὶ
645 5191 868 5261 ποίμνια
910 5195 1274 5265 συστήσασθαι
1308 5197 1405 5247 οὑκ
1437 5198 1492 5247 ἐν
1536 5193 1613 5264 τῷ
1653 5197 1886 5267 Ἰῳαὴὶη

321 5284 436 5336 οὑδὲ
458 5286 517 5337 ἐν
546 5286 611 5354 τῇ
655 5284 920 5338 Ἰουδαίων
944 5285 1116 5356 χώρᾳ,
1144 5286 1276 5338 ἀλλὰ
1309 5289 1363 5338 ἐν
1393 5288 1469 5355 τῷ
1498 5287 1685 5360 δρυμῷ
1713 5290 1804 5341 καὶ
1827 5289 1884 5340 ἐν

319 5378 383 5446 τῇ
415 5375 665 5448 λεχθείσῃ
702 5376 944 5446 φάραγγι
989 5377 1162 5447 Ἀχὼρ
1188 5379 1533 5448 προφητεύει.

395 5484 414 5516 ι
459 5467 646 5536 Ὑμεῖς
695 5466 749 5517 δέ
785 5467 834 5518 oi
868 5468 1318 5532 ἐγκαταλιπόντες
1358 5487 1443 5537 με,
1478 5470 1570 5521 καὶ
1603 5469 1886 5523 stula/Oa-

319 5557 531 5627 νόμενοι
563 5560 623 5610 τὸ
659 5558 780 5630 δρῦς
813 5557 874 5612 τὸ
911 5557 1062 5625 ἆγιόν
1096 5578 1225 5629 μοι),
1275 5560 1366 5610 καὶ
1403 5562 1775 5630 ἐτοιμάζοντες
1809 5562 1885 5630 τῷ

320 5650 579 5721 δαιμονίῳ
632 5650 950 5721 τράπεζαν,
1002 5652 1095 5704 καὶ
1151 5651 1474 5720 πληροῦντες
1516 5656 1581 5723 τῇ
1622 5653 1758 5723 τύχῃ
1797 5653 1886 5705 κέ-

325 5758 527 5812 ρασμα.
569 5741 707 5808 Ἐγὼ
734 5739 1041 5813 παραδώσω
1072 5743 1213 5814 ὑμᾶς
1246 5747 1322 5805 εἰς
1352 5746 1651 5815 μάχαιρανο
1690 5746 1887 5806 πάντες

321 5833 376 5886 ἐν
407 5835 587 5904 σφαγῇ
612 5833 859 5887 πεσεῖσθε
883 5850 895 5861 ·
934 5833 1013 5885 ὅτι
1049 5835 1278 5889 ἐκάλεσα
1311 5837 1470 5904 ὑμᾶς,
1517 5839 1609 5890 καὶ
1629 5839 1723 5907 οὐχ
1757 5839 1884 5905 ὑπτίη

1992 4641 2082 4710 qui
2109 4637 2433 4709 quaesierunt
2458 4649 2562 4688 me.
2595 4651 2612 4684 ι
2634 4631 2784 4686 Solet
2815 4628 3095 4695 Scriptura
3132 4625 3553 4691 alienigenarum

1992 4743 2048 4786 et
2076 4741 2455 4786 extranearum
2480 4724 2713 4796 gentium
2744 4719 3143 4776 multitudinem
3168 4715 3365 4771 saltum
3390 4725 3554 4766 voca-

1994 4838 2072 4887 re,
2108 4824 2160 4876 in
2193 4820 2386 4890 quibus
2427 4819 2610 4872 caulas
2643 4829 2863 4886 gregum
2914 4813 3028 4865 fore
3077 4809 3426 4868 vaticinatur,
3459 4801 3554 4857 Del

1981 4916 2163 4975 ovium
2204 4912 2460 4967 ecclesias
2509 4908 2875 4964 suliindicans.
2918 4903 3152 4970 Populus
3185 4915 3313 4954 vero
3343 4897 3433 4967 qui
3462 4910 3557 4951 ex-

1986 5008 2204 5082 quisivit
2228 5021 2371 5066 eum,
2403 5003 2588 5056 acinus
2609 5007 2748 5062 erat,
2789 5008 2843 5051 ct
2868 5012 3050 5052 semen
3085 4994 3330 5064 superius
3353 5003 3558 5045 memo-

1989 5112 2164 5156 ratum
2190 5138 2205 5160 ,
2239 5097 2395 5149 electi
2448 5094 2563 5163 ejus
2603 5092 2785 5145 famuli
2819 5107 2830 5142 :
2866 5107 3094 5159 quorum
3146 5104 3308 5159 Opera
3371 5085 3559 5142 caulas

1987 5194 2147 5246 boum
2187 5198 2238 5241 et
2279 5187 2436 5238 ovilia
2475 5184 2657 5238 nonin
2699 5183 2915 5247 lsravic,
2948 5182 3189 5250 nequcin
3224 5180 3428 5242 Iudaea,
3463 5179 3558 5233 sed

1992 5285 2044 5337 in
2072 5283 2206 5337 saltu
2253 5290 2304 5331 et
2353 5280 2401 5331 in
2449 5288 2741 5336 memorata
2784 5276 2920 5329 ulle
2965 5274 3141 5327 Achor
3181 5271 3556 5347 constituenda

1991 5391 2111 5429 esse
2142 5372 2486 5441 pra-nuntiat.

2061 5467 2225 5519 Vsus.
2270 5465 2351 5527 ll,
2389 5464 2476 5516 1‘2.
2507 5481 2524 5513 ι
2558 5459 2663 5515 Vos
2693 5471 2895 5524 aulrm,
2925 5460 3015 5528 qui
3045 5455 3410 5527 dereliquistis
3452 5468 3556 5518 me,

1992 5569 2044 5613 et
2071 5558 2220 5612 obliti
2250 5558 2378 5609 estis
2395 5555 2590 5610 montis
2615 5556 2778 5607 sancti
2811 5554 2934 5614 mei,
2960 5551 3046 5620 qui
3076 5551 3274 5619 paratis
3297 5547 3559 5600 darmonio

1994 5660 2256 5715 mensam,
2294 5662 2346 5705 et
2375 5651 2464 5718 qui
2501 5650 2734 5718 impletis
2770 5649 2993 5702 fortuna:
3026 5645 3275 5698 libamen.
3300 5643 3410 5713 ligo
3452 5653 3558 5694 tra-

1998 5749 2118 5799 dam
2163 5760 2258 5798 vos
2306 5744 2358 5797 in
2397 5742 2630 5813 gladium
2677 5761 2688 5794 :
2732 5755 2919 5794 omnes
2963 5739 3012 5792 in
3063 5737 3204 5790 crede
3249 5738 3554 5790 corruetis:

1997 5836 2250 5908 quoniam
2276 5838 2457 5891 vocavi
2487 5851 2596 5900 vos,
2629 5844 2676 5888 et
2704 5850 2805 5890 nou
2840 5830 3162 5896 audivistis;
3197 5831 3401 5884 locutus
3419 5841 3547 5881 sum.
