4124 6416
662 379 758 435 Sll

1321 375 1589 433 susssu
1622 376 2093 435 mssamnsus
2127 374 2276 433 OPP.
2314 372 2493 429 rans
2529 371 2617 428 ιιι.
2655 401 2726 414 -
2756 332 3161 428 exsomnes.

660 504 717 551 et
745 492 1162 564 c‘olitismpsistis,
1179 500 1231 551 et
1252 492 1456 550 fecistis
1484 494 1674 550 malum
1691 495 1743 550 in
1756 506 2042 565 conspectu
2063 511 2193 559 meo1

2303 492 2533 547 κούσατε
2545 491 2677 563 (42)·
2692 492 2926 563 ἐλάλησα
2939 490 3033 545 καὶ
3050 488 3453 561 παρηκούσατε,
3466 486 3561 541 καὶ
3569 486 3833 559 tamquam
3852 508 3863 544 :

662 597 716 644 et
738 601 857 657 quae
898 586 1143 641 nolebam
1174 584 1433 655 elegistis.
1471 604 1490 637 ι
1526 586 1786 653 Quoniam
1828 602 1926 657 ego
1962 588 2075 656 ipse
2110 588 2193 655 qui

2299 582 2361 635 τὸ
2408 584 2640 653 πονηρὸν
2668 584 2905 638 εναντίον
2933 581 3091 653 ἐμοῦ,
3128 583 3223 636 καλ⁸
3252 581 3287 636 ἀ
3314 581 3414 635 οὑκ
3452 580 3753 652 εὸουλόμην
3774 581 3852 648 ἐξ·

660 693 752 733 vos
787 678 1071 746 pmsentia
1110 691 1226 731 mea
1270 676 1459 744 dignos
1501 676 1699 743 habui,
1749 691 1845 731 vos
1876 676 2083 745 priores
2110 691 2203 745 per

660 769 1035 837 memetipsum
1076 754 1281 831 voca“,
1331 781 1428 822 vos
1468 779 1647 823 autem
1693 782 1798 822 non
1836 768 2150 823 obedivistis
2184 784 2198 819 :

656 875 819 928 quam
851 862 980 915 item
1005 858 1435 914 criminationem
1472 860 1622 927 prius
1648 856 1936 913 elferebam
1974 857 2056 912 bis
2085 872 2205 911 ver-

656 952 760 1016 bis,
793 971 811 1003 ι
855 952 988 1018 Quia
1017 952 1159 1015 veni.
1186 960 1245 1007 et
1280 966 1386 1005 non
1408 960 1525 1005 erat
1553 951 1743 1016 homo;
1768 950 1976 1017 vocavi,
2016 959 2071 1004 et
2098 964 2200 1003 non

654 1051 774 1097 erat
803 1044 893 1113 qui
934 1041 1166 1097 audiret.
1197 1060 1215 1093 ι
1247 1041 1479 1097 Rursum
1508 1041 1562 1096 in
1594 1041 1843 1112 populum
1880 1041 2016 1095 tales
2038 1054 2201 1094 accn-

655 1132 891 1186 sationes
934 1130 1185 1197 instituit,
1220 1130 1417 1185 docens
1449 1144 1545 1193 se,
1584 1138 1763 1199 utpote
1792 1128 1983 1191 Deum,
2014 1128 2107 1195 qui
2135 1128 2203 1183 ad

647 1220 871 1288 iustitiae
894 1221 1144 1275 trutinam
1170 1221 1346 1275 omnia
1392 1219 1575 1284 faciat,
1612 1232 1884 1289 nunquam
1932 1217 2205 1286 neglectu-

653 1327 774 1367 rum
804 1327 898 1367 eos
934 1325 1078 1377 esse,
1114 1313 1205 1382 qui
1236 1311 1337 1366 sibi
1367 1311 1558 1381 quovis
1586 1310 1641 1365 in
1682 1310 1802 1365 loco
1847 1308 2107 1373 serviant,
2136 1323 2201 1363 ex

648 1420 977 1476 quacunque
1018 1416 1175 1476 gente
1221 1403 1441 1459 fuerint.
1480 1401 1679 1459 Omnes
1713 1403 1944 1473 quippe,
1975 1403 2066 1472 qui
2100 1402 2201 1456 sibi

653 1496 864 1550 servire
904 1503 1227 1565 proponunt,
1262 1493 1433 1548 salute
1460 1494 1642 1548 donat.
1676 1492 1823 1562 Ipsos
1850 1494 2015 1564 igitur
2051 1494 2202 1548 exci-

654 1588 794 1657 piet,
824 1603 887 1642 ac
921 1582 987 1642 iis
1023 1586 1294 1643 cmlestem
1336 1587 1511 1643 cibum
1545 1586 1930 1657 suppeditabit,
1967 1586 2203 1643 salutare

654 1691 849 1744 nempe
879 1676 1132 1740 Verbum,
1168 1676 1309 1746 quod
1332 1675 1427 1742 ait,
1458 1693 1477 1727 ι
1519 1675 1631 1743 Ego
1658 1691 1774 1731 sum
1806 1676 1982 1746 panis,
2014 1675 2102 1745 qui
2136 1675 2202 1731 de

653 1766 793 1822 caelo
820 1767 1070 1822 descendi
1094 1767 1160 1821 ³⁸.
1193 1786 1211 1819 ι
1248 1767 1313 1821 Et
1365 1766 1421 1821 bi
1473 1767 1686 1837 quidem
1740 1777 2037 1821 memorato
2066 1782 2201 1835 pane

651 1858 957 1912 nutrientur
985 1866 1039 1913 et
1063 1858 1481 1922 saturabuntur;
1515 1874 1610 1913 vos
1642 1867 1844 1921 autem,
1891 1857 2084 1927 inquit,
2111 1860 2201 1927 qui

650 1950 879 2020 gratiam
906 1965 1077 2005 meam
1106 1965 1211 2005 non
1238 1950 1571 2019 suscepistis,
1611 1948 1947 2004 rationabilis
1972 1949 2077 2004 cibi
2105 1964 2202 2019 pe-

650 2041 806 2095 nuria
833 2041 1083 2096 esurietis
1107 2058 1123 2095 :
1152 2041 1386 2111 itemque
1414 2041 1502 2110 qui
1530 2041 1657 2095 mihi
1698 2040 1938 2095 serviunt
1978 2040 2201 2095 immor-

650 2130 777 2186 talis
834 2132 956 2186 vita:
1008 2142 1132 2200 potu
1181 2132 1551 2201 replebuntur,
1602 2131 1669 2186 de
1709 2146 1817 2201 quo
1860 2131 2062 2187 dictum
2092 2140 2197 2196 est,

654 2240 674 2273 ι
716 2221 1031 2291 Quicunque
1066 2223 1263 2278 biberit
1296 2238 1364 2278 ex
1401 2238 1539 2291 aqua
1582 2236 1743 2293 quam
1783 2236 1884 2288 ego
1923 2224 2059 2279 dabo
2106 2224 2155 2278 ei
2180 2264 2196 2287 ,

648 2310 744 2368 ﬁet
776 2313 830 2367 in
854 2328 918 2369 eo
944 2314 1061 2369 fons
1087 2329 1237 2385 aqua:
1262 2315 1509 2372 salientis
1533 2315 1589 2370 in
1613 2314 1775 2369 vitam
1802 2316 2141 2370 aeternam”.
2174 2337 2193 2368 ι

716 2489 880 2545 Vens.
915 2492 1095 2548 £545.
1119 2513 1137 2543 ι
1169 2492 1457 2564 Propterea
1476 2494 1591 2550 haec
1612 2494 1743 2549 dicit
1768 2494 2044 2559 Dominus,
2063 2494 2201 2551 Ecce

646 2579 737 2649 qui
767 2582 1007 2635 serviunt
1032 2583 1163 2637 mibi
1208 2586 1523 2651 comedent;
1552 2599 1649 2639 vos
1691 2594 1869 2641 autem
1895 2587 2147 2642 esurietis
2179 2602 2192 2638 :

646 2689 772 2729 ecce
786 2676 876 2744 qui
894 2676 1132 2731 serviunt
1150 2678 1281 2733 mihi
1298 2677 1503 2742 bibent,
1516 2691 1613 2733 vos
1629 2688 1805 2733 autem
1825 2679 2022 2734 sitietis
2040 2692 2197 2733 :ecce

644 2767 736 2837 qui
776 2766 1023 2821 serviunt
1051 2768 1179 2822 mihi
1216 2768 1557 2835 lmtabunlur,
1580 2782 1675 2823 vos
1690 2778 1867 2842 autem
1902 2769 2195 2825 confunde-

644 2858 777 2911 mini
804 2873 825 2909 γι
862 2872 989 2914 ecce
1011 2858 1101 2928 qui
1131 2859 1369 2915 serviunt
1390 2860 1520 2915 mihi
1544 2846 1889 2917 exsultabant
1911 2862 1964 2916 in
1992 2861 2191 2927 laetitia,

644 2960 740 3002 vos
760 2955 940 3002 autem
963 2948 1263 3005 clamabitis
1288 2960 1508 3021 propter
1535 2943 1775 3005 dolorem
1802 2952 1982 3008 cordis
2006 2952 2191 3020 vestri,

642 3046 740 3091 eta
762 3039 1085 3094 contritione
1110 3040 1330 3110 spiritus
1350 3040 1519 3095 vestri
1548 3040 1837 3099 ululabilis.
1860 3044 2193 3115 Relinquetis

645 3127 787 3181 enim
824 3144 1017 3185 nomen
1048 3138 1286 3185 vestrum
1313 3132 1365 3186 in
1409 3132 1751 3187 saturitatem
1793 3134 1979 3190 electis
2016 3136 2188 3204 meis;
2217 3164 2260 3223 ο

642 3229 739 3269 vos
769 3226 948 3271 autem
1002 3217 1289 3275 interliciet
1335 3219 1639 3277 Dominus:
1686 3224 2047 3280 servientibus
2092 3239 2189 3279 au-

643 3310 754 3358 tem
794 3306 925 3360 mihi
959 3307 1239 3363 vocabitur
1272 3323 1464 3364 nomen
1507 3325 1723 3366 novum.
1763 3332 1783 3366 ι
1822 3313 1975 3380 Quod
2013 3314 2057 3370 si
2088 3330 2188 3371 cu-

642 3392 787 3446 riose
826 3402 1043 3462 agentes
1069 3395 1311 3451 ediscere
1338 3396 1569 3467 cupiatis
1604 3401 1825 3469 quinam
1858 3402 1989 3456 mihi
2019 3403 2191 3458 servi-

642 3482 748 3536 turi
776 3482 903 3547 sint.
932 3492 987 3539 et
1009 3486 1147 3553 quod
1174 3486 1277 3543 illis
1296 3490 1368 3543 sit
1395 3502 1609 3555 nomen.
1640 3492 1833 3548 scitote
1858 3495 2023 3549 Deum
2056 3510 2190 3551 non-

642 3573 768 3627 dllll
794 3573 1029 3644 ipsorum
1056 3590 1247 3634 nomen
1273 3578 1450 3648 palam
1490 3578 1682 3637 eﬂerre
1711 3583 1870 3651 velle,
1902 3588 1995 3640 sed
2023 3585 2075 3639 id
2106 3600 2190 3643 so-

640 3662 912 3719 lummodo
958 3665 1287 3736 signiﬁcare,
1332 3670 1473 3739 quod
1523 3686 1700 3741 neque
1745 3674 1913 3730 lsrael
1959 3676 2187 3733 vocandi

640 3754 769 3817 sint,
846 3769 1019 3825 neque
1083 3756 1292 3826 Iacob,
1344 3774 1518 3829 neque
1574 3760 1784 3830 Judaei,
1828 3780 2004 3837 neque
2082 3767 2188 3823 alio

637 3837 887 3908 quopiam
922 3841 1253 3909 {hominibus
1313 3857 1440 3902 noto
1483 3849 1760 3908 vocabulo.
1790 3852 1995 3910 Novum
2041 3857 2186 3912 enim

639 3929 905 3997 quoddam
925 3944 988 3985 ac
1009 3935 1435 3993 recentissimum
1454 3953 1646 3995 nomen
1676 3942 2014 4013 imponetur;
2042 3946 2190 4004 illud-

635 4030 746 4084 que
769 4014 1023 4084 insolens,
1053 4034 1118 4075 ac
1154 4037 1423 4093 nunquam
1462 4025 1597 4081 alias
1624 4028 1890 4095 auditum,
1920 4032 2064 4102 quod
2092 4033 2189 4089 be-

638 4103 917 4160 nedicetur
950 4108 1003 4163 in
1036 4118 1200 4177 terra,
1220 4122 1491 4170 accrescet
1514 4115 1661 4185 item,
1682 4129 1738 4175 et
1756 4120 2189 4192 multiplicabitur

635 4207 745 4261 pra
769 4197 913 4251 omni
952 4200 1216 4269 corporali
1262 4200 1648 4263 benedictione.
1689 4208 1822 4265 Nam
1853 4211 1899 4267 si
1944 4228 2048 4284 qua
2082 4214 2187 4269 alia

636 4284 891 4353 augenda)
916 4288 1242 4345 multitudini
1264 4300 1387 4362 apta
1408 4293 1502 4350 Dei
1527 4296 1831 4354 benedictio
1858 4303 2034 4369 luerit,
2050 4304 2189 4360 banc

634 4371 764 4428 item
803 4389 1157 4449 consequetur
1196 4396 1389 4438 nomen
1417 4385 1588 4442 servis
1621 4388 1757 4444 meis
1790 4390 2184 4459 imponendum.

2300 672 2570 737 ελέξασθε.
2600 693 2619 726 ι
2639 674 2851 747 Ἐπειδὴ
2866 674 3024 737 αὐτὸς
3044 672 3153 743 ἐγὼ
3179 674 3279 744 τῆς
3308 670 3541 742 ἐμαυτοῦ
3563 672 3857 743 παρουσίας

2300 763 2645 831 καταξιώσας
2675 767 2820 828 ὑμᾶς
2856 764 3050 828 αὐτοὺς
3069 762 3315 836 πρώτους
3344 765 3488 835 ὑμᾶς
3522 763 3589 817 δι’
3622 763 3856 833 ἑμαυτο“

2300 854 2562 925 κέκληκα·
2600 856 2756 926 ὑμεῖς
2786 856 2843 911 δὲ
2867 857 2965 927 οὑχ
2985 854 3328 915 ὑπηκούσατε
3346 871 3359 885 ’
3388 856 3469 908 ὅτι
3493 854 3587 909 καὶ
3616 853 3724 924 πρὸ
3743 854 3840 907 τού

2300 964 2394 1001 του
2421 938 2667 1020 ᾐτιώμην
2699 949 2891 1018 λέγων·
2924 969 2943 1001 ι
2966 948 3107 1002 Διότι
3136 943 3317 1017 ἦλθον,
3347 948 3441 1001 καὶ
3462 942 3639 1018 οὑκῆν
3660 945 3854 1017 ἀνθρω

2302 1056 2425 1103 πος·
2458 1040 2713 1106 ἐκάλεσα,
2743 1040 2839 1093 καὶ
2859 1041 2957 1093 οὐκ
2976 1035 3044 1111 ἦν
3073 1041 3102 1093 ὁ
3128 1039 3436 1093 ὑπακούων.
3476 1058 3496 1091 ι
3531 1038 3703 1093 Πάλιν
3728 1038 3863 1109 πρὸς

2300 1128 2393 1182 τὸν
2430 1128 2694 1194 λαὸν,τάς
2728 1129 3093 1199 προκειμένας
3125 1130 3357 1181 ποιεῖται
3394 1128 3748 1199 κατηγορίας,
3782 1125 3847 1179 δι-

2300 1218 2534 1282 δάσκων,
2586 1218 2661 1283 ὡς
2702 1218 3045 1291 δικαιοσύνης
3088 1217 3237 1289 ζυγῷ
3263 1218 3441 1273 πάντα
3468 1217 3743 1287 πράττων,
3785 1215 3862 1281 ὡς

2300 1305 2453 1370 Θεὸς,
2471 1306 2716 1377 οὐδαμῶς
2746 1305 2844 1376 μὲν
2866 1306 3171 1378 παρόψεται
3194 1307 3319 1369 τοὺς
3338 1306 3461 1359 ὅποι
3482 1305 3683 1375 δήποτε
3711 1305 3862 1376 αὑτῷ

2300 1396 2671 1460 δουλεύονταςς
2712 1396 2772 1462 ἐξ
2809 1398 2922 1451 οἴου
2954 1398 2999 1451 δ’
3027 1398 3095 1452 ἂν
3126 1397 3311 1462 ἔθνους
3340 1392 3470 1451 εῐεν.
3502 1397 3715 1460 Πάντας
3751 1397 3861 1470 γὰρ

2303 1488 2487 1553 ἁπλῶς
2513 1487 2762 1553 διασιίιξει
2783 1491 2910 1553 τοὺς
2948 1488 3216 1543 δουλεύειν
3252 1489 3399 1561 αὑτῷ
3426 1488 3860 1563 προῃρημένους.

2302 1578 2668 1651 Παραδέξεται
2697 1576 2811 1643 οὖν,
2847 1581 2942 1635 καὶ
2983 1581 3192 1645 τούτοις
3221 1580 3447 1653 παρέξει
3490 1581 3587 1654 τὴν
3626 1582 3855 1654 ἐπουρά-

2301 1690 2412 1726 νιον
2443 1673 2668 1744 τροφὴν,
2702 1672 2793 1727 τὸν
2816 1673 2988 1742 Λόγον
3020 1672 3117 1728 τὸν
3154 1675 3419 1746 σωτήριον
3447 1674 3539 1728 τὸν
3571 1674 3858 1747 είρηκύτα·

2307 1787 2326 1820 ι
2369 1766 2508 1837 Ἐγώ
2548 1771 2661 1839 είμι
2704 1768 2733 1820 ὁ
2773 1768 2936 1838 ἄρτος
2978 1770 3007 1823 ὁ
3048 1770 3113 1822 ὲκ
3148 1768 3241 1823 τοῦ
3269 1768 3498 1840 ούρανοῦ
3526 1769 3790 1833 καταϐάς.
3835 1789 3857 1822 ι

2301 1848 2459 1910 Οὗτοι
2504 1856 2601 1927 μὲν
2645 1852 2737 1911 οὖν
2780 1857 2856 1928 τῷ
2901 1857 3139 1928 λεχθέντι
3170 1860 3319 1931 ἄρτῳ
3359 1860 3727 1931 τραφήσονται
3767 1858 3860 1913 καὶ

2300 1948 2785 2020 ὲμπλησθήσονταιν
2804 1949 2960 2020 ὑμεῖς
2976 1948 3053 2014 δὲ,
3072 1950 3223 2019 φησι,
3239 1950 3289 2002 οί
3312 1949 3387 2020 μὴ
3400 1950 3499 2022 τὴν
3513 1949 3653 2021 ἐμὴν
3670 1950 3859 2003 ὑποδε-

2300 2038 2522 2110 ξάμενοι
2548 2041 2727 2113 χάριν,
2755 2042 2932 2114 ἐνδείᾳ
2962 2041 3184 2112 λογικῆς
3205 2043 3410 2114 τροφῆς
3430 2041 3694 2113 λιμώξετε
3711 2057 3728 2073 ο
3763 2040 3860 2096 καὶ

2299 2132 2463 2185 πάλιν
2486 2135 2534 2185 οἱ
2567 2133 2666 2203 μὲν
2699 2134 2822 2204 ἐμοὶ
2849 2130 3185 2197 δουλεύοντες
3217 2133 3378 2187 πότου
3409 2133 3555 2203 ζωῆς
3586 2131 3855 2187 ἀθανάτου

2299 2224 2731 2295 πλησθήσονται,
2771 2226 2897 2296 περὶ
2938 2217 2998 2277 οὗ
3033 2224 3313 2278 λέλεκται-
3353 2243 3373 2277 ι
3412 2224 3507 2288 Ὃς
3538 2223 3605 2278 ἂν
3652 2224 3753 2296 πίῃ
3794 2225 3859 2278 ὲκ

2295 2316 2390 2370 τοῦ
2422 2317 2629 2381 ὓδατος,
2658 2308 2721 2370 οὑ
2765 2316 2875 2385 ἐγὼ
2905 2317 3060 2370 δώσω
3088 2316 3255 2387 αὑτῷ,
3282 2318 3569 2389 γενήσεται
3603 2319 3662 2370 ὲν
3708 2317 3859 2389 αὑτῷ

2296 2408 2444 2479 πηγὴ
2474 2406 2662 2470 ὑδατος
2689 2406 2977 2477 ἁλλομένου
2998 2409 3077 2469 είς
3106 2407 3248 2479 ζωὴν
3267 2407 3503 2463 αἰώνιον.
3526 2425 3545 2459 ι

2368 2516 2388 2548 ι
2440 2497 2539 2551 Διά
2582 2498 2737 2551 τοῦτο
2774 2498 2899 2552 τάδε
2944 2498 3090 2567 λέγει
3120 2498 3352 2571 Κύριοςο
3393 2499 3525 2553 Ἰδοὺ
3552 2500 3601 2552 οί
3630 2497 3852 2553 δουλεύο

2291 2589 2440 2653 οντές
2474 2607 2566 2660 μοι
2605 2590 2897 2660 φάγονται,
2928 2591 3083 2660 ὑμεῖς
3105 2590 3161 2645 δὲ
3188 2591 3493 2646 πεινάσετε·
3531 2590 3639 2646 ίδοὺ
3659 2592 3711 2645 oi
3733 2592 3855 2645 δου-

2291 2678 2534 2744 λεύοντες
2560 2698 2649 2752 μοι
2679 2681 2912 2745 πίονται,
2946 2682 3102 2752 ὑμεῖς
3137 2682 3195 2736 δὲ
3215 2681 3499 2753 διψήσετεο
3529 2683 3637 2737 ίδοὺ
3662 2682 3713 2737 οί
3733 2683 3855 2737 δου-

2290 2767 2533 2833 λεύοντές
2555 2788 2643 2841 μοι
2662 2771 3310 2844 εὑφρανθήσονται,ὑμείς
3334 2772 3389 2827 δὲ
3406 2772 3849 2847 αίσχύνθήσεσθε“

2292 2857 2402 2911 ίδοὺ
2439 2861 2487 2912 oi
2513 2858 2849 2925 δουλεύοντες
2882 2879 2972 2932 μοι
3000 2862 3410 2930 ἀγαλλιάσονται
3442 2865 3500 2918 εν
3521 2865 3851 2939 εὐφροσύνῃ,

2290 2950 2448 3020 ὑμεῖς
2477 2950 2534 3005 δὲ
2556 2952 2883 3025 κεκράξεσθε
2904 2952 2991 3007 διά
3015 2966 3107 3007 τον
3134 2954 3295 3009 πόνον
3306 2956 3407 3027 τῆς
3423 2957 3649 3029 καρδίας
3672 2958 3848 3029 ὑμῶν,

2290 3039 2383 3093 καὶ
2412 3040 2520 3094 ἀπὸ
2561 3042 2851 3115 συντριδῆς
2882 3042 3185 3116 πνεύματος
3212 3044 3365 3116 ὑμῶν
3400 3044 3696 3113 ὁλολύξετε.
3729 3049 3849 3103 Χα-

2289 3128 2571 3199 ταλείψετε
2603 3131 2714 3205 γὰρ
2756 3132 2817 3185 τὺ
2856 3131 3025 3205 ὄνομα
3068 3133 3221 3205 ὑμῶν
3260 3134 3342 3197 είς
3394 3133 3713 3208 πλησμονὴν
3737 3138 3852 3202 τοῖς

2290 3220 2565 3285 ἐκλεκτοῖς
2602 3238 2735 3293 μουο
2771 3222 2915 3294 ὑμᾶς
2940 3223 2998 3277 δὲ
3036 3223 3216 3277 ἀνελεῖ
3239 3222 3473 3296 Κύριος“
3502 3225 3617 3289 τοῖς
3644 3224 3704 3277 δὲ
3731 3224 3853 3279 δου-

2287 3310 2501 3364 λεύουσί
2524 3329 2612 3382 μοι
2624 3311 2950 3386 κληθήσεται
2964 3315 3134 3386 δνομα
3145 3314 3349 3369 καινόν.
3363 3334 3382 3367 ι
3404 3315 3466 3368 El
3488 3314 3545 3369 δὲ
3562 3316 3849 3388 περιεργό-

2287 3389 2441 3474 τερον
2463 3402 2694 3457 ὲθέλοιτε
2720 3404 2910 3476 μαθεῖν
2923 3407 3067 3470 τίνες
3086 3401 3195 3462 εἷεν
3205 3408 3254 3461 οῖ
3268 3406 3548 3478 μέλλοντες
3556 3407 3847 3473 δουλεύειν,

2287 3494 2382 3547 xa‘t
2422 3494 2476 3547 τί
2509 3496 2692 3561 αὑτοῖς
2728 3497 2929 3569 ὄνομα,
2970 3496 3266 3566 γινώσκετε
3286 3538 3302 3563 ,
3338 3499 3421 3552 ὃτι
3454 3497 3608 3553 οὔπω
3637 3499 3740 3571 μὲν
3768 3503 3848 3566 εἰς

2288 3586 2516 3657 φανερὸν
2539 3586 2773 3659 τοῦνομα
2792 3588 2968 3642 αὑτῶν
2986 3590 3015 3643 ὁ
3046 3588 3175 3653 Θεὸς
3197 3588 3445 3660 βούλεται
3464 3590 3693 3661 ἀγαγεῖν
3715 3609 3731 3623 ·
3761 3610 3850 3647 το-

2290 3676 2477 3731 σοῦτον
2505 3678 2563 3732 δὲ
2585 3678 2743 3750 μόνον
2773 3679 3045 3752 σημαίνει,
3076 3674 3153 3745 ὡς
3176 3678 3298 3734 οὑτε
3331 3680 3545 3752 Ἰσραὴλ
3560 3680 3851 3754 κληθήσον-

2287 3784 2411 3833 ται,
2449 3767 2573 3822 οὑτε
2610 3770 2822 3836 Ἰακὼό,
2873 3770 2997 3825 οὔτε
3036 3771 3295 3836 Ἰουδαῖοι,
3342 3771 3467 3825 οὔτε
3492 3772 3631 3837 ὅλως
3654 3789 3710 3826 τι
3738 3771 3848 3828 τῶν

2287 3859 2594 3933 ἀνθρώποις
2616 3862 3087 3934 συνεγνωσμένων.
3116 3864 3316 3920 Καινὺν
3342 3864 3452 3937 γάρ
3465 3882 3518 3918 τι
3532 3866 3629 3919 καὶ
3648 3865 3847 3921 νεώτα-

2283 3967 2376 4004 τον
2406 3952 2589 4016 αὒτοῖς
2614 3953 2989 4025 ἐπιτεθήσεται
3029 3952 3220 4027 δνομα,
3250 3953 3421 4023 ξένον,
3468 3956 3565 4011 καὶ
3588 3957 3845 4029 μηδεπώο

2285 4059 2415 4097 ποτε
2442 4045 2722 4113 ἀκουσθὲν,
2748 4046 2779 4101 δ
2796 4046 3212 4119 εὑλογηθήσεται
3246 4048 3340 4102 ἐπὶ
3366 4048 3465 4120 τῆς
3493 4048 3598 4120 γῆς
3622 4049 3844 4116 αὐξανὸ-

2289 4147 2468 4201 μενον,
2496 4133 2590 4187 καὶ
2608 4134 3007 4206 πληθυνόμενον
3030 4136 3169 4208 ὑπὲρ
3200 4137 3381 4191 πᾶσαν
3414 4137 3734 4211 σωματικὴν
3755 4140 3844 4193 εὑ-

2286 4220 2489 4291 λογίαν.
2516 4224 2579 4278 Εί
2600 4227 2709 4299 γάρ
2734 4243 2818 4291 τις
2835 4228 2927 4281 καὶ
2945 4227 3080 4297 ἄλλη
3107 4226 3341 4301 πλήθους
3358 4229 3613 4301 ποιητικὴ
3642 4230 3843 4303 τυγχά-

2285 4328 2365 4365 νει
2402 4312 2467 4367 ὲκ
2493 4313 2626 4369 Θεοῦ
2675 4315 2915 4386 εὐλογία,
2960 4315 3164 4389 ταύτης
3199 4317 3445 4385 τεύξεται
3474 4319 3535 4374 τὸ
3568 4319 3743 4394 δνομα
3782 4321 3844 4376 τὸ

2285 4399 2732 4474 ἐπιτεθησόμενον
2755 4406 2867 4469 τοῖς
2886 4404 3192 4460 δουλεύουσί
3226 4422 3317 4478 μοι

709 4465 872 4567 νεεδ.
901 4468 989 4535 16,
1034 4469 1121 4526 l7.
1158 4489 1178 4524 ι
1205 4470 1525 4532 Benedth
1566 4480 1710 4534 enim
1759 4479 1872 4538 Deo
1912 4497 2045 4539 vero
2082 4494 2181 4541 :et

2355 4502 2375 4535 ι
2423 4465 2785 4560 Εὑλογήσουσι
2814 4465 2923 4564 γάρ
2951 4494 3042 4547 τὸν
3069 4493 3204 4548 Θεὸν
3226 4465 3322 4549 τὸν
3348 4495 3641 4567 ἀληθινόνε
3665 4500 3761 4553 καὶ
3786 4499 3837 4553 οῖ

632 4558 724 4626 qui
774 4556 959 4625 iurant
1008 4559 1063 4613 in
1110 4570 1273 4628 terra,
1317 4562 1575 4631 jurabunt
1620 4583 1717 4639 per
1752 4569 1918 4627 Deum
1969 4588 2177 4633 verum.

632 4644 1025 4702 Obliviscentur
1069 4650 1210 4705 enim
1268 4655 1623 4714 tribulationis
1686 4659 1905 4729 prima,
1967 4672 2023 4717 et
2071 4679 2179 4720 non

630 4736 881 4802 ascendet
908 4738 962 4792 in
995 4754 1092 4795 cor
1121 4757 1328 4798 eorum.
1357 4745 1468 4802 Erit
1503 4749 1645 4804 enim
1676 4750 1871 4806 cmlum
1898 4767 2093 4809 novum
2123 4764 2180 4810 et

630 4834 772 4882 terra
806 4843 965 4897 nova,
991 4846 1090 4887 nec
1121 4835 1545 4894 recordabuntur
1574 4842 1832 4909 priorum,
1863 4857 1964 4899 nec
1998 4846 2177 4902 veniet

628 4919 682 4975 in
712 4935 805 4975 cor
842 4936 1045 4977 eorum.
1070 4941 1091 4975 ι
1141 4922 1275 4980 Nam
1302 4927 1433 4984 alias
1458 4943 1579 4985 cum
1624 4938 1749 4987 tunc
1776 4933 1970 4990 ccelum
2004 4938 2179 5008 suspi-

626 5019 847 5077 cerent,
898 5027 1010 5068 rem
1058 5026 1293 5071 creatam
1341 5018 1587 5077 colebant
1634 5037 1746 5093 pne
1790 5023 2077 5095 Creatore,
2122 5038 2180 5085 et

629 5107 827 5156 terram
866 5102 1116 5160 similiter
1136 5106 1298 5163 veluti
1327 5108 1493 5165 Deum
1520 5115 1934 5183 venerabantur,
1964 5131 2175 5175 necnon

625 5201 841 5249 exortos
878 5208 945 5250 ex
984 5194 1069 5251 illa
1101 5195 1308 5255 fructus
1354 5217 1368 5255 :
1417 5217 1560 5259 nunc
1588 5218 1715 5259 vero
1744 5206 1939 5262 omium
1980 5222 2173 5265 novum

626 5290 682 5335 et
710 5292 905 5339 terram
936 5300 1127 5342 novam
1157 5290 1419 5357 videntes,
1453 5308 1617 5365 opera
1647 5309 1896 5355 manuum
1922 5299 2019 5357 Dei
2046 5315 2171 5359 esse

627 5368 882 5440 fatentur,
908 5390 1016 5433 non
1041 5388 1221 5436 autem
1246 5380 1377 5439 deos
1394 5397 1515 5440 esse
1541 5392 1731 5456 putant

732 5572 779 5603 “
805 5571 961 5632 Joan.
996 5593 1074 5645 vr,
1102 5579 1191 5636 ιι.
1266 5581 1312 5616 ’³
1331 5581 1487 5642 .loan.
1516 5600 1590 5650 xv,
1622 5586 1711 5644 ιι.

717 5665 807 5736 ‘3)
846 5666 942 5744 llic
961 5680 1015 5725 et
1042 5673 1094 5728 in
1120 5676 1461 5744 sequentibus
1487 5678 1618 5735 locis

631 5748 735 5791 non
763 5740 900 5795 male
949 5753 1129 5801 vcrtas
1161 5740 1465 5803 risooaderc

2280 4576 2565 4649 ὀμνύοντες
2579 4580 2673 4635 ἐπὶ
2685 4581 2787 4652 τῆς
2803 4583 2909 4653 γῆς
2924 4583 3282 4655 ὑμοῦνταιτδν
3302 4585 3433 4640 Θεὸν
3450 4587 3541 4641 τὸν
3563 4587 3834 4659 ἀληθινόν.

2294 4669 2664 4742 Ἐπιλήσονται
2691 4671 2802 4744 γάρ
2835 4672 2932 4745 τὴν
2965 4674 3142 4745 θλίψιν
3183 4675 3283 4748 τὴν
3324 4676 3565 4749 πρώτην,
3599 4680 3697 4733 καὶ
3740 4680 3839 4735 οὑκ

2279 4758 2603 4832 ἀναστήσεται
2646 4764 2828 4819 αὑτῶν
2877 4766 2972 4819 ἐπὶ
3020 4765 3117 4839 τὴν
3160 4768 3404 4839 καρδίαν.
3435 4769 3631 4823 Ἔσται
3673 4770 3782 4843 γάρ
3808 4773 3840 4826 δ

2280 4849 2504 4920 οὐρανὸς
2530 4852 2714 4918 καινὸς
2746 4854 2839 4909 καὶ
2861 4856 2896 4927 ἠ
2930 4855 3004 4928 γῆ
3025 4857 3205 4930 καινὴ,
3234 4860 3329 4913 καὶ
3355 4859 3418 4913 οὑ
3449 4861 3525 4933 μὴ
3561 4861 3837 4933 μνησθῶσι

2278 4940 2386 4994 τῶν
2427 4943 2727 5017 προτέρων,
2767 4946 2876 4999 οὐδ’
2906 4946 2967 5001 οὑ
3014 4948 3089 5021 μὴ
3132 4949 3335 5022 ἐπέλθῃ
3382 4952 3562 5007 αὑτῶν
3601 4954 3696 5007 ἐπὶ
3737 4954 3838 5027 τὴν

2278 5033 2520 5104 καρδίαν.
2557 5053 2578 5087 ι
2618 5035 2829 5101 ’Δλλως
2863 5037 2963 5108 μὲν
2994 5039 3101 5111 γάρ
3127 5040 3251 5094 τότε
3288 5040 3523 5113 δριῖιντες
3551 5041 3644 5096 τὸν
3670 5043 3834 5117 σὺρα-

2276 5120 2383 5187 νὸν,
2414 5123 2660 5179 ἐσέϐοντο
2681 5128 2748 5198 τῇ
2780 5128 2951 5182 κτίσει
2987 5130 3138 5201 παρά
3172 5130 3265 5186 τὸν
3291 5131 3570 5201 κτίσαντα,
3604 5136 3703 5189 καὶ
3739 5133 3835 5207 τὴν

2276 5210 2378 5281 γῆν
2398 5211 2597 5283 ὁμοίιος
2630 5213 2955 5283 ὲθεοποίουν,
2982 5219 3221 5285 καὶτοὺς
3251 5224 3315 5276 ὲκ
3335 5223 3538 5296 ταύτης
3568 5225 3834 5297 βλαστών-

2275 5318 2373 5366 τας
2393 5303 2638 5374 καρπούς
2660 5321 2675 5335 ο
2721 5303 2817 5359 νῦν
2843 5306 2889 5360 δ’
2913 5308 3002 5362 ὅτε
3030 5310 3214 5364 καινὸν
3256 5310 3477 5382 δψοντες
3497 5313 3591 5369 τὸν
3609 5315 3833 5388 οὐρανὸν

2275 5393 2369 5447 καὶ
2417 5395 2513 5466 τὴν
2555 5395 2679 5467 γῆν,
2707 5394 2845 5469 ἔργα
2865 5399 3063 5472 χειρῶν
3112 5400 3249 5455 Θεοῦ
3288 5399 3427 5460 εἶναι
3460 5405 3829 5478 ὁμολογοῦσιν,

2276 5485 2455 5540 οὐκέτι
2479 5486 2537 5541 δὲ
2566 5486 2721 5552 θεοὺς
2746 5482 2885 5544 εἶναι
2913 5492 3242 5564 νομίζωσιν.

1656 5683 2164 5776 νὲςἮΔὺἮκούειν
2268 5706 2373 5759 que
2552 5708 2655 5749 vox
2694 5696 2926 5776 occurrit
2955 5706 3063 5755 tum
3106 5701 3160 5757 in
3191 5701 3469 5774 Scriptura
3505 5716 3683 5776 sacra,
3720 5714 3825 5761 tutu

1508 5747 1639 5806 Nam
1674 5749 1775 5807 boc
1806 5768 1910 5812 usu
1932 5756 2165 5826 plerunt-
2270 5747 2924 5838 apud’aliosscript’orcs.
