4124 6446
308 439 416 495 513

1232 430 1735 488 (ΞΟΙΜΕΝΤΔΒΙΑ
1772 430 1840 487 ΙΝ
1877 430 2138 488 lSAlAII.
2175 467 2244 476 —
2279 435 2432 492 CAP.
2474 433 2632 491 LXV.

3447 442 3553 497 5M

379 573 402 607 ι
447 555 588 609 Ἀλλ’
615 552 954 624 εὐφροσύνην
980 551 1074 606 καὶ
1101 552 1416 621 ἀγαλλίασιν
1450 553 1775 625 εὑρήσουσιν
1817 554 1865 606 ex

2050 553 2213 609 Vna.
2242 555 2434 612 {8-20.
2475 573 2494 608 ι
2524 555 2628 610 Sed
2662 555 2902 611 laetitiam
2933 564 2988 612 et
3020 557 3435 619 exsultationem
3467 563 3553 616 in-

305 647 466 717 αὐτῇ.
500 647 620 701 Ὅτι
651 646 760 699 ίδοὺ
803 644 917 713 ἐγὼ
957 643 1094 696 ποιῶ
1132 641 1444 714 ἀγαλλίαμα
1479 644 1835 715 Ἰερουσαλὴμ
1856 683 1873 708 ,

306 737 402 790 καὶ
421 737 515 790 τὸν
550 737 677 790 λαόν
710 753 811 807 μου
837 734 1177 806 εὐφροσύνην
1195 751 1208 764 ⁸
1237 734 1330 787 καὶ
1360 733 1758 805 ἀγαλλιάσομαι
1782 735 1877 787 ἐπὶ

317 826 689 900 Ἰερουσαλήμ,
711 827 809 882 καὶ
823 827 1266 898 εύφρανθήσομαι
1283 826 1378 880 ἐπὶ
1391 826 1470 897 τῷ
1485 826 1604 898 λαῷ
1625 843 1747 897 μου·
1781 827 1876 882 καὶ

311 918 493 971 οὐκέτι
517 918 592 989 μὴ
611 917 846 988 ἀκουσθῇ
875 919 935 970 ὲν
951 918 1085 988 αὐτῇ
1109 916 1260 988 φωνὴ
1287 916 1563 988 κλαυθμοῦ
1578 918 1700 971 οὐδὲ
1724 918 1874 990 φωνὴ

311 1009 580 1080 κραυγῆς,
603 1007 711 1060 οὐδ’
730 1009 791 1062 ού
824 1008 899 1079 μὴ
914 1008 1136 1079 γένηται
1160 1006 1240 1061 ετι
1265 1009 1385 1062 ἐκεῖ
1403 1007 1580 1080 ἀωρος
1608 1009 1704 1062 καὶ
1741 1026 1876 1079 πρε-

308 1098 529 1170 σϐύτης,
557 1097 617 1162 ὃς
637 1099 736 1152 οὐκ
774 1098 1040 1170 ἐμπλήσει
1061 1098 1152 1150 τὸν
1179 1097 1368 1170 χρόνον
1393 1097 1578 1153 αὐτοῦ.
1613 1117 1634 1150 ι
1668 1099 1876 1162 Πάντες

305 1190 413 1264 γάρ
452 1191 551 1262 τῆς
589 1192 718 1263 παρ’
747 1191 872 1262 ἐμοὶ
919 1189 1267 1254 ἀναστάσεως
1293 1191 1546 1260 τυχόντες
1591 1191 1734 1245 κατά
1780 1191 1874 1244 τὸν

306 1284 493 1354 καιρὸν
523 1282 632 1336 τῶν
662 1281 999 1351 ἐπαγγελιῶν
1027 1281 1108 1344 εἰς
1126 1281 1292 1352 ἀνδρα
1320 1280 1544 1356 τέλειον,
1563 1283 1644 1345 εἰς
1678 1281 1874 1352 μέτρον

304 1374 521 1445 ήλικίας
565 1372 784 1443 ἥξουσι·
834 1372 929 1426 καὶ
985 1373 1189 1435 πάντες
1238 1371 1451 1425 ἔσονται
1509 1372 1734 1442 ἀκμαῖοι
1774 1371 1873 1435 τάς

297 1465 586 1537 ψυχὰς,ὡς
618 1467 754 1536 μήτε
781 1464 958 1537 ἀωρον
983 1465 1176 1535 νήπιον
1209 1463 1304 1517 καὶ
1316 1462 1508 1533 ἀτελῆ,
1543 1465 1680 1534 μήτε
1706 1464 1874 1536 ύπερ-

301 1555 575 1628 ϐεϐηκότα
618 1557 712 1609 καὶ
755 1556 1103 1626 γεγηρακότα
1148 1557 1206 1607 ὲν
1253 1555 1435 1617 αὐτοῖς
1484 1554 1868 1624 εὑρίσκεσθαι*

300 1649 505 1712 πάντες
535 1648 593 1701 δὲ
623 1647 902 1718 ὁμήλικες.
936 1647 1012 1709 ὼς
1041 1645 1108 1700 ἂν
1142 1647 1232 1714 ὑφ’
1261 1645 1579 1715 ἒναοκαιρὸν
1611 1645 1712 1715 τῆς
1737 1647 1870 1700 ἀνα-

300 1740 546 1802 στάσεως
564 1736 892 1808 τευξόμενοι,
910 1739 1003 1790 καὶ
1035 1739 1164 1807 μιᾶς
1179 1736 1594 1805 παλιγγενεσίας
1620 1735 1874 1808 μεθέξον-

299 1844 410 1891 τες.

1976 645 2193 700 venient
2233 647 2288 700 in
2334 661 2420 701 ea.
2450 645 2714 714 Quoniam
2744 661 2874 702 ecce
2912 661 3013 719 ego
3053 647 3197 704 facio
3229 652 3552 708 exsultatio-

1976 749 2098 790 nem
2123 735 2443 804 Jerusalem,
2468 749 2523 792 et
2551 737 2806 808 populum
2839 752 3018 793 meum
3054 739 3294 795 lmtitiam
3323 759 3338 796 :
3372 751 3430 798 et
3460 758 3553 798 ex-

1973 827 2185 884 aultabo
2214 843 2374 898 super
2418 828 2739 893 Jerusalem,
2783 839 2840 883 et
2873 829 3100 885 laetabor
3141 847 3306 903 super
3353 835 3554 904 popqu

1973 931 2132 971 meo:
2163 924 2219 970 et
2266 932 2372 972 non
2419 917 2561 972 ultra
2596 918 2845 973 audietur
2879 919 2933 973 in
2985 923 3102 988 ipsa
3137 936 3241 977 vox
3290 920 3469 988 ﬂetus,
3496 935 3554 980 et

1975 1021 2074 1061 vox
2122 1006 2407 1070 clamoris.
2447 1023 2620 1076 neque
2664 1009 2804 1062 ultra
2863 1009 2969 1064 erit
3015 1010 3087 1065 ibi
3123 1012 3448 1068 immaturus
3495 1023 3556 1071 et

1973 1109 2162 1157 senex.
2206 1096 2294 1164 qui
2346 1111 2451 1150 non
2487 1097 2710 1166 impleat
2751 1107 2963 1168 tempus
2996 1114 3175 1155 suum.
3200 1120 3218 1153 ι
3275 1101 3554 1176 Quotquot

1972 1185 2116 1238 enim
2163 1186 2611 1240 resurrectionem
2660 1203 2689 1242 a
2741 1205 2828 1244 me
2875 1188 3075 1245 'datam
3125 1206 3553 1264 consequentur.

1975 1281 2218 1342 tempore
2248 1274 2686 1344 promissionum,
2735 1278 2791 1331 in
2838 1277 3013 1333 virum
3048 1281 3351 1350 perfectum
3394 1294 3450 1340 et
3495 1285 3548 1340 ῆι

1973 1377 2278 1417 mensuram
2308 1364 2481 1418 atatis
2511 1366 2768 1422 venient:
2808 1376 2973 1438 atque
3014 1385 3208 1427 omnes
3241 1374 3422 1428 anima
3457 1391 3551 1431 ve-

1973 1455 2080 1526 geti
2125 1465 2299 1520 erunt,
2331 1458 2403 1512 ita
2435 1467 2491 1511 ut
2525 1473 2700 1529 neque
2736 1459 3060 1516 immaturus
3091 1471 3147 1518 et
3185 1478 3290 1519 non
3329 1467 3550 1523 adultus

1966 1544 2201 1614 juvenis,
2251 1560 2423 1616 neque
2461 1555 2622 1602 :etate
2651 1560 2940 1619 provectus
2969 1561 3064 1604 aut
3092 1567 3258 1607 senex
3288 1555 3360 1609 ibi
3397 1571 3552 1625 repe-

1972 1637 2173 1700 riatur,
2224 1638 2320 1692 sed
2377 1639 2525 1707 paris
2576 1638 2752 1694 :etatis
2795 1642 3010 1707 Omnes,
3058 1653 3243 1713 utpote
3289 1644 3383 1715 qui
3438 1660 3549 1701 uno

1971 1727 2270 1796 eodemque
2303 1737 2543 1797 tempore
2582 1739 2902 1800 resurgant,
2944 1742 3000 1787 et
3041 1733 3550 1808 ejusdemxegene-

1972 1817 2203 1871 rationis
2235 1828 2518 1872 consortes
2545 1820 2678 1873 sint.

375 1936 396 1969 ι
440 1917 636 1970 Ἔσται
664 1915 772 1987 γάρ
794 1918 824 1970 ό
843 1915 963 1978 νέος
986 1913 1176 1967 ἑκατὸν
1197 1912 1354 1975 ἐτῶν,
1377 1915 1408 1966 ό
1427 1913 1485 1966 δὲ
1515 1911 1865 1982 ἀποθνήσκων

2049 1927 2069 1960 ι
2101 1907 2218 1962 Erit
2262 1909 2406 1963 enim
2455 1909 2671 1978 juvenis
2704 1921 2919 1968 centum
2965 1928 3253 1981 annorum,
3284 1915 3376 1986 qui
3416 1933 3546 1975 vero

299 2007 625 2080 ἁμαρτωλὸς
651 2007 846 2063 ἑκατὸν
870 2006 1028 2071 ἑτῶν,
1063 2005 1156 2058 καὶ
1195 2003 1597 2075 ἑπικατάρατος
1625 2002 1800 2055 ἔσται.
1841 2021 1861 2053 ι

299 2101 374 2155 Τὸ
398 2101 512 2153 ῐσον
537 2098 634 2152 τοῦ
665 2099 855 2170 χρόνου
887 2098 988 2168 τῆς
1014 2099 1078 2151 ὲκ
1104 2097 1313 2168 νεκρῶν
1339 2095 1685 2158 ἀναστάσεως
1721 2110 1866 2164 παρ-

300 2193 547 2265 ἔστησεν.
587 2192 776 2245 Ἔσται
821 2185 916 2244 οὖν
952 2191 982 2242 ό
1014 2187 1335 2260 ἁμαρτωλὸς
1365 2185 1458 2240 καὶ
1483 2185 1647 2247 αὐτὸς
1675 2185 1866 2240 ἑκατὸν

298 2283 455 2349 ἑτῶν,
501 2283 597 2336 καὶ
628 2282 1029 2352 ἑπικατάρατος
1077 2279 1231 2332 ἔσται
1261 2278 1520 2346 ἀκμαῖος,
1563 2276 1660 2330 καὶ
1688 2275 1765 2340 ὡς
1807 2278 1865 2329 ὲν

288 2373 466 2445 κακίᾳ
498 2373 736 2435 τέλειος,
753 2371 1113 2442 ἀποθνήσκων
1128 2371 1194 2439 τῇ
1225 2365 1418 2420 ἑαυτοῦ
1442 2365 1686 2438 ἁμαρτίᾳ
1709 2382 1724 2396 ⁶
1748 2367 1778 2420 δ
1803 2384 1863 2420 τε

299 2463 416 2527 νέος
443 2462 605 2517 πάλιν
628 2461 821 2516 ἑκατὸν
843 2461 1000 2525 ἑτῶν,
1021 2461 1116 2514 καὶ
1134 2458 1297 2522 αὐτὸς
1309 2457 1512 2521 τέλειος
1533 2460 1592 2512 ἑν
1617 2457 1863 2525 τελείοις,

296 2556 377 2618 εἰς
409 2555 682 2626 σωτηρίαν
718 2552 1291 2625 παραλαμϐανόμενος.

284 2701 296 2712 ,
371 2667 391 2700 ι
419 2650 530 2703 Καὶ
554 2647 995 2718 οἰκοδομήσουσιν
1017 2645 1213 2709 οἰκίας,
1247 2645 1342 2698 καὶ
1370 2645 1524 2698 αὐτοὶ
1552 2645 1864 2714 ἐνοικήσου-

297 2754 382 2790 σι·
421 2737 515 2790 καὶ
551 2735 1050 2804 καταφυτεύσουσιν
1084 2735 1433 2806 ἀμπελῶνας,
1470 2737 1565 2788 καὶ
1592 2734 1750 2788 αὐτοὶ
1772 2735 1867 2802 φά-

295 2844 479 2897 γονται
516 2828 587 2881 τά
637 2827 957 2898 γεννήματα
1012 2826 1214 2882 αὐτῶν.
1263 2846 1282 2879 ι
1321 2827 1448 2890 Τοῖς
1495 2827 1603 2898 γὰρ
1657 2825 1864 2879 ἑαυτῶν

294 2917 474 2992 ιργοις
504 2918 601 2971 καὶ
622 2920 743 2981 ταῖς
767 2918 993 2980 οἰκείαις
1013 2917 1279 2989 πράξεσιν
1306 2917 1621 2990 ποριοῦνται
1654 2920 1866 2983 ἑαυτοῖς

294 3010 391 3075 τὰς
426 3009 594 3080 μονὰς
623 3009 724 3072 τὰς
751 3007 904 3079 παρά
933 3009 1011 3079 τῷ
1050 3008 1224 3080 Πατρί
1242 3025 1257 3039 ο
1281 3009 1417 3063 άλλά
1454 3009 1581 3073 τοὺς
1619 3010 1864 3079 καρποὺς

293 3099 400 3154 τῶν
429 3100 608 3153 πόνων
633 3099 812 3153 αὐτῶν
844 3100 1105 3168 φάγονται
1123 3115 1136 3127 ο
1171 3097 1358 3170 διόπερ
1385 3099 1422 3153 ἀ
1448 3100 1864 3170 γεωργήσαντες

295 3192 618 3263 συνήγαγον,
653 3191 826 3244 ταῦτα
855 3191 1166 3262 εὑρήσουσι,
1212 3192 1309 3244 καὶ
1343 3189 1403 3254 ἐξ
1441 3191 1620 3244 αὐτῶν
1648 3193 1862 3263 τραφή-
1887 3242 1931 3301 c

295 3298 495 3338 σονται.

365 3393 387 3426 ι
425 3375 499 3428 Ού
549 3373 624 3445 μή
670 3373 1116 3444 οἰκοδομήσουσι,
1160 3374 1255 3428 καὶ
1294 3374 1443 3429 ἄλλοι
1490 3375 1859 3446 ὲνοικήσουσι,

293 3466 387 3522 καὶ
403 3467 462 3520 οὗ
499 3465 573 3537 μὴ
604 3464 950 3533 φυτεύσουσι,
977 3465 1070 3519 καὶ
1089 3452 1235 3520 ἄλλοι
1259 3467 1543 3536 φάγονται.
1574 3467 1730 3520 Κατὰ
1752 3464 1862 3536 γὰρ

291 3559 390 3624 τὰς
418 3559 632 3629 ἡμέρας
672 3556 768 3610 τοῦ
795 3556 952 3621 ξύλου
998 3558 1099 3628 τῆς
1126 3555 1272 3628 ζωῆς
1315 3558 1530 3612 ἔσονται
1559 3560 1616 3611 αἰ
1656 3558 1860 3629 ἡμέραι

291 3650 386 3705 τοῦ
418 3649 548 3705 λαοῦ
592 3666 692 3721 μου
714 3665 730 3680 °
765 3649 836 3702 τὰ
875 3648 984 3720 γὰρ
1024 3647 1161 3720 ἔργα
1201 3649 1310 3703 τῶν
1340 3650 1520 3704 πόνων
1545 3649 1727 3703 αὐτῶν
1752 3665 1858 3701 πα-

290 3742 632 3798 λαιώσουσιν.
679 3760 699 3794 ι
744 3740 883 3794 Ἀλλ’
914 3741 995 3803 εἰς
1035 3739 1259 3812 ἄπειρον
1298 3741 1474 3795 αἰῶνα
1511 3743 1570 3796 ὲν
1607 3739 1860 3809 ἀθανάτῳ

291 3835 493 3906 εύζωῖα
519 3833 760 3897 διάξουσι
781 3848 797 3864 ⁸
828 3831 908 3885 διὸ
931 3830 1176 3884 λέλεκται
1194 3848 1208 3862 ο
1251 3851 1271 3883 ι
1304 3832 1459 3885 Κατά
1478 3832 1586 3903 γὰρ
1608 3832 1706 3895 τὰς
1727 3831 1861 3903 ἡμέ-

293 3943 395 3998 ρας
425 3923 521 3978 τοῦ
558 3923 715 3988 ξύλου
745 3923 846 3993 τῆς
886 3919 1033 3991 ζωῆς
1067 3922 1124 3974 αί
1165 3921 1372 3993 ἡμέραι
1397 3921 1492 3974 τοῦ
1519 3919 1649 3974 λαοῦ
1676 3938 1798 3992 μου.
1833 3940 1853 3972 ι

289 4017 365 4071 Τδ
396 4015 555 4084 ξύλον
583 4016 641 4070 δὲ
671 4017 886 4088 εῐρηται
926 4015 986 4067 ὲν
1020 4014 1098 4086 τῷ
1137 4014 1448 4085 παραδείσῳ
1471 4012 1564 4067 τοῦ
1593 4012 1729 4066 Θεοῦ
1764 4030 1860 4065 πε-

291 4107 620 4178 φυτεῦσθαυ
665 4105 942 4159 δείκνυται
993 4103 1302 4176 τοιγαροῦν,
1349 4105 1433 4158 ὅτι
1477 4104 1578 4156 οὐκ
1628 4103 1733 4170 ἔξω
1763 4103 1857 4157 τοῦ

288 4199 425 4253 Θεοῦ
449 4200 504 4251 αἰ
526 4197 850 4267 ἐπαγγελίαι
883 4196 1228 4267 τυγχάνουσι.
1259 4197 1338 4249 Δι’
1363 4189 1440 4251 ὧν
1476 4197 1733 4250 ἁπάντων
1766 4215 1860 4250 σα-

289 4291 406 4361 φῶς
441 4291 629 4362 ἕτερον
654 4289 780 4344 λαὸν
816 4287 1026 4356 εἰσάγει
1063 4288 1240 4358 ἑαυτῷ
1275 4287 1430 4360 παρά
1459 4287 1554 4341 τοῦ
1591 4289 1858 4343 Ἰουδαίων

290 4383 497 4448 εονους.
529 4375 690 4436 Οὗτοι
717 4383 828 4453 γάρ
855 4380 1342 4452 παλαιωθήσονται,
1375 4380 1495 4434 οὐδὲ
1526 4380 1734 4452 ἑτέροις
1761 4398 1859 4435 κα-

287 4477 635 4547 ταλείψουσι,
673 4474 962 4548 μέλλοντες
1002 4469 1154 4536 αὖθις
1203 4472 1557 4544 μεθίστασθαι
1582 4472 1677 4526 τοῦ
1718 4473 1855 4544 βίου,

1967 1997 2220 2058 moritur.
2254 2007 2504 2066 peccator
2541 2010 2758 2055 centum
2805 2018 3071 2060 annorum
3117 2017 3172 2062 et
3217 2008 3543 2066 maledictus

1967 2089 2090 2144 erit.
2118 2107 2138 2141 ι
2181 2087 2382 2145 ΛΕιειιίε
2423 2099 2480 2146 et
2513 2095 2773 2162 temporis
2802 2094 2855 2150 in
2888 2100 3290 2154 resurrectione
3317 2103 3549 2172 aquali-

1969 2190 2136 2238 tatcm
2187 2184 2303 2240 fore
2348 2184 2606 2242 declarat.
2649 2187 2767 2243 Erit
2818 2189 2984 2261 igitur
3038 2202 3299 2263 peccator
3333 2208 3388 2254 et
3433 2200 3550 2270 ipse

1967 2284 2182 2329 centum
2229 2291 2532 2343 annorum,
2575 2287 2631 2334 et
2672 2280 2988 2338 maledictus
3033 2286 3174 2351 erit,
3222 2299 3446 2360 vegetus
3489 2302 3547 2346 et

1967 2366 2122 2435 quasi
2155 2367 2209 2420 in
2241 2367 2444 2434 malitia
2479 2369 2750 2440 perfectus
2783 2375 3022 2430 moriens
3071 2377 3124 2431 in
3160 2391 3382 2448 peccato
3419 2397 3540 2438 suo.

1963 2455 2188 2513 iuvenis
2225 2459 2352 2514 item
2405 2472 2620 2517 centum
2669 2479 2963 2530 annorum,
3003 2477 3061 2522 et
3107 2469 3223 2538 ipse
3264 2471 3546 2540 perfectus

1965 2549 2110 2604 inter
2135 2549 2426 2620 perfectos.
2451 2563 2506 2608 et
2529 2554 2586 2609 in
2615 2557 2846 2610 salutem
2875 2570 3200 2614 assumetur.

2033 2642 2200 2700 Vsus.
2224 2644 2316 2699 21.
2354 2663 2373 2698 ι
2400 2645 2469 2700 Et
2499 2649 2848 2704 adiﬁcabunt
2877 2652 3090 2717 domos,
3133 2663 3189 2708 et
3234 2655 3335 2725 ipsi
3383 2657 3541 2712 iuba-

1964 2734 2215 2790 bitabunt
2248 2754 2263 2790 :
2295 2746 2350 2792 et
2393 2737 2712 2808 plantabunt
2757 2741 2968 2809 vineas,
3013 2754 3070 2798 et
3109 2745 3210 2812 ipsi
3257 2747 3545 2802 comedent

1966 2825 2171 2881 fructus
2197 2841 2406 2881 earum.
2430 2847 2451 2880 ι
2482 2827 2617 2883 Nam
2659 2831 2775 2886 suis
2814 2833 2912 2902 ipsi
2960 2835 3218 2902 operibus
3259 2846 3314 2911 et
3347 2837 3542 2904 gestia,

1965 2918 2271 2973 mansiones
2301 2919 2421 2974 illas
2443 2935 2562 2990 qua:
2588 2923 2727 2990 apud
2759 2919 2972 2976 Patrem
3002 2933 3152 2989 sunt,
3196 2924 3299 2979 sibi
3338 2940 3540 2995 procu-

1964 3009 2163 3063 rabunt
2193 3027 2207 3062 :
2236 3009 2330 3064 sed
2361 3011 2526 3065 etiam
2573 3011 2787 3066 fructus
2815 3013 3062 3068 laborum
3108 3029 3326 3069 suorum
3358 3031 3524 3072 come

1965 3099 2095 3153 dent
2120 3118 2135 3151 :
2162 3099 2418 3169 quoniam
2444 3115 2510 3155 ea
2537 3115 2655 3168 qua:
2687 3111 2882 3156 terram
2917 3102 3160 3158 colentes
3184 3119 3337 3160 suam
3370 3108 3541 3162 colle-

1964 3196 2180 3260 gerunt,
2204 3203 2268 3244 ea
2302 3189 2596 3260 reperient.
2623 3189 2692 3246 iis
2723 3191 2956 3246 alentur.

2030 3368 2195 3424 Vsus.
2220 3369 2312 3423 22.
2345 3387 2364 3420 ι
2391 3367 2742 3438 Nequaquam
2773 3368 3142 3435 adiﬁcabunt,
3164 3379 3220 3425 et
3252 3367 3344 3423 alii
3382 3369 3538 3424 iuba-

1961 3463 2242 3530 bitabunt;
2277 3476 2616 3532 nequaquam
2648 3461 2992 3532 plantabunt,
3023 3472 3079 3518 et
3108 3462 3198 3517 alii
3234 3462 3534 3518 comedent.

1963 3556 2096 3610 Nam
2139 3557 2434 3611 secundum
2479 3554 2598 3609 dies
2640 3553 2778 3626 ligni
2823 3555 2947 3610 vita
2989 3565 3151 3610 erunt
3199 3555 3314 3609 dies
3353 3557 3536 3624 populi

1960 3649 2110 3704 mei:
2141 3663 2307 3718 opera
2351 3649 2496 3704 enim
2540 3648 2785 3704 laborum
2834 3647 3076 3716 ipsorum
3122 3657 3533 3702 veterascenta

1962 3740 2069 3795 Sed
2111 3757 2206 3810 per
2241 3739 2452 3795 inﬁnita
2487 3740 2685 3794 secula
2729 3739 2784 3794 in
2824 3738 3117 3794 immortali
3162 3738 3253 3792 illa
3287 3747 3341 3792 et
3392 3737 3536 3794 felici

1960 3833 2070 3886 vita
2110 3833 2304 3901 degent
2333 3849 2349 3891 :
2378 3845 2548 3902 quare
2595 3831 2800 3887 dictum
2849 3839 2966 3896 est,
3020 3829 3196 3885 «Nam
3240 3831 3536 3886 secundum

1960 3924 2077 3979 dies
2122 3923 2249 3996 ligni
2305 3925 2430 3980 vita
2480 3937 2640 3980 erunt
2682 3924 2801 3980 dies
2848 3923 3030 3994 papuli
3087 3924 3255 3977 mei.»
3307 3921 3534 3993 Lignunv

1960 4025 2140 4070 autem
2179 4016 2307 4070 illud
2355 4017 2407 4071 in
2441 4017 2691 4087 paradiso
2724 4015 2818 4069 Dei
2852 4015 3148 4085 plantatum
3185 4015 3353 4070 fuisse
3399 4015 3535 4069 dici-

1963 4117 2081 4173 tur;
2116 4107 2299 4177 itaque
2335 4123 2440 4162 non
2485 4116 2640 4164 extra
2669 4106 2976 4177 paradisum
3007 4106 3097 4161 Dei
3149 4105 3360 4175 impleri
3409 4121 3533 4173 pro-

1961 4198 2128 4254 missa
2157 4201 2479 4254 declaratur.
2507 4199 2712 4267 Quibus
2739 4200 2992 4255 omnibus
3029 4199 3197 4254 alium
3237 4200 3340 4254 sibi
3377 4214 3405 4252 a
3435 4199 3534 4254 Ju-

1960 4288 2118 4342 daico
2151 4287 2404 4358 populum
2449 4288 2693 4344 asciscit.
2723 4287 2804 4343 Illi
2833 4303 3066 4358 namque
3111 4289 3531 4352 inveterascent,

1960 4395 2062 4434 nec
2113 4381 2277 4448 aliis,
2319 4396 2388 4437 ex
2421 4383 2524 4437 hac
2566 4382 2678 4437 vita
2718 4380 3103 4448 transferendi,
3144 4379 3362 4436 labores
3407 4396 3539 4435 suos

1961 4471 2297 4542 relinquent;
2330 4473 2385 4528 lii
2433 4487 2564 4528 vero
2595 4472 2840 4528 laborum
2888 4487 3108 4528 suorum
3153 4482 3304 4541 gesta
3349 4487 3541 4528 secum

287 4573 416 4634 τοὺς
439 4568 649 4623 ἑαυτῶν
683 4568 881 4632 πόνους
899 4584 914 4598 ⁶
947 4566 1065 4621 ἀλλ’
1092 4560 1238 4621 οὗτοι
1265 4565 1337 4620 τά
1365 4565 1504 4638 ἔργα
1545 4566 1653 4620 τῶν
1681 4566 1858 4620 πόνων

1965 4570 2260 4629 assument,
2290 4563 2635 4634 propriisque
2664 4562 2932 4619 fructibus
2965 4562 3298 4634 gaudebunt.

287 4661 468 4715 αὐτῶν
506 4662 590 4724 εἰς
634 4661 862 4722 ἑαυτοὺς
904 4657 1286 4730 ἀναλήψονται,
1343 4657 1440 4710 καὶ
1477 4659 1592 4720 τοῖς
1638 4656 1859 4722 οἰκείοις

289 4757 524 4828 καρποῖς
555 4754 644 4807 ὲντ
652 4754 1003 4825 ρυφήσουσιν.
1857 4783 1866 4791 ι

365 4865 386 4898 ι
427 4846 493 4899 Oi
517 4844 760 4898 ἐκλεκτοί
787 4860 891 4916 μου
921 4843 981 4897 ού
1025 4841 1378 4896 κοπιάσούσιν
1415 4841 1496 4904 είς
1535 4840 1712 4905 κενὸν,
1739 4839 1860 4893 οὐδὲ

288 4938 766 5008 τεκνοποιήσουσιν
791 4938 872 4999 εἰς
900 4935 1172 5005 κατάραν·
1201 4934 1283 4987 ὅτι
1308 4933 1528 5004 σπέρμα
1560 4932 1860 5003 εὐλογημέ-

289 5047 376 5084 νον
391 5030 513 5085 ὑπὸ·
531 5027 668 5082 Θεοῦ
686 5029 821 5091 ἑστι,
853 5029 948 5080 καὶ
970 5025 1042 5080 τὰ
1058 5025 1254 5094 ἔκγονα
1274 5023 1454 5078 αὐτῶν
1480 5026 1596 5096 μετ’
1622 5024 1822 5080 αὐτῶν.
1835 5043 1854 5076 ι

288 5121 350 5175 Εἰ
370 5123 485 5196 γὰρ
506 5121 603 5176 καί
615 5137 759 5184 τινες
774 5119 982 5173 ἔσονται
1007 5118 1150 5174 κατά
1175 5119 1267 5172 τὸν
1289 5117 1482 5188 καιρὸν
1497 5117 1607 5170 τῶν
1622 5119 1862 5185 ἐπαγγε-

287 5210 413 5266 λιιῖιν
444 5212 608 5266 κόποι
637 5212 902 5289 σωτήριοι
933 5211 1028 5266 καὶ
1073 5209 1270 5279 ἀγαθοὶ
1318 5209 1414 5264 καὶ
1444 5209 1613 5279 ἡδεῖς,
1642 5208 1862 5274 ὁποίους

288 5299 510 5364 πάντως
546 5317 652 5353 που
694 5299 790 5354 καὶ
829 5301 864 5370 ή
911 5298 1173 5370 ἁγγελικὴ
1218 5297 1373 5362 τάξις
1409 5298 1668 5367 ὑπομένει
1689 5314 1704 5329 ο
1743 5296 1858 5351 ἀλλ’

288 5392 385 5446 οὐκ
412 5390 688 5456 ὶπικενῶς
715 5391 869 5444 ἔσται
904 5390 975 5445 τὰ
1002 5391 1103 5461 τῆς
1132 5390 1396 5462 ἐργασίας
1417 5391 1600 5453 αὐτοῖς
1619 5407 1633 5421 °
1667 5391 1859 5461 μισθὸς

288 5482 394 5556 γάρ
428 5485 619 5548 αὐτοῖς
668 5482 892 5549 ἑπάξιος
928 5481 1371 5553 τεθησαύρισται.
1417 5482 1771 5535 Τεκνοποιίαν
1800 5482 1860 5535 δὲ

288 5575 570 5645 νοήσωμεν
596 5570 706 5625 τῶν
746 5570 934 5641 ψυχῶν
962 5571 1089 5634 τοὺς
1128 5569 1422 5640 λογισμοὺς
1460 5570 1554 5624 καὶ
1600 5570 1701 5640 τῆς
1738 5569 1857 5622 δια-

290 5665 430 5730 νοίας
444 5664 578 5726 τοὺς
595 5662 863 5733 καρποὺς,
897 5661 989 5725 οὓς
1010 5663 1248 5734 κατάρας
1283 5661 1499 5714 ἔσεσθαι
1520 5660 1852 5730 ἀλλοτρίους,

293 5755 539 5827 εὐλογίας
569 5754 629 5807 δὲ
659 5752 844 5818 ἀξίους
867 5752 1128 5818 θεσπίζει.
1161 5753 1347 5806 Ταῦτα
1373 5754 1468 5806 καὶ
1499 5753 1577 5814 εἰς
1589 5751 1681 5804 τὸν
1714 5767 1858 5820 παρ-

292 5845 412 5903 ὄντα
473 5848 592 5921 βίον
631 5843 1071 5914 ἐκλαμϐάνεσθαι
1123 5842 1296 5916 οἶμαι,
1341 5842 1434 5897 τοῦ
1485 5841 1645 5910 λόγου
1695 5841 1857 5895 πάλιν

2031 4833 2195 4889 Vens.
2231 4833 2322 4888 23.
2373 4849 2393 4883 ι
2434 4829 2602 4886 Electi
2654 4829 2757 4884 mei
2808 4844 2914 4884 non
2968 4827 3290 4884 laborabunt
3333 4829 3384 4883 in
3435 4843 3534 4882 va-

1962 4941 2110 4990 num,
2143 4938 2314 4994 neque
2363 4922 2502 4977 ﬁlios
2549 4919 2883 4992 generabunt
2930 4920 2984 4975 in
3037 4919 3522 4974 maledictionem:

1960 5017 2084 5086 quia
2113 5029 2298 5070 semen
2343 5012 2683 5068 benedictum
2712 5026 2744 5066 a
2790 5013 2900 5067 Deo
2937 5020 3050 5076 est,
3079 5020 3134 5065 et
3169 5020 3393 5080 nepotes
3439 5025 3530 5064 eo.

1961 5122 2081 5162 rum
2123 5121 2244 5160 cum
2274 5106 2416 5159 eis.»
2457 5104 2683 5158 Etiamsi
2723 5102 2870 5159 enim
2915 5102 3342 5174 promissionum
3392 5111 3532 5156 tem-

1960 5213 2114 5270 pore,
2161 5198 2378 5267 quidam
2429 5195 2732 5261 salutares,
2781 5195 2908 5250 boni
2973 5209 3274 5264 suavesque
3322 5193 3532 5248 labores

1959 5297 2088 5354 sint.
2113 5305 2248 5360 quos
2291 5287 2567 5359 angelicus
2593 5287 2729 5342 ordo
2772 5287 3027 5350 sustinet,
3058 5286 3151 5340 sed
3187 5299 3292 5339 non
3329 5285 3532 5337 frustra

1960 5383 2153 5439 cedent
2189 5381 2290 5437 illis
2334 5394 2540 5452 opera:
2573 5393 2695 5433 nam
2729 5378 2993 5449 condigna
3034 5376 3167 5445 ipsis
3195 5389 3412 5430 merces
3449 5389 3530 5427 re-

1959 5475 2132 5547 posita
2178 5485 2282 5529 est.
2325 5473 2641 5528 Liberorum
2675 5483 2805 5525 vero
2844 5468 3276 5538 procreationem
3323 5464 3531 5519 intelli-

1961 5583 2149 5639 gamus
2175 5581 2294 5621 esse
2330 5565 2523 5619 anima:
2551 5561 2926 5632 cogitationes,
2960 5560 3262 5626 mentisque
3292 5555 3529 5621 fructus,

1961 5675 2097 5730 quos
2147 5674 2176 5711 a
2230 5657 2606 5711 maledictione
2675 5653 2916 5716 alienos,
2969 5648 3346 5706 benedictione
3396 5660 3534 5699 vero

1962 5751 2156 5820 dignos
2205 5747 2321 5804 fore
2368 5746 2712 5801 vaticinatur.
2759 5741 2887 5794 Haec
2965 5755 2996 5795 e
3038 5738 3284 5809 prazseuti
3316 5749 3532 5806 quoque

1963 5841 2074 5895 vita
2119 5839 2291 5907 accipi
2332 5852 2491 5907 posse
2537 5833 2810 5896 existimo,
2861 5830 2934 5886 ita
2967 5841 3026 5887 ut
3069 5830 3154 5887 his
3202 5829 3533 5899 apostolicus
