  <div class='ocr_page' id='page_1' title='image "/cluster/home/n/w/nwhite01/storage/ocr_20150623/24/uva.x004246623/273.png"; bbox 0 0 4124 6410; ppageno 0'>
   <div class='ocr_carea' id='block_1_1' title="bbox 647 333 747 389">
    <p class='ocr_par' dir='ltr' id='par_1_1' title="bbox 647 333 747 389">
     <span class='ocr_line' id='line_1_1' title="bbox 647 333 747 389; baseline -0.04 0"><span class='ocrx_word' id='word_1_1' title='bbox 647 333 747 389; x_wconf 74' lang='grc'><strong>515</strong></span> 
     </span>
    </p>
   </div>
   <div class='ocr_carea' id='block_1_2' title="bbox 1301 319 3163 384">
    <p class='ocr_par' dir='ltr' id='par_1_2' title="bbox 1301 319 3163 384">
     <span class='ocr_line' id='line_1_2' title="bbox 1301 319 3163 384; baseline -0.005 0"><span class='ocrx_word' id='word_1_2' title='bbox 1301 326 1569 384; x_wconf 79' lang='lat' dir='ltr'><strong>EUSEBll</strong></span> <span class='ocrx_word' id='word_1_3' title='bbox 1607 323 2080 382; x_wconf 61' lang='lat' dir='ltr'><strong>CIESARIENSIS</strong></span> <span class='ocrx_word' id='word_1_4' title='bbox 2116 322 2266 380; x_wconf 86' lang='lat' dir='ltr'><strong>OPP.</strong></span> <span class='ocrx_word' id='word_1_5' title='bbox 2308 321 2482 377; x_wconf 73' lang='lat' dir='ltr'><strong>PARS</strong></span> <span class='ocrx_word' id='word_1_6' title='bbox 2521 320 2607 378; x_wconf 76' lang='lat' dir='ltr'><strong>ﬁl.</strong></span> <span class='ocrx_word' id='word_1_7' title='bbox 2647 351 2717 362; x_wconf 92' lang='lat'><strong>-—</strong></span> <span class='ocrx_word' id='word_1_8' title='bbox 2751 319 3163 375; x_wconf 74' lang='lat' dir='ltr'><strong>EXEGETICA.</strong></span> 
     </span>
    </p>
   </div>
   <div class='ocr_carea' id='block_1_3' title="bbox 3741 321 3839 377">
    <p class='ocr_par' dir='ltr' id='par_1_3' title="bbox 3741 321 3839 377">
     <span class='ocr_line' id='line_1_3' title="bbox 3741 321 3839 377; baseline -0.02 0"><span class='ocrx_word' id='word_1_9' title='bbox 3741 321 3839 377; x_wconf 78' lang='lat' dir='ltr'><strong>5l6</strong></span> 
     </span>
    </p>
   </div>
   <div class='ocr_carea' id='block_1_4' title="bbox 647 429 2192 506">
    <p class='ocr_par' dir='ltr' id='par_1_4' title="bbox 647 441 2188 506">
     <span class='ocr_line' id='line_1_4' title="bbox 647 441 2188 506; baseline -0.01 0"><span class='ocrx_word' id='word_1_10' title='bbox 647 452 841 506; x_wconf 80' lang='lat' dir='ltr'><strong>chorus</strong></span> <span class='ocrx_word' id='word_1_11' title='bbox 877 445 1257 503; x_wconf 84' lang='lat' dir='ltr'><strong>subiudicetur.</strong></span> <span class='ocrx_word' id='word_1_12' title='bbox 1295 462 1316 496; x_wconf 71' lang='grc' dir='ltr'><strong>ι</strong></span> <span class='ocrx_word' id='word_1_13' title='bbox 1345 444 1467 498; x_wconf 85' lang='lat' dir='ltr'><strong>Ideo</strong></span> <span class='ocrx_word' id='word_1_14' title='bbox 1507 443 1660 498; x_wconf 88' lang='lat' dir='ltr'><strong>electi</strong></span> <span class='ocrx_word' id='word_1_15' title='bbox 1698 444 1799 498; x_wconf 93' lang='lat' dir='ltr'><strong>mei</strong></span> <span class='ocrx_word' id='word_1_16' title='bbox 1845 457 1947 497; x_wconf 89' lang='lat' dir='ltr'><strong>non</strong></span> <span class='ocrx_word' id='word_1_17' title='bbox 1980 441 2188 496; x_wconf 87' lang='lat' dir='ltr'><strong>labora-</strong></span> 
     </span>
    </p>
   </div>
   <div class='ocr_carea' id='block_1_5' title="bbox 2291 429 3841 506">
    <p class='ocr_par' dir='ltr' id='par_1_5' title="bbox 2291 429 3841 506">
     <span class='ocr_line' id='line_1_5' title="bbox 2291 429 3841 506; baseline -0.001 -20"><span class='ocrx_word' id='word_1_18' title='bbox 2291 435 2378 488; x_wconf 76' lang='grc' dir='ltr'>τὸν</span> <span class='ocrx_word' id='word_1_19' title='bbox 2406 435 2563 506; x_wconf 73' lang='grc' dir='ltr'>χορὸν</span> <span class='ocrx_word' id='word_1_20' title='bbox 2593 435 2683 488; x_wconf 80' lang='grc' dir='ltr'><strong>τὸν</strong></span> <span class='ocrx_word' id='word_1_21' title='bbox 2715 429 3062 487; x_wconf 81' lang='grc' dir='ltr'>ἀποστολικδν</span> <span class='ocrx_word' id='word_1_22' title='bbox 3089 429 3469 501; x_wconf 76' lang='grc' dir='ltr'><strong>αἰνιττομένου.</strong></span> <span class='ocrx_word' id='word_1_23' title='bbox 3499 447 3520 481; x_wconf 85' lang='grc'><em>‹</em></span> <span class='ocrx_word' id='word_1_24' title='bbox 3556 430 3655 485; x_wconf 86' lang='grc' dir='ltr'>Διά</span> <span class='ocrx_word' id='word_1_25' title='bbox 3686 430 3841 486; x_wconf 87' lang='grc' dir='ltr'>τοῦτο</span> 
     </span>
    </p>
   </div>
   <div class='ocr_carea' id='block_1_6' title="bbox 647 532 2185 604">
    <p class='ocr_par' dir='ltr' id='par_1_6' title="bbox 647 532 2185 604">
     <span class='ocr_line' id='line_1_6' title="bbox 647 532 2185 604; baseline -0.007 -10"><span class='ocrx_word' id='word_1_26' title='bbox 647 542 775 594; x_wconf 85' lang='lat' dir='ltr'><strong>bunt</strong></span> <span class='ocrx_word' id='word_1_27' title='bbox 803 540 854 593; x_wconf 90' lang='lat' dir='ltr'><strong>in</strong></span> <span class='ocrx_word' id='word_1_28' title='bbox 884 554 1097 602; x_wconf 89' lang='lat' dir='ltr'><strong>vanum,</strong></span> <span class='ocrx_word' id='word_1_29' title='bbox 1128 550 1298 604; x_wconf 90' lang='lat' dir='ltr'><strong>neque</strong></span> <span class='ocrx_word' id='word_1_30' title='bbox 1341 533 1476 588; x_wconf 83' lang='lat' dir='ltr'><strong>lilios</strong></span> <span class='ocrx_word' id='word_1_31' title='bbox 1522 535 1879 602; x_wconf 79' lang='lat' dir='ltr'><strong>procreabant</strong></span> <span class='ocrx_word' id='word_1_32' title='bbox 1926 535 1978 587; x_wconf 91' lang='lat' dir='ltr'><strong>in</strong></span> <span class='ocrx_word' id='word_1_33' title='bbox 2018 532 2185 585; x_wconf 83' lang='lat' dir='ltr'><strong>male-</strong></span> 
     </span>
    </p>
   </div>
   <div class='ocr_carea' id='block_1_7' title="bbox 645 619 2189 696">
    <p class='ocr_par' dir='ltr' id='par_1_7' title="bbox 645 619 2189 696">
     <span class='ocr_line' id='line_1_7' title="bbox 645 619 2189 696; baseline -0.007 -11"><span class='ocrx_word' id='word_1_34' title='bbox 645 631 994 685; x_wconf 63' lang='lat' dir='ltr'><strong>dictionem.»</strong></span> <span class='ocrx_word' id='word_1_35' title='bbox 1042 626 1408 696; x_wconf 76' lang='lat' dir='ltr'><strong>Apostolorum</strong></span> <span class='ocrx_word' id='word_1_36' title='bbox 1478 625 1673 692; x_wconf 84' lang='lat' dir='ltr'><strong>quippe</strong></span> <span class='ocrx_word' id='word_1_37' title='bbox 1723 622 1951 686; x_wconf 84' lang='lat' dir='ltr'><strong>labores,</strong></span> <span class='ocrx_word' id='word_1_38' title='bbox 1998 632 2056 675; x_wconf 94' lang='lat' dir='ltr'><strong>ut</strong></span> <span class='ocrx_word' id='word_1_39' title='bbox 2105 619 2189 676; x_wconf 94' lang='lat' dir='ltr'><strong>vel</strong></span> 
     </span>
    </p>
   </div>
   <div class='ocr_carea' id='block_1_8' title="bbox 645 711 2188 789">
    <p class='ocr_par' dir='ltr' id='par_1_8' title="bbox 645 711 2188 789">
     <span class='ocr_line' id='line_1_8' title="bbox 645 711 2188 789; baseline -0.006 -14"><span class='ocrx_word' id='word_1_40' title='bbox 645 721 774 789; x_wconf 82' lang='lat' dir='ltr'><strong>ipsis</strong></span> <span class='ocrx_word' id='word_1_41' title='bbox 800 719 968 773; x_wconf 83' lang='lat' dir='ltr'><strong>oculis</strong></span> <span class='ocrx_word' id='word_1_42' title='bbox 1008 717 1230 786; x_wconf 86' lang='lat' dir='ltr'><strong>patebit,</strong></span> <span class='ocrx_word' id='word_1_43' title='bbox 1261 730 1366 768; x_wconf 90' lang='lat' dir='ltr'><strong>non</strong></span> <span class='ocrx_word' id='word_1_44' title='bbox 1414 715 1464 768; x_wconf 88' lang='lat' dir='ltr'><strong>iu</strong></span> <span class='ocrx_word' id='word_1_45' title='bbox 1497 730 1688 767; x_wconf 84' lang='lat' dir='ltr'><strong>vanum</strong></span> <span class='ocrx_word' id='word_1_46' title='bbox 1738 713 1971 783; x_wconf 88' lang='lat' dir='ltr'><strong>suscepti</strong></span> <span class='ocrx_word' id='word_1_47' title='bbox 2019 711 2188 777; x_wconf 79' lang='lat' dir='ltr'><strong>fuere,</strong></span> 
     </span>
    </p>
   </div>
   <div class='ocr_carea' id='block_1_9' title="bbox 643 804 2186 880">
    <p class='ocr_par' dir='ltr' id='par_1_9' title="bbox 643 804 2186 880">
     <span class='ocr_line' id='line_1_9' title="bbox 643 804 2186 880; baseline -0.007 -14"><span class='ocrx_word' id='word_1_48' title='bbox 643 810 785 880; x_wconf 88' lang='lat' dir='ltr'><strong>quod</strong></span> <span class='ocrx_word' id='word_1_49' title='bbox 813 821 1064 880; x_wconf 84' lang='lat' dir='ltr'><strong>arguetur</strong></span> <span class='ocrx_word' id='word_1_50' title='bbox 1087 824 1150 860; x_wconf 82' lang='lat' dir='ltr'><strong>ex</strong></span> <span class='ocrx_word' id='word_1_51' title='bbox 1179 805 1407 860; x_wconf 84' lang='lat' dir='ltr'><strong>Ecclesia</strong></span> <span class='ocrx_word' id='word_1_52' title='bbox 1437 807 1502 859; x_wconf 84' lang='lat' dir='ltr'><strong>ab</strong></span> <span class='ocrx_word' id='word_1_53' title='bbox 1529 804 1660 874; x_wconf 90' lang='lat' dir='ltr'><strong>ipsis</strong></span> <span class='ocrx_word' id='word_1_54' title='bbox 1685 820 1780 873; x_wconf 90' lang='lat' dir='ltr'><strong>per</strong></span> <span class='ocrx_word' id='word_1_55' title='bbox 1807 813 1974 859; x_wconf 89' lang='lat' dir='ltr'><strong>totum</strong></span> <span class='ocrx_word' id='word_1_56' title='bbox 2003 804 2186 858; x_wconf 88' lang='lat' dir='ltr'><strong>orbem</strong></span> 
     </span>
    </p>
   </div>
   <div class='ocr_carea' id='block_1_10' title="bbox 643 894 2191 966">
    <p class='ocr_par' dir='ltr' id='par_1_10' title="bbox 643 894 2191 966">
     <span class='ocr_line' id='line_1_10' title="bbox 643 894 2191 966; baseline -0.004 -12"><span class='ocrx_word' id='word_1_57' title='bbox 643 901 892 964; x_wconf 80' lang='lat' dir='ltr'><strong>fundata;</strong></span> <span class='ocrx_word' id='word_1_58' title='bbox 928 910 981 953; x_wconf 92' lang='lat' dir='ltr'><strong>et</strong></span> <span class='ocrx_word' id='word_1_59' title='bbox 1009 898 1099 951; x_wconf 84' lang='lat' dir='ltr'><strong>lilii</strong></span> <span class='ocrx_word' id='word_1_60' title='bbox 1131 913 1313 951; x_wconf 90' lang='lat' dir='ltr'><strong>eorum</strong></span> <span class='ocrx_word' id='word_1_61' title='bbox 1345 911 1440 966; x_wconf 91' lang='lat' dir='ltr'><strong>per</strong></span> <span class='ocrx_word' id='word_1_62' title='bbox 1472 895 1741 949; x_wconf 73' lang='lat' dir='ltr'><strong>lavacrum</strong></span> <span class='ocrx_word' id='word_1_63' title='bbox 1770 894 2191 964; x_wconf 71' lang='lat' dir='ltr'><strong>regenerationis</strong></span> 
     </span>
    </p>
   </div>
   <div class='ocr_carea' id='block_1_11' title="bbox 643 988 1428 1046">
    <p class='ocr_par' dir='ltr' id='par_1_11' title="bbox 643 988 1428 1046">
     <span class='ocr_line' id='line_1_11' title="bbox 643 988 1428 1046; baseline -0.008 0"><span class='ocrx_word' id='word_1_64' title='bbox 643 992 698 1046; x_wconf 89' lang='lat' dir='ltr'><strong>in</strong></span> <span class='ocrx_word' id='word_1_65' title='bbox 726 989 936 1046; x_wconf 83' lang='lat' dir='ltr'><strong>Christo</strong></span> <span class='ocrx_word' id='word_1_66' title='bbox 964 988 1072 1042; x_wconf 91' lang='lat' dir='ltr'><strong>nati</strong></span> <span class='ocrx_word' id='word_1_67' title='bbox 1097 988 1428 1042; x_wconf 80' lang='lat' dir='ltr'><strong>videbuntur.</strong></span> 
     </span>
    </p>
   </div>
   <div class='ocr_carea' id='block_1_12' title="bbox 719 1158 2188 1228">
    <p class='ocr_par' dir='ltr' id='par_1_12' title="bbox 719 1158 2188 1228">
     <span class='ocr_line' id='line_1_12' title="bbox 719 1158 2188 1228; baseline -0.002 -13"><span class='ocrx_word' id='word_1_68' title='bbox 719 1161 874 1216; x_wconf 71' lang='lat' dir='ltr'><strong>Vens.</strong></span> <span class='ocrx_word' id='word_1_69' title='bbox 901 1159 989 1215; x_wconf 71' lang='grc'><strong>24.</strong></span> <span class='ocrx_word' id='word_1_70' title='bbox 1029 1179 1046 1212; x_wconf 85' lang='grc' dir='ltr'><strong>ι</strong></span> <span class='ocrx_word' id='word_1_71' title='bbox 1077 1160 1139 1215; x_wconf 82' lang='lat' dir='ltr'><strong>Et</strong></span> <span class='ocrx_word' id='word_1_72' title='bbox 1172 1160 1275 1214; x_wconf 89' lang='lat' dir='ltr'><strong>erit</strong></span> <span class='ocrx_word' id='word_1_73' title='bbox 1310 1171 1590 1228; x_wconf 86' lang='lat' dir='ltr'><strong>antequam</strong></span> <span class='ocrx_word' id='word_1_74' title='bbox 1641 1158 1906 1222; x_wconf 86' lang='lat' dir='ltr'><strong>clament,</strong></span> <span class='ocrx_word' id='word_1_75' title='bbox 1951 1173 2050 1228; x_wconf 89' lang='lat' dir='ltr'><strong>ego</strong></span> <span class='ocrx_word' id='word_1_76' title='bbox 2093 1173 2188 1212; x_wconf 80' lang='lat' dir='ltr'><strong>ex-</strong></span> 
     </span>
    </p>
   </div>
   <div class='ocr_carea' id='block_1_13' title="bbox 645 1249 2190 1321">
    <p class='ocr_par' dir='ltr' id='par_1_13' title="bbox 645 1249 2190 1321">
     <span class='ocr_line' id='line_1_13' title="bbox 645 1249 2190 1321; baseline -0.003 -15"><span class='ocrx_word' id='word_1_77' title='bbox 645 1252 853 1306; x_wconf 88' lang='lat' dir='ltr'><strong>audiam</strong></span> <span class='ocrx_word' id='word_1_78' title='bbox 890 1266 1021 1305; x_wconf 91' lang='lat' dir='ltr'><strong>eos:</strong></span> <span class='ocrx_word' id='word_1_79' title='bbox 1054 1251 1226 1306; x_wconf 84' lang='lat' dir='ltr'><strong>adhuc</strong></span> <span class='ocrx_word' id='word_1_80' title='bbox 1266 1250 1366 1304; x_wconf 86' lang='lat' dir='ltr'><strong>illis</strong></span> <span class='ocrx_word' id='word_1_81' title='bbox 1416 1251 1753 1321; x_wconf 74' lang='lat' dir='ltr'><strong>loquentibus</strong></span> <span class='ocrx_word' id='word_1_82' title='bbox 1799 1250 2007 1316; x_wconf 86' lang='lat' dir='ltr'><strong>dicam,</strong></span> <span class='ocrx_word' id='word_1_83' title='bbox 2053 1249 2190 1316; x_wconf 91' lang='lat' dir='ltr'><strong>Quid</strong></span> 
     </span>
    </p>
   </div>
   <div class='ocr_carea' id='block_1_14' title="bbox 645 1339 2189 1411">
    <p class='ocr_par' dir='ltr' id='par_1_14' title="bbox 645 1339 2189 1411">
     <span class='ocr_line' id='line_1_14' title="bbox 645 1339 2189 1411; baseline -0.003 -15"><span class='ocrx_word' id='word_1_84' title='bbox 645 1343 799 1396; x_wconf 64' lang='lat' dir='ltr'><strong>est?»</strong></span> <span class='ocrx_word' id='word_1_85' title='bbox 851 1341 907 1395; x_wconf 93' lang='lat' dir='ltr'><strong>ld</strong></span> <span class='ocrx_word' id='word_1_86' title='bbox 948 1357 1106 1411; x_wconf 93' lang='lat' dir='ltr'><strong>porro</strong></span> <span class='ocrx_word' id='word_1_87' title='bbox 1149 1343 1203 1395; x_wconf 92' lang='lat' dir='ltr'><strong>in</strong></span> <span class='ocrx_word' id='word_1_88' title='bbox 1245 1341 1463 1395; x_wconf 81' lang='lat' dir='ltr'><strong>Actibus</strong></span> <span class='ocrx_word' id='word_1_89' title='bbox 1508 1339 1868 1408; x_wconf 82' lang='lat' dir='ltr'><strong>apostolorum</strong></span> <span class='ocrx_word' id='word_1_90' title='bbox 1913 1339 2189 1408; x_wconf 87' lang='lat' dir='ltr'><strong>impletu</strong></span> 
     </span>
    </p>
   </div>
   <div class='ocr_carea' id='block_1_15' title="bbox 647 1430 2191 1501">
    <p class='ocr_par' dir='ltr' id='par_1_15' title="bbox 647 1430 2191 1501">
     <span class='ocr_line' id='line_1_15' title="bbox 647 1430 2191 1501; baseline -0.004 -13"><span class='ocrx_word' id='word_1_91' title='bbox 647 1434 1041 1501; x_wconf 85' lang='lat' dir='ltr'><strong>deprehendas;</strong></span> <span class='ocrx_word' id='word_1_92' title='bbox 1077 1448 1196 1486; x_wconf 89' lang='lat' dir='ltr'><strong>nam</strong></span> <span class='ocrx_word' id='word_1_93' title='bbox 1237 1431 1342 1486; x_wconf 89' lang='lat' dir='ltr'><strong>Deo</strong></span> <span class='ocrx_word' id='word_1_94' title='bbox 1374 1433 1503 1500; x_wconf 83' lang='lat' dir='ltr'><strong>ipsis</strong></span> <span class='ocrx_word' id='word_1_95' title='bbox 1548 1441 1778 1496; x_wconf 87' lang='lat' dir='ltr'><strong>astante,</strong></span> <span class='ocrx_word' id='word_1_96' title='bbox 1829 1430 1991 1483; x_wconf 81' lang='lat' dir='ltr'><strong>multa</strong></span> <span class='ocrx_word' id='word_1_97' title='bbox 2041 1431 2191 1498; x_wconf 78' lang='lat' dir='ltr'><strong>signa</strong></span> 
     </span>
    </p>
   </div>
   <div class='ocr_carea' id='block_1_16' title="bbox 646 1520 2190 1591">
    <p class='ocr_par' dir='ltr' id='par_1_16' title="bbox 646 1520 2190 1591">
     <span class='ocr_line' id='line_1_16' title="bbox 646 1520 2190 1591; baseline -0.002 -17"><span class='ocrx_word' id='word_1_98' title='bbox 646 1533 700 1574; x_wconf 89' lang='lat' dir='ltr'><strong>et</strong></span> <span class='ocrx_word' id='word_1_99' title='bbox 747 1523 982 1591; x_wconf 85' lang='lat' dir='ltr'><strong>prodigia</strong></span> <span class='ocrx_word' id='word_1_100' title='bbox 1029 1523 1340 1575; x_wconf 88' lang='lat' dir='ltr'><strong>edebantur.</strong></span> <span class='ocrx_word' id='word_1_101' title='bbox 1387 1520 1656 1589; x_wconf 80' lang='lat' dir='ltr'><strong>Apostolis</strong></span> <span class='ocrx_word' id='word_1_102' title='bbox 1701 1535 1830 1574; x_wconf 83' lang='lat' dir='ltr'><strong>vero</strong></span> <span class='ocrx_word' id='word_1_103' title='bbox 1874 1520 1987 1572; x_wconf 67' lang='lat' dir='ltr'><strong>ha&#39;c</strong></span> <span class='ocrx_word' id='word_1_104' title='bbox 2031 1533 2190 1586; x_wconf 84' lang='lat' dir='ltr'><strong>agen-</strong></span> 
     </span>
    </p>
   </div>
   <div class='ocr_carea' id='block_1_17' title="bbox 649 1609 2190 1682">
    <p class='ocr_par' dir='ltr' id='par_1_17' title="bbox 649 1609 2190 1682">
     <span class='ocr_line' id='line_1_17' title="bbox 649 1609 2190 1682; baseline -0.001 -18"><span class='ocrx_word' id='word_1_105' title='bbox 649 1613 813 1674; x_wconf 87' lang='lat' dir='ltr'><strong>tibus,</strong></span> <span class='ocrx_word' id='word_1_106' title='bbox 857 1613 981 1665; x_wconf 88' lang='lat' dir='ltr'><strong>hinc</strong></span> <span class='ocrx_word' id='word_1_107' title='bbox 1016 1611 1435 1682; x_wconf 81' lang='lat' dir='ltr'><strong>alienigenarum</strong></span> <span class='ocrx_word' id='word_1_108' title='bbox 1473 1611 1708 1682; x_wconf 89' lang='lat' dir='ltr'><strong>gentium</strong></span> <span class='ocrx_word' id='word_1_109' title='bbox 1744 1610 2021 1666; x_wconf 79' lang='lat' dir='ltr'><strong>conversio</strong></span> <span class='ocrx_word' id='word_1_110' title='bbox 2062 1609 2190 1664; x_wconf 87' lang='lat' dir='ltr'><strong>sub-</strong></span> 
     </span>
    </p>
   </div>
   <div class='ocr_carea' id='block_1_18' title="bbox 647 1702 994 1767">
    <p class='ocr_par' dir='ltr' id='par_1_18' title="bbox 647 1702 994 1767">
     <span class='ocr_line' id='line_1_18' title="bbox 647 1702 994 1767; baseline 0.003 -12"><span class='ocrx_word' id='word_1_111' title='bbox 647 1702 994 1767; x_wconf 87' lang='lat' dir='ltr'><strong>sequebatur.</strong></span> 
     </span>
    </p>
   </div>
   <div class='ocr_carea' id='block_1_19' title="bbox 2289 518 3844 594">
    <p class='ocr_par' dir='ltr' id='par_1_19' title="bbox 2289 518 3844 594">
     <span class='ocr_line' id='line_1_19' title="bbox 2289 518 3844 594; baseline -0.002 -16"><span class='ocrx_word' id='word_1_112' title='bbox 2289 528 2337 578; x_wconf 82' lang='grc' dir='ltr'><strong>οἱ</strong></span> <span class='ocrx_word' id='word_1_113' title='bbox 2386 525 2624 579; x_wconf 86' lang='grc' dir='ltr'>ἐκλεκτοί</span> <span class='ocrx_word' id='word_1_114' title='bbox 2661 541 2760 594; x_wconf 91' lang='grc' dir='ltr'><strong>μου</strong></span> <span class='ocrx_word' id='word_1_115' title='bbox 2793 525 2854 576; x_wconf 80' lang='grc' dir='ltr'><strong>ού</strong></span> <span class='ocrx_word' id='word_1_116' title='bbox 2900 522 3246 575; x_wconf 85' lang='grc' dir='ltr'>κοπιάσουσιν</span> <span class='ocrx_word' id='word_1_117' title='bbox 3289 521 3370 583; x_wconf 83' lang='grc' dir='ltr'><strong>είς</strong></span> <span class='ocrx_word' id='word_1_118' title='bbox 3411 518 3562 573; x_wconf 81' lang='grc' dir='ltr'>κενὸν</span> <span class='ocrx_word' id='word_1_119' title='bbox 3605 520 3726 574; x_wconf 77' lang='grc' dir='ltr'><strong>ούδέ</strong></span> <span class='ocrx_word' id='word_1_120' title='bbox 3754 537 3844 575; x_wconf 78' lang='grc' dir='ltr'>τε-</span> 
     </span>
    </p>
   </div>
   <div class='ocr_carea' id='block_1_20' title="bbox 2289 607 3842 685">
    <p class='ocr_par' dir='ltr' id='par_1_20' title="bbox 2289 607 3842 685">
     <span class='ocr_line' id='line_1_20' title="bbox 2289 607 3842 685; baseline -0.003 -18"><span class='ocrx_word' id='word_1_121' title='bbox 2289 616 2697 685; x_wconf 79' lang='grc' dir='ltr'>κνοποιήσουσιν</span> <span class='ocrx_word' id='word_1_122' title='bbox 2720 614 2798 676; x_wconf 84' lang='grc' dir='ltr'><strong>είς</strong></span> <span class='ocrx_word' id='word_1_123' title='bbox 2831 612 3090 681; x_wconf 84' lang='grc' dir='ltr'>κατάραν.</span> <span class='ocrx_word' id='word_1_124' title='bbox 3129 628 3148 661; x_wconf 72' lang='grc' dir='ltr'><strong>ι</strong></span> <span class='ocrx_word' id='word_1_125' title='bbox 3192 610 3380 663; x_wconf 85' lang='grc' dir='ltr'>Ἔσται</span> <span class='ocrx_word' id='word_1_126' title='bbox 3418 607 3525 679; x_wconf 92' lang='grc' dir='ltr'><strong>γάρ</strong></span> <span class='ocrx_word' id='word_1_127' title='bbox 3548 608 3842 681; x_wconf 79' lang='grc' dir='ltr'><strong>ὀφθαλμοῖς</strong></span> 
     </span>
    </p>
   </div>
   <div class='ocr_carea' id='block_1_21' title="bbox 2290 699 3948 776">
    <p class='ocr_par' dir='ltr' id='par_1_21' title="bbox 2290 699 3948 776">
     <span class='ocr_line' id='line_1_21' title="bbox 2290 699 3948 776; baseline -0.003 -19"><span class='ocrx_word' id='word_1_128' title='bbox 2290 703 2619 776; x_wconf 84' lang='grc' dir='ltr'>παραλαϐεῖν</span> <span class='ocrx_word' id='word_1_129' title='bbox 2668 702 2776 756; x_wconf 90' lang='grc' dir='ltr'><strong>τῶν</strong></span> <span class='ocrx_word' id='word_1_130' title='bbox 2829 701 3138 755; x_wconf 82' lang='grc' dir='ltr'><strong>ἀποστόλων</strong></span> <span class='ocrx_word' id='word_1_131' title='bbox 3181 702 3309 762; x_wconf 82' lang='grc' dir='ltr'>τοὺς</span> <span class='ocrx_word' id='word_1_132' title='bbox 3360 699 3577 762; x_wconf 78' lang='grc' dir='ltr'><strong>κόπους,</strong></span> <span class='ocrx_word' id='word_1_133' title='bbox 3632 701 3732 753; x_wconf 79' lang='grc' dir='ltr'><strong>οὐκ</strong></span> <span class='ocrx_word' id='word_1_134' title='bbox 3764 701 3844 766; x_wconf 86' lang='grc' dir='ltr'><strong>είς</strong></span> <span class='ocrx_word' id='word_1_135' title='bbox 3941 709 3948 711; x_wconf 67' lang='grc'><strong>“</strong></span> 
     </span>
    </p>
   </div>
   <div class='ocr_carea' id='block_1_22' title="bbox 2289 790 3884 864">
    <p class='ocr_par' dir='ltr' id='par_1_22' title="bbox 2289 790 3884 864">
     <span class='ocr_line' id='line_1_22' title="bbox 2289 790 3884 864; baseline -0.006 -14"><span class='ocrx_word' id='word_1_136' title='bbox 2289 798 2443 850; x_wconf 82' lang='grc' dir='ltr'>κενὸν</span> <span class='ocrx_word' id='word_1_137' title='bbox 2482 794 2871 864; x_wconf 77' lang='grc' dir='ltr'><strong>γεγενημένους</strong></span> <span class='ocrx_word' id='word_1_138' title='bbox 2911 793 3016 847; x_wconf 84' lang='grc' dir='ltr'><strong>ἀπὸ</strong></span> <span class='ocrx_word' id='word_1_139' title='bbox 3055 791 3155 861; x_wconf 85' lang='grc' dir='ltr'>τῆς</span> <span class='ocrx_word' id='word_1_140' title='bbox 3192 792 3282 844; x_wconf 83' lang='grc' dir='ltr'>ὑπ’</span> <span class='ocrx_word' id='word_1_141' title='bbox 3310 790 3485 844; x_wconf 86' lang='grc' dir='ltr'>αὐτῶν</span> <span class='ocrx_word' id='word_1_142' title='bbox 3513 790 3846 864; x_wconf 78' lang='grc' dir='ltr'>ῑδρυνθείσης</span> <span class='ocrx_word' id='word_1_143' title='bbox 3879 838 3884 840; x_wconf 84' lang='grc'>.</span> 
     </span>
    </p>
   </div>
   <div class='ocr_carea' id='block_1_23' title="bbox 2290 881 3846 959">
    <p class='ocr_par' dir='ltr' id='par_1_23' title="bbox 2290 881 3846 959">
     <span class='ocr_line' id='line_1_23' title="bbox 2290 881 3846 959; baseline -0.003 -18"><span class='ocrx_word' id='word_1_144' title='bbox 2290 889 2410 942; x_wconf 83' lang='grc' dir='ltr'>καθ’</span> <span class='ocrx_word' id='word_1_145' title='bbox 2439 889 2562 959; x_wconf 83' lang='grc' dir='ltr'>ὅλης</span> <span class='ocrx_word' id='word_1_146' title='bbox 2587 887 2686 956; x_wconf 82' lang='grc' dir='ltr'>τῆς</span> <span class='ocrx_word' id='word_1_147' title='bbox 2707 886 3027 956; x_wconf 79' lang='grc' dir='ltr'><strong>οἰκουμένης</strong></span> <span class='ocrx_word' id='word_1_148' title='bbox 3062 881 3384 952; x_wconf 86' lang='grc' dir='ltr'>Ἐκκλησίας</span> <span class='ocrx_word' id='word_1_149' title='bbox 3402 898 3418 913; x_wconf 77' lang='grc' dir='ltr'><strong><em>ο</em></strong></span> <span class='ocrx_word' id='word_1_150' title='bbox 3447 885 3542 936; x_wconf 75' lang='grc' dir='ltr'>καὶ</span> <span class='ocrx_word' id='word_1_151' title='bbox 3572 883 3641 936; x_wconf 87' lang='grc' dir='ltr'><strong>τά</strong></span> <span class='ocrx_word' id='word_1_152' title='bbox 3679 883 3846 937; x_wconf 84' lang='grc' dir='ltr'>τέκνα</span> 
     </span>
    </p>
   </div>
   <div class='ocr_carea' id='block_1_24' title="bbox 2290 971 3848 1048">
    <p class='ocr_par' dir='ltr' id='par_1_24' title="bbox 2290 971 3848 1048">
     <span class='ocr_line' id='line_1_24' title="bbox 2290 971 3848 1048; baseline -0.001 -16"><span class='ocrx_word' id='word_1_153' title='bbox 2290 977 2467 1032; x_wconf 73' lang='grc' dir='ltr'>αὐτῶν</span> <span class='ocrx_word' id='word_1_154' title='bbox 2491 981 2546 1031; x_wconf 84' lang='grc' dir='ltr'><strong>ἐν</strong></span> <span class='ocrx_word' id='word_1_155' title='bbox 2570 975 2789 1048; x_wconf 81' lang='grc' dir='ltr'><strong>Χριστῷ</strong></span> <span class='ocrx_word' id='word_1_156' title='bbox 2814 974 3136 1046; x_wconf 82' lang='grc' dir='ltr'><strong>γεννηθέντα</strong></span> <span class='ocrx_word' id='word_1_157' title='bbox 3156 971 3241 1026; x_wconf 85' lang='grc' dir='ltr'>διὰ</span> <span class='ocrx_word' id='word_1_158' title='bbox 3257 972 3354 1043; x_wconf 81' lang='grc' dir='ltr'><strong>τῆς</strong></span> <span class='ocrx_word' id='word_1_159' title='bbox 3381 971 3473 1026; x_wconf 88' lang='grc' dir='ltr'>τοῦ</span> <span class='ocrx_word' id='word_1_160' title='bbox 3487 972 3712 1046; x_wconf 76' lang='grc' dir='ltr'><strong>λουτροῦ</strong></span> <span class='ocrx_word' id='word_1_161' title='bbox 3745 992 3848 1030; x_wconf 71' lang='grc' dir='ltr'><strong>πω-</strong></span> 
     </span>
    </p>
   </div>
   <div class='ocr_carea' id='block_1_25' title="bbox 2289 1068 2638 1139">
    <p class='ocr_par' dir='ltr' id='par_1_25' title="bbox 2289 1068 2638 1139">
     <span class='ocr_line' id='line_1_25' title="bbox 2289 1068 2638 1139; baseline 0 -17"><span class='ocrx_word' id='word_1_162' title='bbox 2289 1068 2638 1139; x_wconf 81' lang='grc' dir='ltr'>λιγγενεσίας.</span> 
     </span>
    </p>
   </div>
   <div class='ocr_carea' id='block_1_26' title="bbox 2365 1154 3848 1228">
    <p class='ocr_par' dir='ltr' id='par_1_26' title="bbox 2365 1154 3848 1228">
     <span class='ocr_line' id='line_1_26' title="bbox 2365 1154 3848 1228; baseline -0.001 -16"><span class='ocrx_word' id='word_1_163' title='bbox 2365 1180 2382 1212; x_wconf 85' lang='grc' dir='ltr'><strong>ι</strong></span> <span class='ocrx_word' id='word_1_164' title='bbox 2406 1160 2514 1214; x_wconf 74' lang='grc' dir='ltr'>Καὶ</span> <span class='ocrx_word' id='word_1_165' title='bbox 2539 1159 2684 1212; x_wconf 69' lang='grc' dir='ltr'>ἔσται</span> <span class='ocrx_word' id='word_1_166' title='bbox 2716 1157 2844 1228; x_wconf 71' lang='grc' dir='ltr'>πρὶν</span> <span class='ocrx_word' id='word_1_167' title='bbox 2868 1156 2900 1227; x_wconf 79' lang='grc' dir='ltr'>ἢ</span> <span class='ocrx_word' id='word_1_168' title='bbox 2932 1155 3190 1227; x_wconf 79' lang='grc' dir='ltr'>κεκράξαι</span> <span class='ocrx_word' id='word_1_169' title='bbox 3228 1156 3441 1218; x_wconf 78' lang='grc' dir='ltr'>αὐτοὺς,</span> <span class='ocrx_word' id='word_1_170' title='bbox 3472 1154 3582 1224; x_wconf 84' lang='grc' dir='ltr'><strong>ἐγὼ</strong></span> <span class='ocrx_word' id='word_1_171' title='bbox 3609 1157 3848 1211; x_wconf 79' lang='grc' dir='ltr'>ὑπακού-</span> 
     </span>
    </p>
   </div>
   <div class='ocr_carea' id='block_1_27' title="bbox 2292 1247 3843 1322">
    <p class='ocr_par' dir='ltr' id='par_1_27' title="bbox 2292 1247 3843 1322">
     <span class='ocr_line' id='line_1_27' title="bbox 2292 1247 3843 1322; baseline -0.003 -16"><span class='ocrx_word' id='word_1_172' title='bbox 2292 1269 2453 1322; x_wconf 86' lang='grc' dir='ltr'>σομαι</span> <span class='ocrx_word' id='word_1_173' title='bbox 2479 1250 2652 1304; x_wconf 75' lang='grc' dir='ltr'>αὐτῶν</span> <span class='ocrx_word' id='word_1_174' title='bbox 2673 1267 2684 1280; x_wconf 92' lang='grc'><strong>·</strong></span> <span class='ocrx_word' id='word_1_175' title='bbox 2711 1248 2789 1302; x_wconf 79' lang='grc' dir='ltr'><strong>ἐτι</strong></span> <span class='ocrx_word' id='word_1_176' title='bbox 2821 1247 3118 1301; x_wconf 79' lang='grc' dir='ltr'>λαλούντων</span> <span class='ocrx_word' id='word_1_177' title='bbox 3143 1248 3318 1302; x_wconf 84' lang='grc' dir='ltr'>αὐτῶν</span> <span class='ocrx_word' id='word_1_178' title='bbox 3351 1247 3477 1319; x_wconf 75' lang='grc' dir='ltr'>ἐρῶο</span> <span class='ocrx_word' id='word_1_179' title='bbox 3512 1248 3576 1301; x_wconf 90' lang='grc' dir='ltr'>Τί</span> <span class='ocrx_word' id='word_1_180' title='bbox 3605 1250 3787 1314; x_wconf 88' lang='grc' dir='ltr'>ἐστιν;</span> <span class='ocrx_word' id='word_1_181' title='bbox 3823 1269 3843 1302; x_wconf 72' lang='grc' dir='ltr'><strong>ι</strong></span> 
     </span>
    </p>
   </div>
   <div class='ocr_carea' id='block_1_28' title="bbox 2295 1339 3848 1414">
    <p class='ocr_par' dir='ltr' id='par_1_28' title="bbox 2295 1339 3848 1414">
     <span class='ocr_line' id='line_1_28' title="bbox 2295 1339 3848 1414; baseline -0.001 -18"><span class='ocrx_word' id='word_1_182' title='bbox 2295 1345 2362 1396; x_wconf 77' lang='grc' dir='ltr'><strong>Ἀ</strong></span> <span class='ocrx_word' id='word_1_183' title='bbox 2391 1344 2453 1414; x_wconf 81' lang='grc' dir='ltr'>δὴ</span> <span class='ocrx_word' id='word_1_184' title='bbox 2490 1344 2581 1395; x_wconf 68' lang='grc' dir='ltr'><strong>καὶ</strong></span> <span class='ocrx_word' id='word_1_185' title='bbox 2613 1339 2910 1411; x_wconf 76' lang='grc' dir='ltr'><strong>ἐπληροῦτο</strong></span> <span class='ocrx_word' id='word_1_186' title='bbox 2949 1341 3039 1392; x_wconf 77' lang='grc' dir='ltr'><strong>ἐπὶ</strong></span> <span class='ocrx_word' id='word_1_187' title='bbox 3067 1340 3173 1392; x_wconf 92' lang='grc' dir='ltr'><strong>τῶν</strong></span> <span class='ocrx_word' id='word_1_188' title='bbox 3203 1339 3457 1410; x_wconf 75' lang='grc' dir='ltr'>Πράξεων</span> <span class='ocrx_word' id='word_1_189' title='bbox 3477 1339 3585 1393; x_wconf 90' lang='grc' dir='ltr'><strong>τῶν</strong></span> <span class='ocrx_word' id='word_1_190' title='bbox 3614 1340 3848 1394; x_wconf 83' lang='grc' dir='ltr'>ἀποστό-</span> 
     </span>
    </p>
   </div>
   <div class='ocr_carea' id='block_1_29' title="bbox 2290 1428 3847 1501">
    <p class='ocr_par' dir='ltr' id='par_1_29' title="bbox 2290 1428 3847 1501">
     <span class='ocr_line' id='line_1_29' title="bbox 2290 1428 3847 1501; baseline -0.001 -17"><span class='ocrx_word' id='word_1_191' title='bbox 2290 1433 2416 1487; x_wconf 88' lang='grc' dir='ltr'>λων·</span> <span class='ocrx_word' id='word_1_192' title='bbox 2458 1433 2625 1485; x_wconf 80' lang='grc' dir='ltr'>πολλά</span> <span class='ocrx_word' id='word_1_193' title='bbox 2664 1431 2769 1501; x_wconf 86' lang='grc' dir='ltr'><strong>γὰρ</strong></span> <span class='ocrx_word' id='word_1_194' title='bbox 2811 1432 3008 1500; x_wconf 85' lang='grc' dir='ltr'>σημεῖα</span> <span class='ocrx_word' id='word_1_195' title='bbox 3048 1431 3144 1482; x_wconf 78' lang='grc' dir='ltr'>καὶ</span> <span class='ocrx_word' id='word_1_196' title='bbox 3185 1431 3385 1500; x_wconf 86' lang='grc' dir='ltr'>τέρατα</span> <span class='ocrx_word' id='word_1_197' title='bbox 3413 1432 3710 1501; x_wconf 78' lang='grc' dir='ltr'><strong>ἐνηργεῖτο,</strong></span> <span class='ocrx_word' id='word_1_198' title='bbox 3754 1428 3847 1483; x_wconf 82' lang='grc' dir='ltr'><strong>τοῦ</strong></span> 
     </span>
    </p>
   </div>
   <div class='ocr_carea' id='block_1_30' title="bbox 2289 1513 3849 1592">
    <p class='ocr_par' dir='ltr' id='par_1_30' title="bbox 2289 1513 3849 1592">
     <span class='ocr_line' id='line_1_30' title="bbox 2289 1513 3849 1592; baseline -0.003 -16"><span class='ocrx_word' id='word_1_199' title='bbox 2289 1524 2423 1576; x_wconf 87' lang='grc' dir='ltr'>Θεοῦ</span> <span class='ocrx_word' id='word_1_200' title='bbox 2467 1525 2647 1586; x_wconf 84' lang='grc' dir='ltr'>αὐτοῖς</span> <span class='ocrx_word' id='word_1_201' title='bbox 2689 1519 3050 1591; x_wconf 86' lang='grc' dir='ltr'>παρεστῶτος.</span> <span class='ocrx_word' id='word_1_202' title='bbox 3085 1513 3184 1574; x_wconf 81' lang='grc' dir='ltr'>Ὧν</span> <span class='ocrx_word' id='word_1_203' title='bbox 3215 1521 3437 1574; x_wconf 86' lang='grc' dir='ltr'>τοιαῦτα</span> <span class='ocrx_word' id='word_1_204' title='bbox 3466 1521 3849 1592; x_wconf 83' lang='grc' dir='ltr'>ἐνεργούντων,</span> 
     </span>
    </p>
   </div>
   <div class='ocr_carea' id='block_1_31' title="bbox 2291 1609 3852 1688">
    <p class='ocr_par' dir='ltr' id='par_1_31' title="bbox 2291 1609 3852 1688">
     <span class='ocr_line' id='line_1_31' title="bbox 2291 1609 3852 1688; baseline -0.001 -22"><span class='ocrx_word' id='word_1_205' title='bbox 2291 1613 2594 1675; x_wconf 86' lang='grc' dir='ltr'>ἀκολούθως</span> <span class='ocrx_word' id='word_1_206' title='bbox 2644 1615 2677 1683; x_wconf 81' lang='grc' dir='ltr'>ἡ</span> <span class='ocrx_word' id='word_1_207' title='bbox 2727 1612 2833 1664; x_wconf 89' lang='grc' dir='ltr'><strong>τῶν</strong></span> <span class='ocrx_word' id='word_1_208' title='bbox 2895 1609 3202 1679; x_wconf 67' lang='grc' dir='ltr'>ἀλλοφύλων</span> <span class='ocrx_word' id='word_1_209' title='bbox 3256 1610 3423 1666; x_wconf 79' lang='grc' dir='ltr'>ἐθνῶν</span> <span class='ocrx_word' id='word_1_210' title='bbox 3481 1612 3688 1688; x_wconf 73' lang='grc' dir='ltr'>ἐγίνετο</span> <span class='ocrx_word' id='word_1_211' title='bbox 3731 1614 3852 1664; x_wconf 86' lang='grc' dir='ltr'>ἐπι-</span> 
     </span>
    </p>
   </div>
   <div class='ocr_carea' id='block_1_32' title="bbox 2294 1719 2518 1773">
    <p class='ocr_par' dir='ltr' id='par_1_32' title="bbox 2294 1719 2518 1773">
     <span class='ocr_line' id='line_1_32' title="bbox 2294 1719 2518 1773; baseline -0.013 0"><span class='ocrx_word' id='word_1_212' title='bbox 2294 1719 2518 1773; x_wconf 69' lang='grc' dir='ltr'><strong>στροφηο</strong></span> 
     </span>
    </p>
   </div>
   <div class='ocr_carea' id='block_1_33' title="bbox 715 1777 2192 1863">
    <p class='ocr_par' dir='ltr' id='par_1_33' title="bbox 715 1789 2186 1863">
     <span class='ocr_line' id='line_1_33' title="bbox 715 1789 2186 1863; baseline -0.001 -20"><span class='ocrx_word' id='word_1_213' title='bbox 715 1789 986 1845; x_wconf 74' lang='lat' dir='ltr'><strong>Vens.25.</strong></span> <span class='ocrx_word' id='word_1_214' title='bbox 1027 1809 1045 1843; x_wconf 74' lang='grc' dir='ltr'><strong>ι</strong></span> <span class='ocrx_word' id='word_1_215' title='bbox 1075 1791 1222 1847; x_wconf 89' lang='lat' dir='ltr'><strong>Tunc</strong></span> <span class='ocrx_word' id='word_1_216' title='bbox 1269 1794 1374 1863; x_wconf 90' lang='lat' dir='ltr'><strong>lupi</strong></span> <span class='ocrx_word' id='word_1_217' title='bbox 1419 1803 1474 1848; x_wconf 92' lang='lat' dir='ltr'><strong>et</strong></span> <span class='ocrx_word' id='word_1_218' title='bbox 1508 1794 1626 1863; x_wconf 87' lang='lat' dir='ltr'><strong>agni</strong></span> <span class='ocrx_word' id='word_1_219' title='bbox 1677 1801 1964 1861; x_wconf 88' lang='lat' dir='ltr'><strong>pascentur</strong></span> <span class='ocrx_word' id='word_1_220' title='bbox 2007 1790 2186 1855; x_wconf 90' lang='lat' dir='ltr'><strong>simul,</strong></span> 
     </span>
    </p>
   </div>
   <div class='ocr_carea' id='block_1_34' title="bbox 2291 1777 3851 1863">
    <p class='ocr_par' dir='ltr' id='par_1_34' title="bbox 2369 1789 3851 1860">
     <span class='ocr_line' id='line_1_34' title="bbox 2369 1789 3851 1860; baseline -0.002 -16"><span class='ocrx_word' id='word_1_221' title='bbox 2369 1811 2387 1844; x_wconf 84' lang='grc' dir='ltr'><strong>ι</strong></span> <span class='ocrx_word' id='word_1_222' title='bbox 2429 1793 2560 1845; x_wconf 83' lang='grc' dir='ltr'>Τότε</span> <span class='ocrx_word' id='word_1_223' title='bbox 2600 1791 2751 1843; x_wconf 82' lang='grc' dir='ltr'>λύκοι</span> <span class='ocrx_word' id='word_1_224' title='bbox 2799 1791 2892 1844; x_wconf 75' lang='grc' dir='ltr'><strong>καὶ</strong></span> <span class='ocrx_word' id='word_1_225' title='bbox 2930 1789 3090 1859; x_wconf 90' lang='grc' dir='ltr'>ἄρνες</span> <span class='ocrx_word' id='word_1_226' title='bbox 3124 1789 3544 1860; x_wconf 84' lang='grc' dir='ltr'>βοσκηθήσονται</span> <span class='ocrx_word' id='word_1_227' title='bbox 3592 1790 3727 1860; x_wconf 77' lang='grc' dir='ltr'>ἄμα,</span> <span class='ocrx_word' id='word_1_228' title='bbox 3755 1789 3851 1842; x_wconf 75' lang='grc' dir='ltr'>καὶ</span> 
     </span>
    </p>
   </div>
   <div class='ocr_carea' id='block_1_35' title="bbox 643 1880 2192 1952">
    <p class='ocr_par' dir='ltr' id='par_1_35' title="bbox 643 1880 2192 1952">
     <span class='ocr_line' id='line_1_35' title="bbox 643 1880 2192 1952; baseline 0.001 -20"><span class='ocrx_word' id='word_1_229' title='bbox 643 1891 699 1932; x_wconf 90' lang='lat' dir='ltr'><strong>et</strong></span> <span class='ocrx_word' id='word_1_230' title='bbox 731 1880 812 1935; x_wconf 87' lang='lat' dir='ltr'><strong>leo</strong></span> <span class='ocrx_word' id='word_1_231' title='bbox 840 1892 896 1935; x_wconf 92' lang='lat' dir='ltr'><strong>ut</strong></span> <span class='ocrx_word' id='word_1_232' title='bbox 939 1884 1032 1936; x_wconf 91' lang='lat' dir='ltr'><strong>bos</strong></span> <span class='ocrx_word' id='word_1_233' title='bbox 1076 1886 1315 1938; x_wconf 83' lang='lat' dir='ltr'><strong>comedet</strong></span> <span class='ocrx_word' id='word_1_234' title='bbox 1359 1884 1554 1952; x_wconf 86' lang='lat' dir='ltr'><strong>paleas,</strong></span> <span class='ocrx_word' id='word_1_235' title='bbox 1595 1899 1815 1952; x_wconf 86' lang='lat' dir='ltr'><strong>serpens</strong></span> <span class='ocrx_word' id='word_1_236' title='bbox 1861 1893 2039 1936; x_wconf 90' lang='lat' dir='ltr'><strong>autem</strong></span> <span class='ocrx_word' id='word_1_237' title='bbox 2083 1891 2192 1935; x_wconf 87' lang='lat' dir='ltr'><strong>ter-</strong></span> 
     </span>
    </p>
   </div>
   <div class='ocr_carea' id='block_1_36' title="bbox 645 1973 2189 2044">
    <p class='ocr_par' dir='ltr' id='par_1_36' title="bbox 645 1973 2189 2044">
     <span class='ocr_line' id='line_1_36' title="bbox 645 1973 2189 2044; baseline 0.003 -20"><span class='ocrx_word' id='word_1_238' title='bbox 645 1987 760 2024; x_wconf 87' lang='lat' dir='ltr'><strong>ram</strong></span> <span class='ocrx_word' id='word_1_239' title='bbox 793 1973 943 2041; x_wconf 84' lang='lat' dir='ltr'><strong>quasi</strong></span> <span class='ocrx_word' id='word_1_240' title='bbox 979 1988 1188 2042; x_wconf 89' lang='lat' dir='ltr'><strong>panem.</strong></span> <span class='ocrx_word' id='word_1_241' title='bbox 1239 1975 1352 2028; x_wconf 75' lang='lat' dir='ltr'><strong>Non</strong></span> <span class='ocrx_word' id='word_1_242' title='bbox 1406 1976 1692 2039; x_wconf 87' lang='lat' dir='ltr'><strong>nocebunt,</strong></span> <span class='ocrx_word' id='word_1_243' title='bbox 1727 1991 1896 2044; x_wconf 90' lang='lat' dir='ltr'><strong>neque</strong></span> <span class='ocrx_word' id='word_1_244' title='bbox 1941 1976 2189 2029; x_wconf 81' lang='lat' dir='ltr'><strong>devasta-</strong></span> 
     </span>
    </p>
   </div>
   <div class='ocr_carea' id='block_1_37' title="bbox 645 2061 2189 2126">
    <p class='ocr_par' dir='ltr' id='par_1_37' title="bbox 645 2061 2189 2126">
     <span class='ocr_line' id='line_1_37' title="bbox 645 2061 2189 2126; baseline 0.003 -13"><span class='ocrx_word' id='word_1_245' title='bbox 645 2061 778 2114; x_wconf 89' lang='lat' dir='ltr'><strong>bunt</strong></span> <span class='ocrx_word' id='word_1_246' title='bbox 823 2064 875 2114; x_wconf 91' lang='lat' dir='ltr'><strong>in</strong></span> <span class='ocrx_word' id='word_1_247' title='bbox 912 2073 1091 2116; x_wconf 92' lang='lat' dir='ltr'><strong>monte</strong></span> <span class='ocrx_word' id='word_1_248' title='bbox 1137 2074 1321 2117; x_wconf 87' lang='lat' dir='ltr'><strong>sancto</strong></span> <span class='ocrx_word' id='word_1_249' title='bbox 1358 2078 1496 2126; x_wconf 88' lang='lat' dir='ltr'><strong>meo,</strong></span> <span class='ocrx_word' id='word_1_250' title='bbox 1531 2063 1661 2118; x_wconf 89' lang='lat' dir='ltr'><strong>dicit</strong></span> <span class='ocrx_word' id='word_1_251' title='bbox 1691 2064 1968 2118; x_wconf 88' lang='lat' dir='ltr'><strong>Dominus.</strong></span> <span class='ocrx_word' id='word_1_252' title='bbox 1994 2082 2012 2114; x_wconf 76' lang='grc' dir='ltr'><strong>ι</strong></span> <span class='ocrx_word' id='word_1_253' title='bbox 2058 2063 2189 2117; x_wconf 75' lang='lat' dir='ltr'><strong>Nam</strong></span> 
     </span>
    </p>
   </div>
   <div class='ocr_carea' id='block_1_38' title="bbox 643 2152 2194 2222">
    <p class='ocr_par' dir='ltr' id='par_1_38' title="bbox 643 2152 2194 2222">
     <span class='ocr_line' id='line_1_38' title="bbox 643 2152 2194 2222; baseline 0.002 -18"><span class='ocrx_word' id='word_1_254' title='bbox 643 2155 732 2220; x_wconf 88' lang='lat' dir='ltr'><strong>qui</strong></span> <span class='ocrx_word' id='word_1_255' title='bbox 765 2152 911 2219; x_wconf 92' lang='lat' dir='ltr'><strong>prius</strong></span> <span class='ocrx_word' id='word_1_256' title='bbox 941 2167 1159 2221; x_wconf 86' lang='lat' dir='ltr'><strong>rapaces</strong></span> <span class='ocrx_word' id='word_1_257' title='bbox 1184 2163 1236 2208; x_wconf 92' lang='lat' dir='ltr'><strong>et</strong></span> <span class='ocrx_word' id='word_1_258' title='bbox 1264 2153 1469 2208; x_wconf 80' lang='lat' dir='ltr'><strong>feroces</strong></span> <span class='ocrx_word' id='word_1_259' title='bbox 1496 2163 1668 2215; x_wconf 88' lang='lat' dir='ltr'><strong>erant,</strong></span> <span class='ocrx_word' id='word_1_260' title='bbox 1700 2154 1770 2207; x_wconf 91' lang='lat' dir='ltr'><strong>ita</strong></span> <span class='ocrx_word' id='word_1_261' title='bbox 1799 2163 1856 2207; x_wconf 93' lang='lat' dir='ltr'><strong>ut</strong></span> <span class='ocrx_word' id='word_1_262' title='bbox 1886 2154 2026 2222; x_wconf 91' lang='lat' dir='ltr'><strong>lupis</strong></span> <span class='ocrx_word' id='word_1_263' title='bbox 2052 2169 2194 2208; x_wconf 90' lang='lat' dir='ltr'><strong>com-</strong></span> 
     </span>
    </p>
   </div>
   <div class='ocr_carea' id='block_1_39' title="bbox 643 2243 2189 2312">
    <p class='ocr_par' dir='ltr' id='par_1_39' title="bbox 643 2243 2189 2312">
     <span class='ocr_line' id='line_1_39' title="bbox 643 2243 2189 2312; baseline 0.003 -19"><span class='ocrx_word' id='word_1_264' title='bbox 643 2243 818 2309; x_wconf 90' lang='lat' dir='ltr'><strong>parari</strong></span> <span class='ocrx_word' id='word_1_265' title='bbox 850 2253 1097 2311; x_wconf 90' lang='lat' dir='ltr'><strong>possent,</strong></span> <span class='ocrx_word' id='word_1_266' title='bbox 1137 2245 1186 2297; x_wconf 91' lang='lat' dir='ltr'><strong>in</strong></span> <span class='ocrx_word' id='word_1_267' title='bbox 1229 2253 1564 2298; x_wconf 89' lang='lat' dir='ltr'><strong>mansuetum</strong></span> <span class='ocrx_word' id='word_1_268' title='bbox 1605 2259 1807 2299; x_wconf 89' lang='lat' dir='ltr'><strong>morem</strong></span> <span class='ocrx_word' id='word_1_269' title='bbox 1850 2247 2189 2312; x_wconf 88' lang='lat' dir='ltr'><strong>commutati,</strong></span> 
     </span>
    </p>
   </div>
   <div class='ocr_carea' id='block_1_40' title="bbox 647 2334 2191 2404">
    <p class='ocr_par' dir='ltr' id='par_1_40' title="bbox 647 2334 2191 2404">
     <span class='ocr_line' id='line_1_40' title="bbox 647 2334 2191 2404; baseline 0.002 -18"><span class='ocrx_word' id='word_1_270' title='bbox 647 2347 769 2387; x_wconf 90' lang='lat' dir='ltr'><strong>cum</strong></span> <span class='ocrx_word' id='word_1_271' title='bbox 819 2335 970 2402; x_wconf 81' lang='lat' dir='ltr'><strong>agnis</strong></span> <span class='ocrx_word' id='word_1_272' title='bbox 1012 2344 1066 2389; x_wconf 89' lang='lat' dir='ltr'><strong>et</strong></span> <span class='ocrx_word' id='word_1_273' title='bbox 1114 2334 1284 2389; x_wconf 90' lang='lat' dir='ltr'><strong>bobus</strong></span> <span class='ocrx_word' id='word_1_274' title='bbox 1327 2336 1584 2404; x_wconf 76' lang='lat' dir='ltr'><strong>gregatim</strong></span> <span class='ocrx_word' id='word_1_275' title='bbox 1628 2337 1941 2404; x_wconf 76' lang='lat' dir='ltr'><strong>agebantur,</strong></span> <span class='ocrx_word' id='word_1_276' title='bbox 1981 2346 2039 2388; x_wconf 91' lang='lat' dir='ltr'><strong>ut</strong></span> <span class='ocrx_word' id='word_1_277' title='bbox 2086 2351 2191 2390; x_wconf 94' lang='lat' dir='ltr'><strong>uno</strong></span> 
     </span>
    </p>
   </div>
   <div class='ocr_carea' id='block_1_41' title="bbox 647 2422 2192 2493">
    <p class='ocr_par' dir='ltr' id='par_1_41' title="bbox 647 2422 2192 2493">
     <span class='ocr_line' id='line_1_41' title="bbox 647 2422 2192 2493; baseline 0.002 -17"><span class='ocrx_word' id='word_1_278' title='bbox 647 2422 943 2490; x_wconf 88' lang='lat' dir='ltr'><strong>eodemque</strong></span> <span class='ocrx_word' id='word_1_279' title='bbox 986 2439 1050 2477; x_wconf 79' lang='lat' dir='ltr'><strong>ex</strong></span> <span class='ocrx_word' id='word_1_280' title='bbox 1109 2422 1302 2477; x_wconf 84' lang='lat' dir='ltr'><strong>divinis</strong></span> <span class='ocrx_word' id='word_1_281' title='bbox 1359 2424 1676 2479; x_wconf 89' lang='lat' dir='ltr'><strong>lectionibus</strong></span> <span class='ocrx_word' id='word_1_282' title='bbox 1717 2434 1969 2493; x_wconf 83' lang='lat' dir='ltr'><strong>excerpto</strong></span> <span class='ocrx_word' id='word_1_283' title='bbox 2025 2427 2192 2479; x_wconf 85' lang='lat' dir='ltr'><strong>ratio-</strong></span> 
     </span>
    </p>
   </div>
   <div class='ocr_carea' id='block_1_42' title="bbox 649 2513 2190 2582">
    <p class='ocr_par' dir='ltr' id='par_1_42' title="bbox 649 2513 2190 2582">
     <span class='ocr_line' id='line_1_42' title="bbox 649 2513 2190 2582; baseline 0.004 -17"><span class='ocrx_word' id='word_1_284' title='bbox 649 2513 810 2570; x_wconf 82' lang='lat' dir='ltr'><strong>nabili</strong></span> <span class='ocrx_word' id='word_1_285' title='bbox 847 2516 966 2569; x_wconf 89' lang='lat' dir='ltr'><strong>cibo</strong></span> <span class='ocrx_word' id='word_1_286' title='bbox 1011 2525 1302 2570; x_wconf 85' lang='lat' dir='ltr'><strong>uterentur.</strong></span> <span class='ocrx_word' id='word_1_287' title='bbox 1344 2516 1444 2582; x_wconf 85' lang='lat' dir='ltr'><strong>Qui</strong></span> <span class='ocrx_word' id='word_1_288' title='bbox 1484 2525 1658 2569; x_wconf 90' lang='lat' dir='ltr'><strong>autem</strong></span> <span class='ocrx_word' id='word_1_289' title='bbox 1695 2517 1931 2570; x_wconf 91' lang='lat' dir='ltr'><strong>moribus</strong></span> <span class='ocrx_word' id='word_1_290' title='bbox 1982 2516 2114 2570; x_wconf 87' lang='lat' dir='ltr'><strong>nihil</strong></span> <span class='ocrx_word' id='word_1_291' title='bbox 2160 2532 2190 2571; x_wconf 88' lang='lat' dir='ltr'><strong>a</strong></span> 
     </span>
    </p>
   </div>
   <div class='ocr_carea' id='block_1_43' title="bbox 648 2605 2192 2673">
    <p class='ocr_par' dir='ltr' id='par_1_43' title="bbox 648 2605 2192 2673">
     <span class='ocr_line' id='line_1_43' title="bbox 648 2605 2192 2673; baseline 0.001 -17"><span class='ocrx_word' id='word_1_292' title='bbox 648 2606 890 2658; x_wconf 86' lang='lat' dir='ltr'><strong>leonibus</strong></span> <span class='ocrx_word' id='word_1_293' title='bbox 928 2606 1322 2673; x_wconf 82' lang='lat' dir='ltr'><strong>discrepahant,</strong></span> <span class='ocrx_word' id='word_1_294' title='bbox 1359 2606 1470 2673; x_wconf 87' lang='lat' dir='ltr'><strong>jam</strong></span> <span class='ocrx_word' id='word_1_295' title='bbox 1509 2620 1613 2660; x_wconf 93' lang='lat' dir='ltr'><strong>non</strong></span> <span class='ocrx_word' id='word_1_296' title='bbox 1647 2605 1781 2658; x_wconf 90' lang='lat' dir='ltr'><strong>ultra</strong></span> <span class='ocrx_word' id='word_1_297' title='bbox 1810 2605 2108 2661; x_wconf 87' lang='lat' dir='ltr'><strong>carnivoris</strong></span> <span class='ocrx_word' id='word_1_298' title='bbox 2139 2614 2192 2659; x_wconf 89' lang='lat' dir='ltr'><strong>et</strong></span> 
     </span>
    </p>
   </div>
   <div class='ocr_carea' id='block_1_44' title="bbox 646 2695 2190 2766">
    <p class='ocr_par' dir='ltr' id='par_1_44' title="bbox 646 2695 2190 2766">
     <span class='ocr_line' id='line_1_44' title="bbox 646 2695 2190 2766; baseline 0.001 -17"><span class='ocrx_word' id='word_1_299' title='bbox 646 2695 1003 2763; x_wconf 85' lang='lat' dir='ltr'><strong>sanguinariis</strong></span> <span class='ocrx_word' id='word_1_300' title='bbox 1075 2695 1200 2750; x_wconf 80' lang='lat' dir='ltr'><strong>feris</strong></span> <span class='ocrx_word' id='word_1_301' title='bbox 1249 2697 1486 2758; x_wconf 89' lang='lat' dir='ltr'><strong>similes,</strong></span> <span class='ocrx_word' id='word_1_302' title='bbox 1545 2697 1704 2750; x_wconf 86' lang='lat' dir='ltr'><strong>boum</strong></span> <span class='ocrx_word' id='word_1_303' title='bbox 1759 2697 1926 2749; x_wconf 89' lang='lat' dir='ltr'><strong>instar</strong></span> <span class='ocrx_word' id='word_1_304' title='bbox 1971 2706 2026 2750; x_wconf 88' lang='lat' dir='ltr'><strong>et</strong></span> <span class='ocrx_word' id='word_1_305' title='bbox 2089 2697 2190 2766; x_wconf 84' lang='lat' dir='ltr'><strong>ipsi</strong></span> 
     </span>
    </p>
   </div>
   <div class='ocr_carea' id='block_1_45' title="bbox 645 2785 2190 2856">
    <p class='ocr_par' dir='ltr' id='par_1_45' title="bbox 645 2785 2190 2856">
     <span class='ocr_line' id='line_1_45' title="bbox 645 2785 2190 2856; baseline 0.002 -17"><span class='ocrx_word' id='word_1_306' title='bbox 645 2786 836 2840; x_wconf 73' lang='lat' dir='ltr'><strong>divina:</strong></span> <span class='ocrx_word' id='word_1_307' title='bbox 876 2786 1128 2840; x_wconf 71' lang='lat' dir='ltr'><strong>doctrinae</strong></span> <span class='ocrx_word' id='word_1_308' title='bbox 1163 2788 1386 2840; x_wconf 82' lang='lat' dir='ltr'><strong>herbam</strong></span> <span class='ocrx_word' id='word_1_309' title='bbox 1437 2787 1804 2840; x_wconf 88' lang='lat' dir='ltr'><strong>eomedebant.</strong></span> <span class='ocrx_word' id='word_1_310' title='bbox 1841 2785 1907 2840; x_wconf 90' lang='lat' dir='ltr'><strong>Et</strong></span> <span class='ocrx_word' id='word_1_311' title='bbox 1946 2788 2036 2856; x_wconf 90' lang='lat' dir='ltr'><strong>qui</strong></span> <span class='ocrx_word' id='word_1_312' title='bbox 2063 2788 2190 2843; x_wconf 83' lang='lat' dir='ltr'><strong>olim</strong></span> 
     </span>
    </p>
   </div>
   <div class='ocr_carea' id='block_1_46' title="bbox 644 2874 2187 2944">
    <p class='ocr_par' dir='ltr' id='par_1_46' title="bbox 644 2874 2187 2944">
     <span class='ocr_line' id='line_1_46' title="bbox 644 2874 2187 2944; baseline -0.001 -15"><span class='ocrx_word' id='word_1_313' title='bbox 644 2883 945 2944; x_wconf 84' lang='lat' dir='ltr'><strong>serpentem</strong></span> <span class='ocrx_word' id='word_1_314' title='bbox 999 2874 1290 2940; x_wconf 76' lang='lat' dir='ltr'><strong>referebat,</strong></span> <span class='ocrx_word' id='word_1_315' title='bbox 1334 2885 1558 2942; x_wconf 83' lang='lat' dir='ltr'><strong>atroque</strong></span> <span class='ocrx_word' id='word_1_316' title='bbox 1598 2890 1803 2929; x_wconf 88' lang='lat' dir='ltr'><strong>veneno</strong></span> <span class='ocrx_word' id='word_1_317' title='bbox 1855 2877 2043 2944; x_wconf 79' lang='lat' dir='ltr'><strong>plenus</strong></span> <span class='ocrx_word' id='word_1_318' title='bbox 2083 2877 2187 2942; x_wconf 86' lang='lat' dir='ltr'><strong>vir,</strong></span> 
     </span>
    </p>
   </div>
   <div class='ocr_carea' id='block_1_47' title="bbox 645 2965 2182 3037">
    <p class='ocr_par' dir='ltr' id='par_1_47' title="bbox 645 2965 2182 3037">
     <span class='ocr_line' id='line_1_47' title="bbox 645 2965 2182 3037; baseline 0.003 -19"><span class='ocrx_word' id='word_1_319' title='bbox 645 2968 916 3034; x_wconf 78' lang='lat' dir='ltr'><strong>repudiata</strong></span> <span class='ocrx_word' id='word_1_320' title='bbox 952 2965 1170 3028; x_wconf 91' lang='lat' dir='ltr'><strong>malitia,</strong></span> <span class='ocrx_word' id='word_1_321' title='bbox 1204 2980 1391 3034; x_wconf 86' lang='lat' dir='ltr'><strong>panem</strong></span> <span class='ocrx_word' id='word_1_322' title='bbox 1415 2967 1695 3020; x_wconf 84' lang='lat' dir='ltr'><strong>comedet:</strong></span> <span class='ocrx_word' id='word_1_323' title='bbox 1727 2982 1823 3035; x_wconf 92' lang='lat' dir='ltr'><strong>pro</strong></span> <span class='ocrx_word' id='word_1_324' title='bbox 1852 2977 1991 3020; x_wconf 87' lang='lat' dir='ltr'><strong>terra</strong></span> <span class='ocrx_word' id='word_1_325' title='bbox 2020 2983 2182 3037; x_wconf 74' lang='lat' dir='ltr'><strong>quam</strong></span> 
     </span>
    </p>
   </div>
   <div class='ocr_carea' id='block_1_48' title="bbox 645 3056 2188 3122">
    <p class='ocr_par' dir='ltr' id='par_1_48' title="bbox 645 3056 2188 3122">
     <span class='ocr_line' id='line_1_48' title="bbox 645 3056 2188 3122; baseline 0.005 -17"><span class='ocrx_word' id='word_1_326' title='bbox 645 3056 793 3122; x_wconf 84' lang='lat' dir='ltr'><strong>prius</strong></span> <span class='ocrx_word' id='word_1_327' title='bbox 816 3057 1028 3120; x_wconf 88' lang='lat' dir='ltr'><strong>edebat,</strong></span> <span class='ocrx_word' id='word_1_328' title='bbox 1055 3056 1357 3110; x_wconf 89' lang='lat' dir='ltr'><strong>rationabili</strong></span> <span class='ocrx_word' id='word_1_329' title='bbox 1382 3066 1434 3110; x_wconf 90' lang='lat' dir='ltr'><strong>et</strong></span> <span class='ocrx_word' id='word_1_330' title='bbox 1465 3058 1695 3110; x_wconf 85' lang='lat' dir='ltr'><strong>humano</strong></span> <span class='ocrx_word' id='word_1_331' title='bbox 1727 3066 1884 3111; x_wconf 85' lang='lat' dir='ltr'><strong>utens</strong></span> <span class='ocrx_word' id='word_1_332' title='bbox 1910 3056 2188 3112; x_wconf 87' lang='lat' dir='ltr'><strong>alimento.</strong></span> 
     </span>
    </p>
   </div>
   <div class='ocr_carea' id='block_1_49' title="bbox 648 3146 2190 3215">
    <p class='ocr_par' dir='ltr' id='par_1_49' title="bbox 648 3146 2190 3215">
     <span class='ocr_line' id='line_1_49' title="bbox 648 3146 2190 3215; baseline 0.001 -16"><span class='ocrx_word' id='word_1_333' title='bbox 648 3147 827 3214; x_wconf 87' lang='lat' dir='ltr'><strong>Usque</strong></span> <span class='ocrx_word' id='word_1_334' title='bbox 859 3147 991 3200; x_wconf 89' lang='lat' dir='ltr'><strong>adeo</strong></span> <span class='ocrx_word' id='word_1_335' title='bbox 1033 3156 1206 3201; x_wconf 89' lang='lat' dir='ltr'><strong>autem</strong></span> <span class='ocrx_word' id='word_1_336' title='bbox 1255 3147 1553 3215; x_wconf 82' lang='lat' dir='ltr'><strong>bujusmodi</strong></span> <span class='ocrx_word' id='word_1_337' title='bbox 1611 3146 1736 3201; x_wconf 75' lang='lat' dir='ltr'><strong>fera:</strong></span> <span class='ocrx_word' id='word_1_338' title='bbox 1780 3159 2190 3214; x_wconf 76' lang='lat' dir='ltr'><strong>mansuescent,</strong></span> 
     </span>
    </p>
   </div>
   <div class='ocr_carea' id='block_1_50' title="bbox 646 3238 2192 3308">
    <p class='ocr_par' dir='ltr' id='par_1_50' title="bbox 646 3238 2192 3308">
     <span class='ocr_line' id='line_1_50' title="bbox 646 3238 2192 3308; baseline 0.002 -16"><span class='ocrx_word' id='word_1_339' title='bbox 646 3249 703 3292; x_wconf 86' lang='lat' dir='ltr'><strong>ut</strong></span> <span class='ocrx_word' id='word_1_340' title='bbox 741 3238 1005 3293; x_wconf 85' lang='lat' dir='ltr'><strong>neminem</strong></span> <span class='ocrx_word' id='word_1_341' title='bbox 1051 3238 1242 3294; x_wconf 67' lang='lat' dir='ltr'><strong>lzedant</strong></span> <span class='ocrx_word' id='word_1_342' title='bbox 1269 3239 1348 3292; x_wconf 73' lang='lat' dir='ltr'><strong>vel</strong></span> <span class='ocrx_word' id='word_1_343' title='bbox 1389 3239 1727 3308; x_wconf 82' lang='lat' dir='ltr'><strong>pessumdent</strong></span> <span class='ocrx_word' id='word_1_344' title='bbox 1764 3238 1818 3293; x_wconf 82' lang='lat' dir='ltr'><strong>in</strong></span> <span class='ocrx_word' id='word_1_345' title='bbox 1855 3253 2034 3295; x_wconf 85' lang='lat' dir='ltr'><strong>monte</strong></span> <span class='ocrx_word' id='word_1_346' title='bbox 2081 3240 2192 3295; x_wconf 84' lang='lat' dir='ltr'><strong>Dei.</strong></span> 
     </span>
    </p>
   </div>
   <div class='ocr_carea' id='block_1_51' title="bbox 1199 3396 1636 3453">
    <p class='ocr_par' dir='ltr' id='par_1_51' title="bbox 1199 3396 1636 3453">
     <span class='ocr_line' id='line_1_51' title="bbox 1199 3396 1636 3453; baseline 0.007 -5"><span class='ocrx_word' id='word_1_347' title='bbox 1199 3396 1423 3453; x_wconf 79' lang='lat' dir='ltr'><strong>CAPUT</strong></span> <span class='ocrx_word' id='word_1_348' title='bbox 1455 3396 1636 3452; x_wconf 74' lang='lat' dir='ltr'><strong>LXVI.</strong></span> 
     </span>
    </p>
   </div>
   <div class='ocr_carea' id='block_1_52' title="bbox 715 3509 2194 3578">
    <p class='ocr_par' dir='ltr' id='par_1_52' title="bbox 715 3509 2194 3578">
     <span class='ocr_line' id='line_1_52' title="bbox 715 3509 2194 3578; baseline 0.004 -14"><span class='ocrx_word' id='word_1_349' title='bbox 715 3511 874 3564; x_wconf 68' lang='lat' dir='ltr'><strong>Vens.</strong></span> <span class='ocrx_word' id='word_1_350' title='bbox 903 3511 1014 3563; x_wconf 70' lang='lat'><strong>1-5.</strong></span> <span class='ocrx_word' id='word_1_351' title='bbox 1052 3528 1070 3560; x_wconf 80' lang='grc' dir='ltr'><strong>ι</strong></span> <span class='ocrx_word' id='word_1_352' title='bbox 1099 3509 1189 3563; x_wconf 91' lang='lat' dir='ltr'><strong>Sic</strong></span> <span class='ocrx_word' id='word_1_353' title='bbox 1238 3510 1362 3563; x_wconf 88' lang='lat' dir='ltr'><strong>dicit</strong></span> <span class='ocrx_word' id='word_1_354' title='bbox 1411 3511 1688 3578; x_wconf 90' lang='lat' dir='ltr'><strong>Dominus,</strong></span> <span class='ocrx_word' id='word_1_355' title='bbox 1723 3510 1926 3568; x_wconf 70' lang='lat' dir='ltr'><strong>leum</strong></span> <span class='ocrx_word' id='word_1_356' title='bbox 1972 3515 2194 3570; x_wconf 88' lang='lat' dir='ltr'><strong>thronus</strong></span> 
     </span>
    </p>
   </div>
   <div class='ocr_carea' id='block_1_53' title="bbox 646 3599 2190 3670">
    <p class='ocr_par' dir='ltr' id='par_1_53' title="bbox 646 3599 2190 3670">
     <span class='ocr_line' id='line_1_53' title="bbox 646 3599 2190 3670; baseline 0.002 -16"><span class='ocrx_word' id='word_1_357' title='bbox 646 3617 816 3666; x_wconf 88' lang='lat' dir='ltr'><strong>meus,</strong></span> <span class='ocrx_word' id='word_1_358' title='bbox 850 3610 903 3653; x_wconf 92' lang='lat' dir='ltr'><strong>et</strong></span> <span class='ocrx_word' id='word_1_359' title='bbox 945 3610 1086 3652; x_wconf 90' lang='lat' dir='ltr'><strong>terra</strong></span> <span class='ocrx_word' id='word_1_360' title='bbox 1131 3599 1419 3653; x_wconf 86' lang='lat' dir='ltr'><strong>scabellum</strong></span> <span class='ocrx_word' id='word_1_361' title='bbox 1454 3604 1642 3668; x_wconf 91' lang='lat' dir='ltr'><strong>pedum</strong></span> <span class='ocrx_word' id='word_1_362' title='bbox 1677 3618 1940 3660; x_wconf 88' lang='lat' dir='ltr'><strong>meorum.</strong></span> <span class='ocrx_word' id='word_1_363' title='bbox 1972 3605 2190 3670; x_wconf 79' lang='lat' dir='ltr'><strong>Qualem</strong></span> 
     </span>
    </p>
   </div>
   <div class='ocr_carea' id='block_1_54' title="bbox 646 3689 2185 3761">
    <p class='ocr_par' dir='ltr' id='par_1_54' title="bbox 646 3689 2185 3761">
     <span class='ocr_line' id='line_1_54' title="bbox 646 3689 2185 3761; baseline 0.001 -16"><span class='ocrx_word' id='word_1_364' title='bbox 646 3694 859 3746; x_wconf 89' lang='lat' dir='ltr'><strong>domum</strong></span> <span class='ocrx_word' id='word_1_365' title='bbox 911 3689 1244 3744; x_wconf 72' lang='lat' dir='ltr'><strong>tediticabitis</strong></span> <span class='ocrx_word' id='word_1_366' title='bbox 1293 3690 1465 3742; x_wconf 87' lang='lat' dir='ltr'><strong>mihi?</strong></span> <span class='ocrx_word' id='word_1_367' title='bbox 1510 3700 1564 3744; x_wconf 93' lang='lat' dir='ltr'><strong>et</strong></span> <span class='ocrx_word' id='word_1_368' title='bbox 1608 3693 1729 3761; x_wconf 83' lang='lat' dir='ltr'><strong>quis</strong></span> <span class='ocrx_word' id='word_1_369' title='bbox 1783 3693 1932 3748; x_wconf 88' lang='lat' dir='ltr'><strong>locus</strong></span> <span class='ocrx_word' id='word_1_370' title='bbox 1979 3695 2185 3761; x_wconf 88' lang='lat' dir='ltr'><strong>requie-</strong></span> 
     </span>
    </p>
   </div>
   <div class='ocr_carea' id='block_1_55' title="bbox 646 3779 2195 3850">
    <p class='ocr_par' dir='ltr' id='par_1_55' title="bbox 646 3779 2195 3850">
     <span class='ocr_line' id='line_1_55' title="bbox 646 3779 2195 3850; baseline 0.003 -17"><span class='ocrx_word' id='word_1_371' title='bbox 646 3782 805 3834; x_wconf 89' lang='lat' dir='ltr'><strong>tionis</strong></span> <span class='ocrx_word' id='word_1_372' title='bbox 845 3781 1008 3833; x_wconf 70' lang='lat' dir='ltr'><strong>meae?</strong></span> <span class='ocrx_word' id='word_1_373' title='bbox 1036 3781 1154 3834; x_wconf 71' lang='lat' dir='ltr'><strong>llrec</strong></span> <span class='ocrx_word' id='word_1_374' title='bbox 1183 3779 1322 3833; x_wconf 90' lang='lat' dir='ltr'><strong>enim</strong></span> <span class='ocrx_word' id='word_1_375' title='bbox 1353 3781 1530 3834; x_wconf 89' lang='lat' dir='ltr'><strong>omnia</strong></span> <span class='ocrx_word' id='word_1_376' title='bbox 1567 3782 1691 3837; x_wconf 81' lang='lat' dir='ltr'><strong>fecit</strong></span> <span class='ocrx_word' id='word_1_377' title='bbox 1736 3798 1927 3837; x_wconf 85' lang='lat' dir='ltr'><strong>manus</strong></span> <span class='ocrx_word' id='word_1_378' title='bbox 1977 3800 2112 3850; x_wconf 89' lang='lat' dir='ltr'><strong>mea,</strong></span> <span class='ocrx_word' id='word_1_379' title='bbox 2143 3795 2195 3838; x_wconf 89' lang='lat' dir='ltr'><strong>et</strong></span> 
     </span>
    </p>
   </div>
   <div class='ocr_carea' id='block_1_56' title="bbox 647 3873 2193 3939">
    <p class='ocr_par' dir='ltr' id='par_1_56' title="bbox 647 3873 2193 3939">
     <span class='ocr_line' id='line_1_56' title="bbox 647 3873 2193 3939; baseline 0.002 -13"><span class='ocrx_word' id='word_1_380' title='bbox 647 3874 758 3926; x_wconf 65' lang='lat' dir='ltr'><strong>haec</strong></span> <span class='ocrx_word' id='word_1_381' title='bbox 800 3873 975 3923; x_wconf 83' lang='lat' dir='ltr'><strong>omnia</strong></span> <span class='ocrx_word' id='word_1_382' title='bbox 1006 3888 1118 3923; x_wconf 85' lang='lat' dir='ltr'><strong>mea</strong></span> <span class='ocrx_word' id='word_1_383' title='bbox 1165 3881 1318 3936; x_wconf 90' lang='lat' dir='ltr'><strong>sunt,</strong></span> <span class='ocrx_word' id='word_1_384' title='bbox 1367 3873 1494 3928; x_wconf 87' lang='lat' dir='ltr'><strong>dicit</strong></span> <span class='ocrx_word' id='word_1_385' title='bbox 1537 3875 1808 3929; x_wconf 87' lang='lat' dir='ltr'><strong>Dominus.</strong></span> <span class='ocrx_word' id='word_1_386' title='bbox 1851 3874 2016 3939; x_wconf 86' lang='lat' dir='ltr'><strong>Quem</strong></span> <span class='ocrx_word' id='word_1_387' title='bbox 2066 3890 2193 3929; x_wconf 87' lang='lat' dir='ltr'><strong>vero</strong></span> 
     </span>
    </p>
   </div>
   <div class='ocr_carea' id='block_1_57' title="bbox 649 3964 2189 4032">
    <p class='ocr_par' dir='ltr' id='par_1_57' title="bbox 649 3964 2189 4032">
     <span class='ocr_line' id='line_1_57' title="bbox 649 3964 2189 4032; baseline 0.001 -16"><span class='ocrx_word' id='word_1_388' title='bbox 649 3964 952 4030; x_wconf 82' lang='lat' dir='ltr'><strong>respiciam,</strong></span> <span class='ocrx_word' id='word_1_389' title='bbox 985 3964 1083 4015; x_wconf 92' lang='lat' dir='ltr'><strong>nisi</strong></span> <span class='ocrx_word' id='word_1_390' title='bbox 1115 3965 1386 4026; x_wconf 87' lang='lat' dir='ltr'><strong>humilem,</strong></span> <span class='ocrx_word' id='word_1_391' title='bbox 1422 3975 1474 4018; x_wconf 87' lang='lat' dir='ltr'><strong>et</strong></span> <span class='ocrx_word' id='word_1_392' title='bbox 1509 3966 1764 4032; x_wconf 90' lang='lat' dir='ltr'><strong>quietum,</strong></span> <span class='ocrx_word' id='word_1_393' title='bbox 1792 3975 1840 4019; x_wconf 91' lang='lat' dir='ltr'><strong>et</strong></span> <span class='ocrx_word' id='word_1_394' title='bbox 1873 3975 2189 4018; x_wconf 85' lang='lat' dir='ltr'><strong>trementem</strong></span> 
     </span>
    </p>
   </div>
   <div class='ocr_carea' id='block_1_58' title="bbox 647 4053 2189 4123">
    <p class='ocr_par' dir='ltr' id='par_1_58' title="bbox 647 4053 2189 4123">
     <span class='ocr_line' id='line_1_58' title="bbox 647 4053 2189 4123; baseline 0.001 -17"><span class='ocrx_word' id='word_1_395' title='bbox 647 4069 922 4107; x_wconf 88' lang='lat' dir='ltr'><strong>sermones</strong></span> <span class='ocrx_word' id='word_1_396' title='bbox 949 4055 1132 4108; x_wconf 88' lang='lat' dir='ltr'><strong>meos?</strong></span> <span class='ocrx_word' id='word_1_397' title='bbox 1164 4053 1381 4123; x_wconf 85' lang='lat' dir='ltr'><strong>Iniquus</strong></span> <span class='ocrx_word' id='word_1_398' title='bbox 1426 4065 1623 4116; x_wconf 90' lang='lat' dir='ltr'><strong>autem,</strong></span> <span class='ocrx_word' id='word_1_399' title='bbox 1657 4057 1746 4123; x_wconf 90' lang='lat' dir='ltr'><strong>qui</strong></span> <span class='ocrx_word' id='word_1_400' title='bbox 1792 4054 2031 4108; x_wconf 90' lang='lat' dir='ltr'><strong>immolat</strong></span> <span class='ocrx_word' id='word_1_401' title='bbox 2061 4055 2189 4108; x_wconf 87' lang='lat' dir='ltr'><strong>mihi</strong></span> 
     </span>
    </p>
   </div>
   <div class='ocr_carea' id='block_1_59' title="bbox 647 4143 2191 4213">
    <p class='ocr_par' dir='ltr' id='par_1_59' title="bbox 647 4143 2191 4213">
     <span class='ocr_line' id='line_1_59' title="bbox 647 4143 2191 4213; baseline 0.001 -17"><span class='ocrx_word' id='word_1_402' title='bbox 647 4143 888 4205; x_wconf 77' lang='lat' dir='ltr'><strong>vitulum,</strong></span> <span class='ocrx_word' id='word_1_403' title='bbox 930 4144 1080 4210; x_wconf 86' lang='lat' dir='ltr'><strong>quasi</strong></span> <span class='ocrx_word' id='word_1_404' title='bbox 1127 4145 1335 4198; x_wconf 87' lang='lat' dir='ltr'><strong>occidat</strong></span> <span class='ocrx_word' id='word_1_405' title='bbox 1379 4160 1604 4198; x_wconf 89' lang='lat' dir='ltr'><strong>canem:</strong></span> <span class='ocrx_word' id='word_1_406' title='bbox 1637 4147 1726 4213; x_wconf 90' lang='lat' dir='ltr'><strong>qui</strong></span> <span class='ocrx_word' id='word_1_407' title='bbox 1771 4159 1898 4198; x_wconf 85' lang='lat' dir='ltr'><strong>vero</strong></span> <span class='ocrx_word' id='word_1_408' title='bbox 1927 4143 2083 4197; x_wconf 80' lang='lat' dir='ltr'><strong>oll&#39;ert</strong></span> <span class='ocrx_word' id='word_1_409' title='bbox 2118 4145 2191 4197; x_wconf 84' lang='lat' dir='ltr'><strong>si-</strong></span> 
     </span>
    </p>
   </div>
   <div class='ocr_carea' id='block_1_60' title="bbox 646 4234 2188 4304">
    <p class='ocr_par' dir='ltr' id='par_1_60' title="bbox 646 4234 2188 4304">
     <span class='ocr_line' id='line_1_60' title="bbox 646 4234 2188 4304; baseline 0.001 -18"><span class='ocrx_word' id='word_1_410' title='bbox 646 4235 848 4299; x_wconf 85' lang='lat' dir='ltr'><strong>milam,</strong></span> <span class='ocrx_word' id='word_1_411' title='bbox 873 4235 1022 4300; x_wconf 87' lang='lat' dir='ltr'><strong>quasi</strong></span> <span class='ocrx_word' id='word_1_412' title='bbox 1049 4234 1261 4288; x_wconf 86' lang='lat' dir='ltr'><strong>suillum</strong></span> <span class='ocrx_word' id='word_1_413' title='bbox 1293 4236 1601 4301; x_wconf 78' lang='lat' dir='ltr'><strong>sanguinem</strong></span> <span class='ocrx_word' id='word_1_414' title='bbox 1631 4253 1644 4288; x_wconf 89' lang='lat'><strong>:</strong></span> <span class='ocrx_word' id='word_1_415' title='bbox 1677 4235 1765 4304; x_wconf 91' lang='lat' dir='ltr'><strong>qui</strong></span> <span class='ocrx_word' id='word_1_416' title='bbox 1796 4237 1886 4287; x_wconf 88' lang='lat' dir='ltr'><strong>dat</strong></span> <span class='ocrx_word' id='word_1_417' title='bbox 1917 4236 2188 4289; x_wconf 84' lang='lat' dir='ltr'><strong>incensqu</strong></span> 
     </span>
    </p>
   </div>
   <div class='ocr_carea' id='block_1_61' title="bbox 649 4325 2191 4395">
    <p class='ocr_par' dir='ltr' id='par_1_61' title="bbox 649 4325 2191 4395">
     <span class='ocr_line' id='line_1_61' title="bbox 649 4325 2191 4395; baseline 0.002 -18"><span class='ocrx_word' id='word_1_418' title='bbox 649 4326 701 4377; x_wconf 89' lang='lat' dir='ltr'><strong>in</strong></span> <span class='ocrx_word' id='word_1_419' title='bbox 734 4325 1060 4387; x_wconf 89' lang='lat' dir='ltr'><strong>memoriam,</strong></span> <span class='ocrx_word' id='word_1_420' title='bbox 1105 4327 1254 4393; x_wconf 88' lang='lat' dir='ltr'><strong>quasi</strong></span> <span class='ocrx_word' id='word_1_421' title='bbox 1287 4325 1652 4395; x_wconf 87' lang='lat' dir='ltr'><strong>blasphemus.</strong></span> <span class='ocrx_word' id='word_1_422' title='bbox 1685 4325 1750 4378; x_wconf 86' lang='lat' dir='ltr'><strong>Et</strong></span> <span class='ocrx_word' id='word_1_423' title='bbox 1782 4326 1883 4394; x_wconf 92' lang='lat' dir='ltr'><strong>ipsi</strong></span> <span class='ocrx_word' id='word_1_424' title='bbox 1916 4327 2191 4395; x_wconf 78' lang='lat' dir='ltr'><strong>elegerunt</strong></span> 
     </span>
    </p>
   </div>
   <div class='ocr_carea' id='block_1_62' title="bbox 2292 1879 3850 1950">
    <p class='ocr_par' dir='ltr' id='par_1_62' title="bbox 2292 1879 3850 1950">
     <span class='ocr_line' id='line_1_62' title="bbox 2292 1879 3850 1950; baseline -0.001 -15"><span class='ocrx_word' id='word_1_425' title='bbox 2292 1883 2425 1935; x_wconf 80' lang='grc' dir='ltr'>λέων</span> <span class='ocrx_word' id='word_1_426' title='bbox 2459 1882 2533 1944; x_wconf 86' lang='grc' dir='ltr'>ὼς</span> <span class='ocrx_word' id='word_1_427' title='bbox 2564 1881 2684 1950; x_wconf 82' lang='grc' dir='ltr'>βοῦς</span> <span class='ocrx_word' id='word_1_428' title='bbox 2722 1881 2950 1948; x_wconf 78' lang='grc' dir='ltr'>φάγεται</span> <span class='ocrx_word' id='word_1_429' title='bbox 2973 1881 3165 1950; x_wconf 85' lang='grc' dir='ltr'>ἄχυρα,</span> <span class='ocrx_word' id='word_1_430' title='bbox 3199 1879 3322 1948; x_wconf 82' lang='grc' dir='ltr'>ὄφις</span> <span class='ocrx_word' id='word_1_431' title='bbox 3351 1879 3407 1932; x_wconf 87' lang='grc' dir='ltr'><strong>δέ</strong></span> <span class='ocrx_word' id='word_1_432' title='bbox 3437 1879 3540 1949; x_wconf 79' lang='grc' dir='ltr'><strong>γῆν</strong></span> <span class='ocrx_word' id='word_1_433' title='bbox 3563 1879 3637 1942; x_wconf 84' lang='grc' dir='ltr'>ὡς</span> <span class='ocrx_word' id='word_1_434' title='bbox 3667 1880 3850 1949; x_wconf 81' lang='grc' dir='ltr'>ἄρτον.</span> 
     </span>
    </p>
   </div>
   <div class='ocr_carea' id='block_1_63' title="bbox 2293 1969 3852 2043">
    <p class='ocr_par' dir='ltr' id='par_1_63' title="bbox 2293 1969 3852 2043">
     <span class='ocr_line' id='line_1_63' title="bbox 2293 1969 3852 2043; baseline -0.004 -17"><span class='ocrx_word' id='word_1_435' title='bbox 2293 1975 2405 2026; x_wconf 72' lang='grc' dir='ltr'>Οὐκ</span> <span class='ocrx_word' id='word_1_436' title='bbox 2437 1973 2795 2043; x_wconf 82' lang='grc' dir='ltr'>ἀδικήσουσιν,</span> <span class='ocrx_word' id='word_1_437' title='bbox 2841 1971 2958 2023; x_wconf 80' lang='grc' dir='ltr'><strong>οὐδέ</strong></span> <span class='ocrx_word' id='word_1_438' title='bbox 2989 1970 3345 2041; x_wconf 81' lang='grc' dir='ltr'>λυμανοῦνται</span> <span class='ocrx_word' id='word_1_439' title='bbox 3389 1969 3482 2021; x_wconf 74' lang='grc' dir='ltr'><strong>ἐπὶ</strong></span> <span class='ocrx_word' id='word_1_440' title='bbox 3523 1969 3601 2040; x_wconf 81' lang='grc' dir='ltr'><strong>τῷ</strong></span> <span class='ocrx_word' id='word_1_441' title='bbox 3631 1969 3749 2041; x_wconf 75' lang='grc' dir='ltr'>δρει</span> <span class='ocrx_word' id='word_1_442' title='bbox 3773 1969 3852 2039; x_wconf 82' lang='grc' dir='ltr'>τῷ</span> 
     </span>
    </p>
   </div>
   <div class='ocr_carea' id='block_1_64' title="bbox 2291 2059 3842 2132">
    <p class='ocr_par' dir='ltr' id='par_1_64' title="bbox 2291 2059 3842 2132">
     <span class='ocr_line' id='line_1_64' title="bbox 2291 2059 3842 2132; baseline -0.002 -17"><span class='ocrx_word' id='word_1_443' title='bbox 2291 2065 2430 2131; x_wconf 76' lang='grc' dir='ltr'>ἁγίῳ</span> <span class='ocrx_word' id='word_1_444' title='bbox 2462 2080 2581 2132; x_wconf 85' lang='grc' dir='ltr'>μου,</span> <span class='ocrx_word' id='word_1_445' title='bbox 2627 2061 2773 2128; x_wconf 85' lang='grc' dir='ltr'>λέγει</span> <span class='ocrx_word' id='word_1_446' title='bbox 2805 2062 3024 2132; x_wconf 84' lang='grc' dir='ltr'>Κύριος.</span> <span class='ocrx_word' id='word_1_447' title='bbox 3066 2081 3082 2111; x_wconf 76' lang='grc' dir='ltr'><strong>ι</strong></span> <span class='ocrx_word' id='word_1_448' title='bbox 3119 2063 3188 2113; x_wconf 82' lang='grc' dir='ltr'><strong>Οί-</strong></span> <span class='ocrx_word' id='word_1_449' title='bbox 3226 2059 3332 2132; x_wconf 90' lang='grc' dir='ltr'><strong>γάρ</strong></span> <span class='ocrx_word' id='word_1_450' title='bbox 3384 2060 3644 2130; x_wconf 80' lang='grc' dir='ltr'>πρότερον</span> <span class='ocrx_word' id='word_1_451' title='bbox 3676 2061 3842 2130; x_wconf 67' lang='lat' dir='ltr'><strong>iiva</strong></span> 
     </span>
    </p>
   </div>
   <div class='ocr_carea' id='block_1_65' title="bbox 2293 2150 3852 2222">
    <p class='ocr_par' dir='ltr' id='par_1_65' title="bbox 2293 2150 3852 2222">
     <span class='ocr_line' id='line_1_65' title="bbox 2293 2150 3852 2222; baseline -0.002 -17"><span class='ocrx_word' id='word_1_452' title='bbox 2293 2155 2466 2205; x_wconf 71' lang='grc' dir='ltr'>κτικοὶ</span> <span class='ocrx_word' id='word_1_453' title='bbox 2493 2154 2582 2206; x_wconf 75' lang='grc' dir='ltr'><strong>καὶ</strong></span> <span class='ocrx_word' id='word_1_454' title='bbox 2597 2150 2895 2222; x_wconf 87' lang='grc' dir='ltr'>θηριώδεις,</span> <span class='ocrx_word' id='word_1_455' title='bbox 2914 2152 2986 2214; x_wconf 82' lang='grc' dir='ltr'>ὡς</span> <span class='ocrx_word' id='word_1_456' title='bbox 3009 2151 3190 2214; x_wconf 79' lang='grc' dir='ltr'>λύκοις</span> <span class='ocrx_word' id='word_1_457' title='bbox 3206 2151 3662 2221; x_wconf 82' lang='grc' dir='ltr'>παραϐάλλεσθαι,</span> <span class='ocrx_word' id='word_1_458' title='bbox 3683 2167 3852 2221; x_wconf 87' lang='grc' dir='ltr'>μετα-</span> 
     </span>
    </p>
   </div>
   <div class='ocr_carea' id='block_1_66' title="bbox 2293 2242 3852 2313">
    <p class='ocr_par' dir='ltr' id='par_1_66' title="bbox 2293 2242 3852 2313">
     <span class='ocr_line' id='line_1_66' title="bbox 2293 2242 3852 2313; baseline -0.002 -17"><span class='ocrx_word' id='word_1_459' title='bbox 2293 2243 2602 2313; x_wconf 76' lang='grc' dir='ltr'>ϐαλλόμενοι</span> <span class='ocrx_word' id='word_1_460' title='bbox 2650 2244 2742 2295; x_wconf 82' lang='grc' dir='ltr'><strong>ἐπὶ</strong></span> <span class='ocrx_word' id='word_1_461' title='bbox 2791 2242 2849 2295; x_wconf 87' lang='grc' dir='ltr'><strong>τὸ</strong></span> <span class='ocrx_word' id='word_1_462' title='bbox 2892 2244 3114 2313; x_wconf 73' lang='grc' dir='ltr'>ἥμερον,</span> <span class='ocrx_word' id='word_1_463' title='bbox 3151 2243 3355 2312; x_wconf 87' lang='grc' dir='ltr'>ἀρνίοις</span> <span class='ocrx_word' id='word_1_464' title='bbox 3387 2242 3479 2295; x_wconf 73' lang='grc' dir='ltr'><strong>καὶ</strong></span> <span class='ocrx_word' id='word_1_465' title='bbox 3513 2242 3694 2311; x_wconf 76' lang='grc' dir='ltr'>βουσὶν</span> <span class='ocrx_word' id='word_1_466' title='bbox 3731 2258 3852 2294; x_wconf 50' lang='grc' dir='ltr'>συν.</span> 
     </span>
    </p>
   </div>
   <div class='ocr_carea' id='block_1_67' title="bbox 2291 2333 3851 2406">
    <p class='ocr_par' dir='ltr' id='par_1_67' title="bbox 2291 2333 3851 2406">
     <span class='ocr_line' id='line_1_67' title="bbox 2291 2333 3851 2406; baseline -0.002 -20"><span class='ocrx_word' id='word_1_467' title='bbox 2291 2334 2627 2406; x_wconf 75' lang='grc' dir='ltr'>ηγελάζοντο,</span> <span class='ocrx_word' id='word_1_468' title='bbox 2658 2333 2733 2395; x_wconf 85' lang='grc' dir='ltr'>ὡς</span> <span class='ocrx_word' id='word_1_469' title='bbox 2757 2334 2883 2403; x_wconf 84' lang='grc' dir='ltr'>μιᾶς</span> <span class='ocrx_word' id='word_1_470' title='bbox 2897 2333 2988 2384; x_wconf 80' lang='grc' dir='ltr'>καὶ</span> <span class='ocrx_word' id='word_1_471' title='bbox 3000 2336 3096 2403; x_wconf 84' lang='grc' dir='ltr'><strong>τῆς</strong></span> <span class='ocrx_word' id='word_1_472' title='bbox 3115 2333 3280 2404; x_wconf 74' lang='grc' dir='ltr'>αὐτῆς</span> <span class='ocrx_word' id='word_1_473' title='bbox 3297 2333 3726 2403; x_wconf 86' lang='grc' dir='ltr'>μεταλαμϐάνειν</span> <span class='ocrx_word' id='word_1_474' title='bbox 3752 2333 3851 2401; x_wconf 82' lang='grc' dir='ltr'>τῆς</span> 
     </span>
    </p>
   </div>
   <div class='ocr_carea' id='block_1_68' title="bbox 2291 2423 3847 2493">
    <p class='ocr_par' dir='ltr' id='par_1_68' title="bbox 2291 2423 3847 2493">
     <span class='ocr_line' id='line_1_68' title="bbox 2291 2423 3847 2493; baseline -0.003 -14"><span class='ocrx_word' id='word_1_475' title='bbox 2291 2425 2397 2480; x_wconf 80' lang='grc' dir='ltr'><strong>ἀπὸ</strong></span> <span class='ocrx_word' id='word_1_476' title='bbox 2429 2424 2533 2476; x_wconf 90' lang='grc' dir='ltr'><strong>τῶν</strong></span> <span class='ocrx_word' id='word_1_477' title='bbox 2581 2423 2737 2475; x_wconf 80' lang='grc' dir='ltr'>θείων</span> <span class='ocrx_word' id='word_1_478' title='bbox 2780 2424 3218 2493; x_wconf 79' lang='grc' dir='ltr'>ἀναγνωσμάτων</span> <span class='ocrx_word' id='word_1_479' title='bbox 3261 2423 3481 2492; x_wconf 77' lang='grc' dir='ltr'>λογικῆς</span> <span class='ocrx_word' id='word_1_480' title='bbox 3522 2424 3748 2493; x_wconf 77' lang='grc' dir='ltr'>τροφῆς.</span> <span class='ocrx_word' id='word_1_481' title='bbox 3784 2423 3847 2475; x_wconf 79' lang='lat' dir='ltr'><strong>Ol</strong></span> 
     </span>
    </p>
   </div>
   <div class='ocr_carea' id='block_1_69' title="bbox 2291 2513 3850 2586">
    <p class='ocr_par' dir='ltr' id='par_1_69' title="bbox 2291 2513 3850 2586">
     <span class='ocr_line' id='line_1_69' title="bbox 2291 2513 3850 2586; baseline -0.002 -16"><span class='ocrx_word' id='word_1_482' title='bbox 2291 2517 2346 2570; x_wconf 81' lang='grc' dir='ltr'>δὲ</span> <span class='ocrx_word' id='word_1_483' title='bbox 2391 2518 2499 2579; x_wconf 82' lang='grc' dir='ltr'>τοῖς</span> <span class='ocrx_word' id='word_1_484' title='bbox 2542 2514 2760 2586; x_wconf 89' lang='grc' dir='ltr'>τρόποις</span> <span class='ocrx_word' id='word_1_485' title='bbox 2807 2515 3031 2567; x_wconf 86' lang='grc' dir='ltr'>λεόντων</span> <span class='ocrx_word' id='word_1_486' title='bbox 3072 2515 3219 2568; x_wconf 76' lang='grc' dir='ltr'>οὐδὲν</span> <span class='ocrx_word' id='word_1_487' title='bbox 3259 2515 3633 2584; x_wconf 71' lang='grc' dir='ltr'>διαφέροντες,</span> <span class='ocrx_word' id='word_1_488' title='bbox 3669 2513 3850 2567; x_wconf 77' lang='grc' dir='ltr'>οὐκέτι</span> 
     </span>
    </p>
   </div>
   <div class='ocr_carea' id='block_1_70' title="bbox 2292 2600 3874 2676">
    <p class='ocr_par' dir='ltr' id='par_1_70' title="bbox 2292 2600 3874 2676">
     <span class='ocr_line' id='line_1_70' title="bbox 2292 2600 3874 2676; baseline -0.004 -17"><span class='ocrx_word' id='word_1_489' title='bbox 2292 2605 2674 2676; x_wconf 80' lang='grc' dir='ltr'>σαρκοφάγοις,</span> <span class='ocrx_word' id='word_1_490' title='bbox 2705 2604 2829 2657; x_wconf 84' lang='grc' dir='ltr'><strong>ούδέ</strong></span> <span class='ocrx_word' id='word_1_491' title='bbox 2864 2602 3166 2674; x_wconf 69' lang='grc' dir='ltr'>ὠμοϐόροις</span> <span class='ocrx_word' id='word_1_492' title='bbox 3192 2602 3384 2673; x_wconf 76' lang='grc' dir='ltr'>θηρσὶν</span> <span class='ocrx_word' id='word_1_493' title='bbox 3412 2605 3665 2665; x_wconf 83' lang='grc' dir='ltr'>ἐοικότες,</span> <span class='ocrx_word' id='word_1_494' title='bbox 3695 2600 3834 2671; x_wconf 63' lang='grc' dir='ltr'>δίκην</span> <span class='ocrx_word' id='word_1_495' title='bbox 3863 2642 3874 2652; x_wconf 94' lang='grc'><strong>.</strong></span> 
     </span>
    </p>
   </div>
   <div class='ocr_carea' id='block_1_71' title="bbox 2293 2691 3851 2766">
    <p class='ocr_par' dir='ltr' id='par_1_71' title="bbox 2293 2691 3851 2766">
     <span class='ocr_line' id='line_1_71' title="bbox 2293 2691 3851 2766; baseline -0.004 -17"><span class='ocrx_word' id='word_1_496' title='bbox 2293 2697 2429 2764; x_wconf 81' lang='grc' dir='ltr'>βοῶν</span> <span class='ocrx_word' id='word_1_497' title='bbox 2459 2697 2550 2749; x_wconf 72' lang='grc' dir='ltr'><strong>καὶ</strong></span> <span class='ocrx_word' id='word_1_498' title='bbox 2570 2697 2720 2749; x_wconf 77' lang='grc' dir='ltr'>αὐτοὶ</span> <span class='ocrx_word' id='word_1_499' title='bbox 2744 2695 2842 2766; x_wconf 84' lang='grc' dir='ltr'>τὴν</span> <span class='ocrx_word' id='word_1_500' title='bbox 2871 2694 2977 2747; x_wconf 81' lang='grc' dir='ltr'><strong>ἀπὸ</strong></span> <span class='ocrx_word' id='word_1_501' title='bbox 3000 2695 3099 2763; x_wconf 76' lang='grc' dir='ltr'>τῆς</span> <span class='ocrx_word' id='word_1_502' title='bbox 3127 2693 3308 2746; x_wconf 83' lang='grc' dir='ltr'>ἐνθέου</span> <span class='ocrx_word' id='word_1_503' title='bbox 3335 2692 3676 2756; x_wconf 85' lang='grc' dir='ltr'>διδασκαλίας</span> <span class='ocrx_word' id='word_1_504' title='bbox 3714 2691 3851 2747; x_wconf 80' lang='grc' dir='ltr'>πόαν</span> 
     </span>
    </p>
   </div>
   <div class='ocr_carea' id='block_1_72' title="bbox 2290 2779 3850 2858">
    <p class='ocr_par' dir='ltr' id='par_1_72' title="bbox 2290 2779 3850 2858">
     <span class='ocr_line' id='line_1_72' title="bbox 2290 2779 3850 2858; baseline -0.004 -19"><span class='ocrx_word' id='word_1_505' title='bbox 2290 2787 2495 2858; x_wconf 66' lang='grc' dir='ltr'>ἤσθιον.</span> <span class='ocrx_word' id='word_1_506' title='bbox 2552 2787 2660 2840; x_wconf 73' lang='grc' dir='ltr'><strong>Καὶ</strong></span> <span class='ocrx_word' id='word_1_507' title='bbox 2691 2787 2720 2838; x_wconf 99' lang='lat'><strong>6</strong></span> <span class='ocrx_word' id='word_1_508' title='bbox 2758 2785 2922 2837; x_wconf 86' lang='grc' dir='ltr'>πάλαι</span> <span class='ocrx_word' id='word_1_509' title='bbox 2949 2783 3012 2854; x_wconf 79' lang='grc' dir='ltr'>δὴ</span> <span class='ocrx_word' id='word_1_510' title='bbox 3049 2785 3309 2854; x_wconf 83' lang='grc' dir='ltr'>πρότερον</span> <span class='ocrx_word' id='word_1_511' title='bbox 3338 2782 3592 2852; x_wconf 83' lang='grc' dir='ltr'>ὀφιώδης,</span> <span class='ocrx_word' id='word_1_512' title='bbox 3622 2781 3717 2835; x_wconf 76' lang='grc' dir='ltr'><strong>καὶ</strong></span> <span class='ocrx_word' id='word_1_513' title='bbox 3769 2779 3850 2836; x_wconf 70' lang='lat' dir='ltr'><strong>inii</strong></span> 
     </span>
    </p>
   </div>
   <div class='ocr_carea' id='block_1_73' title="bbox 2295 2872 3850 2950">
    <p class='ocr_par' dir='ltr' id='par_1_73' title="bbox 2295 2872 3850 2950">
     <span class='ocr_line' id='line_1_73' title="bbox 2295 2872 3850 2950; baseline -0.001 -20"><span class='ocrx_word' id='word_1_514' title='bbox 2295 2881 2487 2950; x_wconf 74' lang='grc' dir='ltr'>μεστὸς</span> <span class='ocrx_word' id='word_1_515' title='bbox 2537 2879 2693 2949; x_wconf 77' lang='grc' dir='ltr'>ἀνὴρ,</span> <span class='ocrx_word' id='word_1_516' title='bbox 2726 2876 3037 2938; x_wconf 85' lang='grc' dir='ltr'>ἀποπτύσας</span> <span class='ocrx_word' id='word_1_517' title='bbox 3077 2875 3176 2946; x_wconf 80' lang='grc' dir='ltr'>τὴν</span> <span class='ocrx_word' id='word_1_518' title='bbox 3217 2878 3275 2928; x_wconf 90' lang='grc' dir='ltr'><strong>ἐν</strong></span> <span class='ocrx_word' id='word_1_519' title='bbox 3324 2873 3470 2943; x_wconf 80' lang='grc' dir='ltr'>αύτῷ</span> <span class='ocrx_word' id='word_1_520' title='bbox 3499 2873 3717 2938; x_wconf 78' lang='grc' dir='ltr'>κακίαν,</span> <span class='ocrx_word' id='word_1_521' title='bbox 3758 2872 3850 2928; x_wconf 69' lang='grc' dir='ltr'>τδν</span> 
     </span>
    </p>
   </div>
   <div class='ocr_carea' id='block_1_74' title="bbox 2293 2963 3850 3041">
    <p class='ocr_par' dir='ltr' id='par_1_74' title="bbox 2293 2963 3850 3041">
     <span class='ocr_line' id='line_1_74' title="bbox 2293 2963 3850 3041; baseline -0.004 -19"><span class='ocrx_word' id='word_1_522' title='bbox 2293 2970 2454 3041; x_wconf 82' lang='grc' dir='ltr'>ἄρτον</span> <span class='ocrx_word' id='word_1_523' title='bbox 2476 2969 2722 3038; x_wconf 83' lang='grc' dir='ltr'>φάγεται,</span> <span class='ocrx_word' id='word_1_524' title='bbox 2753 2969 2922 3038; x_wconf 79' lang='grc' dir='ltr'>τροφῇ</span> <span class='ocrx_word' id='word_1_525' title='bbox 2946 2967 3136 3036; x_wconf 78' lang='grc' dir='ltr'>λογικῇ</span> <span class='ocrx_word' id='word_1_526' title='bbox 3169 2965 3261 3019; x_wconf 77' lang='grc' dir='ltr'>καὶ</span> <span class='ocrx_word' id='word_1_527' title='bbox 3298 2964 3612 3036; x_wconf 79' lang='grc' dir='ltr'>ἀνθρωπίνῃ</span> <span class='ocrx_word' id='word_1_528' title='bbox 3637 2963 3850 3036; x_wconf 73' lang='grc' dir='ltr'>χρώμερ</span> 
     </span>
    </p>
   </div>
   <div class='ocr_carea' id='block_1_75' title="bbox 2293 3053 3849 3132">
    <p class='ocr_par' dir='ltr' id='par_1_75' title="bbox 2293 3053 3849 3132">
     <span class='ocr_line' id='line_1_75' title="bbox 2293 3053 3849 3132; baseline -0.003 -21"><span class='ocrx_word' id='word_1_529' title='bbox 2293 3077 2400 3123; x_wconf 85' lang='grc' dir='ltr'>νος,</span> <span class='ocrx_word' id='word_1_530' title='bbox 2432 3059 2546 3112; x_wconf 79' lang='grc' dir='ltr'>ἀνθ’</span> <span class='ocrx_word' id='word_1_531' title='bbox 2572 3055 2638 3132; x_wconf 77' lang='grc' dir='ltr'>ἧς</span> <span class='ocrx_word' id='word_1_532' title='bbox 2663 3058 2815 3128; x_wconf 76' lang='grc' dir='ltr'>ἦσθιε</span> <span class='ocrx_word' id='word_1_533' title='bbox 2858 3058 3118 3129; x_wconf 82' lang='grc' dir='ltr'>πρότερον</span> <span class='ocrx_word' id='word_1_534' title='bbox 3153 3058 3274 3125; x_wconf 77' lang='grc' dir='ltr'>γῆς.</span> <span class='ocrx_word' id='word_1_535' title='bbox 3314 3053 3468 3107; x_wconf 78' lang='grc' dir='ltr'>Οὕτω</span> <span class='ocrx_word' id='word_1_536' title='bbox 3500 3055 3562 3108; x_wconf 90' lang='grc' dir='ltr'>δὲ</span> <span class='ocrx_word' id='word_1_537' title='bbox 3603 3056 3652 3107; x_wconf 85' lang='grc' dir='ltr'>οι</span> <span class='ocrx_word' id='word_1_538' title='bbox 3687 3054 3849 3125; x_wconf 78' lang='grc' dir='ltr'>θῆρες</span> 
     </span>
    </p>
   </div>
   <div class='ocr_carea' id='block_1_76' title="bbox 2296 3145 3848 3221">
    <p class='ocr_par' dir='ltr' id='par_1_76' title="bbox 2296 3145 3848 3221">
     <span class='ocr_line' id='line_1_76' title="bbox 2296 3145 3848 3221; baseline -0.003 -17"><span class='ocrx_word' id='word_1_539' title='bbox 2296 3147 2438 3204; x_wconf 73' lang='grc' dir='ltr'>οὗτοι</span> <span class='ocrx_word' id='word_1_540' title='bbox 2497 3149 3015 3221; x_wconf 78' lang='grc' dir='ltr'>ἐξημερωθήσονται,</span> <span class='ocrx_word' id='word_1_541' title='bbox 3066 3148 3142 3210; x_wconf 88' lang='grc' dir='ltr'><strong>ὡς</strong></span> <span class='ocrx_word' id='word_1_542' title='bbox 3193 3147 3392 3218; x_wconf 80' lang='grc' dir='ltr'>μηδένα</span> <span class='ocrx_word' id='word_1_543' title='bbox 3444 3147 3669 3215; x_wconf 78' lang='grc' dir='ltr'>ἀδικεῖν,</span> <span class='ocrx_word' id='word_1_544' title='bbox 3716 3145 3848 3218; x_wconf 69' lang='grc' dir='ltr'>μηδὲ</span> 
     </span>
    </p>
   </div>
   <div class='ocr_carea' id='block_1_77' title="bbox 2295 3236 3450 3314">
    <p class='ocr_par' dir='ltr' id='par_1_77' title="bbox 2295 3236 3450 3314">
     <span class='ocr_line' id='line_1_77' title="bbox 2295 3236 3450 3314; baseline -0.005 -18"><span class='ocrx_word' id='word_1_545' title='bbox 2295 3241 2637 3314; x_wconf 80' lang='grc' dir='ltr'>λυμαίνεσθαί</span> <span class='ocrx_word' id='word_1_546' title='bbox 2663 3257 2813 3304; x_wconf 84' lang='grc' dir='ltr'>τινας</span> <span class='ocrx_word' id='word_1_547' title='bbox 2833 3242 2889 3293; x_wconf 82' lang='grc' dir='ltr'><strong>ἐν</strong></span> <span class='ocrx_word' id='word_1_548' title='bbox 2920 3238 2996 3310; x_wconf 82' lang='grc' dir='ltr'><strong>τῷ</strong></span> <span class='ocrx_word' id='word_1_549' title='bbox 3027 3239 3142 3313; x_wconf 77' lang='grc' dir='ltr'>ὄρει</span> <span class='ocrx_word' id='word_1_550' title='bbox 3179 3239 3271 3292; x_wconf 86' lang='grc' dir='ltr'><strong>τοῦ</strong></span> <span class='ocrx_word' id='word_1_551' title='bbox 3293 3236 3450 3291; x_wconf 89' lang='grc' dir='ltr'>Θεοῦ.</span> 
     </span>
    </p>
   </div>
   <div class='ocr_carea' id='block_1_78' title="bbox 2791 3392 3375 3462">
    <p class='ocr_par' dir='ltr' id='par_1_78' title="bbox 2791 3392 3375 3462">
     <span class='ocr_line' id='line_1_78' title="bbox 2791 3392 3375 3462; baseline -0.003 -10"><span class='ocrx_word' id='word_1_552' title='bbox 2791 3396 3182 3452; x_wconf 70' lang='grc' dir='ltr'>κεφΑΑΑιυΝ</span> <span class='ocrx_word' id='word_1_553' title='bbox 3239 3392 3375 3462; x_wconf 67' lang='lat' dir='ltr'><strong>scr.</strong></span> 
     </span>
    </p>
   </div>
   <div class='ocr_carea' id='block_1_79' title="bbox 2367 3506 3849 3580">
    <p class='ocr_par' dir='ltr' id='par_1_79' title="bbox 2367 3506 3849 3580">
     <span class='ocr_line' id='line_1_79' title="bbox 2367 3506 3849 3580; baseline -0.001 -19"><span class='ocrx_word' id='word_1_554' title='bbox 2367 3529 2386 3561; x_wconf 76' lang='grc' dir='ltr'><strong>ι</strong></span> <span class='ocrx_word' id='word_1_555' title='bbox 2419 3509 2601 3572; x_wconf 70' lang='grc' dir='ltr'>Οὕτως</span> <span class='ocrx_word' id='word_1_556' title='bbox 2625 3508 2768 3577; x_wconf 80' lang='grc' dir='ltr'>λέγει</span> <span class='ocrx_word' id='word_1_557' title='bbox 2793 3508 3014 3580; x_wconf 86' lang='grc' dir='ltr'>Κύριος·</span> <span class='ocrx_word' id='word_1_558' title='bbox 3055 3510 3111 3563; x_wconf 87' lang='grc' dir='ltr'>Ὀ</span> <span class='ocrx_word' id='word_1_559' title='bbox 3137 3507 3359 3580; x_wconf 70' lang='grc' dir='ltr'>οὐρανός</span> <span class='ocrx_word' id='word_1_560' title='bbox 3389 3523 3489 3577; x_wconf 90' lang='grc' dir='ltr'><strong>μου</strong></span> <span class='ocrx_word' id='word_1_561' title='bbox 3520 3506 3729 3580; x_wconf 80' lang='grc' dir='ltr'>θρόνος,</span> <span class='ocrx_word' id='word_1_562' title='bbox 3755 3507 3849 3562; x_wconf 76' lang='grc' dir='ltr'>καὶ</span> 
     </span>
    </p>
   </div>
   <div class='ocr_carea' id='block_1_80' title="bbox 2292 3592 3848 3669">
    <p class='ocr_par' dir='ltr' id='par_1_80' title="bbox 2292 3592 3848 3669">
     <span class='ocr_line' id='line_1_80' title="bbox 2292 3592 3848 3669; baseline 0.002 -19"><span class='ocrx_word' id='word_1_563' title='bbox 2292 3601 2326 3669; x_wconf 82' lang='grc' dir='ltr'>ὴ</span> <span class='ocrx_word' id='word_1_564' title='bbox 2358 3599 2430 3668; x_wconf 84' lang='grc' dir='ltr'>γῆ</span> <span class='ocrx_word' id='word_1_565' title='bbox 2464 3599 2745 3655; x_wconf 80' lang='grc' dir='ltr'>ὑποπόδιον</span> <span class='ocrx_word' id='word_1_566' title='bbox 2777 3599 2885 3651; x_wconf 88' lang='grc' dir='ltr'><strong>τῶν</strong></span> <span class='ocrx_word' id='word_1_567' title='bbox 2914 3599 3089 3652; x_wconf 83' lang='grc' dir='ltr'>ποδῶν</span> <span class='ocrx_word' id='word_1_568' title='bbox 3125 3617 3248 3669; x_wconf 87' lang='grc' dir='ltr'>μου.</span> <span class='ocrx_word' id='word_1_569' title='bbox 3281 3599 3438 3651; x_wconf 86' lang='grc' dir='ltr'>Ποῖον</span> <span class='ocrx_word' id='word_1_570' title='bbox 3467 3592 3615 3653; x_wconf 74' lang='grc' dir='ltr'>οἷκον</span> <span class='ocrx_word' id='word_1_571' title='bbox 3646 3598 3848 3652; x_wconf 76' lang='grc' dir='ltr'>οίκοδοο</span> 
     </span>
    </p>
   </div>
   <div class='ocr_carea' id='block_1_81' title="bbox 2297 3687 3848 3762">
    <p class='ocr_par' dir='ltr' id='par_1_81' title="bbox 2297 3687 3848 3762">
     <span class='ocr_line' id='line_1_81' title="bbox 2297 3687 3848 3762; baseline -0.001 -19"><span class='ocrx_word' id='word_1_572' title='bbox 2297 3692 2495 3762; x_wconf 77' lang='grc' dir='ltr'>μήσετέ</span> <span class='ocrx_word' id='word_1_573' title='bbox 2528 3709 2615 3762; x_wconf 91' lang='grc' dir='ltr'><strong>μοι</strong></span> <span class='ocrx_word' id='word_1_574' title='bbox 2639 3707 2653 3754; x_wconf 91' lang='grc'>;</span> <span class='ocrx_word' id='word_1_575' title='bbox 2686 3693 2776 3743; x_wconf 72' lang='grc' dir='ltr'>καὶ</span> <span class='ocrx_word' id='word_1_576' title='bbox 2803 3694 2950 3753; x_wconf 84' lang='grc' dir='ltr'>ποῖος</span> <span class='ocrx_word' id='word_1_577' title='bbox 2971 3691 3132 3754; x_wconf 85' lang='grc' dir='ltr'>τόπος</span> <span class='ocrx_word' id='word_1_578' title='bbox 3157 3691 3257 3760; x_wconf 83' lang='grc' dir='ltr'>τῆς</span> <span class='ocrx_word' id='word_1_579' title='bbox 3286 3687 3681 3752; x_wconf 79' lang='grc' dir='ltr'>καταπαύσεώς</span> <span class='ocrx_word' id='word_1_580' title='bbox 3713 3706 3848 3758; x_wconf 86' lang='grc' dir='ltr'>μου;</span> 
     </span>
    </p>
   </div>
   <div class='ocr_carea' id='block_1_82' title="bbox 2293 3776 3852 3850">
    <p class='ocr_par' dir='ltr' id='par_1_82' title="bbox 2293 3776 3852 3850">
     <span class='ocr_line' id='line_1_82' title="bbox 2293 3776 3852 3850; baseline -0.002 -18"><span class='ocrx_word' id='word_1_581' title='bbox 2293 3781 2475 3832; x_wconf 77' lang='grc' dir='ltr'>Πάντα</span> <span class='ocrx_word' id='word_1_582' title='bbox 2516 3780 2623 3850; x_wconf 85' lang='grc' dir='ltr'>γὰρ</span> <span class='ocrx_word' id='word_1_583' title='bbox 2667 3777 2838 3832; x_wconf 88' lang='grc' dir='ltr'>ταῦτα</span> <span class='ocrx_word' id='word_1_584' title='bbox 2885 3778 3136 3848; x_wconf 83' lang='grc' dir='ltr'>ἐποίησεν</span> <span class='ocrx_word' id='word_1_585' title='bbox 3176 3779 3209 3848; x_wconf 80' lang='grc' dir='ltr'>ἡ</span> <span class='ocrx_word' id='word_1_586' title='bbox 3253 3778 3372 3848; x_wconf 85' lang='grc' dir='ltr'>χείρ</span> <span class='ocrx_word' id='word_1_587' title='bbox 3409 3793 3529 3848; x_wconf 90' lang='grc' dir='ltr'>μου,</span> <span class='ocrx_word' id='word_1_588' title='bbox 3575 3776 3670 3829; x_wconf 76' lang='grc' dir='ltr'>καὶ</span> <span class='ocrx_word' id='word_1_589' title='bbox 3709 3777 3852 3831; x_wconf 80' lang='grc' dir='ltr'>ἐστιν</span> 
     </span>
    </p>
   </div>
   <div class='ocr_carea' id='block_1_83' title="bbox 2292 3865 3851 3942">
    <p class='ocr_par' dir='ltr' id='par_1_83' title="bbox 2292 3865 3851 3942">
     <span class='ocr_line' id='line_1_83' title="bbox 2292 3865 3851 3942; baseline -0.001 -19"><span class='ocrx_word' id='word_1_590' title='bbox 2292 3873 2397 3941; x_wconf 76' lang='grc' dir='ltr'>ἐμὰ</span> <span class='ocrx_word' id='word_1_591' title='bbox 2434 3873 2609 3925; x_wconf 74' lang='grc' dir='ltr'>πάντα</span> <span class='ocrx_word' id='word_1_592' title='bbox 2648 3871 2841 3935; x_wconf 81' lang='grc' dir='ltr'>ταῦτα,</span> <span class='ocrx_word' id='word_1_593' title='bbox 2875 3871 3020 3938; x_wconf 83' lang='grc' dir='ltr'>λέγει</span> <span class='ocrx_word' id='word_1_594' title='bbox 3058 3870 3277 3942; x_wconf 82' lang='grc' dir='ltr'>Κύριος.</span> <span class='ocrx_word' id='word_1_595' title='bbox 3310 3871 3416 3922; x_wconf 75' lang='grc' dir='ltr'>Καὶ</span> <span class='ocrx_word' id='word_1_596' title='bbox 3454 3868 3546 3921; x_wconf 77' lang='grc' dir='ltr'>ἐπὶ</span> <span class='ocrx_word' id='word_1_597' title='bbox 3576 3865 3699 3921; x_wconf 82' lang='grc' dir='ltr'>τίνα</span> <span class='ocrx_word' id='word_1_598' title='bbox 3729 3869 3851 3922; x_wconf 75' lang='grc' dir='ltr'>ἐπι-</span> 
     </span>
    </p>
   </div>
   <div class='ocr_carea' id='block_1_84' title="bbox 2293 3957 3852 4030">
    <p class='ocr_par' dir='ltr' id='par_1_84' title="bbox 2293 3957 3852 4030">
     <span class='ocr_line' id='line_1_84' title="bbox 2293 3957 3852 4030; baseline -0.001 -18"><span class='ocrx_word' id='word_1_599' title='bbox 2293 3962 2489 4030; x_wconf 68' lang='grc' dir='ltr'>ϐλέψω,</span> <span class='ocrx_word' id='word_1_600' title='bbox 2521 3961 2634 4015; x_wconf 81' lang='grc' dir='ltr'>ἀλλ’</span> <span class='ocrx_word' id='word_1_601' title='bbox 2658 3962 2690 4030; x_wconf 81' lang='grc' dir='ltr'><strong>ἢ</strong></span> <span class='ocrx_word' id='word_1_602' title='bbox 2713 3962 2803 4013; x_wconf 72' lang='grc' dir='ltr'><strong>ἐπὶ</strong></span> <span class='ocrx_word' id='word_1_603' title='bbox 2828 3961 2915 4014; x_wconf 82' lang='grc' dir='ltr'><strong>τὸν</strong></span> <span class='ocrx_word' id='word_1_604' title='bbox 2941 3960 3191 4013; x_wconf 84' lang='grc' dir='ltr'>ταπεινὸν</span> <span class='ocrx_word' id='word_1_605' title='bbox 3222 3959 3313 4013; x_wconf 73' lang='grc' dir='ltr'><strong>καὶ</strong></span> <span class='ocrx_word' id='word_1_606' title='bbox 3343 3957 3584 4028; x_wconf 81' lang='grc' dir='ltr'>ἡσύχιον,</span> <span class='ocrx_word' id='word_1_607' title='bbox 3610 3957 3706 4011; x_wconf 74' lang='grc' dir='ltr'><strong>καὶ</strong></span> <span class='ocrx_word' id='word_1_608' title='bbox 3725 3958 3852 4029; x_wconf 86' lang='grc' dir='ltr'>τρέ-</span> 
     </span>
    </p>
   </div>
   <div class='ocr_carea' id='block_1_85' title="bbox 2295 4050 3852 4124">
    <p class='ocr_par' dir='ltr' id='par_1_85' title="bbox 2295 4050 3852 4124">
     <span class='ocr_line' id='line_1_85' title="bbox 2295 4050 3852 4124; baseline -0.002 -18"><span class='ocrx_word' id='word_1_609' title='bbox 2295 4071 2457 4124; x_wconf 87' lang='grc' dir='ltr'>μοντα</span> <span class='ocrx_word' id='word_1_610' title='bbox 2490 4054 2615 4117; x_wconf 79' lang='grc' dir='ltr'>τοὺς</span> <span class='ocrx_word' id='word_1_611' title='bbox 2647 4054 2834 4121; x_wconf 84' lang='grc' dir='ltr'>λόγους</span> <span class='ocrx_word' id='word_1_612' title='bbox 2880 4070 3010 4124; x_wconf 85' lang='grc' dir='ltr'>μου;</span> <span class='ocrx_word' id='word_1_613' title='bbox 3070 4055 3125 4107; x_wconf 90' lang='lat'><strong>&#39;0</strong></span> <span class='ocrx_word' id='word_1_614' title='bbox 3154 4052 3212 4104; x_wconf 84' lang='grc' dir='ltr'>δὲ</span> <span class='ocrx_word' id='word_1_615' title='bbox 3256 4051 3452 4120; x_wconf 86' lang='grc' dir='ltr'>ἄνομος</span> <span class='ocrx_word' id='word_1_616' title='bbox 3493 4052 3522 4102; x_wconf 91' lang='lat'><strong>6</strong></span> <span class='ocrx_word' id='word_1_617' title='bbox 3570 4050 3714 4104; x_wconf 88' lang='grc' dir='ltr'>θύων</span> <span class='ocrx_word' id='word_1_618' title='bbox 3762 4067 3852 4120; x_wconf 81' lang='grc' dir='ltr'><strong>μοι</strong></span> 
     </span>
    </p>
   </div>
   <div class='ocr_carea' id='block_1_86' title="bbox 2295 4145 3852 4216">
    <p class='ocr_par' dir='ltr' id='par_1_86' title="bbox 2295 4145 3852 4216">
     <span class='ocr_line' id='line_1_86' title="bbox 2295 4145 3852 4216; baseline 0.002 -19"><span class='ocrx_word' id='word_1_619' title='bbox 2295 4146 2508 4215; x_wconf 83' lang='grc' dir='ltr'>μόσχον,</span> <span class='ocrx_word' id='word_1_620' title='bbox 2535 4145 2609 4209; x_wconf 83' lang='grc' dir='ltr'>ὡς</span> <span class='ocrx_word' id='word_1_621' title='bbox 2639 4147 2966 4201; x_wconf 76' lang='grc' dir='ltr'>ἀποκτείνων</span> <span class='ocrx_word' id='word_1_622' title='bbox 2991 4146 3127 4201; x_wconf 87' lang='grc' dir='ltr'>κύνα</span> <span class='ocrx_word' id='word_1_623' title='bbox 3147 4163 3160 4178; x_wconf 89' lang='grc'><strong>·</strong></span> <span class='ocrx_word' id='word_1_624' title='bbox 3185 4148 3214 4198; x_wconf 90' lang='grc' dir='ltr'><strong>ό</strong></span> <span class='ocrx_word' id='word_1_625' title='bbox 3239 4147 3293 4200; x_wconf 84' lang='grc' dir='ltr'>δὲ</span> <span class='ocrx_word' id='word_1_626' title='bbox 3317 4145 3604 4216; x_wconf 81' lang='grc' dir='ltr'>ἀναφέρων</span> <span class='ocrx_word' id='word_1_627' title='bbox 3635 4145 3852 4216; x_wconf 63' lang='grc' dir='ltr'>σεμίδα-</span> 
     </span>
    </p>
   </div>
   <div class='ocr_carea' id='block_1_87' title="bbox 2290 4232 3847 4308">
    <p class='ocr_par' dir='ltr' id='par_1_87' title="bbox 2290 4232 3847 4308">
     <span class='ocr_line' id='line_1_87' title="bbox 2290 4232 3847 4308; baseline 0.001 -21"><span class='ocrx_word' id='word_1_628' title='bbox 2290 4235 2390 4302; x_wconf 67' lang='grc' dir='ltr'>λιν,</span> <span class='ocrx_word' id='word_1_629' title='bbox 2423 4232 2662 4308; x_wconf 72' lang='grc' dir='ltr'>ὼς-αἷμα</span> <span class='ocrx_word' id='word_1_630' title='bbox 2687 4238 2849 4290; x_wconf 83' lang='grc' dir='ltr'>ῦειον·</span> <span class='ocrx_word' id='word_1_631' title='bbox 2882 4241 2910 4291; x_wconf 91' lang='lat'><strong>6</strong></span> <span class='ocrx_word' id='word_1_632' title='bbox 2936 4239 3108 4302; x_wconf 77' lang='grc' dir='ltr'>διδοὺς</span> <span class='ocrx_word' id='word_1_633' title='bbox 3137 4237 3349 4292; x_wconf 87' lang='grc' dir='ltr'>λίϐανον</span> <span class='ocrx_word' id='word_1_634' title='bbox 3375 4237 3454 4300; x_wconf 81' lang='grc' dir='ltr'>εις</span> <span class='ocrx_word' id='word_1_635' title='bbox 3487 4233 3847 4308; x_wconf 84' lang='grc' dir='ltr'>μνημόσυνον,</span> 
     </span>
    </p>
   </div>
   <div class='ocr_carea' id='block_1_88' title="bbox 2291 4327 3850 4399">
    <p class='ocr_par' dir='ltr' id='par_1_88' title="bbox 2291 4327 3850 4399">
     <span class='ocr_line' id='line_1_88' title="bbox 2291 4327 3850 4399; baseline 0.004 -23"><span class='ocrx_word' id='word_1_636' title='bbox 2291 4327 2363 4386; x_wconf 78' lang='grc' dir='ltr'>ὡς</span> <span class='ocrx_word' id='word_1_637' title='bbox 2391 4328 2722 4399; x_wconf 78' lang='grc' dir='ltr'>βλάσφημος.</span> <span class='ocrx_word' id='word_1_638' title='bbox 2773 4330 2880 4382; x_wconf 78' lang='grc' dir='ltr'><strong>Καὶ</strong></span> <span class='ocrx_word' id='word_1_639' title='bbox 2912 4330 3064 4382; x_wconf 75' lang='grc' dir='ltr'>αὐτοὶ</span> <span class='ocrx_word' id='word_1_640' title='bbox 3097 4329 3403 4396; x_wconf 77' lang='grc' dir='ltr'>ἐξελέξαντο</span> <span class='ocrx_word' id='word_1_641' title='bbox 3433 4329 3531 4392; x_wconf 82' lang='grc' dir='ltr'>τὰς</span> <span class='ocrx_word' id='word_1_642' title='bbox 3559 4328 3713 4393; x_wconf 80' lang='grc' dir='ltr'>ὁδοὺς</span> <span class='ocrx_word' id='word_1_643' title='bbox 3757 4330 3850 4384; x_wconf 85' lang='grc' dir='ltr'><strong>αὑ-</strong></span> 
     </span>
    </p>
   </div>
   <div class='ocr_carea' id='block_1_89' title="bbox 647 4414 2192 4488">
    <p class='ocr_par' dir='ltr' id='par_1_89' title="bbox 647 4414 2188 4485">
     <span class='ocr_line' id='line_1_89' title="bbox 647 4414 2188 4485; baseline 0.004 -19"><span class='ocrx_word' id='word_1_644' title='bbox 647 4415 762 4468; x_wconf 84' lang='lat' dir='ltr'><strong>vias</strong></span> <span class='ocrx_word' id='word_1_645' title='bbox 794 4428 936 4477; x_wconf 87' lang='lat' dir='ltr'><strong>suas,</strong></span> <span class='ocrx_word' id='word_1_646' title='bbox 971 4423 1023 4467; x_wconf 90' lang='lat' dir='ltr'><strong>et</strong></span> <span class='ocrx_word' id='word_1_647' title='bbox 1051 4414 1471 4469; x_wconf 86' lang='lat' dir='ltr'><strong>abominationes</strong></span> <span class='ocrx_word' id='word_1_648' title='bbox 1508 4417 1741 4485; x_wconf 86' lang='lat' dir='ltr'><strong>ipsorum</strong></span> <span class='ocrx_word' id='word_1_649' title='bbox 1784 4418 1960 4470; x_wconf 89' lang='lat' dir='ltr'><strong>anima</strong></span> <span class='ocrx_word' id='word_1_650' title='bbox 2005 4433 2188 4472; x_wconf 89' lang='lat' dir='ltr'><strong>eorum</strong></span> 
     </span>
    </p>
   </div>
   <div class='ocr_carea' id='block_1_90' title="bbox 2291 4414 3850 4488">
    <p class='ocr_par' dir='ltr' id='par_1_90' title="bbox 2292 4416 3850 4488">
     <span class='ocr_line' id='line_1_90' title="bbox 2292 4416 3850 4488; baseline 0.003 -21"><span class='ocrx_word' id='word_1_651' title='bbox 2292 4418 2416 4480; x_wconf 82' lang='grc' dir='ltr'>τῶν,</span> <span class='ocrx_word' id='word_1_652' title='bbox 2449 4420 2540 4471; x_wconf 80' lang='grc' dir='ltr'>καὶ</span> <span class='ocrx_word' id='word_1_653' title='bbox 2570 4419 2636 4471; x_wconf 73' lang='grc' dir='ltr'><strong>τὰ</strong></span> <span class='ocrx_word' id='word_1_654' title='bbox 2670 4418 3007 4488; x_wconf 86' lang='grc' dir='ltr'>βδελύγματα</span> <span class='ocrx_word' id='word_1_655' title='bbox 3043 4418 3220 4472; x_wconf 79' lang='grc' dir='ltr'>αὐτῶν</span> <span class='ocrx_word' id='word_1_656' title='bbox 3254 4421 3286 4488; x_wconf 88' lang='grc' dir='ltr'>ὴ</span> <span class='ocrx_word' id='word_1_657' title='bbox 3323 4416 3470 4486; x_wconf 77' lang='grc' dir='ltr'><strong>ψυχὴ</strong></span> <span class='ocrx_word' id='word_1_658' title='bbox 3510 4417 3690 4470; x_wconf 84' lang='grc' dir='ltr'>αὐτῶν</span> <span class='ocrx_word' id='word_1_659' title='bbox 3726 4417 3850 4486; x_wconf 72' lang='grc' dir='ltr'>ἠθέ-</span> 
     </span>
    </p>
   </div>
   <div class='ocr_carea' id='block_1_91' title="bbox 649 4504 2194 4576">
    <p class='ocr_par' dir='ltr' id='par_1_91' title="bbox 649 4504 2194 4576">
     <span class='ocr_line' id='line_1_91' title="bbox 649 4504 2194 4576; baseline 0.006 -22"><span class='ocrx_word' id='word_1_660' title='bbox 649 4504 832 4559; x_wconf 76' lang='lat' dir='ltr'><strong>voluit.</strong></span> <span class='ocrx_word' id='word_1_661' title='bbox 855 4523 874 4554; x_wconf 72' lang='grc' dir='ltr'><strong>ι</strong></span> <span class='ocrx_word' id='word_1_662' title='bbox 913 4504 1024 4557; x_wconf 83' lang='lat' dir='ltr'><strong>Non</strong></span> <span class='ocrx_word' id='word_1_663' title='bbox 1053 4505 1196 4559; x_wconf 90' lang='lat' dir='ltr'><strong>enim</strong></span> <span class='ocrx_word' id='word_1_664' title='bbox 1234 4506 1366 4570; x_wconf 84' lang='lat' dir='ltr'><strong>haec,</strong></span> <span class='ocrx_word' id='word_1_665' title='bbox 1405 4507 1600 4576; x_wconf 90' lang='lat' dir='ltr'><strong>inquit,</strong></span> <span class='ocrx_word' id='word_1_666' title='bbox 1642 4507 1892 4562; x_wconf 90' lang='lat' dir='ltr'><strong>voluntas</strong></span> <span class='ocrx_word' id='word_1_667' title='bbox 1929 4524 2068 4573; x_wconf 88' lang='lat' dir='ltr'><strong>mea,</strong></span> <span class='ocrx_word' id='word_1_668' title='bbox 2101 4526 2194 4563; x_wconf 81' lang='lat' dir='ltr'><strong>ne-</strong></span> 
     </span>
    </p>
   </div>
   <div class='ocr_carea' id='block_1_92' title="bbox 647 4595 2194 4670">
    <p class='ocr_par' dir='ltr' id='par_1_92' title="bbox 647 4595 2194 4670">
     <span class='ocr_line' id='line_1_92' title="bbox 647 4595 2194 4670; baseline 0.008 -26"><span class='ocrx_word' id='word_1_669' title='bbox 647 4610 749 4662; x_wconf 90' lang='lat' dir='ltr'><strong>que</strong></span> <span class='ocrx_word' id='word_1_670' title='bbox 782 4609 910 4648; x_wconf 76' lang='lat' dir='ltr'><strong>mea:</strong></span> <span class='ocrx_word' id='word_1_671' title='bbox 959 4595 1255 4662; x_wconf 86' lang='lat' dir='ltr'><strong>lmjusmodi</strong></span> <span class='ocrx_word' id='word_1_672' title='bbox 1291 4599 1409 4662; x_wconf 73' lang='lat' dir='ltr'><strong>vim,</strong></span> <span class='ocrx_word' id='word_1_673' title='bbox 1440 4599 1531 4653; x_wconf 87' lang='lat' dir='ltr'><strong>sed</strong></span> <span class='ocrx_word' id='word_1_674' title='bbox 1574 4599 1640 4653; x_wconf 91' lang='lat' dir='ltr'><strong>ad</strong></span> <span class='ocrx_word' id='word_1_675' title='bbox 1684 4598 1912 4653; x_wconf 89' lang='lat' dir='ltr'><strong>lubitum</strong></span> <span class='ocrx_word' id='word_1_676' title='bbox 1946 4609 1999 4654; x_wconf 89' lang='lat' dir='ltr'><strong>et</strong></span> <span class='ocrx_word' id='word_1_677' title='bbox 2029 4601 2194 4670; x_wconf 86' lang='lat' dir='ltr'><strong>placi-</strong></span> 
     </span>
    </p>
   </div>
   <div class='ocr_carea' id='block_1_93' title="bbox 650 4695 1135 4740">
    <p class='ocr_par' dir='ltr' id='par_1_93' title="bbox 650 4695 1135 4740">
     <span class='ocr_line' id='line_1_93' title="bbox 650 4695 1135 4740; baseline 0.008 -4"><span class='ocrx_word' id='word_1_678' title='bbox 650 4695 757 4736; x_wconf 89' lang='lat' dir='ltr'><strong>tutn</strong></span> <span class='ocrx_word' id='word_1_679' title='bbox 785 4699 966 4739; x_wconf 82' lang='lat' dir='ltr'><strong>eorum</strong></span> <span class='ocrx_word' id='word_1_680' title='bbox 994 4695 1135 4740; x_wconf 75' lang='lat' dir='ltr'><strong>sunt.</strong></span> 
     </span>
    </p>
   </div>
   <div class='ocr_carea' id='block_1_94' title="bbox 722 4773 2198 4848">
    <p class='ocr_par' dir='ltr' id='par_1_94' title="bbox 722 4773 2198 4848">
     <span class='ocr_line' id='line_1_94' title="bbox 722 4773 2198 4848; baseline 0.008 -22"><span class='ocrx_word' id='word_1_681' title='bbox 722 4773 957 4828; x_wconf 54' lang='grc' dir='ltr'>νειμ.</span> <span class='ocrx_word' id='word_1_682' title='bbox 999 4793 1018 4825; x_wconf 77' lang='grc' dir='ltr'><strong>ι</strong></span> <span class='ocrx_word' id='word_1_683' title='bbox 1051 4775 1114 4828; x_wconf 84' lang='grc' dir='ltr'>Ει</span> <span class='ocrx_word' id='word_1_684' title='bbox 1157 4791 1255 4845; x_wconf 83' lang='lat' dir='ltr'><strong>ego</strong></span> <span class='ocrx_word' id='word_1_685' title='bbox 1298 4776 1524 4847; x_wconf 82' lang='lat' dir='ltr'><strong>deligam</strong></span> <span class='ocrx_word' id='word_1_686' title='bbox 1570 4779 1846 4836; x_wconf 90' lang='lat' dir='ltr'><strong>illusiones</strong></span> <span class='ocrx_word' id='word_1_687' title='bbox 1889 4796 2098 4848; x_wconf 89' lang='lat' dir='ltr'><strong>eorum,</strong></span> <span class='ocrx_word' id='word_1_688' title='bbox 2143 4793 2198 4838; x_wconf 87' lang='lat' dir='ltr'><strong>et</strong></span> 
     </span>
    </p>
   </div>
   <div class='ocr_carea' id='block_1_95' title="bbox 648 4867 2189 4938">
    <p class='ocr_par' dir='ltr' id='par_1_95' title="bbox 648 4867 2189 4938">
     <span class='ocr_line' id='line_1_95' title="bbox 648 4867 2189 4938; baseline 0.005 -20"><span class='ocrx_word' id='word_1_689' title='bbox 648 4879 864 4933; x_wconf 84' lang='lat' dir='ltr'><strong>peccata</strong></span> <span class='ocrx_word' id='word_1_690' title='bbox 909 4867 1199 4920; x_wconf 86' lang='lat' dir='ltr'><strong>retribuam</strong></span> <span class='ocrx_word' id='word_1_691' title='bbox 1244 4870 1323 4922; x_wconf 91' lang='lat' dir='ltr'><strong>eis</strong></span> <span class='ocrx_word' id='word_1_692' title='bbox 1359 4886 1372 4922; x_wconf 89' lang='lat'><strong>:</strong></span> <span class='ocrx_word' id='word_1_693' title='bbox 1418 4870 1542 4937; x_wconf 87' lang='lat' dir='ltr'><strong>quia</strong></span> <span class='ocrx_word' id='word_1_694' title='bbox 1580 4875 1762 4925; x_wconf 75' lang='lat' dir='ltr'><strong>vocavi</strong></span> <span class='ocrx_word' id='word_1_695' title='bbox 1826 4887 1956 4938; x_wconf 85' lang='lat' dir='ltr'><strong>eos,</strong></span> <span class='ocrx_word' id='word_1_696' title='bbox 1991 4883 2044 4926; x_wconf 90' lang='lat' dir='ltr'><strong>et</strong></span> <span class='ocrx_word' id='word_1_697' title='bbox 2085 4888 2189 4926; x_wconf 91' lang='lat' dir='ltr'><strong>non</strong></span> 
     </span>
    </p>
   </div>
   <div class='ocr_carea' id='block_1_96' title="bbox 647 4959 2193 5028">
    <p class='ocr_par' dir='ltr' id='par_1_96' title="bbox 647 4959 2193 5028">
     <span class='ocr_line' id='line_1_96' title="bbox 647 4959 2193 5028; baseline 0.006 -19"><span class='ocrx_word' id='word_1_698' title='bbox 647 4959 997 5010; x_wconf 76' lang='lat' dir='ltr'><strong>exaudierunt</strong></span> <span class='ocrx_word' id='word_1_699' title='bbox 1023 4973 1132 5025; x_wconf 87' lang='lat' dir='ltr'><strong>me;</strong></span> <span class='ocrx_word' id='word_1_700' title='bbox 1165 4959 1373 5014; x_wconf 90' lang='lat' dir='ltr'><strong>locutus</strong></span> <span class='ocrx_word' id='word_1_701' title='bbox 1401 4975 1541 5028; x_wconf 88' lang='lat' dir='ltr'><strong>sum,</strong></span> <span class='ocrx_word' id='word_1_702' title='bbox 1568 4972 1622 5016; x_wconf 84' lang='lat' dir='ltr'><strong>et</strong></span> <span class='ocrx_word' id='word_1_703' title='bbox 1648 4979 1751 5018; x_wconf 92' lang='lat' dir='ltr'><strong>non</strong></span> <span class='ocrx_word' id='word_1_704' title='bbox 1781 4965 2067 5019; x_wconf 86' lang='lat' dir='ltr'><strong>audierunt</strong></span> <span class='ocrx_word' id='word_1_705' title='bbox 2094 4983 2106 5018; x_wconf 95' lang='lat'>:</span> <span class='ocrx_word' id='word_1_706' title='bbox 2137 4975 2193 5018; x_wconf 85' lang='lat' dir='ltr'><strong>et</strong></span> 
     </span>
    </p>
   </div>
   <div class='ocr_carea' id='block_1_97' title="bbox 648 5048 2187 5124">
    <p class='ocr_par' dir='ltr' id='par_1_97' title="bbox 648 5048 2187 5124">
     <span class='ocr_line' id='line_1_97' title="bbox 648 5048 2187 5124; baseline 0.006 -24"><span class='ocrx_word' id='word_1_707' title='bbox 648 5049 888 5103; x_wconf 79' lang='lat' dir='ltr'><strong>fecerunt</strong></span> <span class='ocrx_word' id='word_1_708' title='bbox 925 5048 1119 5102; x_wconf 83' lang='lat' dir='ltr'><strong>malum</strong></span> <span class='ocrx_word' id='word_1_709' title='bbox 1150 5049 1201 5102; x_wconf 87' lang='lat' dir='ltr'><strong>in</strong></span> <span class='ocrx_word' id='word_1_710' title='bbox 1225 5063 1510 5121; x_wconf 85' lang='lat' dir='ltr'><strong>conspectu</strong></span> <span class='ocrx_word' id='word_1_711' title='bbox 1537 5068 1673 5117; x_wconf 90' lang='lat' dir='ltr'><strong>meo,</strong></span> <span class='ocrx_word' id='word_1_712' title='bbox 1697 5064 1752 5108; x_wconf 86' lang='lat' dir='ltr'><strong>et</strong></span> <span class='ocrx_word' id='word_1_713' title='bbox 1782 5069 1898 5124; x_wconf 69' lang='lat' dir='ltr'><strong>quae</strong></span> <span class='ocrx_word' id='word_1_714' title='bbox 1942 5055 2187 5110; x_wconf 86' lang='lat' dir='ltr'><strong>nolebant</strong></span> 
     </span>
    </p>
   </div>
   <div class='ocr_carea' id='block_1_98' title="bbox 647 5137 2188 5206">
    <p class='ocr_par' dir='ltr' id='par_1_98' title="bbox 647 5137 2188 5206">
     <span class='ocr_line' id='line_1_98' title="bbox 647 5137 2188 5206; baseline 0.005 -16"><span class='ocrx_word' id='word_1_715' title='bbox 647 5140 980 5206; x_wconf 66' lang='lat' dir='ltr'><strong>elegerunt.»</strong></span> <span class='ocrx_word' id='word_1_716' title='bbox 1025 5137 1367 5203; x_wconf 88' lang='lat' dir='ltr'><strong>Quandonam</strong></span> <span class='ocrx_word' id='word_1_717' title='bbox 1414 5150 1589 5194; x_wconf 89' lang='lat' dir='ltr'><strong>autem</strong></span> <span class='ocrx_word' id='word_1_718' title='bbox 1637 5153 1911 5197; x_wconf 84' lang='lat' dir='ltr'><strong>vocantem</strong></span> <span class='ocrx_word' id='word_1_719' title='bbox 1957 5158 2060 5197; x_wconf 87' lang='lat' dir='ltr'><strong>non</strong></span> <span class='ocrx_word' id='word_1_720' title='bbox 2105 5144 2188 5197; x_wconf 85' lang='lat' dir='ltr'><strong>in-</strong></span> 
     </span>
    </p>
   </div>
   <div class='ocr_carea' id='block_1_99' title="bbox 651 5229 2185 5302">
    <p class='ocr_par' dir='ltr' id='par_1_99' title="bbox 651 5229 2185 5302">
     <span class='ocr_line' id='line_1_99' title="bbox 651 5229 2185 5302; baseline 0.005 -23"><span class='ocrx_word' id='word_1_721' title='bbox 651 5229 1000 5293; x_wconf 78' lang='lat' dir='ltr'><strong>tellexerunt,</strong></span> <span class='ocrx_word' id='word_1_722' title='bbox 1045 5231 1145 5284; x_wconf 90' lang='lat' dir='ltr'><strong>nisi</strong></span> <span class='ocrx_word' id='word_1_723' title='bbox 1189 5231 1401 5299; x_wconf 89' lang='lat' dir='ltr'><strong>quando</strong></span> <span class='ocrx_word' id='word_1_724' title='bbox 1431 5245 1664 5300; x_wconf 64' lang='lat' dir='ltr'><strong>prasens</strong></span> <span class='ocrx_word' id='word_1_725' title='bbox 1705 5233 1836 5302; x_wconf 85' lang='lat' dir='ltr'><strong>ipsis</strong></span> <span class='ocrx_word' id='word_1_726' title='bbox 1881 5232 2185 5298; x_wconf 90' lang='lat' dir='ltr'><strong>clamabat,</strong></span> 
     </span>
    </p>
   </div>
   <div class='ocr_carea' id='block_1_100' title="bbox 655 5320 2185 5392">
    <p class='ocr_par' dir='ltr' id='par_1_100' title="bbox 655 5320 2185 5392">
     <span class='ocr_line' id='line_1_100' title="bbox 655 5320 2185 5392; baseline 0.006 -22"><span class='ocrx_word' id='word_1_727' title='bbox 655 5339 672 5370; x_wconf 74' lang='grc' dir='ltr'><strong>ι</strong></span> <span class='ocrx_word' id='word_1_728' title='bbox 699 5320 880 5374; x_wconf 83' lang='lat' dir='ltr'><strong>Venite</strong></span> <span class='ocrx_word' id='word_1_729' title='bbox 902 5324 967 5373; x_wconf 88' lang='lat' dir='ltr'><strong>ad</strong></span> <span class='ocrx_word' id='word_1_730' title='bbox 996 5336 1079 5375; x_wconf 92' lang='lat' dir='ltr'><strong>me</strong></span> <span class='ocrx_word' id='word_1_731' title='bbox 1102 5337 1311 5384; x_wconf 88' lang='lat' dir='ltr'><strong>omnes,</strong></span> <span class='ocrx_word' id='word_1_732' title='bbox 1331 5323 1421 5392; x_wconf 89' lang='lat' dir='ltr'><strong>qui</strong></span> <span class='ocrx_word' id='word_1_733' title='bbox 1446 5323 1702 5378; x_wconf 87' lang='lat' dir='ltr'><strong>laboratis</strong></span> <span class='ocrx_word' id='word_1_734' title='bbox 1723 5333 1777 5379; x_wconf 87' lang='lat' dir='ltr'><strong>et</strong></span> <span class='ocrx_word' id='word_1_735' title='bbox 1801 5325 2010 5379; x_wconf 80' lang='lat' dir='ltr'><strong>onerati</strong></span> <span class='ocrx_word' id='word_1_736' title='bbox 2031 5325 2185 5391; x_wconf 85' lang='lat' dir='ltr'><strong>estis,</strong></span> 
     </span>
    </p>
   </div>
   <div class='ocr_carea' id='block_1_101' title="bbox 645 5414 1358 5480">
    <p class='ocr_par' dir='ltr' id='par_1_101' title="bbox 645 5414 1358 5480">
     <span class='ocr_line' id='line_1_101' title="bbox 645 5414 1358 5480; baseline 0.003 -16"><span class='ocrx_word' id='word_1_737' title='bbox 645 5421 700 5465; x_wconf 70' lang='lat' dir='ltr'><strong>et</strong></span> <span class='ocrx_word' id='word_1_738' title='bbox 723 5425 824 5480; x_wconf 84' lang='lat' dir='ltr'><strong>ego</strong></span> <span class='ocrx_word' id='word_1_739' title='bbox 853 5414 1085 5467; x_wconf 79' lang='lat' dir='ltr'><strong>reﬁciam</strong></span> <span class='ocrx_word' id='word_1_740' title='bbox 1116 5429 1211 5470; x_wconf 85' lang='lat' dir='ltr'><strong>vos</strong></span> <span class='ocrx_word' id='word_1_741' title='bbox 1231 5414 1309 5467; x_wconf 68' lang='grc' dir='ltr'><strong>ὀἳ</strong></span> <span class='ocrx_word' id='word_1_742' title='bbox 1339 5431 1358 5466; x_wconf 73' lang='grc' dir='ltr'><strong>ι</strong></span> 
     </span>
    </p>
   </div>
   <div class='ocr_carea' id='block_1_102' title="bbox 719 5501 2188 5577">
    <p class='ocr_par' dir='ltr' id='par_1_102' title="bbox 719 5501 2188 5577">
     <span class='ocr_line' id='line_1_102' title="bbox 719 5501 2188 5577; baseline 0.005 -22"><span class='ocrx_word' id='word_1_743' title='bbox 719 5501 880 5558; x_wconf 70' lang='lat' dir='ltr'><strong>Vens.</strong></span> <span class='ocrx_word' id='word_1_744' title='bbox 903 5503 958 5560; x_wconf 89' lang='lat'><strong>5.</strong></span> <span class='ocrx_word' id='word_1_745' title='bbox 995 5523 1015 5558; x_wconf 80' lang='grc' dir='ltr'><strong>ι</strong></span> <span class='ocrx_word' id='word_1_746' title='bbox 1043 5504 1234 5562; x_wconf 81' lang='lat' dir='ltr'><strong>Audite</strong></span> <span class='ocrx_word' id='word_1_747' title='bbox 1262 5507 1426 5561; x_wconf 84' lang='lat' dir='ltr'><strong>verba</strong></span> <span class='ocrx_word' id='word_1_748' title='bbox 1471 5503 1701 5573; x_wconf 88' lang='lat' dir='ltr'><strong>Domini,</strong></span> <span class='ocrx_word' id='word_1_749' title='bbox 1735 5505 1826 5577; x_wconf 88' lang='lat' dir='ltr'><strong>qui</strong></span> <span class='ocrx_word' id='word_1_750' title='bbox 1864 5505 2092 5561; x_wconf 89' lang='lat' dir='ltr'><strong>tremitis</strong></span> <span class='ocrx_word' id='word_1_751' title='bbox 2121 5507 2188 5562; x_wconf 90' lang='lat' dir='ltr'><strong>ad</strong></span> 
     </span>
    </p>
   </div>
   <div class='ocr_carea' id='block_1_103' title="bbox 719 5681 1199 5739">
    <p class='ocr_par' dir='ltr' id='par_1_103' title="bbox 719 5681 1199 5739">
     <span class='ocr_line' id='line_1_103' title="bbox 719 5681 1199 5739; baseline -0.006 0"><span class='ocrx_word' id='word_1_752' title='bbox 719 5681 764 5712; x_wconf 80' lang='lat'>“</span> <span class='ocrx_word' id='word_1_753' title='bbox 802 5682 982 5739; x_wconf 70' lang='lat' dir='ltr'><strong>Hattlt.</strong></span> <span class='ocrx_word' id='word_1_754' title='bbox 1012 5699 1084 5739; x_wconf 67' lang='grc' dir='ltr'><strong>ιι.</strong></span> <span class='ocrx_word' id='word_1_755' title='bbox 1111 5684 1199 5737; x_wconf 58' lang='lat'><strong>28.</strong></span> 
     </span>
    </p>
   </div>
   <div class='ocr_carea' id='block_1_104' title="bbox 2291 4508 3849 4580">
    <p class='ocr_par' dir='ltr' id='par_1_104' title="bbox 2291 4508 3849 4580">
     <span class='ocr_line' id='line_1_104' title="bbox 2291 4508 3849 4580; baseline 0.001 -20"><span class='ocrx_word' id='word_1_756' title='bbox 2291 4508 2436 4578; x_wconf 80' lang='grc' dir='ltr'>λησε.</span> <span class='ocrx_word' id='word_1_757' title='bbox 2475 4528 2494 4560; x_wconf 71' lang='grc' dir='ltr'><strong>ι</strong></span> <span class='ocrx_word' id='word_1_758' title='bbox 2545 4511 2618 4562; x_wconf 63' lang='lat' dir='ltr'><strong>Ui:</strong></span> <span class='ocrx_word' id='word_1_759' title='bbox 2656 4509 2762 4580; x_wconf 82' lang='grc' dir='ltr'><strong>γὰρ</strong></span> <span class='ocrx_word' id='word_1_760' title='bbox 2808 4510 2916 4580; x_wconf 81' lang='grc' dir='ltr'><strong>ἐμά</strong></span> <span class='ocrx_word' id='word_1_761' title='bbox 2951 4510 3144 4574; x_wconf 87' lang='grc' dir='ltr'>ταῦτα,</span> <span class='ocrx_word' id='word_1_762' title='bbox 3194 4515 3346 4580; x_wconf 72' lang='grc' dir='ltr'>φησι,</span> <span class='ocrx_word' id='word_1_763' title='bbox 3393 4508 3692 4578; x_wconf 79' lang='grc' dir='ltr'>θελήματα,</span> <span class='ocrx_word' id='word_1_764' title='bbox 3726 4509 3849 4561; x_wconf 72' lang='grc' dir='ltr'>οὐδὲ</span> 
     </span>
    </p>
   </div>
   <div class='ocr_carea' id='block_1_105' title="bbox 2291 4594 3849 4674">
    <p class='ocr_par' dir='ltr' id='par_1_105' title="bbox 2291 4594 3849 4674">
     <span class='ocr_line' id='line_1_105' title="bbox 2291 4594 3849 4674; baseline 0.002 -23"><span class='ocrx_word' id='word_1_765' title='bbox 2291 4601 2411 4669; x_wconf 74' lang='grc' dir='ltr'>ἐμοὶ</span> <span class='ocrx_word' id='word_1_766' title='bbox 2445 4601 2500 4652; x_wconf 82' lang='lat' dir='ltr'><strong>al</strong></span> <span class='ocrx_word' id='word_1_767' title='bbox 2531 4600 2639 4653; x_wconf 62' lang='grc' dir='ltr'><strong>ὁδοὶ⁵</strong></span> <span class='ocrx_word' id='word_1_768' title='bbox 2667 4594 2844 4665; x_wconf 79' lang='grc' dir='ltr'>αῦται,</span> <span class='ocrx_word' id='word_1_769' title='bbox 2873 4601 3008 4654; x_wconf 85' lang='grc' dir='ltr'><strong>ἀλλά</strong></span> <span class='ocrx_word' id='word_1_770' title='bbox 3031 4602 3128 4674; x_wconf 81' lang='grc' dir='ltr'>τῆς</span> <span class='ocrx_word' id='word_1_771' title='bbox 3154 4600 3329 4655; x_wconf 80' lang='grc' dir='ltr'>αὐτῶν</span> <span class='ocrx_word' id='word_1_772' title='bbox 3357 4599 3724 4670; x_wconf 85' lang='grc' dir='ltr'>προαιρέσεως</span> <span class='ocrx_word' id='word_1_773' title='bbox 3753 4616 3849 4654; x_wconf 66' lang='lat' dir='ltr'><strong>aa.-</strong></span> 
     </span>
    </p>
   </div>
   <div class='ocr_carea' id='block_1_106' title="bbox 2291 4689 2547 4760">
    <p class='ocr_par' dir='ltr' id='par_1_106' title="bbox 2291 4689 2547 4760">
     <span class='ocr_line' id='line_1_106' title="bbox 2291 4689 2547 4760; baseline 0.023 -20"><span class='ocrx_word' id='word_1_774' title='bbox 2291 4689 2547 4760; x_wconf 78' lang='grc' dir='ltr'>ταθύμια.</span> 
     </span>
    </p>
   </div>
   <div class='ocr_carea' id='block_1_107' title="bbox 2368 4781 3847 4855">
    <p class='ocr_par' dir='ltr' id='par_1_107' title="bbox 2368 4781 3847 4855">
     <span class='ocr_line' id='line_1_107' title="bbox 2368 4781 3847 4855; baseline 0.002 -22"><span class='ocrx_word' id='word_1_775' title='bbox 2368 4799 2385 4832; x_wconf 83' lang='grc' dir='ltr'><strong>ι</strong></span> <span class='ocrx_word' id='word_1_776' title='bbox 2422 4783 2529 4835; x_wconf 69' lang='grc' dir='ltr'>Καὶ</span> <span class='ocrx_word' id='word_1_777' title='bbox 2581 4781 2689 4851; x_wconf 84' lang='grc' dir='ltr'>ἐγὼ</span> <span class='ocrx_word' id='word_1_778' title='bbox 2724 4783 3010 4853; x_wconf 82' lang='grc' dir='ltr'>ἐκλέξομαι</span> <span class='ocrx_word' id='word_1_779' title='bbox 3041 4783 3108 4837; x_wconf 84' lang='grc' dir='ltr'><strong>τά</strong></span> <span class='ocrx_word' id='word_1_780' title='bbox 3139 4783 3497 4855; x_wconf 76' lang='grc' dir='ltr'>ἐμπαξγματα</span> <span class='ocrx_word' id='word_1_781' title='bbox 3524 4783 3726 4850; x_wconf 77' lang='grc' dir='ltr'>αὐτῶν,</span> <span class='ocrx_word' id='word_1_782' title='bbox 3755 4784 3847 4837; x_wconf 75' lang='grc' dir='ltr'>καὶ</span> 
     </span>
    </p>
   </div>
   <div class='ocr_carea' id='block_1_108' title="bbox 2289 4868 3845 4940">
    <p class='ocr_par' dir='ltr' id='par_1_108' title="bbox 2289 4868 3845 4940">
     <span class='ocr_line' id='line_1_108' title="bbox 2289 4868 3845 4940; baseline 0.003 -20"><span class='ocrx_word' id='word_1_783' title='bbox 2289 4868 2386 4932; x_wconf 75' lang='grc' dir='ltr'>τὰς</span> <span class='ocrx_word' id='word_1_784' title='bbox 2427 4869 2698 4940; x_wconf 82' lang='grc' dir='ltr'>ἁμαρτίας</span> <span class='ocrx_word' id='word_1_785' title='bbox 2739 4869 3101 4925; x_wconf 83' lang='grc' dir='ltr'>ἀνταποδώσω</span> <span class='ocrx_word' id='word_1_786' title='bbox 3135 4873 3317 4935; x_wconf 82' lang='grc' dir='ltr'>αὐτοῖς</span> <span class='ocrx_word' id='word_1_787' title='bbox 3360 4873 3442 4925; x_wconf 85' lang='grc' dir='ltr'>ὁτι</span> <span class='ocrx_word' id='word_1_788' title='bbox 3479 4871 3710 4926; x_wconf 77' lang='grc' dir='ltr'>ἐκάλεσα</span> <span class='ocrx_word' id='word_1_789' title='bbox 3753 4872 3845 4925; x_wconf 75' lang='grc' dir='ltr'>αὑ·</span> 
     </span>
    </p>
   </div>
   <div class='ocr_carea' id='block_1_109' title="bbox 2290 4961 3844 5035">
    <p class='ocr_par' dir='ltr' id='par_1_109' title="bbox 2290 4961 3844 5035">
     <span class='ocr_line' id='line_1_109' title="bbox 2290 4961 3844 5035; baseline 0.003 -24"><span class='ocrx_word' id='word_1_790' title='bbox 2290 4961 2431 5024; x_wconf 67' lang='grc' dir='ltr'>τοὺς,</span> <span class='ocrx_word' id='word_1_791' title='bbox 2487 4961 2580 5013; x_wconf 81' lang='grc' dir='ltr'><strong>καὶ</strong></span> <span class='ocrx_word' id='word_1_792' title='bbox 2622 4962 2721 5030; x_wconf 77' lang='grc' dir='ltr'><strong>οὐχ</strong></span> <span class='ocrx_word' id='word_1_793' title='bbox 2759 4962 3070 5032; x_wconf 80' lang='grc' dir='ltr'>ὑπήκουσάν</span> <span class='ocrx_word' id='word_1_794' title='bbox 3123 4981 3220 5035; x_wconf 86' lang='grc' dir='ltr'>μου</span> <span class='ocrx_word' id='word_1_795' title='bbox 3244 4981 3258 4994; x_wconf 78' lang='grc' dir='ltr'><strong>ο</strong></span> <span class='ocrx_word' id='word_1_796' title='bbox 3314 4963 3568 5033; x_wconf 76' lang='grc' dir='ltr'>ἐλάλησα,</span> <span class='ocrx_word' id='word_1_797' title='bbox 3613 4964 3709 5016; x_wconf 79' lang='grc' dir='ltr'><strong>καὶ</strong></span> <span class='ocrx_word' id='word_1_798' title='bbox 3749 4963 3844 5016; x_wconf 81' lang='grc' dir='ltr'><strong>οὐκ</strong></span> 
     </span>
    </p>
   </div>
   <div class='ocr_carea' id='block_1_110' title="bbox 2291 5053 3844 5129">
    <p class='ocr_par' dir='ltr' id='par_1_110' title="bbox 2291 5053 3844 5129">
     <span class='ocr_line' id='line_1_110' title="bbox 2291 5053 3844 5129; baseline 0.001 -25"><span class='ocrx_word' id='word_1_799' title='bbox 2291 5053 2543 5122; x_wconf 72' lang='grc' dir='ltr'>ἧκουσαν·</span> <span class='ocrx_word' id='word_1_800' title='bbox 2591 5054 2683 5106; x_wconf 71' lang='grc' dir='ltr'><strong>καὶ</strong></span> <span class='ocrx_word' id='word_1_801' title='bbox 2731 5053 2989 5125; x_wconf 83' lang='grc' dir='ltr'>ἐποίησαν</span> <span class='ocrx_word' id='word_1_802' title='bbox 3034 5057 3098 5110; x_wconf 80' lang='grc' dir='ltr'>τὸ</span> <span class='ocrx_word' id='word_1_803' title='bbox 3144 5055 3374 5129; x_wconf 69' lang='grc' dir='ltr'>πονηρὸν</span> <span class='ocrx_word' id='word_1_804' title='bbox 3406 5057 3648 5109; x_wconf 78' lang='grc' dir='ltr'>ἐναντίον</span> <span class='ocrx_word' id='word_1_805' title='bbox 3690 5053 3844 5125; x_wconf 80' lang='grc' dir='ltr'>ἐμοῦ,</span> 
     </span>
    </p>
   </div>
   <div class='ocr_carea' id='block_1_111' title="bbox 2292 5144 3844 5216">
    <p class='ocr_par' dir='ltr' id='par_1_111' title="bbox 2292 5144 3844 5216">
     <span class='ocr_line' id='line_1_111' title="bbox 2292 5144 3844 5216; baseline 0.005 -19"><span class='ocrx_word' id='word_1_806' title='bbox 2292 5146 2380 5197; x_wconf 79' lang='grc' dir='ltr'>καὶ</span> <span class='ocrx_word' id='word_1_807' title='bbox 2400 5144 2435 5198; x_wconf 78' lang='grc' dir='ltr'><strong>ἀ</strong></span> <span class='ocrx_word' id='word_1_808' title='bbox 2465 5149 2564 5198; x_wconf 80' lang='grc' dir='ltr'>οὐκ</span> <span class='ocrx_word' id='word_1_809' title='bbox 2591 5144 2885 5216; x_wconf 83' lang='grc' dir='ltr'>ἐϐουλόμην</span> <span class='ocrx_word' id='word_1_810' title='bbox 2906 5147 3235 5214; x_wconf 80' lang='grc' dir='ltr'>ἐξελέξαντο.</span> <span class='ocrx_word' id='word_1_811' title='bbox 3267 5168 3285 5200; x_wconf 71' lang='grc' dir='ltr'><strong>ι</strong></span> <span class='ocrx_word' id='word_1_812' title='bbox 3317 5149 3452 5202; x_wconf 76' lang='grc' dir='ltr'>Πότε</span> <span class='ocrx_word' id='word_1_813' title='bbox 3479 5148 3535 5201; x_wconf 71' lang='grc' dir='ltr'>δὲ</span> <span class='ocrx_word' id='word_1_814' title='bbox 3560 5146 3844 5204; x_wconf 66' lang='grc' dir='ltr'>καλοῦντος</span> 
     </span>
    </p>
   </div>
   <div class='ocr_carea' id='block_1_112' title="bbox 2293 5236 3840 5310">
    <p class='ocr_par' dir='ltr' id='par_1_112' title="bbox 2293 5236 3840 5310">
     <span class='ocr_line' id='line_1_112' title="bbox 2293 5236 3840 5310; baseline 0.002 -21"><span class='ocrx_word' id='word_1_815' title='bbox 2293 5236 2486 5300; x_wconf 74' lang='grc' dir='ltr'>αὐτοὺς</span> <span class='ocrx_word' id='word_1_816' title='bbox 2538 5236 2599 5289; x_wconf 84' lang='grc' dir='ltr'>ού</span> <span class='ocrx_word' id='word_1_817' title='bbox 2634 5237 2893 5308; x_wconf 77' lang='grc' dir='ltr'>συνῆκαν,</span> <span class='ocrx_word' id='word_1_818' title='bbox 2941 5239 2973 5310; x_wconf 74' lang='grc' dir='ltr'><strong>ἢ</strong></span> <span class='ocrx_word' id='word_1_819' title='bbox 3008 5240 3097 5293; x_wconf 83' lang='grc' dir='ltr'>ὅτε</span> <span class='ocrx_word' id='word_1_820' title='bbox 3145 5241 3327 5303; x_wconf 74' lang='grc' dir='ltr'>αὐτοῖς</span> <span class='ocrx_word' id='word_1_821' title='bbox 3359 5236 3657 5310; x_wconf 85' lang='grc' dir='ltr'>συντρίϐων</span> <span class='ocrx_word' id='word_1_822' title='bbox 3695 5238 3840 5292; x_wconf 83' lang='grc' dir='ltr'>ἐϐόα⁶</span> 
     </span>
    </p>
   </div>
   <div class='ocr_carea' id='block_1_113' title="bbox 2300 5326 3841 5400">
    <p class='ocr_par' dir='ltr' id='par_1_113' title="bbox 2300 5326 3841 5400">
     <span class='ocr_line' id='line_1_113' title="bbox 2300 5326 3841 5400; baseline 0.003 -23"><span class='ocrx_word' id='word_1_823' title='bbox 2300 5346 2318 5377; x_wconf 79' lang='grc' dir='ltr'><strong>ι</strong></span> <span class='ocrx_word' id='word_1_824' title='bbox 2353 5326 2513 5380; x_wconf 82' lang='grc' dir='ltr'>Δεῦτε</span> <span class='ocrx_word' id='word_1_825' title='bbox 2546 5328 2682 5398; x_wconf 69' lang='grc' dir='ltr'>πρὸς</span> <span class='ocrx_word' id='word_1_826' title='bbox 2715 5327 2804 5398; x_wconf 83' lang='grc' dir='ltr'><strong>μὲ,</strong></span> <span class='ocrx_word' id='word_1_827' title='bbox 2835 5329 3033 5394; x_wconf 89' lang='grc' dir='ltr'>πάντες</span> <span class='ocrx_word' id='word_1_828' title='bbox 3064 5332 3112 5384; x_wconf 75' lang='grc' dir='ltr'>οἱ</span> <span class='ocrx_word' id='word_1_829' title='bbox 3144 5330 3436 5394; x_wconf 87' lang='grc' dir='ltr'>κοπιῶντες</span> <span class='ocrx_word' id='word_1_830' title='bbox 3469 5330 3564 5384; x_wconf 83' lang='grc' dir='ltr'>καὶ</span> <span class='ocrx_word' id='word_1_831' title='bbox 3597 5345 3841 5400; x_wconf 78' lang='grc' dir='ltr'>πεφορτι-</span> 
     </span>
    </p>
   </div>
   <div class='ocr_carea' id='block_1_114' title="bbox 2295 5417 3269 5491">
    <p class='ocr_par' dir='ltr' id='par_1_114' title="bbox 2295 5417 3269 5491">
     <span class='ocr_line' id='line_1_114' title="bbox 2295 5417 3269 5491; baseline 0.004 -21"><span class='ocrx_word' id='word_1_832' title='bbox 2295 5419 2499 5488; x_wconf 84' lang='grc' dir='ltr'>σμένοι,</span> <span class='ocrx_word' id='word_1_833' title='bbox 2529 5417 2683 5486; x_wconf 85' lang='grc' dir='ltr'>κάγὼ</span> <span class='ocrx_word' id='word_1_834' title='bbox 2713 5420 3009 5476; x_wconf 85' lang='grc' dir='ltr'>ἀναπαύσω</span> <span class='ocrx_word' id='word_1_835' title='bbox 3034 5422 3213 5491; x_wconf 73' lang='grc' dir='ltr'>ὑμᾶςς</span> <span class='ocrx_word' id='word_1_836' title='bbox 3249 5439 3269 5474; x_wconf 71' lang='grc' dir='ltr'><strong>ι</strong></span> 
     </span>
    </p>
   </div>
   <div class='ocr_carea' id='block_1_115' title="bbox 2351 5503 3838 5585">
    <p class='ocr_par' dir='ltr' id='par_1_115' title="bbox 2351 5503 3838 5585">
     <span class='ocr_line' id='line_1_115' title="bbox 2351 5503 3838 5585; baseline 0.001 -22"><span class='ocrx_word' id='word_1_837' title='bbox 2351 5503 2386 5563; x_wconf 81' lang='grc' dir='ltr'><strong>ἰ</strong></span> <span class='ocrx_word' id='word_1_838' title='bbox 2431 5510 2718 5565; x_wconf 84' lang='grc' dir='ltr'>Ἀκούσατε</span> <span class='ocrx_word' id='word_1_839' title='bbox 2745 5513 2962 5585; x_wconf 76' lang='grc' dir='ltr'>ῥήματα</span> <span class='ocrx_word' id='word_1_840' title='bbox 2991 5512 3195 5585; x_wconf 76' lang='grc' dir='ltr'>Κυρίου</span> <span class='ocrx_word' id='word_1_841' title='bbox 3254 5513 3303 5566; x_wconf 81' lang='lat' dir='ltr'><strong>oi</strong></span> <span class='ocrx_word' id='word_1_842' title='bbox 3323 5511 3615 5583; x_wconf 83' lang='grc' dir='ltr'>τρέμοντες</span> <span class='ocrx_word' id='word_1_843' title='bbox 3646 5510 3738 5566; x_wconf 86' lang='grc' dir='ltr'><strong>τδν</strong></span> <span class='ocrx_word' id='word_1_844' title='bbox 3760 5507 3838 5563; x_wconf 73' lang='grc' dir='ltr'>λό-</span> 
     </span>
    </p>
   </div>
  </div>
