4124 6444
288 396 396 453 ΒΗ

1205 397 1710 456 commeaturus
1747 399 1815 456 IN
1847 382 2107 459 issem.
2149 432 2218 444 -
2251 405 2405 464 CAP.
2444 407 2632 464 um.

289 536 386 588 γον
414 519 605 575 αὐτοῦ.
630 518 1092 590 Εἰπαττ,άδελφοὶ
1115 520 1291 592 ἡμῶν,
1314 525 1427 585 τοῖς
1452 523 1697 593 μισοῦσιν
1721 525 1829 596 ops

1930 571 1938 592 ι
1967 540 2271 582 sermonem
2299 526 2436 597 ejus.
2468 528 2659 591 Dicite,
2684 527 2882 585 fratres
2911 528 3104 596 nostri,
3128 529 3432 587 odientibus
3469 541 3527 586 et

289 610 385 663 καὶ
427 609 889 681 βδελυσσομένοις,
924 611 1011 664 ῖνα
1045 611 1106 664 τὸ
1143 611 1312 684 ὄνομα
1362 615 1569 684 Κυρίου
1601 615 1852 687 δοξασθῇ,

287 704 380 756 καὶ
407 703 547 774 ὀφθῇ
571 704 630 756 ἐν
653 705 718 773 τῇ
740 702 1042 777 εὐφροσύνῃ
1068 705 1266 772 αὐτῶν,
1301 707 1393 759 καὶ
1421 708 1614 760 ἐκεῖνοι
1633 709 1856 778 αἰσχυν-

287 789 564 860 θήσονται.
615 809 635 843 ι
672 790 1038 860 Εύαγγελικὺν
1068 793 1248 858 αὐτοῖς
1281 795 1609 866 παραδίδωσι
1643 797 1855 869 παράγ-

285 883 465 954 γελμα
493 881 647 936 οὐδὲν
670 882 920 955 διαφέρον
953 884 1069 950 τοῦ,
1105 903 1126 939 ι
1182 887 1453 954 ’Δγαπᾱτε
1475 889 1601 952 τοὺς
1626 888 1852 960 ἐχθροὺς

283 971 457 1042 ὑμῶν,
492 971 675 1035 καλῶς
700 974 904 1027 ⁶ιιποιεῖτε
933 976 1058 1038 τοὺς
1102 974 1393 1046 μισοῦντας
1425 977 1590 1048 ὑμᾶς,
1622 978 1852 1050 προσεύ-

285 1063 444 1134 χεσθε
473 1063 614 1136 ύπέρ
640 1064 749 1119 τῶν
781 1067 1195 1139 ἐπηρεαζόντων
1221 1069 1367 1140 ὑμᾶς
1403 1070 1498 1124 καὶ
1525 1070 1846 1136 διωκόντων,

287 1155 370 1208 ῖνα
395 1155 626 1226 γένησθε
655 1158 761 1212 uici.-
787 1158 878 1212 τοῦ
904 1159 1114 1231 Πατρὺς
1143 1160 1296 1232 ὑμῶν
1315 1160 1407 1214 τοῦ
1435 1164 1492 1215 ἐν
1522 1164 1789 1232 οὐρανοῖς.
1822 1182 1848 1215 ι

285 1243 440 1298 οὕτω
467 1247 562 1299 καὶ
597 1247 628 1318 ἠ
661 1249 963 1319 προφητεία
997 1249 1427 1320 παρακελεύεται
1460 1251 1555 1307 καὶ
1585 1252 1842 1307 διδάσκει.

341 1353 376 1386 -ι
415 1336 572 1407 Φωνὴ
611 1338 855 1409 κραυγῆς
887 1339 952 1392 ἐκ
980 1339 1204 1404 πόλεως,
1235 1343 1385 1414 φωνὴ
1418 1343 1483 1395 ἐκ
1510 1341 1660 1405 ναοῦ,
1696 1342 1846 1414 φωνὴ

280 1425 485 1497 Κυρίου
531 1428 968 1492 άνταποδιδόντος
999 1417 1350 1484 ἀνταπόδοσιν
1381 1435 1494 1496 τοῖς
1541 1433 1846 1503 ἀντικειμέ-

280 1532 410 1581 νοις.
451 1537 469 1568 ι
501 1517 563 1570 Εί
606 1517 713 1590 γὰρ
743 1517 911 1574 ταῦτα
943 1522 1252 1590 πράττοιτο,
1296 1522 1448 1593 ἡμῶν
1484 1522 1583 1593 μὲν
1612 1523 1754 1578 κατὰ
1785 1525 1846 1577 τὸ

278 1607 427 1672 τέλος
451 1608 559 1663 τῶν
582 1609 824 1680 άμοισῶν
848 1611 1150 1684 εὐφροσύνη
1175 1603 1395 1683 ἔκδηλος
1424 1613 1572 1667 ἐσται
1603 1618 1715 1680 τοῖς
1742 1617 1846 1668 πᾶ-

279 1716 379 1752 σιν·
416 1703 613 1763 ἐκεῖνοι
643 1700 700 1754 δὲ
747 1703 1293 1773 καταισχυνθήσονται
1321 1704 1382 1757 τὸ
1415 1705 1677 1779 ὑμέτερον
1715 1705 1842 1760 θεα-

278 1791 500 1862 σάμενοι
543 1791 713 1856 τέλος,
749 1794 843 1846 καὶ
886 1792 986 1863 τὴν
1033 1793 1239 1847 ἑαυτῶν
1268 1793 1540 1848 ἀπώλειαν
1581 1795 1719 1850 κατὰ
1751 1796 1841 1850 τὸν

1955 617 2398 674 abominantibus
2443 632 2556 682 vos,
2598 628 2656 674 ut
2683 634 2881 674 nomen
2914 619 3126 675 Domini
3169 621 3524 691 glorificetur,

1953 717 2008 763 et
2047 709 2293 762 videatur
2317 708 2371 762 in
2407 709 2587 762 laetitia
2615 723 2824 772 eorum,
2853 718 2911 764 et
2941 710 3016 764 illi
3047 709 3467 767 confundentur.
3495 732 3517 768 ι

1952 797 2325 868 Evangelicum
2358 797 2488 868 ipsis
2521 809 2845 868 praeceptum
2892 800 3085 861 tradit.
3131 801 3266 856 nihil
3311 803 3521 857 discre-

1949 902 2084 958 pans
2109 888 2176 942 ab
2207 901 2295 953 eo.
2331 903 2352 940 ι
2382 886 2597 959 Diligite
2635 889 2885 945 inimicos
2923 901 3170 959 vestros,
3215 891 3522 948 benefacite

1949 979 2038 1044 iis,
2068 978 2160 1050 qui
2193 970 2422 1035 oderunt
2449 995 2564 1044 vos,
2592 991 2745 1035 orate
2782 996 2883 1050 pro
2926 979 3285 1051 aﬂligentibus
3319 996 3374 1049 et
3401 1000 3522 1055 per-

1947 1069 2296 1138 sequentibus
2328 1083 2459 1134 vos;
2501 1081 2559 1123 ut
2600 1071 2719 1124 sitis
2754 1069 2850 1124 lilii
2885 1068 3062 1124 Patris
3097 1072 3285 1136 vestri,
3315 1072 3407 1141 qui
3437 1081 3523 1126 est

1947 1165 2003 1216 in
2032 1160 2182 1217 salis
2205 1159 2272 1216 ιι,
2301 1180 2320 1213 ι
2360 1161 2558 1216 Eadem
2587 1177 2813 1231 prorsus
2843 1164 3166 1235 praecipitet
3201 1165 3356 1220 docet
3388 1180 3520 1233 pro-

1945 1251 2149 1321 phetia.

2018 1339 2178 1397 Vens.
2205 1340 2257 1396 θλ
2296 1359 2314 1393 ι
2346 1339 2458 1397 Vox
2503 1340 2754 1396 clamoris
2792 1356 2859 1397 ex
2901 1343 3141 1406 civitate,
3183 1357 3286 1397 vox
3317 1357 3349 1397 e
3381 1352 3519 1398 tem-

1946 1430 2052 1501 plo.
2079 1446 2178 1485 vox
2212 1430 2421 1484 Domini
2454 1431 2800 1486 retribuentis
2830 1431 3237 1486 retributionem
3269 1431 3520 1484 adversa.

1950 1522 2099 1577 riis.»
2133 1520 2264 1575 Nam
2290 1523 2334 1576 si
2373 1523 2484 1575 bzcc
2515 1532 2761 1590 agantur,
2794 1521 2972 1576 laetitia
3003 1533 3201 1584 vestra,
3227 1523 3519 1577 accedente

1945 1611 2286 1678 pmmiorum
2324 1620 2583 1678 tempore,
2627 1611 2879 1666 omnibus
2929 1612 3216 1666 manifesta
3255 1613 3400 1666 erit:
3438 1611 3515 1668 illi

1945 1713 2073 1751 vero
2140 1697 2299 1751 ﬁnem
2363 1709 2601 1752 vestrum
2662 1701 2957 1769 conspicati
3012 1701 3406 1756 confundentur
3459 1712 3518 1760 et

1944 1804 2096 1844 suam
2142 1787 2330 1857 jutlicii
2385 1790 2549 1844 divini
2610 1799 2852 1860 tempore
2911 1794 3204 1862 perniciem
3259 1795 3519 1865 operibus

273 1881 371 1955 τῆς
399 1881 792 1956 δικαιοκρισίας
824 1885 1011 1956 καιρὸν
1035 1885 1129 1938 τοῦ
1159 1885 1293 1938 Θεοῦ
1322 1885 1504 1956 ἐργοις
1534 1887 1829 1959 μαθησόμε-

1945 1881 2200 1935 ediscent.
2232 1898 2249 1931 ι
2276 1878 2406 1939 ,νοι
2457 1881 2709 1936 clamoris
2766 1896 2833 1935 ex
2867 1883 3104 1947 civitate,
3164 1898 3265 1938 vox
3307 1899 3338 1939 e
3369 1893 3512 1938 tem-

274 1993 370 2031 νοι.
424 1995 445 2028 ι
482 1978 641 2047 Φωνὴ
674 1966 921 2048 κραυγῆς
962 1979 1026 2031 ἐκ
1058 1977 1284 2042 πόλεως,
1337 1979 1488 2049 φωνὴ
1534 1982 1597 2032 ἐκ
1629 1980 1777 2046 ναοῦ,
1813 1999 1832 2032 ι

273 2068 330 2121 αἰ
373 2068 471 2138 μὲν
499 2065 561 2132 ἐξ
586 2068 754 2137 αὐτῆς
781 2070 881 2138 τῆς
907 2068 1112 2132 πόλεως
1145 2069 1252 2122 τῶν
1282 2069 1578 2140 οἰκητόρων
1610 2069 1840 2124 ἐκϐοῶν-

270 2177 398 2224 των,
429 2160 485 2213 αἰ
521 2159 580 2213 δὲ
623 2159 684 2224 ἐξ
721 2159 883 2214 αὑτοῦ
909 2159 1002 2213 τοῦ
1034 2160 1184 2226 ναοῦ,
1224 2161 1332 2214 τῶν
1378 2161 1566 2233 ἱερέων
1595 2165 1687 2217 καὶ
1730 2164 1836 2218 τῶν

269 2251 469 2305 λοιπῶν
497 2251 822 2322 λειτουργῶν
850 2252 1312 2323 άποκλαιομένων.

343 2361 364 2394 ι
395 2343 534 2413 Πρὶν
565 2342 665 2414 τὴν
704 2341 996 2396 ὠδίνουσαν
1020 2345 1220 2409 τεκεῖν,
1248 2343 1380 2415 πρὶν
1408 2343 1581 2397 ἐλθεῖν
1609 2345 1700 2397 τὸν
1732 2345 1834 2398 πό·-

269 2451 357 2488 νον
405 2434 517 2488 τῶν
561 2435 788 2500 ὠδίνων,
838 2435 1087 2505 ἐξέφυγε,
1134 2438 1226 2489 καὶ¹
1271 2437 1454 2490 ἔτεκεν
1504 2436 1688 2508 ἄρσεν.
1738 2438 1834 2502 Τίς

267 2525 466 2595 ἢκουσε
514 2525 755 2591 τοιοῦτος
789 2525 885 2580 καὶ
935 2526 1014 2589 τίς
1050 2524 1290 2596 ἐώρακεν
1335 2513 1541 2592 οὕτως
1582 2527 1644 2580 Εἰ
1678 2525 1834 2581 ὧδινε

266 2616 336 2684 γῆ
368 2615 426 2666 ἐν
469 2615 652 2685 ἡμέρᾳ
685 2615 802 2685 μιᾷ,
836 2614 870 2685 ἢ
920 2614 1013 2667 καὶ
1045 2615 1234 2686 ἐτέχθη
1269 2614 1420 2680 ἔθνος
1459 2616 1712 2683 εἰσάπαξ,
1748 2616 1830 2670 δτι

261 2702 421 2758 ὤδινε
452 2706 548 2758 καὶ
577 2704 730 2758 ἔτεκε
761 2703 902 2758 Σιὼν
927 2705 994 2759 τὰ
1023 2707 1211 2760 παιδία
1243 2707 1448 2777 αύτῆςς
1495 2726 1511 2758 ι
1550 2708 1623 2760 Τὸ
1653 2707 1832 2761 θεοσε-

261 2796 357 2860 δές
396 2796 719 2866 πολίτευμα,
753 2797 904 2868 καὶὴ
939 2798 1095 2869 καινὴ
1127 2799 1219 2851 καὶ
1246 2799 1339 2852 νέα
1374 2797 1530 2862 Σιὼν,
1569 2797 1766 2870 δηλαδὴ
1796 2799 1829 2869 ἡ

274 2885 570 2956 Ἐκκλησία
610 2884 702 2939 τοῦ
747 2884 904 2950 Θεοῦ,
937 2889 970 2956 ἡ
1009 2886 1076 2938 δι’
1120 2887 1271 2957 ὑμῶν
1304 2887 1700 2957 συστησομένη,
1743 2902 1829 2938 το-

253 2975 454 3028 σοῦτον
485 2974 694 3045 ἁθρόως
724 2976 973 3045 γεννήσει
1005 2974 1207 3046 πλῆθος
1235 2975 1404 3029 ἐθνῶν
1442 2977 1535 3028 καὶ
1559 2976 1722 3042 λαῶν,
1753 2976 1828 3041 ὡς

262 3067 601 3137 ἐκπλαγῆναι
625 3067 712 3120 τὸν
739 3066 1026 3120 ἀκούοντα.
1055 3061 1155 3119 Οἷα
1178 3066 1284 3140 γάρ
1304 3084 1386 3129 τις
1414 3067 1670 3139 ἐγκύμων
1691 3066 1828 3139 γυνὴ

260 3159 401 3214 κατὰ
450 3157 684 3228 γαστρὸς
733 3158 950 3228 ἔχουσα,
990 3157 1257 3229 μηδεμιᾶς
1297 3158 1483 3223 ὠδῖνος
1532 3177 1826 3232 προσγενο-
1853 3198 1897 3257 C

263 3251 449 3320 μένης,
499 3249 758 3318 αἰφνίδιον
800 3251 1106 3320 γεννήσειε,
1155 3251 1248 3303 καὶ
1291 3250 1447 3306 τοῦτο
1501 3253 1684 3324 άρσεν·
1734 3253 1823 3308 τὸν

259 3341 420 3394 αὑτὸν
448 3341 648 3411 τρόπον
681 3340 775 3393 καὶ
801 3342 834 3410 ή
869 3339 964 3394 νέα
1002 3340 1138 3394 Σιὼν
1183 3340 1309 3396 λαὸν
1356 3343 1537 3394 καινὸν
1571 3344 1665 3396 καὶ
1707 3343 1824 3397 ὅλον

256 3432 410 3496 εθνος
436 3431 669 3497 εἰσάπαξ
698 3430 906 3502 ἀθρόως
934 3431 1176 3496 τέξεται·
1209 3432 1284 3494 ὼς
1311 3428 1447 3486 εἶναι
1474 3431 1538 3486 τδ
1578 3435 1685 3486 πᾶν
1715 3450 1820 3487 πα-

264 3522 633 3593 ραδοξότατον,
665 3515 775 3574 οἷον
802 3520 1143 3576 οὐδεπώποτε
1173 3522 1436 3592 ἠκούσθη.
1478 3524 1549 3577 Τὸ
1585 3525 1683 3594 μὲν
1716 3523 1824 3596 γὰρ

262 3610 536 3665 ’Ἰουδαίων
574 3609 745 3675 ἐθνος,
787 3609 880 3664 καί⁵
912 3609 1072 3674 αὐτὸς
1108 3612 1136 3665 ὁ
1199 3612 1433 3684 Ἰσραὴλ,
1483 3615 1581 3666 οὐκ
1613 3614 1822 3685 ἀθρόως

253 3703 538 3775 παρέστη·
570 3701 705 3756 ἀλλὰ
741 3701 952 3772 πρῶτος
986 3703 1082 3772 μὲν
1118 3697 1184 3772 ἦν
1209 3703 1388 3778 αὐτῶν
1425 3707 1452 3758 ό
1501 3706 1816 3776 προπάτωρ·

255 3793 446 3847 τούτου
479 3793 539 3846 δὲ
581 3792 836 3860 γεγόνασι
869 3794 1055 3857 παῖδες
1090 3794 1173 3865 ιβ’·
1208 3791 1304 3848 εἶτ’
1335 3795 1392 3862 ἐξ
1428 3797 1546 3861 ἐνὸς
1592 3797 1820 3851 ἑκάστω

255 3885 360 3939 υἰοί
399 3902 459 3938 τε
493 3885 589 3938 καὶ
620 3883 932 3956 θυγατέρες·
977 3878 1053 3951 ὧν
1096 3886 1201 3939 υἰοί
1244 3904 1302 3938 τε
1347 3887 1439 3940 καὶ
1484 3887 1695 3956 ἔκγονοι
1727 3885 1821 3939 καὶ

254 3977 510 4045 ἀπόγονοι
540 3977 870 4047 ὑπέστησαν·
906 3976 1046 4030 οὕτω
1076 3994 1135 4028 τε
1168 3978 1306 4030 κατὰ
1335 3978 1432 4047 τὴν
1476 3977 1582 4030 τῶν
1621 3975 1820 4045 γονέων

255 4065 501 4137 διαδοχὴν
528 4068 586 4118 ἐν
617 4065 821 4118 πλείοσι
845 4065 1055 4136 χρόνοις
1084 4065 1178 4118 καὶ
1225 4066 1282 4118 ἐν
1311 4065 1580 4136 διαφόροις
1610 4069 1818 4133 γενεαῖς

256 4158 487 4227 συνέστη
508 4157 571 4210 τὺ
602 4157 710 4210 πᾶν
736 4155 910 4210 αὐτῶν
936 4156 1104 4219 ἒθνος.

329 4267 350 4302 ι
398 4247 540 4316 Ἐγὼ
568 4248 626 4300 δέ
657 4247 830 4301 ἔδωκα
859 4247 956 4318 τὴν
994 4246 1314 4318 προσδοκίαν
1341 4248 1564 4320 ταύτην,
1601 4247 1693 4301 καὶ
1720 4246 1819 4300 ούκ

251 4341 528 4412 ἐμνήσθης
561 4354 683 4410 μου,
718 4335 835 4391 εἰπε
866 4340 1085 4409 Κύριος.
1121 4339 1233 4391 Ούκ
1264 4338 1370 4391 ἰδοὺ
1404 4338 1513 4406 ἐγὼ
1545 4338 1818 4409 γεννῶσαν

252 4435 346 4486 καὶ
375 4431 600 4502 στεῖραν
632 4429 879 4500 ἐποίησα,
912 4425 1061 4482 εἶπεν
1085 4431 1113 4482 δ
1148 4429 1279 4494 Θεός
1312 4447 1439 4495 σου;
1477 4451 1495 4482 ι
1541 4431 1695 4484 Κατὰ
1724 4429 1812 4485 τὸν

1939 1971 2043 2040 plo.
2074 1989 2090 2021 ι
2133 1969 2303 2024 Voces
2347 1969 2558 2038 quidem
2591 1970 2709 2024 aliae
2745 1973 2941 2026 civium
2979 1974 3397 2028 exclamantium
3443 1989 3512 2029 ex

1938 2063 2188 2124 civitate,
2260 2061 2377 2115 aliae
2448 2071 2512 2113 ex
2576 2062 2772 2129 templo
2851 2064 3096 2128 emissae,
3167 2067 3509 2119 sacerdotum

1938 2161 2368 2221 caeterorumque
2457 2153 2828 2206 ministrorum
2906 2153 3232 2223 lugentium,
3313 2155 3510 2210 futura:

1935 2253 2082 2298 sunt.

2008 2335 2168 2388 Vens.
2196 2334 2250 2399 7,
2277 2333 2330 2390 8.
2367 2352 2388 2385 ι
2419 2334 2723 2404 Antequam
2765 2337 3074 2405 parturiens
3110 2338 3319 2408 pariat,
3355 2349 3508 2394 ante-

1933 2443 2093 2496 quam
2140 2427 2356 2483 veniant
2403 2427 2615 2482 dolores
2663 2440 2880 2499 partus,
2925 2429 3150 2500 effugit,
3199 2442 3253 2486 et
3295 2433 3506 2501 peperit

1934 2518 2248 2574 masculum.
2279 2515 2412 2582 Quis
2456 2519 2659 2573 audivit
2700 2520 2841 2574 tale?
2882 2531 2935 2575 et
2966 2524 3090 2591 quis
3124 2524 3254 2576 vidit
3295 2524 3506 2579 simile?

1931 2608 2068 2664 Num
2109 2613 2396 2680 parturivi:
2444 2621 2586 2666 terra
2630 2613 2716 2667 die
2747 2627 2874 2676 una,
2919 2629 3044 2667 num
3091 2622 3214 2668 nata
3256 2625 3336 2668 est
3373 2629 3504 2683 gens

1931 2701 2118 2773 simpl,
2175 2703 2298 2771 quia
2358 2704 2644 2770 parturivit
2689 2717 2743 2756 et
2799 2704 3008 2773 peperit
3061 2703 3190 2758 Sion
3247 2707 3502 2773 parvulos

1930 2791 2124 2846 suos?»
2161 2793 2253 2846 Pia
2289 2793 2496 2862 religio,
2524 2807 2578 2847 et
2607 2807 2744 2846 nova
2773 2807 3068 2861 recensque
3097 2791 3250 2856 Sion,
3283 2795 3500 2850 scilicet

1929 2881 2166 2938 Ecclesia
2214 2881 2334 2948 Dei,
2382 2898 2477 2954 per
2521 2898 2614 2937 vos
2663 2883 3062 2950 constituenda,
3111 2895 3315 2938 tantam
3367 2900 3500 2938 con-

1929 2976 2106 3030 lertim
2136 2978 2376 3044 gentium
2406 2986 2462 3030 et
2497 2975 2813 3045 populorum
2857 2973 3258 3028 multitudinem
3295 2977 3472 3045 pariet

1929 3079 1988 3125 ut
2018 3069 2109 3140 qui
2141 3069 2371 3123 audierit
2397 3067 2764 3138 Obstupescat.
2795 3069 3009 3122 Atenim
3039 3071 3496 3138 quemadmodum

1929 3161 1973 3217 si
2013 3161 2204 3216 mulier
2247 3161 2488 3228 quaedam
2526 3170 2742 3214 uterum
2796 3170 3015 3230 gestans
3067 3175 3128 3215 ac
3181 3176 3489 3232 prmgnans,

1927 3253 2044 3309 sine
2075 3252 2181 3306 ullo
2215 3251 2399 3306 dolore
2452 3260 2675 3322 repente
2727 3250 3024 3305 masculum
3081 3253 3292 3320 pariat;
3328 3255 3404 3306 sic
3439 3264 3498 3308 et

1927 3356 2064 3397 nova
2098 3341 2226 3397 Sion
2261 3342 2515 3411 populum
2565 3357 2760 3396 novum
2783 3381 2798 3406 ,
2843 3350 2899 3397 et
2937 3343 3244 3398 universam
3279 3355 3497 3415 gentem

1925 3433 2086 3488 semel
2111 3442 2165 3487 et
2195 3431 2474 3487 confertim
2511 3434 2718 3502 pariet;
2759 3433 2831 3486 ita
2865 3442 2924 3486 ut
2954 3435 3220 3501 stupenda
3256 3451 3340 3489 res
3377 3445 3493 3492 tota

1923 3521 2013 3584 sit,
2053 3521 2227 3591 qualis
2266 3521 2444 3575 audlta
2485 3535 2757 3590 nunquam
2791 3521 2912 3575 fuit.
2957 3519 3264 3576 Iudaeorum
3295 3527 3495 3594 quippe

1925 3612 2069 3668 natio
2093 3620 2149 3666 et
2188 3611 2298 3680 ipse
2335 3609 2498 3666 Israel
2544 3625 2651 3664 non
2700 3611 2986 3666 confertim
3041 3613 3334 3681 productus
3361 3625 3489 3671 est:

1923 3718 2046 3759 nam
2093 3703 2242 3773 prior
2279 3703 2492 3772 quidem
2547 3703 2646 3757 fuit
2694 3717 2881 3758 eorum
2932 3705 3287 3774 progenitor:
3330 3705 3492 3774 hujus

1921 3808 2050 3848 vero
2080 3793 2361 3849 duodecim
2405 3791 2562 3847 fuere
2592 3792 2686 3847 lilii
2725 3811 2740 3848 :
2786 3794 2912 3848 hinc
2944 3809 3011 3848 ex
3051 3795 3278 3865 singulis
3310 3797 3403 3850 filii
3438 3808 3493 3851 et

1922 3883 2066 3951 filiae,
2091 3885 2286 3954 quibus
2319 3885 2444 3938 itcm
2479 3883 2571 3938 lilii
2612 3893 2666 3938 et
2711 3893 2936 3954 nepotes
2969 3894 3022 3939 et
3053 3886 3347 3956 abnepotes
3383 3890 3490 3942 orti

1921 3986 2064 4040 surt,
2107 3986 2267 4046 atque
2303 3976 2375 4028 ita
2409 3991 2503 4045 per
2534 3987 2812 4046 parentum
2845 3976 3266 4040 successionem,
3299 3978 3486 4033 multis

1921 4080 2179 4120 annorum
2228 4067 2536 4131 curriculis,
2581 4075 2634 4121 et
2670 4065 3316 4142 variisgeuerationibus
3367 4071 3489 4124 uni-

1918 4169 2129 4210 versum
2157 4172 2323 4227 genus
2351 4171 2538 4212 eorum
2568 4156 2829 4212 constitit.

1990 4246 2153 4302 Vens.
2183 4247 2236 4304 9.
2282 4266 2300 4298 ι
2330 4247 2444 4317 Ego
2479 4261 2609 4300 vero
2644 4248 2764 4301 dedi
2815 4259 3272 4318 exspectationem
3320 4250 3483 4316 hanc,

1918 4351 1971 4399 et
2009 4357 2112 4396 non
2151 4340 2465 4395 recordatus
2505 4353 2563 4392 es
2604 4339 2742 4405 mei,
2787 4338 2926 4394 dixit
2969 4340 3246 4395 Dominus.
3298 4341 3487 4398 Nonne

1917 4449 2015 4504 ego
2044 4435 2348 4504 gignentem
2390 4440 2444 4484 et
2476 4431 2714 4485 sterilem
2745 4431 2880 4494 feci,
2911 4433 3044 4486 dixit
3089 4433 3227 4488 Deus
3275 4437 3436 4488 tuus?
3459 4455 3478 4487 ι

251 4523 409 4575 αὐτὸν
432 4523 492 4576 δέ
518 4522 718 4594 τρόπον
749 4520 896 4592 εὖροι
930 4521 994 4575 ἄν
1020 4538 1103 4584 τις
1135 4522 1226 4574 καὶ
1251 4522 1317 4575 τὰ
1340 4522 1500 4575 λοιπὰ
1533 4521 1658 4592 ἔθνη
1692 4522 1815 4592 χρόα

1930 4526 2114 4581 Eodem
2151 4538 2372 4594 prorsus
2413 4523 2570 4578 modo
2599 4523 2733 4577 alias
2764 4539 2979 4594 quoque
3023 4535 3211 4594 gentes
3257 4541 3483 4580 numero

253 4629 362 4676 νοις
393 4615 475 4676 εἰς
522 4612 722 4683 πλῆθος
756 4611 1140 4666 ἐπιδεδωκότα·
1189 4614 1218 4664 ό
1261 4614 1317 4667 δέ
1354 4614 1451 4684 τῆς
1492 4615 1814 4684 Ἐκκλησίας

249 4703 346 4757 τοῦ
373 4703 507 4757 Θεοῦ
539 4703 666 4767 λαὸς
697 4702 904 4774 ἀθρόως
928 4703 1016 4772 ὑφ’
1046 4704 1140 4757 ἐνα
1167 4705 1353 4776 καιρὸν
1383 4707 1475 4759 καὶ
1501 4707 1688 4780 ῶσπερ
1713 4708 1816 4760 ὑπὸ

258 4794 381 4866 μίαν
422 4793 636 4865 ἡμέραν
671 4791 906 4865 ἐπλήρου
948 4793 1016 4849 τά
1061 4796 1284 4849 πλεῖστα
1330 4798 1470 4870 μέρη
1497 4800 1599 4869 τῆς
1633 4800 1813 4852 οἰκου-

255 4885 451 4957 μένης·
488 4884 517 4937 δ
559 4884 624 4956 δὴ
654 4883 859 4950 ξενίζον
901 4887 1128 4957 πρᾶγμα
1161 4889 1255 4942 καὶ
1291 4887 1565 4960 θαύματος
1612 4890 1812 4955 παντὸς

253 4976 508 5029 ἐπέκεινα
556 4976 798 5047 ὑπάρχον
835 4976 958 5031 οὔτε
1003 4978 1275 5051 ὀφθαλμὸς
1316 4979 1527 5053 ἑώρακε
1570 4981 1810 5050 πώποτε,

252 5066 371 5120 οὕτε
402 5063 496 5130 οὖς
524 5067 743 5137 ἢκουσε.

325 5177 345 5211 ε
378 5157 746 5230 Εὐφράνθητι,
792 5159 1160 5232 Ἰερουσαλὴμ,
1195 5163 1288 5217 καὶ
1317 5164 1723 5234 πανηγυρίσατε
1754 5166 1812 5220 ἐν

249 5249 410 5319 αὐτῇ,
441 5249 644 5316 πάντες
663 5251 710 5302 οἱ
730 5249 1048 5317 ἀγαπῶντες
1077 5255 1260 5323 αὑτήν.
1292 5253 1508 5325 Χάρητί
1530 5253 1647 5324 ἅμα
1674 5255 1808 5327 αὐτῇ

250 5341 394 5413 χαρᾷ
421 5340 623 5403 πάντες
661 5340 776 5394 ὅσοι
805 5341 1047 5394 πενθεῖτε
1082 5342 1166 5394 ἐπ’
1193 5345 1349 5416 αὐτῇ,
1385 5346 1471 5396 ῖνα
1515 5344 1801 5416 θηλάσητε,

249 5431 344 5486 καὶ
386 5429 736 5501 ἐμπλησθῆτε
777 5432 886 5486 άπὸ
927 5432 1129 5502 μαστοῦ
1180 5436 1571 5506 παρακλήσεως
1619 5437 1804 5508 αὐτῆς,

251 5522 334 5576 ἵνα
366 5519 764 5590 ἐκθηλάσαντες
807 5525 1120 5595 τρυφήσητε
1155 5525 1262 5578 ἀπὸ
1297 5527 1501 5580 εἰσόδου
1526 5527 1681 5598 δόξης
1705 5530 1806 5582 αύ-

245 5613 365 5684 τῆς.
404 5631 424 5664 ι
459 5609 691 5680 Χαίρετε
721 5617 816 5668 καὶ
848 5615 1194 5685 ἀγαλλιᾶσθε,
1225 5618 1299 5682 ὡς
1335 5617 1614 5689 μέλλοντες
1647 5619 1806 5688 ἐμπί-

317 5797 362 5831 ⁸¹
398 5795 590 5853 Matth.
621 5810 674 5861 ν,
696 5794 785 5851 μ.

1921 4632 1983 4671 ac
2021 4616 2364 4671 multitudine
2393 4629 2514 4668 cum
2560 4624 2796 4684 tempore
2842 4626 3030 4669 auctas
3071 4616 3342 4684 reperias;
3386 4615 3480 4671 Dei

1919 4718 2097 4762 autem
2149 4705 2403 4761 Ecclesia:
2450 4705 2705 4775 populus,
2754 4705 3035 4760 confertim
3081 4721 3294 4775 unoque
3341 4717 3479 4761 tem-

1918 4816 2074 4872 pore,
2120 4811 2172 4854 et
2227 4799 2378 4868 quasi
2427 4814 2529 4851 una
2583 4799 2706 4864 die,
2742 4800 3030 4852 maximam
3076 4799 3224 4854 orbis
3269 4811 3479 4870 partem

1917 4892 2174 4964 implevit.
2211 4889 2384 4957 Quam
2426 4905 2539 4944 rem
2584 4905 2714 4944 sane
2755 4882 3072 4960 stupendam
3131 4894 3479 4962 omniumque

1915 4981 2403 5046 mirabilissimam,
2458 4995 2556 5035 nec
2585 4979 2772 5034 oculus
2814 4993 3051 5049 unquam
3091 4979 3332 5046 viderat,
3377 4998 3478 5038 nec

1911 5075 2056 5128 auris
2082 5074 2345 5128 audierat.

1981 5163 2145 5220 Vens.
2171 5162 2259 5228 to,
2295 5163 2380 5219 ll.
2420 5181 2439 5214 ι
2469 5161 2692 5230 Laetare,
2719 5160 3036 5231 Jerusalem,
3069 5171 3122 5217 et
3151 5172 3474 5217 conventum

1910 5252 2069 5309 facite
2108 5255 2160 5306 in
2189 5266 2277 5318 ea,
2321 5265 2511 5306 omnes
2535 5252 2624 5320 qui
2655 5249 2875 5320 diligitis
2903 5265 3045 5304 eam.
3083 5250 3324 5305 Gaudete
3351 5266 3472 5305 cum

1910 5359 1972 5400 ea
2001 5344 2193 5414 gaudio
2221 5357 2408 5396 omnes
2437 5352 2701 5412 qu0tquot
2730 5341 2929 5411 lugetis
2970 5357 3132 5408 super
3167 5355 3254 5404 ea,
3286 5350 3344 5393 ut
3382 5357 3474 5396 su-

1911 5436 2070 5507 gatis,
2101 5443 2154 5489 et
2191 5433 2521 5503 impleamini
2569 5434 2637 5488 ab
2688 5433 2853 5486 ubere
2898 5431 3279 5486 consolationis
3319 5432 3471 5499 ejus;

1911 5538 1970 5582 ut
2007 5537 2288 5596 postquam
2325 5524 2604 5589 snxeritis,
2635 5523 2972 5580 delcctemini
3003 5523 3071 5577 ab
3104 5521 3326 5577 introitu
3362 5523 3473 5592 glo—

1912 5620 2005 5675 riae
2031 5620 2163 5691 ejus.
2191 5637 2209 5671 ι
2247 5616 2490 5674 Gaudete
2526 5627 2581 5671 et
2617 5615 2900 5680 exsultate,
2929 5625 3109 5684 utpote
3135 5629 3201 5670 eo
3228 5611 3474 5682 fruituri,
