4124 6402
682 382 793 439 519
1346 375 1609 432 EUSEBII
1643 372 2105 433 CESARIENSIS
2141 371 2288 429 OPP.
2328 369 2504 426 PARS
2542 368 2633 424 Ill.
2671 396 2742 409 —
2779 362 3186 421 EXEGETICA.
3790 358 3897 413 520

685 496 778 564 qui
816 493 993 563 statim
1022 507 1233 563 unoque
1272 500 1512 562 tempore
1538 491 1833 547 masculum
1875 490 2124 561 populum
2162 488 2233 543 ibi
2264 492 2309 548 Α

2265 492 2309 548 Α
2338 486 2569 539 πλασθαι
2597 482 2692 564 τοῦ
2730 485 2788 536 ιν
2818 482 2953 550 αὐτῇ
2990 479 3202 550 ἀθρόως
3235 478 3602 549 ’γεννήσαντος
3644 474 3795 551 λαὸν,
3816 473 3893 544 τῷ

690 561 798 639 Deo
819 561 1353 655 genuit,.acﬁutpote
1384 561 1622 653 replendi
1663 582 1821 645 lacte,
1848 580 1915 636 ad
1946 580 2224 635 infantium

2330 574 2448 644 Θεῷ
2462 561 2799 646 ἀρῤενα,’κ.ιὶ
2818 570 3083 639 γάλακτος
3108 566 3504 641 έκπληροῦσθαι
3528 567 3605 630 εις
3623 565 3894 635 ικτροφήν

687 674 854 745 ipsius
879 673 1188 729 alimentum
1214 680 1419 742 parato,
1446 672 1587 742 quod
1629 686 1757 727 sane
1781 671 1867 725 lac
1892 671 2223 739 rationabile,

2329 666 2434 720 τῶν
2461 666 2627 737 αὐτῆς
2654 664 2877 735 νηπίων.
2924 664 2990 715 '0
3020 660 3084 731 δὴ
3116 659 3329 729 λογικὸν
3358 658 3497 728 γάλα
3528 658 3636 711 ἀπὸ
3663 656 3771 710 τῶν
3796 656 3892 709 Ean

686 774 917 835 utroque
956 779 1023 818 ex
1071 764 1231 818 ubere
1269 760 1593 830 eﬂundetur,
1620 780 1685 819 ex
1726 762 1906 818 Veteri
1945 777 2135 833 nempe
2173 773 2226 816 et

2331 757 2506 829 θηλῶν
2546 756 2713 826 αὐτῆς
2740 754 2941 825 ῥεύσει,
2987 752 3225 815 Παλαις
3254 749 3449 821 δηλαδὴ
3487 750 3579 805 καὶ
3600 748 3746 812 Νέας
3766 749 3894 803 Δια-

688 854 838 909 Novo
888 853 1249 908 Testamento.
1298 853 1376 907 Ex
1424 855 1683 910 ambobus
1723 855 1868 911 enim
1923 853 2226 924 huiusmodi

2332 848 2521 921 θήκης.
2561 848 2651 913 ‘EE
2687 846 3008 919 ἀμφοτέρων
3040 844 3149 915 γὰρ
3170 843 3382 898 τούτων
3424 842 3531 897 τῶν
3562 841 3761 910 ιαυτῆς
3791 855 3894 910 μα-

687 942 956 1005 uberibus,
981 942 1046 995 de
1069 941 1265 1011 quibus
1291 942 1488 997 dicitur
1512 944 1566 997 in
1608 942 1827 997 Cantico
1857 942 1923 1008 ³⁸,
1964 962 1982 994 ι
2011 942 2227 997 Meliora

2332 942 2459 1006 ζῶν,
2488 940 2616 1011 περὶ
2644 934 2717 994 ὧν
2748 941 2958 1011 εἴρηται
2982 937 3076 991 καὶ
3112 939 3170 989 ιν
3194 935 3274 1006 τῷ
3304 936 3559 1007 ’ᾼσματι,
3580 935 3661 988 δτι
3691 952 3710 985 ι
3736 934 3898 999 ’Δγαο

676 1040 806 1085 sunt
833 1033 992 1084 ubera
1020 1036 1109 1083 tua
1148 1030 1291 1094 vino,
1340 1046 1361 1081 ι
1391 1016 1697 1087 rationabili
1718 1037 1774 1087 et
1794 1030 1912 1086 sine
1936 1030 2062 1087 dolo
2088 1030 2227 1088 lacte

2334 1030 2416 1085 Ool
2442 1031 2490 1084 οί
2524 1029 2717 1101 μαστοί
2744 1046 2835 1082 σου
2868 1028 3008 1099 ὑπὲρ
3041 1026 3203 1091 οἶνον,
3238 1044 3258 1076 ι
3293 1027 3406 1088 τοῖς
3441 1023 3641 1094 ἑαυτῆς
3682 1020 3896 1091 νηπίοις

685 1118 930 1190 puerulos
980 1119 1261 1189 irrigabiti,
1305 1121 1487 1191 sicque
1535 1120 1805 1191 perfectos
1851 1121 2106 1191 producet
2142 1123 2226 1177 vi-

2332 1120 2637 1193 ιπάρδουσα
2676 1138 2694 1172 ι
2730 1120 2790 1173 τὸ
2828 1119 3041 1187 λογικὸν
3076 1117 3174 1173 καὶ
3214 1116 3400 1172 ἀδολον
3442 1115 3604 1185 γάλα,
3638 1132 3658 1167 ι
3692 1112 3895 1185 ἀνδρας

685 1224 797 1265 ros.
2332 1212 2590 1284 προσάξει
2622 1210 2877 1273 τελείους.

753 1300 915 1357 Vsus.
943 1300 1028 1355 ιε.
1072 1300 1247 1369 «Quia
1285 1300 1400 1355 hac
1442 1299 1574 1355 dicit
1619 1301 1907 1369 Dominus,
1950 1303 2086 1358 Ecce
2129 1318 2229 1373 ego

2407 1320 2426 1354 ι
2458 1302 2576 1355 Ὀτι
2606 1300 2729 1355 τάδε
2773 1300 2918 1369 λέγει
2958 1300 3191 1371 Κύριος·
3245 1298 3376 1353 Ἰδοὺ
3413 1296 3524 1367 ἐγὼ
3549 1297 3781 1351 ἑκκλίνω
3807 1297 3887 1361 είς

683 1392 895 1447 declino
925 1392 992 1445 ad
1020 1405 1112 1446 eos
1138 1392 1288 1459 quasi
1325 1391 1510 1446 ﬂuvios
1559 1394 1725 1461 pacis,
1756 1402 1809 1447 et
1840 1395 1990 1463 quasi
2024 1406 2231 1449 torren-

2332 1393 2527 1456 αὺτοὺς
2564 1392 2639 1457 ὡς
2678 1392 2952 1463 τωταμοὺς
2992 1392 3235 1462 είρήνης,
3284 1391 3375 1444 καὶ
3424 1390 3499 1453 ὡς
3534 1390 3891 1461 χειμάρρους,

684 1494 786 1550 tes,
818 1484 1079 1537 inundans
1108 1482 1327 1550 gloriam
1370 1470 1625 1551 gentium.
1655 1482 1867 1538 Parvuli
1914 1500 2098 1539 eorum
2138 1486 2229 1540 bu-

2332 1481 2636 1546 ιπιιιλύζων
2663 1481 2819 1547 δόξαν
2856 1481 3045 1535 ιθνῶν.
3082 1481 3163 1534 Τὰ
3189 1482 3374 1535 παιδία
3411 1480 3588 1534 αὐτῶν
3610 1481 3699 1533 in?
3723 1480 3891 1551 ὤμων

685 1576 846 1631 meris
881 1577 1258 1645 portabuntur,
1284 1582 1338 1627 et
1365 1589 1525 1643 super
1558 1590 1725 1643 genua
1759 1575 2221 1634 consolabuntur.)

2332 1574 2674 1647 ἀρθήοονται,
2707 1575 2799 1628 καὶ
2826 1573 2917 1627 iul
2940 1569 3179 1642 γονάτων
3204 1571 3731 1643 παρακληθήσονται.
3774 1590 3796 1625 a
3826 1572 3892 1626 υί

683 1665 1035 1721 Consolatorii
1092 1666 1274 1735 itaque
1321 1674 1377 1718 et
1428 1665 1494 1719 ad
1545 1665 1821 1720 leniendos
1877 1668 2229 1736 simpliciores

2331 1663 2459 1733 γοῦν
2486 1664 2632 1732 λόγοι
2661 1666 2708 1717 oi
2752 1663 3145 1735 παρακλητικοὶ
3185 1664 3278 1718 xal
3312 1661 3757 1734 παραμυθητικοὶ
3783 1661 3901 1749 τῷν

682 1759 885 1813 animos
930 1758 1234 1813 concinnati
1268 1773 1562 1821 sermones,
1589 1757 1669 1812 lac
1697 1769 1992 1828 opportune
2026 1773 2229 1813 vocan-

2330 1754 2687 1827 ἀτελεστέρων
2710 1753 2894 1825 ψυχῶν
2921 1754 3060 1822 γάλα
3100 1753 3303 1825 κυρίως
3329 1752 3743 1824 ὠνομάσθησαν,
3772 1739 3874 1805 av.»

683 1861 812 1903 tur:
840 1864 963 1903 nam
994 1849 1195 1903 solidus
1228 1849 1380 1902 cibus
1420 1847 1472 1899 in
1508 1848 1750 1917 mysticis
1778 1848 2124 1917 dogmatibus
2152 1848 2226 1901 in-
2259 1834 2301 1889 Β

2259 1834 2301 1889 Β
2332 1848 2456 1918 psic
2483 1846 2688 1919 τροφῆς
2713 1849 2770 1900 έν
2801 1845 3029 1916 δὰτμασι
3060 1846 3339 1915 μυστικοῖς
3361 1843 3676 1913 νοουμένης,
3706 1842 3801 1895 καὶ
3828 1843 3887 1895 έν

682 1936 960 2008 telligitur,
1002 1948 1057 1991 et
1105 1939 1158 1991 in
1207 1932 1698 2005 speculationibus,
1748 1949 1867 2004 qua
1929 1935 1982 1989 in
2036 1936 2229 1991 divinis

2330 1937 2641 2009 θεωρήμασι
2684 1938 2797 2001 τοῖς
2832 1937 2887 1990 tt
2933 1937 3052 1999 ταῖς
3096 1935 3266 2001 θείαις
3302 1935 3546 2005 Γραφαῖς
3588 1933 3861 2004 ἀποκειμέ

682 2027 975 2097 Scripturis
1006 2027 1257 2097 reposita
1283 2033 1428 2080 sunt.
2328 2043 2457 2089 νοις.

755 2116 914 2173 Vsus.
941 2117 1025 2171 l3.
1063 2135 1083 2168 ι
1109 2116 1382 2182 Quomodo
1407 2116 1471 2190 si.
1490 2131 1649 2186 quem
1678 2125 1852 2170 mater
1894 2114 2222 2181 consoletur,

2404 2136 2423 2168 ι
2475 2118 2560 2182 Ὦς
2603 2118 2656 2171 εί
2698 2134 2819 2172 τινα
2874 2117 3053 2189 μήτηρ
3096 2114 3489 2188 παρακαλέσει,
3536 2113 3680 2168 οὕτω
3731 2114 3889 2184 κάγὼ

678 2209 756 2263 ita
780 2217 836 2265 et
863 2224 963 2278 ego
990 2208 1304 2264 consolabor
1324 2222 1451 2273 avos,
1480 2218 1533 2262 et
1553 2210 1605 2263 in
1629 2207 1957 2263 Hierusalem
1984 2207 2229 2263 consola-

2329 2207 2691 2281 παρακαλέσω
2738 2208 2900 2279 ὑμᾶς,
2936 2208 3028 2261 καὶ
3056 2209 3113 2260 έν
3158 2205 3509 2278 Ἰερουσαλὴμ
3536 2204 3892 2276 παρακληθή-

680 2299 891 2356 bimini.
918 2318 940 2354 ι
980 2299 1076 2354 Hie
1127 2315 1337 2354 rursum
1382 2300 1604 2370 gloriam
1656 2300 1915 2369 gentium,
1964 2299 2231 2369 pradicas

2330 2296 2507 2349 σεσθε.
2547 2316 2566 2349 ι
2600 2298 2767 2351 Πάλιν
2801 2295 3079 2351 κάνταῦθα
3106 2296 3212 2350 τῶν
3234 2293 3402 2350 ἐθνῶν
3423 2296 3582 2359 ὣξαν
3611 2296 3891 2350 συνάπτων

682 2402 834 2442 nova
874 2386 1024 2441 Sioui
1054 2387 1539 2459 Hierosolyniazque
1575 2388 1867 2450 ascribens,
1897 2401 2081 2455 pacem
2109 2402 2233 2456 gen-

2326 2390 2392 2458 τῇ
2431 2387 2785 2461 προλεχθείσῃ
2828 2388 2923 2459 νέᾳ
2950 2386 3088 2441 Σιὼν
3129 2388 3222 2441 καὶ
3265 2389 3332 2458 τῇ
3391 2386 3763 2457 Ἰερουσαλὴμ,
3789 2386 3888 2457 τήν

674 2480 827 2535 tibus
861 2480 1195 2535 tribuendam
1237 2479 1518 2534 inundanti
1556 2478 1759 2534 ﬂumini
1801 2489 2102 2548 comparat.
2136 2476 2230 2534 His

2327 2480 2688 2550 δοθησομένην
2723 2482 2833 2543 τοῖς
2876 2479 3082 2532 ἔθνεσιν
3120 2480 3342 2552 εἰρήνην
3370 2477 3600 2549 ποταμῷ
3624 2476 3893 2531 κατακλὺ-

682 2579 862 2624 autern
891 2570 1366 2639 pollicitationibus
1397 2570 1649 2637 superius
1691 2583 1903 2638 quoque
1949 2579 2032 2623 est
2080 2582 2227 2633 usus,

2330 2570 2471 2634 ζοντι
2514 2571 2863 2643 παραϐάλλει.
2894 2572 3005 2625 Kal
3033 2570 3288 2640 ἀνωτέρω
3314 2570 3369 2624 δε
3410 2572 3532 2632 ταῖς
3553 2569 3745 2638 αὐτοῖς
3771 2567 3890 2622 iisin

681 2661 991 2732 significans
1014 2675 1127 2726 eos,
1154 2662 1243 2729 qui
1271 2660 1449 2715 adhuc
1474 2661 1525 2715 in
1554 2658 1791 2714 Ecclesia
1821 2659 2055 2715 infantes
2080 2670 2223 2727 sunt,

2327 2678 2494 2733 χρητο
2524 2662 2893 2730 ἐπαγγελίαις,
2938 2660 3213 2732 σημαίνων
3250 2661 3326 2725 ὡς
3372 2660 3498 2723 τοὺς
3533 2658 3614 2712 ἔτι
3659 2658 3886 2729 νηπίους

681 2758 863 2821 utpote
893 2753 983 2819 qui
1020 2750 1157 2803 lacte
1202 2749 1527 2811 nutriantur,
1566 2748 1866 2802 nutricibus
1911 2748 2228 2817 quibusdam

2326 2752 2423 2823 τῆς
2454 2752 2801 2822 Ἐκκλησίας,
2824 2753 2917 2807 ἆτε
2949 2752 3013 2823 δὴ
3037 2752 3266 2821 γάλακτι
3301 2750 3686 2821 τρεφομένους,
3736 2749 3887 2818 τιθη-

670 2841 967 2913 gestandos
1012 2854 1161 2905 esse;
1212 2840 1330 2893 sive
1376 2852 1408 2892 a
1454 2837 1683 2891 sinceris
1734 2836 1989 2893 Ecclesiae
2042 2838 2229 2893 docto-

2328 2842 2408 2896 νοί
2434 2860 2579 2907 τινες
2618 2843 3104 2910 ὑποῦαστάξουσιν.
3135 2843 3253 2913 ήτοι
3294 2841 3597 2896 διδάσκαλοι
3624 2841 3719 2893 καὶ
3758 2856 3891 2911 προ-

680 2933 828 2986 ribus
855 2940 911 2984 et
940 2929 1225 2998 praefectis,
1271 2929 1507 2997 itemque
1546 2942 1575 2981 a
1610 2928 1804 2982 divinis
1832 2938 1885 2981 et
1919 2926 2228 2983 caelestibus

2326 2936 2556 3001 εστῶτες
2582 2938 2789 3009 γνήσιοι
2809 2938 2905 3007 τῆς
2937 2935 3257 3007 Ἐκκλησίας
3274 2932 3369 2987 τοῦ
3390 2931 3647 3005 Χριστοῦ..
3681 2932 3731 2984 ovi
3758 2930 3889 2986 θεῖοί

664 3022 905 3092 .angelis.
928 3020 1027 3088 Qui
1060 3022 1220 3092 igitur
1244 3019 1577 3074 valentiores
1602 3028 1745 3081 sunt,
1777 3019 2102 3074 inﬁrmiores
2134 3019 2228 3073 bu-

2324 3043 2385 3080 τε
2430 3027 2524 3081 καὶ
2572 3028 2809 3099 οὐράνιοι
2857 3027 3095 3096 ἄγγελοι.
3147 3027 3208 3079 Οί
3259 3025 3356 3096 μὲν
3405 3019 3497 3078 οὖν
3528 3022 3887 3093 δυνατώτεροι

668 3110 849 3164 .meris
886 3109 1190 3179 gestabunt,
1222 3117 1276 3162 et
1303 3106 1370 3160 ad
1398 3120 1573 3175 genua
1603 3106 2057 3160 consolabuntur:
2089 3120 2152 3160 ac
2182 3106 2295 3177 si."

2261 3152 2295 3190 ν.
2327 3118 2453 3181 τοὺς
2497 3117 2913 3190 ἀσθενεστέρους
2950 3118 3036 3170 ἐπ’
3079 3116 3243 3187 ὤμων
3272 3113 3618 3185 βαστάζουσα,
3654 3111 3752 3170 sal
3794 3114 3889 3167 tul

683 3211 861 3255 mater
886 3198 1009 3253 liliis
1035 3197 1362 3261 blandiatur,
1388 3204 1443 3249 et
1471 3210 1571 3265 ego
1605 3196 1716 3265 ipse
1742 3196 2016 3261 Dominus,
2050 3207 2228 3265 utpote
2266 3196 2296 3209 "

2266 3196 2296 3209 ”
2329 3210 2567 3279 γονάτων
2612 3209 3099 3281 παρακαλέσουσιν,
3149 3206 3334 3277 ὥσπερ
3378 3204 3431 3258 εί
3470 3222 3553 3269 τις
3601 3203 3784 3275 μήτηρ
3820 3205 3887 3260 τά

682 3306 870 3347 eorum
911 3289 1149 3345 omnium
1194 3286 1379 3354 Pater,
1425 3287 1833 3342 imbecilliorum
1868 3288 2231 3344 consolatores

2327 3300 2525 3369 ἑαυτῆς
2568 3298 2919 3372 παρακαλέσῃ
2967 3297 3153 3361 τέκνα,
3205 3293 3359 3364 κάγὼ
3390 3293 3549 3359 αὐτὸς
3584 3294 3614 3347 ό
3662 3292 3888 3364 Κύριος,

684 3380 1027 3438 consolabor.

2328 3391 2421 3445 ἀτε
2446 3391 2509 3462 δὴ
2537 3392 2751 3444 πάντων
2778 3389 2955 3443 αὐτῶν
2982 3388 3239 3459 ὑπάρχων
3268 3385 3477 3457 Πατήρ,
3526 3383 3890 3455 ταρακαλέσω

2326 3484 2448 3545 τοὺς
2472 3483 2578 3535 τῶν
2606 3482 2999 3553 ὑποδεεστέρων
3028 3480 3464 3552 παρακλήτορας.

777 3558 943 3614 Vens.
981 3557 1066 3614 ιι.
1120 3573 1141 3608 ι
1177 3556 1245 3611 Ει
1289 3555 1558 3621 videbitis,
1605 3566 1664 3613 et
1710 3558 1961 3630 gaudebit
2011 3574 2106 3614 cor
2136 3575 2231 3616 ve-
2402 3593 2421 3625 .
2454 3575 2561 3627 καὶ
2585 3574 2800 3643 δφεσθε,
2837 3573 2937 3627 καὶ
2966 3574 3264 3644 χαρήσεται
3297 3574 3331 3641 ἡ
3360 3573 3555 3644 καρδία
3580 3574 3759 3645 ὑμῶν,
3793 3571 3885 3625 καὶ

676 3662 879 3716 atrum,
908 3658 964 3705 et
1001 3662 1125 3704 ossa
1168 3659 1347 3703 vestra
1393 3649 1548 3719 quasi
1576 3648 1740 3703 herba
1774 3650 2167 3719 germinabunt.
2202 3668 2222 3703 ι

2325 3665 2458 3717 ὀστᾶ
2502 3664 2653 3734 ὑμῶν
2680 3662 2753 3726 ὡς
2788 3663 2981 3732 βοτάνη
3019 3662 3284 3716 ἀνατελεῖ.
3334 3681 3352 3713 ι
3401 3662 3510 3716 Καὶ
3553 3662 3713 3717 τοῦτο
3738 3662 3887 3725 τέλος

680 3746 786 3801 llic
810 3743 1218 3815 promissionum
1243 3741 1365 3797 ﬂnis
1386 3744 1507 3807 erit,
1534 3758 1739 3812 nempe,
1761 3742 2021 3799 Videbitis
2042 3745 2225 3799 Deum.

2326 3756 2477 3808 ἔσται
2500 3755 2610 3807 τῶν
2636 3753 2994 3822 ἐπαγγελιῶν,
3024 3753 3107 3817 τὸ,
3142 3751 3371 3823 Ὀψεσθε
3392 3751 3482 3805 τὸν
3510 3751 3663 3807 θεόν.
3694 3752 3784 3804 Διὸ
3797 3750 3885 3803 καὶ

678 3836 1042 3904 Quamobrem
1082 3832 1328 3888 Salvator
1391 3834 1489 3889 bos
1536 3834 1721 3889 beatos
1768 3837 2091 3904 praedicabat
2146 3837 2231 3893 bis

2323 3849 2354 3900 ό
2378 3846 2565 3922 Σωτὴρ
2578 3845 2798 3909 τούτους
2813 3844 3111 3916 ἐμακάριζε
3127 3845 3299 3913 λέγων
3315 3862 3328 3874 ·
3349 3862 3367 3894 ‹
3392 3844 3669 3915 Μακάριοι
3684 3845 3733 3896 οί
3756 3841 3882 3896 καθ-

683 3927 885 3991 verbis,
924 3943 943 3976 ι
981 3924 1131 3979 Beati
1170 3926 1366 3980 mundo
1397 3926 1576 3991 corde,
1611 3928 1867 3993 quoniam
1916 3927 2016 3998 ipsi
2061 3928 2226 3982 Deum

2325 3938 2448 4008 apol
2478 3939 2543 4007 τῇ
2570 3936 2784 4007 καρδία,
2819 3938 2895 3989 ὅτι
2926 3935 3075 3989 αὐτοὶ
3101 3936 3190 3989 τὸν
3217 3934 3349 3989 Θεὸν
3376 3933 3752 4003 ὄψονταιη-ι
3775 3934 3881 3988 Kal

687 4018 941 4073 videbunt
972 4016 1038 4071 ³³.
1074 4034 1096 4069 ι
1131 4045 1199 4057 -
1233 4033 1253 4067 ι
1278 4016 1354 4071 Et
1404 4029 1755 4087 cognoscetur
1792 4032 1981 4073 manus
2021 4018 2229 4074 Domini

2326 4026 2695 4097 γνωσθήσεται
2720 4027 2753 4095 ή
2785 4026 2901 4099 χεὶρ
2929 4026 3129 4097 Κυρίου
3160 4028 3271 4088 τοῖς
3303 4024 3654 4096 φοϐουμένοις
3694 4024 3874 4090 αὐτὸν,

685 4108 1002 4165 timentibus
1042 4121 1187 4173 eum,
1213 4114 1268 4161 et
1303 4107 1591 4162 minabitur
1619 4108 1927 4163 incredulis.
1960 4128 1981 4162 ι

1668 4108 1927 4163 ιοΐθάιιιίε.
1960 4128 1981 4162 ι
2326 4119 2421 4171 καὶ
2446 4118 2726 4188 ἀπειλήσει
2766 4121 2877 4183 τοῖς
2907 4116 3242 4172 ἀπειθοῦσιν.
3277 4135 3296 4169 ι

756 4200 919 4257 Vsus.
965 4199 1053 4255 l5.
1089 4216 1109 4250 ι
1138 4199 1273 4255 Ecce
1314 4198 1455 4255 enim
1480 4197 1739 4254 Dominus
1770 4201 1917 4269 quasi
1956 4200 2095 4270 ignis
2140 4214 2232 4255 ve-

2402 4226 2423 4261 ι
2459 4208 2586 4262 Ἰδοὺ
2622 4208 2727 4281 γὰρ
2751 4208 2954 4282 Κύριος
2982 4208 3058 4271 ὡς
3083 4208 3194 4277 πῦρ
3231 4206 3371 4279 seu,
3407 4206 3502 4261 καὶ
3528 4205 3605 4271 ὡς
3633 4206 3882 4274 καταιγὶς

673 4294 818 4358 νοὶει,
849 4300 905 4346 et
934 4290 1087 4361 quasi
1122 4299 1413 4361 tempestas
1447 4304 1641 4345 currus
1680 4290 1816 4359 eius,
1852 4300 1909 4345 ut
1942 4292 2131 4346 reddat
2175 4290 2229 4346 in

2326 4298 2396 4353 τὰ
2455 4300 2674 4371 ἅρματα
2719 4298 2921 4363 αὐτοῦ,
2968 4297 3254 4353 ἀποδοῦναι
3299 4299 3357 4351 έν
3408 4296 3562 4368 θυμῷ
3606 4297 3882 4367 ἐκδίκησιν

678 4387 871 4440 {urore
900 4382 1175 4449 ultionem,
1203 4392 1259 4437 et
1284 4382 1705 4452 increpationem
1735 4396 1886 4435 suam
1929 4382 1983 4436 in
2015 4382 2230 4438 ﬂamma

2328 4388 2513 4453 αὑτοῦ,
2547 4389 2640 4442 καὶ
2669 4387 3144 4459 άποσκορακισμδν
3170 4386 3333 4441 αὐτοῦ
3363 4388 3421 4439 ὲν
3452 4386 3611 4455 φλογὶ
3644 4388 3837 4457 πυρός.
3857 4405 3877 4439 ι

680 4476 849 4545 ignis.
889 4493 909 4526 ι
945 4474 1059 4530 Jam
1101 4476 1407 4529 memoratis
1459 4474 1765 4530 hominibus
1808 4490 1928 4544 quae
1980 4479 2224 4545 superius
2254 4492 2300 4547 ι)

2254 4492 2300 4547 Ι)
2326 4482 2447 4544 Τοῖς
2480 4481 2577 4551 μὲν
2611 4478 2921 4549 δηλωθείσιν
2953 4478 3342 4547 ἐπαγγέλλεται
3367 4475 3435 4531 τά
3452 4476 3874 4549 προλελεγμένα·

688 4569 829 4621 dicta
860 4576 985 4620 sunt
1008 4565 1329 4635 pollicetur;
1365 4565 1431 4619 iis
1457 4580 1605 4631 vero,
1638 4566 1730 4635 qui
1770 4568 2099 4621 contrariam
2145 4570 2227 4623 in-

2331 4574 2440 4636 τοῑς
2467 4572 2522 4623 δὲ
2555 4571 2653 4641 τήν
2685 4570 2929 4624 ἐναντίαν
2967 4567 3387 4640 πεπορευμένοις
3421 4568 3536 4621 όδδν
3589 4569 3880 4639 ἠπείλησεν

689 4660 802 4714 iere
831 4657 1003 4722 viam,
1038 4658 1427 4713 comminatur:
1470 4672 1534 4712 ac
1582 4668 1972 4727 consequenter
2004 4660 2230 4714 commi-

2329 4661 2585 4733 ἀπειλήν·
2633 4661 2729 4713 καὶ
2776 4658 3076 4722 ἀκολούθως
3118 4650 3351 4713 διδάσκει
3379 4658 3471 4712 τὸν
3508 4659 3621 4736 τῆς.
3654 4658 3879 4730 ἀπειλῆς

690 4747 925 4803 nationis
949 4748 1210 4802 rationem
1238 4748 1455 4811 edocet,
1504 4751 1799 4804 secundum
1834 4758 1889 4803 et
1939 4748 2227 4820 gloriosum

2331 4750 2545 4822 τρόπον,
2614 4751 2881 4821 παριστὰς
2939 4750 3037 4821 τὴν
3085 4747 3336 4819 δευτέραν
3395 4749 3489 4802 καὶ
3536 4747 3745 4813 ἔνδοξον
3787 4750 3878 4803 τοῦ

686 4837 991 4895 Servatoris
1012 4837 1297 4891 adventum
1329 4837 1633 4905 declarans,
1664 4840 1877 4908 quando
1906 4840 2085 4895 veniet
2106 4855 2227 4894 cum

2332 4843 2578 4913 Σωτῆρος
2628 4842 2949 4912 παρουσίαν,
2994 4841 3081 4893 ὅτε
3107 4840 3225 4910 ἡξει
3284 4839 3421 4911 μετὰ
3456 4840 3554 4911 τῆς
3584 4841 3744 4911 δόξης
3788 4841 3888 4895 τοῦ

689 4931 858 4999 gloria
886 4927 1084 4995 Patris,
1110 4938 1165 4983 et
1211 4944 1332 4984 cum
1377 4930 1579 4999 angelis
1611 4932 1741 4999 suis,
1786 4931 2038 5001 judicare
2081 4932 2229 4987 vivos

2333 4932 2542 5004 Πατρὸς
2566 4932 2660 4985 καὶ
2693 4930 2829 5003 μετά
2850 4930 2955 4985 τῶν
2979 4930 3219 5000 ἀγγέλων
3248 4930 3431 4995 αὑτοῦ,
3462 4932 3644 5001 κρῖναι
3677 4930 3879 4997 ζῶντας

686 5032 744 5075 et
774 5029 1033 5073 mortuos.

2328 5025 2422 5079 καὶ
2448 5023 2688 5095 νεκρούς.

760 5107 927 5163 Vsus.
970 5108 1054 5163 l6.
1084 5126 1125 5166 ,ι
1169 5106 1225 5162 In
1268 5109 1389 5180 igne
1426 5110 1568 5165 enim
1635 5112 1844 5168 Domini
1904 5112 2235 5184 iudicabitur

2402 5134 2422 5166 ι
2474 5116 2563 5167 Ἑν
2592 5114 2700 5185 γὰρ
2726 5112 2804 5184 τῷ
2826 5112 2957 5185 πορὶ
2981 5113 3182 5185 Κυρίου
3207 5112 3523 5184 κριθήσεται
3549 5112 3699 5165 πᾶσα
3718 5113 3753 5182 ή
3786 5111 3876 5180 γῆ,

678 5200 868 5254 omnis
898 5208 1069 5264 terra,
1102 5209 1158 5254 et
1196 5199 1247 5253 in
1282 5201 1459 5269 gladio
1501 5201 1617 5270 eius
1657 5206 1831 5260 omnis
1868 5218 2043 5259 caro:
2082 5203 2231 5257 multi

2325 5206 2422 5259 καὶ
2451 5208 2509 5259 έν
2548 5208 2616 5275 τῇ
2644 5205 2884 5277 ῥομφαίᾳ
2916 5204 3078 5259 αὑτοῦ
3107 5206 3255 5258 πᾶσα
3286 5204 3451 5275 σάρξ’
3499 5203 3682 5257 πολλοὶ
3721 5220 3876 5274 τραυ-

686 5290 959 5345 vulnerati
982 5300 1139 5345 erunt
1167 5306 1197 5345 a
1216 5290 1467 5347 Domino.
1507 5311 1526 5345 ι
1560 5292 1825 5348 Furorem
1854 5295 1971 5362 ejus
2001 5306 2125 5348 esse
2152 5292 2234 5347 ul-

2333 5297 2519 5368 ματίαι
2559 5295 2770 5349 ἔσονται
2798 5296 2903 5349 ὑπὸ
2947 5296 3173 5370 Κυρίου.
3232 5314 3252 5347 ι
3301 5294 3482 5365 Θυμδς
3518 5293 3577 5346 δὲ
3618 5293 3783 5347 αὐτοῦ
3823 5293 3875 5347 αἱ

686 5383 858 5438 trices
886 5392 1177 5452 potestates
1212 5384 1435 5454 intelligi
1482 5384 1621 5440 solet
1652 5402 1667 5449 ;
1714 5394 1769 5440 et
1811 5384 2227 5461 increpationem

2331 5386 2645 5441 κολαστικαὶ
2675 5387 2768 5439 καὶ
2801 5386 3160 5459 τιμωρητικαὶ
3203 5385 3457 5455 δυνάμεις
3481 5382 3701 5437 εἰώθασι
3730 5382 3875 5454 νομί-

687 5488 847 5529 suam
882 5474 934 5528 in
964 5473 1174 5529 ﬂamma
1206 5475 1343 5545 ignis
1377 5485 1563 5529 contra
1605 5476 1820 5531 eosdem
1871 5476 2067 5530 mittet.
2105 5471 2230 5527 Gla-

2328 5476 2532 5542 ζεσθαι,
2566 5477 2659 5531 καὶ
2695 5476 2784 5530 τὸν
2814 5477 3287 5549 άποσκορακισμδν
3311 5475 3473 5530 αὑτοῦ
3503 5477 3561 5529 ὲν
3594 5476 3730 5547 πυρὶ
3752 5473 3874 5543 φλο-

687 5570 840 5624 dium
862 5584 989 5623 vero
1018 5584 1275 5640 corporeo
1322 5584 1469 5625 more
1518 5569 1777 5637 nominat,
1822 5579 1879 5626 et
1919 5566 2226 5624 vulneratos

2327 5567 2421 5637 γδς
2448 5568 2587 5623 κατά
2616 5566 2723 5623 τῶν
2752 5568 2927 5623 αὐτῶν
2959 5570 3175 5642 ἀφήσει.
3216 5568 3513 5640 Ῥομφαίαν
3544 5566 3601 5621 δὲ
3627 5565 3872 5639 ὀνομάζει

2243 3170 2247 3177 ,
2259 3152 2295 3173 η

2266 3186 2296 3209 J

762 5745 811 5777 ³³
850 5744 1006 5801 Cant.
1038 5759 1073 5809 ι,
1106 5744 1153 5796 l.
1228 5744 1269 5776 ⁸³
1292 5742 1475 5798 Matth.
1508 5758 1558 5809 ν,
1591 5742 1644 5796 8.
