4124 6410
255 417 358 476 εει

1155 415 1656 474 COMMENTARIA
1691 414 1762 472 IN
1807 413 2062 472 lSAlAM.
2105 447 2172 457 —
2209 414 2361 474 CAP.
2401 415 2584 474 LXVI.

3400 425 3505 480 522

257 541 735 604 αωματικεὶπερον,
763 531 857 586 καὶ
882 529 1226 602 τραυματίας
1263 528 1542 594 ὡσαύτως.
1578 529 1730 584 Ἐπεὶ
1757 529 1816 600 μὶ

1937 527 2212 583 similiter.
2247 528 2384 596 Quta
2432 528 2534 593 illi,
2585 535 2772 593 utpote
2817 525 3008 594 Judai,
3052 545 3158 586 non
3205 531 3309 588 alio
3339 539 3504 590 modo

256 619 434 686 ἄλλως
475 617 546 693 ἦν
575 621 808 686 ἀκούειν,
846 620 1129 685 Ἰουδαίους
1157 619 1315 684 ὄντας
1347 619 1441 674 καὶ
1489 621 1565 691 μὴ
1597 618 1739 684 οἵους
1770 636 1832 672 τε
1860 637 1888 660 ο

257 711 690 782 παρακολουθεῖν
728 713 793 782 τῇ
834 709 944 764 τῶν
983 709 1157 780 λόγων
1188 709 1416 781 διανοίᾳ.
1479 710 1540 763 '0
1588 709 1687 780 μὲν
1737 704 1831 762 οὖν

267 797 595 862 ’Δπόστολος
631 799 721 852 τὸν
744 799 854 853 τῶν
893 800 1271 871 προκειμένων
1302 799 1429 854 νοῦν
1465 799 1720 870 διασαφεῖ
1741 799 1830 854 λέ-

252 905 369 957 γων
387 908 400 920 ·
434 909 452 942 ι
482 889 638 944 Κατά
661 890 718 943 δέ
741 890 842 961 τὴν
873 889 1214 963 σκληρότητά
1231 907 1326 944 σου
1343 891 1435 944 καὶ
1463 891 1831 962 ἀμετανόητον

254 980 486 1051 καρδίαν
520 980 864 1052 θησαυρίζεις
891 980 1102 1052 σεαυτῷ
1149 980 1318 1053 ὀργὴν
1356 983 1416 1035 ἐν
1445 981 1628 1054 ἡμέρᾳ
1657 982 1831 1055 ὀργῆς

254 1066 350 1119 καὶ
380 1067 795 1138 ἀποκαλύψεως,
832 1071 928 1124 καὶ
957 1070 1354 1141 δικαιοκρισίας
1398 1069 1556 1137 Θεοῦ,
1593 1072 1652 1138 δς
1694 1074 1830 1126 ἀπο-

251 1151 414 1209 δώσει
447 1157 664 1229 ἑκάστῳ
699 1158 840 1213 κατά
871 1159 940 1213 τά
965 1159 1100 1231 ἐργα
1130 1158 1319 1214 αὑτοῦ.
1358 1180 1379 1213 ι

329 1263 352 1300 ε
385 1248 448 1301 Οί
490 1249 830 1332 ἁγνιζόμενοι
867 1251 961 1304 καὶ
989 1250 1410 1324 καθαριζόμενοι
1451 1253 1532 1317 είς
1561 1255 1688 1318 τοὺς
1721 1255 1823 1324 κή-

252 1354 411 1402 ¹ιοους,
446 1341 543 1392 καὶ¹
584 1341 642 1392 ἐν
677 1343 790 1404 τοῖς
823 1341 1116 1413 προθύροις
1158 1342 1408 1408 ισθοντες
1443 1343 1612 1416 κρέας
1658 1344 1822 1412 ὕειον,

251 1433 348 1488 καὶ
373 1432 440 1486 τά
468 1432 808 1503 βδελύγματα
840 1434 935 1487 καὶ
963 1435 1056 1487 τὸν
1084 1433 1212 1505 μῦν,
1243 1436 1338 1488 ἐπὶ
1369 1436 1430 1489 τὸ
1458 1437 1589 1490 αὐτὸ
1616 1437 1826 1491 ἀναλω-

251 1522 534 1594 θήσονται.
576 1543 596 1575 ι
638 1525 724 1588 Ὦς
752 1525 947 1596 μηκέτι
979 1526 1121 1579 κατά
1145 1527 1236 1580 τὸν
1262 1527 1426 1596 νόμον
1450 1527 1511 1580 ὃν
1539 1529 1824 1600 παρέδωκε

250 1615 493 1682 Μωῦσῆς
515 1614 973 1687 καθαριζομένους
1004 1616 1182 1688 σποδῷ
1205 1617 1489 1688 δαμάλεως
1517 1621 1612 1674 καὶ
1639 1625 1824 1692 περιρ-

250 1708 564 1780 ῥαντηρίοις
593 1708 810 1779 ἡμερῶν
835 1709 974 1763 ἐπτά
999 1710 1092 1762 καὶ
1117 1712 1237 1772 ταῖς
1263 1709 1352 1764 διά
1396 1709 1597 1764 θυσιῶν
1620 1711 1824 1784 καθάρ-

1936 618 2236 690 intelligere
2263 628 2538 689 poterant,
2573 628 2633 673 ut
2667 619 2758 686 qui
2802 634 2909 674 non
2940 620 3183 678 valerent
3210 625 3503 680 verborum

1932 721 2166 767 mentem
2211 712 2492 781 subsequi.
2531 710 2822 780 Apostolus
2851 721 3000 767 certe
3035 713 3163 768 dicti
3215 717 3358 784 quod
3391 725 3506 770 tra-

1930 810 2143 860 ctamus
2182 816 2402 858 sensum
2439 803 2614 872 aperit
2649 801 2733 856 liis
2757 801 2958 866 verbis,
2994 820 3014 854 ι
3063 802 3373 860 Secundum
3407 821 3505 860 au-

1931 902 2038 947 tem
2089 893 2344 950 duritiem
2387 903 2536 950 tuam
2591 902 2648 948 et
2699 893 3046 962 impmnitens
3095 910 3192 950 cor
3237 896 3504 950 thesauri-

1931 999 2024 1040 τοι
2050 984 2146 1039 tibi
2175 985 2312 1040 iram
2344 986 2397 1040 in
2425 985 2514 1041 die
2551 985 2646 1040 ira
2672 993 2728 1039 et
2757 983 3129 1050 rev‘elatiouis,
3157 996 3212 1042 et
3234 987 3366 1054 justi
3407 986 3500 1055 ju-

1928 1073 2055 1130 dicii
2101 1075 2219 1142 Dei,
2267 1076 2361 1146 qui
2415 1076 2605 1132 reddet
2657 1075 2954 1147 unicuique
2995 1076 3295 1132 secundum
3333 1093 3499 1150 opera

1926 1183 2022 1224 sua
2051 1169 2118 1224 “.
2151 1187 2173 1222 ο

1997 1260 2167 1316 Vsus.
2200 1262 2287 1316 l7.
2319 1281 2338 1314 ε
2369 1262 2470 1330 Qui
2501 1263 2922 1321 sanctiﬁcantur
2943 1276 2999 1323 et
3036 1265 3396 1337 puriﬁcantur
3440 1263 3496 1320 in

1927 1353 2120 1418 hortis,
2143 1363 2198 1409 et
2219 1354 2273 1409 in
2294 1353 2570 1412 liminibus
2582 1358 2932 1413 comedentes
2954 1373 3174 1416 carnem
3196 1359 3496 1427 porcinam.

1923 1455 1978 1499 et
2010 1444 2441 1503 abominationes
2485 1457 2540 1502 et
2582 1463 2816 1514 murem,
2851 1451 3011 1504 simul
3037 1459 3446 1505 consumantur.
3469 1465 3494 1503 ι

1923 1535 1998 1590 ita
2035 1545 2095 1590 ut
2132 1552 2238 1592 non
2276 1538 2506 1594 alterius
2537 1542 2834 1594 secundum
2865 1540 3059 1611 legem,
3085 1554 3248 1610 quam
3275 1537 3499 1595 tradidit

1925 1624 2380 1697 Moyses.cinere
2417 1630 2596 1686 vitula
2622 1639 2676 1685 et
2714 1631 3114 1698 aspersionibus
3155 1633 3361 1687 dierum
3407 1645 3500 1689 so-

1923 1723 2088 1784 ptem,
2121 1717 2584 1775 sacrificiorumve
2605 1721 3016 1790 purgationibus
3057 1722 3492 1778 mandarentur:

251 1817 406 1856 σεσιν
426 1818 440 1831 ο
459 1801 580 1855 ἀντὶ
603 1801 664 1855 δέ
689 1800 910 1866 τούτων,
939 1805 996 1856 ἐν
1022 1803 1204 1866 αὐτοῖς
1223 1805 1729 1875 περινοστήσαντες,
1760 1804 1816 1858 τὸ

1923 1806 2016 1861 sed
2054 1808 2246 1862 borum
2280 1809 2422 1872 vice,
2459 1820 2747 1880 postquam
2794 1811 2849 1865 in
2896 1811 2981 1866 bis
3010 1813 3212 1867 versati
3249 1811 3492 1878 fuerant,

245 1891 317 1946 δι’
363 1891 556 1955 ὕδατος
602 1891 894 1962 καθάρσιον
941 1894 1207 1965 ἀπαρκεῖν
1253 1894 1436 1957 αὐτοῖς
1476 1893 1664 1965 ᾤοντο,
1709 1900 1816 1960 τοῖς

1923 1898 2301 1966 purgationem
2353 1877 2689 1969 per—aquam
2736 1900 2986 1956 subicere
3035 1903 3139 1967 sibi
3188 1877 3491 1972 putabant,

242 1972 390 2038 οἶατά
418 2001 571 2049 τινας
602 1986 807 2056 κήπους
850 1984 1034 2038 ῦδασιν
1080 1983 1461 2049 ἀπολούεσθαι,
1493 1986 1586 2039 καὶ
1624 1987 1818 2057 μηκέτι

247 2076 478 2146 μηδενὸς
497 2074 702 2129 δεῖσθαι
733 2075 841 2128 τῶν
863 2075 1388 2148 νενομοθετημένων.
1429 2076 1499 2129 Ἦ
1527 2078 1620 2131 καὶ
1645 2077 1818 2142 ἄλλως

246 2166 388 2238 μετά
421 2167 625 2238 μιαράς
657 2168 751 2222 καὶ
783 2167 1123 2240 ἀκαθάρτους
1161 2168 1408 2238 πράξεις,
1435 2167 1729 2240 ἀθεμίτους
1757 2186 1816 2223 τε

241 2261 637 2331 αἰσχρουργίας
680 2257 929 2330 ἐνόμιζον
970 2259 1145 2330 ψιλοῖς
1193 2259 1348 2314 ὕδασι
1377 2258 1693 2334 κιθαρίζειν
1718 2262 1817 2326 τάς

239 2351 456 2428 ιαυτῷν
485 2351 682 2421 ψυχάς.

325 2547 346 2580 ε
373 2529 548 2598 Κάγὼ
578 2527 646 2584 τά
672 2529 808 2601 ἔργα
837 2531 1040 2596 αὐτῶν,
1074 2532 1169 2586 καὶ
1209 2532 1299 2587 τὸν
1330 2532 1586 2605 λογισμὸν
1615 2532 1812 2587 αὐτῶν.

244 2620 520 2692 Ἔρχομαι
544 2624 863 2690 συναγαγεῖν
883 2623 1059 2677 πάντα
1074 2622 1145 2677 τά
1163 2623 1291 2694 εθνη
1316 2623 1528 2688 καὶτὰς
1541 2623 1814 2692 γλώσσας,

243 2712 339 2766 καὶ
353 2711 544 2783 ἥξουσι
563 2713 655 2766 καὶ
674 2711 893 2782 ὄψονται
921 2715 1019 2786 τὴν
1034 2713 1188 2780 δόξαν
1218 2732 1339 2786 μου.
1353 2734 1372 2766 ι
1401 2713 1740 2787 Σαφέστερον
1759 2715 1815 2768 δέ

241 2803 274 2857 ὁ
311 2803 503 2878 Σωτὴρ
534 2806 592 2859 ἐν
620 2808 731 2869 τοῖς
762 2804 1112 2875 Εὐαγγελίοις
1149 2806 1386 2862 διδάσκει
1412 2805 1586 2861 ταῦτα
1608 2805 1810 2874 λέγων’

249 2911 272 2946 ε
301 2894 470 2950 Ὅταν
497 2895 554 2949 δέ
582 2894 710 2968 ιλθῃ
736 2897 766 2950 δ
791 2895 921 2959 Υίὸς
943 2894 1038 2949 τοῦ
1068 2895 1352 2968 ἀνθρώπου
1384 2897 1442 2950 ἐν
1470 2900 1536 2968 τῇ
1560 2897 1687 2968 δόξῃ
1720 2897 1813 2949 τοῦ

247 2987 460 3061 ῐΙατρδς
485 2988 670 3051 αὑτοῦ,
700 2988 794 3043 καὶ
828 2989 1029 3052 πάντες
1051 2989 1102 3040 oi
1145 2988 1291 3056 ἀγιοι
1317 2988 1538 3057 ἄγγελοι
1569 2989 1686 3059 μετ’
1714 2987 1814 3040 αύ-

240 3075 367 3130 τοῦ’
401 3076 495 3130 καὶ
519 3076 802 3150 συνάξουσι
826 3076 1002 3131 πάντα
1032 3076 1102 3130 τά
1133 3075 1259 3148 ἔθνη
1285 3075 1592 3148 ἐμπροσθεν
1623 3076 1810 3141 αὑτοῦ,

1921 1989 2279 2057 qaorumdam
2325 1991 2604 2045 hortorum
2632 1993 2788 2062 squis
2822 2009 2880 2048 se
2905 1993 3050 2048 ablui
3091 2002 3146 2047 et
3173 1991 3493 2067 emaculari,

1922 2092 2022 2133 nec
2055 2077 2195 2132 ultra
2230 2093 2418 2133 eorum
2461 2095 2580 2150 qua:
2611 2083 2665 2136 in
2716 2083 2837 2151 lege
2862 2083 3255 2154 praecipiuntur
3288 2083 3396 2138 ullo
3433 2097 3496 2139 se

1919 2181 2056 2239 opus
2085 2168 2309 2227 habere.
2335 2171 2740 2228 existimantes.
2770 2173 2902 2226 Nam
2944 2175 3080 2230 alias
3108 2183 3226 2243 post
3255 2173 3494 2230 admissa.

1923 2259 2098 2328 turpia
2142 2259 2384 2313 l'aciuora
2411 2304 2424 2324 ,
2470 2270 2526 2315 et
2570 2272 2692 2330 ροδι
2745 2263 2960 2318 illicitas
3000 2273 3295 2332 turpesque
3323 2267 3495 2319 actio-

1921 2365 2043 2414 nes,
2078 2349 2314 2420 simplici
2360 2366 2497 2422 aqua
2543 2354 2755 2409 animas
2801 2357 3047 2410 mandari
3089 2369 3218 2410 suas
3261 2355 3493 2409 arbitra-

1917 2437 2135 2494 bantur.

1993 2527 2153 2585 Vens.
2184 2529 2270 2585 18.
2316 2550 2335 2582 ι
2372 2530 2440 2586 Ει
2465 2546 2565 2603 ego
2589 2547 2754 2603 opera
2778 2549 2990 2598 eorum,
3017 2541 3072 2590 et
3101 2533 3488 2603 cogitationem

1917 2634 2103 2674 eorum
2140 2620 2342 2695 [novi].
2387 2623 2452 2678 Et
2480 2626 2638 2679 venio
2669 2634 2730 2680 ut
2761 2639 3088 2696 congregem
3126 2639 3316 2679 omnes
3359 2637 3492 2694 gen-

1921 2720 2002 2766 tes
2044 2721 2101 2766 et
2145 2713 2397 2782 linguas:
2459 2721 2516 2768 et
2566 2714 2790 2769 venient
2842 2724 2897 2768 et
2951 2715 3214 2768 videbunt
3262 2713 3494 2783 gloriam

1917 2817 2113 2857 meam.
2156 2821 2175 2854 ι
2210 2801 2335 2860 Haec
2369 2804 2570 2861 clarius
2609 2806 2870 2861 Servator
2899 2805 2954 2859 in
2994 2806 3305 2874 Evangeliis
3335 2806 3495 2859 docet

1915 2893 2004 2947 his
2045 2895 2258 2948 verbis:
2291 2913 2309 2945 ι
2339 2894 2472 2949 Cum
2503 2895 2714 2950 venerit
2745 2894 2916 2949 Filius
2949 2897 3186 2952 hominis
3237 2898 3290 2952 in
3323 2895 3492 2966 gloria

1915 2981 2098 3040 Patris
2126 2986 2231 3050 sui,
2260 2993 2318 3040 et
2346 3001 2536 3040 omnes
2559 2986 2737 3041 sancti
2765 2987 2940 3056 angeli
2973 3002 3096 3040 cum
3121 3004 3228 3047 eo:
3266 2997 3320 3042 et
3363 3003 3497 3042 cnu-

1916 3075 2216 3144 grcgabunt
2249 3089 2440 3131 omnes
2470 3084 2657 3145 gentes
2689 3077 2744 3131 in
2787 3087 3080 3148 conspectu
3121 3079 3276 3146 ejus,
3314 3088 3370 3133 et
3404 3093 3494 3134 se-

241 3166 336 3221 καὶ
363 3167 580 3238 ἀφοριεϊ
611 3154 828 3234 αὐτοὺς,
862 3168 921 3222 ὃν
950 3168 1150 3241 τρόπον
1178 3167 1425 3242 ἀφορίζει
1449 3171 1478 3223 ό
1503 3167 1706 3240 ποιμὴν
1741 3169 1809 3222 τὰ

1917 3166 2162 3236 gregabit
2187 3180 2302 3232 eos,
2335 3167 2786 3236 quemadmodum
2836 3177 3086 3238 segregat
3122 3178 3309 3238 pastor
3349 3185 3483 3226 oves

240 3256 490 3330 πρόδατα
518 3257 626 3311 ἀπὸ
647 3258 756 3312 τῶν
789 3259 1013 3330 ἐρίφων,
1055 3278 1074 3311 ι
1111 3259 1207 3312 καὶ
1236 3259 1304 3312 τά
1333 3257 1480 3328 ἐξῆς.
1513 3260 1625 3313 Kal.
1653 3257 1811 3312 τοῦτο

238 3347 299 3403 δέ
324 3347 487 3402 πάλιν
508 3351 619 3412 τοῖς
645 3348 852 3406 ἐθνεσιν
875 3349 1290 3419 ἐπαγγέλλεται,
1323 3349 1386 3402 τὸ
1412 3349 1808 3421 καταξιωθῆναι

240 3435 538 3490 θεάσασθαι
568 3438 667 3509 τὴν
689 3437 848 3504 δόξαν
879 3439 1060 3493 αὑτοῦ.

319 3546 339 3579 ε
372 3530 482 3582 Καὶ
507 3529 817 3599 καταλείψω
843 3531 930 3584 ἐπ’
970 3531 1152 3586 αὐτῶν
1197 3535 1441 3605 σημεῖον,
1481 3531 1578 3586 καὶ
1612 3532 1810 3599 ἐξαπο-

243 3619 413 3675 στελῶ
441 3621 500 3687 se
531 3620 709 3675 αὐτῶν
742 3622 1114 3694 σεσωσμένους
1140 3627 1219 3689 είς
1249 3624 1320 3678 τά
1356 3623 1506 3697 ἔθνη,
1547 3626 1627 3689 είς
1662 3624 1809 3697 Θαρ-

242 3708 374 3770 σεῖς,
402 3707 497 3760 καὶ
527 3707 684 3773 Φοὺδ,
711 3709 804 3762 xal.
833 3710 990 3776 Λοὺδ,
1024 3712 1118 3764 καὶ
1149 3711 1352 3784 Μοσδχ,
1388 3713 1483 3766 καὶ
1508 3715 1589 3777 είς
1617 3712 1806 3777 Θοὸὲλ,

238 3797 334 3851 καὶ
355 3799 434 3861 είς
447 3797 546 3870 τὴν
561 3798 802 3865 Ἐλλάδα,
830 3800 924 3854 καὶ
944 3802 1024 3865 εἰς
1050 3801 1147 3865 τάς
1172 3804 1368 3875 νήσους
1390 3803 1490 3868 τὰς
1519 3804 1706 3876 πόρρω
1722 3822 1736 3835 ο
1759 3805 1810 3857 οἶ

235 3889 339 3944 οὐκ
363 3890 636 3960 ἀκηκόασί
667 3908 765 3962 μου
803 3892 863 3946 τὸ
889 3893 1078 3965 ὄνομα,
1109 3893 1230 3948 οὔτε
1262 3895 1538 3965 ἐωράκασί
1585 3913 1687 3966 μου
1713 3896 1813 3968 τὴν

234 3979 415 4046 δόξαν.
444 3982 557 4036 Kal.
588 3983 945 4051 ἀναγγελοῦσι
973 3986 1072 4056 τὴν
1099 3985 1254 4053 δόξαν
1289 4003 1390 4057 μου
1430 3986 1489 4040 ἐν
1515 3989 1629 4050 τοῖς
1665 3985 1812 4040 ἔθνε-

240 4087 314 4125 σι.
347 4089 368 4122 ι
411 4072 521 4125 Καὶ
551 4073 612 4124 ἐν
648 4075 760 4136 τοῖς
785 4073 1092 4146 ἔμπροσθεν
1121 4076 1358 4144 ἐλέγετο,
1405 4077 1488 4131 ὃτι
1542 4097 1562 4129 r
1595 4072 1690 4142 Οἷς
1711 4078 1811 4132 οὐκ

237 4159 516 4231 ἀνηγγέλη
558 4161 685 4232 περὶ
726 4161 891 4216 αὑτοῦ
935 4162 1174 4238 δψονται,
1208 4165 1258 4218 oZ
1298 4164 1399 4218 οὐκ
1457 4165 1746 4236 ἀκηκόασι.
1786 4185 1805 4217 ι

237 4253 352 4308 Kal.
375 4252 557 4306 πάλινο
596 4271 616 4305 t
637 4255 916 4328 Ἐμφανὴς
940 4257 1204 4327 ἐγενόμην
1231 4260 1343 4321 τοῖς
1372 4257 1474 4328 ἐμὲ
1501 4257 1575 4329 μὴ
1603 4259 1811 4331 ἐπερω-

235 4344 427 4412 τῶσιν,
456 4345 684 4420 εὐρέθην
699 4349 809 4410 τοῖς
837 4347 936 4419 sps
967 4347 1042 4419 μὴ
1074 4347 1443 4420 ἐπιζητοῦσινο
1487 4345 1636 4402 εῐπα·
1680 4351 1809 4405 Ἰδού

238 4437 378 4507 είμι,
407 4440 520 4500 τοῖς
554 4437 628 4509 μὴ
674 4438 1118 4510 ἐπικαλουμένοις
1157 4440 1218 4492 τὸ
1247 4440 1420 4512 δνομά
1465 4459 1588 4513 μου.
1625 4463 1644 4496 ι
1676 4443 1811 4497 Τού-

1915 3258 1982 3309 ab
2016 3255 2200 3321 haedis,
2238 3274 2260 3307 ο
2288 3264 2342 3311 et
2367 3265 2584 3310 caetera.
2616 3255 2684 3310 Et
2713 3257 2817 3310 boc
2851 3255 3046 3310 iterum
3082 3259 3338 3327 gentibus
3367 3259 3482 3327 poi-

1914 3346 2137 3414 licetur,
2169 3346 2312 3416 quod
2346 3360 2543 3416 nempe
2573 3344 2816 3400 futurum
2861 3347 2934 3402 sit
2964 3355 3022 3400 ut
3057 3349 3284 3416 gloriam
3316 3348 3486 3418 ipsius

1913 3437 2098 3493 videre
2139 3437 2312 3507 digna
2344 3437 2665 3492 habeantur.

1981 3528 2148 3585 Vitas.
2189 3527 2278 3584 19.
2313 3546 2332 3580 ι
2366 3526 2434 3581 Ει
2469 3527 2771 3598 relinquam
2799 3541 2967 3596 super
3008 3542 3104 3583 eos
3141 3529 3395 3599 signum:
3428 3538 3490 3586 et

1912 3621 2159 3675 emittam
2191 3635 2259 3674 ex
2309 3618 2414 3674 illis
2452 3633 2549 3674 eos
2573 3620 2664 3688 qui
2702 3618 2893 3673 salvati
2948 3619 3151 3675 fuerint
3178 3621 3245 3675 ad
3274 3631 3485 3692 gentes,

1913 3711 1968 3766 in
2000 3711 2244 3776 Tharsis,
2289 3719 2342 3766 et
2373 3709 2548 3775 Pbud,
2586 3719 2641 3764 et
2683 3709 2824 3776 Lud,
2869 3720 2926 3766 et
2969 3711 3021 3764 in
3063 3711 3305 3774 Mosocb,
3341 3722 3395 3765 et
3427 3713 3484 3766 in

1914 3801 2136 3867 Thobel,
2169 3811 2224 3857 et
2255 3801 2308 3856 in
2347 3799 2634 3864 Grmciam,
2662 3811 2717 3856 et
2746 3800 2799 3854 in
2833 3800 3038 3855 insulas
3073 3810 3344 3866 remotas;
3385 3804 3479 3869 qui

1914 3909 2019 3950 non
2053 3894 2339 3948 audierunt
2377 3907 2572 3947 nomen
2621 3908 2825 3956 meum,
2877 3907 3052 3960 neque
3089 3893 3341 3947 viderunt
3365 3893 3484 3964 glo-

1913 3987 2050 4040 riam
2075 4001 2272 4042 meam.
2303 3985 2371 4041 Et
2395 3983 2796 4040 annuntiabunt
2818 3983 3042 4052 gloriam
3067 3997 3245 4038 meam
3273 3983 3326 4037 in
3352 3998 3484 4053 gen-

1915 4077 2078 4133 tibus.
2121 4095 2141 4130 ι
2175 4075 2436 4147 Superius
2461 4090 2678 4146 quoque
2709 4074 3014 4140 dicebatur,
3051 4090 3072 4124 ι
3105 4073 3144 4127 li
3171 4073 3366 4143 quibus
3391 4089 3486 4128 an-

1911 4169 2222 4223 nuntiatam
2265 4182 2373 4223 non
2408 4179 2492 4223 est
2534 4166 2602 4221 de
2649 4164 2761 4231 illo.
2790 4164 3092 4229 videbunt,
3133 4173 3190 4218 et
3232 4163 3324 4232 qui
3367 4179 3482 4219 non

1913 4259 2218 4322 audierunt,
2260 4257 2600 4328 intelligent:
2646 4274 2665 4306 ι
2699 4264 2756 4309 et
2787 4255 3008 4318 iterum,
3050 4271 3070 4306 ι
3111 4252 3351 4324 Apparui
3391 4255 3482 4321 iis,

1911 4348 2003 4418 qui
2049 4361 2135 4402 me
2169 4362 2276 4402 non
2313 4343 2762 4416 interrogabant;
2807 4344 3059 4398 inventus
3102 4357 3224 4397 sum
3274 4341 3342 4396 ab
3367 4343 3481 4413 iiis.

1911 4440 2003 4508 qni
2038 4453 2125 4493 me
2150 4453 2256 4493 non
2285 4438 2641 4506 qucrebant:
2675 4435 2814 4498 dixi,
2861 4435 2999 4490 Ecce
3031 4433 3241 4498 adsum,
3289 4433 3358 4488 iis
3386 4433 3482 4502 qui

235 4545 350 4582 των
376 4527 579 4597 ἀδελφά
619 4531 872 4600 τυγχάνει
915 4531 984 4585 τά
1025 4532 1414 4603 προειρημένα,
1458 4532 1525 4586 δι’
1566 4526 1640 4587 ὧν
1685 4536 1811 4598 τοὺς

1917 4546 2020 4585 non
2063 4529 2390 4585 invocabant
2441 4542 2634 4582 nomen
2683 4542 2883 4581 meum.
2918 4544 2938 4578 ι
2984 4524 3080 4580 His
3114 4525 3312 4578 adiinia
3357 4534 3480 4579 sunt

240 4619 436 4674 ἐαυτοῦ
466 4621 793 4686 ἀποστόλους
826 4621 1214 4690 ἐπαγγέλλεται
1243 4623 1590 4677 ἀποστέλλειν
1624 4624 1717 4676 ἐπὶ
1743 4624 1811 4678 τά

239 4712 496 4783 ἀλλότρια
522 4712 616 4766 τοῦ
668 4713 883 4786 Ἰσραὴλ
907 4713 1035 4783 ἔθνη
1068 4713 1136 4766 τά
1174 4713 1508 4785 πορρωτάτω
1536 4715 1634 4785 τῆς
1678 4714 1808 4768 ’1ου-

237 4804 414 4867 δαίας.

315 4913 336 4946 ε
374 4894 484 4947 Καὶ
514 4892 697 4959 ἄξουσι
729 4895 853 4958 τοὺς
883 4893 1142 4961 ἀδελφοὺς
1172 4894 1323 4965 ὑμῶν
1354 4895 1421 4947 ἐκ
1448 4893 1666 4949 πάντων
1695 4893 1804 4948 τῶν

239 4985 432 5046 ἐθνῶν,
462 4983 632 5054 δῶρον
671 4984 876 5056 Κυρίῳ.
911 5004 931 5038 ›
967 4984 1216 5048 Ἀξουσιν
1239 4985 1456 5049 αὐτοὺς,
1495 4985 1646 5049 τέλος
1676 4985 1809 5052 ἀγα-

240 5075 331 5130 θδν
375 5075 558 5136 αὐτοῖς
589 5073 744 5128 τοῦτο
789 5074 1304 5145 παραχωρήσαντες,
1350 5076 1437 5128 ὅτε
1482 5077 1576 5129 atal
1608 5074 1808 5144 ἀναλη-

239 5165 563 5238 φθήσονταιυ
588 5163 787 5235 ὁμοίως
829 5163 908 5234 τῷ
963 5165 1117 5235 Ἠλίᾳ
1157 5167 1242 5234 ἐφ’
1291 5167 1497 5237 ἅρματι
1531 5164 1809 5236 ἀγγελικῷ

237 5259 544 5331 ὀχούμενοι,
577 5255 752 5325 φωτὸς
796 5257 1112 5327 ἐπουρανίου
1146 5257 1674 5329 περιαστράπτοντος
1705 5257 1806 5311 αὐ-

235 5349 381 5412 τούς.
417 5368 436 5399 ι
475 5347 609 5401 Μεθ’
638 5349 818 5400 ἵππων
842 5348 937 5400 καὶ
957 5348 1216 5419 ἁρμάτων
1241 5349 1300 5400 ἐν
1317 5347 1624 5418 λαμπήναις
1658 5348 1811 5420 ἡμιὸο

233 5457 360 5503 νων,
395 5439 533 5509 μετά
559 5438 810 5492 σκιαδίων
834 5441 915 5502 είς
932 5439 1032 5510 τὴν
1055 5439 1216 5508 ἀγίαν
1240 5439 1394 5492 πόλιν
1431 5437 1803 5512 Ἰερουσαλὴμ,

233 5528 355 5586 εῐπε
397 5527 621 5599 Κύριος.
662 5548 680 5580 ι
724 5530 956 5600 Νοήσεις
989 5531 1049 5583 δέ
1079 5531 1206 5592 τοὺς
1236 5531 1435 5593 ἵππους
1469 5530 1563 5584 καὶ
1603 5529 1674 5584 τά
1708 5532 1809 5604 ἀρ-

238 5637 384 5692 ματα
414 5617 697 5687 ἀγγελικά,
736 5618 1033 5689 ἐπιστήσας
1065 5617 1160 5671 τοῦ
1195 5619 1463 5689 Ζαχαοίου
1488 5621 1553 5690 τῇ
1597 5636 1807 5691 προφη-

309 5801 353 5833 ³⁸
380 5799 539 5854 Rom.
577 5813 637 5858 ιι.
665 5798 718 5850 5.

459 5979 484 5993 Ι
560 5894 829 5954 Panos.
862 5894 978 5954 (is.
1021 5895 1248 5957 XXIV.

1913 4622 2192 4692 prmmissa
2226 4623 2415 4681 verba.
2447 4618 2601 4688 queis
2632 4617 2904 4687 apostolos
2934 4630 3061 4670 suos
3101 4614 3170 4668 ad
3196 4626 3484 4668 extraneas

1913 4712 2092 4767 lsraeli
2131 4721 2337 4782 gentes.
2370 4719 2424 4764 et
2451 4727 2479 4763 a
2511 4707 2695 4764 Judaea
2735 4708 3149 4770 remotissimae,
3183 4706 3479 4762 missurum

1912 4818 1972 4858 se
2007 4802 2313 4871 pollicetur.

1985 4895 2145 4948 Vsus.
2175 4893 2264 4948 20.
2298 4911 2317 4942 ε
2351 4891 2417 4945 Et
2446 4891 2715 4945 adducent
2754 4888 2950 4943 fratres
2977 4896 3189 4942 vestros
3219 4901 3286 4941 ex
3311 4885 3480 4938 omni-

1910 4985 2010 5040 bus
2035 4985 2306 5056 gentibus,
2340 4983 2539 5036 donum
2585 4981 2832 5035 Domino.
2863 4998 2881 5031 ι
2915 4980 3197 5033 Adduceut
3223 4992 3316 5032 eos
3338 4976 3481 5029 hunc

1908 5075 2040 5143 ipsis
2078 5077 2273 5128 bonum
2298 5074 2457 5126 tinem
2489 5080 2862 5140 procurantes,
2886 5069 3101 5136 quando
3115 5074 3478 5124 assmnentnr.

1908 5165 2132 5235 perinde
2162 5173 2327 5234 atque
2361 5161 2542 5216 llelias
2579 5176 2743 5214 curru
2785 5159 3033 5229 angelico
3075 5158 3240 5218 vecti.
3268 5154 3478 5208 cmlesti

1910 5255 2113 5309 lumine
2143 5254 2273 5324 ipsis
2311 5251 2782 5319 circnmlnlgente.
2822 5267 2842 5301 ε
2889 5247 3024 5303 Cum
3071 5246 3228 5314 equis
3256 5253 3312 5296 et
3352 5256 3476 5295 enr-

1911 5346 2078 5406 ribus,
2113 5345 2166 5396 in
2216 5342 2480 5411 lampenis
2517 5343 2826 5404 mulorum,
2866 5354 2990 5394 cum
3044 5333 3381 5392 umbraculis
3422 5335 3478 5387 in

1911 5434 2185 5489 civitatem
2240 5440 2485 5487 sanctam
2532 5430 2872 5495 Jerusalem,
2934 5429 3072 5482 dixit
3127 5423 3406 5482 Dominus.
3453 5440 3474 5475 ι

1914 5527 2096 5594 Equos
2134 5534 2191 5580 et
2229 5524 2508 5594 angelicas
2543 5523 2741 5579 rbedas
2775 5521 3063 5592 intelliges,
3116 5519 3160 5574 si
3201 5511 3484 5567 Zachariae

1911 5615 2212 5686 prophetia:
2235 5616 2475 5670 animum
2511 5613 2772 5685 applices,
2801 5611 2890 5668 ubi
2928 5623 3102 5678 equos
3128 5604 3366 5665 veloces,
3389 5615 3485 5657 vn-

3088 5883 3156 5942 17
