4124 6436
1370 366 1637 459 russati
1674 397 2146 457 cmesmsssrs
2180 396 2330 456 opp.
2367 395 2547 454 psus
2581 396 2669 453 ιιι.
2708 428 2779 441 -
2814 394 3220 453 εχεοετιοιι.

3825 397 3923 454 5N

710 529 821 585 rios
844 534 900 586 et
925 525 1095 593 albos,
1133 538 1197 583 ac
1230 539 1429 582 currus
1472 525 1684 595 aliquos
1712 524 2051 588 describens,
2086 537 2254 593 ange-

2353 520 2492 592 τείᾳ,
2533 521 2661 591 παρ’
2693 512 2738 587 ᾧ
2768 520 2966 581 ίππους
2989 515 3200 588 ψαροὺς
3237 516 3331 571 καὶ
3360 516 3636 580 ποικίλους
3665 515 3763 570 καὶ
3804 516 3923 571 λευ-

708 617 842 675 licas
869 615 1527 674 virtutes.subindicabat.
1576 614 1864 685 Lsmpeua:
1890 624 2064 668 autem
2096 612 2266 668 mulo-

709 725 826 765 rum
859 708 1110 764 videntur
1137 706 1445 777 signiﬁcare
1474 720 1707 775 corpora
1741 706 2105 777 resurgentia,
2145 704 2262 774 qui-

705 799 809 855 bus
854 808 1023 855 vectze
1068 798 1258 853 animat
1316 795 1371 850 iu
1434 796 1709 850 ceiestem
1779 795 2051 852 civitatem
2112 809 2265 848 assu-

707 900 949 944 mantur.
978 889 1022 943 Ε
1063 903 1122 944 re
1151 896 1326 941 autem
1368 886 1566 966 dicitur
1608 886 1892 956 iampente,
1928 887 2042 943 sive
2089 885 2265 957 fulgo-

708 995 820 1045 res,
845 981 914 1036 ob
946 979 1237 1051 fulgentem
1272 979 1400 1050 ipsis
1421 978 1674 1048 'gioriam.

777 1157 943 1214 Vens.
970 1158 1061 1213 2i.
1100 1176 1117 1210 ι
1156 1157 1228 1214 Ut
1266 1156 1495 1213 oﬂ’erant
1523 1156 1619 1213 lilii
1662 1159 1829 1216 lsrael
1852 1159 2099 1217 victimas
2137 1175 2263 1216 suas

708 1251 838 1305 mibi
876 1264 995 1304 cum
1039 1250 1295 1319 psalmis:
1359 1259 1413 1304 et
1471 1264 1537 1303 ex
1585 1248 1665 1305 eis
1705 1266 1911 1306 sumam
1956 1253 2262 1307 sacerdotes

706 1351 760 1395 et
794 1339 1035 1404 Levitas,
1090 1340 1225 1395 dixit
1258 1340 1531 1419 Dominus.
1570 1359 1588 1393 ι
1636 1340 1702 1397 Ut
1746 1343 1926 1411 itaque
1970 1346 2261 1397 secundum

706 1444 1021 1500 corpoream
1054 1430 1224 1500 legem
1274 1431 1329 1485 in
1378 1438 1594 1485 terrena
1647 1430 1946 1488 Jerusalem
1996 1433 2110 1487 bmc
2139 1448 2261 1503 age-

707 1521 839 1574 bant
872 1523 965 1589 qui
1010 1521 1209 1575 cultum
1259 1508 1679 1590 persolvebant;
1729 1522 1918 1578 eodem
1976 1523 2135 1577 modo
2176 1536 2260 1577 se-

704 1612 940 1667 cundum
972 1619 1243 1666 terrenum
1273 1611 1401 1666 illud
1428 1614 1753 1683 exemplum,
1783 1614 1870 1682 qui
1902 1614 1956 1668 in
1985 1614 2259 1669 caelestem

706 1698 1094 1771 Jerosoiymam
1123 1704 1431 1764 ascenderit,
1465 1718 1586 1757 cum
1623 1705 1853 1774 propriis
1882 1704 2143 1760 fructibus
2170 1719 2259 1759 ve-

709 1793 875 1857 nient,
910 1805 1043 1861 quos
1069 1792 1264 1859 singuli
1295 1808 1363 1847 ex
1412 1792 1708 1849 fructiicris
1744 1795 2027 1851 virtutibus
2073 1809 2130 1850 ut
2164 1801 2259 1851 do-

708 1880 833 1937 num
860 1890 917 1938 et
943 1899 1135 1938 munus
1179 1885 1230 1938 in
1272 1886 1451 1939 anima
1491 1887 1745 1940 referent.

780 1990 942 2045 Vsus.
971 1989 1061 2047 22.
1103 2010 1121 2043 ι
1158 1991 1310 2046 Sicut
1350 1993 1491 2046 enim
1524 1992 1719 2048 uelum
1769 2007 1965 2048 novum
2011 2003 2065 2048 et
2110 2006 2255 2050 terra

706 2095 862 2145 nova,
896 2097 1016 2150 qua:
1038 2096 1136 2149 ego
1162 2080 1323 2144 iacio,
1358 2093 1671 2151 permanent
1701 2084 1751 2136 in
1784 2094 2073 2151 conspectu
2114 2099 2254 2150 meo,

706 2172 835 2225 dicit
871 2172 1125 2226 Dominus
1158 2189 1172 2239 ;
1205 2172 1284 2226 sic
1312 2174 1475 2227 stabit
1502 2188 1683 2227 semen
1716 2184 1950 2228 vestrum
1978 2185 2031 2229 et
2060 2191 2256 2230 nomen

703 2272 963 2317 vestrum.
998 2281 1017 2314 ι
1046 2261 1180 2316 Nam
1209 2264 1253 2317 si
1287 2277 1485 2317 novum
1512 2264 1731 2329 omium,
1762 2276 1817 2319 et
1844 2280 1979 2319 nova
2007 2274 2173 2329 terra,
2204 2276 2257 2319 et

704 2351 999 2407 Jerusalem
1049 2368 1185 2409 nova
1233 2363 1355 2418 est;
1408 2365 1803 2425 consequenter
1842 2359 2151 2411 sacerdotes
2201 2368 2255 2411 et

705 2439 902 2495 Levita:
933 2442 1055 2496 novi
1098 2451 1277 2508 erunt,
1318 2457 1486 2512 quare
1512 2445 1757 2513 superius
1791 2445 2002 2499 dicebat
2031 2463 2047 2500 :
2084 2464 2102 2497 ι
2140 2444 2253 2501 Non

709 2533 1129 2587 recordabuntur
1155 2535 1415 2602 priorum,
1449 2544 1505 2588 et
1535 2548 1639 2589 non
1673 2536 1929 2591 ascendet
1972 2537 2022 2591 in
2049 2552 2145 2592 cor
2171 2554 2256 2591 eo-

707 2637 851 2678 rum.
882 2642 902 2677 s
937 2623 1116 2679 Prima
1146 2623 1326 2693 itaque
1352 2638 1460 2677 non
1490 2626 1858 2693 permanentia
1895 2637 2085 2693 erant,
2128 2643 2257 2698 qua-

702 2722 923 2783 propter
948 2715 1147 2768 dictum
1173 2722 1274 2777 est,
1312 2729 1331 2763 ι
1359 2710 1563 2767 Caelum
1590 2724 1646 2767 et
1690 2724 1829 2768 terra
1858 2718 2192 2784 transibunt;
2227 2738 2247 2771 ι

703 2817 769 2858 ac
807 2817 1053 2868 rursum,
1104 2821 1124 2855 ι
1169 2801 1466 2858 Piicabitur
1509 2802 1701 2866 caelum
1739 2813 1797 2859 ut
1837 2805 1994 2869 liber,
2043 2818 2099 2861 et
2130 2822 2252 2861 cor-

702 2895 951 2963 ruptione
986 2904 1363 2964 corrumpetur
1407 2904 1571 2951 terra.
1622 2913 1641 2946 »
1676 2895 1862 2950 Futuri
1900 2911 2026 2952 vero
2066 2899 2249 2954 saeculi

704 2984 955 3053 primitiae
998 2985 1283 3049 Christus;
1312 2985 1504 3040 deinde
1531 2985 1621 3055 qui
1652 2986 1856 3043 Christi
1902 2998 2028 3043 sunt
2056 2989 2111 3043 in
2157 2991 2253 3044 ad-

704 3084 865 3131 ventu
908 3076 1043 3144 ejus.

2363 610 2491 675 ποὺς
2519 611 2611 664 καὶ
2640 610 2861 689 ἅρματά
2895 626 3016 663 τινα
3043 608 3344 680 διαγράψας
3370 609 3399 661 ό
3424 607 3598 678 λόγος,
3626 608 3923 677 unum;

2361 703 2601 773 ᾐνίττετο
2631 701 2905 771 δυνάμεις.
2945 702 3239 771 Λαμπῆναι
3280 699 3338 752 δὲ
3373 700 3611 770 ἡμιόνων
3639 698 3924 770 σημαίνειν

2362 793 2567 846 ἐοίκασι
2587 792 2655 845 τά
2681 791 2779 861 τῆς
2805 792 3151 854 ἀναστάσεως
3175 788 3425 861 σώματα,
3454 786 3533 854 οἷς
3559 790 3921 861 ἐιοοχούμεναι

2361 886 2417 938 ai
2448 884 2615 954 ψυχαὶ
2653 885 2730 946 είς
2771 882 2869 954 τὴν
2898 882 3215 953 ἐπουράνιον
3255 881 3719 953 άναληφθήσονται
3748 880 3916 935 πόλιν.

2361 972 2434 1028 Εὖ
2464 976 2519 1028 δέ
2544 975 2755 1047 είρηται
2779 973 3056 1045 λαμπῆναι
3083 972 3170 1027 διὰ
3195 973 3293 1045 τὴν
3331 972 3717 1043 ἐκλάμπουσαν
3741 973 3920 1039 αὐτοῖς

2360 1066 2537 1132 δόξαν.

2433 1177 2453 1209 ι
2497 1158 2582 1220 Ὦς
2608 1155 2996 1223 άνενὲγκαισαν
3022 1156 3069 1209 οἱ
3096 1155 3201 1209 υίοὶ
3236 1153 3449 1226 Ἰσραὴλ
3478 1154 3577 1219 τὰς
3602 1154 3797 1219 θυσίας
3827 1154 3920 1209 αύ-

2358 1249 2467 1303 τῶν
2519 1248 2640 1319 ἐμοὶ
2688 1246 2825 1318 μετὰ
2866 1246 3131 1317 ψαλμῶνο
3176 1247 3269 1300 καὶ
3313 1248 3410 1299 ἀπ’
3454 1246 3631 1299 αὐτῶν
3676 1247 3917 1317 λήψομαι

2343 1341 2525 1411 ⁸ἱερεῖς
2552 1340 2646 1393 καὶ
2671 1338 2922 1403 Λευίτας,
2955 1334 3078 1391 εἷπε
3108 1338 3328 1409 Κύριος.
3369 1355 3387 1389 ι
3422 1337 3634 1407 Ὠσπερ
3659 1332 3754 1390 οὖν
3799 1338 3915 1391 τότε

2359 1433 2499 1485 κατὰ
2526 1431 2616 1485 τὸν
2646 1429 2951 1501 σωματικὸν
2988 1430 3150 1500 νόμον
3188 1429 3283 1483 ἐπὶ
3319 1429 3419 1499 τῆς
3450 1430 3691 1495 ἐπιγείου
3731 1430 3919 1501 Ἰερου-

2361 1522 2539 1591 σαλὴμ
2562 1520 2709 1575 ταῦτ’
2740 1521 3002 1591 ἔπραττον
3030 1523 3078 1573 oi
3109 1521 3208 1591 τὴν
3241 1521 3494 1592 λατρείαν
3522 1519 3912 1585 ἐπιτελοῦντες·

2358 1614 2447 1666 τὸν
2474 1614 2631 1666 αὐτὸν
2654 1611 2850 1683 τρόπον
2878 1610 3017 1683 ξιατὰ
3049 1610 3110 1664 τὸ
3134 1611 3226 1665 ἐπὶ
3259 1612 3365 1681 γῆς
3391 1611 3737 1681 παράδειγμα
3766 1614 3814 1666 ot
3840 1613 3917 1675 είς

2357 1705 2454 1775 τὴν
2485 1705 2732 1772 οὐράνιον
2778 1700 3130 1774 Ίερουσαλὴιιι⁵
3172 1702 3413 1765 ἀνιόντες
3451 1702 3637 1772 ἥξουσι
3686 1705 3806 1773 μετ’
3843 1703 3918 1756 ol-

2359 1794 2520 1848 κείων
2561 1795 2808 1866 καρπῶν,
2841 1788 2913 1847 ὧν
2961 1794 3186 1853 ἕκαστος
3226 1794 3283 1845 ἐν
3322 1791 3465 1862 ψυχῇ
3501 1791 3916 1864 μετακομίζεται

2288 1858 2331 1911 Β
2359 1886 2541 1957 δώρων
2690 1886 2798 1938 τῶν
2822 1884 3029 1956 ἀρετῶν
3058 1886 3121 1936 ἐκ
3148 1858 3539 1955 καρποιρορίας.

2433 1994 2450 2023 ι
2493 1975 2587 2026 Ὃν
2613 1973 2812 2045 τρόπον
2841 1975 2947 2046 γάρ
2968 1976 2996 2027 ὁ
3021 1971 3245 2041 οὐρανὸς
3279 1972 3461 2034 καινὸς
3492 1972 3585 2024 καὶ
3619 1971 3653 2043 ἡ
3694 1971 3765 2041 γῆ
3796 1987 3915 2024 και-

2354 2063 2442 2134 νὴ,
2477 2063 2513 2118 ἃ
2540 2059 2649 2131 ἐγὼ
2680 2063 2844 2125 ποιῶ.
2888 2063 3037 2135 μένει
3060 2062 3284 2116 ἐνώπιον
3321 2061 3477 2134 ἐμοῦ,
3506 2061 3655 2131 λέγει
3674 2061 3875 2132 Κύριος
3900 2078 3915 2093 ·

2355 2155 2495 2208 οῦτω
2517 2157 2766 2227 στήσεται
2788 2154 2849 2207 τὸ
2882 2154 3099 2225 σπέρμα
3120 2154 3272 2224 ὑμῶν
3299 2154 3393 2207 καὶ
3421 2152 3481 2204 τὸ
3507 2152 3679 2221 ὄνομα
3709 2151 3913 2222 ὑμῶν.»

2357 2249 2417 2300 Εί
2442 2247 2549 2319 γάρ
2569 2247 2793 2319 οὐρανὸς
2820 2246 3002 2308 καινός
3038 2248 3152 2298 ἐστι
3181 2246 3276 2300 καὶ
3306 2248 3341 2317 ἡ
3368 2246 3441 2315 γῆ
3468 2243 3647 2311 καινὴ,
3690 2245 3785 2297 καὶ
3827 2245 3919 2296 Ἱε-

2359 2340 2634 2410 ρουσαλὴμ
2666 2337 2843 2409 καινὴ,
2892 2339 3180 2392 ἀκόλουθον
3212 2339 3279 2391 ἂν
3320 2336 3405 2407 εἴη
3460 2336 3552 2389 καὶ
3598 2336 3725 2398 τοὺς
3757 2336 3920 2404 ἱερεῖς

2355 2432 2448 2483 καὶ
2474 2432 2706 2493 Λευίτας
2737 2430 2952 2494 καινοὺς
2978 2428 3191 2483 ἔσεσθαι
3215 2446 3229 2459 ·
3261 2428 3339 2482 διὸ
3366 2429 3459 2482 καὶ
3493 2430 3549 2480 ἐν
3572 2430 3683 2489 τοῖς
3712 2427 3919 2499 ἔμπρο-

2356 2522 2477 2576 σθεν
2510 2522 2659 2591 ἔλεγε
2683 2538 2697 2552 ·
2741 2541 2759 2573 ι
2807 2523 2879 2575 Οὐ
2919 2520 3196 2593 μνησθῶσι
3237 2520 3344 2574 τῶν
3368 2520 3669 2591 προτέρων,
3700 2518 3795 2571 καὶ
3819 2519 3922 2571 οὐκ

2354 2614 2677 2685 ἀναϐήσεται
2728 2614 2905 2668 αὐτῶν
2943 2613 3035 2666 ἐπὶ
3066 2614 3165 2685 τὴν
3200 2613 3442 2684 καρδίαν,
3478 2629 3496 2662 ι
3534 2610 3616 2663 Τά
3675 2612 3773 2681 μὲν
3829 2606 3919 2663 οὖν

2354 2705 2546 2776 πρῶτα
2567 2705 2627 2758 οὐ
2658 2705 2885 2775 μένοντα
2907 2700 2975 2775 ἦν
2994 2720 3009 2734 ο
3047 2702 3127 2757 διδ
3180 2704 3395 2771 ἐλέγετο
3417 2719 3430 2732 ·
3469 2720 3488 2752 ι
3528 2701 3769 2771 Οὐρανὸς
3799 2700 3921 2757 ’καὶ

2353 2797 2386 2866 ἡ
2414 2796 2482 2865 γῆ
2506 2794 2927 2865 παρελεύσονται
2950 2810 2964 2824 ⁶
3004 2812 3022 2845 ι
3059 2794 3153 2847 καὶ
3183 2793 3375 2847 πάλιν
3409 2811 3427 2841 ι
3462 2792 3809 2861 Εἰλιγήσεται
3834 2790 3921 2843 οὗ·

2353 2887 2513 2957 ρανὸς
2536 2885 2611 2949 ὡς
2638 2885 2858 2955 βιϐλίον,
2892 2885 2989 2937 καὶ
3016 2884 3189 2955 φθορᾷ
3220 2883 3552 2953 φθαρήσεται
3576 2884 3610 2952 ή
3643 2882 3739 2952 γῆ.
3766 2901 3784 2933 ι
3814 2880 3919 2934 Τοῦ

2350 2976 2409 3030 δὲ
2442 2976 2721 3045 ριέλλοντος
2747 2974 2938 3037 αἰῶνος
2969 2974 3187 3045 ἀπαρχὴ
3221 2972 3456 3044 Χριστός
3478 2988 3491 3001 ·
3524 2970 3716 3025 ἔπειτα
3742 2973 3795 3024 οί
3825 2971 3918 3025 τοῦ

2352 3066 2586 3137 Χριστοῦ
2614 3067 2671 3118 ἐν
2705 3068 2770 3136 τῇ
2797 3065 3066 3136 παρουσίᾳ
3093 3063 3278 3117 αὑτοῦ.

776 3164 938 3218 Vens.
964 3165 1057 3218 τε.
1094 3182 1114 3215 ι
1152 3164 1217 3219 Et
1240 3165 1345 3219 erit
1381 3164 1581 3221 mensis
1624 3180 1691 3221 ex
1727 3182 1931 3231 mense,
1971 3178 2026 3224 et
2059 3171 2251 3227 sabba-

2428 3174 2447 3207 ι
2479 3156 2587 3208 Καὶ
2610 3154 2759 3208 ἔσται
2784 3154 2890 3225 μὴν
2925 3155 2987 3206 ἐκ
3016 3154 3201 3223 μηνὸς,
3234 3152 3328 3205 καὶ
3360 3151 3625 3206 σάϐϐατον
3664 3152 3743 3205 ’ἐκ
3789 3150 3918 3247 εαϐο

707 3264 818 3309 ιιιιιι
861 3270 923 3309 ex
962 3255 1205 3313 sabbato.
1240 3254 1430 3311 Veniet
1458 3258 1634 3312 omnis
1665 3273 1793 3313 caro
1824 3259 1891 3313 ad
1922 3260 2251 3315 adorandum

2354 3244 2535 3299 ϐάτου.
2562 3244 2718 3309 Ἥξει.
2760 3245 2909 3298 πᾶσα
2940 3242 3075 3315 σὰρξ
3124 3241 3219 3296 τοῦ
3274 3243 3649 3315 προσκυνῆσαι
3689 3240 3921 3296 ἐνώπιον

706 3346 760 3399 iu
801 3355 1091 3413 conspectu
1135 3362 1255 3402 meo
1297 3350 1348 3402 in
1393 3348 1712 3411 Jerusalem,
1749 3350 1879 3404 dicit
1918 3349 2197 3404 Dominus.
2224 3370 2244 3404 ι

707 3434 999 3488 Sabbatnm
1064 3443 1242 3489 autem
1291 3434 1488 3490 Christi
1539 3435 1874 3499 intelligendi
1926 3451 2076 3490 more
2126 3451 2254 3491 con-

701 3532 957 3592 gruenter
994 3523 1230 3592 accipias
1270 3540 1368 3593 pro
1400 3522 1841 3579 solemnitatibus
1898 3525 1951 3579 in
1994 3526 2130 3581 cmio
2163 3541 2253 3581 ce-

703 3611 943 3677 lebratis,
991 3623 1046 3668 et
1090 3628 1185 3684 pro
1226 3615 1366 3670 veris
1411 3612 1521 3670 illic
1570 3616 1808 3672 sabbatis
1852 3616 1906 3670 in
1954 3618 2249 3683 mensibus,

701 3713 761 3757 ut
796 3703 869 3758 ibi
913 3719 1009 3759 usu
1039 3706 1285 3768 veniunt,
1324 3706 1681 3762 celebrandis.
1735 3706 1809 3761 De
1844 3708 2036 3777 quibus
2080 3709 2248 3776 proii-

702 3809 801 3848 xus
844 3802 898 3850 et
934 3796 1201 3865 explicatu
1232 3795 1459 3852 diiiicilis
1496 3812 1674 3852 sermo
1699 3798 2061 3853 instituendus
2083 3807 2246 3864 esset,

701 3887 793 3955 qui
832 3886 991 3955 longo
1028 3888 1138 3942 otio
1168 3897 1220 3942 et
1250 3889 1467 3957 proprio
1492 3900 1807 3959 argumento
1841 3904 1976 3959 opus
2005 3889 2245 3945 haberet.

704 3976 935 4031 Carnem
974 3984 1152 4031 autem
1188 3991 1399 4031 omnem
1456 3986 1613 4031 vocat
1668 3992 1853 4032 omnes
1901 3987 2123 4047 gentes;
2174 3978 2247 4032 ita

702 4066 844 4119 enim
890 4065 1137 4134 superius
1183 4066 1485 4130 dicebatur,
1529 4084 1549 4119 ι
1596 4065 1811 4121 Videbit
1861 4077 2037 4122 autem
2072 4068 2247 4124 omnis

700 4170 833 4210 caro
864 4155 1109 4210 Saiutare
1141 4156 1232 4211 Dei
1258 4172 1273 4215 ;
1303 4166 1352 4209 et
1385 4155 1545 4221 alibi,
1584 4173 1602 4207 ι
1634 4155 1911 4211 Eiiundam
1945 4160 2009 4213 de
2044 4156 2246 4226 Spiritu

700 4259 821 4300 meo
848 4258 1008 4314 super
1037 4259 1249 4299 omnem
1278 4259 1514 4307 carnem,
1566 4256 1617 4301 et
1646 4247 2044 4315 prapbetabunt
2071 4248 2122 4301 iu
2152 4246 2245 4302 Je-

698 4336 955 4390 rusalem.
1018 4351 1037 4386 ι
1087 4334 1369 4389 Cteiestem
1434 4336 1634 4390 indicat
1678 4335 2101 4409 Jerosolytnam,
2152 4340 2243 4395 ubi

701 4424 997 4479 Saivatoris
1036 4422 1201 4477 nostri
1240 4438 1477 4493 regnum,
1497 4427 1775 4479 consistet.

2351 3336 2484 3408 ἐμοῦ
2520 3338 2576 3390 ἐν
2613 3335 2975 3406 Ἰερουσαλὴμ,
3006 3329 3126 3387 εἶπε
3149 3332 3371 3405 Κύριος.
3405 3353 3424 3385 ι
3452 3333 3525 3386 Τὸ
3566 3334 3624 3387 δέ
3651 3334 3919 3400 σάϐϐατον

2348 3425 2581 3498 Χριστοῦ
2610 3426 2898 3479 ἀκόλουθόν
2928 3426 3043 3477 ἐστι
3086 3423 3226 3477 κατὰ
3274 3423 3510 3477 διάνοιὰν
3552 3424 3919 3495 ἐκλαμϐάνειν

2347 3515 2446 3579 τὰς
2477 3518 2535 3569 ἐν
2563 3515 2777 3588 οὐρανῷ
2809 3514 2999 3589 ἑορτὰς
3022 3514 3117 3568 καὶ
3146 3513 3218 3567 τά
3260 3514 3438 3567 ἐκεῖσε
3497 3514 3741 3570 σάϐϐατα
3785 3516 3920 3585 άλη-

2352 3606 2471 3660 owe
2502 3608 2594 3660 ἐπί
2623 3608 2749 3670 τοὺς
2778 3607 2949 3677 μῆνας
2968 3606 3093 3670 τοὺς
3118 3606 3251 3659 ἐκεῖ.
3285 3604 3421 3675 Περὶ
3463 3597 3540 3659 ὧν
3575 3606 3742 3668 πολὺς
3769 3606 3799 3657 ὁ
3832 3605 3919 3659 λό-

2350 3712 2443 3765 γος
2475 3697 2568 3749 καὶ
2596 3696 3040 3768 δυσερμήνευτος,
3064 3695 3254 3766 σχολῆς
3274 3712 3334 3748 τε
3367 3697 3581 3766 μακρᾶς
3597 3697 3691 3749 καὶ
3714 3696 3915 3760 οἰκείας

2348 3786 2653 3849 ὑποθέσεως
2677 3787 2944 3857 δεόμενος.
2975 3787 3160 3857 Σάρκα
3183 3786 3240 3839 δὲ
3267 3787 3444 3866 πᾶσαν
3468 3786 3618 3855 λέγει
3645 3786 3821 3840 πάντα
3848 3787 3917 3841 τὰ

2348 3879 2471 3949 ἐθνη
2504 3877 2689 3931 τοῦτον
2742 3878 3019 3948 ὀνομάζων
3056 3876 3148 3930 τὸν
3190 3876 3418 3948 τρόπον·
3455 3876 3597 3930 οὓτω
3626 3876 3759 3945 γοῦν
3797 3877 3915 3931 eu-

2346 3985 2472 4036 γετο
2510 3968 2605 4022 καὶ
2648 3968 2736 4023 διὰ
2765 3970 2871 4023 τῶν
2919 3967 3225 4040 ἔμπροσθεν
3249 3984 3263 3998 ·
3319 3986 3338 4019 ι
3380 3966 3608 4038 Ὄψεται
3655 3967 3713 4021 δὲ
3765 3970 3918 4023 πᾶσα

2348 4059 2484 4131 σὰρξ
2527 4060 2588 4113 τὸ
2620 4061 2891 4132 Σωτήριον
2920 4060 3011 4113 τοῦ
3036 4059 3201 4114 Θεοῦ·
3239 4078 3258 4112 ι
3290 4060 3383 4113 καὶ
3411 4058 3645 4130 ἀλλαχοῦ
3664 4075 3679 4090 ο
3720 4078 3741 4111 ι
3787 4060 3912 4113 Ἐκ-

2347 4150 2455 4221 χεῶ
2486 4152 2592 4203 άπὸ
2622 4151 2714 4204 τοῦ
2741 4150 3052 4221 Πνεύματός
3092 4168 3192 4220 μου
3220 4152 3310 4204 ἐπὶ
3354 4153 3535 4209 πᾶσαν
3572 4152 3771 4223 σάρκα,
3821 4154 3913 4207 καὶ

2345 4242 2806 4314 προφητεύσουσιν
2848 4244 2905 4296 ἐν
2961 4242 3337 4313 Ἰερουσαλήμ.
3372 4260 3391 4293 ι
3426 4243 3540 4314 Τὴν
3589 4244 3912 4315 ἐπουράνιον

2347 4335 2595 4405 σημαίνει
2632 4334 3003 4407 Ἰερουσαλήμ,
3028 4332 3158 4389 ἔνθα
3179 4335 3501 4404 συστήσεται
3526 4336 3560 4405 ή
3598 4334 3692 4388 τοῦ
3728 4335 3914 4407 Σωτῆο

2346 4442 2436 4496 ρος
2456 4427 2607 4496 ήμῶν
2636 4426 2898 4496 βασιλεία.

769 4515 933 4568 Vsus.
969 4512 1059 4567 24.
1100 4530 1119 4564 ι
1166 4511 1232 4567 Et
1261 4514 1485 4568 exibunt
1513 4523 1569 4569 et
1605 4515 1857 4570 videbunt
1890 4504 2124 4572 membra
2152 4519 2247 4573 Ιιο-

2417 4536 2435 4568 ι
2489 4519 2597 4570 Καὶ
2647 4518 3013 4585 ἐξελεύσονται
3074 4520 3168 4573 καὶ
3218 4520 3436 4583 ὄψονται
3485 4518 3554 4572 τά
3594 4518 3745 4572 κῶλα
3798 4518 3909 4573 τῶν

699 4606 923 4671 minum,
956 4604 1415 4681 qui_pr:evaricati
1460 4616 1585 4660 sunt
1626 4607 1679 4659 in
1715 4621 1819 4660 me.
1849 4604 2058 4662 Vermis
2094 4609 2238 4663 euim

696 4710 882 4751 eorum
910 4708 1015 4748 non
1046 4696 1321 4761 morietur,
1349 4704 1403 4750 et
1428 4695 1565 4766 ignis
1590 4709 1773 4750 eorum
1801 4710 1905 4750 non
1934 4698 2243 4768 exstingue-

697 4796 808 4850 tur,
844 4794 900 4840 et
930 4794 1091 4838 erunt
1118 4786 1170 4839 in
1196 4795 1537 4853 conspectum
1572 4788 1715 4839 omni
1744 4788 1916 4841 carni.
1950 4810 1970 4840 ο
2001 4786 2229 4853 Quinam

696 4876 751 4930 bi
782 4881 960 4929 essent
986 4874 1141 4928 initio
1169 4873 1462 4943 prophetia:
1482 4873 1616 4928 dixit
1649 4876 1733 4929 his
1760 4877 1973 4931 verbis:
2015 4895 2033 4927 ι
2074 4874 2238 4932 Filios

694 4970 890 5037 genui,
934 4976 989 5021 et
1032 4967 1306 5021 exaltari:
1342 4967 1441 5031 ipsi
1490 4975 1666 5021 autem
1709 4978 2027 5037 spreverunt
2072 4983 2176 5023 me.
2213 4988 2234 5021 ο

695 5057 792 5111 llis
818 5070 946 5123 ergo
982 5056 1284 5111 subiudicat
1316 5055 1434 5110 illos
1472 5070 1537 5110 ex
1562 5053 1780 5122 Judmis,
1810 5059 1899 5127 qui
1935 5058 2230 5113 salutarem

695 5146 924 5215 gratiam
964 5145 1335 5214 repudiarunt.
1374 5143 1525 5199 Hunc
1576 5144 1859 5215 impiorum
1908 5162 2031 5203 esse
2078 5150 2265 5204 tiuem’

694 5236 880 5289 deiinit
910 5234 1155 5291 Salvator
1187 5245 1369 5291 noster
1414 5237 1465 5292 iu
1510 5236 1827 5308 Evangeliis,
1858 5254 1954 5294 eos
1989 5240 2079 5311 qui
2109 5257 2138 5294 a
2168 5242 2241 5295 si-

695 5327 878 5382 nistris
907 5326 1024 5396 ejus
1071 5328 1291 5382 stabunt
1336 5329 1415 5382 sic
1459 5327 1773 5396 alloquens:
1806 5348 1825 5381 ι
1871 5330 2140 5386 Discedite
2181 5333 2233 5386 in

694 5416 868 5486 ignem
892 5429 1177 5485 αξιοι-ωιτη,
1194 5432 1436 5490 paratum
1459 5422 1672 5475 diabolo
1689 5423 1953 5491 etangeiis
1975 5424 2093 5493 ejus
2110 5423 2175 5477 ³⁸.
2209 5442 2229 5475 ι

696 5508 1151 5570 Quemadmodum
1181 5510 1345 5578 igitur
1374 5510 1447 5564 ibi
1478 5520 1712 5565 aeternus
1741 5512 1938 5567 dicitur
1966 5514 2122 5583 ignis,
2153 5516 2234 5569 sic

697 5606 747 5648 et
774 5597 873 5652 hoc
898 5598 1014 5654 loco
1049 5619 1068 5651 ι
1093 5600 1542 5673 inexstinguibiiis
1568 5601 1781 5667 dicitur,
1808 5618 1912 5657 una
1944 5604 2234 5674 eademque

760 5773 806 5806 ³⁸
823 5771 1009 5831 Iattb.
1039 5789 1161 5838 xxv,
1188 5776 1277 5834 ll.

2346 4606 2643 4688 ἀνθρώπων
2693 4608 2801 4662 τῶν
2860 4610 3317 4681 παραϐεϐηκότων
3370 4611 3429 4662 ἐν
3500 4608 3641 4679 ἐμοί.
3684 4610 3745 4664 ’0
3800 4611 3909 4683 γάρ

2348 4697 2556 4768 σκώληξ
2584 4699 2760 4752 αὐτῶν
2790 4700 2850 4751 οὐ
2874 4700 3201 4770 τελευτήσει,
3228 4701 3319 4752 καὶ
3361 4698 3423 4752 τὸ
3470 4698 3581 4771 πῦρ
3620 4698 3803 4753 αὐτῶν
3843 4701 3907 4752 ού

2347 4786 2718 4857 σϐεοθήσεται,
2748 4790 2842 4843 καὶ
2889 4790 3101 4842 ἔσονται
3142 4790 3223 4853 είς
3259 4790 3449 4860 ὅρασιν
3474 4790 3623 4862 πάσῃ
3652 4790 3837 4859 σαρκί.
3881 4806 3901 4839 ι

2344 4872 2496 4935 Τίνες
2515 4873 2571 4925 δέ
2596 4870 2736 4946 ἦσαν
2767 4868 2931 4939 οὗτοι,
2956 4877 3013 4928 ἐν
3035 4876 3174 4947 ἀρχῇ
3209 4874 3311 4947 τῆς
3344 4877 3677 4948 προφητείας
3716 4877 3903 4949 ἐδήλου

2340 4966 2510 5036 λέγων
2533 4985 2545 4998 ·
2581 4988 2600 5020 ι
2635 4970 2794 5032 Υίοὺς
2834 4969 3111 5039 ἐγέννησα,
3154 4971 3246 5024 καὶ
3286 4970 3507 5041 Macer
3553 4970 3707 5023 αὐτοὶ
3737 4970 3795 5024 δέ
3834 4985 3904 5041 μα

2336 5059 2621 5131 ἠθέτησαν.
2660 5080 2678 5112 ι
2721 5060 2964 5130 ’ῌνίξατο
2987 5061 3160 5116 τοίνυν
3200 5063 3327 5126 τοὺς
3376 5063 3442 5116 ἐκ
3498 5059 3591 5115 τοῦ
3631 5062 3905 5117 Ἰουδαίων

2337 5151 2518 5216 ἔθνους
2548 5153 2644 5223 τὴν
2665 5154 2927 5223 σωτήριον
2951 5151 3315 5225 ἀθετήσαντας
3340 5154 3518 5226 χάριν.
3558 5154 3625 5208 '0
3652 5154 3719 5226 δὴ
3749 5154 3904 5221 τέλος

2337 5241 2444 5295 τῶν
2468 5242 2680 5296 ἀσεϐῶν
2708 5242 2946 5313 ὁρίζεται
2975 5244 3068 5297 καὶ
3094 5244 3123 5295 ό
3150 5244 3340 5316 Σωτὴρ
3365 5245 3522 5316 ήμῶν
3559 5248 3621 5299 ἐν
3650 5245 3901 5316 Εὐάγγε-

2337 5333 2471 5397 λίοις
2492 5332 2659 5387 είπὼν
2682 5337 2795 5397 τοῖς
2819 5333 2897 5397 είς
2923 5334 2992 5387 τά
3018 5334 3280 5407 ἀριστερά
3304 5334 3469 5390 αὑτοῦ
3507 5338 3857 5407 στησομένοις
3880 5354 3898 5371 ο

2345 5442 2363 5474 ι
2399 5423 2699 5494 Πορεύεσθε
2721 5426 2800 5487 εἰς
2832 5424 2893 5477 τὺ
2926 5424 3036 5499 πῦρ
3060 5426 3121 5479 τὺ
3142 5424 3378 5490 αἰώνιον,
3410 5426 3472 5481 τὸ
3496 5428 3898 5499 ἡτοιμασμένον

2336 5512 2413 5583 τῷ
2436 5514 2665 5584 διαϐόλῳ
2711 5515 2805 5568 καὶ
2839 5519 2951 5580 τοῖς
2994 5510 3243 5587 ἀγγέλοις
3280 5516 3463 5573 αὑτοῦ.
3508 5537 3528 5571 ι
3561 5520 3772 5591 Ὠσπερ
3801 5515 3895 5573 οὖν

2335 5607 2450 5658 ἐκεῖ
2480 5605 2694 5661 αἰώνιον
2722 5607 2933 5679 εἴρηται
2968 5609 3098 5680 πῦρ,
3143 5610 3283 5664 οὓτω
3327 5609 3420 5663 καὶ
3470 5609 3704 5665 ἐνταῦθα
3736 5610 3896 5667 ἄσϐε-

4008 48 4085 67 ιιι
