4124 6456
1691 170 1725 206 1

676 389 787 449 5,,

1339 376 1602 437 EUSEBII
1636 375 2102 434 CESARIENSIS
2138 371 2291 451 OPP.
2332 372 2510 429 PARS
2548 373 2635 429 lll.
2676 407 2744 417 —
2774 372 3180 431 EXEGE‘I‘ICA.

3776 376 3883 435 528

676 507 878 559 sionem
926 500 1158 554 arbitror
1200 498 1266 554 de
1310 500 1545 555 secundo
1576 497 1775 554 Christi
1809 497 2039 553 adventu
2087 494 2225 551 scri-
2247 541 2261 572 Α

2326 493 2448 547 σθαι
2476 494 2603 565 περὶ
2635 494 2735 565 τῆς
2776 495 3031 566 δευτέρας
3076 494 3315 564 ἀφίξεως
3344 493 3436 548 τοῦ
3470 494 3707 566 Χριστοῦ
3747 495 3883 566 γρά-

675 590 831 647 bendi
863 590 1015 645 haec:
1048 587 1111 642 In
1135 588 1311 658 jussu,
1339 589 1392 642 in
1424 604 1541 643 voce
1566 587 1884 657 archangeli,
1920 595 1969 641 et
1999 587 2057 639 in
2094 584 2217 640 tuba

671 681 771 737 Dei
824 679 1092 736 descendet
1142 680 1205 733 de
1234 678 1359 733 caelo
1380 677 1457 741 ³³,
1500 688 1569 733 et
1598 678 1820 747 reliqua.
1865 677 2033 734 Porro
2079 677 2216 731 idem

673 772 939 841 apostolus
980 780 1276 826 extremum
1320 784 1531 839 quoque
1572 768 1889 823 Antichristi
1925 769 2214 823 adventum

669 861 783 916 sive
826 860 1195 932 perditionem,
1245 866 1536 929 posteaque
1578 858 1866 928 gloriosam
1914 858 2216 914 Servatoris

670 954 839 1009 nostri
896 952 1257 1023 praesentiam,
1298 958 1659 1005 consentanee
1697 950 1952 1005 vaticinio
1995 951 2213 1006 exhibet

670 1045 901 1099 dicens:
935 1041 1097 1097 Nemo
1135 1059 1223 1096 vos
1269 1040 1377 1095 ullo
1418 1041 1570 1093 modo
1614 1040 1873 1109 decipiat;
1924 1041 2025 1093 nisi
2077 1050 2213 1095 certe

576 1146 583 1151 ‘
666 1136 813 1201 prius
860 1134 1082 1187 evenerit
1126 1132 1419 1201 apostasia,
1460 1141 1509 1185 et
1552 1130 1812 1185 revelatus
1855 1129 2010 1198 fuerit
2058 1130 2209 1184 homo

663 1224 860 1293 peccati
896 1240 984 1277 seu
1016 1223 1321 1291 perditionis
1360 1222 1523 1289 ﬁlius,
1564 1222 1653 1289 qui
1693 1220 1997 1273 adversatur
2032 1228 2079 1273 et
2116 1236 2208 1275 e1:-

664 1312 864 1366 tollitur
908 1329 1068 1380 supra
1110 1328 1258 1366 omne
1302 1312 1438 1379 quod
1485 1310 1679 1363 dicitur
1728 1309 1899 1375 Deus,
1944 1318 2035 1363 aut
2072 1310 2209 1378 quod

663 1402 889 1455 colitur:
924 1403 999 1455 ita
1030 1410 1083 1454 ut
1127 1402 1181 1454 in
1222 1401 1410 1467 templo
1456 1398 1555 1454 Dei
1592 1402 1802 1467 sedeat,
1851 1408 2113 1454 ostentans
2154 1416 2209 1454 se

662 1501 912 1560 tanquam
955 1492 1022 1545 sit
1072 1490 1231 1543 Deus.
1295 1488 1483 1543 Nonne
1545 1492 1849 1544 meministis
1900 1506 1981 1545 me
2038 1492 2207 1544 adhuc

660 1583 800 1648 apud
834 1598 918 1637 vos
959 1590 1241 1635 versantem
1268 1580 1377 1635 haec
1420 1584 1587 1638 dicere
1608 1583 1695 1635 "‘l
1719 1591 1772 1637 et
1802 1583 2022 1652 reliqua.
2082 1580 2207 1637 Hac

663 1671 920 1736 miriﬁcus
962 1671 1035 1723 sit
1070 1670 1354 1738 Apostolus
1403 1672 1455 1727 in
1488 1687 1584 1727 sua
1626 1674 1689 1728 de
1721 1674 1826 1728 line
1866 1674 2080 1728 humani
2114 1688 2205 1743 ge-

660 1763 806 1816 neris
840 1762 1111 1826 oratione;
1148 1762 1385 1817 Danielis
1412 1764 1687 1833 propheta:
1722 1764 1972 1819 vaticinia
1998 1764 2065 1819 de
2094 1763 2205 1817 An-

2322 601 2491 654 φοντα
2518 584 2695 638 τοιάδε
2712 602 2725 615 ⁸
2754 586 2883 641 Ὀτι
2913 586 3096 652 αὐτὸς
3123 588 3157 639 ό
3174 588 3389 653 Κύριος
3406 587 3476 640 ἐν
3498 586 3880 656 κελεύσματι,

2314 676 2385 730 ἐν
2400 675 2569 746 φωνῇ
2587 676 2959 746 ἀρχαγγέλου
2991 677 3087 731 καὶ
3109 677 3179 730 ἐν
3208 676 3493 747 σάλπιγγι
3530 677 3677 731 Θεοῦ
3712 692 3885 732 κατα-

2316 768 2557 835 ϐήσεται
2576 768 2676 821 ἀπ’
2709 768 2989 835 οὐρανοῦ,
3020 768 3113 821 καὶ
3142 767 3210 821 τά
3234 767 3379 838 ἑξῆς.
3408 769 3466 821 Ὁ
3489 768 3534 821 δ’
3567 769 3729 831 αὐτὸς
3748 768 3883 822 ἀπό-

2316 858 2498 921 στολος
2527 858 2619 909 καὶ
2643 857 2742 929 τὴν
2774 858 3008 928 ὑστάτην
3039 856 3134 910 τοῦ
3181 858 3549 928 ’Δντιχρίστου
3581 857 3765 927 ἄφιξιν
3781 858 3879 931 τὴν

2312 950 2407 1003 καὶ
2437 948 2726 1013 ἀπώλειαν,
2761 951 2857 1003 καὶ
2889 952 2980 1003 ἐπὶ
3004 950 3174 1021 ταύτῃ
3199 950 3300 1019 τὴν
3317 950 3411 1003 τοῦ
3443 951 3695 1021 Σωτῆρος
3722 951 3754 1019 ἠ
3763 950 3879 1020 μῶν

2311 1040 2515 1106 ἔνδοξον
2541 1040 2837 1109 παρουσίαν
2863 1038 3168 1103 ἀκολούθως
3180 1043 3247 1111 τῇ
3262 1036 3565 1110 προφητείᾳ
3583 1038 3880 1109 παρίστησι

2310 1132 2498 1202 λέγων·
2534 1131 2723 1198 Mlier;-
2752 1129 2906 1200 ὑμᾶς
2933 1130 3287 1205 ἐξαπατήσῃ
3317 1131 3466 1185 κατὰ
3492 1128 3725 1198 μηδένα
3755 1129 3880 1198 τρό-

2309 1238 2453 1276 πον·
2490 1222 2578 1276 ὅτι
2599 1222 2707 1277 ἐὰν
2723 1221 2809 1291 μὴ
2835 1223 2981 1291 ἔλθη
3021 1223 3059 1290 ή
3093 1223 3438 1277 ἀποστασία
3480 1223 3733 1291 πρῶτον,
3776 1220 3875 1276 καί

2308 1313 2706 1383 ἀποκαλυφθῇ
2742 1316 2775 1367 ό
2811 1312 3116 1381 ἄνθρωπος
3163 1313 3273 1381 τῆς
3314 1314 3618 1382 ἁμαρτίας,
3673 1316 3705 1367 ὀ
3748 1312 3877 1377 υίὸς

2308 1405 2419 1471 τῆς
2450 1406 2766 1471 ἀπωλείας,
2794 1408 2827 1460 ὀ
2860 1398 3267 1474 ἀντικείμενος
3296 1404 3393 1457 καί
3413 1406 3876 1471 ὑπεραιρόμενος

2306 1495 2404 1548 ἐπὶ
2443 1498 2638 1553 πάντα
2663 1498 2956 1565 λεγόμενα
2988 1494 3135 1549 Θεὸν
3172 1496 3211 1563 ἢ
3244 1496 3539 1563 σέϐασμα,
3583 1494 3739 1547 ὥστε
3778 1495 3878 1548 αὐ·

2305 1590 2412 1642 τὸν
2428 1590 2514 1653 είς
2541 1588 2647 1641 τὸν
2680 1586 2832 1641 ναὸν
2861 1587 2962 1641 τοῦ
2978 1586 3125 1641 Θεοῦ
3148 1587 3408 1650 καθίσαι,
3437 1584 3877 1639 ἀποδεικνύντα

2304 1678 2520 1734 ἑαυτὸν
2538 1678 2626 1731 ὅτι
2648 1678 2781 1732 ἐστι
2806 1679 2942 1743 Θεό(
2962 1693 2977 1707 ·
3011 1678 3083 1729 οὐ
3103 1676 3508 1745 μνημονεύετε
3539 1675 3628 1728 ὅτι
3670 1676 3760 1729 ἐτι
3789 1672 3877 1727 ὢν

2302 1770 2451 1838 πρὸς
2477 1767 2633 1839 ὑμᾶς
2676 1768 2864 1823 ταῦτα
2905 1770 3119 1837 ἔλεγον
3166 1768 3349 1837 ὑμῖν;
3379 1768 3475 1821 καὶ
3494 1769 3562 1821 τὰ
3598 1766 3742 1839 ἑξῆς.
3771 1767 3875 1819 Το-

658 1850 925 1918 ticbristo,
961 1862 1018 1907 et
1065 1854 1130 1908 de
1177 1852 1413 1924 glorioso
1453 1852 1756 1910 Servatoris
1798 1855 1967 1910 nostri
2012 1868 2199 1925 regno,
2231 1853 2261 1908 Ε

2302 1858 2472 1913 σαῦτα
2489 1860 2517 1911 ὁ
2544 1858 2843 1929 θαυμάσιος
2866 1856 3184 1921 Ἀπόστολος
3201 1858 3256 1909 ὲν
3282 1860 3393 1920 τοῖς
3409 1858 3536 1928 περὶ
3566 1856 3874 1920 συντελείας

655 1941 814 1999 ﬁdem
846 1954 1112 2000 astruens.

722 2218 777 2272 6.
818 2218 948 2271 Dan.
973 2231 1049 2282 rx,
1071 2215 1161 2271 26.
1194 2215 1460 2271 Delebitur
1489 2220 1685 2274 unctio.
1728 2218 1966 2275 Eusebii.
1993 2220 2197 2276 Vanam

646 2310 757 2380 jam
802 2320 856 2366 et
892 2320 1085 2381 praeter
1118 2310 1284 2381 legem
1331 2310 1635 2367 unctionem
1685 2325 2024 2382 coarguens:
2059 2312 2201 2382 quod

651 2402 791 2456 idem
817 2401 883 2457 de
912 2402 1190 2458 sacriﬁciis
1213 2411 1269 2459 et
1296 2403 1361 2458 de
1391 2403 1595 2458 findere
1624 2400 1825 2456 factum
1870 2402 2035 2457 dices.
2074 2402 2199 2459 lizec

650 2492 794 2547 enim
828 2502 977 2549 recte
1022 2492 1362 2564 legitimeque
1395 2493 1787 2563 peragebantur
1818 2502 1946 2548 ante
1996 2492 2200 2548 Serva-

650 2584 782 2639 toris
820 2584 986 2639 nostri
1028 2585 1354 2655 passionem,
1384 2585 1507 2652 quia
1550 2585 1717 2638 virtus
1746 2582 1920 2639 adhuc
1956 2583 2197 2640 cmlestis

649 2675 766 2731 loca
797 2687 982 2732 sancta
1024 2677 1317 2732 obsidebat.
1359 2674 1556 2729 Verum
1594 2674 1778 2731 eadem
1827 2689 1951 2730 mox
1988 2675 2196 2731 sublata

648 2765 884 2832 luerunt,
928 2777 1144 2837 propter
1194 2767 1319 2821 illud
1362 2765 1662 2838 perlectum
1714 2766 1930 2837 Deoque
1977 2768 2194 2838 dignum

646 2858 998 2921 sacriﬁcium,
1053 2873 1157 2928 quo
1208 2860 1494 2929 semetipso
1536 2858 1728 2915 obtulit
1793 2871 1890 2928 pro
1954 2858 2190 2926 peccatis

645 2952 869 3006 nostris.
896 2952 987 3006 Est
1015 2952 1159 3007 enim
1190 2952 1236 3007 is
1260 2952 1459 3022 Agnus.
1477 2950 1593 3015 Dei,
1628 2951 1718 3021 qui
1748 2951 1885 3006 tollit
1914 2958 2193 3019 peccatum

645 3039 851 3105 mundi,
871 3038 1039 3095 hostia
1062 3040 1312 3095 nimirum
1340 3054 1436 3109 pro
1457 3040 1667 3095 cunctis
1690 3038 2014 3094 hominibus.
2035 3036 2195 3093 Novis

644 3129 939 3199 mysteriis,
986 3143 1122 3185 novo
1163 3128 1366 3184 [cedere
1412 3129 1574 3194 inito,
1612 3130 1888 3199 antiquum
1938 3127 2187 3184 exolevit.

2300 1948 2394 2002 τοῦ
2426 1949 2541 2019 βίου
2563 1946 2803 2019 διεξῆλθε
2820 1947 3017 2015 λόγοις,
3052 1947 3122 2000 τὰ
3152 1947 3239 2000 διά
3260 1947 3355 2000 τοῦ
3379 1948 3655 2018 προφήτου
3675 1946 3871 2017 Δανιὴλ
3924 1958 3933 1959 '

2298 2041 2426 2111 περὶ
2444 2038 2537 2092 τοῦ
2594 2039 2976 2109 ’Δντιχρίστου,
3029 2039 3123 2091 καὶ
3152 2038 3251 2109 τῆς
3297 2037 3391 2091 τοῦ
3414 2038 3676 2109 ,Σωτῆρος
3715 2038 3871 2109 ἡμῶν

2298 2130 2508 2195 ἐνδόξου
2542 2129 2816 2198 βασιλείας
2840 2129 3237 2201 τεθεσπισμένα
3265 2130 3642 2200 πιστούμενος.

2369 2228 2443 2287 ς’.
2509 2221 3106 2289 Ἐξολοθρευθήσεται
3154 2220 3399 2289 χρίσμα.
3456 2220 3742 2274 Εὑσεδίου.
3794 2219 3871 2274 Τδ

2296 2312 2516 2383 ἄκριτον
2558 2313 2650 2365 καὶ
2686 2311 3002 2382 παράνομον
3042 2311 3219 2363 αὐτῶν
3268 2309 3653 2363 διαϐάλλουσα·
3696 2308 3872 2373 οὕτως

2295 2403 2351 2456 δὲ
2374 2404 2467 2455 καὶ
2499 2404 2592 2455 ἐπὶ
2620 2406 2717 2473 τῆς
2753 2403 2944 2466 θυσίας
2964 2403 3059 2456 καὶ
3083 2405 3181 2474 τῆς
3209 2402 3442 2473 σπουδῆς
3465 2401 3869 2473 συμϐεϐηκέναι

2296 2494 2514 2564 φήσεις·
2552 2492 2726 2563 ὀρθῶς
2766 2495 2862 2564 μὲν
2904 2493 2998 2547 καὶ
3031 2493 3169 2546 κατὰ
3204 2494 3367 2564 νόμον
3395 2493 3500 2564 πρὸ
3541 2492 3635 2546 τοῦ
3663 2490 3869 2554 πάθους

2295 2584 2386 2638 τοῦ
2416 2586 2667 2655 Σωτῆρος
2691 2585 2848 2656 ἡμῶν
2869 2585 3293 2656 ἐπιτελουμένης
3308 2586 3395 2639 διά
3412 2585 3509 2654 τὴν
3531 2586 3610 2649 είς
3639 2584 3718 2637 ἐτι
3745 2583 3865 2637 τότε

2294 2673 2362 2726 τά
2403 2674 2511 2727 τῶν
2550 2673 2719 2742 ἁγίων
2757 2674 2937 2728 τόπων
2967 2674 3249 2746 ἐφορῶσαν
3288 2674 3549 2744 δύναμιν
3584 2690 3869 2746 περιαιρε-

2296 2761 2479 2833 θείσης
2500 2762 2557 2815 δὲ
2580 2760 2778 2816 αὐτίκα
2808 2762 2945 2833 μετὰ
2968 2762 3067 2833 τὴν
3095 2761 3261 2815 αὑτοῦ
3284 2760 3495 2814 τέλειαν
3522 2763 3617 2814 καὶ
3634 2762 3863 2832 θεοπρε-

2294 2853 2368 2923 πῆ
2402 2852 2609 2917 θυσίαν,
2634 2854 2700 2923 ῆν
2727 2853 3097 2925 προσήνεγκεν
3124 2853 3286 2915 αὐτὸς
3326 2850 3515 2905 ἑαυτὸν
3562 2852 3704 2923 ὑπὲρ
3756 2852 3865 2905 τῶν

2294 2943 2573 3015 ἁμαρτιῶν
2608 2943 2798 3013 ἡμῶν
2848 2943 3007 3007 αὐτός
3042 2960 3101 2995 τε
3132 2942 3205 2996 ὢν
3235 2944 3264 2996 δ
3314 2942 3507 3013 Ἀμνὸς
3530 2941 3622 2995 τοῦ
3662 2942 3797 2996 Θεοῦ
3834 2944 3867 2997 6

2293 3033 2463 3105 αίρων
2494 3033 2592 3105 τὴν
2623 3033 2895 3104 ἁμαρτίαν
2915 3033 3010 3087 τοῦ
3034 3034 3236 3105 κόσμου
3257 3036 3336 3097 είς
3358 3032 3548 3087 θυσίαν
3578 3036 3742 3088 πᾶσιν
3766 3035 3863 3088 άν-

2295 3124 2556 3197 θριιῖντιποις⁸
2582 3125 2721 3180 κατὰ
2748 3125 2816 3180 τὰ
2839 3126 2998 3183 καινὰ
3034 3127 3307 3198 μυστήρια
3335 3126 3434 3197 τῆς
3466 3125 3659 3197 καινῆς
3677 3126 3862 3198 διαθή-

647 3219 818 3275 Simul
855 3233 921 3274 ac
964 3220 1105 3273 enim
1149 3218 1426 3273 oraculum
1465 3218 1591 3274 illud
1632 3221 1957 3289 completum
1988 3230 2090 3285 est,
2121 3218 2187 3273 Et
2216 3220 2257 3279 C

2302 3235 2393 3289 ιιης
2419 3216 2832 3289 παραδοθείσης,
2863 3218 2931 3272 τά
2969 3219 3067 3289 τῆς
3106 3217 3341 3281 παλαιᾶς
3376 3216 3695 3288 περιῄρετο·
3723 3218 3862 3289 ὁμοῦ

643 3309 910 3363 roborabit
940 3308 1107 3377 {cedus
1148 3307 1329 3362 multis
1361 3308 1689 3362 hebdornada
1734 3324 1869 3375 una,
1913 3308 2191 3379 antiquum

646 3398 821 3455 {trdus
850 3399 1027 3454 desiit.

2292 3306 2399 3378 γάρ
2418 3307 2479 3359 τὸ
2508 3306 2841 3378 πληροῦσθαι
2877 3308 2938 3361 τὸ
2965 3307 3173 3377 φάσκον
3219 3307 3417 3377 λόγιον,
3449 3308 3559 3363 Kal
3594 3306 3862 3377 δυναμώ-

2293 3411 2388 3451 σει
2403 3396 2697 3466 διαθήκην
2727 3398 2977 3466 πολλοῖς
2996 3398 3247 3469 ἑϐδομὰς
3262 3401 3391 3469 μία,
3419 3399 3490 3454 τὰ
3506 3402 3604 3472 τῆς
3626 3393 3862 3464 παλαιάς

2289 3488 2549 3561 διαθήκης
2575 3488 2884 3561 περιῄρετο.

3524 3669 3834 3689 -“

718 3745 1237 3834 ϐοιειιαιβιοωοιο,
1269 3746 1601 3834 nursing.
1630 3745 1909 3834 Crameri
1938 3764 2107 3834 anno
2160 3748 2312 3810 18H
2352 3750 2588 3834 oxgnii
2640 3748 2850 3834 editio,
2910 3751 3032 3834 sub
3061 3751 3635 3834 Eusebiinomine
3685 3753 3857 3834 frag-

642 3829 849 3912 menta
883 3822 1032 3912 satis
1061 3820 1263 3912 ampla
1297 3822 1363 3883 in
1395 3822 1752 3912 blattbaaum
1784 3832 1844 3883 et
1879 3824 2286 3912 indemnem
2323 3829 2662 3912 exhibent.
2882 3830 3266 3912 verbotenus
3316 3830 3626 3912 derivavit
3651 3820 3854 3912 οοΙΙέέ

642 3907 881 3988 ctor_ex
916 3898 1659 3988 EusebiiQuwstioniby_s
1701 3901 2070 3979 euangelicis
2125 3920 2317 3981 supra
2362 3903 2773 3988 editissﬂAlia
2810 3906 3283 3988 insuperbenc
3330 3908 3538 3988 multa
3582 3927 3729 3988 quas
3774 3911 3849 3972 ad

644 3976 900 4064 eosdem
928 3976 1346 4064 evangelistas
1381 3986 1443 4037 et
1475 3974 1874 4064 ad.Me_rcum'
1897 3974 2227 4064 spectany
2260 3990 2495 4064 catena;
2542 3982 2801 4064 Niceten,
2857 3974 3272 4064 Possinianaa,
3314 3974 3718 4050 Corderia'naa
3761 3988 3856 4049 in-

648 4060 834 4145 serta,
864 4053 1158 4131 leguntur
1188 4062 1317 4145 tum
1342 4070 1530 4145 supra
1561 4053 2110 4145 inhSuppleuiento
2140 4058 2562 4135 Quintianum
2596 4059 2677 4120 ad
2701 4053 3078 4141 Stephanum
3102 4106 3120 4136 ,
3164 4053 3300 4125 tum
3332 4064 3404 4124 in
3436 4068 3734 4145 sequenti
3772 4065 3852 4127 ad

656 4129 881 4190 Lucam
913 4129 1377 4192 commentario.
1418 4129 1595 4192 Ευιτ.
1629 4129 1819 4193 ΡΑτιιζ

664 4264 2610 4296 _————-—————v-——_——_____

1378 4439 2152 4571 'EUSEBIUS
2237 4446 2398 4568 IN
2472 4446 3055 4577 LUCAM.

1056 4671 1278 4741 (Angelo
1307 4670 1433 4740 In,
1461 4669 1784 4728 Bibliotheca
1812 4690 1941 4729 nova
1974 4672 2214 4743 Patrum,
2252 4686 2379 4733 tom.
2416 4678 2502 4743 IV,
2538 4696 2659 4753 pag.
2690 4684 2810 4740 159.
2848 4684 3031 4740 Romae
3062 4685 3219 4752 1847,
3254 4687 3306 4741 in
3329 4686 3427 4757 ι’.)

2194 4837 2264 4850 _

1935 5008 2551 5101 MONITUM.

716 5196 879 5261 Quem
912 5196 966 5250 in
994 5198 1413 5267 subsequentibus
1440 5197 1648 5267 paginis
1680 5199 1870 5251 edituri
1896 5214 2077 5251 sumus
2136 5198 2345 5251 Eusebii
2394 5203 2844 5267 commentarium,
2892 5204 3177 5274 vel'potius
3226 5208 3343 5277 ejus
3383 5220 3558 5277 partes
3582 5212 3654 5265 ad
3694 5209 3850 5273 Lucra

647 5285 1006 5357 Eeangelium,
1037 5305 1100 5343 ea:
1127 5302 1353 5360 quatuor
1395 5292 1710 5358 sumpsimus
1737 5293 2059 5345 bibliotheca
2103 5292 2369 5345 Vaticana:
2399 5294 2689 5352 codicibus.
2722 5296 2957 5352 'Primus
2988 5310 3085 5365 est,
3116 5318 3266 5371 quem
3303 5302 3639 5373 designamus
3671 5308 3849 5362 littera

648 5384 710 5447 Α,
738 5397 957 5450 magnus
985 5381 1075 5435 ille
1106 5394 1304 5437 catena:
1336 5383 1552 5437 Patrum
1587 5382 1890 5439 Grecorum
1920 5389 1974 5439 in
2006 5384 2204 5439 Lucam
2232 5388 2413 5449 codex,
2446 5402 2661 5443 auctore
2708 5390 2894 5446 Νίσαια
2926 5392 3205 5448 Serrorum
3243 5397 3501 5465 episcopo,
3548 5399 3702 5468 cujus
3750 5418 3843 5457 nos

651 5490 839 5527 catena
868 5485 1062 5542 partem
1092 5478 1394 5530 mediocrem
1416 5479 1533 5544 jam
1561 5477 1817 5533 edidimus
1854 5488 1994 5533 tomo
2027 5495 2081 5533 Ix
2114 5478 2312 5546 Script.
2355 5491 2484 5546 vet.,
2517 5495 2727 5552 excepto
2758 5482 3001 5551 Eusebio,
3044 5504 3194 5558 quem
3225 5492 3504 5557 separatim
3559 5498 3686 5547 dare
3730 5510 3847 5547 con-

649 5568 1006 5634 stitueramus;
1031 5580 1235 5637 excepto
1264 5571 1381 5623 item
1414 5568 1630 5639 Cyrillo,
1662 5582 1710 5623 et
1736 5572 1854 5627 aliis
1886 5574 2105 5643 aliquot,
2142 5575 2203 5629 de
2232 5575 2415 5643 quibus
2444 5575 2571 5630 alibi
2596 5576 2752 5632 verba
2786 5578 3021 5645 fecimus.
3050 5580 3323 5638 Secundus
3352 5594 3427 5639 est
3464 5586 3629 5641 codex
3648 5590 3846 5659 priscus

716 5741 764 5774 ⁸³
793 5743 808 5797 l
840 5739 1027 5798 Thess.
1058 5759 1125 5808 Iv,
1161 5744 1243 5799 16.
1332 5745 1372 5781 ³⁹
1411 5743 1454 5798 ιι
1494 5743 1682 5803 Thess.
1712 5764 1771 5819 ιι,
1804 5752 1858 5807 5.
