4124 6400
658 325 767 384 835

1319 321 1580 379 EUSEBII
1618 321 2083 381 CESARIENSIS
2120 323 2270 382 OPP.
2309 326 2487 385 PARS
2524 328 2611 387 III.
2651 360 2721 373 -
2758 329 3162 389 EXEGETICA.

3748 331 3847 388 538

662 439 851 501 titudo.
892 443 947 491 et
982 442 1193 503 quarta,
1238 422 1458 505 aliaque
1508 434 1780 507 deinceps.
1840 435 2025 493 Licere
2058 437 2186 493 enin

2300 438 2450 509 αὐτῷ
2475 441 2826 512 μακαρισμοὶ,
2844 442 2937 495 καὶ
2956 439 3202 511 τέταρτοι
3227 440 3320 495 καὶ
3344 439 3539 511 ἐφεξῆς
3567 440 3701 512 (ιιι).
3731 441 3847 511 Ἐξ-

661 530 884 584 docebat
902 526 1194 582 secundum
1224 526 1438 595 aliquod
1473 543 1540 583 ex
1572 529 1837 597 pmdictis
1883 532 2006 585 vita:
2040 544 2201 598 gene-

661 619 805 672 ribus
835 618 1097 687 promissa
1143 616 1280 671 bona
1326 621 1613 685 consequi;
1664 620 1734 673 ita
1789 629 1849 676 ut
1893 631 2112 687 possent
2144 621 2199 675 in

658 706 750 760 Dei
780 720 966 775 regno,
992 707 1036 761 si
1063 708 1237 761 minus
1260 720 1381 759 cum
1426 704 1640 762 Christo
1670 724 1894 781 regnare
1940 725 2092 779 aque
2136 726 2201 765 ac

657 811 916 865 pauperes
941 797 1152 865 spiritu,
1186 803 1241 849 at
1274 806 1419 855 certe
1448 800 1706 863 recreari,
1749 815 1813 854 eo
1839 802 1982 869 quod
2009 803 2197 857 morti-

657 885 770 938 fera
795 899 888 939 sua
920 894 1129 954 peccata
1160 883 1490 951 deﬂeverint,
1525 903 1589 943 ac
1624 892 1945 959 pmnitentia
1979 901 2034 947 et
2069 907 2199 951 con-

657 973 874 1030 fessioni
922 987 1187 1043 castaeque
1214 978 1339 1031 vita
1380 990 1551 1033 semet
1599 980 1916 1037 addixerint.
1953 983 2047 1038 Vel
2078 999 2201 1054 pro-

655 1066 817 1120 missa
845 1076 983 1120 terra
1010 1067 1192 1134 potiri,
1234 1079 1290 1123 et
1324 1069 1653 1126 habitatores
1679 1071 1931 1138 civesque
1956 1087 2199 1143 superna:

656 1153 750 1209 Dei
777 1155 1004 1209 civitatis
1044 1157 1179 1224 fieri,
1212 1158 1334 1227 quia
1365 1158 1517 1214 mites
1556 1174 1616 1215 se
1658 1161 2026 1232 patientesque
2057 1179 2197 1233 pra:-

653 1236 883 1292 buerint.
919 1238 1010 1295 Vel
1032 1242 1155 1310 quia
1181 1244 1499 1299 esuriverint
1528 1246 1581 1300 in
1626 1250 1872 1316 praesenti
1911 1252 2016 1305 vita
2039 1250 2197 1319 justi-

657 1327 781 1381 tiam
810 1338 969 1398 atque
993 1331 1278 1397 sitiverint,
1310 1348 1478 1403 eaque
1502 1337 1687 1391 satiari
1719 1338 1769 1393 in
1793 1338 1971 1395 futuro
2001 1341 2198 1396 mulo

652 1419 992 1485 optaverint;
1044 1422 1115 1475 ita
1148 1422 1473 1478 defaecatamr
1501 1440 1565 1480 ac
1595 1428 1996 1485 substantialcm
2025 1433 2195 1486 virtu-

652 1514 761 1560 tem
789 1508 1085 1575 obtineant,
1110 1521 1163 1566 et
1186 1512 1578 1584 hypostaticam
1612 1519 1783 1588 ipsam
1810 1521 1901 1575 Dei
1932 1522 2193 1589 justitiam

653 1601 951 1667 aspiciant,
995 1603 1267 1674 ipsamque
1310 1607 1403 1662 Dci
1445 1610 1794 1680 sapientiam,
1830 1622 2083 1668 aeternam
2116 1615 2195 1669 vi-

652 1698 785 1757 tam,
825 1702 879 1747 et
903 1694 1197 1748 animarum
1255 1697 1455 1753 lumen.
1504 1700 1632 1767 Qua:
1685 1705 1866 1757 omnia
1904 1708 2191 1761 secundum

650 1782 1001 1838 inharentem
1035 1784 1287 1839 virtutem
1320 1788 1372 1841 in
1412 1791 1682 1859 unigenito
1732 1794 1823 1846 Dei
1873 1792 2048 1850 Verbo
2078 1812 2197 1854 esse

649 1869 1034 1938 intelliguntur.
1091 1871 1242 1939 Quod
1304 1876 1349 1929 si
1400 1875 1595 1947 alioqui
1678 1881 1916 1935 nonnulli
1981 1883 2193 1952 benigni

647 1960 849 2026 fuerint
867 1972 922 2017 et
940 1964 1368 2035 eleemosynarii,
1398 1970 1926 2042 misericordiamque
1962 1991 2025 2030 ac
2064 1977 2197 2033 libe-

648 2051 917 2107 ralitatem
967 2068 1092 2124 erga
1139 2058 1409 2125 proximos
1461 2058 1967 2130 demonstraverint,
2027 2069 2192 2121 bene-

644 2141 888 2197 ficicrum
921 2160 1137 2199 suorum
1183 2147 1352 2201 vicem
1400 2150 1765 2219 experientur,
1822 2154 2193 2210 misericordia

644 2231 1034 2304 ciementiaque
1060 2236 1149 2291 Dei
1181 2235 1427 2293 fruendo.
1475 2239 1625 2295 Alius
1666 2251 1750 2295 est
1793 2245 2068 2299 beatorum
2110 2262 2194 2301 se-

645 2321 877 2375 cundum
899 2323 1303 2391 promissionem
1332 2324 1485 2388 ordo,
1510 2327 1597 2394 qui
1625 2328 1805 2392 corde,
1844 2330 1893 2382 id
1915 2339 1997 2383 est
2018 2341 2194 2385 mente

644 2408 766 2479 puri
823 2396 985 2475 sunt;
1041 2412 1274 2482 itemque
1324 2414 1461 2469 alius
1520 2416 1887 2486 pacilicornm.
1954 2418 2189 2485 Quorum

644 2499 858 2569 priores
887 2501 1099 2569 quidem
1129 2504 1380 2571 puritatis
1406 2519 1515 2559 sua
1538 2508 1838 2561 mercedem
1873 2510 2190 2578 percipient,

643 2588 739 2643 Dei
776 2589 1056 2655 visionem,
1095 2591 1217 2659 quia
1243 2594 1480 2660 purgatis
1506 2608 1626 2647 eum
1654 2595 1846 2650 anime
1875 2597 2046 2651 oculis
2066 2608 2190 2653 sunt

640 2679 839 2747 visuri;
867 2680 1021 2736 alteri
1048 2695 1173 2736 vero
1196 2681 1286 2736 lilii
1307 2683 1395 2736 Dei
1428 2683 1573 2753 fient,
1602 2695 1885 2755 propterea
1916 2690 2056 2756 quod
2093 2704 2191 2759 par

642 2783 777 2839 opus
807 2770 1055 2835 fecerint,
1087 2782 1247 2842 atque
1278 2772 1372 2828 Dei
1405 2774 1593 2839 Filius,
1629 2778 1720 2846 qui
1770 2778 1950 2833 omnia
2008 2794 2105 2849 per
2130 2796 2188 2835 se

640 2858 812 2927 ipsum
846 2861 1147 2930 paciﬁcavit
1179 2862 1290 2917 sive
1323 2879 1439 2933 quae
1479 2866 1531 2919 in
1558 2864 1707 2920 cmlis
1745 2877 1889 2931 sunt,
1929 2869 2044 2923 sive
2071 2883 2190 2938 qua

640 2947 695 3003 iu
734 2956 901 3017 terra.
934 2948 1311 3006 Verumtamen
1361 2953 1417 3008 bi
1456 2970 1640 3011 omnes
1676 2971 1775 3026 pro
1817 2972 2032 3013 suorum
2061 2974 2191 3030 ope-

2298 528 2433 581 εἶναι
2460 527 2568 600 γὰρ
2585 529 2827 582 ἐδίδασκε
2851 528 2971 583 καθ’
2994 528 3089 582 ενα
3110 528 3229 583 τινά
3260 530 3457 597 τρόπον
3483 529 3591 583 τῶν
3612 547 3848 585 κατωνο-

2300 617 2589 689 μασμένων
2619 618 2749 688 βίων
2776 618 3169 689 καταξιωθῆναι
3192 619 3298 674 τῶν
3314 620 3731 692 ἐπηγγελμένων
3760 638 3849 691 φι-

2297 709 2656 781 λοτιμεῖσθαν
2682 710 2807 765 ὥστ’
2825 708 2959 767 εἶναι
2989 711 3227 778 δυνατὸν,
3253 714 3311 767 ἐν
3334 716 3399 783 τῇ
3423 712 3515 767 τοῦ
3541 713 3673 767 Θεοῦ
3698 713 3849 783 βασι-

2296 799 2414 871 λείῃ.⁹
2463 800 2799 871 γενομένους,
2840 804 2890 855 εί
2925 802 3018 855 καὶ⁵
3062 801 3135 873 μὴ
3172 802 3592 873 συμϐασιλεῦσαι
3633 802 3847 875 Χριστῷ

2297 890 2437 946 κατὰ
2484 892 2607 960 τοὺς
2645 895 2890 963 πτωχοὺς
2920 892 2996 965 τῷ
3024 891 3311 963 πνεύματι,
3354 893 3487 947 ἀλλὰ
3514 894 3643 963 γοῦν
3677 911 3848 967 παρα-

2297 978 2556 1050 κληθῆναι
2596 980 2682 1049 ἐφ*
2727 975 2809 1044 οἷς
2858 980 2926 1035 τὰ
2976 981 3112 1051 πρὸς
3160 980 3385 1035 θάνατον
3440 984 3848 1055 ἁμαρτήσαντες

2297 1069 2618 1141 ἐπένθησαν,
2648 1070 2904 1142 μετανοίᾳ
2953 1072 3044 1125 καὶ
3070 1070 3449 1142 ἐξομολογήσει
3477 1073 3588 1143 (Π)
3626 1072 3720 1125 καὶ
3750 1070 3848 1144 βιῳ

2299 1162 2530 1235 σώφρονι
2558 1165 2778 1227 ἐαυτοὺς
2792 1163 3171 1227 ἐπιδεδωκότες
3191 1180 3205 1194 ⁸
3246 1162 3281 1235 ἦ
3309 1165 3408 1233 τῆς
3438 1164 3849 1235 ἐπηγγελμένης

2297 1255 2401 1325 γῆς
2441 1256 2641 1325 τυχεῖν,
2679 1254 2966 1325 οἰκήτοράς
2996 1271 3055 1308 τε
3106 1262 3199 1309 καὶ
3238 1254 3459 1317 πολίτας
3491 1256 3590 1326 τῆς
3614 1256 3727 1310 ἄνω
3754 1254 3849 1309 τοῦ

2296 1344 2429 1399 Θεοῦ
2458 1346 2661 1409 πόλεως
2687 1344 2957 1414 γενέσθαι,
2987 1345 3193 1417 πράους
3224 1346 3315 1399 καὶ
3338 1345 3688 1412 ἀνεξικάκους
3711 1348 3850 1401 ἀπο-

2293 1434 2626 1505 δειχθέντας·
2673 1435 2707 1507 ἢ
2740 1436 3097 1508 πεινήσαντας
3141 1437 3200 1488 ἐν
3236 1434 3313 1505 τῷ
3345 1435 3569 1507 παρόντι
3608 1437 3723 1507 βίῳ,
3757 1436 3852 1489 καὶ

2293 1527 2621 1597 διψήσαντας
2655 1527 2755 1598 τῆς
2780 1526 3120 1597 δικαιοσύνης
3140 1529 3320 1597 τυχεῖν
3352 1526 3543 1597 αὐτῆς,
3571 1529 3665 1581 καὶ
3694 1544 3853 1599 κορε-

2296 1619 2485 1689 σθῆναι
2530 1621 2671 1674 κατὰ
2707 1618 2799 1673 τὸν
2845 1619 3245 1691 ἐπηγγελμένον
3284 1619 3473 1681 αίῶνα,
3515 1618 3651 1673 ἐπὰν
3681 1618 3851 1688 αὐτῆς

2295 1712 2537 1784 καθαρᾶς
2580 1712 2679 1783 τῆς
2720 1709 3006 1777 οὐσιώδους
3042 1711 3243 1784 ἀρετῆς
3281 1710 3653 1777 ἀπολαύωσιν,
3683 1710 3851 1782 αὐτὴν

2294 1804 2654 1875 ύποστατικὴν
2686 1802 2917 1872 ὁρῶντες
2945 1804 3044 1874 τὴν
3076 1801 3170 1856 τοῦ
3208 1801 3342 1855 Θεοῦ
3369 1801 3727 1872 δικαιοσύνην,
3754 1802 3850 1856 καὶ

2292 1893 2459 1964 αὐτὴν
2485 1894 2584 1965 τὴν
2616 1893 2804 1960 σοφίαν
2841 1892 2935 1946 τοῦ
2975 1890 3131 1956 Θεοῦ,
3170 1892 3264 1945 καὶ
3290 1892 3387 1962 τὴν
3424 1891 3567 1961 ζωὴν
3594 1892 3692 1962 τὴν
3720 1889 3853 1945 αἰώ-

2291 1999 2421 2047 νιον,
2450 1983 2543 2035 καὶ
2560 1983 2621 2036 τὸ
2645 1981 2829 2052 ψυχῶν
2859 1981 3180 2051 φωτιστικόν
3198 1998 3211 2012 ·
3262 1981 3299 2035 ἃ
3326 1981 3390 2053 δὴ
3423 1982 3597 2036 πάντα
3624 1983 3851 2035 ἐπινοεῖ-

2289 2089 2378 2126 ται
2416 2072 2555 2126 κατὰ
2593 2072 2692 2136 τὰς
2738 2071 3145 2143 ἐνυπαρχούσας
3174 2070 3427 2141 δυνάμεις
3468 2071 3545 2143 τῷ
3580 2074 3854 2143 μονογενεῐ

2290 2160 2383 2215 τοῦ
2420 2162 2553 2216 Θεοῦ
2581 2163 2756 2233 Λόγῳ.
2790 2163 2853 2216 Ei
2884 2161 2939 2215 δέ
2977 2160 3148 2223 ἄλλως
3182 2160 3327 2223 τινὲς
3361 2161 3726 2234 φιλάνθρωποι
3758 2164 3851 2216 καὶ

2291 2253 2577 2324 ἐλεήμονες
2623 2255 2875 2322 γεγόνασι
2889 2276 2907 2318 ·,
2960 2255 3021 2308 τὸ
3069 2254 3347 2324 συμπαθὲς
3398 2254 3491 2307 καὶ
3540 2251 3852 2307 κοινωνικὸν

2290 2345 2425 2415 πρὸς
2446 2346 2573 2408 τοὺς
2593 2344 2759 2408 πέλας
2782 2344 3228 2415 ἐπιδεικνύμενοι,
3253 2344 3444 2397 ταύτὸν
3474 2343 3747 2397 πείσονται
3767 2337 3849 2408 οἷς

2289 2434 2538 2505 ἔδρασαν,
2567 2435 2687 2487 κατ’
2720 2434 2867 2487 ἔλεον
2899 2431 3033 2486 Θεοῦ
3060 2436 3153 2488 κα)⁴
3181 2433 3582 2505 φιλανθρωπίαν
3609 2431 3829 2503 ἐλεηθέν

2290 2542 2398 2587 τες.
2430 2524 2591 2576 ’Δλλο
2618 2524 2677 2578 δέ
2707 2524 2889 2593 τάγμα
2920 2524 3114 2593 γένοιτ’
3144 2524 3210 2579 ἂν
3240 2526 3348 2579 τῶν
3377 2524 3517 2579 κατὰ
3548 2524 3646 2595 τὴν
3676 2526 3848 2591 ἐπαγ-

2289 2612 2472 2680 γελίαν
2516 2614 2821 2684 μακαρίων,
2862 2615 2923 2667 τὸ
2946 2614 3053 2668 τῶν
3077 2616 3175 2686 τὴν
3203 2616 3429 2688 καρδίαν
3461 2615 3705 2669 τουτέστι
3749 2616 3849 2687 τὴν

2286 2701 2517 2755 διάνοιαν
2553 2702 2973 2774 κεκαθαρμὲνων
2990 2720 3004 2733 ο
3038 2704 3131 2756 καὶ
3156 2704 3283 2758 ἄλλο
3308 2704 3468 2759 πάλιν
3492 2704 3602 2758 τῶν
3634 2706 3843 2777 εἰρηνοι

2288 2791 2455 2845 ποιῶν
2479 2809 2494 2823 ο
2529 2786 2604 2847 ὧν
2623 2795 2674 2845 οἱ
2700 2795 2797 2864 μέν
2824 2795 3074 2866 πρότεροι
3099 2795 3264 2866 γέρας
3284 2794 3538 2867 λήψονται
3560 2797 3659 2867 τῆς
3683 2796 3851 2851 καθα-

2292 2885 2529 2955 ρότητος,
2560 2883 2659 2956 τὴν
2686 2884 2779 2939 τοῦ
2809 2885 2943 2939 Θεοῦ
2961 2885 3106 2951 θέαν,
3137 2886 3232 2940 ἆτε
3255 2887 3313 2941 δέ
3338 2886 3634 2958 ὀφθαλμοῖς
3668 2887 3846 2958 ψυχῆς

2289 2971 2716 3043 κεκαθαρμένοις
2762 2974 2921 3028 αὑτὸν
2963 2975 3240 3045 ὀψόμενον
3285 2976 3334 3030 οἱ
3361 2976 3419 3030 δὲ
3468 2976 3707 3048 δεύτεροι
3742 2976 3850 3030 υἱοὶ

640 3054 759 3093 rum
823 3041 1134 3097 diversitate
1184 3042 1409 3098 diversis
1471 3045 1525 3099 in
1598 3049 1862 3115 promisso
1927 3050 2186 3105 caelorum

2291 3060 2427 3115 Θεοῦ
2456 3041 2789 3133 γενήσονται,
2818 3063 2894 3126 ὡς
2916 3063 2980 3117 ἂν
3006 3041 3165 3134 ἔργον
3185 3065 3366 3136 ὅμοιον
3391 3041 3810 3136 κατωρθωκότες
3826 3080 3843 3097 ο

638 3143 806 3199 regno
851 3130 1128 3199 potientur
1174 3133 1490 3191 honoribus.
1548 3134 1683 3191 Nam
1735 3140 2029 3208 regnabunt
2064 3155 2186 3195 cum

2287 3146 2398 3205 οἷον
2424 3130 2517 3205 καὶ
2614 3152 2705 3205 τοῦ
2726 3153 2857 3208 Θεοῦ
2887 3154 3012 3218 Υἱὸς
3034 3130 3446 3228 εἰρηνοποιήσας
3481 3130 3553 3209 τά
3570 3157 3747 3209 πάντα
3776 3153 3846 3209 δι’

640 3217 734 3272 Dei
760 3219 895 3275 Filio
911 3220 1068 3289 primi
1106 3220 1197 3291 qui
1230 3223 1487 3277 nominati
1517 3236 1643 3279 sunt
1682 3241 1943 3297 pauperes
1973 3230 2184 3297 spiritu.

637 3305 770 3363 Post
802 3308 918 3364 illos
942 3319 1116 3364 autem
1162 3312 1407 3379 secundi,
1447 3311 1613 3369 fortes
1654 3315 1745 3369 Dei
1804 3328 2094 3388 martyres,
2121 3319 2189 3373 de

639 3399 835 3466 quibus
872 3409 1053 3469 postea
1087 3399 1252 3455 dicit:
1301 3401 1451 3456 Beati
1497 3407 1587 3473 qui
1635 3409 2040 3473 persecutionem
2089 3426 2187 3478 pa.-

642 3484 844 3537 tiuntur
883 3492 1091 3554 prapter
1123 3485 1407 3554 justitiam.
1433 3490 1525 3545 liis
1576 3493 1718 3546 enim
1757 3493 1934 3550 verbis
1972 3510 2066 3551 eos
2095 3498 2186 3566 qui

636 3585 735 3640 pro
761 3586 925 3642 regno
953 3574 1274 3629 decertaturi
1319 3589 1494 3642 erant,
1527 3586 1784 3650 tanquam
1832 3582 2041 3638 nobiles
2092 3584 2183 3639 Dei

638 3660 837 3716 milites
878 3663 1090 3719 dicebat
1110 3665 1329 3733 beatos;
1380 3670 1684 3723 necessario
1733 3669 1819 3724 bis
1848 3673 2080 3741 quoque,
2128 3686 2186 3728 ut

633 3748 1059 3806 beatificatorum
1086 3765 1245 3809 antea
1284 3770 1573 3825 pauperum
1603 3758 1882 3826 fratribus,
1919 3764 2183 3819 mercedis

634 3836 756 3893 loco
782 3838 1038 3895 caelorum
1063 3857 1279 3911 regnum
1306 3847 1641 3915 promittens.
1665 3848 1830 3905 Multo
1864 3863 2043 3908 autem
2059 3871 2181 3911 cum

633 3924 825 3989 ordine
872 3935 927 3979 et
974 3938 1333 3987 consentanee
1404 3933 1487 3988 liis
1540 3922 1907 3995 communicat
1959 3956 2181 4010 regnum

636 4028 791 4067 suum
827 4024 945 4083 post
980 4030 1238 4087 pauperes
1284 4020 1495 4091 spiritu.
1524 4023 1747 4094 Oportet
1772 4029 1916 4084 enim
1952 4033 2180 4101 primum

634 4102 819 4159 vivere
849 4104 960 4160 Deo
990 4116 1170 4175 gratos
1198 4115 1310 4163 toto
1335 4112 1454 4165 vitae
1495 4120 1754 4185 tempore,
1788 4132 2075 4189 pauperem
2117 4139 2181 4178 ac

638 4200 1067 4271 pbilosOphicum
1103 4218 1305 4259 morem
1342 4215 1580 4265 tenentes
1612 4228 1627 4265 :
1652 4212 1846 4271 deinde
1870 4218 1950 4272 sic
1970 4218 2035 4273 ad
2058 4234 2182 4289 gra-

639 4300 751 4345 tum
779 4290 889 4347 Deo
917 4293 1077 4349 linem
1106 4297 1427 4369 pertingere.
1455 4297 1638 4370 itaque
1676 4303 1881 4373 priores
1922 4307 1993 4363 illi
2038 4324 2184 4365 sum-

2290 3241 2504 3309 ἑαυτοῦ,
2526 3241 2597 3295 τά
2633 3260 2691 3295 τε
2741 3244 2799 3296 ἐν
2840 3244 3049 3316 οὐρανῷ
3080 3246 3173 3300 καί
3197 3244 3267 3299 τὰ
3298 3244 3390 3299 ἐπὶ
3423 3246 3523 3317 τῆς
3541 3246 3663 3316 γῆς.
3710 3244 3846 3298 Ἀλλ’

2286 3322 2431 3383 οὗτοι
2457 3332 2552 3401 μέν
2584 3333 2675 3385 ἐπὶ
2709 3331 2979 3405 διαφόροις
3015 3335 3398 3408 κατορθώμασι
3430 3336 3850 3408 διαφόρωντεύ-

2291 3413 2464 3478 ξονται
2487 3416 2657 3488 τιμῶν
2688 3420 2745 3472 ἐν
2762 3423 2827 3491 τῇ
2857 3423 3269 3496 κατηγγελμένῃ
3302 3424 3410 3479 τῶν
3433 3426 3674 3496 οὐρανῶν
3704 3425 3851 3495 βασι·-

2288 3505 2425 3578 λείᾳ.
2462 3509 2528 3561 Οἵ
2553 3526 2617 3578 γε
2648 3510 2751 3581 μὴν
2778 3511 2925 3583 αύτῷ
2956 3513 3472 3584 συμϐασιλεύσοντες
3498 3516 3575 3594 τῷ
3611 3517 3725 3590 Υίῷ
3753 3518 3847 3573 τοῦ

2286 3595 2420 3649 Θεοῦ
2454 3599 2659 3671 πρῶτοι
2711 3600 2808 3671 μὲν
2854 3596 2994 3672 ἦσαν
3046 3604 3095 3655 ol
3143 3604 3466 3675 δηλωθέντες
3510 3608 3715 3677 πτωχοὶ⁸
3767 3607 3846 3678 τῷ

2286 3689 2585 3759 πνεύματι·
2629 3689 2867 3763 δεύτεροι
2903 3692 2960 3746 δέ
2991 3693 3108 3762 μετ’
3132 3694 3372 3760 ἐκείνους
3405 3696 3455 3748 oi
3481 3700 3715 3764 γενναῖοι
3752 3696 3845 3754 τοῦ

2284 3778 2417 3832 Θεοῦ
2450 3780 2741 3853 μάρτυρες,
2772 3782 2899 3854 περὶ
2928 3776 3003 3837 ὧν
3043 3783 3171 3856 ἑξῆς
3198 3784 3439 3840 ἐδίδασκε
3476 3784 3647 3854 λέγων
3665 3804 3679 3817 ·
3707 3790 3848 3841 Μαρ-

2286 3870 2475 3940 accipiat
2510 3876 2565 3926 οἱ
2597 3872 2972 3945 δεδιωγμένοι
3021 3874 3230 3930 ἕνεκεν
3278 3876 3663 3944 δικαιοσύνης
3684 3894 3697 3909 ⁸
3756 3877 3844 3932 διὰ

2284 3959 2487 4013 τούτων
2540 3961 2650 4032 γὰρ
2691 3963 2818 4027 τοὺς
2850 3963 3139 4033 μέλλοντας
3201 3966 3697 4037 ὑπεραγωνίζεσθαι
3743 3966 3845 4038 τῆς

2285 4047 2557 4118 βασιλείας
2582 4051 2657 4115 ὡς
2685 4052 2919 4122 εὐγενεῖς
2945 4054 3080 4111 Θεοῦ
3119 4055 3451 4130 στρατιώτας
3476 4056 3807 4130 ἐμακάριζεν
3823 4075 3841 4091 ο

2282 4140 2593 4209 ἀναγκαίως
2629 4143 2722 4196 καὶ
2757 4145 2939 4209 αὐτοῖς
2968 4145 3044 4211 ὡς
3074 4147 3321 4216 ἀδελφοῖς
3340 4146 3448 4201 τῶν
3479 4164 3841 4218 προμεμακα-

2284 4224 2551 4303 ρισμένων
2576 4233 2806 4305 πτωχῶν
2828 4235 3055 4307 βραδεῖα
3080 4237 3187 4291 τῶν
3213 4238 3458 4292 ἐπάθλων
3488 4238 3586 4309 τὴν
3611 4238 3720 4292 τῶν
3748 4240 3842 4291 ού·-

2284 4317 2459 4386 ρανῶν
2492 4318 2762 4389 βασιλείαν
2786 4322 3222 4394 ὑπισχνούμενος.
3258 4324 3418 4390 Τάξει
3469 4325 3526 4379 δὲ
3555 4325 3719 4399 πολλῇ
3748 4327 3842 4381 καὶ

631 4395 774 4437 mam
812 4383 935 4439 vita:
976 4396 1340 4456 paupertatem
1373 4401 1665 4456 sectantes,
1706 4402 1818 4449 toto
1861 4398 2038 4454 atatis
2076 4415 2185 4455 suae

2287 4383 2572 4481 ἀκολουθίᾳ
2589 4410 2796 4477 τούτοις
2830 4383 3098 4484 μετεδίδου
3119 4383 3215 4488 τῆς
3243 4383 3407 4471 αὐτοῦ
3441 4383 3719 4487 βασιλείαέ
3738 4437 3836 4490 με·

632 4482 875 4544 tempore
898 4491 998 4546 pro
1029 4479 1242 4534 virtutis
1288 4483 1523 4549 prmmiis
1552 4482 1919 4541 decertarunt.
1947 4487 2179 4545 Secundi

631 4580 780 4630 vero,
826 4576 1046 4636 propter
1096 4569 1455 4625 testimonium
1516 4573 1581 4627 de
1633 4574 1870 4644 Christo,
1921 4582 2178 4650 exagitati

630 4652 868 4720 fuerunt,
894 4658 1206 4728 oppugnati,
1246 4660 1370 4715 odio
1415 4662 1603 4727 habiti,
1636 4663 1787 4720 falsis
1824 4672 2179 4725 accusationi-

631 4746 730 4802 bus
754 4746 1081 4802 calumniose
1109 4751 1352 4819 appetiti,
1394 4751 1591 4807 nullam
1632 4754 1795 4809 aliam
1836 4757 1907 4811 ob
1958 4773 2175 4816 causam

630 4851 790 4902 quam
822 4835 890 4891 ob
922 4835 1116 4892 Christi
1151 4838 1563 4898 confessionem.
1609 4844 1712 4900 Sed
1758 4849 1901 4902 enim
1935 4852 2175 4907 esurien-

630 4937 712 4982 tes
731 4929 942 4998 quidem
979 4939 1031 4985 et
1052 4930 1259 4998 ﬂentes,
1291 4943 1347 4988 et
1383 4932 1582 4990 Christi
1627 4951 1789 4992 causa
1833 4945 2176 5000 contumeliis

627 5016 853 5073 aﬂeetos
888 5021 1026 5089 apud
1061 5020 1253 5077 Lucam
1295 5038 1508 5096 quoque
1535 5026 1832 5084 videbimus
1854 5030 1989 5104 (48);
2019 5035 2175 5091 mites

699 5244 945 5334 (diti),
970 5264 1179 5321 quoque
1200 5254 1343 5334 apud
1386 5254 1714 5325 latthzeum,
1741 5262 1832 5327 qui
1865 5271 1987 5319 octo
2020 5264 2173 5334 ponit

628 5311 1155 5393 beatitudines,_cu'm
1199 5311 1370 5377 Lucas
1414 5336 1645 5393 quatuor
1694 5311 2173 5390 ίοῖιῖιιηῖνξεῆῖιιιί

629 5380 687 5436 lu
709 5383 967 5459 _l_l_att_ha;o
988 5380 1181 5459 itaque
1203 5394 1404 5447 versari
1433 5380 1651 5448 'videtur
1680 5380 1958 5455 Eusebi-us.

630 5454 810 5575 “(5:3)
834 5454 1209 5515 Animadverte
1252 5464 1625 5531 paenitentiam
1672 5480 1774 5521 non
1795 5454 1931 5525 sine
1951 5471 2167 5529 confes-

2282 4494 2353 4550 τὰ
2380 4498 2505 4562 τοὺς
2538 4503 2781 4571 πτωχοὺς
2800 4503 2880 4573 τῷ
2904 4505 3170 4576 πνεύματι
3186 4524 3199 4537 ο
3246 4507 3431 4578 βιῶναι
3466 4509 3575 4581 γὰρ
3601 4510 3686 4563 δεῖ·
3710 4510 3842 4582 πρό-

2281 4601 2435 4656 τερον
2458 4586 2713 4669 θεοφιλῶς
2737 4592 2828 4646 τὸν
2857 4595 3031 4649 πάντα
3062 4598 3249 4669 χρόνον
3280 4601 3378 4669 τῆς
3404 4599 3547 4669 ζωῆς
3582 4602 3639 4654 ἐν
3670 4602 3840 4673 ἀκτή-

2284 4694 2403 4748 μονι
2431 4682 2523 4734 καὶ
2549 4682 2820 4755 φιλοσόφῳ
2852 4687 3038 4757 τρόπῳ
3067 4688 3489 4756 διατελέσαντας,
3538 4685 3638 4744 εἷθ’
3668 4692 3839 4757 οὕτως

2281 4767 2372 4855 ἐπὶ
2406 4768 2466 4821 τὸ
2502 4769 2741 4841 θεοφιλὲς
2773 4773 2924 4838 τέλος
2947 4776 3138 4831 ἐλθεῖν.
3168 4780 3231 4831 Ol
3261 4780 3356 4850 μὲν
3382 4776 3475 4834 οὖν
3505 4781 3708 4852 πρῶτοι
3738 4782 3838 4855 τὴν

2279 4854 2451 4929 ἄκραν
2490 4860 2771 4933 ἀκτήμονα
2808 4856 3148 4938 μετήρχοντο
3183 4868 3403 4940 ἀγωγὴν
3439 4871 3533 4924 τοῦ
3582 4871 3718 4942 βίου,
3746 4873 3835 4928 διὰ

2278 4948 2455 5022 πάσης
2489 4952 2670 5007 αὐτῶν
2723 4954 2825 5033 τῆς
2858 4955 3000 5027 ζωῆς
3045 4962 3157 5023 τοῖς
3184 4960 3284 5031 τῆς
3310 4962 3509 5033 αρετῆς
3538 4961 3720 5028 ἄθλοις
3748 4966 3835 5018 ἐν-

2277 5040 2657 5114 αγωνιζόμενοι
2677 5061 2691 5075 ·
2720 5030 2770 5098 οἱ
2788 5046 2845 5099 δὲ
2870 5048 3107 5123 δεύτεροι
3128 5051 3226 5123 τῆς
3246 5054 3325 5116 τίς
3347 5030 3507 5106 αὐτον
3529 5056 3834 5127 μαρτυρίας

2280 5282 2431 5347 getae
2449 5272 2665 5347 Eusebii
2696 5276 2796 5333 bas
2824 5280 3199 5339 meditationes
3222 5287 3405 5342 traxit.
3453 5285 3565 5342 Nisi
3600 5287 3833 5347 fortasse

2272 5338 2539 5427 lEusebiu's
2584 5348 2882 5416 generatim
2920 5352 2985 5405 ad
3028 5338 3830 5427 tetraevangeliuin,‘quasina;

2272 5409 2635 5495 harmoniam,
2679 5425 3246 5495 comntentatusgfuit.
3298 5409 3406 5495 Καὶ
3442 5409 3542 5495 nisi
3565 5409 3831 5495 ’(1εῆίᾷιῆ

2269 5493 2556 5555 sumuntur
2592 5485 2707 5541 haec
2736 5495 2789 5541 et
2816 5487 2916 5541 alia
2951 5504 3018 5546 ex
3067 5492 3409 5555 Tlieopliania
3446 5493 3681 5551 fortasse
3722 5485 3830 5555 ule-

2269 5513 2545 5537 συιιιιιιιιυι
2592 5513 2707 5541 ιωτο
2736 5513 2789 5541 cs
2816 5513 2916 5541 Illa
2951 5513 3018 5546 ex
3082 5513 3409 5555 tneopuanta
3446 5513 3681 5551 tortasse
3757 5513 3825 5549 le-

2263 5550 2448 5630 niore;
2494 5552 2745 5630 in__cujus
2782 5567 2931 5630 certe
2971 5573 3163 5630 quarto
3216 5560 3354 5616 libro
3404 5565 3564 5619 modn
3612 5579 3679 5619 ex
3721 5513 3825 5621 gos

700 5590 1532 5702 δέξρηῐὶαὲιητρὶῗιξῇιξυξξρρω
1545 5604 1611 5702 ig
1637 5603 2161 5702 gaghaeum‘potigs
2252 5590 2415 5679 (ibi;
2428 5590 3717 5702 éx"in3"2i'an}‘2'ii§u“i§é2"ex2§3iu"ii’u‘§ésﬁis.

628 5666 972 5720 commentari
1001 5678 1159 5735 quam
1194 5668 1246 5725 in
1276 5668 1494 5742 Lucam,
1544 5673 1608 5729 ad
1636 5689 1791 5746 quem
1840 5666 2015 5734 tamen
2064 5666 2157 5738 Nié
