4124 6436
201 399 304 454 537

1343 384 1842 448 COMMENTARIA
1882 383 1952 440 ιΝ
1991 382 2079 441 ω
2089 376 2253 439 ΓιΔΜι

3347 369 3457 427 538

200 514 386 570 ὶνεκεν
406 513 699 585 ἠλαύνοντο
725 512 1114 584 πολεμούμενοι
1145 513 1239 568 καὶ
1261 511 1597 584 μισούμενοι,
1618 524 1773 562 συκο-

1881 515 2083 570 sntem,
2117 513 2174 560 et
2211 500 2611 566 uttser'tcurdes,
2642 506 2699 552 et
2721 494 2886 552 corde
2909 507 3094 566 puros,
3122 501 3180 585 et
3201 489 3456 562 pacificos

202 605 562 676 φαντούμενοί
600 621 656 658 τε
689 603 906 674 ψευδέσι
945 603 1214 668 διαϐολαῖς
1238 603 1306 657 δι’
1331 603 1482 657 οὐδὲν
1510 602 1700 672 ¹ἕτερον
1731 598 1765 668 ἢ

1875 595 2158 649 Mattheus
2183 593 2338 647 nobis
2358 590 2430 645 ad
2446 586 2898 644 considerandum
2930 583 3256 653 suppeditat.

202 699 288 754 διὰ
317 700 418 771 τὴν
443 703 524 762 εἰς
548 700 776 770 Χριστὸν
805 699 1114 770 ὁμολογίαν.
1160 700 1320 754 Ἀλλὰ
1363 699 1472 770 γὰρ
1491 699 1620 761 τοὺς
1649 694 1749 767 μὲν
1799 691 2101 754 πεινῶντας
2157 688 2252 743 καὶ
2303 685 2590 746 κλαίοντας
2627 681 2728 736 καὶ
2752 679 2844 736 διὰ
2873 677 3106 751 Χριστὸν
3131 675 3454 748 ὀνειδιζομέ-

205 811 328 860 νους
371 796 464 849 καὶ
497 794 648 864 παρὰ
675 795 751 864 τῷ
779 796 963 866 Δουκᾷ
999 794 1274 866 ὀψόμεθαο
1319 795 1447 858 τοὺς
1477 793 1533 847 δὶ
1577 793 1772 863 πραεῖς
1817 787 1914 841 καὶ
1956 787 2086 849 τοὺς
2146 783 2445 855 ἐλεήμονας
2471 778 2716 841 καὶτοὺς
2736 775 3010 848 καθαροὺς
3040 776 3107 846 τῇ
3130 772 3328 845 καρδίᾳ
3359 773 3456 828 καὶ

204 887 330 950 τοὺς
361 886 730 956 εἰρηνοποιοὺς
757 887 786 938 ὁ
819 886 1093 950 Ματθαίος
1129 889 1262 966 ημῖν
1292 890 1373 951 εἰς
1395 886 1641 950 ἐξέτασιν
1671 878 2052 954 παρατίθεται.

274 979 385 1032 Καὶ
434 977 590 1030 ταῦτ’
627 977 809 1049 ἔλεγεν
845 978 1082 1044 ὁπλίζων
1119 982 1212 1035 καὶ
1236 981 1619 1054 περιφράττων
1648 979 1775 1041 τοὺς

210 1067 458 1142 μαθητὰς
501 1071 582 1133 εἰς
625 1069 716 1124 τὸν
764 1070 904 1125 κατὰ
955 1070 1064 1124 τῶν
1121 1073 1377 1127 ιναντίων
1413 1073 1668 1142 πόλεμον,
1701 1068 1776 1124 ’ὃν

207 1157 427 1224 ιμελλον
450 1159 886 1213 ὲπαναντλεῖσθαι
901 1159 1260 1232 κηρύττοντες
1278 1163 1441 1217 παντὶ
1465 1161 1542 1233 τῷ
1563 1162 1772 1231 κόσμῳ,

205 1249 300 1303 καὶ
333 1250 727 1322 μαρτυρόμενοι
751 1252 849 1323 τὴν
873 1251 991 1316 ἑνὸς
1023 1251 1116 1306 τοῦ
1141 1253 1235 1306 ἐπὶ
1260 1253 1478 1307 πάντων
1505 1251 1642 1305 Θεοῦ
1683 1250 1778 1321 βα-

209 1339 429 1395 σιλείαν.
462 1341 767 1404 Μέλλοντας
801 1341 910 1414 γὰρ
942 1343 1136 1408 αὐτοὺς
1176 1336 1265 1398 διὰ
1292 1343 1353 1397 τὸ
1377 1344 1496 1398 νέον
1517 1344 1777 1416 κήρυγμα

206 1430 342 1500 πρὸς
365 1433 616 1486 ἁπάντων
646 1432 964 1488 ἐλαύνεσθαι
987 1434 1080 1487 καί
1106 1434 1476 1506 πολεμεῖσθαι,
1501 1449 1778 1506 προησφα-

202 1518 381 1586 λίζετο
415 1523 508 1576 καὶ
543 1522 883 1594 προέφραττε
911 1525 1272 1597 μακαρισμῶν
1295 1542 1352 1579 τε
1381 1523 1535 1596 ἠξίου
1555 1543 1569 1556 ο
1599 1526 1681 1580 δτι
1711 1525 1775 1598 δὴ

202 1610 440 1684 ἄληπτον
487 1612 600 1684 βίον
643 1613 1089 1686 προϐαλλόμενοι,
1132 1616 1208 1681 ὡς
1253 1616 1388 1688 μηδὶ
1423 1621 1536 1681 τοῖς
1565 1615 1776 1689 ιχθροίς

203 1703 501 1775 προφάσεις
527 1705 644 1756 κατ’
672 1703 849 1758 αὐτῶν
882 1705 1222 1785 θηρωμένοις
1250 1707 1504 1778 ἀφορμὰς
1525 1707 1776 1779 διαϐολῆς

203 1793 490 1865 παρέχειν·
518 1793 668 1863 ὅμως
711 1794 798 1848 διὰ
831 1795 998 1868 μόνην
1035 1797 1136 1868 τὴν
1167 1799 1248 1861 εἰς
1273 1796 1432 1853 αὑτὸν
1459 1797 1772 1868 ϐμολογίαν,

203 1882 426 1938 καὶτῶν
447 1885 613 1939 αύτοῦ
643 1885 1118 1958 παραγγελμάτων
1136 1887 1344 1953 ῑνεκεν,
1368 1887 1654 1943 διώκεσθαι
1683 1890 1776 1943 καὶ

203 1978 553 2050 πολεμεῖσθαι
585 1980 847 2050 μέλλοιεν,
867 1980 1308 2052 δυσφημούμενοι
1329 1984 1421 2037 καὶ
1448 1983 1628 2046 πάσας
1652 1985 1780 2038 ύποο

205 2069 458 2140 μένοντες
486 2070 752 2142 λοιδορίας
783 2072 876 2124 καὶ
907 2070 1092 2141 ὕϐρεις
1124 2073 1216 2126 καὶ
1239 2073 1593 2144 ὀνειδισμοὺς,
1627 2074 1686 2126 ού
1709 2074 1775 2128 δι’

199 2155 405 2219 οἰκείας
447 2155 842 2228 πλημμελείας,
883 2156 971 2211 διὰ
996 2158 1052 2212 δὲ
1079 2161 1169 2214 τὸν
1197 2161 1447 2232 ἐνάρετον
1488 2162 1582 2216 καὶ
1609 2163 1774 2234 ἄκρον

1947 971 2064 1027 iam
2097 986 2229 1026 vero
2261 970 2375 1026 hac
2398 968 2578 1024 aiebat
2611 979 2831 1020 armans
2869 971 3030 1032 atque
3074 961 3454 1017 communiens

1875 1066 1942 1119 ad
1977 1065 2172 1119 bellum
2204 1078 2325 1118 cum
2360 1060 2607 1115 bostibns
2639 1055 2954 1125 discipulos.
2991 1053 3134 1125 quod
3168 1063 3328 1108 erant
3370 1063 3455 1107 too

1875 1156 2097 1211 leraturi
2135 1156 2260 1208 dum
2301 1154 2400 1208 toti
2429 1152 2626 1206 mundo
2657 1162 2820 1202 nnttm
2862 1145 3189 1207 universalis
3227 1144 3318 1198 Dei
3365 1158 3454 1198 re-

1875 1263 2038 1320 gnum
2071 1247 2448 1317 pra-dicerent.
2481 1241 2682 1311 Nempe
2706 1254 2818 1302 eos,
2861 1239 2952 1308 qni
2988 1239 3058 1292 ob
3086 1252 3280 1291 novam
3310 1251 3452 1306 prte-

1876 1340 2198 1396 dicationem
2250 1339 2319 1393 ab
2363 1335 2618 1392 omnibus
2647 1330 2960 1401 exagitandi
3012 1339 3172 1384 erant
3204 1341 3260 1383 et
3289 1344 3455 1397 oppu-

1875 1432 2096 1503 gnandi,
2144 1441 2270 1484 ante
2313 1426 2586 1482 muniebat
2613 1433 2776 1495 atque
2814 1421 3090 1485 armabat,
3126 1430 3182 1476 et
3216 1419 3452 1475 beatitu-

1875 1524 2001 1579 dine
2033 1521 2224 1590 diguos
2257 1518 2570 1572 deﬁniebat.
2620 1516 2758 1584 Quia
2793 1514 3055 1570 nimirum
3099 1513 3452 1582 irrcprehen-

1875 1597 2083 1671 sibilem
2115 1612 2249 1667 adeo
2294 1611 2458 1666 vitam
2496 1623 2606 1678 pra
2636 1623 2694 1664 se
2727 1607 2993 1670 ferentes,
3021 1615 3082 1660 ut
3124 1619 3190 1660 ne
3217 1603 3456 1660 inimicis

1875 1708 2089 1778 quidem
2131 1720 2319 1760 ansam
2367 1701 2773 1773 quaerentibus,
2828 1699 3116 1754 calumnia
3169 1695 3452 1751 materiam

1875 1801 2207 1871 praeberent;
2237 1795 2611 1861 nihilominus,
2640 1801 2864 1864 propter
2895 1791 3066 1846 solam
3089 1789 3295 1846 Christi
3321 1802 3454 1843 con-

1878 1891 2159 1948 fessionem
2189 1890 2416 1960 citisque
2449 1887 2831 1942 mandatorum
2872 1898 3060 1949 causa,
3117 1880 3454 1952 persecutio-

1875 2000 2003 2038 num
2028 1982 2221 2039 bellum
2251 1980 2560 2052 perpessuri
2585 1987 2764 2042 erant,
2794 1974 3095 2039 maledicti,
3119 1985 3282 2043 atque
3303 1970 3452 2027 omni

1876 2089 2074 2145 genere
2124 2073 2515 2134 conviciorum,
2571 2069 2917 2140 iniuriarum,
2971 2065 3457 2121 contumeliarum-

1877 2182 1980 2236 que
2001 2165 2199 2232 obrnti,
2232 2164 2374 2219 hand
2396 2166 2466 2218 ob
2493 2174 2647 2217 suum
2679 2160 2887 2215 crimen
2916 2158 3154 2228 aliquod.
3198 2155 3291 2211 sed
3327 2169 3455 2224 pro-

199 2246 258 2299 ιν
285 2245 604 2321 δικαιοσύνῃ
648 2247 759 2318 βίον
797 2249 974 2302 αὐτῶν
996 2266 1011 2281 ο
1053 2251 1082 2303 δ
1119 2251 1183 2323 δὴ
1218 2252 1310 2305 καὶ
1344 2253 1474 2306 αὐτὸ
1505 2254 1644 2307 κατά
1683 2253 1773 2326 τὴν

1883 2268 1997 2328 pler
2029 2273 2178 2312 suam
2215 2266 2419 2312 exacte
2441 2254 2664 2309 virtutis
2710 2266 2774 2307 ac
2801 2250 3026 2321 jnstitite
3056 2250 3249 2303 vitam.
3297 2246 3452 2314 Quod

200 2335 352 2390 θείαν
392 2338 734 2409 προμήθειαν
769 2339 1058 2411 εἰρημένον
1101 2342 1285 2406 τέλους
1323 2343 1613 2414 ἐτύγχανεν
1645 2345 1776 2415 ἀλη-

201 2426 328 2493 θοῦς
359 2431 418 2483 ὲν
448 2429 526 2501 τῷ
561 2429 701 2501 μετὰ
725 2431 898 2485 ταῦτα
918 2433 1114 2504 χρόνῳ.
1151 2434 1298 2506 Πλὴν
1319 2435 1453 2489 ἀλλὰ
1483 2435 1774 2510 θεραπεύει

197 2519 523 2593 τὸλυπηρδν
562 2522 657 2576 τοῦ
692 2523 872 2592 λόγου,
907 2525 1180 2596 ἰσοτίμους
1223 2527 1421 2592 αὐτοὺς
1463 2529 1774 2597 ἀποφαίνων

199 2616 312 2676 τοῖς
347 2613 513 2668 πάλαι
553 2613 648 2669 τοῦ
679 2615 811 2670 Θεοῦ
842 2618 1169 2688 προφήταις.
1203 2618 1295 2673 Διδ
1319 2621 1410 2674 καὶ
1444 2621 1654 2693 χαίρειν
1682 2623 1776 2675 καὶ

200 2704 463 2776 ἀγαλλιᾷν
478 2707 536 2770 ὲν
551 2709 684 2761 πᾶσι
703 2711 814 2772 τοῖς
830 2709 1040 2764 ἐπιοῦσι
1070 2711 1320 2782 παρῄνει,
1341 2712 1417 2775 ὡς
1441 2713 1506 2766 ἂν
1530 2713 1596 2765 τὰ
1614 2714 1774 2784 ὅμοια

201 2800 312 2861 τοῖς
351 2799 659 2876 προφήταις
697 2801 1069 2872 πεισομένους,
1096 2805 1190 2857 καὶ
1222 2803 1422 2876 δηλαδὴ
1445 2805 1646 2876 ὁμοίως
1678 2807 1775 2861 αύ-

197 2888 310 2949 τοῖς
335 2887 433 2957 τῆς
465 2887 615 2958 παρὰ
632 2888 709 2960 τῷ
737 2888 854 2959 Θεῷ
875 2891 1039 2962 τιμῆς
1061 2890 1548 2964 ἀξιωθησομένους.
1587 2895 1775 2948 Ἔνθεν

199 2978 426 3042 εἰκότως
463 2979 673 3044 Παῦλος
716 2979 926 3045 τούτοις
974 2981 1286 3054 ἑπιθαρῤῶν
1336 2984 1554 3052 ἔλεγεν⁸
1589 2986 1774 3054 Εἵπερ

199 3070 662 3140 συμπάσχομεν,
692 3073 792 3125 ἵνα
815 3072 912 3126 καί
938 3073 1477 3146 συνδοξασθῶμεν·
1506 3078 1622 3143 καὶ,
1653 3081 1774 3132 Οὐκ

199 3159 340 3248 ἄξια
355 3160 428 3214 τὰ
447 3161 766 3230 παθήματα
793 3161 899 3216 τοῦ
929 3162 1044 3216 νῦν
1071 3165 1279 3234 καιροῦ
1309 3167 1458 3235 πρὸς
1488 3168 1601 3236 τὴν
1617 3169 1774 3238 μέλ-

196 3250 438 3302 ⁸ιουονιιιν
470 3248 660 3314 δόξαν
683 3249 1134 3318 ἐκκαλυφθῆναι
1153 3256 1241 3320 εἰς
1262 3254 1439 3325 ἡμᾶς.
1465 3259 1574 3310 Καὶ
1600 3261 1662 3312 ού
1687 3261 1774 3313 λό-

197 3329 317 3409 γοις
349 3339 450 3409 μὲν
488 3338 659 3394 ταῦτα
693 3339 898 3408 ἔλεγεν,
931 3339 1112 3410 ἔργοις
1147 3343 1204 3396 δὲ
1238 3346 1530 3418 ἀφυστέρει
1554 3348 1660 3401 τῶν
1689 3349 1775 3402 λε-

196 3427 498 3501 λεγμένων,
527 3428 661 3484 ἀλλὰ
696 3431 789 3484 καὶ
825 3431 1014 3496 αὐταῖς
1043 3435 1272 3505 πράξεσι
1302 3437 1429 3500 τοὺς
1449 3438 1587 3509 ὑπὲρ
1618 3440 1773 3492 εὐσε-

197 3519 351 3584 ϐείας
383 3520 575 3585 ἄθλους
621 3522 972 3588 ἐνεδείκνυτο,
1018 3524 1110 3589 οὓς
1139 3527 1234 3582 καὶ
1264 3529 1652 3602 κατηριθμεῖτο
1689 3533 1775 3585 λέ-

195 3628 311 3681 γων
333 3629 346 3641 ·
375 3609 477 3665 Διὸ
499 3610 725 3666 εὐδοκῶ
749 3614 820 3667 ἐν
843 3615 1202 3683 ἀσθενείαις,
1239 3617 1312 3670 ἐν
1335 3597 1564 3686 ὕϐρεσι,
1589 3625 1682 3675 καὶ
1707 3624 1774 3676 τὰ
1801 3597 1842 3654 C

197 3703 344 3774 ἑξῆς,
379 3703 491 3757 Καὶ
521 3702 694 3758 ταῦτα
721 3706 819 3777 μὲν
841 3707 921 3761 ἔτι
953 3708 1017 3761 τὰ
1047 3707 1156 3763 τῶν
1181 3708 1358 3764 ἄθλων
1389 3714 1680 3783 προοίμια·
1716 3716 1776 3768 τὸ

194 3793 255 3848 δὲ
298 3794 669 3865 συμπέρασμα
707 3798 803 3852 τοῦ
846 3800 1046 3863 παντὸς
1097 3799 1308 3870 ἀγῶνος
1356 3803 1502 3874 αύτῷ
1542 3805 1633 3857 ἐπὶ
1677 3810 1778 3878 τῆς

206 3883 496 3955 Ῥωμαίων
520 3885 815 3940 ἐτελειοῦτο
844 3889 1070 3954 πόλεως,
1093 3890 1224 3946 ἔνθα
1258 3895 1540 3964 μαρτυρίῳ
1563 3895 1661 3965 τὴν
1685 3913 1778 3949 κε-

194 3976 373 4047 φαλὴν
405 3976 695 4048 ἀπετμήθη
725 3977 858 4050 (49).
887 3981 944 4033 '0
971 3981 1174 4054 Πέτρος
1197 3985 1254 4038 δὲ
1279 3987 1568 4058 ἁρπαγμὸν
1584 3988 1671 4042 τὸν
1688 3991 1775 4044 διὰ

197 4069 437 4142 σταυροῦ
471 4068 698 4124 θάνατον
717 4072 950 4128 ἐποιεῖτο
974 4075 1062 4129 διὰ
1086 4075 1186 4140 τὰς
1209 4080 1506 4151 σωτηρίους
1525 4082 1741 4146 ἐλπίδας
1756 4102 1770 4115 ο

207 4159 465 4223 ἰἁκωϐός
499 4177 558 4212 τε
581 4161 782 4230 ὁμοίως
813 4163 957 4233 ξίφει
980 4165 1080 4238 τὴν
1111 4168 1349 4239 κεφαλὴν
1386 4171 1444 4221 ὲν
1481 4171 1772 4243 Ἰεροσολύ-

198 4268 322 4324 μοις
350 4250 744 4322 ἀποτέμνεται·
779 4255 872 4307 καὶ
903 4247 1152 4327 Ἰωάννης
1174 4260 1335 4329 νῆσον
1358 4263 1527 4315 οἰκεῖν
1554 4264 1774 4335 nemo»

195 4343 574 4414 κατεκρίνετο·
623 4345 714 4398 καὶ
748 4345 904 4410 ἄλλος
935 4347 1107 4412 ἄλλως
1133 4350 1196 4403 τὸ
1223 4350 1460 4424 καθαρὸν
1483 4357 1576 4408 καὶ
1600 4356 1773 4411 ἄπλα-

196 4453 324 4491 στον
353 4438 453 4508 τῆς
473 4435 578 4490 τῶν
602 4437 767 4508 αύτοῦ
795 4438 966 4508 λόγων
993 4442 1241 4514 ὑπακοῆς
1261 4446 1641 4518 ὲνδειξάμενοι,
1661 4449 1775 4505 διά-

195 4543 364 4600 φορον
381 4525 679 4597 ὑπέμειναν
704 4528 798 4582 τοῦ
823 4529 938 4598 βίου
967 4531 1240 4604 τελευτήν.
1267 4536 1376 4588 Καὶ
1401 4537 1554 4591 ταῦτ’
1580 4541 1640 4592 ού
1671 4558 1774 4594 πα-

198 4622 272 4694 ρὰ
290 4617 516 4690 γνώμην
543 4619 799 4691 ἔπασχον,
825 4623 1003 4693 πάσης
1032 4623 1089 4676 δὲ
1124 4624 1315 4697 ἡδονῆς
1345 4627 1478 4699 ἡδίω
1501 4630 1772 4702 τιθέμενοι

193 4710 296 4782 τὴν
314 4709 425 4764 τῶν
449 4711 730 4782 σωτηρίων
751 4713 1090 4783 ἐπαγγελιῶν
1123 4716 1310 4771 ἐλπίδα
1329 4737 1342 4751 ·
1373 4721 1495 4772 ἐπεὶ
1518 4721 1648 4790 γοῦν
1683 4741 1776 4777 πο-

193 4819 257 4856 τε
283 4800 638 4866 συλλαϐόντες
657 4803 849 4868 αὐτοὺς
874 4806 924 4858 oi
949 4806 1042 4860 τοῦ
1087 4807 1349 4863 Ἰουδαίων
1374 4810 1559 4875 ἔθνους
1581 4813 1772 4884 ἄρχον-

1875 2363 2006 2403 sane
2034 2349 2328 2402 secundum
2344 2347 2579 2404 divinam
2599 2343 2994 2415 praescienliam
3015 2342 3242 2404 dictum,
3261 2352 3452 2393 verum

1875 2440 2078 2495 exitum
2098 2448 2313 2494 nactum
2329 2447 2411 2493 est
2428 2444 2688 2507 sequente
2718 2445 2980 2504 tempore.
3001 2431 3106 2488 Sed
3128 2441 3306 2485 tamen
3338 2443 3454 2483 ser-

1879 2531 2054 2584 monis
2085 2529 2358 2584 tristitiam
2391 2537 2676 2597 temperat,
2706 2525 2833 2579 dum
2864 2537 3025 2592 pares
3057 2521 3177 2575 illos
3210 2517 3455 2588 antiquis

1880 2619 1968 2674 Dei
1998 2619 2277 2688 praphetis
2310 2617 2564 2672 aﬂirmat.
2605 2617 2729 2672 Ideo
2755 2627 2811 2670 et
2842 2613 3078 2684 gaudere
3103 2619 3155 2666 et
3178 2608 3456 2666 exsultare

1879 2709 1932 2764 in
1962 2709 2112 2765 omni
2141 2725 2198 2764 re
2227 2707 2409 2762 futura
2439 2708 2707 2770 hortatur,
2749 2721 2847 2761 ceu
2878 2704 2969 2774 qui
2993 2703 3141 2772 paria
3173 2700 3457 2772 prophetia

1876 2801 1986 2856 sint
2006 2799 2309 2867 experturi,
2345 2799 2402 2854 id
2440 2809 2525 2852 est
2559 2813 2711 2868 irque
2736 2813 2800 2852 ac
2835 2795 2909 2850 illi
2946 2811 2976 2849 a
3011 2796 3118 2850 Deo
3147 2793 3457 2876 [honoribus

1876 2893 2129 2960 augendi.
2188 2890 2345 2947 Unde
2399 2892 2594 2946 merito
2641 2889 2838 2945 Paulus
2897 2889 2980 2944 bis
3049 2887 3213 2943 dictis
3281 2885 3456 2940 fretus

1877 2985 2084 3036 aiebat:
2110 2980 2395 3054 Siquidem
2415 2984 2785 3050 compatimur,
2818 2990 2874 3033 ιιι
2899 2989 2947 3033 et
2971 2978 3453 3049 congloriﬁcentur.

1882 3074 1950 3128 Et
1976 3093 1990 3128 :
2025 3071 2150 3127 Non
2178 3085 2298 3128 sunt
2329 3075 2604 3144 condigna?
2623 3075 2892 3141 passiones
2924 3071 3081 3141 hujus
3105 3069 3352 3136 temporis
3380 3068 3453 3122 ad

1877 3165 2111 3233 futuram
2140 3165 2362 3235 gloriam
2394 3181 2512 3235 quae
2556 3164 2870 3219 revelabitur
2898 3164 2954 3217 in
2984 3163 3131 3217 nobis
3154 3163 3223 3216 "'.
3257 3161 3456 3231 Neque

1878 3269 2008 3308 vero
2041 3255 2152 3308 haec
2181 3256 2350 3308 verbo
2384 3255 2586 3318 aiebat,
2618 3268 2783 3322 Opere
2807 3262 2988 3308 autem
3027 3267 3058 3306 a
3099 3253 3258 3307 dictis
3280 3252 3455 3307 dista-

1876 3346 1987 3412 bat,
2021 3345 2114 3400 sed
2145 3345 2282 3415 ipsis
2312 3347 2525 3400 actibus
2566 3347 2778 3401 labores
2815 3360 2916 3416 pro
2962 3344 3224 3415 religione
3252 3357 3454 3413 expro-

1877 3437 2078 3500 mebat,
2109 3449 2245 3504 quos
2271 3435 2431 3488 etiam
2477 3435 2834 3490 enumerabat
2885 3435 3072 3490 dicens
3100 3451 3113 3487 :
3140 3431 3270 3487 Ideo
3321 3434 3455 3487 mihi

1875 3524 2053 3591 placeo
2107 3525 2162 3579 in
2193 3513 2612 3593 inﬁrmitatibus,
2659 3527 2713 3578 in
2764 3525 3093 3579 contumeliis
3121 3525 3215 3589 '7',
3239 3532 3294 3579 et
3327 3523 3456 3579 reli-

1876 3631 2001 3685 qua.
2031 3615 2096 3670 Et
2118 3616 2231 3671 haec
2259 3608 2474 3686 quidem
2501 3627 2656 3672 erant
2683 3616 2929 3672 laborum
2972 3617 3151 3671 initia.
3193 3617 3299 3671 Sed
3329 3619 3455 3671 uni-

1879 3706 2016 3760 versi
2091 3706 2279 3774 agonis
2327 3707 2727 3761 consummatio
2775 3707 2827 3759 in
2891 3706 3134 3760 Romana
3185 3705 3318 3760 urbe
3373 3706 3452 3763 illi

1874 3797 2118 3868 contigit,
2163 3797 2252 3851 ubi
2279 3797 2328 3851 ei
2371 3798 2595 3868 martyri
2626 3807 2791 3868 caput
2828 3807 2914 3852 est
2958 3806 3317 3866 amputatum.
3349 3799 3454 3854 Pe-

1875 3899 1990 3945 trus
2021 3900 2200 3943 autem
2251 3904 2474 3960 regnum
2529 3891 2706 3958 rapuit
2740 3905 2834 3959 per
2858 3892 3038 3945 crucis
3090 3904 3274 3945 necem
3327 3905 3452 3947 cum

1875 3997 1971 4050 spe
1993 3981 2240 4038 salutari.
2292 3982 2528 4037 Jacobus
2581 3984 2788 4053 pariter
2839 3983 3018 4050 gladio
3061 3981 3453 4056 Hierosolymis

1873 4078 2054 4144 capite
2087 4078 2324 4129 minutus
2347 4073 2478 4142 luit;
2505 4086 2554 4131 et
2578 4076 2812 4130 Joannes
2841 4077 2908 4129 ad
2943 4076 3130 4131 insula:
3163 4075 3333 4131 Patmi
3368 4077 3450 4133 in-

1873 4167 2107 4222 colatnm
2139 4168 2428 4222 damnatus
2462 4186 2476 4222 :
2510 4170 2710 4238 aliique
2732 4169 2892 4222 aliter
2920 4169 3044 4222 dum
3071 4183 3261 4236 puram
3288 4177 3454 4239 atque

1873 4259 2142 4313 sinceram
2205 4261 2463 4314 doctrina:
2503 4259 2708 4315 Cbristi
2756 4261 3117 4316 obedientium
3167 4262 3450 4328 exhibent,

1874 4350 2044 4404 variis
2104 4352 2278 4405 modis
2320 4353 2617 4407 violentum
2673 4353 2796 4406 vita:
2851 4353 3055 4406 exitum
3114 4352 3256 4407 nacti
3300 4366 3450 4408 sunt.

1875 4441 2049 4511 Atque
2083 4443 2196 4498 baac
2221 4444 2362 4498 baud
2393 4445 2545 4497 inviti
2581 4454 2708 4498 sunt
2741 4445 2906 4514 passi,
2950 4445 3043 4499 sed
3071 4444 3311 4513 qualibet
3353 4459 3452 4500 vo-

1873 4535 2074 4603 luptate
2103 4535 2397 4591 dulciorem
2431 4537 2819 4591 dominicarum
2841 4538 3260 4605 promissionum
3297 4551 3449 4606 spem

1875 4629 2198 4685 babuerunt.
2232 4626 2365 4682 Cum
2398 4645 2492 4683 eos
2521 4631 2683 4699 igitur
2710 4626 2948 4685 Iudaica:
2971 4631 3148 4699 gentis
3180 4629 3452 4698 principes

1873 4721 2159 4774 verberum
2214 4723 2554 4790 castigationi
2617 4721 2963 4788 addixerunt,
3021 4733 3080 4776 ut
3134 4721 3358 4777 historia
3381 4722 3451 4776 de

1875 4813 1979 4868 illis
2003 4823 2209 4877 narrat,
2237 4814 2343 4867 lani
2366 4817 2543 4884 utique
2578 4816 2643 4867 de
2666 4815 2886 4866 concilio
2921 4822 3274 4878 excesserunt,
3307 4812 3447 4882 quod

194 4906 289 4952 τες
343 4890 625 4961 μαστίγων
675 4893 880 4958 αἰκίαις
934 4895 1224 4963 ὑπέϐαλον,
1267 4900 1397 4972 ὠςή
1427 4902 1556 4973 περὶ
1591 4905 1767 4958 αὐτῶν

1874 4906 2020 4976 digni
2053 4905 2219 4958 habiti
2244 4917 2410 4959 essent
2442 4923 2536 4974 pro
2584 4908 2790 4959 nomine
2835 4906 3030 4961 Citriin
3078 4906 3448 4960 contumeliam

197 4980 411 5054 ίστορία
460 4987 743 5053 μαρτυρεῖ,
777 4985 852 5050 ὡς
876 4985 983 5056 ἄρα
1013 4989 1323 5058 προῄεσαν
1352 4993 1420 5047 ἐκ
1463 4994 1569 5048 τοῦ
1606 5013 1769 5051 συν-

1874 4999 1983 5067 pati
2007 4997 2121 5050 "".
2151 4998 2313 5066 quue
2340 5008 2570 5065 egerunt
2603 5009 2875 5067 prmcepto
2902 4999 3020 5066 ejus
3058 4998 3446 5068 obsequentes,

191 5071 398 5141 οὔριον
448 5073 776 5141 χαίροντες,
834 5075 924 5130 ὅτι
965 5078 1419 5150 κατηξιώθησαν
1465 5085 1616 5155 ὑπὲρ
1663 5089 1768 5144 τοῦ

1878 5091 1968 5162 qui
1998 5089 2166 5142 lmlari
2188 5090 2445 5144 docuerat
2468 5090 2513 5144 si
2539 5090 2754 5159 quando
2782 5099 3002 5160 propter
3039 5105 3162 5146 eum
3195 5101 3448 5161 pateren-

299 5169 347 5204 "
375 5168 536 5224 Rom.
567 5185 682 5234 νιιι,
716 5172 804 5235 17,
835 5173 919 5228 18.
1011 5176 1080 5208 ³⁷·
1110 5173 1150 5228 ll
1185 5177 1310 5232 Cor.
1351 5193 1448 5244 sit,
1493 5179 1586 5236 10.
1681 5185 1904 5244 ⁸⁷·Ἀοι.
1941 5203 1995 5251 ν,
2018 5185 2108 5239 M.

266 5256 380 5336 βο)
412 5258 795 5336 ΑἈΩοΒιοΙοειιιιι
821 5263 968 5336 Petri
1007 5281 1071 5320 ac
1102 5265 1252 5321 Pauli
1291 5271 1555 5326 mortibus
1602 5285 1656 5330 et
1686 5293 1767 5332 se-

195 5328 408 5410 pulcris
439 5327 626 5410 [30mg
665 5335 1004 5410 exstantibus
1054 5337 1262 5410 insigne
1311 5327 1766 5410 imiruntque'dat

195 5397 848 5482 ξςξιξιοοιιίυιιιηειιεείιὶιιε
869 5402 920 5454 ἱιι
942 5397 1288 5472 ΤΙιεορΙιᾶηἱιε
1309 5409 1444 5482 libro
1463 5397 1541 5472 ινξ
1563 5397 1742 5482 αξη)ςὴ

197 5463 283 5546 his
310 5466 489 5518 verbis
517 5484 532 5519 :
559 5465 966 5546 Promissionem
995 5459 1142 5546 suam
1184 5459 1768 5546 '31:}:

195 5544 365 5617 sator,
393 5549 584 5617 nempe.
626 5538 763 5617 hunc
797 5541 972 5617 ipsum
996 5544 1295 5617 _Sin_tonem,
1338 5538 1641 5617 cognomine
1656 5538 1766 5608 iCe~

193 5604 372 5684 pham,
425 5605 673 5684 oppidulo
705 5604 942 5684 Catilina!
968 5604 1423 5684 ‘Qapltarnaumo'
1443 5604 1760 5683 oriundum.

195 5671 392 5743 inultas
424 5671 690 5728 hominum
719 5679 926 5732 animos
959 5671 1379 5738 illuininaturum
1410 5686 1503 5740 Dei
1537 5671 1760 5743 notitia

195 5739 700 5829 φρατρίας-μορίαι*
727 5747 784 5825 in
812 5748 1049 5829 uniuerso
1073 5751 1194 5802 orbe
1219 5736 1761 5829 cognitum

199 5810 266 5863 ad
306 5807 611 5867 Occidentis
663 5816 916 5886 regiones.
956 5817 1091 5889 Ejus
1124 5829 1262 5877 certe
1283 5807 1758 5891 'memb’ria'iiiié

1865 5281 1934 5334 ad
1966 5278 2272 5330 hodiernum
2317 5286 2514 5340 tempus
2565 5279 2706 5342 apud
2766 5277 3032 5332 Romanos
3057 5278 3313 5331 celebrior
3345 5292 3445 5342 est,

1864 5365 2020 5420 quam
2049 5347 2143 5398 illa
2188 5349 2404 5400 heroum
2439 5361 2666 5400 veterum
2696 5365 2714 5402 :
2753 5351 2881 5400 adeo
2927 5360 2982 5401 ut
3020 5349 3210 5418 dignus
3243 5363 3450 5420 quoque

1867 5419 2196 5472 existimatus
2250 5420 2410 5482 fuerit
2449 5420 2688 5483 sepulcro
2736 5420 2929 5485 insigni
2972 5428 3095 5471 ante
3136 5421 3299 5482 ipsam
3334 5419 3449 5470 illo-

1867 5505 1982 5541 rum
2007 5486 2184 5539 urbem
2219 5486 2424 5554 (nempe
2460 5499 2606 5541 trans
2653 5486 2882 5541 Tiberim
2927 5491 2981 5540 in
3030 5489 3236 5555 regione
3298 5485 3449 5540 Vati-

1867 5557 2021 5624 cana)
2048 5561 2115 5608 ad
2149 5557 2288 5625 quod
2311 5558 2622 5623 pepulerunt
2664 5575 2728 5611 ea:
2754 5560 2894 5610 omni
2947 5558 3186 5611 Romana
3219 5558 3443 5621 ditione,

1869 5637 2117 5694 tanquam
2143 5629 2210 5696 ad
2233 5628 2435 5696 asylum
2464 5627 2811 5696 templumque
2855 5627 2974 5685 Dei.
3005 5627 3234 5680 accurrit
3262 5627 3449 5679 multi—

1873 5691 2020 5747 tudo.
2046 5723 2118 5766 -έ-
2137 5691 2265 5747 Pari
2290 5691 2443 5749 modo
2473 5696 2634 5750 Pauli
2667 5691 2808 5751 mors
2831 5699 3140 5766 martyrica,
3161 5697 3448 5766 datumque

1871 5766 1917 5816 ei
1943 5765 2258 5838 sepulcrum.
2285 5781 2597 5834 magnopere
2628 5785 2789 5838 usque
2817 5768 2886 5822 ad
2925 5765 3061 5823 ltum:
3093 5768 3232 5822 diem
3259 5768 3315 5823 in
3335 5765 3449 5822 Ro-

1871 5849 2029 5888 mana
2053 5833 2177 5888 urbe
2202 5833 2550 5891 honorantur.
