4124 6398
662 411 770 471 6ιὸ

662 615 926 679 reliquum
967 617 1267 659 sermonem
1297 606 1703 670 persequamur.

775 674 821 734 λδ
847 695 1151 752 Convocatis
1185 702 1354 743 autem
1385 683 1655 740 duodecim
1679 674 1946 743 discipulis
1974 675 2105 736 suis,

875 769 1014 819 dedit
1044 764 1150 816 illis
1186 761 1428 813 virtutem
1461 763 1507 807 et
1545 758 1868 820 potestatem,
1895 755 2002 798 etc.

743 867 844 921 Per
876 863 989 916 haec
1022 850 1265 924 superuis
1293 844 1499 898 viribus
1545 838 1840 906 discipulos
1870 850 1998 891 suos
2033 833 2213 889 Domi-

664 973 766 1014 nus
796 951 1061 1010 armabat,
1093 951 1153 997 ut
1193 935 1453 993 diabolica
1482 932 1531 984 in
1563 929 1750 998 primis
1779 926 1991 995 agmina
2032 934 2087 979 et
2116 925 2212 977 bo-

668 1049 875 1105 minum
928 1034 1270 1096 inimicitias,
1320 1036 1374 1081 et
1420 1020 1760 1077 adversarias
1799 1017 1944 1071 acies
1988 1029 2207 1083 supera-

667 1148 825 1197 rent;
870 1132 1063 1186 deinde
1096 1140 1124 1178 a
1170 1119 1375 1175 morbis
1420 1125 1476 1170 et
1511 1110 1837 1167 omnimodis
1867 1105 2209 1174 passiouibus

662 1228 964 1283 laborantes
1020 1222 1309 1275 sanarent;
1373 1210 1566 1263 indicia
1627 1204 1875 1258 videlicet
1930 1197 2202 1267 prtedicati

663 1318 812 1389 regni
855 1311 1065 1369 cunctis
1094 1303 1400 1363 hominibus
1432 1299 1698 1368 praebens.
1727 1294 2023 1389 Oportebat
2066 1290 2208 1342 enim

658 1385 753 1468 eos
793 1406 884 1479 qui
931 1406 1345 1470 inexspectatam
1398 1391 1696 1446 doctrinam
1739 1385 2076 1479 nuntiabant,
2120 1396 2209 1479 pe-

659 1473 995 1570 regrinorum
1051 1498 1415 1553 novorumque
1464 1483 1727 1537 bonorum
1776 1478 1930 1547 signa
1980 1473 2208 1529 alumnis

658 1566 772 1647 suis
811 1586 1088 1644 exhibere.
1123 1579 1262 1635 Vere
1290 1575 1453 1646 igitur
1488 1579 1645 1627 erant
1683 1568 1832 1639 regni
1865 1568 1955 1622 Dei
1988 1566 2209 1620 demon-

657 1683 970 1743 strationes,
1000 1672 1315 1745 prodigiosa:
1342 1669 1590 1728 virtutes,
1622 1673 1678 1720 et
1719 1660 2004 1722 miracula,
2048 1666 2206 1726 atque

658 1773 961 1827 animarum
988 1774 1041 1821 et
1068 1775 1351 1829 corporum
1381 1757 1687 1814 curationes
1713 1767 1742 1807 a
1766 1751 2055 1808 Servatore
2082 1761 2206 1817 per-

1326 389 1593 452 EUSEBll
1629 382 2099 445 CESARIENSIS
2133 377 2285 435 OPP.
2324 373 2506 430 PARS
2542 372 2630 427 lii.
2661 402 2730 415 —
2765 365 3174 425 EXEGETICA.

664 466 780 584 tum
812 509 1206 592 (destruendo)
1230 506 1375 589 fecit.
1404 505 1579 575 Atque
1614 503 1726 558 haec
1758 499 2037 555 hactenus.
2059 491 2201 548 Nunc

2311 485 2503 541 ἐαυτοῦ
2525 479 2835 543 δυσσεϐείας
2865 478 3153 548 πάρεργον⁹
3182 474 3491 544 ἐποιήσατο.
3547 469 3657 523 Καὶ
3698 466 3873 521 ταῦτα

2356 580 2383 592 ι.
2521 576 2541 591 ρ
2591 591 2598 592 ,
2668 574 2781 592 τις-ι
2817 572 2867 592 ιι
2899 569 2953 592 _x
2983 567 3106 592 ιιι-
3135 565 3227 592 ,Απ
3251 564 3409 592 ὙΔΑΑ..
3432 562 3707 592 -.Ατωηιευ

3668 322 3871 411 Διιι

2314 580 2411 650 μὲν
2438 576 2629 646 ταύτῃ.
2668 574 2789 628 Ἐπὶ
2812 572 2870 625 δέ
2896 569 2957 623 τὸ
2982 567 3106 639 ἐξῆς
3134 565 3230 620 τοῦ
3251 564 3410 634 λόγου
3432 562 3729 633 προΐωμεν.

2310 648 2841 734 Συγκαλεσάμεκος
2857 660 2941 734 es
2958 658 3101 725 τοὺς
3120 656 3348 734 saepe
3369 652 3637 734 meum
3657 648 3868 734 αὐξοῦ,

2367 719 3101 800 ἓδώλέἕαῦτοῒίδύναμιᾶ·
3133 727 3231 781 καὶ
3257 719 3564 791 ὲξοῦσίακ,
3584 719 3650 775 ’κ.
3682 738 3731 775 τ.
3762 719 3813 773 λ.

2376 828 2474 884 Διά
2501 827 2676 881 ταῦτα
2709 824 2911 885 ἐνθέοις
2940 820 3196 889 δυνάμεσι
3227 816 3352 879 τοὺς
3404 810 3594 868 ἐαυτοῦ
3627 807 3872 897 μαθητάς

2308 925 2336 975 ό
2367 921 2569 992 Κύριος
2614 915 2867 980 ὥπλιζεν,
2901 913 2976 977 ώς
3018 911 3084 966 ἂν
3138 912 3196 963 ἐν
3224 907 3460 979 πρώτοις
3486 905 3555 959 τά
3584 899 3871 974 δαιμονικά

2310 1012 2467 1082 στίφη
2494 1010 2587 1063 καὶ
2611 1007 2709 1071 τὰς
2740 1004 2938 1077 ἐχθρὰς
2958 1002 3066 1057 τῶν
3086 999 3386 1072 ἀνθρώπων
3427 999 3520 1052 καὶ
3576 993 3877 1065 πολεμικὰς

2310 1102 2637 1175 παρατάξεις
2664 1098 2973 1168 καθαιροϊεν
2995 1113 3010 1127 ο
3045 1094 3234 1148 ἔπειτα
3260 1090 3431 1144 νόσων
3465 1090 3557 1141 καὶ
3606 1084 3874 1175 παντοίων

2309 1174 2494 1249 παθῶν
2527 1190 2875 1265 θεραπεύοιεν
2903 1190 3030 1265 τοὺς
3089 1181 3624 1252 καταπονουμένους·
3672 1174 3873 1246 γνωρί-

2309 1302 2487 1356 σματα
2517 1283 2579 1354 δὴ
2609 1282 2708 1351 τῆς
2728 1278 3131 1351 κηρυττομένης
3162 1273 3435 1346 βασιλείας
3464 1271 3715 1344 παρέχων
3739 1269 3872 1339 όρᾷν

2309 1375 2507 1429 ἅπασιν
2536 1371 2858 1443 ἀνθρώποις.
2896 1370 3091 1440 Ἐχρῆν
3124 1368 3251 1439 γὰρ,
3280 1364 3577 1438 παράδοξον
3611 1363 3878 1434 κήρυγμα

2306 1465 2767 1535 καταγγέλλοντας
2796 1502 2811 1529 ,
2844 1462 3031 1532 (ξένων
3077 1460 3171 1514 καὶ
3217 1458 3351 1513 νέων
3396 1456 3612 1526 ἀγαθῶν
3655 1449 3874 1525 ἐναργῆ

2307 1560 2508 1633 σημεῖα
2555 1555 2811 1627 παρέχειν
2858 1555 2970 1616 τοῖς
2998 1549 3472 1623 μαθητευομένοις.
3501 1543 3682 1602 Ἦσαν
3706 1547 3752 1600 δ’
3777 1540 3876 1599 οὖν

2305 1647 2519 1719 ἀληθῶς
2539 1645 2671 1701 Θεοῦ
2712 1643 2984 1716 βασιλείας
3010 1643 3277 1714 δείγματα
3306 1642 3373 1695 αἱ·
3408 1640 3678 1713 ιεράστιαι
3714 1638 3876 1693 δυνά-

2308 1756 2447 1811 μεις,
2480 1740 2549 1794 τά
2569 1756 2628 1793 τε
2655 1738 2905 1808 θαύματα
2928 1736 3023 1790 καὶ
3067 1736 3323 1806 σωτήριοι
3352 1731 3538 1804 ψυχῶν
3559 1732 3655 1786 καὶ
3682 1730 3880 1802 σωμάο

657 1822 991 1917 Ᾱέιὲῖκεω
1021 1822 1247 1925 quilibet
1294 1862 1470 1905 sermo
1509 1843 1762 1916 operibus
1805 1856 2023 1907 cassus,
2068 1854 2201 1893 nun-

2303 1849 2410 1885 των
2447 1831 2759 1902 θεραπεῖαιο
2788 1831 2872 1884 ὅτι
2899 1830 3040 1891 άπας
3076 1827 3264 1896 λόγος,
3310 1824 3486 1897 ἔργων
3524 1824 3750 1896 ἔρημος,
3776 1822 3871 1876 οῦ-

653 1966 812 2019 quam
873 1916 1073 2019 poterit
1121 1937 1332 1999 ﬁrmam
1399 1938 1801 2010 persuasionem
1863 1929 2201 1985 audientibus

2304 1922 2419 1975 ποτ’
2438 1921 2502 1975 ἂν
2530 1921 2719 1992 ίσχύσῃ
2740 1924 2943 1991 πεῖσμα
2960 1917 3170 1989 βέϐαιον
3201 1917 3630 1988 ἐμποιῆσαιιτοῐς
3658 1916 3875 1985 ἀκροω-

652 2006 948 2096 insinuare.
998 2037 1283 2106 Propterea
1322 2006 1551 2103 patratis
1593 2027 1843 2098 operibus
1889 2024 2045 2079 ﬁdem
2093 2021 2201 2076 evi-

2304 2013 2501 2084 μένοις.
2536 2014 2628 2067 Διὸ
2657 2016 2777 2076 ταῖς
2829 2011 2895 2065 δι’
2931 2011 3107 2083 ἔργων
3147 2008 3589 2079 ἐπιτελουμέναις
3638 2006 3877 2079 πράξεσι

652 2132 868 2187 dentem
902 2098 1265 2199 praedicationi
1312 2098 1693 2179 conciliabant.
1746 2116 1802 2171 Si
1851 2128 1981 2181 ergo
2024 2111 2201 2165 verbis

2303 2107 2482 2159 πίστιν
2509 2106 2712 2176 ἐναργῆ
2746 2106 3003 2176 παρεῖχον
3030 2101 3107 2172 τῷ
3150 2099 3488 2172 κηρύγματι.
3517 2100 3581 2153 Ei
3618 2099 3749 2169 γοῦν
3774 2098 3874 2170 ψι-

654 2190 1024 2275 ιοηιιιηιηίοάο
1048 2232 1110 2271 ac
1134 2216 1354 2270 vocibus
1383 2222 1583 2267 temere
1616 2208 1827 2264 emissis
1857 2206 1947 2259 Dei
1978 2216 2200 2272 regnum

2303 2194 2410 2260 λοτς
2436 2196 2719 2267 ῥηματίοις
2743 2197 2836 2249 καὶ
2870 2197 3074 2264 φωναῖς
3095 2192 3219 2262 εικῆ
3252 2192 3689 2263 προφερομέναις
3733 2190 3872 2246 Θεοῦ

650 2312 862 2366 cunctis
904 2309 1277 2370 intimassent,
1318 2313 1373 2359 et
1423 2302 1719 2372 patriorum
1768 2298 1989 2352 deorum
2040 2293 2201 2349 aboli-

2304 2286 2573 2356 βασιλείαν
2614 2287 2694 2349 είς
2739 2287 2945 2349 πάντας
2978 2284 3169 2348 ἐϐόων,
3198 2282 3494 2338 κατάλυσιν
3522 2300 3583 2337 τε
3614 2283 3723 2337 τῶν
3765 2301 3875 2337 πα-

650 2404 893 2466 tionem,
945 2399 1066 2470 quis
1127 2398 1205 2452 eis
1263 2404 1496 2451 mentem
1566 2387 1924 2445 advertisset?
1988 2387 2201 2440 cuinam

2303 2378 2464 2450 τριῶν
2497 2378 2655 2443 θεῶν,
2687 2378 2772 2441 τίς
2800 2378 2865 2431 ἃν
2890 2378 3070 2440 αὐτοῖς
3112 2374 3351 2446 παρέσχε
3381 2373 3473 2428 τὸν
3497 2373 3653 2441 νοῦν;
3680 2374 3801 2429 τίνα
3825 2373 3881 2427 δ’·

652 2494 820 2549 Deum
850 2464 978 2547 esse
997 2486 1390 2558 persuasissent
1434 2481 1739 2537 nuntiatum
1774 2496 1804 2532 a
1839 2492 1896 2532 se
1922 2475 2125 2538 Jesum,
2156 2477 2201 2528 si

2303 2468 2363 2523 ἂν
2395 2469 2617 2524 ἔπεισαν
2659 2468 2790 2522 Θεὸν
2822 2464 2960 2523 εἶναι
2998 2468 3090 2522 τὸν
3142 2468 3346 2536 Ἰησοῦν
3390 2465 3869 2535 καταγγέλλοντες,

652 2586 856 2640 nullam
888 2596 984 2638 suo
1016 2578 1321 2635 testimonio
1377 2574 1536 2630 tidem
1584 2571 1881 2627 fecissent?
1919 2569 2042 2624 ideo
2086 2583 2201 2623 ser-

2303 2561 2566 2632 μηδεμίαν
2614 2562 2671 2615 δὲ
2722 2561 2904 2614 πίστιν
2929 2563 2995 2631 τῇ
3032 2559 3306 2631 μαρτυρία
3336 2558 3733 2630 προσάγοντεςς
3776 2560 3872 2614 Διδ

652 2688 861 2730 monem
896 2685 1108 2726 omnem
1141 2668 1335 2723 divinis
1362 2679 1739 2735 praoccupans
1774 2663 2029 2715 Servator
2064 2661 2201 2712 acti-

2303 2658 2472 2709 πάντα
2500 2655 2659 2723 λόγον
2690 2652 2899 2715 θεῑκαῖς
2951 2649 3348 2721 προλαμϐάνων
3392 2647 3654 2720 πράξεσιν
3683 2651 3712 2701 ό
3755 2650 3872 2703 Σω-

649 2768 771 2829 bus,
812 2763 988 2834 primo
1045 2760 1258 2829 quidem
1313 2772 1379 2812 ex
1425 2757 1607 2823 inepto
1650 2754 1773 2808 vitae
1810 2766 2044 2821 genere,
2084 2750 2199 2806 elo-

2303 2746 2420 2815 τὴρ,
2450 2744 2643 2813 πρῶτα
2685 2743 2783 2813 μέν
2828 2739 3277 2811 ἀνεπιτηδεύτους
3308 2740 3397 2793 τὸν
3447 2740 3666 2812 τρόπον,
3694 2741 3870 2810 λόγων

646 2830 985 2925 quentiaeque
1021 2859 1073 2906 et
1110 2846 1349 2903 mortalis
1396 2845 1673 2915 sapientiae
1738 2854 1985 2911 expertes
2035 2842 2199 2896 disci-

2303 2853 2355 2889 τε
2386 2836 2479 2889 καὶ
2498 2836 2686 2904 σοφίας
2713 2833 2913 2904 θνητῆς
2956 2833 3213 2904 ἀπείρους
3241 2832 3369 2895 τοὺς
3398 2830 3563 2885 αὐτοῦ
3618 2831 3869 2905 μαθητὰς

647 2923 798 3013 pulos
835 2956 962 2997 suos
1006 2940 1072 2995 ad
1101 2941 1261 2993 totius
1310 2936 1495 2991 mundi
1542 2934 1929 2991 correctionem
1979 2932 2197 3004 delegit.

2303 2927 2389 2981 ἐπὶ
2416 2926 2747 2997 κατορθώσει
2770 2925 2871 2996 τῆς
2911 2925 3037 2995 ὅλης
3073 2923 3396 2994 οἰκουμένης
3427 2923 3865 2995 προεχειρίζετοο

650 3033 849 3088 Deinde
894 3032 1195 3102 piscatores
1243 3026 1545 3082 animarum
1602 3025 1959 3080 humanarum
2017 3039 2075 3080 se
2107 3039 2200 3078 eos

2303 3021 2527 3074 κᾶπειτα
2549 3018 2797 3081 άλιευτάς
2823 3016 3008 3087 ψυχῶν
3046 3015 3400 3085 ἀνθρωπίνων
3426 3016 3675 3086 ποιήσειν
3728 3032 3865 3085 προ-

645 3122 961 3178 effecturum
1004 3136 1367 3191 praemonens,
1403 3127 1589 3172 auctor
1634 3117 1747 3183 ipse
1796 3115 1872 3168 rei
1913 3116 2198 3185 proposita:

2303 3110 2471 3178 φήσας
2502 3109 2715 3173 αὐτοὺς,
2748 3108 2974 3177 ποιητὴς
3011 3106 3171 3169 αὐτὸς
3214 3107 3420 3175 ἐγίνετο
3464 3107 3563 3177 τῆς
3626 3109 3865 3177 ἐπαγγε-

645 3212 899 3279 exstitit;
944 3212 1084 3265 unde
1109 3224 1203 3265 eos
1246 3200 1568 3263 mirabilium
1614 3206 1973 3275 prodigiorum
2007 3219 2193 3274 opera-

2303 3196 2414 3260 λίας
2441 3214 2453 3227 ·
2511 3197 2631 3251 ὅθεν
2674 3196 2988 3271 παραδόξων
3038 3196 3327 3268 θαυμάτων
3381 3198 3618 3269 ἐργάτας
3669 3198 3868 3263 αὐτοὺς

648 3314 794 3359 tores
828 3302 1075 3363 reddidit,
1110 3300 1208 3354 hos
1253 3300 1359 3354 illis
1391 3297 1580 3352 hamos
1610 3298 1893 3351 animabus
1934 3288 2197 3352 salutares

2303 3288 2672 3357 ἀπειργάζετο,
2709 3288 2977 3359 ἄγκιστρα
2995 3287 3168 3342 ταῦτα
3199 3289 3385 3361 ψυχῶν
3412 3292 3652 3362 σωτήρια
3689 3308 3867 3364 παρα-

645 3392 1029 3463 suppeditans,
1084 3399 1142 3443 ut
1183 3390 1248 3443 iis
1288 3397 1572 3457 captarent
1621 3396 1784 3456 atque
1815 3402 1879 3441 ex
1933 3386 2197 3455 profundo

2303 3378 2463 3442 διδοὺς
2488 3378 2683 3441 αὐτοῖς,
2712 3378 2788 3442 ὡς
2808 3378 2873 3432 ἂν
2904 3379 2971 3432 δι’
3007 3378 3183 3434 αὐτῶν
3210 3381 3560 3452 σαγηνεύοιεν
3588 3384 3683 3437 καὶ
3713 3382 3868 3439 ἀνελ-

646 3484 898 3553 nequitiae
944 3484 1138 3552 abysso
1185 3481 1411 3534 mortale
1442 3493 1607 3547 geuus
1640 3480 2010 3543 extraherent,
2043 3479 2197 3535 malis

2303 3486 2440 3523 κοιεν
2483 3469 2548 3523 ἐκ
2586 3469 2680 3523 τοῦ
2730 3470 2826 3541 τῆς
2889 3470 3083 3535 κακίας
3118 3470 3276 3542 βυθοῦ
3324 3473 3386 3527 τὸ
3443 3472 3636 3546 θνητὸν
3684 3476 3862 3545 γένος,

647 3575 843 3643 fugatis
881 3572 1195 3644 spiritibus,
1230 3573 1474 3628 morbum
1521 3571 1815 3639 quemlibet
1856 3571 2197 3642 languorem-

2303 3561 2576 3633 πνεύματα
2605 3562 2813 3633 πονηρά
2834 3562 3240 3631 φυγαδεύοντες,
3270 3563 3364 3618 καὶ
3388 3567 3568 3620 πᾶσαν
3589 3566 3745 3621 νόσον
3770 3567 3867 3623 καὶ

644 3680 749 3735 que
780 3674 1052 3743 Asanautes
1113 3671 1246 3717 nutu
1287 3661 1441 3731 eius;
1486 3666 1717 3719 nondum
1772 3662 1915 3718 enim
1964 3662 2197 3732 Spiritus

642 3759 798 3809 datus
841 3754 1013 3809 fuerat
1042 3755 1108 3808 ⁸⁷.

643 3848 688 3881 ⁸⁸
714 3843 863 3899 Nitttt
892 3845 1117 3899 tuleritis
1143 3844 1197 3900 in
1222 3848 1331 3913 uia,
1371 3860 1531 3915 neque
1554 3843 1785 3909 baculus,
1815 3860 1975 3917 neque
1993 3860 2193 3914 peram.

711 4001 1015 4056 Secundum
1042 4000 1348 4057 Mattbzeum
1383 4003 1599 4072 quidem
1631 4003 1696 4068 ⁶⁹,
1732 4003 1846 4057 auri
1884 4011 1940 4058 et
1986 4001 2193 4073 argenti

640 4094 869 4162 terisque
922 4108 1171 4162 possessu
1215 4096 1283 4149 iis
1331 4093 1648 4159 interdixit,
1703 4094 1867 4148 futuri
1914 4091 2192 4165 praescius.

640 4185 1117 4241 Animadvertebat
1142 4186 1284 4239 enim
1320 4186 1437 4241 fore
1466 4195 1522 4239 ut
1548 4188 1640 4255 qui
1678 4187 1881 4243 morbis
1917 4187 1986 4243 ab
2012 4189 2091 4242 eis
2130 4188 2194 4241 li-

640 4275 982 4343 berarentur,
1010 4284 1063 4331 et
1102 4277 1490 4334 insanabilibus
1516 4280 1667 4333 malis
1696 4281 1957 4335 immunes
1981 4280 2192 4345 ﬂerent,

2297 3654 2565 3725 μαλακίαν
2602 3653 2816 3725 ἰώμενοι
2838 3655 2931 3709 ἐπὶ
2951 3655 3051 3726 τῆς
3079 3656 3344 3728 ἐπιταγῆς
3367 3658 3466 3728 τῆς
3490 3657 3686 3712 αὐτοῦ·
3713 3656 3867 3714 οὔπω

2293 3746 2401 3816 γάρ
2427 3742 2494 3831 ἦν
2532 3746 2754 3818 Πνεῦμα
2780 3747 3080 3819 δεδομένον.

2293 3830 2497 3906 Μηδὲν
2520 3836 2713 3906 αἴρετε
2742 3842 2828 3906 εις
2856 3839 2971 3910 τὴν
3000 3841 3187 3979 $27,
3214 3840 3365 3911 μήτε
3404 3840 3690 3909 ῥάϐδους,
3713 3830 3885 3913 μήτε⁵

2954 3927 2994 3962 π
3119 3929 3173 3965 ν.

2954 3927 3173 3965 amour.

2360 3998 2517 4054 Κατά
2550 4000 2645 4071 μὲν
2673 3996 2766 4055 οῦν
2808 4002 2901 4055 τὸν
2950 4003 3229 4057 Ματθαῐον
3256 4003 3457 4076 χρυσοῦ
3485 4003 3580 4059 καὶ
3619 4003 3866 4076 ἀργύρου

2294 4093 2387 4145 καὶ
2418 4092 2617 4163 χαλκοῦ
2649 4093 2746 4165 τὴν
2768 4095 2959 4164 κτῆσιν
2994 4096 3173 4158 αὐτοῖς
3199 4094 3527 4167 ἀπηγόρευε,
3563 4094 3865 4167 προγνώσει

2294 4185 2385 4237 τοῦ
2416 4185 2696 4255 μέλλοντος
2718 4202 2732 4215 ·
2776 4184 3021 4256 συνεώρα
3065 4186 3203 4259 γὰρ,
3230 4187 3305 4251 ὡς
3332 4187 3441 4258 ἄρα
3468 4188 3517 4239 oi
3550 4186 3651 4251 τὰς
3678 4188 3866 4252 νόσους

2294 4278 2384 4329 ὑπ’
2416 4276 2593 4329 αὐτῶν
2621 4276 2677 4329 θε
2688 4276 3153 4348 ραπευθησόμενοι
3180 4280 3272 4332 καὶ
3304 4279 3413 4332 τῶν
3437 4269 3671 4334 ἀνιάτων
3694 4280 3868 4335 ἀπαλ-

639 4374 833 4419 cuncta
895 4381 989 4422 sua
1036 4370 1355 4435 patrimonia
1401 4370 1467 4424 iis
1514 4372 1701 4426 cedere
1746 4371 1965 4427 vellent.
2014 4372 2193 4440 Quare

2303 4370 2650 4439 λαγησόμενοι
2692 4366 2897 4432 παθῶν,
2925 4368 3241 4439 ἐθελήσουσι
3282 4370 3378 4423 καὶ
3434 4370 3651 4424 πάντων
3684 4370 3867 4434 αὑτοῖς

639 4458 692 4510 id
736 4470 1114 4525 praeoccupans
1158 4461 1505 4529 praecipiebat
1549 4478 1614 4517 ne
1646 4464 1871 4532 gratiam
1921 4480 2192 4532 caupona-

2303 4461 2401 4513 τῶν
2434 4461 2781 4532 ὑπαρχόντων
2810 4462 3073 4532 ἐκχωρεῖν
3092 4477 3104 4490 ·
3134 4460 3215 4513 διὸ
3262 4460 3434 4514 ταῦτα
3463 4459 3750 4533 προλαϐὼν
3789 4461 3867 4514 6:-

640 4557 847 4613 rentur,
890 4563 1063 4617 neque
1106 4550 1244 4604 doua
1287 4552 1377 4606 Dei
1412 4553 1619 4607 venalia
1670 4554 1949 4609 haberent.
1987 4555 2188 4611 Verum

2303 4552 2587 4617 εστέλλετο,
2615 4551 2688 4623 μὴ
2712 4551 3041 4623 καπηλεύειν
3060 4552 3160 4622 τὴν
3187 4552 3346 4623 χάριν
3380 4552 3511 4623 μηδὲ
3534 4553 3867 4625 πιπράσκειν

638 4641 931 4695 secundum
948 4640 1191 4710 reliquos
1203 4644 1564 4711 evangelistas
1581 4646 1859 4716 ipsumque
1882 4646 2189 4702 Mattbmum

2303 4644 2361 4698 τὰ
2382 4646 2445 4697 ἐκ
2486 4644 2616 4700 Θεοῦ
2672 4643 2952 4716 παραινῶν
3003 4642 3182 4715 δῶρα·
3229 4642 3370 4697 κατά
3398 4644 3455 4697 δέ
3486 4644 3611 4707 τοὺς
3648 4644 3866 4708 λοιποὺς

637 4747 743 4785 non
778 4731 959 4785 sinens
982 4747 1075 4787 eos
1090 4733 1317 4804 virgam,
1350 4750 1525 4806 neque
1555 4753 1755 4807 peram,
1788 4754 1961 4808 neque
1980 4740 2191 4795 calcen-

2303 4737 2498 4790 καὶτὸν
2532 4737 2693 4790 αὐτὸν
2721 4736 2999 4790 Ματθαῖον
3026 4735 3100 4806 μὴ
3141 4735 3449 4807 ἐπιτρέπων
3493 4728 3694 4798 αὐτοῖς
3727 4736 3866 4807 μήτε

638 4830 840 4885 menta,
875 4835 1047 4891 neque
1078 4823 1211 4877 duas
1249 4825 1458 4880 tunicas
1481 4864 1499 4891 ,
1528 4827 1620 4881 sed
1652 4842 1822 4897 neque
1867 4844 2058 4898 panem
2098 4843 2193 4897 pe-

2303 4828 2507 4901 ῥάϐδον,
2532 4830 2667 4901 μήτε
2699 4830 2899 4899 πήραν,
2937 4828 3074 4899 μήτε
3108 4827 3450 4899 ὑποδήματα,
3481 4828 3617 4900 μήτε
3644 4826 3739 4880 δύο
3779 4844 3863 4897 χι-

635 4912 958 4981 cuniamque
989 4923 1233 4984 portare,
1260 4932 1381 4971 cum
1415 4930 1637 4988 peregre
1665 4930 1844 4974 essent
1876 4920 2187 4989 profecturi,

2303 4920 2487 4983 ιῶνας,
2519 4918 2655 4973 ἀλλά
2692 4921 2817 4992 μήτ’
2844 4920 3029 4991 άρτον,
3070 4919 3209 4991 μήτε
3234 4918 3496 4993 ἀργύριον
3539 4918 3862 4987 ἐπάγεσθαι,

637 5000 764 5056 hinc
798 5002 1043 5070 capiebat
1078 5006 1505 5067 experimentum
1553 5007 1763 5062 illorum
1812 5008 1931 5064 ildei
1978 5019 2033 5065 et
2075 5010 2189 5064 ala-

2303 5012 2588 5083 μέλλοντας
2625 5013 2711 5065 ἐπ’
2744 5011 3050 5083 ἀλλοδαπῆς
3110 5012 3443 5075 στέλλεσθαι,
3485 5008 3714 5081 δοκιμὴν
3764 5009 3864 5081 τῆς

638 5092 870 5155 critatis,
900 5094 944 5147 si
978 5094 1191 5162 quidem
1220 5094 1359 5164 jussi
1404 5100 1799 5166 pauperrimum
1830 5099 1994 5153 vitam
2029 5101 2189 5169 dege-

2303 5104 2463 5158 ιύτῶν
2490 5103 2728 5169 πίστεώς
2750 5122 2810 5159 τε
2834 5105 2928 5159 καὶ
2952 5104 3259 5180 προθυμίας
3288 5104 3611 5175 ἐλάμϐανεν,
3630 5104 3699 5167 εί,
3718 5117 3866 5174 napo

640 5196 719 5249 re,
752 5198 925 5253 neque
966 5186 1133 5253 ipsius
1161 5189 1459 5257 quotidiani
1487 5189 1724 5245 alimenti
1763 5205 1944 5244 curam
1975 5206 2184 5260 gerere,

2303 5196 2638 5265 ιγγελθέντες
2687 5198 2777 5251 τὸν
2825 5198 3009 5270 ἄκρως
3039 5200 3322 5271 άκτήμονα
3350 5196 3463 5268 βίον
3490 5193 3754 5265 μετιέναι,
3787 5193 3865 5259 ὡς

639 5292 817 5347 neque
853 5280 1147 5334 secundam
1200 5283 1431 5354 tunicam
1485 5284 1724 5349 habere,
1774 5298 1945 5353 neque
1992 5284 2187 5339 calceis

2303 5286 2427 5357 μηδὲ
2456 5288 2557 5358 τῆς
2586 5289 2863 5360 ἐφημέρου
2895 5290 3103 5361 τροφῆς
3136 5291 3395 5363 πρόνοιαν
3431 5286 3723 5351 ποιεῖσθαι,
3761 5302 3863 5357 μη-

640 5370 739 5434 uti,
773 5384 892 5424 cum
920 5379 1095 5428 tamen
1128 5372 1431 5429 universum
1467 5375 1653 5430 orbem
1694 5389 1981 5445 peragrare
2026 5374 2185 5430 debe-

2303 5377 2348 5431 δὲ
2370 5378 2620 5451 δεύτερον
2647 5379 2945 5449 ἐπάγεσθαι
2970 5381 3194 5453 χιτῶνα,
3223 5379 3358 5453 μηδὲ
3384 5377 3693 5448 ὑποδήμασι
3728 5375 3862 5446 χρῆ-

643 5468 781 5523 rent,
832 5460 1179 5519 nihilominus
1218 5462 1368 5531 iussa
1401 5465 1543 5521 haud
1571 5466 1950 5521 detrectarent.
1988 5464 2091 5521 Sed
2131 5474 2188 5519 et

2303 5468 2440 5536 σθαι,
2477 5471 2763 5543 μέλλοντες
2786 5473 2887 5546 τὴν
2913 5473 3206 5547 σύμπασαν
3241 5472 3644 5544 ἐκπερινοστεῐν
3683 5469 3863 5523 οἰκου-

645 5552 784 5613 aumi
826 5552 1063 5622 pecunia
1106 5567 1323 5623 amore,
1374 5557 1769 5625 mundanisque
1818 5557 1963 5612 curis
1997 5569 2186 5612 carere

2303 5560 2483 5633 μένην,
2510 5565 2585 5636 μὴ
2614 5564 2861 5635 φεύγοιεν
2893 5566 2960 5621 τὰ
2982 5568 3412 5642 παραγγέλματα
3430 5582 3445 5597 ο
3468 5562 3603 5634 ἀλλὰ
3628 5561 3725 5618 καὶ
3742 5563 3862 5633 ἀφι-

713 5751 762 5791 ⁶⁶
788 5767 905 5827 cap.
934 5769 1008 5823 ιι,
1035 5756 1085 5810 l.
1160 5757 1203 5789 "
1231 5754 1385 5816 Joan.
1415 5773 1511 5829 vn,
1538 5757 1625 5814 39.
1702 5758 1745 5793 “
1776 5773 1892 5832 cap.
1928 5776 2003 5827 Ix,
2036 5763 2089 5819 5.
2170 5763 2212 5799 "
2240 5762 2423 5821 Matth.
2470 5780 2525 5831 x,
2554 5762 2608 5833 9,
