4124 6480
213 467 318 525 585
1377 454 1878 512 ΩΟΜΜΕΝΤΑΒΙΔ
1919 455 1985 511 IN
2021 453 2274 512 LUCAM.
3347 453 3450 508 διο

211 580 588 654 λοχρημάτους
609 569 926 645 ἀφρόντιδας
944 587 1005 625 τε
1030 569 1123 624 τοῦ
1149 569 1260 641 βίου
1296 569 1406 623 δεῖν
1428 570 1624 633 αὐτοὺς
1647 566 1784 624 εἷναι

1888 583 1982 624 eos
2017 567 2206 622 voluit.
2241 567 2415 623 Porro
2459 573 2638 620 autem
2675 564 3123 629 contestabatur,
3179 564 3294 621 haec
3346 567 3454 624 illis

212 670 553 744 βουλόμενος.
584 665 768 718 Ταῦτα
796 660 1214 734 διεμαρτύρατο,
1245 660 1402 726 ώςάν
1427 661 1537 716 τῶν
1559 663 1624 714 ix
1645 661 1780 715 Θεοῦ

1888 676 1912 714 ιι
1955 659 2066 716 Deo
2111 661 2294 714 datum
2329 659 2392 712 iri
2423 657 2584 721 dona,
2614 655 2660 710 si
2693 655 2934 711 vicissim
2972 657 3070 725 ipsi
3101 655 3317 727 dignam
3368 661 3452 714 di-

208 762 458 834 δομάτων
483 756 651 829 ταύτῃ
675 772 750 826 πη
782 755 964 818 αὐτοῖς
986 752 1381 824 δοθησομένων,
1415 753 1464 806 εί
1495 755 1590 808 καὶ
1629 753 1784 808 αὐτοὶ

211 853 341 924 παρ’
375 837 582 904 ἑαυτῶν
612 846 702 900 τὸν
731 845 1063 917 κατάλληλον
1117 844 1231 914 βίον
1286 845 1506 911 ἐπάξιον
1543 847 1642 917 τῆς
1675 846 1784 900 τῶν

211 942 372 997 θείων
401 939 750 1010 χαρισμάτων
788 937 1034 1008 κτήσεως
1078 938 1550 1007 παρασκευάζοιεν
1575 956 1590 971 ο
1611 957 1782 1011 προσ-

210 1036 366 1106 ήκειν
426 1031 533 1102 γάρ
565 1029 797 1101 ἀμοιϐήν
821 1046 941 1083 τινα
969 1027 1295 1100 ποιήσασθαι
1321 1029 1416 1082 καὶ
1461 1031 1784 1085 ἀντικαταλ-

210 1121 493 1189 λάξασθαι,
518 1120 936 1190 ὑποδεχομένους
971 1120 1068 1190 μὲν
1103 1119 1254 1189 παρά
1275 1119 1369 1172 τοῦ
1393 1120 1528 1174 Θεοῦ
1555 1123 1656 1184 τὰς
1681 1139 1786 1176 σω-

210 1216 433 1285 τηρίους
454 1214 547 1267 καὶ
569 1209 920 1283 εὐεργετικάς
942 1209 1245 1280 ἀνθρώπων
1271 1210 1548 1281 δυνάμεις,
1587 1212 1784 1266 ἀντιδι-

211 1305 391 1368 δόντες
422 1305 478 1358 δὲ
510 1303 657 1374 αὐτῷ
682 1303 926 1373 ὑπακοὴν
953 1300 1062 1354 τῶν
1083 1301 1250 1354 αὑτοῦ
1281 1302 1780 1374 παραγγελμάτων.

214 1397 524 1469 προθυμίαν
551 1413 610 1448 τε
635 1394 728 1447 καὶ
757 1393 1074 1464 προαίρεσιν
1119 1389 1406 1462 ἐλευθέραν
1428 1391 1531 1462 τῆς
1560 1393 1697 1464 πρὸς
1716 1393 1786 1447 τὰ

216 1485 444 1556 βιωτικά
495 1481 854 1554 συμπαθείας.
902 1481 1061 1534 Ἀλλά
1107 1484 1202 1546 καὶ
1263 1481 1492 1534 πλοῦτον
1538 1483 1784 1554 οὐράνιον

184 1568 332 1640 ταῖς
357 1575 534 1630 αὐτῶν
571 1574 768 1644 ψυχαῖς
805 1572 1250 1644 ὑποδεχομένους,
1285 1573 1384 1643 τῆς
1425 1590 1484 1626 τε
1522 1573 1616 1627 τοῦ
1651 1574 1784 1628 Θεοῦ

215 1668 492 1738 βασιλείας
517 1665 827 1739 ἀρῤαὸῶσιν
876 1664 1322 1736 ἐφοδιαζομένρυς
1343 1704 1358 1728 ,
1382 1664 1490 1718 τῶν
1541 1666 1636 1718 ἐπὶ
1681 1666 1787 1736 γῆς

211 1762 570 1830 καταφρονεῖν
587 1761 780 1828 χρῆναι
810 1757 920 1811 δεῖν
940 1755 1075 1826 ᾤετο
1091 1774 1105 1788 ·
1135 1757 1229 1810 καὶ
1249 1757 1386 1826 μήτε
1405 1757 1627 1828 χρυσὸν,
1651 1759 1786 1829 μήτε

211 1852 494 1921 χρήματα,
527 1849 660 1919 μήτε
688 1865 741 1900 τι
769 1847 878 1900 τῶν
917 1849 1051 1918 παρ’
1083 1846 1388 1919 ἀνθρώποις
1438 1847 1632 1919 τιμίων
1685 1850 1786 1903 έπ-

1883 751 2023 805 viuis
2045 749 2467 805 cbarismatibus
2494 747 2658 800 vitam
2689 757 2869 801 essent
2901 745 3158 816 ingressi.
3186 746 3453 818 Oportero

1881 839 2024 893 enim
2061 847 2300 891 mutuam
2328 836 2618 905 quamdam
2647 849 2768 890 esse
2798 835 3231 900 retributionem,
3260 853 3454 907 nempe

1883 943 1913 982 a
1953 927 2063 982 Deo
2094 929 2341 996 accipere
2369 925 2664 982 salutarem
2698 936 2862 995 atque
2886 927 3186 981 beuelicam
3218 929 3454 983 homini-
3487 972 3490 975 .

1882 1016 1984 1072 bus
2036 1026 2403 1085 potestatem.
2461 1015 2812 1085 vicissimque
2886 1017 3031 1087 ipsos
3085 1018 3451 1088 obedientiam

1886 1105 2155 1159 mandatis
2183 1105 2301 1174 ejus
2328 1103 2613 1168 exhibere,
2647 1106 3128 1174 promptitudinem
3161 1119 3217 1162 ct
3251 1123 3454 1177 propo-

1883 1195 2048 1250 situm
2079 1196 2225 1249 omni
2275 1195 2460 1249 mundi
2508 1195 2700 1250 aliectu
2747 1196 2996 1250 liberum.
3028 1195 3133 1252 Sed
3179 1207 3236 1252 et
3286 1201 3454 1254 cale-

1881 1287 2058 1342 stibus
2105 1289 2299 1356 Opilius
2357 1288 2538 1342 animo
2588 1287 2855 1352 imbutos,
2908 1298 2965 1344 et
3026 1290 3175 1357 regni
3229 1291 3321 1346 Dei
3363 1307 3453 1345 ar-

1884 1380 2000 1434 rhis
2043 1380 2363 1444 instructos,
2395 1388 2649 1448 oportere
2673 1388 2892 1435 terrena
2932 1381 3214 1451 despicere
3240 1383 3453 1451 judica-

1884 1475 2017 1528 bat:
2068 1489 2244 1544 neque
2295 1489 2509 1538 aurum,
2567 1489 2742 1543 neque
2803 1474 3024 1530 divitias
3083 1491 3256 1542 neque
3305 1477 3453 1530 aliud

1884 1565 2102 1634 quidvis
2131 1565 2270 1634 apud
2304 1565 2553 1620 homines
2599 1564 2899 1633 pretiosum
2945 1567 3097 1635 pensi
3141 1567 3449 1623 habendum

1884 1669 1996 1723 prre
2020 1655 2220 1709 collato
2254 1655 2384 1723 ipsis
2401 1656 2668 1710 caelorum
2706 1655 2982 1711 thesauro.
3020 1657 3124 1711 Sed
3155 1668 3212 1712 et
3253 1660 3454 1715 milites

1887 1745 2105 1799 eosdem
2141 1747 2292 1815 regni
2336 1745 2429 1799 Dei
2457 1746 2840 1811 conscribens,
2881 1747 3162 1814 expeditos
3204 1763 3324 1803 esse
3357 1764 3454 1804 cu-

1891 1837 2045 1892 rabat
2099 1839 2166 1892 ad
2220 1838 2663 1894 committendum
2710 1853 2834 1892 cum
2885 1841 3134 1895 hostibus
3178 1841 3450 1910 proelium.

209 1942 362 2008 ἀξιον
392 1939 645 2012 ἡγεῖσθαι
689 1938 784 1992 τοῦ
815 1937 1251 2009 παρασχεθέντος
1300 1939 1483 2003 αὐτοῖς
1534 1940 1782 2010 οὐρανίου

1888 1925 2181 1995 Propterea
2206 1926 2324 1981 sine
2345 1928 2672 1994 patrimonio
2688 1942 2809 1982 esse
2825 1928 3036 1984 volebat
3062 1929 3261 1986 milites
3287 1947 3448 1988 suos:

207 2033 459 2087 πλούτου.
508 2031 666 2084 Ἀλλά
693 2032 788 2085 καὶ
810 2029 1146 2101 στρατιώτας
1178 2030 1376 2094 αὐτοὺς
1398 2031 1497 2102 τῆς
1521 2031 1615 2085 τοῦ
1641 2032 1778 2086 Θεοῦ

205 2124 484 2196 βασιλείας
511 2123 806 2184 ἀποτελῶν,
835 2119 1102 2185 εὐζώνους
1130 2121 1540 2192 παρεσκεύαζεν
1566 2123 1658 2176 επὶ
1688 2123 1779 2178 τὸν

1883 2016 2079 2070 etenim
2117 2017 2282 2070 Nemo
2319 2017 2556 2070 militum
2596 2017 2830 2086 implicat
2868 2035 2922 2072 se
2976 2021 3158 2074 mundi
3193 2022 3451 2091 negotiis,

1885 2116 1942 2161 ut
1972 2107 2041 2171 ei,
2075 2124 2107 2160 α
2135 2123 2236 2177 quo
2269 2109 2593 2177 conscriptus
2620 2110 2749 2179 fuit,
2782 2109 2985 2178 placeat
3014 2104 3084 2168 ".

213 2217 352 2289 πρὸς
398 2219 525 2280 τοὺς
573 2215 980 2286 ἀντικειμένους
1009 2215 1264 2285 πόλεμον.
1316 2214 1414 2268 Διά
1473 2215 1644 2269 ταῦτα
1712 2219 2021 2291 ἀκτήμονας
2064 2217 2199 2276 εῖναι
2255 2221 2487 2294 παρῄνει
2527 2224 2653 2286 τοὺς
2702 2225 2864 2278 αὑτοῦ
2906 2225 3241 2296 στρατιώτας
3263 2244 3277 2258 ·
3333 2229 3456 2284 επεὶ

205 2308 439 2378 Μηδεὶς
461 2307 936 2376 στρατευόμενος
964 2303 1323 2376 ἐμπλέκεται
1341 2306 1474 2373 ταῖς
1501 2307 1606 2361 τοῦ
1619 2308 1764 2372 βίον
1788 2313 2232 2381 πραγματείαις,
2261 2313 2360 2366 ινα
2379 2312 2459 2378 τῷ
2488 2314 3041 2384 στρατολογήσαντι
3058 2316 3273 2386 ἀρέσῃ.

281 2399 394 2456 Καὶ
417 2401 504 2465 εις
530 2397 612 2465 ἢν
638 2397 715 2452 ἂν
732 2398 929 2452 οὶκίαν
960 2397 1302 2464 εισέλθητε,
1328 2397 1454 2452 ἐκεῖ
1482 2398 1713 2467 μένετε.

294 2491 354 2546 '0
387 2491 572 2561 μέντοι
599 2487 822 2559 Κύριος,
853 2488 1038 2559 ἐπειδὴ
1080 2487 1377 2560 χρημάτων
1441 2491 1534 2544 καὶ
1583 2492 1783 2563 χρυσοῦ

207 2581 302 2637 καῖ
333 2581 574 2652 ἀργύρου
609 2580 704 2633 καὶ
731 2579 954 2650 χιτῶνος
983 2580 1258 2651 δευτέρου,
1291 2581 1474 2653 πάσης
1499 2599 1560 2636 τε
1605 2585 1785 2658 ὑπάρ-

205 2673 343 2742 ξεως
378 2673 478 2743 τὴν
513 2671 703 2741 κτῆσιν
736 2673 848 2735 τοῖς
889 2671 1156 2742 μαθηταῖς
1205 2671 1601 2745 ἀπηγόρευσεν,
1657 2675 1787 2746 ἑξῆς

205 2763 516 2828 ἀκολούθως
541 2763 684 2818 κατά
707 2763 802 2816 τὸν
829 2763 1122 2828 Ματθαῖον,
1153 2764 1302 2828 ὅπως
1318 2765 1388 2818 τά
1413 2766 1548 2836 πρὸς
1579 2768 1785 2840 τροφὴν

206 2859 391 2921 αὐτοῖς
425 2855 833 2927 πορισθήσεται,
857 2855 1169 2923 ἀναγκαίως
1194 2855 1474 2925 διεσάφει·
1497 2856 1577 2910 διὸ
1611 2858 1785 2928 ἐπῆγε

203 2947 380 3015 λέγων
400 2963 416 2978 ο
451 2945 646 3012 Ἄξιος
687 2949 720 2999 d
759 2945 1010 3014 ἐργάτης
1037 2943 1147 3013 τῆς
1175 2945 1402 3015 τροφῆς
1439 2948 1646 3002 αὐτοῦ.
1672 2949 1785 3004 Καὶ

203 3039 349 3094 τοῦτ’
378 3038 531 3108 ελεγι
566 3038 771 3110 τροφῆς
826 3038 994 3109 μόνης
1021 3038 1332 3109 ἐπιτρέπων
1375 3041 1649 3092 κοινωνεῖν
1673 3041 1787 3103 τοῖς

206 3129 481 3186 ιθέλουσιν
522 3129 704 3191 αὐτοῖς
755 3128 1087 3200 μεταδιδόναι
1104 3146 1120 3159 ο
1174 3128 1428 3185 τοσοῦτον
1489 3131 1534 3185 δ’
1579 3131 1787 3200 ἀποφέ-

209 3221 399 3294 ρεσθαι
459 3218 770 3291 συνεχώρει,
800 3219 922 3272 ὅσον
970 3217 1242 3290 αὔταρκες
1291 3215 1360 3291 ῆν
1414 3220 1589 3293 ἀνδρὶ,
1645 3220 1787 3291 πρὸς

211 3314 488 3385 ἀφήμερω
507 3311 768 3382 ἐργασίαν
789 3309 979 3364 ἑαυτὸν
1016 3310 1380 3381 μεμισθωκότι
1398 3351 1414 3378 ,
1444 3312 1652 3384 τροφῆς
1693 3329 1790 3383 με-

212 3403 488 3458 ταλαϐεῖν.
524 3400 680 3455 Οῦτω
712 3401 844 3468 γοῦν
874 3403 970 3454 καὶ
1005 3405 1118 3466 τοῖς
1142 3402 1199 3456 δε
1231 3402 1430 3470 ἐξεῖναι
1457 3405 1519 3457 οὐ
1560 3404 1788 3475 μισθοὺς

212 3493 322 3546 τῶν
345 3480 676 3564 εὐεργεσιῶῦ
703 3491 1145 3563 εἰσπράττεσθαι,
1174 3493 1408 3561 Δωρεὰν
1430 3495 1562 3564 γὰρ,
1600 3498 1786 3567 φησιν,

212 3585 479 3648 ἐλάϐετε,
513 3583 739 3651 δωρεὰν
765 3582 930 3637 δότεο
961 3584 1083 3637 ἀντὶ
1113 3585 1171 3638 δὲ
1193 3584 1298 3655 τῆς
1351 3587 1480 3656 περὶ
1519 3586 1582 3639 τὸ
1617 3588 1789 3658 κήρυ-

1884 2405 1931 2436 "
1951 2404 2018 2459 Et
2047 2406 2102 2459 in
2127 2421 2488 2475 quemcunque
2512 2407 2728 2460 domum
2755 2407 3095 2472 intraveritt's,
3127 2409 3200 2461 ibi
3226 2418 3454 2463 manu.

1957 2499 2215 2553 Dominus
2243 2498 2458 2568 quidem
2482 2510 2768 2569 postquam
2796 2499 3104 2554 divitiarum
3138 2510 3189 2556 et
3217 2503 3333 2556 auri
3367 2513 3455 2556 at-

1885 2602 1994 2658 que
2023 2598 2258 2658 argenti,
2287 2588 2631 2658 duplicisque
2665 2590 2881 2656 tunicae,
2924 2600 2979 2645 et
3011 2590 3302 2659 cujuslibet
3327 2593 3457 2647 sub-

1885 2681 2098 2736 stantia
2130 2681 2528 2750 possessionem
2577 2680 2857 2751 discipulis
2899 2692 3184 2747 vetuerat;
3236 2685 3455 2748 deinde,

1886 2782 1946 2826 ut
1975 2772 2222 2841 sequitur
2265 2770 2406 2841 apud
2436 2770 2745 2826 Matthteum
2771 2773 2841 2836 τ’,
2883 2777 3154 2841 quomodo
3197 2773 3455 2828 alimenta

1887 2862 2126 2917 habituri
2167 2861 2299 2924 sint,
2328 2862 2640 2916 necessario
2667 2861 3077 2916 demonstravit.
3119 2863 3240 2917 ldeo
3274 2863 3454 2917 dicere

1886 2954 2166 3024 perrexit:
2223 2952 2422 3022 Dignus
2443 2962 2519 3006 est
2547 2953 2817 3021 sperarim
2856 2953 3106 3007 alimento
3148 2970 3259 3007 suo.
3290 2952 3456 3022 quue

1887 3046 2087 3109 aiebat,
2123 3044 2312 3100 volens
2347 3046 2662 3101 alimoniam
2705 3047 3083 3099 tantummodo
3128 3045 3459 3113 participare

1887 3134 1955 3189 ab
1985 3134 2052 3190 iis
2078 3134 2169 3204 qui
2199 3135 2377 3188 daturi
2407 3143 2564 3188 erant
2590 3152 2603 3188 :
2643 3143 2959 3200 tantumque
2984 3147 3198 3186 sumere
3232 3134 3460 3201 permit-

1890 3223 2075 3285 tebat,
2111 3231 2376 3291 quantum
2407 3221 2728 3276 nutrimenti
2769 3221 2975 3275 homini
3004 3220 3075 3275 ob
3106 3221 3284 3276 diurni
3320 3238 3458 3292 ope-

1889 3314 1968 3368 ris
1999 3308 2305 3369 mercedem
2343 3315 2478 3369 satis
2504 3323 2588 3369 est
2614 3314 2885 3382 accipere.
2919 3312 3010 3368 Sic
3035 3329 3164 3384 ergo
3211 3315 3294 3369 his
3320 3331 3459 3386 quo-

1888 3416 1994 3472 que
2049 3401 2218 3457 licere
2267 3401 2410 3456 haud
2469 3417 2604 3458 sane
2653 3402 2902 3458 beneficii
2963 3407 3457 3461 remunerationem

1888 3494 2128 3565 exigere.
2155 3492 2335 3549 Gratis
2360 3494 2499 3547 enim
2524 3493 2814 3560 accepistis,
2856 3493 3054 3562 inquit,
3097 3497 3262 3566 gratis
3294 3498 3418 3551 date
3435 3514 3459 3563 ,°

1891 3586 1986 3641 sed
2026 3599 2124 3655 pro
2165 3584 2410 3653 impensa
2441 3583 2844 3653 praedicationis
2875 3599 3060 3653 opera,
3099 3601 3306 3656 proque
3333 3604 3458 3643 cor-

211 3692 328 3748 γμα
356 3674 554 3747 σχολῆς
580 3691 638 3728 τε
655 3673 749 3727 καὶ
768 3675 1049 3746 ἐργασίας,
1076 3675 1194 3729 ἀντί
1225 3692 1286 3729 τε
1321 3675 1431 3730 τῶν
1461 3676 1638 3732 πόνων
1692 3676 1786 3730 τοῦ

1889 3676 2167 3746 poralibus
2195 3675 2498 3740 laboribus,
2527 3688 2662 3743 quos
2681 3675 2751 3730 ab
2773 3675 2840 3729 iis
2867 3675 3133 3729 exantlari
3159 3677 3211 3731 in
3248 3686 3455 3734 tantam

216 3768 490 3839 σώματος,
523 3765 618 3829 οὒς
646 3765 914 3838 τοσαύτην
947 3766 1330 3838 στελλομένους
1381 3768 1608 3840 πορείαν
1639 3767 1787 3832 είκδς

210 3856 280 3932 ῆν
329 3857 621 3929 ὑπομένειν
668 3858 884 3922 αὐτοὺς,
915 3857 1082 3929 μόνης
1109 3859 1313 3930 τροφῆς
1336 3861 1438 3930 τῆς
1483 3861 1788 3928 ἀναγκαίας

211 3952 410 4023 χρῆναι
448 3947 877 4021 μεταλαμϐάνειν
900 3965 915 3980 ·
946 3950 1041 4002 καὶ
1065 3950 1266 4021 ταύτης
1301 3949 1377 4020 μὴ
1404 3953 1517 4014 τοῖς
1563 3951 1787 4022 culoso;

213 4045 512 4105 κοινωνεῖν,
541 4040 674 4112 μηδὲ
693 4038 843 4111 παρά
866 4039 973 4093 τῶν
995 4041 1254 4112 παρέχειν
1277 4039 1565 4095 ἐθελόντων
1587 4041 1790 4096 ἀϐασα-

211 4135 412 4197 νίστως
460 4130 777 4203 λαμϐάνειν,
825 4130 1018 4202 μόνους
1072 4131 1130 4184 δὲ
1178 4133 1301 4196 τοὺς
1333 4129 1600 4203 ἀξίόυςτῇ
1629 4131 1789 4203 λήψει

210 4227 380 4298 τιμᾷν
401 4242 414 4254 -
442 4219 524 4287 οἷς
552 4222 644 4276 καὶ
690 4221 950 4292 μεγίστην
983 4221 1216 4293 ἀμοιϐὴν
1252 4223 1352 4293 τῆς
1397 4223 1602 4294 τροφῆς
1654 4239 1789 4292 προ-

211 4316 278 4371 λα
287 4316 593 4388 μδάνοντας
613 4313 947 4379 ἀντιδιδόναι,
972 4311 1194 4385 είρήνην
1218 4315 1401 4377 αὐτοῖς
1430 4316 1524 4367 καὶ
1553 4315 1654 4378 τὰς
1695 4312 1786 4367 τοῦ

208 4406 345 4461 Θεοῦ
377 4405 671 4474 διαλλαγὰς
699 4403 1234 4475 εὐαγγελιζομένους.
1261 4405 1447 4459 Ταῦτα
1478 4405 1522 4459 δ’
1561 4405 1787 4460 ἀκολού-

211 4499 321 4564 θως
346 4501 464 4561 τοῖς
487 4497 586 4568 τῆς
616 4495 780 4550 αὐτοῦ
810 4495 1086 4566 βασιλείας
1116 4495 1475 4567 στρατιώταις
1520 4496 1751 4569 παρῄνει
1771 4515 1785 4529 ·

209 4585 770 4660 προμαρτυρούμενος
803 4585 877 4658 μὴ
907 4587 1205 4658 χρημάτων
1240 4587 1508 4656 ἐφίεσθαι,
1542 4590 1677 4660 μηδέ
1710 4606 1792 4643 τι-

208 4697 299 4744 νος
347 4680 410 4734 τὸ
461 4677 720 4750 παράπαν
767 4680 1046 4748 κτήματος
1096 4679 1293 4751 μικροῦ
1330 4678 1364 4750 ἢ
1420 4679 1680 4749 μεγάλου,
1709 4683 1790 4745 είς

209 4771 380 4844 ἀκρον
411 4771 457 4824 δ’
501 4757 744 4823 ἐλαύνειν
791 4770 1200 4840 ἀκτημοσύνης·
1241 4771 1341 4841 τῆς
1391 4788 1451 4823 τε
1513 4772 1789 4844 ἐφημέρου

211 4863 420 4935 τροφῆς
449 4861 524 4932 μὴ
545 4864 658 4925 τοῖς
684 4862 870 4921 πᾶσιν.
894 4861 928 4933 ἢ
957 4864 1067 4924 τοῖς
1090 4861 1261 4928 ἀξίοις
1290 4861 1471 4932 μόνοις
1495 4866 1786 4916 κοινωνεῖνο

215 4957 309 5009 καὶ
351 4953 488 5026 μηδὶ
525 4953 676 5022 παρὰ
698 4953 902 5007 τούτων
929 4955 1130 5023 προῖκα
1159 4952 1425 5006 ποιεῖσθαι
1478 4953 1578 5024 τὴν
1627 4953 1791 5023 μετά-

212 5045 408 5116 ληψιν,
459 5041 914 5114 προδανείσαντας
967 5044 1023 5097 δὲ
1077 5045 1170 5098 καὶ
1215 5044 1787 5116 προευεργετήσαντας

212 5139 332 5200 ταῖς
355 5136 488 5205 παρ’
512 5134 717 5188 ἑαυτῶν
750 5136 1039 5203 εὐλογίαις.
1071 5168 1140 5176 -
1165 5133 1511 5206 Περιφράξας
1535 5137 1660 5198 τοὺς
1693 5152 1791 5205 μα-

213 5226 383 5298 θητάς
406 5228 436 5279 ὁ
465 5224 670 5297 Κύριος
703 5223 904 5289 ἐνθέοις
934 5226 1190 5297 δυνάμεσι
1212 5227 1308 5280 καὶ
1338 5229 1450 5289 τοῖς
1477 5227 1786 5295 φιλοσόφοις

212 5321 624 5393 παραινέσεσιν,
659 5316 921 5383 εὐζώνους
953 5320 1146 5384 αὐτοὺς
1179 5316 1265 5374 οἷα
1319 5319 1453 5374 Θεοῦ
1513 5320 1788 5390 βασιλείας

216 5413 552 5483 στρατιώτας
593 5410 1044 5481 ἀπεργασάμενος
1090 5412 1384 5484 ἐξέπεμψε,
1440 5413 1789 5476 διδασκάλους

210 5501 304 5558 καὶ
328 5503 547 5572 ἰατροὺς
569 5505 684 5565 τοῖς
721 5500 1010 5564 Ἰουδαίοις,
1043 5502 1248 5572 μυρίων
1278 5504 1457 5567 αὐτοῖς
1495 5503 1784 5571 ἐσομένους

211 5592 432 5662 ἀγαθῶν
469 5593 761 5665 προξένους
789 5595 884 5647 καὶ
910 5595 1175 5664 κήρυκας.
1207 5596 1268 5647 Οἱ
1318 5595 1375 5648 δὲ
1415 5595 1554 5648 κατά
1611 5593 1785 5647 ταῦτα

212 5685 446 5749 ἐποίουν,
480 5685 576 5738 καὶ
608 5682 884 5755 πανταχοῦ
919 5684 1228 5755 περιῄεσαν,
1257 5684 1330 5749 ὡς
1358 5685 1456 5756 μὲν
1480 5684 1787 5739 διδάσκαλοι

283 5867 328 5900 ’⁸
359 5865 399 5922 ll
427 5865 572 5922 Tim.
605 5881 664 5935 ιι,
697 5867 781 5923 ιο.
854 5866 897 5898 ⁷⁸
923 5881 1042 5937 cap.
1087 5883 1162 5936 ts,
1189 5867 1240 5923 4.
1311 5867 1354 5899 ⁷²
1384 5865 1569 5924 Matth.
1598 5882 1651 5936 ι,
1684 5864 1764 5920 l0.

1887 3766 2284 3837 expeditionem
2320 3765 2502 3821 missis
2529 3779 2664 3834 opus
2699 3775 2838 3831 erat,
2866 3765 3011 3820 aliud
3043 3767 3176 3821 nihil
3205 3779 3459 3838 oportere

1889 3871 2051 3926 quam
2081 3855 2441 3911 necessariam
2474 3855 2784 3911 alimoniam
2813 3857 3090 3925 accipere:
3127 3866 3290 3927 atque
3317 3859 3460 3916 hanc

1893 3948 2068 4018 ipsam
2119 3962 2230 4002 non
2273 3946 2344 4002 ab
2385 3950 2640 4004 omnibus
2687 3946 3058 4003 indiﬂ'erenter
3103 3963 3323 4003 sumere
3365 3950 3458 4019 qui

1890 4039 2020 4096 dare
2062 4039 2283 4105 vellent,
2311 4039 2406 4096 sed
2439 4054 2532 4095 eos
2567 4039 2941 4094 tantummodo
2969 4039 3071 4095 hac
3105 4040 3346 4097 muneris
3377 4056 3464 4097 ac-

1889 4131 2143 4200 ceptione
2199 4129 2473 4184 honorare
2520 4131 2613 4200 qui
2657 4131 2802 4199 digni
2849 4140 3056 4195 essent,
3098 4141 3156 4186 et
3205 4133 3299 4202 qui
3343 4147 3464 4187 ma-

1890 4222 2094 4277 ximam
2133 4221 2243 4290 jam
2293 4222 2502 4292 pridem
2533 4222 2649 4277 dati
2683 4221 2790 4277 cibi
2838 4223 3331 4278 remunerationem
3368 4239 3463 4279 ac-

1890 4312 2167 4381 cepissent
2210 4310 2280 4365 ab
2321 4311 2391 4366 iis
2436 4310 2528 4379 qui
2570 4325 2758 4381 pacem
2786 4319 2841 4367 et
2887 4325 3010 4367 cum
3058 4312 3168 4367 Deo
3214 4315 3463 4371 reconci-

1890 4401 2168 4457 liationem
2199 4402 2596 4472 evangelizant.
2626 4399 2751 4457 Hec
2806 4413 3170 4458 consentanea
3201 4405 3350 4475 regni
3377 4406 3459 4461 sui

1891 4494 2163 4550 militibus
2220 4495 2512 4561 monebat;
2555 4502 2783 4549 testatus
2821 4502 3017 4558 antea,
3054 4509 3161 4550 non
3208 4508 3464 4565 oportere

1891 4584 2086 4653 opibus
2113 4584 2344 4649 inhiare,
2391 4597 2488 4638 nec
2518 4582 2806 4650 cujuslibet
2832 4585 3058 4640 omnino
3090 4587 3208 4642 sive
3250 4603 3465 4658 magna:

1895 4675 2010 4730 sive
2043 4675 2222 4729 tenuis
2260 4675 2339 4729 rei
2376 4675 2704 4745 possessioni
2733 4691 2748 4740 ;
2782 4676 2876 4729 sed
2907 4686 3275 4745 paupertatem
3309 4693 3464 4732 sum-

1893 4783 2037 4822 mam
2067 4769 2286 4824 sectari.
2313 4767 2456 4834 Quin
2493 4767 2650 4832 adeo.
2677 4775 2736 4821 ut
2779 4767 3050 4831 disimus,
3092 4783 3159 4823 ne
3195 4771 3465 4838 quotidia-

1895 4875 2023 4914 num
2055 4858 2272 4928 quidem
2315 4859 2517 4914 victum
2546 4857 2616 4914 ab
2642 4859 2891 4914 omnibus
2929 4859 3326 4926 indifferenter,
3368 4863 3462 4916 sed

1894 4965 1925 5004 ιι
1967 4950 2145 5020 dignis
2188 4959 2393 5004 tantum
2446 4949 2778 5020 participare
2804 4990 2820 5016 ,
2863 4964 3040 5019 neque
3089 4951 3236 5006 hunc
3285 4952 3461 5021 ipsum

1892 5042 2160 5112 gratuito.
2191 5041 2286 5096 sed
2318 5055 2484 5111 opera
2519 5042 2572 5096 in
2600 5050 2941 5096 antecessum
2973 5043 3235 5109 praestita,
3273 5052 3331 5096 et
3369 5044 3465 5096 im-

1894 5135 2109 5203 pertitis
2147 5134 2262 5188 suis
2287 5147 2412 5204 erga
2457 5133 2578 5189 illos
2610 5132 3098 5189 benedictionibus.
3123 5161 3192 5172 —
3224 5131 3316 5188 Sic
3365 5133 3465 5187 ita-

1895 5243 2001 5296 que
2031 5242 2262 5297 superna
2312 5229 2551 5298 potentia
2583 5239 2638 5284 et
2687 5225 3021 5298 sapientibus
3069 5227 3463 5282 adhortationi-

1896 5321 1997 5374 bus
2036 5320 2400 5375 communitos
2442 5320 2752 5389 discipulos.
2801 5318 3187 5388 expeditosque
3225 5316 3336 5384 jam
3369 5317 3462 5372 Dei

1896 5409 2048 5479 regni
2090 5408 2288 5463 milites
2315 5410 2663 5475 constitutos,
2719 5407 2866 5462 misit
2920 5421 3014 5460 eos
3064 5407 3354 5475 magistros
3398 5421 3465 5459 ac

1891 5501 2129 5555 medicos
2171 5499 2239 5555 ad
2282 5500 2516 5564 Judaeos,
2558 5511 2614 5555 ut
2657 5501 2742 5555 his
2787 5497 3260 5552 innumerabilium
3291 5497 3466 5551 bono-

1893 5607 2012 5646 rum
2049 5592 2223 5646 nuntii
2276 5602 2457 5646 essent
2485 5603 2648 5662 atque
2677 5591 2914 5644 datores.
2965 5587 3027 5642 lli
3052 5603 3190 5653 .vero
3231 5588 3303 5641 ita
3337 5602 3465 5656 ege-

1892 5693 2053 5751 runt,
2102 5694 2157 5740 ct
2202 5698 2611 5755 quaquerersus
2664 5683 3032 5739 discurrentes
3067 5696 3165 5738 ceu
3217 5679 3466 5751 magistri
