4124 6410
698 382 805 444 547

1355 364 1621 425 ευεεειι
1656 352 2130 416 CESARIENSIS
2160 350 2312 410 OPP.
2348 350 2532 408 PARS
2566 347 2658 407 ill.
2695 374 2764 388 -
2797 338 3208 403 EXEGETICA.

3812 333 3917 390 ΗΒ

697 487 1158 562 evangelisabsnt.
1186 495 1291 537 ceu
1338 477 1530 537 medici
1566 471 1848 534 sanabant,
1878 476 1935 524 et
1973 479 2247 523 sermones

2349 460 2835 532 εὐαγγελιζόμενοι.
2858 456 2932 519 ὡς
2955 455 3014 508 δι
3042 452 3216 524 ίατροὶ
3236 444 3652 521 θεραπεύοντες,
3670 442 3767 498 καὶ
3790 449 3918 509 τοὺς

702 597 828 641 suos
848 561 1118 649 operibus
1152 570 1527 637 miraculisque
1554 561 1968 637 conﬁrmabant.

838 711 883 746 ⁷⁸
916 708 1127 764 Audiuit
1163 715 1333 758 autem
1377 698 1607 752 Herodes
1646 696 1904 750 tetrarchis
1932 693 2107 749 omnia

1203 788 1319 842 qua
1340 771 1530 838 ﬁebant
1570 768 1633 819 ab
1659 782 1740 821 eo.

777 914 886 970 Sub
924 906 1227 967 Servatoris
1259 904 1541 958 adventum
1582 899 1693 967 jam
1720 898 2040 953 dissolutum
2074 895 2251 950 fuerat

702 1001 902 1061 Judmis
946 1000 1144 1052 avitum
1190 1007 1432 1063 regnum,
1476 987 1793 1043 dissolutum
1824 986 1989 1041 etiam
2031 984 2249 1053 proprio

700 1094 820 1161 jure
860 1088 1069 1143 vivendi
1124 1083 1480 1154 privilegium,
1524 1086 1579 1131 et
1619 1077 1863 1140 libertas,
1903 1087 1966 1128 ac
2010 1072 2251 1143 regulare

706 1159 1080 1235 sacerdotium.
1130 1173 1197 1227 Et
1242 1168 1462 1241 legitimi
1510 1166 1730 1236 quidem
1793 1162 2061 1233 principes
2118 1159 2248 1213 nulli

704 1279 879 1332 erant,
926 1268 1017 1322 sed
1056 1264 1297 1319 Herodes
1324 1260 1546 1329 ejusque
1593 1257 1745 1312 liberi
1790 1254 2051 1323 Agrippas
2088 1260 2251 1321 atque

703 1359 1019 1420 Archelaus,
1043 1369 1237 1425 genere
1261 1351 1525 1409 extranei.
1551 1364 1580 1401 ιι
1607 1345 1860 1401 Romanis
1887 1342 2173 1412 imperium
2195 1342 2249 1394 in

701 1449 917 1507 Iudaeos
948 1452 1303 1517 acceperant;
1345 1454 1573 1511 quorum
1616 1440 1763 1507 regio
1808 1436 1860 1489 in
1904 1432 2249 1489 tetrarchiam

706 1542 879 1597 fuerat
921 1540 1126 1603 divisa,
1172 1544 1387 1602 totaque
1426 1546 1559 1601 gens
1600 1526 1861 1583 Romanis
1890 1534 2009 1580 erat
2053 1525 2251 1592 stipen-

708 1633 897 1692 diaria.
930 1627 1285 1697 qurestoribus
1316 1636 1535 1676 censum
1569 1634 1665 1688 per
1699 1616 1903 1687 singula
1930 1614 2106 1683 capita
2140 1622 2244 1667 sta-

708 1730 821 1773 tuto
855 1729 1095 1785 tempore
1126 1712 1463 1782 exigentibus
1497 1710 1711 1764 militari
1740 1722 1923 1761 manu.
1958 1702 2246 1771 Propterea

2347 554 2539 624 λόγους
2561 551 2648 605 διὰ
2670 549 2779 604 τῶν
2809 548 2985 620 εργων
3010 542 3105 599 καὶ
3138 541 3246 596 τῶν
3275 538 3517 611 σημείων
3544 533 3915 605 matutine”.

2353 685 2607 769 Ἡκουσε
2633 678 2703 733 δέ
2720 671 3385 800 Ἠρόΰτέιςὸέοῖῗέιέχιης
3408 670 3481 722 τὰ
3507 666 3790 737 γινόμενα
3812 663 3917 718 03‘

2425 884 2548 939 Ἐπὶ
2590 881 2692 953 τῆς
2747 878 3048 950 παρουσίας
3094 872 3188 927 τοῦ
3239 871 3524 942 Σωτῆρος,
3574 866 3759 921 λέλυτο
3815 862 3915 935 μὲν

2360 974 2629 1036 Ἰουδαίοις
2650 971 2751 1043 ἥδη
2775 969 2957 1023 λοιπὸν
2981 967 3049 1019 τὰ
3068 965 3165 1035 τῆς
3188 964 3253 1016 ἐκ
3285 960 3563 1033 προγόνων
3597 956 3876 1029 βασιλείας
3894 970 3911 986 ·

2348 1067 2536 1120 λέλυτο
2582 1064 2640 1116 δὲ
2691 1061 2762 1114 τά
2811 1061 2910 1127 τῆς
2938 1055 3257 1126 αὐτονομίας
3285 1053 3379 1106 καὶ
3401 1048 3730 1120 ἐλευθερίας,
3759 1048 3828 1102 τά
3852 1062 3914 1101 τε

2347 1155 2445 1225 τῆς
2471 1151 2726 1220 ὲνθέσμου
2755 1147 3070 1218 ἱερωσύνης.
3093 1143 3205 1198 Καὶ
3223 1143 3269 1194 oi
3307 1140 3402 1211 μὲν
3429 1136 3569 1192 κατά
3590 1136 3788 1206 νόμους
3814 1135 3914 1225 ἀρ·

2348 1260 2531 1313 χοντες
2552 1240 2730 1294 οὐκέτι
2759 1234 2898 1309 ἦσαν
2921 1237 3133 1298 αὐτοῖς·
3182 1229 3427 1302 Ἡρώδης
3456 1228 3513 1281 δὲ
3550 1227 3644 1279 καὶ
3697 1228 3747 1278 οι
3785 1224 3914 1278 τού-

2348 1355 2442 1391 του
2472 1336 2655 1397 παῖδες
2698 1332 2999 1404 Ἀγρίππας
3020 1331 3114 1383 καὶ
3152 1325 3463 1398 Ἀρχέλαος,
3489 1322 3550 1375 τὸ
3572 1320 3732 1389 γένος
3754 1314 3915 1370 ἁλλό-

2349 1428 2521 1497 φυλοι,
2547 1426 2697 1499 παρά
2732 1424 3014 1495 Ῥωμαίων
3044 1422 3144 1493 τὴν
3184 1418 3302 1473 κατ’
3348 1414 3524 1470 αὐτῶν
3566 1409 3706 1485 ἦσαν
3742 1406 3917 1499 ἀρχὴν

2348 1497 2808 1589 ἐγκεχειρισμένα
2828 1532 2842 1545 ·
2874 1512 3094 1584 διῄρητό
3118 1527 3175 1563 τε
3205 1511 3283 1571 είς
3321 1503 3643 1577 τετραρχίαν
3679 1502 3715 1571 ἠ
3756 1497 3916 1570 χώρα

2346 1610 2551 1664 αὐτῶν·
2579 1610 2640 1661 τό
2674 1625 2733 1661 τε
2779 1609 2884 1661 πᾶν
2914 1605 3063 1667 ἔθνος
3098 1602 3366 1672 ύπόφορον
3395 1596 3741 1667 καθειστήκει
3776 1595 3915 1647 Ῥωο

2353 1704 2551 1773 μαίοις,
2581 1700 2672 1753 τὸν
2706 1699 2899 1769 κῆνσον
2934 1695 3073 1750 κατά
3120 1690 3358 1762 κεφαλὴν
3407 1688 3715 1760 ἐπιτρόπων
3772 1684 3916 1739 κατά

706 1824 824 1863 rum
865 1807 954 1861 Dei
1008 1820 1226 1874 regnum
1274 1801 1477 1857 ludzeis
1527 1800 1699 1869 primo
1744 1795 2034 1866 prmdicare
2083 1791 2243 1862 jussit

2349 1792 2567 1863 καιροὺς
2596 1788 3069 1859 εἰσπραττομένων
3102 1786 3198 1838 σὺν
3226 1782 3367 1854 χειρὶ
3388 1781 3775 1853 στρατιωτικῇ.
3797 1776 3913 1838 Διὸ,

705 1899 989 1967 discipulos
1027 1911 1169 1960 suos,
1202 1903 1466 1960 pereuntes
1516 1906 1629 1944 oves
1672 1889 1859 1941 damus
1900 1884 2113 1939 lsmelis
2153 1882 2248 1937 Ju-

708 1992 850 2043 dmus
875 1987 1151 2055 appellavit
1181 1984 1248 2035 ".

2350 1880 2449 1949 τῆς
2476 1878 2568 1931 τοῦ
2596 1876 2729 1931 Θεοῦ
2756 1876 3023 1945 βασιλείας
3061 1874 3120 1927 τὸ
3155 1873 3415 1943 κήρυγμα
3454 1868 3688 1940 πρώτοις
3730 1867 3916 1928 αὐτοῖς

2353 1971 2703 2039 ἐπαγγέλλειν
2726 1970 2754 2021 ὀ
2788 1969 2978 2039 Σωτὴρ
3011 1970 3119 2030 τοῖς
3150 1964 3311 2018 αὐτοῦ
3342 1962 3613 2034 μαθηταῖς
3667 1976 3915 2030 παρακε-

703 2084 1046 2152 λευσάμενος,
1083 2076 1444 2133 ’ἀπολωλότα
1480 2075 1741 2141 πρόϐατα
1791 2069 1959 2124 οἴκου
2002 2066 2247 2135 Ἰσραὴλ
2280 2068 2476 2131 αὐτοὺς
2513 2067 2779 2136 ὠνόμασε.

702 2219 749 2253 τ’
777 2216 915 2272 Sam
946 2216 1035 2285 qui
1083 2211 1565 2285 nte'ernbuerit,_et
1600 2217 1738 2285 melos
1779 2219 2071 2269 sermones,
2111 2203 2250 2255 hunc

1106 2280 1277 2335 Filius
1312 2280 1535 2332 hominis
1576 2277 1855 2330 erubescet.

775 2398 869 2453 His
902 2393 1192 2463 peroratis,
1232 2387 1369 2458 qttml
1428 2400 1617 2453 nempe
1662 2381 1950 2451 discipulos
1980 2387 2253 2449 Oporteret

706 2490 1000 2543 imitatores
1022 2484 1189 2550 ipsius
1229 2478 1364 2540 ﬁeri,
1390 2492 1561 2544 neque
1589 2485 1809 2529 mortem
1847 2470 2125 2539 defugere,
2158 2486 2251 2527 ne-

706 2593 810 2649 que
854 2575 1045 2630 auium
1086 2571 1310 2640 propria:
1336 2570 1560 2637 vitaeque
1590 2579 1810 2633 parcere
1852 2573 2069 2631 propter
2098 2576 2248 2629 spem

708 2670 760 2722 in
783 2668 992 2722 Christo
1025 2658 1650 2721 collocatam,commnde
1680 2656 1980 2717 continual,
2004 2654 2249 2708 secundm

706 2772 815 2813 suae
845 2755 1033 2808 divinm
1061 2750 1314 2821 mysteria
1349 2750 1567 2803 tradens
1599 2732 2061 2801 manifestatiouis.
2091 2742 2250 2797 Valde

705 2858 881 2900 autem
925 2846 1113 2898 idonee
1146 2858 1207 2896 ac
1255 2841 1559 2897 necessario
1607 2839 1720 2892 hinc
1772 2839 1946 2890 aiebat
2000 2836 2125 2897 illis.
2158 2835 2248 2904 qui

704 2938 972 2991 cruciatus
1007 2934 1122 3004 ejus
1164 2947 1325 2987 causa
1370 2929 1597 2986 subituri
1641 2936 1827 2991 erant,
1867 2937 1919 2980 et
1973 2940 2144 2993 usque
2182 2925 2249 2977 ad

706 3025 928 3080 mortem
977 3023 1334 3082 decertaturi,
1376 3021 1593 3089 prmmia
1637 3019 1843 3072 scilicet
1885 3018 2019 3070 tanti
2064 3016 2250 3082 agonis

707 3115 881 3171 futura
908 3130 1226 3185 proponens.
1256 3114 1401 3182 Opus
1438 3113 1583 3166 enim
1622 3120 1761 3172 erat,
1788 3118 1845 3162 ut
1873 3108 1964 3177 qui
2002 3122 2123 3162 eum
2162 3120 2249 3159 se-

2359 2205 2463 2270 ⁹ος
2498 2204 2606 2272 γὰρ
2638 2200 3013 2271 ἐπαισχυνθῇ
3042 2199 3259 2272 [texui
3285 2196 3423 2272 τοὺς
3446 2195 3636 2272 ἐμοὺς
3662 2194 3915 2272 βάτους,

2386 2262 2600 2327 τοῦὲον
2628 2278 2660 2328 ό
2688 2262 2943 2339 Υἱὸςῖοῦ
2963 2262 3276 2338 ἀνθρώπου
3304 2262 3877 2335 ἐπαισχυνθήσεται.

2404 2383 2745 2454 Διαλαλήσας
2774 2383 2843 2436 τὰ
2868 2381 3128 2453 εἰρημένα
3179 2380 3304 2452 περὶ
3335 2377 3428 2431 τοῦ
3456 2377 3565 2431 δεῖν
3600 2377 3694 2430 καὶ
3716 2375 3918 2439 αὐτοὺς

2357 2479 2594 2548 μιμητὰς
2626 2475 2786 2530 αύτοῦ
2819 2474 3087 2544 γενέσθαι,
3128 2474 3220 2527 καὶ
3245 2472 3320 2542 μὴ
3350 2470 3568 2539 φεύγειν
3608 2469 3700 2521 τὸν
3756 2466 3919 2521 θάνα-

2352 2585 2461 2631 τον,
2488 2567 2720 2635 ἀφειδεῖν
2746 2566 2801 2618 δὲ
2833 2566 2926 2618 καὶ
2959 2568 3058 2632 τῆς
3088 2562 3293 2615 ἑαυτῶν
3315 2560 3489 2631 ψυχῆς
3515 2576 3573 2613 τε
3625 2559 3718 2611 καὶ
3770 2557 3920 2624 ζωῆς

2352 2658 2535 2710 ἕνεκεν
2562 2657 2658 2727 τῆς
2688 2658 2765 2719 είς
2797 2657 2958 2709 αὐτὴν
2987 2654 3216 2717 ἐλπίδος,
3254 2652 3605 2705 ἐπισυνάπτει
3645 2648 3918 2720 εὐκαίρως

2350 2750 2420 2803 τά
2449 2751 2574 2820 περὶ
2599 2750 2697 2819 τῆς
2720 2747 2978 2818 δευτέρας
3016 2746 3178 2799 αὐτοῦ
3216 2744 3530 2813 θεοφανείας
3550 2742 3658 2811 (55)
3689 2740 3919 2811 παραδι-

2351 2842 2474 2905 δοὺς
2519 2843 2695 2904 αὐτοῖς
2753 2841 3041 2910 μυστήρια.
3097 2838 3309 2908 Σφόδρα
3352 2836 3410 2888 δὲ
3465 2832 3773 2897 ἀκολούθως
3821 2833 3916 2885 καὶ

2352 2932 2662 3000 ἀναγκαίως
2701 2930 2869 2984 ταῦτα
2894 2929 3043 2997 ἔλεγε
3075 2930 3184 2990 τοῖς
3230 2926 3511 2997 μέλλουσιν
3566 2924 3704 2994 ὑπὲρ
3749 2922 3915 2976 αὑτοῦ

2351 3022 2437 3075 διὰ
2497 3022 2740 3091 βασάνων
2789 3025 2983 3091 χωρεῖν
3007 3059 3022 3083 ,
3064 3020 3157 3071 καὶ
3213 3018 3370 3087 μέχρι
3425 3014 3651 3069 θανάτου
3717 3016 3917 3082 ἀγωνί-

2352 3111 2558 3177 ζεσθαι,
2588 3111 2671 3175 τίς
2718 3112 2869 3163 ἔσται
2914 3112 2942 3163 ό
2990 3108 3198 3179 καρπὸς
3228 3105 3320 3160 τοῦ
3378 3106 3634 3159 τοσούτου
3703 3104 3916 3173 ἀγῶνος

705 3183 1020 3280 querentur,
1059 3206 1276 3275 ejusque
1301 3203 1525 3272 vestigia
1562 3208 1954 3270 premerent,et
1986 3200 2249 3267 propriam

2353 3202 2617 3273 παριστὰς
2634 3202 2833 3264 αὐτοῖς.
2870 3200 3015 3251 Ἔδει
3052 3199 3159 3268 γὰρ
3200 3197 3325 3259 τοὺς
3362 3195 3651 3266 μέλλοντας
3682 3194 3915 3248 ἔπεσθαι

705 3299 931 3368 quisque
978 3308 1192 3348 crucem
1246 3298 1546 3353 sumerent,
1586 3297 1745 3357 prout
1782 3286 1906 3356 ejus
1950 3286 2250 3353 exeiuplum

703 3391 962 3451 docebat;
1000 3394 1246 3439 accurate
1276 3395 1487 3451 quoque
1538 3388 1823 3433 noscerent
1873 3380 2118 3447 quisnam
2163 3378 2253 3429 de-

706 3493 850 3533 mum
884 3477 930 3528 is
963 3482 1103 3529 esset
1132 3472 1284 3541 cujus
1317 3485 1475 3525 causa
1509 3477 1587 3522 tot
1629 3477 1882 3535 tantaque
1913 3475 2093 3520 esseut
2126 3480 2249 3531 pas-

703 3568 836 3623 suri.
864 3564 1199 3633 Tetnpestive
1245 3571 1419 3615 autem
1465 3558 1658 3627 Filium
1705 3557 1941 3612 hominis
1984 3556 2087 3609 hoc
2132 3555 2249 3607 loco

702 3656 933 3725 appellat
972 3670 1092 3708 eum
1114 3655 1201 3722 qui
1226 3660 1466 3711 venerat.
1500 3661 1558 3703 ut
1588 3649 1819 3703 Dauielis
1851 3646 2159 3700 vaticinium
2196 3647 2247 3698 in

704 3760 932 3803 mentem
982 3754 1286 3808 revocaret,
1325 3742 1466 3811 quod
1508 3750 1593 3794 est
1627 3738 1924 3807 bujusmodi
1964 3754 1977 3788 :
2016 3735 2084 3790 Et
2135 3752 2250 3789 ecce

703 3834 872 3889 Filius
896 3833 1115 3886 hominis
1138 3830 1431 3884 aduenielvat
1457 3830 1512 3880 in
1533 3828 1771 3914 nubifus,
1798 3838 1844 3880 et
1874 3842 2031 3895 usque
2051 3826 2117 3877 ad
2140 3824 2249 3876 An-

702 3927 903 3992 liqunm
936 3923 1132 3973 dierum
1158 3920 1401 3983 pervenit.
1424 3917 1493 3970 Et
1514 3919 1611 3985 ipsi
1635 3916 1818 3980 datum
1858 3926 1932 3968 est
1975 3916 2247 3983 imperium

702 4022 753 4067 et
773 4014 954 4075 honor,
976 4020 1022 4062 et
1056 4023 1267 4077 regnum
1287 4008 1353 4059 ".
1399 4005 1505 4060 Sed
1541 4021 1665 4060 cum
1704 4004 1892 4058 Petrus
1931 4004 2101 4071 ipsum
2127 4017 2248 4056 esse

702 4104 973 4158 Christum
1003 4100 1281 4154 confessus
1330 4107 1440 4161 est,
1472 4108 1526 4151 et
1558 4096 1650 4149 Dei
1688 4096 1794 4149 vivi
1836 4094 2030 4148 Filium
2052 4135 2068 4157 ,
2091 4109 2154 4147 ex
2184 4109 2247 4148 eo

707 4206 944 4261 tempore
969 4194 1129 4260 capit
1170 4190 1273 4244 illis
1297 4188 1621 4258 signiﬁcare,
1658 4187 1822 4241 multa
1851 4199 1911 4239 se
1945 4185 2054 4254 pati
2089 4199 2248 4252 Opor-

704 4293 814 4337 tere
834 4292 886 4335 et
907 4282 1098 4335 occidi.
1131 4278 1264 4334 Cum
1299 4289 1476 4331 autem
1509 4277 1646 4329 idem
1674 4275 1860 4329 mortis
1882 4283 2246 4341 contemptum

702 4374 1004 4439 imperaret,
1028 4378 1081 4425 et
1112 4383 1169 4421 se
1222 4368 1387 4422 multa
1420 4366 1527 4436 pati
1575 4365 1793 4428 debere.
1826 4376 1950 4419 tunc
1986 4379 2119 4417 sane
2155 4379 2247 4431 op-

2351 3289 2499 3359 αὐτῷ
2525 3290 2616 3342 καὶ
2645 3289 2816 3340 ὀπίσω
2839 3286 3003 3341 αὐτοῦ
3030 3287 3282 3349 ἀπιέναι,
3310 3284 3402 3337 τόν
3424 3300 3487 3336 τε
3524 3284 3651 3336 ἴδιον
3680 3284 3915 3354 σταυρὸν

2349 3380 2740 3450 ἀναλαμϐάνειν
2769 3378 2909 3432 κατά
2929 3380 3026 3449 τὴν
3063 3376 3226 3429 αὐτοῦ
3257 3375 3505 3445 μίμησιν,
3531 3374 3733 3441 γνῶναι
3756 3374 3917 3444 ἀκρι-

2348 3470 2457 3534 ϐῶς
2475 3471 2527 3523 τί
2558 3468 2685 3524 ποτέ
2710 3472 2854 3523 ἐστιν
2880 3465 3031 3531 οὗτος
3062 3466 3202 3539 ὑπὲρ
3233 3461 3293 3521 οὗ
3313 3466 3381 3519 τὰ
3406 3464 3643 3519 τοσαῦτα
3685 3464 3912 3534 μέλλου-

2349 3579 2401 3616 σι
2424 3562 2665 3631 πάσχειν.
2700 3561 2982 3631 Εὐκαίρως
3004 3560 3060 3613 δὲ
3088 3560 3215 3612 Υίὸν
3270 3556 3559 3629 ἀνθρώπου
3607 3559 3671 3625 ἑν,
3699 3556 3913 3617 τούτοις

2346 3654 2434 3706 τὸν
2461 3653 2749 3723 ἐρχόμενον
2788 3651 3086 3721 ὠνόμασεν,
3142 3649 3220 3711 εἰς
3273 3646 3576 3718 ὑπόμνησιν
3624 3646 3724 3717 τῆς
3760 3645 3912 3717 παρά

2345 3743 2439 3797 τοῦ
2474 3742 2668 3813 Δανιὴλ
2694 3741 3044 3813 προφητείας,
3073 3739 3194 3809 ἥτις
3222 3737 3373 3806 ἔλεγε
3396 3753 3411 3767 ⁸
3448 3738 3559 3791 Καὶ
3596 3736 3723 3791 ιδοὺ
3781 3737 3912 3802 Υἱὸς

2347 3833 2657 3902 ἀνθρώπου
2698 3833 3017 3900 ἐρχόμενος
3067 3826 3144 3899 ἦν
3176 3828 3275 3881 ἐπὶ
3326 3825 3443 3881 τῶν
3471 3825 3771 3895 νεφελῶν·
3810 3825 3911 3878 και

2345 3928 2454 3993 ἕως
2503 3926 2609 3979 τοῦ
2635 3923 2895 3979 Παλαιοῦ
2924 3922 3041 3977 τῶν
3072 3919 3305 3990 ἡμερῶν
3325 3920 3572 3990 ἔφθασε.
3604 3916 3715 3973 Kal
3748 3915 3910 3982 αὐτῷ

2345 4018 2518 4084 ἐδόθη
2555 4019 2592 4084 ἠ
2636 4014 2789 4084 ἁρχὴ
2821 4015 2920 4069 και
2951 4014 2991 4080 ἡ
3021 4011 3158 4082 τιμὴ
3195 4011 3292 4065 καὶ
3324 4012 3362 4078 ὴ
3417 4007 3723 4074 βασιλεία.
3767 4003 3909 4058 Ἀλλ’

2346 4112 2435 4163 ὅτε
2464 4110 2564 4178 μὲν
2592 4110 2621 4161 ὁ
2673 4108 2873 4176 Πέτρος
2926 4105 3156 4177 Χριστὸν
3204 4104 3363 4159 αὐτὸν
3401 4098 3537 4157 εἶναι
3565 4100 3905 4173 ὡμολόγησε,

2348 4200 2441 4253 καὶ
2478 4198 2605 4251 Υἰδν
2648 4196 2739 4249 τοῦ
2786 4196 2919 4250 Θεοῦ
2966 4194 3057 4247 τοῦ
3114 4194 3331 4260 ζῶντος,
3384 4192 3492 4247 ἀπὸ
3540 4192 3661 4245 τότε
3705 4190 3908 4262 ἦρξατο

2344 4289 2614 4343 δεικνύναι
2638 4289 2849 4352 αὐτοῖς,
2882 4290 2964 4341 δτι
2994 4287 3074 4339 δεῖ
3118 4286 3278 4340 αὑτὸν
3338 4284 3505 4338 πολλὰ
3559 4282 3753 4335 παθεῖν
3800 4282 3907 4336 ,καὶ

2347 4376 2769 4447 ἀποκτανθῆναι·
2804 4377 2891 4429 ὅτε
2932 4376 2988 4429 δὲ
3020 4375 3180 4438 αὐτὸς
3238 4370 3717 4443 καταφρονητικῶς
3764 4369 3907 4439 ἔχειν

700 4476 928 4533 portuue
949 4461 1015 4514 de
1046 4460 1280 4513 secundo
1310 4468 1364 4511 et
1409 4456 1641 4525 glorioso
1677 4457 1907 4509 adventu
1949 4469 2046 4509 suo
2082 4456 2243 4507 verba

2349 4468 2438 4522 τοῦ
2471 4468 2695 4522 θανάτου
2723 4466 3134 4538 παρεκελεύετο,
3166 4464 3369 4528 ἐδίδαξε
3404 4463 3483 4525 δὲ,
3510 4464 3590 4515 ὃτι
3616 4461 3696 4514 δεῖ
3742 4461 3907 4513 αὐτὸν

703 4555 917 4615 lecit,ut
940 4563 1262 4621 cognoscere
1292 4556 1526 4616 passent,
1549 4546 1667 4615 quis
1696 4548 1902 4601 demum
1930 4547 1975 4601 is
2003 4556 2148 4601 esset
2172 4556 2247 4599 tot

702 4653 955 4712 tantaque
982 4658 1009 4693 a
1040 4638 1233 4720 Iudaeis
1274 4654 1552 4711 passurus,
1590 4640 1774 4706 quisve
1804 4638 1905 4692 illis
1937 4638 2245 4692 certaminis

701 4750 800 4803 pro
828 4747 892 4786 eo
919 4730 1214 4786 sustinendi
1240 4728 1447 4782 fructus
1470 4728 1822 4783 foret.—-liis
1850 4729 1918 4783 ad
1958 4727 2245 4796 discipulos

700 4824 877 4885 dictis,
913 4835 1210 4891 magnoque
1249 4828 1301 4872 et
1328 4834 1525 4873 arcano
1564 4822 1814 4889 mysterio
1859 4819 2106 4874 secundae
2136 4833 2246 4872 suae

700 4913 1144 4971 manifestatiouis
1170 4913 1297 4981 ipsis
1318 4911 1607 4980 patefacto,
1643 4927 1712 4967 ne
1745 4913 1983 4966 oratione
2012 4920 2245 4966 tantum—

701 5006 859 5061 modo
888 5002 1124 5071 solisque
1160 5002 1338 5055 verbis
1381 5001 1653 5055 videretur
1682 5002 2021 5069 persuadere,
2052 5013 2241 5053 neces-

700 5099 844 5148 sario
871 5094 934 5147 ad
972 5107 1131 5159 opera
1153 5094 1315 5155 venit,
1332 5094 1459 5160 ipsis
1483 5106 1668 5147 eorum
1697 5093 1864 5146 oculis
1891 5091 2055 5163 divini
2096 5091 2243 5159 regni

701 5187 781 5238 sui
829 5184 1091 5255 objiciens
1122 5184 1425 5253 imaginem.
1473 5183 1808 5253 Quapmpter
1856 5200 1976 5239 cum
2025 5184 2247 5237 dixisset

704 5273 819 5328 fore
862 5283 917 5325 ut
967 5263 1082 5341 ipse
1110 5272 1256 5327 illum
1301 5272 1663 5336 erubesceret.
1700 5273 1792 5341 qui
1827 5287 1885 5327 se
1923 5273 2244 5335 erubuisset,

702 5376 809 5433 quo
839 5372 1073 5433 tempore
1093 5377 1214 5419 cum
1241 5361 1416 5418 Patris
1443 5364 1525 5418 sui
1558 5362 1726 5434 gloria
1756 5363 2022 5429 adveniet,
2051 5361 2246 5417 deinde

2349 4560 2515 4612 πολλὰ
2546 4559 2752 4625 παθεῖν,
2780 4559 2900 4611 τότε
2927 4556 3066 4611 κατά
3086 4556 3273 4624 καιρὸν
3294 4553 3419 4617 τοὺς
3443 4554 3569 4622 περὶ
3596 4552 3692 4622 τῆς
3720 4550 3903 4605 δευτέ-

2351 4668 2444 4723 ρας
2470 4634 2630 4705 αύτοῦ
2664 4651 2755 4705 καὶ
2800 4648 3007 4715 ἐνδόξου
3037 4646 3334 4717 παρουσίας
3370 4645 3555 4712 λόγους
3582 4642 3904 4716 παρεδίδου·

2346 4743 2419 4806 ὡς
2442 4742 2505 4795 ἂν
2537 4743 2731 4796 ειδέναι
2762 4742 2955 4812 ἔχοιεν,
2988 4739 3072 4802 τίς
3101 4755 3230 4791 ποτε
3264 4733 3334 4808 ἦν
3357 4737 3386 4789 ὁ
3420 4735 3627 4807 μέλλων
3668 4734 3906 4792 τοσαῦτα

2349 4835 2572 4904 πάσχειν
2601 4834 2705 4888 ὑπὸ
2750 4832 3035 4893 Ἰουδαίων,
3054 4830 3146 4885 καὶ
3175 4830 3258 4892 τίς
3293 4829 3447 4881 ἔσται
3475 4828 3660 4891 αὐτοῖς
3686 4829 3717 4882 ό
3767 4836 3905 4899 χαρά

2348 4924 2445 4987 πὸς
2474 4924 2565 4978 τοῦ
2599 4925 2737 4997 ὑπὲρ
2763 4921 2928 4976 αὐτοῦ
2954 4919 3183 4989 ἀγῶνος.
3213 4950 3283 4961 -
3314 4920 3425 4974 Καὶ
3466 4918 3529 4989 δὴ
3568 4917 3746 4973 ταῦτα
3794 4920 3907 4983 τοῖς

2350 5014 2609 5086 μαθηταῖς
2641 5011 2957 5082 διαλεχθεὶς,
2985 5012 3078 5064 καὶ
3107 5010 3167 5063 τὺ
3202 5009 3342 5081 μέγα
3366 5008 3461 5062 καὶ
3490 5007 3753 5062 λανθάνον
3804 5024 3909 5078 μυ-

2348 5106 2563 5179 στήριον
2593 5106 2691 5176 τῆς
2716 5102 2971 5173 δευτέρας
3001 5100 3166 5154 αὑτοῦ
3197 5098 3516 5169 θεοφανείας
3547 5096 3778 5162 ἐξειπὼν
3807 5099 3909 5152 ac-

2346 5196 2475 5258 τοῖς,
2507 5195 2594 5247 ἵνα
2628 5194 2703 5265 μὴ
2726 5192 2904 5260 λόγοις
2934 5190 3094 5262 μόνον
3124 5190 3217 5245 καὶ
3263 5189 3447 5259 ψιλαῖς
3496 5189 3730 5259 rapina:
3774 5186 3907 5259 δοκῇ

2347 5278 2708 5349 ἐμπιστεύειν,
2725 5279 3027 5349 ἀναγκαίως
3054 5280 3148 5332 hri.
3183 5278 3252 5332 τά
3278 5277 3417 5349 ἔργα
3450 5276 3670 5349 ἐχώρει,
3724 5278 3907 5339 αὐτοῖς

2346 5368 2637 5440 ὀφθαλμοῖς
2663 5369 2873 5434 δεικνὺς
2906 5370 3085 5434 αὐτοῖς
3113 5369 3215 5439 τὴν
3242 5368 3424 5423 εἰκόνα
3454 5368 3551 5439 τῆς
3575 5367 3765 5439 θιῖχῆς
3809 5364 3908 5422 αὒ-

771 5514 821 5547 "
846 5530 963 5587 cap.
994 5532 1071 5583 ts,
1101 5517 1154 5576 Ἰ.
1228 5518 1275 5551 ’⁸
1304 5518 1489 5573 Matth.
1518 5536 1573 5585 ι,
1618 5518 1675 5574 6.
1746 5520 1790 5550 ’⁸
1820 5533 1936 5590 cap.
1970 5537 2047 5585 Ix,
2073 5520 2165 5575 26.
2238 5522 2249 5553 τ

2349 5522 2460 5576 )an.
2480 5539 2573 5591 vtt,
2608 5525 2692 5581 15.

769 5627 885 5708 (55)
926 5630 1527 5708 Secunda_‘_l'beopltania
1557 5636 1608 5688 in
1631 5635 1809 5689 mundi
1854 5636 1975 5708 liae.
2007 5634 2129 5691 Ideo
2152 5637 2237 5691 illa

706 5701 886 5769 prior,
918 5716 1021 5770 qua
1070 5715 1129 5757 se
1169 5701 1397 5759 Verbum
1442 5704 1495 5759 in
1543 5719 1707 5761 carne
1752 5705 2131 5777 mauiiestavit,
2163 5710 2238 5764 di-

2345 5640 2486 5720 citur
2502 5640 2764 5720 interdum
2790 5640 3139 5720 i_n__codi_cibtt_s
3169 5642 3385 5711 nostris,
3406 5641 3765 5700 distinctionis
3777 5653 3901 5715 gra-

2347 5711 2438 5777 tia,
2464 5711 2768 5780 evangelica
2802 5710 3173 5781 'l'chpbania.
