4124 6410
700 364 804 423 851

1366 363 1634 420 EUSEBll
1670 362 2142 420 CESARIENSIS
2176 361 2327 419 OPP.
2369 359 2548 417 PARS
2586 359 2675 415 lll.
2717 390 2783 399 —
2822 359 3235 418 EXEGETICA.

3829 365 3935 423 55!

699 482 848 549 pacis
874 482 1092 538 nomine
1128 481 1305 553 dignis
1354 484 1685 553 assignabat.
1730 484 1915 554 Itaque
1957 486 2080 539 data
2110 485 2257 554 prius

2360 497 2456 552 νης
2490 481 2657 550 δνομα
2690 484 2803 543 τοῖς
2832 480 3004 547 ἀξίοις
3045 481 3346 553 προύξένει.
3389 483 3608 556 Ταύτην
3652 486 3940 555 τοιγαροῦν

700 578 801 633 bac
833 592 965 647 pace
987 577 1196 631 illorum
1227 577 1533 641 animabus,
1570 578 1661 648 qui
1692 593 1751 634 se
1783 579 2018 647 hospitio
2044 592 2262 648 recepe-

699 669 825 732 rint,
851 680 977 723 tunc
1006 672 1217 724 demum
1245 669 1494 724 alimenta
1516 671 1584 725 ab
1617 671 1684 726 iis
1712 670 1955 741 accipere
1985 670 2259 726 suadebat.

697 759 1059 826 Quamobrem
1089 760 1394 815 necessario
1413 761 1777 828 pmmooebat
1796 801 1813 826 ,
1843 776 1911 816 ne
1931 761 1983 815 in
2012 761 2159 815 omni
2181 761 2262 814 in-

698 849 1009 905 diflbrenter
1036 852 1203 904 domo
1256 850 1688 919 hospitarentur,
1722 866 1856 906 neve
1891 867 2263 929 quemcunque

699 941 970 997 hominem
999 943 1213 1012 dignum
1239 942 1549 1011 judicarent
1582 944 1735 1012 cujus
1779 944 2013 1014 hospitio
2045 954 2261 1000 uteren-

702 1044 818 1099 tur;
846 1037 938 1090 sed
972 1035 1323 1103 exquirerent
1361 1051 1485 1089 num
1519 1035 1641 1103 quis
1676 1036 1727 1089 in
1762 1035 1976 1089 civitate
2000 1043 2143 1089 esset
2178 1034 2260 1089 vel

698 1125 753 1189 in
782 1141 933 1201 agro,
969 1124 1127 1180 bonis
1171 1125 1381 1181 actibus
1430 1136 1728 1195 sanctaque
1762 1126 1869 1180 vita
1920 1126 2257 1194 conspicuus,

698 1217 787 1283 qui
820 1219 994 1284 regios
1026 1217 1224 1271 milites
1239 1226 1434 1293 posset
1459 1216 1672 1271 virtutis
1714 1217 1887 1271 xeniis
1909 1217 2175 1283 excipere.
2202 1217 2259 1271 Si

698 1306 912 1374 quando
945 1317 1123 1360 autem
1155 1306 1458 1376 bujusmodi
1504 1307 1696 1375 aliquis
1753 1308 2106 1373 inveniretur,
2137 1318 2261 1363 tunc

698 1394 855 1461 hujus
894 1405 1092 1450 tectum
1126 1398 1438 1459 subeuntes,
1467 1396 1676 1449 militiae
1715 1411 1826 1449 sua
1872 1411 2024 1451 arma
2054 1397 2105 1450 in
2149 1398 2261 1467 pri-

698 1484 801 1539 mis
853 1494 1214 1553 exponerent;
1248 1496 1372 1538 sunt
1403 1493 1579 1538 autem
1629 1484 1741 1539 hzec
1784 1485 1930 1554 pacis
1966 1485 2204 1556 symbola
2242 1502 2257 1538 :

698 1572 927 1641 ideoque
964 1584 1017 1628 et
1062 1574 1322 1639 hospitem
1354 1582 1410 1627 et
1441 1576 1746 1627 universam
1778 1576 1994 1629 domum
2028 1575 2142 1642 ejus
2168 1590 2261 1644 pa-

697 1664 849 1717 cifica
872 1663 1193 1718 salutatione
1221 1664 1626 1729 itnpertirentur
1662 1682 1677 1720 :
1708 1666 1898 1719 deinde
1933 1666 2039 1719 illic
2079 1681 2259 1722 mane-

698 1764 837 1818 rent,
887 1769 1060 1823 neque
1083 1753 1457 1819 abscederent,
1506 1756 1592 1810 vel
1643 1758 1710 1811 de
1756 1758 1914 1811 domo
1960 1758 2010 1811 in
2046 1759 2256 1811 domum

697 1846 860 1900 irent.
895 1843 985 1899 Sic
1014 1847 1156 1901 enim
1190 1846 1445 1916 exquisiti
1485 1848 1752 1903 examinis
1792 1849 2046 1903 indicium
2083 1850 2262 1904 dedis-

695 1947 817 1993 sent
845 1959 857 1993 :
892 1953 1016 1992 nam
1044 1942 1393 1996 temerarium
1416 1946 1471 1993 et
1494 1940 1861 2004 subitaneum,
1897 1955 2003 1994 non
2033 1951 2115 1996 est
2147 1952 2259 1997 sta-

695 2027 801 2082 hile
826 2043 1001 2097 neque
1030 2033 1327 2084 constantis
1354 2030 1539 2084 moris.
1584 2031 1707 2084 ideo
1737 2030 2006 2096 monebat,
2042 2046 2109 2085 ne
2147 2032 2261 2085 vei-

696 2117 806 2173 lent
827 2127 983 2173 antea
1009 2120 1426 2185 commorari,et
1458 2121 1651 2175 deinde
1704 2121 1950 2175 notitiam
1983 2122 2263 2189 exquirere

695 2221 804 2275 quo
836 2206 975 2261 facto
1001 2208 1068 2263 ad
1111 2208 1271 2261 alium
1306 2208 1597 2262 transirent
1629 2224 1751 2263 cum
1785 2210 2012 2277 hospitis
2040 2211 2258 2279 injuria.

697 2298 828 2355 item
883 2302 927 2355 si
970 2309 1027 2355 et
1084 2302 1171 2355 hic
1223 2304 1488 2369 posterior
1549 2304 1801 2373 indignus
1838 2300 2068 2371 hospitio
2108 2319 2253 2357 com-

696 2390 967 2459 periretnr
984 2406 1170 2445 rursus
1192 2391 1337 2444 illinc
1358 2391 1519 2444 etiam
1536 2392 1889 2453 discederent,
1907 2392 2260 2445 voluntariam

699 2481 1037 2535 inimicitiam
1085 2484 1497 2545 contrahentes.
1550 2494 1830 2550 postquam
1888 2498 2071 2552 pacem
2110 2499 2259 2536 suam

699 2572 766 2625 ad
792 2574 1041 2642 indignos
1073 2572 1443 2641 proiecissent.
1475 2573 1579 2628 Sed
1609 2574 1751 2627 enim
1777 2583 1985 2641 Oportet
2011 2574 2157 2643 prius
2183 2574 2263 2627 di-

692 2664 925 2731 ligenter
955 2664 1245 2734 inquirere,
1278 2676 1455 2720 utrum
1502 2663 1693 2731 aliquis
1723 2665 1912 2733 dignus
1943 2665 2045 2731 sit;
2070 2664 2261 2719 deinde

696 2754 764 2808 ad
793 2768 915 2807 eum
970 2756 1288 2809 accedentes
1318 2794 1334 2820 ,
1368 2756 1517 2824 pacis
1566 2756 1765 2809 bonum
1813 2754 2211 2810 communicare
2242 2772 2257 2821 ;

696 2859 924 2915 eamque
975 2847 1190 2900 abunde
1219 2862 1325 2900 non
1372 2847 1419 2901 ei
1470 2849 1836 2901 tantummodo
1872 2847 1961 2915 qui
1999 2847 2258 2915 optimum

696 2934 1060 2987 testimonium
1095 2934 1272 2997 habet,
1312 2936 1406 2989 sed
1461 2934 1555 2988 toti
1602 2951 1817 3004 quoque
1868 2945 2087 3005 propter
2138 2950 2259 2989 eum

697 3021 899 3078 domui.
922 3022 1075 3089 Quod
1111 3025 1153 3076 si
1181 3024 1343 3090 digno
1370 3024 1549 3090 aliquo
1584 3026 1886 3092 excipiente
1920 3025 2068 3095 regni
2118 3025 2260 3080 mili-

2362 574 2817 646 προδανείσαντας
2854 574 2952 645 τὴν
2982 576 3205 647 εἰρήνην
3229 578 3347 640 ταῖς
3382 576 3489 631 τῶν
3526 575 3941 647 ὑποδεξαμένων

2359 666 2555 728 αὐτοὺς
2585 664 2803 734 ψυχαῖς,
2844 665 2944 735 τῆς
2989 666 3119 737 παρ’
3148 667 3326 720 αὐτῶν
3350 670 3556 738 τροφῆς
3591 667 3943 738 μεταλαμϐά-

2360 772 2502 809 νειν·
2555 754 2635 808 διὸ
2675 756 2987 823 ἀναγκαίως
3028 756 3464 826 προδιεστέλλετο
3515 758 3588 828 μὴ
3635 759 3714 820 εἰς
3762 758 3940 812 πάντα

2360 844 2727 918 παραϐάλλειν
2767 840 2936 911 οἷκον,
2972 847 3104 918 μηδὲ
3146 846 3322 900 πάντα
3351 848 3519 919 ἄνδρα
3543 848 3643 918 τῆς
3671 848 3940 917 ὑποδοχῆς

2360 938 2541 991 αὐτῶν
2572 936 2723 1003 ἀξιον
2757 932 2894 991 εῐναι
2924 937 3158 1008 κρίνειν·
3204 940 3519 1009 προερωτᾷν
3546 938 3604 991 δὲ
3650 939 3705 991 εἰ
3735 956 3820 1002 τις
3850 937 3937 1011 εῖη

2359 1028 2465 1083 τῶν
2530 1029 2670 1083 κατά
2718 1029 2819 1100 τὴν
2875 1028 3030 1083 πόλιν
3066 1029 3099 1101 ἢ
3148 1028 3243 1099 τὴν
3270 1027 3453 1098 χώραν
3476 1029 3709 1098 ἀγαθαῖς
3738 1029 3941 1101 πράξο-

2361 1139 2414 1175 σι
2456 1122 2548 1175 καὶ
2575 1120 2674 1192 βίῳ
2716 1120 2898 1193 σεμνῷ
2932 1120 3439 1192 μεμαρτυρημένος,
3471 1119 3545 1184 ὼς
3574 1122 3699 1186 τοὺς
3730 1120 3939 1191 βασιλιο

2359 1214 2489 1279 κοὺς
2509 1213 2865 1285 ἀστρατιώτας
2907 1212 3164 1267 δύνασθαι
3200 1210 3390 1277 ξενίοις
3437 1211 3640 1282 ἀρετῆς
3677 1211 3938 1277 ὑποδέξα-

2362 1305 2505 1360 σθαι.
2565 1305 2812 1360 Ἐπειδὰν
2853 1304 2911 1358 δέ
2961 1322 3045 1368 τις
3084 1303 3329 1375 εὑρεθείη
3370 1302 3626 1369 τοιοῦτος,
3674 1305 3941 1369 εἰσιόντας

2362 1398 2465 1451 ὑπὸ
2494 1400 2593 1466 τὴν
2620 1395 2809 1450 τούτου
2830 1394 3048 1465 στέγην,
3078 1394 3536 1466 προαποτίθεσθαι
3559 1394 3629 1448 τά
3641 1396 3817 1449 οἰκεῖα
3840 1397 3942 1466 τῆς

2362 1490 2651 1561 στρατείας
2675 1489 2815 1543 ὅπλα
2838 1504 2852 1519 ·
2888 1486 3058 1540 ταῦτα
3079 1487 3126 1540 δ’
3155 1482 3224 1557 ἦν
3250 1486 3321 1540 τά
3360 1488 3458 1558 τῆς
3483 1488 3707 1559 εἰρήνης
3738 1488 3944 1559 σύμϐο-

2358 1578 2426 1632 λα
2446 1595 2458 1609 ο
2490 1578 2569 1631 διδ
2596 1580 2690 1631 καὶ⁵
2716 1576 2874 1631 αὑτὸν
2905 1576 2995 1629 τὸν
3024 1574 3307 1646 ὑποδοχέα,
3339 1577 3435 1630 καὶ
3460 1576 3638 1630 πάντα
3667 1575 3759 1629 τόν
3792 1572 3942 1630 οἷκον

2359 1668 2523 1722 αὑτοῦ
2573 1667 2861 1739 εἰρηνικῶν
2905 1658 3211 1737 ἀσπασμῶν
3260 1666 3580 1731 καταξιοῦνο
3634 1662 3731 1721 εἶτ’
3774 1667 3941 1721 αὐτοῦ

2364 1760 2561 1830 μένειν,
2605 1761 2698 1812 καὶ
2744 1758 2817 1829 μὴ
2867 1757 3241 1829 μεθίστασθαι,
3298 1758 3420 1828 μηδ’
3451 1759 3631 1823 οῖκους
3682 1759 3742 1824 ἐξ
3774 1760 3941 1813 οἴκων

2361 1850 2625 1919 ἀμείϐειν.
2670 1849 2841 1903 Τοῦτο
2874 1849 2982 1920 γάρ
3024 1845 3164 1903 εἶναι
3209 1851 3431 1919 σημεῖον
3477 1848 3945 1921 ἀπηκριϐωμένης

2360 1941 2686 2007 ἐξετάσεως·
2724 1942 2786 1995 τὸ
2812 1942 2918 2013 γὰρ
2959 1941 3181 2012 εὐχερὲς
3215 1942 3310 1996 καὶ
3334 1941 3588 2012 ἄκριτον,
3621 1946 3680 1998 οὑ
3714 1943 3944 2015 στερρὸν

2359 2031 2479 2085 οὐδὲ
2500 2031 2717 2101 βεϐαίου
2740 2032 2962 2103 τρόπου.
2991 2033 3081 2086 Διὸ
3106 2031 3336 2103 παρῄνει
3364 2032 3438 2103 μὴ
3462 2032 3675 2104 πρῶτον
3707 2032 3947 2104 καιεαμέ⁸

2360 2134 2490 2188 νειν,
2523 2124 2713 2177 ἔπειτα
2740 2125 2949 2195 ἐρωτᾷν
2978 2125 3074 2178 καὶ
3098 2124 3476 2190 πυνθάνεσθαι,
3505 2121 3600 2179 εἰτ’
3625 2125 3945 2198 ένυδρὶσανυ

2359 2228 2458 2275 τας
2487 2211 2564 2282 τῷ
2596 2210 2730 2283 ξένῳ
2762 2211 3108 2282 μεταϐαίνειν
3145 2214 3230 2283 ἐφ’
3276 2213 3486 2285 ἕτερον.
3515 2212 3634 2269 Κάν
3667 2208 3825 2280 οὗτος
3852 2216 3947 2271 ἀν-

2364 2301 2511 2368 άξιος
2540 2300 2639 2370 τῆς
2668 2302 2937 2372 ὑποδοχῆς
2972 2302 3190 2374 εὑρεθῇ,
3211 2303 3371 2358 πάλιν
3392 2303 3603 2358 ἐνθένδε
3620 2306 3946 2376 μετανίστα-

2362 2392 2504 2455 σθαι,
2540 2390 2736 2460 ἑχθραν
2777 2390 3024 2445 ἑκούσιον
3062 2394 3496 2464 ἐπισπομένους,
3547 2395 3684 2466 μετά
3721 2396 3943 2451 καὶτοῦ

2359 2481 2455 2552 τήν
2480 2481 2659 2535 αὐτῶν
2686 2482 2910 2553 εἰρήνην
2948 2485 3030 2546 εἰς
3066 2483 3316 2550 ἀναξίους
3350 2485 3583 2556 ῥίπτειν.
3627 2486 3764 2539 Ἀλλ’
3788 2489 3946 2561 ἀκρι-

2361 2571 2471 2636 ϐῶς
2494 2573 2756 2643 πρότερον
2782 2571 2874 2625 τόν
2918 2572 3067 2638 ἀξιον
3111 2574 3581 2646 πολυπραγμονεῖν
3600 2594 3612 2606 ·
3651 2576 3823 2631 ἔπειθ⁵
3851 2577 3945 2632 οὓ-

2357 2680 2435 2715 τω
2469 2662 2856 2734 παρελθόντας,
2900 2664 3007 2719 τῶν
3043 2665 3145 2735 τῆς
3193 2666 3417 2737 εἰρήνης
3463 2666 3681 2735 ἀγαθῶν
3733 2667 3944 2739 μεταδι-

2358 2753 2525 2819 δόναι,
2560 2756 2656 2808 καὶ
2690 2757 2948 2828 παρέχειν
2981 2755 3227 2826 ἀφθόνως
3251 2756 3330 2827 τῷ
3363 2758 3842 2831 μεμαρτυρημένῳ
3878 2758 3941 2812 οὑ

2363 2844 2540 2915 μόνον,
2567 2846 2702 2901 ἀλλά
2726 2848 2820 2900 καὶ
2843 2847 3007 2901 παντὶ
3027 2847 3106 2917 τῷ
3132 2848 3265 2917 οῖκῳ
3294 2847 3362 2900 δι’
3390 2848 3570 2901 αὐτόν.
3604 2849 3666 2901 Εἰ
3696 2848 3766 2911 δ’,
3788 2850 3944 2921 εὑρε-

2360 2934 2540 2998 θέντος
2580 2936 2733 3000 ἀξίου
2774 2937 2917 3001 τινὸς
2951 2939 3045 2991 καὶ
3092 2937 3485 3007 ὑποδεξαμένου
3521 2938 3612 2991 τὸν
3647 2940 3746 3010 τῆς
3784 2940 3944 3011 βασι-

2358 3025 2507 3089 λείας
2528 3026 2885 3099 στρατιώτην,
2923 3029 3162 3100 συμϐαίη
3191 3030 3319 3082 ποτὲ
3350 3024 3437 3083 οἷα
3464 3028 3721 3095 πολλάκις
3750 3032 3810 3084 ὲν
3847 3032 3942 3086 ἀνι-

698 3122 807 3167 tem
829 3153 845 3179 ,
873 3112 1014 3168 forte
1043 3115 1305 3179 evenerit,
1328 3114 1468 3183 quod
1512 3130 1652 3183 ωερε
1686 3117 1737 3169 ἰη
1770 3117 1999 3185 religiosi
2030 3116 2257 3171 hominis

2360 3116 2482 3186 δρὸς
2513 3116 2647 3188 οῐκῳ
2683 3118 2971 3184 θεοσεϐοῦς
3011 3120 3167 3173 ετωθε
3206 3119 3471 3188 γίνεσθαι,
3504 3119 3697 3189 γονέας
3724 3122 3758 3193 ἢ
3788 3121 3940 3177 ἀδελ-

698 3205 859 3258 domo
888 3203 1001 3258 fieri
1027 3207 1179 3265 solet,
1198 3218 1449 3273 parentes
1473 3215 1564 3259 aut
1593 3205 1788 3259 fratres
1812 3214 1905 3259 aut
1934 3206 2072 3260 alios
2095 3220 2257 3274 gene-

698 3308 762 3351 re
785 3295 1110 3365 propinquos
1136 3298 1405 3351 adversari
1442 3311 1505 3351 ac
1544 3295 1738 3351 bellum
1769 3299 1917 3352 ciere
1961 3312 2066 3350 non
2099 3297 2256 3352 modo

696 3397 886 3442 contra
921 3387 1187 3454 repulsum
1212 3388 1489 3449 advenam,
1514 3402 1702 3441 verum
1745 3389 1905 3442 etiam
1944 3398 2131 3442 contra
2160 3390 2256 3443 ho-

699 3476 862 3543 spitio
890 3474 1267 3539 honorantem,
1295 3478 1602 3531 necessario
1645 3478 1831 3530 borum
1862 3492 2073 3546 quoque
2104 3494 2255 3532 men-

700 3568 899 3621 tionem
922 3563 1179 3620 Servator
1204 3582 1306 3619 non
1331 3561 1578 3636 neglexit,
1598 3566 1689 3620 sed
1715 3568 1985 3635 praedictis
2010 3568 2250 3623 addidit:

698 3656 840 3725 quod
868 3656 912 3710 si
938 3654 1097 3725 digna
1128 3656 1316 3710 domus
1342 3656 1527 3717 fuerit,
1558 3657 1737 3709 veniat
1759 3671 1858 3725 pax
1889 3668 2065 3712 vestra
2096 3675 2255 3727 super

700 3746 885 3808 illam;
920 3747 962 3800 si
997 3746 1171 3799 minus
1192 3744 1350 3815 digna
1384 3744 1560 3810 fuerit,
1596 3761 1697 3813 pax
1729 3757 1905 3802 vestra
1931 3749 1997 3802 ad
2039 3763 2132 3802 vos
2168 3764 2253 3803 re-

700 3846 962 3889 vertatur.
994 3835 1103 3889 Vos
1149 3835 1373 3910 quidem
1396 3850 1498 3890 non
1547 3849 1668 3888 eum
1712 3836 1886 3891 solum
1932 3838 2021 3906 qui
2054 3836 2253 3893 bonum

704 3925 1069 3980 testimonium
1094 3924 1357 3990 habuerit,
1391 3925 1589 3994 quique
1616 3935 1795 3982 vestro
1814 3941 2031 3982 accessu
2064 3930 2256 3999 dignus

709 4015 891 4081 fuerit,
921 4016 1066 4085 pacis
1102 4013 1561 4075 benedictionibus
1590 4018 1955 4085 itnpertimini,
1974 4019 2067 4073 sed
2090 4028 2144 4074 et
2159 4020 2255 4074 toti

704 4106 883 4161 domui
909 4105 1044 4175 ejus,
1079 4107 1129 4161 id
1171 4116 1253 4161 est
1286 4104 1635 4163 familiaribus
1681 4118 1839 4175 atque
1870 4110 2130 4179 cognatis,
2156 4124 2255 4179 pa-

701 4196 914 4251 cilicatn
956 4196 1179 4251 salutem
1220 4198 1401 4263 dicite,
1448 4208 1787 4267 vestrumque
1820 4199 2046 4254 cilicium
2084 4203 2256 4254 abun—

703 4288 893 4342 danter
917 4296 1078 4356 atque
1107 4287 1321 4357 copiose
1343 4288 1409 4343 ad
1440 4298 1707 4358 parentes,
1736 4287 1949 4353 fratres,
1970 4302 2255 4360 cognatos-

702 4391 826 4444 que.
856 4387 911 4431 et
940 4386 1103 4432 totam
1143 4378 1367 4446 hospitis
1397 4378 1612 4433 domum
1644 4377 1919 4434 eﬂ'undite.
1950 4380 2006 4435 Si
2036 4396 2163 4450 ergo
2203 4392 2257 4435 et

2356 3208 2491 3277 φοὺς
2529 3208 2562 3279 ἢ
2598 3209 2817 3281 ἑτέρους
2853 3210 2933 3281 τῷ
2958 3211 3106 3280 γένει
3142 3213 3514 3283 προσήκοντας
3563 3212 3937 3269 ἐναντιοῦσθαι

2355 3297 2448 3350 καὶ
2476 3297 2749 3369 πολεμεῖν,
2780 3301 2841 3353 οὐ
2880 3301 3039 3371 μόνον
3079 3304 3169 3356 τὸν
3211 3303 3588 3375 ὲπεξωσμένον
3629 3304 3766 3374 (56),
3802 3304 3940 3361 ἀλλά

2355 3388 2529 3441 καὶτὸ
2547 3392 2613 3460 τῇ
2636 3389 2868 3461 ὑποδοχῇ
2901 3395 3252 3464 τετιμηκότα,
3280 3396 3587 3464 ἀναγκαίως
3610 3395 3706 3448 καὶ
3733 3394 3938 3450 τούτων

2353 3478 2381 3530 ό
2409 3480 2600 3551 Σωτὴρ
2626 3482 2687 3534 οὐ
2731 3482 2977 3554 παρῆλθε
3005 3485 3106 3556 τὴν
3148 3488 3386 3557 μνήμην,
3414 3485 3527 3540 ἀλλ’
3560 3486 3806 3556 ἐπιλέγει
3828 3488 3939 3551 τοῖς

2354 3573 2849 3642 προτεταγμένοις⁶
2892 3573 2994 3627 κᾶν
3040 3576 3137 3646 μὲν
3248 3580 3281 3648 ή
3320 3578 3464 3631 οἰκία
3489 3577 3633 3643 ἀξία,
3671 3577 3876 3633 ἐλθέτω
3900 3579 3935 3650 ἡ

2354 3665 2543 3735 εἰρήνη
2577 3666 2731 3736 ὑμῶν
2759 3667 2845 3720 ἐπ’
2876 3668 3076 3740 αὑτήνο
3108 3670 3201 3723 ὲάν
3228 3671 3286 3724 δὲ
3327 3672 3400 3742 μὴ
3428 3667 3462 3744 ᾖ
3498 3671 3646 3738 ἀξία,
3676 3673 3711 3742 ἡ
3745 3672 3939 3743 εἰρήνη

2356 3755 2509 3824 ὑμῶν
2536 3758 2619 3825 ἐφ’
2645 3756 2791 3827 ὑμᾶς
2822 3759 3223 3831 ἐπιστρεψάτω.
3262 3762 3450 3833 Ὑμεῖς
3484 3763 3581 3831 μὲν
3604 3762 3735 3833 γὰρ,
3773 3762 3931 3834 φησὶ,

2354 3845 2448 3899 τοῦ
2486 3849 2979 3920 μεμαρτυρημένου
3013 3852 3191 3922 χάριν,
3227 3851 3322 3905 τοῦ
3356 3852 3450 3906 καὶ
3492 3851 3593 3920 τῆς
3627 3851 3939 3916 ἐπιϐάσεως

2355 3937 2454 4007 τῆς
2486 3938 2755 4010 ὑμετέρας
2778 3939 2951 4005 ἀξίου,
2981 3942 3054 4013 μὴ
3088 3944 3247 4013 μόνον
3266 3943 3428 3997 αὐτὸν
3456 3947 3573 4007 ταῖς
3587 3943 3690 4013 τῆς
3716 3945 3938 4017 εἰρήνης

2355 4025 2647 4095 εὐλογίαις,
2685 4029 2820 4082 ἀλλά
2843 4033 2938 4084 κα)⁵
2961 4031 3137 4086 πάντα
3160 4032 3251 4086 τὸν
3278 4028 3445 4099 οἷκον,
3473 4033 3670 4105 δηλαδὴ
3692 4034 3821 4099 τοὺς
3843 4035 3939 4088 αὑ-

2354 4117 2448 4171 τοῦ
2478 4118 2711 4183 οἰκείους
2742 4120 2836 4173 καὶ
2862 4126 3158 4191 συγγενεῖς,
3191 4125 3410 4195 εἰρήνης
3444 4124 3753 4194 ἀσπασμοῖς
3778 4124 3938 4193 εὐαγ-

2357 4206 2653 4275 γελίζεσθε,
2682 4211 2775 4264 καὶ
2816 4210 2883 4264 τά
2911 4214 3039 4282 παρ⁹
3068 4213 3223 4284 ὑμῶν
3260 4214 3506 4283 ἀφθόνως
3536 4212 3632 4267 καὶ
3668 4212 3935 4280 πλουσίως

2356 4299 2642 4355 ἀπλούσθω
2663 4303 2743 4365 εἰς
2769 4302 2959 4370 γονέας
2982 4304 3075 4357 καὶ
3094 4304 3354 4373 ἀδελφοὺς
3378 4305 3473 4357 καὶ
3500 4307 3785 4372 συγγενεῖς
3800 4304 3937 4359 πάνυ

2357 4408 2423 4444 τα
2448 4407 2508 4444 τε
2540 4392 2631 4445 τὸν
2663 4389 2809 4447 οἶκον
2833 4393 2926 4447 τοῦ
2956 4394 3402 4465 ὑποδεδεγμένου.
3445 4397 3508 4449 Εἰ
3537 4397 3636 4467 μὲν
3661 4391 3755 4451 οὖν
3777 4397 3935 4469 εὑρε-

701 4465 758 4520 hi
784 4475 961 4520 vestra
980 4465 1351 4523 benedictione
1369 4469 1513 4538 digni
1544 4469 1803 4537 comperti
1834 4468 2054 4535 fuerint,
2080 4474 2255 4527 veniat

2358 4479 2492 4532 θεῖεν
2514 4481 2605 4533 καὶ
2628 4476 2774 4535 οὗτοι
2795 4482 2897 4551 τῆς
2922 4484 3190 4555 ὑμετέρας
3210 4484 3459 4553 εὐλογίας
3485 4465 3646 4548 ἄξιοι,
3672 4465 3876 4539 ἐλθέτω
3897 4486 3931 4556 ή

703 4568 805 4624 pax
838 4564 1015 4609 vestra
1040 4570 1199 4626 super
1219 4570 1425 4623 ornnes,
1449 4572 1549 4611 ceu
1578 4557 1713 4613 filios
1735 4559 1903 4627 pacis.
1938 4559 2034 4613 Sin
2063 4569 2251 4615 contra

705 4648 884 4700 hostes
908 4660 1197 4711 osoresque
1224 4657 1412 4702 vestra:
1442 4648 1586 4717 pacis
1614 4649 1714 4704 visi
1745 4648 1964 4717 fuerint,
2000 4665 2063 4704 ac
2086 4650 2253 4704 nulla-

705 4747 856 4791 tenus
877 4752 939 4792 ea
967 4737 1133 4810 digni,
1170 4738 1431 4806 tollentes,
1464 4739 1659 4810 inquit,
1676 4742 1813 4795 bona
1835 4750 2015 4796 vestra
2033 4741 2098 4795 ab
2116 4742 2255 4796 indi-

701 4830 817 4898 guis
849 4830 1101 4893 recedite,
1136 4844 1345 4899 paxque
1370 4840 1547 4885 vestra
1575 4831 1640 4885 ad
1669 4846 1764 4887 vos
1792 4842 2095 4887 revertatur
2116 4873 2131 4897 ,
2162 4847 2253 4887 ve-

701 4930 809 4972 stra
835 4920 1037 4975 scilicet
1071 4920 1438 4977 benedictione
1466 4923 1533 4979 ad
1578 4938 1674 4979 vos
1704 4924 1959 4980 redeunte
1987 4924 2109 4995 quia
2134 4939 2256 4995 par-

703 5018 783 5065 tes
816 5021 1023 5068 vestraa
1044 5011 1382 5082 implevistis.

776 5189 818 5223 ⁶³
845 5190 913 5245 Et
948 5192 1005 5247 in
1047 5200 1425 5275 quamcunque
1446 5193 1721 5275 civitatem
1754 5196 2104 5266 intraverilis,
2138 5207 2187 5253 οι

1171 5273 1486 5332 susceperint
1531 5280 1643 5328 vos,
1674 5274 1779 5319 etc.

772 5350 866 5405 liis
898 5353 1078 5408 verbis
1120 5320 1500 5421 rursus'ipsos
1540 5320 1693 5423 jubet
1726 5320 2019 5426 praedicare
2048 5358 2140 5413 Dei
2171 5372 2257 5412 re-

704 5454 883 5509 gnum,
914 5443 1078 5511 idque
1115 5440 1225 5510 jam
1253 5442 1610 5513 propinquum
1641 5445 1891 5501 nuntiare
1918 5465 1930 5501 :
1957 5461 2127 5517 neque
2162 5461 2258 5500 va-

705 5544 827 5584 nam
847 5547 1017 5602 neque
1038 5534 1155 5588 sine
1175 5534 1629 5593 demonstratione
1648 5536 1947 5595 orationem
1971 5538 2253 5605 habentes,

774 5641 819 5674 ⁸³
838 5658 955 5710 cap.
991 5660 1043 5708 x,
1073 5646 1126 5702 8.

782 5734 886 5807 t56i
926 5734 1056 5792 Cod.
1093 5734 1449 5809 ἰπεξωμινον.

2357 4574 2541 4643 εἰρήνη
2566 4573 2723 4643 ὑμῶν
2756 4574 2850 4628 ἐπὶ
2893 4575 3100 4639 πάντας
3122 4576 3196 4640 ὡς
3224 4576 3482 4639 έπὶυίοὺς
3507 4576 3731 4647 εἰρήνης
3752 4593 3767 4607 ο
3810 4580 3859 4630 εἰ
3885 4576 3930 4630 δ’

2358 4662 2537 4734 ἐχθροὶ
2570 4664 2665 4717 καὶ
2712 4665 2959 4735 πολέμιοι
2991 4668 3091 4737 τῆς
3131 4667 3400 4737 ὑμετέρας
3436 4667 3648 4736 ὀφθεῖεν
3686 4669 3929 4739 εἰρήνης,

2357 4754 2449 4805 καὶ
2473 4753 2721 4825 οὐδαμῶς
2748 4753 2918 4822 αὐτῆς
2954 4752 3113 4821 ἄξιοι,
3148 4757 3400 4828 ἄραντες,
3431 4757 3587 4828 φησὶ,
3603 4756 3672 4810 τά
3685 4757 3925 4831 ὑμέτερα

2358 4840 2554 4909 ἀγαθὰ,
2585 4842 2694 4896 τῶν
2732 4844 2964 4909 ἀναξίων
2989 4846 3341 4918 ὑποχωρεῖτε,
3371 4847 3465 4900 καὶ
3490 4849 3522 4917 ή
3557 4848 3746 4918 εἰρήνη
3777 4836 3927 4919 ὑμῶν

2356 4934 2437 5001 ἐφ’
2472 4934 2615 5003 ὑμᾶς
2639 4934 3037 5006 ἐπιστρεψάτω,
3064 4937 3163 5008 τῆς
3194 4936 3252 5001 ἐξ
3281 4936 3435 5007 ὑμῶν
3471 4937 3715 5005 εὐλογίας
3747 4939 3834 5007 ἐφ’
3868 4940 3926 4992 ὑο

2359 5026 2462 5094 μᾶς
2488 5027 2646 5081 πάλιν
2687 5028 3130 5102 μεταϐαινούσης,
3171 5032 3253 5085 δτι
3283 5031 3346 5104 δή
3376 5031 3445 5086 τά
3476 5033 3606 5102 παρ’
3638 5032 3793 5103 ὑμῶν
3835 5050 3928 5086 πε-

2357 5115 2458 5188 πλη
2469 5118 2677 5189 ρώκατε
2685 5161 2699 5174 .

2353 5209 2459 5262 Kal
2487 5211 2573 5275 εἰς
2598 5210 2679 5278 ἢν
2701 5211 2751 5266 δ’
2784 5213 2861 5268 ἂν
2900 5216 3081 5339 πὲλεν
3108 5213 3464 5335 εἰσέρχίῃσθε
3506 5213 3603 5267 καὶ
3638 5212 3924 5284 δέχωνται

2973 5301 3106 5339 uae.
3140 5302 3196 5339 κ.
3221 5300 3273 5338 τ.
3343 5323 3360 5339 .

2970 5301 3106 5353 pag,
3140 5302 3196 5339 κ.
3221 5300 3273 5338 τ.
3310 5300 3360 5339 Α.

2436 5370 2523 5422 Ἐν
2543 5372 2752 5440 τούτοις
2772 5392 2835 5444 γε
2864 5375 3024 5430 πάλιν
3054 5376 3343 5449 κηρύττειν
3365 5373 3459 5429 τοῦ
3484 5374 3620 5429 Θεοῦ
3646 5375 3746 5447 τὴν
3774 5374 3921 5445 βασι-

2350 5456 2516 5524 λείαν,
2544 5464 2639 5517 καὶ
2665 5466 2949 5535 ήγγικέναι
2972 5467 3147 5537 λέγειν
3171 5466 3340 5539 αὐτὴν
3366 5466 3761 5539 παρεκελεύετο
3778 5485 3793 5499 ·
3823 5467 3919 5521 οὑκ

2351 5548 2516 5619 ἀργὸν
2548 5553 2655 5606 οὐδ’
2682 5555 3065 5611 ἀναπόδεικτον
3109 5558 3458 5628 ποιουμένους
3499 5557 3589 5611 τὸν
3632 5556 3808 5626 λόγον,
3854 5555 3919 5610 τὲ
