4124 6438
1388 407 1889 481 COMMEiVTARIA
1918 405 1985 460 ΙΝ
2021 403 2284 462 ιυΩΔΜ.

3386 404 3491 460 εει

219 530 578 602 γνωρίσματα
611 530 666 582 δὲ
703 529 1038 598 παρέχοντας
1064 527 1156 581 τοῦ
1187 527 1560 598 κηρύγματος,
1598 507 1806 581 διὰτοῦ

1916 526 2009 580 sed
2059 524 2461 594 praedicationis
2505 529 2822 592 argumenta
2857 520 3198 583 exhibentes.
3238 525 3490 578 curandis

222 620 546 692 θεραπεύειν
571 619 694 681 τοὺς
715 621 843 686 παρ’
863 619 1044 682 αὐτοῖς
1066 617 1330 682 ἀσθενεῖς,
1355 619 1450 670 καὶ
1470 617 1620 671 οὐδὲν
1641 619 1804 671 πλέον

230 710 317 781 τῆς
364 710 641 781 ἐφημέρου
686 713 890 782 τροφῆς
933 707 1338 780 ἀιποςιθέρεσθειιι⁸
1389 709 1418 761 δ
1454 708 1519 780 δὴ
1565 710 1804 780 παρίστη

224 801 424 871 λέγων·
467 800 704 854 Ἑσθίετε
741 801 810 854 τὰ
857 800 1266 872 παρατιθέμενα
1308 800 1456 868 ύμῖν,
1509 800 1602 853 καὶ
1645 799 1806 870 θερα-

224 891 418 947 πεύετε
459 894 588 956 τούς
623 895 680 948 ἐν
712 894 894 957 αὐτοῖς
935 892 1199 955 ἀσθενεῖς.
1244 891 1462 962 Ἐπειδὴ
1496 891 1542 944 δ’
1580 892 1804 946 ἀντέπι-

223 999 377 1046 πτεν,
418 983 469 1034 εί
514 978 607 1037 οὖν
635 983 709 1055 μὴ
750 982 994 1055 εὑρεθείη
1033 999 1116 1046 τις
1161 980 1308 1046 ἄξιος
1350 980 1448 1051 τῆς
1477 980 1808 1052 δηλωθείσης

225 1072 512 1144 ὑποδοχῆς,
555 1073 608 1126 τί
645 1074 750 1145 χρὴ
789 1074 1048 1145 πράττειν
1095 1071 1328 1134 αὐτούςς
1365 1071 1668 1136 ἀκολούθως
1713 1075 1808 1127 καὶ

229 1163 586 1235 περὶτούτων
611 1165 910 1218 ἐπάκουσον
944 1158 1033 1216 οἷα
1060 1162 1302 1216 διδάσκει
1325 1160 1496 1230 λέγων
1518 1160 1643 1232 ἑξῆς
1663 1180 1677 1193 ·
1703 1166 1808 1229 Εις

224 1253 306 1321 ἦν
351 1252 405 1306 δ’
438 1253 516 1308 ἂν
569 1255 750 1310 πόλιν
796 1253 1175 1323 εισέρχησθε,
1237 1251 1335 1306 καί
1388 1251 1475 1322 μὴ
1519 1251 1807 1320 δέχωνται

225 1345 399 1415 ὑμᾶς,
435 1364 490 1400 κ.
519 1363 570 1400 τ.
596 1346 646 1399 λ.
1133 1366 1158 1384 ο

227 1438 406 1493 Ὅταν
446 1441 480 1492 ό
515 1439 762 1507 ἰσχυρὸς
802 1436 1291 1507 καθωπλισμένος
1350 1435 1641 1505 φυλάσσῃ
1696 1434 1810 1504 τὴν

393 1521 397 1526 ·
583 1506 610 1507 ⁷⁷
650 1506 866 1561 ἑαυτοῦ
885 1506 1106 1575 αὐλὴν,
1140 1525 1193 1560 κ.
1219 1524 1270 1560 τ.
1299 1507 1347 1561 λ.

308 1599 550 1672 ’ἰσχυρὸν
582 1599 678 1669 μὲν
702 1598 794 1652 τὸν
825 1597 1348 1670 κατισχύσαντα,τοῦ
1378 1599 1567 1667 γένους
1587 1597 1693 1650 τῶν
1714 1599 1808 1650 ἀν-

227 1687 459 1761 θρώπων
483 1687 725 1743 διάϐολον
746 1689 923 1758 λέγει·
949 1689 1120 1761 αὐλὴν
1137 1689 1196 1743 δέ
1227 1688 1391 1744 αὐτοῦ
1422 1689 1512 1742 τὸν
1534 1689 1809 1758 περίγειον

225 1779 335 1832 τῶν
365 1779 573 1849 θνητῶν
601 1780 764 1834 τόπον
793 1781 905 1851 (57)
925 1797 938 1811 ο
969 1781 1277 1854 ὑπάρχοντα
1309 1781 1364 1834 δέ
1391 1781 1546 1834 πάντ’
1571 1783 1748 1833 ἐκεῖνα
1773 1779 1809 1833 ἃ

1908 617 1999 686 qui
2025 616 2164 685 apud
2189 615 2310 670 illos
2338 614 2519 669 forent
2551 612 2805 676 inﬁrmis,
2831 626 3004 682 neque
3027 621 3310 682 propterea
3335 615 3493 683 quid-

1907 724 2070 778 quam
2101 707 2237 760 ultra
2282 707 2593 776 quotidiana
2632 705 2892 758 alimenta
2925 707 3277 775 accipientes.
3319 704 3493 772 Quam

1908 814 2020 854 rem
2049 800 2122 852 ita
2165 799 2335 853 edixit
2368 816 2382 854 :
2423 796 2748 851 Manducate
2773 810 2894 865 qua:
2932 807 3276 866 apponuntur
3318 799 3494 857 vobis.

1906 902 1961 945 et
1985 903 2174 946 curate
2221 890 2498 954 inﬁrmos,
2533 890 2624 959 qui
2660 890 2805 958 apud
2841 901 2937 943 eos
2991 899 3138 943 sunt.
3187 890 3324 956 Quia
3368 907 3500 946 vero

1908 982 2035 1035 illud
2068 983 2342 1046 obstabat,
2374 995 2569 1049 nempe
2590 978 2637 1034 si
2664 993 2795 1045 ergo
2827 994 2988 1034 nemo
3026 979 3222 1050 dignus
3253 995 3349 1036 vos
3401 982 3499 1036 ho-

1908 1073 2071 1141 spitio
2113 1072 2407 1142 recipiendi
2447 1071 2632 1134 fuerit,
2664 1071 2794 1140 quid
2843 1070 2989 1126 factu
3031 1075 3166 1141 opus
3195 1071 3497 1126 erittcon-

1907 1172 2203 1232 sequenter
2246 1163 2370 1217 audi
2423 1164 2552 1231 quid
2603 1162 2705 1217 hac
2751 1176 2920 1230 super
2958 1177 3015 1216 re
3056 1163 3108 1215 in
3147 1161 3498 1231 sequentibus

1908 1254 2088 1310 dicat:
2113 1253 2172 1309 Si
2199 1271 2357 1323 quam
2391 1271 2512 1309 vero
2531 1256 2588 1309 in
2613 1256 2790 1309 urbem
2817 1255 3160 1320 intraveritis,
3185 1255 3498 1325 minimeque

1909 1363 2002 1400 vos
2027 1348 2342 1416 exceperint,
2367 1361 2472 1402 etc.

1947 1439 1994 1472 “
2015 1437 2146 1493 Cum
2171 1440 2323 1508 [ortis
2364 1449 2604 1494 armatus
2644 1438 2874 1492 custodit
2906 1439 3102 1493 atrium
3142 1454 3321 1506 suum,
3346 1448 3456 1495 etc.

1979 1591 2200 1648 Fortem
2232 1593 2447 1662 quidem
2474 1593 2602 1648 dicit
2633 1593 2902 1649 diabolum
2929 1636 2944 1660 ,
2976 1595 3066 1664 qui
3116 1597 3376 1650 adversus
3405 1595 3500 1650 ho-

1911 1687 2114 1741 minum
2156 1700 2324 1756 genus
2364 1686 2736 1755 pracvaluerat.
2777 1688 2986 1741 Atrium
3041 1687 3280 1754 ejusdem
3312 1689 3498 1758 appel-

1913 1779 1985 1832 lat
2033 1787 2305 1832 terreuum
2338 1792 2368 1830 a
2410 1775 2726 1831 mortalibus
2760 1777 3062 1831 habitatum
3084 1778 3315 1846 spatium
3337 1797 3350 1832 :
3371 1793 3498 1846 pos-

225 1869 288 1941 δὴ
331 1870 603 1938 ἐπιδείξας
646 1872 723 1942 τῷ
771 1871 982 1944 Σωτῆρί
1036 1889 1168 1926 ποτε
1215 1871 1400 1940 ἔλεγεν
1424 1888 1437 1900 ·
1489 1870 1677 1924 Ταῦτά
1717 1885 1812 1923 σοι

1919 1868 2188 1924 sessiones
2214 1883 2342 1922 vero
2369 1868 2487 1938 ejus
2529 1867 2616 1921 illa
2669 1867 2850 1922 omnia
2891 1884 3013 1937 quae
3055 1868 3182 1924 olim
3219 1869 3494 1925 Servatori

226 1961 423 2014 πάντα
451 1961 644 2026 δώσω,
671 1963 779 2017 ἐὰν
802 1961 1008 2016 πεσὼν
1031 1963 1469 2031 προσκυνήσῃς
1488 1979 1611 2030 μοι,
1641 1963 1728 2014 ὅτε
1750 1964 1808 2015 ἐν

226 2051 304 2122 τῷ
349 2051 540 2123 ὑφηλῷ
570 2053 686 2124 δρει
730 2052 928 2120 ἔδειξεν
960 2053 1111 2125 αύτῷ
1155 2053 1253 2118 τὰς
1289 2053 1565 2124 βασιλείας
1594 2053 1688 2106 τοῦ
1714 2054 1808 2107 κό-

232 2159 372 2215 σμου
402 2143 497 2197 καὶ
536 2143 635 2216 τὴν
675 2142 830 2208 δόξαν
862 2143 1049 2198 αὐτοῦ.
1094 2143 1256 2198 Ἀλλὰ
1305 2143 1471 2198 πάλαι
1501 2144 1600 2214 μὲν
1635 2142 1810 2196 ταῦτα

231 2235 396 2288 αὐτοῦ
425 2234 494 2287 τὰ
523 2236 834 2305 ὑπάρχοντα
861 2238 918 2289 ἐν
938 2236 1128 2308 εἰρήνῃ
1154 2230 1242 2306 ἦν,
1264 2234 1487 2306 μηδενὸς
1512 2233 1675 2287 αὑτοῦ
1707 2234 1810 2302 ἀφο

233 2327 558 2398 αιρουμένου
581 2343 596 2356 ·
637 2327 725 2380 ὅτε
770 2343 832 2394 γε
877 2325 982 2397 μὴν
1008 2328 1038 2380 ό
1069 2326 1414 2397 ἰσχυρότερος
1460 2324 1624 2377 αὐτοῦ
1651 2324 1811 2378 ἐπελ-

231 2415 343 2471 θὼν
371 2416 776 2480 καταπαλαίσας
807 2433 869 2469 τε
906 2413 1066 2469 αύτδν
1089 2415 1307 2486 δεσμοῖς
1344 2413 1654 2485 περιέσαλε,
1688 2415 1809 2467 τότε

232 2509 327 2562 καὶ
351 2508 450 2578 τὴν
483 2495 782 2560 πανοπλίαν
823 2505 988 2559 αὐτοῦ
1018 2503 1288 2582 αφείλετο,
1329 2499 1471 2576 ἐφ’ᾖ
1508 2503 1806 2568 ἐπεποίθει,

233 2600 330 2654 καὶ
352 2600 423 2652 τὰ
467 2597 640 2652 σκῦλα
668 2595 830 2651 αὑτοῦ
865 2595 1114 2668 ἁρπάσας
1137 2594 1374 2648 διέδωκε.
1413 2591 1720 2646 Πανοπλίαν
1754 2593 1810 2646 δὲ

228 2691 396 2746 αὐτοῦ
429 2691 529 2763 τὴν
573 2690 681 2743 τῶν
726 2689 995 2760 δαιμόνων
1035 2685 1292 2741 πολύθεον
1323 2685 1532 2757 πλάνην
1570 2685 1806 2756 ᾐνίξατο.

234 2781 415 2836 Ὅπλα
442 2781 550 2852 γὰρ
586 2779 830 2833 διαδόλου
863 2780 913 2831 oi
956 2775 1230 2848 πανταχοῦ
1265 2777 1368 2847 γῆς
1395 2775 1668 2848 ἱδρυμένοι
1699 2775 1813 2828 δαί-

235 2890 397 2944 μονες
441 2870 828 2941 συνεργοῦντες
865 2869 1032 2924 αὑτοῦ
1073 2871 1140 2939 τῇ
1185 2867 1326 2922 κατὰ
1367 2867 1473 2921 τῶν
1511 2866 1812 2938 ἀνθρώπιον

229 2961 537 3035 τυραννίδι·
584 2959 755 3014 σκῦλα
792 2959 850 3013 δέ
881 2955 1023 3037 ἦσαν
1066 2957 1231 3012 αὐτοῦ
1271 2960 1326 3011 αἱ
1360 2958 1468 3011 τῶν
1510 2956 1812 3028 ἀνθρώπων

228 3054 401 3126 ψυχαὶ
468 3053 575 3106 ὑπὸ
633 3053 732 3122 τῆς
765 3051 1078 3120 διαδολικῆς
1138 3048 1436 3112 πανοπλίας
1479 3049 1812 3120 αἰχμάλωτοι

228 3144 567 3217 ἁπηγμέναι.
587 3141 746 3195 ’Δλλὰ
788 3143 879 3197 τὸν
911 3142 1009 3213 μὲν
1039 3141 1211 3195 δεινὸν
1250 3143 1455 3194 ἐκεῖνον
1493 3141 1753 3213 τύραννον
1785 3140 1815 3192 ό

1917 1961 2207 2015 ostendens
2232 1960 2414 2013 aiebat
2440 1976 2452 2010 :
2485 1958 2614 2013 Haec
2644 1961 2822 2013 omnia
2849 1959 2942 2012 tibi
2966 1961 3123 2024 dabo,
3146 1961 3192 2013 si
3219 1963 3496 2029 procidens

1915 2053 2218 2107 adoraucris
2242 2067 2320 2104 me
2336 2051 2405 2115 ⁸⁸,
2433 2064 2624 2120 nempe
2652 2065 2775 2105 cum
2814 2050 2865 2104 in
2894 2049 3110 2104 excelso
3139 2060 3323 2104 monte
3359 2067 3497 2105 cun-

1916 2152 2002 2198 cta
2033 2143 2107 2196 illi
2153 2143 2337 2197 mundi
2372 2157 2536 2212 regna
2587 2140 2920 2212 gloriamque
2954 2140 3193 2211 ejusdem
3236 2141 3489 2196 ostende-

1916 2235 2026 2288 bat.
2067 2231 2172 2288 Sed
2211 2233 2336 2286 olim
2369 2233 2588 2302 quidem
2623 2232 2704 2285 hae
2736 2231 3110 2298 possessiones
3136 2231 3253 2301 ejus
3286 2233 3338 2285 in
3367 2247 3499 2300 pace

1917 2332 2092 2389 erant,
2128 2324 2408 2379 auferente
2439 2324 2672 2378 nemine.
2706 2322 2812 2378 Sed
2847 2338 2970 2377 cum
3002 2322 3197 2378 fortior
3217 2338 3283 2378 eo
3307 2338 3498 2392 super-

1919 2416 2160 2480 veniens,
2197 2431 2430 2485 eumque
2473 2430 2789 2487 oppugnans
2813 2415 3044 2471 vinculis
3083 2415 3343 2486 alligavit,
3371 2425 3498 2470 tunc

1917 2517 1971 2562 et
1989 2507 2228 2576 ejusdem
2252 2517 2581 2562 armaturam
2605 2509 2828 2563 abstulit
2846 2507 2929 2563 cui
2951 2506 3276 2570 conﬁdebat,
3293 2516 3349 2560 et
3375 2523 3499 2576 spo-

1917 2598 1988 2652 lia
2021 2599 2230 2667 direpta
2257 2599 2556 2653 distribuit.
2593 2598 2762 2656 Porro
2785 2612 3074 2656 armatura:
3122 2600 3498 2659 nomine—dia“

1916 2689 2076 2744 bolici
2105 2687 2447 2759 polytbeismi
2483 2704 2730 2746 errorem
2766 2691 2963 2746 innuit.
3006 2692 3171 2747 Arma
3207 2695 3352 2748 enim
3383 2695 3499 2748 dia-

1917 2782 2026 2836 boli
2059 2788 2184 2836 sunt
2217 2781 2489 2837 daemones
2520 2783 2718 2852 ubique
2755 2794 3023 2839 terrarum
3067 2785 3372 2847 constituti,
3404 2801 3500 2839 au-

1919 2873 2138 2928 xiiiares
2184 2871 2300 2942 ejus
2344 2875 2610 2931 adversus
2659 2875 2909 2930 homines
2958 2877 3281 2946 tyrannidis.
3317 2878 3498 2946 Spolia

1918 2965 2135 3035 quidem
2174 2973 2333 3020 erant
2371 2967 2637 3034 ejusdem,
2669 2967 2945 3021 hominum
2994 2968 3186 3021 anime
3216 2968 3500 3026 diabolicis

1922 3056 2162 3111 armisin
2201 3058 2567 3127 captivitatem
2594 3058 2837 3113 abducta:
2859 3077 2873 3122 ;
2896 3059 2991 3114 sed
3016 3061 3160 3113 enim
3190 3060 3338 3114 illum
3363 3076 3502 3129 quo-

1921 3160 2028 3214 que
2077 3147 2387 3202 horribilem
2440 3156 2730 3217 tyrannum
2779 3149 3033 3202 Cbristus
3077 3150 3307 3204 vinculis
3359 3151 3500 3206 irre-

229 3235 467 3310 Χριστὸς
496 3234 713 3305 δεσμοῖς
741 3231 1070 3305 περιδύων,
1096 3233 1274 3285 πᾶσαν
1307 3231 1472 3284 αὐτοῦ
1499 3231 1812 3285 διεσκέδασε

1921 3239 2079 3301 tiens,
2105 3238 2413 3292 universam
2448 3239 2564 3306 ejus
2595 3247 2930 3294 armaturam
2964 3240 3266 3310 dissipavit.
3301 3240 3503 3296 daemo-

227 3331 328 3402 τὴν
377 3328 697 3394 πανοπλίαν,
731 3328 856 3390 τοὺς
898 3324 1154 3395 δαίμονας
1190 3323 1387 3397 δηλαδὴ
1419 3326 1515 3378 καὶ
1544 3325 1613 3378 τὰ
1651 3325 1814 3379 πνεύυ

235 3401 479 3494 ματαΙτὰ
513 3419 816 3491 ἀκάθαρτα,
849 3417 948 3480 τὰς
976 3417 1232 3487 δυνάμεις
1260 3433 1318 3468 τε
1352 3416 1449 3478 τὰς
1499 3417 1810 3486 ἀντικειμέ-

231 3528 364 3576 νας⁶
412 3512 482 3566 τὰ
514 3510 570 3563 δὲ
614 3509 784 3563 σκῦλα
817 3507 1003 3570 αὑτοῦ,
1036 3507 1105 3560 τὰ
1141 3506 1310 3560 παλαι
1347 3506 1721 3578 δεδουλωμένα
1743 3509 1811 3576 τῇ

232 3600 508 3674 τυραννίδι
548 3597 735 3662 αὑτοῦ,
789 3597 915 3669 ἔθνη
959 3596 1100 3667 φημὶ
1141 3597 1317 3649 πάντα
1349 3597 1816 3667 μεταστησάμενα

232 3691 330 3764 τῆς
377 3690 613 3754 παλαιᾶς
654 3688 915 3755 δουλείας,
951 3687 1265 3741 διαδέδωκεν
1312 3686 1531 3749 οίκείοις
1561 3687 1816 3757 ,ἡγεμόσι

234 3784 333 3838 καὶ
361 3785 587 3856 ἄρχουσι
615 3785 726 3846 τοῖς
762 3783 853 3834 ὑπ’
879 3781 1040 3834 αὑτὸν
1067 3777 1423 3852 στρατιώταις
1449 3778 1548 3850 τῆς
1582 3778 1692 3831 τῶν
1723 3778 1816 3830 ού-

235 3875 418 3949 ρανῶν
449 3874 741 3945 βασιλείας,
768 3873 1084 3937 ἀποστόλοις
1119 3871 1319 3944 δηλαδὴ
1352 3872 1446 3925 καὶ
1472 3873 1584 3934 τοῖς
1610 3869 1816 3923 τούτων

229 3966 515 4037 διαδόχοις.
547 3965 680 4038 Περὶ
704 3957 779 4018 ὧν
803 3963 1011 4017 σκύλων
1036 3963 1364 4034 θαυμαστῶς
1389 3965 1818 4035 προανεφωνείτο

235 4060 294 4113 ἐν
345 4058 652 4132 προφητείᾳ
696 4057 1008 4127 φασκούσῃ·
1052 4057 1106 4108 Ὀ
1153 4055 1451 4122 ,ϐασιλεὺς
1480 4053 1600 4109 τῶν
1633 4053 1816 4109 δυνά·

229 4164 396 4220 μεων
446 4146 552 4202 τοῦ
613 4146 967 4216 ‘Ajwaxntoﬁ,
1018 4145 1094 4216 τῇ
1145 4147 1451 4215 ὠραιότητι
1506 4145 1614 4201 τοῦ
1649 4147 1818 4200 οικου

236 4237 544 4293 διελέσθαι
579 4237 799 4292 σκῦλα.
863 4237 1150 4307 Τεκμήρια
1188 4235 1244 4289 δὲ
1275 4234 1448 4290 ταῦτα
1480 4235 1684 4305 ἐναργῆ
1720 4235 1818 4304 τῆς

235 4329 334 4384 τοῦ
387 4328 537 4383 ’Θεοῦ
589 4327 863 4399 βασιλείας
907 4326 1275 4404 καθαιρούσης
1331 4326 1425 4380 καὶ
1461 4325 1821 4396 ταπεινούσης

238 4423 422 4475 πᾶσαν
455 4419 626 4492 ἀρχὴν
663 4420 760 4472 καὶ
803 4417 1050 4483 ἐξουσίαν
1083 4418 1179 4471 καὶ
1218 4416 1464 4488 δύναμιν,
1495 4416 1590 4470 καὶ
1640 4417 1821 4469 πᾶσαν

240 4511 338 4584 τὴν
370 4510 634 4565 πολύθεον
666 4509 762 4563 καὶ
799 4507 1114 4580 δαιμονικὴν
1146 4508 1457 4580 τυραννίδα,
1501 4506 1610 4561 τῶν
1649 4507 1694 4559 δ’
1728 4505 1821 4559 ἐπὶ

1915 3343 2012 3383 nes
2061 3328 2313 3384 videlicet
2367 3338 2422 3384 et
2467 3329 2708 3398 impuros
2754 3331 3010 3399 spiritus,
3056 3342 3111 3386 et
3160 3333 3504 3390 adversarias

1914 3427 2231 3488 potestates.
2256 3421 2435 3490 Spolia
2459 3435 2591 3476 vero
2620 3421 2772 3489 ejus',
2804 3432 2993 3492 gentes
3047 3424 3263 3492 inquam
3315 3435 3503 3494 tyran-

1917 3511 2041 3567 nide
2060 3512 2228 3582 ipsius
2253 3513 2522 3581 quondam
2552 3527 2862 3582 oppressas,
2895 3523 3075 3568 vetere
3108 3515 3366 3569 servitute
3383 3530 3503 3569 om-

1916 3617 2015 3658 nes
2036 3613 2273 3673 ereptas,
2293 3604 2518 3660 ducibus
2541 3607 2654 3660 suis
2687 3606 3192 3670 tradidit,videlicet
3225 3614 3356 3660 nutu
3387 3607 3504 3675 ejus

1918 3709 2016 3764 pro
2039 3697 2301 3749 cmlorum
2339 3711 2509 3765 regno
2535 3697 2912 3761 militantibus,
2955 3697 3007 3751 id
3039 3709 3123 3752 est
3152 3696 3417 3766 apostolis
3447 3707 3506 3752 et

1917 3785 2109 3839 horum
2146 3788 2572 3843 successoribus.
2604 3788 2680 3844 De
2724 3789 2920 3857 quibus
2958 3789 3147 3857 spoliis
3189 3789 3325 3843 mire
3374 3804 3504 3857 pro-

1918 3877 2208 3932 clamatum
2251 3881 2427 3933 fuerat
2472 3881 2525 3933 in
2553 3881 2835 3951 prophetia
2883 3882 3098 3935 dicente
3140 3880 3297 3935 ξηαπ
3339 3883 3502 3936 virtu-

1923 3977 2034 4022 tum
2065 3969 2278 4034 Dilecti,
2325 3972 2512 4039 speciei
2545 3971 2731 4026 domus
2774 3973 3003 4026 dividere
3037 3974 3203 4040 spolia
3226 3972 3293 4026 ⁸⁵.
3338 3973 3502 4042 Signa

1919 4075 2050 4114 vero
2089 4061 2200 4114 btet:
2229 4071 2358 4113 sunt
2386 4059 2670 4115 manifesta
2712 4061 2879 4115 divini
2931 4064 3078 4131 regni
3114 4065 3506 4131 prosternentis

1921 4163 1985 4204 ac
2015 4150 2338 4205 destruentis
2379 4149 2675 4219 quemlibet
2723 4151 3118 4220 principatum,
3178 4161 3504 4219 potestatem

1922 4253 1988 4294 ac
2015 4240 2148 4302 vim,
2178 4251 2232 4294 et
2269 4241 2590 4295 diabolicam
2622 4255 2838 4296 omnem
2881 4242 3226 4313 polytheisnti
3262 4245 3507 4313 tyrannis

1921 4330 2041 4384 dem
2064 4332 2238 4400 :quod
2269 4347 2494 4400 regnum
2527 4331 2639 4401 jam
2676 4331 2729 4386 in
2756 4334 2890 4387 orbe
2920 4334 3064 4387 inter
3090 4333 3338 4388 homines
3371 4349 3507 4403 prae-

1921 4421 2102 4476 VaIere
2133 4423 2445 4492 incipiebat.
2475 4423 2680 4478 Idcirco
2711 4425 2783 4477 ait
2804 4410 3105 4478 Servator:
3144 4425 3297 4488 Quod
3323 4426 3369 4478 si
3411 4441 3506 4494 ego

1921 4509 1976 4564 in
2006 4509 2206 4579 Spiritu
2236 4513 2332 4566 Dei
2355 4514 2513 4583 αλιι-ἕο
2560 4513 2844 4581 dtemonia,
2874 4517 3049 4584 utique
3078 4515 3303 4583 pervenit
3333 4516 3387 4567 in
3417 4531 3504 4569 vos

241 4602 345 4674 γῆς
372 4601 673 4673 ἀνθρώπων
697 4602 1011 4671 ἐπικρατεῖν
1039 4599 1362 4670 ἀρχομένης.
1407 4599 1497 4652 Διό
1526 4614 1660 4670 φησι
1718 4598 1812 4651 Et»

1928 4617 2142 4670 regnum
2170 4603 2269 4657 Dei
2302 4604 2369 4657 '7.

241 4699 378 4769 τήρ·
408 4699 481 4751 ει
509 4695 696 4766 δ’ὲγὼ
731 4696 801 4749 ἐν
834 4695 1130 4764 Πνεύματι
1178 4693 1327 4748 Θεοῦ
1381 4690 1655 4747 ἐκϐάλλω
1711 4691 1782 4745 τὰ
1832 4691 2126 4764 δαιμόνια,
2182 4697 2297 4766 ἄρα
2339 4699 2604 4768 ἔφθασεν
2639 4698 2734 4767 ἐφ’
2777 4696 2930 4768 ὑμᾶς
2975 4698 3016 4764 ἡ
3061 4696 3352 4760 ,βασιλεία
3398 4695 3508 4749 τοῦ

247 4790 416 4846 Θεοῦ.

245 4882 434 4935 Ὅταν
461 4881 530 4934 δὲ
555 4881 974 4952 προσφέρωσιν
996 4879 1151 5002 ὺμιξς
1191 4878 1288 4933 ἐπὶ
1318 4877 1426 4945 τὰς
1441 4879 1816 4950 mortem,

926 4969 979 5002 κ.
1003 4969 1054 5002 τ.
1121 4989 1134 5002 .

926 4969 979 5005 κ.
1003 4969 1054 5005 τ.
1087 4969 1134 5002 Α.

316 5041 478 5098 Οὕτω
502 5040 635 5112 δῆτα
684 5044 1025 5115 φρονήματος
1057 5041 1253 5103 αὐτοὺς
1291 5038 1526 5112 ἐπλήρου
1559 5040 1654 5094 καὶ
1684 5039 1817 5110 θάρ-

247 5149 372 5199 σους
398 5133 488 5187 διὰ
509 5133 600 5186 τοῦ
637 5134 875 5204 μεθέξειν
893 5135 1087 5196 αὐτοὺς
1119 5133 1262 5186 θείου
1296 5131 1610 5200 Πνεύματος
1647 5133 1820 5200 ἐπαγ-

246 5225 564 5294 γέλλεσθαιο
594 5227 661 5278 δι’
701 5225 861 5277 αὐτοῦ
895 5225 1002 5295 γὰρ
1043 5224 1136 5278 καὶ
1177 5220 1541 5293 δυναμοῦσθαι
1573 5222 1718 5285 εἰκὸς
1749 5217 1818 5294 ἦν

245 5315 461 5378 αύτούς.
495 5315 602 5368 Καὶ
632 5311 748 5377 πῶς
778 5314 886 5386 γὰρ
909 5315 1008 5367 ούκ
1032 5311 1252 5384 ἔμελλον
1277 5311 1700 5382 παραστήματος
1725 5310 1820 5364 καὶ

245 5404 485 5479 θάρσους
514 5407 606 5458 καὶ
639 5405 941 5477 προθυμίας
983 5402 1400 5475 ἐμπίμπλασθαι
1428 5400 1672 5472 ἀγαθῆς;
1704 5401 1820 5466 πῶς

242 5497 299 5552 δέ
341 5500 419 5571 μὴ
442 5498 752 5569 θαρσαλέως
786 5501 982 5568 χωρεῖν
1015 5497 1099 5566 ἐφ’
1123 5494 1422 5567 ήγεμονικὰ
1444 5495 1538 5548 καὶ
1570 5493 1821 5564 βασιλικὰ

2031 4878 2078 4909 ⁸⁸
2105 4878 2237 4933 Cum
2260 4889 2435 4932 autem
2465 4879 2716 4932 inducent
2741 4893 2831 4933 vos
2869 4877 2924 4930 in
2954 4889 3268 4945 synagogas,
3291 4882 3395 4928 etc.

1997 5035 2091 5093 Sic
2117 5051 2248 5108 ergo
2295 5036 2418 5091 illos
2456 5037 2598 5090 bono
2637 5037 2822 5090 animo
2868 5050 2989 5090 esse
3032 5033 3258 5103 jubebat
3305 5039 3360 5084 et
3393 5027 3504 5081 ala-

1925 5127 2122 5182 critate
2152 5128 2414 5199 replebat,
2441 5126 2570 5180 dum
2599 5127 2763 5181 divini
2802 5125 3095 5196 participes
3122 5122 3357 5192 Spiritus
3383 5133 3507 5174 esse

1924 5218 2247 5277 afﬁrmabat.
2271 5217 2466 5284 Quidni
2515 5220 2657 5274 enim
2684 5217 2880 5273 ﬁducia
2923 5232 3041 5280 eos,
3069 5209 3414 5274 conﬁdentia,
3449 5220 3509 5264 et

1925 5309 2204 5367 alacritate
2227 5311 2415 5381 plenos
2435 5325 2557 5366 esse
2578 5308 2898 5378 oportebat?
2928 5307 3124 5376 Quidni
3151 5303 3407 5358 audacter
3434 5300 3503 5353 ad

1920 5402 2162 5472 judicum
2201 5417 2497 5473 regumque
2550 5402 2840 5457 tribunalia
2893 5402 2991 5466 ire,
3043 5413 3164 5453 cum
3199 5391 3502 5463 pmtnoniti

1926 5494 2156 5551 fuis’scnt
2187 5510 2292 5550 non
2323 5497 2521 5551 debere
2554 5509 2648 5550 eos
2689 5495 2951 5551 meditato
2995 5491 3171 5545 studio
3199 5485 3339 5554 apud
3387 5499 3506 5537 ma-

314 5614 365 5648 “
395 5613 529 5669 Cn.
556 5631 626 5676 XI,
659 5615 750 5669 2|.
821 5614 869 5648 ⁸⁸
901 5613 1091 5669 Matth.
1133 5628 1207 5677 tv,
1231 5614 1284 5670 9.
1354 5608 1564 5667 “Psal.
1598 5624 1767 5675 uvu,
1802 5607 1887 5663 13.
1960 5607 2005 5641 ⁸⁷
2039 5607 2226 5665 Hattb.
2255 5624 2351 5677 xu,
2380 5608 2471 5666 28.
2564 5608 2609 5640 ⁸⁸
2635 5605 2765 5664 Car.
2817 5620 2920 5671 xu,
2964 5604 3048 5656 il.

313 5757 429 5830 (57)
471 5754 548 5830 pe
585 5752 964 5830 forti__a_rmato,
995 5749 1154 5805 idest
1205 5749 1437 5816 diabolo,
1474 5748 1566 5820 qui
1602 5763 1630 5803 a
1663 5744 1882 5803 Christo
1940 5741 2038 5800 fuit
2095 5744 2411 5814 debellatus,
2469 5745 2706 5800 breviter
2749 5743 2945 5802 dicitur
2988 5742 3150 5798 etiam
3208 5738 3262 5792 in
3333 5735 3507 5793 Theo-

240 5821 463 5902 ριιὶιηίἓι,
490 5823 585 5877 lib.
606 5837 687 5888 ιιι,
715 5821 801 5874 57.

461 5915 464 5917 λ
533 5913 803 5975 Panos.
849 5911 969 5973 Gn.
1015 5909 1244 5971 XXIV.

3147 5894 3223 5964 18
