4124 6408
722 412 827 469 ω

1417 399 1681 458 EUSEBII
1716 394 2193 454 C.'LS\RIENS|S
2232 395 2378 452 OPP.
2424 393 2603 449 PARS
2640 392 2799 448 ιιι.-
2838 389 3244 445 EXEGETICA.

3807 386 3914 445 560

789 519 964 587 Atque
997 516 1106 573 hac
1152 515 1217 571 de
1266 514 1535 570 alimentis
1582 514 1909 572 disserebat;
1956 504 2260 580 pariterque
2286 515 2333 571 Α

2286 515 2333 571 Α
2429 510 2536 563 Καὶ
2581 507 2753 561 ταῦτα
2792 508 2889 577 μὲν
2942 505 3068 574 περὶ
3100 502 3305 574 τροφῆς
3347 503 3676 555 διεταττετοο
3726 501 3911 555 ὡσαύο

721 612 789 668 de
846 607 1168 664 indumentis
1212 605 1462 661 monebat
1488 603 1671 658 dicens
1699 620 1714 656 :
1746 601 2081 656 Considerate
2118 600 2253 666 lilio,

2352 618 2458 663 τως
2490 600 2547 653 δὲ
2593 599 2689 652 καὶ
2732 598 2860 667 περὶ
2898 594 3188 664 ἐνδύματος
3220 593 3449 663 παρῄνει
3486 592 3691 660 λέγων’
3724 596 3913 647 Κατα-

722 698 975 768 quontodo
1006 704 1260 759 crescunt,
1312 702 1364 748 et
1413 691 1635 759 reliqua.
1682 689 1887 745 Rursus
1916 688 1999 743 hir
2046 702 2255 758 quoque

2352 692 2612 759 νοήσατε
2652 690 2725 743 τὰ
2770 688 2943 755 κρίνα
2985 685 3109 750 πῶς
3157 683 3425 748 αὐξάνει,
3458 702 3511 738 κ,
3545 701 3595 739 τ.
3638 684 3688 735 λ.
3746 682 3914 737 Πάλιν

720 784 1139 856 argumentando
1183 779 1467 842 concludit,
1510 778 1740 833 suadens
1778 789 1837 833 ut
1881 778 2255 833 indumentum

2356 778 2631 832 κάνταῦθα
2654 776 2793 847 μετά
2823 771 3179 843 συλλογισμοῦ
3206 772 3446 840 συνάγει,
3473 772 3672 825 πείθων
3694 772 3917 842 προσδο-

720 896 931 950 quoque
978 893 1009 933 a
1045 879 1149 932 Deo
1179 874 1306 943 ipsis
1329 874 1515 927 datum
1561 873 1626 926 iri
1670 881 2004 942 exspectent.
2046 871 2179 927 Nam
2212 870 2258 926 si

2356 873 2458 942 κᾷν
2504 871 2718 931 πάντως
2768 866 2970 937 ἔνδυμα
3020 864 3169 935 παρὰ
3220 862 3313 917 τοῦ
3358 863 3493 917 Θεοῦ
3537 865 3717 927 αὐτοῖς
3762 863 3917 933 δοθή-

718 971 839 1040 quis
870 978 955 1024 est
982 968 1117 1037 apud
1149 966 1393 1021 homines
1437 964 1685 1033 pretiosae
1716 964 1879 1018 vestis
1906 971 2066 1032 atque
2106 976 2261 1016 orna-

720 1061 887 1115 menti
943 1059 1239 1123 studiosus;
1288 1064 1549 1125 spectate,
1602 1055 1797 1121 inquit,
1833 1054 2099 1122 quomodo
2133 1053 2256 1106 uni-

2358 962 2574 1015 σεσθαιο
2614 960 2661 1012 εἰ
2699 958 2807 1027 γάρ
2840 957 2923 1019 τίς
2968 959 3084 1009 ἐστι
3122 954 3398 1024 φιλότιμος
3441 954 3569 1025 παρ’
3611 953 3918 1024 ἀνθρώποις

2357 1052 2541 1122 ἐσθῆτι
2567 1048 2844 1103 πολυτελεῖ
2868 1049 2960 1101 καὶ
2986 1046 3288 1117 φιλοκαλίᾳ,
3313 1045 3597 1109 θεάσασθε,
3625 1046 3779 1115 φησὶ,
3805 1046 3919 1106 τοῖς

721 1150 858 1205 versi
902 1158 1089 1203 auctor
1138 1147 1276 1201 Deus
1320 1159 1485 1214 usque
1525 1144 1591 1197 ad
1636 1155 1821 1198 enatos
1873 1143 2059 1198 tellure
2104 1143 2261 1197 flores

2356 1141 2669 1210 ὀφθαλμοῖς,
2697 1139 2772 1201 ὡς
2800 1140 2829 1191 ό
2854 1137 2947 1191 τοῦ
2986 1137 3183 1201 παντὸς
3205 1136 3431 1206 ποιητὴς
3452 1136 3603 1199 Θεὸς,
3636 1137 3797 1205 μέχρι
3826 1137 3920 1189 καὶ

722 1239 1061 1309 multiplicem
1097 1251 1249 1290 suam
1286 1234 1600 1305 sapientiam
1629 1234 1940 1297 extendens,
1991 1235 2133 1287 omni
2166 1248 2258 1293 co-

2358 1232 2465 1284 τῶν
2500 1233 2601 1301 γῆς
2637 1230 2916 1300 φυομένων
2946 1229 3150 1282 ἀνθέων
3188 1227 3284 1298 τὴν
3331 1225 3706 1280 πολυποίκιλον
3751 1226 3920 1279 αὑτοῦ

723 1331 891 1385 lorum
940 1340 1097 1396 atque
1130 1338 1414 1382 ornatuum
1459 1341 1651 1396 genere
1678 1326 1795 1381 illos
1841 1325 2019 1389 vestit,
2060 1334 2257 1379 tenam

724 1417 1132 1480 transformans,
1167 1417 1543 1486 pulveremque
1588 1417 1703 1485 ejus
1746 1417 2058 1481 inanimem,
2109 1429 2260 1470 eus-

724 1509 948 1578 demque
1023 1506 1252 1575 speciem
1333 1505 1653 1567 immutans,
1726 1504 2031 1558 melioribus
2092 1504 2261 1557 nulto

2392 1324 2548 1389 οφίαν
2578 1320 2818 1382 ἐκτείνας
2838 1358 2853 1381 ,
2885 1319 3156 1380 παντοίοις
3189 1316 3439 1388 χρώμασί
3470 1332 3529 1367 τε
3570 1314 3663 1366 καὶ
3708 1314 3923 1382 κοσμή-

2362 1432 2493 1478 μασι
2535 1413 2909 1481 κατεκόσμησε
2944 1410 3131 1472 ταῦτα,
3179 1405 3658 1479 μετασχηματίσας
3692 1405 3791 1474 μὲν
3823 1405 3925 1474 τὴν

2371 1503 2482 1571 γῆν,
2522 1502 2615 1553 καὶ
2649 1500 2747 1571 τὴν
2774 1499 2921 1551 κόνιν
2954 1498 3122 1568 αὐτὴν
3148 1498 3247 1566 τὴν
3277 1496 3482 1565 ἄψυχον
3502 1534 3516 1557 ,
3543 1495 3604 1547 τό
3631 1511 3690 1547 τε
3718 1494 3927 1563 ταύτης

728 1598 972 1653 tincturis
1004 1612 1161 1666 quam
1204 1596 1451 1649 videntur
1494 1610 1724 1664 purpura
1752 1604 1805 1648 et
1854 1610 2062 1656 aurum,
2089 1605 2143 1648 et
2176 1604 2250 1648 teb

2364 1591 2679 1663 μεταϐαλὼν
2727 1587 2896 1654 εἶδος,
2947 1589 3259 1659 ἁλουργίδας
3294 1604 3355 1639 τε
3398 1588 3492 1640 καὶ
3536 1584 3738 1656 χρυσοῦ
3787 1585 3924 1638 mlo

727 1691 918 1746 nuibus
947 1689 1165 1761 philyris
1187 1688 1519 1756 lloridisque,
1551 1701 1701 1741 suam
1734 1685 2119 1754 quodammodo
2144 1686 2260 1738 for-

2360 1684 2628 1753 κρείττοσι
2671 1681 2970 1752 βάμμασιν,
3006 1683 3063 1733 ἐν
3093 1679 3252 1749 ὑμέσι
3295 1679 3509 1741 λεπτοῖς
3545 1679 3639 1731 καὶ
3670 1676 3925 1731 εῦανθέσι

728 1781 1023 1836 mositatem
1091 1778 1144 1831 in
1206 1777 1285 1833 eis
1338 1776 1604 1832 collocans
1646 1794 1661 1830 :
1712 1786 1768 1829 ut
1808 1776 2004 1830 nullius
2050 1774 2259 1831 delicati

2361 1774 2450 1827 τὸν
2480 1773 2537 1839 ἐξ
2563 1773 2726 1827 αὐτοῦ
2756 1773 2953 1844 κόσμον
2977 1774 3033 1825 ὲν
3056 1773 3191 1843 αὐτῇ
3233 1770 3628 1841 καταθέμενος·
3657 1771 3734 1833 ὡς
3768 1769 3930 1841 μηδε-

732 1872 901 1941 regis,
958 1883 1129 1938 neque
1176 1870 1344 1938 ipsius
1388 1865 1721 1931 Salomonis,
1761 1866 1849 1935 qui
1891 1866 2028 1935 apud
2062 1874 2269 1920 veteres
2296 1859 2336 1913 Β

2300 1859 2336 1913 Β
2366 1867 2453 1930 νὸς
2490 1867 2761 1937 τρυφηλοῦ
2799 1866 3076 1936 βασιλέως,
3116 1866 3234 1937 μηδ’
3272 1864 3435 1919 αὑτοῦ
3488 1863 3802 1935 Σολομῶνος
3833 1860 3928 1917 τοῦ

729 1959 1005 2030 sapientia,
1041 1959 1229 2029 opibus
1259 1959 1564 2027 deliciisque
1593 1956 1890 2011 celebratus
1920 1966 2025 2023 est,
2062 1965 2264 2009 tantum

2366 1956 2517 2029 παρά
2535 1960 2646 2017 τοῖς
2670 1956 2921 2020 παλαιοῖς
2959 1958 3050 2008 ἐπὶ
3081 1954 3241 2025 σοφία
3269 1955 3362 2007 καὶ
3387 1954 3601 2025 πλούτῳ
3632 1955 3726 2008 καὶ
3748 1957 3926 2025 τρυφῇ

728 2050 1137 2122 pulchritudinis
1186 2048 1471 2103 artiticium
1499 2055 1824 2116 compertum
1868 2044 2054 2109 fuerit,
2082 2054 2142 2099 ut
2174 2044 2265 2098 uni

2367 2048 2646 2118 βοηθέντνς
2670 2047 2936 2117 τοσαύτην
2964 2046 3251 2117 εὑρεθῆναι
3287 2045 3572 2114 φιλόκαλον
3602 2046 3827 2115 τέχνην,
3856 2044 3933 2107 ὡς

729 2157 795 2196 ex
835 2142 921 2196 his
958 2139 1193 2211 pulchris
1240 2138 1460 2193 ﬂoribus
1505 2152 1603 2207 par
1647 2138 2010 2190 indumentum
2071 2135 2269 2189 habere

2367 2140 2448 2193 ἐνὶ
2494 2138 2599 2190 τῶν
2634 2138 2742 2190 ἀπὸ
2786 2139 2889 2207 γῆς
2930 2137 3143 2207 ὡραίων
3182 2136 3385 2189 ἀνθέων
3417 2136 3731 2206 ὁμοιότατον
3770 2136 3930 2206 περί-

733 2234 984 2303 potuerit.
1013 2230 1148 2299 Quid
1171 2245 1297 2298 ergo
1325 2229 1537 2292 mirum,
1574 2228 1619 2282 si
1654 2228 1744 2296 qui
1778 2229 1891 2297 agri
1926 2228 2106 2282 fenum
2135 2226 2267 2281 nulli

733 2324 810 2378 rei
842 2324 992 2383 utile,
1033 2323 1174 2387 quod
1225 2322 1346 2392 igne
1409 2327 1783 2387 consumptum
1831 2318 1986 2388 perit,
2031 2318 2103 2371 ita
2144 2331 2271 2372 con-

734 2414 911 2480 vestit,
925 2414 1073 2468 vobis
1086 2427 1297 2483 quoque
1314 2409 1584 2467 sensibilis
1609 2408 1913 2465 indumenta
1942 2410 1994 2464 in
2013 2421 2271 2477 praesente

731 2505 839 2558 vita
913 2502 1245 2574 providentia
1303 2516 1401 2555 sua
1458 2500 1825 2569 comparabit?
1879 2527 1953 2540 —
2002 2499 2092 2553 Sic
2143 2514 2271 2569 ergo

732 2594 909 2649 omnia
945 2593 1245 2663 negligere,
1292 2592 1460 2646 solum
1488 2604 1618 2644 vero
1666 2605 1883 2658 regnum
1916 2590 2052 2660 (Dei)
2087 2591 2273 2659 exqui-

735 2699 853 2740 rere
898 2684 1255 2754 precipiebat.
1306 2680 1436 2735 Nam
1484 2695 1702 2749 regnum
1759 2694 2089 2750 nequaquam
2119 2696 2269 2752 qua:-

737 2774 994 2838 rentibus,
1027 2787 1125 2828 nec
1144 2773 1358 2827 virtutis
1388 2786 1572 2825 curam
1604 2771 1929 2839 gerentibus,
1970 2772 2100 2825 nihil
2131 2786 2269 2839 pra:-

736 2862 996 2916 dictorum
1049 2860 1492 2929 suppeditabitur.
1554 2856 1695 2912 Solis
1732 2866 1908 2912 autem
1956 2859 2070 2914 haec
2115 2858 2274 2915 facile

737 2951 983 3014 aderunt,
1009 2951 1100 3020 qui
1130 2964 1246 3019 quae
1268 2959 1393 3003 sunt
1418 2948 1512 3003 Dei
1542 2956 1755 3009 curant,
1788 2957 1947 3015 atque
1984 2956 2043 3002 ut
2074 2948 2123 3003 el
2156 2947 2273 3017 pla-

737 3050 893 3096 ceant
938 3049 1218 3112 satagunt,
1284 3048 1338 3095 et
1382 3038 1658 3093 meliorum
1702 3052 1880 3091 rerum
1928 3038 2103 3092 studio
2147 3039 2277 3092 dant

736 3146 971 3201 operam.
1017 3131 1150 3185 Nam
1197 3131 1303 3187 Deo
1343 3138 1492 3203 grata
1523 3129 1855 3196 curantibus,
1900 3130 2138 3185 vicissim
2182 3144 2277 3184 cu-

738 3236 852 3275 ram
882 3222 1146 3291 impendet
1179 3221 1337 3275 Deus.

738 3313 786 3346 "
815 3309 910 3364 Ubi
955 3312 1091 3365 enim
1125 3311 1393 3368 thesaurus
1419 3322 1582 3368 uester
1611 3319 1710 3377 est,
1743 3310 1815 3365 ibi
1845 3319 1892 3365 et
1925 3327 2018 3366 cor
2054 3320 2279 3365 vestrum

1447 3385 1563 3437 erit.

810 3468 1006 3525 Natura
1034 3471 1227 3540 quippe
1273 3483 1636 3541 comparatum
1678 3480 1797 3536 est,
1827 3480 1887 3525 ut
1918 3471 2093 3526 omnis
2123 3469 2280 3527 homo

743 3577 877 3626 rem,
921 3562 1005 3615 cui
1046 3562 1262 3626 studet,
1312 3562 1489 3617 animo
1534 3560 1941 3631 complectatur,
1992 3570 2154 3631 atque
2208 3562 2279 3617 ibi

742 3662 971 3707 mentem
1007 3650 1219 3721 deligat,
1248 3652 1390 3709 unde
1422 3653 1700 3708 utilitatem
1730 3668 1790 3708 se
1814 3668 2008 3721 capere
2050 3653 2281 3708 arbitra-

742 3754 851 3797 tur.
886 3745 1059 3808 Quare
1082 3740 1239 3797 Jesus
1262 3744 1577 3799 sententiam
1616 3744 1785 3809 addit,
1832 3760 1899 3800 ne
1928 3744 2197 3799 struendis
2226 3744 2280 3799 in

746 3842 886 3886 terra
919 3832 1108 3898 opibus
1156 3833 1529 3889 inhaereamus.
1578 3832 1679 3901 Qui
1720 3835 1885 3900 enim,
1934 3835 2028 3897 ait,
2082 3834 2134 3889 in
2181 3836 2281 3889 hac

744 3921 954 3976 mortali
984 3922 1091 3975 vita
1121 3920 1397 3979 facultates
1435 3923 1801 4000 honorum-que
1849 3924 2115 3979 cumulum
2151 3926 2279 3980 ade-

743 4020 863 4082 ptos
888 4019 991 4074 est,
1018 4026 1276 4081 suamque
1308 4027 1457 4081 spem
1487 4013 1540 4066 in
1570 4006 1844 4083 praesentis
1888 4015 2009 4067 vita:
2058 4015 2281 4085 negotiis

743 4103 1049 4168 collocavit,
1101 4116 1321 4157 necesse
1346 4111 1429 4158 est
1456 4118 1576 4158 eum
1622 4116 1727 4157 tam
1776 4105 2028 4173 gravibus
2058 4105 2283 4160 vinculis

743 4192 1113 4260 prmpeditum,
1145 4199 1369 4245 cunctas
1407 4205 1533 4246 suas
1562 4192 1909 4261 cogitationes
1940 4202 2282 4261 mentemque

743 4296 979 4346 omnem,
1005 4296 1163 4351 quam
1214 4278 1371 4334 Jesus
1414 4294 1508 4335 cor
1536 4281 1833 4351 appellavit,
1884 4282 2029 4336 humi
2066 4283 2283 4350 depres-

743 4386 857 4425 sam
884 4372 1096 4435 habere,
1147 4378 1307 4439 atque
1337 4371 1530 4425 ibidem
1577 4382 1882 4426 concretam
1925 4372 2270 4427 volutantem-

744 4475 868 4529 que,
916 4463 1000 4515 ubi
1050 4462 1357 4515 thesaurum
1390 4475 1547 4516 suum
1591 4463 1861 4532 possidere
1888 4480 1946 4521 se
1979 4476 2147 4535 putat.
2181 4465 2282 4533 Qui

744 4566 872 4604 vero
897 4551 1207 4605 cmlestihus
1237 4552 1492 4606 doctrinis
1522 4554 1754 4607 nutritus
1799 4570 2118 4626 magnopere
2148 4569 2284 4611 sata-

744 4641 841 4706 git,
874 4648 933 4694 ut
962 4652 1081 4694 vota
1130 4655 1224 4693 sua
1257 4656 1467 4696 sursum
1497 4642 1691 4712 erigat,
1741 4659 1989 4715 spemque
2038 4646 2089 4698 in
2126 4645 2285 4701 cmle—

745 4729 913 4783 stibus
943 4730 1217 4797 promissis
1249 4741 1439 4799 ponat;
1492 4734 1686 4801 quique
1718 4735 1909 4789 omissa
1941 4737 2285 4789 cumulanda-

747 4835 863 4872 rum
904 4821 955 4872 in
986 4830 1127 4873 terra
1161 4836 1317 4890 opum
1344 4822 1717 4885 sollicitudine,
1757 4840 2015 4879 summam
2049 4840 2285 4881 sectatur

744 4915 1134 4976 paupertatem,
1166 4918 1379 4977 totoque
1426 4911 1603 4964 animo
1633 4913 1700 4964 ad
1751 4914 1969 4967 meliora
1998 4930 2279 4978 converso,

746 5014 895 5051 suam
920 5014 1030 5052 rem
1059 5015 1271 5054 onmem
1297 5002 1347 5054 in
1372 5002 1511 5057 caelo
1542 5000 1733 5057 sistere
1762 5005 1956 5069 studet,
1978 5016 2139 5076 atque
2164 5007 2285 5062 illuc

746 5090 1012 5143 fortunam
1048 5090 1347 5145 universam
1379 5094 1728 5161 praemittere;
1760 5095 1947 5148 merito
1972 5097 2016 5148 is
2037 5097 2282 5163 equidem

744 5193 892 5246 spem
926 5180 1193 5249 egregiam
1241 5181 1365 5235 inde
1414 5181 1670 5247 lucratur,
1712 5184 1834 5251 quia
1868 5195 2093 5238 mentem
2132 5202 2283 5240 suam

747 5279 904 5338 atque
930 5268 1149 5323 consilia
1183 5270 1487 5326 calestibus
1518 5274 1679 5326 rebus
1725 5271 1975 5341 implicat.
2012 5274 2109 5329 Ubi
2140 5276 2281 5330 enim

749 5357 1049 5413 thesaurum
1082 5361 1261 5427 habet,
1307 5362 1380 5416 ibi
1421 5377 1575 5419 mens
1618 5364 1735 5433 ejus
1783 5366 2074 5420 consistet:
2111 5368 2184 5421 ita
2226 5379 2284 5421 ut

747 5460 966 5515 corpore
1006 5459 1207 5505 tantum
1254 5452 1457 5507 versari
1505 5453 1560 5507 in
1615 5454 1775 5508 terris
1824 5470 1942 5508 cum
1980 5457 2280 5512 hominibus

747 5536 1007 5602 vldeatur,
1035 5540 1197 5594 animi
1223 5552 1399 5595 autem
1428 5542 1478 5595 vi
1512 5543 1755 5597 ctelestes
1805 5546 1959 5601 sedes
1982 5547 2087 5617 iam
2116 5564 2279 5604 occu-

745 5636 896 5691 pare.
942 5626 1079 5699 Ergo
1120 5646 1550 5702 unumquemque
1604 5634 1869 5689 hominem
1917 5650 2124 5707 oportet
2154 5655 2278 5712 spe-

813 5742 858 5773 "
887 5741 1012 5797 Car.
1048 5760 1139 5810 an,
1171 5746 1257 5799 ει.

2368 2228 2546 2299 ϐλημα
2581 2227 2903 2297 κτήσασθαι.
2947 2228 3016 2280 Τί
3057 2222 3149 2280 οὖν
3188 2226 3292 2297 χρὴ
3321 2226 3641 2297 θαυμάζειν,
3686 2228 3735 2279 εἰ
3776 2228 3805 2280 ό
3842 2226 3935 2281 τὸν

2368 2321 2552 2391 χόρτον
2583 2320 2671 2372 νοῦ
2698 2320 2867 2389 ἀγροῦ
2900 2320 2989 2372 τὸν
3014 2322 3095 2383 εἰς
3125 2319 3273 2373 οὐδὲν
3298 2320 3586 2390 χρήσιμον,
3616 2313 3677 2373 οὗ
3704 2320 3859 2383 τέλος
3898 2321 3932 2390 ἡ

2368 2408 2453 2461 διὰ
2487 2406 2653 2479 mpii;
2690 2407 2884 2476 φθορὰ,
2916 2407 3100 2461 τοῦτον
3138 2408 3409 2477 ἀμφιέσας
3447 2409 3539 2461 τὸν
3568 2409 3791 2481 τρόπον,
3840 2411 3935 2463 καὶ

2373 2496 2498 2566 ὑμῖν
2532 2497 2711 2559 αὐτοῖς
2747 2496 3057 2566 ἐνδυμάτων
3102 2496 3371 2566 αἰσθητῶν
3409 2497 3502 2549 ἐπὶ
3539 2496 3632 2551 τοῦ
3667 2498 3935 2569 παρόντος

2373 2588 2485 2657 βίου
2526 2590 2847 2660 προνοήσει;
2890 2621 2957 2630 —-
2999 2589 3183 2652 Οὕτως
3214 2584 3305 2642 οὗν
3345 2590 3597 2643 ἁπάντων
3626 2591 3933 2662 ὀλιγωρεῖν,

2373 2680 2537 2750 μόνης
2574 2680 2630 2732 δὲ
2664 2684 2762 2751 τῆς
2808 2680 3077 2750 βασιλείας
3115 2680 3519 2751 μετατοιεῖσθαι
3560 2682 3893 2752 προσέταττε
3915 2698 3929 2712 ·

2374 2771 2447 2841 μὴ
2477 2770 2585 2841 γὰρ
2612 2771 2830 2842 ζητοῦσι
2853 2772 2950 2839 τὴν
2981 2772 3223 2842 βασιλεία
3291 2774 3412 2843 μηδ’
3448 2773 3652 2845 ἀρετῆς
3678 2775 3937 2845 πρόνοιαν

2371 2860 2711 2929 ποιουμένοις
2752 2861 2903 2915 οὐδὲν
2938 2864 3047 2917 τῶν
3077 2866 3238 2933 ἐπηγ·
3256 2864 3491 2935 ελμένων
3533 2864 3685 2919 ἐσται
3708 2881 3723 2895 °
3758 2865 3939 2935 μόνοις

2370 2950 2428 3003 δὲ
2464 2951 2613 3004 ταῦτ’
2661 2951 2720 3016 ἐξ
2764 2954 2980 3022 ἑτοίμου
3021 2955 3351 3025 παρέσεσθαι
3378 2959 3489 3021 τοῖς
3530 2958 3833 3027 μεριμνῶσι
3872 2958 3939 3012 τά

2373 3040 2466 3093 τοῦ
2499 3040 2653 3107 Θεοῦ,
2677 3042 2822 3106 ὅπως
2861 3043 2925 3096 ἂν
2949 3045 3200 3115 ἀρέσαιεν
3225 3046 3394 3117 αὐτῷ,
3424 3047 3519 3099 καὶ
3544 3050 3656 3111 τοῖς
3691 3049 3822 3119 περὶ
3843 3048 3941 3119 τὴν

2303 3179 2346 3237 C
2377 3131 2601 3237 ζητησιν
2642 3134 2756 3237 τῶν
2796 3137 3116 3206 κρειττόνων
3158 3138 3575 3209 ἡσχολημένοιςσ
3630 3143 3939 3212 μεριμνῶσι

2378 3219 2485 3291 γὰρ
2509 3221 2579 3274 τά
2607 3220 2686 3290 τῷ
2716 3220 2833 3292 Θεῷ
2858 3222 3005 3291 φίλα,
3036 3226 3515 3298 ἀντιμεριμνήσειν
3545 3229 3637 3281 τὸν
3676 3229 3832 3283 Θεόν.

2380 3308 2571 3364 ’οπου
2606 3309 2716 3379 γὰρ
2742 3312 2775 3364 d
2816 3314 3118 3390 θησαγρρς
3153 3312 3341 3390 furtim,
3373 3315 3495 3369 ἐκεῖ
3525 3317 3623 3371 καί
3663 3320 3702 3386 ἡ
3728 3319 3943 3379 καρδία

2962 3382 3129 3451 ὑμῶν
3148 3382 3339 3439 ἔσται.

2445 3469 2691 3534 Φυσικῶς
2720 3470 2828 3542 γὰρ
2854 3474 2960 3535 πᾶς
2991 3475 3272 3545 ἄνθρωπος
3306 3477 3431 3546 περὶ
3454 3476 3483 3529 ὃ
3502 3477 3788 3543 σπουδάζει
3829 3481 3945 3534 διά-

2379 3575 2586 3626 κειται,
2625 3561 2787 3614 κάκεῖ
2816 3562 2992 3616 πάντα
3032 3565 3120 3617 τὸν
3157 3564 3277 3618 νοῦν
3322 3565 3434 3636 ἔχει
3474 3567 3602 3620 ἔνθα
3643 3570 3946 3641 κεκτῆσθαι

2376 3650 2473 3721 τὴν
2502 3651 2767 3719 ὠφέλειαν
2802 3653 3050 3724 νενόμικε
3075 3673 3088 3685 ’
3131 3655 3218 3710 διὰ
3246 3654 3400 3710 τοῦτο
3433 3660 3528 3713 καὶ
3559 3660 3650 3712 τὸν
3684 3660 3944 3733 λογισμὸν

2380 3743 2574 3811 ἐπάγει
2598 3743 2691 3796 τοῦ
2721 3743 2794 3815 μὴ
2819 3745 2925 3798 δεῖν
2954 3748 3046 3799 ἐπὶ
3070 3748 3171 3816 γῆς
3201 3747 3564 3821 θησαυρίζειν.
3593 3754 3657 3805 El
3690 3754 3791 3823 μὲν
3835 3755 3948 3825 γάρ

2377 3850 2480 3896 τις,
2510 3833 2691 3901 φησιν,
2716 3837 2776 3887 ἐν
2800 3834 2877 3905 τῷ
2906 3836 3082 3909 θνητῷ
3117 3839 3218 3910 βίῳ
3249 3842 3347 3903 τὰς
3378 3844 3595 3912 κτήσεις
3633 3846 3728 3897 καὶ
3756 3849 3939 3901 πᾶσαν

2381 3921 2611 3993 ὓπαρξιν
2635 3923 2963 3995 συνείληχεν,
2992 3928 3298 3999 ἀναρτήσας
3333 3930 3496 3983 αὐτοῦ
3524 3931 3620 4003 τὴν
3648 3936 3828 3989 πᾶσαν
3856 3938 3945 3991 ἐλο

2381 4013 2507 4066 πίδα
2543 4015 2636 4067 ἐπὶ
2677 4015 2745 4068 τὰ
2775 4017 3015 4088 παρόντα
3054 4017 3151 4071 τοῦ
3191 4019 3305 4089 βίου
3335 4022 3655 4093 πράγματα,
3684 4026 3743 4092 ἐξ
3773 4029 3945 4098 ἀνάγ-

2380 4120 2483 4175 κης
2529 4101 2616 4159 οἷα
2660 4106 2723 4177 δὴ
2764 4107 2977 4179 δεσμοῖς
3016 4111 3286 4179 τοσούτοις
3327 4115 3717 4187 πεπεδημένος,
3767 4121 3948 4178 πάντα

2380 4199 2471 4268 τὸν
2498 4199 2661 4253 αὐτοῦ
2693 4201 2945 4273 λογισμὸν
2974 4204 3068 4257 καὶ
3116 4206 3291 4260 πᾶσαν
3334 4206 3433 4277 τὴν
3471 4206 3741 4273 διάνοιαν,
3780 4212 3847 4283 ῆν
3881 4210 3965 4283 δὴ·

2381 4289 2607 4360 καρδίαν
2633 4290 2900 4362 ὠνόμασε,
2949 4292 3098 4348 κάτω
3140 4312 3243 4349 που
3285 4296 3417 4367 πρὸς
3448 4300 3511 4369 τῇ
3558 4302 3629 4371 γῇ
3660 4299 3943 4374 κέκτηται,

2385 4382 2546 4433 κάκεῖ
2574 4382 2800 4453 φύρεται
2833 4384 2925 4437 καὶ
2966 4384 3310 4451 καλινδεῖται,
3351 4387 3478 4441 ἔνθα
3518 4390 3817 4461 κεκτῆσθαι
3854 4393 3949 4449 τὸν

2312 4509 2359 4565 D
2385 4472 2547 4524 αὑτοῦ
2575 4471 2843 4546 θησαυρὸν
2871 4478 3150 4548 νενόμικεν
3170 4496 3183 4510 ·
3215 4481 3266 4533 εἰ
3296 4480 3353 4533 δὲ
3392 4484 3507 4545 τοῖς
3538 4483 3809 4556 οὐρανίοις
3841 4504 3945 4558 μα-

2391 4566 2623 4637 θήμασιν
2649 4571 2929 4642 ἐντραφεὶς
2960 4574 3134 4626 πάντα
3162 4575 3408 4645 πράττοι,
3436 4576 3528 4630 τὸν
3553 4578 3718 4631 αὐτοῦ
3745 4578 3948 4633 σκοπὸν

2388 4658 2497 4710 ἀνω
2529 4663 2996 4731 προσαναρτήσας,
3033 4664 3129 4717 καὶ
3164 4664 3263 4734 τὴν
3299 4664 3489 4719 ἐλπίδα
3526 4667 3687 4737 ῥίψας
3717 4669 3811 4722 ἐπὶ
3849 4667 3947 4733 τὰς

2387 4749 2664 4819 οὐρανίους
2699 4753 3047 4821 ἐπαγγελίας,
3078 4753 3171 4807 τοῦ
3204 4754 3304 4825 μὲν
3336 4755 3585 4824 συνάγειν
3606 4758 3699 4810 ἐπὶ
3717 4758 3827 4829 γῆς
3859 4760 3949 4813 οὐ·

2388 4839 2573 4909 δεμίαν
2609 4843 2926 4915 ποιούμενος
2966 4847 3250 4918 φροντίδα,
3285 4850 3382 4920 τὴν
3427 4849 3602 4920 ἄκραν
3638 4849 3696 4903 δέ
3747 4851 3951 4920 μετιὼν

2387 4929 2782 5003 ἀκτημοσύνην,
2812 4934 2903 4986 καὶ
2940 4934 3057 4998 ὅλος
3086 4937 3363 5007 γινόμενος
3392 4938 3526 5009 πρὸς
3556 4941 3670 5002 τοῖς
3703 4942 3949 5012 κρείττοι

2391 5035 2493 5083 σιν,
2528 5022 2585 5073 ἐν
2623 5023 2835 5095 οὐρανῷ
2861 5042 2919 5077 τε
2958 5025 3133 5079 πάντα
3170 5028 3436 5098 συνάγειν,
3472 5030 3634 5082 κάκεῖ
3662 5030 3753 5083 τὸν
3778 5031 3946 5086 αὑτοῦ

2390 5108 2609 5164 πλοῦτον
2656 5114 3040 5184 ταμιεύεσθαι,
3077 5118 3169 5170 καὶ
3203 5120 3383 5172 πᾶσαν
3410 5119 3507 5190 τὴν
3549 5119 3784 5191 ὓπαρξιν
3834 5124 3948 5176 ἐκεῖ

2391 5201 2726 5270 προπέμπειν
2755 5205 3065 5270 σπουδάζων
3084 5223 3098 5236 ο
3127 5207 3345 5271 είκότως
3370 5210 3399 5261 ό
3426 5209 3663 5270 τοιοῦτος
3695 5209 3857 5263 δνοιτ⁹
3880 5209 3947 5265 ἂν

2386 5290 2629 5346 ἐντεῦθεν
2656 5294 2755 5364 τῆς
2776 5295 2984 5367 ἀγαθῆς
3006 5297 3236 5363 ἐλπίδος,
3261 5300 3339 5371 τῷ
3360 5301 3458 5371 τὴν
3480 5300 3716 5354 διάνοιαν
3739 5302 3945 5356 καὶτὸν

2384 5378 2637 5451 λογισμὸν
2677 5385 2906 5455 οίκειοῦκ
2948 5388 3137 5443 ἑαυτοῦ
3165 5393 3287 5454 ’τοῖς
3331 5389 3634 5462 οὐρανίοις·
3670 5391 3799 5446 ἔνθα
3838 5394 3945 5463 γὰρ

2386 5469 2494 5538 ἔχει
2518 5472 2606 5525 τὸν
2634 5473 2923 5548 θησαυρὸν,
2946 5480 3061 5532 ἐκεῖ
3090 5480 3183 5533 καὶ
3213 5481 3311 5551 τὴν
3332 5482 3570 5535 διάνοιαν
3596 5481 3704 5547 ἕξει
3722 5500 3735 5513 ο
3763 5483 3839 5548 ὡς
3862 5484 3945 5538 δο-

2383 5563 2496 5613 κεῖν
2531 5565 2625 5633 μὲν
2645 5566 2737 5620 ἐπὶ
2764 5569 2865 5640 γῆς
2896 5572 3307 5643 παρεπιδημεῖν,
3337 5574 3430 5627 καὶ
3461 5574 3539 5644 τῷ
3562 5574 3773 5646 σώματι
3800 5576 3948 5647 μόνῳ

2388 5656 2618 5708 συνεῖναι
2666 5658 2991 5729 ἀνθρώποις,
3040 5666 3106 5736 τῇ
3152 5666 3210 5719 δὲ
3250 5665 3474 5736 δυνάμει
3517 5666 3619 5732 τὰς
3661 5667 3943 5740 οὐρανίους
