4124 6440
1432 408 1931 466 COMMENTARIA
1968 406 2039 464 IN
2079 406 2334 467 ιυοιυι.

3423 409 3528 467 563

275 516 380 588 ἤδη
412 517 695 591 διατριϐὰς
728 522 1000 590 μετιέναιο
1034 525 1174 578 ὥστε
1217 525 1329 580 ἀνω
1368 528 1588 598 βλέπειν
1619 531 1716 593 δεῖ,
1752 530 1835 583 καλ

1947 523 2098 584 ctare
2128 544 2382 597 superna,
2435 542 2609 597 eoque
2637 540 2787 596 spem
2843 523 3113 597 dirigere‘,
3162 525 3254 580 ubi
3309 525 3527 580 thesau-

275 609 377 674 τὰς
431 612 651 678 ἐλπίδας
703 613 864 685 ἐχειν,
901 617 1035 671 ὅπου
1093 619 1187 672 καὶ
1227 620 1316 673 τὸν
1362 620 1633 694 θησαυρὸν
1680 622 1843 676 αὑτοῦ

278 717 631 758 συναγηογεν.

278 705 631 774 συναγήοχεν.
1601 765 1608 774 .

275 794 395 873 Καὶ.
423 795 588 873 ὑμεῖς
620 797 807 873 ὅμοιοι
845 800 1179 869 ἀνθρώποις
1207 803 1712 873 προσδεχομένοις
1740 805 1848 858 τὸν

323 864 532 931 κύριον
562 864 811 933 ἑαυτῶν,
848 864 994 925 πότε
1017 864 1308 926 ἀναλύσει
1337 873 1406 926 ἐκ
1431 864 1548 927 iis}
1576 864 1796 945 γάμων.

360 951 447 1004 Ἐν
475 952 682 1024 ἑτέροις
721 956 816 1028 ἤδη
857 958 1064 1023 ἐδίδαξε
1105 960 1234 1031 περὶ
1269 962 1377 1016 τῶν
1414 963 1608 1033 γάμων
1643 963 1844 1017 εἰπών’

287 1041 566 1113 Ὡμοιώθη
600 1049 636 1114 ἠ
656 1048 944 1112 ,Βασιλεία
976 1049 1094 1103 τῶν
1122 1051 1393 1121 οὐρανῶν
1418 1053 1706 1121 ἀνθρώπῳ
1730 1055 1848 1118 βα-

274 1136 448 1196 σιλεῖ.
489 1138 556 1205 ὃς
591 1141 838 1209 ἐποίησε
887 1143 1115 1212 γάμους
1148 1143 1228 1210 τῷ
1254 1143 1361 1210 υιῷ
1397 1145 1601 1200 αὐτοῦ.
1641 1147 1726 1208 ὀς
1756 1141 1849 1199 οὖν

274 1226 373 1298 ἤδη
425 1228 532 1281 τῶν
575 1231 767 1301 γάμων
805 1234 1182 1303 γεγενημένων
1208 1235 1356 1296 ,καὶ
1400 1235 1496 1288 τοῦ
1547 1236 1847 1305 συμποσίου

272 1316 656 1384 τελεσθέντος,
707 1322 982 1376 ἐπάνεισιν
1039 1325 1067 1376 ό
1115 1323 1304 1396 κύριος
1353 1327 1445 1378 ἐπὶ
1497 1327 1623 1388 τοὺς
1683 1328 1847 1397 ἐγρη-

271 1409 501 1478 γορότας
554 1411 806 1476 δούλους,
861 1414 942 1477 οἶ,
1001 1414 1220 1469 ἐπειδὰν
1277 1415 1540 1487 ἀφίκηται
1597 1416 1757 1480 αὐτὸς
1819 1418 1848 1469 ὁ

272 1499 502 1567 νυμφίος
571 1501 668 1572 τὴν
745 1503 1055 1574 παράληψιν
1110 1504 1211 1575 τῆς
1276 1503 1492 1576 νύμφης
1556 1506 1850 1577 ποιησόμε-

272 1604 393 1650 νος,
437 1587 730 1659 κρούσαντι
771 1591 918 1662 αὐτῷ
968 1593 1068 1662 τὴν
1117 1594 1215 1664 τῆς
1252 1586 1431 1665 ἰιιυχῆς
1470 1593 1670 1667 θύραν,
1711 1598 1848 1648 ἐτοι-

274 1683 482 1751 μότατα
532 1683 900 1738 ὑπακούσουσι
965 1687 1059 1740 καὶ
1117 1687 1425 1752 ἀνοίξουσι,
1498 1687 1588 1741 διὰ
1646 1689 1845 1752 παντὸς

269 1775 666 1846 ἐγρηγορότες,
725 1780 815 1831 καὶ
884 1779 980 1850 τὴν
1030 1779 1196 1834 αὑτοῦ
1259 1781 1558 1852 παρουσίαν
1624 1781 1842 1850 ἐκδεχό-

270 1879 438 1936 μενοι.
483 1869 752 1938 Ἐπιλέγει
785 1869 914 1939 γοῦν
933 1889 945 1901 ·
970 1871 1255 1942 Μακάριοι
1295 1875 1349 1927 οί
1374 1873 1582 1928 δοῦλοι
1603 1874 1841 1937 ἐκεῖνοι,

267 1955 375 2023 οὓς
411 1958 606 2013 ἐλθὼν
633 1959 880 2029 εὑρήσει
911 1964 1367 2033 γρηγοροῦντας.
1419 1967 1528 2020 Καὶ
1577 1967 1694 2030 πῶς
1730 1968 1837 2039 γὰρ

263 2049 326 2101 οὐ
359 2051 615 2119 μακάριοι
642 2053 690 2104 οἱ
719 2053 986 2130 τοσαύτης
1023 2055 1308 2124 μέλλοντες
1334 2056 1730 2130 ἀξιωθήσεσθαι
1758 2077 1838 2112 τι-

268 2140 408 2211 μῆς;
457 2129 788 2213 Ἐπόμνυταί
815 2145 943 2213 γοῦν
971 2147 1155 2211 αὐτοῖς
1183 2149 1405 2217 φάσκων
1426 2168 1438 2180 ·
1482 2151 1665 2221 Ἀμὴν
1685 2153 1840 2222 λέγω

263 2232 426 2300 ὑμῖν,
455 2233 546 2290 ὅτι
577 2234 951 2304 περιᾷὑσεται
987 2239 1085 2292 καὶ
1117 2241 1431 2295 ἀνακλινεῖ
1455 2243 1678 2309 αὐτοὺς
1698 2284 1712 2305 ,
1740 2245 1839 2298 καί

261 2325 578 2392 παρελθὼν
613 2328 961 2394 διακονήσει
993 2331 1215 2399 αὐτοῖς.
1252 2335 1428 2389 Νυκτὶ
1458 2334 1514 2389 δὲ
1557 2337 1840 2407 παραόἀλο

261 2420 370 2473 λων
401 2421 492 2474 τὸν
541 2420 880 2492 ἀνθρώπινον
916 2423 1047 2493 βίον,
1093 2423 1170 2488 ὡς
1218 2425 1432 2495 ἀληθῶς
1484 2429 1707 2492 σκότους
1746 2431 1840 2483 καὶ

261 2514 484 2583 ἀγνοίας
506 2517 724 2577 οἰκεῖον,
749 2516 1023 2587 διαφόροις
1049 2517 1335 2586 φυλακαῖς,
1366 2519 1642 2573 τουτέστιν
1670 2519 1841 2592 ὥραις

261 2609 356 2662 καὶ
377 2612 586 2680 καιροῖς
603 2609 701 2680 τῆς
727 2611 938 2673 νυκτὸς,
961 2612 1050 2663 τὸν
1069 2610 1164 2681 τῆς
1180 2611 1522 2683 ἀνθρωπίνης
1538 2612 1683 2683 ζωῆς
1703 2629 1842 2685 παρ-

259 2698 469 2762 εικάζει
508 2698 727 2769 χρόνον·
764 2702 821 2752 ὲν
859 2693 903 2767 ᾧ
945 2701 1071 2764 τοὺς
1113 2701 1199 2754 διὰ
1245 2703 1443 2765 παντὸς
1474 2705 1839 2775 ἐγρηγορότας

257 2787 346 2842 διὰ
377 2787 439 2840 τὺ
471 2788 664 2859 ἄδηλον
693 2790 792 2860 τῆς
821 2791 1049 2844 ἑκάστου
1075 2792 1330 2862 τελευτῆς
1368 2795 1670 2865 μακαρίους
1706 2797 1841 2847 ἁπο-

260 2877 476 2946 φαίνει⁸
524 2879 730 2949 ταύτης
777 2881 834 2933 δὲ
883 2882 981 2952 τῆς
1022 2884 1338 2954 προτροπῆς
1391 2884 1476 2946 τίς
1531 2885 1597 2937 ἂν
1640 2887 1838 2954 γένοιτ’

258 2970 540 3042 ἀνωτέρα,
591 2971 625 3041 ἢ
679 2972 770 3024 τὸν
820 2972 1086 3043 δεσπότην
1139 2975 1474 3042 ἐπήγγελται
1523 2978 1684 3030 αὑτὸν
1727 2981 1840 3043 τοῖς

256 3061 464 3126 δούλοις
477 3063 834 3134 διακονήσειν,
851 3066 976 3130 τοὺς
991 3065 1048 3119 δὲ
1066 3065 1287 3129 δούλους
1307 3068 1758 3140 ἀνακλιθήσεσθαι
1783 3072 1839 3124 ἐν

259 3155 325 3225 τῇ
357 3153 598 3226 βασιλεία
622 3155 808 3219 αὑτοῦ,
833 3157 1080 3210 τουτέστι
1102 3157 1560 3214 διαναπαύσεσθαι
1585 3179 1599 3224 ;
1627 3163 1839 3233 Προϊὼν

1955 635 2074 673 rum
2103 635 2258 674 suum
2286 619 2397 690 jam
2433 617 2728 674 acervtvit.

1948 797 1995 827 “
2027 796 2092 850 Et
2128 813 2214 852 uos
2248 797 2440 850 similes
2470 796 2769 850 hominibus
2808 794 3523 864 exspectantibus‘donsinuas

2220 883 2370 920 suum
2400 867 2612 936 quando
2649 875 2938 919 reuertatur
2965 881 2999 919 α
3027 865 3240 933 nuptiis.

2018 953 2136 1009 Jatn
2178 955 2304 1010 alibi
2339 955 2523 1015 docuit
2559 969 2681 1008 cum
2714 957 2780 1008 de
2814 954 3018 1022 nuptiis
3053 954 3302 1006 diceret:
3340 950 3522 1006 Simile

1947 1058 2021 1101 est
2056 1062 2270 1112 regnum
2309 1043 2556 1098 calorum
2607 1043 2807 1096 homini
2855 1043 2994 1112 regi,
3025 1043 3114 1112 qui
3156 1042 3277 1110 [ecit
3314 1044 3522 1109 nuptias

1952 1137 2063 1206 ﬁlio
2101 1152 2198 1190 suo
2219 1138 2286 1188 ".
2321 1133 2602 1205 Tanquam
2637 1135 2800 1204 igitur
2848 1134 3082 1202 peractis
3126 1132 3347 1202 nuptiis,
3389 1147 3520 1186 con-

1949 1230 2199 1298 vivioque
2227 1226 2493 1292 absoluto,
2526 1227 2665 1281 redit
2702 1225 2952 1279 dominus
2986 1226 3051 1278 ad
3085 1239 3274 1278 servos
3305 1223 3520 1298 vigiles,

1947 1321 2040 1390 qui
2081 1297 2280 1387 sponso
2308 1319 2374 1373 ad
2409 1317 2724 1373 sumendam
2755 1317 2856 1370 sibi
2898 1329 3152 1384 sponsam
3182 1297 3518 1379 adventanti,

1946 1419 2002 1467 et
2037 1425 2180 1464 nunc
2221 1410 2334 1477 jam
2371 1409 2567 1464 animae
2617 1407 2764 1462 iores
2797 1405 3062 1474 pulsanti,
3116 1406 3521 1475 promptissime

1947 1504 2424 1573 morigerabuntur
2481 1511 2643 1570 atque
2679 1499 2962 1568 aperient,
3021 1508 3309 1566 propterea
3375 1499 3520 1566 quod

1946 1603 2206 1663 perpetuo
2239 1591 2448 1661 vigiles,
2481 1590 2772 1643 adventrum
2804 1589 2920 1658 ejus
2950 1589 3243 1656 praestolati
3281 1587 3517 1643 fuerant.

1944 1689 2033 1740 Ait
2068 1686 2272 1753 igitur:
2309 1682 2462 1736 Beati
2511 1682 2646 1736 servi
2696 1680 2806 1746 illi,
2852 1695 2983 1747 quos
3023 1682 3230 1732 veniens
3264 1681 3521 1734 invenerit

1944 1778 2217 1847 oigilantes
2241 1777 2306 1829 ”.
2339 1774 2534 1842 Quidni
2567 1788 2696 1826 vero
2731 1773 2784 1826 hi
2821 1771 2981 1832 heati,
3009 1772 3100 1838 qni
3138 1781 3338 1825 tantum
3378 1787 3520 1826 mer-

1880 1895 1918 1948 Β
1945 1872 2129 1924 cedem
2165 1869 2389 1923 relaturi
2426 1865 2626 1921 erant?
2653 1865 2820 1935 Igitur
2849 1879 2974 1920 cum
3012 1874 3353 1919 sacramento
3388 1879 3519 1919 con-

1944 1962 2159 2016 lirtnat:
2196 1961 2361 2014 Arnen
2391 1962 2507 2013 dico
2543 1959 2704 2022 vobis,
2734 1958 3136 2027 prwcincturum
3171 1972 3245 2017 se,
3289 1957 3518 2010 discum-

1943 2052 2177 2106 bentibus
2211 2051 2342 2118 illis,
2372 2061 2424 2104 et
2457 2058 2814 2104 transeuntem
2828 2047 3031 2130 eisdem
3063 2046 3510 2104 ministraturutn.

1942 2143 2096 2199 Nocti
2146 2155 2326 2198 autem
2366 2157 2690 2213 comparans
2732 2145 3022 2198 humanam
3058 2147 3256 2210 vitam,
3303 2160 3400 2197 ceu
3435 2158 3519 2198 re-

1941 2252 2071 2306 apse
2100 2237 2335 2292 tenebris
2362 2247 2415 2292 et
2464 2237 2673 2291 inscitia
2717 2235 3129 2300 circumfusam,
3174 2236 3406 2292 diversis
3437 2237 3520 2288 vi-

1940 2331 2118 2401 giliis,
2161 2330 2214 2385 id
2247 2337 2331 2385 est
2375 2328 2528 2385 horis
2572 2327 3011 2398 temporibusque
3058 2328 3364 2392 nocturnis,
3413 2327 3518 2381 hu-

1943 2437 2114 2478 manae
2143 2423 2265 2478 vltze
2307 2421 2538 2492 spatium
2572 2420 2876 2481 assimilat:
2913 2422 2966 2473 in
3017 2429 3125 2490 quo
3171 2419 3214 2473 si
3256 2419 3348 2488 qui
3395 2419 3518 2472 sine

1941 2516 2130 2587 requie
2170 2515 2427 2586 vigilant,
2490 2523 2715 2584 propter
2761 2511 2939 2567 obitus
2998 2511 3264 2566 incertum
3307 2525 3519 2571 casum,

1941 2609 2128 2663 beatos
2156 2623 2251 2663 eos
2281 2606 2535 2677 appellat.
2563 2604 2682 2660 Jam
2715 2604 2819 2662 hac
2862 2606 3240 2662 adhortatione
3268 2619 3516 2672 quum-ant

1939 2700 2220 2756 sublimior
2265 2714 2385 2755 esse
2436 2699 2648 2770 potest‘,
2691 2713 2796 2770 qua
2833 2697 3086 2751 nimirum
3142 2698 3394 2750 dominus
3426 2695 3511 2752 di-

1940 2795 2081 2847 citur
2111 2790 2284 2846 servis
2322 2777 2900 2856 suisministraturus,
2935 2791 2986 2844 hi
3039 2799 3219 2843 autem
3272 2789 3324 2842 iu
3376 2788 3521 2843 illius

1941 2897 2108 2953 regno
2148 2883 2478 2946 recuhituri,
2529 2883 2581 2937 id
2630 2890 2715 2938 est
2767 2882 2954 2951 requie
3007 2881 3268 2952 potituri?
3318 2879 3519 2935 Deinde

1942 2987 2128 3027 rursus
2180 2973 2505 3041 promissum
2553 2972 2694 3028 idem
2738 2972 3010 3037 ﬁrmavit,
3060 2988 3180 3028 cum
3238 2971 3523 3041 discipuli;

1941 3064 2120 3119 dixit:
2168 3061 2283 3134 Ego
2334 3075 2509 3117 autent
2540 3065 2596 3118 in
2651 3066 2822 3119 medio
2871 3064 3030 3118 uestri
3072 3081 3189 3118 sum
3240 3064 3379 3116 sicut
3427 3064 3522 3132 qui

1942 3157 2224 3210 ministrat.
2269 3155 2370 3210 Vos
2408 3157 2596 3226 quippe
2627 3161 2753 3210 estis
2792 3157 2882 3226 qui
2920 3157 3288 3223 permansistis
3317 3170 3520 3209 mecum

253 3243 303 3299 δ’
332 3243 488 3310 αὖθις
519 3249 618 3319 τὴν
659 3247 826 3319 αὐτὴν
856 3249 1310 3321 ἐπισφραγίζεται
1357 3255 1688 3322 ἐπαγγελίαν
1716 3258 1835 3318 τοῖς

1939 3249 1994 3301 in
2039 3249 2415 3302 tentationibus
2455 3250 2582 3302 meis
2620 3265 2639 3303 :
2675 3258 2723 3302 et
2768 3263 2859 3319 ego
2897 3249 3128 3317 dispono
3168 3247 3343 3313 vobis,
3383 3247 3524 3300 sicut

260 3337 533 3409 monui;
555 3338 726 3408 λέγων
745 3356 759 3370 ·
807 3341 948 3410 Ἐγὼ
982 3341 1034 3395 δ’
1076 3343 1147 3396 ἐν
1168 3342 1338 3412 μέσῳ
1367 3345 1534 3416 ὑμῶν
1557 3349 1673 3416 εἰμι
1694 3347 1775 3413 ὡς
1804 3350 1836 3400 ό

255 3429 586 3507 διακονῶν..
607 3431 801 3500 Ὑμεῖς
819 3432 887 3487 δέ
914 3434 1056 3489 ἐστε
1096 3436 1151 3489 οί
1193 3434 1686 3506 διαμεμενηκότες
1707 3439 1834 3508 μετ’

255 3520 404 3590 ἐμοῦ
419 3522 490 3575 ἐν
505 3521 628 3589 τοῖς
638 3532 991 3594 πειρασμοις
1000 3543 1140 3594 patr
1160 3527 1318 3597 κάγὼ
1331 3529 1654 3599 διατίθεμαι
1673 3531 1832 3600 ὑμῖν,

256 3616 387 3668 καθ’
420 3613 460 3669 d
502 3614 742 3671 διέθετόι
765 3636 866 3687 μοι
892 3623 925 3673 ό
947 3618 1148 3688 Πατήρ
1169 3638 1306 3690 μου,
1351 3622 1680 3686 βασιλείαν
1700 3639 1712 3653 ο
1755 3624 1833 3676 ἵν’

255 3703 498 3770 ἐσθίητε
526 3706 622 3759 καί
661 3707 874 3776 πίνητε
907 3708 1004 3762 ἐπὶ
1038 3709 1146 3777 τῆς
1189 3709 1475 3778 τραπέζης
1497 3729 1616 3780 μου
1643 3713 1713 3766 ὲν
1759 3711 1833 3782 τῇ

248 3795 543 3864 ,βασιλείᾳ
564 3815 702 3869 μου.
737 3799 1002 3870 Τοιαύτης
1033 3800 1310 3867 τεύξονται
1342 3803 1740 3874 μακαριότητος
1783 3807 1832 3857 οί

253 3886 453 3953 δοῦλοι,
494 3887 586 3952 οὓς
617 3889 788 3942 ἐλθὼν
823 3888 856 3943 '6
899 3892 1101 3964 Κύριος
1128 3895 1346 3966 εὑρήσει
1388 3894 1792 3968 γρηγοροῦντας
1815 3914 1829 3927 ·

254 3979 401 4036 κατά
421 3981 529 4052 γὰρ
553 3981 643 4034 τόν
672 3982 864 4054 θνητὸν
896 3984 1081 4038 τούτον
1115 3985 1248 4056 βίον,
1284 3987 1378 4040 an
1418 3987 1606 4052 παῖδες
1638 3988 1716 4042 ἐτι
1741 3990 1831 4042 δν-

253 4088 347 4136 τες
374 4073 470 4126 καὶ
509 4077 710 4144 νήπιοι,
741 4076 835 4128 καὶ
865 4079 1029 4147 μήπω
1067 4079 1160 4131 τοῦ
1195 4079 1481 4150 νυμφῶνος
1518 4079 1828 4152 ἠξιωμένοι,

253 4163 341 4215 ἐπ’
373 4163 678 4235 ἀλλοδαπῆς
719 4166 765 4220 δ’
802 4167 1111 4233 οἰκοῦντες,
1141 4169 1233 4224 ἅτε
1263 4169 1402 4235 ξένοι
1436 4171 1544 4224 τῶν
1576 4172 1828 4237 ἐνταῦθα,

253 4253 349 4306 καὶ
382 4253 774 4325 παρεπίδημοι.
805 4257 898 4310 καὶ
929 4259 1033 4312 ὑπὸ
1075 4259 1441 4330 παιδαγωγοῖς
1487 4263 1581 4315 καὶ
1616 4265 1832 4335 ἐπιτρό-

253 4361 378 4409 ποις
417 4346 864 4418 ἀνατρεφόμενοι,
892 4349 990 4403 οὐκ
1023 4345 1168 4423 εἶχον
1205 4353 1434 4406 πάντοτε
1473 4353 1562 4406 τὸν
1599 4355 1830 4425 νυμφίον

256 4437 376 4508 μεθ’
415 4439 642 4493 ἑαυτῶν.
692 4441 784 4493 Διὸ
828 4441 922 4494 καὶ
964 4443 1280 4514 ἐνήστευον,
1317 4445 1498 4508 καθὼς
1545 4440 1698 4499 εἶπεν
1747 4447 1828 4500 ὅτι

251 4528 548 4600 ἀρθήσεται
595 4529 692 4583 ἀπ’
737 4531 916 4585 αὐτῶν
964 4535 992 4587 ὁ
1027 4533 1275 4604 νυμφίος,
1305 4536 1398 4588 καὶ
1441 4534 1562 4588 τότε
1600 4537 1828 4606 νηστεύ-

255 4633 472 4681 conatu.
527 4620 666 4673 Ἀλλ’
726 4623 818 4674 ἐπὶ
865 4623 1010 4676 τέλει
1069 4623 1406 4694 αὐξήσαντας
1473 4626 1669 4690 αὐτοὺς
1735 4627 1830 4680 καὶ

251 4710 634 4775 τελειωθέντας
667 4712 1082 4785 παραλήψεσθαι
1116 4716 1549 4784 ἐπαγγέλλεται,
1604 4719 1697 4770 καὶ
1749 4720 1826 4783 είς

249 4802 341 4854 τὸν
371 4803 538 4856 αὑτοῦ
584 4806 920 4871 πνεισάξειν
952 4807 1215 4878 νυμφῶνα
1234 4825 1246 4838 ο
1285 4809 1375 4861 ὅτε
1406 4810 1496 4861 καὶ
1533 4808 1826 4873 ἀνακλίνας

1937 3340 2194 3408 disposuit
2237 3342 2364 3392 mihi
2403 3339 2556 3394 Patet
2598 3356 2770 3404 meus,
2804 3357 3055 3411 regnum;
3096 3351 3153 3394 ut
3193 3339 3522 3395 manducetis

1937 3442 2090 3500 atque
2137 3431 2324 3486 bibatis
2373 3431 2436 3484 de
2475 3448 2590 3484 mea
2626 3447 2805 3485 mensa
2848 3432 2903 3484 in
2945 3447 3104 3500 regno
3149 3447 3263 3484 meo
3285 3429 3354 3485 ".
3406 3429 3521 3484 llac

1936 3524 2210 3591 potientur
2258 3523 2515 3577 beatitate
2544 3521 2710 3586 servi,
2757 3538 2896 3592 quos
2931 3521 3191 3576 Dominus
3239 3521 3520 3590 vigilantes

1937 3613 2222 3668 invenerit.
2256 3613 2498 3684 Namque
2537 3613 2591 3666 in
2641 3612 2743 3668 hac
2775 3613 2990 3668 mortali
3042 3613 3181 3678 vita,
3230 3628 3328 3668 ceu
3367 3613 3520 3684 pueri

1934 3704 2109 3760 adhuc
2156 3717 2210 3761 et
2241 3705 2474 3760 infantes
2500 3714 2555 3759 et
2586 3705 2822 3760 nondum
2862 3705 3087 3774 nuptiali
3139 3705 3386 3760 conclavi
3438 3705 3520 3758 di-

1935 3797 2053 3867 gni,
2095 3799 2189 3852 sed
2223 3799 2455 3851 alienam
2491 3797 2654 3850 veluti
2695 3796 2968 3866 regionem
3009 3796 3330 3862 incolentes,
3363 3796 3518 3866 quasi

1934 3889 2201 3957 peregrini
2235 3889 2452 3957 quidam
2480 3901 2534 3941 et
2558 3888 2800 3952 advenat,
2827 3897 2880 3941 et
2911 3886 3010 3940 sub
3044 3887 3312 3941 tutoribus
3338 3889 3520 3942 adhuc

1934 3991 1988 4036 et
2029 3981 2376 4035 curatoribus
2427 3980 2688 4044 enutriti,
2729 3994 3072 4049 nequaquam
3121 3980 3304 4050 sponsi
3354 3979 3515 4050 pleno

1933 4072 2208 4126 consortio
2253 4071 2560 4126 utebantur.
2607 4070 2787 4138 Quare
2832 4072 3169 4142 jejunahant,
3225 4083 3512 4141 propterea

1932 4165 2075 4235 quod
2127 4165 2258 4240 ipsis
2295 4165 2498 4220 dictum
2551 4173 2729 4230 esset,
2776 4164 2892 4218 fore
2941 4173 2999 4218 ut
3045 4179 3280 4234 sponsus
3316 4164 3401 4220 ab
3450 4165 3516 4219 iis

1931 4256 2258 4322 auferretur,
2297 4268 2352 4312 et
2389 4267 2501 4312 tum
2547 4256 2860 4328 jejunarent
2880 4257 2948 4310 ”.
2995 4259 3381 4313 Verumtamen
3423 4257 3514 4312 uhi

1931 4349 1985 4405 in
2021 4350 2315 4418 perlectam
2358 4360 2573 4406 atatem
2605 4353 2900 4417 creverint,
2947 4357 3287 4419 recepturum
3333 4365 3392 4404 se
3419 4365 3515 4405 eos

1930 4442 2195 4512 spondet,
2244 4451 2406 4512 atque
2457 4443 2510 4498 in
2557 4459 2718 4498 suum
2763 4445 3020 4500 conclave
3058 4445 3346 4498 ducturum
3396 4461 3410 4497 :
3451 4459 3516 4499 ac

1935 4543 2046 4588 tum
2080 4535 2146 4590 iis
2195 4535 2659 4590 discumbentihus
2699 4536 3130 4591 ministraturum
3177 4553 3192 4590 :
3242 4536 3334 4606 qui
3387 4551 3513 4605 pcr-

1935 4633 2091 4693 petua
2128 4627 2519 4681 consuetudine
2543 4627 2660 4697 ejus
2687 4625 2800 4695 jam
2831 4629 3008 4697 potiti,
3039 4626 3243 4682 diutius
3291 4642 3398 4682 non
3428 4627 3515 4698 je-

1927 4715 2230 4784 junabunt,
2259 4718 2354 4772 sed
2385 4717 2660 4774 laboribus
2684 4718 2935 4787 relaxati,
2963 4718 3278 4774 caelestibus
3306 4718 3514 4773 deliciis

1931 4809 2296 4878 perfruentur.

249 4895 462 4961 αὐτοὺς,
495 4897 803 4969 διακονήσει
834 4900 1046 4964 αὐτοῖς’
1069 4903 1118 4953 οἱ
1148 4901 1225 4965 δὲ,
1259 4902 1504 4964 συνόντες
1537 4902 1684 4973 αύτῷ
1709 4903 1815 4967 ἀεὶ,
1847 4901 2029 4954 οὐκέτι
2077 4900 2482 4971 νηστεύσουσιν,
2523 4901 2660 4955 ἀλλὰ
2707 4903 3136 4974 όιαπαυσάμενοι
3165 4902 3275 4956 τῶν
3335 4906 3518 4975 καμά-

248 5007 373 5054 των,
405 4989 506 5062 τῆς
538 4993 788 5062 οὐρανίου
819 4995 1030 5066 τρυφῆς
1062 4995 1473 5050 ἀπολαύσουσιν.

243 5087 309 5141 Et
338 5087 466 5158 ᾔδει
507 5091 539 5144 d
570 5089 1000 5159 οἰκοδεσπότης
1030 5094 1172 5161 ποίᾳ
1207 5092 1326 5162 ὥρᾳ
1354 5098 1386 5149 ό
1413 5094 1677 5163 κλέπτης
1715 5095 1810 5163 ἐρ-

936 5180 1116 5229 χεται.

314 5250 412 5302 Διά
445 5250 705 5305 πλειόνων
737 5252 924 5322 νήφειν
956 5256 1049 5307 καὶ
1081 5255 1440 5328 ἐγρηγορέναι
1473 5257 1604 5326 ἡμῖν
1641 5270 1819 5326 παρα-

248 5339 554 5407 κελεύεται,
581 5343 644 5396 οὐ
678 5342 836 5413 μόνον
872 5342 960 5396 διὰ
991 5347 1090 5416 τὴν
1123 5347 1324 5417 ἀθρόαν
1354 5349 1448 5401 καὶ
1481 5347 1819 5419 ἀπροσδόκη-

248 5443 335 5480 τον
379 5431 557 5499 ἀφιξιν
597 5433 701 5503 τῆς
747 5433 961 5505 ἡμέρας
1006 5437 1244 5507 Κυρίου,
1291 5437 1428 5492 ἀλλὰ
1461 5440 1554 5492 καὶ
1594 5437 1683 5491 διὰ
1726 5440 1820 5492 τὸν

249 5519 482 5592 κλέπτην
513 5522 602 5576 τὸν
647 5527 764 5586 τοῖς
804 5525 942 5579 κατά
999 5527 1130 5581 Θεὸν
1177 5528 1448 5593 πλουσίοις
1490 5528 1584 5582 καὶ
1622 5530 1820 5582 οἰκοδε-

251 5613 472 5678 σπὰταις
515 5615 893 5688 ἐφεδρεύοντα.
941 5616 1108 5685 Οὗτος
1152 5621 1210 5674 δέ
1254 5624 1403 5678 ἐστιν
1443 5626 1471 5676 ό
1503 5623 1691 5695 καιρὸς
1718 5625 1818 5695 τῆς

314 5746 524 5842 θέμιν.
549 5764 653 5817 xn,
686 5749 775 5804 36.
847 5753 893 5785 "
934 5753 1121 5811 Matth.
1153 5772 1296 5825 xm,
1326 5759 1378 5813 2.
1460 5760 1507 5793 "
1541 5759 1673 5816 Luc.
1702 5772 1830 5826 m5

1969 5762 2016 5794 "
2054 5760 2186 5823 Luc.
2219 5781 2360 5834 χιιι,
2389 5764 2581 5828 ΞῚ-ὖυ.
2647 5770 2692 5803 ’τ
2734 5771 2925 5829 Matth.
2976 5785 3064 5842 rx,
3095 5773 3182 5830 15.

250 5832 344 5887 ιιι,
375 5817 462 5874 59.

1917 5094 1963 5126 ⁸⁸
1987 5092 2048 5148 Si
2076 5093 2227 5147 sciret
2253 5091 2644 5163 paterfamilias
2673 5109 2777 5164 qua
2801 5095 2932 5148 hora
2967 5094 3056 5163 fur
3082 5105 3331 5152 venturus
3357 5110 3514 5173 esset.

1993 5253 2176 5308 Multis
2216 5255 2281 5308 de
2312 5254 2493 5310 causis
2539 5253 2677 5327 frugi
2727 5256 2883 5312 nobis
2915 5257 3125 5328 agitare
3157 5259 3321 5312 vitam
3361 5260 3502 5330 vigi-

1922 5345 2143 5416 lareque
2189 5350 2430 5409 mandat,
2473 5361 2580 5402 non
2627 5347 2799 5402 solum
2829 5347 2901 5402 ob
2936 5349 3174 5404 subitum
3207 5349 3514 5418 inopinum-

1923 5453 2027 5507 que
2056 5439 2157 5492 diei
2191 5436 2398 5492 Domini
2426 5440 2859 5507 adventum,-sed
2885 5443 3048 5495 etiam
3083 5445 3303 5512 prbpter
3330 5440 3509 5498 iurent

1926 5529 2226 5584 divinorum
2263 5529 2528 5586 bonorum
2572 5529 2834 5586 divitibus
2860 5547 2923 5588 ac
2965 5531 3130 5586 veluti
3180 5530 3510 5603 patribusfa-

1927 5625 2104 5680 milias
2154 5624 2522 5680 insidiantem.
2571 5623 2622 5680 ιε
2687 5635 2870 5683 autem
2928 5634 3011 5684 est
3078 5626 3512 5698 uniuscujusque

3281 5769 3330 5804 η
3366 5768 3502 5830 οη.
