  <div class='ocr_page' id='page_1' title='image "/cluster/home/n/w/nwhite01/storage/ocr_20150623/24/uva.x004246623/297.png"; bbox 0 0 4124 6400; ppageno 0'>
   <div class='ocr_carea' id='block_1_1' title="bbox 713 360 818 419">
    <p class='ocr_par' dir='ltr' id='par_1_1' title="bbox 713 360 818 419">
     <span class='ocr_line' id='line_1_1' title="bbox 713 360 818 419; baseline 0 0"><span class='ocrx_word' id='word_1_1' title='bbox 713 360 818 419; x_wconf 74' lang='lat'><strong>603</strong></span> 
     </span>
    </p>
   </div>
   <div class='ocr_carea' id='block_1_2' title="bbox 1367 355 3221 419">
    <p class='ocr_par' dir='ltr' id='par_1_2' title="bbox 1367 355 3221 419">
     <span class='ocr_line' id='line_1_2' title="bbox 1367 355 3221 419; baseline -0.003 -4"><span class='ocrx_word' id='word_1_2' title='bbox 1367 355 1633 419; x_wconf 76' lang='lat' dir='ltr'><strong>EUSEBII</strong></span> <span class='ocrx_word' id='word_1_3' title='bbox 1671 360 2140 419; x_wconf 68' lang='lat' dir='ltr'><strong>CIESARIENSIS</strong></span> <span class='ocrx_word' id='word_1_4' title='bbox 2174 360 2326 419; x_wconf 82' lang='lat' dir='ltr'><strong>OPP.</strong></span> <span class='ocrx_word' id='word_1_5' title='bbox 2367 361 2545 417; x_wconf 80' lang='lat' dir='ltr'><strong>PARS</strong></span> <span class='ocrx_word' id='word_1_6' title='bbox 2582 359 2664 416; x_wconf 86' lang='lat' dir='ltr'><strong>lli.</strong></span> <span class='ocrx_word' id='word_1_7' title='bbox 2705 390 2772 402; x_wconf 96' lang='lat'><strong><em>—</em></strong></span> <span class='ocrx_word' id='word_1_8' title='bbox 2813 357 3221 414; x_wconf 74' lang='lat' dir='ltr'><strong>EXEGETICA.</strong></span> 
     </span>
    </p>
   </div>
   <div class='ocr_carea' id='block_1_3' title="bbox 3823 357 3862 370">
    <p class='ocr_par' dir='ltr' id='par_1_3' title="bbox 3823 357 3862 370">
     <span class='ocr_line' id='line_1_3' title="bbox 3823 357 3862 370; baseline 0 0"><span class='ocrx_word' id='word_1_9' title='bbox 3823 357 3862 370; x_wconf 43' lang='grc' dir='ltr'><strong>βίη</strong></span> 
     </span>
    </p>
   </div>
   <div class='ocr_carea' id='block_1_4' title="bbox 3802 356 3911 413">
    <p class='ocr_par' dir='ltr' id='par_1_4' title="bbox 3802 356 3911 413">
     <span class='ocr_line' id='line_1_4' title="bbox 3823 357 3862 370; baseline 0 0"><span class='ocrx_word' id='word_1_10' title='bbox 3823 357 3832 367; x_wconf 56' lang='grc'>⁸</span> <span class='ocrx_word' id='word_1_11' title='bbox 3856 362 3862 370; x_wconf 66' lang='grc' dir='ltr'>ς</span> 
     </span>
     <span class='ocr_line' id='line_1_5' title="bbox 3802 356 3911 413; baseline -0.028 0"><span class='ocrx_word' id='word_1_12' title='bbox 3802 356 3911 413; x_wconf 68' lang='grc' dir='ltr'><strong>ιω</strong></span> 
     </span>
    </p>
   </div>
   <div class='ocr_carea' id='block_1_5' title="bbox 711 472 2251 551">
    <p class='ocr_par' dir='ltr' id='par_1_5' title="bbox 711 477 2251 551">
     <span class='ocr_line' id='line_1_6' title="bbox 711 477 2251 551; baseline -0.001 -14"><span class='ocrx_word' id='word_1_13' title='bbox 711 484 906 545; x_wconf 84' lang='lat' dir='ltr'><strong>obitus.</strong></span> <span class='ocrx_word' id='word_1_14' title='bbox 940 477 1025 536; x_wconf 87' lang='lat' dir='ltr'><strong>vel</strong></span> <span class='ocrx_word' id='word_1_15' title='bbox 1064 481 1222 536; x_wconf 81' lang='lat' dir='ltr'><strong>etiam</strong></span> <span class='ocrx_word' id='word_1_16' title='bbox 1272 480 1491 551; x_wconf 76' lang='lat' dir='ltr'><strong>angelus</strong></span> <span class='ocrx_word' id='word_1_17' title='bbox 1536 482 1625 550; x_wconf 89' lang='lat' dir='ltr'><strong>qui</strong></span> <span class='ocrx_word' id='word_1_18' title='bbox 1676 480 1933 551; x_wconf 84' lang='lat' dir='ltr'><strong>cujusque</strong></span> <span class='ocrx_word' id='word_1_19' title='bbox 1980 484 2251 538; x_wconf 90' lang='lat' dir='ltr'><strong>morientis</strong></span> 
     </span>
    </p>
   </div>
   <div class='ocr_carea' id='block_1_6' title="bbox 2345 472 3906 551">
    <p class='ocr_par' dir='ltr' id='par_1_6' title="bbox 2355 472 3906 549">
     <span class='ocr_line' id='line_1_7' title="bbox 2355 472 3906 549; baseline -0.007 -14"><span class='ocrx_word' id='word_1_20' title='bbox 2355 483 2581 535; x_wconf 70' lang='grc' dir='ltr'>ἑκάστου</span> <span class='ocrx_word' id='word_1_21' title='bbox 2610 480 2884 549; x_wconf 83' lang='grc' dir='ltr'>τελευτῆς,</span> <span class='ocrx_word' id='word_1_22' title='bbox 2917 478 2951 547; x_wconf 78' lang='grc' dir='ltr'>ἢ</span> <span class='ocrx_word' id='word_1_23' title='bbox 2984 476 3078 529; x_wconf 79' lang='grc' dir='ltr'>καὶ</span> <span class='ocrx_word' id='word_1_24' title='bbox 3107 476 3138 526; x_wconf 78' lang='grc' dir='ltr'><strong>ὁ</strong></span> <span class='ocrx_word' id='word_1_25' title='bbox 3166 474 3370 545; x_wconf 75' lang='grc' dir='ltr'>μέλλων</span> <span class='ocrx_word' id='word_1_26' title='bbox 3409 474 3509 545; x_wconf 77' lang='grc' dir='ltr'>τὴν</span> <span class='ocrx_word' id='word_1_27' title='bbox 3551 472 3781 526; x_wconf 71' lang='grc' dir='ltr'>ἑκάστου</span> <span class='ocrx_word' id='word_1_28' title='bbox 3805 472 3906 543; x_wconf 75' lang='grc' dir='ltr'>ψυ-</span> 
     </span>
    </p>
   </div>
   <div class='ocr_carea' id='block_1_7' title="bbox 711 570 2245 643">
    <p class='ocr_par' dir='ltr' id='par_1_7' title="bbox 711 570 2245 643">
     <span class='ocr_line' id='line_1_8' title="bbox 711 570 2245 643; baseline -0.001 -15"><span class='ocrx_word' id='word_1_29' title='bbox 711 572 943 628; x_wconf 83' lang='lat' dir='ltr'><strong>animam</strong></span> <span class='ocrx_word' id='word_1_30' title='bbox 981 580 1303 640; x_wconf 71' lang='lat' dir='ltr'><strong>excepturus</strong></span> <span class='ocrx_word' id='word_1_31' title='bbox 1332 580 1434 623; x_wconf 89' lang='lat' dir='ltr'><strong>est.</strong></span> <span class='ocrx_word' id='word_1_32' title='bbox 1466 570 1522 624; x_wconf 91' lang='lat' dir='ltr'><strong>Si</strong></span> <span class='ocrx_word' id='word_1_33' title='bbox 1556 586 1685 639; x_wconf 68' lang='lat' dir='ltr'><strong>ergo</strong></span> <span class='ocrx_word' id='word_1_34' title='bbox 1726 574 1985 627; x_wconf 74' lang='lat' dir='ltr'><strong>sciremus</strong></span> <span class='ocrx_word' id='word_1_35' title='bbox 2014 588 2245 643; x_wconf 89' lang='lat' dir='ltr'><strong>quonam</strong></span> 
     </span>
    </p>
   </div>
   <div class='ocr_carea' id='block_1_8' title="bbox 710 660 2247 732">
    <p class='ocr_par' dir='ltr' id='par_1_8' title="bbox 710 660 2247 732">
     <span class='ocr_line' id='line_1_9' title="bbox 710 660 2247 732; baseline 0.001 -16"><span class='ocrx_word' id='word_1_36' title='bbox 710 666 946 730; x_wconf 82' lang='lat' dir='ltr'><strong>tempore</strong></span> <span class='ocrx_word' id='word_1_37' title='bbox 982 660 1068 716; x_wconf 76' lang='lat' dir='ltr'><strong>iur</strong></span> <span class='ocrx_word' id='word_1_38' title='bbox 1093 660 1182 716; x_wconf 88' lang='lat' dir='ltr'><strong>ille</strong></span> <span class='ocrx_word' id='word_1_39' title='bbox 1216 668 1470 716; x_wconf 89' lang='lat' dir='ltr'><strong>venturus</strong></span> <span class='ocrx_word' id='word_1_40' title='bbox 1496 670 1662 725; x_wconf 85' lang='lat' dir='ltr'><strong>esset,</strong></span> <span class='ocrx_word' id='word_1_41' title='bbox 1690 662 1899 716; x_wconf 86' lang='lat' dir='ltr'><strong>unicam</strong></span> <span class='ocrx_word' id='word_1_42' title='bbox 1946 662 2088 715; x_wconf 93' lang='lat' dir='ltr'><strong>illam</strong></span> <span class='ocrx_word' id='word_1_43' title='bbox 2113 678 2247 732; x_wconf 90' lang='lat' dir='ltr'><strong>opus</strong></span> 
     </span>
    </p>
   </div>
   <div class='ocr_carea' id='block_1_9' title="bbox 710 750 2251 819">
    <p class='ocr_par' dir='ltr' id='par_1_9' title="bbox 710 750 2251 819">
     <span class='ocr_line' id='line_1_10' title="bbox 710 750 2251 819; baseline 0.002 -15"><span class='ocrx_word' id='word_1_44' title='bbox 710 752 848 804; x_wconf 76' lang='lat' dir='ltr'><strong>foret</strong></span> <span class='ocrx_word' id='word_1_45' title='bbox 876 750 1063 805; x_wconf 83' lang='lat' dir='ltr'><strong>horam</strong></span> <span class='ocrx_word' id='word_1_46' title='bbox 1092 751 1397 811; x_wconf 81' lang='lat' dir='ltr'><strong>observare,</strong></span> <span class='ocrx_word' id='word_1_47' title='bbox 1426 762 1492 801; x_wconf 89' lang='lat' dir='ltr'><strong>ne</strong></span> <span class='ocrx_word' id='word_1_48' title='bbox 1524 757 1735 805; x_wconf 82' lang='lat' dir='ltr'><strong>nostras</strong></span> <span class='ocrx_word' id='word_1_49' title='bbox 1767 760 2069 819; x_wconf 84' lang='lat' dir='ltr'><strong>pateremur</strong></span> <span class='ocrx_word' id='word_1_50' title='bbox 2108 751 2251 807; x_wconf 63' lang='lat' dir='ltr'><strong>aedes</strong></span> 
     </span>
    </p>
   </div>
   <div class='ocr_carea' id='block_1_10' title="bbox 708 834 2249 906">
    <p class='ocr_par' dir='ltr' id='par_1_10' title="bbox 708 834 2249 906">
     <span class='ocr_line' id='line_1_11' title="bbox 708 834 2249 906; baseline 0.003 -16"><span class='ocrx_word' id='word_1_51' title='bbox 708 836 910 906; x_wconf 80' lang='lat' dir='ltr'><strong>periodi</strong></span> <span class='ocrx_word' id='word_1_52' title='bbox 938 854 951 890; x_wconf 89' lang='lat'><strong>:</strong></span> <span class='ocrx_word' id='word_1_53' title='bbox 984 851 1123 891; x_wconf 91' lang='lat' dir='ltr'><strong>nunc</strong></span> <span class='ocrx_word' id='word_1_54' title='bbox 1144 837 1263 904; x_wconf 90' lang='lat' dir='ltr'><strong>quia</strong></span> <span class='ocrx_word' id='word_1_55' title='bbox 1288 834 1401 890; x_wconf 74' lang='lat' dir='ltr'><strong>hzec</strong></span> <span class='ocrx_word' id='word_1_56' title='bbox 1440 835 1597 900; x_wconf 93' lang='lat' dir='ltr'><strong>latet,</strong></span> <span class='ocrx_word' id='word_1_57' title='bbox 1628 848 1884 906; x_wconf 87' lang='lat' dir='ltr'><strong>perpetuo</strong></span> <span class='ocrx_word' id='word_1_58' title='bbox 1909 849 2249 905; x_wconf 75' lang='lat' dir='ltr'><strong>experrectus</strong></span> 
     </span>
    </p>
   </div>
   <div class='ocr_carea' id='block_1_11' title="bbox 708 927 2249 999">
    <p class='ocr_par' dir='ltr' id='par_1_11' title="bbox 708 927 2249 999">
     <span class='ocr_line' id='line_1_12' title="bbox 708 927 2249 999; baseline 0.002 -17"><span class='ocrx_word' id='word_1_59' title='bbox 708 941 829 983; x_wconf 83' lang='lat' dir='ltr'><strong>esse</strong></span> <span class='ocrx_word' id='word_1_60' title='bbox 853 927 1113 996; x_wconf 77' lang='lat' dir='ltr'><strong>Oportebit</strong></span> <span class='ocrx_word' id='word_1_61' title='bbox 1138 943 1151 979; x_wconf 90' lang='lat'>:</span> <span class='ocrx_word' id='word_1_62' title='bbox 1184 940 1354 994; x_wconf 90' lang='lat' dir='ltr'><strong>neque</strong></span> <span class='ocrx_word' id='word_1_63' title='bbox 1379 927 1522 980; x_wconf 90' lang='lat' dir='ltr'><strong>enim</strong></span> <span class='ocrx_word' id='word_1_64' title='bbox 1551 928 1797 983; x_wconf 75' lang='lat' dir='ltr'><strong>novimus</strong></span> <span class='ocrx_word' id='word_1_65' title='bbox 1828 944 1932 999; x_wconf 86' lang='lat' dir='ltr'><strong>qua</strong></span> <span class='ocrx_word' id='word_1_66' title='bbox 1957 929 2044 983; x_wconf 87' lang='lat' dir='ltr'><strong>ille</strong></span> <span class='ocrx_word' id='word_1_67' title='bbox 2072 929 2249 999; x_wconf 73' lang='lat' dir='ltr'><strong>vigilia</strong></span> 
     </span>
    </p>
   </div>
   <div class='ocr_carea' id='block_1_12' title="bbox 709 1014 2246 1087">
    <p class='ocr_par' dir='ltr' id='par_1_12' title="bbox 709 1014 2246 1087">
     <span class='ocr_line' id='line_1_13' title="bbox 709 1014 2246 1087; baseline 0 -13"><span class='ocrx_word' id='word_1_68' title='bbox 709 1019 1068 1074; x_wconf 82' lang='lat' dir='ltr'><strong>incursionem</strong></span> <span class='ocrx_word' id='word_1_69' title='bbox 1099 1014 1281 1071; x_wconf 78' lang='lat' dir='ltr'><strong>faciet.</strong></span> <span class='ocrx_word' id='word_1_70' title='bbox 1310 1015 1485 1082; x_wconf 85' lang='lat' dir='ltr'><strong>Quare</strong></span> <span class='ocrx_word' id='word_1_71' title='bbox 1517 1032 1737 1084; x_wconf 87' lang='lat' dir='ltr'><strong>prorsus</strong></span> <span class='ocrx_word' id='word_1_72' title='bbox 1765 1018 2086 1087; x_wconf 70' lang='lat' dir='ltr'><strong>vigilandum</strong></span> <span class='ocrx_word' id='word_1_73' title='bbox 2132 1030 2246 1085; x_wconf 90' lang='lat' dir='ltr'><strong>est,</strong></span> 
     </span>
    </p>
   </div>
   <div class='ocr_carea' id='block_1_13' title="bbox 706 1103 2246 1173">
    <p class='ocr_par' dir='ltr' id='par_1_13' title="bbox 706 1103 2246 1173">
     <span class='ocr_line' id='line_1_14' title="bbox 706 1103 2246 1173; baseline 0.001 -13"><span class='ocrx_word' id='word_1_74' title='bbox 706 1105 958 1173; x_wconf 89' lang='lat' dir='ltr'><strong>omnique</strong></span> <span class='ocrx_word' id='word_1_75' title='bbox 1004 1103 1266 1168; x_wconf 86' lang='lat' dir='ltr'><strong>custodia,</strong></span> <span class='ocrx_word' id='word_1_76' title='bbox 1310 1114 1365 1157; x_wconf 91' lang='lat' dir='ltr'><strong>ut</strong></span> <span class='ocrx_word' id='word_1_77' title='bbox 1404 1104 1476 1157; x_wconf 92' lang='lat' dir='ltr'><strong>ait</strong></span> <span class='ocrx_word' id='word_1_78' title='bbox 1514 1104 1924 1160; x_wconf 86' lang='lat' dir='ltr'><strong>Proverbiorum</strong></span> <span class='ocrx_word' id='word_1_79' title='bbox 1968 1116 2157 1162; x_wconf 89' lang='lat' dir='ltr'><strong>auctor</strong></span> <span class='ocrx_word' id='word_1_80' title='bbox 2178 1108 2246 1170; x_wconf 84' lang='lat'><strong>”,</strong></span> 
     </span>
    </p>
   </div>
   <div class='ocr_carea' id='block_1_14' title="bbox 704 1193 2246 1262">
    <p class='ocr_par' dir='ltr' id='par_1_14' title="bbox 704 1193 2246 1262">
     <span class='ocr_line' id='line_1_15' title="bbox 704 1193 2246 1262; baseline 0.001 -13"><span class='ocrx_word' id='word_1_81' title='bbox 704 1194 1020 1249; x_wconf 88' lang='lat' dir='ltr'><strong>servandum</strong></span> <span class='ocrx_word' id='word_1_82' title='bbox 1046 1206 1168 1254; x_wconf 87' lang='lat' dir='ltr'><strong>cor;</strong></span> <span class='ocrx_word' id='word_1_83' title='bbox 1197 1193 1543 1262; x_wconf 86' lang='lat' dir='ltr'><strong>universaque</strong></span> <span class='ocrx_word' id='word_1_84' title='bbox 1571 1194 1686 1249; x_wconf 69' lang='lat' dir='ltr'><strong>haec</strong></span> <span class='ocrx_word' id='word_1_85' title='bbox 1717 1196 1963 1250; x_wconf 77' lang='lat' dir='ltr'><strong>mortalis</strong></span> <span class='ocrx_word' id='word_1_86' title='bbox 1992 1197 2113 1251; x_wconf 72' lang='lat' dir='ltr'><strong>vitae</strong></span> <span class='ocrx_word' id='word_1_87' title='bbox 2141 1214 2246 1252; x_wconf 77' lang='lat' dir='ltr'><strong>nox</strong></span> 
     </span>
    </p>
   </div>
   <div class='ocr_carea' id='block_1_15' title="bbox 704 1284 2249 1357">
    <p class='ocr_par' dir='ltr' id='par_1_15' title="bbox 704 1284 2249 1357">
     <span class='ocr_line' id='line_1_16' title="bbox 704 1284 2249 1357; baseline 0.001 -18"><span class='ocrx_word' id='word_1_88' title='bbox 704 1284 962 1339; x_wconf 83' lang='lat' dir='ltr'><strong>insomnis</strong></span> <span class='ocrx_word' id='word_1_89' title='bbox 1009 1284 1379 1353; x_wconf 80' lang='lat' dir='ltr'><strong>transigenda,</strong></span> <span class='ocrx_word' id='word_1_90' title='bbox 1422 1299 1489 1338; x_wconf 91' lang='lat' dir='ltr'><strong>ne</strong></span> <span class='ocrx_word' id='word_1_91' title='bbox 1535 1284 1673 1340; x_wconf 80' lang='lat' dir='ltr'><strong>forte</strong></span> <span class='ocrx_word' id='word_1_92' title='bbox 1722 1287 2107 1356; x_wconf 77' lang='lat' dir='ltr'><strong>direptionibus</strong></span> <span class='ocrx_word' id='word_1_93' title='bbox 2154 1303 2249 1357; x_wconf 85' lang='lat' dir='ltr'><strong>pa-</strong></span> 
     </span>
    </p>
   </div>
   <div class='ocr_carea' id='block_1_16' title="bbox 705 1375 2251 1447">
    <p class='ocr_par' dir='ltr' id='par_1_16' title="bbox 705 1375 2251 1447">
     <span class='ocr_line' id='line_1_17' title="bbox 705 1375 2251 1447; baseline 0.002 -19"><span class='ocrx_word' id='word_1_94' title='bbox 705 1382 934 1440; x_wconf 85' lang='lat' dir='ltr'><strong>teamus,</strong></span> <span class='ocrx_word' id='word_1_95' title='bbox 982 1388 1118 1429; x_wconf 87' lang='lat' dir='ltr'><strong>neve</strong></span> <span class='ocrx_word' id='word_1_96' title='bbox 1164 1375 1351 1428; x_wconf 74' lang='lat' dir='ltr'><strong>anima:</strong></span> <span class='ocrx_word' id='word_1_97' title='bbox 1393 1383 1588 1429; x_wconf 61' lang='lat' dir='ltr'><strong>nostra</strong></span> <span class='ocrx_word' id='word_1_98' title='bbox 1627 1376 1908 1431; x_wconf 81' lang='lat' dir='ltr'><strong>thesauros</strong></span> <span class='ocrx_word' id='word_1_99' title='bbox 1938 1377 2097 1431; x_wconf 71' lang='lat' dir='ltr'><strong>eﬂodi</strong></span> <span class='ocrx_word' id='word_1_100' title='bbox 2129 1392 2251 1447; x_wconf 86' lang='lat' dir='ltr'><strong>per-</strong></span> 
     </span>
    </p>
   </div>
   <div class='ocr_carea' id='block_1_17' title="bbox 706 1464 2246 1535">
    <p class='ocr_par' dir='ltr' id='par_1_17' title="bbox 706 1464 2246 1535">
     <span class='ocr_line' id='line_1_18' title="bbox 706 1464 2246 1535; baseline 0.003 -16"><span class='ocrx_word' id='word_1_101' title='bbox 706 1466 997 1521; x_wconf 89' lang='lat' dir='ltr'><strong>mittamus.</strong></span> <span class='ocrx_word' id='word_1_102' title='bbox 1030 1464 1120 1521; x_wconf 89' lang='lat' dir='ltr'><strong>Sic</strong></span> <span class='ocrx_word' id='word_1_103' title='bbox 1144 1466 1283 1519; x_wconf 89' lang='lat' dir='ltr'><strong>enim</strong></span> <span class='ocrx_word' id='word_1_104' title='bbox 1312 1466 1555 1534; x_wconf 89' lang='lat' dir='ltr'><strong>utrinque</strong></span> <span class='ocrx_word' id='word_1_105' title='bbox 1585 1475 1729 1523; x_wconf 88' lang='lat' dir='ltr'><strong>recte</strong></span> <span class='ocrx_word' id='word_1_106' title='bbox 1752 1468 2097 1535; x_wconf 87' lang='lat' dir='ltr'><strong>habebimus;</strong></span> <span class='ocrx_word' id='word_1_107' title='bbox 2132 1478 2246 1523; x_wconf 90' lang='lat' dir='ltr'><strong>tum</strong></span> 
     </span>
    </p>
   </div>
   <div class='ocr_carea' id='block_1_18' title="bbox 702 1555 2305 1626">
    <p class='ocr_par' dir='ltr' id='par_1_18' title="bbox 702 1555 2305 1626">
     <span class='ocr_line' id='line_1_19' title="bbox 702 1555 2305 1626; baseline 0.002 -17"><span class='ocrx_word' id='word_1_108' title='bbox 702 1556 830 1626; x_wconf 85' lang='lat' dir='ltr'><strong>quia</strong></span> <span class='ocrx_word' id='word_1_109' title='bbox 872 1556 1109 1625; x_wconf 89' lang='lat' dir='ltr'><strong>proprias</strong></span> <span class='ocrx_word' id='word_1_110' title='bbox 1132 1569 1259 1625; x_wconf 87' lang='lat' dir='ltr'><strong>opes</strong></span> <span class='ocrx_word' id='word_1_111' title='bbox 1292 1555 1410 1610; x_wconf 89' lang='lat' dir='ltr'><strong>tuiti</strong></span> <span class='ocrx_word' id='word_1_112' title='bbox 1457 1556 1742 1622; x_wconf 76' lang='lat' dir='ltr'><strong>fuerimus,</strong></span> <span class='ocrx_word' id='word_1_113' title='bbox 1770 1566 1881 1612; x_wconf 88' lang='lat' dir='ltr'><strong>tum</strong></span> <span class='ocrx_word' id='word_1_114' title='bbox 1909 1559 2037 1626; x_wconf 87' lang='lat' dir='ltr'><strong>quia</strong></span> <span class='ocrx_word' id='word_1_115' title='bbox 2071 1557 2248 1613; x_wconf 85' lang='lat' dir='ltr'><strong>Domi-</strong></span> <span class='ocrx_word' id='word_1_116' title='bbox 2293 1610 2305 1621; x_wconf 86' lang='grc'><strong>,</strong></span> 
     </span>
    </p>
   </div>
   <div class='ocr_carea' id='block_1_19' title="bbox 705 1637 2247 1718">
    <p class='ocr_par' dir='ltr' id='par_1_19' title="bbox 705 1637 2247 1718">
     <span class='ocr_line' id='line_1_20' title="bbox 705 1637 2247 1718; baseline 0.004 -20"><span class='ocrx_word' id='word_1_117' title='bbox 705 1661 832 1710; x_wconf 86' lang='lat' dir='ltr'><strong>num</strong></span> <span class='ocrx_word' id='word_1_118' title='bbox 884 1655 1153 1711; x_wconf 88' lang='lat' dir='ltr'><strong>nostrum,</strong></span> <span class='ocrx_word' id='word_1_119' title='bbox 1198 1637 1566 1702; x_wconf 41' lang='lat' dir='ltr'><strong>cum&#39;venerit</strong></span> <span class='ocrx_word' id='word_1_120' title='bbox 1610 1657 1665 1703; x_wconf 89' lang='lat' dir='ltr'><strong>et</strong></span> <span class='ocrx_word' id='word_1_121' title='bbox 1714 1649 2008 1718; x_wconf 80' lang='lat' dir='ltr'><strong>pulsaverit</strong></span> <span class='ocrx_word' id='word_1_122' title='bbox 2056 1650 2247 1705; x_wconf 68' lang='lat' dir='ltr'><strong>anima</strong></span> 
     </span>
    </p>
   </div>
   <div class='ocr_carea' id='block_1_20' title="bbox 2350 560 3904 640">
    <p class='ocr_par' dir='ltr' id='par_1_20' title="bbox 2350 560 3904 640">
     <span class='ocr_line' id='line_1_21' title="bbox 2350 560 3904 640; baseline -0.006 -18"><span class='ocrx_word' id='word_1_123' title='bbox 2350 572 2449 640; x_wconf 80' lang='grc' dir='ltr'><strong>χὴν</strong></span> <span class='ocrx_word' id='word_1_124' title='bbox 2486 567 2928 640; x_wconf 82' lang='grc' dir='ltr'>παραλαμόάνειν</span> <span class='ocrx_word' id='word_1_125' title='bbox 2958 565 3185 634; x_wconf 70' lang='grc' dir='ltr'>ἄγγελος</span> <span class='ocrx_word' id='word_1_126' title='bbox 3219 562 3358 617; x_wconf 80' lang='grc' dir='ltr'>κατὰ</span> <span class='ocrx_word' id='word_1_127' title='bbox 3392 561 3579 634; x_wconf 82' lang='grc' dir='ltr'>καιρὸν</span> <span class='ocrx_word' id='word_1_128' title='bbox 3612 560 3706 614; x_wconf 78' lang='grc' dir='ltr'><strong>τοῦ</strong></span> <span class='ocrx_word' id='word_1_129' title='bbox 3739 561 3904 615; x_wconf 83' lang='grc' dir='ltr'>θανά-</span> 
     </span>
    </p>
   </div>
   <div class='ocr_carea' id='block_1_21' title="bbox 2347 651 3903 729">
    <p class='ocr_par' dir='ltr' id='par_1_21' title="bbox 2347 651 3903 729">
     <span class='ocr_line' id='line_1_22' title="bbox 2347 651 3903 729; baseline -0.005 -16"><span class='ocrx_word' id='word_1_130' title='bbox 2347 676 2438 713; x_wconf 87' lang='grc' dir='ltr'><strong>του</strong></span> <span class='ocrx_word' id='word_1_131' title='bbox 2482 660 2612 728; x_wconf 83' lang='grc'><strong>(60).</strong></span> <span class='ocrx_word' id='word_1_132' title='bbox 2663 660 2727 711; x_wconf 79' lang='lat' dir='ltr'><strong>Ei</strong></span> <span class='ocrx_word' id='word_1_133' title='bbox 2763 658 2864 729; x_wconf 71' lang='grc' dir='ltr'>μὲν</span> <span class='ocrx_word' id='word_1_134' title='bbox 2910 653 3001 710; x_wconf 84' lang='grc' dir='ltr'>οὖν</span> <span class='ocrx_word' id='word_1_135' title='bbox 3022 655 3241 726; x_wconf 68' lang='grc' dir='ltr'>ᾔδειμεν</span> <span class='ocrx_word' id='word_1_136' title='bbox 3296 654 3389 707; x_wconf 81' lang='grc' dir='ltr'>τὸν</span> <span class='ocrx_word' id='word_1_137' title='bbox 3437 653 3624 723; x_wconf 78' lang='grc' dir='ltr'>καιρὸν</span> <span class='ocrx_word' id='word_1_138' title='bbox 3665 651 3768 722; x_wconf 78' lang='grc' dir='ltr'>τῆς</span> <span class='ocrx_word' id='word_1_139' title='bbox 3811 651 3903 705; x_wconf 72' lang='grc' dir='ltr'><strong>τοῦ</strong></span> 
     </span>
    </p>
   </div>
   <div class='ocr_carea' id='block_1_22' title="bbox 2348 741 3905 817">
    <p class='ocr_par' dir='ltr' id='par_1_22' title="bbox 2348 741 3905 817">
     <span class='ocr_line' id='line_1_23' title="bbox 2348 741 3905 817; baseline -0.004 -16"><span class='ocrx_word' id='word_1_140' title='bbox 2348 749 2576 802; x_wconf 81' lang='grc' dir='ltr'>κλέπτου</span> <span class='ocrx_word' id='word_1_141' title='bbox 2618 748 2942 817; x_wconf 81' lang='grc' dir='ltr'><strong>παρουσίας,</strong></span> <span class='ocrx_word' id='word_1_142' title='bbox 2981 750 3081 817; x_wconf 77' lang='grc' dir='ltr'>τὴν</span> <span class='ocrx_word' id='word_1_143' title='bbox 3115 744 3263 815; x_wconf 83' lang='grc' dir='ltr'>ὥραν</span> <span class='ocrx_word' id='word_1_144' title='bbox 3298 744 3463 813; x_wconf 69' lang='grc' dir='ltr'>ιχρῆν</span> <span class='ocrx_word' id='word_1_145' title='bbox 3492 744 3705 813; x_wconf 76' lang='grc' dir='ltr'>ἐκείνην</span> <span class='ocrx_word' id='word_1_146' title='bbox 3738 741 3905 812; x_wconf 77' lang='grc' dir='ltr'>μόνην</span> 
     </span>
    </p>
   </div>
   <div class='ocr_carea' id='block_1_23' title="bbox 2349 832 3903 909">
    <p class='ocr_par' dir='ltr' id='par_1_23' title="bbox 2349 832 3903 909">
     <span class='ocr_line' id='line_1_24' title="bbox 2349 832 3903 909; baseline -0.005 -17"><span class='ocrx_word' id='word_1_147' title='bbox 2349 841 2643 909; x_wconf 72' lang='grc' dir='ltr'>ἐπιτηρεῖν,</span> <span class='ocrx_word' id='word_1_148' title='bbox 2674 838 2811 907; x_wconf 72' lang='grc' dir='ltr'>πρὸς</span> <span class='ocrx_word' id='word_1_149' title='bbox 2835 838 2896 890; x_wconf 84' lang='grc' dir='ltr'><strong>τὺ</strong></span> <span class='ocrx_word' id='word_1_150' title='bbox 2928 837 3001 907; x_wconf 81' lang='grc' dir='ltr'>μὴ</span> <span class='ocrx_word' id='word_1_151' title='bbox 3035 835 3247 903; x_wconf 81' lang='grc' dir='ltr'>ἀφιέναι</span> <span class='ocrx_word' id='word_1_152' title='bbox 3281 833 3587 905; x_wconf 79' lang='grc' dir='ltr'>διορυγῆναι</span> <span class='ocrx_word' id='word_1_153' title='bbox 3814 832 3903 885; x_wconf 76' lang='grc' dir='ltr'>τὸν</span> 
     </span>
    </p>
   </div>
   <div class='ocr_carea' id='block_1_24' title="bbox 2348 916 3901 1002">
    <p class='ocr_par' dir='ltr' id='par_1_24' title="bbox 2348 916 3901 1002">
     <span class='ocr_line' id='line_1_25' title="bbox 2348 916 3901 1002; baseline -0.003 -19"><span class='ocrx_word' id='word_1_154' title='bbox 2348 926 2494 983; x_wconf 81' lang='grc' dir='ltr'>οἷκον</span> <span class='ocrx_word' id='word_1_155' title='bbox 2514 948 2526 959; x_wconf 93' lang='grc'><strong>·</strong></span> <span class='ocrx_word' id='word_1_156' title='bbox 2562 930 2684 983; x_wconf 76' lang='grc' dir='ltr'>ἐπεὶ</span> <span class='ocrx_word' id='word_1_157' title='bbox 2723 928 2780 981; x_wconf 80' lang='grc' dir='ltr'>δὲ</span> <span class='ocrx_word' id='word_1_158' title='bbox 2811 927 3002 999; x_wconf 66' lang='grc' dir='ltr'>ἄδηλός</span> <span class='ocrx_word' id='word_1_159' title='bbox 3029 930 3175 980; x_wconf 67' lang='grc' dir='ltr'>ἔστιν</span> <span class='ocrx_word' id='word_1_160' title='bbox 3214 916 3386 1002; x_wconf 71' lang='grc' dir='ltr'>οὗτος,</span> <span class='ocrx_word' id='word_1_161' title='bbox 3420 924 3598 994; x_wconf 80' lang='grc' dir='ltr'><strong>δεήσει</strong></span> <span class='ocrx_word' id='word_1_162' title='bbox 3625 925 3711 977; x_wconf 78' lang='grc' dir='ltr'><strong>ἀεὶ</strong></span> <span class='ocrx_word' id='word_1_163' title='bbox 3736 926 3901 995; x_wconf 67' lang='grc' dir='ltr'>ὲγρη-</span> 
     </span>
    </p>
   </div>
   <div class='ocr_carea' id='block_1_25' title="bbox 2349 1013 3904 1089">
    <p class='ocr_par' dir='ltr' id='par_1_25' title="bbox 2349 1013 3904 1089">
     <span class='ocr_line' id='line_1_26' title="bbox 2349 1013 3904 1089; baseline -0.004 -16"><span class='ocrx_word' id='word_1_164' title='bbox 2349 1021 2563 1089; x_wconf 82' lang='grc' dir='ltr'>γορὲναι</span> <span class='ocrx_word' id='word_1_165' title='bbox 2579 1036 2593 1050; x_wconf 88' lang='grc'><strong>·</strong></span> <span class='ocrx_word' id='word_1_166' title='bbox 2619 1019 2681 1071; x_wconf 88' lang='grc' dir='ltr'><strong>ού</strong></span> <span class='ocrx_word' id='word_1_167' title='bbox 2715 1018 2822 1088; x_wconf 85' lang='grc' dir='ltr'><strong>γὰρ</strong></span> <span class='ocrx_word' id='word_1_168' title='bbox 2847 1018 3003 1087; x_wconf 84' lang='grc' dir='ltr'>ίσμεν</span> <span class='ocrx_word' id='word_1_169' title='bbox 3028 1016 3189 1087; x_wconf 77' lang='grc' dir='ltr'>ὁποίᾳ</span> <span class='ocrx_word' id='word_1_170' title='bbox 3212 1015 3423 1084; x_wconf 81' lang='grc' dir='ltr'>φυλακῇ</span> <span class='ocrx_word' id='word_1_171' title='bbox 3449 1013 3782 1081; x_wconf 73' lang='grc' dir='ltr'>ἐπιθήσεται.</span> <span class='ocrx_word' id='word_1_172' title='bbox 3815 1014 3904 1067; x_wconf 82' lang='grc' dir='ltr'>Διδ</span> 
     </span>
    </p>
   </div>
   <div class='ocr_carea' id='block_1_26' title="bbox 2347 1105 3907 1179">
    <p class='ocr_par' dir='ltr' id='par_1_26' title="bbox 2347 1105 3907 1179">
     <span class='ocr_line' id='line_1_27' title="bbox 2347 1105 3907 1179; baseline -0.003 -18"><span class='ocrx_word' id='word_1_173' title='bbox 2347 1110 2711 1179; x_wconf 83' lang='grc' dir='ltr'>γρηγορητέον</span> <span class='ocrx_word' id='word_1_174' title='bbox 2749 1108 2840 1161; x_wconf 82' lang='grc' dir='ltr'>διὰ</span> <span class='ocrx_word' id='word_1_175' title='bbox 2886 1108 3105 1171; x_wconf 83' lang='grc' dir='ltr'>παντὸς,</span> <span class='ocrx_word' id='word_1_176' title='bbox 3146 1108 3240 1160; x_wconf 76' lang='grc' dir='ltr'>καὶ</span> <span class='ocrx_word' id='word_1_177' title='bbox 3286 1105 3434 1175; x_wconf 81' lang='grc' dir='ltr'>πάσῃ</span> <span class='ocrx_word' id='word_1_178' title='bbox 3478 1105 3689 1176; x_wconf 74' lang='grc' dir='ltr'>φυλακῇ</span> <span class='ocrx_word' id='word_1_179' title='bbox 3736 1121 3907 1177; x_wconf 86' lang='grc' dir='ltr'>τηρη-</span> 
     </span>
    </p>
   </div>
   <div class='ocr_carea' id='block_1_27' title="bbox 2346 1197 3908 1271">
    <p class='ocr_par' dir='ltr' id='par_1_27' title="bbox 2346 1197 3908 1271">
     <span class='ocr_line' id='line_1_28' title="bbox 2346 1197 3908 1271; baseline -0.001 -20"><span class='ocrx_word' id='word_1_180' title='bbox 2346 1202 2464 1253; x_wconf 80' lang='grc' dir='ltr'>τέον</span> <span class='ocrx_word' id='word_1_181' title='bbox 2490 1201 2586 1271; x_wconf 83' lang='grc' dir='ltr'>τὴν</span> <span class='ocrx_word' id='word_1_182' title='bbox 2616 1198 2839 1271; x_wconf 75' lang='grc' dir='ltr'><strong>καρδίαν</strong></span> <span class='ocrx_word' id='word_1_183' title='bbox 2879 1199 3021 1251; x_wconf 84' lang='grc' dir='ltr'>κατὰ</span> <span class='ocrx_word' id='word_1_184' title='bbox 3050 1200 3141 1252; x_wconf 83' lang='grc' dir='ltr'>τὸν</span> <span class='ocrx_word' id='word_1_185' title='bbox 3169 1197 3584 1270; x_wconf 80' lang='grc' dir='ltr'>παροιμιασ-τὴν,</span> <span class='ocrx_word' id='word_1_186' title='bbox 3617 1198 3710 1250; x_wconf 81' lang='grc' dir='ltr'>καὶ</span> <span class='ocrx_word' id='word_1_187' title='bbox 3735 1198 3908 1266; x_wconf 59' lang='lat' dir='ltr'><strong>arrpu-</strong></span> 
     </span>
    </p>
   </div>
   <div class='ocr_carea' id='block_1_28' title="bbox 2348 1285 3908 1359">
    <p class='ocr_par' dir='ltr' id='par_1_28' title="bbox 2348 1285 3908 1359">
     <span class='ocr_line' id='line_1_29' title="bbox 2348 1285 3908 1359; baseline -0.003 -17"><span class='ocrx_word' id='word_1_188' title='bbox 2348 1289 2572 1359; x_wconf 85' lang='grc' dir='ltr'>πνητέον</span> <span class='ocrx_word' id='word_1_189' title='bbox 2592 1287 2679 1342; x_wconf 82' lang='grc' dir='ltr'><strong>διὰ</strong></span> <span class='ocrx_word' id='word_1_190' title='bbox 2702 1289 2882 1358; x_wconf 84' lang='grc' dir='ltr'>πάσης</span> <span class='ocrx_word' id='word_1_191' title='bbox 2906 1289 3007 1356; x_wconf 83' lang='grc' dir='ltr'>τῆς</span> <span class='ocrx_word' id='word_1_192' title='bbox 3030 1287 3125 1341; x_wconf 81' lang='grc' dir='ltr'><strong>τοῦ</strong></span> <span class='ocrx_word' id='word_1_193' title='bbox 3152 1288 3344 1357; x_wconf 81' lang='grc' dir='ltr'>θνητοῦ</span> <span class='ocrx_word' id='word_1_194' title='bbox 3375 1286 3490 1357; x_wconf 84' lang='grc' dir='ltr'>βίου</span> <span class='ocrx_word' id='word_1_195' title='bbox 3518 1285 3731 1349; x_wconf 74' lang='grc' dir='ltr'>νυκτὸς,</span> <span class='ocrx_word' id='word_1_196' title='bbox 3762 1286 3908 1349; x_wconf 79' lang='grc' dir='ltr'>ὅπως</span> 
     </span>
    </p>
   </div>
   <div class='ocr_carea' id='block_1_29' title="bbox 2347 1375 3909 1450">
    <p class='ocr_par' dir='ltr' id='par_1_29' title="bbox 2347 1375 3909 1450">
     <span class='ocr_line' id='line_1_30' title="bbox 2347 1375 3909 1450; baseline -0.003 -17"><span class='ocrx_word' id='word_1_197' title='bbox 2347 1380 2531 1433; x_wconf 79' lang='grc' dir='ltr'>άσυλοι</span> <span class='ocrx_word' id='word_1_198' title='bbox 2557 1380 2919 1450; x_wconf 86' lang='grc' dir='ltr'>διαμένωμεν,</span> <span class='ocrx_word' id='word_1_199' title='bbox 2955 1379 3030 1449; x_wconf 77' lang='grc' dir='ltr'>μὴ</span> <span class='ocrx_word' id='word_1_200' title='bbox 3058 1379 3253 1441; x_wconf 61' lang='grc' dir='ltr'>ζῶντες</span> <span class='ocrx_word' id='word_1_201' title='bbox 3278 1377 3589 1450; x_wconf 85' lang='grc' dir='ltr'>διορυγῆναι</span> <span class='ocrx_word' id='word_1_202' title='bbox 3607 1376 3765 1446; x_wconf 78' lang='grc' dir='ltr'>ἡμῶν</span> <span class='ocrx_word' id='word_1_203' title='bbox 3783 1375 3909 1438; x_wconf 80' lang='grc' dir='ltr'>τοὺς</span> 
     </span>
    </p>
   </div>
   <div class='ocr_carea' id='block_1_30' title="bbox 2343 1462 3907 1541">
    <p class='ocr_par' dir='ltr' id='par_1_30' title="bbox 2343 1462 3907 1541">
     <span class='ocr_line' id='line_1_31' title="bbox 2343 1462 3907 1541; baseline -0.002 -19"><span class='ocrx_word' id='word_1_204' title='bbox 2343 1470 2444 1541; x_wconf 84' lang='grc' dir='ltr'>τῆς</span> <span class='ocrx_word' id='word_1_205' title='bbox 2473 1469 2647 1540; x_wconf 81' lang='grc' dir='ltr'>ψυχῆς</span> <span class='ocrx_word' id='word_1_206' title='bbox 2679 1469 2983 1541; x_wconf 87' lang='grc' dir='ltr'>θησαυρούς</span> <span class='ocrx_word' id='word_1_207' title='bbox 3010 1482 3024 1498; x_wconf 71' lang='grc'><strong><em>⁵</em></strong></span> <span class='ocrx_word' id='word_1_208' title='bbox 3054 1467 3195 1521; x_wconf 74' lang='grc' dir='ltr'>οὕτω</span> <span class='ocrx_word' id='word_1_209' title='bbox 3215 1467 3322 1539; x_wconf 83' lang='grc' dir='ltr'>γὰρ</span> <span class='ocrx_word' id='word_1_210' title='bbox 3355 1467 3503 1521; x_wconf 79' lang='grc' dir='ltr'>ἔσται</span> <span class='ocrx_word' id='word_1_211' title='bbox 3534 1466 3665 1537; x_wconf 74' lang='grc' dir='ltr'>ἡμῖν</span> <span class='ocrx_word' id='word_1_212' title='bbox 3697 1462 3757 1519; x_wconf 76' lang='grc' dir='ltr'>εὖ</span> <span class='ocrx_word' id='word_1_213' title='bbox 3788 1467 3907 1534; x_wconf 72' lang='grc' dir='ltr'>κατ’</span> 
     </span>
    </p>
   </div>
   <div class='ocr_carea' id='block_1_31' title="bbox 2346 1556 3909 1631">
    <p class='ocr_par' dir='ltr' id='par_1_31' title="bbox 2346 1556 3909 1631">
     <span class='ocr_line' id='line_1_32' title="bbox 2346 1556 3909 1631; baseline -0.003 -17"><span class='ocrx_word' id='word_1_214' title='bbox 2346 1560 2649 1631; x_wconf 80' lang='grc' dir='ltr'>ἀμφότερα,</span> <span class='ocrx_word' id='word_1_215' title='bbox 2701 1560 2785 1612; x_wconf 81' lang='grc' dir='ltr'>ὅτι</span> <span class='ocrx_word' id='word_1_216' title='bbox 2844 1576 2904 1613; x_wconf 89' lang='grc' dir='ltr'><strong>τε</strong></span> <span class='ocrx_word' id='word_1_217' title='bbox 2965 1558 3109 1612; x_wconf 84' lang='grc' dir='ltr'>σώαν</span> <span class='ocrx_word' id='word_1_218' title='bbox 3167 1558 3505 1628; x_wconf 75' lang='grc' dir='ltr'>ὲφυλάξαμεν</span> <span class='ocrx_word' id='word_1_219' title='bbox 3556 1558 3655 1627; x_wconf 79' lang='grc' dir='ltr'><strong>τὴν</strong></span> <span class='ocrx_word' id='word_1_220' title='bbox 3704 1556 3909 1610; x_wconf 73' lang='grc' dir='ltr'>ἑαυτῶν</span> 
     </span>
    </p>
   </div>
   <div class='ocr_carea' id='block_1_32' title="bbox 2346 1648 3909 1722">
    <p class='ocr_par' dir='ltr' id='par_1_32' title="bbox 2346 1648 3909 1722">
     <span class='ocr_line' id='line_1_33' title="bbox 2346 1648 3909 1722; baseline -0.001 -20"><span class='ocrx_word' id='word_1_221' title='bbox 2346 1648 2595 1721; x_wconf 79' lang='grc' dir='ltr'>ὓπαρξιν,</span> <span class='ocrx_word' id='word_1_222' title='bbox 2638 1653 2733 1704; x_wconf 81' lang='grc' dir='ltr'>καὶ</span> <span class='ocrx_word' id='word_1_223' title='bbox 2776 1652 2859 1704; x_wconf 84' lang='grc' dir='ltr'>ὅτι</span> <span class='ocrx_word' id='word_1_224' title='bbox 2895 1651 2985 1703; x_wconf 82' lang='grc' dir='ltr'>τὸν</span> <span class='ocrx_word' id='word_1_225' title='bbox 3022 1650 3223 1722; x_wconf 81' lang='grc' dir='ltr'><strong>Κύριον</strong></span> <span class='ocrx_word' id='word_1_226' title='bbox 3270 1649 3425 1720; x_wconf 78' lang='grc' dir='ltr'>ἡμῶν</span> <span class='ocrx_word' id='word_1_227' title='bbox 3470 1650 3765 1702; x_wconf 75' lang='grc' dir='ltr'>ἐπιστάντα</span> <span class='ocrx_word' id='word_1_228' title='bbox 3819 1649 3909 1702; x_wconf 76' lang='grc' dir='ltr'><strong>καὶ</strong></span> 
     </span>
    </p>
   </div>
   <div class='ocr_carea' id='block_1_33' title="bbox 706 1737 2251 1811">
    <p class='ocr_par' dir='ltr' id='par_1_33' title="bbox 706 1737 2242 1809">
     <span class='ocr_line' id='line_1_34' title="bbox 706 1737 2242 1809; baseline 0.003 -20"><span class='ocrx_word' id='word_1_229' title='bbox 706 1745 904 1790; x_wconf 70' lang='lat' dir='ltr'><strong>nostra</strong></span> <span class='ocrx_word' id='word_1_230' title='bbox 930 1737 1088 1799; x_wconf 80' lang='lat' dir='ltr'><strong>fores,</strong></span> <span class='ocrx_word' id='word_1_231' title='bbox 1115 1744 1357 1806; x_wconf 88' lang='lat' dir='ltr'><strong>prompte</strong></span> <span class='ocrx_word' id='word_1_232' title='bbox 1381 1737 1729 1804; x_wconf 81' lang='lat' dir='ltr'><strong>excipiemus,</strong></span> <span class='ocrx_word' id='word_1_233' title='bbox 1757 1738 1969 1809; x_wconf 86' lang='lat' dir='ltr'><strong>copiosa</strong></span> <span class='ocrx_word' id='word_1_234' title='bbox 2001 1737 2242 1809; x_wconf 85' lang='lat' dir='ltr'><strong>lampade</strong></span> 
     </span>
    </p>
   </div>
   <div class='ocr_carea' id='block_1_34' title="bbox 2345 1737 3909 1811">
    <p class='ocr_par' dir='ltr' id='par_1_34' title="bbox 2349 1738 3909 1811">
     <span class='ocr_line' id='line_1_35' title="bbox 2349 1738 3909 1811; baseline -0.001 -18"><span class='ocrx_word' id='word_1_235' title='bbox 2349 1740 2649 1811; x_wconf 75' lang='grc' dir='ltr'>κρούσαντα</span> <span class='ocrx_word' id='word_1_236' title='bbox 2680 1742 2779 1811; x_wconf 77' lang='grc' dir='ltr'>τῆς</span> <span class='ocrx_word' id='word_1_237' title='bbox 2804 1741 2980 1811; x_wconf 75' lang='grc' dir='ltr'>ψυχῆς</span> <span class='ocrx_word' id='word_1_238' title='bbox 3005 1741 3159 1810; x_wconf 85' lang='grc' dir='ltr'>ἡμῶν</span> <span class='ocrx_word' id='word_1_239' title='bbox 3186 1738 3284 1810; x_wconf 78' lang='grc' dir='ltr'>τὴν</span> <span class='ocrx_word' id='word_1_240' title='bbox 3318 1738 3505 1809; x_wconf 87' lang='grc' dir='ltr'>θύραν,</span> <span class='ocrx_word' id='word_1_241' title='bbox 3543 1739 3773 1807; x_wconf 64' lang='grc' dir='ltr'>ἑτοίμως</span> <span class='ocrx_word' id='word_1_242' title='bbox 3810 1738 3909 1791; x_wconf 67' lang='grc' dir='ltr'>ὐπα-</span> 
     </span>
    </p>
   </div>
   <div class='ocr_carea' id='block_1_35' title="bbox 705 1826 1621 1897">
    <p class='ocr_par' dir='ltr' id='par_1_35' title="bbox 705 1826 1621 1897">
     <span class='ocr_line' id='line_1_36' title="bbox 705 1826 1621 1897; baseline 0.001 -16"><span class='ocrx_word' id='word_1_243' title='bbox 705 1826 973 1892; x_wconf 83' lang='lat' dir='ltr'><strong>iustructi,</strong></span> <span class='ocrx_word' id='word_1_244' title='bbox 998 1826 1316 1897; x_wconf 87' lang='lat' dir='ltr'><strong>lumbosque</strong></span> <span class='ocrx_word' id='word_1_245' title='bbox 1342 1827 1621 1883; x_wconf 86' lang='lat' dir='ltr'><strong>succincti.</strong></span> 
     </span>
    </p>
   </div>
   <div class='ocr_carea' id='block_1_36' title="bbox 749 2000 2246 2128">
    <p class='ocr_par' dir='ltr' id='par_1_36' title="bbox 749 2000 2246 2128">
     <span class='ocr_line' id='line_1_37' title="bbox 749 2000 2246 2128; baseline 0.002 -71"><span class='ocrx_word' id='word_1_246' title='bbox 749 2005 833 2058; x_wconf 75' lang='lat' dir='ltr'><strong>Ait</strong></span> <span class='ocrx_word' id='word_1_247' title='bbox 870 2004 1156 2060; x_wconf 72' lang='lat' dir='ltr'><strong>Dominus:</strong></span> <span class='ocrx_word' id='word_1_248' title='bbox 1188 2000 1437 2127; x_wconf 57' lang='lat' dir='ltr'><strong>Quiane:</strong></span> <span class='ocrx_word' id='word_1_249' title='bbox 1478 2013 1566 2128; x_wconf 60' lang='lat' dir='ltr'><strong>ut?</strong></span> <span class='ocrx_word' id='word_1_250' title='bbox 1585 2002 1753 2072; x_wconf 74' lang='lat' dir='ltr'><strong>ﬁdelis</strong></span> <span class='ocrx_word' id='word_1_251' title='bbox 1800 2003 2000 2060; x_wconf 70' lang='lat' dir='ltr'><strong>villicus</strong></span> <span class='ocrx_word' id='word_1_252' title='bbox 2040 2015 2087 2059; x_wconf 80' lang='lat' dir='ltr'><strong>et</strong></span> <span class='ocrx_word' id='word_1_253' title='bbox 2119 2021 2246 2075; x_wconf 71' lang='lat' dir='ltr'><strong>pru-</strong></span> 
     </span>
     <span class='ocr_line' id='line_1_38' title="bbox 1428 2090 1517 2128; baseline 0.011 -1"><span class='ocrx_word' id='word_1_254' title='bbox 1428 2090 1517 2128; x_wconf 75' lang='lat' dir='ltr'><strong>ens</strong></span> 
     </span>
    </p>
   </div>
   <div class='ocr_carea' id='block_1_37' title="bbox 1428 2090 1517 2128">
    <p class='ocr_par' dir='ltr' id='par_1_37' title="bbox 1428 2090 1517 2128">
     <span class='ocr_line' id='line_1_39' title="bbox 1428 2090 1517 2128; baseline 0.011 -1"><span class='ocrx_word' id='word_1_255' title='bbox 1428 2090 1517 2128; x_wconf 68' lang='grc' dir='ltr'><strong>ΘΜ</strong></span> 
     </span>
    </p>
   </div>
   <div class='ocr_carea' id='block_1_38' title="bbox 767 2162 2247 2233">
    <p class='ocr_par' dir='ltr' id='par_1_38' title="bbox 767 2162 2247 2233">
     <span class='ocr_line' id='line_1_40' title="bbox 767 2162 2247 2233; baseline 0.001 -16"><span class='ocrx_word' id='word_1_256' title='bbox 767 2162 931 2218; x_wconf 86' lang='lat' dir='ltr'><strong>Petro</strong></span> <span class='ocrx_word' id='word_1_257' title='bbox 962 2164 1167 2233; x_wconf 75' lang='lat' dir='ltr'><strong>roganti</strong></span> <span class='ocrx_word' id='word_1_258' title='bbox 1199 2164 1279 2219; x_wconf 89' lang='lat' dir='ltr'><strong>sic</strong></span> <span class='ocrx_word' id='word_1_259' title='bbox 1318 2163 1626 2232; x_wconf 89' lang='lat' dir='ltr'><strong>respondet.</strong></span> <span class='ocrx_word' id='word_1_260' title='bbox 1657 2171 1717 2219; x_wconf 88' lang='lat' dir='ltr'><strong>ut</strong></span> <span class='ocrx_word' id='word_1_261' title='bbox 1750 2164 1943 2220; x_wconf 86' lang='lat' dir='ltr'><strong>doceat</strong></span> <span class='ocrx_word' id='word_1_262' title='bbox 1988 2178 2047 2219; x_wconf 77' lang='lat' dir='ltr'><strong>re</strong></span> <span class='ocrx_word' id='word_1_263' title='bbox 2094 2164 2247 2220; x_wconf 85' lang='lat' dir='ltr'><strong>inde-</strong></span> 
     </span>
    </p>
   </div>
   <div class='ocr_carea' id='block_1_39' title="bbox 702 2251 2243 2309">
    <p class='ocr_par' dir='ltr' id='par_1_39' title="bbox 702 2251 2243 2309">
     <span class='ocr_line' id='line_1_41' title="bbox 702 2251 2243 2309; baseline 0.001 -3"><span class='ocrx_word' id='word_1_264' title='bbox 702 2252 849 2309; x_wconf 79' lang='lat' dir='ltr'><strong>ﬁnite</strong></span> <span class='ocrx_word' id='word_1_265' title='bbox 892 2254 1163 2309; x_wconf 82' lang='lat' dir='ltr'><strong>universos</strong></span> <span class='ocrx_word' id='word_1_266' title='bbox 1196 2254 1479 2309; x_wconf 90' lang='lat' dir='ltr'><strong>allocutum</strong></span> <span class='ocrx_word' id='word_1_267' title='bbox 1512 2251 1695 2308; x_wconf 78' lang='lat' dir='ltr'><strong>fuisse.</strong></span> <span class='ocrx_word' id='word_1_268' title='bbox 1742 2252 2119 2309; x_wconf 70' lang='lat' dir='ltr'><strong>Verumtamen</strong></span> <span class='ocrx_word' id='word_1_269' title='bbox 2151 2269 2243 2308; x_wconf 80' lang='lat' dir='ltr'><strong>su-</strong></span> 
     </span>
    </p>
   </div>
   <div class='ocr_carea' id='block_1_40' title="bbox 701 2342 2240 2414">
    <p class='ocr_par' dir='ltr' id='par_1_40' title="bbox 701 2342 2240 2414">
     <span class='ocr_line' id='line_1_42' title="bbox 701 2342 2240 2414; baseline 0.002 -17"><span class='ocrx_word' id='word_1_270' title='bbox 701 2344 909 2412; x_wconf 91' lang='lat' dir='ltr'><strong>periora</strong></span> <span class='ocrx_word' id='word_1_271' title='bbox 937 2342 1023 2397; x_wconf 88' lang='lat' dir='ltr'><strong>illa</strong></span> <span class='ocrx_word' id='word_1_272' title='bbox 1050 2344 1190 2399; x_wconf 91' lang='lat' dir='ltr'><strong>dicta</strong></span> <span class='ocrx_word' id='word_1_273' title='bbox 1220 2343 1455 2407; x_wconf 80' lang='lat' dir='ltr'><strong>luerunt,</strong></span> <span class='ocrx_word' id='word_1_274' title='bbox 1481 2352 1537 2397; x_wconf 89' lang='lat' dir='ltr'><strong>ut</strong></span> <span class='ocrx_word' id='word_1_275' title='bbox 1564 2352 1873 2399; x_wconf 87' lang='lat' dir='ltr'><strong>constanter</strong></span> <span class='ocrx_word' id='word_1_276' title='bbox 1898 2344 2240 2414; x_wconf 72' lang='lat' dir='ltr'><strong>vigilaremus</strong></span> 
     </span>
    </p>
   </div>
   <div class='ocr_carea' id='block_1_41' title="bbox 699 2432 2236 2501">
    <p class='ocr_par' dir='ltr' id='par_1_41' title="bbox 699 2432 2236 2501">
     <span class='ocr_line' id='line_1_43' title="bbox 699 2432 2236 2501; baseline 0.003 -15"><span class='ocrx_word' id='word_1_277' title='bbox 699 2442 916 2501; x_wconf 90' lang='lat' dir='ltr'><strong>propter</strong></span> <span class='ocrx_word' id='word_1_278' title='bbox 965 2432 1133 2487; x_wconf 79' lang='lat' dir='ltr'><strong>furem</strong></span> <span class='ocrx_word' id='word_1_279' title='bbox 1180 2432 1472 2487; x_wconf 85' lang='lat' dir='ltr'><strong>cavendum</strong></span> <span class='ocrx_word' id='word_1_280' title='bbox 1517 2441 1572 2485; x_wconf 89' lang='lat' dir='ltr'><strong>et</strong></span> <span class='ocrx_word' id='word_1_281' title='bbox 1619 2441 1835 2501; x_wconf 87' lang='lat' dir='ltr'><strong>propter</strong></span> <span class='ocrx_word' id='word_1_282' title='bbox 1882 2432 2093 2487; x_wconf 86' lang='lat' dir='ltr'><strong>Domini</strong></span> <span class='ocrx_word' id='word_1_283' title='bbox 2138 2435 2236 2490; x_wconf 89' lang='lat' dir='ltr'><strong>ad-</strong></span> 
     </span>
    </p>
   </div>
   <div class='ocr_carea' id='block_1_42' title="bbox 698 2519 2240 2590">
    <p class='ocr_par' dir='ltr' id='par_1_42' title="bbox 698 2519 2240 2590">
     <span class='ocr_line' id='line_1_44' title="bbox 698 2519 2240 2590; baseline 0.001 -15"><span class='ocrx_word' id='word_1_284' title='bbox 698 2529 936 2575; x_wconf 78' lang='lat' dir='ltr'><strong>ventum.</strong></span> <span class='ocrx_word' id='word_1_285' title='bbox 963 2519 1131 2584; x_wconf 79' lang='lat' dir='ltr'><strong>Nunc,</strong></span> <span class='ocrx_word' id='word_1_286' title='bbox 1156 2535 1274 2589; x_wconf 78' lang='lat' dir='ltr'><strong>qua:</strong></span> <span class='ocrx_word' id='word_1_287' title='bbox 1306 2520 1419 2575; x_wconf 81' lang='lat' dir='ltr'><strong>ﬂeri</strong></span> <span class='ocrx_word' id='word_1_288' title='bbox 1450 2520 1588 2573; x_wconf 88' lang='lat' dir='ltr'><strong>inter</strong></span> <span class='ocrx_word' id='word_1_289' title='bbox 1626 2520 1945 2587; x_wconf 73' lang='lat' dir='ltr'><strong>vigilandum</strong></span> <span class='ocrx_word' id='word_1_290' title='bbox 1974 2530 2240 2590; x_wconf 84' lang='lat' dir='ltr'><strong>oporteat,</strong></span> 
     </span>
    </p>
   </div>
   <div class='ocr_carea' id='block_1_43' title="bbox 698 2610 2241 2678">
    <p class='ocr_par' dir='ltr' id='par_1_43' title="bbox 698 2610 2241 2678">
     <span class='ocr_line' id='line_1_45' title="bbox 698 2610 2241 2678; baseline -0.002 -12"><span class='ocrx_word' id='word_1_291' title='bbox 698 2611 1004 2667; x_wconf 82' lang='lat' dir='ltr'><strong>necessario</strong></span> <span class='ocrx_word' id='word_1_292' title='bbox 1047 2610 1232 2675; x_wconf 89' lang='lat' dir='ltr'><strong>addit;</strong></span> <span class='ocrx_word' id='word_1_293' title='bbox 1281 2624 1469 2678; x_wconf 87' lang='lat' dir='ltr'><strong>nempe</strong></span> <span class='ocrx_word' id='word_1_294' title='bbox 1512 2610 1756 2663; x_wconf 85' lang='lat' dir='ltr'><strong>hortatur</strong></span> <span class='ocrx_word' id='word_1_295' title='bbox 1798 2618 1857 2665; x_wconf 89' lang='lat' dir='ltr'><strong>ut</strong></span> <span class='ocrx_word' id='word_1_296' title='bbox 1892 2624 1959 2663; x_wconf 88' lang='lat' dir='ltr'><strong>ne</strong></span> <span class='ocrx_word' id='word_1_297' title='bbox 2002 2621 2241 2665; x_wconf 83' lang='lat' dir='ltr'><strong>nostrain</strong></span> 
     </span>
    </p>
   </div>
   <div class='ocr_carea' id='block_1_44' title="bbox 700 2698 2245 2763">
    <p class='ocr_par' dir='ltr' id='par_1_44' title="bbox 700 2698 2245 2763">
     <span class='ocr_line' id='line_1_46' title="bbox 700 2698 2245 2763; baseline 0 -9"><span class='ocrx_word' id='word_1_298' title='bbox 700 2700 1087 2763; x_wconf 85' lang='lat' dir='ltr'><strong>tantummodo,</strong></span> <span class='ocrx_word' id='word_1_299' title='bbox 1118 2714 1298 2754; x_wconf 89' lang='lat' dir='ltr'><strong>verum</strong></span> <span class='ocrx_word' id='word_1_300' title='bbox 1342 2699 1501 2754; x_wconf 86' lang='lat' dir='ltr'><strong>etiam</strong></span> <span class='ocrx_word' id='word_1_301' title='bbox 1543 2698 1770 2753; x_wconf 87' lang='lat' dir='ltr'><strong>alienam</strong></span> <span class='ocrx_word' id='word_1_302' title='bbox 1808 2713 2059 2754; x_wconf 90' lang='lat' dir='ltr'><strong>curemus</strong></span> <span class='ocrx_word' id='word_1_303' title='bbox 2099 2699 2245 2754; x_wconf 81' lang='lat' dir='ltr'><strong>salu-</strong></span> 
     </span>
    </p>
   </div>
   <div class='ocr_carea' id='block_1_45' title="bbox 674 2787 2244 2859">
    <p class='ocr_par' dir='ltr' id='par_1_45' title="bbox 674 2787 2244 2859">
     <span class='ocr_line' id='line_1_47' title="bbox 674 2787 2244 2859; baseline -0.001 -14"><span class='ocrx_word' id='word_1_304' title='bbox 674 2795 829 2848; x_wconf 78' lang='lat' dir='ltr'><strong>‘tem.</strong></span> <span class='ocrx_word' id='word_1_305' title='bbox 856 2789 985 2845; x_wconf 80' lang='lat' dir='ltr'><strong>Nam</strong></span> <span class='ocrx_word' id='word_1_306' title='bbox 1016 2790 1224 2845; x_wconf 87' lang='lat' dir='ltr'><strong>lumbos</strong></span> <span class='ocrx_word' id='word_1_307' title='bbox 1253 2789 1573 2859; x_wconf 69' lang='lat' dir='ltr'><strong>praecingere</strong></span> <span class='ocrx_word' id='word_1_308' title='bbox 1606 2797 1659 2843; x_wconf 87' lang='lat' dir='ltr'><strong>et</strong></span> <span class='ocrx_word' id='word_1_309' title='bbox 1701 2788 1995 2859; x_wconf 89' lang='lat' dir='ltr'><strong>lampadem</strong></span> <span class='ocrx_word' id='word_1_310' title='bbox 2039 2787 2244 2844; x_wconf 81' lang='lat' dir='ltr'><strong>inﬂam-</strong></span> 
     </span>
    </p>
   </div>
   <div class='ocr_carea' id='block_1_46' title="bbox 698 2879 2239 2951">
    <p class='ocr_par' dir='ltr' id='par_1_46' title="bbox 698 2879 2239 2951">
     <span class='ocr_line' id='line_1_48' title="bbox 698 2879 2239 2951; baseline -0.001 -15"><span class='ocrx_word' id='word_1_311' title='bbox 698 2897 888 2946; x_wconf 85' lang='lat' dir='ltr'><strong>mare,</strong></span> <span class='ocrx_word' id='word_1_312' title='bbox 939 2880 1207 2951; x_wconf 88' lang='lat' dir='ltr'><strong>propriam</strong></span> <span class='ocrx_word' id='word_1_313' title='bbox 1274 2879 1533 2947; x_wconf 82' lang='lat' dir='ltr'><strong>cujusque</strong></span> <span class='ocrx_word' id='word_1_314' title='bbox 1597 2879 1879 2934; x_wconf 90' lang='lat' dir='ltr'><strong>utilitatem</strong></span> <span class='ocrx_word' id='word_1_315' title='bbox 1955 2881 2239 2949; x_wconf 76' lang='lat' dir='ltr'><strong>signiﬁcat.</strong></span> 
     </span>
    </p>
   </div>
   <div class='ocr_carea' id='block_1_47' title="bbox 697 2967 2237 3039">
    <p class='ocr_par' dir='ltr' id='par_1_47' title="bbox 697 2967 2237 3039">
     <span class='ocr_line' id='line_1_49' title="bbox 697 2967 2237 3039; baseline -0.001 -12"><span class='ocrx_word' id='word_1_316' title='bbox 697 2967 946 3027; x_wconf 57' lang='lat' dir='ltr'><strong>Scienti:</strong></span> <span class='ocrx_word' id='word_1_317' title='bbox 987 2971 1128 3027; x_wconf 90' lang='lat' dir='ltr'><strong>enim</strong></span> <span class='ocrx_word' id='word_1_318' title='bbox 1158 2969 1443 3024; x_wconf 87' lang='lat' dir='ltr'><strong>luminibus</strong></span> <span class='ocrx_word' id='word_1_319' title='bbox 1468 2977 1679 3039; x_wconf 85' lang='lat' dir='ltr'><strong>oportet</strong></span> <span class='ocrx_word' id='word_1_320' title='bbox 1706 2984 1918 3039; x_wconf 87' lang='lat' dir='ltr'><strong>semper</strong></span> <span class='ocrx_word' id='word_1_321' title='bbox 1949 2970 2237 3036; x_wconf 83' lang='lat' dir='ltr'><strong>illustrari;</strong></span> 
     </span>
    </p>
   </div>
   <div class='ocr_carea' id='block_1_48' title="bbox 698 3060 2242 3132">
    <p class='ocr_par' dir='ltr' id='par_1_48' title="bbox 698 3060 2242 3132">
     <span class='ocr_line' id='line_1_50' title="bbox 698 3060 2242 3132; baseline 0.001 -17"><span class='ocrx_word' id='word_1_322' title='bbox 698 3069 812 3115; x_wconf 90' lang='lat' dir='ltr'><strong>tum</strong></span> <span class='ocrx_word' id='word_1_323' title='bbox 839 3063 1000 3117; x_wconf 91' lang='lat' dir='ltr'><strong>etiam</strong></span> <span class='ocrx_word' id='word_1_324' title='bbox 1028 3063 1278 3132; x_wconf 88' lang='lat' dir='ltr'><strong>pudicitia</strong></span> <span class='ocrx_word' id='word_1_325' title='bbox 1302 3061 1553 3129; x_wconf 89' lang='lat' dir='ltr'><strong>omnique</strong></span> <span class='ocrx_word' id='word_1_326' title='bbox 1574 3060 1770 3116; x_wconf 89' lang='lat' dir='ltr'><strong>virtute</strong></span> <span class='ocrx_word' id='word_1_327' title='bbox 1805 3060 2013 3115; x_wconf 89' lang='lat' dir='ltr'><strong>lumbos</strong></span> <span class='ocrx_word' id='word_1_328' title='bbox 2044 3062 2242 3119; x_wconf 81' lang='lat' dir='ltr'><strong>mentis</strong></span> 
     </span>
    </p>
   </div>
   <div class='ocr_carea' id='block_1_49' title="bbox 2274 1807 3910 1902">
    <p class='ocr_par' dir='ltr' id='par_1_49' title="bbox 2274 1807 3910 1902">
     <span class='ocr_line' id='line_1_51' title="bbox 2274 1807 3910 1902; baseline -0.001 -20"><span class='ocrx_word' id='word_1_329' title='bbox 2274 1807 2321 1868; x_wconf 66' lang='grc' dir='ltr'><strong>Β</strong></span> <span class='ocrx_word' id='word_1_330' title='bbox 2346 1807 2639 1900; x_wconf 76' lang='grc' dir='ltr'>εδεξάμεθα</span> <span class='ocrx_word' id='word_1_331' title='bbox 2658 1868 2673 1895; x_wconf 86' lang='grc'><strong>,</strong></span> <span class='ocrx_word' id='word_1_332' title='bbox 2716 1807 2911 1901; x_wconf 60' lang='grc' dir='ltr'>πολλῶ</span> <span class='ocrx_word' id='word_1_333' title='bbox 2939 1807 3196 1901; x_wconf 27' lang='grc' dir='ltr'>’τῷ-*φωτὶ</span> <span class='ocrx_word' id='word_1_334' title='bbox 3242 1807 3783 1902; x_wconf 78' lang='grc' dir='ltr'>παρεσκευασμένοι,</span> <span class='ocrx_word' id='word_1_335' title='bbox 3817 1828 3910 1883; x_wconf 83' lang='grc' dir='ltr'><strong>καὶ</strong></span> 
     </span>
    </p>
   </div>
   <div class='ocr_carea' id='block_1_50' title="bbox 2344 1918 3016 1989">
    <p class='ocr_par' dir='ltr' id='par_1_50' title="bbox 2344 1918 3016 1989">
     <span class='ocr_line' id='line_1_52' title="bbox 2344 1918 3016 1989; baseline 0.003 -19"><span class='ocrx_word' id='word_1_336' title='bbox 2344 1918 2442 1982; x_wconf 76' lang='grc' dir='ltr'>τὰς</span> <span class='ocrx_word' id='word_1_337' title='bbox 2466 1920 2669 1987; x_wconf 80' lang='grc' dir='ltr'><strong>ὀσφύας</strong></span> <span class='ocrx_word' id='word_1_338' title='bbox 2699 1920 3016 1989; x_wconf 78' lang='grc' dir='ltr'>ὲζωσμένοι.</span> 
     </span>
    </p>
   </div>
   <div class='ocr_carea' id='block_1_51' title="bbox 2344 2006 3910 2078">
    <p class='ocr_par' dir='ltr' id='par_1_51' title="bbox 2344 2006 3910 2078">
     <span class='ocr_line' id='line_1_53' title="bbox 2344 2006 3910 2078; baseline 0.001 -15"><span class='ocrx_word' id='word_1_339' title='bbox 2344 2006 2489 2063; x_wconf 64' lang='lat' dir='ltr'><strong>Bias</strong></span> <span class='ocrx_word' id='word_1_340' title='bbox 2522 2008 2573 2061; x_wconf 82' lang='grc' dir='ltr'>δ’</span> <span class='ocrx_word' id='word_1_341' title='bbox 2602 2013 2635 2063; x_wconf 85' lang='grc' dir='ltr'><strong><em>ό</em></strong></span> <span class='ocrx_word' id='word_1_342' title='bbox 2668 2011 2905 2078; x_wconf 75' lang='grc' dir='ltr'>Κύριος’</span> <span class='ocrx_word' id='word_1_343' title='bbox 2962 2011 3051 2076; x_wconf 81' lang='grc' dir='ltr'>Τίς</span> <span class='ocrx_word' id='word_1_344' title='bbox 3081 2009 3193 2077; x_wconf 76' lang='grc' dir='ltr'>ἄρα</span> <span class='ocrx_word' id='word_1_345' title='bbox 3223 2010 3392 2063; x_wconf 73' lang='grc' dir='ltr'>ἐστίν</span> <span class='ocrx_word' id='word_1_346' title='bbox 3432 2012 3465 2063; x_wconf 84' lang='grc' dir='ltr'><strong><em>ό</em></strong></span> <span class='ocrx_word' id='word_1_347' title='bbox 3495 2011 3712 2076; x_wconf 73' lang='grc' dir='ltr'>πιστὸς</span> <span class='ocrx_word' id='word_1_348' title='bbox 3763 2013 3910 2064; x_wconf 70' lang='lat' dir='ltr'><strong>alato-</strong></span> 
     </span>
    </p>
   </div>
   <div class='ocr_carea' id='block_1_52' title="bbox 2794 2079 3453 2148">
    <p class='ocr_par' dir='ltr' id='par_1_52' title="bbox 2794 2079 3453 2148">
     <span class='ocr_line' id='line_1_54' title="bbox 2794 2079 3453 2148; baseline 0.002 -17"><span class='ocrx_word' id='word_1_349' title='bbox 2794 2082 2976 2148; x_wconf 80' lang='grc' dir='ltr'>νόμος</span> <span class='ocrx_word' id='word_1_350' title='bbox 3007 2079 3104 2132; x_wconf 78' lang='grc' dir='ltr'>καὶ</span> <span class='ocrx_word' id='word_1_351' title='bbox 3135 2080 3417 2147; x_wconf 74' lang='grc' dir='ltr'>φρόνιμος</span> <span class='ocrx_word' id='word_1_352' title='bbox 3436 2095 3453 2141; x_wconf 85' lang='grc'><strong><em>;</em></strong></span> 
     </span>
    </p>
   </div>
   <div class='ocr_carea' id='block_1_53' title="bbox 2418 2165 3911 2239">
    <p class='ocr_par' dir='ltr' id='par_1_53' title="bbox 2418 2165 3911 2239">
     <span class='ocr_line' id='line_1_55' title="bbox 2418 2165 3911 2239; baseline 0.001 -20"><span class='ocrx_word' id='word_1_353' title='bbox 2418 2167 2561 2238; x_wconf 81' lang='grc' dir='ltr'>Πρὸς</span> <span class='ocrx_word' id='word_1_354' title='bbox 2592 2167 2690 2239; x_wconf 84' lang='grc' dir='ltr'>τὴν</span> <span class='ocrx_word' id='word_1_355' title='bbox 2715 2165 2979 2236; x_wconf 74' lang='grc' dir='ltr'><strong>ἐρώτησιν</strong></span> <span class='ocrx_word' id='word_1_356' title='bbox 3011 2166 3213 2235; x_wconf 86' lang='grc' dir='ltr'>Πέτρου</span> <span class='ocrx_word' id='word_1_357' title='bbox 3252 2166 3601 2237; x_wconf 84' lang='grc' dir='ltr'>ἀποκρίνεται</span> <span class='ocrx_word' id='word_1_358' title='bbox 3646 2166 3911 2220; x_wconf 81' lang='grc' dir='ltr'>διδάσκων</span> 
     </span>
    </p>
   </div>
   <div class='ocr_carea' id='block_1_54' title="bbox 2348 2254 3911 2326">
    <p class='ocr_par' dir='ltr' id='par_1_54' title="bbox 2348 2254 3911 2326">
     <span class='ocr_line' id='line_1_56' title="bbox 2348 2254 3911 2326; baseline 0.003 -18"><span class='ocrx_word' id='word_1_359' title='bbox 2348 2254 2613 2324; x_wconf 75' lang='grc' dir='ltr'>ἀορίστως</span> <span class='ocrx_word' id='word_1_360' title='bbox 2643 2256 2776 2325; x_wconf 86' lang='grc' dir='ltr'>πρὸς</span> <span class='ocrx_word' id='word_1_361' title='bbox 2802 2256 2980 2310; x_wconf 83' lang='grc' dir='ltr'>πάντα.</span> <span class='ocrx_word' id='word_1_362' title='bbox 3030 2254 3277 2326; x_wconf 87' lang='grc' dir='ltr'>είρῆσθαι</span> <span class='ocrx_word' id='word_1_363' title='bbox 3320 2254 3390 2308; x_wconf 84' lang='grc' dir='ltr'>τὰ</span> <span class='ocrx_word' id='word_1_364' title='bbox 3412 2256 3743 2325; x_wconf 80' lang='grc' dir='ltr'>λελεγμένα..</span> <span class='ocrx_word' id='word_1_365' title='bbox 3775 2257 3911 2311; x_wconf 82' lang='grc' dir='ltr'>Ἀλλ’</span> 
     </span>
    </p>
   </div>
   <div class='ocr_carea' id='block_1_55' title="bbox 2343 2344 3911 2420">
    <p class='ocr_par' dir='ltr' id='par_1_55' title="bbox 2343 2344 3911 2420">
     <span class='ocr_line' id='line_1_57' title="bbox 2343 2344 3911 2420; baseline 0.001 -23"><span class='ocrx_word' id='word_1_366' title='bbox 2343 2346 2526 2401; x_wconf 71' lang='grc' dir='ltr'>ἐκεῖνα</span> <span class='ocrx_word' id='word_1_367' title='bbox 2560 2347 2657 2416; x_wconf 74' lang='grc' dir='ltr'>μὲν</span> <span class='ocrx_word' id='word_1_368' title='bbox 2688 2347 2897 2418; x_wconf 73' lang='grc' dir='ltr'>εἴρηται</span> <span class='ocrx_word' id='word_1_369' title='bbox 2918 2345 3047 2419; x_wconf 70' lang='grc' dir='ltr'>περὶ</span> <span class='ocrx_word' id='word_1_370' title='bbox 3086 2344 3180 2399; x_wconf 82' lang='grc' dir='ltr'>τοῦ</span> <span class='ocrx_word' id='word_1_371' title='bbox 3211 2345 3301 2399; x_wconf 78' lang='grc' dir='ltr'><strong>διὰ</strong></span> <span class='ocrx_word' id='word_1_372' title='bbox 3335 2346 3529 2410; x_wconf 75' lang='grc' dir='ltr'>παντὸς</span> <span class='ocrx_word' id='word_1_373' title='bbox 3555 2348 3911 2420; x_wconf 66' lang='grc' dir='ltr'>ἐγρηγορέναι</span> 
     </span>
    </p>
   </div>
   <div class='ocr_carea' id='block_1_56' title="bbox 2342 2434 3912 2508">
    <p class='ocr_par' dir='ltr' id='par_1_56' title="bbox 2342 2434 3912 2508">
     <span class='ocr_line' id='line_1_58' title="bbox 2342 2434 3912 2508; baseline 0.002 -18"><span class='ocrx_word' id='word_1_374' title='bbox 2342 2438 2524 2491; x_wconf 70' lang='grc' dir='ltr'>ῑνεκεν</span> <span class='ocrx_word' id='word_1_375' title='bbox 2554 2439 2652 2508; x_wconf 84' lang='grc' dir='ltr'>τῆς</span> <span class='ocrx_word' id='word_1_376' title='bbox 2676 2436 2768 2501; x_wconf 81' lang='grc' dir='ltr'>τοῦ</span> <span class='ocrx_word' id='word_1_377' title='bbox 2791 2437 3017 2491; x_wconf 85' lang='grc' dir='ltr'>κλέπτου</span> <span class='ocrx_word' id='word_1_378' title='bbox 3055 2434 3298 2507; x_wconf 78' lang='grc' dir='ltr'><strong>φυλακῆς</strong></span> <span class='ocrx_word' id='word_1_379' title='bbox 3323 2436 3415 2490; x_wconf 80' lang='grc' dir='ltr'><strong>καὶ</strong></span> <span class='ocrx_word' id='word_1_380' title='bbox 3448 2437 3545 2508; x_wconf 84' lang='grc' dir='ltr'>τῆς</span> <span class='ocrx_word' id='word_1_381' title='bbox 3578 2438 3745 2492; x_wconf 77' lang='grc' dir='ltr'>αὑτοῦ</span> <span class='ocrx_word' id='word_1_382' title='bbox 3771 2454 3912 2508; x_wconf 76' lang='grc' dir='ltr'>παρ-</span> 
     </span>
    </p>
   </div>
   <div class='ocr_carea' id='block_1_57' title="bbox 2341 2527 3911 2600">
    <p class='ocr_par' dir='ltr' id='par_1_57' title="bbox 2341 2527 3911 2600">
     <span class='ocr_line' id='line_1_59' title="bbox 2341 2527 3911 2600; baseline 0.001 -19"><span class='ocrx_word' id='word_1_383' title='bbox 2341 2529 2522 2592; x_wconf 84' lang='grc' dir='ltr'>ουσίας</span> <span class='ocrx_word' id='word_1_384' title='bbox 2539 2546 2553 2559; x_wconf 85' lang='grc'>·</span> <span class='ocrx_word' id='word_1_385' title='bbox 2580 2529 2632 2581; x_wconf 88' lang='grc' dir='ltr'><strong>τί</strong></span> <span class='ocrx_word' id='word_1_386' title='bbox 2663 2528 2721 2583; x_wconf 77' lang='grc' dir='ltr'>δὲ</span> <span class='ocrx_word' id='word_1_387' title='bbox 2743 2527 2847 2600; x_wconf 79' lang='grc' dir='ltr'>χρὴ</span> <span class='ocrx_word' id='word_1_388' title='bbox 2872 2529 3127 2599; x_wconf 79' lang='grc' dir='ltr'>πράττειν</span> <span class='ocrx_word' id='word_1_389' title='bbox 3159 2527 3579 2599; x_wconf 80' lang='grc' dir='ltr'>γρηγοροῦντας,</span> <span class='ocrx_word' id='word_1_390' title='bbox 3615 2527 3710 2581; x_wconf 83' lang='grc' dir='ltr'>νῦν</span> <span class='ocrx_word' id='word_1_391' title='bbox 3738 2530 3911 2597; x_wconf 77' lang='grc' dir='ltr'>άναγο</span> 
     </span>
    </p>
   </div>
   <div class='ocr_carea' id='block_1_58' title="bbox 2348 2616 3911 2689">
    <p class='ocr_par' dir='ltr' id='par_1_58' title="bbox 2348 2616 3911 2689">
     <span class='ocr_line' id='line_1_60' title="bbox 2348 2616 3911 2689; baseline 0 -18"><span class='ocrx_word' id='word_1_392' title='bbox 2348 2618 2516 2680; x_wconf 88' lang='grc' dir='ltr'>καίως</span> <span class='ocrx_word' id='word_1_393' title='bbox 2568 2617 2907 2689; x_wconf 87' lang='grc' dir='ltr'>προστίθησι,</span> <span class='ocrx_word' id='word_1_394' title='bbox 2954 2616 3229 2688; x_wconf 82' lang='grc' dir='ltr'>παραινῶν</span> <span class='ocrx_word' id='word_1_395' title='bbox 3277 2618 3351 2687; x_wconf 83' lang='grc' dir='ltr'>μὴ</span> <span class='ocrx_word' id='word_1_396' title='bbox 3392 2617 3453 2668; x_wconf 83' lang='grc' dir='ltr'>τὸ</span> <span class='ocrx_word' id='word_1_397' title='bbox 3491 2617 3699 2672; x_wconf 67' lang='grc' dir='ltr'>ἑαυτῶν</span> <span class='ocrx_word' id='word_1_398' title='bbox 3752 2618 3911 2688; x_wconf 84' lang='grc' dir='ltr'>μόνον</span> 
     </span>
    </p>
   </div>
   <div class='ocr_carea' id='block_1_59' title="bbox 2347 2705 3908 2777">
    <p class='ocr_par' dir='ltr' id='par_1_59' title="bbox 2347 2705 3908 2777">
     <span class='ocr_line' id='line_1_61' title="bbox 2347 2705 3908 2777; baseline -0.001 -18"><span class='ocrx_word' id='word_1_399' title='bbox 2347 2709 2589 2767; x_wconf 83' lang='grc' dir='ltr'>σκοπεῖν.</span> <span class='ocrx_word' id='word_1_400' title='bbox 2613 2705 2749 2761; x_wconf 78' lang='grc' dir='ltr'>ἀλλὰ</span> <span class='ocrx_word' id='word_1_401' title='bbox 2779 2707 2872 2759; x_wconf 77' lang='grc' dir='ltr'><strong>καὶ</strong></span> <span class='ocrx_word' id='word_1_402' title='bbox 2895 2708 2992 2776; x_wconf 75' lang='grc' dir='ltr'>τῆς</span> <span class='ocrx_word' id='word_1_403' title='bbox 3034 2706 3234 2777; x_wconf 78' lang='grc' dir='ltr'>ἑτέρων</span> <span class='ocrx_word' id='word_1_404' title='bbox 3284 2706 3555 2776; x_wconf 85' lang='grc' dir='ltr'>σωτηρίας</span> <span class='ocrx_word' id='word_1_405' title='bbox 3582 2708 3908 2777; x_wconf 71' lang='grc' dir='ltr'>φροντίζειν.</span> 
     </span>
    </p>
   </div>
   <div class='ocr_carea' id='block_1_60' title="bbox 2342 2795 3911 2867">
    <p class='ocr_par' dir='ltr' id='par_1_60' title="bbox 2342 2795 3911 2867">
     <span class='ocr_line' id='line_1_62' title="bbox 2342 2795 3911 2867; baseline -0.001 -17"><span class='ocrx_word' id='word_1_406' title='bbox 2342 2797 2416 2850; x_wconf 81' lang='grc' dir='ltr'>Τὸ</span> <span class='ocrx_word' id='word_1_407' title='bbox 2470 2797 2566 2865; x_wconf 78' lang='grc' dir='ltr'>μὲν</span> <span class='ocrx_word' id='word_1_408' title='bbox 2614 2797 2723 2867; x_wconf 79' lang='grc' dir='ltr'>γὰρ</span> <span class='ocrx_word' id='word_1_409' title='bbox 2753 2795 3053 2860; x_wconf 73' lang='grc' dir='ltr'>ἁνεζῶσθαι</span> <span class='ocrx_word' id='word_1_410' title='bbox 3083 2796 3179 2858; x_wconf 85' lang='grc' dir='ltr'>τὰς</span> <span class='ocrx_word' id='word_1_411' title='bbox 3228 2795 3451 2863; x_wconf 83' lang='grc' dir='ltr'><strong>ὀσφύας,</strong></span> <span class='ocrx_word' id='word_1_412' title='bbox 3483 2797 3575 2849; x_wconf 80' lang='grc' dir='ltr'><strong>καὶ</strong></span> <span class='ocrx_word' id='word_1_413' title='bbox 3600 2796 3692 2848; x_wconf 82' lang='grc' dir='ltr'>τὸν</span> <span class='ocrx_word' id='word_1_414' title='bbox 3723 2796 3911 2867; x_wconf 83' lang='grc' dir='ltr'>λύχνον</span> 
     </span>
    </p>
   </div>
   <div class='ocr_carea' id='block_1_61' title="bbox 2340 2886 3911 2960">
    <p class='ocr_par' dir='ltr' id='par_1_61' title="bbox 2340 2886 3911 2960">
     <span class='ocr_line' id='line_1_63' title="bbox 2340 2886 3911 2960; baseline 0.001 -19"><span class='ocrx_word' id='word_1_415' title='bbox 2340 2886 2595 2958; x_wconf 83' lang='grc' dir='ltr'>ἁνῆφθαι,</span> <span class='ocrx_word' id='word_1_416' title='bbox 2628 2888 2727 2957; x_wconf 80' lang='grc' dir='ltr'>τὴν</span> <span class='ocrx_word' id='word_1_417' title='bbox 2760 2887 2921 2940; x_wconf 76' lang='grc' dir='ltr'>αὐτοῦ</span> <span class='ocrx_word' id='word_1_418' title='bbox 2960 2904 3103 2950; x_wconf 84' lang='grc' dir='ltr'>τινος</span> <span class='ocrx_word' id='word_1_419' title='bbox 3149 2887 3227 2949; x_wconf 85' lang='grc' dir='ltr'><strong>είς</strong></span> <span class='ocrx_word' id='word_1_420' title='bbox 3263 2888 3452 2941; x_wconf 78' lang='grc' dir='ltr'>ἑαυτὸν</span> <span class='ocrx_word' id='word_1_421' title='bbox 3490 2888 3754 2957; x_wconf 79' lang='grc' dir='ltr'>ὠφέλειαν</span> <span class='ocrx_word' id='word_1_422' title='bbox 3790 2890 3911 2960; x_wconf 66' lang='grc' dir='ltr'><strong>ἐνδή-</strong></span> 
     </span>
    </p>
   </div>
   <div class='ocr_carea' id='block_1_62' title="bbox 2341 2975 3911 3049">
    <p class='ocr_par' dir='ltr' id='par_1_62' title="bbox 2341 2975 3911 3049">
     <span class='ocr_line' id='line_1_64' title="bbox 2341 2975 3911 3049; baseline 0.001 -19"><span class='ocrx_word' id='word_1_423' title='bbox 2341 2978 2433 3031; x_wconf 92' lang='grc' dir='ltr'><strong>λου</strong></span> <span class='ocrx_word' id='word_1_424' title='bbox 2453 2995 2466 3008; x_wconf 94' lang='grc'><strong>·</strong></span> <span class='ocrx_word' id='word_1_425' title='bbox 2508 2975 2760 3045; x_wconf 82' lang='grc' dir='ltr'>γνώσεώς</span> <span class='ocrx_word' id='word_1_426' title='bbox 2791 2994 2848 3030; x_wconf 88' lang='grc' dir='ltr'><strong>τε</strong></span> <span class='ocrx_word' id='word_1_427' title='bbox 2897 2978 3006 3049; x_wconf 81' lang='grc' dir='ltr'><strong>γὰρ</strong></span> <span class='ocrx_word' id='word_1_428' title='bbox 3036 2979 3173 3047; x_wconf 79' lang='grc' dir='ltr'>φωτὶ</span> <span class='ocrx_word' id='word_1_429' title='bbox 3212 2977 3300 3031; x_wconf 83' lang='grc' dir='ltr'>διὰ</span> <span class='ocrx_word' id='word_1_430' title='bbox 3346 2980 3542 3041; x_wconf 72' lang='grc' dir='ltr'>παντὸς</span> <span class='ocrx_word' id='word_1_431' title='bbox 3571 2979 3911 3047; x_wconf 80' lang='grc' dir='ltr'>καταυγάζε-</span> 
     </span>
    </p>
   </div>
   <div class='ocr_carea' id='block_1_63' title="bbox 2343 3068 3908 3142">
    <p class='ocr_par' dir='ltr' id='par_1_63' title="bbox 2343 3068 3908 3142">
     <span class='ocr_line' id='line_1_65' title="bbox 2343 3068 3908 3142; baseline 0.002 -21"><span class='ocrx_word' id='word_1_432' title='bbox 2343 3068 2465 3122; x_wconf 91' lang='grc' dir='ltr'>σθαι</span> <span class='ocrx_word' id='word_1_433' title='bbox 2496 3070 2809 3137; x_wconf 82' lang='grc' dir='ltr'>ἀναγκαῖον,</span> <span class='ocrx_word' id='word_1_434' title='bbox 2847 3068 3163 3139; x_wconf 80' lang='grc' dir='ltr'>σωφροσύνη</span> <span class='ocrx_word' id='word_1_435' title='bbox 3196 3084 3255 3120; x_wconf 87' lang='grc' dir='ltr'><strong>τε</strong></span> <span class='ocrx_word' id='word_1_436' title='bbox 3288 3068 3380 3121; x_wconf 82' lang='grc' dir='ltr'><strong>καὶ</strong></span> <span class='ocrx_word' id='word_1_437' title='bbox 3424 3069 3573 3140; x_wconf 74' lang='grc' dir='ltr'>πάσῃ</span> <span class='ocrx_word' id='word_1_438' title='bbox 3616 3071 3785 3142; x_wconf 77' lang='grc' dir='ltr'>ἀρετῇ</span> <span class='ocrx_word' id='word_1_439' title='bbox 3817 3070 3908 3124; x_wconf 74' lang='grc' dir='ltr'>τοῦ</span> 
     </span>
    </p>
   </div>
   <div class='ocr_carea' id='block_1_64' title="bbox 700 3145 2251 3231">
    <p class='ocr_par' dir='ltr' id='par_1_64' title="bbox 700 3151 2247 3222">
     <span class='ocr_line' id='line_1_66' title="bbox 700 3151 2247 3222; baseline 0.001 -16"><span class='ocrx_word' id='word_1_440' title='bbox 700 3152 1062 3222; x_wconf 63' lang='lat' dir='ltr'><strong>praCingere;</strong></span> <span class='ocrx_word' id='word_1_441' title='bbox 1116 3153 1347 3221; x_wconf 87' lang='lat' dir='ltr'><strong>itemque</strong></span> <span class='ocrx_word' id='word_1_442' title='bbox 1395 3159 1654 3219; x_wconf 89' lang='lat' dir='ltr'><strong>perpetuo</strong></span> <span class='ocrx_word' id='word_1_443' title='bbox 1702 3151 1922 3221; x_wconf 74' lang='lat' dir='ltr'><strong>vigilare</strong></span> <span class='ocrx_word' id='word_1_444' title='bbox 1970 3151 2247 3221; x_wconf 79' lang='lat' dir='ltr'><strong>furemque</strong></span> 
     </span>
    </p>
   </div>
   <div class='ocr_carea' id='block_1_65' title="bbox 2345 3145 3908 3231">
    <p class='ocr_par' dir='ltr' id='par_1_65' title="bbox 2346 3156 3908 3231">
     <span class='ocr_line' id='line_1_67' title="bbox 2346 3156 3908 3231; baseline 0.004 -22"><span class='ocrx_word' id='word_1_445' title='bbox 2346 3157 2605 3228; x_wconf 82' lang='grc' dir='ltr'>λογισμοῦ</span> <span class='ocrx_word' id='word_1_446' title='bbox 2635 3159 2731 3229; x_wconf 81' lang='grc' dir='ltr'>τὴν</span> <span class='ocrx_word' id='word_1_447' title='bbox 2753 3159 2921 3225; x_wconf 80' lang='grc' dir='ltr'>ὀσφὺν</span> <span class='ocrx_word' id='word_1_448' title='bbox 2951 3156 3332 3229; x_wconf 79' lang='grc' dir='ltr'>περιεζῶσθαι,</span> <span class='ocrx_word' id='word_1_449' title='bbox 3361 3159 3716 3231; x_wconf 75' lang='grc' dir='ltr'>ἐγρηγορέναι</span> <span class='ocrx_word' id='word_1_450' title='bbox 3742 3179 3799 3214; x_wconf 87' lang='grc' dir='ltr'><strong>τε</strong></span> <span class='ocrx_word' id='word_1_451' title='bbox 3821 3162 3908 3217; x_wconf 63' lang='grc' dir='ltr'>διὰ</span> 
     </span>
    </p>
   </div>
   <div class='ocr_carea' id='block_1_66' title="bbox 698 3239 2245 3306">
    <p class='ocr_par' dir='ltr' id='par_1_66' title="bbox 698 3239 2245 3306">
     <span class='ocr_line' id='line_1_68' title="bbox 698 3239 2245 3306; baseline 0.001 -10"><span class='ocrx_word' id='word_1_452' title='bbox 698 3255 908 3306; x_wconf 80' lang='lat' dir='ltr'><strong>cavere,</strong></span> <span class='ocrx_word' id='word_1_453' title='bbox 949 3256 1015 3296; x_wconf 92' lang='lat' dir='ltr'><strong>ne</strong></span> <span class='ocrx_word' id='word_1_454' title='bbox 1053 3240 1189 3295; x_wconf 89' lang='lat' dir='ltr'><strong>clam</strong></span> <span class='ocrx_word' id='word_1_455' title='bbox 1218 3239 1433 3294; x_wconf 78' lang='lat' dir='ltr'><strong>ell’ediat</strong></span> <span class='ocrx_word' id='word_1_456' title='bbox 1465 3240 1657 3295; x_wconf 90' lang='lat' dir='ltr'><strong>mentis</strong></span> <span class='ocrx_word' id='word_1_457' title='bbox 1688 3241 1958 3306; x_wconf 71' lang='lat' dir='ltr'><strong>aerarium,</strong></span> <span class='ocrx_word' id='word_1_458' title='bbox 1997 3250 2053 3296; x_wconf 91' lang='lat' dir='ltr'><strong>et</strong></span> <span class='ocrx_word' id='word_1_459' title='bbox 2094 3257 2245 3297; x_wconf 89' lang='lat' dir='ltr'><strong>acer-</strong></span> 
     </span>
    </p>
   </div>
   <div class='ocr_carea' id='block_1_67' title="bbox 701 3330 2243 3400">
    <p class='ocr_par' dir='ltr' id='par_1_67' title="bbox 701 3330 2243 3400">
     <span class='ocr_line' id='line_1_69' title="bbox 701 3330 2243 3400; baseline 0.003 -18"><span class='ocrx_word' id='word_1_460' title='bbox 701 3342 850 3386; x_wconf 87' lang='lat' dir='ltr'><strong>vatas</strong></span> <span class='ocrx_word' id='word_1_461' title='bbox 892 3332 963 3386; x_wconf 92' lang='lat' dir='ltr'><strong>ibi</strong></span> <span class='ocrx_word' id='word_1_462' title='bbox 1009 3346 1138 3400; x_wconf 86' lang='lat' dir='ltr'><strong>opes</strong></span> <span class='ocrx_word' id='word_1_463' title='bbox 1177 3330 1433 3400; x_wconf 89' lang='lat' dir='ltr'><strong>diripiat:</strong></span> <span class='ocrx_word' id='word_1_464' title='bbox 1464 3339 1721 3400; x_wconf 66' lang='lat' dir='ltr'><strong>prmtcrea</strong></span> <span class='ocrx_word' id='word_1_465' title='bbox 1768 3332 2053 3384; x_wconf 86' lang='lat' dir='ltr'><strong>Dominum</strong></span> <span class='ocrx_word' id='word_1_466' title='bbox 2096 3332 2243 3387; x_wconf 91' lang='lat' dir='ltr'><strong>omni</strong></span> 
     </span>
    </p>
   </div>
   <div class='ocr_carea' id='block_1_68' title="bbox 697 3412 2247 3490">
    <p class='ocr_par' dir='ltr' id='par_1_68' title="bbox 697 3412 2247 3490">
     <span class='ocr_line' id='line_1_70' title="bbox 697 3412 2247 3490; baseline 0.001 -19"><span class='ocrx_word' id='word_1_467' title='bbox 697 3412 822 3475; x_wconf 71' lang='lat' dir='ltr'><strong>vitae</strong></span> <span class='ocrx_word' id='word_1_468' title='bbox 872 3431 1105 3489; x_wconf 89' lang='lat' dir='ltr'><strong>tempore</strong></span> <span class='ocrx_word' id='word_1_469' title='bbox 1152 3420 1472 3490; x_wconf 72' lang='lat' dir='ltr'><strong>przestolari.</strong></span> <span class='ocrx_word' id='word_1_470' title='bbox 1527 3417 1633 3473; x_wconf 88' lang='lat' dir='ltr'><strong>Sed</strong></span> <span class='ocrx_word' id='word_1_471' title='bbox 1684 3418 1927 3472; x_wconf 86' lang='lat' dir='ltr'><strong>illatenus</strong></span> <span class='ocrx_word' id='word_1_472' title='bbox 1989 3433 2095 3473; x_wconf 90' lang='lat' dir='ltr'><strong>non</strong></span> <span class='ocrx_word' id='word_1_473' title='bbox 2164 3428 2247 3473; x_wconf 86' lang='lat' dir='ltr'><strong>est</strong></span> 
     </span>
    </p>
   </div>
   <div class='ocr_carea' id='block_1_69' title="bbox 698 3509 2246 3579">
    <p class='ocr_par' dir='ltr' id='par_1_69' title="bbox 698 3509 2246 3579">
     <span class='ocr_line' id='line_1_71' title="bbox 698 3509 2246 3579; baseline -0.003 -13"><span class='ocrx_word' id='word_1_474' title='bbox 698 3509 1093 3567; x_wconf 88' lang='lat' dir='ltr'><strong>subsistendum</strong></span> <span class='ocrx_word' id='word_1_475' title='bbox 1122 3528 1134 3563; x_wconf 90' lang='lat'><strong>:</strong></span> <span class='ocrx_word' id='word_1_476' title='bbox 1173 3526 1293 3564; x_wconf 90' lang='lat' dir='ltr'><strong>nam</strong></span> <span class='ocrx_word' id='word_1_477' title='bbox 1322 3524 1418 3564; x_wconf 91' lang='lat' dir='ltr'><strong>ceu</strong></span> <span class='ocrx_word' id='word_1_478' title='bbox 1468 3510 1659 3579; x_wconf 72' lang='lat' dir='ltr'><strong>pignus</strong></span> <span class='ocrx_word' id='word_1_479' title='bbox 1694 3509 1981 3574; x_wconf 89' lang='lat' dir='ltr'><strong>quoddam,</strong></span> <span class='ocrx_word' id='word_1_480' title='bbox 2026 3524 2246 3564; x_wconf 81' lang='lat' dir='ltr'><strong>conser-</strong></span> 
     </span>
    </p>
   </div>
   <div class='ocr_carea' id='block_1_70' title="bbox 699 3599 2243 3667">
    <p class='ocr_par' dir='ltr' id='par_1_70' title="bbox 699 3599 2243 3667">
     <span class='ocr_line' id='line_1_72' title="bbox 699 3599 2243 3667; baseline -0.002 -12"><span class='ocrx_word' id='word_1_481' title='bbox 699 3618 887 3659; x_wconf 83' lang='lat' dir='ltr'><strong>verum</strong></span> <span class='ocrx_word' id='word_1_482' title='bbox 919 3616 1104 3655; x_wconf 86' lang='lat' dir='ltr'><strong>curam</strong></span> <span class='ocrx_word' id='word_1_483' title='bbox 1151 3614 1179 3652; x_wconf 90' lang='lat' dir='ltr'><strong>a</strong></span> <span class='ocrx_word' id='word_1_484' title='bbox 1227 3599 1451 3653; x_wconf 89' lang='lat' dir='ltr'><strong>Domino</strong></span> <span class='ocrx_word' id='word_1_485' title='bbox 1496 3612 1682 3652; x_wconf 84' lang='lat' dir='ltr'><strong>nostro</strong></span> <span class='ocrx_word' id='word_1_486' title='bbox 1722 3599 2062 3667; x_wconf 83' lang='lat' dir='ltr'><strong>accipientes,</strong></span> <span class='ocrx_word' id='word_1_487' title='bbox 2106 3612 2243 3667; x_wconf 72' lang='lat' dir='ltr'><strong>pra:-</strong></span> 
     </span>
    </p>
   </div>
   <div class='ocr_carea' id='block_1_71' title="bbox 699 3688 2246 3759">
    <p class='ocr_par' dir='ltr' id='par_1_71' title="bbox 699 3688 2246 3759">
     <span class='ocr_line' id='line_1_73' title="bbox 699 3688 2246 3759; baseline -0.004 -10"><span class='ocrx_word' id='word_1_488' title='bbox 699 3705 846 3749; x_wconf 90' lang='lat' dir='ltr'><strong>stare</strong></span> <span class='ocrx_word' id='word_1_489' title='bbox 880 3691 1034 3747; x_wconf 78' lang='lat' dir='ltr'><strong>ﬁdem</strong></span> <span class='ocrx_word' id='word_1_490' title='bbox 1060 3699 1285 3759; x_wconf 82' lang='lat' dir='ltr'><strong>oportet,</strong></span> <span class='ocrx_word' id='word_1_491' title='bbox 1308 3698 1362 3743; x_wconf 88' lang='lat' dir='ltr'><strong>et</strong></span> <span class='ocrx_word' id='word_1_492' title='bbox 1397 3690 1477 3744; x_wconf 91' lang='lat' dir='ltr'><strong>sic</strong></span> <span class='ocrx_word' id='word_1_493' title='bbox 1509 3688 1690 3743; x_wconf 73' lang='lat' dir='ltr'><strong>ﬁdeles</strong></span> <span class='ocrx_word' id='word_1_494' title='bbox 1714 3703 1777 3742; x_wconf 91' lang='lat' dir='ltr'><strong>ac</strong></span> <span class='ocrx_word' id='word_1_495' title='bbox 1806 3691 2095 3756; x_wconf 88' lang='lat' dir='ltr'><strong>prudentes</strong></span> <span class='ocrx_word' id='word_1_496' title='bbox 2119 3704 2246 3745; x_wconf 86' lang='lat' dir='ltr'><strong>eva-</strong></span> 
     </span>
    </p>
   </div>
   <div class='ocr_carea' id='block_1_72' title="bbox 696 3766 2244 3851">
    <p class='ocr_par' dir='ltr' id='par_1_72' title="bbox 696 3766 2244 3851">
     <span class='ocr_line' id='line_1_74' title="bbox 696 3766 2244 3851; baseline -0.004 -11"><span class='ocrx_word' id='word_1_497' title='bbox 696 3786 864 3849; x_wconf 84' lang='lat' dir='ltr'><strong>dere;</strong></span> <span class='ocrx_word' id='word_1_498' title='bbox 909 3799 976 3837; x_wconf 88' lang='lat' dir='ltr'><strong>ne</strong></span> <span class='ocrx_word' id='word_1_499' title='bbox 1024 3766 1255 3851; x_wconf 90' lang='lat' dir='ltr'><strong>unquam</strong></span> <span class='ocrx_word' id='word_1_500' title='bbox 1300 3782 1685 3850; x_wconf 82' lang='lat' dir='ltr'><strong>intempestive,</strong></span> <span class='ocrx_word' id='word_1_501' title='bbox 1733 3782 1828 3836; x_wconf 86' lang='lat' dir='ltr'><strong>sed</strong></span> <span class='ocrx_word' id='word_1_502' title='bbox 1869 3782 2059 3836; x_wconf 90' lang='lat' dir='ltr'><strong>idoneo</strong></span> <span class='ocrx_word' id='word_1_503' title='bbox 2106 3790 2244 3836; x_wconf 90' lang='lat' dir='ltr'><strong>tem-</strong></span> 
     </span>
    </p>
   </div>
   <div class='ocr_carea' id='block_1_73' title="bbox 700 3874 2241 3949">
    <p class='ocr_par' dir='ltr' id='par_1_73' title="bbox 700 3874 2241 3949">
     <span class='ocr_line' id='line_1_75' title="bbox 700 3874 2241 3949; baseline -0.006 -15"><span class='ocrx_word' id='word_1_504' title='bbox 700 3894 867 3949; x_wconf 89' lang='lat' dir='ltr'><strong>pore,</strong></span> <span class='ocrx_word' id='word_1_505' title='bbox 914 3880 1189 3934; x_wconf 80' lang='lat' dir='ltr'><strong>conservis</strong></span> <span class='ocrx_word' id='word_1_506' title='bbox 1240 3879 1436 3932; x_wconf 80' lang='lat' dir='ltr'><strong>nostris</strong></span> <span class='ocrx_word' id='word_1_507' title='bbox 1501 3876 1806 3929; x_wconf 80' lang='lat' dir='ltr'><strong>alimoniam</strong></span> <span class='ocrx_word' id='word_1_508' title='bbox 1858 3874 2241 3944; x_wconf 70' lang='lat' dir='ltr'><strong>praebeamus:</strong></span> 
     </span>
    </p>
   </div>
   <div class='ocr_carea' id='block_1_74' title="bbox 701 3962 2241 4039">
    <p class='ocr_par' dir='ltr' id='par_1_74' title="bbox 701 3962 2241 4039">
     <span class='ocr_line' id='line_1_76' title="bbox 701 3962 2241 4039; baseline -0.006 -14"><span class='ocrx_word' id='word_1_509' title='bbox 701 3987 876 4039; x_wconf 86' lang='lat' dir='ltr'><strong>neque</strong></span> <span class='ocrx_word' id='word_1_510' title='bbox 909 3972 1046 4024; x_wconf 85' lang='lat' dir='ltr'><strong>hanc</strong></span> <span class='ocrx_word' id='word_1_511' title='bbox 1074 3970 1401 4038; x_wconf 70' lang='lat' dir='ltr'><strong>negligenter</strong></span> <span class='ocrx_word' id='word_1_512' title='bbox 1423 3978 1515 4024; x_wconf 90' lang='lat' dir='ltr'><strong>aut</strong></span> <span class='ocrx_word' id='word_1_513' title='bbox 1542 3984 1682 4033; x_wconf 89' lang='lat' dir='ltr'><strong>sero,</strong></span> <span class='ocrx_word' id='word_1_514' title='bbox 1714 3981 1834 4022; x_wconf 90' lang='lat' dir='ltr'><strong>cum</strong></span> <span class='ocrx_word' id='word_1_515' title='bbox 1870 3980 1955 4019; x_wconf 91' lang='lat' dir='ltr'><strong>res</strong></span> <span class='ocrx_word' id='word_1_516' title='bbox 1981 3962 2241 4032; x_wconf 86' lang='lat' dir='ltr'><strong>postulat;</strong></span> 
     </span>
    </p>
   </div>
   <div class='ocr_carea' id='block_1_75' title="bbox 705 4054 2247 4133">
    <p class='ocr_par' dir='ltr' id='par_1_75' title="bbox 705 4054 2247 4133">
     <span class='ocr_line' id='line_1_77' title="bbox 705 4054 2247 4133; baseline -0.008 -15"><span class='ocrx_word' id='word_1_517' title='bbox 705 4078 880 4132; x_wconf 88' lang='lat' dir='ltr'><strong>neque</strong></span> <span class='ocrx_word' id='word_1_518' title='bbox 914 4077 1099 4117; x_wconf 88' lang='lat' dir='ltr'><strong>rursus</strong></span> <span class='ocrx_word' id='word_1_519' title='bbox 1144 4061 1428 4133; x_wconf 77' lang='lat' dir='ltr'><strong>immodice</strong></span> <span class='ocrx_word' id='word_1_520' title='bbox 1472 4061 1558 4115; x_wconf 91' lang='lat' dir='ltr'><strong>ubi</strong></span> <span class='ocrx_word' id='word_1_521' title='bbox 1607 4075 1707 4113; x_wconf 92' lang='lat' dir='ltr'><strong>non</strong></span> <span class='ocrx_word' id='word_1_522' title='bbox 1754 4065 1835 4111; x_wconf 84' lang='lat' dir='ltr'><strong>est</strong></span> <span class='ocrx_word' id='word_1_523' title='bbox 1868 4070 2021 4123; x_wconf 87' lang='lat' dir='ltr'><strong>opus.</strong></span> <span class='ocrx_word' id='word_1_524' title='bbox 2066 4054 2158 4107; x_wconf 84' lang='lat' dir='ltr'><strong>sed</strong></span> <span class='ocrx_word' id='word_1_525' title='bbox 2192 4062 2247 4107; x_wconf 90' lang='lat' dir='ltr'><strong>et</strong></span> 
     </span>
    </p>
   </div>
   <div class='ocr_carea' id='block_1_76' title="bbox 699 4141 2247 4219">
    <p class='ocr_par' dir='ltr' id='par_1_76' title="bbox 699 4141 2247 4219">
     <span class='ocr_line' id='line_1_78' title="bbox 699 4141 2247 4219; baseline -0.008 -11"><span class='ocrx_word' id='word_1_526' title='bbox 699 4168 797 4208; x_wconf 89' lang='lat' dir='ltr'><strong>suo</strong></span> <span class='ocrx_word' id='word_1_527' title='bbox 828 4162 1066 4219; x_wconf 91' lang='lat' dir='ltr'><strong>tempore</strong></span> <span class='ocrx_word' id='word_1_528' title='bbox 1088 4160 1144 4205; x_wconf 89' lang='lat' dir='ltr'><strong>et</strong></span> <span class='ocrx_word' id='word_1_529' title='bbox 1177 4164 1280 4203; x_wconf 91' lang='lat' dir='ltr'><strong>non</strong></span> <span class='ocrx_word' id='word_1_530' title='bbox 1309 4148 1424 4203; x_wconf 87' lang='lat' dir='ltr'><strong>sine</strong></span> <span class='ocrx_word' id='word_1_531' title='bbox 1453 4146 1685 4201; x_wconf 91' lang='lat' dir='ltr'><strong>modulo.</strong></span> <span class='ocrx_word' id='word_1_532' title='bbox 1713 4142 1769 4199; x_wconf 89' lang='lat' dir='ltr'><strong>ld</strong></span> <span class='ocrx_word' id='word_1_533' title='bbox 1802 4157 1930 4198; x_wconf 86' lang='lat' dir='ltr'><strong>vero</strong></span> <span class='ocrx_word' id='word_1_534' title='bbox 1962 4141 2247 4210; x_wconf 84' lang='lat' dir='ltr'><strong>dupliciter</strong></span> 
     </span>
    </p>
   </div>
   <div class='ocr_carea' id='block_1_77' title="bbox 698 4231 2246 4303">
    <p class='ocr_par' dir='ltr' id='par_1_77' title="bbox 698 4231 2246 4303">
     <span class='ocr_line' id='line_1_79' title="bbox 698 4231 2246 4303; baseline -0.008 -5"><span class='ocrx_word' id='word_1_535' title='bbox 698 4241 999 4299; x_wconf 77' lang='lat' dir='ltr'><strong>faciendum</strong></span> <span class='ocrx_word' id='word_1_536' title='bbox 1033 4248 1140 4303; x_wconf 87' lang='lat' dir='ltr'><strong>est,</strong></span> <span class='ocrx_word' id='word_1_537' title='bbox 1187 4252 1379 4300; x_wconf 85' lang='lat' dir='ltr'><strong>nempe</strong></span> <span class='ocrx_word' id='word_1_538' title='bbox 1421 4247 1477 4292; x_wconf 88' lang='lat' dir='ltr'><strong>et</strong></span> <span class='ocrx_word' id='word_1_539' title='bbox 1516 4234 1762 4289; x_wconf 86' lang='lat' dir='ltr'><strong>rationali</strong></span> <span class='ocrx_word' id='word_1_540' title='bbox 1798 4232 2089 4300; x_wconf 85' lang='lat' dir='ltr'><strong>juvamine,</strong></span> <span class='ocrx_word' id='word_1_541' title='bbox 2118 4231 2246 4285; x_wconf 85' lang='lat' dir='ltr'><strong>dum</strong></span> 
     </span>
    </p>
   </div>
   <div class='ocr_carea' id='block_1_78' title="bbox 699 4322 2243 4396">
    <p class='ocr_par' dir='ltr' id='par_1_78' title="bbox 699 4322 2243 4396">
     <span class='ocr_line' id='line_1_80' title="bbox 699 4322 2243 4396; baseline -0.009 -7"><span class='ocrx_word' id='word_1_542' title='bbox 699 4348 884 4389; x_wconf 88' lang='lat' dir='ltr'><strong>eorum</strong></span> <span class='ocrx_word' id='word_1_543' title='bbox 928 4330 1136 4384; x_wconf 82' lang='lat' dir='ltr'><strong>animas</strong></span> <span class='ocrx_word' id='word_1_544' title='bbox 1174 4329 1434 4384; x_wconf 66' lang='lat' dir='ltr'><strong>doctrina:</strong></span> <span class='ocrx_word' id='word_1_545' title='bbox 1478 4324 1671 4396; x_wconf 90' lang='lat' dir='ltr'><strong>pabulo</strong></span> <span class='ocrx_word' id='word_1_546' title='bbox 1698 4324 1944 4382; x_wconf 89' lang='lat' dir='ltr'><strong>meliores</strong></span> <span class='ocrx_word' id='word_1_547' title='bbox 1984 4322 2243 4385; x_wconf 75' lang='lat' dir='ltr'><strong>facimus;</strong></span> 
     </span>
    </p>
   </div>
   <div class='ocr_carea' id='block_1_79' title="bbox 699 4412 2243 4486">
    <p class='ocr_par' dir='ltr' id='par_1_79' title="bbox 699 4412 2243 4486">
     <span class='ocr_line' id='line_1_81' title="bbox 699 4412 2243 4486; baseline -0.008 -8"><span class='ocrx_word' id='word_1_548' title='bbox 699 4433 757 4479; x_wconf 89' lang='lat' dir='ltr'><strong>et</strong></span> <span class='ocrx_word' id='word_1_549' title='bbox 812 4420 1070 4475; x_wconf 87' lang='lat' dir='ltr'><strong>materiali</strong></span> <span class='ocrx_word' id='word_1_550' title='bbox 1114 4420 1273 4474; x_wconf 89' lang='lat' dir='ltr'><strong>etiam</strong></span> <span class='ocrx_word' id='word_1_551' title='bbox 1316 4431 1450 4486; x_wconf 92' lang='lat' dir='ltr'><strong>ope,</strong></span> <span class='ocrx_word' id='word_1_552' title='bbox 1490 4431 1617 4483; x_wconf 70' lang='lat' dir='ltr'><strong>erga</strong></span> <span class='ocrx_word' id='word_1_553' title='bbox 1682 4429 1775 4469; x_wconf 90' lang='lat' dir='ltr'><strong>eos</strong></span> <span class='ocrx_word' id='word_1_554' title='bbox 1837 4415 1926 4482; x_wconf 89' lang='lat' dir='ltr'><strong>qui</strong></span> <span class='ocrx_word' id='word_1_555' title='bbox 1986 4412 2243 4479; x_wconf 83' lang='lat' dir='ltr'><strong>ejusmodi</strong></span> 
     </span>
    </p>
   </div>
   <div class='ocr_carea' id='block_1_80' title="bbox 702 4503 2246 4579">
    <p class='ocr_par' dir='ltr' id='par_1_80' title="bbox 702 4503 2246 4579">
     <span class='ocr_line' id='line_1_82' title="bbox 702 4503 2246 4579; baseline -0.008 -10"><span class='ocrx_word' id='word_1_556' title='bbox 702 4512 938 4569; x_wconf 84' lang='lat' dir='ltr'><strong>subsidio</strong></span> <span class='ocrx_word' id='word_1_557' title='bbox 973 4518 1150 4579; x_wconf 76' lang='lat' dir='ltr'><strong>egent.</strong></span> <span class='ocrx_word' id='word_1_558' title='bbox 1197 4512 1372 4577; x_wconf 83' lang='lat' dir='ltr'><strong>Atque</strong></span> <span class='ocrx_word' id='word_1_559' title='bbox 1420 4506 1554 4571; x_wconf 62' lang='lat' dir='ltr'><strong>haec,</strong></span> <span class='ocrx_word' id='word_1_560' title='bbox 1590 4508 1826 4573; x_wconf 89' lang='lat' dir='ltr'><strong>inquam,</strong></span> <span class='ocrx_word' id='word_1_561' title='bbox 1854 4505 2031 4559; x_wconf 89' lang='lat' dir='ltr'><strong>omnia</strong></span> <span class='ocrx_word' id='word_1_562' title='bbox 2077 4503 2246 4558; x_wconf 89' lang='lat' dir='ltr'><strong>conti-</strong></span> 
     </span>
    </p>
   </div>
   <div class='ocr_carea' id='block_1_81' title="bbox 702 4593 2247 4663">
    <p class='ocr_par' dir='ltr' id='par_1_81' title="bbox 702 4593 2247 4663">
     <span class='ocr_line' id='line_1_83' title="bbox 702 4593 2247 4663; baseline -0.012 -1"><span class='ocrx_word' id='word_1_563' title='bbox 702 4614 892 4662; x_wconf 88' lang='lat' dir='ltr'><strong>nenter</strong></span> <span class='ocrx_word' id='word_1_564' title='bbox 933 4600 1166 4656; x_wconf 89' lang='lat' dir='ltr'><strong>curanda</strong></span> <span class='ocrx_word' id='word_1_565' title='bbox 1197 4606 1354 4663; x_wconf 87' lang='lat' dir='ltr'><strong>sunt,</strong></span> <span class='ocrx_word' id='word_1_566' title='bbox 1397 4608 1457 4651; x_wconf 86' lang='lat' dir='ltr'><strong>ut</strong></span> <span class='ocrx_word' id='word_1_567' title='bbox 1495 4595 1540 4650; x_wconf 90' lang='lat' dir='ltr'><strong>si</strong></span> <span class='ocrx_word' id='word_1_568' title='bbox 1588 4594 1729 4648; x_wconf 79' lang='lat' dir='ltr'><strong>forte</strong></span> <span class='ocrx_word' id='word_1_569' title='bbox 1774 4593 2025 4648; x_wconf 89' lang='lat' dir='ltr'><strong>Dominus</strong></span> <span class='ocrx_word' id='word_1_570' title='bbox 2065 4602 2247 4647; x_wconf 89' lang='lat' dir='ltr'><strong>noster</strong></span> 
     </span>
    </p>
   </div>
   <div class='ocr_carea' id='block_1_82' title="bbox 702 4682 2242 4759">
    <p class='ocr_par' dir='ltr' id='par_1_82' title="bbox 702 4682 2242 4759">
     <span class='ocr_line' id='line_1_84' title="bbox 702 4682 2242 4759; baseline -0.009 -8"><span class='ocrx_word' id='word_1_571' title='bbox 702 4698 879 4752; x_wconf 86' lang='lat' dir='ltr'><strong>subito</strong></span> <span class='ocrx_word' id='word_1_572' title='bbox 922 4696 1215 4749; x_wconf 79' lang='lat' dir='ltr'><strong>adventans</strong></span> <span class='ocrx_word' id='word_1_573' title='bbox 1258 4690 1558 4759; x_wconf 74' lang='lat' dir='ltr'><strong>demigrare</strong></span> <span class='ocrx_word' id='word_1_574' title='bbox 1599 4700 1781 4742; x_wconf 89' lang='lat' dir='ltr'><strong>secum</strong></span> <span class='ocrx_word' id='word_1_575' title='bbox 1812 4700 1909 4741; x_wconf 89' lang='lat' dir='ltr'><strong>nos</strong></span> <span class='ocrx_word' id='word_1_576' title='bbox 1951 4684 2155 4755; x_wconf 75' lang='lat' dir='ltr'><strong>iubeat,</strong></span> <span class='ocrx_word' id='word_1_577' title='bbox 2191 4682 2242 4737; x_wconf 90' lang='lat' dir='ltr'><strong>in</strong></span> 
     </span>
    </p>
   </div>
   <div class='ocr_carea' id='block_1_83' title="bbox 699 4776 2246 4853">
    <p class='ocr_par' dir='ltr' id='par_1_83' title="bbox 699 4776 2246 4853">
     <span class='ocr_line' id='line_1_85' title="bbox 699 4776 2246 4853; baseline -0.009 -11"><span class='ocrx_word' id='word_1_578' title='bbox 699 4786 969 4853; x_wconf 59' lang='lat' dir='ltr'><strong>praedictis</strong></span> <span class='ocrx_word' id='word_1_579' title='bbox 1017 4792 1293 4842; x_wconf 81' lang='lat' dir='ltr'><strong>versantes</strong></span> <span class='ocrx_word' id='word_1_580' title='bbox 1337 4797 1435 4835; x_wconf 89' lang='lat' dir='ltr'><strong>nos</strong></span> <span class='ocrx_word' id='word_1_581' title='bbox 1484 4776 1885 4847; x_wconf 87' lang='lat' dir='ltr'><strong>deprehendat,</strong></span> <span class='ocrx_word' id='word_1_582' title='bbox 1940 4783 2246 4842; x_wconf 88' lang='lat' dir='ltr'><strong>sortemque</strong></span> 
     </span>
    </p>
   </div>
   <div class='ocr_carea' id='block_1_84' title="bbox 702 4863 2247 4945">
    <p class='ocr_par' dir='ltr' id='par_1_84' title="bbox 702 4863 2247 4945">
     <span class='ocr_line' id='line_1_86' title="bbox 702 4863 2247 4945; baseline -0.01 -13"><span class='ocrx_word' id='word_1_583' title='bbox 702 4886 847 4932; x_wconf 86' lang='lat' dir='ltr'><strong>recte</strong></span> <span class='ocrx_word' id='word_1_584' title='bbox 874 4876 1047 4945; x_wconf 80' lang='lat' dir='ltr'><strong>agenti</strong></span> <span class='ocrx_word' id='word_1_585' title='bbox 1078 4873 1274 4927; x_wconf 89' lang='lat' dir='ltr'><strong>tribuat</strong></span> <span class='ocrx_word' id='word_1_586' title='bbox 1303 4872 1478 4940; x_wconf 87' lang='lat' dir='ltr'><strong>priore</strong></span> <span class='ocrx_word' id='word_1_587' title='bbox 1510 4868 1672 4922; x_wconf 90' lang='lat' dir='ltr'><strong>multo</strong></span> <span class='ocrx_word' id='word_1_588' title='bbox 1706 4865 1978 4933; x_wconf 87' lang='lat' dir='ltr'><strong>majorem.</strong></span> <span class='ocrx_word' id='word_1_589' title='bbox 2006 4863 2247 4932; x_wconf 83' lang='lat' dir='ltr'><strong>Namque</strong></span> 
     </span>
    </p>
   </div>
   <div class='ocr_carea' id='block_1_85' title="bbox 700 4954 2239 5035">
    <p class='ocr_par' dir='ltr' id='par_1_85' title="bbox 700 4954 2239 5035">
     <span class='ocr_line' id='line_1_87' title="bbox 700 4954 2239 5035; baseline -0.011 -15"><span class='ocrx_word' id='word_1_590' title='bbox 700 4969 771 5021; x_wconf 89' lang='lat' dir='ltr'><strong>ob</strong></span> <span class='ocrx_word' id='word_1_591' title='bbox 793 4966 1002 5035; x_wconf 80' lang='lat' dir='ltr'><strong>vigilias</strong></span> <span class='ocrx_word' id='word_1_592' title='bbox 1028 4965 1213 5033; x_wconf 87' lang='lat' dir='ltr'><strong>suique</strong></span> <span class='ocrx_word' id='word_1_593' title='bbox 1240 4963 1498 5016; x_wconf 83' lang='lat' dir='ltr'><strong>adventus</strong></span> <span class='ocrx_word' id='word_1_594' title='bbox 1521 4957 1965 5025; x_wconf 81' lang='lat' dir='ltr'><strong>exspectationem</strong></span> <span class='ocrx_word' id='word_1_595' title='bbox 1994 4954 2239 5022; x_wconf 88' lang='lat' dir='ltr'><strong>spondet,</strong></span> 
     </span>
    </p>
   </div>
   <div class='ocr_carea' id='block_1_86' title="bbox 702 5046 2237 5117">
    <p class='ocr_par' dir='ltr' id='par_1_86' title="bbox 702 5046 2237 5117">
     <span class='ocr_line' id='line_1_88' title="bbox 702 5046 2237 5117; baseline -0.012 -4"><span class='ocrx_word' id='word_1_596' title='bbox 702 5058 811 5113; x_wconf 87' lang='lat' dir='ltr'><strong>illis</strong></span> <span class='ocrx_word' id='word_1_597' title='bbox 837 5054 1311 5117; x_wconf 87' lang='lat' dir='ltr'><strong>discumbentibus,</strong></span> <span class='ocrx_word' id='word_1_598' title='bbox 1335 5052 1663 5106; x_wconf 90' lang='lat' dir='ltr'><strong>succinctum</strong></span> <span class='ocrx_word' id='word_1_599' title='bbox 1694 5061 1751 5101; x_wconf 90' lang='lat' dir='ltr'><strong>se</strong></span> <span class='ocrx_word' id='word_1_600' title='bbox 1780 5046 2237 5100; x_wconf 89' lang='lat' dir='ltr'><strong>ministraturum:</strong></span> 
     </span>
    </p>
   </div>
   <div class='ocr_carea' id='block_1_87' title="bbox 701 5136 2242 5213">
    <p class='ocr_par' dir='ltr' id='par_1_87' title="bbox 701 5136 2242 5213">
     <span class='ocr_line' id='line_1_89' title="bbox 701 5136 2242 5213; baseline -0.014 -7"><span class='ocrx_word' id='word_1_601' title='bbox 701 5153 773 5206; x_wconf 88' lang='lat' dir='ltr'><strong>ob</strong></span> <span class='ocrx_word' id='word_1_602' title='bbox 800 5148 1005 5204; x_wconf 79' lang='lat' dir='ltr'><strong>ﬁdelem</strong></span> <span class='ocrx_word' id='word_1_603' title='bbox 1038 5160 1163 5199; x_wconf 88' lang='lat' dir='ltr'><strong>vero</strong></span> <span class='ocrx_word' id='word_1_604' title='bbox 1192 5159 1252 5198; x_wconf 89' lang='lat' dir='ltr'><strong>ac</strong></span> <span class='ocrx_word' id='word_1_605' title='bbox 1284 5143 1595 5213; x_wconf 87' lang='lat' dir='ltr'><strong>prudentem</strong></span> <span class='ocrx_word' id='word_1_606' title='bbox 1630 5136 2000 5191; x_wconf 88' lang='lat' dir='ltr'><strong>villicationem</strong></span> <span class='ocrx_word' id='word_1_607' title='bbox 2043 5143 2242 5199; x_wconf 88' lang='lat' dir='ltr'><strong>tempe-</strong></span> 
     </span>
    </p>
   </div>
   <div class='ocr_carea' id='block_1_88' title="bbox 703 5223 2244 5309">
    <p class='ocr_par' dir='ltr' id='par_1_88' title="bbox 703 5223 2244 5309">
     <span class='ocr_line' id='line_1_90' title="bbox 703 5223 2244 5309; baseline -0.012 -15"><span class='ocrx_word' id='word_1_608' title='bbox 703 5243 1007 5309; x_wconf 85' lang='lat' dir='ltr'><strong>stivamque</strong></span> <span class='ocrx_word' id='word_1_609' title='bbox 1052 5235 1287 5290; x_wconf 86' lang='lat' dir='ltr'><strong>demensi</strong></span> <span class='ocrx_word' id='word_1_610' title='bbox 1317 5230 1769 5291; x_wconf 87' lang='lat' dir='ltr'><strong>distributionem,</strong></span> <span class='ocrx_word' id='word_1_611' title='bbox 1813 5226 1935 5295; x_wconf 87' lang='lat' dir='ltr'><strong>quia</strong></span> <span class='ocrx_word' id='word_1_612' title='bbox 1966 5224 2078 5277; x_wconf 88' lang='lat' dir='ltr'><strong>vult</strong></span> <span class='ocrx_word' id='word_1_613' title='bbox 2117 5223 2244 5277; x_wconf 76' lang='lat' dir='ltr'><strong>bea-</strong></span> 
     </span>
    </p>
   </div>
   <div class='ocr_carea' id='block_1_89' title="bbox 708 5316 2247 5390">
    <p class='ocr_par' dir='ltr' id='par_1_89' title="bbox 708 5316 2247 5390">
     <span class='ocr_line' id='line_1_91' title="bbox 708 5316 2247 5390; baseline -0.01 -6"><span class='ocrx_word' id='word_1_614' title='bbox 708 5333 940 5386; x_wconf 87' lang='lat' dir='ltr'><strong>tissimos</strong></span> <span class='ocrx_word' id='word_1_615' title='bbox 975 5328 1269 5390; x_wconf 85' lang='lat' dir='ltr'><strong>declarare,</strong></span> <span class='ocrx_word' id='word_1_616' title='bbox 1300 5338 1401 5379; x_wconf 92' lang='lat' dir='ltr'><strong>non</strong></span> <span class='ocrx_word' id='word_1_617' title='bbox 1434 5322 1588 5377; x_wconf 87' lang='lat' dir='ltr'><strong>alicui</strong></span> <span class='ocrx_word' id='word_1_618' title='bbox 1621 5320 1754 5388; x_wconf 87' lang='lat' dir='ltr'><strong>parti</strong></span> <span class='ocrx_word' id='word_1_619' title='bbox 1783 5319 1872 5371; x_wconf 76' lang='lat' dir='ltr'><strong>sed</strong></span> <span class='ocrx_word' id='word_1_620' title='bbox 1906 5316 2247 5369; x_wconf 81' lang='lat' dir='ltr'><strong>facultatibus</strong></span> 
     </span>
    </p>
   </div>
   <div class='ocr_carea' id='block_1_90' title="bbox 706 5405 2247 5480">
    <p class='ocr_par' dir='ltr' id='par_1_90' title="bbox 706 5405 2247 5480">
     <span class='ocr_line' id='line_1_92' title="bbox 706 5405 2247 5480; baseline -0.007 -13"><span class='ocrx_word' id='word_1_621' title='bbox 706 5417 966 5470; x_wconf 81' lang='lat' dir='ltr'><strong>universis</strong></span> <span class='ocrx_word' id='word_1_622' title='bbox 996 5430 1054 5469; x_wconf 88' lang='lat' dir='ltr'><strong>se</strong></span> <span class='ocrx_word' id='word_1_623' title='bbox 1091 5411 1460 5480; x_wconf 68' lang='lat' dir='ltr'><strong>praefecturum</strong></span> <span class='ocrx_word' id='word_1_624' title='bbox 1492 5408 1705 5462; x_wconf 79' lang='lat' dir='ltr'><strong>felicem</strong></span> <span class='ocrx_word' id='word_1_625' title='bbox 1747 5405 1890 5457; x_wconf 89' lang='lat' dir='ltr'><strong>illum</strong></span> <span class='ocrx_word' id='word_1_626' title='bbox 1913 5413 2247 5458; x_wconf 86' lang='lat' dir='ltr'><strong>sacramento</strong></span> 
     </span>
    </p>
   </div>
   <div class='ocr_carea' id='block_1_91' title="bbox 618 5526 1663 5597">
    <p class='ocr_par' dir='ltr' id='par_1_91' title="bbox 618 5526 1663 5597">
     <span class='ocr_line' id='line_1_93' title="bbox 618 5526 1663 5597; baseline -0.007 -12"><span class='ocrx_word' id='word_1_627' title='bbox 618 5548 622 5551; x_wconf 65' lang='lat'>‘</span> <span class='ocrx_word' id='word_1_628' title='bbox 702 5531 751 5563; x_wconf 84' lang='lat'><strong>&quot;</strong></span> <span class='ocrx_word' id='word_1_629' title='bbox 792 5531 945 5584; x_wconf 78' lang='lat' dir='ltr'><strong>Prov.</strong></span> <span class='ocrx_word' id='word_1_630' title='bbox 976 5547 1045 5597; x_wconf 88' lang='lat' dir='ltr'><strong>tv,</strong></span> <span class='ocrx_word' id='word_1_631' title='bbox 1071 5532 1162 5584; x_wconf 76' lang='lat'><strong>9.5.</strong></span> <span class='ocrx_word' id='word_1_632' title='bbox 1237 5532 1251 5561; x_wconf 78' lang='grc'>³</span> <span class='ocrx_word' id='word_1_633' title='bbox 1291 5529 1417 5584; x_wconf 73' lang='lat' dir='ltr'><strong>CAP.</strong></span> <span class='ocrx_word' id='word_1_634' title='bbox 1446 5545 1545 5590; x_wconf 75' lang='lat' dir='ltr'><strong>su,</strong></span> <span class='ocrx_word' id='word_1_635' title='bbox 1576 5526 1663 5579; x_wconf 73' lang='grc'><strong>42.</strong></span> 
     </span>
    </p>
   </div>
   <div class='ocr_carea' id='block_1_92' title="bbox 776 5620 2247 5690">
    <p class='ocr_par' dir='ltr' id='par_1_92' title="bbox 776 5620 2247 5690">
     <span class='ocr_line' id='line_1_94' title="bbox 776 5620 2247 5690; baseline -0.003 -12"><span class='ocrx_word' id='word_1_636' title='bbox 776 5623 889 5690; x_wconf 79' lang='grc' dir='ltr'><strong>(ϐυ)</strong></span> <span class='ocrx_word' id='word_1_637' title='bbox 929 5624 1190 5679; x_wconf 79' lang='lat' dir='ltr'><strong>Notabilis</strong></span> <span class='ocrx_word' id='word_1_638' title='bbox 1222 5624 1457 5677; x_wconf 82' lang='lat' dir='ltr'><strong>doctrina</strong></span> <span class='ocrx_word' id='word_1_639' title='bbox 1500 5620 1740 5681; x_wconf 73' lang='lat' dir='ltr'><strong>Eusebii,</strong></span> <span class='ocrx_word' id='word_1_640' title='bbox 1770 5620 2123 5690; x_wconf 72' lang='lat' dir='ltr'><strong>antiquissimi</strong></span> <span class='ocrx_word' id='word_1_641' title='bbox 2155 5637 2247 5673; x_wconf 83' lang='lat' dir='ltr'><strong>au-</strong></span> 
     </span>
    </p>
   </div>
   <div class='ocr_carea' id='block_1_93' title="bbox 2342 3247 3905 3320">
    <p class='ocr_par' dir='ltr' id='par_1_93' title="bbox 2342 3247 3905 3320">
     <span class='ocr_line' id='line_1_95' title="bbox 2342 3247 3905 3320; baseline 0.003 -20"><span class='ocrx_word' id='word_1_642' title='bbox 2342 3247 2540 3311; x_wconf 80' lang='grc' dir='ltr'>παντδς</span> <span class='ocrx_word' id='word_1_643' title='bbox 2560 3248 2651 3301; x_wconf 83' lang='grc' dir='ltr'>καὶ</span> <span class='ocrx_word' id='word_1_644' title='bbox 2680 3249 2770 3301; x_wconf 78' lang='grc' dir='ltr'>τὸν</span> <span class='ocrx_word' id='word_1_645' title='bbox 2801 3249 3037 3318; x_wconf 81' lang='grc' dir='ltr'>κλέπτην</span> <span class='ocrx_word' id='word_1_646' title='bbox 3058 3247 3450 3315; x_wconf 78' lang='grc' dir='ltr'>διαφυλάττειν,</span> <span class='ocrx_word' id='word_1_647' title='bbox 3489 3249 3563 3320; x_wconf 85' lang='grc' dir='ltr'>μὴ</span> <span class='ocrx_word' id='word_1_648' title='bbox 3610 3249 3802 3305; x_wconf 85' lang='grc' dir='ltr'>λαθὼν</span> <span class='ocrx_word' id='word_1_649' title='bbox 3826 3251 3905 3304; x_wconf 80' lang='grc' dir='ltr'>δι-</span> 
     </span>
    </p>
   </div>
   <div class='ocr_carea' id='block_1_94' title="bbox 2342 3339 3912 3412">
    <p class='ocr_par' dir='ltr' id='par_1_94' title="bbox 2342 3339 3912 3412">
     <span class='ocr_line' id='line_1_96' title="bbox 2342 3339 3912 3412; baseline 0.004 -21"><span class='ocrx_word' id='word_1_650' title='bbox 2342 3339 2555 3409; x_wconf 80' lang='grc' dir='ltr'>ορύξειε</span> <span class='ocrx_word' id='word_1_651' title='bbox 2584 3340 2646 3393; x_wconf 85' lang='grc' dir='ltr'>τὸ</span> <span class='ocrx_word' id='word_1_652' title='bbox 2671 3342 2769 3410; x_wconf 84' lang='grc' dir='ltr'>τῆς</span> <span class='ocrx_word' id='word_1_653' title='bbox 2794 3341 2968 3410; x_wconf 77' lang='grc' dir='ltr'>ψυχῆς</span> <span class='ocrx_word' id='word_1_654' title='bbox 2996 3345 3234 3412; x_wconf 85' lang='grc' dir='ltr'>ταμεῖον,</span> <span class='ocrx_word' id='word_1_655' title='bbox 3271 3341 3625 3412; x_wconf 77' lang='grc' dir='ltr'>ἀποσυλήσειὲ</span> <span class='ocrx_word' id='word_1_656' title='bbox 3650 3359 3709 3395; x_wconf 86' lang='grc' dir='ltr'><strong>τε</strong></span> <span class='ocrx_word' id='word_1_657' title='bbox 3753 3343 3823 3397; x_wconf 82' lang='grc' dir='ltr'><strong>τὰ</strong></span> <span class='ocrx_word' id='word_1_658' title='bbox 3852 3345 3912 3397; x_wconf 75' lang='grc' dir='ltr'>ἐν</span> 
     </span>
    </p>
   </div>
   <div class='ocr_carea' id='block_1_95' title="bbox 2342 3428 3913 3507">
    <p class='ocr_par' dir='ltr' id='par_1_95' title="bbox 2342 3428 3913 3507">
     <span class='ocr_line' id='line_1_97' title="bbox 2342 3428 3913 3507; baseline 0.004 -26"><span class='ocrx_word' id='word_1_659' title='bbox 2342 3428 2488 3497; x_wconf 83' lang='grc' dir='ltr'>αύτῷ</span> <span class='ocrx_word' id='word_1_660' title='bbox 2514 3431 2850 3499; x_wconf 76' lang='grc' dir='ltr'>συνηγμένα·</span> <span class='ocrx_word' id='word_1_661' title='bbox 2882 3432 2958 3483; x_wconf 72' lang='grc' dir='ltr'>ἔτι</span> <span class='ocrx_word' id='word_1_662' title='bbox 2990 3448 3053 3499; x_wconf 87' lang='grc' dir='ltr'><strong>γε</strong></span> <span class='ocrx_word' id='word_1_663' title='bbox 3082 3432 3181 3502; x_wconf 84' lang='grc' dir='ltr'>μὲν</span> <span class='ocrx_word' id='word_1_664' title='bbox 3226 3433 3317 3486; x_wconf 80' lang='grc' dir='ltr'>καὶ</span> <span class='ocrx_word' id='word_1_665' title='bbox 3344 3433 3434 3486; x_wconf 86' lang='grc' dir='ltr'>τὸν</span> <span class='ocrx_word' id='word_1_666' title='bbox 3478 3432 3668 3487; x_wconf 78' lang='grc' dir='ltr'>ἑαυτοῦ</span> <span class='ocrx_word' id='word_1_667' title='bbox 3707 3434 3913 3507; x_wconf 70' lang='grc' dir='ltr'>Κύριον</span> 
     </span>
    </p>
   </div>
   <div class='ocr_carea' id='block_1_96' title="bbox 2345 3519 3911 3596">
    <p class='ocr_par' dir='ltr' id='par_1_96' title="bbox 2345 3519 3911 3596">
     <span class='ocr_line' id='line_1_98' title="bbox 2345 3519 3911 3596; baseline 0.003 -23"><span class='ocrx_word' id='word_1_668' title='bbox 2345 3519 2519 3573; x_wconf 82' lang='grc' dir='ltr'>πάντα</span> <span class='ocrx_word' id='word_1_669' title='bbox 2557 3520 2647 3573; x_wconf 84' lang='grc' dir='ltr'>τὸν</span> <span class='ocrx_word' id='word_1_670' title='bbox 2686 3523 2786 3590; x_wconf 82' lang='grc' dir='ltr'>τῆς</span> <span class='ocrx_word' id='word_1_671' title='bbox 2830 3519 2973 3591; x_wconf 76' lang='grc' dir='ltr'>ζωῆς</span> <span class='ocrx_word' id='word_1_672' title='bbox 3016 3524 3202 3595; x_wconf 86' lang='grc' dir='ltr'>χρόνον</span> <span class='ocrx_word' id='word_1_673' title='bbox 3250 3523 3581 3595; x_wconf 79' lang='grc' dir='ltr'>ἐκδέχεσθαι.</span> <span class='ocrx_word' id='word_1_674' title='bbox 3626 3524 3783 3578; x_wconf 77' lang='grc' dir='ltr'>Ἀλλά</span> <span class='ocrx_word' id='word_1_675' title='bbox 3836 3526 3911 3596; x_wconf 75' lang='grc' dir='ltr'>μὴ</span> 
     </span>
    </p>
   </div>
   <div class='ocr_carea' id='block_1_97' title="bbox 2353 3608 3910 3686">
    <p class='ocr_par' dir='ltr' id='par_1_97' title="bbox 2353 3608 3910 3686">
     <span class='ocr_line' id='line_1_99' title="bbox 2353 3608 3910 3686; baseline 0.006 -26"><span class='ocrx_word' id='word_1_676' title='bbox 2353 3608 2511 3677; x_wconf 83' lang='grc' dir='ltr'>μέχρι</span> <span class='ocrx_word' id='word_1_677' title='bbox 2545 3610 2748 3663; x_wconf 88' lang='grc' dir='ltr'>τούτων</span> <span class='ocrx_word' id='word_1_678' title='bbox 2780 3612 2996 3665; x_wconf 79' lang='grc' dir='ltr'>ἑστάναι</span> <span class='ocrx_word' id='word_1_679' title='bbox 3016 3630 3031 3644; x_wconf 77' lang='grc' dir='ltr'><strong>ο</strong></span> <span class='ocrx_word' id='word_1_680' title='bbox 3065 3613 3389 3685; x_wconf 77' lang='grc' dir='ltr'>παραθήκην</span> <span class='ocrx_word' id='word_1_681' title='bbox 3418 3613 3464 3666; x_wconf 86' lang='grc' dir='ltr'>δ’</span> <span class='ocrx_word' id='word_1_682' title='bbox 3503 3613 3690 3686; x_wconf 81' lang='grc' dir='ltr'>ὥσπερ</span> <span class='ocrx_word' id='word_1_683' title='bbox 3723 3616 3910 3670; x_wconf 67' lang='grc' dir='ltr'>ὐποδεο</span> 
     </span>
    </p>
   </div>
   <div class='ocr_carea' id='block_1_98' title="bbox 2344 3698 3912 3775">
    <p class='ocr_par' dir='ltr' id='par_1_98' title="bbox 2344 3698 3912 3775">
     <span class='ocr_line' id='line_1_100' title="bbox 2344 3698 3912 3775; baseline 0.007 -26"><span class='ocrx_word' id='word_1_684' title='bbox 2344 3698 2609 3767; x_wconf 81' lang='grc' dir='ltr'>ξαμένους</span> <span class='ocrx_word' id='word_1_685' title='bbox 2642 3700 2795 3772; x_wconf 84' lang='grc' dir='ltr'>παρὰ</span> <span class='ocrx_word' id='word_1_686' title='bbox 2824 3700 2916 3753; x_wconf 83' lang='grc' dir='ltr'>τοῦ</span> <span class='ocrx_word' id='word_1_687' title='bbox 2951 3702 3156 3755; x_wconf 79' lang='grc' dir='ltr'>ἑαυτῶν</span> <span class='ocrx_word' id='word_1_688' title='bbox 3186 3704 3453 3756; x_wconf 81' lang='grc' dir='ltr'>Δεσπότου</span> <span class='ocrx_word' id='word_1_689' title='bbox 3502 3704 3601 3775; x_wconf 74' lang='grc' dir='ltr'>τὴν</span> <span class='ocrx_word' id='word_1_690' title='bbox 3645 3705 3755 3759; x_wconf 83' lang='grc' dir='ltr'><strong>τῶν</strong></span> <span class='ocrx_word' id='word_1_691' title='bbox 3789 3722 3912 3759; x_wconf 73' lang='lat' dir='ltr'><strong>suv-</strong></span> 
     </span>
    </p>
   </div>
   <div class='ocr_carea' id='block_1_99' title="bbox 2342 3787 3910 3867">
    <p class='ocr_par' dir='ltr' id='par_1_99' title="bbox 2342 3787 3910 3867">
     <span class='ocr_line' id='line_1_101' title="bbox 2342 3787 3910 3867; baseline 0.006 -26"><span class='ocrx_word' id='word_1_692' title='bbox 2342 3787 2541 3841; x_wconf 81' lang='grc' dir='ltr'>δούλων</span> <span class='ocrx_word' id='word_1_693' title='bbox 2570 3789 2724 3860; x_wconf 77' lang='grc' dir='ltr'>ἡμῶν</span> <span class='ocrx_word' id='word_1_694' title='bbox 2751 3790 3089 3860; x_wconf 80' lang='grc' dir='ltr'>κηδεμονίαν,</span> <span class='ocrx_word' id='word_1_695' title='bbox 3116 3792 3401 3860; x_wconf 81' lang='grc' dir='ltr'>φυλάττειν</span> <span class='ocrx_word' id='word_1_696' title='bbox 3428 3794 3526 3865; x_wconf 78' lang='grc' dir='ltr'>τὴν</span> <span class='ocrx_word' id='word_1_697' title='bbox 3546 3794 3727 3849; x_wconf 78' lang='grc' dir='ltr'>πίστιν</span> <span class='ocrx_word' id='word_1_698' title='bbox 3745 3812 3910 3867; x_wconf 83' lang='grc' dir='ltr'>προσ·-</span> 
     </span>
    </p>
   </div>
   <div class='ocr_carea' id='block_1_100' title="bbox 2346 3880 3912 3957">
    <p class='ocr_par' dir='ltr' id='par_1_100' title="bbox 2346 3880 3912 3957">
     <span class='ocr_line' id='line_1_102' title="bbox 2346 3880 3912 3957; baseline 0.003 -24"><span class='ocrx_word' id='word_1_699' title='bbox 2346 3882 2490 3950; x_wconf 79' lang='grc' dir='ltr'>ήκει,</span> <span class='ocrx_word' id='word_1_700' title='bbox 2533 3880 2674 3933; x_wconf 80' lang='grc' dir='ltr'>οὕτω</span> <span class='ocrx_word' id='word_1_701' title='bbox 2716 3898 2775 3933; x_wconf 83' lang='grc' dir='ltr'><strong>τε</strong></span> <span class='ocrx_word' id='word_1_702' title='bbox 2816 3885 3038 3947; x_wconf 82' lang='grc' dir='ltr'>πιστοὺς</span> <span class='ocrx_word' id='word_1_703' title='bbox 3086 3884 3334 3951; x_wconf 87' lang='grc' dir='ltr'>γενέσθαι</span> <span class='ocrx_word' id='word_1_704' title='bbox 3368 3886 3460 3937; x_wconf 80' lang='grc' dir='ltr'>καὶ</span> <span class='ocrx_word' id='word_1_705' title='bbox 3515 3886 3808 3957; x_wconf 83' lang='grc' dir='ltr'>φρονίμους</span> <span class='ocrx_word' id='word_1_706' title='bbox 3837 3887 3912 3951; x_wconf 86' lang='grc' dir='ltr'><strong>ὡς</strong></span> 
     </span>
    </p>
   </div>
   <div class='ocr_carea' id='block_1_101' title="bbox 2349 3971 3995 4048">
    <p class='ocr_par' dir='ltr' id='par_1_101' title="bbox 2349 3971 3995 4048">
     <span class='ocr_line' id='line_1_103' title="bbox 2349 3971 3995 4048; baseline 0.004 -24"><span class='ocrx_word' id='word_1_707' title='bbox 2349 3974 2556 4042; x_wconf 83' lang='grc' dir='ltr'>μήποτε</span> <span class='ocrx_word' id='word_1_708' title='bbox 2589 3973 2849 4042; x_wconf 80' lang='grc' dir='ltr'>ἀκαίρως,</span> <span class='ocrx_word' id='word_1_709' title='bbox 2872 3973 3033 4027; x_wconf 75' lang='grc' dir='ltr'>ἀεὶδὲ</span> <span class='ocrx_word' id='word_1_710' title='bbox 3063 3977 3141 4047; x_wconf 76' lang='grc' dir='ltr'>τῷ</span> <span class='ocrx_word' id='word_1_711' title='bbox 3192 3978 3516 4048; x_wconf 76' lang='grc' dir='ltr'>προσήκοντι</span> <span class='ocrx_word' id='word_1_712' title='bbox 3576 3971 3772 4047; x_wconf 75' lang='grc' dir='ltr'>καιρῖῥ,</span> <span class='ocrx_word' id='word_1_713' title='bbox 3800 3982 3912 4042; x_wconf 70' lang='lat' dir='ltr'><strong>td;</strong></span> <span class='ocrx_word' id='word_1_714' title='bbox 3994 4038 3995 4041; x_wconf 26' lang='grc' dir='ltr'><strong>η</strong></span> 
     </span>
    </p>
   </div>
   <div class='ocr_carea' id='block_1_102' title="bbox 2347 4059 3911 4139">
    <p class='ocr_par' dir='ltr' id='par_1_102' title="bbox 2347 4059 3911 4139">
     <span class='ocr_line' id='line_1_104' title="bbox 2347 4059 3911 4139; baseline 0.006 -26"><span class='ocrx_word' id='word_1_715' title='bbox 2347 4059 2630 4131; x_wconf 81' lang='grc' dir='ltr'>ἡμετέροις</span> <span class='ocrx_word' id='word_1_716' title='bbox 2656 4062 2954 4126; x_wconf 82' lang='grc' dir='ltr'>συνδούλοις</span> <span class='ocrx_word' id='word_1_717' title='bbox 2997 4066 3057 4118; x_wconf 84' lang='grc' dir='ltr'>τὸ</span> <span class='ocrx_word' id='word_1_718' title='bbox 3091 4067 3392 4137; x_wconf 73' lang='grc' dir='ltr'>σιτηρέσιον</span> <span class='ocrx_word' id='word_1_719' title='bbox 3446 4065 3741 4136; x_wconf 83' lang='grc' dir='ltr'>διανέμειν,</span> <span class='ocrx_word' id='word_1_720' title='bbox 3775 4071 3911 4139; x_wconf 73' lang='grc' dir='ltr'>μήτε</span> 
     </span>
    </p>
   </div>
   <div class='ocr_carea' id='block_1_103' title="bbox 2344 4150 3909 4225">
    <p class='ocr_par' dir='ltr' id='par_1_103' title="bbox 2344 4150 3909 4225">
     <span class='ocr_line' id='line_1_105' title="bbox 2344 4150 3909 4225; baseline 0.006 -25"><span class='ocrx_word' id='word_1_721' title='bbox 2344 4150 2698 4221; x_wconf 83' lang='grc' dir='ltr'>παρορῶντας</span> <span class='ocrx_word' id='word_1_722' title='bbox 2742 4151 2832 4204; x_wconf 82' lang='grc' dir='ltr'>καὶ</span> <span class='ocrx_word' id='word_1_723' title='bbox 2881 4153 3349 4223; x_wconf 86' lang='grc' dir='ltr'>ὑπερτιθεμένους,</span> <span class='ocrx_word' id='word_1_724' title='bbox 3384 4155 3471 4207; x_wconf 86' lang='grc' dir='ltr'>ὅτε</span> <span class='ocrx_word' id='word_1_725' title='bbox 3519 4155 3619 4217; x_wconf 76' lang='grc' dir='ltr'>δαί,</span> <span class='ocrx_word' id='word_1_726' title='bbox 3664 4157 3792 4225; x_wconf 78' lang='grc' dir='ltr'>μήτ’</span> <span class='ocrx_word' id='word_1_727' title='bbox 3849 4158 3909 4209; x_wconf 89' lang='grc' dir='ltr'><strong>ού</strong></span> 
     </span>
    </p>
   </div>
   <div class='ocr_carea' id='block_1_104' title="bbox 2346 4241 3911 4316">
    <p class='ocr_par' dir='ltr' id='par_1_104' title="bbox 2346 4241 3911 4316">
     <span class='ocr_line' id='line_1_106' title="bbox 2346 4241 3911 4316; baseline 0.008 -26"><span class='ocrx_word' id='word_1_728' title='bbox 2346 4241 2614 4311; x_wconf 80' lang='grc' dir='ltr'>δεομένοις</span> <span class='ocrx_word' id='word_1_729' title='bbox 2640 4242 2970 4312; x_wconf 83' lang='grc' dir='ltr'>παρέχοντας</span> <span class='ocrx_word' id='word_1_730' title='bbox 2999 4244 3262 4313; x_wconf 83' lang='grc' dir='ltr'>ἀκαίρως,</span> <span class='ocrx_word' id='word_1_731' title='bbox 3289 4244 3427 4297; x_wconf 78' lang='grc' dir='ltr'>ἀλλὰ</span> <span class='ocrx_word' id='word_1_732' title='bbox 3473 4244 3565 4297; x_wconf 75' lang='grc' dir='ltr'><strong>καὶ</strong></span> <span class='ocrx_word' id='word_1_733' title='bbox 3613 4245 3793 4316; x_wconf 81' lang='grc' dir='ltr'>καιρῷ</span> <span class='ocrx_word' id='word_1_734' title='bbox 3834 4245 3911 4316; x_wconf 79' lang='grc' dir='ltr'><strong>τῷ</strong></span> 
     </span>
    </p>
   </div>
   <div class='ocr_carea' id='block_1_105' title="bbox 2348 4333 3910 4405">
    <p class='ocr_par' dir='ltr' id='par_1_105' title="bbox 2348 4333 3910 4405">
     <span class='ocr_line' id='line_1_107' title="bbox 2348 4333 3910 4405; baseline 0.006 -23"><span class='ocrx_word' id='word_1_735' title='bbox 2348 4333 2695 4402; x_wconf 83' lang='grc' dir='ltr'>προσήκοντι,</span> <span class='ocrx_word' id='word_1_736' title='bbox 2733 4333 2824 4384; x_wconf 79' lang='grc' dir='ltr'><strong>καὶ</strong></span> <span class='ocrx_word' id='word_1_737' title='bbox 2851 4333 2923 4403; x_wconf 82' lang='grc' dir='ltr'>μὴ</span> <span class='ocrx_word' id='word_1_738' title='bbox 2950 4333 3201 4405; x_wconf 79' lang='grc' dir='ltr'>ἀμέτρως</span> <span class='ocrx_word' id='word_1_739' title='bbox 3223 4334 3378 4387; x_wconf 83' lang='grc' dir='ltr'>τοῦτο</span> <span class='ocrx_word' id='word_1_740' title='bbox 3406 4338 3607 4388; x_wconf 81' lang='grc' dir='ltr'>ποιεῖν’</span> <span class='ocrx_word' id='word_1_741' title='bbox 3656 4337 3810 4392; x_wconf 77' lang='grc' dir='ltr'>τοῦτο</span> <span class='ocrx_word' id='word_1_742' title='bbox 3851 4338 3910 4391; x_wconf 65' lang='grc' dir='ltr'>δὲ</span> 
     </span>
    </p>
   </div>
   <div class='ocr_carea' id='block_1_106' title="bbox 2349 4420 3913 4496">
    <p class='ocr_par' dir='ltr' id='par_1_106' title="bbox 2349 4420 3913 4496">
     <span class='ocr_line' id='line_1_108' title="bbox 2349 4420 3913 4496; baseline 0.006 -26"><span class='ocrx_word' id='word_1_743' title='bbox 2349 4420 2602 4490; x_wconf 82' lang='grc' dir='ltr'>πράττειν</span> <span class='ocrx_word' id='word_1_744' title='bbox 2628 4420 2765 4472; x_wconf 79' lang='grc' dir='ltr'>κατὰ</span> <span class='ocrx_word' id='word_1_745' title='bbox 2794 4420 2886 4472; x_wconf 89' lang='grc' dir='ltr'><strong>δύο</strong></span> <span class='ocrx_word' id='word_1_746' title='bbox 2913 4421 3164 4492; x_wconf 82' lang='grc' dir='ltr'>τρόπους,</span> <span class='ocrx_word' id='word_1_747' title='bbox 3194 4422 3281 4475; x_wconf 83' lang='grc' dir='ltr'><strong>διά</strong></span> <span class='ocrx_word' id='word_1_748' title='bbox 3314 4439 3371 4474; x_wconf 85' lang='grc' dir='ltr'><strong>τε</strong></span> <span class='ocrx_word' id='word_1_749' title='bbox 3412 4423 3508 4493; x_wconf 81' lang='grc' dir='ltr'>τῆς</span> <span class='ocrx_word' id='word_1_750' title='bbox 3545 4423 3913 4496; x_wconf 83' lang='grc' dir='ltr'>λογικωτέρας</span> 
     </span>
    </p>
   </div>
   <div class='ocr_carea' id='block_1_107' title="bbox 2350 4510 3912 4582">
    <p class='ocr_par' dir='ltr' id='par_1_107' title="bbox 2350 4510 3912 4582">
     <span class='ocr_line' id='line_1_109' title="bbox 2350 4510 3912 4582; baseline 0.004 -19"><span class='ocrx_word' id='word_1_751' title='bbox 2350 4511 2611 4579; x_wconf 69' lang='grc' dir='ltr'>ὠφελείας</span> <span class='ocrx_word' id='word_1_752' title='bbox 2636 4511 2732 4573; x_wconf 77' lang='grc' dir='ltr'>τὰς</span> <span class='ocrx_word' id='word_1_753' title='bbox 2755 4510 2931 4580; x_wconf 73' lang='grc' dir='ltr'>ψυχὰς</span> <span class='ocrx_word' id='word_1_754' title='bbox 2956 4511 3133 4565; x_wconf 81' lang='grc' dir='ltr'>αὐτῶν</span> <span class='ocrx_word' id='word_1_755' title='bbox 3154 4512 3489 4582; x_wconf 81' lang='grc' dir='ltr'>βελτιοῦντας</span> <span class='ocrx_word' id='word_1_756' title='bbox 3519 4519 3637 4579; x_wconf 82' lang='grc' dir='ltr'>ταῖς</span> <span class='ocrx_word' id='word_1_757' title='bbox 3675 4515 3765 4570; x_wconf 81' lang='grc' dir='ltr'>διὰ</span> <span class='ocrx_word' id='word_1_758' title='bbox 3804 4516 3912 4570; x_wconf 85' lang='grc' dir='ltr'><strong>τῶν</strong></span> 
     </span>
    </p>
   </div>
   <div class='ocr_carea' id='block_1_108' title="bbox 2358 4598 3915 4677">
    <p class='ocr_par' dir='ltr' id='par_1_108' title="bbox 2358 4598 3915 4677">
     <span class='ocr_line' id='line_1_110' title="bbox 2358 4598 3915 4677; baseline 0.004 -25"><span class='ocrx_word' id='word_1_759' title='bbox 2358 4600 2690 4670; x_wconf 82' lang='grc' dir='ltr'>μαθημάτων</span> <span class='ocrx_word' id='word_1_760' title='bbox 2715 4603 2957 4671; x_wconf 83' lang='grc' dir='ltr'>τροφαῖς,</span> <span class='ocrx_word' id='word_1_761' title='bbox 2984 4598 3070 4654; x_wconf 84' lang='grc' dir='ltr'><strong>διά</strong></span> <span class='ocrx_word' id='word_1_762' title='bbox 3102 4619 3162 4653; x_wconf 87' lang='grc' dir='ltr'><strong>τε</strong></span> <span class='ocrx_word' id='word_1_763' title='bbox 3185 4602 3283 4671; x_wconf 77' lang='grc' dir='ltr'>τῆς</span> <span class='ocrx_word' id='word_1_764' title='bbox 3301 4602 3406 4656; x_wconf 91' lang='grc' dir='ltr'><strong>τῶν</strong></span> <span class='ocrx_word' id='word_1_765' title='bbox 3437 4602 3706 4673; x_wconf 76' lang='grc' dir='ltr'>αἰσθητῶν</span> <span class='ocrx_word' id='word_1_766' title='bbox 3744 4606 3915 4677; x_wconf 81' lang='grc' dir='ltr'>ὑπαρ-</span> 
     </span>
    </p>
   </div>
   <div class='ocr_carea' id='block_1_109' title="bbox 2350 4683 3913 4757">
    <p class='ocr_par' dir='ltr' id='par_1_109' title="bbox 2350 4683 3913 4757">
     <span class='ocr_line' id='line_1_111' title="bbox 2350 4683 3913 4757; baseline 0.006 -20"><span class='ocrx_word' id='word_1_767' title='bbox 2350 4686 2549 4757; x_wconf 78' lang='grc' dir='ltr'>χόντων</span> <span class='ocrx_word' id='word_1_768' title='bbox 2579 4683 2711 4755; x_wconf 72' lang='grc' dir='ltr'>πρὸς</span> <span class='ocrx_word' id='word_1_769' title='bbox 2740 4690 2863 4750; x_wconf 79' lang='grc' dir='ltr'>τοὺς</span> <span class='ocrx_word' id='word_1_770' title='bbox 2894 4687 3089 4749; x_wconf 74' lang='grc' dir='ltr'>ἐνδεεῖς</span> <span class='ocrx_word' id='word_1_771' title='bbox 3128 4688 3469 4757; x_wconf 69' lang='grc' dir='ltr'><strong>ἐπικουρίας⁸</strong></span> <span class='ocrx_word' id='word_1_772' title='bbox 3504 4687 3675 4743; x_wconf 79' lang='grc' dir='ltr'>ταῦτα</span> <span class='ocrx_word' id='word_1_773' title='bbox 3718 4690 3775 4742; x_wconf 82' lang='grc' dir='ltr'>δὲ</span> <span class='ocrx_word' id='word_1_774' title='bbox 3824 4691 3913 4747; x_wconf 71' lang='grc' dir='ltr'>διὰ</span> 
     </span>
    </p>
   </div>
   <div class='ocr_carea' id='block_1_110' title="bbox 2352 4775 3919 4846">
    <p class='ocr_par' dir='ltr' id='par_1_110' title="bbox 2352 4775 3919 4846">
     <span class='ocr_line' id='line_1_112' title="bbox 2352 4775 3919 4846; baseline 0.004 -21"><span class='ocrx_word' id='word_1_775' title='bbox 2352 4775 2545 4837; x_wconf 83' lang='grc' dir='ltr'>παντὸς</span> <span class='ocrx_word' id='word_1_776' title='bbox 2575 4776 2834 4843; x_wconf 79' lang='grc' dir='ltr'>ἐνεργεῖν,</span> <span class='ocrx_word' id='word_1_777' title='bbox 2872 4775 2977 4837; x_wconf 82' lang='grc' dir='ltr'>ἵνα,</span> <span class='ocrx_word' id='word_1_778' title='bbox 3008 4776 3061 4827; x_wconf 83' lang='grc' dir='ltr'><strong>εί</strong></span> <span class='ocrx_word' id='word_1_779' title='bbox 3079 4793 3207 4828; x_wconf 81' lang='grc' dir='ltr'>ποτε</span> <span class='ocrx_word' id='word_1_780' title='bbox 3240 4776 3446 4846; x_wconf 84' lang='grc' dir='ltr'>ἁθρόως</span> <span class='ocrx_word' id='word_1_781' title='bbox 3474 4776 3698 4840; x_wconf 68' lang='grc' dir='ltr'>ἐπιστὰς</span> <span class='ocrx_word' id='word_1_782' title='bbox 3737 4779 3767 4829; x_wconf 79' lang='grc' dir='ltr'>ὁ</span> <span class='ocrx_word' id='word_1_783' title='bbox 3801 4779 3919 4832; x_wconf 81' lang='grc' dir='ltr'><strong>Κύ-</strong></span> 
     </span>
    </p>
   </div>
   <div class='ocr_carea' id='block_1_111' title="bbox 2356 4864 3914 4937">
    <p class='ocr_par' dir='ltr' id='par_1_111' title="bbox 2356 4864 3914 4937">
     <span class='ocr_line' id='line_1_113' title="bbox 2356 4864 3914 4937; baseline 0.003 -20"><span class='ocrx_word' id='word_1_784' title='bbox 2356 4882 2467 4935; x_wconf 87' lang='grc' dir='ltr'>ριος</span> <span class='ocrx_word' id='word_1_785' title='bbox 2491 4868 2521 4935; x_wconf 78' lang='grc' dir='ltr'>ἡ</span> <span class='ocrx_word' id='word_1_786' title='bbox 2530 4866 2642 4935; x_wconf 86' lang='grc' dir='ltr'><strong>μῶν</strong></span> <span class='ocrx_word' id='word_1_787' title='bbox 2669 4866 2765 4936; x_wconf 78' lang='grc' dir='ltr'>τὴν</span> <span class='ocrx_word' id='word_1_788' title='bbox 2790 4864 3100 4936; x_wconf 74' lang='grc' dir='ltr'>παράληψιν</span> <span class='ocrx_word' id='word_1_789' title='bbox 3129 4870 3160 4936; x_wconf 82' lang='grc' dir='ltr'>ἡ</span> <span class='ocrx_word' id='word_1_790' title='bbox 3168 4866 3280 4935; x_wconf 85' lang='grc' dir='ltr'><strong>μῶν</strong></span> <span class='ocrx_word' id='word_1_791' title='bbox 3299 4870 3517 4931; x_wconf 88' lang='grc' dir='ltr'>ποιοῖτο,</span> <span class='ocrx_word' id='word_1_792' title='bbox 3542 4867 3721 4937; x_wconf 80' lang='grc' dir='ltr'>εὑρεῖν</span> <span class='ocrx_word' id='word_1_793' title='bbox 3740 4869 3914 4922; x_wconf 79' lang='grc' dir='ltr'>ταῦτα</span> 
     </span>
    </p>
   </div>
   <div class='ocr_carea' id='block_1_112' title="bbox 2350 4954 3901 5025">
    <p class='ocr_par' dir='ltr' id='par_1_112' title="bbox 2350 4954 3901 5025">
     <span class='ocr_line' id='line_1_114' title="bbox 2350 4954 3901 5025; baseline 0.003 -20"><span class='ocrx_word' id='word_1_794' title='bbox 2350 4955 2677 5023; x_wconf 71' lang='grc' dir='ltr'>πράττοντας</span> <span class='ocrx_word' id='word_1_795' title='bbox 2712 4954 2876 5022; x_wconf 74' lang='grc' dir='ltr'>ἡμᾶς,</span> <span class='ocrx_word' id='word_1_796' title='bbox 2905 4954 3229 5023; x_wconf 73' lang='grc' dir='ltr'>ἐπαγγελίαν</span> <span class='ocrx_word' id='word_1_797' title='bbox 3253 4972 3308 5007; x_wconf 87' lang='grc' dir='ltr'><strong>τε</strong></span> <span class='ocrx_word' id='word_1_798' title='bbox 3336 4956 3411 5025; x_wconf 82' lang='grc' dir='ltr'>τῷ</span> <span class='ocrx_word' id='word_1_799' title='bbox 3436 4957 3528 5008; x_wconf 77' lang='grc' dir='ltr'><strong>καὶ</strong></span> <span class='ocrx_word' id='word_1_800' title='bbox 3557 4955 3730 5009; x_wconf 77' lang='grc' dir='ltr'>ταῦτα</span> <span class='ocrx_word' id='word_1_801' title='bbox 3763 4975 3901 5010; x_wconf 87' lang='grc' dir='ltr'>κατ-</span> 
     </span>
    </p>
   </div>
   <div class='ocr_carea' id='block_1_113' title="bbox 2347 5040 3919 5114">
    <p class='ocr_par' dir='ltr' id='par_1_113' title="bbox 2347 5040 3919 5114">
     <span class='ocr_line' id='line_1_115' title="bbox 2347 5040 3919 5114; baseline 0.001 -20"><span class='ocrx_word' id='word_1_802' title='bbox 2347 5040 2586 5111; x_wconf 73' lang='grc' dir='ltr'>ορθοῦντι</span> <span class='ocrx_word' id='word_1_803' title='bbox 2626 5041 2718 5093; x_wconf 76' lang='grc' dir='ltr'>τοῦ</span> <span class='ocrx_word' id='word_1_804' title='bbox 2766 5044 3024 5114; x_wconf 82' lang='grc' dir='ltr'>προτέρου</span> <span class='ocrx_word' id='word_1_805' title='bbox 3064 5043 3486 5098; x_wconf 83' lang='grc' dir='ltr'>πολλαπλασίονα</span> <span class='ocrx_word' id='word_1_806' title='bbox 3517 5044 3748 5097; x_wconf 79' lang='grc' dir='ltr'>δίδωσιν.</span> <span class='ocrx_word' id='word_1_807' title='bbox 3793 5047 3919 5102; x_wconf 73' lang='grc' dir='ltr'><strong>Ἐπὶ</strong></span> 
     </span>
    </p>
   </div>
   <div class='ocr_carea' id='block_1_114' title="bbox 2353 5132 3917 5206">
    <p class='ocr_par' dir='ltr' id='par_1_114' title="bbox 2353 5132 3917 5206">
     <span class='ocr_line' id='line_1_116' title="bbox 2353 5132 3917 5206; baseline 0.001 -20"><span class='ocrx_word' id='word_1_808' title='bbox 2353 5135 2448 5200; x_wconf 73' lang='grc' dir='ltr'>μὲν</span> <span class='ocrx_word' id='word_1_809' title='bbox 2481 5136 2586 5203; x_wconf 78' lang='grc' dir='ltr'><strong>γάρ</strong></span> <span class='ocrx_word' id='word_1_810' title='bbox 2609 5132 2683 5203; x_wconf 81' lang='grc' dir='ltr'>τῷ</span> <span class='ocrx_word' id='word_1_811' title='bbox 2720 5134 3095 5204; x_wconf 79' lang='grc' dir='ltr'>ἐγρηγορέναι,</span> <span class='ocrx_word' id='word_1_812' title='bbox 3145 5136 3237 5189; x_wconf 72' lang='grc' dir='ltr'>καὶ</span> <span class='ocrx_word' id='word_1_813' title='bbox 3262 5135 3355 5204; x_wconf 77' lang='grc' dir='ltr'>τὴν</span> <span class='ocrx_word' id='word_1_814' title='bbox 3389 5135 3551 5189; x_wconf 75' lang='grc' dir='ltr'>αὐτοῦ</span> <span class='ocrx_word' id='word_1_815' title='bbox 3588 5136 3676 5188; x_wconf 76' lang='grc' dir='ltr'><strong>διὰ</strong></span> <span class='ocrx_word' id='word_1_816' title='bbox 3713 5154 3917 5206; x_wconf 64' lang='grc' dir='ltr'>παρ-τος</span> 
     </span>
    </p>
   </div>
   <div class='ocr_carea' id='block_1_115' title="bbox 2353 5224 3915 5298">
    <p class='ocr_par' dir='ltr' id='par_1_115' title="bbox 2353 5224 3915 5298">
     <span class='ocr_line' id='line_1_117' title="bbox 2353 5224 3915 5298; baseline 0.005 -25"><span class='ocrx_word' id='word_1_817' title='bbox 2353 5225 2662 5292; x_wconf 81' lang='grc' dir='ltr'>περιμένειν</span> <span class='ocrx_word' id='word_1_818' title='bbox 2722 5224 3041 5293; x_wconf 78' lang='grc' dir='ltr'>παρουσίαν,</span> <span class='ocrx_word' id='word_1_819' title='bbox 3094 5225 3394 5278; x_wconf 84' lang='grc' dir='ltr'>ἀνακλίνειν</span> <span class='ocrx_word' id='word_1_820' title='bbox 3446 5228 3783 5298; x_wconf 75' lang='grc' dir='ltr'>ἐπήγγελται</span> <span class='ocrx_word' id='word_1_821' title='bbox 3824 5237 3915 5287; x_wconf 72' lang='grc' dir='ltr'>καὶ</span> 
     </span>
    </p>
   </div>
   <div class='ocr_carea' id='block_1_116' title="bbox 2352 5314 3909 5396">
    <p class='ocr_par' dir='ltr' id='par_1_116' title="bbox 2352 5314 3909 5396">
     <span class='ocr_line' id='line_1_118' title="bbox 2352 5314 3909 5396; baseline 0.009 -32"><span class='ocrx_word' id='word_1_822' title='bbox 2352 5314 2661 5383; x_wconf 80' lang='grc' dir='ltr'>διακονῆσαι</span> <span class='ocrx_word' id='word_1_823' title='bbox 2697 5314 2855 5376; x_wconf 63' lang='grc' dir='ltr'>αὐτὸς</span> <span class='ocrx_word' id='word_1_824' title='bbox 2879 5314 3315 5385; x_wconf 77' lang='grc' dir='ltr'>περιζωσάμενος</span> <span class='ocrx_word' id='word_1_825' title='bbox 3340 5332 3352 5344; x_wconf 88' lang='grc'><strong>·</strong></span> <span class='ocrx_word' id='word_1_826' title='bbox 3399 5318 3490 5368; x_wconf 69' lang='grc' dir='ltr'><strong>ἐπὶ</strong></span> <span class='ocrx_word' id='word_1_827' title='bbox 3530 5317 3589 5373; x_wconf 65' lang='grc' dir='ltr'>δὲ</span> <span class='ocrx_word' id='word_1_828' title='bbox 3639 5325 3703 5392; x_wconf 79' lang='grc' dir='ltr'>τῇ</span> <span class='ocrx_word' id='word_1_829' title='bbox 3748 5327 3909 5396; x_wconf 54' lang='lat' dir='ltr'><strong>mora</strong></span> 
     </span>
    </p>
   </div>
   <div class='ocr_carea' id='block_1_117' title="bbox 2352 5406 3911 5486">
    <p class='ocr_par' dir='ltr' id='par_1_117' title="bbox 2352 5406 3911 5486">
     <span class='ocr_line' id='line_1_119' title="bbox 2352 5406 3911 5486; baseline 0.002 -29"><span class='ocrx_word' id='word_1_830' title='bbox 2352 5407 2443 5462; x_wconf 73' lang='grc' dir='ltr'>καὶ</span> <span class='ocrx_word' id='word_1_831' title='bbox 2471 5407 2693 5477; x_wconf 73' lang='grc' dir='ltr'>ἔμφρονι</span> <span class='ocrx_word' id='word_1_832' title='bbox 2717 5406 2992 5476; x_wconf 69' lang='grc' dir='ltr'>οἰκονομίᾳ</span> <span class='ocrx_word' id='word_1_833' title='bbox 3014 5408 3182 5476; x_wconf 76' lang='grc' dir='ltr'>καίτῇ</span> <span class='ocrx_word' id='word_1_834' title='bbox 3215 5406 3355 5459; x_wconf 76' lang='grc' dir='ltr'>κατὰ</span> <span class='ocrx_word' id='word_1_835' title='bbox 3384 5408 3575 5481; x_wconf 59' lang='grc' dir='ltr'>καιρὸν</span> <span class='ocrx_word' id='word_1_836' title='bbox 3604 5413 3911 5486; x_wconf 74' lang='grc' dir='ltr'>διανεμήσει</span> 
     </span>
    </p>
   </div>
   <div class='ocr_carea' id='block_1_118' title="bbox 2356 5618 3885 5687">
    <p class='ocr_par' dir='ltr' id='par_1_118' title="bbox 2356 5618 3885 5687">
     <span class='ocr_line' id='line_1_120' title="bbox 2356 5618 3885 5687; baseline 0 -15"><span class='ocrx_word' id='word_1_837' title='bbox 2356 5619 2549 5687; x_wconf 86' lang='lat' dir='ltr'><strong>ubique</strong></span> <span class='ocrx_word' id='word_1_838' title='bbox 2578 5621 2868 5675; x_wconf 79' lang='lat' dir='ltr'><strong>cernimus.</strong></span> <span class='ocrx_word' id='word_1_839' title='bbox 2901 5618 3149 5672; x_wconf 63' lang='lat' dir='ltr'><strong>Ei-vlcsim</strong></span> <span class='ocrx_word' id='word_1_840' title='bbox 3192 5618 3464 5682; x_wconf 67' lang='lat' dir='ltr'><strong>hodierna:</strong></span> <span class='ocrx_word' id='word_1_841' title='bbox 3507 5625 3782 5683; x_wconf 58' lang='lat' dir='ltr'><strong>catholica</strong></span> <span class='ocrx_word' id='word_1_842' title='bbox 3826 5624 3885 5681; x_wconf 74' lang='lat' dir='ltr'><strong>do</strong></span> 
     </span>
    </p>
   </div>
   <div class='ocr_carea' id='block_1_119' title="bbox 707 5689 3372 5763">
    <p class='ocr_par' dir='ltr' id='par_1_119' title="bbox 707 5689 3372 5763">
     <span class='ocr_line' id='line_1_121' title="bbox 707 5689 3372 5763; baseline 0 -17"><span class='ocrx_word' id='word_1_843' title='bbox 707 5689 892 5763; x_wconf 67' lang='lat' dir='ltr'><strong>storis,</strong></span> <span class='ocrx_word' id='word_1_844' title='bbox 917 5695 985 5751; x_wconf 87' lang='lat' dir='ltr'><strong>de</strong></span> <span class='ocrx_word' id='word_1_845' title='bbox 1014 5693 1319 5763; x_wconf 75' lang='lat' dir='ltr'><strong>angelorum</strong></span> <span class='ocrx_word' id='word_1_846' title='bbox 1372 5706 1498 5759; x_wconf 76' lang='lat' dir='ltr'><strong>erga</strong></span> <span class='ocrx_word' id='word_1_847' title='bbox 1547 5691 1784 5746; x_wconf 66' lang='lat' dir='ltr'><strong>homines</strong></span> <span class='ocrx_word' id='word_1_848' title='bbox 1818 5705 1968 5744; x_wconf 82' lang='lat' dir='ltr'><strong>cura.</strong></span> <span class='ocrx_word' id='word_1_849' title='bbox 2012 5689 2258 5745; x_wconf 75' lang='lat' dir='ltr'><strong>Proiecto</strong></span> <span class='ocrx_word' id='word_1_850' title='bbox 2363 5692 2591 5745; x_wconf 84' lang='lat' dir='ltr'><strong>ctrinam</strong></span> <span class='ocrx_word' id='word_1_851' title='bbox 2621 5691 2809 5758; x_wconf 70' lang='lat' dir='ltr'><strong>prima</strong></span> <span class='ocrx_word' id='word_1_852' title='bbox 2840 5690 3086 5745; x_wconf 69' lang='lat' dir='ltr'><strong>Panibus</strong></span> <span class='ocrx_word' id='word_1_853' title='bbox 3114 5691 3372 5748; x_wconf 69' lang='lat' dir='ltr'><strong>innixam.</strong></span> 
     </span>
    </p>
   </div>
  </div>
