4124 6420
1449 347 1642 405 (ΣΟΜΜ
1651 345 1955 403 ΕΝΤΔΒΙΔ
1987 343 2057 400 ΙΝ
2096 343 2353 401 ιυιιΑιι.

277 465 385 538 τῆς
409 468 645 540 τροφῆς,
677 465 1106 539 τρισμακαρίους
1133 466 1347 537 ἀληθῶς
1373 465 1714 534 ἀποφαίνων,
1763 467 1835 519 οὐε

1933 440 2271 536 ,εοιιίίηιιιι
2325 461 2457 517 Hinc
2503 461 2666 516 etiam
2718 458 2962 513 eruditus
3008 455 3167 511 divus
3207 451 3519 522 Apostolus,

278 556 377 611 ιπί
405 574 459 611 τι
492 558 679 630 μέρος,
702 557 816 612 ἀλλ’
847 557 940 610 ἐπὶ
965 558 1180 612 πάντων
1211 557 1320 610 τῶν
1371 557 1722 630 ὑπαρχόντων
1753 572 1854 608 κα-

1959 552 2230 624 perfeetos
2254 551 2550 608 secundum
2591 549 2781 613 Deum,
2811 547 3042 602 heredes
3065 544 3193 610 Dei,
3226 541 3524 612 Christique

274 629 582 719 ταστήσειν
613 649 704 702 τὸν
739 646 1181 721 μακαριζόμενον
1227 649 1364 719 μετά
1404 629 1719 720 προσθήκης
1759 646 1835 700 τοί

1955 644 2278 708 coheredes,
2329 643 2560 698 vocabat
2584 644 2641 708 ',
2686 639 2975 708 aiebatque
3014 653 3031 693 :
3064 629 3364 698 Sise’oits,
3411 633 3521 688 sise

273 737 432 809 ἀμὴν
488 738 844 793 ἀπιστὼσατο.
877 739 1070 792 Ἔνθεν
1122 741 1216 793 καὶ
1260 741 1289 792 ό
1345 740 1486 812 ἱερὸς
1528 737 1835 800 Ἀπόστολοι

1957 750 2127 800 mors,
2172 735 2281 788 sive
2327 731 2643 803 praemia,
2685 730 2790 784 sive
2841 728 3055 797 Ῑιιιιιτα,
3099 724 3284 779 omnia
3332 731 3518 822 nostra

271 827 653 899 ὠφελημένος,
692 831 818 894 τοὺς
848 831 987 885 κατά
1018 831 1149 884 Θεὸν
1171 830 1404 894 τελείους
1438 833 1835 898 κληρονόμους

1954 839 2078 880 esse
2111 824 2152 878 ⁸.
2209 821 2352 894 Opes
2397 833 2577 878 autem
2624 821 2770 875 illius
2816 815 3156 889 intelligenda
3192 820 3318 870 sunt
3367 815 3517 881 regni

274 919 433 974 Θεοῦ
460 917 560 974 καί
590 923 1113 991 τυτνιληρονόμους
1138 921 1392 990 Χριστοῦ
1408 921 1610 983 ἐκάλει,
1628 921 1720 975 καὶ
1736 919 1851 972 ἐλε-

1951 914 2114 982 bona,
2143 927 2263 985 qua
2289 912 2479 968 oculus
2509 927 2615 966 non
2645 908 2800 965 vidit.

271 1025 394 1079 τεν·
421 1012 562 1065 Elea
599 1006 732 1079 ζωὴ,
761 1012 884 1066 dre
926 1012 1198 1077 θάνατος,
1238 1011 1344 1064 εἶτ’
1373 1010 1690 1074 ἐνεστῶτα,
1736 1011 1856 1064 site
1900 1005 2225 1078 μέλλοντα,
2295 1004 2474 1059 πάντα
2519 1001 2676 1074 ήμιῖιν
2741 995 2900 1054 εἶναι.
2947 998 3287 1070 Ὺπάρχοντα
3324 995 3372 1050 δ’
3418 992 3516 1046 αύ-

270 1099 372 1155 τοῦ
406 1114 479 1156 τά
515 1103 574 1156 ιν
626 1105 693 1174 τῇ
737 1103 984 1174 βασιλείᾳ
1024 1104 1242 1174 νοητέον
1287 1102 1485 1172 ἀγαθά,
1512 1103 1550 1158 ἀ
1572 1101 1846 1174 ὀφθαλμὸς
1870 1099 1971 1154 οὐκ
1997 1094 2156 1152 εἶδεν.

472 1197 607 1250 Ἐὰν
636 1197 689 1250 δ’
713 1198 854 1266 alam
877 1201 909 1253 ό
934 1197 1153 1265 δοῦλος
1176 1199 1424 1265 ἐκεῖνος,
1459 1217 1514 1252 κ.
1538 1217 1589 1252 τ.
1624 1200 1674 1253 λ.

359 1286 429 1341 ’0
458 1285 557 1358 μὶν
585 1289 772 1351 πιστὸς
801 1289 896 1342 καὶ
929 1289 1190 1360 φρόνιμος
1213 1289 1468 1344 τοιούτων
1491 1289 1766 1354 τεύξεται·
1819 1289 1848 1341 ὁ

273 1377 323 1432 δ’
369 1379 614 1442 ἀναντίος
643 1379 816 1450 τούτῳ
840 1379 1011 1450 ὀργῆς
1041 1381 1308 1435 Δεσπότου
1340 1381 1744 1453 πειραθήσεται,
1771 1380 1847 1434 δι-

273 1467 605 1540 χοτομηθεὶς
634 1470 727 1522 καὶ
747 1468 1182 1540 ἀποτεμνόμενος
1208 1470 1307 1534 τοῦ,
1327 1469 1575 1542 σώματος
1587 1471 1696 1524 τῶν
1717 1473 1847 1538 ἀγα-

275 1555 390 1614 θῶν
421 1557 644 1624 δούλων,
678 1559 878 1630 κλῆρόν
923 1578 982 1614 τε
1026 1563 1120 1616 καὶ
1159 1562 1350 1634 μερίδα
1386 1563 1674 1634 λαμϐάνων
1705 1563 1844 1634 μετά

272 1643 391 1696 τῶν
424 1644 733 1716 ὑποκριτῶν
763 1647 796 1718 ἢ
825 1647 935 1700 τῶν
965 1649 1236 1702 ἀπίστωνο
1271 1642 1345 1703 ὧν
1398 1651 1460 1704 τὸ
1502 1651 1653 1715 τέλος
1679 1652 1843 1706 κλαυ-

2273 1190 2426 1257 Quod
2452 1188 2500 1242 si
2532 1188 2724 1241 dixerit
2758 1199 2933 1240 servus
2973 1181 3088 1248 ille,
3109 1191 3217 1238 etc.

2014 1281 2212 1339 Fidelis
2245 1281 2463 1352 quidem
2503 1285 2558 1333 et
2590 1275 2827 1348 prudens
2873 1275 2987 1330 haec
3030 1273 3170 1329 bona
3209 1287 3508 1344 conseque.

1946 1385 2072 1430 tur:
2115 1373 2240 1429 huic
2282 1369 2560 1428 dissimilis
2601 1369 2739 1424 iram
2775 1365 2987 1422 Domini
3035 1364 3378 1434 experietur;
3420 1364 3503 1419 di-

1942 1465 2156 1518 videtur
2195 1460 2422 1526 scilicet,
2473 1474 2534 1514 ac
2568 1457 2910 1528 separabitur
2939 1470 2969 1508 a
3005 1454 3268 1510 bonorum
3319 1466 3508 1509 servo-

1950 1569 2066 1609 rum
2093 1567 2338 1624 corpore,
2380 1561 2692 1618 sortemque
2727 1563 2881 1603 suam
2924 1557 2979 1603 et
3007 1555 3214 1618 partem
3244 1559 3368 1602 cum
3405 1545 3509 1612 by-

1946 1645 2169 1714 pocritis
2202 1643 2317 1700 sive
2356 1640 2662 1700 infidelibus
2702 1639 2945 1708 recipiet,
2987 1652 3216 1708 quorum
3269 1634 3393 1690 finis
3423 1635 3504 1689 lu-

270 1730 418 1802 θμὸς
437 1733 544 1785 ’καὶ
569 1733 808 1804 βρυγμὸς
828 1734 936 1788 τῶν
966 1736 1209 1789 ὀδόντων.
1232 1738 1370 1792 Ὅσα
1399 1740 1508 1809 γὰρ
1530 1742 1641 1802 τοϊς
1664 1739 1835 1793 ὀδοῦσι

1945 1743 2063 1790 ctus
2105 1743 2162 1789 et
2203 1733 2401 1789 stridor
2441 1732 2698 1786 dentium.
2739 1728 2890 1790 .Nam
2947 1737 3206 1798 quantum
3260 1724 3509 1781 dentibus

274 1801 687 1893 ﬂammante!
711 1801 809 1877 δσα
838 1826 1235 1897 μεθυσκόμενος
1285 1801 1641 1901 summa“,
1672 1830 1835 1885 ταῦτα

1942 1825 2217 1880 devoravit
2257 1833 2312 1879 et
2339 1823 2600 1878 ebrietate
2645 1821 2910 1890 peccavit,
2959 1820 3293 1878 tantumdem
3330 1817 3510 1886 plora.

272 1911 681 1967 ἀποκλαύσεται
704 1931 717 1945 °
747 1915 904 1985 δίκην
930 1918 1028 1988 τὴν
1060 1920 1438 1990 προσήκουσαν
1463 1920 1637 1985 διδοὺς
1665 1921 1764 1992 τῆς
1783 1939 1842 1976 τε

273 2004 420 2058 κατά
439 2005 546 2059 τῶν
577 2006 875 2061 συνδούλων
899 2009 1259 2080 παρανομίας,
1281 2013 1375 2064 καὶ
1402 2011 1502 2082 τῆς
1545 2013 1842 2068 ἀκολάστου

271 2099 509 2168 τρυφῆς,
532 2099 980 2175 καταφρονήσεώς
1012 2117 1071 2153 τε
1099 2101 1196 2173 τῆς
1239 2103 1320 2166 είς
1357 2103 1447 2170 τὸν
1464 2105 1760 2177 Δεστσότην,
1784 2106 1843 2159 δν

272 2183 543 2254 ὡμολόγει
578 2186 676 2256 μὲν
723 2187 796 2258 μὴ
823 2188 1058 2256 ἀγνοεῖν,
1096 2191 1190 2243 καὶ
1236 2191 1350 2262 ᾔδει
1391 2193 1467 2257 ὡς
1505 2194 1844 2268 ἀραΚύριον

273 2273 412 2345 εχει,
439 2275 831 2332 ἀναϐάλλεσθαι
855 2278 912 2331 δδ
944 2281 1103 2333 αὐτὸν
1137 2281 1237 2353 τὴν
1275 2284 1453 2353 κρίσιν
1491 2286 1572 2348 είς
1602 2289 1844 2357 μακροὺς

271 2367 503 2439 χρόνους
521 2369 936 2442 ὑπολαμϐάνων,
965 2374 1155 2429 ἑαυτὸν
1180 2377 1384 2446 limite.

279 2457 406 2512 Τίνι
455 2458 722 2528 ὁμοιώσω
762 2459 892 2538 τὴν⁸
915 2463 1244 2538 germka
1291 2465 1398 2538 τοῦ
1443 2467 1626 2532 Θεοῦ;
1671 2469 1844 2538 όμοΙα

459 2569 470 2575 -
763 2530 896 2584 ἐστι
922 2529 1090 2602 ζύμῃ,
1123 2551 1176 2586 κ.
1210 2551 1262 2587 τ.
1291 2533 1339 2587 λ.

346 2613 537 2688 Ζύμην
555 2617 656 2690 τὴν
681 2619 788 2672 ἀπὺ
814 2618 910 2672 τοῦ
939 2621 1138 2692 σπόρου
1171 2622 1706 2696 τελεσιουργηθεῐσαν
1728 2626 1843 2680 ’δύ-

273 2723 442 2778 ναμιν
468 2709 498 2760 ὁ
521 2709 712 2779 Σωτὴρ
733 2710 1007 2780 ὀνομάζει,
1039 2713 1101 2766 τὸ
1129 2712 1351 2784 Πνεῦμα
1379 2715 1439 2768 τὸ
1469 2716 1624 2786 ἀγιον
1654 2717 1842 2770 τοῦτον

275 2795 623 2868 αἰνιξάμενος
646 2798 738 2874 τὸν
763 2801 985 2872 τρόπον.
1029 2804 1089 2857 '0
1107 2803 1237 2872 γοῦν
1268 2805 1368 2873 τῆς
1411 2806 1661 2876 οὐρανίου
1690 2807 1842 2877 βασι-

272 2887 425 2952 λείας
447 2889 636 2956 Λόγος,
671 2890 808 2961 μετά
857 2892 956 2962 τὴν
1001 2894 1222 2966 πρώτην
1273 2897 1332 2949 ὲν
1364 2897 1608 2968 οὐρανοῖς
1637 2899 1841 2971 σπορὰν

273 2978 552 3049 αὐξηθεὶς,
605 2981 699 3036 καὶ
761 2983 972 3054 καρπὸν
1023 2986 1255 3050 ἀποδοὺς
1303 2988 1512 3059 ἐντελῆ,
1543 2990 1637 3042 τοῦ
1685 2991 1839 3058 ἁγίου

272 3066 591 3139 Πνεῦματος
642 3069 741 3140 τὴν
778 3071 1132 3158 ἑπιχορηγίαν
1173 3079 1285 3140 τοῖς
1338 3076 1425 3131 διά
1468 3077 1576 3131 τῶν
1609 3078 1838 3150 πρώτων

274 3158 642 3231 ὠφελημένοις
693 3162 942 3234 παρέχει,
986 3165 1162 3235 ζύμης
1188 3166 1341 3238 δίκην
1381 3169 1607 3241 φύραμα
1639 3169 1839 3242 ζυμού-

276 3265 396 3321 σης.
429 3249 571 3320 Γυνὴ
601 3250 658 3304 δὲ
690 3252 916 3323 ταύτην,
947 3257 981 3326 ή
1011 3257 1172 3324 σοφία
1195 3258 1287 3311 τοῦ
1316 3257 1470 3324 Θεοῦ,
1499 3263 1579 3324 εἰς
1609 3261 1835 3334 ἀλεύρου

277 3340 414 3396 σάτα
467 3339 591 3413 τρία
633 3342 949 3413 ἐγκρύπτει.
1005 3348 1129 3411 Tot;
1156 3347 1286 3416 γοῦν
1332 3351 1713 3422 πορισαμένοις
1772 3355 1836 3408 ὲκ

275 3428 474 3499 πολλῆς
519 3431 833 3500 ἀπιμελείας
887 3433 982 3488 καὶ
1023 3436 1124 3506 τῆς
1171 3435 1264 3489 τοῦ
1319 3439 1518 3510 σπόρου
1565 3440 1836 3511 γεωργίας

274 3518 504 3591 ἀλεύρου
533 3521 670 3575 σάτα
715 3523 864 3593 τρία,
911 3523 1154 3596 δόγματα
1205 3526 1321 3581 θεία
1362 3530 1455 3582 καὶ
1491 3531 1689 3598 γνῶσιν
1737 3532 1834 3604 τὴν

276 3610 405 3681 περὶ
439 3610 650 3683 Πατρὸς
680 3613 773 3666 καὶ
803 3613 930 3668 Υίοῦ
956 3617 1049 3669 καὶ
1077 3617 1232 3685 ἁγίου
1270 3618 1602 3690 Πνεύματος,
1656 3623 1690 3694 ἡ
1735 3623 1832 3678 τοῦ

273 3698 408 3754 Θεοῦ
456 3702 618 3771 σοφία
654 3702 717 3756 τὸ
753 3703 906 3773 ἀγιον
960 3705 1186 3778 Πνεῦμα
1231 3713 1484 3779 χορηγείο
1538 3713 1572 3782 ἡ
1603 3713 1649 3767 δ’
1696 3713 1832 3786 αὐτὴ

274 3791 396 3846 καθ’
443 3792 635 3864 ἑτέραν
662 3793 899 3850 διάνοιαν
928 3797 1104 3852 πάντα
1141 3799 1231 3853 τὸν
1267 3799 1360 3853 τοῦ
1392 3801 1524 3855 Θεοῦ
1551 3801 1832 3875 ἀνθρωπον

272 3883 337 3938 εκ
358 3884 602 3956 σώματος
627 3888 721 3941 καὶ
744 3886 920 3960 ψυχῆς
938 3890 1033 3943 καὶ
1064 3890 1369 3961 πνεύματος
1401 3894 1726 3962 συνεστῶτα,
1762 3899 1830 3970 τῇ

273 3973 528 4046 ιπιχορηγ
541 3975 596 4047 ίᾳ
613 3977 712 4048 τῆς
727 3977 877 4042 θείας
891 3981 1235 4051 ἐμπνεύσεως
1251 3982 1430 4054 ζυμοῖ,
1455 3985 1832 4057 ἐγκρύπτουσα

270 4064 369 4135 τὴν
392 4065 453 4130 ιε
478 4066 647 4136 αὐτῆς
684 4067 948 4136 ὠφέλειαν
977 4073 1057 4135 είς
1083 4072 1310 4144 ἀλεύρου
1345 4075 1479 4129 σάτα
1505 4077 1630 4148 τρία
1654 4077 1722 4132 τά
1747 4095 1833 4132 νε-

269 4154 529 4226 νοημένα,
554 4155 658 4222 ἕως
688 4151 749 4212 οὗ
776 4156 998 4233 ζυμωθῇ
1023 4162 1161 4216 ὅλον.
1185 4163 1339 4218 Οὕτω
1374 4166 1502 4234 γοῦν
1532 4171 1597 4239 τῇ
1631 4171 1827 4242 μετοχῇ

268 4243 370 4314 τῆς
393 4245 643 4316 οὐρανίου
666 4245 843 4319 ζύμης
866 4251 1109 4322 ποιηθεὶς
1142 4255 1236 4307 καὶ
1265 4253 1554 4326 ζυμωθεὶς,
1585 4259 1830 4330 οὐράνιος

270 4334 367 4390 καὶ
393 4338 761 4407 πνευματικὸς
788 4342 1110 4411 χρηματίσει
1136 4342 1438 4415 ἄνθρωπος,
1466 4347 1562 4400 καὶ
1589 4349 1706 4402 νέον
1730 4348 1830 4418 φύ-

1940 1913 2049 1979 bit;
2079 1911 2252 1982 justas
2295 1913 2430 1968 dans
2487 1925 2674 1980 pinnas
2735 1909 3037 1980 iniquitatis
3091 1925 3202 1966 sua:
3245 1910 3508 1966 adversus

1940 2018 2258 2068 conservos,
2320 2001 2838 2071 intemperantisque
2909 2001 3171 2065 luxuria,
3219 2011 3276 2056 et
3326 2001 3506 2071 spreti

1940 2090 2174 2157 Domini,
2210 2105 2370 2161 quem
2413 2091 2513 2146 sibi
2566 2104 2671 2145 non
2720 2088 3050 2159 incognitum
3095 2088 3389 2144 fatebatur.
3427 2090 3496 2145 Et

1939 2195 2071 2236 sane
2126 2181 2291 2251 probe
2336 2189 2563 2237 noverat
2609 2195 2668 2236 se
2719 2179 2947 2236 Domino
2988 2194 3094 2234 non
3140 2194 3364 2246 carere,
3407 2184 3500 2238 sed

1938 2270 2064 2324 dum
2087 2269 2349 2340 judiClum
2379 2270 2447 2325 ab
2477 2283 2544 2324 eo
2573 2267 2876 2324 diutissime
2909 2267 3137 2324 dilatum
3165 2268 3232 2324 iri
3261 2269 3503 2326 arbitra-

1942 2369 2051 2426 tur,
2079 2371 2253 2418 semet
2285 2361 2398 2432 ipse
2433 2360 2643 2416 fefellit.

1939 2453 1960 2485 '
1989 2452 2086 2508 Cui
2113 2452 2284 2507 simile
2309 2452 2578 2508 cstimabo
2611 2465 2827 2520 regnant
2863 2449 2961 2505 Dei
2973 2450 2999 2504 2
3037 2448 3226 2506 Simile
3268 2462 3344 2507 est
3394 2452 3504 2512 fer-

2558 2531 2753 2584 mento,
2779 2528 2886 2576 etc.

2006 2610 2280 2667 Fermenti
2334 2611 2554 2667 nomine
2628 2610 2860 2682 appellat
2915 2611 3172 2668 Servator
3227 2609 3501 2669 eﬂlcacem

1940 2703 2162 2759 seminis
2217 2703 2361 2770 vim,
2412 2711 2660 2758 sanctum
2716 2703 2974 2772 Spiritum
3031 2705 3103 2758 ita
3169 2705 3501 2775 signiﬁcans.

1939 2793 2104 2865 igitur
2130 2794 2368 2850 cmlestis
2397 2795 2548 2864 regni
2579 2794 2810 2849 Verbum
2841 2804 2960 2865 post
3003 2794 3232 2865 primam
3267 2798 3323 2852 in
3349 2797 3504 2854 caelis

1939 2888 2204 2940 sationem
2251 2894 2492 2949 auctum,
2534 2884 2872 2955 fructumque
2911 2888 3204 2957 perfectum
3251 2889 3502 2957 reddens,

1941 2976 2113 3034 sancti
2148 2977 2380 3046 Spiritus
2413 2976 2870 3032 ministrationem
2907 2978 2972 3032 iis
3016 2977 3108 3047 qui
3139 2993 3169 3032 a
3202 2979 3392 3047 primis
3422 2981 3506 3034 in-

1940 3069 2287 3127 stitutoribus
2342 3068 2534 3124 imbuti
2583 3066 2803 3124 fuerunt
2848 3069 3083 3139 przebet,
3132 3067 3382 3125 fermenti
3419 3069 3505 3124 in.

1864 3138 1907 3198 θ
1939 3172 2056 3216 star
2107 3175 2342 3217 massam
2418 3159 2814 3216 fermentantis.
2855 3138 3067 3217 Mulier
3137 3169 3353 3228 autem,
3406 3161 3502 3220 Dei

1937 3267 2128 3321 nempe
2159 3252 2447 3323 sapientis,
2488 3253 2542 3306 in
2592 3251 2783 3308 farina:
2816 3253 2950 3308 satis
2993 3251 3167 3308 tribus
3199 3251 3500 3310 abscondit.

1935 3342 2044 3399 Illis
2087 3345 2270 3414 itaque
2297 3344 2386 3414 qui
2420 3344 2587 3398 multa
2623 3358 2753 3399 cura
2798 3353 2855 3400 et
2886 3343 3110 3400 seminis
3138 3343 3348 3400 cultura
3382 3353 3502 3400 sata

1936 3433 2124 3490 farinae
2150 3437 2251 3489 tria
2278 3434 2596 3500 obtulerint,
2620 3435 2803 3490 divina
2829 3450 3024 3504 nempe
3040 3435 3285 3504 dogmata
3302 3433 3498 3500 Patris,

1933 3523 2055 3580 Filii
2084 3525 2365 3595 sanctique
2392 3525 2625 3595 Spiritus
2653 3526 2928 3593 notitiam,
2957 3525 3225 3597 sapientia
3258 3527 3350 3582 Dei
3385 3524 3502 3599 Spi-

1934 3616 2098 3671 ritum
2136 3627 2384 3674 sanctum
2432 3618 2740 3688 suppeditat
2775 3634 2792 3672 :
2835 3620 3152 3689 eademque,
3200 3619 3498 3677 secundum

1932 3706 2095 3762 alium
2140 3721 2390 3774 sensum,
2432 3707 2725 3779 quemlibet
2774 3710 2867 3766 Dei
2901 3711 3211 3778 hominem,
3247 3726 3498 3781 corpore,

1932 3798 2113 3854 anima
2149 3800 2448 3870 spirituque
2499 3808 2835 3857 constantem
2859 3839 2876 3865 ,
2917 3801 3098 3856 divina
3147 3802 3499 3872 inspiratione

1930 3891 2237 3956 fermentnt,
2279 3893 2613 3948 abscondens
2655 3893 2939 3946 utilitatem
2981 3907 3134 3948 suam
3183 3893 3235 3948 in
3286 3891 3496 3949 intelle-

1933 3984 2204 4041 ctualibus
2240 3984 2428 4040 farinae
2459 3985 2593 4040 satis
2628 3983 2799 4038 tribus
2845 3984 3014 4040 donec
3057 3993 3226 4039 totum
3258 3982 3498 4040 fermen-

1933 4085 2093 4130 tetur.
2145 4073 2236 4131 Sic
2286 4089 2414 4144 ergo
2463 4073 2700 4130 ccelestis
2751 4072 3000 4128 fermenti
3051 4074 3496 4144 participatione,

1928 4162 2166 4218 caelestis
2210 4163 2301 4216 fiet
2341 4160 2706 4232 spiritalisque
2755 4161 2950 4227 homo,
2985 4177 3230 4232 novaque
3277 4178 3453 4218 massa
3479 4202 3496 4230 ,

1931 4267 2093 4320 parva
2123 4253 2283 4307 veluti
2329 4252 2472 4307 facta
2500 4253 2639 4308 crasi
2682 4268 2747 4307 ex
2786 4253 2977 4308 ferinis
3017 4254 3212 4318 tribus,
3242 4264 3299 4310 et
3332 4254 3498 4321 insita

1931 4343 2034 4398 illis
2069 4343 2441 4412 inspiratione.
2484 4343 2670 4400 Novus
2706 4345 2961 4399 nimirum
3012 4360 3112 4412 nos
3159 4345 3285 4408 facti
3333 4346 3498 4416 spiris

269 4441 443 4533 ρμμα,
467 4427 543 4490 ὡς
561 4427 634 4533 ἀν
660 4431 864 4533 prima;
903 4433 1148 4503 κράσεως
1186 4436 1499 4505 γενομένης,
1524 4437 1631 4492 τῶν
1662 4439 1828 4510 τριῶν

1933 4433 2052 4487 talis
2078 4435 2251 4502 panis,
2277 4435 2428 4504 juxta
2454 4434 2764 4505 Apostolum
2794 4435 3058 4491 dicentem
3084 4437 3127 4505 ⁸,
3159 4435 3305 4501 Unus
3339 4439 3491 4506 pastis

269 4513 513 4585 ἀλεύρων
549 4517 970 4590 ἀποδεδομένων,
1015 4523 1110 4576 καὶ
1151 4523 1250 4593 τῆς
1281 4526 1338 4577 ἀν
1373 4527 1556 4590 αὐτοῖς
1596 4529 1829 4598 ἐμπνεύ-

270 4622 423 4669 σεως.
463 4608 569 4668 Καὶ
590 4610 654 4682 δὴ
679 4611 797 4676 νέος
831 4612 991 4685 ἀρτος
1018 4615 1111 4667 καὶ
1139 4618 1499 4686 πνευματικὸς
1529 4619 1826 4690 γενόμενοι,

267 4696 408 4750 κατά
440 4698 530 4750 τὸν
561 4699 894 4768 ’Δπόστολον,
939 4703 998 4767 δς
1044 4723 1228 4776 φησιν,
1267 4705 1370 4773 Εἷς
1410 4708 1587 4775 ἄρτος
1626 4712 1722 4765 καί
1762 4711 1832 4766 ἐν

265 4783 438 4854 σῶμά
459 4786 644 4855 ἐσμεν
672 4792 727 4842 οι
754 4792 990 4856 πολλοὶ,
1017 4795 1199 4848 είκόνα
1229 4797 1323 4849 καὶ
1346 4797 1598 4866 ὁμοίωσιν
1633 4800 1830 4873 ἀναλη-

263 4875 475 4946 ψόμεθα
496 4876 590 4930 τοῦ
617 4877 878 4941 ζωοποιοῦ
903 4883 1008 4938 τῶν
1036 4885 1171 4940 ὅλων
1214 4887 1400 4956 ἄρτου,
1429 4887 1488 4950 ὃς
1523 4891 1587 4942 ὲκ
1617 4890 1711 4943 τοῦ
1740 4893 1829 4944 οὐ-

267 4965 431 5036 ρανοῦ
460 4966 849 5040 καταϐέϐηκεν,
877 4974 1050 5046 ἑαυτῷ
1093 4978 1499 5047 παραπλησίους
1555 4982 1650 5033 καὶ
1679 4983 1826 5052 ἡμᾶς

267 5053 739 5134 ἀπεργασάμενος.
779 5054 852 5112 Εὖ
891 5061 948 5113 δὲ
985 5065 1202 5130 γυναικὶ
1235 5066 1558 5137 ἀφωμοίωσε
1601 5069 1699 5140 τὴν
1741 5088 1828 5123 σο⁹

266 5142 392 5230 φὶαν
418 5143 512 5197 τοῦ
546 5145 680 5200 Θεοῦ
715 5148 773 5200 ἐν
811 5150 1017 5215 τούτοις
1038 5167 1054 5184 ο
1093 5155 1324 5224 Χριστὸς
1378 5157 1433 5210 δέ
1478 5160 1623 5212 ὲστιν
1652 5161 1684 5230 ἡ
1732 5161 1825 5215 τοῦ

265 5229 398 5284 Θεοῦ
429 5231 656 5303 δύναμις
698 5235 792 5288 καὶ
827 5234 961 5290 Θεοῦ
1004 5240 1163 5307 σοφία
1203 5241 1544 5313 καταλλήλως
1593 5229 1680 5314 τῷν
1726 5246 1826 5317 τῆς

267 5319 442 5390 ζύμης
466 5321 841 5395 ὑποδείγματι.
874 5327 1081 5399 Ὠσπερ
1109 5329 1216 5401 γὰρ
1259 5334 1350 5384 ἐπὶ
1376 5334 1474 5402 τῆς
1512 5335 1825 5409 παραϐολῆς

266 5409 360 5465 τοῦ
401 5412 604 5483 σπόρου
640 5417 910 5486 γεωργίου
953 5420 1239 5488 πρόσωπον
1288 5424 1381 5476 καὶ
1424 5425 1668 5493 σπορέως
1725 5430 1827 5480 εἰσ-

266 5499 416 5570 ἦγεν.
444 5501 544 5554 οὐκ
562 5501 627 5556 ἂν
643 5503 877 5573 εὐλόγως
902 5509 958 5576 ἐν
983 5509 1209 5574 ἐκείνοις
1232 5513 1694 5585 μνημονευθείσης
1728 5533 1825 5582 γυ-

1933 4539 2192 4593 ιιιιαιιιᾳιιε
2220 4539 2408 4586 corpus
2449 4540 2627 4577 sumus
2655 4523 2831 4588 nium,
2871 4525 3156 4596 imaginem
3187 4526 3494 4581 similitudi-

1932 4627 2164 4682 nemque
2195 4613 2577 4668 contrahemus
2609 4612 2930 4672 vivificantis
2974 4618 3153 4670 omnia
3184 4617 3360 4686 panis,
3403 4616 3501 4687 qui

1929 4704 1995 4759 de
2021 4705 2158 4760 ccelo
2186 4704 2482 4766 descendit,
2514 4719 2720 4774 nosque
2743 4704 2842 4760 sibi
2876 4705 3078 4760 similes
3102 4705 3300 4762 effecit.
3329 4708 3497 4762 Recte

1927 4809 2055 4850 vero
2103 4795 2310 4848 mulieri
2355 4795 2690 4864 comparavit
2724 4796 2824 4850 hoc
2859 4796 2975 4850 loco
3014 4798 3333 4864 sapientiam
3369 4798 3493 4862 Dei;

1925 4894 2009 4941 est
2033 4885 2176 4940 enim
2204 4884 2451 4940 Christus
2485 4894 2595 4939 tum
2624 4886 2719 4940 Dei
2750 4886 2941 4950 virtus,
2994 4897 3104 4941 tum
3147 4885 3241 4943 Dei
3277 4888 3496 4957 sapien-

1925 4976 2021 5040 tia,
2051 4974 2297 5033 fermenti
2339 4977 2586 5045 exemplo
2623 4988 3058 5047 repraesentatus.
3093 4976 3225 5032 Nam
3255 4980 3397 5033 sicut
3442 4977 3497 5039 in

1925 5064 2146 5121 seminis
2196 5064 2482 5134 parabola,
2530 5068 2779 5136 agricolae
2833 5082 3118 5136 personam
3185 5067 3496 5135 satorisque

1926 5155 2157 5221 induxit,
2187 5171 2363 5227 neque
2393 5158 2537 5212 enim
2568 5158 2674 5213 illic
2705 5159 2988 5214 commode
3018 5157 3262 5214 mulieris
3292 5158 3496 5212 mentio

1926 5247 2066 5302 facta
2100 5246 2324 5311 fuisset,
2367 5248 2440 5301 ita
2473 5250 2573 5304 hoc
2613 5249 2731 5303 loco
2764 5248 2854 5304 ubi
2903 5249 2968 5304 de
3010 5247 3276 5304 fermento
3317 5261 3497 5301 sermo

1925 5349 2008 5393 est
2037 5339 2090 5392 in
2128 5339 2318 5393 farina:
2351 5347 2465 5392 sata
2503 5339 2603 5394 tria
2629 5340 2892 5410 conjecto,
2929 5339 3209 5409 aptissime
3235 5338 3492 5407 parabola

1928 5430 1980 5483 in
2032 5430 2255 5484 muliere
2293 5431 2522 5498 paniilca
2565 5446 2687 5487 eum
2723 5433 2813 5504 qui
2857 5431 2966 5487 illic
3001 5432 3178 5488 dictus
3203 5438 3288 5487 est
3322 5442 3489 5485 semt'

1928 5527 2085 5575 nator
2114 5521 2537 5589 repraesentavit.

370 5678 391 5709 '
427 5674 581 5732 Rom.
625 5693 735 5742 nu,
761 5681 841 5734 l7.
920 5684 938 5715 ³
974 5684 989 5739 l
1025 5686 1146 5742 Cor.
1175 5703 1253 5755 ιιι,
1281 5687 1349 5741 22
1445 5689 1462 5720 ⁸
1505 5691 1628 5746 (λιιι,
1661 5707 1754 5760 χιι.
1781 5692 1835 5748 ιε

1946 5695 1964 5727 ⁵
2005 5695 2126 5752 Car.
2160 5711 2278 5763 xm,
2303 5696 2390 5752 ρο.
2472 5698 2492 5729 ⁸
2529 5697 2704 5755 Hier.
2737 5715 2788 5767 ιι,
2825 5698 2906 5751 Π.
