4124 6400
678 347 779 403 567

1370 341 1642 399 EUSEBII
1678 335 2145 395 CESARIENSIS
2181 332 2331 390 OPP.
2365 333 2542 388 PARS
2579 330 2665 385 Ιιῐ.
2706 358 2775 370 —-
2812 324 3215 382 EXEGETICA.

3763 313 3862 368 5C8

676 464 877 527 ναικὸς,
930 460 1069 515 οὕτω
1112 460 1387 515 κάνταῦθα
1431 460 1521 512 ἐπὶ
1564 458 1738 527 ζύμης
1781 453 2087 525 φυρομένης
2136 452 2216 513 είς
2260 449 2484 517 ἀλεύρου
2522 448 2654 499 σάτα
2692 442 2815 514 τρία
2884 440 3182 493 οἰκειότατα
3242 440 3275 507 ἠ
3328 430 3602 505 παραδολὴ
3654 432 3868 495 γυναικὶ

677 552 1101 653 ἁρτοποῐουᾶένη
1128 556 1218 610 τὸν
1246 559 1303 609 ὲν
1334 552 1556 615 ἐκείνοις
1586 550 1964 621 ὠνομασμένον
1996 546 2197 617 σπορέα
2224 544 2536 597 ἀπείκασεν.

762 651 769 653 _
1074 616 1085 630 ·
1162 651 1173 653 ,
1220 648 1264 653 --
1350 649 1362 653 _
1558 649 1590 653 -_
2046 642 2059 653 .
2260 646 2275 653 -
2388 638 2429 653 ,ν
2517 634 2539 653 ,ν
2584 634 2755 653 ηιμ,
2793 645 2879 653 --..
2912 620 3179 653 “unum
3216 617 3329 653 mn
3365 612 3748 653 νενηυηηέυτν
3780 613 3837 653 rd

745 612 853 719 Age
876 612 1011 707 ver:
1040 612 1175 717 apud
1220 612 1619 709 Matthaaumv",
1663 612 1938 713 postquam
1961 612 2214 697 cmlorum

2388 634 2541 688 Κατὰ
2582 634 2760 702 μέντοι
2792 645 2879 680 τον
2908 620 3179 679 Ματθαῖον
3216 617 3329 686 (61)
3365 612 3756 719 κεκρυμμένην.
3780 613 3871 719 ζέ-

677 756 897 808 regnum
958 742 1008 793 in
1072 740 1332 793 fermento
1363 745 1858 806 representaverat,
1906 749 2011 802 quo
2056 730 2220 786 sancti

678 830 909 899 Spiritus
937 834 1128 886 donum
1164 832 1436 884 denotavit
1464 868 1479 889 .
1524 837 1579 880 et
1615 825 1940 891 evangelicae
1968 822 2223 878 doctrinae

676 924 979 989 utilitatem,
1017 924 1065 975 in
1099 921 1376 988 subiuncta
1412 920 1519 973 illic
1552 918 1801 987 parabola
1834 915 1975 969 idem
2000 926 2220 985 regnum

678 1010 927 1064 thesauro
958 1010 1129 1063 simile
1161 1010 1316 1063 dixit.
1366 1008 1459 1061 Est
1508 1017 1684 1060 autem
1739 1019 1958 1074 magnus
1989 1003 2077 1056 hic
2106 1002 2224 1055 the—

677 1114 865 1153 saurus
888 1099 1177 1155 secundum
1209 1098 1445 1151 caelestia
1479 1096 1637 1150 eﬂata
1666 1096 1686 1127 "
1719 1096 1892 1165 dignis
1918 1092 2221 1163 irepositus,

676 1203 832 1258 quem
865 1188 1051 1241 oculus
1099 1202 1199 1241 non
1248 1184 1400 1251 vidit,
1448 1187 1647 1255 quique
1693 1185 1889 1239 multos
1919 1184 2062 1237 latet.
2123 1182 2223 1249 Qui

676 1292 806 1331 vero
853 1279 997 1331 hunc
1046 1280 1209 1338 novit,
1250 1286 1431 1344 utpote
1464 1277 1553 1345 qui
1597 1276 1687 1330 Dei
1730 1275 2012 1344 imaginem
2060 1274 2109 1326 in
2165 1287 2224 1327 se

678 1370 1037 1433 conservavit,
1069 1354 1273 1436 gaudio.
1287 1366 1476 1432 elatus,
1496 1380 1592 1420 ceu
1622 1366 1711 1435 qui
1745 1379 2007 1420 summum
2028 1364 2223 1417 bonum

680 1458 961 1521 invenerit,
1017 1458 1219 1526 reliqua
1272 1457 1451 1510 omnia
1488 1455 2107 1525 posthabendajudicat,
2168 1460 2225 1506 ut

679 1546 821 1599 hunc
863 1547 1146 1614 possideat.
1184 1545 1349 1598 Porro
1380 1545 1631 1598 thesauro
1659 1544 1814 1596 simul
1840 1556 2073 1612 agroque
2114 1555 2226 1609 me-

680 1647 921 1701 morato,
982 1637 1248 1690 hominem
1308 1636 1639 1689 inventorem
1694 1635 1975 1703 apposuit,
2031 1642 2089 1687 ut
2133 1632 2223 1686 Dei

677 1725 969 1779 studiosam
1025 1728 1254 1780 hominis
1311 1736 1538 1779 mentem
1590 1725 1873 1793 signiticet.
1922 1725 2085 1794 Igitur
2134 1739 2223 1777 su-

676 1818 970 1885 prascripta
1018 1818 1267 1885 parabola
1299 1819 1396 1872 sub
1422 1816 1666 1870 absconsi
1719 1818 1955 1869 thesauri
2008 1814 2225 1867 nomine

675 1905 926 1960 caelestes
950 1917 1110 1975 atque
1133 1909 1357 1961 eximias
1384 1909 1600 1959 denotat
1630 1906 2047 1973 promissiones;
2090 1905 2225 1958 mul-

2326 743 2432 796 μην
2466 697 2878 795 τὴν-βασιλείαν
2927 714 3033 766 τῶν
3078 708 3317 779 οὐρανῶν
3353 702 3642 796 προειπὼν,
3690 702 3756 753 δι’

2321 790 2648 886 έδῆλουγτὴν
2682 806 3033 877 ὲπιχορηγίαν
3080 799 3170 852 τοῦ
3216 798 3371 864 ἁγίου
3418 792 3745 886 ῌνεὺματος,
3777 790 3871 886 καὶ

2321 878 2415 974 τὴν
2456 878 2720 970 ὠφέλειαν
2744 899 2840 968 τὴν
2866 894 2972 949 ἀπὸ
2994 891 3085 945 τοῦ
3115 885 3461 956 εὑαγγελικοῦ
3481 884 3656 951 λόγου,
3673 881 3759 933 διὰ

2324 970 2450 1064 ἑξῆς
2478 990 2790 1065 παραϐολῆς
2832 988 2929 1057 τὴν
2963 984 3126 1053 αὐτὴν
3157 977 3425 1051 βασιλείαν
3459 975 3713 1065 ἑοικέναιΔ
3742 970 3873 1065 φησὶ

2322 1061 2596 1154 θησαυρῷ.
2635 1080 2733 1149 Εἴη
2769 1078 2812 1130 δ’
2854 1076 2920 1129 ἂν
2953 1071 3218 1144 θησαυρὸς
3247 1068 3414 1138 μέγας
3445 1065 3472 1116 6
3496 1064 3633 1117 κατὰ
3659 1061 3874 1154 τὰς-οὑῖ

2324 1151 2558 1245 ρανίους
2583 1166 2910 1236 ἐπαγγελίας
2936 1167 3049 1227 τοῖς
3102 1161 3267 1225 ἀξίοις
3302 1154 3743 1245 τεταμιευμένος,
3764 1151 3877 1245 όνᾼό

2320 1240 2593 1335 όφθαλμὺς
2625 1262 2724 1313 οὐκ
2752 1256 2909 1321 εἶδεν,
2940 1258 2998 1320 ὃς
3030 1256 3152 1316 τοὺς
3182 1250 3403 1310 πολλοὺς
3428 1244 3703 1335 λανθὰνει.
3735 1243 3795 1295 '0
3821 1240 3879 1335 όὲ

2320 1332 2507 1408 τοῦτον
2535 1354 2751 1422 νοήσας,
2786 1350 2861 1411 ώς
2883 1346 2943 1399 τὸ
2975 1347 3092 1399 κατ’
3124 1344 3304 1395 εἰκόνα
3332 1338 3425 1392 τοῦ
3451 1334 3584 1389 Θεοῦ
3611 1332 3797 1396 σώζων
3820 1333 3877 1383 ἐν

2324 1444 2520 1514 ἑαυτῷ,
2551 1444 2724 1512 χαρᾶς
2773 1437 3023 1508 ἔμπλεως
3053 1431 3310 1502 γεγονὼς,
3354 1429 3427 1490 ώς
3468 1428 3531 1480 ἂν
3571 1425 3630 1478 τὸ
3676 1424 3879 1514 τέλειον

2324 1534 2431 1586 τῶν
2461 1510 2677 1601 ἁγαθῶν
2702 1525 2969 1600 εὑρηκὼς,
2994 1524 3063 1576 τὰ
3085 1522 3245 1575 λοιπὰ
3276 1520 3450 1572 πάντα
3483 1517 3704 1585 δεύτερα
3734 1510 3879 1565 τίθε⁹

2325 1642 2433 1687 ται,
2458 1624 2551 1676 καὶ
2583 1621 2769 1674 τοῦτον
2797 1615 3197 1685 ἁντιλαμὸἁνει.
3226 1606 3653 1678 Καταλλήλωςόὲ
3685 1604 3883 1674 Θησαυ-

2328 1716 2416 1786 ρὸν
2446 1715 2539 1766 καὶ
2592 1712 2761 1780 ἀγρὸν
2813 1707 3002 1769 εἰπὼν,
3055 1704 3335 1789 ἄνθρωπον
3364 1700 3509 1768 αὐτῷ
3551 1694 3753 1789 συνῆψε

2324 1806 2619 1876 εὑρηκότα”
2656 1802 2797 1855 οὕτω
2842 1798 3083 1870 δηλώσας
3127 1786 3222 1847 τὸν
3259 1797 3315 1847 ὲν
3367 1790 3633 1863 ἀνθρώπῳ
3660 1786 3880 1876 θεοφιλῆ

2325 1871 2465 1947 νοῦν.
2508 1895 2573 1947 Ἦ
2628 1894 2723 1962 μὲν
2771 1887 2861 1943 οῦν
2918 1884 3317 1960 ρηθεῖσαάῦτη
3347 1878 3627 1952 παραϐολὴ
3657 1876 3745 1928 διὰ
3788 1871 3882 1926 τοῦ

679 2010 745 2053 ιω
771 2000 911 2053 enim
948 2001 1248 2053 mansiones
1294 2000 1427 2068 apud
1460 1998 1667 2053 Patrem
1696 2008 1852 2062 sunt;
1911 1996 2228 2063 divitiasque

2330 1983 2594 2056 θησαυροῦ
2618 1982 2709 2035 τοῦ
2740 1979 3118 2051 κεκρυμμένου
3148 1975 3243 2037 τὰς
3268 1970 3518 2068 οὐρανίας
3555 1964 3885 2068 ἐπαγγελίας

675 2087 790 2153 Dei,
822 2102 939 2157 quae
963 2097 1085 2143 sunt
1125 2089 1298 2143 omnis
1345 2090 1471 2143 boni
1513 2088 1829 2155 thesaurus,
1873 2088 2223 2143 demonstrat.

747 2355 874 2422 Quae
908 2371 1035 2411 vero
1058 2357 1300 2425 sequitur
1329 2358 1350 2389 ⁸
1382 2357 1683 2424 margarita
1708 2353 1981 2423 parabola,
2007 2365 2071 2407 ea
2099 2350 2226 2406 mihi

677 2446 983 2514 signiﬁcare
1006 2447 1213 2499 videtur
1245 2447 1613 2515 pretiosiorem
1656 2446 2027 2514 praedictarum
2065 2458 2225 2513 opum

675 2546 900 2604 partem.
959 2535 1052 2588 Est
1102 2544 1274 2589 autem
1330 2538 1441 2589 luec
1471 2534 1722 2589 divinitas
1756 2532 2054 2602 Unigeniti,
2108 2548 2227 2601 quae

675 2625 882 2678 cunctis
936 2625 988 2678 in
1026 2627 1276 2693 praedicto
1324 2628 1575 2679 thesauro
1611 2624 1879 2677 contentis
1911 2622 2228 2691 exquisitior

673 2723 788 2778 est;
818 2728 975 2781 quam
1003 2714 1093 2781 qui
1124 2716 1486 2783 acquisiverit.
1511 2727 1738 2783 superna
1760 2712 2013 2767 beatitate
2035 2712 2226 2782 dignus

674 2814 753 2855 ut.
800 2801 1084 2871 Margarita
1113 2810 1286 2855 autem
1322 2801 1511 2855 merito
1539 2802 1845 2854 nominatur
1884 2800 2221 2855 incarnatum

675 2892 768 2946 Dei
799 2890 1027 2946 Verbum
1056 2910 1069 2956 ;
1101 2892 1227 2961 quia
1254 2893 1366 2946 haec
1398 2891 1707 2959 margarita,
1740 2890 1802 2943 in
1828 2905 1991 2945 carne
2026 2891 2152 2945 licet
2174 2900 2227 2945 et

675 2984 908 3038 ostracio
935 2994 1093 3051 atque
1123 2983 1349 3036 humore
1379 2982 1552 3051 genita
1578 3024 1592 3046 ,
1642 2980 1932 3050 pretiosum
1961 2982 2087 3050 quid
2120 2989 2225 3046 est,

675 3082 730 3125 et
756 3088 864 3142 pra:
902 3073 1147 3127 omnibus
1177 3087 1241 3126 ex
1273 3072 1494 3125 humore
1522 3072 1658 3124 natis
1704 3070 2017 3139 corporibus
2061 3071 2227 3125 hono-

678 3162 884 3216 rabilis.
934 3162 1095 3216 Certe
1133 3161 1419 3230 margarita
1452 3161 1659 3213 videtur
1696 3159 1971 3213 humidum
2014 3175 2224 3230 corpus,

681 3250 1038 3317 splendidum,
1081 3249 1390 3304 cmlcstibus
1430 3248 1623 3309 simile,
1659 3246 1776 3302 luce
1806 3261 1870 3301 ac
1895 3248 2085 3315 spiritu
2114 3248 2225 3316 ple-

682 3358 832 3395 num.
884 3341 973 3395 Sic
1004 3343 1162 3395 etiam
1194 3342 1528 3393 incarnatum
1566 3338 1795 3392 Verbum
1821 3338 1999 3391 lumen
2029 3339 2233 3393 intelle-
2260 3330 2300 3386 C

680 3432 856 3485 ctuale
888 3442 991 3495 est,
1023 3431 1086 3484 de
1122 3430 1333 3484 mortali
1367 3429 1691 3497 humidoque
1720 3444 1948 3498 corpore
1970 3431 2229 3486 emicans.

679 3520 796 3576 Jam
823 3536 941 3575 cttm
978 3523 1093 3575 alia:
1130 3522 1309 3575 multa:
1341 3522 1649 3575 exstiterim
1695 3521 1998 3589 margarita:
2035 3530 2232 3577 sancta:

682 3611 897 3679 Deoque
948 3622 1131 3679 graue,
1172 3611 1449 3681 propheta:
1484 3610 1729 3665 videlicet
1770 3611 2007 3681 iustique
2054 3613 2231 3667 homi-

689 3713 805 3764 nes,
834 3702 925 3769 qui
949 3710 1003 3753 et
1028 3702 1124 3768 ipsi
1158 3714 1319 3754 carne
1348 3701 1627 3769 constipati
1681 3711 1838 3756 erant
1867 3710 2085 3771 propter
2112 3717 2232 3757 car-

678 3804 836 3843 neam
874 3791 1147 3844 hominum
1202 3792 1389 3857 vitam,
1420 3806 1577 3846 nemo
1604 3790 1743 3857 alius
1769 3832 1785 3856 ,
1845 3803 2040 3863 praeter
2087 3793 2233 3848 hunc

681 3880 874 3942 solum,
916 3894 1040 3933 vere
1074 3882 1403 3950 unigenitus,
1438 3881 1903 3949 splendidissimus
1932 3896 1996 3936 ac
2035 3883 2234 3951 pretio-

680 3972 928 4027 sissimas
961 3971 1206 4026 inventus
1228 3981 1327 4026 est.
1364 3972 1515 4027 Adeo
1548 3980 1605 4025 ut
1647 3970 1819 4033 Isaias
1840 3988 2053 4043 quoque
2077 3974 2144 4029 de
2169 3988 2233 4030 eo

679 4062 1003 4117 vaticinatus
1038 4062 1198 4117 fuerit
1244 4062 1429 4125 dicens
1459 4077 1474 4114 :
1505 4059 1637 4116 Ecce
1682 4080 1815 4131 pono
1848 4065 1904 4118 in
1944 4063 2073 4117 Sion
2105 4064 2237 4132 lapi-

680 4156 797 4206 dem
817 4154 1121 4221 pretiosum,
1152 4153 1391 4219 electum,
1410 4153 1745 4223 angularem,
1772 4154 2160 4221 Itonorabilem;
2185 4164 2235 4210 et

680 4246 771 4315 qui
816 4246 1090 4299 crediderit
1145 4246 1201 4298 in
1253 4262 1409 4309 eunt,
1480 4262 1583 4298 non
1637 4246 1979 4315 confundetur
2026 4246 2065 4300 ’.
2132 4247 2234 4313 Qui

682 4351 811 4406 ergo
858 4351 1022 4403 regno
1066 4336 1326 4391 caelorum
1359 4336 1554 4406 dignus
1600 4335 1808 4389 futurus
1835 4345 1948 4400 est,
1979 4337 2235 4404 praeclare

681 4442 1023 4497 comparatur
1057 4428 1337 4482 mercatori
1388 4428 1541 4493 viro,
1600 4428 1676 4482 rei
1707 4428 1859 4482 bona:
1897 4432 2139 4486 Studiose
2180 4439 2235 4485 et

683 4520 876 4587 perito,
909 4528 962 4574 et
1008 4519 1296 4572 multarum
1340 4521 1706 4574 doctrinarum
1755 4521 2232 4592 exploratori,,qui

684 4611 1009 4664 circumiens
1039 4609 1233 4663 multas
1266 4612 1463 4678 reperit
1514 4610 1853 4678 margaritas,
1897 4615 2232 4668 omnimodas

684 4714 876 4768 nempe
921 4708 1230 4754 sanctorum
1279 4698 1552 4752 hominum
1586 4699 1803 4751 classes.
1852 4701 1957 4753 Sed
1998 4704 2229 4769 pretiosa

688 4792 777 4847 illa
825 4808 1034 4862 gemma
1079 4794 1315 4856 iuventa,
1364 4808 1520 4856 quam
1554 4791 1782 4845 Verbum
1832 4793 2041 4855 obtulit,
2094 4793 2231 4847 hanc

684 4898 805 4935 cum
832 4883 1078 4936 omnibus
1095 4884 1193 4936 sibi
1212 4894 1367 4935 antea
1396 4884 1681 4950 compertis
1704 4884 2064 4947 commutavit,
2091 4883 2230 4936 idem

685 4972 887 5026 faciens
920 4970 1058 5039 quod
1100 4973 1244 5039 prior
1281 4972 1366 5025 ille
1396 4972 1505 5039 (qui
1534 4986 1715 5041 agrum
1747 4970 1831 5024 ubi
1870 4972 2065 5025 latebat
2114 4971 2229 5027 the-

685 5078 877 5118 saurus
906 5064 1135 5117 venditis
1160 5065 1363 5117 cunctis
1392 5062 1769 5133 comparavit).
1799 5064 1967 5130 Atque
1996 5063 2107 5115 hzec
2132 5064 2234 5116 erit

686 5168 907 5208 summa
930 5154 1199 5211 beatitatis
1225 5154 1467 5219 coronis,
1497 5167 1688 5221 nempe
1726 5153 1767 5204 si
1807 5154 2039 5219 pretiosa
2084 5167 2229 5205 mar-

687 5246 856 5312 garita
894 5232 1229 5308 ornabimur,
1282 5245 1332 5296 id
1379 5254 1459 5298 est
1502 5245 1703 5298 lumine
1736 5244 2034 5296 divinitatis
2069 5242 2226 5297 Verbi

688 5334 965 5401 unigeniti.
998 5333 1209 5387 Initium
1242 5334 1438 5403 quippe
1468 5334 1566 5387 fuit
1590 5348 1805 5396 semen;
1839 5333 2025 5387 deinde
2054 5332 2232 5387 fructi-

689 5422 894 5478 tlcantis
942 5422 1195 5478 frumenti
1245 5426 1595 5491 germinatio;
1651 5424 1861 5477 tertium
1918 5424 2172 5479 discretio
2202 5441 2231 5478 a

2330 2052 2516 2147 ὲδῆλου⁷
2554 2074 2650 2137 τὰς
2685 2068 3137 2141 ὑπερϐεϐηκυίας,
3167 2065 3354 2118 πολλαὶ¹
3380 2055 3487 2131 γὰρ
3537 2058 3692 2130 μοναὶ
3736 2052 3885 2125 παρὰ

2331 2170 2407 2239 τῷ
2436 2168 2624 2236 Πατρὶ,
2656 2165 2749 2216 καὶ
2774 2164 2863 2215 τὸν
2908 2163 2965 2213 ὲν
3009 2159 3126 2229 Θεῷ
3160 2157 3413 2218 πλοῦτονς
3445 2150 3714 2223 θησαυρὸν
3758 2148 3887 2200 ὅντα

2332 2259 2527 2322 παντὸς
2555 2256 2777 2325 ἀγαθοῦ.

2413 2349 2473 2402 Ἦ
2519 2348 2573 2401 δὲ
2610 2346 2745 2416 μετὰ
2779 2343 2978 2412 ταύτην
3010 2341 3096 2394 διὰ
3141 2340 3234 2393 τοῦ
3287 2334 3618 2408 μαργαρίτου
3662 2329 3888 2384 αἰνίττεο

2334 2442 2454 2495 σθαι
2484 2457 2572 2509 μοι
2602 2439 2749 2501 δοκεί
2781 2436 2843 2487 τὸ
2887 2434 3204 2501 τιμιώτερον
3254 2426 3345 2481 τοῦ
3379 2423 3703 2497 δηλωθέντος
3732 2417 3889 2509 πλούῖ-

2330 2550 2443 2585 του.
2488 2508 2598 2600 ῨΕῐη
2641 2529 2683 2581 δ’
2721 2526 2785 2579 ἂν
2832 2526 2865 2594 ἡ
2897 2523 3084 2592 θεότης
3133 2519 3268 2589 αὑτὴ
3323 2515 3414 2569 τοῦ
3456 2509 3809 2579 Μονογενοῦς,
3849 2508 3887 2600 -ή

2334 2624 2545 2676 πάντων
2570 2598 2676 2673 τῶν
2706 2621 2761 2671 ὲν
2794 2616 2871 2686 τῷ
2899 2613 3209 2668 ἁποδοθέντι
3243 2606 3496 2680 θησαυρῷ
3535 2598 3889 2672 τεταμιευμέ-

2330 2732 2434 2767 νων
2462 2710 2781 2783 τιμιωτέρα,
2811 2710 2877 2779 ἧν
2915 2710 2943 2761 6
2982 2705 3317 2776 κτησάμενος
3357 2701 3455 2769 τῆς
3500 2695 3757 2750 ἀνωτάτω
3790 2707 3890 2760 μα-

2332 2805 2651 2875 καριότητος
2679 2800 2926 2869 ἠξίωται.
2976 2794 3332 2867 Μαργαρίτης
3379 2792 3434 2843 δὲ
3462 2784 3887 2859 Ἰώνόμασταιείσ

2332 2894 2501 2955 κότως
2529 2894 2556 2944 6
2590 2887 2906 2961 σαρκωθεὶς⁶
2939 2887 3071 2949 Θεὸς
3110 2886 3306 2952 Λόγος⁸
3336 2881 3455 2933 ἐπεὶ
3480 2880 3572 2931 καὶ
3603 2878 3631 2929 6
3680 2889 3892 2945 μαργα-

2334 2988 2485 3059 ρίτης
2514 2984 2768 3045 τοιοῦτος,
2807 2983 2862 3034 ὲν
2887 2981 3048 3051 σαρκὶ
3084 2978 3181 3049 μὲν
3212 2976 3304 3029 καὶ
3349 2976 3404 3026 ὲν
3436 2969 3645 3040 ὀστρέῳ
3692 2966 3786 3019 καὶ
3834 2966 3891 3017 ὲν

2333 3080 2519 3147 ὑγροῖς
2546 3074 2902 3144 γεννώμενος,
2934 3072 3114 3141 τίμιον
3135 3068 3190 3121 δέ
3232 3084 3284 3119 τι
3319 3064 3527 3135 χρῆμα,
3558 3060 3650 3113 καὶ
3675 3059 3890 3147 πάντων

2330 3144 2436 3221 τῶν
2465 3170 2521 3219 ὲν
2549 3166 2731 3235 ὑγροῖς
2764 3162 3027 3232 σωμάτων
3054 3156 3473 3228 τιμαλφὼτερον
3499 3169 3511 3181 ·
3569 3148 3711 3201 ἔοικε
3765 3144 3890 3213 γοῦν

2332 3255 2469 3311 εἶναι
2498 3258 2559 3327 τῇ
2594 3254 2750 3324 φύσει
2781 3252 2936 3322 σῶμα
2959 3250 3141 3321 ὑγρὸν,
3165 3245 3401 3313 διαυγὲς,
3436 3239 3690 3300 θεοειδὲς,
3719 3236 3893 3306 φωτὸς

2333 3351 2427 3402 καὶ
2455 3348 2761 3417 πνεύματος
2785 3344 2972 3413 γέμον.
3025 3340 3125 3409 Εἶη
3160 3340 3203 3391 δ’
3236 3337 3300 3390 ἂν
3324 3335 3417 3388 καὶ
3449 3328 3752 3403 σαρκωθεὶς
3795 3327 3894 3417 Δό-

2331 3458 2424 3509 γος
2449 3416 2702 3501 τοιοῦτος,
2727 3435 2839 3503 φῶς
2872 3432 3053 3501 νοερὸν
3094 3429 3181 3483 διὰ
3215 3425 3405 3497 θνητοῦ
3452 3423 3546 3477 καὶ
3580 3419 3753 3491 ὑγροῦ
3788 3416 3891 3470 σώ-

2335 3548 2498 3601 ματος
2530 3527 2833 3596 ὲκλάμψαν.
2870 3522 3085 3576 Πολλῶν
3126 3538 3189 3589 γε
3227 3520 3330 3590 μὴν
3360 3516 3455 3571 καὶ
3487 3513 3661 3568 ἄλλων
3686 3526 3893 3581 μαργα-

2333 3621 2491 3693 ριτῶν
2529 3620 2696 3673 ὅντων
2726 3616 2894 3684 ἁγίων
2926 3614 3020 3667 καὶ
3058 3611 3335 3680 θεοφιλῶν,
3372 3604 3665 3677 προφητῶν
3710 3619 3772 3655 τε
3807 3602 3895 3654 καὶ

2328 3692 2549 3764 δικαίων
2582 3707 2810 3779 ἀνδρῶν,
2846 3707 2940 3758 καὶ
2969 3703 3145 3757 αὑτῶν
3195 3702 3253 3753 ὲν
3302 3698 3465 3769 σαρκὶ
3508 3692 3892 3762 πεπιλημένων

2330 3802 2415 3856 διὰ
2437 3802 2527 3854 τὸν
2553 3800 2810 3869 ἐνσαρκον
2836 3796 2945 3850 τῶν
2967 3792 3263 3865 ἀνθρώπων
3303 3790 3433 3860 βίον,
3459 3787 3634 3849 οὐδεὶς
3656 3782 3891 3854 ἕτεροςῆ

2336 3894 2493 3964 μόνος
2518 3889 2599 3955 εἷς
2624 3883 2778 3953 οὗτος
2815 3886 3029 3959 ἀληθῶς
3069 3882 3354 3955 μονογενὴς
3402 3880 3497 3933 καὶ
3545 3874 3894 3945 πολυφεγγὴς

2332 3985 2423 4036 καὶ
2468 3981 2758 4051 πολύτιμος
2786 3978 3055 4051 εὓρηταιί
3117 3974 3192 4037 ὡς
3246 3972 3341 4027 καὶ
3375 3969 3598 4024 Ἡσαΐαν
3641 3966 3892 4020 Θεσπίσαι

2337 4072 2463 4143 περὶ
2492 4069 2653 4123 αὑτοῦ
2685 4070 2777 4122 καὶ
2798 4070 2969 4121 εἰπεῖν
2990 4081 3006 4100 ο
3049 4062 3196 4118 Ἰδοὺ
3222 4063 3418 4129 τίθημι
3441 4059 3511 4112 ἐν
3539 4056 3694 4111 Σιὼν
3720 4057 3894 4110 λίθον

2332 4159 2656 4228 πολυτελῆ,
2690 4156 2998 4219 ἐκλεκτὸν,
3029 4149 3464 4222 ἀκροτωνιαῖον,
3490 4147 3730 4217 ἔντιμον
3752 4162 3767 4177 ’
3797 4144 3891 4198 καὶ

2335 4252 2368 4303 ό
2402 4248 2696 4302 πιστεύων
2741 4249 2828 4311 εἰς
2867 4245 3053 4299 αὑτὸν
3078 4244 3150 4296 οὐ
3187 4237 3787 4306 καταισχυνθήσεται.
3834 4235 3892 4286 '0

2333 4340 2397 4411 δὴ
2427 4336 2519 4394 οὖν
2554 4338 2768 4410 μέλλων
2791 4338 2888 4408 τῆς
2913 4335 3187 4407 βασιλείας
3218 4332 3325 4385 τῶν
3345 4329 3585 4397 οὐρανῶν
3604 4325 3890 4391 καταξιοῦ-

2337 4430 2458 4485 σθαι
2492 4429 2783 4500 προσφυῶς
2816 4426 3223 4501 παραόέόληται
3268 4422 3490 4493 ἐμπόρῳ
3542 4421 3695 4491 ἀνδρὶ
3741 4420 3889 4489 φιλο-

2335 4522 2480 4591 κὰλῳ
2508 4522 2610 4580 τινὶ
2635 4521 2728 4573 καὶ
2760 4517 3047 4589 φιλομαθεῖ
3077 4518 3170 4569 καὶ
3196 4514 3448 4569 ποικίλων
3477 4513 3776 4583 δοκιμαστῇ
3808 4511 3890 4565 λό-

2334 4627 2464 4678 γων,
2509 4610 2565 4675 ὃς
2594 4610 2816 4681 περιιὼν
2846 4607 3073 4669 πολλοὺς
3132 4606 3230 4677 μὲν
3280 4604 3471 4674 ἀνεῦρε
3529 4604 3885 4674 μαργαρίτας,

2337 4701 2613 4765 παντοίους
2644 4705 2700 4753 ὲν
2723 4700 3027 4771 ἀνθρώποις
3066 4698 3248 4765 ἁγίους
3264 4711 3278 4726 ο
3305 4696 3457 4759 τέλος
3481 4695 3537 4747 δὲ
3556 4694 3645 4747 τὸν
3671 4694 3887 4746 πολύτι-

2341 4811 2437 4862 μον
2464 4793 2657 4863 εὑρὼν,
2689 4793 2746 4845 ὃν
2787 4793 2815 4843 6
2842 4791 3012 4859 Λόγος
3069 4791 3464 4859 παρεστήσατο,
3518 4786 3734 4839 πάντων
3784 4784 3887 4837 τῶν

2338 4885 2595 4955 πρότερον
2641 4882 2787 4951 αὑτῷ
2836 4881 3248 4951 πεπορισμένων
3278 4878 3464 4932 τοῦτον
3500 4876 3886 4948 ἀντικατηλλά-

2338 4972 2479 5038 ξατο,
2502 4974 2691 5025 ταυτὸν
2717 4972 2793 5041 τῷ
2825 4971 3069 5043 προτέρῳ
3098 4970 3305 5041 πράξας
3355 4970 3419 5040 (6
3446 4970 3622 5023 πάντα
3654 4971 3752 5023 ὅσα
3778 4965 3885 5041 εῐχε

2340 5065 2609 5135 πωλήσας,
2668 5064 2761 5117 καὶ
2806 5063 3078 5134 ἀγοράσας
3126 5063 3216 5116 τὸν
3265 5062 3431 5133 ἀγρὸν
3482 5062 3727 5132 ἐκεῖνον).
3782 5061 3885 5115 Καὶ

2336 5156 2474 5208 τοῦτ’
2518 5156 2582 5209 ἂν
2611 5157 2695 5225 εἴη
2721 5155 2871 5217 τέλος
2908 5156 3007 5224 τῆς
3050 5155 3223 5225 ἄκρας
3258 5153 3673 5225 μακαριότητος,
3704 5153 3765 5206 τὸ
3793 5168 3885 5206 κα-

2334 5245 2733 5317 τακοσμηθῆναι
2761 5243 2837 5313 τῷ
2866 5244 3207 5315 πολυτιμήτῳ
3238 5244 3565 5314 μαργαρίτῃ,
3592 5243 3787 5314 δηλαδὴ
3810 5242 3883 5313 τῷ

2337 5335 2472 5403 φωτὶ
2503 5336 2601 5405 τῆς
2640 5334 2888 5403 θεότητος
2918 5332 3011 5386 τοῦ
3051 5334 3363 5403 μονογενοῦς
3390 5333 3590 5401 Λόγου·
3617 5334 3757 5404 ἁρχὴ
3787 5333 3881 5403 μὲν

2339 5428 2444 5500 γὰρ
2474 5424 2540 5500 ἧν
2564 5430 2593 5481 ό
2628 5428 2824 5497 σπόρος
2847 5443 2860 5456 ·
2920 5420 3014 5479 εἶτ’
3054 5425 3287 5489 ἐπίδοσις
3326 5425 3423 5495 τῆς
3449 5424 3542 5479 τοῦ
3576 5426 3719 5479 σίτου
3748 5442 3853 5497 καρ

756 5531 797 5561 ⁸·
825 5529 1012 5587 Matth.
1044 5548 1175 5597 χιιι,
1208 5532 1293 5587 55.
1370 5534 1389 5563 ⁷
1432 5534 1558 5587 ibid.
1592 5531 1679 5585 Η.
1753 5533 1774 5563 ⁸
1819 5531 1943 5585 ibid.
1977 5532 2065 5588 45.
2142 5538 2162 5567 ⁸
2204 5535 2230 5588 1η

2351 5554 2541 5602 xxvnt,
2582 5538 2668 5593 16.

762 5620 875 5691 (61)
915 5622 1010 5677 llic
1039 5640 1251 5691 quoque
1296 5640 1324 5677 a
1368 5626 1509 5679 Luca
1538 5634 1791 5693 provocat
1829 5628 1892 5679 ad
1924 5626 2227 5683 Mattlireum

700 5690 960 5747 Eusebius
1046 5694 1186 5761 quod
1213 5709 1332 5748 cum
1390 5711 1483 5765 per
1536 5690 1593 5751 ἑο
1646 5712 1747 5750 non
1799 5696 2056 5765 dedecet,
2124 5709 2231 5754 tum

2344 5633 2644 5704 rectissime
2675 5631 2789 5686 ﬁeri
2818 5634 2988 5704 potuit
3016 5635 3083 5685 ab
3114 5648 3177 5689 eo
3210 5632 3299 5704 qui
3332 5632 3383 5689 in
3412 5630 3874 5703 tetraevangelium

2341 5701 2565 5761 fortasse
2599 5703 3079 5777 catnmcntabatur.
