4124 6470
221 389 323 446 5129

1354 380 1858 437 εὓΜΜΕΝτέιῐῑᾶΑ
1898 379 1967 435 IN
2007 379 2264 438 LUCAM.

3355 387 3460 443 570

223 504 492 577 ποτορίας
511 523 524 535 ο
558 506 649 559 καὶ
680 505 859 575 τρίτον
892 506 924 574 ἡ
954 503 1064 556 ἀπὸ
1082 503 1188 556 τῶν
1212 502 1465 568 ζιζανίων
1487 503 1756 574 διάκρισις
1774 520 1786 532 ·

1897 502 2154 566 zizaniis;
2215 513 2468 570 quartum
2523 501 2746 555 seminis
2797 499 2850 554 in
2903 515 3152 570 magnam
3210 502 3458 558 arborem

217 599 532 669 τέταρτονή
563 600 653 650 ἐπὶ
684 598 823 664 μέγα
871 595 1084 666 δένδρον
1109 595 1200 648 τοῦ
1237 595 1435 664 σπόρου
1468 597 1603 665 φυή·
1655 594 1794 662 πέμ-

221 705 354 742 πτον
383 691 414 758 ἡ
441 688 529 740 διὰ
558 687 650 739 τοῦ
683 686 838 753 ἁγίου
889 686 1204 754 Πνεύματος
1235 683 1508 753 ζύμωσιςο
1562 685 1720 736 ἕκτον
1763 686 1792 736 ὁ

221 778 494 849 θησαυρὸς
526 777 632 828 τῶν
665 776 927 846 οὐρανίων
961 774 1298 842 ἐπαγγελιῶν
1323 791 1335 802 ·
1389 773 1612 843 ἕϐδομον
1638 777 1670 844 ἡ
1698 774 1794 825 αύ-

217 870 314 922 τοῦ
346 871 534 938 κτῆσις
572 867 666 920 τοῦ
688 868 820 920 Θεοῦ
850 868 1044 935 Λόγου,
1071 869 1126 918 ὲν
1152 858 1196 932 ᾧ
1227 867 1333 930 πᾶς
1367 867 1791 935 κατακοσμεῖται

218 962 249 1012 ό
280 963 380 1028 τῆς
409 959 680 1027 βασιλείας
709 957 816 1010 τῶν
839 957 1080 1028 οὐρανῶν
1110 957 1277 1022 ἄξιος.

292 1069 475 1124 Ταῦτα
495 1070 551 1122 δὲ
585 1068 690 1139 πρὸ
717 1068 820 1120 τῶν
854 1068 1028 1137 ἔργων
1056 1067 1406 1134 ἀνεφωνεῑτο·
1441 1064 1794 1136 προλέγοντος

221 1164 290 1216 τά
326 1161 583 1230 μέλλοντα
613 1158 827 1211 ἔσεσθαι
853 1157 946 1210 τοῦ
1000 1157 1269 1225 Σωτῆρος,
1309 1156 1343 1209 ἃ.
1392 1156 1453 1225 δὴ
1489 1155 1580 1207 καὶ
1606 1155 1793 1216 τέλους

220 1254 321 1305 οὐκ
350 1254 430 1313 είς
464 1250 669 1321 μακρὸν
698 1248 975 1317 ἐτύγχανε,
998 1247 1137 1299 ὥστε
1181 1246 1295 1315 μετ’
1323 1247 1383 1298 οὺ
1417 1245 1580 1297 πολὺν
1606 1245 1792 1316 χρόνον

221 1340 517 1409 ὀφθαλμοῖς
563 1337 788 1408 ὁρᾶσθαι
839 1336 944 1388 τῶν
1002 1335 1178 1403 ἔργῶν
1229 1333 1293 1385 τὰ
1357 1333 1788 1402 ἀποτελέσματα.

223 1431 358 1483 Καθ’
393 1431 517 1499 ὅλης
546 1424 636 1481 οὖν
666 1427 724 1491 se
754 1427 961 1480 ἐκείνου
991 1427 1088 1495 τῆς
1134 1425 1240 1476 τῶν
1281 1423 1578 1494 ἀνθρώπιον
1617 1427 1793 1476 οἰκου-

228 1524 397 1591 μένης
421 1523 484 1572 ὲκ
519 1521 615 1589 μὲν
649 1519 898 1570 ἁπάντων
935 1517 1041 1569 τῶν
1070 1517 1235 1568 ἐθνῶν
1264 1516 1332 1566 τά
1390 1515 1487 1583 τῆς
1529 1515 1622 1568 τοῦ
1655 1513 1791 1565 Θεοῦ

226 1613 498 1684 βασιλείας
518 1611 752 1680 σύμϐολα
772 1609 879 1676 (δί)
897 1609 982 1661 διὰ
995 1608 1101 1660 τῶν
1118 1596 1449 1674 Ἑκκλησιῶν
1464 1605 1625 1658 αὑτοῦ
1642 1605 1793 1658 ὲθεω-

229 1711 390 1777 ρεῖτο,
419 1706 624 1775 μυρίων
659 1705 714 1755 ὲν
757 1704 946 1763 αὑταῖς
979 1699 1118 1752 κατὰ
1157 1699 1220 1751 τὸ
1252 1701 1516 1768 σωτήριον
1546 1696 1792 1763 Εὐαγγέ-

223 1798 336 1850 λιον
363 1796 640 1866 βιούντων,
682 1796 795 1856 τοῖς
830 1810 888 1844 τε
916 1792 1162 1853 παλαιοῖς
1192 1791 1496 1860 προφήταις
1523 1789 1617 1840 καὶ
1645 1785 1793 1856 αύτῴ

224 1905 286 1955 γε
307 1886 385 1956 τῷ
425 1885 670 1955 Ἀϐραάμ
719 1886 811 1937 καὶ
862 1882 1043 1935 Ἰσαάκ
1092 1880 1186 1933 καὶ
1228 1880 1306 1949 τῷ
1345 1879 1536 1932 Ἰακὼϐ
1591 1879 1792 1947 ὁμοίως

223 1977 496 2031 θεοσεϐεἶν
517 1972 976 2044 φιλοτιμουμένων
997 1990 1009 2001 ·
1042 1972 1165 2024 ἐπεὶ
1207 1973 1462 2032 κάκεῖνοι,
1495 1968 1791 2040 προλαϐόν-

222 2086 314 2130 τες
346 2070 458 2130 τοῖς
499 2067 706 2137 χρόνοις
746 2065 870 2126 τοὺς
902 2063 1177 2124 Μωῦσέως
1203 2062 1416 2130 νόμους,
1451 2061 1528 2129 τῷ
1561 2061 1700 2112 κατὰ
1731 2058 1792 2110 τὸ

224 2155 558 2222 Εὐαγγέλιον
593 2153 690 2222 βίῳ
711 2169 769 2204 τε
791 2153 882 2204 καὶ
912 2150 1098 2220 τρόπῳ
1123 2149 1437 2217 διέλαμψαν,
1472 2150 1569 2214 τῆς
1600 2147 1697 2218 μὲν
1730 2150 1792 2200 ὲκ

225 2242 747 2315 πατέρωνὴκούσης
776 2243 854 2303 εις
882 2240 1076 2302 αὐτοὺς
1117 2239 1375 2290 πολυθέου
1410 2238 1616 2308 πλάνης
1663 2254 1794 2289 κατ-

224 2334 548 2402 εγνωκότες,
583 2329 674 2385 τοῦ
704 2332 747 2384 δ’
774 2333 867 2385 ἐπὶ
895 2334 1109 2386 πάντων
1133 2331 1266 2384 Θεοῦ
1291 2331 1389 2399 τὴν
1416 2331 1615 2397 γνῶσιν
1647 2331 1793 2383 άνει-

224 2423 474 2493 ληφότες.
520 2423 610 2475 Διὸ
641 2422 704 2492 δὴ
733 2422 840 2474 τῶν
869 2422 1036 2474 ἐθνῶν
1078 2424 1125 2473 οξ
1184 2420 1365 2473 πολλοὶ
1397 2421 1489 2473 ἀπ’
1523 2420 1793 2473 ἀνατολῶν

224 2517 320 2568 καὶ
347 2512 564 2583 δυσμῶν
590 2513 738 2582 ἥξειν
769 2512 1030 2583 εἴρηνται,
1075 2513 1170 2564 καὶ
1201 2511 1427 2580 ἰσότιμοι
1473 2512 1792 2580 γενήσεσθαι

223 2608 338 2668 τοῖς
372 2606 515 2673 ἀμφὶ
546 2604 636 2656 τὸν
682 2603 932 2673 Ἁϐραάμ
979 2601 1267 2673 μακαρίοις
1311 2603 1531 2672 ἀνδράσι
1575 2602 1663 2654 διὰ
1697 2602 1794 2672 τὴν

229 2692 350 2760 ἴσην
372 2693 601 2754 ἐκείνοις
627 2691 772 2760 ζωήν
797 2707 809 2719 ⁸
837 2692 887 2742 oi
920 2690 963 2742 δ’
994 2690 1174 2742 αὐτῶν
1205 2689 1422 2742 ἐκείνων
1456 2689 1707 2756 ἀπόγονοί
1735 2705 1793 2741 τε

223 2783 320 2834 καὶ
352 2781 604 2850 διάδοχοι,
633 2781 738 2833 υἱοὶ
786 2781 887 2850 τῆς
940 2779 1216 2850 βασιλείας
1240 2779 1326 2832 διὰ
1363 2779 1488 2841 τοὺς
1519 2780 1792 2850 προπάτο-

225 2890 326 2942 ρας
355 2871 730 2940 ὠνομασμένοι
753 2889 767 2901 ·
802 2870 1028 2939 δυνάμει
1060 2869 1167 2939 γάρ
1200 2870 1292 2922 καὶ
1321 2871 1503 2931 αὐτοῖς
1537 2871 1793 2939 μετουσία

219 2956 289 3032 ἦν
313 2960 514 3030 ὁμοίως
538 2963 647 3023 τοῖς
676 2960 1015 3030 προπάτορσι
1051 2959 1149 3029 τῆς
1194 2960 1444 3029 οὐρανίου
1477 2959 1752 3028 βασιλείας
1775 2976 1790 2990 ·

218 3050 370 3113 ὅπως
417 3049 710 3119 ἀπόϐλητοι
755 3051 862 3102 τῶν
905 3048 1243 3116 ἐπαγγελιῶν
1297 3048 1570 3116 γεγόνασι,
1599 3050 1795 3118 δεῖγμα

220 3140 451 3212 ιναργὲς
475 3140 575 3209 τῆς
603 3141 860 3211 πόλεωςη
889 3137 1219 3210 ἐρημία,τοῦ
1248 3139 1391 3208 ἱεροῦ
1422 3140 1454 3207 ἠ
1491 3138 1790 3208 πολιορκία,

221 3229 318 3281 καὶ
351 3227 580 3297 αὑτῶνῆ
621 3231 698 3290 είς
741 3229 918 3280 πάντα
939 3227 1006 3278 τὰ
1037 3225 1162 3294 ἔθνη
1187 3226 1473 3296 διασπορὰ,
1505 3228 1600 3279 καὶ
1630 3229 1662 3296 ἡ
1691 3226 1794 3278 ὑπὸ

221 3321 334 3380 τοῖς
363 3316 574 3387 ἐχθροῖς
602 3316 830 3376 δουλεία,
866 3317 958 3368 καὶ
980 3314 1070 3368 ἐπὶ
1093 3315 1297 3378 τούτοις
1335 3318 1366 3386 ἠ
1400 3316 1653 3387 στέρησις
1697 3317 1795 3385 τῆς

222 3407 365 3461 κατὰ
393 3409 461 3460 τά
491 3405 694 3476 νόμιμα
721 3405 898 3458 αὐτῶν
931 3404 1242 3475 θρησκείας,
1276 3405 1368 3456 τοῦ
1411 3421 1468 3456 -τε
1498 3403 1731 3476 Χριστοῦ
1766 3406 1799 3474 ἡ

222 3497 488 3565 ἀγνωσία,
519 3497 612 3550 καὶ
639 3496 745 3549 τῶν
777 3494 1147 3563 εὑαγγελικῶν
1181 3494 1514 3565 μαθημάτων
1555 3498 1590 3566 ἡ
1628 3495 1801 3548 ἀπαλ-

1896 595 2333 659 incrementum;
2365 593 2609 661 quintum
2645 607 2744 662 per
2765 587 3009 646 sanctum
3055 592 3318 662 Spiritum
3351 594 3459 650 fer-

1894 683 2194 745 mentatio;
2230 692 2441 737 sextum
2474 683 2775 736 divinorum
2812 677 3196 752 promissorum
3243 686 3462 741 thesau-

1897 789 2028 833 rus:
2095 776 2381 843 septimum
2441 775 2552 842 ipsa
2601 775 2693 828 Dei
2755 771 2918 828 Verbi
2979 777 3299 843 acquisitio.
3353 792 3462 845 quo

1897 865 2263 934 unusquisque
2296 876 2614 931 exornatur,
2637 865 2730 935 qui
2769 881 2938 936 regno
2969 867 3230 921 caelorum
3266 869 3463 938 dignus

1894 965 1999 1009 εει.

1965 1044 2090 1098 ΙΙαιο
2143 1054 2266 1098 ante
2313 1058 2476 1111 opera
2524 1044 2844 1112 loquebatur
2875 1041 3152 1105 Servator,
3208 1045 3461 1097 nimirum

1894 1151 1983 1190 res
2033 1135 2241 1188 futuras
2276 1137 2564 1197 nuntians,
2615 1149 2735 1200 qua:
2796 1150 2984 1203 reapse
3037 1138 3241 1189 exitum
3303 1134 3464 1202 paulo

1895 1237 2008 1301 post
2043 1237 2210 1280 nale
2231 1227 2469 1288 sunt,ita
2499 1236 2556 1278 ut
2589 1227 2727 1279 haud
2760 1227 2916 1294 longa
2957 1241 3103 1278 mora
3141 1227 3460 1294 interposita

1895 1329 2138 1388 Spectare
2173 1318 2342 1371 oculis
2371 1332 2455 1370 res
2472 1327 2652 1386 gestas
2685 1318 2919 1372 licuerit.
2958 1317 3060 1371 Per
3091 1326 3258 1371 totum
3295 1318 3461 1388 igitur

1893 1426 1955 1464 ex
1983 1425 2046 1463 eo
2075 1419 2314 1477 tempore
2362 1410 2654 1466 mundum.
2693 1410 2839 1476 regni
2887 1408 2978 1461 Dei
3029 1405 3271 1477 symbola
3322 1406 3463 1473 apud

1895 1516 2082 1554 omnes
2124 1499 2346 1568 populos
2396 1500 2448 1551 in
2502 1499 2700 1552 Christi
2761 1498 3020 1552 Ecclesiis
3079 1499 3463 1560 cernebantur,

1895 1593 2140 1662 plurimis
2163 1594 2270 1656 jam
2301 1591 2606 1644 hominibus
2632 1592 2697 1642 ad
2731 1590 2986 1643 salutaris
3029 1588 3300 1657 Evangelii
3340 1603 3466 1641 nor—

1895 1700 2035 1737 mam
2084 1685 2386 1736 viventibus
2415 1723 2430 1745 ,
2495 1693 2549 1738 et
2598 1685 2887 1752 prophetas
2935 1692 3146 1735 veteres
3213 1667 3463 1750 ipsosque

1896 1773 2286 1836 Ahrahamum,
2322 1773 2556 1826 lsaacum
2594 1783 2751 1839 atque
2772 1773 3029 1827 Jztcobum
3074 1773 3318 1839 religiosa
3352 1771 3460 1840 pie-

1824 1843 1865 1896 Β
1898 1874 2002 1917 tate
2029 1865 2403 1918 munulantibus
2432 1883 2444 1916 :
2481 1866 2745 1932 siquidem
2776 1876 2829 1916 et
2856 1865 2931 1924 hi,
2955 1872 3199 1932 tempore
3227 1877 3463 1931 prmver-

1895 1965 2066 2010 tentes
2120 1954 2284 2007 Musis
2331 1954 2512 2019 leges,
2579 1958 2684 2006 vita
2751 1954 3062 2019 evangelica
3107 1969 3171 2006 ac
3225 1955 3467 2007 moribus

1894 2047 2260 2100 inclaruerunt
2289 2062 2302 2110 ;
2343 2046 2467 2116 quia
2499 2047 2756 2099 traditum
2789 2047 2890 2098 sibi
2927 2062 2954 2098 a
2984 2045 3283 2114 majoribus
3313 2044 3465 2114 poly-

1896 2140 2107 2193 theismt
2145 2152 2384 2190 errorem
2415 2139 2752 2197 damnentes,
2786 2136 3108 2188 universalis
3155 2133 3248 2186 Dei
3278 2133 3468 2202 cogni-

1896 2231 2092 2284 tionem
2156 2231 2500 2296 adoptarunt.
2558 2231 2900 2296 Quapropter
2945 2228 3096 2280 multi
3146 2227 3349 2281 ethnici
3401 2241 3468 2279 ex

1893 2323 2103 2376 oriente
2164 2333 2326 2388 atque
2385 2336 2579 2376 occasu
2629 2320 2840 2372 venturi
2905 2320 3181 2382 dicuntur,
3243 2319 3469 2388 parique

1896 2413 2104 2467 honore
2139 2412 2300 2465 futuri
2332 2422 2493 2479 atque
2517 2412 2878 2477 Abrahamus,
2906 2412 2990 2463 vir
3015 2412 3227 2475 beatus,
3253 2423 3470 2479 propter

1894 2503 2069 2557 simile
2106 2504 2228 2555 vita:
2254 2518 2442 2572 genus.
2492 2501 2691 2555 ﬂorum
2724 2517 2850 2554 vero
2898 2502 3099 2570 posteri
3144 2518 3206 2556 ac
3247 2518 3467 2556 succes-

1895 2607 2066 2655 sores,
2120 2591 2210 2643 lilii
2261 2593 2410 2660 regni
2467 2593 2534 2646 ob
2587 2606 2717 2645 suos
2767 2593 3145 2660 progenitores
3199 2591 3465 2645 nominati

1895 2693 2039 2736 Sunt.
2082 2681 2325 2750 Namque
2353 2683 2537 2735 intima
2573 2682 2620 2734 vi
2659 2681 2791 2750 ipsis
2815 2696 3030 2749 quoque
3070 2683 3239 2736 inerat
3268 2723 3283 2746 ,
3316 2697 3471 2750 atque

1896 2790 1958 2828 ac
1989 2774 2711 2842 progenitoribus,caelestis
2755 2776 2905 2845 regni
2950 2777 3315 2843 participatio.
3365 2774 3472 2830 Sed

1896 2867 2039 2919 enim
2070 2868 2211 2935 quod
2241 2883 2269 2917 ιι
2305 2882 2359 2920 re
2401 2869 2665 2934 promissa
2699 2867 3020 2931 exciderint,
3065 2868 3290 2920 evidens
3329 2867 3472 2934 iudi—

1896 2956 2035 3010 cium
2061 2965 2142 3009 est
2168 2956 2314 3008 urbis
2344 2957 2584 3020 vastitas,
2627 2956 2806 3025 templi
2843 2957 3116 3018 obsessio,
3144 2968 3199 3008 et
3235 2958 3470 3025 ipsorum

1898 3063 1993 3116 per
2023 3061 2211 3100 omnes
2244 3056 2429 3113 gentes
2460 3049 2722 3115 dispersio
2743 3089 2758 3112 ,
2811 3049 3042 3101 servitus
3082 3048 3220 3115 apud
3258 3048 3460 3108 hostes.

1900 3138 2225 3207 insuperque
2261 3137 2486 3205 legitimi
2518 3137 2732 3191 illorum
2763 3139 2940 3192 cultus
2964 3140 3194 3191 cessatio
3218 3177 3233 3197 .
3268 3138 3468 3192 Christi

1904 3230 2184 3299 ignoratio,
2218 3240 2269 3284 et
2294 3231 2360 3283 ab
2394 3230 2704 3298 evangelica
2735 3231 2978 3284 doctrina
3015 3231 3293 3284 alienatio.
3349 3229 3474 3284 [hnc

1907 3320 2106 3384 omnia,
2171 3320 2410 3387 inquam,
2466 3321 2615 3388 signa
2669 3323 2954 3390 perspicua
3005 3331 3132 3374 sunt
3179 3336 3365 3375 earum
3420 3323 3472 3375 in

1908 3406 2100 3474 quibus
2124 3419 2409 3461 versantur
2440 3410 2805 3474 tenebrarum,
2834 3421 3120 3480 propterea
3148 3411 3293 3480 quod
3328 3410 3473 3465 salu-

1909 3497 2009 3551 turi
2038 3497 2226 3551 lumini
2264 3501 2528 3554 adversati
2555 3509 2702 3555 sunt.

222 3587 535 3658 λοτρίωσιςυ
569 3588 737 3641 ταῦτα
768 3588 877 3658 γὰρ
907 3588 1119 3640 ἅπαντα
1167 3590 1366 3656 σημεῖα
1399 3589 1614 3659 ὲμᾳανῆ
1659 3588 1744 3659 εἴη
1802 3587 1870 3641 ἂν
1912 3588 2004 3641 τοῦ
2049 3590 2386 3654 διαλαϐόντος
2432 3592 2627 3655 αὐτοὺς
2683 3591 2925 3657 σκότους,
2957 3611 3001 3662 ῳ
3033 3593 3477 3666 περιπεπτώκασι

223 3681 316 3734 διά
340 3681 440 3752 τὴν
460 3679 555 3733 τοῦ
583 3681 848 3751 σωτηρίου
878 3682 1053 3750 φωτὸς
1076 3682 1413 3733 ἐναντίωσιν.

298 3799 376 3850 Δι’
405 3789 467 3850 οὗ
493 3797 637 3850 δοκεῖ
671 3813 759 3867 μοι
779 3796 888 3866 (65)
905 3797 966 3848 τὸ
987 3794 1271 3866 γνώρισμα
1290 3797 1389 3864 τῆς
1412 3796 1684 3866 βασιλείας
1701 3797 1798 3850 αῦ-

222 3890 327 3959 τῆς
383 3889 735 3956 ὑποφαίνειν,
789 3888 871 3942 ὅτι
925 3887 989 3958 δὴ
1034 3887 1293 3954 βασιλέως
1351 3890 1800 3961 ὲντετυπωμένην

225 3978 414 4031 είκόνα
452 3975 546 4029 τοῦ
579 3976 830 4048 δηναρίου
869 3977 928 4028 τὸ
969 3977 1230 4047 χάραγμα
1273 3979 1544 4048 σημαίνει.
1587 3978 1799 4050 Ἐπειδὴ

223 4072 410 4124 τοίνυν
449 4070 655 4132 πάντας
695 4070 820 4132 τοὺς
854 4070 946 4121 ἐπὶ
995 4070 1084 4122 τὸν
1121 4069 1421 4138 ἀμπελῶνα
1457 4073 1552 4124 καὶ⁸
1595 4072 1656 4124 τὸ
1699 4071 1798 4140 τῆς

226 4160 544 4223 θεοσεϐείας
575 4160 871 4229 πολίτευμα
910 4159 1294 4229 παρελθόντας,
1328 4163 1455 4231 μιᾶς
1481 4179 1540 4214 τε
1575 4163 1668 4213 καὶ
1699 4162 1796 4231 τῆς

225 4247 402 4315 αὐτῆς
465 4246 723 4315 ἐργασίας
771 4247 1111 4316 ἁψαμένους,
1149 4248 1248 4317 τῆς
1299 4249 1470 4317 αὐτῆς
1527 4249 1800 4318 βασιλείας

228 4334 525 4404 μετασχεῖν
544 4327 610 4402 ἦν
633 4333 856 4395 δίκαιον,
884 4335 1070 4387 τούτου
1100 4336 1255 4406 χάριν
1287 4337 1511 4400 εἰκότως
1538 4341 1649 4400 τοῖς
1670 4341 1801 4392 πᾶσι

226 4424 328 4492 τῆς
362 4421 638 4492 βασιλείας
671 4423 734 4476 τὸ
765 4423 1028 4494 σύμϐολον
1059 4426 1118 4477 τὸ
1152 4425 1404 4497 δηνάριον
1439 4428 1760 4482 ἀποδίδωσιν
1785 4471 1800 4496 ,

1967 3795 2071 3850 Per
2106 3795 2210 3850 hoc
2246 3793 2460 3870 videtur
2489 3793 2621 3848 mibi
2672 3797 2820 3866 regni
2855 3795 3022 3866 ipsius
3057 3799 3330 3852 notionem
3359 3808 3473 3853 tra-

1894 3888 2045 3952 dere,
2075 3889 2197 3957 quia
2232 3888 2373 3964 regis
2404 3887 2722 3954 impressam
2742 3888 3054 3958 imaginem,
3078 3891 3285 3943 denarii
3314 3906 3477 3946 cusus

1897 3987 2054 4048 typus
2088 3980 2330 4032 exhibet.
2362 3967 2497 4044 Quia
2543 3977 2704 4047 igitur
2749 3989 2980 4033 cunctos
3011 3979 3062 4032 in
3103 3980 3312 4034 vineam
3347 3997 3475 4050 pro-

1897 4070 2063 4124 rectos
2109 4080 2164 4124 et
2214 4071 2514 4140 religiosam
2546 4071 2798 4137 pietatem
2831 4071 3106 4139 amplexos
3130 4113 3145 4135 ,
3183 4089 3397 4143 unaque
3423 4084 3479 4130 et

1899 4161 2088 4214 eadem
2155 4176 2321 4228 opera
2377 4161 2690 4230 perfunctos
2727 4201 2741 4225 ,
2825 4163 3012 4216 eodem
3076 4179 3243 4233 regno
3313 4166 3472 4233 potiri

1899 4265 2110 4320 equum
2137 4264 2277 4316 erat,
2301 4253 2420 4307 ideo
2445 4254 2656 4307 cunctis
2679 4256 2827 4323 regni
2862 4255 3190 4325 symbolum,
3221 4259 3479 4314 denarius

1903 4343 2169 4407 videlicet,
2194 4343 2318 4411 jure
2351 4344 2547 4412 datur;
2579 4360 2808 4413 quorum
2851 4347 2939 4398 alii
2994 4347 3213 4415 quidem
3249 4348 3317 4404 ab
3345 4351 3474 4404 adoc

1904 4433 2160 4488 lescentia
2194 4435 2412 4488 fuerunt
2441 4436 2633 4500 vocati,
2670 4437 2762 4490 alii
2790 4438 2935 4492 circa
2969 4440 3203 4491 medium
3234 4439 3480 4497 humanae

224 4507 304 4567 ὧν
330 4515 379 4566 oi
418 4513 516 4583 μὲν
543 4514 601 4566 ὲν
624 4515 841 4584 ,νεότητι
872 4515 1196 4586 ἐκλήθησαν,
1225 4520 1272 4569 οἱ
1291 4519 1346 4571 δὲ
1372 4520 1496 4590 περὶ
1524 4521 1613 4572 τὸν
1643 4521 1794 4590 μέσον

1907 4526 2028 4579 vitm
2059 4535 2294 4594 tempus,
2337 4526 2427 4579 alii
2463 4525 2515 4579 in
2563 4537 2780 4581 aetatem
2827 4527 2938 4595 jam
2990 4529 3198 4584 virilem
3257 4541 3312 4585 et
3361 4548 3481 4600 per-

224 4604 328 4672 τῆς
357 4602 647 4674 ἀνθρώπου
682 4604 824 4674 ζωῆς
855 4604 1064 4674 χρόνον,
1110 4607 1160 4657 οἱ
1194 4605 1252 4657 δὲ.
1286 4605 1377 4658 τὸν
1410 4607 1576 4678 ἄνδρα
1599 4607 1794 4661 τέλειον

1906 4613 2098 4667 fectum
2133 4615 2392 4681 provecti,
2423 4615 2511 4668 alii
2545 4614 2780 4685 denique
2814 4616 2924 4686 jam
2964 4633 3125 4673 senes
3176 4630 3230 4674 et
3274 4622 3326 4674 in
3360 4599 3481 4675 vita:

227 4693 334 4764 ήδη
376 4697 472 4745 καὶ
511 4694 922 4764 ὑπερϐεϐηκότα
954 4695 1300 4765 ἀνειληφότες
1321 4735 1334 4758 ,
1367 4700 1413 4749 oi
1447 4698 1504 4750 δὲ
1541 4699 1681 4752 κατὰ
1709 4701 1794 4752 τὸν

1904 4719 2153 4758 occasum
2188 4704 2425 4758 decidui.
2467 4703 2720 4760 Fortasse
2754 4706 2950 4775 aliquis
2995 4708 3156 4762 aliter
3180 4710 3480 4778 explanans
3558 4713 3560 4716 ’

225 4780 550 4852 πρεσϐύτην
587 4783 747 4835 αὐτὸν
782 4784 1039 4853 γηραλέοι
1081 4785 1264 4837 λοιπὸν
1313 4786 1406 4838 καὶ
1437 4788 1564 4857 περὶ
1595 4787 1794 4858 δυσμὰς

1906 4797 2069 4857 dicet,
2125 4811 2427 4864 congruere
2455 4797 2724 4866 parabolze
2776 4799 3140 4867 significatum
3178 4802 3372 4869 priscis
3411 4802 3480 4856 ab

226 4873 453 4941 ἔχοντες
481 4872 574 4923 τοῦ
596 4872 732 4941 βίου.
766 4874 921 4928 Εἴποι
945 4875 988 4927 δ’
1019 4875 1082 4927 άν
1111 4893 1194 4938 τις
1228 4877 1322 4929 καὶ
1354 4876 1555 4947 ἑτέρως
1576 4876 1794 4948 ἐξηγού-

1907 4889 2223 4943 exortlientc
2261 4893 2459 4944 mundo
2501 4907 2669 4960 usque
2695 4894 2761 4946 ad
2789 4894 2906 4962 ejus
2953 4896 3477 4950 consummationem

228 4981 397 5034 μενος
427 4964 784 5032 ἐφαρμόττειν
813 4966 882 5019 τὰ
907 4967 992 5020 διά
1023 4968 1119 5037 τῆς
1151 4968 1461 5038 παραϐολῆς
1502 4969 1794 5040 δηλούμενα

1909 4981 2088 5033 divina
2125 4982 2404 5036 vocatione
2440 4984 2673 5052 dignatis
2705 4985 3051 5048 hominibus;
3101 4987 3172 5040 ita
3224 4999 3282 5039 ut
3320 5003 3479 5043 mane

220 5056 342 5117 τοῖς
383 5052 651 5106 ἀνέκαθεν
690 5056 753 5106 ὲκ
791 5055 1014 5126 πρώτης
1066 5056 1157 5110 τοῦ
1201 5057 1315 5123 βίου
1359 5059 1601 5122 στάσεως
1643 5060 1804 5132 μέχρι

226 5145 550 5207 συντελείας
565 5146 1002 5216 καταξιουμένοις
1017 5150 1112 5218 τῆς
1131 5151 1314 5203 ἐνθέου
1337 5151 1435 5223 κλή
1445 5170 1597 5216 σεως’
1617 5153 1803 5223 ὥσπερ

221 5232 348 5304 ἅμα
378 5234 528 5305 πρωῒ
550 5235 842 5306 κεκλῆσθαι
869 5238 1045 5302 λέγειν
1076 5241 1166 5293 ἐπὶ
1187 5241 1282 5312 τὴν
1306 5241 1610 5306 θεοσεϐείας
1641 5247 1804 5315 ἐργα-

1914 5070 2086 5122 vocati
2149 5070 2404 5124 dicantur
2460 5075 2527 5126 ad
2591 5074 2870 5142 religionis
2921 5089 3056 5144 opus
3094 5076 3169 5129 illi
3198 5078 3288 5145 qui
3326 5078 3482 5133 initio

1911 5161 2089 5212 mundi
2129 5160 2271 5228 juste
2327 5163 2578 5216 vixerunt
2611 5182 2624 5216 :
2663 5165 2897 5218 secundo
2968 5165 3087 5219 loco
3155 5165 3342 5220 Enocb
3418 5182 3484 5221 ac

1906 5248 2016 5303 Noe
2047 5268 2060 5302 :
2093 5255 2249 5304 tertia
2308 5253 2439 5306 hora
2487 5255 2829 5309 Abrabatuus
2861 5274 2874 5309 :
2911 5267 3062 5311 sexta
3125 5259 3251 5313 hora
3306 5258 3482 5312 Moses

225 5326 353 5378 σίαν
379 5326 511 5389 τοὺς
545 5327 682 5380 κατὰ
701 5328 798 5398 τὴν
824 5330 997 5399 ἀρχὴν
1025 5330 1118 5382 τοῦ
1148 5331 1261 5401 βίου
1302 5334 1547 5406 πρώτους
1581 5337 1801 5389 δικαιω-

1904 5350 1957 5395 et
2010 5340 2176 5397 Josue
2224 5362 2288 5397 ac
2337 5345 2549 5413 judices
2585 5361 2601 5398 :
2644 5363 2783 5402 nona
2841 5349 2969 5402 hora
3029 5351 3274 5406 homines
3321 5362 3481 5406 astate

225 5414 459 5478 θέντας·
493 5416 775 5490 δευτέρους
799 5419 855 5472 δὲ
875 5421 1002 5483 τοὺς
1030 5422 1173 5491 ἀμφὶ
1201 5425 1290 5476 τὸν
1326 5424 1493 5496 Ἑνὼχ
1528 5429 1621 5480 καὶ
1653 5427 1797 5480 Νῶε·

1902 5434 2283 5502 prophetarum
2319 5454 2333 5490 :
2377 5439 2608 5505 denique
2661 5441 2943 5495 undecima
2973 5442 3106 5495 hora
3134 5442 3212 5495 illi
3235 5445 3326 5512 qui
3355 5455 3481 5513 post

293 5622 414 5696 (62)
458 5621 1113 5696 Symliolaintelliguntur
1145 5630 1441 5695 praesertim
1481 5647 1705 5695 cruces,
1743 5640 1804 5686 ut

222 5692 616 5777 passiinuloqui
663 5695 802 5752 solet
845 5692 1178 5766 Nicephorus
1225 5701 1276 5753 in
1315 5715 1477 5770 Opere
1531 5703 1636 5757 l’ro
1688 5692 1791 5758 SS.

223 5763 575 5837 imaginibus.

1976 5637 2087 5721 (65)
2126 5640 2368 5721 §equens
2408 5639 2771 5721 fragmentum
2796 5647 3063 5721 usquead
3098 5647 3395 5721 ἀνεφέρετο
3423 5649 3476 5704 iu

1902 5712 2088 5765 cadice
2114 5712 2156 5764 Δ
2186 5712 2380 5766 dicitur
2405 5712 2617 5768 Eusebii
2647 5715 2809 5770 simul
2834 5712 3190 5789 et'Origeuis.
