4124 6432
1448 239 1487 291 Φ

285 385 391 449 873

1433 372 1934 435 οοιιιιειητειιιλ
1972 371 2038 428 IN
2059 371 2315 430 LUCAM.

3406 357 3515 417 874

283 525 440 592 stay
461 493 663 580 είπών·
701 523 847 594 Ἐπί»
874 525 993 592 ειμι
1013 523 1048 578 δ
1074 520 1251 591 ἄρτος
1265 520 1377 589 τῆς
1409 519 1586 589 ζωῆς·
1619 519 1714 574 τοῦ
1737 519 1825 590 γάι

1949 515 2152 581 dicens,
2186 513 2295 584 Ego
2327 528 2442 567 sunt
2479 511 2632 578 panis
2648 509 2777 564 reita
2807 507 2870 560 “.
2914 505 3047 560 Nam
3080 519 3180 574 per
3221 503 3314 558 Del
3349 501 3513 559 Verbi

283 621 343 676 ιν
377 620 522 691 ἀρχῇ
565 618 700 690 πρὸς
733 616 864 670 Θεὸν
906 613 1042 668 Θεοῦ
1083 615 1256 684 Λόγου
1303 613 1601 684 μεταλήψει
1633 615 1782 666 πᾶσα
1809 614 1843 684 ιι

281 710 390 764 τῶν
414 709 588 778 ἀγίων
607 705 794 777 λογικὴ
821 704 979 774 φύσις
1011 703 1369 769 ζωοποιεῖται.
1397 704 1467 756 ’Δ
1496 703 1563 775 δὴ
1588 702 1734 757 δοκεῖ
1755 720 1845 772 μοι

281 801 348 854 δκ
391 799 668 871 προτέρων
717 796 1054 868 μαθημάτων
1106 793 1532 865 πεπαιδευμένος
1557 795 1587 848 ὁ
1616 811 1845 848 συνανα-

283 889 530 960 κείμενος
569 887 649 958 τῷ
692 887 866 958 Ἰησοῦ
888 887 1164 959 εἰρηκέναι
1182 902 1197 916 ·
1224 884 1526 954 Μακάριος
1547 883 1716 949 ὅστις
1740 881 1846 954 φά-

279 998 451 1052 τηεαι
484 980 666 1050 ἄρτον
685 981 757 1035 ἐν
790 979 1170 1050 τῇβασιλείᾳ
1200 979 1306 1032 τοῦ
1345 975 1527 1034 Θεοῦ]
1569 975 1703 1032 Ούδὶ
1733 976 1843 1048 γὰρ

278 1072 385 1126 τῶν
408 1071 677 1142 τυχόντων
699 1089 784 1136 τις
807 1067 875 1143 ἦν
903 1073 934 1126 ὁ
956 1070 1157 1140 ταύτην
1192 1069 1350 1138 ἀφεὶς
1372 1067 1471 1141 τήν
1501 1067 1701 1138 φωνὴν,
1726 1065 1842 1120 ἀλλ’

277 1162 353 1224 ὡς
375 1157 525 1232 οἶμαι
560 1161 668 1214 τῶν
699 1161 905 1232 σφόδρα
929 1159 1178 1231 μεγάλων
1217 1159 1312 1213 καὶ
1343 1159 1495 1232 παρά
1521 1157 1602 1229 τῷ
1630 1157 1841 1229 Σωτῆρι

276 1252 437 1321 τιμῆς
462 1251 794 1323 ἠξιωμένων.
826 1250 918 1305 Διὸ
943 1251 1041 1305 καὶ
1085 1249 1522 1304 συνανακλίνεται
1545 1247 1715 1319 αύτῷ,
1746 1249 1842 1302 καὶ

273 1345 386 1406 τοῖς
422 1342 586 1395 αὑτοῦ
606 1343 783 1410 λόγοις
810 1339 1044 1404 συνετῶς
1073 1341 1378 1413 προσεῖχεν,
1401 1340 1478 1403 ὡς
1508 1340 1600 1394 καὶ
1623 1338 1723 1409 τήν
1746 1338 1842 1408 βα-

275 1432 478 1486 σιλείαν
500 1433 608 1486 τῶν
618 1429 861 1503 οὐρανῶν
883 1431 957 1503 μὴ
987 1431 1216 1500 ἀγνοεῖν,
1242 1428 1526 1501 γνωρίζειν
1546 1429 1603 1483 δέ
1635 1429 1729 1482 καί
1748 1429 1840 1482 τὸν

272 1521 434 1592 ἄρτον
479 1523 580 1592 τῆς
623 1522 769 1591 ζωῆς
805 1518 897 1576 τὸν
935 1520 1225 1593 θρεπτικὸν
1265 1520 1374 1581 τῶν
1419 1520 1521 1590 τῆς
1564 1518 1840 1591 βασιλείας

272 1613 469 1679 ἀξίων·
498 1616 764 1686 τοσαύτην
797 1629 857 1668 τε
902 1613 1056 1682 ἀγειν
1101 1611 1441 1685 παρρησίαν,
1493 1613 1569 1675 ὡς
1614 1611 1707 1664 ἐπὶ
1743 1609 1838 1664 τοῦ

271 1697 517 1773 Σωτῆρος
541 1701 811 1758 ἀνακινεῖν
828 1699 1092 1774 δόγματα,
1119 1701 1212 1755 καὶ
1243 1699 1311 1754 δι’
1345 1700 1504 1754 αὑτὸν
1529 1700 1628 1768 τὴν
1658 1701 1837 1753 πᾶσαν

269 1793 562 1884 είρηκέναιῌ
594 1793 903 1865 παραϐολὴν
959 1793 1187 1864 Σωτῆρα
1227 1791 1546 1884 διδάσκοντα
1569 1829 1584 1851 .
1634 1791 1720 1884 τίς
1768 1790 1835 1844 ἀν
1863 1829 1905 1884 Β

1947 607 2001 662 in
2034 605 2299 674 principio
2327 603 2466 676 apud
2497 605 2662 657 Deum
2691 599 3002 654 exsistentis
3026 597 3511 668 participationem

1943 697 2193 753 universa
2245 705 2557 750 sanctorum
2606 691 2882 746 rationalis
2931 700 3124 744 natura
3170 685 3505 742 vivillcatur.

1942 790 2122 855 Atque
2185 786 2298 839 haec
2354 798 2484 838 sane
2545 782 2757 837 videtur
2811 780 2940 834 mihi
3003 795 3036 834 a
3072 777 3510 848 praecedentibus

1943 875 2207 930 doctrinis
2231 873 2455 927 edoctus
2500 871 2659 926 homo
2698 870 2808 934 ille,
2847 871 2938 939 qui
2972 883 3094 923 cum
3123 865 3249 922 Jesu
3274 868 3511 922 discum-

1940 965 2126 1026 bebat,
2164 964 2364 1017 dixisse
2395 980 2408 1016 :
2439 961 2638 1014 Beatus
2655 960 2744 1030 qui
2787 975 2972 1026 panem
3003 958 3232 1012 comedet
3267 957 3323 1010 in
3351 971 3510 1027 regno

1941 1054 2074 1110 Dei!
2137 1053 2319 1121 Neque
2368 1054 2513 1106 enim
2569 1050 2855 1120 gregarius
2907 1048 3086 1117 quivis
3140 1048 3280 1102 banc
3327 1045 3511 1100 emisit

1943 1157 2154 1205 vocem,
2185 1143 2277 1197 sed
2300 1153 2357 1196 ιιι
2386 1142 2620 1195 arbitror
2645 1137 2958 1208 principalis
3002 1137 3198 1204 aliquis
3243 1135 3384 1189 inter
3409 1149 3509 1190 eos

1943 1233 2033 1300 qui
2076 1246 2104 1284 a
2141 1231 2429 1284 Servatore
2481 1229 2728 1283 honorati
2776 1226 3015 1281 fuerant.
3067 1224 3247 1291 Quare
3292 1232 3506 1279 etcum

1942 1323 2031 1377 illo
2057 1322 2422 1384 recumbebat,
2447 1328 2501 1373 et
2521 1319 2639 1388 ejus
2660 1316 2999 1371 sermonibus
3017 1314 3308 1383 prudenter
3329 1313 3510 1366 admo-

1941 1414 2066 1466 dum
2101 1420 2332 1466 mentem
2389 1409 2734 1469 intendebat,
2764 1416 2822 1460 ut
2849 1406 2958 1472 jam
3003 1419 3104 1458 nec
3150 1418 3370 1474 regnum
3411 1401 3504 1456 Dei

1941 1503 2231 1572 ignoraret,
2286 1500 2396 1579 imo
2435 1509 2492 1556 et
2535 1499 2683 1552 illum
2735 1508 2919 1552 nosset
2974 1498 3094 1550 vita:
3145 1509 3361 1565 panem,
3411 1492 3505 1563 qui

1940 1609 2106 1662 regno
2135 1594 2325 1662 dignos
2351 1591 2559 1646 nutrit:
2589 1601 2847 1660 tantaque
2877 1588 3071 1642 ﬁducia
3092 1593 3233 1649 erat,
3264 1596 3322 1640 ut
3358 1583 3505 1654 apud

1938 1680 2111 1750 ipsum
2139 1679 2485 1734 Servatorem
2533 1678 2894 1747 dogmaticam
2942 1675 3295 1743 quia-stionem
3353 1687 3506 1728 com-

1940 1771 2166 1826 moverit
2197 1788 2212 1823 :
2244 1786 2412 1840 quare
2432 1780 2486 1826 et
2509 1770 2626 1840 ejus
2664 1770 2832 1839 gratia
2870 1778 3036 1822 totam
3064 1768 3322 1821 Servator
3348 1765 3507 1821 insti-

267 1857 475 1951 γένοιτο
505 1857 718 1947 οὖτος-ό
751 1857 965 1954 ἀληθῶς
1003 1857 1286 1955 μακάριος,
1315 1881 1373 1946 ὃς
1403 1881 1643 1953 φάγηται
1670 1882 1825 1953 ἄρτον

1937 1863 2039 1916 tuit
2088 1862 2422 1932 parabolam,
2481 1862 2704 1924 docens,
2753 1861 3000 1930 quisnam
3057 1869 3202 1915 esset
3251 1857 3338 1912 hic
3375 1871 3506 1912 vere

265 1975 326 2029 ὲν
356 1978 420 2046 τῇ
458 1975 703 2046 βασιλείᾳ
729 1975 824 2028 τοῦ
849 1973 1004 2028 Θεοῦ.

336 2065 572 2130 Πολλοὺς
605 2067 701 2137 μιν
719 2062 812 2120 οὖν
843 2063 1140 2136 κεκλῆσθαι
1167 2065 1314 2134 λέγει
1340 2065 1427 2118 διὰ
1458 2065 1556 2134 τῆς
1590 2063 1832 2136 παραδο-

263 2155 361 2228 λῆς
410 2157 504 2210 επὶ
528 2158 590 2210 τὺ
619 2158 764 2226 μέγα
788 2158 1022 2219 δεῖπνον,
1060 2159 1152 2210 καὶ
1189 2158 1279 2210 τὸν
1309 2158 1367 2210 ὲν
1394 2156 1567 2226 τούτῳ
1597 2155 1831 2226 δεδωρη-

265 2250 426 2320 μένον
449 2250 631 2320 ἄρτον,
664 2248 739 2320 μὴ
775 2250 880 2319 μὴν
913 2251 1037 2311 τοὺς
1064 2249 1271 2312 πάντας
1306 2251 1404 2318 τῆς
1442 2247 1661 2318 χάριτος
1709 2249 1830 2299 ἐπι-

261 2341 547 2410 τυγχάνειν
568 2357 580 2370 ·
614 2338 1031 2409 ἀποστερεῖσθαι
1067 2338 1176 2409 γὰρ
1216 2337 1385 2406 αὐτῆς
1418 2337 1524 2390 τῶν
1556 2335 1827 2406 κεκλημέ-

259 2447 366 2483 νων
396 2430 522 2494 τοὺς
555 2431 682 2502 περὶ
715 2430 899 2500 ἕτερον
944 2429 1381 2500 ἡσχολημένους·
1418 2429 1688 2500 περισπᾷν
1719 2427 1828 2497 γὰρ

260 2522 351 2575 καὶ
382 2521 641 2589 ἀφέλκειν
683 2516 784 2590 τῆς
827 2518 1069 2591 κλήσεως
1110 2521 1206 2583 τὰς
1232 2516 1327 2573 τοῦ
1373 2518 1488 2589 βίου
1542 2517 1827 2588 φροντίδας

257 2612 530 2668 διδάσκει·
579 2615 782 2676 ταύτας
831 2611 874 2666 δ’
930 2608 1067 2664 εἴναι
1109 2611 1492 2682 διαφόρους·ἢ
1542 2609 1650 2680 γὰρ
1698 2611 1826 2682 περὶ

257 2705 513 2776 χρήματα
554 2703 649 2756 καὶ
679 2703 882 2772 ἀγροὺς
925 2701 1310 2772 ἀσχολούμενοι
1357 2699 1530 2754 ταῦτα
1562 2701 1659 2770 τῆς
1691 2699 1824 2769 κλή-

258 2809 394 2857 σεως
421 2794 904 2863 προτετιμήκασιν,
934 2789 1009 2855 ὡς
1046 2790 1486 2863 παραιτήσασθαι
1526 2791 1614 2845 διά
1654 2789 1823 2843 ταῦτα

254 2882 353 2952 τὴν
381 2881 591 2951 κλῆσιν,
627 2882 661 2952 ἢ
698 2883 826 2952 περὶ
853 2881 952 2943 τὰς
975 2879 1068 2934 τοῦ
1102 2878 1217 2950 βίου
1251 2878 1631 2951 πραγματείας
1659 2897 1824 2932 κατα-

253 2972 580 3044 τριϐόμενοι,
609 2973 642 3042 ἢ
678 2970 860 3042 δεσμῷ
883 2971 1061 3042 γάμου
1094 2971 1189 3024 καὶ
1209 2970 1415 3024 παίδων
1444 2967 1823 3041 ἐμπεπλεγμέ-

253 3079 353 3119 νοι.
389 3061 424 3132 ἡ
443 3077 584 3113 τισιν
614 3059 794 3123 ἄλλοις
815 3058 1076 3123 τοιούτοις
1103 3058 1502 3130 φροντξσμασιν
1532 3057 1822 3128 ένησχολη-

1935 1953 2144 2021 beatits,
2173 1955 2263 2023 qui
2290 1968 2482 2021 panem
2512 1954 2762 2007 comedet
2796 1952 2848 2005 in
2889 1966 3056 2021 regno
3083 1952 3198 2006 Dei.

2002 2044 2198 2100 Multos
2232 2059 2364 2112 ergo
2390 2045 2444 2097 in
2487 2044 2740 2113 parabola
2770 2044 2846 2098 ait
2879 2045 2944 2097 ad
2982 2059 3231 2113 magnam
3285 2057 3499 2098 canam

1930 2145 2174 2198 vocatos,
2201 2145 2362 2204 atque
2394 2136 2459 2189 ad
2494 2148 2687 2205 panem
2727 2136 2777 2188 in
2814 2134 2914 2188 bac
2948 2135 3250 2204 appositum
3281 2151 3296 2197 ;
3333 2142 3498 2188 caete-

1932 2227 2081 2293 roqui
2106 2225 2242 2278 haud
2270 2240 2460 2279 omnes
2490 2227 2660 2296 gratia
2703 2226 2936 2295 potitos;
2965 2227 3066 2280 hac
3095 2226 3238 2279 enim
3262 2224 3502 2279 caruisse

1929 2323 2148 2367 vocatos
2205 2313 2342 2376 illos,
2376 2315 2465 2383 qui
2526 2314 2648 2370 aliis
2724 2317 2952 2384 negotiis
2999 2315 3220 2370 distenti
3259 2313 3499 2378 fuerunt.

1930 2407 2236 2461 mttltil'ariis
2257 2406 2495 2473 scilicet;
2533 2423 2654 2462 nam
2685 2408 2770 2462 vel
2821 2407 3044 2475 pecunia
3092 2407 3351 2477 agrisque
3401 2421 3500 2462 oc-

1926 2498 2125 2568 cupati,
2156 2499 2424 2554 vocatioui
2457 2513 2588 2566 opes
2621 2498 2998 2565 pr:etuleruut,
3032 2499 3144 2551 imo
3170 2497 3305 2552 adeo
3333 2512 3499 2552 voca-

1931 2589 2128 2643 tionem
2183 2604 2293 2658 pra:
2340 2589 2425 2645 his
2469 2591 2746 2658 deprecati
2787 2601 2947 2656 sunt;
3002 2590 3086 2646 vel
3117 2592 3238 2645 vitae
3267 2591 3500 2661 negotiis

1927 2679 2119 2748 pressi,
2148 2679 2231 2732 vel
2270 2681 2585 2749 nuptiarum
2641 2681 2915 2750 prolisque
2956 2681 3184 2735 vinculis
3231 2682 3495 2750 impediti,
3583 2756 3586 2759 η

1924 2770 2006 2824 vel
2034 2769 2155 2824 aliis
2183 2771 2417 2840 denique
2447 2772 2497 2825 id
2529 2787 2700 2842 genus
2754 2773 2901 2827 curis
2950 2773 3168 2827 irretiti.
3214 2774 3389 2841 Atque
3441 2774 3496 2828 in

1926 2858 2026 2912 ltos
2055 2859 2158 2912 lata
2192 2860 2462 2915 sententia
2497 2862 2642 2917 hisce
2667 2862 2846 2917 verbis
2871 2873 2995 2917 est:
3033 2863 3160 2918 Dico
3183 2865 3359 2929 vobis,
3396 2880 3496 2921 e-

1925 2951 2119 3004 miuem
2149 2951 2361 3004 illorum
2399 2953 2666 3017 virorum,
2707 2953 2824 3021 qui,
2866 2968 2988 3006 cum
3020 2955 3197 3008 vocati
3239 2953 3496 3021 fuissent,

1924 3040 2048 3094 vine
2070 3041 2451 3108 occupationes
2481 3053 2898 3107 excusaverunt,
2925 3057 3134 3098 canam
3185 3061 3359 3100 meam
3397 3060 3498 3117 gu-

256 3130 428 3221 pévot.
478 3150 637 3204 Ἀλλά
670 3150 797 3221 περὶ
827 3150 925 3220 μὲν
946 3148 1151 3202 τούτων
1173 3150 1446 3218 ἀπόφασις
1475 3148 1819 3219 ἐξενήνεκται

1926 3141 2209 3186 staturum.
2247 3130 2416 3186 Porro
2447 3132 2581 3187 alios
2619 3149 2681 3188 ea
2708 3133 2966 3190 l‘ruituros
2999 3139 3076 3189 ait
3122 3137 3281 3192 rebus
3309 3138 3498 3206 hujus-

249 3240 481 3309 λέγουσα
501 3259 513 3271 ·
547 3241 704 3308 Λέγω
757 3242 912 3310 ὑμῖν,
951 3241 1031 3293 ὅτι
1077 3241 1248 3303 οθδεὶς
1295 3240 1402 3293 τῶν
1439 3240 1646 3311 ἀνδρῶν
1683 3241 1820 3294 ὲκεί-

253 3347 361 3383 νων
397 3331 507 3383 τῶν
545 3331 933 3402 κεκλημένων,
973 3332 1067 3385 καὶ
1103 3331 1191 3384 διὰ
1229 3332 1326 3394 τὰς
1367 3332 1620 3402 βιωτικάς
1662 3335 1822 3403 ἀσχο-

250 3421 372 3486 λίας
422 3423 918 3493 παραιτησαμένων
973 3423 1226 3492 γεύσεταί
1287 3441 1386 3494 μου
1439 3424 1531 3477 τοῦ
1571 3425 1816 3478 δείπνου·

251 3511 471 3583 ἑτέρους
508 3511 564 3566 δὲ
600 3513 713 3566 ἀντ’
742 3512 921 3567 αὐτῶν
964 3513 1362 3568 ἀπολαύσεσθαι
1410 3515 1506 3568 τοῦ
1551 3516 1818 3586 μακαρίου

248 3600 465 3655 δείπνου
495 3603 650 3672 φησὶ,
666 3602 791 3666 τοὺς
819 3601 895 3673 μὴ
923 3603 1181 3667 τοιούτοις
1211 3604 1322 3656 τισὶ
1344 3605 1816 3676 προσδεδεμένους,

250 3693 498 3763 πτωχούς
519 3710 673 3757 τινας
707 3695 800 3747 καὶ
827 3695 1163 3766 ἀναπήρους.
1193 3695 1435 3748 Τοιοῦτοι
1459 3696 1514 3750 δὲ
1541 3692 1682 3767 ἦσαν
1714 3683 1818 3751 πά-

246 3786 334 3839 λαι
377 3784 882 3856 είδωλολατροῦντες
921 3788 968 3838 οί
1001 3787 1058 3853 ἐξ
1091 3787 1260 3840 ἐθνῶν
1290 3787 1394 3840 ὑπὸ
1426 3788 1694 3859 δαιμόνων
1723 3807 1819 3843 πο-

246 3875 428 3944 νηρῶν
461 3875 558 3938 τὰς
602 3873 776 3946 ψυχάς
815 3874 1212 3946 λελωϐημένον
1259 3877 1353 3940 οὓς
1409 3877 1712 3941 ἀκολούθως
1748 3882 1815 3950 τῇ

247 3966 551 4038 ἐπαγγελίᾳ
591 3967 1020 4038 προσδεξάμενος
1070 3971 1098 4021 ὁ
1148 3969 1442 4040 ἑστιάτωρ,
1492 3972 1670 4024 πᾶσαν
1715 3971 1815 4039 τὴν

247 4059 402 4112 νόσον
429 4058 538 4111 τῶν
569 4057 753 4130 ψυχῶν
779 4059 975 4122 αὐτῶν,
1009 4059 1102 4114 καὶ
1134 4061 1402 4131 μαλακίαν
1441 4063 1621 4116 πᾶσαν
1664 4063 1816 4116 ίααά-

249 4154 430 4219 μενος,
479 4149 666 4203 ἔπειτα
714 4149 815 4219 τῆς
855 4150 1060 4214 οίκείας
1108 4153 1291 4214 αὐτοῖς
1339 4152 1636 4222 μεταδώσει
1683 4169 1815 4222 τρα-

247 4237 456 4308 πέζης·
489 4237 616 4291 ὥστ’
651 4241 825 4292 είπεῖν
868 4239 1096 4302 αύτούς·
1155 4242 1515 4309 ’Πτοίμασας
1556 4240 1814 4294 ἐνώπιόν

239 4345 360 4398 μου
391 4328 680 4397 τράπεζαν
701 4329 770 4394 ἐξ
803 4331 1081 4396 ἐναντίας
1107 4331 1224 4384 τῶν
1250 4332 1573 4385 θλιϐόντων
1589 4349 1692 4400 με·
1714 4333 1812 4384 καὶ

1930 3221 2071 3276 modi
2111 3223 2332 3278 minime
2360 3225 2647 3288 obnoxios,
2680 3242 2876 3296 nempe
2927 3229 3199 3282 tenuiores
3230 3231 3491 3298 quosdam

1923 3326 1977 3368 et
2008 3315 2262 3369 membris
2308 3317 2544 3370 mutilos.
2601 3318 2775 3371 Erant
2829 3328 3006 3373 autem
3045 3319 3095 3373 lti
3152 3319 3318 3375 dediti
3364 3321 3490 3376 olim

1924 3405 2080 3459 idolis
2122 3406 2343 3469 etbnici,
2395 3423 2623 3475 quorum
2694 3410 2906 3464 animas
2957 3410 3173 3464 scelesti
3223 3410 3496 3468 daemones

1921 3503 2080 3550 mane
2130 3496 2524 3553 mulctaverant
2572 3518 2584 3553 :
2625 3516 2759 3570 quos
2790 3503 3021 3556 convivii
3056 3513 3247 3557 auctor
3276 3520 3373 3574 pro
3395 3520 3492 3560 sua

1921 3589 2325 3644 denuntiatione
2390 3600 2685 3659 exceptos,
2755 3594 2900 3647 omni
2961 3596 3126 3650 animi
3184 3599 3373 3653 morbo
3429 3613 3494 3652 ae

1918 3677 2178 3748 languore
2203 3680 2494 3748 expedivit.
2529 3681 2728 3737 Deinde
2753 3698 2882 3739 vero
2916 3700 3115 3742 mensze
3145 3702 3358 3758 quoque
3389 3690 3455 3743 ad
3467 3719 3487 3730 -

1919 3769 2144 3834 hibebit,
2186 3769 2260 3824 ita
2315 3780 2372 3825 ut
2417 3771 2491 3826 illi
2541 3773 2748 3829 dicturi
2777 3776 2917 3829 sint:
2959 3775 3174 3832 Parasti
3202 3796 3378 3833 coram
3409 3797 3493 3836 nte

1917 3875 2150 3914 mensam
2207 3865 2455 3916 adversus
2487 3879 2573 3917 eos
2601 3867 2692 3932 qui
2725 3865 2976 3920 tribulam
3009 3885 3088 3922 me
3127 3869 3192 3923 ".
3231 3869 3366 3924 Tum
3395 3887 3491 3942 pa-

1917 3963 2041 4003 nem
2093 3950 2198 4003 illis
2247 3962 2408 4021 atque
2454 3952 2765 4008 alimoniam
2825 3955 3119 4024 spiritalem
3186 3960 3488 4030 pmbebit:

1915 4050 2080 4110 atque
2111 4040 2251 4094 hinc
2286 4042 2457 4096 solido
2495 4043 2609 4111 jam
2644 4044 2767 4098 cibo
2795 4047 3065 4114 impertiet
3097 4064 3212 4116 eos,
3248 4062 3303 4106 et
3329 4053 3490 4109 intel-

1915 4129 2121 4184 lectuali
2162 4131 2493 4187 exltilarabit
2543 4135 2691 4188 vino.
2735 4137 2916 4202 Quare
2973 4141 3189 4196 dicent:
3240 4143 3307 4196 Et
3342 4143 3491 4200 cali:

1916 4234 2036 4278 tuus
2085 4228 2346 4280 inebrians
2385 4242 2540 4296 quam
2597 4230 2887 4293 praclarus
2917 4241 2996 4286 est
3021 4233 3099 4286 "l
3152 4235 3329 4306 Atque
3372 4238 3487 4294 lmc

1915 4317 2095 4369 omnia
2127 4315 2268 4372 Deus
2299 4319 2628 4386 suppeditat,
2658 4319 2781 4371 dunt
2814 4323 2943 4390 ipsis
2974 4323 3277 4379 cmlestium
3315 4328 3488 4381 bono-

244 4419 407 4492 ἄρτον
436 4422 616 4484 αὐτοῖς
649 4423 871 4492 παρέξει
904 4423 997 4476 καὶ
1032 4423 1253 4492 λογικὴν
1292 4424 1529 4492 τροφήν·
1561 4421 1810 4476 ἐντεῦθεν

1926 4422 2032 4459 rum
2061 4407 2253 4460 arrltas
2280 4407 2331 4460 in
2365 4409 2520 4475 hujus
2538 4411 2659 4462 vice
2689 4413 3002 4466 muneribus
3022 4414 3302 4485 elargitur.
3337 4415 3489 4473 Licet

243 4509 344 4580 ήδη
379 4512 602 4582 στερεᾶς
648 4509 900 4582 βρώσεως
949 4512 1258 4582 μεταδιδούς
1305 4514 1506 4576 αὐτοῖς,
1551 4515 1647 4566 καὶ
1679 4513 1810 4582 οἴνῳ

1926 4511 2125 4566 quoque
2177 4499 2473 4551 secundum
2527 4499 2686 4552 aliam
2731 4501 3231 4569 interpretationem
3278 4507 3483 4572 dicere,

241 4597 298 4651 δὲ
326 4598 520 4660 αὐτοὺς
552 4599 808 4670 εὐφρανεῖ
829 4599 1027 4670 λογικῷ
1048 4618 1061 4630 ·
1093 4590 1220 4654 ὥστ’
1252 4601 1317 4654 ἂν
1346 4603 1516 4653 εἰπεῖν
1545 4619 1558 4633 ·
1601 4601 1710 4655 Καὶ
1745 4603 1811 4656 τὸ

242 4687 527 4757 ποτήριόν
544 4706 658 4744 σου
667 4693 973 4759 μεθύσκον
985 4708 1060 4760 με
1088 4692 1227 4745 ὡσεί
1252 4690 1600 4760 κράτιστον]
1629 4691 1810 4744 Ταῦτα

240 4779 295 4834 δὲ
328 4781 505 4848 πάντα
549 4783 804 4851 παρέχει,
855 4784 981 4844 τοὺς
1020 4783 1340 4855 ἀρραϐῶνας
1391 4783 1499 4836 τῶν
1546 4784 1810 4854 οὐρανίων

241 4870 461 4938 ἀγαθῶν
485 4869 572 4923 διὰ
604 4871 709 4924 τῶν
739 4871 880 4926 κατά
915 4872 1006 4925 τὸν
1046 4871 1288 4945 παρόντα
1321 4873 1430 4943 βίον
1456 4877 1808 4945 χαρισμάτων

242 4963 422 5024 αὐτοῖς
462 4961 815 5032 δωρούμενος.
868 4965 1098 5018 Δυνατδν
1135 4965 1311 5017 δὲκαὶ
1348 4964 1466 5017 καθ’
1493 4965 1683 5037 ἑτέραν
1717 4967 1808 5018 ὲκ-

240 5051 399 5121 δοχὴν
434 5054 625 5115 είπεῖν,
657 5053 737 5104 ὅτι
769 5055 817 5105 οἱ
851 5053 1056 5122 πρῶτοι
1088 5056 1186 5125 τῆς
1218 5055 1461 5123 κλήσεως
1489 5056 1802 5124 ⁴ίγξιωμένοι,

239 5133 383 5191 οὗτοι
424 5137 470 5190 δ’
504 5133 641 5206 ἦσαν
681 5139 730 5190 oi
769 5141 832 5190 ἐκ
878 5139 978 5207 τῆς
1025 5143 1345 5212 περιτομῆς,
1401 5143 1666 5212 προφάσει
1707 5143 1804 5212 τῆς

240 5230 368 5301 περὶ
400 5231 461 5282 τὸ
502 5234 747 5300 κρεῖττον
776 5231 1030 5301 ἀσχολίας
1071 5235 1168 5303 τὴν
1200 5234 1390 5303 κλῆσιν
1433 5235 1692 5305 ὕϐρισαν·
1729 5236 1803 5299 ὡς

239 5319 346 5390 γὰρ
389 5318 601 5388 ἔχοντες
633 5321 836 5389 ἀγροὺς
873 5320 943 5372 τὰ
987 5325 1112 5393 παρ’
1144 5324 1325 5386 αὐτοῖς
1370 5323 1799 5393 ἀναγνιτλσματα,

239 5409 331 5464 καὶ
363 5409 439 5472 ὡς
479 5410 602 5479 βόας
651 5413 924 5482 ἀροτῆρας
970 5416 1292 5485 κεκτημένοι
1334 5418 1458 5478 τοὺς
1497 5419 1798 5485 προφήτας,

1919 4588 2120 4656 primos
2172 4589 2450 4644 vocatione
2499 4592 2783 4661 dignanter
2831 4595 3056 4650 donatos
3096 4596 3262 4652 fuisse
3299 4599 3486 4668 quide

1917 4678 2324 4734 circumcisione
2349 4691 2545 4744 erant;
2574 4695 2758 4734 verum
2796 4684 2847 4736 Ιιὶ
2883 4683 3009 4738 dum
3049 4688 3364 4743 melioribus
3391 4707 3484 4746 oo-

1915 4777 2137 4835 cnpatos
2161 4783 2218 4820 se
2247 4767 2518 4835 dictitant,
2557 4771 2891 4826 vocationem
2927 4779 3253 4832 contumelia
3288 4779 3478 4836 aﬂece-

1913 4866 2076 4913 runt:
2110 4859 2474 4929 liabentesque
2504 4863 2669 4916 veluti
2691 4878 2852 4933 agros
2879 4868 3020 4934 apud
3052 4883 3110 4922 se
3143 4869 3475 4939 Scripturas,

1913 4960 2157 5005 aratores
2209 4951 2370 5007 boves
2420 4956 2729 5022 prophetas,
2770 4957 3152 5026 sapientiaque
3206 4963 3479 5028 convictu,

1914 5041 2095 5094 uxoris
2132 5042 2324 5109 instar,
2371 5053 2602 5108 utentes,
2645 5049 3008 5118 evangelicatn
3044 5051 3275 5119 gratiam
3318 5051 3472 5109 ﬂocci

1911 5132 2174 5187 fecerunt.
2212 5135 2313 5202 Qui
2347 5153 2474 5191 vert-
2508 5149 2629 5205 post
2662 5139 2779 5194 illos
2808 5155 2874 5194 ex
2914 5140 3236 5211 alienigenis
3263 5145 3476 5214 populis

1911 5230 2084 5283 vocati
2122 5230 2357 5296 fuerunt,
2391 5243 2568 5288 mente
2601 5243 2756 5288 antea
2792 5235 2940 5289 surdi
2987 5236 3246 5306 caecique,
3273 5239 3468 5292 alacri-

1911 5329 1994 5374 tcr
2056 5321 2428 5379 obaudierunt.
2492 5324 2670 5392 Quare
2719 5337 2774 5382 et
2835 5326 3218 5383 beatitudinem
3269 5343 3463 5385 conse-

1907 5423 2156 5480 quentur.

238 5502 329 5553 καὶ
363 5499 439 5563 ὡς
479 5500 546 5554 ἂν
582 5503 743 5570 σοφίᾳ
775 5505 878 5555 τινὶ
911 5497 999 5555 οἵα
1029 5506 1244 5571 γυναικὶ
1280 5505 1648 5575 συμϐιοῦντες,
1693 5503 1787 5574 τὴν
1838 5501 2194 5576 εύαγγελικὴν
2229 5507 2576 5579 ἐξηυτέλισαν
2619 5511 2807 5582 χάριν·
2857 5513 2906 5563 oi
2949 5510 3005 5565 δὲ
3057 5512 3174 5580 μετ’
3231 5509 3474 5578 ἐκείνους

307 5693 347 5723 ’⁸
380 5691 537 5748 Joau.
571 5708 645 5760 τι,
669 5691 759 5748 53.
840 5695 877 5724 ’⁷
909 5692 1044 5749 l‘sal.
1072 5712 1206 5766 xm,
1239 5699 1289 5753 5.
1370 5699 1408 5730 ⁸⁸
1436 5700 1562 5756 ibid.
