4124 6426
299 429 398 483 577

1458 424 1963 482 COMMENTARIA
1982 477 1984 481 ,
2002 423 2071 478 IN
2108 421 2369 478 LUCAM.

2655 38 2688 44 __
2722 24 2868 40 -ητ-ῑμ
2853 23 3276 38 ~V.-..__-._._—__..._

3435 421 3541 478 578

295 543 632 617 νακειμένων
655 563 741 609 τις
770 545 846 615 τῷ
867 545 1078 616 Σωτῆρι
1105 545 1161 597 ὲν
1184 545 1252 613 τῇ
1281 541 1376 595 τοῦ
1399 541 1694 614 Φαρισαίου
1720 541 1865 611 οἰκία

1969 552 2094 592 nem
2116 535 2550 592 manducandum
2591 534 2644 589 in
2695 548 2866 606 regno
2907 532 3000 588 Dei
3045 532 3332 603 dignanter
3376 533 3541 589 fuerit

293 637 389 691 καὶ
431 637 895 708 συνεστιωμένων,
937 637 1002 690 ἑκ
1041 635 1149 688 τῶν
1194 634 1356 688 αὑτοῦ
1398 634 1576 702 λόγων
1605 632 1866 704 κινηθεὶς,

295 727 592 799 μακαρίζει
622 728 711 781 τὸν
744 726 1282 797 καταξιωθησόμενον
1313 729 1504 794 φαγεῖν
1525 726 1686 796 ἀρτον
1716 727 1774 777 ὲν
1801 727 1868 795 τῇ

295 818 545 890 βασιλείᾳ
582 819 677 872 τοῦ
726 818 879 871 Θεοῦ.
917 814 1081 888 Οἶμαι
1121 817 1164 870 δ’
1207 817 1368 869 αὑτὸν
1402 815 1558 869 τοῦτο
1592 816 1870 886 εἰρηκέναι

292 906 380 960 διὰ
420 908 484 961 τὸ
529 909 692 976 φάναι
708 908 799 960 τὸν
820 908 1046 979 Σωτῆρα
1077 907 1154 977 τῷ
1183 907 1469 977 κεκληκότι
1504 908 1868 975 αὑτόν-Ὅταν

294 1003 453 1070 ποιῇς
501 1000 740 1071 ἄριστον,
777 1000 848 1071 μή
879 1000 1162 1064 πλουσίους
1207 999 1381 1064 κάλει,
1419 999 1555 1052 ἀλλά
1598 1001 1865 1069 πτωχοὺς,

296 1093 387 1146 καὶ
446 1094 714 1163 μακάριος
764 1092 881 1163 ἔσῃ.
924 1093 1068 1164 Πρὸς
1116 1090 1303 1144 τοῦτον
1353 1088 1444 1146 οὖν
1499 1108 1694 1162 φησιν·
1740 1094 1870 1145 Ἀν-

296 1186 523 1254 θρωπός
562 1201 654 1250 τις
678 1184 927 1250 ἐποιήσε
945 1184 1190 1238 δεῖπνον
1207 1183 1380 1252 μέγα,
1414 1185 1509 1237 καὶ
1541 1185 1609 1237 τά
1635 1183 1780 1253 ἑξῆς.

427 1274 715 1342 Ἤρξαντο
744 1274 863 1328 ἀπὸ
887 1271 1031 1343 μιᾶς
1054 1274 1461 1342 παραιτεῖσθαι
1490 1274 1731 1339 πάντες.

382 1363 489 1417 Eni
529 1363 592 1416 τὸ
619 1364 833 1433 λογικὸν
877 1362 1174 1433 συμπόσιον
1203 1365 1301 1417 οὐκ
1341 1364 1676 1434 ἀπήντησαν,
1711 1363 1868 1432 φιλή-

294 1455 432 1508 δονοι
467 1455 664 1524 μᾶλλον
707 1454 855 1515 ὄντες
901 1453 935 1523 ή
977 1453 1232 1522 φιλόθεοι,
1267 1453 1490 1521 καὶτῆς
1529 1452 1660 1521 ὕλης
1693 1453 1722 1522 ἢ
1775 1450 1867 1504 τοῦ

294 1544 450 1598 Θεοῦο
483 1544 788 1616 φιληδονίας
820 1545 917 1614 μὲν
945 1543 1053 1615 γάρ
1083 1544 1279 1613 δεῖγμα
1302 1546 1460 1615 γυνή’
1495 1545 1662 1616 ἀγρὸς
1685 1545 1740 1598 δὲ
1776 1545 1870 1597 καὶ

295 1631 458 1702 ζεύγη
491 1634 591 1703 τῆς
623 1632 1112 1703 φιλοχρημοσύνης.
1149 1633 1382 1696 Πολλοὺς
1417 1634 1516 1703 μὲν
1549 1630 1640 1687 οὖν
1669 1634 1869 1703 κεκλῆ-

296 1723 417 1777 σθαί
439 1741 571 1792 φησι
601 1725 691 1775 ἐπὶ
704 1724 765 1776 τὸ
792 1725 932 1793 μέγα
961 1724 1170 1777 δεῖπνον
1193 1725 1285 1778 καὶ
1306 1721 1365 1776 τὸ
1389 1725 1509 1777 καθ’
1534 1725 1662 1796 ὅλης
1683 1725 1778 1795 τῆς
1793 1728 1871 1780 oi-

295 1815 566 1885 κουμένης
583 1814 794 1881 λογικὸν
817 1816 1114 1885 συμπόσιον
1128 1815 1236 1868 τῶν
1258 1815 1418 1887 ιερῶν
1438 1818 1528 1868 καὶ
1547 1816 1702 1869 θείων
1727 1817 1868 1886 Γρα-

1970 628 2255 681 admissus.
2318 624 2455 680 Puto
2509 633 2689 678 autem
2753 624 2853 678 hoc
2909 621 3112 674 dictum
3171 619 3359 686 fuisse,
3413 619 3541 689 quia

1971 723 2230 778 Servator
2260 720 2510 776 invitanti
2530 735 2589 774 se
2613 720 2826 773 dixerat
2854 736 2865 770 :
2895 717 3028 771 Cum
3076 715 3365 786 prandium
3396 715 3542 771 fece-

1970 815 2068 877 ris.
2096 814 2200 866 noli
2229 813 2424 866 divites
2451 824 2672 873 vocare.
2698 809 2794 864 sed
2816 823 3100 876 pauperes.
3133 818 3190 861 ut
3226 808 3418 862 beatus
3441 808 3539 862 sis.

1971 903 2107 959 Huic
2131 920 2262 974 ergo
2291 903 2622 973 respondens
2649 901 2726 954 ait
2763 915 2778 952 :
2832 897 3005 952 Ηοηιο
3030 900 3247 969 quidam
3271 898 3396 970 fecit
3429 913 3540 954 ca-

1969 1012 2092 1050 nam
2126 1011 2392 1065 magnam,
2421 1002 2478 1048 et
2502 990 2729 1061 reliqua.

2221 1259 2270 1291 "
2305 1258 2582 1328 Coeperunt
2611 1257 2772 1312 simul
2791 1273 2971 1312 omnes
3019 1274 3291 1312 excusare.

2040 1349 2121 1404 Ad
2170 1349 2439 1404 rationale
2466 1349 2774 1404 convivium
2809 1365 2912 1404 non
2951 1360 3235 1415 venerunt,
3270 1352 3395 1419 quia
3444 1366 3539 1407 vo-

1969 1443 2232 1511 luptatum
2280 1442 2457 1509 potius
2486 1451 2646 1508 atque
2673 1443 2912 1496 materia
2937 1457 3098 1511 quam
3139 1442 3232 1510 Dei
3264 1452 3542 1498 amatores

1968 1545 2144 1590 erant.
2179 1533 2314 1588 Nam
2347 1534 2642 1603 voluptatis
2670 1543 3050 1600 argumentum
3079 1549 3254 1598 uxor;
3285 1549 3416 1604 ager
3442 1548 3542 1587 au-

1972 1636 2079 1678 tem
2109 1641 2169 1678 ac
2199 1625 2386 1688 boves,
2419 1625 2681 1682 avaritias.
2714 1623 2909 1678 Multos
2953 1625 3134 1694 itaque
3163 1635 3382 1679 vocatos
3408 1625 3543 1681 dicit

1970 1717 2036 1769 ad
2095 1731 2344 1783 magnam
2404 1729 2638 1774 cmuam,
2687 1724 2742 1768 et
2791 1714 3053 1768 rationale
3098 1731 3195 1784 per
3226 1718 3538 1772 universum

1969 1804 2152 1856 orbem
2172 1803 2478 1857 convivium
2502 1817 2782 1855 sacrarum
2813 1817 2876 1855 ac
2900 1804 3208 1857 divinarum
3237 1804 3544 1874 Scriptura-

296 1904 431 1972 φῶν,
468 1906 541 1974 μὴ
585 1905 690 1975 μὴν
716 1906 842 1968 τοὺς
868 1907 1072 1970 πάντας
1096 1907 1195 1976 τῆς
1221 1907 1440 1976 χάριτος
1466 1907 1864 1978 ἐπιτυγχάνεινο

1969 1910 2111 1956 rum.
2157 1909 2261 1947 non
2318 1904 2496 1946 tamen
2542 1907 2729 1946 omnes
2767 1894 2941 1960 gratia
2989 1895 3175 1964 potiri,
3205 1911 3311 1965 qua
3363 1896 3540 1950 vocati

294 1996 712 2067 ἀποστερεῖσθαι
738 1999 845 2069 γὰρ
875 1999 1043 2067 αὐτῆς
1073 1998 1180 2051 τῶν
1207 1998 1555 2070 κεκλημένων
1586 2000 1709 2061 τοὺς
1743 1998 1868 2068 περὶ

293 2084 457 2157 ιτερα
483 2087 904 2157 ήσχολημένους.
935 2088 1215 2159 Περισπᾷν
1241 2087 1347 2160 γάρ
1379 2089 1472 2141 καὶ
1492 2087 1743 2156 ἀφέλκειν
1771 2088 1869 2156 τῆς

294 2174 539 2246 κλήσεως
569 2176 666 2240 τάς
713 2176 808 2230 τοῦ
852 2176 966 2246 βίου
1013 2176 1296 2248 φροντίδας
1341 2177 1612 2230 διδάσκει·
1667 2175 1869 2239 ταύτας

292 2266 337 2320 δ’
357 2262 496 2320 εἶναι
515 2268 819 2338 διαφόρους·
842 2269 876 2338 ή
903 2267 1010 2340 γὰρ
1034 2271 1162 2340 περὶ
1180 2268 1250 2322 τά
1275 2271 1528 2339 κτήματα
1551 2269 1643 2321 καὶ
1667 2267 1869 2338 ἀγροὺς

293 2357 697 2428 ἀσχολούμενοι,
741 2357 912 2411 ταῦτα
943 2359 1041 2429 τῆς
1092 2358 1336 2430 κλήσεως
1382 2359 1868 2430 τυροτετιμήκασιν,

292 2448 369 2511 ὼς
397 2448 834 2519 παραιτήσασθαι
859 2448 1128 2519 τολμῆσαι
1155 2449 1242 2504 διά
1265 2447 1437 2502 ταῦτα
1467 2449 1564 2520 τὴν
1591 2442 1802 2518 κλῆσινλ
1833 2450 1866 2521 ή

292 2539 422 2610 περὶ
466 2540 567 2601 τάς
596 2539 688 2592 τοῦ
731 2539 842 2610 βίου
889 2540 1271 2611 πραγματείας
1321 2540 1765 2612 ωτατριῦόμενοι
1790 2543 1867 2613 ’ἢ

289 2625 474 2698 δεσμῷ
517 2628 711 2698 γάμων
751 2628 846 2681 καὶ
895 2628 1099 2682 παίδων
1145 2628 1600 2700 ἐμπεπλεγμένοι·
1649 2630 1682 2700 ή
1730 2647 1870 2682 τισιν

291 2717 471 2782 ἀλλοις
516 2718 776 2783 τοιούτοις
823 2720 1214 2791 φροντίσμασιν
1243 2719 1621 2790 ήσχολήμένοι.
1685 2719 1870 2773 Ταῦτα

290 2809 399 2880 γὰρ
432 2811 526 2863 καὶ
554 2810 778 2864 τοιαῦτα
809 2810 1036 2878 ὶπάγειν
1069 2811 1164 2864 καὶ
1209 2810 1513 2881 περιέλκειν
1544 2809 1702 2863 εἴωθε
1744 2811 1870 2874 τοὺς

289 2899 376 2954 διὰ
419 2900 594 2967 ταῦτα
622 2901 720 2970 τὴν
761 2901 920 2970 χάριν
966 2901 1346 2970 παραιτεῖσθαι
1391 2901 1726 2970 τολμῶντας,
1778 2902 1870 2953 καὶ

289 2989 381 3042 τὸν
406 2988 667 3060 κλήτορα,
697 2991 788 3042 καὶ
812 2989 872 3044 τὸ
899 2991 998 3056 τῆς
1029 2990 1222 3060 καινῆς
1255 2990 1517 3060 διαθήκης
1547 2992 1877 3060 συμπόσιον,-

291 3081 382 3133 κα“ι
405 3081 506 3148 τὴν
533 3079 755 3150 λογικήν
781 3082 1005 3152 τροφήνσ
1035 3073 1107 3133 ὧν
1133 3082 1387 3134 ἁπάντων
1415 3081 1713 3152 ἐστέρησαν
1744 3083 1870 3134 ἑαυ-

289 3172 434 3232 τοὺς,
468 3171 612 3223 κατά
646 3170 742 3240 μὲν
774 3171 876 3241 τήν
907 3169 1256 3224 ἀποδοθεῖσαν
1291 3172 1606 3242 ἑρμηνείαν,
1651 3173 1699 3225 οἱ
1731 3189 1864 3243 προ-

1972 1987 2252 2055 privantur
2305 1987 2431 2054 quia
2478 1984 2639 2038 rebus
2682 1983 2802 2036 aliis
2843 1999 3028 2038 curam
3072 1986 3409 2053 impendunt.
3449 1985 3544 2040 Et-

1978 2076 2122 2130 enim
2153 2077 2458 2129 distrahere
2494 2086 2658 2143 atque
2687 2085 2935 2130 avertere
2964 2091 2992 2128 a
3025 2077 3312 2133 vocatione
3341 2076 3543 2132 sollici-

1971 2167 2184 2220 tudines
2246 2167 2427 2220 mundi
2479 2167 2664 2227 docet,
2715 2181 2834 2235 quae
2878 2167 3042 2221 varia:
3083 2177 3252 2222 Sunt:
3307 2183 3431 2223 nam
3459 2166 3544 2222 vel

1973 2258 2411 2326 possessionibus
2462 2258 2718 2326 agrisque
2767 2257 2983 2319 intenti.
3030 2273 3125 2313 eas
3155 2274 3241 2313 res
3267 2259 3544 2316 vocationi

1970 2349 2320 2413 anteferunt;
2358 2351 2429 2403 ita
2465 2360 2523 2403 ιιι
2567 2365 2836 2405 excusare
2883 2366 2941 2405 se
2992 2354 3168 2407 vocati
3207 2354 3412 2408 idcirco
3449 2341 3547 2407 au-

1973 2441 2156 2494 deant.
2192 2441 2283 2496 Vel
2321 2443 2446 2498 vita:
2503 2446 2735 2509 negotiis
2765 2455 3093 2508 atteruntur,
3118 2445 3200 2499 vel
3233 2447 3544 2514 nuptiarum

1971 2547 2033 2587 ac
2061 2533 2354 2586 liberorum
2389 2535 2619 2590 vinculis
2659 2537 3030 2605 implicantur.
3067 2538 3148 2592 vel
3201 2539 3326 2592 aliis
3365 2536 3548 2605 hujuan

1973 2623 2116 2676 modi
2149 2623 2297 2676 curis
2340 2623 2506 2677 dediti
2530 2636 2677 2679 sunt.
2707 2627 2828 2680 llzcc
2845 2627 2988 2680 enim
3020 2638 3072 2681 et
3103 2627 3206 2680 alia
3238 2625 3546 2696 huiusmodi

1971 2713 2244 2767 abducere
2273 2728 2334 2768 ac
2361 2715 2668 2770 distrahere
2713 2717 2890 2772 solent
2937 2733 3031 2774 eos
3057 2721 3150 2788 qui
3192 2721 3422 2788 gratiam
3454 2732 3546 2772 re-

1978 2805 2230 2873 pudiare,
2256 2818 2678 2875 vocantemque,
2712 2825 2811 2865 nec
2859 2825 2967 2864 non
3007 2811 3130 2864 novi
3163 2808 3383 2864 foederis
3416 2822 3548 2863 con-

1970 2893 2195 2959 vivium,
2251 2905 2304 2948 et
2347 2897 2772 2955 intellectualem
2827 2916 3038 2964 escam.
3090 2901 3311 2956 audent.
3340 2900 3554 2968 Quibus

1970 2986 2224 3041 omnibus
2256 2999 2424 3040 semet
2456 2991 2806 3055 orhaverunt,
2834 2992 3132 3047 secundum
3164 2992 3304 3046 hanc
3328 2992 3552 3060 quidem

1972 3076 2500 3144 interpretationem,
2539 3081 2574 3133 ii
2608 3082 2700 3149 qui
2733 3083 2944 3137 caelesti
2976 3084 3252 3138 vocationi
3298 3083 3556 3153 jucundi-

1975 3177 2112 3222 tates
2164 3169 2322 3236 hujus
2365 3172 2548 3224 mundi
2591 3173 2962 3241 praetulerunt,
2999 3154 3218 3226 divitias
3259 3174 3549 3241 nimirum,

288 3264 617 3332 τιμήσαντες
646 3236 744 3333 τῆς
780 3236 1028 3331 ούρανίου
1063 3263 1305 3333 κλήσεως
1322 3236 1404 3315 *τά
1422 3236 1575 3333 *ἡδέα
1601 3262 1695 3314 τοῦ
1723 3236 1860 3333 παρ-

1973 3260 2188 3325 ucgotia
2222 3269 2274 3312 et
2333 3263 2581 3330 nuptias;
2641 3278 2870 3328 quorum
2921 3277 3083 3316 causa
3135 3265 3367 3332 gratiam
3401 3280 3554 3320 recu-

288 3352 440 3416 ὀντος
500 3353 637 3422 βίου,
687 3355 916 3406 πλοῦτον
963 3355 1165 3425 δηλαδὴ
1210 3356 1304 3406 καὶ
1346 3355 1728 3424 πραγματείας
1775 3355 1868 3408 καὶ

289 3444 489 3514 γάμον,
542 3445 635 3497 καὶ
673 3445 760 3498 διά
806 3443 978 3497 ταῦτα
1022 3445 1120 3515 τήν
1162 3445 1320 3516 χάριν
1363 3447 1863 3515 παραιτησάμενον

288 3534 431 3589 κατά
456 3534 500 3586 δ’
536 3535 723 3606 ἑτέραν
762 3536 986 3606 ἐκδοχὴν
1011 3538 1058 3589 oi
1088 3535 1292 3606 πρῶτοι
1313 3535 1414 3604 τῆς
1439 3536 1682 3605 κλήσεως
1709 3535 1868 3604 ἠξιω-

295 3627 465 3696 μινοι,
499 3621 643 3679 οὗτοι
668 3625 712 3679 δ’
741 3622 881 3697 ἦσαν
903 3628 948 3679 oi
980 3629 1043 3679 ὲκ
1074 3625 1399 3697 περιτομῆς,
1424 3626 1472 3678 οἳ
1504 3627 1568 3696 δὴ
1600 3627 1866 3696 προφάσει

289 3716 391 3787 τῆς
415 3718 546 3787 περὶ
592 3717 653 3770 τὺ
684 3720 928 3787 κρεῖττον
975 3716 1228 3787 ἀσχολίας
1259 3716 1358 3787 τὴν
1396 3716 1584 3788 κλῆσιν
1617 3717 1862 3788 ὕϐρισαν.

299 3804 386 3867 Ὦς
415 3806 522 3875 γάρ
563 3805 773 3876 ἔχοντες
817 3807 1017 3878 ἀγροὺς
1062 3806 1132 3861 τά
1178 3808 1305 3878 παρ’
1350 3807 1529 3870 αὐτοῖς
1578 3807 1864 3878 ἀμφιλαφῆ

288 3895 710 3967 ἀναγνώσματα,
733 3899 828 3950 καὶ
849 3897 923 3961 ὡς
947 3896 1072 3967 βόας
1097 3898 1368 3968 ἀροτῆρας
1391 3898 1716 3969 κεκτημένοι
1741 3898 1868 3960 τοὺς

289 3987 419 4058 παρ’
453 3987 634 4051 αὐτοῖς
662 3989 965 4060 προφήτας,
995 3988 1089 4042 καὶ
1125 3987 1200 4049 ὡς
1238 3986 1304 4040 ἂν
1337 3989 1498 4060 σοφίᾳ
1539 3989 1645 4042 τινὶ
1673 3983 1760 4041 οἷα
1800 3987 1864 4059 δή

288 4080 511 4148 γυναικὶ
559 4079 934 4149 συμϐιοῦντες,
979 4081 1079 4150 τήν
1116 4079 1476 4150 εὐαγγελικήν
1525 4079 1865 4148 ἐξευτέλισαν

288 4170 466 4241 χάριν.
490 4201 560 4210 -
605 4171 821 4242 Ἐπειδὴ
851 4171 910 4224 δὲ
935 4167 1075 4243 ἦσαν
1103 4171 1245 4226 οὓτω
1270 4176 1461 4243 παχεῖς
1488 4174 1586 4244 τήν
1616 4173 1862 4245 καρδίαν,

259 4261 561 4330 ,ξυφαίνει
595 4263 908 4336 παρασολὴν
929 4264 1291 4336 ἀποχρώντως
1318 4265 1544 4336 ἔχουσαν
1572 4267 1652 4330 είς
1685 4267 1864 4337 παρά-

285 4353 451 4418 δειξιν
483 4355 583 4424 τῆς
610 4357 694 4408 ἐπ’
724 4356 908 4419 αὐτοῖς
933 4356 1194 4427 ἐσομένης
1215 4357 1525 4426 οἰκονομίας
1550 4373 1565 4386 ο
1597 4357 1732 4429 πρὸς
1754 4358 1865 4430 γὰρ

285 4445 348 4500 τὸ
372 4445 660 4516 μακάριος
681 4450 794 4516 ἔσῃ
824 4447 1166 4513 ἀποϐλέπων,
1213 4449 1309 4501 καὶ
1352 4449 1485 4520 πρὸς
1514 4448 1577 4501 τὸ
1606 4449 1863 4502 ἀνταπο-

1969 3361 2178 3404 sarunt.
2227 3348 2535 3404 Secundum
2605 3352 2765 3406 aliam
2837 3368 2968 3407 vero
3015 3353 3546 3426 interpretationem,

1969 3444 2178 3510 priores
2212 3443 2284 3495 illi
2319 3443 2608 3512 dignanter
2625 3444 2821 3505 vocati,
2858 3445 2908 3497 id
2935 3454 3012 3498 est
3046 3445 3279 3512 populus
3301 3445 3547 3500 circ-um-

1967 3533 2134 3594 cisus,
2166 3534 2255 3600 qui
2309 3534 2554 3587 melioris
2609 3535 2837 3588 instituti
2893 3545 3154 3604 pratextu
3203 3537 3544 3593 vocationem

1966 3635 2312 3691 spreverunt.
2368 3623 2502 3677 Nam
2554 3627 2712 3694 quasi
2765 3639 2927 3696 agros
2990 3625 3254 3681 haberent
3295 3628 3545 3695 copiosas

1967 3731 2094 3770 suas
2118 3715 2453 3782 Scripturas,
2475 3725 2530 3770 et
2563 3717 2723 3770 boum
2747 3719 3018 3772 arantiutn
3046 3718 3220 3771 instar
3249 3718 3540 3785 prophetas

1968 3821 2112 3866 suos,
2143 3817 2199 3861 et
2230 3823 2350 3859 cum
2379 3808 2651 3878 sapientia
2699 3824 2796 3862 sua
2833 3809 3000 3864 veluti
3049 3824 3220 3864 urore
3249 3812 3542 3864 conviven-

1968 3907 2069 3962 tes,
2098 3899 2464 3967 evangelicum
2496 3899 2724 3968 gratiam
2755 3900 3112 3970 despueruut.
3143 3932 3212 3942 —
3237 3901 3374 3966 Quia
3413 3917 3546 3956 vero

1974 3999 2256 4058 tantopere
2305 3991 2424 4044 rudi
2467 3991 2630 4046 corde
2675 4000 2854 4056 erant,
2896 3992 3398 4060 nectitparabulant
3431 3992 3543 4048 ido-

1971 4095 2131 4133 neam
2165 4080 2591 4136 demonstrando
2647 4081 2883 4136 futuram
2919 4083 3058 4151 apud
3104 4082 3251 4152 ipsos
3275 4085 3540 4153 gerenda-

1967 4176 2086 4226 rum
2116 4189 2294 4227 rerum
2321 4175 2608 4229 rationem.
2641 4173 2885 4240 Namque
2927 4175 2992 4228 ad
3028 4173 3116 4228 illa
3143 4176 3306 4229 verba
3353 4175 3539 4230 beatas

1964 4263 2067 4315 eris
2115 4275 2278 4332 atque
2313 4265 2378 4317 ad
2432 4265 2521 4317 illa
2554 4265 2870 4318 retribuet"
2905 4266 3002 4320 tibi
3056 4266 3111 4318 in
3154 4265 3542 4320 resurrectione

1955 4353 2241 4422 justoram,
2284 4355 2580 4424 respiciens
2609 4358 2854 4423 conviva,
2893 4357 3118 4426 [beatum
3151 4355 3390 4426 appellat
3413 4371 3537 4412 eum

1961 4445 2053 4513 qui
2094 4445 2146 4499 in
2177 4461 2339 4517 regno
2366 4446 2559 4515 dignus
2592 4447 2860 4504 eritvesci
2906 4462 3064 4516 pane.
3106 4446 3275 4503 Porro
3335 4448 3425 4504 hic
3460 4447 3540 4503 in-

287 4537 606 4604 δοθήσεται
631 4555 729 4594 σοι
769 4541 838 4594 ἐν
871 4538 944 4609 τῇ
982 4537 1316 4595 ἀναστάσει
1359 4539 1478 4594 τῶν
1517 4539 1781 4602 δικαίων,
1831 4542 1859 4594 6

1968 4536 2228 4604 telligitur
2262 4536 2352 4602 qui
2384 4537 2596 4592 dandus
2615 4537 2718 4591 erit
2752 4538 3131 4592 remunerandi
3175 4553 3338 4594 causa
3385 4539 3538 4594 beni-

289 4631 572 4683 συνανακεί
579 4648 734 4701 μενος
761 4631 1052 4703 μακαρίζει
1072 4631 1164 4684 τὸν
1190 4629 1458 4701 μέλλοντα
1473 4630 1856 4697 καταξιοῦσθαι

1968 4629 2222 4696 gnitatem
2255 4629 2582 4700 pauperibus
2629 4630 2925 4685 exhibitam
2963 4649 2979 4697 ;
3014 4634 3218 4702 quique
3257 4633 3310 4688 in
3360 4648 3534 4688 resur-

285 4721 380 4776 τοῦ
412 4723 470 4775 ιν
495 4726 560 4793 τῇ
593 4721 835 4796 βασιλείᾳ
883 4726 1068 4795 ἄρτου.
1118 4719 1284 4787 οὗτος
1321 4722 1377 4776 δὲ
1418 4719 1485 4793 ἦν
1513 4725 1542 4776 ὁ
1574 4723 1692 4776 κατ’
1740 4723 1864 4774 ἀντ-

286 4811 538 4865 απόδοσιν
569 4811 668 4882 τῆς
699 4815 779 4877 είς
805 4813 933 4876 τοὺς
959 4814 1204 4883 πτωχοὺς
1249 4811 1674 4883 φιλανθρωπίας,
1708 4813 1765 4863 ὲν
1793 4815 1858 4882 τῇ

287 4900 574 4954 ἀναστάσει
598 4902 706 4956 τῶν
732 4903 955 4957 δικαίων
987 4903 1448 4973 ἀποδοθησόμενος
1495 4901 1572 4971 τῷ
1623 4919 1862 4972 μακαρι-

286 4991 518 5063 ζομένῳ,
542 4992 643 5062 τῆς
674 4994 1019 5058 ἀναστάσεως
1046 4995 1141 5048 καὶ
1167 4995 1265 5065 τῆς
1279 4991 1385 5046 «οὔ
1412 4993 1546 5046 Θεοῦ
1580 4991 1851 5062 βασιλείας

289 5084 416 5155 μιᾶς
459 5082 676 5153 καὶτῆς
708 5083 876 5154 αὐτῆς
908 5084 1217 5154 νοουμένης.
1252 5083 1394 5154 Πρὸς
1442 5078 1534 5135 οὖν
1565 5082 1657 5134 τὸν
1702 5085 1852 5154 εἰρη-

1964 4719 2213 4774 rectione-
2233 4719 2504 4789 iustorum
2545 4719 2925 4776 retribuendus
2945 4730 3027 4777 est
3052 4724 3215 4778 beato
3237 4723 3356 4778 illi:
3409 4739 3532 4778 nam

1962 4812 2292 4867 resurrectio
2338 4811 2480 4867 idem
2523 4826 2644 4867 esse
2697 4810 3016 4880 intelligitur
3054 4829 3120 4869 ac
3163 4829 3386 4885 regnum
3415 4816 3531 4870 Dei.

1963 4903 2172 4956 Dicenti
2201 4919 2350 4974 ergo,
2386 4905 2583 4959 Beatus
2622 4908 2712 4980 qui
2749 4907 3030 4961 manducet
3057 4922 3244 4969 partem
3277 4907 3331 4960 in
3373 4921 3534 4976 regno

1959 4991 2080 5054 Dei.
2131 4997 2438 5061 parabolam
2488 5000 2712 5069 exponit
2743 4999 3004 5054 Servator
3038 5000 3245 5052 docens
3281 4997 3533 5066 quisnam

1960 5083 2030 5137 sit
2063 5084 2152 5138 ille
2180 5089 2391 5141 beatus.

284 5174 436 5238 κάτα,
461 5173 754 5244 Μακάριος
784 5175 947 5240 ὅστις
983 5176 1225 5244 φάγεται
1259 5174 1440 5242 ἄρτον
1480 5173 1551 5226 ἐν
1586 5171 1661 5241 τῇ
1691 5173 1980 5241 ,ϐασιλείᾳ
2017 5177 2123 5232 τοῦ
2148 5178 2316 5244 Θεοῦ,
2368 5180 2451 5243 τίς
2481 5183 2548 5236 ἂν
2577 5183 2788 5251 γένοιτο
2837 5171 2994 5245 οὗτος
3030 5183 3059 5236 ὁ
3109 5180 3397 5253 μακάριος,
3441 5171 3532 5237 διὰ

281 5267 383 5337 τῆς
411 5265 721 5342 παραϐολῆς
744 5268 773 5318 ὁ
805 5266 992 5337 Σωτὴρ
1025 5267 1370 5338 παρίστησιν.

363 5358 582 5429 ’Ἐπειδὴ
630 5359 808 5413 τοίνυν
851 5358 1156 5429 ἐκλήθησαν
1211 5357 1395 5410 πολλοὶ
1442 5360 1522 5420 είς
1558 5357 1618 5409 τὺ
1673 5357 1851 5410 πάντα

282 5451 472 5522 ἕτοιμα
503 5449 664 5522 φέρον
703 5450 913 5503 δεῖπνον
943 5449 1078 5520 (τῆς
1103 5447 1209 5519 γάρ
1239 5449 1510 5517 βασιλείας
1533 5448 1698 5513 ἀξίως
1719 5451 1747 5501 ὁ
1775 5450 1852 5501 oi-

281 5543 611 5613 κοδεσπότης
637 5543 697 5595 τδ
727 5541 966 5594 τοιοῦτον
998 5542 1144 5594 ποιεῖ
1169 5540 1439 5612 δεῖπνον),
1469 5541 1851 5611 παρῃτήσαντο

278 5633 334 5690 δί
358 5634 458 5706 τήν
485 5633 663 5705 χάριν,
693 5635 820 5705 περὶ
845 5633 942 5705 μὲν
962 5630 1168 5687 τούτων
1197 5631 1469 5700 ἀπόφασις
1505 5630 1851 5700 ἐξενήνεκται

349 5837 395 5870 ¹⁹
422 5835 557 5892 Luc.
591 5847 698 5901 ειν,
731 5833 814 5890 l8.

2025 5358 2290 5426 Quoniam
2334 5358 2517 5427 itaque
2568 5360 2742 5412 vocati
2784 5367 2912 5413 sunt
2957 5361 3111 5414 multi
3158 5360 3225 5413 ad
3276 5369 3527 5429 paratam

1957 5463 2167 5504 cmuam
2225 5452 2370 5516 (nam
2408 5466 2505 5517 pro
2531 5452 2795 5520 dignitate
2828 5451 2979 5518 regni
3015 5451 3096 5505 sui
3136 5448 3530 5517 paterfamilias

1956 5555 2166 5594 caenam
2196 5540 2504 5610 hujusmodi
2536 5542 2716 5611 facit),
2745 5543 2836 5598 sed
2869 5543 3104 5612 gratiam
3141 5541 3527 5610 repudiarunt,

1956 5631 2025 5691 do
2048 5630 2134 5686 his
2161 5629 2271 5686 lata
2299 5633 2568 5688 sententia
2623 5633 2726 5689 fuit
2772 5633 3038 5690 dicendo:
3067 5630 3350 5688 Neminem
3379 5631 3535 5687 viro-
