4124 6412
690 376 795 433 579

1368 371 1637 431 EUSEBII
1672 369 2143 430 CESARIENSIS
2176 363 2328 429 OPP.
2368 366 2548 426 PARS
2584 368 2672 427 Ill.
2712 403 2781 413 ——
2816 370 3225 429 EXEGETICA.

3788 374 3887 433 580

695 511 812 552 rum
841 494 1051 551 illorum
1077 492 1166 563 qui
1193 492 1369 557 vocati
1399 491 1568 557 luere,
1598 499 1654 546 et
1684 492 1754 547 ob
1776 506 1838 547 su
1851 506 1910 547 as
1935 491 2199 547 mundana

2300 491 2365 560 ,ἡ
2422 490 2639 561 φήσασα
2686 490 2802 544 δτι·
2848 491 3034 555 οὐδεὶς
3085 491 3193 545 τῶν
3247 490 3455 564 ἀνδρῶν
3508 494 3731 549 ἐκείνων
3780 496 3887 549 τῶν

688 584 1073 656 occupationes
1119 584 1454 649 recusavere,
1504 596 1713 654 coenam
1769 597 1942 637 meam
1990 590 2231 652 gustatu-

687 691 849 733 ratn:
883 675 1019 730 alios
1047 684 1249 741 autem,
1286 675 1477 729 horum
1518 658 1653 738 loco,
1702 674 1825 729 vita:
1877 674 2111 744 negotiis
2136 672 2229 727 mi-

684 766 828 823 nime
850 767 1159 837 implicitos,
1183 766 1371 835 dignos
1403 764 1647 819 habitum
1680 764 1743 817 iri
1765 764 1842 818 ait
1862 764 2015 819 beata
2042 777 2224 828 cana,

682 869 873 924 nempe
904 868 1159 926 pauperes
1189 852 1444 922 quosdam
1474 862 1528 906 et
1559 867 1729 907 caseos
1762 861 1815 905 et
1854 852 2087 915 mutilos,
2133 852 2224 919 qui

680 945 947 1000 vocationi
998 959 1100 997 non
1152 944 1460 996 restiterunt
1500 955 1515 1004 ;
1559 942 1686 1010 quia
1732 944 2221 1015 neque‘emebant,

681 1050 855 1106 neque
898 1034 1221 1094 vendebant,
1269 1046 1443 1097 neque
1489 1032 1689 1099 nuptiis
1734 1045 1953 1101 operam
1998 1032 2218 1097 dabant,

680 1139 851 1194 neque
906 1124 1013 1179 alio
1058 1122 1297 1191 quolibet
1355 1122 1573 1191 negotio
1619 1121 2079 1185 distrahebantur,
2127 1122 2220 1177 sed

677 1222 924 1282 prompte
969 1212 1320 1295 expediteque
1389 1211 1621 1280 gratiam
1666 1210 2016 1265 admiserunt.
2074 1210 2220 1278 Quos

676 1300 952 1366 invitator,
985 1300 1159 1368 primo
1188 1298 1399 1367 quidem
1431 1298 1730 1353 incolumes
1757 1297 1941 1361 faciet,
1964 1300 2087 1368 quia
2138 1300 2217 1354 ιε-

670 1392 772 1447 cile
800 1406 1013 1446 omnem
1035 1392 1272 1445 morbum
1288 1400 1447 1459 atque
1473 1390 1779 1459 languorem
1809 1401 1984 1444 sanat.
2018 1391 2219 1447 Deinde

668 1492 776 1537 etc.
818 1482 948 1549 Quae
989 1482 1167 1536 omnia
1217 1482 1317 1535 sibi
1369 1482 1763 1535 interdixerunt
1792 1490 2104 1535 recursantes
2140 1479 2214 1535 illi

668 1570 905 1629 Iudaica
941 1588 1219 1644 synagoga
1263 1572 1529 1641 principes
1577 1590 1592 1639 ;
1634 1587 1861 1642 quorum
1910 1572 2030 1627 loco
2068 1572 2216 1640 plebs

669 1666 937 1736 morigera
966 1665 1084 1732 fuit,
1112 1679 1229 1734 quae
1252 1665 1308 1717 in
1349 1663 1543 1733 plateis
1567 1665 1736 1729 urbis,
1760 1677 1951 1731 nempe
1981 1662 2034 1717 in
2058 1661 2215 1735 legali

670 1756 875 1825 politia,
908 1756 1138 1809 vivebat.
1173 1784 1241 1795 —
1262 1754 1513 1810 Fortasse
1562 1764 1739 1809 autem
1766 1754 1851 1809 bis
1879 1752 2210 1820 hominibus,

2327 580 2703 652 κεκλημένων,
2744 582 2836 636 καὶ
2872 582 2955 636 διά
2993 584 3091 647 τὰς
3140 584 3397 654 βιωτικάς
3446 584 3699 657 ἀσχολίας
3746 605 3888 659 παρ-

2325 673 2729 743 αιτησαμένων,
2788 674 3204 744 γεύσεταίίμου
3250 676 3343 729 τοῦ
3390 676 3636 731 δείπνου·
3668 678 3886 749 ἑτέρους

2322 760 2369 814 δ’
2408 762 2528 815 ἀντὶ
2570 763 2773 817 τούτων
2806 766 2934 827 τοὺς
2970 764 3045 834 μὴ
3075 766 3611 837 περιπεπλεγμένους
3640 769 3765 833 ταῖς
3790 768 3884 823 τοῦ

2324 851 2438 922 βίου
2478 854 2865 925 πραγματίαις,
2896 855 3391 928 καταξιωθήσεσθαί
3418 876 3548 929 φησι
3578 857 3671 913 τοῦ
3702 877 3881 929 pauo

2323 944 2441 1015 ρίου
2466 944 2701 1009 δείπνου,
2736 945 2982 1019 πτωχούς
3017 963 3167 1011 τινας
3190 949 3284 1003 καὶ
3304 949 3536 1019 τυφλοὺς
3557 949 3653 1003 καὶ
3676 950 3882 1021 ἀναπήο

2324 1051 2469 1106 ρους,
2513 1037 2639 1100 τοὺς
2670 1037 2933 1109 μηδαμῶς
2968 1041 3479 1112 παραιτησαμένους
3523 1042 3621 1112 τῆν
3665 1041 3875 1111 κλῆσιν,

2317 1125 2405 1180 διά
2425 1127 2485 1180 τὸ
2510 1128 2649 1198 μήτε
2674 1128 2984 1201 ἀγοράζειν,
3022 1132 3153 1202 μήτε
3173 1131 3523 1203 πιπράσκειν,
3553 1133 3689 1203 μήτε
3716 1132 3883 1203 γάμῳ

2319 1217 2617 1288 σχολάζειν,
2649 1218 2775 1289 μήθ’
2803 1220 2893 1289 ὐφ’
2932 1222 3131 1293 ἑτέρων
3170 1220 3331 1275 τινῶν
3367 1222 3625 1275 τοιούτων
3661 1222 3877 1294 περιέλ-

2316 1307 2523 1374 κεσθαι,
2557 1309 2848 1381 προθύμως
2874 1311 2930 1365 δὲ
2967 1313 3059 1365 καὶ
3098 1311 3326 1383 ἑτοίμως
3355 1314 3747 1385 καταδέχεσθαι
3776 1316 3878 1386 τὴν

2315 1397 2492 1469 χάριν·
2522 1397 2615 1462 οὓς
2644 1399 2673 1451 6
2705 1397 2937 1461 καλάσας
2964 1400 3177 1470 πρῶτον
3202 1400 3302 1472 μὶν
3325 1402 3494 1470 ὐγιεῐς
3520 1406 3873 1474 καταστήσει,

2313 1484 2425 1552 οἷός
2454 1506 2515 1543 τε
2542 1488 2617 1543 ῶν
2646 1489 2843 1562 ῥᾳδίως
2874 1492 3052 1544 πᾶσαν
3083 1493 3235 1547 νόσον
3264 1493 3358 1547 καὶ
3386 1496 3564 1546 πᾶσαν
3601 1495 3875 1565 μαλακίαν

2314 1580 2652 1651 θεραπεύειν·
2688 1580 2894 1646 ἔπειτα,
2932 1592 3038 1636 etc.
3076 1582 3157 1652 (nt
3180 1583 3281 1637 col.
3305 1583 3454 1650 573).
3485 1578 3583 1636 Ὧν
3619 1584 3876 1639 ἀπάνέοιν

2313 1670 2609 1741 ἐστέρησαν
2636 1672 2859 1734 ἑαυτοὺς
2885 1673 2933 1727 oi
2961 1672 3443 1742 παραιτησάμενοι,
3467 1669 3565 1744 τῆς
3607 1673 3875 1729 Ἰουδαίων

2314 1760 2633 1830 συναγωγῆς
2658 1762 2707 1813 οί
2738 1761 3011 1832 ἄρχοντες·
3049 1763 3167 1831 μεθ’
3200 1764 3294 1828 οὒς
3326 1764 3358 1835 ὴ
3389 1763 3596 1835 πληθύς
3628 1763 3871 1839 ὑπήκουέ

665 1818 908 1901 ethnicos
946 1846 1202 1900 denotare
1228 1845 1460 1913 volabat,
1483 1846 1572 1915 qui
1612 1847 1677 1899 ad
1705 1844 1820 1915 ejus
1849 1818 2199 1913 magisterium

2312 1867 2424 1914 σεν,
2583 1818 2863 1916 πλατείαις
3132 1855 3198 1924 τῇ
3235 1818 3374 1908 κατά
3418 1818 3592 1926 νόμον.

662 1950 815 1993 erant
844 1937 1138 1992 accessuri.
1171 1936 1235 1990 Hi
1268 1947 1425 1992 antea
1459 1936 1753 1991 idololatra:
1776 1948 1954 2001 erant,
1983 1948 2213 2005 quorum

662 2027 870 2082 animas
890 2027 1014 2081 mali
1030 2028 1295 2082 damones
1318 2028 1643 2079 vitiaverant
1662 2043 1675 2089 ;
1692 2040 1827 2095 quos
1848 2031 2211 2078 consentanee

662 2118 959 2173 invitationi
978 2133 1084 2172 sua:
1099 2118 1395 2187 suscipiens
1407 2117 1743 2179 convivator,
1757 2116 1983 2185 primum
1995 2116 2209 2185 quidem

670 2222 832 2263 sanos
846 2208 1239 2276 incolumesque
1257 2205 1732 2268 eﬂiciet,coelorum
1744 2206 1927 2259 oculos
1940 2219 2207 2271 reserans,

656 2296 824 2353 omini
857 2298 1043 2351 morbo
1080 2296 1331 2366 omnique
1365 2295 1604 2367 languori
1640 2296 1934 2350 animarum
1974 2296 2206 2364 ipsorum

658 2388 901 2453 medens;
932 2388 1327 2443 deindeiisdem
1358 2388 1652 2456 spiritalem
1681 2391 1887 2441 c‘mnam
1913 2384 2203 2440 exhibebit.

656 2475 821 2532 Primi
852 2478 1033 2547 itaque
1074 2478 1245 2532 vocati
1285 2486 1411 2531 sunt
1456 2476 1784 2540 circumcisi,
1819 2478 1906 2546 qui
1948 2478 2205 2531 adversus

655 2567 883 2636 gratiam
923 2567 1292 2622 contumeliosi
1330 2567 1567 2622 fuerunt.
1616 2566 1844 2621 Secundi
1891 2568 2204 2638 alienigena!

654 2656 879 2722 ethnici,
906 2657 995 2725 qui
1041 2666 1195 2710 antea
1226 2671 1365 2710 caeca
1403 2667 1580 2711 mente
1620 2667 1795 2721 erant,
1826 2667 1880 2712 et
1926 2660 2122 2723 mutiii,
2148 2666 2204 2711 et

651 2749 844 2812 claudi,
876 2765 941 2805 ac
975 2749 1127 2814 muti,
1156 2750 1243 2820 qui
1271 2750 1429 2804 etiam
1467 2751 1720 2805 alacriter
1739 2752 2195 2822 obtemperarunt.

648 2837 767 2895 1am
810 2840 863 2894 in
906 2839 1094 2910 plateis
1136 2852 1432 2904 versantes,
1466 2841 1499 2894 ii
1526 2842 1777 2896 credendi
1824 2850 1949 2895 sunt
1977 2842 2065 2910 qui
2093 2841 2198 2896 lata

648 2930 964 3000 perditionis
996 2932 1076 2984 via
1116 2932 1384 2996 incedunt,
1424 2940 1477 2984 et
1511 2931 1627 2986 sine
1659 2931 1906 2985 doctrina
1940 2932 2200 3002 dogmati-

646 3021 813 3078 busve
839 3024 1043 3076 vivunt.
1076 3018 1211 3075 Tum
1241 3021 1467 3076 latentes
1496 3023 1546 3075 in
1580 3023 1808 3092 angulis,
1842 3023 1876 3076 ii
1906 3023 2008 3091 equi
2054 3023 2198 3077 mali-

2310 1940 2477 2004 ζῶσα.
2506 1973 2574 1981 -
2595 1942 2747 2011 Τάχα
2766 1941 2824 1996 δὲ
2844 1940 2933 1995 διά
2958 1941 3159 1996 τούτων
3185 1945 3309 2008 τούς
3329 1944 3388 2009 ἐξ
3413 1945 3581 1999 ἐθνῶν
3603 1948 3867 2017 ᾐνίττετο,

2306 2032 2384 2103 τῷ
2423 2031 2606 2085 ,αὐτοῦ
2662 2033 2804 2103 λόγῳ
2853 2034 3128 2104 προσιέναι
3179 2033 3485 2104 μέλλοντας.
3539 2036 3781 2093 Τοιοῦτοι
3811 2041 3867 2094 δὲ

2309 2123 2553 2194 ὑπῆρχον
2579 2126 2627 2177 οἱ
2646 2125 2775 2195 πρὶν
2803 2124 3180 2196 εἰδωλολάτραι
3202 2125 3305 2178 ὑπὸ
3326 2125 3591 2196 δαιμόνων
3617 2131 3867 2203 πονηρῶν

2305 2212 2403 2276 τάς
2430 2212 2606 2283 ψυχὰς
2646 2214 3029 2285 λελωδημένοι·
3076 2214 3172 2278 οὓς
3201 2214 3505 2279 ἀκολούθως
3527 2221 3592 2287 τῇ
3625 2220 3864 2289 ἐπαγγε-

2305 2304 2393 2375 λία
2423 2305 2815 2376 ὑποδεξάμενος
2840 2309 2868 2359 ό
2902 2306 3186 2376 ἑστιάτωρ,
3220 2304 3411 2377 πρῶτα
3443 2307 3540 2377 μὲν
3572 2308 3744 2374 σώους
3772 2311 3863 2365 καὶ

2305 2396 2473 2462 ὑγιεῖς
2515 2397 2970 2468 ἀποκαταστήσει,
3009 2398 3226 2463 ἀνοίξας
3270 2396 3484 2465 τυφλῶν
3527 2399 3859 2471 ὀφθαλμοὺς.

2304 2486 2483 2539 πᾶσάν
2502 2504 2561 2540 τε
2588 2489 2737 2541 νόσον
2756 2489 2850 2542 καὶ
2870 2490 3050 2542 πᾶσαν
3068 2493 3337 2562 μαλακίαν
3352 2494 3459 2549 τῶν
3474 2492 3662 2563 ψυχῶν
3681 2494 3861 2549 αὐτῶν

2306 2576 2611 2647 ἰασάμενος·
2639 2579 2826 2631 ἔπειτα
2856 2578 2917 2631 τὸ
2946 2582 3311 2650 πνευματικὸν
3339 2584 3521 2645 αὐτοῖς
3550 2583 3858 2655 παραθήσει

2301 2665 2533 2721 δεῖπνον.
2561 2668 2774 2739 Πρῶτοι
2811 2671 2908 2739 μὲν
2940 2667 3032 2724 οὖν
3058 2671 3361 2744 ἐκλήθησαν
3379 2675 3425 2727 oi
3453 2676 3516 2727 ὲκ
3537 2675 3856 2746 περιτομῆς,

2298 2760 2346 2813 οἳ
2381 2760 2473 2813 καὶ
2503 2761 2601 2831 τὴν
2634 2762 2791 2832 χάριν
2819 2762 3173 2835 καθύϐρισαν·
3210 2763 3452 2835 δεύτεροι
3475 2764 3534 2818 δὲ
3566 2767 3683 2835 μετ’
3717 2762 3857 2819 ὲκείο

2298 2868 2418 2915 νους
2445 2855 2491 2904 oi
2514 2854 2575 2904 ἐκ
2595 2854 2701 2906 τῶν
2726 2854 3035 2923 ἀλλοφύλων
3056 2857 3244 2917 ἐθνῶν.
3271 2860 3320 2911 οἱ
3348 2858 3474 2928 πρὶν
3499 2857 3598 2920 τὰς
3621 2856 3857 2919 διανοίας

2295 2943 2481 3011 τυφλοὶ
2522 2945 2615 2997 καὶ
2658 2944 2835 3016 ἀνάπη
2844 2962 2926 3017 ροι
2968 2946 3061 3000 καὶ
3096 2948 3257 3017 χωλοὶ
3289 2949 3383 3002 καὶ
3429 2950 3619 3017 κωφοὶ,
3668 2950 3719 3002 οἳ
3761 2947 3856 3002 καὶ

2299 3035 2588 3106 προθύμως
2633 3033 2965 3109 ὑπήκουσαν·
3020 3034 3127 3093 εἶεν
3162 3042 3206 3094 δ’
3240 3040 3307 3095 ἀν
3349 3043 3407 3094 ὲν
3436 3041 3715 3105 πλατείαις
3752 3040 3852 3111 μιν

647 3115 774 3168 tiam
807 3113 1042 3183 quolibet
1068 3122 1322 3181 praetextu
1350 3113 1542 3167 velant.
1582 3113 2013 3197 lieliquidemum
2039 3114 2194 3169 tertio

2300 3125 2340 3174 oi
2376 3125 2473 3194 τὴν
2501 3123 2805 3197 εὐρύχωρον
2830 3128 2928 3198 τῆς
2957 3128 3224 3192 ἀπωλείας
3253 3128 3369 3184 ὁδὸν
3404 3130 3728 3202 βαδίζοντες,
3756 3133 3850 3186 καὶ

645 3202 763 3259 loco
802 3205 867 3259 de
907 3204 1008 3257 viis
1043 3206 1377 3273 saepibusque
1420 3206 1627 3267 vocati,
1672 3206 1864 3259 animae
1911 3205 1961 3259 in
2013 3206 2194 3262 Inferis

2300 3212 2535 3281 βιοῦντες
2560 3216 2683 3268 ἄνευ
2716 3216 2933 3288 διδαχῆς
2961 3219 3052 3272 καὶ
3082 3220 3363 3290 δογμάτων
3383 3238 3395 3251 ·
3438 3222 3495 3273 ὲν
3540 3222 3597 3275 δὲ
3631 3221 3847 3293 ῥύμαις.

643 3295 892 3349 detentae.
956 3293 1119 3348 Multa
1184 3296 1327 3349 enim
1388 3304 1511 3349 sunt
1554 3296 1761 3349 illarum
1841 3296 2031 3350 itinera
2076 3311 2194 3366 quae

644 3387 770 3440 binc
829 3386 1027 3439 abeunt
1080 3385 1273 3454 quibus
1322 3396 1442 3454 post
1512 3387 1753 3456 corporis
1809 3387 2193 3457 depositionem

643 3476 950 3543 pmdicavit
997 3472 1270 3529 Servator.
1301 3474 1601 3531 Clementer
1647 3491 1773 3531 vero
1802 3478 1866 3531 iis
1896 3479 2058 3533 etiam
2097 3494 2193 3533 ne-

640 3560 943 3616 cessitatem
974 3560 1218 3630 imponit,
1244 3564 1333 3632 qui
1365 3564 1594 3617 nondum
1638 3578 1732 3619 sua
1773 3565 2043 3622 voluntate
2083 3583 2191 3622 mo-

638 3660 854 3705 ventur.
884 3649 1032 3706 Talis
1064 3662 1145 3706 est
1168 3668 1317 3707 cmna
1349 3668 1467 3721 qua:
1502 3653 1588 3709 hic
1615 3657 1852 3711 invitatis
1877 3669 2057 3725 parata
2084 3670 2184 3713 est.

639 3740 798 3796 Tales
824 3742 983 3796 etiam
1023 3745 1219 3807 vocati,
1248 3758 1475 3812 quorum
1524 3746 1614 3799 alii
1645 3759 2008 3813 contumaces,
2042 3752 2187 3805 ideo-

636 3847 741 3903 que
764 3832 968 3904 jejuni;
998 3834 1086 3888 alii
1118 3837 1387 3905 morigeri,
1419 3836 1643 3905 ideoque
1689 3839 1929 3894 admissi.
1955 3840 2031 3894 Τυ
2058 3857 2185 3899 vero

637 3922 764 3978 mihi
793 3926 913 3978 hinc
941 3934 1168 3979 mentem
1200 3927 1446 3991 transfer,
1465 3939 1571 3983 etc.
1589 3922 1749 3984 'Beati
1777 3947 1903 4001 ergo
1923 3934 2011 4002 qui
2044 3950 2184 3990 nunc

638 4016 885 4070 esuriunt
931 4023 984 4069 et
1014 4017 1201 4071 sitiunt
1238 4016 1520 4084 justitiam,
1550 4022 1673 4089 quia
1704 4030 1827 4076 tunc
1862 4027 2182 4081 saturabun-

638 4115 746 4170 tur,
776 4120 927 4160 caena
960 4105 1105 4175 regia
1149 4108 1447 4176 epulantes,
1473 4119 1526 4163 et
1558 4112 1682 4164 vita:
1726 4126 1914 4179 panem
1960 4117 2181 4183 partici-

634 4206 843 4260 nantes,
893 4198 1122 4265 novique
1165 4198 1349 4253 calicis
1416 4199 1671 4254 laetitiam.
1717 4202 1952 4267 Quarum
2002 4223 2179 4261 rerum

632 4288 870 4360 symbola
921 4296 1044 4340 ante
1100 4290 1404 4356 passionem
1444 4289 1706 4361 peragens
1734 4291 2024 4351 Servator:
2058 4293 2181 4352 Non

633 4377 823 4439 bibam,
852 4377 1040 4445 inquit,
1077 4378 1263 4430 «modo
1294 4394 1359 4433 ea:
1384 4380 1480 4432 hoc
1502 4383 1758 4450 genimine
1796 4386 1914 4438 uitis
1940 4403 2098 4457 usque
2125 4391 2180 4442 in

2292 3305 2341 3356 οί
2392 3304 2761 3370 συστέλλοντες
2797 3308 2891 3378 τὴν
2939 3310 3135 3363 κακίαν
3174 3312 3262 3383 οἵᾳ
3300 3312 3498 3382 δήποτε
3548 3314 3844 3384 προφάσει·

2291 3395 2339 3446 οἱ
2365 3395 2417 3447 δὲ
2448 3396 2639 3459 λοιποὶ,
2685 3399 2732 3450 oi
2769 3398 2827 3465 ἐξ
2859 3402 3098 3470 ἐσχάτων
3131 3403 3240 3456 ἀπὸ
3276 3403 3383 3455 τῶν
3419 3403 3553 3456 ὁδῶν
3582 3405 3676 3459 καὶ
3706 3422 3844 3477 (ppa-

2289 3486 2445 3559 γμῶν
2487 3487 2802 3559 καλούμενοι
2846 3489 3038 3561 τρίτοι,
3072 3494 3127 3547 αί
3173 3494 3229 3545 ἐν
3263 3493 3386 3565 ᾅδου
3423 3494 3611 3565 ψυχαί·
3658 3494 3847 3550 πολλαὶ

2288 3577 2395 3649 γὰρ
2434 3579 2542 3632 ὁδοὶ
2586 3582 2693 3634 τῶν
2728 3581 3045 3645 ἐξελθόντων
3085 3584 3174 3638 τὸν
3209 3587 3323 3656 βίον
3353 3587 3571 3641 τοῦτον·Δ
3593 3583 3684 3653 αἷς
3715 3593 3845 3663 ἐκή-

2290 3669 2414 3737 ρυξε
2446 3669 2583 3739 μετά
2615 3669 2711 3741 τὴν
2742 3673 2997 3727 ἀπόθεσιν
3024 3675 3117 3728 τοῦ
3156 3675 3401 3747 σώματος
3432 3678 3460 3732 6
3500 3676 3723 3753 Σωτήρ·
3760 3699 3846 3751 φι-

2287 3760 2619 3832 λανθρώπως
2654 3762 2698 3815 δ’
2739 3764 2984 3835 ἀνάγκην
3014 3768 3278 3837 προσάγει
3304 3772 3416 3833 τοῖς
3446 3770 3629 3826 οὐκέτι
3657 3772 3838 3840 αὐτεξ-

2288 3853 2507 3916 ουσίοις.
2542 3854 2788 3911 Τοιοῦτον
2823 3859 2919 3927 μὲν
2948 3858 3010 3930 δὴ
3055 3858 3113 3913 τὸ
3148 3859 3379 3925 δεῖπνον,
3421 3862 3557 3933 ὅπερ
3612 3862 3842 3917 ἐνταῦθα

2283 3946 2395 4006 τοῖς
2422 3944 2732 4015 δαιτυμόσιν
2761 3949 3101 4019 ἡτοίμασται·
3129 3953 3223 4005 καὶ
3251 3953 3478 4011 τοιοῦτοί
3503 3969 3648 4019 τινες
3666 3958 3715 4009 οἱ
3745 3973 3843 4009 κα-

2283 4033 2548 4103 λούμενοι,
2572 4036 2618 4089 οί
2648 4038 2744 4108 μὲν
2772 4040 3033 4105 ἀπειθεῖς,
3062 4042 3156 4096 καὶ
3182 4044 3270 4101 διὰ
3299 4042 3456 4098 τοῦτο
3480 4045 3841 4117 ἀπομίνοντες

2283 4123 2531 4192 ἄγευστοι
2555 4143 2570 4156 ·
2605 4130 2653 4179 οἱ
2688 4128 2744 4180 δὲ
2778 4131 3069 4197 εὐπειθεῖς,
3100 4135 3193 4188 καὶ
3221 4134 3309 4189 διὰ
3336 4134 3493 4191 τοῦτο
3522 4140 3840 4211 προλαμϐα-

2282 4216 2510 4285 νόμενοι.
2545 4220 2615 4271 Σύ
2652 4220 2709 4273 δέ
2743 4238 2831 4291 μοι
2861 4222 3105 4277 ἐντεῦθεν
3135 4226 3341 4295 μετάδα
3380 4232 3447 4300 τῇ
3473 4229 3704 4303 διανοίᾳ,
3731 4241 3835 4287 etc.

2282 4304 2477 4373 (utcol.
2496 4306 2642 4380 572).
2662 4311 2933 4382 Μακάριοι
2964 4314 3173 4382 γοῦνόί
3201 4314 3293 4370 νῦν
3325 4320 3614 4385 πεινῶντες
3643 4323 3735 4376 καὶ
3759 4322 3836 4376 δι-

2279 4395 2483 4462 ψῶντες
2501 4400 2598 4469 τὴν
2618 4400 2976 4475 δικαιοσύνην,
2994 4408 3074 4459 ὅτι
3096 4408 3214 4464 τότε
3241 4410 3721 4481 χορτασθήσονται,
3742 4413 3836 4467 τοῦ

631 4468 766 4519 ὀίεαι
796 4468 967 4531 illum,
998 4484 1099 4535 quo
1127 4468 1259 4521 illud
1293 4470 1551 4524 uobiscum
1580 4489 1764 4527 novum
1813 4475 1981 4530 bibam
2010 4456 2065 4532 ιη
2098 4497 2175 4533 re-

2300 4456 2488 4540 isirwob
2515 4456 2605 4541 τοῦ
2638 4456 2925 4560 βασιλικοῦ,

632 4572 731 4627 gno
761 4553 936 4610 Patris
969 4559 1065 4611 mei
1091 4559 1158 4611 “.
1184 4559 1343 4615 Plena
1373 4572 1453 4616 est
1480 4566 1738 4618 bonarum
1764 4581 1943 4622 rerum
1971 4584 2171 4636 mensa,

631 4663 734 4717 qua
769 4659 1051 4702 vescentnr
1088 4651 1122 4703 ii
1157 4653 1471 4719 quibuscum
1510 4655 1683 4711 l'ccdus
1727 4658 2009 4728 disposuit,
2057 4678 2174 4731 pro-

630 4746 810 4807 pterea
846 4742 984 4808 quod
1014 4756 1192 4795 secum
1239 4744 1290 4797 in
1342 4747 1722 4803 tentationibus
1760 4754 2171 4819 permanserint,

2276 4592 2454 4641 νοντες
2482 4579 2574 4633 τοῦ
2612 4583 2776 4653 ἄρτου
2807 4586 2906 4657 τῆς
2936 4587 3098 4657 ζωῆς,
3130 4590 3220 4642 καὶ
3244 4589 3345 4659 τῆς
3380 4592 3718 4665 εὐφροσύνης
3740 4597 3835 4650 τοῦ

2278 4670 2458 4721 καινοῦ
2494 4674 2769 4745 ποτηρίου.
2802 4669 2901 4729 Ὧν
2929 4677 2997 4731 τὰ
3032 4678 3273 4749 σύμϐολα
3304 4682 3567 4737 ἐπιτελῶν
3598 4686 3705 4758 πρὸ
3739 4688 3832 4741 τοῦ

2273 4760 2471 4827 πάθους
2502 4766 2530 4816 6
2567 4765 2773 4838 Σωτὴρ,
2822 4770 2904 4821 Οὐ
2950 4768 3035 4837 μὴ
3087 4773 3219 4835 πίω,
3267 4772 3393 4845 ἔφη,
3439 4777 3544 4829 ἀπ’
3588 4777 3718 4845 ἄρτι
3763 4778 3831 4835 ἐκ

628 4836 689 4881 ιιι
729 4831 1049 4898 manducent
1088 4848 1151 4886 ac
1192 4834 1375 4887 bibant
1415 4835 1466 4889 in
1500 4853 1682 4893 mensa
1729 4840 1863 4909 ejus,
1899 4858 2036 4913 pane
2062 4859 2173 4901 cm-

2300 4854 2481 4907 ’θύτου
2504 4855 2607 4908 τοῦ
2629 4831 2998 4927 γεκνήματος
3011 4831 3120 4930 τῆς
3140 4831 3408 4932 ἀμπέλου
3426 4866 3536 4932 ἕως
3556 4831 3666 4936 τῆνς

627 4917 745 4975 lesti
796 4921 1091 4975 animarum
1123 4932 1430 4977 sanctarum
1475 4931 1733 4984 nutritore
1769 4934 1921 5000 pasti,
1964 4936 2172 4990 vinum-

2300 4964 2375 5013 ηας
2410 4917 2846 5015 ἐκείνηέ,-ὅτακ
2892 4917 3037 5006 αὐτὸ
3067 4917 3218 5008 ἓιξῖ.»

625 5025 730 5082 que
762 5010 918 5064 ’novi
988 5013 1269 5082 genimiuis
1335 5029 1477 5070 vera:
1544 5019 1666 5075 vitis
1734 5025 2117 5096 participantes
2150 5068 2166 5093 ,

2266 5040 2335 5092 ἐν
2358 5039 2431 5107 τῇ
2463 5042 2749 5108 ,βασιλείᾳ
2771 5042 2879 5096 τοῦ
2912 5044 3140 5112 Πατρός
3171 5045 3334 5116 ἐμοῦ·
3370 5048 3582 5123 πλήρης
3608 5052 3835 5121 ἀγαθῶν

627 5117 786 5173 quam
818 5101 931 5171 ipse
955 5104 1191 5158 oinnium
1232 5105 1371 5161 Deus
1405 5122 1467 5161 ac
1497 5120 1648 5177 pater
1672 5114 1938 5182 excolens,
1969 5134 2164 5174 novum

627 5207 685 5213 __
718 5193 822 5213 ,_“
859 5192 1078 5213 ..μημη
1472 5200 1483 5210 .

2306 5101 2528 5199 ράπεζα,
2560 5128 2628 5203 ἦς
2658 5101 3054 5206 μεταληψονται
3080 5101 3161 5200 ei;
3313 5101 3579 5213 διαειήᾶἦῦ

622 5207 687 5246 ex
718 5193 827 5259 ipsa
857 5192 1086 5247 fructum
1121 5196 1301 5264 dignis
1334 5200 1655 5267 propinabit.

886 5219 1086 5306 incultu
1121 5219 1301 5306 u:gllts
1335 5219 1655 5306 ρςοριηειυιι.
1802 5296 1849 5306 m
2008 5302 2019 5306 Δ
2100 5304 2121 5306 υ
2268 5219 2353 5275 διὰ
2378 5221 2439 5274 τὸ
2480 5223 2840 5293 μεμενηκέναι
2876 5226 2991 5295 μετ’
3025 5226 3190 5280 αὐτοῦ
3221 5230 3280 5282 ὲν
3312 5233 3423 5294 τοῖς
3471 5236 3820 5306 πειρασμοῖς,

623 5283 690 5339 δι’
720 5283 937 5382 ισθίιιισι
1106 5288 1327 5382 πίνωσιν
1372 5290 1464 5382 ἐπὶ
1502 5292 1600 5361 τῆς
1643 5296 1913 5368 τραπέζης
1961 5302 2144 5369 αὐτοῦ,
2201 5309 2347 5382 ἄρτῳ

2395 5313 2493 5382 μὲν
2532 5314 2766 5384 οὐρανίῳ
2793 5315 2979 5386 ψυχῶν
3008 5321 3179 5389 ἁγίων
3236 5321 3509 5395 θρετπικῷ
3553 5334 3824 5396 τραφησό-

625 5393 796 5482 μενο-ι,
833 5377 977 5482 οιίνου
1010 5378 1065 5432 δὲ
1106 5378 1200 5482 τοῦ
1245 5381 1789 5482 καινοῦ-γεννήματος
1817 5389 1911 5459 τῆς
1938 5392 2192 5467 ἀληθινῆς
2221 5377 2467 5480 ἀμπέλου
2508 5377 2957 5476 μεταληιίόμενοι,
2996 5377 3068 5481 ηκί
3097 5377 3309 5475 αὐτὺςδ
3340 5411 3448 5467 τῶν

622 5471 714 5522 καὶ
736 5470 925 5572 libi”
946 5470 1202 5572 γεωργῶν
1230 5473 1289 5528 τὸ
1312 5475 1496 5572 καινὸν
1510 5476 1575 5572 ἐξ⁸
1593 5479 1759 5548 αὐτῆς
1778 5482 2017 5557 γέννημα
2041 5494 2153 5557 τοῖς
2176 5494 2295 5548 τότε
2320 5470 2487 5563 ἀξίοις
2510 5470 2754 5572 παρέξει..

757 5562 798 5592 ³·
827 5560 979 5626 Quod
1004 5563 1051 5615 si
1083 5564 1207 5617 inte
1236 5570 1519 5633 peccaverit
1547 5569 1709 5636 frater
1740 5582 1882 5627 tuus.

690 5648 787 5704 llic
812 5652 925 5707 vult
951 5666 1065 5718 eos,
1101 5655 1191 5723 qui
1242 5655 1452 5726 injuriis
1496 5658 1726 5715 lacessiti
1764 5663 1998 5737 fuerunt,
2026 5684 2156 5744 erga

689 5744 739 5777 ”
770 5743 960 5802 ﬂattb.
987 5762 1139 5815 nvi,
1176 5747 1266 5804 29.
1363 5752 1405 5784 ¹¹
1433 5751 1563 5809 an.
1600 5770 1729 5824 χιιι,
1754 5757 1807 5813 5.

2436 5589 2577 5643 Ἐὰν
2606 5590 2676 5643 δὲ
2705 5590 2933 5663 ἁμάρτῃ
2961 5596 3049 5661 είς
3074 5596 3149 5650 σὲ
3180 5600 3213 5651 ό
3239 5596 3499 5668 ἀδελφός
3526 5617 3662 5655 σου.

2345 5678 2606 5734 Ἐνταῦθα
2647 5683 2771 5746 τοὺς
2799 5685 2856 5738 ὲν
2901 5690 3150 5760 προκοπῇ
3184 5689 3508 5766 γενομὲνους
3540 5708 3817 5773 συγχωρηι
