4124 6406
248 383 348 443 Eli

1422 376 1944 436 COIIMENTABIA
1984 376 2048 433 IN
2087 376 2344 436 ιυοΑιι.

248 500 434 564 ’ϐυθοὺς
468 493 608 552 εἶναι
640 499 754 562 τοῖς
782 496 1037 551 πταίουσι
1068 495 1340 567 βούλεται,
1371 493 1698 565 θεραπεύων
1729 493 1823 547 δει⁴

1940 490 2235 549 oll'ensores
2272 506 2404 548 suos
2433 491 2822 564 indulgentiam
2855 506 3180 564 expromere
3213 503 3520 564 :sanatque

248 594 347 666 νὴν
372 592 529 648 νόσον
551 593 610 645 ιν
633 591 818 653 αὐτοῖς
843 588 1103 652 πολλάκις
1143 586 1519 657 ιμφυομένην,
1547 584 1831 638 ἐκκόπτων

245 685 347 756 τὴν
393 684 535 740 κατά
569 682 679 736 τῶν
705 679 1009 734 πταιόντων
1038 679 1337 748 ἀποτομήν.
1385 675 1831 745 Κατεπαῐρεσοαι

247 774 381 845 γοῦν
411 773 703 842 είώθαμεν,
736 769 812 833 ὡς
844 770 983 840 μήτε
1024 767 1399 840 παρακλήσεις
1433 765 1542 818 τῶν
1581 767 1832 836 ἡμαρτη-

246 868 444 930 κότων,
471 866 609 937 μήτε
631 862 737 916 τῶν
760 863 901 933 ὑπὲρ
923 861 1099 914 αὐτῶν
1116 860 1524 930 πρεσϐευόντων
1553 859 1831 928 ἱκετηρίας

248 957 668 1032 παραδέχεσθαι
711 953 847 1026 μηδὶ
895 953 1000 1024 μὴν
1050 949 1464 1016 ὑπολογίζεσθαι
1501 949 1602 1001 ὅσα
1631 947 1695 1017 δὴ
1737 948 1831 1000 καὶ

248 1050 402 1103 αὐτοὶ
446 1049 496 1102 oi
529 1045 804 1115 ἄνθρωποι
853 1042 1135 1104 πταίοντες
1172 1037 1501 1109 συγγνώμης
1542 1038 1640 1108 τῆς
1678 1035 1829 1107 παρὰ

248 1139 343 1195 τοῦ
375 1137 610 1212 μεγάλου
649 1134 836 1207 κριτοῦ
875 1130 1126 1202 δεόμεθα.
1167 1130 1405 1193 Εἰκότως
1434 1124 1527 1181 οὖν
1572 1126 1721 1196 παρὰ
1750 1125 1830 1196 τῷ

252 1230 512 1300 Ματθαίῳ
549 1227 644 1282 καὶ
668 1231 734 1299 τῇ
766 1223 1047 1297 παραϐολῇ
1080 1222 1368 1294 κέχρηται,
1395 1223 1453 1273 ὲν
1553 1219 1827 1288 ὀφειλέται

250 1324 576 1393 είσάγονται,
626 1321 656 1372 ό
708 1319 806 1390 μὲν
852 1314 1021 1386 μυρία
1063 1314 1300 1376 τάλαντα
1347 1313 1598 1380 ὀφείλων,
1646 1310 1683 1364 ἃ
1735 1309 1830 1363 καὶ

251 1415 449 1485 ἀφείθη
476 1412 624 1482 αὑτῷ
660 1408 1036 1482 προσπεσόντιο
1071 1408 1099 1460 ὁ
1141 1405 1198 1458 δὲ
1228 1405 1420 1458 ἑκατὸν
1449 1403 1698 1476 δηνάρια,
1742 1402 1828 1470 ἐφ’

249 1500 330 1572 οἷς
363 1507 698 1572 ἀπεπνίγετο
729 1501 878 1573 παρά
904 1499 999 1553 τοῦ
1031 1497 1326 1566 ἀφεθέντος
1351 1496 1418 1548 τὰ
1453 1494 1624 1547 πολλά
1647 1495 1829 1546 ἐκεῖνα

233 1597 505 1651 τάλαντα.
531 1594 609 1648 Δι’
634 1590 703 1666 ἧς
729 1593 990 1653 διδάσκει,
1023 1591 1104 1643 ὅτι
1153 1587 1227 1659 μὴ
1263 1587 1439 1650 άλλως
1463 1588 1644 1655 τυχεῖν
1673 1584 1826 1637 δυνα-

248 1685 341 1739 τόν
366 1687 483 1738 ἑστι
510 1683 610 1753 τῆς
638 1681 928 1751 βασιλείας,
958 1678 1060 1732 κᾶν
1086 1677 1255 1731 πολλά
1275 1693 1357 1738 τις
1383 1673 1724 1746 κατορθώσῃ,
1753 1671 1828 1744 μὴ

249 1777 342 1832 τὸν
377 1776 579 1846 ἀγαθὸν
602 1775 734 1828 Θεδν
768 1773 1146 1845 μιμησάμενος
1175 1767 1315 1823 κατὰ
1339 1767 1398 1821 τὸ
1426 1767 1826 1838 άμνησίκακον·

1939 582 2114 637 dirum
2167 582 2411 638 morbum
2457 595 2834 648 sapenumero
2883 581 3094 637 illorum
3129 583 3325 640 animis
3362 585 3517 643 inna-

1935 682 2200 737 scentem,
2227 682 2391 742 atque
2414 673 2596 727 odium
2624 687 2732 742 quo
2746 672 2850 727 sibi
2880 673 3154 731 maleﬁcos
3182 689 3519 746 prosequun-

1934 774 2024 819 tur
2055 776 2284 836 resecat.
2336 765 2544 837 Quippe
2587 769 2724 821 adeo
2777 765 3097 821 exacerbari
3153 765 3412 832 solemus.
3457 782 3518 828 ttt

1933 873 2106 925 neque
2154 861 2496 927 peccantium
2549 859 2980 921 obtestationes.
3021 873 3198 927 neque
3243 857 3518 928 supplices

1934 947 2358 1001 Intercessorum
2409 965 2600 1017 preces
2644 950 3012 1012 admittatnus,
3072 963 3248 1015 neque
3301 959 3519 1020 reputa-

1933 1053 2056 1092 mus
2104 1052 2307 1104 quanta
2359 1050 2413 1094 ct
2464 1056 2563 1095 nos
2613 1042 2863 1094 humanae
2919 1041 3253 1094 conditionis
3294 1051 3516 1109 pet-cata

1934 1131 2139 1198 ignosci
2183 1132 2340 1185 nobis
2377 1146 2406 1184 a
2441 1146 2635 1201 magno
2657 1131 2840 1196 judice
2870 1145 3147 1201 egeamus.
3180 1133 3321 1201 Apte
3354 1131 3520 1202 igitur

1931 1221 2069 1289 apud
2097 1221 2399 1276 “animum
2421 1224 2466 1255 “
2495 1224 2751 1290 parabole
2795 1221 3056 1278 Servator
3109 1223 3299 1285 utitur,
3333 1223 3386 1276 in
3407 1237 3515 1291 qua

1932 1314 2212 1369 debitores
2235 1315 2662 1372 introducuntur
2690 1332 2922 1387 quorum
2957 1315 3098 1370 alter
3123 1315 3309 1370 decem
3341 1314 3516 1369 millia

1934 1405 2258 1459 talentorum
2303 1406 2552 1470 debebat,
2597 1421 2719 1476 qua
2772 1406 2874 1476 ipsi
2926 1406 3156 1474 supplici
3209 1407 3515 1460 condonata

1932 1494 2116 1559 luere;
2154 1499 2288 1549 alter
2320 1509 2498 1549 autem
2522 1506 2738 1550 centum
2787 1497 3060 1560 denarios,
3085 1511 3316 1564 quorum
3348 1511 3513 1551 causa

1931 1584 2301 1640 sul'l‘ocabatur
2345 1589 2411 1639 ab
2448 1601 2532 1649 eo,
2575 1587 2662 1640 cui
2696 1596 2877 1640 tantus
2914 1586 3004 1640 ille
3045 1586 3370 1642 talentorum
3411 1604 3515 1642 nu-
3633 1632 3643 1640 .

1937 1692 2120 1730 merus
2166 1677 2428 1731 remissus
2468 1675 2663 1731 fuerat.
2693 1681 2808 1744 Qua
2849 1675 3108 1746 parabole
3157 1678 3336 1742 docet.
3370 1679 3515 1734 baud
3569 1752 3582 1762 ἢ

1939 1767 2108 1822 licere
2160 1783 2386 1837 regnum
2439 1769 2689 1837 adipisci,
2742 1783 3054 1837 quanquam
3103 1769 3305 1838 alioqui
3345 1769 3514 1825 multa

252 1869 552 1940 ιπειδήπερ
584 1869 617 1938 ἡ
655 1865 919 1936 βασιλεία,
946 1863 1122 1934 κρίσει
1163 1863 1288 1924 τοὺς
1319 1858 1501 1923 ἀξίους
1531 1847 1823 1928 παραδεχο-

1936 1869 2080 1912 recte
2101 1857 2302 1927 aliquis
2333 1857 2542 1922 fecerit,
2581 1859 2682 1912 nisi
2720 1858 2814 1912 Dei
2847 1859 3142 1914 bonitatem
3187 1859 3512 1928 injuriarum

253 1961 411 2034 μόνη,
439 1961 566 2023 τοὺς
597 1957 671 2031 μὴ
714 1955 1156 2028 συγχωρητικοὺς
1198 1952 1292 2006 καὶ
1335 1951 1427 2003 τὸν
1473 1947 1676 2017 ἀγαθὸν
1719 1947 1829 2000 τῶν

248 2052 386 2107 ὅλων
430 2049 620 2124 κριτὴν
652 2048 794 2103 κατά
835 2046 994 2100 τοῦτο
1022 2043 1390 2116 μιμουμένους
1431 2042 1491 2094 οὐ
1539 2039 1831 2111 παραδέχε-

249 2160 359 2200 ται.
389 2144 466 2198 Οὐ
495 2142 604 2213 γὰρ
625 2140 691 2195 ἂν
723 2140 836 2212 ἔχει
863 2155 948 2202 τις
973 2139 1144 2191 εἰπεῖν
1172 2133 1409 2189 τοσαῦτά
1430 2149 1552 2186 τινα
1577 2130 1830 2201 πεπλημ-

256 2236 550 2309 μεληκέναι
581 2235 662 2297 εἰς
687 2232 897 2295 ἑαυτὸν,
921 2231 1022 2284 ὅσα
1047 2246 1153 2300 περ
1198 2229 1356 2290 αὐτὸς
1377 2227 1468 2278 τὸν
1493 2223 1672 2277 πάντα
1697 2222 1827 2293 χρό-

251 2345 341 2382 νον
359 2329 456 2399 τῆς
475 2326 639 2380 αὐτοῦ
660 2325 803 2402 ζωῆς
817 2323 968 2396 παρά
989 2323 1050 2376 τὸ
1073 2321 1316 2392 βούλημα
1336 2318 1429 2372 τοῦ
1452 2316 1588 2370 Θεοῦ
1617 2314 1826 2388 πράξας

256 2411 534 2489 Βφίιλέτης
557 2416 692 2470 εστί-
721 2414 851 2469 ποτὲ
877 2415 974 2486 μὶν
999 2413 1108 2483 γὰρ
1129 2411 1218 2465 διὰ
1237 2409 1328 2464 τοῦ
1352 2409 1511 2476 λόγου
1535 2408 1822 2476 πταίομεν,

249 2512 381 2565 ποτὲ
412 2509 468 2563 δὲ
507 2509 574 2563 δι’
607 2507 844 2578 αἰσχρῶν
876 2507 971 2560 καὶ⁵
1015 2503 1266 2575 πονηρῶν
1300 2498 1732 2570 ὲπιθυμημάτων
1765 2514 1824 2551 τε

247 2605 344 2658 καὶ
394 2601 666 2674 πράξεων.
714 2599 861 2671 Πλὴν
900 2599 1051 2669 ὅμως
1100 2595 1338 2649 τοσαῦτα
1371 2591 1676 2654 πταίοντες,
1725 2591 1825 2642 οὐκ

245 2691 692 2762 ἀπογινώσκομεν
714 2689 814 2752 τὰς
835 2687 987 2759 παρὰ
1015 2686 1092 2757 τῷ
1120 2686 1240 2757 Θεῷ
1263 2684 1502 2747 ἐλπίδας,
1529 2682 1616 2736 διὰ
1640 2681 1702 2735 τὸ
1740 2697 1826 2749 φι-

245 2778 564 2851 λάνθρωπον
591 2777 685 2832 καὶ
709 2775 1028 2842 ἀνεξίκακον
1049 2775 1173 2845 ὲλεη
1182 2773 1399 2845 μονικόν
1421 2788 1480 2824 τε
1503 2771 1596 2823 καὶ
1623 2786 1824 2839 συγχω-

249 2868 472 2940 ρητικὺν
503 2865 598 2921 τοῦ
631 2865 788 2920 Θεοῦ.
834 2865 1042 2919 Οὐκοῦν
1079 2865 1270 2917 ιπεται
1313 2861 1392 2931 τῷ
1435 2858 1584 2929 αὐτῷ
1618 2859 1820 2930 μέτρῳ,

247 2959 342 3014 καὶ
372 2959 519 3030 ἡμᾶς
559 2960 778 3030 μετρεῖν
809 2959 922 3020 τοῖς
955 2959 1034 3017 εἰς
1065 2957 1214 3026 ἡμᾶς
1258 2953 1652 3023 ἁμαρτάνουσι·
1688 2950 1821 3019 μηδὲ

247 3049 390 3105 κατά
432 3049 524 3103 τὸν
566 3048 771 3120 Πέτρον
804 3045 1267 3118 ἀκριϐολογεῖσθαι
1306 3046 1372 3114 τῇ
1420 3041 1818 3111 φιλανθρωπίᾳ,

245 3138 340 3194 καὶ
386 3137 578 3209 μέχρις
611 3135 834 3207 ἑϐδόμου
865 3133 1097 3205 ἀριθμοῦ
1133 3135 1243 3196 τοῖς
1273 3134 1351 3193 είς
1396 3131 1544 3201 ἡμᾶς
1567 3132 1819 3200 ἡμαρτη-

1933 1951 2212 2007 oblivione
2254 1952 2520 2006 imitetur.
2557 1949 2689 2004 Nam
2743 1965 2965 2020 regnum
3000 1952 3142 2021 quod
3182 1952 3398 2007 nonnisi
3430 1951 3515 2022 ju-

1932 2043 2074 2097 dicio
2120 2043 2376 2113 probatos
2427 2043 2640 2111 recipit,
2677 2043 2870 2096 alienis
2915 2057 2944 2096 a
2993 2043 3285 2098 clementia
3333 2059 3513 2114 neque

1929 2135 2171 2189 omnium
2194 2133 2437 2202 judicem
2477 2135 2577 2188 bac
2610 2135 2809 2188 virtute
2841 2133 3180 2189 imitantibus
3225 2135 3510 2207 haudqua-

1929 2240 2087 2293 quam
2131 2235 2298 2296 patet.
2342 2224 2527 2294 Neque
2570 2226 2715 2279 enim
2759 2225 3069 2294 quempiam
3114 2235 3264 2282 tanta
3307 2226 3362 2281 in
3404 2241 3507 2283 nos

1928 2330 2182 2386 peccasse
2209 2313 2623 2380 amrmabimus,
2654 2327 2855 2384 quanta
2886 2327 3095 2370 nosmet
3117 2333 3214 2388 per
3239 2318 3510 2372 universa

1928 2409 2052 2462 vitae
2097 2419 2309 2477 tempus
2351 2409 2616 2463 adversus
2651 2408 2743 2462 Dei
2775 2407 3107 2463 voluntatem
3138 2411 3500 2477 patravimus.

1929 2499 2158 2570 ideoque
2198 2500 2472 2555 debitores
2533 2501 2827 2555 evasimus.
2887 2499 3020 2555 Nam
3047 2501 3212 2556 modo
3259 2514 3516 2554 sermone

1925 2590 2268 2653 oleudimus,
2298 2591 2457 2645 modo
2499 2593 2744 2662 turpibus
2776 2592 3095 2660 vitiosisque
3123 2590 3512 2661 cupiditatibus

1923 2692 2087 2752 atque
2123 2684 2352 2736 actibus.
2391 2681 2755 2738 Nihilominus
2798 2683 2891 2753 qui
2943 2693 3092 2738 tanta
3118 2681 3509 2749 delinquimus,

1925 2773 2172 2828 ﬁduciam
2219 2773 2465 2842 placandi
2518 2773 2610 2828 Dei
2659 2789 2765 2828 non
2795 2774 3121 2837 omittimus,
3151 2786 3312 2842 quem
3346 2767 3514 2823 bette-

1925 2864 2101 2918 volnm
2147 2864 2485 2924 hominibus.
2532 2866 2830 2933 patientem
2865 2880 2929 2920 ac
2976 2862 3392 2920 misericordem
3421 2874 3522 2915 ve-

1925 2955 2135 3023 niaeque
2187 2970 2415 3022 pronum
2463 2956 2685 3010 scimus.
2742 2955 3186 3011 Consentaneum
3223 2964 3309 3010 est
3349 2953 3524 3024 igitur

1923 3055 1982 3098 ut
2009 3050 2195 3099 eadem
2240 3061 2496 3099 mensura
2549 3047 2635 3108 iis,
2661 3062 2892 3114 quorum
2933 3045 3157 3101 oll'ensze
3199 3047 3254 3100 in
3288 3061 3391 3102 nos
3422 3059 3521 3104 es.

1923 3136 2199 3194 stiterunt,
2245 3135 2545 3205 largiamur
2576 3154 2588 3189 :
2617 3151 2814 3204 neque,
2846 3146 2903 3189 ut
2932 3137 3060 3190 olim
3095 3135 3296 3192 Petrus
3312 3137 3384 3205 ",
3417 3138 3520 3196 ηιὶο

245 3227 367 3282 κόσι
395 3229 693 3299 συγχωρεῖν
713 3244 726 3257 ·
766 3226 907 3279 κατά
937 3225 993 3278 δὲ
1025 3224 1116 3276 τὸν
1144 3221 1402 3294 συμπαθῆ
1436 3221 1531 3274 καὶ
1556 3220 1822 3290 ἐλεήμονα

1928 3235 2050 3278 nuta
2091 3225 2462 3279 benevolentia
2509 3227 2701 3290 simus.
2743 3243 2921 3296 neque
2952 3227 3272 3295 injuriarum
3316 3232 3519 3288 remis-

243 3315 476 3388 Σωτῆρα
507 3317 664 3388 μέχρι
689 3315 782 3370 τοῦ
819 3314 1278 3385 ἑϐδομηκοντάκις
1319 3311 1481 3366 ἑπτά·
1517 3313 1576 3365 οὐ
1608 3313 1824 3375 πάντως

243 3408 316 3464 τὰ
327 3408 564 3463 τοσαῦτα
577 3425 732 3478 περιε
739 3404 905 3480 ργαζο
913 3406 1103 3497 [μνους
1119 3406 1336 3497 ἀμαρτή
1347 3423 1511 3475 ματα,
1530 3407 1622 3458 καὶ
1637 3404 1784 3457 ὥσπε
1794 3420 1824 3474 ρ

243 3498 566 3574 ἀναγραφὴν
585 3498 763 3554 αὐτῶν
796 3495 1149 3569 ποιουμένους
1177 3495 1298 3550 καθ’
1324 3499 1563 3567 ἑκάστην
1588 3497 1822 3567 ἡμέραν,

243 3593 310 3646 stt
337 3591 396 3645 δὲ
435 3591 624 3645 τούτου
663 3590 725 3644 τὸ
764 3590 1144 3662 ἀπεριόριστον
1173 3588 1618 3658 διδασκομένους.
1650 3587 1823 3640 Πυθο-

247 3681 410 3753 μένου
435 3681 544 3753 γὰρ
565 3680 659 3735 τοῦ
683 3680 889 3752 Πέτρου
916 3681 1008 3734 ἐπὶ
1029 3678 1214 3742 πόσοις
1236 3682 1348 3742 τοῖς
1367 3680 1447 3742 είς
1474 3679 1622 3748 ἡμᾶς
1645 3679 1824 3748 ἁμαρ-

242 3772 559 3843 τανομένοις
603 3773 902 3842 συγχωρεῖν
960 3769 1088 3832 δέοι,
1135 3769 1229 3822 καὶ
1266 3767 1498 3839 ἀριθμὴν
1543 3767 1822 3840 ὁρίσαντος

241 3864 336 3919 τδν
377 3864 483 3928 ῑως
521 3864 770 3928 ἑπτάκις,
804 3865 833 3916 ό
865 3863 1056 3933 Σωτὴρ
1094 3862 1184 3915 τὸν
1225 3860 1330 3924 ἕως
1363 3860 1822 3930 ἑϐδομηκοντάκις

242 3958 384 4013 ιπτά
411 3958 693 4027 είσήγαγε,
727 3955 846 4010 καθ’
872 3955 931 4008 ὃν
953 3955 1032 4008 δεῖ
1055 3954 1150 4007 καὶ
1174 3954 1323 4024 ἡμᾶς
1349 3952 1587 4020 ἀφιέναι,
1615 3950 1821 4014 εἰδότας

242 4049 338 4102 καὶ
365 4047 782 4119 πεπεισμένους,
807 4045 882 4110 ὡς
914 4045 1064 4098 ἔσται
1093 4043 1284 4114 καιρὸς
1313 4043 1435 4098 καθ’
1465 4043 1523 4096 ὃν
1551 4041 1820 4113 συναρθή-

244 4155 398 4194 σεται
437 4139 572 4210 πρὸς
619 4139 766 4208 ἡμᾶς
797 4138 954 4206 λόγος
987 4137 1093 4189 ὑπὸ
1125 4135 1221 4189 τοῦ
1275 4136 1491 4189 πάντων
1542 4133 1730 4204 κριτοῦ
1760 4150 1819 4186 τε

241 4230 341 4284 καὶ
369 4228 650 4300 βασιλέως,
679 4228 898 4282 ιπειδίω
925 4229 975 4281 οῖ
1004 4227 1202 4292 πάντες
1227 4227 1596 4298 παραστῶμεν
1625 4223 1702 4294 τῷ
1732 4223 1823 4296 βή-

244 4336 376 4392 ματι
399 4318 586 4384 αὐτοῦ,
615 4321 702 4374 ὅτε
727 4313 773 4388 ᾧ
803 4320 987 4393 μέτρῳ
1015 4319 1342 4392 μετροῦμεν,
1367 4318 1822 4389 ἀντιμετρηθήσε-

238 4424 334 4466 ται
359 4411 510 4483 ἡμῖν.
559 4411 617 4464 '0
664 4411 762 4482 μὲν
800 4410 908 4484 γὰρ
945 4411 1119 4482 μέγας
1159 4410 1412 4482 βασιλεὺς
1439 4409 1687 4463 ἐντεῦθεν
1716 4409 1816 4480 ἥδη

239 4503 410 4558 πᾶσιν
427 4505 562 4576 ἡμῖν
585 4506 695 4566 τοῖς
715 4501 1133 4574 χρεωφειλέταις
1158 4501 1368 4555 πολλῶν
1387 4500 1661 4554 ταλάντων
1678 4500 1819 4553 κατά

1925 3315 2130 3369 sionem
2169 3320 2484 3386 septenario
2529 3333 2754 3375 numero
2801 3329 3176 3385 coarctemus;
3230 3321 3341 3376 imo
3381 3339 3515 3380 vero

1925 3409 2232 3476 septuagies
2283 3411 2484 3477 septies
2531 3426 2654 3464 cum
2713 3412 2981 3464 clemente
3056 3413 3514 3487 misericordique

1927 3496 2216 3553 Servatore
2288 3515 2598 3568 parcamus.
2675 3502 2854 3567 Quare
2919 3501 3154 3558 olfensas
3213 3521 3281 3559 ne
3314 3508 3507 3564 sedulo

1923 3590 2264 3654 ventilemns,
2302 3607 2474 3660 neque
2521 3594 2713 3646 harum
2756 3593 2916 3647 veluti
2964 3597 3416 3651 commentarium
3449 3601 3503 3654 in

1925 3680 2041 3736 dies
2065 3681 2436 3737 conﬁciemus.
2465 3682 2617 3738 Nunc
2641 3685 2786 3738 enim
2813 3684 3205 3753 indulgentiam
3246 3688 3365 3742 sine
3395 3688 3506 3749 line

1928 3770 2464 3827 docemur.~Etenim
2513 3775 2885 3844 interrogante
2932 3774 3094 3829 Petro
3127 3778 3342 3844 quoties
3370 3794 3504 3848 pec-

1923 3863 2179 3916 cantibus
2223 3865 2484 3918 adversus
2531 3880 2630 3919 nos
2662 3865 2939 3934 indulgere
2977 3877 3281 3936 Oporteret,
3311 3853 3502 3924 nume.

1928 3968 2158 4022 rumque
2196 3955 2562 4025 septenarium
2599 3955 2914 4022 deliniente,
2947 3955 3208 4012 Servator
3231 3973 3401 4029 usque
3428 3959 3500 4015 ad

1923 4046 2242 4116 septuagies
2287 4047 2487 4116 septies
2533 4048 2790 4118 produxit
2837 4049 3009 4108 venite
3068 4049 3258 4104 danda
3287 4067 3316 4103 ιι
3345 4051 3504 4108 nobis

1923 4150 2243 4202 numerum;
2272 4137 2438 4206 probe
2485 4137 2741 4192 nimirum
2784 4141 3042 4203 consciis,
3072 4150 3284 4210 tempus
3329 4140 3501 4199 all'ore

1922 4241 2029 4295 quo
2060 4227 2299 4283 rationes
2318 4231 2598 4283 nobiscum
2621 4240 2891 4298 ponentur
2907 4231 2974 4284 ab
2997 4232 3288 4285 universali
3317 4232 3501 4301 judice

1921 4333 1984 4372 ac
2012 4333 2156 4388 rege,
2187 4336 2308 4374 cum
2343 4336 2532 4375 omnes
2581 4332 2707 4374 ante
2749 4321 2869 4389 ejus
2911 4323 3146 4376 tribunal
3199 4325 3500 4379 constitue-

1924 4425 2064 4469 rsur.
2086 4420 2142 4464 et
2172 4427 2276 4480 qua
2326 4427 2580 4465 mensura
2620 4414 2792 4466 mensi
2839 4411 3124 4476 fuerimus,
3179 4418 3500 4473 remetietur

1922 4501 2096 4554 nobis.
2121 4500 2329 4555 Etenim
2361 4517 2504 4556 nunc
2544 4517 2772 4572 magnus
2799 4519 2890 4558 rex
2929 4505 3144 4560 cunctis
3169 4507 3325 4560 nobis
3359 4509 3498 4561 mul-

238 4593 302 4647 τδ
328 4593 538 4667 πρέπον
557 4593 718 4648 αὑτοῦ
745 4597 810 4665 τῇ
834 4591 1217 4664 φιλανθρωπίᾳ
1238 4592 1298 4645 τὸ
1316 4593 1422 4644 πᾶν
1442 4592 1611 4660 ἀνῆκε
1634 4591 1812 4660 χρέος,

1925 4601 2096 4645 lorum
2127 4592 2453 4646 talentorum
2491 4594 2850 4662 debitoribus,
2878 4605 3034 4666 prout
3069 4611 3223 4676 suam
3249 4597 3496 4653 clemen-

235 4682 366 4748 δοὺς
409 4683 604 4754 ἄφεσιν
649 4685 866 4756 ἀμαρτη
876 4684 1058 4755 μάτων
1107 4683 1201 4736 καὶ
1251 4681 1536 4749 ἐξαλείψας
1581 4680 1640 4732 τὸ
1690 4679 1812 4732 καθ’

1925 4684 2042 4737 tiam
2088 4681 2332 4745 decebat,
2375 4683 2617 4736 debitum
2659 4685 2888 4750 remisit,
2931 4687 3064 4739 dans
3109 4686 3350 4755 peccatis
3405 4701 3496 4740 ve-

235 4773 400 4846 ήμῶν
423 4773 800 4847 χειρόγραφον*
841 4778 1003 4846 ἡμεῖς
1034 4774 1078 4827 δ’
1117 4774 1209 4827 ἐπὶ
1251 4773 1475 4844 βραχέσι
1507 4771 1813 4841 πταίσμασι

235 4867 366 4930 τοὺς
408 4864 726 4930 συνδούλους
767 4866 1162 4936 ἀποπνίγομεν,
1197 4866 1290 4918 καὶ
1333 4863 1813 4935 παρακαλούμενοι

234 4956 299 5010 οὐ
350 4955 740 5030 συγχωροῦμεν
769 4957 837 5010 τὰ
864 4959 944 5020 είς
989 4958 1137 5027 ἡμᾶς
1181 4953 1537 5025 ἐπταισμένα,
1588 4953 1662 5024 μὴ
1692 4954 1814 5005 ἑπι-

237 5047 567 5121 μετροῦντες
603 5048 673 5102 τά
703 5047 793 5101 ῖσα
829 5043 910 5111 οἷς
943 5047 1093 5120 παρά
1133 5046 1266 5102 Θεοῦ
1299 5047 1676 5116 τετυχήκαμεν
1704 5046 1817 5106 τοῖς

236 5139 526 5213 ἡμετέροις
571 5138 826 5202 οἰκέταις.
859 5139 1108 5207 Εὐὶόγως
1149 5133 1242 5192 οὖν
1275 5137 1654 5206 ἀγανάκτησις
1690 5133 1831 5187 καθ’.

233 5231 394 5302 ἡμῶν
415 5230 841 5304 εξενεχθήσεταιο
884 5232 977 5284 καὶ
1012 5233 1042 5284 ό
1078 5231 1176 5302 τὴν
1204 5232 1384 5283 πᾶσαν
1420 5231 1550 5299 ἡμῖν
1593 5225 1814 5298 ὀφειλὴν

234 5322 397 5394 ἀφεὶς
424 5325 701 5395 Δεσπότης
739 5323 916 5378 οὐκέτ’
956 5322 1157 5393 ἀφήσει
1201 5323 1352 5392 ἡμῖν·
1388 5318 1502 5373 ἀλλ’
1548 5310 1594 5386 ᾧ
1632 5317 1814 5389 μέτρῳ

238 5418 668 5489 μεμετρήκαμεν
694 5414 1010 5487 ἀσυμπαθεῖ
1032 5414 1128 5468 καὶ
1158 5412 1367 5467 ἀνελεεῖ
1400 5410 1496 5464 καὶ
1526 5408 1809 5479 ἀποτόμῳ,

233 5507 594 5579 ιπιμετρήσει
635 5506 784 5577 ἡμῖν·
815 5506 909 5561 καὶ
935 5505 1028 5558 τὸν
1059 5503 1120 5569 ἐξ
1155 5502 1309 5575 ἡμῶν
1355 5504 1498 5557 κατὰ
1524 5500 1633 5555 τῶν
1673 5501 1811 5570 ἠμε-

231 5596 406 5669 τέρων
435 5594 737 5652 συνδούλων
759 5597 883 5670 ὅρον
910 5595 1034 5651 καθ’
1059 5594 1217 5667 ἡμῶν
1251 5594 1571 5665 επαρτήσει.
1617 5589 1810 5660 Ἐφεύο

308 5783 563 5842 “lauit.
597 5799 752 5854 svnt,
780 5784 873 5842 υ.
948 5785 997 5820 ³⁸
1023 5782 1178 5852 ibid.,
1203 5784 1295 5841 ει.
1387 5841 1391 5844 .

1916 4773 2104 4838 niam,
2149 4771 2443 4842 delensque
2495 4775 2757 4843 scriptum
2815 4785 3002 4831 contra
3058 4792 3154 4831 nos
3217 4777 3495 4846 chirogra-

1915 4863 2076 4936 phum
2111 4879 2126 4916 :
2154 4879 2252 4918 nos
2283 4875 2462 4919 autem
2499 4866 2643 4920 leves
2681 4868 2750 4921 ob
2777 4868 2966 4937 culpas
2999 4881 3291 4923 causervos
3320 4867 3492 4930 δυσο-

1917 4952 2125 5018 camus,
2149 4964 2314 5023 atque
2347 4955 2616 5012 obsecrati
2663 4958 2886 5012 minime
2919 4960 3245 5014 remittimus
3273 4975 3393 5029 quae
3433 4960 3489 5015 in

1920 5060 2020 5100 nos
2041 5055 2263 5114 peccata
2300 5045 2530 5112 fuerint;
2566 5047 2924 5104 l'ainiliaribus
2963 5050 3165 5104 nostris
3211 5050 3350 5104 haud
3390 5065 3491 5119 pa-

1919 5140 1998 5190 rla
2042 5136 2305 5192 facientes
2337 5137 2424 5201 iis,
2471 5155 2593 5209 qua:
2634 5155 2736 5194 nos
2759 5155 2790 5193 a
2823 5139 2939 5197 Deo
2969 5142 3248 5196 consecuti
3277 5156 3487 5200 sumus.

1917 5227 2113 5284 Merito
2154 5229 2337 5296 itaque
2378 5231 2534 5283 nobis
2561 5231 2831 5284 irascetur
2861 5231 2907 5287 is
2931 5234 3021 5301 qui
3052 5244 3212 5284 omne
3243 5230 3486 5286 debitum

1915 5319 2071 5373 nobis
2123 5321 2529 5376 condonaverat
2577 5321 2833 5375 Dominus
2877 5340 2892 5375 :
2933 5335 3109 5391 neque
3151 5319 3267 5390 jam
3331 5321 3492 5376 nobis

1914 5420 2133 5481 parcet;
2198 5413 2288 5468 sed
2330 5427 2434 5482 qua
2491 5429 2746 5469 mensura
2805 5417 2979 5471 mensi
3023 5413 3313 5479 fuerimus,
3350 5415 3490 5474 dura

1915 5499 2185 5571 videlicet,
2213 5499 2646 5560 immisericorde
2675 5513 2731 5559 et
2749 5519 2965 5575 aspera,
2992 5505 3178 5561 eadem
3214 5504 3372 5561 nobis
3399 5520 3488 5562 re-

1913 5591 2150 5660 tribuet;
2207 5592 2478 5666 latamque
2507 5609 2539 5651 a
2569 5592 2726 5652 nobis
2770 5597 3029 5653 advenas
3066 5607 3358 5652 conservos
3386 5591 3489 5655 tio-
