4124 6406
692 372 799 428 583

1353 364 1617 423 EUSEBll
1654 360 2121 421 CESARIENSIS
2158 360 2310 418 OPP.
2351 359 2531 415 PARS
2565 358 2650 413 Ill.
2688 388 2758 398 -—
2791 355 3195 411 EXEGE’I‘ICA.

3789 343 3888 401 581

692 496 834 541 stros
876 485 1220 548 sententiam,
1253 480 1320 536 de
1350 479 1614 534 nobismet
1647 476 1852 545 pariter
1878 476 2037 530 dicet.
2067 473 2235 529 Secus

2341 492 2420 545 ροι
2449 475 2505 527 δέ
2535 492 2616 537 τις
2642 473 2818 543 ἐαυτῷ
2854 470 3071 541 μέθοδον
3092 468 3301 539 ἀγαθῆς
3329 465 3655 534 duo;an
3677 463 3776 534 τῆς
3804 449 3891 516 sui

689 590 821 630 vero
850 576 977 630 licet
1015 575 1209 643 cuique
1246 549 1401 643 bona:
1436 568 1710 622 sententiae
1750 579 1916 633 genus
1952 564 2054 619 sibi
2102 566 2238 633 apud

692 666 819 721 illud
864 665 1096 719 tribunal
1136 672 1473 729 comparare,
1522 651 1566 711 si
1600 657 1715 724 ipse
1762 664 1917 707 antea
1968 656 2039 707 sit
2087 654 2239 708 beni-

691 770 848 825 gnus,
887 763 941 808 et
971 755 1158 809 alienis
1180 759 1369 805 contra
1392 762 1448 801 se
1473 746 1709 816 peccatis
1739 744 2027 813 indulgeat.

865 846 913 879 “
938 845 1003 899 Et
1049 846 1217 897 dicent
1247 842 1390 895 vobis
1414 856 1432 894 :
1457 838 1591 892 Ecce
1618 840 1723 903 hic,
1755 838 1831 892 vel
1860 852 1973 889 erce
2003 836 2128 887 illic.

762 936 887 993 Haec
918 936 1210 991 secundum
1257 928 1562 983 Mattbmum
1610 928 1751 979 dicta
1790 934 1912 979 sunt
1952 926 2017 979 de
2052 924 2237 976 Hiero-

693 1028 1019 1097 solymornm
1065 1022 1298 1077 excidio.
1349 1019 1527 1086 Quare
1578 1016 1685 1070 illic
1727 1012 2238 1069 addebaturzTunc

688 1119 779 1187 qui
810 1120 863 1169 in
910 1113 1102 1169 ludam
1135 1123 1276 1177 sunt,
1302 1110 1509 1180 fugiant
1535 1109 1602 1160 ad
1634 1117 1837 1159 montes
1861 1105 1926 1157 ⁸⁸.
1954 1104 2238 1157 Verumta-

694 1224 813 1265 men
851 1209 936 1263 hic
967 1208 1032 1261 de
1060 1202 1379 1259 Antichristi
1417 1198 1748 1271 temporibus
1774 1198 2029 1251 Servator
2066 1194 2239 1265 prolo-

693 1299 905 1368 quitur;
942 1297 1167 1366 ideoque
1193 1295 1353 1350 verba
1387 1291 1474 1346 illa
1503 1306 1611 1345 non
1638 1289 2030 1359 adjunguntur.

830 1389 875 1421 “
900 1386 1137 1441 Primum
1167 1393 1365 1455 oportet
1392 1383 1543 1437 illum
1574 1381 1737 1435 multa
1762 1382 1889 1447 pati.

763 1479 858 1534 His
884 1480 1064 1533 verbis
1089 1477 1321 1531 futuram
1355 1488 1565 1543 quoque
1599 1473 1885 1541 aliquando
1917 1471 2237 1540 apostasiam

694 1570 873 1625 innuit
899 1570 1020 1622 dum
1058 1567 1133 1621 sit
1163 1582 1177 1619 :
1215 1564 1451 1619 Primum
1488 1570 1699 1632 oportet
1732 1561 1877 1613 illum
1917 1560 2079 1614 multa
2107 1560 2234 1628 pati,

692 1671 749 1711 et
786 1657 1057 1727 reprobsri
1103 1669 1133 1707 a
1177 1652 1527 1722 generatione
1564 1652 1685 1712 bac,
1713 1663 1902 1716 nempe
1939 1648 2235 1701 hominum.

694 1748 826 1802 Nam
874 1746 1141 1816 repulsum
1181 1752 1355 1811 atque.
1386 1742 1745 1809 improbatum
1791 1740 1856 1793 iri
1893 1738 2235 1807 Evangelium

2337 567 2429 619 τοῦ
2469 564 2842 635 δικαιωτηρίου
2876 561 3381 631 ἐξενεχθησομένης,
3410 560 3457 610 εί
3494 553 3778 627 προλαϐὼν
3805 565 3893 621 γε-

2337 675 2476 711 νοιτο
2506 656 2881 726 φιλάνθρωπος
2925 655 3019 705 καὶ
3059 651 3165 704 τῶν
3201 652 3279 713 είς
3314 650 3474 703 αὑτὸν
3518 644 3895 717 ἁμαρτανομέ-

2337 766 2441 803 νων
2472 747 2895 818 συντ-χωρητικός.

2437 840 2546 892 Καὶ
2574 838 2818 907 ἐροῦσιν
2845 838 3015 907 ὑμῖνο
3060 834 3202 889 Ἰδοὺ
3234 827 3371 896 ὦδε,
3415 833 3451 899 ἢ
3485 830 3610 884 ίδοὺ
3644 828 3788 883 ἐκεῖ.

2406 927 2588 979 Ταῦτα
2629 926 2766 979 κατά
2810 928 2907 996 μὲν
2954 926 3043 978 τὸν
3081 922 3352 978 Ματθαῖον
3394 920 3611 987 ἐλέγετο
3647 914 3894 987 περὶτῆς

2338 1015 2667 1088 ἐρημώσεως
2729 1016 3080 1084 Ἰερουσαλήμ
3112 1013 3219 1081 (66)
3244 1029 3256 1042 ·
3308 1010 3388 1063 διὸ
3420 1012 3513 1063 καὶ
3544 1008 3889 1081 προσέκειτο·

2343 1108 2477 1160 Τότε
2505 1109 2556 1159 οι
2582 1106 2652 1159 ἐν
2688 1104 2761 1173 τῇ
2812 1106 3068 1170 Ἰουδαίᾳ
3110 1101 3492 1172 φευγέτωσαν
3518 1102 3605 1164 είς
3646 1101 3719 1152 τὰ
3766 1097 3891 1167 ὄρηο

2336 1196 2565 1249 ἐνταῦθα
2594 1196 2650 1248 δέ
2667 1196 2793 1266 περὶ
2821 1195 2928 1247 τῶν
2962 1196 3165 1266 καιρῶν
3190 1194 3282 1247 τοῦ
3314 1192 3679 1260 Ἀντιχρίστου
3706 1186 3895 1259 προλι-

2336 1304 2449 1356 γει³
2484 1287 2563 1340 διὸ
2588 1288 2650 1339 οὐ
2688 1286 3005 1357 πρόσκειται
3037 1287 3209 1339 τοῦτο.

2580 1376 2816 1444 Πρῶτον
2854 1376 2945 1429 δεῖ
2974 1378 3159 1431 αὐτὸν
3196 1372 3392 1429 πολλὰ
3416 1370 3626 1425 παθεῖν

2405 1469 2703 1522 Δίνίττεται
2723 1469 2778 1520 δέ
2810 1468 2902 1519 καὶ
2924 1469 2980 1519 ἐν
3008 1467 3217 1529 τούτοις
3242 1467 3339 1535 τήν
3366 1480 3494 1515 ποτε
3525 1460 3893 1531 γενησομένην

2336 1560 2668 1613 ἀποστασίαν
2705 1558 2904 1612 εἰπών·
2942 1558 3161 1629 Πρῶτον
3195 1557 3252 1609 δέ
3280 1556 3359 1607 δεῖ
3385 1554 3546 1607 αὐτὸν
3581 1550 3752 1605 πολλά
3788 1566 3893 1601 πα-

2337 1652 2447 1703 θεῖν
2480 1651 2571 1703 καὶ
2603 1647 3097 1718 ἀποδοκιμασθῆναι
3142 1647 3249 1699 ἀπὸ
3294 1646 3390 1715 τῆς
3432 1645 3622 1712 γενεᾶς
3665 1641 3889 1709 ταύτης,

2334 1742 2570 1813 δηλονότι
2614 1741 2715 1811 τῆς
2758 1740 2864 1793 τῶν
2899 1738 3225 1809 ἀνθρώπων
3256 1734 3622 1805 ἀποϐληθῆναι
3661 1732 3769 1802 γάρ
3802 1731 3893 1782 καὶ

694 1835 829 1904 ejus,
858 1833 1215 1903 populumque
1240 1830 1479 1897 ejusdem
1509 1841 1832 1897 magnopere
1873 1825 2121 1880 amictum
2149 1826 2234 1889 iri,

2339 1834 2832 1904 ἀποδοκιμασθῆναι
2882 1831 2971 1884 τὸν
3015 1831 3143 1899 περὶ
3192 1827 3353 1881 αὐτοῦ
3393 1826 3570 1893 λόγον,
3620 1823 3791 1875 πολλά
3834 1836 3890 1873 τι

692 1925 1015 1978 vaticinatus
1046 1932 1158 1988 est;
1192 1923 1305 1976 sive
1331 1921 1384 1973 in
1414 1919 1720 1974 consecutis
1750 1918 1943 1972 deinde
1983 1931 2237 1985 persecu-

695 2015 951 2077 tionibus,
978 2015 1174 2084 quibus
1208 2010 1512 2065 furentibus
1546 2017 1800 2064 sexcenta
1833 2009 1948 2075 ipse
1981 2006 2238 2062 Servator

692 2120 881 2174 passus
901 2115 1003 2170 est,
1037 2103 1341 2157 maledictis
1368 2102 1643 2156 hominum
1671 2100 1972 2168 appetitus;
1999 2101 2111 2153 sive
2139 2099 2238 2152 Ec-

693 2193 852 2248 clesia
882 2194 999 2261 ejus
1027 2202 1186 2261 atque
1216 2190 1459 2245 doctrina
1505 2203 1628 2242 cum
1676 2189 2044 2255 exagitaretur
2074 2196 2237 2254 atque

692 2292 1117 2353 oppugnaretur;
1175 2280 1290 2335 sive
1355 2279 1410 2333 in
1467 2277 1704 2332 universi
1758 2277 2237 2343 consummatione,

692 2388 815 2427 cum
843 2370 1187 2440 Evangelium
1222 2367 1339 2435 ejus
1380 2368 1601 2421 omnino
1638 2365 2048 2436 improbabitur,
2080 2377 2239 2438 atque

690 2474 761 2515 ex
788 2458 1061 2514 hominum
1087 2468 1229 2513 cmtu
1256 2456 1727 2511 exterminabitur.

844 2548 889 2582 ⁸⁷
915 2545 980 2600 Et
1001 2548 1131 2601 sicut
1156 2548 1346 2600 accidit
1388 2543 1593 2599 Noachi
1624 2547 1957 2614 temporibus,
1984 2551 2087 2602 etc.

764 2639 854 2695 Sic
884 2639 1045 2707 igitur
1076 2635 1307 2705 repulso,
1342 2635 1417 2689 uti
1436 2634 1635 2692 dictum
1661 2642 1765 2699 est,
1794 2650 1890 2703 per
1916 2637 2237 2704 apostasiam

694 2744 940 2785 sermone
981 2728 1314 2797 evangelica,
1370 2740 1521 2779 more
1571 2726 1835 2779 malorum
1883 2741 2000 2795 qua:
2052 2727 2236 2781 diluvii

692 2829 928 2889 tempore
952 2818 1309 2886 contigerunt,
1332 2816 1529 2884 impiis,
1562 2815 1754 2883 inquit,
1791 2816 2100 2873 hominibus
2126 2818 2240 2872 exi-

694 2911 822 2965 tium
844 2912 1200 2979 superveniet.
1224 2907 1289 2962 Et
1317 2908 1529 2976 quidem
1566 2907 1706 2961 sicut
1733 2921 1920 2962 omnes
1952 2920 2074 2963 tunc
2111 2925 2237 2979 per—

2335 1926 2522 1979 παθεῖν
2546 1925 2636 1977 τὸν
2661 1924 2822 1977 αὐτοῦ
2848 1923 2994 1983 λαὸν,
3028 1921 3309 1973 ἐθέσπισεν
3327 1935 3341 1948 ο
3371 1919 3478 1971 εἴτε
3525 1919 3583 1969 ἐν
3617 1918 3728 1988 τοῖς
3758 1912 3892 1983 μετά

2333 2014 2503 2067 ταῦτα
2532 2013 2809 2083 διωγμοῖς,
2857 2009 2977 2065 καθ’
3007 2008 3098 2072 οὓς
3140 2008 3308 2079 μυρία
3345 2004 3609 2059 πέπονθεν
3641 2003 3801 2064 αὐτός
3833 2017 3889 2053 τε

2337 2104 2814 2175 βλασφημούμενος
2838 2105 2865 2155 ὁ
2890 2102 3077 2172 Σωτὴρ
3105 2100 3256 2171 παρά
3280 2101 3391 2160 τοῖς
3420 2094 3743 2168 ἀνθρώποις,
3771 2094 3805 2161 ἦ
3830 2109 3887 2145 τε

2348 2195 2640 2265 Ἐκκλησία
2682 2192 2845 2246 αὑτοῦ
2874 2194 2966 2247 καὶ
2998 2196 3027 2245 ὁ
3051 2192 3205 2259 λόγος
3236 2188 3583 2257 ἐλαυνόμενος
3609 2186 3703 2238 καὶ
3731 2184 3888 2237 πολε-

2339 2287 2630 2358 μούμενος’
2665 2286 2773 2338 εἴτε
2805 2285 2941 2356 πρὸς
2985 2283 3061 2353 τῷ
3106 2284 3320 2335 πάντων
3356 2280 3518 2342 τέλει,
3551 2279 3670 2331 καθ’
3701 2278 3729 2329 ὃ
3757 2280 3888 2330 ἀπο-

2334 2375 2787 2446 δοκιμασθήσεται
2812 2374 3041 2445 πάμπαν
3060 2370 3386 2441 ἀποδληθεὶς
3411 2370 3519 2422 ἀπὸ
3541 2369 3639 2436 τῆς
3668 2367 3776 2420 τῶν
3802 2368 3890 2419 ἀν·

2337 2468 2564 2538 θρὼπων
2590 2469 2801 2536 γενεᾶςι

2337 2557 2443 2613 Καὶ
2458 2556 2649 2623 καθὼς
2667 2556 2898 2626 ἐγένετο
2918 2571 2987 2609 εν
3005 2550 3132 2619 ταῖς
3148 2552 3394 2622 ἡμέραις
3415 2550 3519 2604 τοῦ
3539 2549 3685 2615 Νῶε,
3705 2565 3822 2602 κ.τ.
3839 2547 3886 2602 λ.

2405 2648 2563 2702 Οὕτω
2602 2648 2800 2711 τοίνυν,
2846 2647 2920 2709 ὠς
2967 2645 3201 2717 εἴρηται,
3255 2642 3607 2712 ἐκσληθέντος
3657 2640 3745 2693 διά
3796 2640 3891 2709 τὴν

2337 2740 2667 2793 ἀποστασίαν
2700 2737 2792 2791 τοῦ
2844 2737 3004 2805 λόγου
3054 2735 3149 2789 τοῦ
3192 2733 3565 2803 εὐαγγελικοῦ,
3614 2731 3755 2784 κατά
3798 2730 3891 2801 τὴν

2336 2831 2590 2901 ὁμοίωσιν
2632 2829 2739 2882 τῶν
2777 2828 2869 2881 ἐπὶ
2897 2827 2989 2881 τοῦ
3039 2823 3419 2893 κατακλυσμοῦ
3453 2820 3891 2893 συμϐεϐηκότων,

2337 2923 2366 2973 ὁ
2391 2920 2528 2973 κατά
2558 2920 2665 2973 τῶν
2691 2918 2900 2972 ἀσεδῶν
2925 2917 3141 2987 δλεθρος
3171 2916 3536 2986 ἐπιστήσεται,
3562 2912 3715 2983 φησί.
3758 2911 3891 2963 Ἀλλ’

693 3002 907 3067 ierunt,
946 3002 1183 3069 exceptis
1224 3001 1486 3054 duntaxat
1510 3002 1600 3069 qui
1631 3016 1754 3055 cum
1780 2999 1998 3055 Noacbo
2030 3001 2081 3054 in
2113 3016 2238 3055 arca

2339 3009 2414 3071 ὼς
2434 3009 2555 3061 τότε
2586 3009 2791 3071 πάντας
2826 3009 2922 3077 μὲν
2949 3006 3246 3069 ἀπώλεσεν,
3280 3006 3340 3059 οὐ
3366 3004 3469 3075 μὴν
3498 3004 3592 3057 καὶ
3617 3006 3743 3066 τοὺς
3778 3019 3894 3055 συν-

690 3094 1084 3157 constiterant;
1113 3090 1187 3145 ita
1219 3092 1274 3145 in
1302 3090 1512 3145 Domini
1544 3093 1799 3157 adventu,
1828 3092 2040 3145 sceleSti
2066 3092 2238 3146 bomi-

2340 3099 2609 3169 ηγμένους
2648 3100 2762 3168 ἅμα
2815 3098 2891 3167 τῷ
2932 3098 3054 3151 Νῶε
3100 3100 3156 3150 ἐν
3216 3099 3282 3167 τῇ
3331 3095 3565 3165 κιόωτῷ,
3619 3094 3762 3147 οὕτω
3803 3095 3893 3148 καὶ

694 3198 791 3237 nes
831 3198 925 3251 per
957 3182 1241 3250 apostasia:
1281 3189 1487 3249 tempus
1529 3182 1741 3235 luxuria
1787 3190 1842 3235 et
1891 3182 2238 3237 ebrietatibus

2341 3190 2433 3242 ἐπὶ
2468 3190 2570 3259 τῆς
2613 3190 2776 3242 αὑτοῦ
2816 3189 3111 3259 παρουσίας
3156 3191 3205 3242 oi
3258 3188 3352 3258 μὲν
3386 3186 3599 3250 ἀσεόεῖς
3630 3186 3771 3240 κατά
3805 3186 3891 3239 τὸν

691 3282 751 3327 et
786 3273 983 3341 nuptiis
1016 3278 1070 3326 et
1104 3272 1309 3326 caeteris
1348 3272 1469 3325 vita
1496 3270 1857 3341 voluptatibus
1881 3273 2145 3339 occupati,
2178 3288 2238 3327 ea

2341 3277 2525 3347 καιρὸν
2554 3278 2653 3347 τῆς
2690 3278 3019 3341 ἀποστασίας
3056 3280 3285 3348 τρυφαῖς
3324 3277 3417 3330 καὶ
3457 3277 3646 3347 μέθαις
3674 3277 3769 3335 καὶ
3800 3276 3893 3343 γά-

698 3361 904 3415 ratione
932 3360 1183 3427 peribunt
1209 3374 1311 3428 qua
1341 3358 1415 3413 illi
1453 3359 1655 3415 Noachi
1678 3371 1837 3415 aetate
1874 3362 2081 3416 diluvio
2111 3364 2234 3417 sub-

2343 3384 2461 3437 μοις
2486 3368 2577 3421 καὶ
2600 3370 2718 3429 ταῖς
2740 3366 2830 3420 τοῦ
2856 3366 2968 3436 βίου
2994 3367 3205 3438 ⁴ἡδοναῖς
3232 3366 3676 3439 κατατριϐόμενοι
3698 3366 3893 3436 ὁμοίιος

698 3450 879 3505 mersi.
906 3449 983 3502 Ne
1016 3449 1136 3518 quis
1157 3457 1333 3503 autem
1358 3450 1692 3504 existimaret
1717 3450 1816 3503 bos
1853 3464 2064 3519 quoque
2089 3452 2238 3518 aquis

2339 3462 2445 3522 τοῖς
2482 3461 2573 3512 ἐπὶ
2598 3458 2687 3511 τοῦ
2712 3458 2835 3511 Νῶε
2866 3456 3325 3521 κατακλυσθέντες
3349 3455 3689 3511 ἀπολοῦνται.
3729 3457 3893 3527 ’Υπὲρ

694 3543 939 3594 obrutum
975 3538 1062 3602 iri,
1094 3553 1312 3594 necesse
1344 3537 1445 3592 fuit
1494 3538 1607 3592 Loti
1666 3540 1971 3608 exemplum
2003 3554 2239 3595 comme-
2338 3551 2393 3604 δὲ
2424 3552 2517 3603 τοῦ
2553 3551 2626 3621 μή
2655 3568 2775 3603 τινα
2805 3551 3020 3621 νομίσαι
3051 3550 3119 3603 δι’
3145 3550 3335 3613 ὕδατος
3358 3551 3450 3604 καὶ
3481 3550 3701 3612 τούτους
3727 3567 3892 3602 κατα-

694 3645 904 3687 morare
930 3648 944 3697 ;
980 3632 1147 3694 Sicut,
1178 3631 1374 3699 inquit,
1403 3629 1519 3683 Lati
1547 3641 1771 3698 tempore
1792 3631 2009 3683 edebant
2030 3639 2081 3684 et
2103 3631 2238 3685 bibe-

2339 3641 2753 3712 κλυσθήσεσθαι.
2788 3643 3097 3710 ἀναγκαίως
3124 3642 3202 3709 τῷ
3241 3643 3331 3694 ἐπὶ⁵
3358 3642 3451 3695 τοῦ
3480 3641 3603 3695 Λὼτ
3634 3641 3893 3711 κέχρηται

696 3723 841 3783 bant,
889 3729 944 3774 et
989 3719 1194 3788 reliqua
1223 3737 1239 3773 :
1272 3716 1440 3771 Porro
1498 3720 1581 3773 die
1632 3736 1735 3789 qua
1788 3717 1948 3773 Lotus
2002 3720 2238 3774 Sodomis

2340 3732 2768 3803 παραδείγματι,
2797 3731 3000 3797 Καθὼς
3020 3731 3276 3799 ἐγένετο,
3306 3731 3497 3799 λέγων,
3521 3731 3588 3783 ἐν
3611 3730 3739 3797 ταῖς
3768 3730 3896 3798 ἠμέ-

694 3824 927 3879 egressus
961 3816 1059 3867 est,
1085 3809 1217 3876 ignis
1250 3808 1373 3861 caelo
1399 3807 1528 3876 pluit
1560 3819 1871 3879 cunctosque
1892 3810 2089 3863 incolas
2120 3827 2238 3878 per-

2339 3838 2467 3889 ραις
2484 3820 2631 3883 Λὼτ,
2649 3820 3120 3888 ἧσθιον,ἔπινον,
3146 3822 3240 3872 καὶ¹
3267 3820 3333 3873 τά
3346 3820 3491 3890 ἑξῆς
3511 3814 3592 3891 ’ῌ
3617 3819 3684 3872 δὲ
3711 3818 3896 3888 ἡμέρᾳ

695 3898 848 3951 didit.
885 3896 1225 3967 Hujusmodi,
1255 3897 1446 3966 inquit,
1477 3900 1589 3952 dies
1610 3898 1710 3951 erit
1735 3914 1838 3969 qua
1872 3898 2042 3952 Filius
2068 3900 2238 3953 Itami-

2340 3908 2558 3977 ἐξῆλθε
2599 3908 2727 3963 Λὼτ
2766 3908 2885 3963 ἀπὸ
2925 3907 3199 3977 Σοδόμων
3222 3909 3423 3977 ἔϐρεξε
3456 3909 3572 3977 πῦρ
3597 3909 3698 3962 ἀπ’
3726 3912 3897 3978 οὐρα-

697 3991 779 4043 nis
807 3988 1120 4071 revelabitur
1140 3988 1206 4043 ³⁸.
1238 3988 1442 4056 Quibus
1469 3992 1646 4045 verbis
1696 3994 1919 4061 mystice
1954 3996 2238 4047 admodum

2340 3998 2451 4052 νοῦ
2487 3998 2583 4051 καὶ
2623 3998 2896 4052 ἀπώλεσε
2940 3998 3189 4066 πάντας.
3236 3999 3397 4054 Κατὰ
3432 3998 3503 4053 τὰ
3535 4000 3687 4052 αὐτὰ
3727 3999 3898 4053 ἕσται

696 4092 761 4131 ac
784 4075 1095 4129 terribiliter
1125 4078 1299 4141 docet,
1338 4078 1453 4131 [ore
1481 4088 1538 4130 ut
1588 4079 1710 4147 igne
1747 4093 1814 4133 ac
1842 4082 2049 4134 sulfure
2092 4082 2238 4136 caelis

2340 4084 2379 4159 ᾖ
2420 4090 2609 4159 ἡμέρᾳ
2647 4093 2678 4143 ό
2719 4090 2849 4155 Υἱὸς
2889 4090 2994 4147 τοῦ
3033 4091 3344 4160 ἀνθρώπου
3389 4091 3894 4146 ἀποκαλύπτεται·

698 4168 864 4223 misso
890 4167 1081 4237 impios
1110 4182 1294 4221 omnes
1323 4168 1403 4222 ira
1448 4168 1541 4223 Dei
1579 4170 1863 4237 corripiat.
1889 4172 2093 4225 Idcirco
2138 4172 2237 4225 im-

2345 4182 2546 4253 σφόδρα
2579 4182 2899 4253 ἀπορῥήτως
2942 4184 3036 4236 καὶ
3080 4182 3325 4253 φοϐερῶς
3355 4182 3617 4236 διδάσκων
3649 4184 3733 4236 ὄτι
3768 4183 3899 4254 πυρὶ

697 4258 815 4327 pios
843 4256 983 4310 banc
1026 4258 1165 4309 diem
1207 4259 1396 4312 adesse
1438 4271 1656 4313 orantes
1694 4260 1999 4330 prophetica
2030 4276 2129 4313 vox
2162 4262 2238 4313 in-

2343 4272 2436 4323 καὶ
2472 4272 2600 4343 θείῳ
2629 4275 2721 4326 ἀπ’
2752 4274 2977 4344 ούρανοῦ
3011 4275 3488 4345 καταπεμπομένῳ
3521 4275 3645 4337 τοὺς
3686 4273 3901 4336 ἀσεϐεῖς

697 4356 882 4417 crepat
951 4348 1179 4401 dicens:
1214 4346 1305 4402 Vae
1348 4350 1762 4405 desiderantibus
1808 4354 1943 4404 diem
1998 4352 2238 4404 Domini!

2344 4362 2547 4426 πάντας
2587 4364 2620 4433 ἡ
2668 4365 2802 4434 ὀργὴ
2842 4364 3249 4435 μετελεύσεται·
3286 4365 3366 4417 διὸ
3404 4367 3513 4427 τοῖς
3564 4365 3661 4434 μὲν
3688 4365 3901 4435 ἡμέραν

702 4434 850 4492 Cur!
888 4433 1037 4489 Vobis
1062 4437 1170 4489 ἠως
1198 4437 1327 4503 dies,
1358 4440 1581 4492 tenebrae
1608 4451 1655 4492 et
1683 4456 1787 4493 non
1815 4438 1929 4503 lux,
1960 4442 2068 4494 dies
2106 4453 2238 4493 tene-

2342 4453 2543 4524 ταύτην
2573 4433 2857 4523 ἐπιστῆναι
2890 4453 3201 4523 εὐχομένοις
3247 4452 3555 4523 ἀσεδέσινὴ
3589 4433 3899 4524 προφήτικὴ

700 4528 910 4620 ιτατνηι
934 4536 981 4579 et
1010 4526 1271 4597 caliginis,
1291 4531 1399 4583 dies
1434 4531 1749 4583 calamitatis
1780 4539 1829 4584 et
1852 4534 2151 4584 vexterminii
2174 4531 2238 4591 ”.

702 4617 901 4673 Sedulo
927 4627 1103 4671 autem
1132 4617 1389 4673 Servator
1418 4621 1506 4674 bic
1534 4636 1744 4690 quoque
1772 4622 1933 4685 cavit,
1958 4622 2242 4690 quominus

700 4712 905 4768 diceret
958 4711 1131 4780 ignem
1165 4722 1220 4767 et
1254 4713 1425 4767 sulfur
1467 4723 1627 4767 antea
1660 4715 1797 4769 cmlo
1826 4714 2025 4783 pluisse
2058 4715 2111 4767 in
2139 4714 2240 4767 im-

701 4805 818 4874 pios
864 4803 1223 4858 Sodomorum
1266 4805 1435 4866 cives,
1466 4820 1626 4872 quam
1674 4804 1839 4862 Lotus
1868 4821 2115 4874 egressus
2149 4820 2240 4859 eo.-

702 4911 818 4951 rum
845 4905 985 4949 cmtu
1012 4905 1377 4962 separaretur.
1411 4892 1501 4948 Sic
1525 4894 1777 4948 diluvium
1816 4911 1987 4966 neque
2020 4897 2243 4950 inunda-

702 4985 801 5051 vit,
855 5000 1023 5053 neque
1076 4985 1261 5041 mersit
1306 4984 1587 5037 universos
1620 4986 1764 5039 orbis
1811 4986 2033 5052 incolas,
2063 4988 2241 5054 prius-

703 5091 863 5145 quam
916 5074 1158 5131 Noachus
1210 5080 1260 5129 in
1312 5090 1492 5128 arcam
1531 5076 1794 5130 introiret.
1827 5078 1903 5131 lla
1943 5092 2159 5146 prorsus
2190 5077 2240 5133 in

705 5169 889 5224 mundi
930 5169 1385 5223 consummatione
1432 5170 1569 5223 haud
1601 5180 1723 5223 ante
1765 5182 2081 5223 eventurum
2121 5186 2240 5239 per-

704 5263 942 5316 euntium
976 5261 1253 5331 impiorum
1285 5261 1543 5313 diluvium
1595 5261 1692 5321 ait,
1724 5276 1878 5328 quam
1930 5262 1980 5313 in
2030 5260 2236 5314 caelesti

707 5368 831 5407 arca
866 5365 1255 5422 congregemur
1295 5353 1586 5406 incolumes
1634 5352 1955 5421 quicumque
2002 5363 2129 5405 tunc
2166 5352 2236 5421 pii

708 5444 949 5499 homines
974 5454 1149 5510 erunt,
1184 5458 1404 5513 prorsus
1436 5452 1491 5495 ut
1517 5440 1717 5495 Nouchi
1762 5442 2058 5513 exemplum
2093 5457 2240 5497 reno-

2346 4544 2493 4613 φωνὴ
2520 4544 2921 4597 ἐπανατείνεται
2949 4543 3204 4611 λέγουσα·
3233 4543 3376 4597 Οὐαί
3397 4546 3449 4597 οι
3473 4543 3902 4611 ἐπιθυμοῦντες

2344 4633 2456 4701 τὴν
2483 4633 2709 4702 ἡμέραν
2759 4636 2978 4703 Κυρίου
2994 4634 3014 4685 .¹
3055 4635 3182 4690 Ἵνα
3224 4636 3282 4689 τί
3298 4651 3321 4699 ;ν
3348 4634 3515 4704 Ὑμῖν
3545 4634 3698 4702 αὕτη
3730 4637 3900 4689 ἔσται

2344 4724 2575 4788 σκότος,
2609 4722 2705 4775 καὶ
2742 4726 2813 4776 οὐ
2844 4721 2988 4791 φῶς,
3017 4723 3207 4793 ἡμέρα
3231 4725 3489 4790 σκότους
3521 4724 3617 4779 καὶ
3646 4726 3893 4794 γνόφου,

2341 4814 2527 4885 ἡμέρα
2561 4814 2959 4881 ταλαιπωρίας
3012 4815 3110 4868 καὶ
3172 4815 3528 4885 ἀφανισμοῦ.
3588 4815 3801 4887 Σφόδρα
3840 4815 3897 4878 δὲ

2343 4907 2578 4979 ἀκριϐῶς
2612 4908 2704 4960 καὶ
2730 4905 2960 4959 ἐνταῦθα
2992 4908 3254 4977 ἐτήρησεν
3275 4910 3303 4962 ὁ
3327 4908 3515 4983 Σωτὴρ
3550 4908 3610 4961 οὐ
3639 4901 3900 4979 πρότερον

2342 4995 2401 5047 τὸ
2434 4996 2544 5066 πῦρ
2586 4994 2752 5048 εἰπὼν
2784 4995 2878 5049 ἀπ’
2916 4996 3142 5067 ούρανοῦ
3188 4998 3283 5051 καὶ
3327 4997 3389 5050 τὸ
3435 4996 3574 5050 θεῖον
3606 4996 3900 5069 κατεληλυ-

2346 5085 2489 5139 θέναι
2523 5088 2612 5138 ἐπὶ
2640 5089 2763 5149 τοὺς
2789 5088 2845 5138 ἐν
2872 5086 3121 5156 Σοδόμοις
3151 5086 3387 5150 ἀσεϐεῖς,
3417 5086 3451 5157 ἢ
3482 5087 3574 5139 τὸν
3604 5086 3727 5139 Λὼτ
3757 5087 3899 5155 ἐξελ-

2344 5172 2472 5237 θεῖν,
2508 5175 2601 5227 καὶ
2637 5174 2967 5243 χωρισθῆναι
3016 5173 3073 5240 ἐξ
3112 5175 3309 5228 αὐτῶν.
3354 5174 3508 5229 Οῦτω
3540 5175 3634 5227 καὶ
3672 5176 3765 5228 ἐπὶ
3804 5174 3897 5229 τοῦ

2342 5264 2718 5334 κατακλυσμοῦ
2750 5266 2810 5317 ού
2839 5265 3098 5335 πρότερον
3128 5266 3361 5335 ἐπῆλθεν
3383 5261 3537 5329 οὗτος
3570 5265 3665 5320 καὶ
3694 5268 3898 5329 πάντας

2341 5356 2582 5409 ἀπώλεσε
2611 5358 2733 5420 τοὺς
2765 5358 2902 5410 κατά
2933 5358 3034 5427 γῆν
3060 5356 3362 5420 οἰκοῦντας,
3392 5358 3426 5428 ἦ
3460 5357 3551 5410 τὸν
3580 5357 3703 5409 Νῶε
3731 5357 3897 5409 εἰσελ-

2342 5446 2451 5501 θεῖν
2491 5450 2569 5511 ei;
2605 5448 2702 5517 τὴν
2744 5447 2991 5501 κιϐωτόν.
3038 5448 3193 5502 Κατά
3219 5447 3288 5500 τά
3319 5447 3457 5500 αὐτὰ
3486 5446 3657 5500 τοίνυν
3682 5447 3777 5501 καὶ
3806 5445 3897 5500 ἐπὶ

774 5625 822 5658 ⁸⁸
843 5624 968 5679 Luc.
1000 5642 1128 5693 xvu,
1152 5625 1242 5683 25.
1281 5626 1325 5657 "
1349 5625 1533 5679 Matth.
1562 5618 1818 5687 unum.
1893 5626 1938 5656 "
1968 5625 2238 5681 Luc.xrn.

2340 5664 2357 5682 .
2429 5629 2472 5662 ⁸⁷
2507 5628 2638 5683 ibid.
2674 5626 2763 5682 2G.
2835 5625 3028 5683 "Luc.
3062 5643 3191 5694 xvu,
3219 5625 3403 5682 98.30.
3480 5628 3525 5660 "
3545 5629 3710 5683 Amos
3734 5642 3785 5692 ν,
3810 5623 3892 5681 il.

775 5718 884 5792 (66)
916 5718 1110 5776 Confer
1141 5721 1497 5793 Theoplianize
1530 5720 1881 5791 fragmentum
1910 5736 1961 5788 ι,
1981 5722 2083 5777 col.
2104 5720 2234 5777 653.
