4124 6478
261 479 365 540 B85

1459 471 1968 532 COMUENTARIA
2001 472 2069 528 IN
2106 472 2358 530 LUCAM.

259 595 357 666 τῆς
385 593 694 658 συντελείας
719 592 782 646 οὐ
809 589 1075 664 πρότερον
1101 586 1319 646 ισεσθαι
1342 587 1435 644 τὸν
1458 587 1839 660 κατακλυσμὸν

1951 595 2119 645 retur.
2149 586 2358 654 Quibus
2381 585 2546 643 etiam
2573 590 2854 646 commode
2893 592 3105 648 dicetur
3133 593 3514 664 propheticum

260 687 359 757 τῆς
403 685 678 748 ἀπωλείας
707 683 818 740 τῶν
847 683 1059 739 ἀσεϐῶν
1093 698 1278 755 φησιν,
1313 681 1347 752 ῆ
1391 679 1721 752 συναχθῆναι
1754 682 1836 744 είς

259 779 360 850 τὴν
399 779 721 851 ἐπουράνιον
769 775 864 831 τοῦ
911 777 1047 831 Θεοῦ
1083 774 1335 838 κιϐωτὸν,
1379 774 1473 828 καὶ
1504 771 1836 842 διασωθῆναι

256 873 384 936 τοὺς
406 870 526 925 τότε
551 868 1011 940 εὑρεθησομένους
1031 867 1126 922 τοῦ
1151 865 1288 921 Θεοῦ
1321 865 1662 938 ἀνθρώπους,
1694 864 1836 918 κατά

257 961 319 1016 τδ
346 962 697 1033 παράδειγμα
721 959 786 1014 τὸ
813 961 907 1014 επὶ
951 959 1046 1014 τοῦ
1079 958 1204 1013 Νῶε
1225 975 1238 989 ·
1272 954 1354 1023 οἷς
1381 959 1474 1012 καὶ
1513 957 1835 1029 λεχθήσεται

257 1053 400 1107 κατά
441 1051 632 1124 καιρὸν
679 1051 742 1105 τδ
789 1050 1128 1125 προφητικὸν
1174 1050 1376 1104 ὲκεῖνο³
1419 1043 1646 1114 Βὰδιζε,
1682 1049 1834 1114 λαός

251 1160 390 1213 μου,
421 1141 663 1197 ετσελθε
697 1144 784 1207 εις
807 1142 874 1196 τό
894 1141 1136 1212 ταμεῖόν
1159 1152 1299 1205 σου,
1333 1139 1427 1194 καὶ
1449 1140 1522 1191 τά
1549 1134 1697 1208 ἑξῆς,
1721 1137 1833 1203 ἕως

256 1227 331 1289 οὗ
377 1233 662 1302 παρέλθοι
704 1233 744 1300 ἠ
787 1232 934 1303 ὁρτὴ
981 1233 1234 1300 Κυρίουο
1268 1228 1459 1302 ῶσπερ
1495 1229 1590 1282 καὶ
1618 1228 1712 1282 ἐπὶ
1739 1227 1833 1282 τοῦ

235 1322 379 1384 ,Λὼτ
404 1320 677 1396 εποίησεν,
711 1325 798 1378 ἵνα
839 1303 914 1395 μῆ
951 1324 1002 1376 oi
1045 1321 1242 1376 δίκαιοι
1288 1320 1693 1374 συναπόλωνται
1723 1319 1838 1382 τοῖς

256 1414 538 1469 ἀσεϐέσιν⁹
572 1415 744 1479 οὕτως
776 1415 869 1468 καὶ
917 1415 1009 1467 επὶ
1038 1415 1138 1484 τῆς
1181 1411 1492 1475 συντελείας
1520 1409 1613 1464 τοῦ
1640 1409 1838 1474 αἰῶνος

256 1505 316 1559 οὐ
351 1505 614 1577 πρότερον
643 1504 780 1575 αὕτη
815 1503 988 1569 ἔσται,
1016 1502 1050 1574 ἢ
1094 1502 1308 1566 πάντας
1355 1503 1482 1566 τοὺς
1509 1500 1604 1554 tut
1629 1500 1734 1571 γῆς
1760 1499 1840 1554 διμ-

257 1596 444 1660 καίους
484 1598 578 1651 καὶ
617 1595 890 1660 θεοσεϐεῖς
920 1595 1281 1666 ἀφορισθῆναι
1320 1593 1429 1647 τῶν
1463 1592 1699 1655 ἀσεϐῶν,
1744 1591 1840 1646 καὶ

1943 679 2072 733 illud
2104 694 2118 730 :
2154 677 2322 743 Vade,
2363 678 2552 748 popula
2571 695 2738 745 meus,
2768 683 2910 736 intra
2927 683 2981 737 in
3004 684 3309 740 cubiculum
3341 695 3514 754 (sunt,

1942 780 1998 826 et
2048 770 2284 839 reliqua;
2336 771 2500 825 donec
2535 780 2769 826 transeat
2825 774 3118 844 indignatio
3172 774 3386 831 Domini
3407 777 3502 833 “z

1941 878 2041 919 ceu
2093 862 2229 918 Loto
2281 863 2501 926 accidit.
2533 879 2601 919 ne
2653 865 2782 920 boni
2833 881 2956 921 cum
3013 867 3274 937 improbis
3328 879 3504 925 morte

1943 955 2281 1010 irretiantur.
2323 954 2400 1010 Ita
2441 955 2627 1011 saeculi
2671 959 3072 1014 consummatio
3096 975 3202 1016 non
3235 970 3363 1016 ante
3390 976 3518 1017 eve-

1944 1046 2074 1112 niet,
2107 1061 2268 1116 quam
2294 1046 2423 1116 justi
2451 1056 2720 1118 quotquot
2746 1048 2800 1102 in
2830 1048 2962 1103 orbe
2989 1058 3153 1103 erunt
3181 1064 3246 1104 ac
3275 1049 3515 1121 religiosi

1945 1137 2012 1191 ab
2032 1137 2292 1206 improbis
2321 1138 2730 1204 discernantur,
2759 1147 2924 1207 atque
2953 1138 3006 1192 in
3032 1139 3240 1195 coalein
3266 1139 3359 1196 Dei
3391 1156 3520 1196 arca

1943 1227 2357 1283 concludantur.
2378 1227 2532 1284 Tunc
2558 1230 2704 1284 enim
2731 1232 2948 1287 nemine
2965 1231 3078 1301 jam
3104 1232 3246 1286 inter
3270 1232 3520 1290 homines

1938 1317 2087 1388 justo
2136 1321 2454 1389 superstite,
2509 1320 2602 1377 sed
2667 1321 2984 1392 irreligiosis
3040 1322 3294 1378 omnibus
3353 1333 3519 1395 atque

1945 1411 2192 1468 scelestis
2235 1413 2336 1467 sub
2370 1411 2694 1468 Antichristi
2739 1414 2937 1468 vexillo
2975 1415 3317 1485 degentibus,
3346 1424 3512 1485 atque

1945 1502 2220 1571 apostasia
2263 1510 2375 1554 toto
2413 1501 2547 1556 orbe
2594 1501 2811 1568 ditfusa,
2839 1503 2921 1557 ira
2955 1503 3172 1559 demum
3211 1504 3306 1560 Dei
3332 1503 3523 1573 plenos

1945 1591 2244 1648 sceleribus
2275 1592 2520 1648 homines
2548 1593 2786 1648 invadet.

255 1692 586 1763 συναχθῆναι
623 1693 702 1756 είς
749 1691 848 1763 τὴν
898 1691 1218 1762 επουράνιον
1248 1674 1344 1743 tofi
1397 1689 1532 1743 Θεοῦ
1596 1686 1827 1743 κιϐωτόν
1849 1703 1865 1720 ο
1936 1686 2079 1742 οὕτω
2125 1687 2235 1758 7&p
2295 1688 2491 1760 μηκέτι
2547 1688 2778 1760 μηδενὸς
2827 1689 3036 1744 δικαίου
3100 1691 3160 1745 ὲν
3217 1690 3526 1763 ἀνθρώποις

255 1784 663 1857 εὑρισκομένου,
697 1784 915 1838 πάντων
943 1783 1001 1837 δὲ
1026 1782 1201 1836 ἀθέων
1225 1781 1438 1836 ἀσεϐῶν
1467 1780 1576 1834 τῶν
1595 1779 1702 1834 ὑπὸ
1726 1778 1824 1834 τοῦ
1874 1780 2238 1851 ’Δντιχρίστου
2266 1781 2585 1849 γεγονότων,
2612 1780 2712 1851 τῆς
2753 1799 2812 1835 τε
2839 1783 3176 1848 ἀποστασίας
3215 1785 3336 1839 καθ’
3399 1784 3530 1856 ὅλης

255 1876 355 1946 τῆς
385 1876 710 1948 οἰκουμένης
753 1876 1126 1949 κρατησάσης,
1171 1877 1205 1946 ὴ
1242 1872 1338 1928 τοῦ
1368 1871 1504 1928 Θεοῠ
1527 1872 1667 1946 ὀργὴ
1706 1875 1834 1938 τοὺς
1870 1871 2088 1936 ἀσεϐεῖς
2129 1873 2532 1944 μετελεύσεται.

373 1968 477 2022 Ἐν
514 1967 716 2038 ἐκείνῃ
753 1967 847 2038 τῇ,
866 1967 1056 2037 ἡμέρᾳ
1085 1966 1154 2034 ὃς
1186 1963 1467 2038 delatas
1493 1963 1593 2018 ἐπὶ
1621 1963 1729 2020 τοῦ

779 2034 1064 2106 δώματος,
1098 2053 1151 2090 κ.
1188 2052 1240 2089 τ.
1273 2034 1323 2088 λ.

330 2130 592 2200 Σημαίνει
623 2128 682 2183 δὲ
726 2129 815 2183 διά
844 2128 1047 2182 τούτων
1090 2127 1182 2182 τὸν
1225 2127 1368 2180 κατά
1416 2125 1526 2179 τῶν
1569 2123 1838 2179 θεοσεϐῶν

257 2220 751 2293 ιπενεχθησόμενον
768 2219 1008 2291 διωγμόν
1027 2217 1132 2272 ῠπδ
1154 2217 1250 2272 τοῦ
1271 2215 1387 2270 υίοῦ
1410 2216 1512 2287 τῆς
1541 2215 1835 2280 ἀπωλείας.

266 2313 514 2386 Ἥμέραν
535 2312 592 2366 δὲ
620 2312 834 2383 εκείνην
864 2309 1118 2381 ὀνομάζει
1147 2307 1240 2363 τὸν
1270 2307 1458 2380 χρόνον
1493 2307 1587 2360 τὸν
1613 2307 1719 2380 πρὸ
1739 2306 1840 2376 τῆς

259 2405 592 2467 συντελείας,
625 2406 683 2458 εν
712 2395 758 2472 ᾧ
782 2418 977 2474 φησιν’
1019 2401 1084 2455 '0
1110 2401 1348 2471 φεύγων
1377 2399 1464 2470 μὴ
1496 2396 1843 2467 ἐπιστρεφέ-

258 2515 356 2562 τω,
407 2495 565 2566 μηδὲ
605 2493 869 2565 μιμητὴς
911 2492 1167 2562 γινέσθω
1208 2490 1320 2560 τῆς
1363 2489 1651 2560 γυναικὸς
1689 2487 1841 2556 Λὼτ,

258 2589 382 2659 ἥτις
413 2585 554 2658 μετά
581 2587 645 2640 τὸ
673 2587 862 2656 φυγεῖν
891 2585 986 2639 καὶ
1010 2582 1116 2650 ἔξω
1135 2582 1392 2653 γενέσθαι
1415 2582 1515 2654 τῆς
1536 2579 1843 2652 Σοδομιτῶν

262 2679 469 2751 χώρας,
501 2679 801 2750 στραφεῖσα
831 2678 913 2739 είς
937 2673 1004 2729 τά
1039 2673 1237 2739 ὀπίσω,
1267 2671 1647 2746 ἀπενεκρώθη,
1672 2671 1840 2744 στήλη

267 2771 393 2835 ἀλδς
441 2768 728 2841 γενομένη.
790 2767 1051 2838 ’Δφειδεῖν
1102 2765 1212 2839 γάρ
1258 2765 1382 2818 τότε
1433 2765 1702 2836 προσήκει
1744 2763 1844 2835 οὑχ

263 2862 619 2935 ὑπαρχόντων
650 2859 828 2932 μόνον,
849 2857 987 2913 ἀλλά
1008 2858 1100 2912 καὶ
1129 2859 1230 2929 τῆς
1262 2856 1472 2911 ἑαυτῶν
1499 2853 1643 2927 ζωῆς
1669 2872 1729 2909 τε
1749 2855 1846 2910 καὶ

260 2954 440 3025 ψυχῆς
477 2951 605 3016 τοὺς
646 2951 706 3004 ιν
745 2950 894 3022 μέσῳ
926 2950 1024 3021 τῆς
1063 2948 1398 3012 ἀποστασίας
1428 2944 1844 3016 καταληφθησο-

268 3044 484 3117 μένους,
518 3043 746 3113 μήποτε,
778 3039 1129 3113 βουληθέντες
1170 3041 1271 3111 τῆς
1311 3037 1522 3092 ἑαυτῶν
1560 3037 1845 3110 περιποιή-

265 3136 465 3195 σασθαι
495 3132 828 3206 προσκαίρου
858 3127 1026 3204 ζωῆς,
1058 3131 1155 3185 σὺν
1181 3127 1356 3203 ταύτῃ
1384 3129 1478 3182 καὶ
1503 3126 1603 3208 τὴν
1628 3125 1846 3182 αίώνιον

265 3224 412 3297 ζωὴν
481 3221 822 3287 ἀπολέσειαν,
888 3221 957 3291 τῇ
1007 3217 1314 3289 ἀποστασία
1371 3216 1598 3279 ἑαυτοὺς
1663 3231 1847 3287 παρα-

264 3317 468 3380 δόντες.

271 3408 464 3475 Ταύτῃ
482 3402 559 3473 τῇ
571 3401 744 3458 νυκτί
763 3401 1006 3457 ἔσονται
1020 3399 1129 3454 δύο
1146 3397 1246 3452 ἐπὶ
1261 3397 1478 3466 κλίνης
1485 3395 1648 3467 μιᾶς,
1661 3414 1697 3450 κ
1729 3413 1780 3449 τ.
1793 3395 1844 3448 λ.

335 3495 552 3565 Σφόδρα
577 3493 636 3548 δδ
663 3489 990 3563 θαυμαστῶς
1024 3489 1118 3543 τὸν
1153 3489 1259 3559 τῆς
1293 3485 1627 3550 ἀποστασίας
1658 3484 1850 3557 καιρὸν

219 3597 231 3603 ‘
267 3589 365 3642 καὶ
390 3587 492 3658 τὴν
538 3584 795 3655 στέρησιν
835 3579 931 3635 τοῦ
973 3579 1161 3653 νοεροῦ
1202 3577 1417 3649 λογικοῦ
1461 3575 1640 3649 φωτός
1677 3575 1851 3630 νύκτα

266 3685 549 3756 ιῖιινόμαυνε⁸
584 3678 777 3743 νυκτὸς
802 3676 910 3749 γὰρ
937 3677 1033 3730 καὶ
1059 3673 1283 3739 σκότους
1315 3673 1514 3745 χείρων
1539 3674 1575 3744 ἡ
1597 3671 1718 3724 τότε
1743 3669 1852 3724 τῶν

271 3773 577 3847 ἀνθρώπων
606 3770 759 3824 δοται
784 3767 1117 3830 κατάστασις
1155 3764 1245 3820 διά
1272 3765 1372 3834 τὴν
1401 3762 1850 3834 ἐπικρατήσασαν

268 3865 450 3922 αὐτῶν
483 3860 669 3917 ἀνοιάν
692 3876 755 3913 τε
776 3860 872 3913 καὶ
913 3856 1140 3930 πλάνην.
1167 3855 1259 3909 Διό
1291 3867 1445 3926 φησισ
1477 3851 1640 3921 Λέγω
1673 3849 1848 3920 ὐμῖνο

269 3956 386 4010 Δύο
412 3953 662 4009 ἔσονται
689 3948 789 4004 ἐπὶ
813 3947 1030 4015 κλίνης
1053 3944 1151 4000 καί
1178 3944 1288 3998 δύο
1311 3942 1410 3997 ἐπὶ
1429 3939 1730 4013 μυλῶνος,
1763 3933 1853 4006 εἷς

267 4040 880 4116 παρα-λαμϐανόμενος
909 4037 990 4102 ὡς
1020 4035 1334 4104 ἀλλότριος
1369 4031 1482 4101 τῆς
1515 4029 1719 4102 ὁρτῆς.
1749 4026 1851 4083 και

267 4133 371 4206 εἷς’
390 4135 729 4205 ἀφιέμενος,
759 4129 915 4185 ὥστε
955 4126 1033 4197 τῇ
1076 4124 1223 4198 ὁρτῇ
1259 4122 1853 4194 παραδοθησόμενος,

269 4234 307 4288 δ
344 4227 724 4298 θησαυρίσας
745 4219 937 4287 ἑαυτῷ
963 4218 1150 4290 ὁρτὴν
1186 4219 1259 4272 ἐν
1292 4216 1484 4287 ἡμέρᾳ
1518 4214 1731 4287 όργῆςο
1784 4213 1852 4267 δι’

268 4314 348 4377 ῶν
379 4319 675 4388 παρίστησι
699 4314 792 4369 τδν
822 4310 1100 4384 χωρισμὸν
1119 4308 1229 4363 τῶν
1255 4306 1426 4377 ἁγίων
1471 4307 1566 4360 καὶ
1589 4303 1853 4374 θεοφιλῶν

268 4409 462 4484 ψυχῶν
496 4407 590 4461 τδν
616 4404 724 4460 ἀπὸ
744 4403 851 4457 τῶν
875 4399 1110 4457 ἀσεϐῶν.
1140 4398 1259 4453 ἰνα
1291 4396 1400 4471 γὰρ
1430 4396 1505 4469 μὴ
1528 4393 1856 4467 ἀδιακρίτως

268 4499 575 4558 ἀπελθοῦσα
625 4499 660 4569 ἡ
713 4495 850 4568 ὀργὴ
885 4495 982 4549 καὶ
1021 4491 1130 4546 τῶν
1175 4490 1399 4545 δικαίων
1446 4487 1851 4560 παραλήψεται,

2075 1963 2118 1995 ³¹
2149 1963 2459 2035 Quicunque
2489 1963 2583 2020 illa
2611 1965 2700 2020 die
2726 1966 2886 2036 fuerit
2911 1967 2964 2020 in
2993 1978 3149 2035 tecto,
3169 1980 3278 2026 etc.

2017 2115 2131 2171 lloc
2155 2117 2304 2173 dicto
2333 2118 2610 2189 signiﬁcat
2644 2123 3080 2191 persecutionem
3130 2139 3293 2196 quam
3339 2127 3532 2182 adver-

1949 2221 2044 2260 sus
2077 2207 2250 2262 bonos
2284 2211 2586 2264 concitabit
2632 2214 2956 2281 perditionis
3009 2213 3172 2270 illius.
3227 2214 3342 2271 Diei
3392 2231 3527 2272 vero

1948 2297 2092 2352 illius
2117 2299 2338 2354 nomine
2374 2301 2614 2369 appellat
2658 2311 2892 2372 tempus,
2933 2306 3077 2376 quod
3105 2309 3528 2363 consummatio-

1948 2403 2072 2442 nem
2121 2391 2373 2458 proxime
2406 2393 2708 2460 prmcedct;
2742 2408 2852 2462 quo
2903 2405 3169 2462 tempore,
3221 2397 3318 2457 ait.
3363 2411 3524 2452 nemo

1949 2479 2229 2557 respiciat,
2258 2498 2436 2551 neque
2466 2484 2589 2539 Loti
2617 2501 2842 2540 uxorem
2875 2486 3142 2553 imitetur,
3165 2503 3288 2557 qua:
3319 2489 3372 2542 in
3397 2487 3526 2559 fuga

1950 2583 2233 2644 postquam
2281 2574 2685 2632 Sodomitarum
2738 2577 2875 2632 ﬁnes
2910 2591 3241 2647 excesserat,
3280 2595 3404 2636 cum
3441 2597 3530 2638 re-

1950 2665 2164 2735 spicere
2217 2666 2497 2733 voluisset,
2531 2669 2584 2723 in
2627 2680 2856 2724 mortem
2905 2671 3118 2738 incidit,
3175 2678 3356 2727 statua
3395 2673 3530 2730 salis

1951 2756 2165 2813 eﬂ‘ecta.
2217 2757 2481 2830 Prodigos
2512 2762 2660 2816 enim
2697 2771 2827 2818 tunc
2855 2777 2977 2819 esse
3017 2773 3234 2834 oportet
3287 2780 3394 2820 non
3446 2766 3530 2822 rei

1950 2846 2238 2906 familiaris
2274 2853 2673 2918 tantummodo,
2701 2868 2890 2908 verum
2925 2855 3086 2910 etiam
3117 2856 3242 2912 vita:
3262 2871 3376 2911 sua
3409 2856 3533 2912 ani-

1953 2955 2161 3010 maeque
2194 2940 2328 3013 (67),
2367 2956 2462 2996 eos
2490 2943 2583 3012 qui
2641 2943 2694 2996 in
2747 2947 3034 3013 apostasia:
3072 2956 3287 3001 aetatem
3336 2948 3533 3002 incur-

1953 3045 2108 3101 rent;
2136 3048 2203 3088 ne
2235 3033 2363 3089 dum
2413 3034 2653 3088 animam
2687 3050 2841 3090 suam
2887 3051 3217 3093 conservare
3249 3047 3533 3107 tempora-

1953 3123 2099 3194 lique
2130 3126 2253 3179 vita!
2284 3139 2510 3196 parcere
2554 3127 2791 3189 student,
2818 3129 2958 3182 hanc
2989 3127 3153 3183 simul
3182 3138 3238 3182 et
3263 3139 3528 3184 aeternam

1953 3217 2122 3270 vitam
2154 3217 2424 3282 amittant,
2457 3216 2583 3272 dum
2625 3232 2688 3273 se
2726 3219 3014 3288 apostasia:
3068 3219 3246 3276 victos
3291 3223 3526 3291 permit-

1876 3319 1921 3378 α
1955 3315 2092 3361 ιυηι.

2114 3399 2158 3431 ³⁸
2187 3397 2292 3452 Illa
2321 3409 2469 3454 nocte
2493 3401 2598 3454 duo
2621 3410 2772 3454 erunt
2805 3403 2862 3455 in
2895 3402 3028 3458 lecto
3050 3420 3176 3465 uno,
3215 3412 3324 3460 etc:

2018 3487 2247 3544 ﬂriﬁce
2273 3490 2560 3545 admodum
2593 3495 2878 3561 apostasia:
2915 3505 3125 3566 tempus
3154 3510 3217 3550 ac
3249 3497 3534 3558 rationalis

1951 3579 2236 3635 orbitatem
2283 3581 2504 3638 luminis
2543 3593 2759 3640 noctem
2814 3586 3124 3655 appellavit.
3165 3587 3335 3646 Nocte
3382 3592 3530 3648 enim

1954 3673 2305 3742 tenebrisque
2328 3674 2598 3730 deteriora
2630 3688 2792 3732 erunt
2821 3687 2947 3733 tunc
2988 3679 3270 3735 hominum
3308 3681 3528 3753 ingenia

1951 3774 2171 3835 propter
2195 3764 2421 3820 oausam
2449 3768 2515 3823 iis
2541 3768 2834 3824 amentiam
2879 3780 3039 3840 atque
3057 3787 3322 3833 errorem.
3338 3773 3531 3842 'Quare

1951 3856 2028 3909 ait
2057 3871 2072 3911 :
2111 3855 2248 3912 Dico
2281 3857 2435 3913 vobis
2463 3873 2478 3911 :
2519 3859 2635 3916 Duo
2658 3871 2820 3917 erunt
2849 3864 2901 3916 in
2937 3861 3095 3929 lecto,
3124 3874 3179 3919 et
3212 3864 3319 3920 duo
3353 3867 3406 3920 in
3441 3867 3532 3936 pi-

1953 3943 2165 4012 strino;
2195 3961 2335 4002 unus
2373 3951 2755 4014 assumendus,
2782 3953 2908 4022 quia
2956 3952 3052 4007 irae
3083 3954 3410 4022 immerens;
3442 3955 3530 4012 al-

1955 4045 2040 4090 ter
2071 4037 2479 4107 r'elinquendus,
2510 4050 2698 4110 utpote
2735 4042 2919 4098 ultrici
2959 4042 3057 4099 ira:
3100 4045 3406 4110 obnoxius,
3439 4048 3537 4118 qui

1953 4127 2057 4183 sibi
2087 4129 2337 4187 videlicet
2356 4131 2494 4188 iram
2523 4133 2913 4190 thesaurizavit
2939 4135 2992 4190 in
3023 4137 3165 4193 diem
3189 4137 3303 4193 iraa.
3328 4136 3532 4205 Quam-

1953 4218 2143 4274 obrem
2180 4221 2327 4276 sistit
2361 4233 2676 4279 sanctarum
2717 4211 2936 4298 Deoque
2987 4228 3279 4283 chararum
3319 4231 3533 4284 anima-

1953 4324 2076 4365 rum
2120 4311 2190 4368 ab
2233 4312 2495 4386 improbis
2542 4317 2887 4373 divisionem.
2939 4319 3154 4375 Etenim
3213 4335 3283 4377 ne
3330 4332 3537 4378 temere

1954 4404 2345 4473 superveniens
2379 4407 2513 4462 ultio
2535 4407 2713 4478 justos
2749 4421 2968 4481 quoque
2996 4413 3246 4469 homines
3288 4415 3533 4484 corripe-

1957 4501 2063 4562 ret,
2087 4495 2238 4550 dedit
2271 4508 2484 4554 tnature
2508 4514 2724 4569 operam
2757 4501 2899 4583 Deus
2929 4511 2989 4557 ut
3030 4502 3226 4558 Lotum
3264 4500 3534 4560 Sodomo-

269 4590 563 4667 προλαϐὼν
597 4589 628 4640 6
665 4587 798 4652 Θεὸς
831 4585 1019 4656 ῶσπερ
1056 4583 1148 4636 τὸν
1192 4580 1317 4636 Λὼτ
1357 4579 1699 4652 προεξήγαγε
1752 4576 1848 4645 τῆς

1956 4597 2078 4637 rum
2100 4584 2268 4639 exitio
2296 4587 2642 4646 subduceret.
2705 4576 2967 4646 Similiter
3015 4589 3359 4664 impendente
3393 4608 3531 4652 con-

271 4657 525 4756 Σοδόμων
561 4676 963 4751 καταστροφῆς.
1019 4673 1123 4729 Τὸν
1167 4671 1331 4728 αὐτὸν
1365 4671 1566 4743 τρόπον
1601 4669 1697 4723 καὶ
1745 4667 1848 4738 πρὸ

1959 4675 2361 4742 summatione,
2389 4681 2701 4751 priusquam
2759 4684 2956 4755 impios
3001 4657 3134 4742 ultio
3182 4687 3434 4756 invadat,
3463 4705 3535 4745 ne

268 4778 372 4850 τῆς
399 4771 727 4835 συντελείας,
760 4770 888 4843 πρὶν
916 4766 1161 4822 δπελθεῖν
1187 4764 1285 4837 τὴν
1321 4761 1462 4817 κατά
1489 4760 1596 4815 τῶν
1637 4758 1850 4814 ἀσεϐῶν

270 4869 466 4942 ὀργῆν,
484 4867 576 4920 ἵνα
599 4863 673 4937 μὴ
695 4863 790 4917 σὺν
813 4861 893 4933 τῷ
914 4861 1104 4931 κόσμῳ
1125 4855 1530 4930 κατακριθῶσιν
1553 4855 1605 4906 oi
1625 4853 1847 4918 δίκαιοι,

271 4958 554 5034 χωρισμὸς
579 4956 729 5010 ἔσται
755 4954 863 5010 τῶν
884 4950 1149 5023 θεοφιλῶν
1171 4948 1377 5021 ψυχῶν,
1404 4946 1650 5017 ἀγγέλων
1679 4944 1850 5008 αὐτάς

269 5047 810 5123 διαχωριζόντωνςκαὶ
823 5041 1308 5117 παραληψομένων·
1329 5036 1470 5092 ὥστε
1493 5040 1550 5091 ὲν
1571 5038 1666 5108 μιᾷ
1686 5053 1854 5107 στρω-

272 5145 385 5216 μνῇ
412 5142 559 5195 δυοῖν
600 5135 1006 5208 κατακειμένων
1041 5135 1136 5187 ῑνα
1181 5132 1280 5204 μὶν
1309 5129 1399 5184 τὸν
1431 5129 1524 5183 τοῦ
1541 5127 1678 5182 Θεοῦ
1703 5128 1851 5193 ἀξιον

268 5228 820 5306 παραλαμϐάνεσθαι,
856 5227 948 5280 τὸν
972 5227 1030 5279 δὲ
1065 5224 1252 5296 ἕτερον
1299 5219 1744 5284 καταλείπεσθαι,
1771 5219 1848 5282 ὼς

267 5327 427 5394 ᾶξιον
467 5325 568 5394 τῆς
601 5321 720 5374 τότε
753 5317 1200 5389 καταληψομένης
1244 5317 1371 5380 τοὺς
1397 5313 1615 5374 ἀσεϐεῖς
1655 5310 1846 5383 όργῆς.

267 5421 387 5474 Καὶ
409 5417 503 5470 ἐπὶ
522 5413 632 5468 τῶν
656 5413 744 5482 ὑφ’
769 5410 849 5466 ἑνὶ
873 5408 1073 5483 μυλῶνι
1099 5407 1431 5478 ἀληθουσῶν,
1460 5407 1490 5458 ό
1511 5405 1674 5467 αὐτὸς
1694 5405 1851 5473 λόγος

266 5508 453 5566 ἔσται.
505 5502 835 5576 ’Δληθούσας
877 5502 938 5556 δὲ
981 5499 1226 5571 ὠνόμασε
1271 5498 1370 5564 τὰς
1409 5498 1500 5552 τὸν
1535 5497 1724 5567 εὐτελῆ
1757 5498 1850 5548 καὶ

1959 4785 2080 4824 cum
2112 4771 2314 4826 mundo
2343 4771 2475 4840 justi
2505 4773 2854 4840 damnentur,
2881 4775 3175 4832 discrimen
3201 4778 3293 4833 ﬂet
3318 4780 3529 4835 anima-

1957 4874 2076 4912 rum
2113 4858 2219 4914 Deo
2241 4861 2553 4926 chararum,
2593 4865 2802 4934 angelis
2829 4879 2924 4920 eas
2968 4866 3334 4931 dividentihus
3359 4878 3524 4939 atque

1956 4953 2356 5009 assumentibus
2384 4971 2399 5007 :
2440 4955 2514 5010 ita
2543 4965 2604 5010 ut
2635 4972 2665 5011 e
2695 4955 2904 5013 duobus
2946 4957 3000 5012 in
3041 4962 3231 5015 eodem
3263 4960 3403 5016 lecto
3437 4963 3530 5031 ja-

1957 5045 2226 5114 centibus,
2252 5063 2391 5102 unus
2418 5049 2611 5120 dignus
2643 5059 2973 5116 assumatur,
3007 5053 3148 5107 alter
3175 5053 3524 5124 derelinqua-

1961 5148 2075 5201 tur,
2103 5147 2290 5208 utpote
2336 5139 2556 5197 ultionis
2602 5157 2724 5212 qua
2770 5154 2898 5198 tunc
2941 5146 3010 5200 de
3058 5145 3239 5216 impiis
3287 5155 3534 5200 sumetur

1959 5244 2193 5286 merens.
2226 5229 2483 5302 Idemque
2507 5235 2718 5290 accidet
2744 5235 2952 5290 duabus
2977 5251 3197 5306 quoque
3220 5236 3272 5290 in
3294 5236 3529 5306 pistrino

1957 5323 2427 5380 commolentibus.
2461 5325 2724 5382 Molentes
2765 5337 2942 5381 autem
2987 5328 3118 5382 dicit
3170 5327 3433 5393 feminas,
3472 5337 3531 5382 ut

1958 5415 2221 5483 signiticet
2246 5416 2387 5481 vilis,
2407 5418 2769 5488 pauperrima:
2788 5429 2953 5487 atque
2981 5419 3181 5474 intima
3201 5419 3529 5474 conditionis

1957 5497 2224 5555 homines.
2248 5498 2503 5559 lucentes
2526 5514 2710 5559 autem
2738 5506 2790 5560 in
2820 5504 2975 5561 lectis
3009 5505 3164 5572 dicit,
3198 5522 3298 5577 pro
3327 5506 3531 5563 libera-

352 5692 402 5726 ⁸⁸
431 5690 540 5746 isa.
569 5701 723 5752 xm,
744 5683 838 5743 20.
912 5685 958 5716 “
988 5683 1122 5739 Luc.
1151 5697 1288 5751 xvii,
1324 5683 1416 5738 3|.
1455 5701 1458 5704 η
1492 5682 1537 5714 ⁸³
1582 5680 1717 5738 Luc.
1741 5695 1878 5748 xvn,
1898 5681 1990 5738 34.

345 5826 611 5902 ,(ϐηουο
642 5839 804 5902 sensu
853 5824 1046 5902 animae
1095 5839 1311 5902 quoque
1353 5839 1465 5883 suae
1506 5824 1763 5897 prodigus
1812 5823 2012 5894 aliquis
2069 5839 2191 5884 esse
2228 5828 2423 5898 possit,
2478 5829 2679 5887 videtis
2718 5829 2858 5902 apud
2891 5826 3180 5884 Eusebium
3229 5827 3282 5881 in
3330 5825 3532 5882 nostris

273 5892 638 5972 rumine
662 5892 999 5966 fragmentis.
1029 5892 1134 5950 col.
1172 5892 1297 5950 67L

601 5989 876 6052 Panos.
921 5987 1040 6053 Gs.
1084 5988 1314 6052 XXIV.

3139 5981 3216 6042 ιο
