4124 6412
695 405 808 471 ῐθτ

1356 396 1614 453 EUSEBII
1652 393 2111 451 CESARIENSIS
2146 393 2295 449 OPP.
2335 392 2510 447 PARS
2547 392 2637 447 Ill.
2676 422 2745 433 -—
2782 388 3193 448 EXEGETICA.

3795 390 3894 447 588

706 524 774 582 lis
824 532 877 579 et
919 522 1071 575 lauta
1117 517 1239 574 vite
1295 517 1631 573 mortalibus.
1689 513 1835 569 Hanc
1877 515 2041 582 ipsam
2097 514 2244 569 locu-
2270 518 2358 574 A1

2354 513 2593 583 πενιχρὸν
2620 513 2710 565 καὶ
2736 512 2957 582 ἔσχατον
2988 519 3044 562 εν
3069 509 3369 580 ἀνθρώποις
3391 509 3739 572 διαντλοΰσας
3767 510 3890 581 βίον·

706 615 905 669 tionem
933 611 1088 665 habet
1123 607 1320 676 Moysis
1349 605 1648 673 Scriptura,
1676 602 1765 657 ubi
1794 603 1989 657 dicitur
2019 617 2241 671 perven-

704 714 824 759 tura
871 700 1105 754 vindicta
1148 712 1176 749 a
1222 695 1517 748 Pharaonis
1560 694 1913 765 primogenita
1963 707 2131 761 usque
2176 692 2241 745 ad

702 791 990 846 molentem
1023 788 1425 857 pinsentemque
1458 784 1511 837 in
1546 785 1791 854 pistrino.
1834 782 2066 837 Extremi
2099 783 2240 838 enim

704 882 949 937 humana:
978 876 1298 932 conditionis
1328 874 1561 940 termini,
1590 876 1871 943 opulentus
1895 874 2165 938 videlicet,
2192 884 2245 928 et

706 972 923 1027 humilis
950 979 1104 1035 atque
1130 965 1395 1032 abiectus,
1430 965 1513 1019 his
1543 967 1719 1020 verbis
1762 966 2115 1035 attinguntur.
2154 966 2245 1019 Sic

706 1080 847 1118 nunc
898 1073 1103 1131 quoque
1160 1058 1289 1110 duos
1329 1057 1382 1109 in
1426 1055 1566 1111 lecto
1617 1071 1723 1111 uno
1749 1057 2063 1110 memoravit
2098 1056 2245 1110 Scri-

706 1166 858 1223 ptura
880 1193 896 1216 ,
926 1158 980 1206 ut
1013 1149 1249 1204 liberalis
1280 1149 1397 1200 vitae
1421 1148 1662 1202 homines
1696 1149 1941 1201 innueret
1970 1164 1984 1212 ;
2020 1164 2243 1217 quorum

705 1258 843 1298 unus
887 1249 1221 1301 assumetur,
1269 1238 1355 1305 qui
1406 1238 1495 1290 Dei
1546 1238 1810 1292 electione
1850 1238 2077 1308 dignus;
2112 1238 2246 1291 alter

706 1334 1054 1401 relinquetur,
1080 1332 1166 1399 qui
1190 1342 1369 1398 poma:
1402 1336 1483 1381 est
1510 1326 1701 1382 amnis.
1745 1327 2010 1382 Similiter
2044 1328 2243 1382 molen-

706 1430 786 1473 tes
815 1420 931 1473 dua:
981 1419 1351 1483 intelliguntur
1378 1432 1495 1483 quae
1522 1417 1663 1469 inter
1696 1418 1939 1471 homines
1962 1419 2242 1471 obscuram

703 1520 758 1563 et
815 1524 1097 1578 pauperem
1148 1509 1308 1560 vitam
1364 1509 1569 1572 agitant
1617 1524 1629 1559 :
1669 1523 1893 1576 quarum
1947 1510 2074 1561 item
2129 1523 2245 1578 quas

702 1599 845 1669 justa
872 1609 973 1664 est,
1002 1596 1318 1662 assumetur,
1348 1597 1515 1652 altera
1546 1597 1890 1665 relinquetur.

705 1860 750 1897 ⁸³
774 1862 964 1917 Dicunt
996 1862 1078 1915 ei:
1100 1860 1347 1922 Ubinam,
1377 1858 1631 1913 Domine?
1658 1859 1759 1923 Qui
1789 1860 2091 1927 respondit:
2112 1858 2211 1913 Ubi
2276 1842 2319 1899 Β

797 1933 951 2002 fuerit
984 1948 1196 2002 corpus,
1236 1930 1362 1983 illuc
1383 1928 1825 1997 congregabantur
1856 1940 1901 1981 et
1928 1930 2138 1996 aquilae.

775 2022 1177 2080 Sciscitantibus
1222 2020 1488 2087 discipulis
1528 2036 1544 2071 :
1584 2016 1823 2081 Ubinam,
1856 2016 2113 2071 Domine?
2149 2034 2246 2073 vo-

705 2130 1044 2199 lentibusque
1066 2141 1384 2199 cognoscere
1410 2165 1425 2191 ,
1463 2112 1676 2180 ubinam
1714 2109 1849 2177 aiter
1894 2136 1960 2176 ex
1999 2109 2100 2177 illis
2134 2137 2239 2177 non

709 2221 1000 2289 assumptis
1034 2220 1393 2287 relinquetur:
1432 2214 1570 2279 Ubi,
1600 2213 1799 2281 inquit,
1836 2213 1995 2281 fuerit
2038 2230 2247 2281 corpus,

708 2312 791 2365 vel
830 2312 1078 2373 cadaver,
1110 2318 1167 2361 ut
1202 2308 1274 2360 ait
1303 2306 1611 2369 Matthzeus,
1635 2303 1761 2357 illuc
1800 2305 2253 2371 congregabantur

709 2413 757 2457 et
786 2402 974 2473 aquila:
998 2401 1041 2431 “
1074 2416 1092 2453 :
1139 2415 1203 2453 ex
1240 2398 1427 2452 avibus
1478 2396 1661 2449 nescio
1692 2394 1886 2463 quibus
1929 2394 2249 2449 cadaverum

711 2493 995 2548 voracibus
1040 2490 1307 2561 principes
1350 2487 1508 2555 hujus
1557 2484 1737 2539 saeculi
1784 2484 1942 2538 ducta
1978 2499 2252 2554 compara-

714 2587 859 2641 tione
888 2583 1194 2654 signiﬁcans
1214 2620 1228 2645 ,
1260 2581 1349 2650 qui
1380 2586 1595 2633 sanctos
1626 2576 1717 2631 Dei
1768 2586 1890 2630 tunc
1922 2591 2253 2645 persequen-

714 2690 844 2733 tur:
881 2680 1072 2747 quibus
1122 2690 1227 2729 uno
1285 2675 1338 2727 in
1397 2673 1515 2725 loco
1564 2672 1785 2736 coactis,
1835 2670 2023 2724 eodem
2052 2671 2254 2739 pariter

713 2768 1058 2837 oompelletur
1084 2765 1172 2819 ille
1198 2766 1287 2832 qui
1320 2763 1567 2830 indignus
1594 2760 1801 2814 delectu
1824 2768 1927 2813 est.
1953 2757 2048 2813 Est
2075 2768 2252 2814 autem

706 2861 999 2933 jacentium
1052 2859 1101 2911 in
1151 2858 1321 2919 lecto,
1371 2856 1542 2918 alter;
1585 2854 1670 2905 vel
1706 2852 2015 2906 molentium
2040 2891 2057 2917 ,
2098 2867 2199 2904 una
2237 2871 2249 2903 :

712 2952 801 3022 qui
857 2951 1017 3003 etiam
1063 2947 1338 3001 tradentur
1386 2940 1727 3010 congregatis
1778 2939 2061 2992 adversum
2112 2938 2253 3006 ipsos

711 3041 924 3111 aquilis.
950 3037 1169 3108 Aquilas
1194 3049 1341 3099 vero,
1378 3032 1866 3101 Hierosolymorum
1912 3044 2124 3099 quoque
2156 3032 2254 3083 ob-

712 3145 954 3187 sessores
977 3126 1317 3198 prOpheticus
1360 3138 1537 3177 sermo
1583 3119 1903 3189 appellavit;
1943 3119 2103 3173 veluti
2134 3134 2250 3173 cum

715 3218 1295 3274 Nabuchodonosorum
1357 3212 1488 3264 dicit
1540 3211 1789 3277 grdndem
1849 3218 1895 3261 et
1950 3225 2253 3277 magnarum

716 3313 920 3364 alarum
944 3307 1170 3373 aquilam
1192 3304 1257 3356 ³⁸.
1304 3301 1413 3355 Nisi
1470 3300 1605 3353 forte
1652 3300 1757 3351 alio
1812 3314 1967 3353 sensu
2021 3298 2257 3352 vindices

716 3400 1043 3466 ultricesque
1093 3400 1410 3462 potestates,
1446 3404 1563 3458 quas
1617 3390 1809 3457 impios
1860 3388 2128 3451 invadent,
2177 3387 2259 3441 his

716 3489 892 3543 verbis
917 3488 1233 3540 denotantur
1260 3499 1275 3536 :
1309 3480 1507 3548 quibus
1538 3494 1600 3531 ne
1634 3476 1775 3531 forte
1817 3478 2118 3541 tradamur,
2147 3492 2260 3531 mo-

714 3586 808 3633 net
832 3574 1020 3630 deinde
1048 3572 1297 3626 Servator
1330 3581 1386 3622 ut
1414 3567 1666 3635 precibus
1698 3581 1914 3636 operam
1944 3566 2152 3621 demus.

806 3759 850 3789 ⁸⁸
878 3756 1046 3810 Index
1076 3753 1282 3823 quidam
1315 3759 1423 3801 erat
1444 3788 1457 3810 ,
1488 3747 1576 3815 qui
1606 3745 1768 3798 Deum
1798 3762 1895 3798 non
1938 3747 2167 3799 timebat.

788 3848 946 3902 Addit
978 3847 1137 3899 etiam
1169 3840 1468 3911 parabolam
1500 3839 1565 3891 de
1586 3838 1764 3904 judice
1802 3839 2116 3906 iniquitatis,
2155 3854 2260 3909 quo

720 3940 1001 3994 conllrmet
1028 3937 1287 3989 orandum
1336 3946 1545 3999 semper
1598 3929 1845 3997 nullaque
1887 3932 2095 3999 ignavia
2144 3946 2261 3986 ces-

721 4030 967 4085 sandum.
1000 4025 1149 4092 Quod
1176 4025 1365 4075 'autcm
1406 4022 1481 4074 ait
1510 4022 1549 4051 ⁸⁷
1584 4039 1595 4073 ;
1624 4020 1755 4072 Nunt
1802 4019 1964 4074 Filius
2012 4022 2257 4089 hominis,

720 4136 844 4177 cum
898 4118 1124 4181 venerit,
1188 4115 1341 4168 ﬁdem
1387 4115 1439 4166 in
1489 4114 1621 4167 orbe
1672 4112 1951 4165 inveniet?
1998 4113 2259 4166 defectum

722 4210 848 4267 ﬁdei
888 4209 1124 4262 futurum
1159 4206 1410 4268 ostendit,
1440 4205 1510 4257 ita
1546 4214 1603 4257 ut
1632 4217 1789 4257 nemo
1816 4202 1982 4256 ﬁdelis
2012 4203 2259 4271 supersit,

722 4310 816 4353 aut
865 4298 952 4351 vix
1002 4310 1154 4349 rarus
1203 4296 1417 4363 aliquis,
1474 4295 1616 4347 circa
1669 4294 1914 4347 secundae
1948 4293 2060 4359 ejus
2092 4294 2264 4346 mani-

722 4388 1022 4443 festationis
1066 4395 1297 4440 aetatem.
1344 4385 1397 4438 ld
1450 4400 1610 4452 porro
1665 4385 1948 4453 apostatici
2007 4384 2263 4451 temporis

2339 601 2429 651 ἐπὶ
2469 601 2652 669 κλίνης
2676 600 2731 652 δὲ
2747 602 2869 661 τοὺς
2898 598 2986 650 τόν
3026 597 3304 668 ἐλεύθερον
3330 600 3421 651 καὶ
3446 601 3632 652 ἄνετον
3651 598 3763 668 βίον
3786 616 3901 669 μετ-

2340 690 2678 760 ερχομένους.
2710 690 2875 741 Τοῦτο
2895 690 2948 740 δὲ
2974 692 3307 759 παραστήσει
3330 692 3361 758 ἡ
3382 690 3656 750 Μωῦσέως
3717 692 3899 761 γραφὴ

2342 780 2397 831 ὲν
2494 796 2653 849 φησιν
2683 782 2711 830 6
2738 780 2893 845 λόγος
2927 778 3074 848 ἥξειν
3114 780 3210 848 τὴν
3236 780 3401 849 ὀργὴν
3430 779 3535 831 ἀπὺ
3560 781 3902 850 πρωτοτόκου

2341 873 2557 943 Φαραὼ,
2609 873 2700 925 καὶ
2732 872 2835 934 ἕως
2869 873 2963 941 τῆς
3013 871 3311 941 ἀληθούσης
3361 872 3453 923 καὶ
3497 871 3805 941 πεσσούσης
3847 875 3905 925 ὲν

2342 963 2419 1033 τῷ
2454 963 2669 1033 μυλῶνι.
2706 962 2785 1013 Τὰ
2815 961 2920 1032 γὰρ
2947 963 3087 1031 ἄκρα
3116 960 3220 1012 τῶν
3252 961 3369 1013 κατ’
3404 961 3722 1032 ἀνθρώπους
3751 961 3904 1030 βίων,

2343 1054 2433 1106 τοῦ
2476 1070 2533 1105 τε
2580 1052 2786 1115 ἐνδόξου
2832 1054 2921 1105 τοῦ
2963 1051 3369 1123 ἀπερριμμένον
3409 1054 3499 1103 καὶ
3538 1054 3790 1121 ἐσχάτου,
3819 1052 3907 1105 διὰ

2344 1145 2544 1199 τούτων
2586 1147 2614 1197 6
2645 1144 2797 1211 λόγος
2825 1146 3159 1215 παρέστησεν
3182 1159 3194 1171 -
3228 1142 3399 1204 οὕτως
3427 1139 3517 1195 οὖν
3548 1145 3639 1195 καὶ
3668 1142 3905 1196 ἐνταῦθα

2344 1235 2437 1289 δύο
2478 1236 2568 1287 ἐπὶ
2612 1234 2792 1303 κλίνης
2838 1237 2962 1303 μιᾶς
3008 1235 3286 1303 εἰσήγαγε,
3326 1233 3448 1293 τοὺς
3489 1232 3585 1301 τὴν
3618 1232 3908 1304 ἐλευθέραν

2346 1325 2490 1397 ζωὴν
2525 1326 2800 1396 μετιόντας
2834 1324 3203 1392 αἰνιξάμενοςο
3242 1324 3268 1374 6
3297 1318 3374 1384 εἷς
3400 1323 3907 1393 παραληφθήσεται,

2346 1420 2373 1469 6
2400 1417 2543 1481 ἄξιος
2568 1417 2666 1484 τῆς
2692 1416 2795 1467 ἀπὸ
2821 1416 2913 1466 τοῦ
2958 1415 3088 1466 Θεοῦ
3120 1414 3373 1481 ὲκλογῆς’
3405 1415 3431 1465 6
3454 1413 3507 1466 δὲ
3545 1414 3731 1483 ἕτερος
3777 1415 3912 1483 ἀφε-

2347 1508 2584 1577 θήσεται⁹
2614 1506 2848 1575 δηλονότι
2886 1508 2914 1557 6
2948 1508 3042 1573 τῆς
3072 1505 3235 1573 ὀργῆς
3259 1506 3453 1566 οἰκεῖος
3474 1521 3485 1532 ⁸
3517 1504 3777 1568 ὡσαύτως
3817 1504 3912 1557 δύο

2344 1598 2638 1667 ἀλήθουσαι
2672 1591 2779 1647 εἷεν
2811 1594 2876 1647 ἂν
2918 1598 2972 1646 αἱ
3017 1596 3075 1646 ὲν
3104 1594 3406 1663 ἀνθρώποις
3447 1593 3535 1645 τὸν
3577 1595 3769 1664 ἄτιμον
3814 1596 3911 1648 καὶ

2346 1688 2597 1756 πενιχρὸν
2625 1687 2735 1755 βίον
2764 1684 3068 1755 μετιοῦσαν
3098 1677 3172 1737 ὧν
3194 1684 3352 1736 πάλιν
3378 1687 3409 1755 ή
3438 1684 3699 1754 κρείττων
3728 1703 3908 1757 παρα-

2347 1778 2698 1847 ληφθήσεται,
2729 1779 2760 1846 ή
2788 1776 2843 1828 δὲ
2867 1775 3025 1843 ἑτέρα
3051 1773 3400 1844 ἀφεθήσεται.

2348 1866 2639 1933 Λέγουσιν
2663 1866 2848 1929 αὐτῷ·
2887 1864 3028 1925 Ποῦ,
3063 1864 3234 1930 Κύριε
3252 1879 3288 1933 ;7
3310 1865 3371 1915 '0
3404 1862 3469 1915 δὲ
3494 1858 3661 1916 εἶπεν
3683 1863 3907 1933 αὐτοῖς·

2382 1931 2569 1987 Ὅπου
2593 1936 2657 1986 τὸ
2680 1932 2999 2002 σῶμα,ὲκεῐ
3021 1932 3503 2000 συναχθήσονται
3523 1935 3615 1985 καὶ
3638 1937 3692 1997 οἱ
3710 1931 3894 1997 ἀετοί,

2427 2025 2839 2095 Ἐρωτησάντων
2884 2025 2990 2075 τῶν
3041 2022 3324 2105 inﬁma“...
3357 2036 3568 2104 Κύριε,
3623 2034 3773 2097 xor“);
3822 2036 3915 2087 καὶ

2350 2124 2707 2198 βουληθέντων
2756 2126 2941 2196 μαθεῖν
2988 2125 3091 2179 ποῦ
3143 2128 3627 2198 καταλειφθήσεται
3660 2130 3687 2179 6
3728 2127 3916 2196 ἕτερος

2348 2220 2451 2270 τών
2484 2218 2603 2287 (μή)
2643 2216 3129 2287 παραληφθέντων·
3183 2217 3393 2279 Ὅπου,
3426 2217 3580 2286 φησὶ,
3617 2216 3684 2267 τὸ
3723 2214 3914 2283 σῶμα,

2349 2310 2381 2379 ἦ
2418 2308 2482 2360 τὸ
2525 2306 2730 2376 πτῶμα
2778 2308 2916 2359 κατὰ
2948 2306 3243 2372 Ματθαῖον,
3267 2308 3391 2359 ἐκεῖ
3422 2306 3915 2374 συναχθήσονται

2352 2401 2445 2453 καὶ
2476 2403 2529 2453 οἱ
2558 2400 2743 2452 ἀετοί·
2769 2402 2955 2470 ὥσπερ
2975 2400 3195 2462 οἰωνούς
3219 2415 3367 2462 τινας
3390 2399 3767 2469 νεκροόόρους,
3790 2399 3915 2461 τοὺς

2350 2492 2608 2563 ἄρχοντας
2645 2491 2737 2543 τοῦ
2771 2491 2960 2553 αἰῶνος
2990 2491 3180 2543 τούτου
3221 2489 3581 2559 αἰνιξάμενος,
3623 2492 3750 2552 τοὺς
3796 2490 3914 2542 τότε

2348 2582 2631 2644 διώκοντας
2662 2583 2787 2644 τοὺς
2812 2583 2997 2650 ἁγίους
3020 2582 3110 2635 τοῦ
3127 2578 3259 2635 Θεοῦ
3280 2601 3293 2613 ο
3315 2578 3389 2635 ὧν
3413 2583 3505 2635 ἐπὶ
3533 2582 3593 2633 τὸ
3624 2582 3756 2635 αὐτὸ
3788 2598 3910 2634 συν-

2352 2673 2619 2743 αχθέντων
2642 2714 2656 2737 ,
2730 2674 2845 2725 ἐκεῖ
2896 2674 2987 2725 καὶ
3042 2675 3170 2744 παρ’
3220 2675 3399 2735 αὐτοῖς
3448 2672 3839 2741 συναχθήσεται
3886 2673 3915 2725 6

2352 2763 2565 2827 ἀνάξιος
2595 2763 2690 2833 τῆς
2717 2762 3096 2832 παραλήψεως.
3132 2758 3239 2815 Ἦν
3269 2763 3315 2815 δ’
3346 2758 3497 2826 οὗτος
3536 2762 3643 2814 τῶν
3680 2763 3773 2814 ἐπὶ
3805 2760 3911 2815 xil-

2352 2871 2448 2922 νης
2474 2854 2831 2906 καθευδόντων
2863 2855 2891 2905 ὁ
2918 2853 3127 2923 ἕτερος·
3165 2854 3197 2924 ἢ
3239 2853 3343 2905 τῶν
3374 2852 3686 2923 ἀληθουσῶν
3712 2856 3746 2925 ή
3784 2849 3912 2925 μία*

2351 2946 2399 2997 οἳ
2430 2946 2521 2998 καὶ
2552 2944 3013 3015 παραδοθήσονται
3038 2945 3150 3005 τοῖς
3174 2942 3575 3011 ὲπισυναχθεῖσι
3599 2946 3717 2996 κατ’
3741 2942 3917 2995 αὐτῶν

2354 3036 2549 3097 ἀετοῖς.
2594 3036 2807 3095 Ἀετοὺς
2834 3034 2890 3086 δὲ
2916 3034 3157 3095 καὶτοὺς
3186 3034 3287 3103 τῆς
3325 3033 3675 3104 Ἰερουσαλὴμ
3704 3034 3915 3105 πολιορο

2355 3126 2523 3195 κητὰς
2550 3129 2578 3178 6
2603 3126 2933 3197 προφητικός
2958 3125 3114 3192 λόγος
3136 3124 3440 3195 ὠνόμασεν’
3465 3122 3538 3187 ὡς
3556 3126 3643 3178 ὅτε
3670 3141 3799 3195 περι
3824 3123 3916 3177 τοῦ

2356 3216 2817 3287 Ναϐουχοδονόσορ
2872 3216 3035 3283 λέγει’
3084 3218 3145 3269 '0
3184 3216 3356 3279 ἀετὸς
3398 3220 3430 3269 ὀ
3460 3216 3643 3285 μέγας
3678 3220 3711 3269 ό
3734 3236 3915 3287 μεγαο

2354 3304 2748 3371 λοπτέρυγος²
2783 3305 2855 3373 μή
2903 3306 3018 3356 ποτ’
3047 3300 3138 3357 οὖν
3182 3305 3302 3357 καθ’
3348 3306 3539 3374 ἑτέραν
3586 3305 3827 3363 διάνοιαν
3861 3306 3918 3359 αἱ

2356 3391 2717 3460 τιμωρητικαὶ
2750 3392 2846 3442 καὶ
2876 3392 3189 3445 κολαστικαὶ
3219 3392 3494 3461 δυνάμεις,
3526 3395 3581 3445 αἱ
3626 3396 3750 3458 τοὺς
3792 3398 3917 3449 ἀσε-

2357 3476 2470 3541 ϐεῖς
2523 3479 2990 3549 μετελευσόμεναι,
3037 3481 3123 3533 διὰ
3173 3482 3280 3533 τῶν
3335 3482 3563 3535 ἐνταῦθα
3612 3480 3921 3553 λεγομένων

2358 3571 2528 3623 ἀετῶν
2560 3568 2901 3641 ἐδηλώθησαν
2922 3588 2933 3601 ·
2966 3567 3050 3635 αἷς
3084 3573 3169 3625 ἵνα
3196 3574 3269 3643 μὴ
3304 3573 3714 3644 παραδσθῶμεν,
3746 3574 3869 3645 ἑξῆς
3892 3578 3920 3627 6

2359 3663 2545 3732 Σωτὴρ
2575 3666 2825 3731 παραινεῖ
2849 3664 3028 3731 εὐχαῖς
3063 3665 3371 3733 σχολάζειν.

2497 3754 2706 3821 Ιιξριτής
2742 3771 2827 3818 τις
2858 3749 2934 3817 ἦν
2968 3756 3069 3805 τὸν
3100 3754 3245 3807 Θεὸν
3271 3756 3359 3823 μὴ
3392 3756 3779 3823 φοϐούμενος.

2442 3845 2820 3897 Ἐπισυνάπτει
2861 3844 2988 3910 γοῦν
3032 3845 3125 3897 καὶ
3174 3846 3482 3917 παραϐολὴν
3516 3843 3613 3916 τὴν
3659 3845 3788 3916 περὶ
3830 3845 3921 3899 τοῦ

2361 3936 2544 4007 κριτοῦ
2565 3938 2661 4006 τῆς
2677 3935 2905 4000 ἀδικίας,
2928 3936 3058 4005 πρὸς
3079 3932 3138 3989 τὸ
3154 3936 3263 3988 δεῖν
3284 3937 3507 3990 πάντοτε
3529 3936 3921 4007 προσεύχεσθαι

2362 4028 2452 4078 καὶ
2482 4027 2555 4096 μὴ
2602 4029 2875 4079 ἐκκακείν.
2922 4026 2991 4077 Τὸ
3038 4025 3093 4077 δὲ
3126 4028 3319 4079 εἰπεῖν’
3349 4022 3491 4098 τΑριι
3530 4024 3697 4079 ἐλθὼν
3730 4026 3759 4075 6
3798 4024 3923 4085 Υἱὸς

2360 4116 2452 4167 τοῦ
2480 4114 2761 4186 ἀνθρώπου
2791 4117 3005 4185 εὑρήσει
3034 4116 3129 4186 τήν
3155 4118 3338 4171 πίστιν
3361 4116 3451 4170 ἐπὶ
3471 4117 3568 4186 τῆς
3592 4114 3691 4187 γῆς
3713 4134 3727 4179 ;
3755 4116 3925 4169 ἔκλει-

2360 4206 2450 4276 ψιν
2478 4206 2624 4278 δηλοῖ
2654 4208 2749 4277 τῆς
2780 4207 3030 4270 πίστεως,
3055 4206 3129 4269 ὡς
3159 4208 3361 4277 μηδένα
3402 4207 3587 4259 πιστὸν
3636 4206 3926 4278 εὐρεθήοιρ

2364 4298 2504 4360 σθαι,
2532 4297 2563 4367 ἢ
2598 4298 2775 4349 εῐ·που
2811 4290 2919 4367 ἄρα
2945 4290 3167 4351 σπάνιόν
3196 4314 3314 4350 τινα
3341 4297 3479 4351 κατὰ
3502 4298 3593 4350 τὸν
3617 4298 3716 4369 τῆς
3741 4297 3926 4351 δευτε-

2368 4404 2461 4459 ρας
2494 4387 2655 4441 αὑτοῦ
2690 4388 3000 4456 θεοφανείας
3032 4385 3429 4459 χρόνον.”οπερ
3462 4389 3598 4458 μέγα
3630 4389 3926 4459 τεκμήριον

721 4494 970 4548 magnum
999 4477 1203 4545 signum
1232 4475 1367 4541 erit,
1396 4491 1515 4528 cum
1546 4489 1669 4527 raro
1697 4481 1944 4527 occurret
1975 4472 2066 4541 qui
2106 4471 2262 4526 ﬁdem
2294 4496 2337 4552 Β

2364 4479 2613 4550 τυγχάνει
2654 4478 2747 4531 τοῦ
2790 4476 2978 4549 καιροῦ
3007 4478 3107 4547 τῆς
3147 4479 3498 4541 ἀποστασίας,
3548 4480 3604 4530 ὲν
3631 4471 3677 4545 ᾧ
3706 4480 3929 4542 σπάνιος

724 4572 955 4624 retineat
981 4584 994 4620 :
1024 4566 1132 4621 imo
1160 4580 1285 4620 vero
1315 4580 1381 4619 ne
1412 4579 1549 4618 unus
1596 4564 1809 4631 quidem
1862 4561 2094 4616 fortasse
2138 4562 2263 4625 erit,

726 4667 1004 4728 propterea
1051 4657 1189 4723 quod
1242 4655 1327 4708 alii
1367 4654 1624 4722 assumpti
1672 4652 1906 4715 fuerint,
1942 4651 2033 4705 alii
2066 4650 2279 4724 relicti,

728 4749 916 4818 aquilis
948 4762 1135 4817 nempe
1164 4746 1429 4799 tradendi.
1463 4744 1556 4799 Sic
1583 4758 1709 4813 ergo
1757 4744 1926 4797 deleta
1979 4744 2123 4796 inter
2172 4741 2266 4795 bo-

726 4840 909 4895 mines'
931 4840 1054 4904 fide,
1083 4840 1195 4908 ipse
1229 4839 1599 4908 superveniet,
1656 4846 1867 4891 sanctos
1896 4849 2022 4891 suos
2074 4834 2164 4904 qui
2200 4834 2266 4887 ab

726 4932 904 5001 impiis
927 4930 1033 4984 leto
1062 4930 1221 4984 dediti
1252 4930 1467 4992 fuerint,
1492 4928 1875 4981 vindicaturus.
1903 4925 2059 4981 Brevi
2088 4933 2267 4979 autem

725 5024 982 5078 ultionem
1008 5023 1260 5093 patrabit,
1290 5030 1572 5092 pr0pterea
1597 5021 1737 5089 quod
1769 5020 1821 5073 bi
1866 5020 1955 5073 diu
2003 5026 2269 5087 noctuque

728 5117 793 5169 ad
824 5129 942 5169 eum
972 5115 1221 5168 clamant.
1249 5113 1314 5166 Et
1342 5114 1553 5181 quidem
1595 5122 1651 5164 ut
1680 5112 1744 5164 ad
1778 5127 1835 5165 se
1874 5110 2141 5173 clament,
2168 5110 2267 5164 do-

726 5207 837 5259 cuit
864 5219 956 5260 eos
984 5219 1077 5275 per
1110 5204 1419 5274 parabolam
1450 5202 1514 5256 de
1538 5199 1717 5269 judice
1747 5200 2063 5269 iniquitatis.

728 5381 772 5414 "
789 5382 954 5437 Homo
968 5384 1175 5451 quidam
1195 5381 1381 5434 nobilis
1405 5382 1529 5432 abiit
1574 5381 1624 5432 in
1649 5379 1903 5447 regionem
1932 5378 2269 5449 longinquam

1021 5458 1248 5518 accipere
1277 5452 1371 5505 sibi
1413 5466 1646 5518 regnum,
1688 5460 1733 5502 et
1764 5451 1965 5502 reverti.

800 5544 875 5597 En
900 5559 1014 5611 qua:
1044 5542 1096 5595 in
1128 5544 1226 5596 hac
1259 5541 1505 5610 parabola
1538 5540 1821 5595 edocemur
1848 5556 1861 5591 :
1897 5538 2132 5594 futurum
2167 5539 2271 5593 sci~

802 5780 845 5811 ⁸³
867 5778 991 5832 Luc.
1022 5776 1253 5843 xvn,37.
1327 5776 1369 5806 “
1410 5775 1593 5832 Matth.
1623 5793 1766 5842 xxiv,
1792 5777 1879 5834 '28.
1956 5778 1997 5809 "
2021 5775 2215 5830 Ezech.
2244 5776 2477 5841 “111,5.

2368 4568 2514 4620 ἔσται
2538 4570 2565 4621 6
2590 4568 3010 4640 εὐρεθησόμενος
3038 4568 3248 4629 πιστός·
3272 4568 3413 4637 τάχα
3437 4567 3491 4619 δὲ
3513 4567 3632 4621 οὐδὲ
3653 4562 3735 4630 εἷς
3756 4567 3926 4632 ἔσται,

2366 4658 2451 4713 διὰ
2479 4660 2537 4712 τὸ
2584 4660 2708 4723 τοὺς
2756 4659 2855 4729 μὲν
2903 4658 3446 4729 παραληφθήσεσθαι,
3481 4660 3604 4722 τοὺς
3648 4658 3706 4711 δὲ
3757 4677 3928 4714 κατα-

2367 4748 2747 4822 λειφθήσεσθαι
2770 4752 2880 4812 τοῖς
2905 4748 3082 4812 ἀετοῖς
3107 4747 3674 4821 παραδοθησομένουςο
3706 4748 3851 4804 οὕτω
3871 4765 3927 4803 τε

2369 4840 2426 4905 ἐξ
2461 4839 2755 4911 ἀνθρώπων
2798 4838 3154 4909 ἐκλειπούσης
3192 4838 3294 4909 τῆς
3334 4838 3587 4903 πίστεως,
3619 4839 3784 4904 αὐτὸς
3823 4840 3931 4893 λοι-

2371 4932 2467 4984 πὸν
2488 4933 2833 5002 ἐπιστήσεται
2857 4929 2955 4999 τὴν
2975 4929 3249 4999 ἐκδίκησιν
3265 4929 3618 5001 ποιησόμενος
3638 4930 3747 4985 τῶν
3764 4929 3930 5000 ἀγεων

2374 5020 2532 5073 αὐτοῦ
2560 5022 2665 5074 τῶν
2709 5022 2811 5073 ὑπὸ
2850 5020 2957 5073 τῶν
2986 5019 3195 5073 ἀσεϐῶν
3235 5020 3608 5093 ἀνῃρημένων.
3655 5023 3745 5077 Ἐν
3780 5024 3928 5094 τάχει

2373 5108 2428 5161 δὲ
2476 5110 2687 5180 ποιήσει
2732 5109 2827 5180 τὴν
2873 5109 3165 5179 ἐκδίκησιν,
3192 5108 3281 5163 διὰ
3318 5110 3381 5163 τὸ
3421 5109 3547 5180 βοᾷν
3590 5111 3727 5182 πρὸς
3768 5110 3929 5165 αὑτὸν

2373 5201 2562 5263 νυκτὸς
2594 5200 2687 5253 uel
2720 5200 2926 5270 ἡμέρας
2950 5218 2962 5230 ·
3000 5199 3127 5271 βοᾷν
3168 5200 3223 5254 δὲ
3249 5201 3383 5272 πρὸς
3420 5200 3583 5254 αὑτὸν
3616 5201 3819 5266 “idae:
3844 5202 3929 5255 διὰ

2374 5294 2469 5364 τῆς
2500 5294 2810 5365 παραϐολῆς
2842 5294 2933 5346 τοῦ
2964 5294 3149 5365 κριτοῦ
3176 5295 3277 5365 τῆς
3317 5294 3545 5358 ἀδικίας.

2378 5386 2705 5456 Ἄνθρωπός
2733 5401 2822 5456 τις
2851 5385 3101 5456 εὐγενὴς
3129 5386 3416 5453 ἐπορεύθη
3458 5388 3544 5451 εις
3585 5384 3785 5456 χώραν
3816 5402 3926 5456 μα·

2409 5454 2558 5522 seper
2582 5456 2785 5508 λαϐεῖν
2803 5455 2989 5519 ἐαυτῷ
3004 5456 3347 5520 βασιλείαν,
3378 5456 3475 5509 καὶ
3500 5454 3893 5525 ὑποστρέψαι.

2445 5545 2689 5599 Τοσαῦτα
2739 5546 2827 5599 διὰ
2877 5546 2973 5615 τῆς
3027 5545 3337 5616 παραϐολῆς
3387 5547 3787 5619 διδασκόμεθα,
3831 5548 3927 5619 τήν

2581 5773 2622 5803 ³⁶
2657 5771 2786 5827 Luc.
2817 5774 3043 5840 xvnt,‘2.
3123 5774 3163 5806 "
3189 5774 3314 5828 ibid.
3343 5773 3393 5827 8.
3472 5771 3665 5825 "Luc.
3690 5786 3799 5831 xix.
3831 5766 3922 5826 ιε.
