4124 6452
1429 399 1929 463 COHIEN'I‘ARIA
1964 399 2029 456 IN
2063 397 2321 457 LUCAM.

256 523 552 593 μέλλουσαν
574 523 734 579 αὐτοῦ
757 524 851 577 καὶ
876 524 1098 595 μηδέπω
1121 521 1398 596 παροῦσαν
1414 520 1688 593 βασιλείαν
1699 516 1830 588 (68),

1938 513 2065 570 licet
2090 514 2292 570 Christi
2342 516 2692 587 nondumque
2738 530 2980 586 presens
3032 531 3280 590 regnum,
3328 535 3505 591 quan-

256 616 356 671 κᾶν
381 615 647 687 αἰσθητὴν
668 616 870 687 ταύτην
889 615 1033 679 τινὲς
1058 614 1439 685 ἐφαντάζοντο,
1475 612 1573 684 τὴν
1597 609 1703 664 ἀπὸ
1724 609 1828 678 γῆς

253 707 332 769 ei;
350 707 580 777 οὐρανὸν
606 707 929 777 μετάστασιν
952 724 1011 760 τε
1030 708 1124 761 καὶ
1137 703 1424 776 ἀνάληψιν,
1448 703 1547 774 τὴν
1571 700 1832 773 δευτέραν

252 800 348 852 καὶ
386 798 595 861 ἔνδοξον
640 798 802 851 αὑτοῦ
833 797 1173 868 θεοφάνειαν,
1200 797 1296 869 τὴν
1323 794 1574 869 κριτίκὴν
1608 793 1703 846 καὶ
1737 790 1829 845 τοῦ

250 888 371 947 ’κατ’
403 888 563 951 ἀξίαν
594 884 807 958 ἑκάστῳ
842 888 1230 960 διανεμητικὴν
1275 886 1545 953 ἐξουσίαν,
1589 882 1687 955 τὴν
1722 881 1831 935 τῶν

255 980 468 1035 οιιιείων
491 978 656 1032 αὑτοῦ
682 980 773 1031 καὶ
800 980 1003 1033 πιστῶν
1031 977 1439 1051 θεραπευόντων
1459 974 1828 1045 εὐδοκίμησιν,

253 1071 349 1144 τὴν
392 1070 501 1122 τῶν
544 1070 617 1139 μὴ
650 1070 904 1123 τοιούτων
934 1070 1296 1138 κατάγνωσιν,
1325 1068 1424 1139 τὴν
1453 1066 1562 1119 τῶν
1599 1063 1831 1117 πολιτῶν

250 1159 349 1217 to?)
380 1158 641 1231 βασιλέως
674 1161 793 1213 κατ’
827 1159 988 1213 αὑτοῦ
1032 1160 1319 1231 συσκευὴν,
1365 1159 1466 1229 τὴν
1510 1155 1831 1227 μετελευσο-

258 1251 424 1323 μένην
448 1251 645 1313 αὐτοὺς
675 1250 907 1317 ἐπαξίως
930 1245 1004 1303 ὧν
1032 1250 1261 1322 ἔδρασαν
1299 1250 1455 1319 δίκην
1480 1266 1494 1278 ·
1526 1245 1697 1300 ταῦτα
1722 1246 1829 1316 γὰρ

252 1341 389 1413 ὁμοῦ
434 1342 611 1396 πάντα
642 1342 730 1394 δια
768 1340 877 1393 τῶν
908 1340 1228 1394 ὲκτεθεισῶν
1268 1338 1460 1409 φωνῶν
1485 1338 1691 1407 ἐδήλου.
1720 1336 1831 1388 Καὶ

256 1429 469 1499 πρῶτον
502 1428 603 1498 μὲν
634 1428 916 1498 ἄνθρωπον
950 1428 1107 1492 αὐτὸς
1134 1426 1322 1483 ἑαυτὸν
1350 1425 1596 1497 ὠνόμαζε
1622 1424 1709 1478 διὰ
1733 1424 1829 1495 τὴν

256 1520 393 1574 κατὰ
424 1521 601 1592 σάρκα
623 1519 893 1589 γέννησιν,
924 1521 1022 1589 τὴν
1048 1519 1190 1573 κατὰ
1230 1520 1511 1590 ἄνθρωπον
1544 1518 1691 1587 αὐτῷ
1740 1534 1831 1569 συ-

254 1614 457 1666 στᾶσαν
481 1628 495 1641 °
546 1611 734 1664 ἔπειτα
780 1610 995 1678 εὐγενῆ,
1024 1610 1136 1663 ἀλλ’
1184 1597 1339 1663 οὔπω
1371 1608 1591 1679 βασιλέα
1643 1607 1830 1661 ἑαυτὸν

253 1703 454 1767 una,
491 1703 581 1757 διὰ
630 1703 691 1755 τὸ
737 1702 962 1773 μηδέπω
988 1705 1055 1773 τῇ
1089 1701 1335 1774 βασιλικῇ
1380 1700 1507 1771 ἀξίᾳ
1551 1700 1691 1754 κατὰ
1730 1700 1828 1769 τὴν

251 1792 470 1865 πρώτην
508 1791 824 1860 θεοφάνειαν
861 1790 1181 1860 κεχρῆσθαι.
1217 1790 1329 1859 Τῆς
1357 1789 1402 1841 δ’
1431 1789 1709 1856 εὐγενείας
1733 1788 1829 1839 αὑ-

1933 620 2095 675 quam
2148 605 2203 660 id
2250 606 2501 662 sensibile
2552 606 2795 661 nonnulli
2848 616 3055 664 temere
3098 608 3506 681 opinabantur;

1935 696 2342 755 translationem
2371 715 2401 755 e
2430 708 2573 756 terra
2600 698 2654 753 in
2682 699 2915 767 calum,
2948 700 3004 756 id
3042 712 3126 757 est
3174 706 3506 775 assumptio-

1933 805 2094 856 nem;
2142 792 2436 848 secundam
2474 793 2592 864 ejus
2636 794 2932 863 gloriosam
2976 795 3506 866 manifestationetn;

1928 875 2272 946 iudiciariam
2300 889 2355 935 et
2385 895 2542 936 suum
2571 884 2766 953 cuique
2788 882 2878 951 jus
2908 884 3224 941 reddentem
3261 897 3507 958 potesta-

1933 975 2077 1033 tem;
2110 967 2454 1026 familiarium
2480 986 2703 1029 suorum
2721 974 3068 1046 ﬁdeliumque
3095 991 3371 1034 servorum
3394 980 3510 1036 col-

1932 1057 2336 1126 laudationem;
2371 1077 2559 1119 eorum
2587 1066 2681 1137 qui
2736 1080 2898 1121 secus
2951 1081 3012 1122 se
3058 1070 3325 1139 gesserint
3371 1086 3506 1128 con-

1932 1148 2370 1216 demnationem;
2404 1154 2606 1209 civium
2646 1156 2701 1209 in
2734 1170 2915 1227 regem
2957 1172 3115 1212 suum
3139 1161 3507 1230 conspiratio-

1931 1253 2057 1292 nem
2086 1248 2141 1295 et
2172 1238 2496 1310 condignam
2522 1244 2681 1299 factis
2708 1260 2924 1316 ptenam
2966 1266 2980 1301 :
3014 1246 3129 1303 haec
3160 1252 3304 1305 enim
3339 1252 3503 1307 simul

1930 1332 2111 1386 omnia
2140 1333 2413 1401 praedictis
2442 1336 2624 1391 verbis
2653 1338 3015 1406 signiﬁcabat.
3058 1340 3125 1397 Et
3166 1342 3343 1411 primo
3380 1345 3505 1414 qui-

1932 1419 2053 1474 dem
2083 1423 2353 1479 hominem
2384 1438 2443 1479 se
2473 1426 2803 1495 appellavit,
2832 1439 3054 1496 propter
3089 1431 3364 1488 carnalem
3398 1448 3501 1489 na-

1934 1508 2197 1565 tivitatem
2221 1550 2237 1576 ,
2264 1525 2384 1580 qua
2411 1512 2513 1583 ipsi
2548 1524 2607 1569 ut
2640 1516 2846 1571 homini
2886 1519 3131 1590 contigit.
3162 1520 3367 1577 Deinde
3400 1536 3503 1577 no-

1929 1598 2093 1655 bilem
2142 1615 2202 1655 se
2256 1602 2434 1669 dixit,
2484 1620 2589 1660 non
2645 1622 2848 1676 regem,
2894 1611 3020 1677 quia
3064 1611 3209 1680 regia
3258 1612 3500 1667 nondum

1928 1687 2191 1758 dignitate
2252 1692 2307 1745 in
2363 1693 2537 1762 prima
2585 1710 2682 1749 sua
2740 1698 3177 1756 manifestatione
3224 1700 3501 1756 utebatur.

1929 1778 2241 1839 Nobilitatis
2271 1795 2450 1839 autem
2483 1786 2599 1854 ejus
2631 1796 2797 1844 testes
2838 1790 2894 1855 ii,
2925 1792 3018 1861 qui
3050 1807 3219 1863 genus
3252 1793 3398 1849 illius
3433 1809 3502 1849 ac

251 1853 340 1939 τοῦ
369 1853 641 1956 μάρτυρες
669 1884 717 1935 οί
742 1880 837 1935 τοῦ
865 1853 1054 1949 γένους
1080 1883 1173 1934 καὶ
1197 1853 1297 1949 τῆς
1320 1882 1383 1933 ὲκ
1412 1853 1826 1949 προγόνωνέδια-

1932 1872 2126 1927 seriem
2158 1875 2562 1944 pr0genitorum
2587 1879 2804 1948 scriptis
2836 1882 3115 1938 historicis
3146 1886 3500 1940 commcnda-

249 1973 404 2045 δοχῆς
427 1975 525 2045 τὴν
560 1973 798 2047 ἱστορίαν
821 1974 1005 2050 γραφῇ
1033 1971 1501 2050 παραδεδωκότες
1540 1966 1613 2030 ὧν
1656 1980 1684 2030 ὁ
1729 1971 1825 2047 μέν

245 2080 346 2127 τις,
374 2066 474 2139 τὴν
500 2067 640 2123 κατᾶ
682 2069 1001 2141 ἀνθρώπους
1035 2070 1311 2137 εὐγένειαν
1341 2069 1505 2122 αὑτοῦ
1535 2067 1823 2139 παριστὰς,

243 2160 395 2213 ἔνθεν
413 2162 475 2233 δή
502 2161 663 2214 ποθεν
689 2160 1071 2231 εὐηγγελίζετο
1086 2161 1280 2229 λέγων·
1304 2162 1517 2225 Βίϐλος
1536 2160 1827 2228 γενέσεως

254 2237 459 2318 Ἰησοῦ
502 2249 754 2316 Χριστοῦ
787 2249 919 2302 υἱοῦ
964 2249 1168 2316 Δαϐὶό,
1234 2249 1368 2302 viai}
1425 2246 1687 2315 Ἀϐραάμ·
1728 2242 1825 2297 εἷθ’

243 2344 371 2412 ἑξῆς
404 2341 612 2405 τούτοις
670 2339 766 2413 τὴν
800 2341 1161 2412 γενεαλογίαν
1202 2342 1268 2395 δι’
1304 2340 1580 2411 ἐπιδημῶν
1622 2338 1829 2410 ἀνδρῶν

242 2434 336 2490 καὶ
364 2433 456 2487 διὰ
498 2431 771 2504 βασιλικοῦ
811 2432 1002 2500 γένους
1050 2434 1143 2486 ἐπ’
1175 2431 1338 2485 αὐτὸν
1375 2432 1629 2497 κατάγων
1675 2429 1829 2499 ἵστη-

245 2542 357 2580 σιν·
386 2528 415 2578 ὀ
438 2524 495 2577 δὲ
540 2522 635 2594 τὴν
667 2523 926 2575 ἀνωτάτω
970 2524 1068 2577 καὶ
1113 2522 1225 2593 πρὸ
1263 2520 1479 2573 πάντων
1516 2520 1725 2573 αίώνων
1766 2522 1831 2572 ὲκ

244 2616 377 2671 θεοῦ
421 2614 669 2684 γέννησιν
706 2615 865 2668 αὐτοῦ
893 2614 1194 2679 διδάσκων,
1230 2615 1329 2683 τὴν
1369 2610 1580 2683 άληθῶς
1610 2612 1830 2683 πρώτην

243 2702 338 2755 καὶ
366 2702 532 2772 μόνην
565 2701 836 2769 εὐγένειαν
866 2702 1165 2771 παρεδίδου
1204 2701 1403 2769 λέγων·
1449 2702 1545 2754 Ἐν
1571 2700 1725 2769 ἀρχῇ
1754 2700 1832 2769 ἦν

243 2796 280 2846 ό
311 2793 519 2863 Λόγος,
541 2793 637 2846 καί
663 2794 899 2862 όΛόγος
923 2789 1002 2862 ἦν
1035 2794 1197 2859 πρὸς
1230 2792 1336 2845 τὸν
1368 2792 1532 2856 Θεὸν,
1560 2794 1659 2845 καί
1689 2792 1833 2857 Θεὸς

242 2880 323 2955 ἦν
354 2888 387 2939 d
418 2885 628 2954 Λόγος.
652 2882 853 2937 Πάντα
883 2883 958 2936 δι’
993 2884 1189 2937 αὑτοῦ
1224 2883 1475 2953 ἐγένετο.

327 2975 488 3029 Ἀλλὰ
511 2975 618 3047 γὰρ
638 2968 789 3037 οὗτος
818 2977 845 3027 ὁ
874 2974 981 3046 πρὸ
1009 2975 1236 3027 πάντων
1259 2973 1467 3027 αἰώνων
1490 2974 1619 3039 Θεὸς
1639 2976 1828 3044 Λόγος,

244 3069 533 3139 γενόμενος
560 3066 839 3138 ἄνθρωπος
872 3065 1123 3136 εὐγενὴς,
1166 3067 1261 3119 καὶ⁸
1292 3065 1381 3117 τὸν
1410 3065 1506 3117 σὺν
1528 3065 1832 3137 ἀνθρώποις

244 3159 528 3225 διεξελθὼν
588 3159 698 3229 βίον
744 3159 834 3219 τὸν
890 3158 1271 3228 ἐμφερόμενον
1318 3160 1437 3219 ταῖς
1488 3158 1617 3251 περί
1667 3157 1830 3251 αὑτοῦ
1859 3194 1901 3251 C

246 3254 626 3324 εὐαγγελικαῖς
657 3253 917 3323 γραφαῖς,
980 3249 1122 3321 μετὰ
1177 3251 1276 3320 τὴν
1322 3249 1471 3322 παρὰ
1523 3250 1828 3319 ἀνθρώποις

246 3348 496 3417 αὐτάρκη
547 3343 844 3415 διατριϐὴν,
886 3340 1126 3396 ἐπανιὼν
1172 3343 1309 3412 πρὸς
1344 3344 1434 3394 τὸν
1480 3343 1673 3395 ἑαυτοῦ
1714 3345 1826 3397 Πα-

244 3438 402 3507 τέρα,
434 3434 703 3506 ἐπορεύθη
732 3437 809 3497 είς
841 3435 1025 3505 χώραν
1069 3434 1293 3504 μακρὰν
1326 3434 1507 3489 λαϐεῖν
1530 3436 1707 3505 ἑαυτῷ
1737 3438 1829 3506 βα-

247 3528 451 3582 σιλειαν
482 3528 575 3581 καὶ
607 3526 962 3597 ὑποστρέψαι.
996 3523 1205 3596 Χώραν
1241 3525 1296 3578 δὲ
1337 3526 1551 3596 μακρὰν
1581 3528 1678 3599 τὴν
1720 3528 1829 3581 ἀπὸ

240 3618 353 3687 ,γῆς
380 3618 459 3679 είς
487 3617 713 3687 οὐρανὸν
734 3617 918 3671 ἄνοδον
948 3616 1139 3686 ἐδήλου
1158 3616 1297 3686 (69)’
1316 3615 1498 3671 λαϐεῖν
1526 3636 1584 3671 τε
1613 3622 1711 3690 τὴν
1734 3621 1829 3690 βα-

252 3710 454 3763 σιλείαν
487 3710 655 3779 αὐτὴν
682 3709 897 3778 ἐκείνην
927 3709 1116 3778 φησιν,
1150 3711 1223 3779 ἠν
1248 3712 1276 3761 ὁ
1314 3712 1597 3780 προφήτης
1632 3712 1829 3782 Δανιὴλ

249 3802 491 3874 ᾐνίττετο
527 3802 729 3870 λέγων·
764 3802 874 3857 Καὶ
926 3800 1053 3854 ιδοὺ
1094 3802 1233 3866 Υἱὸς
1266 3802 1575 3869 ἀνθρώπου
1604 3804 1700 3855 ἐπὶ
1736 3821 1828 3856 νε-

248 3892 454 3965 φελῶν
489 3895 810 3963 ἐρχόμενος
854 3888 965 3961 ἦν·
1008 3890 1111 3945 καὶ
1157 3893 1319 3957 αὑτῴ
1363 3893 1539 3961 ἐδόθη
1583 3895 1622 3962 ἠ
1669 3895 1839 3980 ἀρχὴὶ

251 3984 352 4041 καὶ
378 3985 417 4052 ἠ
447 3985 607 4054 τιμὴ,
639 3985 737 4039 καὶ
782 3986 820 4051 ἡ
854 3984 1168 4048 βασιλεία.
1211 3980 1285 4037 Εὖ
1324 3984 1381 4039 δὲ
1420 3986 1512 4038 καὶ
1540 3987 1599 4037 τὸ
1620 3988 1829 4041 λαϐεῖν

248 4076 465 4149 εἴρηται
487 4094 502 4105 ·
527 4077 742 4138 πάντως
771 4076 881 4146 γὰρ
906 4074 997 4128 τοῦ
1030 4076 1253 4147 [ἰατρὸς
1279 4076 1507 4141 διδόντος
1532 4078 1823 4149 ἐλάμϐανε,

250 4167 393 4223 κατὰ
415 4169 474 4221 τό
504 4184 518 4197 ο
546 4168 795 4236 Αίτησαι
836 4168 969 4235 παρ’
997 4168 1169 4236 ἐμοῦ,
1206 4170 1303 4222 καί
1345 4167 1515 4222 δώσω
1553 4186 1649 4223 σοι
1681 4172 1825 4238 ἔθνη

249 4259 367 4329 τὴν
387 4261 787 4328 κληρονομίαν
809 4276 946 4313 σοῦ’
973 4258 1008 4311 ἃ
1037 4258 1102 4328 δὴ
1134 4260 1361 4313 δοθέντα
1386 4262 1531 4331 αὑτῷ
1562 4264 1709 4333 παρὰ
1732 4263 1825 4315 τοῦ

251 4351 489 4406 Παλαιοῦ
516 4352 623 4407 τῶν
655 4352 875 4425 ἡμερῶν
906 4350 1319 4422 ὑποδεξάμενος,
1356 4348 1509 4417 αὖθις
1546 4353 1823 4425 ἐπανήξει.

251 4444 343 4497 Διό
383 4460 517 4514 φησι
550 4443 734 4498 λαϐεῖν
772 4443 949 4513 ἐαυτῷ
994 4443 1275 4512 βασιλείαν
1317 4447 1411 4497 καὶ
1454 4446 1821 4516 ὑποστρέψαγ

249 4537 346 4590 καὶ
368 4539 517 4599 ὅπως
538 4537 595 4589 δὲ
621 4538 908 4607 ποιήσεται
929 4535 1026 4605 τὴν
1050 4536 1329 4599 ἐπάνοδον,
1357 4537 1385 4587 ὁ
1412 4537 1551 4599 θεῖος
1568 4538 1825 4590 ’Λπὸστο-
1860 4547 1907 4604 ι)

251 4629 343 4695 λος
380 4629 635 4697 διασαφεῖ
666 4628 867 4696 λέγων·
924 4629 1045 4680 Ὅτι
1086 4626 1268 4692 αὐτὸς
1302 4630 1335 4680 d
1373 4628 1587 4695 Κύριος
1621 4630 1690 4681 ἐν
1732 4646 1826 4682 κε-

248 4722 567 4791 λεύσματι,
589 4721 659 4774 ἐν
681 4719 851 4789 φωνῇ
884 4719 1280 4787 ἀρχαγγέλου,
1312 4719 1409 4772 καὶ
1442 4720 1511 4771 ἐν
1536 4720 1823 4790 σάλπιγγι

252 4814 404 4867 Θεοῦ
430 4811 830 4877 καταϐήσεται
878 4811 995 4864 ἀπὸ
1035 4810 1314 4879 οὐρανοῦ.
1360 4812 1423 4862 Ἡ
1452 4811 1509 4863 δὲ
1548 4812 1825 4883 ἀποδημία

249 4906 347 4959 καὶ
385 4905 485 4975 τὴν
531 4902 907 4974 μακροθυμίαν
956 4902 1121 4973 δηλοῖ.
1174 4902 1319 4955 Ἔδει
1361 4902 1417 4954 δὲ
1465 4904 1624 4956 αὑτὸν
1662 4905 1828 4971 ἀναγ-

249 4998 427 5060 καίως
486 4997 569 5058 είς
623 4996 723 5066 τὴν
780 4995 1110 5064 δηλωθεῖσαν
1163 4994 1375 5065 μακράν
1429 4994 1610 5064 χώραν
1678 4996 1825 5048 στεί-

249 5072 471 5152 λασθαι,
502 5089 664 5142 κάκεῖ
690 5087 879 5159 χρόνον
902 5086 1177 5157 διατρῖψαι
1208 5085 1414 5139 πολλῶν
1439 5088 1602 5139 ἑνεκα
1622 5103 1634 5114 ”
1666 5088 1741 5149 ὼς
1762 5086 1827 5139 ἂν

249 5180 311 5233 ὲν
333 5180 415 5252 τῷ
446 5180 649 5251 μεταξὺ
674 5181 721 5233 οἱ
746 5177 909 5232 αὑτοῦ
933 5178 1259 5249 θεράποντες
1298 5178 1390 5249 τῆς
1433 5178 1638 5233 ἑαυτῶν
1664 5181 1829 5249 ἐργα-

251 5272 374 5335 σίας
395 5271 495 5342 τὴν
515 5272 745 5342 δοκιμὴν
778 5271 933 5323 δοῖεν.

1926 1970 2149 2029 verunt;
2194 1979 2330 2033 quos
2364 1966 2503 2020 inter
2527 1968 2745 2036 quidam
2784 1971 2911 2025 dum
2969 1974 3259 2030 humanam
3290 1975 3499 2033 Christi

1927 2057 2270 2112 nobilitatem
2322 2059 2576 2125 exhibet,
2623 2064 2702 2117 sic
2744 2063 3091 2133 Evangelium
3146 2083 3306 2125 orsus
3366 2081 3498 2127 cst:

1928 2146 2085 2203 Liber
2131 2152 2482 2221 generationis
2534 2154 2663 2207 Iesu
2711 2154 2905 2211 Christi
2944 2160 3043 2227 filii
3094 2160 3348 2227 Davidis,
3392 2164 3501 2233 ﬁlii

1928 2239 2212 2293 Abrahami
2259 2242 2323 2295 ³³.
2380 2242 2581 2298 Deinde
2612 2247 2922 2318 genealogia
2954 2265 3053 2320 per
3080 2253 3366 2321 populares
3393 2255 3499 2309 ho-

1930 2328 2106 2383 mines
2156 2346 2432 2400 gennsque
2485 2334 2689 2403 regium
2746 2352 2916 2406 usque
2970 2340 3035 2393 ad
3087 2339 3361 2395 Christum
3403 2330 3531 2399 de?

1931 2421 2087 2475 dncta
2110 2461 2126 2487 ,
2171 2422 2223 2474 in
2260 2422 2359 2476 hoc
2393 2434 2667 2491 postremo
2710 2429 2977 2483 consistit.
3006 2431 3159 2487 Alius
3184 2442 3367 2492 autem
3402 2456 3498 2493 su-

1930 2514 2297 2584 pernam'ejus
2317 2525 2441 2570 ante
2468 2518 2647 2571 omnia
2683 2519 2880 2576 saecula
2910 2537 2977 2576 ex
3014 2526 3122 2581 Deo
3163 2530 3499 2585 nativitatem

1931 2594 2151 2671 docens,
2182 2598 2513 2665 nobilitatem
2557 2610 2696 2677 ejus,
2739 2628 2859 2681 qua:
2897 2632 3029 2672 vere
3059 2620 3232 2686 prima
3272 2622 3502 2691 solaque

1931 2705 2035 2759 est,
2078 2698 2299 2752 tradidit
2330 2700 2559 2753 dicens:
2602 2699 2665 2755 In
2690 2704 2949 2774 principio
2990 2718 3101 2761 eral
3149 2707 3405 2774 Verbum,
3449 2721 3500 2763 et

1942 2780 2163 2838 Verbum
2208 2795 2325 2840 erat
2371 2791 2510 2853 apud
2548 2788 2746 2856 Deum,
2790 2803 2844 2848 et
2902 2794 3046 2853 Deus
3088 2812 3202 2853 erat
3247 2797 3497 2853 Verbum.

1937 2871 2126 2928 Omnia
2151 2888 2240 2945 per
2262 2878 2431 2944 ipsum
2459 2880 2605 2946 facta
2637 2896 2753 2937 sunt
2782 2885 2847 2937 ⁸⁸.

2001 2964 2169 3021 Porro
2218 2968 2305 3023 hic
2363 2979 2489 3023 ante
2544 2974 2723 3026 omnia
2779 2978 2976 3032 saecula
3041 2980 3182 3035 Deus
3236 2982 3499 3051 Verbum,

1936 3055 2111 3112 factus
2140 3060 2298 3115 homo
2330 3060 2544 3127 nobilis,
2578 3078 2948 3137 peragensque
2987 3071 3128 3125 inter
3158 3073 3406 3128 homines
3434 3076 3499 3128 il-

1934 3147 2021 3203 lud
2050 3152 2173 3204 vita:
2202 3168 2391 3219 genus,
2422 3158 2563 3224 quod
2600 3158 2654 3209 in
2684 3161 2997 3228 evangelica
3030 3163 3231 3233 scripta
3262 3164 3499 3224 relatum

1934 3249 2037 3299 est.
2071 3251 2351 3311 postquam
2388 3246 2521 3299 satis
2550 3260 2674 3300 cum
2730 3251 3048 3307 mortalibus
3090 3265 3335 3311 versatus
3375 3256 3499 3322 fuit,

1934 3332 1999 3383 ad
2024 3329 2239 3387 Patrem
2272 3349 2424 3389 suum
2460 3339 2693 3405 rediens,
2724 3341 2996 3411 profectus
3028 3356 3108 3400 est
3140 3346 3193 3398 in
3222 3348 3500 3415 regionem

1934 3422 2306 3493 longinquam,
2344 3438 2399 3481 ut
2464 3445 2631 3498 regno
2680 3448 2778 3488 suo
2832 3448 3055 3507 accepto
3110 3450 3499 3495 reverteretur.

1933 3512 2051 3567 ιω
2081 3517 2358 3584 regionem
2395 3522 2742 3592 longinquam
2788 3525 2919 3581 dicit
2955 3544 3053 3597 pro
3103 3530 3275 3584 reditu
3308 3530 3361 3586 in
3392 3546 3505 3585 cm-

1934 3604 2041 3657 lmn
2080 3624 2091 3657 :
2132 3623 2352 3677 regnum
2391 3625 2517 3664 vero
2550 3624 2826 3683 acceptum
2860 3616 2990 3672 illud
3022 3620 3202 3689 ipsum
3231 3621 3327 3687 ait,
3358 3624 3506 3691 quod

1934 3699 2195 3765 propheta
2242 3701 2431 3757 Daniel
2482 3705 2741 3761 innuebat
2789 3709 2973 3766 dicens
3018 3727 3035 3765 :
3079 3712 3143 3765 Et
3186 3728 3314 3768 ecce
3333 3712 3504 3771 Filius

1935 3788 2169 3845 hominis
2198 3792 2250 3846 in
2286 3794 2517 3850 nubibus
2546 3798 2903 3865 adventabat;
2946 3800 3156 3871 ipsique
3191 3804 3373 3857 datum
3416 3816 3505 3861 est

1936 3881 2222 3949 inperium
2288 3896 2340 3939 et
2394 3887 2567 3942 honor
2608 3900 2663 3945 et
2718 3907 2940 3963 regnum
2994 3894 3059 3948 δ’.
3125 3894 3291 3951 Recte
3335 3900 3503 3955 etiam

1935 3973 2135 4026 dictum
2165 3986 2246 4028 cst
2275 3978 2547 4046 accipere;
2571 3994 2794 4047 prorsus
2830 3984 2973 4036 enim
3001 3999 3029 4037 a
3068 3983 3229 4041 Patre
3262 3987 3313 4040 id
3339 3991 3503 4044 dante

1935 4069 2163 4134 acctépit,
2193 4071 2487 4123 secundum
2528 4070 2657 4126 illud
2680 4073 2769 4131 "t
2805 4072 3027 4130 Postulat
3068 4088 3100 4130 α
3142 4094 3241 4143 me,
3276 4090 3323 4133 et
3362 4082 3501 4135 dabo

1936 4159 2029 4209 tibi
2055 4170 2227 4225 gentes
2247 4161 2600 4216 hwreditatem
2626 4176 2768 4218 tuam
2792 4181 2809 4219 :
2832 4181 2994 4234 quam
3026 4169 3187 4222 simul
3209 4184 3273 4225 ac
3297 4171 3363 4224 ah
3384 4172 3499 4225 An-

1934 4250 2087 4318 tiquo
2111 4251 2320 4306 dierum
2354 4257 2621 4324 acceperit
2642 4297 2657 4320 ,
2688 4258 2870 4312 statim
2920 4271 3243 4315 revertetur.
3290 4260 3503 4319 Idcirco

1934 4343 2035 4407 ait,
2065 4344 2130 4397 ad
2166 4348 2539 4417 accipiendum
2572 4351 2673 4404 sibi
2723 4367 2945 4422 regnum
2994 4366 3050 4411 et
3098 4359 3498 4413 revertendum.

1934 4430 2172 4497 Quanam
2208 4447 2389 4491 autem
2431 4440 2639 4494 ratione
2662 4442 2893 4497 reditum
2918 4443 3171 4500 Christus
3198 4446 3389 4513 faciet,
3419 4449 3503 4500 di-

1935 4538 2032 4579 vus
2055 4527 2341 4595 Apostolus
2361 4531 2700 4587 demonstrat
2728 4534 2811 4589 his
2836 4538 3017 4591 verbis
3050 4556 3062 4591 :
3097 4536 3361 4602 Quoniam
3388 4540 3501 4603 ipse

1934 4617 2187 4672 Dominus
2230 4622 2284 4673 in
2322 4622 2508 4690 jussu,
2556 4626 2609 4678 in
2650 4642 2771 4680 voce
2818 4630 3158 4701 archangeli,
3202 4644 3249 4686 et
3286 4634 3503 4686 intuba

1936 4712 2031 4765 Dei
2068 4712 2338 4769 descendet
2363 4722 2426 4770 de
2464 4718 2590 4772 calo
2622 4718 2688 4775 ".
2716 4719 2834 4775 Jam
2855 4721 2943 4777 ille
2968 4726 3149 4779 abitus
3178 4726 3498 4796 patientiam

1929 4818 2144 4873 quoque
2187 4810 2534 4875 exspectandi
2565 4811 2855 4880 significat.
2896 4814 2959 4869 Et
2996 4816 3212 4885 quidem
3247 4832 3501 4873 necessa-

1933 4894 2071 4947 rium
2122 4903 2240 4948 erat
2299 4906 2355 4949 ut
2403 4898 2519 4967 ipse
2572 4899 2676 4955 iter
2732 4902 2785 4955 in
2827 4903 3173 4975 longinquam
3220 4907 3495 4976 regionem

1930 4986 2259 5054 susciperet,
2292 4987 2476 5057 ibique
2514 4991 2603 5044 diu
2634 5004 2916 5057 maneret,
2948 5010 3113 5065 quum
3152 4997 3273 5051 aliis
3315 4984 3499 5053 multis

1930 5074 1995 5127 de
2027 5076 2225 5139 causis,
2256 5086 2367 5130 tum
2402 5089 2462 5132 ut
2494 5080 2708 5135 interim
2740 5084 2880 5138 servi
2921 5085 3037 5152 ejus
3070 5086 3349 5142 industrie
3386 5102 3497 5142 sua:

1932 5167 2316 5224 documentum
2340 5170 2579 5226 ederent.

323 5500 584 5556 a‘Matth.
626 5516 665 5568 ι,
692 5503 742 5556 i.
819 5502 862 5533 “
891 5500 1045 5556 Joan.
1074 5518 1109 5566 I,
1143 5501 1190 5553 l.
1270 5502 1309 5531 δ’
1337 5500 1472 5555 Dan.
1500 5516 1595 5566 vn,
1619 5501 1708 5555 l5.
1783 5502 1826 5533 δ’
1850 5502 1995 5559 Psal.
2021 5504 2156 5569 11,8.
2254 5502 2557 5562 "l'l‘hess.
2612 5506 2806 5577 ινηίὸ.

323 5716 436 5790 (68)
486 5715 790 5790 sequentia
832 5713 1155 5790 conferenda
1214 5720 1338 5768 sunt
1395 5728 1523 5790 cum
1587 5713 1805 5790 Eusebii

256 5781 608 5864 ῖιιὶορζιαηίὠ
650 5784 793 5864 apud
834 5798 936 5864 nos
977 5785 1282 5864 fragmento
1304 5796 1433 5864 uti.
1481 5781 1549 5837 Et
1590 5786 1707 5864 quid

255 5856 544 5913 Eusebium
573 5871 691 5923 quis:
716 5855 769 5907 in
801 5852 920 5908 ahis
945 5853 1197 5923 operibus
1230 5852 1472 5917 dixerat,
1506 5853 1805 5909 contulisse

1922 5730 2033 5769 non
2059 5714 2226 5786 semel
2252 5717 2304 5769 in
2338 5716 2750 5786 Theophaniant,
2778 5718 2859 5774 vel
2890 5718 3004 5772 vice
3032 5732 3182 5773 versa
3203 5760 3218 5783 ,
3254 5718 3493 5773 animad-

1590 5786 1801 5859 quidem
1912 5782 2341 5859 venli_t_cl_.‘Lens
2366 5788 2415 5859 in
2436 5782 2915 5859 snaj'heophanite
2941 5788 3163 5859 Angliea
3196 5782 3453 5859 editione.

1981 5855 2090 5927 (69)
2130 5853 2212 5910 Cf.
2238 5857 2379 5923 apud
2410 5859 2508 5914 nas
2531 5853 2939 5927 Tlteophanium,
2975 5853 3077 5915 col.
3107 5858 3232 5924 687,
3271 5859 3366 5915 litt.
3398 5857 3490 5933 48⁶
