4124 6468
721 414 839 481 »ωε
1399 406 1665 465 susse"
1701 401 2169 464 CESARIENSIS
2205 399 2349 463 oar.

2314 407 2355 463 Ρ.
2394 403 2576 464 PARS
2612 402 2701 465 l'll.
2728 436 2799 450 —
2834 402 3249 465 EXEGETICA.
3848 410 3942 469 Μ

852 534 899 569 ⁸⁸
945 530 1148 587 Vacalis
1172 538 1351 595 autem,
1375 530 1548 583 decem
1571 528 1727 583 seruis
1745 527 1874 591 suis,
1913 526 2057 581 dedit
2076 527 2149 582 eis
2313 530 2361 588 Δ
2385 530 2480 583 Ka.

2316 530 2361 588 Δ
2385 528 2663 593 Καλέσας
2687 526 2757 581 δὲ
2777 526 2924 581 δέκα
2954 526 3213 589 δούλους
3240 522 3477 595 ἑαυτοῦ,
3500 516 3728 579 ἔδωκεν
3748 524 3944 592 αὐτοῖς

1324 599 1495 652 decem
1515 610 1685 650 mnus.

2991 595 3136 649 om
3176 594 3356 663 μνᾶς.

806 696 908 750 Per
938 695 1038 748 hos
1074 683 1256 759 itaque
1300 688 1393 759 qui
1425 701 1577 742 mnas
1612 695 1967 755 acceperunt,
1992 686 2281 759 discipulos

2466 688 2757 759 Ἐσήμαινε
2788 688 2965 742 τοίνυν
2987 685 3076 740 διὰ
3102 684 3212 739 τῶν
3248 685 3520 740 λαϐόντων
3543 684 3643 750 τάς
3670 686 3946 755 μνάςτοὺς

733 800 860 841 suos
892 780 1190 845 denotavit,
1223 779 1419 849 quibus
1438 775 1678 847 singulas
1716 790 1870 831 mnas
1903 778 2123 833 tradens
2143 817 2159 842 ,
2186 792 2281 848 pa-

2384 780 2577 833 ἐαυτοῦ
2615 780 2880 853 μαθητὰς,
2905 776 2986 844 οἷς
3011 776 3114 833 ἀνὰ
3158 776 3287 850 μίαν
3316 779 3452 848 μνᾶν
3496 776 3796 849 παραδοὺς.
3832 776 3946 845 ῐσην

729 891 951 947 remque
1004 884 1057 931 et
1081 872 1307 929 similem
1353 869 1873 924 administrationem
1917 871 2276 936 committens,

2382 889 2441 925 τε
2462 872 2755 942 καιόμοίαν
2780 873 2946 926 πᾶσιν
2971 870 3276 942 ἐγχειρίσας
3302 870 3404 943 τήν
3430 870 3738 941 οἰκονομίαν
3756 908 3774 933 ,
3808 885 3944 940 πρα-

728 965 992 1036 negntiari
1028 977 1119 1017 eos
1138 959 1321 1028 jussit,
1345 958 1514 1013 donec
1546 958 1658 1028 ipse
1699 958 1767 1013 de
1800 957 2088 1031 longinqua
2120 973 2278 1029 pere-

2382 962 3254 1036 γματεύσασθαιπαρεχελεύσατο,
3291 961 3396 1025 ῑως
3441 960 3551 1033 (70)
3581 958 3647 1014 ἀν
3682 957 3946 1029 ἐπανέλθῃ

729 1056 1031 1128 grinatione
1077 1050 1294 1107 rediret.
1321 1047 1620 1119 Negotiatio
1639 1058 1817 1104 autem
1848 1049 1987 1104 nulla
2014 1049 2117 1104 alia
2138 1059 2275 1115 erat,

2381 1057 2480 1127 τῆς
2509 1057 2723 1128 μακρᾶς
2748 1055 3074 1127 ἀποδημίας.
3112 1055 3175 1109 Ἦ
3209 1054 3266 1107 δὲ
3290 1052 3640 1125 πραγματεία
3676 1052 3781 1105 οὐκ
3813 1049 3944 1123 ἄλλη

728 1148 832 1203 nisi
864 1144 1012 1217 regni
1042 1142 1162 1213 ejus
1182 1139 1491 1211 pmdicatio
1529 1140 1595 1193 ad
1624 1153 1811 1195 omnes
1840 1139 2085 1195 homines
2128 1155 2156 1193 a
2195 1140 2278 1195 di-

2381 1166 2464 1212 τις
2481 1144 2550 1219 ἦν
2569 1148 2703 1202 ἀλλά
2724 1148 2787 1201 τὸ
2816 1150 3077 1221 κήρυγμα
3096 1146 3157 1201 τὸ
3182 1147 3308 1216 περὶ
3334 1146 3434 1216 τῆς
3464 1143 3630 1198 αὑτοῦ
3676 1143 3946 1213 βασιλείας

725 1236 943 1307 scipulis
965 1234 1076 1288 suis
1101 1230 1421 1301 peragenda.
1450 1228 1619 1284 Porro
1644 1244 1806 1283 unum
1836 1229 1963 1298 quid
1993 1229 2094 1284 hoc
2133 1239 2274 1293 erat,

2381 1241 2461 1302 είς
2488 1241 2692 1304 πάντας
2726 1239 3046 1310 ἀνθρώπους
3076 1238 3180 1293 ὑπὸ
3222 1237 3332 1291 τῶν
3364 1236 3542 1291 αὐτῶν
3572 1234 3739 1288 αὐτοῦ
3772 1236 3947 1308 μαθη-

724 1326 848 1395 quia
878 1339 1041 1379 unum
1072 1322 1310 1378 omnium
1336 1320 1703 1389 magisterium
1722 1361 1737 1383 ,
1770 1336 1875 1374 una
1916 1319 2049 1376 lides
2072 1362 2087 1385 ,
2112 1326 2274 1376 unum

2378 1332 2488 1384 τῶν
2514 1332 2968 1403 κατηγγελμένον.
3006 1331 3143 1385 Ἀλλ’
3172 1330 3229 1384 ἐν
3254 1331 3349 1401 μὲν
3378 1325 3447 1400 ἧν
3476 1326 3657 1392 τοῦτο,
3692 1328 3816 1381 ἐπεὶ
3854 1330 3947 1383 καὶ

719 1418 984 1488 baptisma
1006 1454 1022 1479 ,
1055 1429 1159 1469 una
1190 1411 1429 1467 doctrina
1470 1411 1536 1466 “.
1585 1410 1872 1481 Propterea
1908 1428 2008 1466 una
2058 1414 2273 1483 quidem

2382 1424 2479 1494 μία
2502 1423 2608 1477 τῶν
2641 1425 2855 1479 πάντων
2876 1423 3212 1487 διδασκαλία,
3242 1422 3336 1476 καὶ
3374 1420 3471 1493 μία
3519 1420 3721 1482 πίστις,
3764 1418 3861 1473 καὶ
3887 1418 3946 1473 ἓν

720 1509 1042 1574 mna,varia
1073 1515 1247 1559 tamen
1298 1518 1457 1573 opera
1499 1504 1672 1558 evasit
1698 1545 1713 1568 ,
1759 1504 2051 1574 negotiatio
2091 1504 2271 1575 splen-

2380 1516 2658 1587 βάπτισμα
2690 1517 2783 1570 καὶ
2800 1518 2830 1570 ό
2852 1516 3013 1581 αὐτὸς
3042 1516 3196 1585 λόγος
3218 1515 3329 1586 (71)
3350 1531 3363 1544 ·
3397 1512 3478 1567 διὸ
3504 1512 3598 1566 καὶ
3620 1511 3719 1583 μία
3752 1512 3789 1583 ἡ
3815 1512 3943 1583 μνᾶ,

718 1603 864 1664 (lida,
902 1611 957 1655 et
988 1597 1105 1667 ejus
1138 1596 1211 1651 rei
1246 1596 1455 1651 fructus
1481 1596 1653 1650 dives.
1678 1596 1854 1664 Atque
1880 1596 2075 1650 horum
2107 1610 2270 1651 causa

2377 1606 2631 1679 διάφορος
2657 1608 2712 1661 δέ
2738 1608 2920 1671 αὐτοῖς
2938 1610 2971 1679 ἠ
2990 1609 3222 1680 ἐργασία
3248 1607 3485 1676 ἐγένετο,
3502 1604 3597 1659 καὶ
3622 1606 3657 1676 ἠ
3688 1620 3947 1676 πραγμα-

719 1691 1063 1760 longinquam
1094 1686 1579 1757 peregrinationem
1625 1685 1818 1739 nobilis
1856 1685 1945 1741 ille
1976 1687 2057 1739 vir
2094 1700 2272 1739 susce-

2374 1698 2492 1751 τεία
2513 1698 2759 1769 λαμπρά,
2799 1700 2828 1751 ὅ
2862 1699 2911 1751 τ’
2940 1699 3034 1752 ἐπὶ
3077 1697 3250 1773 ταύτῃ
3294 1697 3462 1768 πόρος
3504 1695 3779 1761 πλούσιος.
3835 1694 3944 1750 Καὶ

718 1787 815 1854 pit.
867 1781 1016 1838 Unde
1066 1779 1265 1835 dictum
1303 1791 1387 1834 est
1426 1777 1477 1832 ei
1506 1792 1537 1832 a
1585 1776 1789 1833 Patre:
1837 1776 1969 1833 Sede
2009 1795 2042 1831 α
2074 1777 2269 1831 dextris

2374 1785 2548 1840 ταῦτα
2568 1786 2667 1856 μὲν
2696 1783 2765 1858 ἦν
2797 1780 2871 1840 ὧν
2908 1786 3070 1841 ἕνεκα
3091 1786 3187 1858 τήν
3211 1786 3427 1858 μακρὰν
3464 1784 3688 1855 πορείαν
3721 1784 3752 1835 ό
3784 1783 3941 1852 εὖγε-

716 1874 863 1941 meis,
900 1873 1059 1926 donec
1098 1884 1287 1937 ponam
1318 1868 1553 1922 inimicos
1604 1876 1721 1921 tuos
1756 1866 2037 1922 scabellum
2076 1868 2266 1935 pedm
2297 1882 2341 1936 Β

2316 1878 2461 1948 Βνὴς
2493 1879 2773 1933 ἐστέλλετο
2812 1879 3116 1952 ἄνθρωπος.
3162 1878 3322 1932 Ὅθεν
3370 1877 3588 1946 ἐλέγετο
3634 1876 3789 1947 αὐτῷ
3840 1876 3944 1929 ὑπὸ

713 1977 919 2021 tuorum
933 1963 999 2018 “.
1028 1962 1255 2029 Quinam
1279 1975 1407 2014 vero
1435 1960 1543 2014 sint
1565 1958 1619 2013 lii
1648 1959 1871 2025 inimici,
1898 1959 1945 2013 si
1976 1959 2098 2027 quis
2120 1959 2265 2012 scire

2367 1966 2462 2019 τοῦ
2510 1967 2720 2037 Πατρός
2752 1983 2765 1996 ⁸
2796 1966 2993 2021 Κάθου
3039 1968 3109 2021 ἐκ
3153 1965 3365 2030 δεξιῶν
3398 1982 3541 2035 μου,
3588 1964 3701 2028 ἕως
3751 1962 3831 2018 ἂν
3863 1962 3943 2017 θῶ

712 2060 856 2115 avet,
889 2048 1160 2121 parabolc
1185 2056 1469 2103 contextus
1513 2047 1756 2112 docebit,
1789 2048 1876 2102 ubi
1919 2049 2066 2102 cives
2108 2047 2264 2102 indu-

2366 2059 2509 2123 τοὺς
2554 2059 2803 2128 ἐχθρούς
2845 2073 2963 2113 σου
3005 2056 3339 2113 ὑποπόδιον
3381 2056 3502 2111 τῶν
3543 2055 3747 2109 ποδῶν
3800 2068 3940 2109 σου.

708 2153 906 2199 cuntur
935 2140 1076 2211 regis
1100 2153 1315 2203 osores,
1350 2140 1571 2209 ejusque
1617 2138 1900 2207 imperium
1950 2138 2259 2194 detrectan-

2367 2154 2556 2216 Ποίους
2576 2154 2653 2217 δέ,
2679 2154 2732 2206 εἴ
2759 2171 2842 2218 τις
2880 2153 3101 2207 πύθοιτο
3137 2151 3327 2223 μαθεῖν
3370 2150 3589 2218 ἐθέλων,
3625 2148 3881 2221 ἐχθροὺς,
3913 2146 3943 2201 ό

707 2247 813 2299 tes,
845 2246 897 2291 et
924 2233 1134 2290 eﬂronti
1184 2230 1409 2285 audacia
1455 2229 1753 2299 ellreuique
1810 2245 1905 2285 ore
1967 2232 2256 2287 dicentes:

2366 2243 2453 2297 διά
2486 2245 2584 2314 τῆς
2637 2244 2951 2315 παραϐολῆς
2988 2241 3186 2307 διδάξει
3220 2242 3408 2311 λόγος,
3455 2239 3797 2311 συμπολίτας
3831 2240 3944 2292 εισ-

704 2327 965 2383 Nolumus
1005 2324 1147 2380 hunc
1175 2334 1398 2391 regnare
1430 2335 1591 2389 super
1641 2335 1759 2375 nos.
1819 2320 1923 2376 Sed
1953 2323 2005 2376 lii
2030 2364 2045 2386 ,
2094 2338 2264 2393 quan-

2369 2335 2515 2402 ἀγων
2539 2335 2632 2387 τοῦ
2669 2334 2929 2404 βασιλέως
2961 2333 3247 2405 μισοῦντας
3262 2333 3423 2387 αὑτὸν
3448 2331 3542 2385 καὶ
3568 2328 3944 2402 παραιτουμι-

705 2435 863 2488 quam
895 2419 1062 2479 cives,
1103 2429 1284 2558 ιἐἥριη
1335 2414 1609 2479 abnuunt;
1648 2413 1762 2482 ipse
1812 2426 1991 2469 autem
2037 2431 2066 2469 a
2101 2415 2262 2472 Patre

705 2510 859 2558 audit
892 2530 905 2558 ε
933 2506 1073 2558 Sede
1123 2520 1151 2558 a
1221 2504 1387 2558 extris
1404 2503 1557 2558 meis.
1599 2504 1768 2558 donec
1818 2505 1912 2558 tibi
1954 2506 2135 2558 hostes
2172 2521 2262 2558 ne-

2366 2443 2489 2489 νους
2518 2425 2682 2479 αὑτοῦ
2715 2425 2811 2497 τήν
2848 2425 3042 2497 ἀρχὴν,
3067 2427 3245 2496 γυμνῇ
3267 2441 3325 2477 τε
3354 2425 3419 2495 τῇ
3453 2421 3661 2510 κεφαλῇ
3683 2420 3942 2489 λέγοντας

2364 2518 2450 2558 νηὶ
2476 2517 2715 2558 ἀνηλιωη
2736 2519 2962 2558 ηδτ-Λυδίῃ
2985 2534 2999 2548 -
3024 2518 3098 2558 ne
3134 2516 3359 2558 enm.“
3401 2514 3589 2558 τοῦτον
3632 2512 3941 2558 Βασιλεύειν

704 2510 859 2564 audit
892 2506 1073 2566 :Sede
1123 2498 1387 2559 abextris
1404 2503 1557 2565 meis,
1599 2504 1768 2560 donec
1818 2505 1912 2558 tibi
1954 2506 2135 2560 hostes
2172 2521 2262 2574 pe-

2364 2518 2455 2570 καὶ
2476 2517 2715 2589 ἀχαλίνῳ
2736 2519 2966 2590 στόματι
2985 2534 2999 2548 ·
3024 2518 3098 2571 Οὐ
3134 2516 3359 2587 θέλομεν
3401 2498 3589 2569 τοῦτον
3631 2512 3940 2585 βασιλεύειν

704 2598 862 2679 dibus
899 2606 1299 2667 supponantur;
1334 2597 1568 2665 itemque
1603 2611 1619 2649 :
1665 2595 1943 2650 Domitian
1984 2598 2041 2651 in
2086 2597 2256 2651 medie

2361 2608 2448 2676 ἐφ’
2484 2610 2650 2678 ἡμᾶς.
2712 2609 2850 2663 Ἀλλ’
2879 2610 2929 2662 οἱ
2968 2608 3086 2679 μὲν,
3133 2607 3336 2677 καίπερ
3372 2604 3524 2667 ὄντες
3566 2602 3805 2669 πολῖται,
3848 2601 3939 2655 τὸν

702 2674 1033 2744 ἰηῗιηὶεοηιηι
1067 2696 1277 2741 tuorum
1299 2687 1366 2740 ".
2360 2674 2582 2760 βασιλέα
2613 2694 2890 2766 ἠρνοῦντο,
2923 2674 3039 2748 όδὲ
3071 2692 3175 2747 ὑπὸ
3203 2674 3542 2765 τοῦνῐιατρδς
3584 2690 3796 2745 ἀκούει·
3822 2691 3941 2745 Κά-

704 2778 797 2832 θου
829 2780 894 2832 ἐκ
929 2774 1117 2841 δεξιῶν
1157 2792 1277 2846 μου,
1312 2775 1416 2839 ἕως
1462 2776 1527 2829 ἀν
1568 2774 1674 2829 ὑπὸ
1720 2776 1885 2841 πόδας
1939 2776 2165 2831 τεθῶσιν
2210 2780 2260 2833 οι
2296 2778 2480 2853 ἐχθροί
2532 2801 2645 2839 σουο
2683 2788 2797 2837 καί·
2826 2785 3226 2854 Κατακυρίευε
3260 2785 3332 2838 ἐν
3358 2782 3526 2854 μέσῳ
3560 2779 3682 2835 τῶν
3703 2778 3940 2849 ἐχθρῶν

700 2890 837 2929 σου.

768 2968 889 3023 Jam
920 2968 1044 3038 quia
1076 2980 1298 3038 regnum
1334 2965 1449 3036 ejus
1486 2966 1793 3022 abnuerunt
1837 2968 2251 3039 inimici‘ipsius

2440 2970 2593 3025 Ἐπεὶ
2616 2971 2673 3025 δὲ
2708 2970 2921 3043 ἔξαρνοι
2959 2971 3061 3043 τῆς
3091 2971 3365 3042 βασιλείας
3399 2969 3563 3023 αὐτοῦ
3601 2968 3854 3037 ἐγένοντο
3885 2968 3933 3021 οἱ

698 3060 867 3126 cives,
900 3061 1092 3115 merito
1124 3058 1206 3114 eis
1229 3057 1448 3112 aiebat:
1482 3057 1769 3125 Auferetnr
1794 3076 1827 3113 α
1858 3060 1997 3114 vobis
2040 3077 2253 3130 regnum

2359 3063 2542 3134 ἐχθροὶ
2574 3062 2738 3117 αὐτοῦ
2774 3063 3008 3127 πολῖται,
3041 3063 3265 3126 εἰκότως
3290 3059 3427 3133 πρὸς
3448 3061 3642 3123 αὐτοὺς
3667 3059 3927 3127 ἔφασκεν·

697 3153 817 3216 Dei,
850 3163 899 3207 et
927 3153 1138 3206 dabitur
1172 3154 1308 3221 genti
1351 3152 1817 3244 facientiufructus
1852 3154 1967 3222 ejus
1988 3154 2052 3209 “.
2096 3156 2254 3223 Qua-
2280 3186 2323 3244 ο

2305 3186 2323 3244 Ξ
2372 3152 2705 3224 Ὰρθήσεται
2743 3154 2845 3223 ἀφ’
2873 3153 3043 3225 ὑμῶν
3080 3152 3121 3221 ἠ
3159 3153 3448 3219 ,ϐασιλεία
3478 3151 3581 3206 τοῦ
3619 3150 3794 3215 Θεοῦ,
3832 3149 3933 3204 και

698 3258 823 3298 nam
854 3256 980 3298 vero
1003 3251 1147 3298 esset
1184 3257 1316 3313 gens
1343 3257 1509 3313 regno
1552 3242 1711 3312 digna
1735 3282 1750 3308 ,
1793 3244 2118 3314 significavit
2163 3250 2253 3317 qui
2295 3242 2309 3244 ’

2299 3242 2309 3244 ”
2353 3246 2673 3313 δοθήσεται
2718 3247 2875 3302 ἔθνει
2918 3246 3189 3301 ποιοῦντι
3230 3245 3374 3311 τοὺς
3416 3245 3682 3315 καρποὺς
3714 3243 3927 3314 αὐτῆς.

699 3335 837 3389 dixit
878 3350 894 3386 :
931 3331 1149 3387 Postulo
1186 3350 1355 3398 ante,
1395 3344 1441 3387 et
1474 3333 1608 3387 dabo
1633 3336 1729 3388 tibi
1759 3343 1933 3405 gentes
1971 3337 2254 3393 heredita-

2354 3338 2511 3392 Ποῖον
2533 3337 2591 3390 δέ
2617 3333 2687 3409 ἦν
2716 3336 2777 3391 τὸ
2807 3336 2958 3401 ἔθνος
2986 3336 3048 3391 τὸ
3078 3336 3181 3407 τῆς
3224 3336 3501 3409 βασιλείας
3534 3336 3705 3403 ἀξιον,
3739 3336 3931 3411 ἐδήλου

696 3435 799 3477 tem
818 3433 983 3477 tuum.
1017 3422 1427 3479 Demonstrabat
1450 3433 1651 3486 autem,
1673 3427 1819 3480 cives
1842 3425 2093 3483 inimicos
2114 3427 2253 3496 ejus,

2350 3429 2380 3483 ό
2407 3428 2605 3485 εἰπών·
2638 3430 2895 3499 Alt-nom
2926 3430 3063 3498 παρ’
3093 3429 3260 3498 ἐμοῦ,
3300 3430 3401 3485 καὶ
3440 3429 3614 3483 δώσω
3639 3445 3745 3483 σοι
3779 3430 3928 3497 ἔθνη

695 3516 839 3569 haud
866 3513 999 3569 alios
1018 3528 1138 3569 esse
1177 3528 1339 3583 quam
1372 3514 1676 3571 Judaeorum
1712 3525 1949 3587 gentem,
1973 3517 2063 3587 qui
2091 3518 2252 3586 primi

2349 3518 2465 3588 τὴν
2491 3518 2894 3588 κληρονομίαν
2915 3533 3052 3573 σου.
3101 3519 3321 3590 Ἐδήλου
3348 3520 3405 3574 δέ
3441 3518 3663 3580 πολίτας
3699 3517 3927 3590 ἐχθροὺς

695 3618 726 3656 a
759 3602 1059 3658 Servatoris
1079 3604 1250 3674 gratia
1293 3606 1549 3674 praeventi
1586 3605 1861 3659 contraria
1901 3608 1949 3660 ei
1986 3608 2251 3664 retribue-

2350 3605 2513 3661 αὑτοῦ
2532 3607 2631 3677 οὐχ
2651 3606 2870 3679 ἐτέρους
2892 3607 2986 3661 τοῦ
3022 3606 3286 3662 Ἰουδαίων
3325 3606 3527 3672 ἔθνους,
3561 3608 3611 3660 οἲ
3644 3605 3728 3676 δὴ,
3766 3603 3922 3677 πρῶ-

694 3702 844 3748 ruut.
884 3692 1105 3749 ldeo‘de
1132 3694 1265 3764 ipsis
1307 3694 1619 3764 prophetice
1676 3692 1901 3749 aiebat:
1942 3693 2075 3749 Mala
2116 3697 2249 3752 mibi

2347 3713 2430 3750 τοι
2461 3696 2561 3767 τῆς
2588 3695 2684 3750 τοῦ
2721 3697 2971 3768 Σωτῆρος
3009 3698 3229 3769 χάριτος
3258 3697 3568 3768 ἠξιωμένοι,
3609 3699 3723 3759 τοῖς
3770 3698 3924 3750 ἐναν-

693 3785 1065 3840 retribuerunt
1095 3800 1109 3836 :
1144 3799 1244 3856 pro
1276 3799 1342 3840 eo
1367 3795 1423 3839 ut
1452 3799 1537 3839 me
1560 3784 1869 3855 diligerent,
1897 3785 2251 3843 detrahebant

2347 3787 2481 3850 τίοις
2512 3786 2675 3841 αὑτὸν
2716 3785 3010 3859 ἠμύναντο.
3057 3787 3149 3841 Διὸ
3186 3788 3313 3861 περὶ
3356 3787 3534 3841 αὐτῶν
3574 3784 3929 3857 προφητικῶς

695 3876 861 3941 mibi,
897 3883 953 3930 et
1005 3878 1175 3946 gratis
1224 3882 1684 3946 Oppugnaverunt,
1733 3875 2023 3946 dolosaque
2070 3876 2251 3946 lingua

2350 3878 2559 3949 ελεγενο
2604 3877 3099 3935 Ἀνταπεδιδοσάν
3113 3897 3217 3950 μοι
3244 3879 3495 3948 πονηρά·
3519 3878 3653 3933 ἀντὶ
3684 3875 3929 3947 ἀγαπᾷν

694 3974 884 4021 contra
910 3981 996 4021 me
1020 3977 1143 4021 sunt
1167 3966 1325 4022 locuti
1347 4008 1363 4031 ,
1390 3978 1446 4023 et
1473 3965 1816 4021 sermonibus
1859 3966 1969 4021 odii
2014 3966 2249 4021 circum-

2343 3988 2442 4041 με,
2475 3970 2865 4026 ὲνδιέσαλλόν
2884 3986 2982 4041 με,
3011 3970 3110 4026 καὶ
3135 3969 3526 4041 ἐπολέμησαν
3546 3967 3794 4037 δωρεὰν,
3820 3968 3921 4022 και

695 4058 956 4112 dederunt
980 4072 1065 4111 me
1084 4057 1168 4124 ";
1225 4072 1417 4127 nempe
1459 4057 1787 4127 blasphemis
1834 4071 1974 4127 quos
2024 4057 2080 4112 in
2124 4072 2249 4113 eum

2347 4062 2662 4129 ἐλάλησαν
2698 4062 2827 4115 κατ’
2874 4060 3021 4132 ἐμοῦ
3069 4060 3318 4132 γλώσσῃ
3357 4060 3553 4128 δολία,
3595 4058 3694 4113 καὶ
3712 4059 3922 4130 λόγοις

688 4149 917 4219 jscularl
958 4148 1133 4204 solent
1156 4149 1513 4215 sermonibus,
1543 4149 1897 4218 itnprecantes
1923 4148 1999 4215 ei,
2027 4148 2251 4219 ipsoque

2342 4154 2566 4223 μίσους
2613 4152 2987 4207 ἐκύκλωσαν
3037 4152 3104 4207 δι’
3141 4144 3218 4206 ὧν
3262 4149 3658 4224 προϐάλλεσθαι
3694 4149 3920 4205 εἰώθασι

693 4254 857 4310 opere
876 4240 1261 4310 propemodum
1282 4240 1520 4296 dicentes
1547 4255 1561 4291 :
1590 4239 1845 4295 Nolumus
1865 4240 2006 4295 hunc
2025 4255 2250 4310 regnare

2350 4242 2471 4295 κατ’
2498 4240 2665 4295 αὐτοῦ
2707 4240 3041 4313 βλασφήμων
3068 4239 3264 4310 λόγων,
3300 4239 3777 4311 κατευχόμενοίτε
3817 4239 3920 4294 αὑ-

695 4344 861 4401 super
884 4344 1001 4385 nos.
1032 4328 1320 4399 Propterea
1348 4346 1453 4386 non
1482 4344 1647 4400 regno
1694 4340 1899 4386 tantum
1940 4330 2249 4401 spoliabun-

2348 4330 2465 4393 τοῦ,
2494 4331 2589 4384 καὶ
2623 4328 2779 4400 μόνον
2809 4332 2909 4384 οὐκ
2937 4330 3120 4395 αὐτοῖς
3156 4328 3407 4399 λέγοντες
3451 4330 3561 4391 τοῖς
3594 4327 3780 4397 ἔργοις
3798 4345 3813 4359 ·
3843 4326 3919 4383 οὐ

693 4432 818 4488 tur,
853 4438 1036 4478 verum
1068 4424 1231 4477 etiam
1273 4422 1509 4478 debitam
1562 4422 1823 4493 impietati
1873 4437 1985 4477 sum
2029 4436 2249 4493 pmnam

2349 4420 2575 4493 θέλομεν
2600 4419 2784 4474 τοῦτον
2814 4418 3127 4492 βασιλεῦσαι
3153 4421 3238 4489 ἐφ’
3258 4420 3424 4491 ἡμᾶς.
3452 4418 3545 4472 Διὸ
3563 4417 3629 4489 δὴ
3660 4419 3722 4472 οὐ
3757 4419 3922 4490 μόνον

694 4513 951 4569 referent.
1001 4512 1159 4569 Cives
1218 4527 1344 4569 vero
1393 4512 1511 4567 illos
1566 4512 1621 4567 in
1687 4510 1937 4581 parabole
1988 4511 2245 4582 appellat,
2277 4519 2322 4574 1)

2292 4519 2322 4574 D
2348 4513 2448 4582 τῆς
2471 4512 2741 4584 βασιλείας
2765 4512 3207 4585 στερηθήσονται,
3236 4510 3371 4565 ἀλλά
3411 4508 3505 4564 καὶ
3539 4510 3815 4565 πείσονται
3851 4512 3920 4565 τά

695 4606 891 4676 quippe
917 4619 982 4659 ex
1005 4604 1192 4658 eadem
1221 4603 1545 4675 cognatione
1579 4602 1839 4659 oriundus
1861 4641 1877 4667 ,
1900 4604 2157 4673 quoniam
2192 4612 2249 4655 et

2345 4606 2595 4677 ἐπίχειρα
2622 4606 2723 4675 τῆς
2749 4604 2929 4657 αὐτῶν
2962 4602 3297 4666 δυσσεϐείας.
3344 4601 3574 4666 Πολίτας
3614 4601 3672 4655 δὲ
3718 4603 3917 4667 αὐτοὺς

693 4698 809 4768 ipse
834 4712 901 4752 ex
926 4696 1113 4751 iisdem
1150 4696 1584 4767 progenitoribus
1605 4709 1775 4765 genus
1794 4694 2025 4750 ducebat
2058 4709 2247 4750 secun-

2342 4695 2429 4748 διὰ
2462 4698 2559 4766 τῆς
2594 4693 2910 4768 παραϐολῆς
2947 4691 3250 4764 ὠνόμαζεν,
3285 4693 3379 4747 ἅτε
3410 4692 3475 4764 dri)
3513 4695 3578 4747 ἐκ
3608 4693 3711 4763 τῆς
3743 4694 3917 4763 αὐτῆς

691 4791 817 4847 dum
845 4790 1025 4845 carnis
1050 4790 1407 4856 nativitatem,
1430 4800 1484 4846 et
1502 4789 1627 4859 quia
1650 4803 1802 4855 atque
1825 4788 1923 4843 sub
1946 4786 2059 4858 lege
2083 4787 2245 4842 vitam

2342 4785 2690 4857 ὁρμωμένους
2713 4783 2862 4854 αὐτῷ
2892 4780 3228 4850 συγγενείας·
3257 4783 3381 4836 ἐπεὶ
3410 4783 3503 4835 καὶ
3529 4781 3692 4846 αὐτὸς
3719 4784 3787 4836 ἐκ
3807 4783 3916 4837 τῶν

692 4883 942 4954 degebat.
984 4882 1158 4950 Atque
1202 4882 1313 4935 limc
1356 4880 1513 4951 primi
1559 4878 1675 4949 eius
1717 4880 1975 4934 adventus
2031 4879 2244 4948 propria

2343 4876 2518 4929 αὐτῶν
2541 4877 2765 4948 ὡρμᾶτο
2791 4874 3150 4945 προπατόρων
3176 4874 3319 4929 κατά
3336 4876 3435 4946 τὴν
3460 4873 3722 4946 ενσαρκον
3747 4874 3914 4929 αὐτοῦ

694 4982 839 5029 sunt.
896 4971 1026 5039 Quae
1064 4986 1183 5027 cum
1223 4973 1477 5027 Servator
1523 4972 1597 5025 ita
1655 4970 1963 5033 docuisset,
1996 4971 2246 5037 deinceps

2341 4967 2570 5035 γένεσιν,
2603 4967 2693 5020 καὶ
2722 4966 2949 5036 ἐπείπερ
2979 4964 3078 5033 τῆς
3106 4966 3335 5036 νομίμου
3363 4964 3562 5037 ὁμοίως
3584 4966 3767 5030 αὐτοῖς
3789 4984 3914 5038 μετ-

691 5066 925 5119 reditum
959 5061 1123 5118 suum
1161 5064 1450 5134 gloriosum
1493 5074 1657 5131 atque
1686 5061 1913 5131 regalem
1962 5061 2123 5123 sistit,
2167 5067 2246 5113 te-

2340 5058 2424 5129 ῄει
2460 5058 2747 5120 πολιτείας.
2796 5056 2980 5109 Ταῦτα
3026 5057 3121 5126 μὲν
3161 5053 3254 5110 οὖν
3299 5057 3681 5127 παραστατικά
3725 5058 3794 5113 ἂν
3825 5058 3908 5129 εἰη

694 5166 845 5210 stans
890 5154 1003 5208 lore
1054 5162 1113 5206 ut
1159 5156 1223 5208 de
1271 5154 1522 5208 omnibus
1570 5162 1697 5207 tunc
1733 5150 1934 5219 justum
1983 5151 2244 5221 judicium

2340 5150 2438 5219 τῆς
2470 5148 2689 5220 πρώτης
2718 5146 2883 5201 αὐτοῦ
2906 5147 3159 5215 ἀφίξεως.
3199 5147 3351 5199 Ἐπεὶ
3376 5146 3433 5200 δὲ
3458 5145 3631 5201 ταῦτα
3662 5148 3692 5199 ό
3715 5148 3907 5221 Σωτὴρ

694 5254 963 5301 exerceat.
995 5244 1128 5299 Nam
1162 5246 1225 5300 iis
1249 5248 1340 5315 qui
1370 5246 1507 5300 bene
1529 5258 1591 5298 ac
1616 5243 1843 5298 ﬁdeliter
1879 5258 2058 5297 mnam
2105 5241 2241 5295 mul-

2345 5239 2529 5293 τοῦτον
2564 5238 2764 5304 ἐδίδαξε
2795 5236 2888 5290 τὸν
2908 5238 3124 5307 τρόπον,
3166 5236 3472 5299 ἀκολούθως
3517 5234 3617 5307 τὴν
3653 5237 3906 5290 ἐπάνοδον

697 5336 1086 5403 tiplicaverint,
1126 5350 1419 5406 congruum
1466 5336 1741 5406 praemium
1791 5334 2105 5397 conferens,
2139 5333 2237 5387 do-

2347 5331 2509 5385 αὑτοῦ
2526 5332 2625 5401 τὴν
2653 5330 2859 5394 ἔνδοξον
2889 5331 2982 5382 καὶ
3010 5330 3293 5401 βασιλικὴν
3338 5330 3596 5400 παρίστη,
3634 5330 3902 5402 μαρτυρό-

696 5428 890 5480 minari
918 5442 1099 5482 secum
1125 5437 1179 5483 et
1204 5441 1535 5497 conregnare
1558 5424 1814 5481 concedet
1855 5444 1869 5480 :
1914 5427 1963 5480 ei
1997 5440 2122 5480 vero
2145 5422 2235 5492 qui

2347 5441 2501 5495 μενος
2538 5423 2729 5476 ὁποίαν
2774 5422 2893 5476 τότε
2930 5424 3211 5491 ποιήσεται
3252 5422 3349 5492 τὴν
3392 5422 3534 5475 κατὰ
3573 5422 3793 5476 πάντων
3828 5423 3902 5476 δι⁸

695 5529 793 5583 per
819 5518 1115 5573 socordiam
1154 5527 1315 5588 atque
1352 5517 1619 5585 ignaviam
1654 5514 1975 5570 dominicum
2018 5514 2236 5569 manda-

2340 5512 2712 5584 καιοκρισίαν-
2745 5516 2856 5575 τοῖς
2891 5513 2986 5583 μὲν
3019 5513 3126 5583 γὰρ
3157 5509 3217 5567 εὖ
3261 5514 3354 5567 καὶ
3394 5512 3599 5577 πιστῶς
3635 5513 3733 5586 τὴν
3771 5515 3904 5585 μνᾶν

762 5675 811 5706 ⁸⁵
836 5674 967 5730 Luc.
994 5691 1105 5739 ns,
1130 5676 1216 5730 l5.
1290 5678 1334 5710 "
1359 5677 1552 5747 pres.
1581 5692 1654 5745 tv,
1677 5677 1730 5732 5.
1804 5677 1848 5709 “
1872 5676 2011 5734 Psal.
2035 5694 2142 5743 cu,
2171 5680 2218 5733 l.
2298 5680 2339 5710 ⁸⁷
2372 5681 2497 5741 ibit,
2523 5681 2579 5735 9..
2656 5680 2701 5711 “
2727 5678 2912 5738 Matth.
2936 5698 3047 5749 ut,
3073 5682 3166 5737 45.
3238 5683 3281 5716 λθ
3304 5679 3444 5738 Psal.
3465 5695 3620 5749 cvtu,
3640 5680 3699 5737 2.

764 5795 873 5867 (70)
897 5796 1026 5854 Cod.
1066 5797 1192 5852 ἔστ’.

1142 5799 1192 5852 :‘.
2416 5799 2525 5871 (7|)
2547 5799 2623 5856 ita
2651 5799 2770 5855 cod.
