4124 6452
1411 447 1911 505 COMMENTARIA
1948 448 2017 504 ΙΝ
2055 447 2312 509 ιυολιι.

3378 450 3488 508 τοι

233 569 698 626 πολυπλασιάσασι
730 568 827 638 τὴν
871 567 1188 640 πρέπουσαν
1231 567 1515 631 ἀποδιδοὺς
1553 564 1797 637 ἀμοιϐὴν⁴

1917 574 2028 620 tum
2057 566 2379 638 neglexerit,
2422 576 2478 622 et
2508 564 2667 621 otiari
2711 563 3007 635 feriarique
3037 562 3362 634 praetulerit,
3387 581 3485 621 ne-

233 661 519 734 συνάρχειν
565 660 710 730 αὐτῷ
748 659 839 713 καὶ
887 658 1304 730 ωμὸασιλεύειν
1355 657 1671 730 ἐπιτρέψειο
1724 655 1804 727 τῷ

227 754 286 810 σι
311 756 430 809 κατ’
457 755 613 808 όκνον
641 753 734 806 καὶ
763 750 1030 822 ρᾳθυμίαν
1053 749 1349 822 ἠμεληκότι
1374 751 1475 820 τῆς
1496 749 1587 802 τοῦ
1607 751 1808 803 Δεσπό-

1911 671 2018 726 que
2053 659 2364 728 negotiandi
2397 657 2639 713 laborem
2683 655 2926 727 perferre
2947 657 3202 722 voluerit,
3227 660 3485 715 acerbam

1916 762 2132 816 poenam
2158 749 2415 816 imponet.

228 861 324 900 του
367 842 839 916 παρακελεύσεως,
881 841 1078 914 ἀργίαν
1153 858 1212 894 τε
1288 843 1381 894 καὶ
1463 840 1658 912 σχολὴν
1719 839 2058 910 ⁴ἰιγατιηιιότι,
2113 841 2248 913 μηδὲ
2301 841 2611 914 βουληθέντι
2665 841 2758 896 τὸν
2813 841 2974 896 πόνον
3027 841 3317 914 ὑπομεῖναι
3382 835 3488 913 τῆς

229 937 632 1011 πραγματείας,
664 936 864 1006 πικρὰν
888 937 1187 1006 ἐπαρτήσει
1213 935 1386 1008 δίκην.

338 1030 483 1084 Ἴσοι
507 1027 799 1091 ἐξουσίαν
834 1026 991 1096 ἔχων
1016 1025 1216 1081 ἐπάνω
1251 1026 1399 1080 δέκα
1431 1029 1686 1082 πόλεων.

297 1118 574 1174 Βασιλείαι
597 1117 705 1190 γὰρ
730 1111 912 1182 αὗται,
930 1118 1231 1189 πράττουσαι
1264 1119 1606 1191 πῳαγωγαί,
1637 1117 1810 1189 ἀρχάς

223 1210 529 1282 ἀνθρώπων
556 1210 650 1263 καὶ
675 1209 972 1281 ἡγεμονίας
1013 1209 1122 1263 τῶν
1178 1209 1542 1280 ἀτελεστέρων
1575 1207 1657 1261 ἐτι
1703 1208 1805 1276 ψυ-

223 1303 334 1376 χῶν
360 1305 475 1366 τοίς
518 1304 575 1355 ἐν
603 1302 768 1372 ὀλίγῳ
800 1301 898 1372 τὴν
931 1301 1160 1373 δοκιμὴν
1198 1300 1656 1373 παρεσχημένοις,
1708 1301 1806 1353 ἐπ-

222 1393 389 1461 αξίως
435 1385 509 1447 ὧν
555 1391 1076 1464 ἐπραγματεύσαντο
1101 1391 1239 1445 κατά
1275 1392 1367 1445 τὸν
1412 1390 1626 1462 πρῶτον
1665 1390 1798 1460 βίον,

222 1483 595 1557 χαριζόμεναι.
619 1483 826 1548 Μάθοις
857 1483 900 1536 δ’
937 1483 1004 1538 ἂν
1028 1484 1136 1538 τῶν
1167 1483 1474 1555 εἰρημένων
1509 1482 1711 1535 δούλων
1740 1480 1802 1534 τὸ

221 1579 462 1649 γνήσιον,
497 1577 675 1631 καὶτὸ
706 1576 897 1630 πιστὸν
933 1577 1029 1647 τῆς
1058 1574 1441 1655 πραγματείας
1484 1574 1666 1646 ἐργοις
1700 1573 1798 1626 αύ-

221 1671 332 1733 τοῖς
360 1666 722 1740 παραλαδώψ
773 1667 849 1731 ὡς
885 1670 972 1732 εἰς
1005 1666 1212 1722 πᾶσαν
1245 1665 1360 1734 τὴν
1387 1664 1504 1736 γῆν
1539 1663 1800 1733 ἐξῆλθεν

219 1765 254 1815 ό
278 1761 542 1830 φθόγγος
564 1757 780 1826 αὐτῶν,
817 1758 915 1815 καὶ
943 1762 1032 1824 εἰς
1070 1759 1143 1813 τὰ
1187 1759 1411 1826 πέρατα
1452 1756 1563 1827 τῆς
1599 1760 1796 1810 οἰκου-

1948 1025 1993 1056 ¹⁶
2032 1022 2159 1078 Εειο
2203 1032 2507 1093 potestatem
2545 1023 2742 1077 habens
2777 1039 2938 1092 super
2975 1023 3150 1076 decem
3188 1023 3445 1078 civitates.

1981 1118 2163 1188 Regna
2199 1115 2448 1172 videlicet
2488 1117 2604 1172 haec
2633 1125 2782 1180 sunt,
2816 1117 3140 1186 decora:un
3176 1119 3487 1186 provectio-

1905 1225 2024 1276 nes,
2061 1225 2182 1279 qua:
2225 1209 2507 1278 imperium
2552 1209 2605 1262 in
2649 1209 2918 1272 homines,
2946 1218 3000 1263 et
3036 1208 3483 1277 imperfeclarum

1904 1303 2078 1356 adhuc
2109 1301 2409 1354 animarum
2435 1301 2689 1355 ducatum
2712 1339 2727 1365 ,
2763 1300 2832 1355 iis
2861 1301 2952 1370 qui
2986 1300 3044 1369 in
3079 1314 3136 1354 re
3181 1298 3284 1354 levi
3314 1313 3480 1369 expc-

1905 1393 2193 1448 rimentum
2235 1391 2580 1468 prmbueriut,
2616 1406 2712 1461 pro
2754 1391 3051 1460 superioris
3084 1390 3206 1444 vitae
3245 1390 3476 1454 meritis,

1903 1483 2222 1539 attribuunt.
2297 1482 2603 1554 Cognosces
2666 1494 2846 1538 autem
2912 1481 3292 1551 praedictorum
3361 1495 3484 1536 ser-

1901 1589 2091 1630 vorum
2144 1573 2497 1644 probitatem,
2557 1583 2612 1628 et
2658 1574 2964 1645 negotiandi
3025 1572 3361 1635 ﬁdelitatem,
3410 1586 3483 1627 ex

1901 1665 2152 1735 operibus
2195 1664 2328 1734 ipsis
2377 1679 2644 1734 arguens;
2726 1678 2918 1732 nempe
2978 1663 3120 1732 quod
3166 1664 3222 1716 in
3274 1678 3484 1718 omnem

1901 1766 2096 1810 terram
2140 1757 2267 1808 exiit
2319 1771 2478 1808 sonus
2529 1771 2730 1820 eorum,
2793 1766 2839 1808 et
2890 1757 2944 1808 in
2969 1754 3099 1824 ﬁnes
3129 1763 3284 1808 terra:
3326 1753 3484 1808 verba

214 1849 408 1920 μένης
436 1851 510 1903 τὰ
540 1850 777 1918 ῥήματα
803 1846 1021 1902 αὐτῶν.
1064 1849 1141 1901 Δι’
1185 1847 1364 1901 αὐτῶν
1418 1847 1528 1918 γὰρ
1577 1845 1797 1900 ἐκείνων

1898 1846 2132 1915 ipsorum
2167 1848 2234 1900 ".
2305 1845 2410 1900 Per
2471 1846 2589 1901 illos
2660 1847 2802 1900 enim
2857 1848 3167 1901 Servatoris
3225 1846 3478 1911 comites,

217 1941 325 1994 τῶν
348 1941 444 1995 τοῦ
465 1941 716 2011 Σωτῆρος
752 1941 1066 2011 γνωρίμων,
1097 1939 1190 1992 καὶ
1210 1937 1298 1992 διά
1326 1939 1436 1992 τῶν
1458 1937 1597 2010 μετά
1623 1940 1798 1993 ταῦτα

215 2035 306 2088 τὸν
329 2036 514 2105 ὅμοιον
532 2034 759 2098 ἐκείνοις
787 2033 1224 2107 ἐπανῃρημένων
1250 2031 1430 2103 ζῆλον,
1456 2033 1515 2098 ἐξ
1544 2032 1798 2086 ἁπάντων

212 2123 322 2177 τῶν
353 2123 524 2177 ἐθνῶν
551 2123 914 2195 ἀφορισθεῖσα
936 2123 1014 2194 τῷ
1040 2121 1161 2193 Θεῷ
1209 2123 1522 2194 Ἐκκλησία,
1543 2124 1601 2175 ἐν
1633 2122 1797 2192 ὀλίγῳ

213 2216 389 2289 χρόνῳ
420 2215 523 2288 τὴν
552 2215 843 2286 σύμπασαν
864 2215 1190 2287 οἰκουμένην
1223 2215 1486 2286 ἐπλήρου.
1525 2215 1636 2267 Καὶ
1673 2213 1794 2266 καθ’

211 2308 396 2380 ἕτερον
420 2308 479 2361 δέ
505 2308 705 2379 τρόπον
734 2307 831 2378 τὴν
860 2306 1125 2378 ἐργασίαν
1152 2309 1466 2378 ποιήσονται
1495 2307 1542 2358 οἰ
1572 2305 1662 2357 τὸν
1689 2321 1794 2358 σω-

209 2398 394 2469 τήριον
421 2397 580 2466 λόγον
594 2396 684 2450 τὸν
710 2397 1064 2466 εύαγγελικὸν
1088 2397 1490 2459 πιστευθέντες,
1516 2395 1583 2448 δι’
1619 2395 1796 2467 ἔργων

209 2489 303 2542 καὶ
323 2487 594 2566 πράξεων,
628 2488 742 2559 βίου
773 2506 832 2542 τε
865 2489 960 2541 καὶ
989 2488 1264 2551 πολιτείας
1301 2486 1662 2559 θεοπρεποῦς,
1697 2486 1796 2549 τάς

203 2578 299 2632 τοῦ
330 2567 488 2648 λόγου
518 2579 863 2644 διδασκαλίας
891 2580 1363 2651 ἀποπληροῦντες.
1402 2574 1500 2634 Ὧν
1537 2580 1663 2642 τοὺς
1698 2579 1796 2648 μὲν

200 2669 474 2742 διαφόρως
502 2672 930 2742 ἐργασαμένους,
962 2672 1258 2743 διαφόροις
1281 2675 1467 2742 τιμαῖς
1504 2671 1795 2742 ἀμείψεται

200 2763 460 2827 όδίκαιος
503 2765 711 2836 κριτὴς,
750 2763 1048 2820 ἀποδώσων
1091 2765 1311 2835 ἑκάστῳ
1348 2766 1446 2835 τὴν
1486 2765 1794 2836 προσήκου-

215 2867 307 2906 σαν
339 2854 395 2906 ἐν
419 2853 644 2922 ἀγαθοῖς
671 2855 918 2926 ἀμοιϐήν·
949 2855 1034 2926 τῷ
1073 2855 1120 2909 δ’
1161 2853 1497 2927 ἐγκρύψαντι
1534 2855 1660 2916 τοὺς
1705 2854 1793 2908 λό-

211 2959 340 3011 γους
393 2944 488 2996 καὶ
534 2943 895 3014 καταδήσαντι
942 2946 1072 3014 παρ’
1127 2943 1325 3012 ἐαυτῷ,
1389 2943 1552 3013 μηδέν
1583 2961 1642 2996 τε
1680 2945 1795 3013 εἰρ-

208 3034 472 3105 γασμένῳ
501 3033 721 3105 πονηρῷ
749 3035 920 3104 δούλῳ
967 3037 1061 3089 καί
1090 3035 1327 3106 όκνηρῷ,
1367 3035 1661 3106 τάπίχειρα
1697 3035 1796 3104 τῆς

209 3126 479 3196 πονηρίας
501 3126 726 3180 ἐποίσει.
758 3158 828 3166 —
859 3128 931 3179 Τὸ
961 3127 1144 3180 ἐπάνω
1181 3127 1312 3179 δέκα
1340 3126 1372 3196 ἦ
1403 3127 1560 3179 πέντε
1589 3126 1794 3178 πόλεων

208 3217 389 3288 ἀρχήν
437 3205 560 3270 τινα
615 3217 706 3272 καὶ
753 3217 998 3282 ἐξουσίαν
1061 3219 1211 3289 δηλοῖ
1262 3217 1630 3289 δοθησομένην
1684 3200 1867 3280 τοίςῧ

210 3309 387 3376 ἁγίοις
445 3308 590 3363 κατά
649 3310 1052 3382 ὑποδεεστέρων
1106 3310 1200 3366 καὶ
1260 3309 1352 3362 τοῦ
1424 3307 1794 3363 διευθύνεσθαι

207 3398 400 3464 ἀξίων.

293 3489 453 3544 ama
484 3491 593 3561 γάρ
632 3491 742 3548 τῶν
783 3493 882 3563 μὲν
931 3490 1099 3545 αὐτοῦ
1150 3491 1497 3563 θεραπόντων
1538 3492 1795 3561 τοιαύτην

208 3583 499 3653 ποιήσεται
527 3581 623 3654 τὴν
660 3583 950 3655 διάκρισιν·
987 3582 1095 3637 τῶν
1130 3581 1186 3634 δὲ
1218 3581 1292 3653 μὴ
1328 3583 1426 3654 τῆς
1458 3585 1627 3654 αὐτῆς
1672 3583 1794 3641 δον·-

206 3671 355 3736 λείας
379 3672 820 3744 κατηξιωμένων,
861 3673 1034 3738 ἄλλως
1063 3673 1119 3726 δὲ
1155 3673 1391 3728 πολιτῶν
1419 3675 1585 3728 αὑτοῦ
1623 3692 1794 3743 γεγε-

206 3763 480 3834 νημένων,
532 3765 590 3817 ἐν
633 3764 844 3836 ἐχθρῶν
873 3765 929 3818 δὲ
957 3764 1052 3818 καὶ
1098 3764 1398 3834 μισούντων
1439 3766 1601 3819 αὑτὸν
1641 3765 1795 3837 χώρᾳ

205 3857 438 3920 ἑαυτοὺς
470 3857 904 3922 καταλεξάντων,
948 3858 1242 3928 πρεσϐείαν
1281 3875 1340 3910 τε
1376 3859 1792 3912 ἀπεσταλκότων

207 3948 630 4020 ἀπαρνουμένην
660 3948 824 4000 αὑτοῦ
854 3948 951 4019 τὴν
984 3947 1282 4019 βασιλείαν,
1318 3949 1501 4002 όποτον
1527 3948 1678 4001 ἐσται
1702 3949 1792 4002 τὲο

213 4039 326 4104 λος,
359 4040 600 4111 παρίστη
635 4039 701 4092 δι’
735 4034 813 4094 ὧν
865 4039 1228 4092 ἐπανελθόντα
1268 4039 1357 4092 τὸν
1391 4037 1614 4110 βασιλέα
1654 4038 1795 4093 κατά

204 4134 306 4204 τὴν
337 4133 597 4204 δευτέραν
633 4133 726 4186 καὶ
757 4131 1037 4203 βασιλικὴν
1089 4130 1254 4185 αὐτοῦ
1309 4130 1648 4200 θεοφάνειαν,
1697 4148 1793 4200 φο-

205 4224 373 4296 ϐερὰν
420 4223 692 4292 ἀπόφασιν
735 4223 965 4288 ἐξοίσειν
1013 4215 1133 4276 κατ’
1165 4220 1344 4275 αὐτῶν
1383 4220 1650 4292 προύλεγε
1693 4219 1793 4290 τὴν

203 4317 461 4387 φήσασαν
480 4333 494 4346 ’
526 4315 672 4387 Πλὴν
705 4316 832 4378 τοὺς
872 4314 1098 4385 ἐχθρούς
1129 4331 1228 4385 μου
1264 4313 1524 4376 ἐκείνους,
1564 4314 1690 4374 τοὺς
1718 4312 1792 4383 μὴ

207 4405 549 4478 θελήσαντάς
575 4422 640 4476 με
666 4403 979 4475 βασιλεῦσαι
1019 4406 1105 4457 ἐπ’
1138 4403 1354 4468 αὐτοὺς,
1393 4403 1628 4471 ἀγάγετε
1665 4395 1790 4457 ὦδε,

204 4496 300 4551 καὶ
327 4495 713 4565 κατασφάξατε
743 4493 1049 4565 ἔμπροσθέν
1076 4510 1174 4564 μου
1194 4492 1327 4562 (72).

504 4587 600 4639 Ἐγ
626 4586 769 4654 ποίᾳ
792 4585 1046 4653 ἐξουσίᾳ
1070 4585 1257 4639 ταῦτα
1282 4583 1470 4648 ποιεῖς
1491 4599 1510 4644 ;

274 4678 451 4742 Δὺτδς
485 4676 585 4749 μὲν
615 4676 749 4748 ἔργα
799 4676 987 4746 θεῖκῆς
1029 4675 1311 4746 δυνάμεως
1366 4673 1652 4739 ἐπιτελῶν,
1698 4690 1788 4726 τε-

205 4771 434 4841 ραστίας
479 4771 574 4823 καὶ
625 4768 962 4841 παραδόξους
1010 4768 1237 4838 πράξεις
1282 4767 1636 4831 ἐνεδείκνυτο,
1681 4766 1788 4819 ἐδί-

203 4860 374 4915 δασκέ
421 4876 483 4913 τε
531 4860 756 4931 οὐράνια
807 4860 1126 4932 μαθήματαο
1187 4860 1237 4913 οἰ
1284 4860 1331 4913 δ’
1374 4859 1787 4932 ἀποθαυμάζειν

202 4953 344 5018 δέον,
378 4951 668 5025 γνωρίζειν
703 4971 764 5006 τε
809 4954 876 5006 ἐκ
904 4952 1009 5006 τῶν
1044 4954 1219 5022 λόγων
1246 4953 1342 5006 καὶ
1375 4954 1486 5006 τῶν
1515 4955 1787 5024 πράξεων,

204 5041 279 5105 ὡς
302 5043 416 5114 ἄρα
437 5041 598 5107 αὐτὸς
625 5043 710 5113 εἴη
739 5044 1023 5116 ὁῖΧριστδς
1045 5047 1074 5098 ὁ
1107 5042 1212 5097 ὑπὸ
1244 5043 1353 5097 τῶν
1377 5044 1669 5115 προφητῶν
1692 5061 1786 5096 κε-

205 5133 577 5205 κηρυγμένος,
612 5133 768 5188 τοῦτο
801 5135 902 5206 μέν
936 5135 1035 5188 οὐκ
1067 5134 1355 5206 ἔπραττον,
1392 5136 1478 5188 ἐπ’
1507 5137 1797 5210 ἀνατροπῇ.

206 5221 262 5276 δέ
292 5223 391 5278 τοῦ
429 5222 665 5296 πλήθους
689 5224 1011 5288 ἐπιστάντες
1031 5223 1261 5295 ἀθρόως,
1290 5224 1569 5294 ἐπετίμων
1592 5224 1791 5278 πυνθαέ

207 5312 424 5384 νόμενοι
449 5315 508 5368 ἐν
537 5314 668 5387 ποίᾳ
687 5314 906 5386 ἐξουσίᾳ
940 5315 1026 5386 εἴη
1055 5315 1227 5369 ταῦτα
1256 5315 1445 5380 ποιῶν,
1497 5316 1592 5368 καὶ
1637 5314 1789 5386 παρά

205 5403 347 5470 τίνος
365 5405 582 5477 εἰλήφει
612 5405 721 5479 τὴν.
741 5407 835 5462 τοῦ
864 5407 934 5460 τὰ
953 5407 1130 5462 τοιάδε
1159 5408 1419 5479 πράττειν
1442 5407 1612 5473 ἀδεῶς
1640 5408 1790 5474 ἐξου-

210 5510 348 5549 σιαν.

542 5588 845 5658 Ἐρωτήσω
873 5590 1028 5660 ὑμᾶς
1043 5590 1222 5660 κάγὼ,
1247 5608 1300 5644 κ.
1330 5608 1381 5644 τ.
1413 5591 1464 5646 λ.

229 5677 656 5744 ⁸’Ὰνεξιιιόικως
687 5681 782 5734 καὶ
810 5680 1001 5751 πράως
1049 5681 1245 5744 αὐτοὺς
1275 5679 1564 5752 δεξάμενος
1601 5683 1628 5735 ό
1667 5681 1779 5734 Κύ-

283 5771 330 5807 ⁸⁹
362 5773 498 5831 Luc.
526 5789 642 5838 xu,
672 5775 757 5829 ΓΙ.
836 5776 880 5806 ⁸⁸
917 5774 1060 5830 Psal.
1088 5791 1245 5841 ινιιι,
1284 5779 1338 5832 5.
1415 5778 1459 5809 ³¹
1482 5775 1619 5831 Luc.
1650 5793 1742 5840 xx,
1785 5775 1837 5831 2.

287 5860 407 5939 (72)
433 5866 642 5924 Confer
665 5867 1074 5939 Tltcophaniam,
1103 5873 1240 5942 apud
1267 5887 1363 5929 nus
1395 5875 1501 5929 cu'.
1535 5871 1638 5928 690
1668 5874 1761 5927 tiu.

1819 4546 1875 4604 Ι)

1896 1953 2098 2009 perque
2139 1953 2232 1994 eos
2265 1941 2357 2008 qui
2407 1949 2592 2008 postea
2638 1955 2821 2007 parem
2871 1939 3042 1993 zelum
3103 1947 3479 2007 susceperunt,

1895 2046 1963 2087 ex
2007 2032 2213 2087 cunctis
2270 2031 2520 2101 gentibus
2565 2032 2764 2086 selecta
2824 2029 2932 2085 Deo
2991 2029 3254 2093 Ecclesia,
3323 2029 3478 2084 brevi

1897 2132 2140 2193 tempore
2189 2123 2523 2192 universum]
2558 2123 2816 2179 mundum
2865 2121 3113 2191 replevit.
3165 2120 3288 2176 Alio
3339 2135 3479 2190 quo-

1896 2227 2002 2283 que
2069 2215 2230 2269 modo
2305 2214 2579 2285 negotium
2662 2230 2820 2270 suum
2885 2213 3084 2270 facient
3156 2213 3194 2268 ii
3275 2212 3475 2284 quibus

1896 2307 2205 2376 evangelica
2223 2307 2529 2362 Servatoris
2550 2307 2796 2362 doctrina
2819 2308 3111 2362 commissa
3135 2305 3258 2371 luit,
3279 2321 3476 2375 nempe

1897 2399 2138 2451 moribus
2164 2407 2218 2450 et
2239 2398 2358 2450 vita!
2381 2397 2611 2463 actibus,
2644 2408 2698 2451 et
2726 2398 2884 2465 digna
2908 2397 3016 2452 Deo
3039 2397 3476 2461 conversatione,

1897 2489 2157 2543 doctrinae
2196 2499 2459 2558 praecepta
2494 2489 2867 2558 adimplentes.
2908 2489 3056 2556 Quos
3089 2489 3305 2544 diverse
3352 2505 3478 2557 ope-

1898 2591 2100 2646 rantes,
2133 2579 2362 2636 diversis
2393 2582 2628 2651 praemiis
2660 2582 2840 2646 justus
2883 2580 3048 2649 iudex
3093 2583 3476 2637 remunerabi-

1898 2683 2004 2736 tur,
2050 2673 2184 2727 dans
2230 2672 2427 2741 cuique
2461 2686 2755 2741 congruam
2807 2673 2885 2728 rei
2936 2673 3074 2728 bene
3110 2684 3275 2743 gesta:
3315 2674 3478 2728 retri-

1894 2765 2191 2819 butionetn.
2232 2764 2618 2818 Verumtamen
2664 2765 2811 2818 illum
2842 2765 2934 2833 qui
2987 2766 3241 2819 traditam
3270 2764 3476 2819 doctri-

1895 2871 2022 2911 nam
2067 2855 2325 2911 celaverit
2367 2865 2528 2926 atque
2583 2856 2721 2923 apud
2776 2872 2836 2911 se
2889 2857 3210 2920 obvolverit,
3270 2856 3476 2911 malum

1896 2949 2135 3010 scilicet,
2173 2946 2420 3017 ignavum
2457 2948 2699 3015 nihilque
2726 2959 3038 3016 operantem
3086 2962 3335 3014 servum,
3379 2949 3480 3002 do-

1898 3041 2004 3092 bita
2029 3039 2279 3107 nequitia:
2307 3054 2416 3092 sua:
2450 3054 2603 3108 pcena
2635 3048 3011 3108 prosequetur.
3035 3069 3106 3079 -—
3133 3040 3325 3094 Decem
3383 3041 3473 3093 vel

1896 3132 2135 3200 quinque
2189 3131 2404 3185 urbium
2474 3130 2794 3198 praefectura
2862 3130 3132 3202 signiﬁcat
3184 3131 3480 3202 imperium

1899 3224 2170 3294 quoddam
2219 3238 2280 3278 ac
2327 3229 2672 3292 potestatem,
2722 3237 2844 3291 quae
2895 3224 3099 3277 sanctis
3139 3223 3314 3277 danda
3367 3225 3480 3282 erit

1895 3331 2062 3385 super
2094 3315 2420 3369 infirmiores
2453 3324 2616 3384 atque
2645 3314 3024 3369 emendatione
3051 3313 3266 3384 dignos.

1967 3494 2097 3550 Tale
2144 3494 2324 3563 itaque
2366 3493 2435 3547 de
2488 3493 2661 3548 servis
2703 3491 2818 3548 suis
2863 3491 3125 3561 judicium
3173 3492 3467 3549 exercebit.

1895 3585 2116 3641 Illorum
2152 3597 2331 3640 autem
2362 3587 2454 3656 qui
2495 3601 2668 3655 neque
2707 3587 2758 3640 in
2788 3599 3070 3639 servorum
3098 3583 3216 3652 ejus
3241 3600 3471 3639 numero

1893 3693 2016 3732 esse
2045 3679 2326 3731 voluerunt
2350 3716 2365 3741 ,
2395 3691 2706 3746 quanquam
2744 3677 2891 3730 cives
2932 3675 3100 3744 ipsius
3131 3684 3344 3742 essent,
3375 3678 3469 3730 sed

1895 3772 1948 3824 i-u
1983 3771 2216 3825 hostium
2261 3781 2424 3840 atque
2466 3785 2684 3824 osorum
2729 3768 2973 3836 partibus
3017 3781 3074 3823 se
3111 3769 3466 3833 collocarunt,

1897 3860 2330 3930 legationemque
2379 3861 2642 3914 miserunt
2681 3869 2739 3911 ut
2781 3873 3007 3928 regnum
3039 3858 3156 3928 ejus
3202 3859 3471 3914 detrecta-

1896 3962 2050 4016 rent,
2076 3952 2297 4022 quinam
2326 3953 2508 4006 exitus
2539 3951 2610 4005 sit
2652 3949 2866 4006 futurus
2887 3989 2901 4014 ,
2942 3951 3182 4005 ostendit
3216 3964 3468 4014 narrans,

1895 4057 2075 4112 regem
2110 4057 2413 4104 reversum,
2446 4044 2680 4096 secunda
2704 4039 2954 4095 videlicet
2980 4041 3142 4110 regali
3171 4041 3260 4094 Dei
3291 4041 3468 4094 mani-

1895 4133 2215 4196 festatione,
2247 4133 2544 4186 terribilem
2589 4132 2910 4186 sententiam
2955 4131 3187 4186 laturum
3225 4131 3308 4186 his
3343 4147 3467 4186 ver-

1896 4225 1979 4279 bis
2007 4243 2021 4279 :
2045 4224 2422 4279 Verumtamen
2449 4223 2695 4277 inimicos
2722 4237 2872 4277 meos
2903 4221 3022 4276 illos
3049 4261 3066 4286 ,
3106 4223 3198 4291 qui
3238 4237 3324 4275 me
3371 4236 3470 4276 no-

1897 4316 2112 4369 luerunt
2145 4328 2370 4384 regnare
2405 4329 2568 4383 super
2610 4328 2700 4380 se,
2746 4314 2997 4369 adducite
3027 4314 3133 4368 huc
3167 4323 3222 4367 et
3261 4313 3468 4368 interli-

1895 4405 1941 4458 ci
1951 4417 2002 4458 te
2035 4420 2159 4458 cora
2169 4419 2218 4456 ιιι
2259 4419 2362 4459 me.

2229 4591 2276 4622 υ
2307 4588 2369 4643 In
2402 4608 2504 4660 qua
2542 4603 2798 4660 potestate
2829 4595 2940 4648 luec
2979 4593 3152 4662 facis?

1964 4679 2080 4748 Ipse
2124 4681 2344 4748 quidem
2375 4682 2571 4737 divinae
2601 4684 2818 4738 virtutis
2845 4698 3009 4753 opera
3051 4692 3310 4754 patrans,
3343 4695 3471 4752 por-

1894 4778 2040 4824 tenta
2091 4779 2146 4824 et
2188 4771 2463 4827 mirabiles
2516 4783 2671 4828 actus
2713 4774 2942 4838 edebat;
2986 4773 3256 4842 simulque
3301 4773 3467 4828 caele-

1890 4875 2025 4919 stem
2051 4865 2351 4921 doctrinam
2386 4867 2654 4922 tradebat.
2685 4868 2766 4922 llli
2799 4878 2980 4921 autem
3009 4868 3098 4937 qui
3144 4869 3258 4921 haec
3289 4867 3466 4936 suspi-

1886 4971 2011 5010 cere
2067 4956 2414 5024 debuissent,
2477 4965 2646 5026 atque
2691 4973 2758 5012 ex
2826 4959 2987 5013 dictis
3041 4960 3315 5030 gestisque
3376 4974 3469 5013 co-

1889 5061 2149 5118 gnoscere
2179 5047 2323 5103 hunc
2344 5062 2466 5103 esse
2490 5048 2766 5104 Christum
2798 5051 2865 5104 de
2893 5065 3000 5118 quo
3023 5049 3302 5119 prophetze
3332 5049 3468 5101 vati-

1891 5140 2056 5194 cinati
2107 5138 2362 5207 fuerant;
2416 5141 2640 5196 minime
2675 5155 2854 5195 rerum
2887 5141 2938 5195 id
2970 5142 3251 5207 fecerunt;
3280 5130 3466 5196 verum

1890 5233 1957 5286 ad
2005 5232 2385 5286 concitandam
2427 5234 2640 5303 plebem
2687 5233 2868 5290 subito
2900 5233 3178 5298 conversi,
3222 5233 3469 5300 increpa-

1893 5325 2025 5378 bant
2055 5338 2202 5388 eum,
2253 5324 2651 5396 interrogantes
2701 5340 2935 5394 quanam
2980 5325 3304 5379 auctoritate
3353 5325 3469 5377 haec

1889 5411 2129 5478 laceret,
2183 5413 2267 5469 vel
2312 5429 2342 5468 a
2411 5431 2646 5485 quonam
2700 5425 2848 5471 tanta
2903 5416 3161 5484 praeditus
3207 5413 3466 5468 facultate

1893 5503 2108 5572 fuisset,
2147 5513 2206 5558 ut
2240 5505 2353 5561 bam
2381 5508 2727 5563 conﬁdenter
2760 5519 2963 5578 ageret.

2203 5598 2251 5630 "
2282 5596 2630 5670 Interro‘gabo
2669 5611 2716 5656 el
2749 5617 2844 5672 ego
2875 5617 2964 5655 vos
2984 5640 2998 5664 ,
3037 5608 3145 5655 etc.

1960 5686 2239 5742 Patientcr
2268 5703 2330 5744 ac
2357 5702 2638 5749 mansuete
2678 5697 2947 5764 postulata
2978 5707 3162 5748 eorum
3189 5691 3478 5759 excipiens.

1918 5780 1963 5813 ⁸³
1999 5783 2128 5837 ibid.
2168 5783 2222 5839 ’5.
