4124 6412
714 428 817 484 595

1410 421 1677 481 EUSEBII
1716 408 2187 480 CESA‘RIENSIS
2224 421 2277 475 ο]

2415 416 2591 471 PARS
2628 414 2713 470 111.
2756 444 2827 454 --
2866 401 3269 468 ΕΧΕΟΕΤΚῘᾹ.

3816 392 3916 457 896

715 546 989 610 Dominus,
1018 543 1327 601 sciscitatur
1357 542 1469 612 ipse
1494 556 1705 611 quoque
1747 540 1811 596 de
1845 540 2047 595 Joanne
2088 539 2254 608 bapti-

2376 552 2469 598 ιιος
2496 533 2741 603 ἀνερωτᾷ
2764 529 2889 600 περὶ
2934 525 3176 581 Ἰωάννου
3199 522 3291 577 τοῦ
3311 518 3633 581 Βαπτιστοῡ.
3664 518 3725 572 σὺ
3758 520 3918 573 πόθεν

716 644 929 702 latore;
964 650 1062 691 nec
1102 636 1241 689 unde
1274 634 1319 688 is
1350 642 1527 698 esset,
1559 634 1651 687 sed
1682 634 1818 687 unde
1858 630 2107 701 baptismi
2136 644 2257 683 nor-

717 742 860 781 mam
903 726 1211 795 accepisset.
1254 724 1383 785 Nam
1416 722 1519 778 sibi
1558 724 1657 791 ipsi
1686 721 2049 777 testimonium
2082 721 2259 790 perhi-

719 817 874 883 bere,
916 818 1129 887 plenum
1175 815 1282 871 odii
1314 815 1582 884 negotium
1619 814 1961 869 existimabat
1993 823 2044 866 et
2081 823 2259 865 osten-

718 907 955 962 tationis.
1002 905 1300 973 Ceteroqui
1350 905 1660 973 provocatio
1711 903 1775 956 ad
1814 900 2076 957 Joannem
2131 901 2259 953 taci-

720 1008 826 1050 tam
856 996 1159 1053 continebat
1189 996 1386 1050 Christi
1416 994 1920 1048 manifestationem.
1972 991 2261 1046 Universus

718 1088 861 1141 enim
888 1086 1112 1156 populus
1142 1084 1413 1140 fatebatur
1443 1082 1706 1139 Joannem
1736 1084 1991 1137 divinitus
2018 1081 2257 1136 missum.

716 1176 884 1253 Porro
918 1176 1007 1230 bic
1034 1178 1174 1230 idem
1220 1174 1578 1230 testimonium
1606 1173 1927 1243 praebuerat,
1969 1172 2108 1226 unde
2136 1169 2262 1225 Ser-

718 1279 873 1323 vator
914 1278 1226 1337 potestatem
1257 1266 1567 1334 accepisset.
1608 1264 1741 1319 Cum
1779 1266 1921 1317 enim
1953 1263 2003 1317 ei
2048 1262 2260 1331 quidam

718 1357 1048 1413 nuntiassent
1074 1356 1251 1412 Jesum
1282 1356 1573 1424 baptizare,
1609 1355 1908 1422 huiusmodi
1948 1367 2259 1422 responsum

717 1452 883 1503 edidit
915 1466 929 1503 :
965 1449 1080 1503 Non
1112 1457 1280 1517 potest
1310 1448 1468 1501 homo
1492 1462 1521 1499 a
1566 1447 1740 1515 seipso
1792 1446 2079 1516 quidquam
2126 1445 2265 1499 acci-

721 1555 880 1610 pere,
926 1540 1026 1593 nisi
1071 1538 1121 1592 ei
1165 1537 1343 1590 datum
1388 1534 1549 1589 fuerit
1589 1536 1654 1589 de
1686 1534 1821 1589 caalo
1860 1534 2105 1602 desuper.
2158 1531 2265 1589 Vos

723 1632 852 1683 mihi
892 1630 1019 1683 dicti
1053 1628 1154 1681 mei
1192 1635 1356 1682 testes
1394 1628 1547 1690 estis,
1576 1641 1661 1681 me
1691 1626 1958 1680 Christum
1990 1640 2095 1679 non
2122 1640 2261 1691 esse,

723 1727 1084 1772 verumtamen
1127 1718 1252 1771 huic
1281 1718 1581 1771 adventanti
1611 1718 1937 1786 przemissum
1958 1716 2031 1780 ἰς
2074 1726 2127 1769 et
2150 1732 2269 1770 rur-

722 1824 814 1863 sus
841 1826 853 1861 :
890 1808 990 1873 Qui
1013 1809 1283 1861 desursum
1310 1810 1463 1869 venit,
1493 1825 1652 1875 supra
1675 1824 1850 1860 omnes
1875 1816 1949 1860 est
1968 1808 2045 1872 ";
2076 1808 2268 1861 denuo-

2357 627 2441 692 εἴη
2468 625 2646 687 αὐτὸς,
2688 620 2825 674 ἀλλά
2875 618 3041 671 πόθεν
3082 616 3172 667 τὸν
3211 613 3304 669 τοῦ
3339 612 3711 682 βαπτίσματος
3758 608 3920 676 νόμον

2358 715 2584 784 είλήφοι.
2624 712 2699 764 Τὸ
2731 711 2828 779 μὲν
2858 708 2966 778 γάρ
3002 706 3160 759 αὑτὸν
3212 704 3341 773 περὶ
3374 700 3565 754 ἑαυτοῦ
3623 699 3923 769 μαρτυρεῖν

2360 805 2593 876 ἐπαχθὲς
2619 806 2801 871 ἠγεῖτο
2825 802 2917 852 καὶ
2950 794 3383 867 περιαυτολόγονο
3415 793 3475 843 τὸ
3512 792 3556 843 δ’
3599 793 3692 842 ἐπὶ
3738 787 3925 841 Ἰωάνε-

2360 916 2456 970 νην
2482 895 2825 965 ἀναπέμπειν
2856 893 3133 963 λεληθυῖαν
3156 893 3252 961 τὴν
3286 889 3413 959 περὶ
3447 885 3637 940 ἑαυτοῦ
3672 884 3926 937 διδασκα-

2360 991 2477 1043 λίαν
2510 989 2808 1059 περιεῖχενο
2834 984 3146 1054 ὡμολόγητο
3178 982 3285 1052 γὰρ
3326 979 3474 1049 παρὰ
3509 977 3667 1033 παντὶ
3695 973 3775 1043 τῷ
3811 972 3926 1041 λαῷ

2374 1082 2622 1150 Ἰωάννης
2673 1078 2733 1141 ἐξ
2778 1075 3023 1147 οὐρανῶν
3073 1072 3417 1143 ὡρμημένος.
3466 1065 3631 1131 Οὗτος
3664 1068 3721 1120 δὲ
3767 1066 3930 1129 αὐτὸς

2361 1171 2654 1243 ἐμαρτύρει
2689 1167 2769 1239 τῷ
2798 1167 3007 1237 Σωτῆρι
3046 1165 3208 1219 πόθεν
3241 1162 3325 1232 είη
3363 1163 3461 1232 τὴν
3512 1158 3759 1223 ὲξουσίαν
3786 1155 3933 1223 εἰλη-

2363 1264 2497 1333 φώς·
2536 1263 2623 1331 Ὦς
2667 1262 2775 1332 γὰρ
2818 1257 3159 1329 ἀπήγγελλον
3207 1253 3352 1324 αὑτῷ
3396 1269 3558 1315 τινες,
3591 1252 3673 1303 ὅτι
3724 1248 3933 1319 Ἰησοῇ

2366 1350 2633 1423 βαπτίζει,
2669 1348 2983 1420 ἀποκριθεὶς
3010 1343 3164 1400 εἶπεν
3196 1346 3407 1407 αὐτοῖς’
3464 1342 3538 1394 Οὐ
3587 1340 3813 1392 δύναται
3842 1339 3935 1392 iv»

2364 1445 2577 1515 θρωπος
2625 1442 2919 1514 λάμὸάνειν
2976 1440 3068 1509 ἀφ’
3125 1437 3318 1491 ἑαυτοῦ
3381 1434 3552 1497 οὐδὲν,
3608 1432 3705 1485 ἐὰν
3764 1430 3851 1500 μὴ
3898 1424 3934 1500 ᾗ

2363 1534 2644 1603 δεδομένον
2704 1532 2851 1602 αύτῷ
2912 1533 2978 1583 ὲκ
3033 1528 3128 1581 τοῦ
3196 1524 3426 1597 οὐρανοῦ
3484 1523 3712 1578 ἀνωθεν.
3772 1519 3939 1574 Αὐτοὶ

2366 1624 2523 1693 ὑμεῖς
2578 1620 2904 1693 μαρτυρεῖτέ
2966 1636 3078 1691 μοι,
3140 1619 3221 1671 ὅτι
3251 1614 3403 1670 εἷπον
3426 1633 3442 1649 ο
3474 1616 3588 1670 Οὐκ
3614 1613 3729 1683 είμὶ
3766 1610 3880 1679 ἐγὼ
3908 1609 3939 1663 ὁ

2364 1715 2629 1786 Χριστὸς,
2689 1713 2805 1766 ἀλλ’
2855 1714 2938 1766 ὅτι
2998 1707 3405 1778 ἀπεσταλμένος
3453 1705 3575 1775 είμὶν
3626 1700 3941 1775 ἔμπροσθεν

2367 1802 2573 1859 ἐκείνου
2599 1821 2612 1834 ο
2645 1806 2737 1856 καὶ
2781 1802 2961 1856 πάλινο
2999 1802 3053 1853 Ὁ
3100 1798 3326 1852 ἄνωθεν
3378 1797 3700 1865 ἐρχόμενος
3736 1792 3941 1846 sm

723 1913 868 1969 que:
903 1898 1063 1952 Pater
1098 1898 1269 1966 diligit
1299 1896 1518 1961 Filium,
1552 1908 1601 1950 et
1631 1900 1806 1951 omnia
1842 1898 2054 1949 tradidit
2090 1899 2268 1949 manui

2376 1896 2609 1950 πάντων
2648 1894 2781 1947 ἐστί
2797 1911 2809 1923 ·
2852 1893 2947 1945 καὶ
2994 1887 3168 1953 αὖθις·
3237 1890 3289 1942 '0
3335 1888 3541 1957 Πατὴρ
3585 1882 3789 1953 ἀταπᾷ
3832 1883 3944 1938 τὸν

722 1990 836 2057 ejus
856 1989 922 2042 ".
955 1987 1058 2054 Qui
1080 1989 1238 2042 credit
1267 1988 1317 2040 in
1338 1986 1384 2039 F
1388 1988 1557 2051 ilium,
1585 1988 1732 2041 habet
1757 1990 1908 2040 vitam
1936 1998 2180 2041 internatus
2200 1988 2267 2043 ⁸⁷.

722 2078 888 2151 Igitur
911 2096 975 2138 ex
997 2079 1219 2135 Joannis
1250 2080 1552 2135 testimonio
1582 2081 1921 2149 perspicuum
1959 2089 2074 2133 erat
2093 2118 2109 2143 ,
2137 2094 2271 2149 qua-

725 2189 849 2227 nam
888 2182 1147 2243 potestate
1173 2172 1285 2227 hazc
1316 2170 1567 2226 Servatur
1599 2171 1825 2238 faceret,
1856 2183 1910 2227 et
1940 2172 2183 2243 quisnam
2221 2174 2271 2228 ei

725 2263 833 2319 vim
867 2264 1170 2327 huiusmodi
1206 2262 1508 2332 impertitus
1542 2260 1749 2317 fuisset.

901 2440 946 2472 "
978 2437 1144 2492 Erunt
1173 2440 1319 2507 signa
1349 2438 1403 2492 in
1440 2437 1548 2490 sole
1580 2447 1628 2491 et
1659 2435 1783 2489 luna
1814 2451 1875 2489 ac
1909 2435 2090 2489 stellis.

801 2526 950 2582 'l'unc
975 2529 1113 2581 enim
1138 2527 1272 2582 facta
1303 2529 1411 2596 jam
1440 2529 1678 2583 mortalis
1710 2527 1863 2595 hujus
1891 2530 2009 2581 vitae
2035 2543 2276 2582 consum-

731 2617 987 2683 matione,
1006 2628 1360 2688 praetereunte
1383 2619 1535 2687 hujus
1554 2620 1735 2672 mandi
1766 2620 1953 2687 ﬁgura,
1978 2619 2125 2675 utait
2143 2622 2276 2689 Apo-

731 2710 898 2767 stolus
916 2710 981 2777 ",
1008 2724 1198 2764 novum
1226 2708 1474 2765 arculum
1498 2708 1762 2764 succedet.
1788 2708 1917 2762 Nam
1946 2725 2042 2779 pro
2067 2710 2275 2765 cunctis

728 2802 907 2858 sensui
956 2802 1129 2856 obviis
1177 2800 1569 2865 luininaribus,
1609 2801 1697 2869 qui
1751 2803 1986 2856 anterius
2024 2803 2273 2857 saeculum

729 2893 1085 2954 illustrabant,
1122 2892 1451 2962 Splendescet
1480 2892 1732 2959 deinceps
1758 2892 1873 2961 ipse
1899 2892 2277 2960 apparebitque

732 2982 987 3042 Servatur
1011 2992 1213 3044 noster.
1247 2983 1514 3053 princeps,
1542 2993 1595 3035 et
1622 2982 1905 3048 luminare,
1941 2994 1994 3037 et
2025 2999 2120 3037 rex
2155 2984 2277 3037 novi

729 3072 908 3128 saeculi
944 3074 1368 3127 constituendus.
1422 3071 1593 3125 Tanta
1630 3087 1793 3140 porro
1831 3074 1938 3126 erit
1983 3074 2276 3129 divinitatis

730 3164 791 3220 in
828 3180 893 3218 eo
927 3165 1038 3227 vis,
1076 3172 1289 3230 tamque
1316 3163 1516 3217 eximia
1557 3162 1797 3232 ejusdem
1838 3164 2027 3232 gloria,
2061 3173 2117 3218 ut
2142 3181 2275 3234 pra:-

2379 1988 2533 2050 Υιὸν,
2562 1985 2659 2040 καί
2691 1984 2888 2039 πάντα
2913 1984 3167 2039 δέδωκεν
3208 1982 3279 2035 ἐν
3323 1980 3399 2048 τῇ
3442 1978 3591 2049 χειρὶ
3628 1972 3839 2031 αὑτοῦ.
3884 1973 3941 2026 '0

2372 2079 2666 2133 πιστεύων
2686 2080 2775 2141 είς
2796 2077 2901 2130 τὸν
2941 2075 3079 2129 Υίύν
3100 2076 3223 2143 ἔχει
3258 2072 3410 2140 ζωὴν
3447 2069 3704 2125 αἰώνιον.
3732 2063 3945 2121 Οὐκοῦν

2371 2172 2478 2225 ἀπὸ
2503 2171 2603 2239 τῆς
2637 2169 2880 2223 Ἰωάννου
2916 2167 3045 2238 περὶ
3075 2165 3238 2220 αὐτοῦ
3265 2163 3570 2236 μαρτυρίας
3596 2159 3755 2230 δῆλος
3784 2153 3856 2227 ἦν
3885 2159 3945 2209 εν

2372 2262 2499 2333 ποίᾳ
2531 2260 2748 2332 ἐξουσίᾳ
2780 2260 2955 2315 ταῦτα
2981 2259 3245 2329 ἔπραττεν
3269 2258 3298 2309 ὁ
3328 2256 3539 2326 Σωτὴρ,
3569 2253 3665 2307 καὶ
3686 2252 3773 2314 τίς
3793 2247 3944 2320 αὖτῷ

2371 2354 2587 2409 δεδώκει
2605 2353 2704 2424 τὴν
2727 2352 2982 2422 τοιαύτην
3007 2351 3272 2418 ἐξουσίαν.

2376 2448 2576 2501 Ἔσται
2603 2445 2820 2514 σημεῖα
2849 2444 2920 2497 ἐν
2949 2443 3099 2510 ἡλίῳ
3136 2440 3233 2495 καί
3266 2438 3517 2506 σελήνῃ,
3541 2436 3639 2491 καί
3678 2436 3946 2505 ἆστροις.

2444 2538 2756 2609 Τηνικαῦτα
2786 2536 2894 2609 γὰρ
2937 2537 3037 2607 τῆς
3079 2534 3384 2596 συντελείας
3436 2530 3530 2584 τοῦ
3580 2526 3777 2600 θνητοῦ
3828 2527 3947 2597 βίου

2372 2629 2688 2699 γενομένης,
2722 2627 3081 2700 παρελθόντος
3106 2643 3167 2679 τε
3180 2624 3282 2678 τοῦ
3311 2620 3700 2694 σχήματοςτοῦ
3735 2619 3943 2689 κόσμου

2372 2719 2559 2772 τούτου
2598 2719 2737 2773 κατὰ
2775 2718 2867 2771 τόν
2900 2717 3236 2777 ’Δπόστολον,
3282 2714 3397 2777 νέος
3439 2712 3573 2766 αίὼν
3603 2709 3944 2779 διαλήψεται.

2387 2811 2530 2862 Ἀντί
2575 2809 2684 2881 γάρ
2741 2810 2958 2863 πάντων
3001 2809 3108 2862 τῶν
3155 2806 3428 2877 αἰσθητῶν
3484 2804 3786 2873 φωπήρων
3841 2799 3947 2853 τῶν

2377 2900 2873 2971 πρὶν.φωτιζὸντων
2910 2902 3000 2954 τὸν
3046 2900 3150 2971 πρὸ
3193 2898 3381 2952 τούτου
3432 2896 3601 2950 αἰῶνα
3647 2890 3947 2961 ὲπιλάμψει

2376 2992 2559 3045 λοιπὸν
2616 2992 2778 3056 αὐτὸς
2851 2994 2945 3047 καὶ
3000 2992 3387 3060 ἐπιφανήσεται
3448 2989 3478 3039 ὁ
3532 2983 3721 3055 Σωτὴρ
3767 2981 3945 3054 ήμῶν,

2377 3083 2615 3153 ἀρχηγὸς
2653 3084 2746 3135 καὶ
2775 3083 3018 3154 φωστὴρ,
3056 3081 3148 3133 καὶ
3167 3077 3413 3150 βασιλεὺς
3450 3074 3541 3128 τοῦ
3588 3073 3707 3126 νέου
3753 3070 3948 3132 αίῶνος

2376 3175 2867 3244 καταστησόμενος.
2900 3170 3145 3240 Τοσαύτη
3174 3169 3231 3222 δέ
3263 3185 3346 3230 τις
3390 3166 3597 3235 Enati;
3625 3164 3725 3234 τῆς
3764 3161 3948 3231 θεότη-

729 3263 936 3308 sentem
982 3251 1147 3308 solem
1184 3267 1245 3306 ac
1288 3253 1463 3306 lunam
1510 3264 1563 3307 et
1592 3263 1783 3308 caetera
1818 3255 1936 3309 cudi
1972 3257 2273 3322 luminaria,

2378 3279 2467 3326 τος
2530 3240 2702 3317 αὐτοῦ.
2741 3263 2986 3332 δύναμις,
3047 3260 3140 3313 καὶ
3194 3261 3227 3330 ἡ
3294 3255 3699 3327 ἀνυπέρϐλητος
3779 3249 3945 3307 αὑτοῦ

730 3345 941 3412 potiore
973 3358 1070 3397 suo
1103 3342 1304 3398 lumine
1336 3343 1641 3397 obvelatnra
1674 3346 1744 3398 sit
1772 3354 1822 3396 et
1852 3357 2126 3414 apertum.

2380 3351 2522 3416 δόξα,
2556 3354 2631 3415 ὡς
2660 3353 2751 3405 τὸν
2791 3352 2886 3405 νῦν
2936 3352 3083 3422 ἣλιον
3134 3350 3229 3403 καὶ
3267 3348 3366 3418 τὴν
3404 3346 3629 3416 σελήνην
3676 3344 3771 3396 καὶ
3822 3342 3949 3407 τοὺς

730 3438 943 3503 λοιποὺς
988 3442 1045 3494 ὲν
1081 3439 1292 3511 οὐρανῷ
1330 3440 1617 3509 φωστῆρας
1654 3439 1741 3492 διὰ
1786 3440 1883 3510 τὴν
1922 3442 2015 3494 τοῦ
2067 3444 2375 3514 κρείττονος·
2440 3448 2737 3518 παράθεσιν
2801 3445 3177 3516 ἀποκρυῦἧναι
3218 3442 3317 3501 καὶ
3351 3439 3687 3509 καλυφθῆναι
3753 3440 3819 3508 τῇ
3848 3434 3947 3490 αύ-

729 3534 823 3589 τοῧ
850 3535 1092 3605 δυνάμει.

1090 3628 1134 3658 ⁸⁸
1162 3627 1292 3692 Ome
1321 3626 1515 3679 mundo
1544 3629 1917 3696 supervenient.

804 3717 1005 3787 Nempe
1032 3734 1134 3772 res
1178 3730 1464 3771 eventuras
1515 3720 1627 3786 ipse
1670 3720 1935 3786 explicat,
1988 3722 2110 3775 dum
2160 3738 2281 3792 mox

737 3805 918 3859 addit:
951 3805 1084 3858 Nam
1114 3806 1338 3858 virtutes
1366 3805 1619 3860 caelorum
1646 3809 2139 3882 commovebuntur.
2192 3812 2285 3865 Et-

740 3895 883 3947 enim
929 3909 1049 3947 cum
1078 3894 1165 3948 Dei
1196 3895 1362 3949 Filius
1389 3912 1508 3949 cum
1543 3899 1738 3953 virtute
1779 3899 2050 3970 gloriaque
2083 3904 2282 3973 ingenti

738 3984 946 4046 vcuiet,
977 3994 1137 4052 atque
1165 3999 1230 4039 ex
1271 3988 1433 4055 impia
1476 3990 1809 4056 superbaque
1840 3993 2125 4060 tyrannide
2160 4009 2283 4062 per-

738 4071 955 4125 ditionis
996 4071 1159 4126 filium
1191 4073 1402 4141 dejiciet
1432 4078 1709 4142 prmsentia
1738 4093 1832 4132 sua
1856 4120 1870 4142 ,
1908 4094 2140 4151 eumque
2166 4084 2281 4150 Spi-

738 4162 842 4213 ritu
894 4161 1005 4215 oris
1054 4163 1135 4216 sui
1187 4166 1449 4229 perimet;
1507 4178 1630 4221 tunc
1658 4168 1964 4225 caelestibus
2005 4172 2282 4238 spiritibus

738 4255 1105 4323 supremisque
1150 4265 1208 4310 ct
1239 4258 1492 4327 angelicis
1534 4260 1626 4314 Dei
1674 4261 1933 4316 ministris
1962 4262 2151 4317 Filium
2188 4264 2282 4317 Dei

735 4346 1185 4414 stipantibuscum
1215 4361 1388 4416 eoque
1417 4349 1843 4415 adventantibus,
1879 4361 2022 4416 tunc,
2044 4354 2281 4421 inquam,

2633 3628 2755 3682 Τῶν
2798 3623 3218 3694 ὑπερχομένων
3260 3620 3335 3688 τῇ
3365 3619 3701 3687 οἰκουμένῃ.

2454 3722 2589 3773 Τίνα
2635 3719 2689 3771 δὲ
2731 3718 2796 3770 τὰ
2832 3716 3189 3787 ἐπερχόμενα,
3224 3710 3513 3783 έρμηνεύει
3539 3709 3855 3760 συνάπτων
3880 3706 3949 3759 Δί

2384 3810 2493 3879 γὰρ
2538 3806 2819 3876 δυνάμεις
2852 3804 2968 3858 τῶν
3000 3802 3269 3871 οὐρανῶν
3304 3796 3808 3862 σαλευθήσονται.
3844 3792 3948 3847 Τοῦ

2384 3900 2493 3969 γὰρ
2539 3898 2669 3951 Υίοῦ
2699 3897 2793 3950 τοῦ
2818 3896 2951 3950 Θεοῦ
2987 3895 3121 3966 μετὰ
3143 3894 3421 3961 δυνάμεως
3450 3890 3542 3943 καὶ
3565 3888 3720 3958 δόξης
3752 3886 3951 3956 πολλῆς

2388 3991 2831 4060 ὲπιστησρμένου,
2857 3990 2950 4041 καὶ
2980 3988 3075 4057 τὴν
3104 3986 3259 4040 άθεον
3282 3985 3375 4038 καὶ
3398 3982 3734 4054 μεγάλαυχον
3760 3995 3950 4050 τυρανο

2389 4080 2505 4131 νίδα
2545 4079 2637 4131 τοῦ
2672 4078 2786 4131 υἱοῦ
2818 4078 2916 4146 τῆς
2945 4075 3219 4138 ἀπωλείας
3253 4076 3540 4145 και-ἀργεῖν
3574 4070 3857 4141 μέλλοντος
3887 4070 3948 4139 τῇ

2390 4170 2675 4239 ἐπιφανείᾳ
2720 4168 2816 4237 τῆς
2867 4165 3164 4237 παρουσίας
3201 4164 3386 4227 αὐτοῦ,
3428 4161 3733 4216 ἀναλίσκειν
3780 4176 3842 4213 τε
3876 4157 3951 4227 τῷ

2392 4263 2657 4333 πνεύματι
2707 4261 2799 4313 τοῦ
2850 4261 3112 4329 στόματος
3157 4257 3341 4321 αὐτοῦ,
3384 4257 3491 4309 τῶν
3525 4272 3581 4307 τε
3619 4252 3951 4325 ἐπουρανίων

2394 4353 2710 4422 πνευμάτων
2751 4350 2845 4403 καὶ
2868 4349 2973 4402 τῶν
2994 4349 3273 4422 θείωνκαὶ
3294 4346 3595 4416 ἀγγελικῶν
3628 4344 3953 4415 λειτουργῶν

736 4438 943 4489 accidet
984 4446 1040 4489 ut
1078 4439 1334 4491 calorum
1375 4441 1602 4494 virtutes
1641 4454 2098 4501 commoveantur.
2134 4445 2277 4499 Tunc

2388 4445 2481 4498 τοῦ
2515 4444 2645 4497 Θεοῦ
2673 4443 2761 4496 τὸν
2792 4443 2918 4495 Υίὸν
2959 4441 3053 4493 τοῦ
3086 4440 3218 4493 Θεοῦ
3254 4436 3691 4510 δορυφορούντων
3732 4435 3827 4488 καὶ
3860 4436 3951 4487 σὺν

738 4524 866 4577 illud
890 4526 1050 4579 etiam
1081 4528 1372 4581 veridicum
1395 4530 1585 4585 evadet
1609 4552 1622 4585 :
1657 4532 1892 4587 Attollite
1917 4546 2115 4601 portas,
2144 4538 2285 4600 prin-

735 4616 902 4680 cipes,
941 4624 1172 4679 uestras,
1218 4627 1264 4669 et
1312 4619 1670 4675 introibitRea:
1714 4624 1893 4691 gloriae
1924 4625 1989 4679 ⁸¹.
2040 4625 2281 4690 Quonam

736 4717 868 4760 vero
906 4702 1188 4769 introibit,
1227 4707 1327 4760 nisi
1371 4707 1425 4761 in
1463 4722 1649 4763 recens
1680 4712 1929 4766 seculum
1982 4729 2284 4782 novumque

735 4792 961 4849 urbem?
1018 4791 1161 4846 Sane
1201 4795 1558 4851 invisibilibus
1595 4798 2031 4871 iucorporeisque
2063 4805 2282 4858 virtuti-

734 4881 834 4935 bus
856 4921 871 4945 ,
906 4896 1022 4951 qua:
1050 4885 1143 4938 toti
1176 4885 1311 4939 ctelo
1341 4886 1718 4951 moderantur,
1762 4905 1791 4942 e
1819 4906 1913 4943 sua
1940 4902 2139 4945 aeterna
2174 4901 2284 4946 sta-

738 4974 884 5028 tione
908 4976 1215 5039 commotis,
1244 4977 1412 5043 ipsum
1445 4977 1640 5030 ctelum
1673 4982 1977 5035 universum
2012 4994 2066 5037 et
2089 4984 2171 5038 sol
2218 5000 2283 5040 ac

734 5061 857 5115 luna
890 5062 1159 5133 stellaeque
1184 5067 1506 5129 transibunt,
1545 5069 1813 5137 patefacto
1842 5080 2003 5139 caelo,
2036 5085 2089 5127 et
2109 5076 2285 5142 jauuis

734 5168 854 5225 quae
883 5156 949 5209 ab
990 5155 1121 5211 orbe
1167 5160 1382 5213 condito
1420 5159 1614 5217 Clausa:
1647 5162 1891 5228 fuerant,
1928 5166 2040 5235 jam
2074 5183 2285 5222 resera-

737 5246 844 5311 tis;
892 5257 1049 5314 atqne
1102 5251 1172 5301 ita
1231 5252 1634 5319 supercmlestia
1680 5257 1953 5322 patebunt,
1988 5268 2283 5312 sternum-

736 5350 841 5402 que
891 5336 983 5390 Dei
1046 5354 1268 5408 regnum
1319 5345 1666 5411 conspicuum
1706 5349 1908 5400 cunctis
1954 5352 2098 5402 erit:
2144 5348 2279 5417 quod

736 5440 865 5479 sane
895 5443 1110 5497 regnum
1149 5440 1206 5484 ut
1251 5431 1358 5485 cito
1395 5433 1562 5499 adsit,
1598 5435 1734 5488 votis
1774 5450 1889 5492 esse
1932 5437 2280 5507 ﬂagitandum

739 5516 988 5573 Servator
1029 5518 1239 5588 docuit,
1278 5523 1403 5577 dum
1442 5524 1492 5577 in
1539 5539 1695 5593 prece
1742 5526 1828 5579 illa
1873 5528 2051 5583 dicere
2080 5530 2279 5599 jussit:

804 5678 851 5710 ”
876 5678 1030 5753 {nam
1062 5699 1140 5743 ιιι.
1170 5683 1258 5739 36.
1334 5688 1378 5717 ⁸³
1411 5687 1537 5742 ibid.
1583 5691 1667 5744 51.
1748 5694 1790 5725 ³⁸
1818 5695 1942 5753 ibid.
1980 5696 2066 5753 35.

738 5760 846 5813 ut,
880 5749 964 5805 26.
1042 5754 1081 5785 ⁶¹
1108 5753 1245 5810 Psal.
1279 5771 1429 5821 unt,
1461 5758 1509 5809 7.

2174 5698 2220 5732 "
2252 5698 2379 5755 ibid.
2408 5696 2495 5754 56.

2387 4534 2531 4605 αὐτῷ
2559 4534 2963 4606 παρεσομένων,
2994 4532 3052 4585 al.
3080 4530 3334 4601 δυνάμεις
3355 4527 3460 4580 τῶν
3488 4524 3730 4597 οὐρανῶν
3762 4525 3951 4578 σαλευ-

2387 4624 2633 4694 θήσονται
2657 4640 2669 4652 ⁸
2698 4623 2772 4685 ὡς
2798 4622 2918 4674 τότε
2950 4619 3291 4691 πληροῦσθαι
3314 4619 3394 4671 τόο
3422 4619 3624 4694 ᾌρατε
3646 4617 3867 4682 πύλας,
3900 4632 3970 4670 ο.-

2384 4688 2688 4782 ἄρχοντες,
2714 4711 2898 4781 ὑμῶν,
2928 4711 3023 4763 καὶ
3044 4688 3505 4764 εἰσελεύσεταίό
3531 4706 3831 4773 Βασιλεὺς
3846 4704 3953 4775 τῆς

2387 4804 2588 4872 δόξης.
2621 4804 2728 4857 Ποῦ
2757 4804 2812 4855 δὲ
2839 4802 3199 4859 εἰσελεύσεται
3233 4801 3266 4872 ἢ
3290 4804 3369 4863 εἰς
3400 4800 3491 4852 τὸν
3516 4800 3636 4853 νέον
3661 4798 3834 4851 αἰῶνα
3862 4796 3953 4852 καὶ

2383 4896 2481 4964 τὴν
2509 4895 2696 4965 καινὴν
2739 4894 3096 4963 οίκουμένην;
3130 4893 3236 4946 Καὶ
3276 4892 3340 4963 δὴ
3375 4891 3482 4943 τῶν
3520 4890 3801 4960 δυνάμεων
3850 4890 3952 4943 τῶν

2387 4988 2607 5057 ἀφανῶν
2649 4988 2743 5040 καὶ
2775 4986 3100 5067 ἀσωμάτων,
3131 4985 3221 5038 ’δι’
3264 4978 3339 5038 ὧν
3387 4986 3416 5035 ὁ
3462 4983 3685 5053 σύμπας
3729 4982 3952 5054 οὐρανὸς

2386 5078 2684 5144 διοικεῖται,
2710 5078 2809 5151 τῆς
2848 5075 2907 5141 ἐξ
2947 5076 3137 5139 αίῶνος
3171 5076 3411 5136 στάσεως
3457 5069 3949 5144 παρακινηθεισῶν,

2387 5170 2479 5222 καὶ
2504 5170 2664 5233 αὐτὸς
2686 5172 2713 5223 ὁ
2743 5170 2960 5239 σύμπας
2984 5168 3207 5238 οὐρανὸς
3227 5166 3375 5237 ἥλιός
3400 5182 3460 5218 τε
3487 5165 3581 5218 καὶ
3610 5163 3829 5234 σελήνη,
3860 5160 3950 5215 καὶ

2385 5261 2611 5333 ἀστέρες
2639 5260 3077 5332 παρελεύσονται,
3109 5256 3564 5328 ἀνοιγομένουτοῦ
3584 5253 3839 5325 ούρανοῦ,
3862 5251 3949 5307 καὶ

2386 5351 2491 5403 τῶν
2546 5350 2606 5416 ἐξ
2650 5352 2842 5413 αίῶνος
2893 5351 3288 5421 κεκλεισμένων
3326 5345 3490 5401 αὑτοῦ
3545 5345 3725 5400 πυλῶν
3758 5360 3951 5398 ἀναπε-

2384 5444 2747 5513 ταννυμένων,
2793 5442 2868 5505 ὡς
2914 5442 2979 5497 ἂν
3010 5442 3221 5511 ὀφθεῖεν
3268 5438 3684 5510 τάύπουράνια,
3719 5437 3811 5489 καὶ
3842 5435 3947 5506 ηιξ

2388 5533 2579 5597 αἰῶνος
2640 5533 2733 5587 τοῦ
2762 5534 2894 5587 Θεοῦ
2939 5534 3180 5605 βασιλεία
3208 5530 3469 5602 φανηθείη
3517 5532 3627 5592 τοῖς
3656 5530 3855 5582 πᾶσινο
3885 5526 3948 5598 ὴν

2601 5700 2644 5731 ⁵⁸
2672 5698 2800 5754 Luc.
2840 5716 2947 5769 xxi,
2988 5702 3078 5757 25.
3184 5702 3229 5735 '9
3262 5701 3276 5755 Ι
3306 5697 3427 5756 Cor.
3455 5712 3548 5763 vn,
3581 5696 3667 5750 3|.
3749 5696 3794 5727 "
3820 5693 3951 5753 Lm.
