4124 6424
306 376 408 432 597

1470 374 1966 431 COMMENTARIA
2003 376 2070 431 IN
2109 377 2364 434 LUCASI.

3377 432 3386 448 ε
3439 385 3543 442 598

306 487 370 558 δὴ
396 487 490 541 καὶ
519 486 908 559 προσεύχεσθαι
931 483 966 560 ᾖ
994 488 1157 556 τάχος
1184 488 1498 559 ἐπιστῆναι,
1522 489 1682 552 αὐτὸς
1709 491 1738 542 ὁ
1767 490 1875 542 Σω-

1978 494 2228 548 Adveniet
2259 512 2473 564 regnum
2513 505 2702 560 tuum;
2751 496 2849 564 ﬁat
2876 497 3114 552 voluntas
3144 509 3272 563 tua.
3314 501 3448 554 sicut
3487 505 3545 557 in

307 577 411 648 τὴρ
445 577 673 643 ἐδίδαξε,
720 577 896 645 λέγειν
938 577 996 630 ἐν
1023 581 1087 648 τῇ
1117 581 1394 649 προσευχῇ
1427 579 1871 650 παρακελευόμε-

307 685 397 732 νος
417 684 433 699 ο
474 668 717 723 Ἐλθέτω
740 669 779 734 ἦ
793 669 1080 732 ,βασιλεία
1104 683 1241 732 σου,
1273 670 1576 740 γενηθήτω
1603 672 1668 723 τὸ
1700 673 1875 740 θέλη-

307 757 390 825 μά
421 774 539 814 σου
573 760 652 824 ὡς
684 760 754 810 ἐν
785 759 1015 826 οὐρανῷ
1048 760 1143 813 καί
1176 761 1274 813 ἐπὶ
1307 760 1418 828 τῆς
1447 760 1593 832 γῆς’
1632 761 1776 815 οὕτω
1814 780 1874 815 τε

306 850 414 903 τῶν
443 850 694 921 φθαρτῶν
716 851 810 903 καὶ
839 853 1162 922 σωματικῶν
1195 852 1586 922 παρελθόντων,
1620 853 1687 906 τὰ
1712 855 1876 925 νοητά

308 943 402 996 καὶ
429 942 652 1013 οὐράνια
679 942 1031 1013 ἐπιστήσεται
1054 961 1066 974 ο
1101 945 1189 997 ὅτε
1228 943 1321 997 καὶ
1349 946 1381 1015 ἡ
1403 944 1693 1010 ἀσάλευτος
1719 945 1875 1015 βασι-

306 1031 423 1092 λεία
463 1033 556 1087 τοῦ
602 1034 796 1104 μηκέτι
831 1034 1294 1106 παρελευσομένου
1342 1036 1535 1100 αἰῶνος
1579 1038 1876 1108 καθηγήσερ

305 1141 416 1188 ται,
449 1123 631 1186 καινός
663 1142 720 1177 τε
762 1127 855 1179 καὶ
887 1128 1006 1190 νέος
1035 1128 1280 1198 οὐρανὸς,
1308 1129 1378 1198 γῆ
1397 1145 1458 1181 τε
1485 1128 1643 1198 καινὴ
1675 1131 1874 1198 συστή-

308 1233 458 1270 σεται
483 1217 621 1270 κατά
647 1218 736 1270 τὸν
762 1221 1008 1288 φήσαντα
1038 1222 1348 1291 σι’ροιίιήτην⁸
1379 1222 1587 1273 Ἔσται
1618 1221 1875 1288 οὐρανὸς

307 1306 513 1372 καινὸς
552 1305 648 1360 καί
693 1307 732 1372 ἠ
765 1306 839 1376 τῆ
868 1306 1069 1375 καινὴ,
1123 1308 1161 1361 d
1208 1307 1322 1378 ἐγὼ
1355 1306 1501 1362 ποιῶ
1537 1309 1745 1377 μένειν
1780 1309 1873 1362 ὲν-

305 1397 495 1457 ώπιόν
509 1415 647 1466 μου,
665 1397 825 1468 λέγει
842 1399 1075 1467 Κύριος.

344 1495 412 1547 Αἰ
436 1493 546 1562 τὰρ
578 1493 858 1563 δυνάμεις
887 1493 1006 1549 τῶν
1033 1495 1302 1566 οὐρανῶν
1337 1498 1840 1567 σαλευθήσονται.

373 1585 441 1638 Ai
481 1585 572 1638 τὸν
613 1586 876 1657 πρότερον
911 1588 1084 1643 αἰῶνα
1128 1589 1582 1662 διακονησάμεναι
1614 1592 1874 1665 δυνάμεις

306 1675 366 1733 ἓν
396 1678 462 1747 τῇ
499 1678 749 1732 συστάσει
775 1679 869 1733 τοῦ
900 1681 1163 1753 προτέρου
1187 1681 1413 1752 κόσμου,
1441 1684 1554 1745 τοῖς
1592 1700 1652 1736 τε
1681 1683 1872 1756 αἰσθη-

306 1769 418 1830 τοις
466 1769 657 1839 μέρεσι
710 1769 803 1824 τοῦ
843 1772 1040 1836 παντὸς
1067 1774 1517 1844 ἐπιστατήσασαι,
1546 1774 1668 1828 τότε
1692 1774 1756 1846 δὴ
1779 1792 1876 1828 σα-

1978 587 2105 639 ctzlo
2131 596 2180 638 et
2227 587 2281 639 in
2321 597 2484 641 terra.
2519 589 2695 656 Atque
2741 587 2814 643 ita
2839 628 2854 652 ,
2888 590 3329 658 corruptibilibus
3356 607 3547 663 corpo-

1978 678 2196 746 reisque
2232 681 2389 732 rebus
2428 679 2747 748 przeteritis,
2785 680 3163 735 intellectualia
3208 692 3263 736 et
3300 683 3546 739 cmlestia

1978 767 2292 824 succedent.
2319 767 2474 824 Tunc
2506 771 2666 823 etiam
2705 768 3086 824 inconcussum
3143 787 3363 842 regnum
3413 789 3544 844 pra:-

1976 859 2084 914 erit
2127 861 2322 915 smcule
2375 877 2646 930 nunquam
2719 864 3044 925 transitura;
3110 879 3416 932 novumque
3480 880 3546 921 ac

1977 967 2167 1007 recens
2221 953 2439 1015 cmluui,
2498 965 2748 1024 terraque
2803 969 2939 1007 nova
2962 954 3220 1018 exsistet;
3273 956 3410 1010 sicut
3468 957 3549 1013 ait

1977 1045 2235 1112 propheta
2263 1063 2276 1098 :
2307 1045 2506 1099 Caelum
2554 1048 2652 1099 erit
2700 1063 2888 1099 nonum
2909 1085 2924 1107 .
2971 1062 3204 1116 novaque
3249 1057 3389 1100 terra
3417 1061 3438 1100 :
3464 1058 3549 1102 αι-

1974 1151 2073 1202 que
2107 1136 2216 1189 Iure
2261 1154 2353 1202 ego
2394 1154 2573 1190 coram
2627 1153 2706 1190 me
2743 1152 3046 1205 permanere
3090 1136 3370 1200 mandabo,
3419 1137 3548 1192 dicit

1975 1225 2234 1281 Dominus
2258 1227 2322 1281 ⁸¹.

2138 1491 2184 1523 ⁸³
2207 1489 2350 1544 Nam
2386 1492 2601 1545 virtutes
2627 1491 2877 1552 caelorum
2907 1492 3388 1547 commovebuntur.

2047 1583 2176 1650 Quae
2230 1584 2395 1653 priori
2445 1582 2645 1637 saeculo
2689 1583 3070 1638 deserviebant
3110 1583 3368 1650 virtutes,
3420 1581 3548 1638 dum

1975 1677 2125 1744 prior
2156 1673 2246 1730 ille
2269 1674 2500 1729 mundus
2539 1674 2885 1738 subsisteret,
2926 1684 2982 1729 et
3008 1674 3235 1745 singulis
3267 1676 3386 1744 ejus
3420 1689 3549 1743 par-

1977 1761 2126 1820 tibus
2154 1767 2455 1836 prepositze
2495 1764 2744 1829 fuerant,
2787 1777 2917 1821 tunc
2969 1765 3186 1820 demum
3233 1781 3548 1821 commove-

305 1836 675 1931 λευθήσονται,
731 1860 805 1926 ὡς
852 1861 920 1916 ἂν
980 1863 1287 1934 κρείττονος
1318 1836 1545 1935 ’τύχοιεν
1606 1836 1870 1931 στάσεως.

1977 1857 2200 1923 buntur,
2230 1866 2289 1912 ut
2314 1858 2590 1912 meliorem
2629 1859 2917 1912 stationem
2957 1858 3359 1912 nanciscantur.
3395 1856 3550 1913 Nunc

305 1948 456 2014 Τέως
489 1951 587 2022 μὲν
612 1952 720 2024 γὰρ
736 1952 1042 2009 δουλεύουσι
1071 1955 1327 2027 φθαρτοῖς
1359 1955 1572 2027 σώμασι
1602 1956 1876 2012 διακονού-

305 2053 485 2107 μεναι,
516 2040 654 2093 κατὰ
677 2040 733 2093 δὲ
763 2041 853 2094 τὸν
886 2043 1004 2096 νέον
1035 2043 1207 2099 αἰῶνα
1232 2043 1753 2118 ἐλευθερωθήσονται
1779 2049 1874 2102 καὶ

303 2131 465 2193 αὑταὶ
508 2132 617 2186 άπὸ
648 2135 745 2204 τῆς
775 2133 1014 2199 δουλείας
1039 2134 1139 2206 τῆς
1170 2135 1376 2205 φθορᾶς
1413 2137 1494 2199 εἰς
1521 2135 1622 2208 τὴν
1665 2136 1874 2191 ἐλευθεη

301 2216 428 2294 ρίαν
465 2217 567 2288 τῆς
596 2218 751 2292 δόξης
774 2219 882 2274 τῶν
913 2221 1118 2276 τέκνων
1147 2222 1241 2276 τοῦ
1280 2222 1438 2282 Θεοῦ.
1479 2225 1603 2278 Ἐπὶ
1641 2225 1740 2297 μὲν
1766 2227 1876 2299 γάρ

300 2306 398 2362 τοῦ
430 2311 694 2382 παρόντος
721 2313 1018 2384 στενάζειή
1050 2314 1224 2379 κτίσις
1246 2318 1313 2386 τῇ
1347 2315 1522 2388 φθορᾷ
1557 2317 1666 2372 τῶν
1693 2319 1877 2390 αἰσθη-

300 2399 413 2453 τῶν
447 2401 710 2472 σωμάτων
740 2402 1081 2470 δουλεύουσα,
1143 2405 1238 2462 καὶ
1285 2405 1384 2477 τὴν
1431 2409 1635 2462 οἰκείαν
1686 2409 1875 2463 στάσιν

305 2487 662 2560 φυλάττουσα,
724 2493 781 2546 ἐν
830 2487 866 2570 ᾖ
914 2495 1248 2567 κατέστησεν
1279 2497 1448 2568 αὐτὴν
1488 2501 1518 2551 ὁ
1547 2498 1642 2553 τοῦ
1677 2501 1874 2565 παντὸς

302 2581 507 2654 Κύριος
526 2599 541 2613 ·
574 2584 695 2638 τότε
715 2586 791 2651 δὲ,
820 2586 961 2642 κατὰ
979 2587 1076 2659 τὴν
1109 2589 1373 2660 σωτήριον
1393 2590 1706 2659 θεοφάνειαν
1727 2593 1877 2647 ἐλευ-

303 2671 602 2744 θερωθείσα
625 2674 720 2746 τῆς
752 2675 848 2731 νῦν
883 2676 1140 2744 στάσεως,
1170 2679 1264 2733 ἐπὶ
1281 2680 1349 2741 τὰ
1374 2679 1608 2752 κρείττω
1637 2682 1880 2755 μετασήο

304 2777 478 2824 σεται.

311 2855 680 2935 ’Δρχομένωνς
710 2858 780 2935 de
807 2862 1034 2935 τούτων
1057 2863 1350 2932 τίνεσθαι,
1392 2865 1743 2935 ἀνακύψατε
1775 2866 1877 2926 καί

654 2928 909 2999 ἐπάρατε
929 2933 1036 2997 τὰς
1048 2928 1316 3002 κεφαλὰς
1335 2928 1522 3005 ὑμῶν.

374 3019 534 3088 Λέγει
563 3021 621 3073 δὲ
647 3020 818 3076 ταῦτα
846 3023 956 3092 (75)
995 3025 1130 3095 πρὸς
1175 3027 1301 3090 τοὺς
1350 3026 1616 3098 μαθητάς,
1666 3029 1763 3098 οὐχ
1800 3029 1876 3092 ὠς

1976 1950 2119 2004 enim
2169 1948 2552 2018 corruptilihus
2604 1949 2849 2004 serviunt
2903 1950 3248 2017 corporibus,
3305 1952 3398 2006 sed
3453 1949 3547 2004 illo

1975 2039 2173 2096 sarculo
2200 2040 2702 2096 vindicabunturet
2729 2041 2867 2110 ipsa:
2895 2055 2963 2096 ex
2989 2042 3211 2097 servitio
3241 2051 3406 2111 atque
3431 2055 3552 2096 cor-

1976 2130 2183 2199 ruptela
2213 2131 2266 2184 in
2297 2129 2602 2186 libertatem
2645 2131 2828 2201 gloria!
2860 2131 3090 2187 ﬁliorum
3123 2133 3241 2189 Dei.
3285 2131 3345 2191 In
3409 2147 3538 2203 prte-

1974 2225 2119 2278 senti
2175 2223 2322 2281 enim
2372 2234 2622 2279 creatura
2671 2223 2980 2294 ingemiscit
3030 2223 3157 2282 dum
3211 2224 3550 2280 sensibilium

1973 2329 2262 2385 corporum
2315 2317 2482 2370 servit
2539 2315 2896 2385 corruptela,
2948 2331 3213 2386 suamque
3255 2317 3556 2372 stationem

1975 2409 2210 2474 retinet,
2246 2408 2299 2462 in
2340 2424 2446 2478 qua
2479 2423 2600 2464 eam
2648 2423 2833 2463 rerum
2869 2408 3112 2466 omnium
3152 2407 3415 2464 Dominus
3437 2407 3556 2464 coi-

1975 2498 2190 2555 locavit.
2222 2499 2373 2555 Tunc
2404 2516 2530 2556 vero
2557 2501 2610 2556 in
2636 2499 2945 2557 Servatoris
2967 2500 3060 2557 Dei
3089 2499 3542 2567 manifestatione,

1975 2606 2015 2651 ε.
2035 2593 2286 2662 prasenti
2316 2594 2567 2663 expedita
2595 2601 2764 2660 statu,
2807 2592 2860 2647 in
2895 2591 3176 2648 meliorem
3209 2593 3480 2649 transibit.

2019 2857 2066 2890 “
2095 2856 2194 2916 llis
2227 2865 2399 2913 autem
2431 2856 2551 2923 ﬁeri
2577 2856 2973 2939 incipientibus,
3008 2859 3248 2929 respicite
3273 2867 3324 2916 et
3352 2859 3515 2916 laete

2561 2939 2732 2994 capita
2772 2939 2964 2983 vestra.

2048 3017 2175 3074 Haec
2201 3017 2278 3072 ait
2305 3016 2604 3088 discipulis.
2633 3032 2739 3073 non
2765 3017 2910 3086 quod
2939 3018 3072 3095 ipsis
3099 3026 3245 3078 esset
3288 3031 3457 3090 usque
3479 3019 3551 3074 ad

306 3109 598 3180 μέλλοντας
629 3112 827 3176 αὐτοὺς
854 3112 1133 3186 ζήσεσθαι,
1175 3118 1269 3173 καὶ
1301 3119 1636 3189 παραμένειν
1671 3119 1748 3190 τῷ
1775 3120 1875 3191 βίῳ

1979 3110 2160 3167 σπουιί
2190 3109 2720 3164 consummationem
2756 3109 2865 3162 vita
2897 3106 3268 3177 superfutura,
3297 3109 3392 3163 sed
3421 3108 3547 3179 quia

305 3201 468 3278 μέχρι
500 3202 598 3273 τῆς
626 3205 953 3272 συντελείας,
1006 3206 1118 3260 ἀλλ’
1152 3206 1226 3271 ὡς
1269 3187 1393 3272 ἑνὸς
1431 3187 1582 3273 ὄντος
1628 3187 1875 3280 castra;

1979 3203 2142 3258 iidem
2173 3202 2453 3258 nobiscum
2483 3214 2649 3254 unum
2684 3213 2880 3268 corpus
2928 3199 3298 3266 constituunt,
3341 3214 3551 3256 necnon

300 3292 483 3346 αὐτῶν
521 3310 582 3347 τε
612 3293 704 3348 καὶ
731 3295 908 3366 ἡμῶν,
945 3297 1053 3351 τῶν
1087 3315 1144 3378 τε
1182 3298 1320 3368 μετὰ
1362 3300 1536 3354 ταῦτα
1576 3302 1739 3374 μέχρι
1777 3303 1878 3372 τῆς

302 3382 610 3447 συντελείας
654 3387 733 3444 εἰς
767 3387 929 3440 αὑτὸν
971 3389 1430 3455 πεπιστευκότων,
1478 3392 1572 3446 καὶ
1616 3392 1683 3445 δι’
1716 3394 1877 3448 αὑτὸν

299 3472 445 3526 κατὰ
476 3474 566 3526 τὸν
589 3475 828 3547 παρόντα
858 3475 969 3546 βίον
997 3480 1504 3550 τεταπεινωμένων.
1561 3482 1695 3542 Τότε
1743 3483 1876 3551 γοῦν

297 3561 661 3629 ἀπολαϐόντες
681 3565 779 3630 τὰς
800 3569 1130 3637 ἐπαγγελίας
1160 3571 1244 3640 ἐφ’
1277 3565 1364 3635 αἷς
1393 3570 1716 3643 ἠλπίζομεν,
1740 3574 1876 3627 ἀνα·

298 3649 545 3725 κύψομεν
597 3657 647 3709 οἱ
687 3657 805 3711 τότε
838 3660 1256 3729 συγκεκυφότες,
1301 3662 1396 3715 καὶ
1435 3662 1749 3734 ἐπαροῦμεν
1778 3664 1875 3727 τὰς

301 3746 546 3816 κεφαλάς
567 3751 600 3819 ἡ
609 3747 724 3820 μῶν
749 3751 800 3803 οἰ
827 3750 993 3805 πάλαι
1014 3753 1487 3837 τεταπεινωμένοι.
1525 3753 1589 3807 Ἦ
1611 3753 1719 3825 γάρ
1743 3755 1877 3808 άπο-

300 3837 567 3910 λύτρωσις
592 3840 750 3910 ἡμῶν
781 3841 814 3911 ἡ
845 3841 1263 3915 προσδοκωμένη
1298 3843 1438 3916 αὐτὴ
1476 3845 1660 3915 ἐκείνη
1697 3844 1872 3913 ἔσται,

301 3929 369 4000 ἢν
397 3928 494 3981 καὶ
522 3929 555 4000 ή
586 3931 732 3982 πᾶσα
748 3930 923 3994 κτίσις
952 3931 1222 4004 προσδοκᾷ
1235 3934 1374 3988 κατὰ
1402 3933 1500 4005 τὴν
1517 3935 1876 4007 ἀποστολικὴν

299 4015 666 4081 διδασκαλίαν,
700 4019 768 4090 ἣν
795 4018 890 4072 καὶ
922 4019 1131 4086 Παῦλος
1157 4023 1587 4095 ἀπεκδεχόμενος
1631 4025 1874 4090 στενάζει

301 4111 422 4172 ταῖς
464 4110 747 4180 σωτηρίοις
787 4113 990 4181 φωναῖς
1025 4112 1309 4167 δουλεύων.
1345 4116 1482 4168 Πότε
1507 4117 1564 4170 δὲ
1599 4117 1807 4186 ἐγγίζει
1838 4120 1871 4189 ἡ

303 4200 695 4273 ἀπολύτρωσις,
718 4204 958 4275 ἀκριϐῶς
976 4205 1212 4273 ἐδίδαξεν
1234 4206 1422 4274 εἰπὼν,
1443 4209 1525 4262 ὅτι
1550 4208 1754 4263 τούτων
1777 4211 1878 4281 d9-

302 4291 544 4361 χομένων
568 4293 830 4361 γίνεσθαι.
867 4295 960 4368 Μὴ
1001 4295 1110 4369 γὰρ
1143 4298 1481 4369 ἀρχομένων,
1517 4299 1632 4354 ἀλλ’
1660 4301 1760 4372 ήδη
1796 4303 1875 4367 εἰς

303 4382 439 4452 ἔργα
463 4385 782 4456 χωρούντων
807 4385 914 4440 τῶν
945 4385 1268 4459 λεγομένων,
1307 4390 1489 4443 οὐκέτι
1523 4391 1758 4460 ἐγγίζειν
1799 4393 1877 4445 εῖ-

301 4473 397 4537 κὺς
428 4473 526 4545 τὴν
545 4475 941 4547 ἀπολύτρωσιν,
974 4478 1088 4532 ἀλλ’
1111 4479 1291 4550 ἔργοις
1316 4481 1693 4537 ἐπιτελεῖσθαι.
1736 4483 1794 4536 'U
1817 4484 1873 4537 δὲ

299 4562 442 4629 θεῖος
485 4564 801 4630 Ἀπύστολος
827 4569 921 4622 καὶ
945 4568 1072 4641 ὅλης
1099 4570 1268 4639 αὐτῆς
1287 4571 1386 4640 τῆς
1421 4572 1645 4635 κτίσεως
1672 4574 1876 4627 ἀπολύ-

298 4670 502 4727 τρωσιν
532 4654 626 4708 καὶ
656 4655 965 4727 ἐλευθερίαν
990 4659 1111 4710 τότε
1143 4659 1467 4730 γενήσεσθαι
1499 4661 1761 4725 διδάσκει,
1791 4662 1880 4717 διὰ

1981 3304 2241 3366 quotquot
2269 3308 2442 3364 usque
2468 3292 2536 3348 ad
2573 3290 3099 3349 consummationem
3128 3289 3345 3345 Christo
3368 3289 3552 3346 credi-

1980 3389 2083 3442 turi
2112 3395 2260 3452 sunt,
2284 3396 2446 3456 atque
2475 3383 2592 3453 ejus
2619 3396 2782 3438 causa
2807 3391 3130 3450 praesentem
3163 3381 3330 3434 vitam
3369 3381 3423 3436 in
3458 3381 3552 3435 bu-

1979 3477 2206 3534 tnilitate
2232 3477 2552 3533 tratlucturi.
2583 3475 2734 3530 Tunc
2770 3473 2954 3546 igitur,
2987 3489 3047 3528 re
3075 3487 3238 3544 quam
3270 3488 3570 3544 speramus,

1979 3569 2286 3637 impetrata,
2323 3567 2574 3622 tollemus
2594 3566 2782 3621 oculos
2809 3565 2899 3636 qui
2923 3565 3186 3620 hactenus
3212 3565 3361 3621 humi
3390 3563 3552 3619 deﬁxi

1977 3666 2155 3722 erant,
2182 3667 2452 3727 caputque
2478 3656 2750 3726 erigemus
2776 3656 2868 3725 qui
2899 3655 3029 3711 olim
3056 3653 3546 3725 depressiui'uimus.

1977 3747 2104 3802 Haec
2129 3757 2212 3803 est
2243 3748 2388 3802 enim
2418 3761 2579 3816 quam
2611 3757 2989 3817 exspectamus
3013 3745 3353 3815 redemptio;
3388 3759 3551 3817 quam

1977 3839 2185 3909 reliqua
2225 3840 2388 3893 etiam
2435 3850 2688 3894 creatura
2734 3840 2914 3895 omnis
2961 3840 3349 3911 prmstolatur,
3398 3839 3554 3909 juxta

1977 3930 2330 4001 apostolicam
2378 3930 2706 3996 doctrinam,
2749 3945 2852 4000 qua
2882 3928 3083 3986 Paulus
3113 3930 3278 3988 etiam
3319 3928 3558 3985 imbutus

1977 4024 2282 4094 ingemiscit
2299 4024 2342 4054 ⁸⁸
2371 4021 2680 4077 Servatoris
2708 4021 2932 4076 vocibus
2952 4019 3348 4080 obsecundans.
3371 4019 3577 4090 Quan-.

1977 4114 2176 4171 donam
2214 4123 2394 4167 autem
2439 4112 2931 4182 appropinquatum
2989 4111 3062 4166 sit
3100 4109 3398 4180 redemptio
3419 4147 3442 4173 ,,
3475 4122 3560 4163 ac-

1977 4216 2162 4269 curate
2205 4207 2389 4264 docuit
2425 4207 2610 4262 tlicens
2644 4223 2657 4258 :
2690 4205 2791 4261 His
2825 4206 2944 4274 ﬁeri
2990 4202 3381 4273 incipientibus.
3417 4200 3556 4277 Cum

1980 4301 2124 4356 enim
2146 4299 2258 4368 jam
2282 4299 2422 4358 dicta
2448 4313 2609 4369 opera
2642 4300 2957 4365 decurrent,
3000 4297 3147 4353 haud
3189 4295 3409 4352 videtur
3437 4307 3558 4369 pro-

1977 4391 2243 4459 pinquare
2272 4388 2592 4459 redemptio,
2630 4388 2725 4444 sed
2764 4403 2928 4460 opere
2952 4388 3071 4458 ipso
3095 4385 3380 4456 compleri.
3412 4386 3554 4454 Apo-

1982 4485 2154 4539 slolus
2177 4492 2355 4537 autem
2389 4483 2557 4538 totius
2581 4496 2798 4552 quoque
2829 4490 3093 4537 creaturae
3125 4477 3556 4547 redemptionem

1981 4590 2043 4628 ac
2070 4574 2374 4633 libertatem
2411 4585 2536 4628 tunc
2569 4572 2682 4626 fore
2713 4573 2890 4638 docet,
2924 4578 3149 4641 propter
3192 4569 3432 4629 futuram
3457 4566 3558 4624 sci-

1975 4665 2103 4720 licet
2136 4664 2254 4732 ejus
2289 4679 2505 4735 quoque
2547 4666 2600 4719 in
2637 4664 2832 4718 melius
2861 4661 3427 4722 trausformationem.
3466 4658 3554 4714 ld-

299 4745 393 4798 τὴν
437 4745 696 4816 μέλλοντα
753 4749 846 4801 καὶ
894 4749 1063 4820 αὐτῆς
1118 4751 1364 4818 γίνεσθαι
1407 4753 1500 4804 ἐπὶ
1540 4752 1601 4804 τὸ
1635 4756 1875 4825 κρεῖττον

1977 4759 2126 4813 circo
2157 4757 2273 4811 ait:
2313 4755 2379 4810 Et
2418 4757 2533 4825 ipsa
2572 4765 2817 4809 creatura
2855 4751 3209 4807 vindicabitttr
3242 4769 3273 4805 ε
3298 4752 3556 4805 servitute

306 4840 839 4908 μετασχηματισμὸν.
893 4841 983 4894 Διό
1046 4858 1206 4910 φησι’
1265 4842 1373 4896 Καὶ
1428 4843 1581 4910 αὑτὴ
1613 4846 1652 4912 ὴ
1684 4846 1880 4912 κτίσις

299 4927 835 4996 ἐλευθερωθήσεται
863 4930 983 4985 ἀπὸ
1009 4929 1120 4999 τῆς
1136 4931 1416 4998 δουλείας
1431 4931 1538 5000 τῆς
1552 4934 1776 5003 φθορᾶς
1790 4939 1878 5003 εἰς

299 5018 415 5087 τὴν
441 5019 787 5086 ἐλευθερίαν
813 5020 922 5089 τῆς
960 5021 1143 5090 δόξης
1172 5022 1291 5075 τῶν
1315 5024 1540 5077 τέκνων
1566 5025 1671 5079 τοῦ
1703 5026 1872 5080 Θεοῦ.

312 5110 629 5182 ’Δφθάρτων
653 5112 759 5182 γάρ
790 5112 1042 5166 ἁπάντων
1088 5115 1179 5167 καὶ
1207 5114 1491 5169 ἀθανάτων
1527 5117 1636 5169 τῶν
1669 5118 1872 5171 τέκνων

299 5200 394 5254 τοῦ
436 5200 573 5254 Θεοῦ
624 5200 714 5254 τὸν
751 5203 868 5254 νέον
898 5204 1232 5272 οἰκησάντων
1259 5205 1449 5269 αἰῶνα,
1495 5207 1662 5278 ἐχρῆν
1703 5207 1872 5278 δήπου

301 5293 396 5346 καὶ
433 5293 534 5364 τὴν
557 5292 733 5346 κτίσιν
774 5295 943 5365 αὐτὴν
971 5294 1068 5366 τὴν
1101 5297 1196 5350 νῦν
1228 5303 1295 5368 τῇ
1319 5299 1529 5370 φθαρτῇ
1572 5299 1732 5367 φύσει
1758 5300 1878 5353 δου-

299 5383 674 5452 λεύουσαν,εἰς
691 5385 962 5458 ἄφθαρτον
990 5388 1174 5440 οὐσίαν
1199 5389 1540 5460 μεταϐαλεῖν,
1557 5391 1652 5460 τῆς
1676 5392 1880 5462 παρού-

315 5491 418 5547 σης
466 5476 854 5541 καταστάσεως
895 5476 1363 5551 ἐλευθερωθεϊσαν.
1389 5481 1671 5552 Εὑκαίρως
1695 5482 1876 5551 μέντοι

296 5566 399 5639 τῷο
427 5566 538 5621 Καὶ
561 5569 698 5620 τότε
729 5568 977 5638 ὄψονται
1003 5570 1108 5623 τὸν
1145 5572 1281 5625 Υίὸν
1310 5573 1416 5626 τοῦ
1442 5573 1754 5641 ἀνθρώπου
1780 5573 1874 5640 ἐρ-

1975 4847 2323 4916 corrttptionis
2385 4849 2440 4899 in
2492 4847 2782 4899 libertatem
2833 4845 3016 4912 gloria:
3071 4843 3305 4911 ﬁliorum
3364 4841 3461 4895 Dei
3485 4840 3551 4894 “.

1981 4935 2114 4997 Nam
2147 4951 2269 4990 cum
2311 4949 2499 4990 omnes
2545 4933 2983 5003 incorruptibiles
3016 4941 3181 5001 atque
3222 4929 3556 4986 immortales

1981 5027 2264 5093 sanctique
2298 5035 2353 5078 et
2400 5023 2542 5078 beati
2597 5022 2690 5077 ﬁlii
2738 5023 2834 5076 Dei
2872 5038 3070 5076 novum
3112 5021 3365 5075 steculum
3406 5021 3555 5075 inco-

1979 5117 2110 5181 lent,
2141 5129 2271 5171 tunc
2302 5131 2437 5184 opus
2467 5118 2572 5170 erit
2601 5117 2772 5182 ipsam
2801 5128 3019 5190 quoque
3047 5112 3230 5168 mundi
3263 5111 3552 5175 fabricam,

1979 5222 2101 5277 qua:
2144 5221 2286 5262 nunc
2331 5205 2667 5274 corruptibili
2701 5211 2908 5259 natura
2945 5203 3183 5258 obnoxia
3219 5213 3324 5267 est,
3365 5203 3419 5256 in
3463 5203 3556 5257 itu-

1981 5295 2264 5351 mortalem
2303 5294 2546 5350 converti
2598 5293 2963 5349 substantiam
3015 5303 3177 5361 atque
3222 5307 3250 5345 a
3297 5290 3553 5362 praesenti

1981 5387 2291 5440 conditione
2348 5384 2617 5452 expediri.
2667 5381 3011 5452 Tempestive
3065 5390 3242 5436 autem
3276 5381 3554 5435 dictioni:

1984 5478 2129 5532 Tunc
2159 5477 2398 5532 uidebunt
2431 5473 2479 5527 F
2483 5475 2634 5528 ilium
2662 5473 2890 5528 hominis
2923 5474 3206 5528 uenientem
3251 5473 3306 5524 in
3333 5470 3558 5523 nubibus

1981 5588 2099 5624 cum
2140 5571 2328 5639 gloria,
2365 5582 2606 5638 appones
2635 5565 2875 5621 Danielis
2907 5563 3244 5636 prophetiam
3264 5564 3330 5628 ",
3368 5561 3422 5615 in
3450 5576 3559 5631 qua

366 5728 415 5762 ⁶¹
442 5727 551 5782 Isa.
587 5742 712 5793 μιν,
746 5728 832 5782 Π.
907 5729 952 5761 ⁸³
980 5728 1110 5784 Luc.
1135 5748 1246 5795 xxt,
1274 5731 1362 5786 26.
1437 5731 1482 5762 “
1507 5730 1637 5785 an.
1671 5740 1782 5792 χιιι,
1811 5729 1875 5783 τε

1977 5731 2004 5760 ι’
2047 5728 2201 5782 Rom.
2234 5740 2335 5789 vn,
2360 5724 2453 5779 Si.
2529 5724 2575 5755 “
2607 5723 2762 5779 Rom.
2797 5735 2912 5786 vni,
2945 5721 3038 5775 9.1.
3105 5719 3147 5750 "
3181 5717 3313 5774 Dan.
3343 5731 3440 5780 vn.
3468 5715 3572 5783 13,

370 5821 488 5897 {75)
523 5821 769 5892 Sequens
793 5824 1149 5894 fragmentum
1184 5828 1380 5898 partim
1410 5828 1653 5896 congruit
1687 5842 1806 5882 cuin
1841 5826 2086 5895 proxime
2123 5818 2569 5893 pimccdcntibus-
