4106 6406
610 373 755 438 599"

612 584 771 641 minis
801 593 1018 649 regnum
1058 573 1417 645 spectabatur.
1456 570 1560 624 Sed
1589 568 1729 623 enim
1766 575 1891 618 tunc
1938 562 2150 630 quidem

612 690 748 730 unus
795 671 1057 739 propheta
1106 665 1284 719 divino
1326 661 1525 730 Spiritu
1582 658 1865 711 instinctus
1919 653 2150 706 futuram

612 773 723 815 rem
749 757 1035 820 cernebat;
1081 759 1136 807 at
1161 746 1638 806 consummationis
1668 756 1906 811 tempore
1944 754 2149 804 omnes,

610 861 669 902 ut
701 847 779 901 ait
810 845 1062 900 Servatur
1087 842 1149 907 ⁸⁸,
1179 838 1432 893 videbunt
1463 851 1582 890 eum
1608 834 1906 888 venientem
1934 832 1984 884 in
2013 829 2153 883 nube

610 954 731 995 cum
765 938 963 992 virtute
1002 928 1187 1001 magna
1241 930 1449 982 vivifica
1505 938 1561 981 et
1612 923 1986 979 illuminatricc
2032 918 2153 971 novi

614 1027 816 1093 saeculi,
861 1039 1086 1093 cumque
1127 1021 1295 1092 gloria
1338 1033 1549 1089 magna,
1578 1017 1755 1072 Patris
1788 1012 2035 1067 videlicet
2080 1008 2154 1062 di-

610 1122 853 1177 vinitate.

1288 359 1556 419 EUSEBII
1591 352 2063 415 CAESARIENSlS
2085 349 2234 408 OPP.
2273 345 2454 402 PARS
2492 342 2575 400 Ill.
2607 371 2679 383 —
2714 332 3120 394 EXEGETICA.

612 497 738 551 item
770 492 936 547 Filius
975 485 1243 549 hominis,
1278 493 1333 537 et
1359 481 1563 545 nubes,
1607 486 1661 531 et
1687 477 1867 530 datum
1898 472 2033 527 Filio
2072 472 2159 525 ho-
2185 476 2233 533 Α

2262 468 2517 535 χύμενον
2554 462 2624 515 ἐν
2674 453 2894 527 νεφέλῃ
2933 445 3309 535 μετὰῌδόξης,
3334 432 3815 535 Δτεσιριιθήσειίτειςδ

2255 521 2349 609 τού
2370 551 2564 623 Δανιὴλ
2601 521 2953 621 προφητείαν,
2984 539 3051 592 δι’
3075 533 3143 609 ἦς
3167 534 3257 588 καὶ
3288 534 3316 585 6
3484 525 3579 580 τοῦ
3595 521 3815 623 ἀνθρὼ-

2259 663 2382 709 που,
2421 614 2583 711 καίή
2610 614 2825 708 eam.
2866 632 2957 686 και
2988 632 3022 699 ή
3048 627 3123 698 τῷ
3146 624 3239 679 τοῦ
3271 619 3551 711 evomit
3590 614 3816 711 δοθησο-

2263 704 2395 807 μένη
2428 704 2670 803 βασιλεία
2684 704 2996 797 έθεὼρεῖτο.
3042 717 3199 771 Ἀλλὰ
3226 715 3347 807 τότε
3484 706 3568 807 εἷς

2256 794 2357 895 της
2380 794 2508 894 θείῳ
2532 820 2805 889 Πνεύματι
2834 794 3087 882 θεοφορού
3097 824 3250 879 μενος
3292 804 3353 857 τὺ
3386 801 3573 874 μέλλον
3601 794 3816 895 ἔσεσθαι

2258 890 2490 971 ἐθεᾶτο(
2514 912 2655 966 κατά
2692 911 2749 963 δὲ
2791 908 2879 966 τὸν
2912 905 3009 974 τῆς
3041 898 3344 960 συντελείας
3374 895 3560 966 καιρὸν
3596 890 3817 951 πάντες,

2256 1005 2334 1068 ὣς
2388 1020 2549 1074 φησιν
2610 1002 2639 1052 6
2672 995 2897 1066 Σωτὴρ,
2965 991 3128 1044 αὐτὸν
3175 989 3392 1058 δίωνται
3432 983 3720 1055 ἐρχόμενον
3760 979 3817 1030 ἐν

2257 1073 2456 1168 νεφέλη
2482 1092 2615 1164 μετά
2643 1092 2922 1159 δυνάμεως
2945 1084 3143 1153 πολλῆς
3171 1076 3562 1147 ζωοποιητικῆς
3598 1073 3692 1125 καὶ
3710 1085 3822 1139 φω-

609 1214 851 1281 τιστικῆς
876 1209 969 1265 τοῦ
996 1210 1113 1262 νέου
1138 1207 1345 1269 αἰῶνος,
1376 1205 1468 1258 καὶ
1498 1204 1633 1274 μετά
1654 1202 1807 1271 δόξης
1839 1197 2055 1266 πολλῆς,
2081 1193 2177 1264 τῆς
2201 1190 2469 1262 πατρικῆς
2496 1185 2691 1255 δηλαδὴ
2714 1183 2980 1253 θεότητος.

680 1306 1034 1374 Quandonam
1060 1318 1185 1357 vero
1206 1302 1315 1355 haec
1347 1299 1513 1353 fient?
1533 1298 1663 1353 Cum
1693 1296 1926 1366 gentium
1959 1303 2165 1359 tempo-

610 1416 669 1456 ra
704 1398 966 1467 completa
994 1396 1205 1450 fuerint.
1256 1392 1463 1446 Etenim
1492 1391 1733 1445 absoluto
1760 1388 1897 1456 quod
1942 1386 2005 1439 iis
2035 1384 2165 1439 deii-

2333 1284 2468 1337 Πότε
2518 1281 2574 1333 δὲ
2620 1278 2791 1332 ταῦτα
2842 1277 3029 1338 terat;
3066 1272 3231 1325 Ὅταν
3274 1262 3598 1337 πληρωθῶσι
3642 1260 3822 1331 καιροὶ

2260 1374 2449 1429 ἐθνῶν.
2485 1368 2887 1442 Περαιωθείσης
2914 1365 3024 1436 γὰρ
3049 1362 3150 1432 τῆς
3183 1358 3489 1431 ὡρισμένης
3516 1356 3628 1418 τοῖς
3647 1352 3822 1406 ἔθνεσι

612 1443 668 1456 ⁸“¹
707 1443 966 1467 """'l"""'
995 1443 1204 1450 """"“
1257 1443 1458 1446 """""
1497 1443 1548 1445 "’
1778 1443 1790 1456 ι

609 1490 780 1545 nilum
839 1487 1013 1542 fuerat
1054 1492 1270 1539 aetatum
1320 1481 1513 1551 spatio,
1558 1480 1709 1540 signa
1759 1472 2162 1531 consummandi

2265 1463 2614 1539 προθεσμίας,
2642 1461 2791 1513 ἔσται
2818 1459 3017 1527 σημεῖα
3035 1454 3135 1523 τῆς
3154 1451 3247 1505 τοῦ
3270 1450 3473 1519 κόσμου
3496 1443 3820 1506 συντελείας.

610 1582 793 1637 mundi
859 1582 1160 1635 exstabant.
1216 1570 1585 1643 Cujuscemodi
1641 1583 1769 1622 vero
1816 1569 1963 1635 signa
2023 1566 2158 1626 haec,

2255 1535 2482 1612 Ποταπὰ
2511 1556 2567 1608 δὲ
2594 1554 2810 1624 σημεῖα,
2838 1550 2918 1620 τῷ
2946 1544 3207 1613 Ματθαίῳ
3227 1544 3256 1595 6
3278 1541 3489 1602 Λουκᾶς
3510 1535 3825 1609 παρεχώρη-

610 1672 853 1727 Matthmo
912 1667 957 1699 "
1010 1667 1182 1720 Lucas
1234 1625 1517 1717 dicendum
1570 1658 1831 1728 permisit.
1864 1625 2161 1725 “Oportebit

2265 1666 2351 1702 σεν
2398 1647 2648 1711 ἐξειπεῖν.
2707 1640 2903 1712 Ἐχρῆν
2952 1638 3080 1709 γὰρ,
3122 1631 3403 1705 μέλλοντος
3450 1625 3823 1738 egigni-16.1w

610 1764 770 1827 enim,
820 1775 1009 1830 magno
1063 1755 1328 1821 luminari,
1386 1756 1503 1825 ipso
1554 1755 1765 1821 inquam
1815 1751 1923 1803 Deo
1966 1746 2157 1811 Verbo,

608 1868 729 1908 cum
754 1852 947 1905 virtute
970 1850 1241 1919 gloriaque
1259 1846 1421 1900 multa
1448 1844 1669 1899 alterum
1691 1843 1969 1895 adventum
2004 1851 2155 1892 somn

608 1952 910 2003 ostensum,
957 1939 1269 1994 subtrahere
1310 1944 1479 1991 semet
1530 1949 1590 1988 ac
1634 1934 1837 2017 cedere.
1864 1930 2048 1991 solem,
2076 1928 2157 1979 lu-

608 2044 838 2098 namque
876 2039 929 2083 et
963 2038 1151 2083 cmtera
1182 2027 1378 2088 sidera,
1409 2033 1467 2076 ut
1496 2023 1613 2076 loco
1650 2016 1885 2075 omnium
1925 2020 2035 2087 ipse
2068 2016 2157 2069 Fi-

607 2119 711 2173 lius
733 2118 961 2172 hominis
990 2118 1190 2180 lucens,
1222 2129 1413 2168 novum
1436 2112 1682 2167 saeculum
1713 2110 1989 2173 illutninet,
2016 2109 2160 2178 prio-

609 2222 671 2267 ro
696 2210 877 2263 mundi
903 2209 1067 2277 figura
1098 2213 1474 2276 praetereunte,
1500 2205 1786 2257 secundum
1812 2200 2157 2269 apostolicum

607 2301 972 2357 testimonium
1005 2300 1144 2367 quod
1175 2301 1291 2351 ait:
1331 2296 1572 2350 Prmterit
1615 2297 1751 2349 enim
1798 2295 1966 2363 ﬁgura
2003 2292 2158 2358 hujus

609 2392 790 2447 mundi
817 2392 885 2443 "°.
916 2390 1046 2443 Cum
1074 2405 1199 2457 ergo
1216 2390 1328 2442 lucc
1354 2390 1519 2454 figura
1548 2386 1856 2454 prmteribit,
1891 2384 2044 2438 simul
2069 2384 2160 2434 ab-

611 2484 762 2538 ibunt
820 2482 897 2534 sol
947 2495 1007 2532 ac
1039 2481 1161 2531 luna
1204 2488 1256 2532 et
1292 2478 1480 2532 stellze.
1504 2474 1949 2530 Obteuebrabitur
1980 2484 2156 2525 autent

614 2583 739 2627 tunc
794 2570 892 2632 sol,
938 2584 1039 2621 non
1068 2570 1203 2636 quod
1226 2569 1381 2620 'suum
1410 2565 1583 2617 lumen
1619 2564 1914 2615 amissurus
1946 2562 2031 2621 sit,
2068 2561 2159 2612 sed

613 2662 1007 2730 comparatione
1054 2658 1270 2726 majoris
1325 2657 1655 2708 obscuratus.
1720 2652 1855 2717 Ergo
1924 2650 2158 2702 laborum

611 2753 773 2808 veluti
808 2766 1021 2805 suorum
1062 2747 1334 2814 prtemium
1374 2748 1563 2811 capiet,
1601 2754 1654 2796 nt
1679 2744 1768 2794 ﬁat
1799 2741 2155 2809 septemplex;

612 2846 832 2913 ipsaque
856 2841 974 2892 luna
1006 2850 1061 2891 ut
1086 2838 1162 2891 sol
1200 2836 1333 2901 erit;
1369 2834 1533 2889 stella:
1560 2835 1783 2901 denique
1819 2831 2062 2882 eamdem
2104 2829 2155 2881 in

612 2932 801 2986 melius
842 2929 1234 2998 provectionetn
1265 2925 1627 2994 experientur.
1681 2923 1784 2976 Sed
1828 2931 1999 2971 tamen
2036 2928 2161 2969 tunc

2262 1734 2562 1805 φωστῆρος,
2601 1729 2763 1784 αὐτοῦ
2796 1729 2853 1781 δὲ
2882 1726 2977 1779 τοῦ
3008 1723 3142 1777 Θεοῦ
3174 1721 3347 1787 Λόγου
3382 1716 3514 1788 μετά
3545 1714 3826 1784 δυνάμεως

2260 1825 2354 1878 καὶ
2386 1822 2540 1891 δόξης
2564 1818 2762 1889 πολλῆς
2786 1817 2884 1889 τήν
2910 1816 3164 1885 δευτέραν
3194 1808 3359 1863 αὐτοῦ
3393 1806 3658 1861 ποιεῖσθαι
3689 1820 3827 1872 παρ-

2256 1913 2441 1967 ουσίαν
2478 1907 2900 1965 ὑποστέλλεσθαι
2954 1908 3047 1961 καὶ
3107 1903 3487 1972 ὑπαναχωρεῖν
3542 1897 3634 1951 τὸν
3674 1896 3825 1966 ήλιεν

2261 2006 2355 2059 καὶ
2384 2005 2481 2075 τὴν
2514 2001 2761 2074 σελήνην,
2796 2001 2889 2057 καὶ
2918 1999 3046 2063 τοὺς
3077 1997 3329 2068 ἀστέρας,
3366 1994 3452 2047 ἴνα
3473 1990 3591 2045 ἀντὶ
3610 1990 3827 2075 πάντων

2260 2098 2419 2160 αὐτὸς
2439 2070 2487 2149 ’ὁ
2520 2070 2648 2159 Υίδς
2672 2070 2764 2148 τοῦ
2787 2091 3072 2163 ἀνθρώπου
3105 2087 3464 2158 καταλαμψας
3495 2083 3704 2154 φωτίσῃ
3734 2070 3827 2133 τδν

2261 2189 2379 2243 νέον
2437 2189 2624 2251 αἰῶνα,
2688 2185 2780 2239 τοῦ
2840 2185 3105 2257 προτέρου
3155 2184 3427 2253 σχήματος
3476 2176 3568 2229 τοῦ
3621 2175 3825 2244 κόσμου

2263 2280 2619 2350 παρελθόντος
2648 2277 2787 2331 κατὰ
2814 2278 2911 2347 τὴν
2934 2272 3289 2342 ἀποστολικὴν
3316 2269 3637 2341 μαρτυρίαν,
3658 2267 3692 2335 ῆ
3725 2282 3827 2336 φη-

2265 2391 2343 2427 σι·
2378 2371 2629 2439 Παράγει
2673 2371 2782 2438 γὰρ
2827 2369 2895 2421 τὸ
2928 2366 3133 2436 σχῆμα
3173 2364 3276 2418 τοῦ
3318 2364 3548 2431 κόσμου
3577 2358 3825 2412 τούτων’

2265 2462 2480 2515 ἐπειδὰν
2507 2456 2599 2513 οὖν
2632 2459 2787 2512 τοῦτο
2823 2458 3080 2529 παρέλθοι
3119 2456 3177 2507 τὸ
3210 2455 3412 2524 σχῆμα,
3450 2445 3824 2521 συμπαρελεύ-

2267 2570 2418 2606 σεται
2446 2550 2591 2619 αὺτῴ
2620 2551 2711 2602 καὶ
2743 2552 2770 2602 6
2788 2549 2936 2617 ἥλιος
2964 2548 3056 2600 καὶ
3089 2548 3120 2616 ή
3158 2545 3374 2615 σελήνη,
3403 2543 3495 2595 καὶ
3516 2544 3562 2593 οἱ
3579 2538 3823 2609 ἀστέρες.

2266 2643 2673 2711 Σκοτισοήσεται
2706 2640 2760 2691 δὲ
2795 2642 2822 2691 ὁ
2852 2640 3001 2709 ἥλιος
3028 2637 3169 2698 τότε,
3204 2636 3300 2703 οὐχ
3335 2633 3474 2685 ὥστε
3507 2627 3827 2699 στερηθῆναι

2262 2735 2355 2787 τοῦ
2389 2734 2587 2785 οἰκείου
2626 2731 2817 2799 φωτὸς,
2862 2728 2994 2781 ἀλλὰ
3040 2725 3335 2798 παραθέσει
3384 2722 3479 2775 τοῦ
3523 2720 3827 2791 κρείττονος

2266 2824 2704 2894 ἀμαυρούμενος·
2743 2820 2973 2891 ἀμοιϐῆς
3013 2821 3141 2885 γοῦν
3190 2816 3297 2868 τῶν
3353 2812 3517 2866 αὐτοῦ
3567 2810 3827 2881 καμάτων

2266 2915 2359 2967 καὶ
2386 2913 2543 2973 αὐτὸς
2570 2910 2835 2975 τεύξεται,
2872 2907 3252 2961 έπταπλασίων
3285 2904 3642 2974 γενησόμενος
3660 2919 3672 2931 ·
3706 2901 3740 2970 ἥ
3768 2916 3827 2952 τε

611 3023 689 3078 sol
723 3030 775 3076 et
806 3021 926 3074 luna
956 3018 1284 3079 otiabuntnr,
1342 3030 1514 3083 neque
1570 3013 1705 3066 ullus
1750 3012 1846 3065 erit
1891 3010 2157 3063 stellarum

2266 3005 2459 3075 σελήνη
2493 3003 2586 3055 καὶ
2618 3002 2752 3072 αὑτὴ
2781 3002 2929 3053 ἕσται
2949 3001 3023 3061 ὡς
3050 3000 3077 3050 ό
3100 2997 3247 3069 ἥλιος
3267 3014 3279 3026 ·
3318 2996 3410 3049 καὶ
3438 2999 3483 3048 οἱ
3519 2994 3745 3065 ἀστέρες
3770 2992 3826 3046 δὲ

613 3129 760 3178 usus,
812 3113 934 3181 quia
980 3113 1087 3179 jam
1146 3124 1246 3161 nox
1290 3123 1393 3160 non
1433 3107 1567 3164 erit:
1600 3105 1796 3158 etenim
1840 3104 1919 3153 Ine
1952 3114 2160 3168 quoque

614 3204 893 3273 quiescent
942 3216 1043 3253 una
1098 3215 1216 3252 cum
1270 3198 1405 3251 cmlo
1444 3198 1698 3249 servitute
1755 3193 2005 3245 liberatzc.
2075 3192 2162 3243 Sic

616 3295 777 3362 igitur
825 3306 1016 3345 novum
1063 3290 1309 3343 saeculum
1363 3288 1563 3353 absque
1616 3284 1745 3345 sole,
1780 3284 1899 3335 luna
1971 3280 2162 3334 stellis-

615 3401 719 3454 que
778 3384 899 3446 erit,
959 3381 1171 3435 luminis
1230 3377 1397 3432 nostri
1446 3377 1529 3430 die
1571 3386 1787 3430 sanctas
1837 3376 2043 3429 animas
2100 3372 2161 3426 il-

616 3475 890 3529 lustrante.

683 3735 936 3801 Quanam
976 3746 1103 3785 vero
1146 3739 1526 3798 superventura
1557 3727 1663 3782 sint
1693 3726 1889 3779 mundo
1925 3736 2045 3795 post
2071 3724 2165 3777 lu-

616 3828 896 3882 minarium
932 3824 1381 3887 obscurationem,
1424 3832 1477 3875 et
1523 3820 1890 3887 quamobrem,
1935 3826 1988 3871 et
2026 3817 2164 3869 unde

618 3932 861 3986 pressura
886 3917 1117 3985 gentium
1144 3924 1395 3969 eventura
1426 3914 1512 3977 sit,
1539 3910 1771 3965 declarat
1801 3924 1916 3961 mox
1943 3909 2159 3963 dicens:

618 4006 739 4061 Prw
765 4007 1061 4074 confusione
1094 4007 1290 4057 sonitus
1329 4005 1485 4055 maris
1526 4015 1570 4054 et
1609 4005 1857 4070 ﬂuctuant
1892 4001 2167 4052 arescenti-

618 4102 710 4178 bus
738 4099 1049 4149 hominibus.
1090 4096 1153 4148 Et
1201 4096 1324 4146 milii
1356 4093 1563 4146 videtur
1591 4096 1784 4147 docere
1827 4092 2011 4145 futura:
2042 4103 2164 4144 tunc

618 4187 988 4241 conversionis
1012 4184 1220 4237 initium
1252 4182 1363 4235 fore
1390 4184 1454 4234 ali
1480 4184 1704 4235 humidae
1732 4184 2041 4235 substantiae
2072 4180 2164 4233 de-

620 4276 780 4329 fectu.
813 4272 922 4328 "ac
945 4275 1085 4326 enim
1114 4274 1162 4324 in
1195 4270 1381 4335 primis
1409 4273 1653 4337 absorpta
1692 4270 1769 4323 vel
1800 4279 2065 4332 concreta,
2093 4269 2163 4320 ita

2261 3093 2361 3162 τῆς
2388 3092 2577 3161 ὁμοίας
2595 3091 2868 3154 τεύξονται
2899 3090 2989 3140 ἐπὶ
3013 3089 3071 3139 τὸ
3100 3090 3342 3159 κρεῖττον
3368 3084 3683 3156 μεταδολῆς.
3706 3083 3828 3154 Ἀρ-

2262 3187 2417 3257 γήσει
2448 3185 2504 3237 δὲ
2532 3186 2650 3236 τότε
2676 3186 2703 3237 ό
2721 3184 2867 3254 ἦλιος
2890 3182 2980 3235 καὶ
3012 3184 3044 3251 ἡ
3076 3182 3269 3251 σελήνη
3292 3195 3306 3209 ·
3334 3179 3447 3237 ἀλλ’
3472 3177 3589 3229 οὐδὲ
3613 3175 3827 3244 ἄστρων

2261 3293 2343 3337 τις
2376 3276 2525 3327 ἔσται
2554 3275 2670 3326 τότε
2694 3273 2869 3344 χρεία,
2904 3272 3095 3333 νυκτὸς
3120 3271 3193 3341 μὴ
3213 3269 3405 3338 οῠσης’
3428 3266 3827 3320 ἀναπαύσονται

2261 3367 2315 3418 δὲ
2341 3368 2430 3419 καὶ
2457 3366 2606 3418 αὐτοὶ
2632 3364 3081 3435 ἐλευθερωθέντες
3103 3363 3198 3413 σὺν
3224 3360 3301 3430 τῷ
3324 3357 3536 3430 οὐρανῷ
3553 3374 3567 3387 ο
3597 3356 3739 3409 οὕτω
3768 3372 3827 3407 τε

2262 3460 2289 3509 ὁ
2305 3458 2419 3519 νέος
2451 3454 2581 3509 αἰὼν
2610 3454 2822 3525 ἀνήλιος
2853 3454 3002 3505 ἔσται
3022 3453 3112 3505 καὶ
3132 3451 3406 3520 ἀσέληνος,
3428 3449 3520 3501 καὶ
3542 3446 3830 3516 ἄναστρος,

2267 3548 2475 3617 ἡμέρας
2511 3544 2602 3597 τοῦ
2631 3544 2896 3615 ἡμετέρου
2930 3542 3104 3610 φωτὸς
3134 3540 3232 3603 τὰς
3267 3538 3427 3607 ἁγίας
3458 3533 3833 3602 καταυγαζού-

2267 3653 2365 3703 σης
2395 3635 2589 3703 ψυχάς.
2637 3672 2641 3677 ι

2335 3728 2464 3779 Τίνα
2495 3743 2557 3794 γε
2597 3725 2700 3795 μὴν
2732 3722 3164 3794 τὰοὲπερχόμενα
3191 3723 3254 3791 τῇ
3289 3716 3580 3790 οἰκουμένῃ
3612 3716 3747 3787 μετά
3768 3714 3831 3769 τὸ

2265 3820 2391 3881 τοὺς
2426 3817 2712 3886 φωστῆρας
2748 3814 3108 3883 σκοτισθῆναι,
3159 3813 3252 3865 καὶ
3297 3811 3385 3864 διὰ
3410 3810 3484 3873 τί,
3540 3808 3631 3860 καὶ
3666 3806 3837 3859 πόθεν

2266 3915 2299 3983 ὴ
2334 3910 2528 3979 συνοχὴ
2560 3908 2664 3962 τῶν
2697 3906 2861 3959 ὲθνῶν
2896 3907 3066 3968 ἔσται,
3103 3903 3427 3973 παρίστησιν
3460 3899 3583 3969 ἑξῆς
3621 3898 3826 3966 λέγων’

2281 4005 2375 4055 Ἐν
2421 4002 2632 4068 ἀπορίᾳ
2672 4000 2952 4067 ἡκούσης
2983 3996 3298 4061 θαλάσσης
3326 3991 3421 4046 καὶ
3452 3990 3649 4045 σάλου
3680 3992 3827 4045 ἀπο·

2268 4096 2585 4163 ψυχόντων
2606 4090 2943 4159 ἀνθρώπων.
2977 4089 3084 4142 Καί
3109 4106 3196 4159 μοι
3223 4086 3369 4139 δοκεῖ
3394 4084 3493 4152 τῆς
3524 4084 3645 4137 τότε
3673 4099 3831 4154 γενη-

2272 4187 2501 4256 σομένης
2536 4185 2626 4238 τοῦ
2658 4184 2856 4245 παντὸς
2887 4181 3093 4253 τροπῆς
3112 4180 3210 4251 τὴν
3237 4177 3408 4249 ἀρχὴν
3443 4176 3657 4228 ἔσεσθαι
3690 4173 3832 4228 δι,δά-

2274 4296 2420 4331 σκειν
2454 4278 2556 4330 ἀπὸ
2585 4276 2872 4345 ἐκλείψεως
2901 4277 2998 4345 τῆς
3032 4274 3202 4344 ὑγρᾶς
3235 4270 3438 4332 οὐσίας.
3478 4268 3693 4338 Ταύτης
3724 4267 3831 4336 γὰρ

620 4376 681 4418 ut
720 4381 892 4433 neque
921 4366 1124 4442 sonitus
1148 4364 1257 4432 jam
1286 4362 1446 4413 maris
1485 4362 1815 4419 exaudiatur,
1864 4376 2034 4428 neque
2067 4358 2162 4411 ﬂu-

2276 4367 2491 4437 πρὼτης
2525 4367 2880 4437 ἁναποθείσης
2903 4367 2936 4436 ἢ
2961 4362 3354 4432 ἀποπαγείσης,
3380 4361 3454 4424 ὠς
3490 4360 3679 4431 μηκέτ’
3700 4355 3832 4431 ῆχον

619 4465 796 4507 ctnum
833 4454 945 4521 ejus
971 4452 1260 4506 commotio
1300 4451 1368 4502 ob
1419 4450 1640 4502 nimium
1672 4460 1851 4501 :estnm
1891 4451 2000 4513 ﬁat,
2047 4450 2167 4501 reli-

619 4559 735 4613 qua:
779 4544 957 4595 nmndi
1004 4552 1178 4610 partes
1222 4541 1361 4593 haud
1404 4540 1603 4592 diutius
1641 4550 1891 4593 consueta
1928 4539 2167 4592 fruentes

620 4632 962 4701 vaporatione
983 4644 1047 4683 ex
1073 4630 1287 4682 humido
1303 4629 1570 4682 elemento
1592 4630 1803 4693 emissa,
1821 4631 2165 4684 mutationem

618 4724 1126 4791 conversionemque
1158 4723 1440 4790 patientur,
1476 4720 1625 4786 cujus
1656 4722 1730 4774 rei
1763 4720 1912 4790 signa
1948 4724 1997 4775 in
2033 4722 2165 4785 sole,

619 4815 737 4866 luna
787 4814 1058 4882 stellisque
1105 4814 1405 4866 exstabant.
1469 4810 1600 4865 Nam
1644 4812 1722 4865 sic
1756 4813 1891 4867 facta
1935 4815 2164 4868 universi

2275 4459 2540 4530 θαλάσσης
2573 4458 2918 4521 ἀκούσεσθαι,
2950 4457 3083 4529 μηδὲ
3116 4456 3205 4506 τὸν
3236 4453 3344 4506 τῶν
3372 4454 3628 4524 κυμάτων
3662 4451 3832 4522 αὐτῆς

2276 4551 2431 4604 σάλον
2467 4552 2704 4620 γίνεσθαι
2746 4551 2809 4603 δι’
2850 4548 3056 4620 αὐχμὸν
3089 4546 3509 4617 ὑπερϐάλλοντα,
3559 4545 3629 4599 τὰ
3672 4542 3832 4617 λοιπά

2276 4642 2410 4713 μέρη
2444 4642 2537 4694 τοῦ
2579 4644 2779 4712 κόσμου
2827 4642 3020 4711 μηκέτι
3061 4638 3159 4707 τῆς
3190 4637 3447 4706 συνήθους
3488 4636 3833 4708 μεταλαμϐά-

2273 4751 2425 4785 νοντα
2457 4733 2863 4802 ἀναθυμιάσεως
2895 4734 2959 4783 ὲκ
2988 4730 3088 4797 τῆς
3110 4732 3279 4800 ὑγρᾶς
3306 4730 3491 4792 οὐσίας
3514 4730 3682 4781 ἀναπε
3694 4744 3826 4798 μπο-

2275 4824 2456 4893 μένης,
2492 4824 2695 4893 τροπὴν
2716 4823 2807 4874 καὶ
2838 4818 3131 4890 μεταϐολὴν
3153 4820 3421 4871 πείσεται·
3455 4819 3529 4882 ὡς
3550 4821 3613 4871 ὲκ
3642 4818 3831 4871 τούτου

618 4905 977 4972 perversione,
1032 4904 1323 4973 mundique
1374 4903 1851 4968 c0itsummatione,
1899 4906 2162 4960 exteriore

2272 4917 2554 4985 γενήσεται
2602 4915 2798 4982 σημεῖα
2831 4914 2887 4963 ὲν
2934 4912 3066 4981 ήλίῳ
3095 4914 3187 4963 καὶ
3214 4911 3430 4981 σελήνῃ,
3468 4911 3557 4963 καὶ
3591 4909 3827 4980 ἄστροις.

619 4994 716 5048 hac
766 4992 933 5063 figura
982 5000 1335 5061 praetereunte
1396 4992 1606 5063 (priora
1657 4995 1797 5048 enim
1845 4995 2065 5049 abibunt
2112 5004 2167 5048 ut

2286 5002 2655 5075 Ἀνακλήσεώς
2678 5020 2737 5055 τε
2758 5002 2865 5073 γὰρ
2895 5000 2987 5054 τοῦ
3010 5002 3210 5065 παντὸς
3242 5004 3557 5073 γενομένης,
3585 5003 3679 5055 καὶ
3709 5018 3830 5053 συν-

620 5084 916 5153 posteriora
963 5084 1375 5154 subintroeant),
1421 5101 1755 5155 consequens
1793 5088 1899 5141 erit
1944 5097 2001 5141 ut
2045 5089 2162 5144 cmli

2273 5096 2481 5159 τελείας
2526 5094 2621 5149 τοῦ
2661 5094 2882 5163 κόσμου,
2932 5096 3024 5147 καὶ
3063 5094 3399 5166 παράγοντος
3431 5094 3523 5147 τοῦ
3560 5095 3833 5165 σχήματος

622 5189 829 5247 quoque
860 5175 1201 5230 luminarium
1229 5178 1511 5232 conversio
1542 5178 1779 5246 quasdam
1802 5181 2033 5233 eveniat.

690 5440 807 5496 Hec
835 5442 887 5496 in
924 5442 1029 5497 ﬁne
1060 5453 1355 5512 temporum
1381 5453 1557 5506 erunt,
1592 5457 1711 5497 cum
1752 5451 2017 5515 apostasia
2048 5448 2156 5502 fiet.

625 5529 747 5584 Nam
798 5546 914 5585 cum
955 5534 1243 5602 impietatis
1284 5545 1519 5588 monstra
1568 5532 1870 5592 Servatoris
1902 5540 2161 5593 adventus

2270 5188 2457 5241 τούτου
2488 5185 2582 5239 τοῦ
2613 5184 2932 5255 φαινομένου
2964 5185 3371 5257 (παρελεύσεται
3422 5185 3529 5257 γὰρ
3548 5184 3616 5237 τά
3641 5184 3831 5257 πρῶτα

2272 5279 2335 5331 ἶν’
2373 5280 2565 5349 ἐπιστῇ
2596 5277 2661 5329 τὰ
2694 5274 2983 5347 δεύτερα),
3026 5275 3314 5330 ἀκόλουθον
3354 5273 3421 5347 ἦν
3456 5277 3549 5330 καὶ
3579 5275 3686 5328 τῶν
3712 5275 3827 5327 κατ’

2268 5368 2490 5437 οὐρανὸν
2522 5368 2818 5438 φωστήρων
2847 5368 3053 5440 τροπήν
3082 5384 3199 5420 τινα
3222 5365 3456 5419 ἔσεσθαι.

2336 5457 2517 5511 Ταῦτα
2543 5458 2601 5511 δὲ
2632 5458 2722 5510 ἐπὶ
2751 5459 2889 5512 τέλει
2916 5459 3026 5513 τῶν
3046 5460 3251 5530 χρόνων
3278 5459 3447 5523 ἔσται,
3474 5459 3569 5529 τῆς
3588 5460 3819 5512 ἀποστα-

2267 5548 2387 5612 σίας
2408 5550 2820 5621 ἐνεργουμένης.
2849 5550 3164 5622 Μελλούσης
3189 5549 3296 5622 γὰρ
3321 5550 3387 5604 τά
3409 5549 3505 5620 τῆς
3534 5548 3820 5621 θεομαχίας

690 5710 941 5767 “Matth.
978 5729 1123 5781 XXVI,
1153 5713 1240 5770 66.
1316 5718 1359 5749 ⁸³
1390 5718 1559 5773 Matth
1617 5733 1763 5785 κων,
1797 5720 1887 5777 ‘29.
1970 5725 2013 5755 ⁷ο
2046 5726 2064 5780 Ι
2100 5726 2227 5782 Cor.
2262 5743 2358 5796 vn,
2408 5729 2495 5785 51.
