4106 6442
215 399 310 457 ωί
1417 398 1928 457 COMMENTARIA
1966 400 2034 457 IN
2069 400 2327 458 LUCAII.
3372 415 3480 472 om

225 516 412 589 τέρατα
443 521 738 590 καταργιτν
786 515 888 586 τῆς
922 514 1244 584 ἐπιφανείας
1274 515 1370 569 τοῦ
1406 518 1678 589 Σωτῆρος,
1723 518 1794 572 τὰ

1908 519 2145 588 perimet,
2196 521 2292 577 ine
2342 521 2494 576 initia
2528 521 2659 578 hinc
2695 534 2875 590 erunt,
2916 540 2982 580 ex
3027 536 3164 582 astu
3192 525 3401 584 scilicet
3422 541 3480 586 et

217 606 500 680 τῆςοόργῆς
531 609 786 680 προοίμια
833 607 898 660 ὲκ
957 605 1123 660 τῶνδε
1170 605 1416 678 ἄρξεται.
1467 609 1527 673 ἐξ
1567 608 1791 679 αὐχμῶν

1908 613 2092 668 marini
2122 615 2329 670 sonitus
2361 616 2690 671 cessatione.
2723 616 2840 684 Quo
2867 617 3027 686 facto,
3057 634 3307 688 pressura
3342 635 3478 690 gen-

208 696 405 770 δηλαδὴ
451 699 544 753 καὶ
589 697 821 768 ἀπορίας
876 697 1010 767 ἤχου
1049 695 1356 768 θαλάσσηςο
1401 691 1464 750 οῦ
1496 699 1792 770 γενομένου

1908 705 2034 759 tium
2078 720 2174 776 per
2199 708 2387 762 orbem
2430 707 2553 775 erit,
2589 709 2964 765 arescentibus
3003 711 3314 766 hominibus
3367 727 3481 780 pra:

210 789 639 860 δπακολουθήσει
661 789 861 862 ⁴συνοχὴ
881 787 989 841 τῶν
1018 788 1110 840 ἐπὶ
1131 788 1237 859 γῆς
1268 788 1458 854 ἐθνῶν,
1487 790 1796 860 ἀποψυχόν-

1908 796 2096 850 timore
2150 806 2205 852 et
2251 811 2440 852 eorum
2488 802 2892 870 exspectatione
2930 817 3051 871 qna:
3100 803 3302 857 mundo
3352 801 3480 858 sunt

208 896 316 934 των
343 879 646 952 ἀνθρώπων
674 879 780 933 ἀπὸ
809 878 976 950 φόϐου
1013 879 1105 932 καὶ
1139 878 1465 951 προσδοκίας
1492 882 1602 935 τῶν
1628 883 1795 954 ἐπερο

1908 894 2182 939 eventura.
2223 885 2481 952 Quasnam
2514 903 2646 943 vero
2671 891 2782 944 lucc
2813 890 2943 955 sint,
2978 891 3054 944 ait
3084 905 3208 945 mox
3248 904 3480 962 pergens

209 970 452 1041 χομένων
478 971 545 1040 τῇ
566 969 877 1043 οἰκουμένῃ.
908 969 1041 1022 Τίνα
1069 969 1126 1022 δὲ
1148 969 1217 1023 τά
1239 971 1600 1042 ἐπερχόμενα,
1627 973 1800 1042 ὲρμη⁹

1908 975 2087 1029 dicere
2133 992 2146 1027 :
2189 974 2323 1031 Nam
2385 978 2613 1034 virtutes
2648 979 2908 1036 caelorum
2946 983 3478 1038 commovebuntur:

208 1061 352 1115 νεύει
411 1062 693 1116 συνάπτων
741 1061 868 1133 ἑξῆς
904 1061 999 1114 καὶ
1067 1060 1272 1130 λέγων·
1325 1067 1394 1117 Al
1455 1063 1567 1132 γὰρ
1617 1062 1799 1117 δυνά-

1908 1062 2042 1118 Filio
2064 1065 2155 1118 Dei
2185 1067 2392 1122 scilicet
2425 1084 2546 1124 cum
2587 1069 2756 1140 gloria
2789 1070 3130 1134 adventante,
3161 1071 3482 1142 superbam-

168 1169 334 1223 ιμεις
403 1151 523 1207 τῶν
583 1152 849 1221 οὐρανῶν
904 1152 1391 1220 σαλευθήσονται
1412 1171 1425 1183 ·
1490 1154 1586 1206 τοῦ
1664 1154 1795 1208 Υίοῦ

1908 1170 2011 1224 qne
2035 1154 2128 1210 lilii
2145 1157 2316 1227 culpae
2347 1160 2686 1229 tyrannidem
2705 1160 2930 1231 jamjam
2951 1176 3234 1227 eversum,
3253 1161 3485 1220 calcati-

216 1245 300 1301 τοῦ
356 1244 492 1298 Θεοῦ
551 1244 690 1316 μετὰ
738 1245 896 1316 δόξης
932 1244 1384 1316 ὲπιστησομένου,
1427 1244 1522 1298 κα)⁸
1564 1244 1667 1315 τὴν
1701 1263 1798 1316 με-

1905 1245 2006 1301 bns
2039 1262 2159 1303 eum
2189 1252 2473 1306 ordinibus
2504 1253 2912 1308 comitantibus.

215 1341 480 1412 γάλαυχον
499 1339 789 1413 τυραννίδα
808 1338 905 1393 τοῦ
928 1339 1045 1392 υἱοῦ
1071 1339 1171 1410 τῆς
1232 1339 1506 1412 ἁμαρτίας
1566 1343 1866 1412 καταργεῐν
1907 1342 2212 1412 μέλλοντος,
2251 1344 2361 1398 τῶν
2389 1363 2448 1399 τε
2491 1346 2901 1421 ύπερουρανίων
2934 1348 3230 1418 ταγμάτων
3257 1347 3486 1420 δορυφο-

215 1433 467 1505 ρούντων.

211 1527 319 1583 Καὶ
356 1522 488 1580 εἷπε
535 1523 886 1593 παραϐολὴν
927 1524 1150 1590 αὐτοῖς·
1186 1523 1364 1578 Ἴδετε
1399 1524 1516 1591 τὴν
1566 1523 1793 1592 συκῆν,

277 1613 332 1649 κ.
366 1613 415 1650 τ.
438 1596 487 1648 λ.
519 1595 680 1649 Οὕτω
713 1595 811 1648 καὶ
837 1593 1011 1665 ὑμεῖς
1041 1595 1188 1649 ὅταν
1220 1595 1386 1662 ἴδητε
1419 1594 1608 1650 ταῦτα
1635 1596 1792 1665 γινό-

273 1682 448 1736 μενα,
470 1683 525 1720 κ.
545 1682 594 1717 τ.
611 1663 660 1719 λ.

278 1757 418 1810 Ποῖα
444 1753 616 1810 ταῦτα
647 1754 910 1826 γινόμενα
942 1753 1058 1808 ἀλλ’
1090 1755 1124 1826 ἢ
1154 1755 1224 1809 τὰ
1247 1754 1658 1826 προλεγόμενας
1696 1755 1798 1809 Ἱε-

1971 1526 2016 1557 ⁷⁸
2042 1525 2289 1610 Dicitque
2309 1528 2386 1580 eis
2403 1527 2743 1610 parabolatn.‘
2761 1528 2946 1610 Videte
2969 1529 3272 1610 )‘icuineam,
3303 1539 3410 1587 etc.

2115 1593 2211 1649 ιω
2238 1604 2286 1650 et
2318 1593 2409 1651 uos
2430 1611 2548 1650 cum
2582 1600 2812 1654 uideritis
2837 1601 2948 1653 lucc
2969 1593 3114 1668 ﬁeri,
3137 1608 3242 1655 etc.

1977 1753 2236 1822 Qumnam
2298 1768 2428 1810 vero
2483 1753 2623 1809 facta
2678 1753 2964 1824 intelligit?
3007 1755 3380 1827 Hierosolyma
3417 1757 3486 1814 ab

212 1847 491 1922 ρουσαλὴμ
515 1847 865 1917 πατουμένην
907 1847 1014 1900 ὑπὸ
1055 1846 1245 1912 ἐθνῶν,
1271 1847 1369 1917 τὴν
1405 1847 1798 1917 συμπλήρωσιν

1908 1843 2134 1899 etlmicis
2189 1843 2540 1908 conculcata,
2598 1853 2844 1914 tempora
2897 1846 3139 1916 gentium
3189 1847 3484 1916 completa,

206 1939 314 1994 τῶν
343 1939 552 2012 καιρῶν
583 1937 691 1991 τῶν
724 1937 913 2003 ἐθνῶν,
966 1939 1094 2002 τοὺς
1136 1938 1235 2009 τῆς
1277 1937 1612 2000 ἀποστασίας
1671 1938 1797 2008 χρό-

208 2048 353 2094 νους,
393 2030 462 2083 τὰ
493 2031 552 2083 ὲν
579 2032 691 2093 τοῖς
733 2029 1018 2100 φωστῆρσι
1053 2029 1145 2082 καὶ
1184 2032 1294 2092 τοῖς
1321 2029 1542 2100 ἄστροις
1571 2031 1795 2098 σημεῖα,

206 2124 306 2194 τὴν
354 2120 448 2174 ἐπὶ
490 2123 596 2191 γῆς
640 2119 870 2191 συνοχὴν
916 2119 1022 2173 τῶν
1052 2120 1244 2184 ἐθνῶν,
1282 2121 1379 2190 τὴν
1413 2119 1654 2188 ἔκλειψιν
1702 2119 1799 2173 καὶ

209 2213 444 2286 ἀπορίαν
488 2212 584 2267 τοῦ
624 2213 756 2287 ἡχου
788 2213 882 2266 τοῦ
915 2214 1079 2266 σάλου
1124 2213 1224 2282 τῆς
1256 2211 1553 2280 θαλάσσης.
1589 2209 1796 2275 Ταῦτα,

208 2307 394 2376 φησιν,
448 2305 661 2359 ἅπαντα
696 2306 824 2359 ὅταν
865 2303 1015 2373 ἴδητε
1060 2303 1342 2374 γινόμενα,
1384 2301 1682 2371 γινώσκετε
1716 2302 1798 2355 ὃτι

206 2399 303 2451 ἐπὶ
349 2396 544 2469 θύραις
589 2396 735 2450 ἐστὶν
769 2398 802 2468 ἠ
835 2394 1082 2466 βασιλεία
1124 2394 1221 2448 τοῦ
1255 2394 1415 2458 Θεοῦ,
1468 2393 1632 2464 ἑτέρα
1665 2389 1798 2447 οῦσα

209 2489 361 2560 παρά
399 2488 471 2542 τὰ
495 2487 879 2560 προλεχθέντα.
916 2487 998 2540 Τὰ
1035 2487 1133 2558 μὲν
1160 2487 1270 2558 γὰρ
1303 2485 1565 2556 προοίμια
1601 2481 1668 2556 ἦν
1706 2485 1800 2539 καὶ

211 2580 512 2652 μελλόντων
541 2578 760 2649 ἀγαθῶν
789 2581 1011 2650 σημεῖα,
1035 2579 1110 2642 ὡς
1133 2578 1227 2631 καὶ
1259 2578 1308 2630 οἱ
1326 2581 1424 2649 τῆς
1454 2577 1628 2647 συκῆς
1657 2578 1800 2630 ἀπα-

207 2671 291 2725 λοὶ
315 2671 503 2725 κλάδοι
523 2671 619 2724 καὶ
648 2670 716 2724 τὰ
745 2670 919 2740 φύλλα
951 2673 1150 2740 σημεῖα
1172 2668 1266 2723 τοῦ
1296 2669 1582 2740 μέλλοντος
1607 2667 1800 2738 θέρους

211 2767 309 2836 τῆς
330 2781 392 2817 τε
427 2763 536 2816 τῶν
575 2763 778 2817 λοιπῶν
809 2763 991 2832 φυτῶν
1023 2763 1119 2815 καὶ
1152 2762 1483 2834 σπερμάτων
1517 2776 1800 2831 καρποφο-

216 2856 368 2928 ρίας’
409 2855 479 2911 τὰ
509 2855 564 2908 δὲ
584 2855 679 2908 τοῦ
713 2855 996 2925 μέλλοντος
1017 2853 1233 2923 καὶτῆς
1267 2855 1326 2905 ὲν
1357 2853 1506 2924 αὐτῷ
1540 2869 1802 2923 συστησο-

217 2947 386 3018 μένης
441 2946 717 3017 βασιλείας
757 2945 1000 3018 οὐρανῶν
1050 2945 1310 3018 προοίμια
1357 2947 1451 2998 καὶ
1488 2947 1688 3015 σημεῖα
1732 2945 1802 2998 τὰ

216 3035 581 3108 προλεχθέντα
610 3032 700 3108 ἦν.
731 3036 881 3106 Δῦτη
909 3035 966 3088 δὲ
999 3038 1032 3106 ἡ
1063 3035 1307 3105 βασιλεία
1346 3036 1438 3089 καὶ
1470 3036 1538 3089 τὰ
1569 3037 1626 3088 ὲν
1661 3037 1798 3108 αύτῇ

214 3127 397 3181 οὐκέτι
435 3127 580 3200 λόγῳ
611 3128 940 3200 παραδοτέα,
975 3127 1098 3181 οὐδὲ
1127 3127 1338 3199 θνητῶν
1362 3129 1554 3191 ἀκοαῖς
1583 3126 1796 3181 λεκτέα.

218 3218 418 3290 Διόπερ
457 3220 870 3291 ἀποσιωπητέον
901 3217 1098 3273 ταῦτα.
1161 3219 1498 3289 Ὀφθαλμὸς
1544 3218 1655 3288 γὰρ
1693 3223 1804 3273 οὐκ

219 3307 359 3378 εἶδε,
381 3311 481 3366 καὶ
506 3307 616 3377 οὖς
642 3315 754 3366 οὐκ
777 3312 1029 3381 ἤκουσε,
1053 3311 1152 3366 καί
1174 3312 1273 3366 ἐπὶ
1301 3311 1553 3381 καρδίαν
1581 3311 1805 3380 ἀνθρὼ-

220 3419 340 3458 που
394 3405 504 3457 οὐκ
553 3403 734 3471 ἀνέϐη
770 3403 887 3457 ὅσα
924 3403 1257 3472 ἡτοίμασεν
1279 3407 1310 3457 ὀ
1341 3402 1484 3468 Θεὸς
1518 3403 1644 3469 τοῖς
1668 3404 1808 3474 ἁγα-

221 3492 420 3549 πῶσιν
457 3497 663 3549 αὐτόν.
692 3495 838 3566 Πλὴν
865 3494 1054 3566 ῶσπερ
1094 3494 1234 3547 κατὰ
1267 3495 1357 3547 τὸν
1392 3494 1662 3546 ἐνεστῶτα
1695 3493 1806 3562 βίον

219 3586 368 3657 ἣλιος
391 3585 525 3657 μετά
552 3585 860 3658 χειμερίους
888 3585 1094 3658 τροπὰς
1124 3585 1282 3655 ἔαρος
1312 3585 1664 3654 ἐνισταμένου
1687 3585 1804 3654 θερ-

224 3677 328 3748 μὴν
353 3679 548 3730 ἀκτῖνα
574 3677 802 3748 βάλλων,
826 3675 894 3730 τὰ
918 3677 1024 3730 ὑπὸ
1045 3678 1146 3748 γῆν
1173 3677 1526 3748 κρυπτόμενα
1550 3675 1806 3739 ζωοποιεῖ

224 3765 534 3837 σπέρματα,
560 3764 654 3818 τοῦ
680 3766 947 3837 προτέρου
975 3765 1343 3836 μεταϐαλόντα
1365 3768 1659 3836 σχήματος,
1686 3784 1804 3820 νεα-

226 3859 290 3930 ρὰ
319 3858 376 3910 δὲ
396 3856 518 3926 φύει
537 3857 632 3910 καὶ⁵
650 3857 893 3929 τέθηλεν,
924 3857 1128 3928 ὡραίαν
1157 3857 1250 3911 καὶ
1281 3857 1552 3928 πολυανθῆ
1579 3858 1675 3929 τὴν
1697 3857 1805 3911 τῶν

224 3952 349 4022 ἄρτι
379 3949 622 4018 φυέντων
653 3947 889 4021 βλάστην
924 3949 1303 4020 παρεχόμεναο
1348 3949 1491 4002 κατὰ
1517 3948 1608 4001 τὸν
1648 3949 1808 4002 αὑτὸν

221 4043 424 4114 τρόπον
452 4043 547 4095 καὶ
581 4043 614 4112 ὴ
642 4040 848 4105 ἔνδοξος
882 4039 975 4093 τοῦ
1007 4041 1343 4108 Μονογενοῦς
1373 4041 1467 4094 τοῦ
1501 4039 1637 4093 Θεοῦ
1686 4042 1812 4111 ἄφι-

230 4135 332 4202 ξις,
365 4134 541 4204 φωτὸς
576 4133 860 4203 ζωογόνοις
886 4133 1067 4186 ἀκτῖσι
1116 4133 1205 4186 τὸν
1244 4134 1360 4188 νέον
1403 4133 1575 4186 αἰῶνα
1609 4149 1815 4186 καταυ-

225 4226 465 4294 γάσασα,
494 4224 562 4277 τὰ
587 4207 1014 4294 Δάποκρυφθέντα
1045 4222 1211 4275 πάλαι
1231 4221 1370 4276 κατά
1393 4223 1483 4274 τὸν
1500 4222 1810 4294 ἔμπροσθεν

1903 1936 2188 2007 apostasia:
2233 1946 2472 2000 aetatem,
2512 1935 2565 1990 in
2604 1935 2715 1991 sole
2749 1936 3028 2006 stellisque
3057 1937 3234 2008 signa,
3265 1937 3319 1992 in
3352 1937 3488 1993 orbe

1901 2042 2208 2098 pressuram
2255 2028 2514 2096 gentium,
2562 2027 2833 2082 defectum
2887 2031 3234 2099 quietemque
3272 2029 3488 2085 sonitus

1900 2119 2200 2187 [luctusque
2226 2118 2444 2173 marini.
2480 2118 2623 2184 "ac,
2667 2121 2861 2190 inquit,
2894 2122 3077 2175 omnia
3111 2135 3234 2176 cum
3266 2121 3382 2176 fieri
3406 2121 3490 2175 vi—

1901 2209 2113 2275 deritis,
2154 2216 2269 2263 tum
2318 2211 2534 2264 demum
2578 2210 2769 2264 adesse
2817 2211 2868 2264 in
2900 2211 3106 2266 foribus
3141 2228 3365 2282 regnum
3390 2211 3488 2268 Dei

1901 2301 2130 2367 scitote;
2179 2311 2234 2355 et
2263 2301 2480 2370 quidem
2523 2317 2553 2355 a
2592 2303 2753 2356 dictis
2788 2303 2948 2357 rebus
2985 2304 3140 2373 plane
3187 2305 3484 2360 diversum.

1902 2393 1994 2448 llla
2032 2395 2177 2448 enim
2231 2395 2534 2450 futurorum
2581 2395 2846 2452 bonorum
2897 2399 3116 2452 exordia
3165 2398 3387 2455 fuerunt
3429 2406 3489 2454 et

1904 2486 2142 2554 indicia;
2182 2488 2341 2542 sicuti
2381 2489 2550 2543 teneri
2602 2489 2742 2544 licus
2785 2491 2919 2544 rami
2970 2499 3024 2545 et
3060 2491 3208 2558 folia,
3247 2501 3488 2548 ventum

1904 2582 2111 2634 aestatis
2141 2580 2292 2650 signa
2319 2589 2466 2645 sunt,
2494 2590 2549 2635 et
2571 2592 2890 2635 czeterarum
2913 2580 3167 2637 arborum
3197 2583 3491 2638 seminum~

1903 2687 2008 2741 que
2036 2671 2270 2726 fructum
2297 2672 2645 2742 portendunt.
2678 2670 2866 2726 Futuri
2889 2683 3068 2728 autem
3094 2674 3300 2739 saeculi,
3325 2683 3492 2744 atque

1904 2761 1960 2815 in
2007 2777 2072 2817 eo
2113 2761 2478 2816 constituendi
2526 2761 2786 2818 caelorum
2838 2764 2988 2834 regni
3023 2766 3284 2834 proasmia
3328 2774 3492 2834 atque

1905 2854 2101 2909 indicia
2138 2854 2225 2907 illa
2266 2854 2506 2908 fuerunt.
2548 2855 2601 2907 ltl
2642 2869 2773 2909 vero
2805 2869 3056 2922 regnum,
3085 2857 3312 2925 ejusque
3349 2859 3494 2914 bona

1905 2943 2047 2998 haud
2083 2945 2192 3014 jam
2231 2959 2483 3000 sermone
2530 2945 2668 3000 tradi
2713 2956 2939 3015 queunt,
2977 2963 3152 3018 neque
3186 2951 3252 3004 ad
3289 2959 3498 3004 morta-

1906 3036 2036 3090 liuin
2063 3051 2225 3090 aures
2253 3037 2560 3105 praedicari.
2606 3036 2972 3103 Quamobrem
3027 3043 3093 3095 de
3125 3041 3210 3095 bis
3255 3041 3496 3096 reticen—

1907 3127 2032 3179 dum
2058 3135 2160 3180 est.
2196 3122 2379 3195 Neque
2404 3125 2543 3178 enim
2573 3125 2757 3179 oculus
2786 3127 2937 3192 vidit,
2969 3143 3130 3197 neque
3155 3128 3302 3180 auris
3332 3127 3494 3180 audi-

1911 3219 2002 3286 uit,
2046 3233 2206 3286 neque
2252 3219 2307 3270 in
2341 3234 2432 3270 cor
2471 3219 2698 3272 hominis
2738 3219 2996 3285 ascendit,
3027 3235 3145 3289 quae
3174 3221 3495 3289 prwparavit

1912 3309 2051 3364 Deus
2075 3309 2408 3379 diligentibus
2430 3325 2546 3362 eum
2567 3311 2636 3362 ".
2672 3307 3056 3364 Verumtamen
3086 3313 3243 3366 sicuti
3277 3312 3329 3366 in
3358 3327 3498 3381 pm-

1913 3400 2052 3456 senti
2091 3414 2270 3454 rerum
2315 3409 2457 3454 statu
2492 3399 2571 3454 sol
2613 3409 2736 3469 post
2775 3399 3034 3454 hibernas
3087 3402 3494 3469 conversiones,

1913 3507 2041 3546 vere
2084 3492 2341 3558 instante,
2380 3491 2734 3546 calidioribus
2776 3491 2940 3544 radiis
2975 3491 3214 3558 emissis,
3270 3492 3497 3549 latentia

1911 3582 2012 3636 sub
2040 3582 2155 3635 solo
2185 3583 2392 3635 semina
2425 3580 2682 3644 viviﬁcat,
2715 3596 2835 3650 quas
2871 3582 3052 3649 priore
3091 3580 3264 3650 ﬁgura
3295 3582 3496 3651 posita,

1915 3670 2125 3725 novella
2161 3681 2496 3726 enascuntur
2546 3686 2611 3724 ac
2657 3669 2939 3739 pullulant,
3005 3670 3398 3741 pulchrumque
3441 3679 3500 3726 et

1913 3762 2162 3817 ﬂoridum
2220 3764 2458 3819 recentis
2511 3773 2721 3819 naturae.
2770 3779 2990 3834 germen
3042 3765 3370 3828 ostendunt;
3419 3764 3498 3819 ita

1915 3855 2184 3924 gloriosus
2216 3854 2489 3926 Unigenili
2519 3857 2783 3909 adventus
2826 3856 3024 3910 vivifici
3071 3854 3290 3911 luminis
3333 3855 3500 3926 gadiis

1917 3963 2118 4002 novum
2168 3948 2424 4003 saeculum
2476 3947 2779 4012 illustrans,
2807 3947 3015 4002 occulta
3063 3949 3192 4005 olim
3231 3947 3412 4019 priu're
3445 3950 3498 4004 in

1919 4040 2118 4095 sznculo
2149 4051 2312 4109 atque
2337 4041 2470 4094 orbe
2499 4041 2753 4095 universo
2788 4041 3030 4110 dispersa
3065 4043 3295 4105 semina,
3331 4043 3380 4096 id
3417 4052 3502 4097 est

1921 4131 2170 4186 homines
2216 4132 2270 4186 in
2325 4142 2486 4187 terra:
2550 4135 2814 4203 sepulcris
2859 4136 3127 4197 conditos,
3187 4134 3504 4189 melioribus

1917 4238 2080 4292 quam
2109 4233 2268 4276 antea
2309 4224 2630 4293 corporibus
2664 4225 2946 4294 formaque
2975 4224 3289 4294 augustiore
3327 4225 3503 4279 dona-

225 4317 420 4382 αἱῶνα,
456 4317 550 4370 καὶ
578 4325 634 4368 εν
661 4315 741 4384 τῷ
767 4315 929 4368 παντὶ
961 4313 1147 4385 κόσμῳ
1164 4313 1618 4367 διασκεδασθέντα
1644 4314 1802 4384 σπέρ-

1920 4327 2025 4379 tos,
2070 4318 2124 4370 in
2170 4315 2343 4370 lucem
2372 4317 2580 4370 emittet
2614 4335 2628 4370 :
2669 4318 2930 4387 pulsoque
2981 4326 3176 4382 morte,
3204 4317 3318 4386 ipsa
3348 4315 3504 4371 dein-

233 4425 400 4480 ματα,
431 4407 676 4460 τουτέστι
712 4407 837 4469 τοὺς
877 4406 934 4458 ὲν
968 4404 1077 4473 γῆς
1101 4404 1315 4475 χώματι
1353 4405 1802 4476 κεκοιμημένους,

1919 4419 2048 4472 ceps
2073 4404 2180 4457 vita
2212 4405 2335 4458 novi
2358 4405 2535 4459 saeculi
2565 4405 2848 4473 imperium
2881 4405 3103 4484 tenebit.

232 4502 504 4574 κρείττοσι
540 4500 785 4571 σώμασιν
818 4501 851 4572 ἧ
891 4498 1030 4552 κατά
1058 4499 1125 4554 τὰ
1155 4500 1417 4571 πρότερον
1458 4500 1726 4571 θειότερόν
1758 4517 1818 4555 τε
1869 4500 2466 4570 μετεσχηματισμένοις
2523 4499 2602 4562 είς
2637 4498 2752 4568 φῶς
2787 4497 3044 4570 προάξει·
3087 4500 3181 4552 καὶ
3223 4499 3318 4552 τοῦ
3349 4498 3507 4554 θανά-

231 4613 324 4649 του
369 4594 828 4669 καταρηθέντος,
885 4594 1024 4665 αὑτὴ
1063 4594 1250 4647 λοιπὸν
1286 4597 1320 4664 ἠ
1364 4595 1477 4668 ζωὴ
1507 4596 1812 4667 βασιλεύσει
1850 4595 1946 4650 τοῦ
1981 4596 2102 4650 νέου
2132 4596 2347 4659 αἰῶνος.

529 4691 616 4743 Οὐ
633 4689 720 4760 μὴ
756 4689 1023 4759 παρέλθῃ
1050 4690 1088 4757 ή
1124 4691 1298 4758 γενεὰ
1335 4690 1507 4758 αὕτη.

2194 4691 2240 4722 ⁷³
2263 4691 2384 4745 Non
2413 4692 2697 4759 praeteribit
2725 4689 2990 4760 generatio
3023 4688 3155 4741 haec.

307 4779 445 4833 Ποία
473 4779 635 4848 γενεὰ
672 4779 786 4833 ἀλλ’
820 4783 854 4852 ἡ
913 4780 1072 4852 καινὴ
1114 4783 1208 4834 καῖ⁹
1249 4782 1371 4846 νέα,
1399 4782 1468 4852 ἢν
1498 4782 1661 4847 αὐτὸς
1691 4800 1802 4837 συν⁴

1995 4783 2254 4851 Quaenam
2315 4793 2398 4838 est
2456 4783 2572 4838 haec
2626 4783 2927 4852 generatio,
2975 4782 3080 4836 nisi
3115 4794 3254 4833 nova
3297 4779 3383 4834 illa
3419 4795 3506 4835 re-

235 4872 532 4942 εστήσατο;
561 4871 688 4944 περὶ
707 4866 772 4944 ἧς
800 4875 858 4925 ὲν
887 4875 1245 4945 προφητείαις
1278 4874 1460 4945 εἴρητο
1478 4893 1490 4904 ο
1527 4875 1802 4945 Γραφήτι.

1919 4892 2154 4947 censque
2211 4879 2278 4930 ab
2312 4891 2377 4930 eo
2409 4876 2736 4931 constituta?
2771 4876 2837 4931 de
2875 4889 2978 4944 qua
3023 4873 3076 4928 in
3113 4872 3385 4926 vaticiniis
3425 4871 3508 4926 di-

236 4963 388 5029 αὕτη
423 4961 532 5034 (74)
549 4965 635 5029 είς
661 4964 873 5032 γενεὰν
889 4964 1118 5032 ἑτέραν,
1134 4967 1232 5018 καί
1259 4966 1410 5030 λαὸς
1425 4968 1458 5018 ὁ
1480 4966 1802 5036 κτιζόμενος

1926 4978 2071 5023 ctum
2106 4975 2191 5022 est
2222 4986 2236 5021 :
2270 4967 2549 5022 Scribatur
2583 4967 2694 5020 ha'c
2737 4967 2792 5020 in
2837 4965 3174 5036 generatione
3223 4964 3412 5026 altera,
3458 4972 3508 5016 et

235 5056 470 5111 αίνέσει
495 5058 602 5110 τὸν
639 5058 888 5128 Κύριον’
935 5060 1029 5112 καὶ
1070 5059 1232 5112 πάλιν
1254 5075 1266 5087 ·
1323 5057 1802 5127 Ἀναγγελήσετα

1923 5059 2147 5128 populus
2201 5062 2289 5129 qui
2334 5069 2545 5113 creatur
2583 5057 2820 5112 laudabit
2855 5054 3238 5123 Dominum“;
3285 5069 3511 5110 rursus-

235 5149 322 5216 τῷ
342 5150 539 5218 Κυρίῳ
565 5149 741 5219 τενεὰ
764 5150 802 5216 ἡ
830 5149 1144 5218 ἐρχομένη.
1179 5149 1379 5220 Διόπερ
1418 5147 1701 5211 δεικτικῶς
1744 5149 1802 5200 εἰς

1926 5167 2031 5220 que
2062 5169 2075 5205 :
2105 5150 2521 5204 Annuntiabitur
2543 5148 2766 5203 Domino
2792 5149 3057 5218 generatio
3078 5158 3296 5202 uentura
3313 5147 3379 5200 ⁷⁸.
3406 5145 3511 5200 Ita—

235 5241 366 5303 τοὺς
397 5239 729 5300 ἀποστόλους
755 5236 943 5301 αὐτοῦ,
967 5238 1059 5290 καὶ¹
1081 5239 1180 5308 τὴν
1211 5237 1270 5304 se
1293 5237 1472 5291 αὐτῶν
1496 5237 1591 5291 καὶ
1621 5237 1686 5290 δι’
1717 5238 1802 5291 αύ·

1929 5258 2035 5313 que
2061 5244 2340 5298 evidenter
2369 5244 2436 5298 ad
2459 5257 2586 5298 suos
2612 5242 2887 5311 apostolos
2914 5249 3079 5309 atque
3104 5240 3170 5293 ad
3205 5239 3511 5293 institutam

235 5331 350 5387 τῶν
380 5332 500 5385 καθ’
533 5330 660 5402 ὅλης
686 5333 785 5403 τῆς
815 5329 1137 5400 οἰκουμένης
1180 5329 1586 5400 συστησομένην
1629 5327 1802 5399 καινὴε

1927 5348 1994 5387 ex
2024 5335 2156 5402 ipsis
2186 5342 2242 5388 et
2271 5348 2369 5403 per
2393 5333 2541 5404 ipsos
2571 5333 2622 5388 io
2646 5335 2779 5388 orbe
2803 5333 3058 5387 universo
3081 5343 3276 5385 novam
3310 5338 3512 5382 sanctae

236 5423 435 5494 γενεὰν
459 5423 560 5494 τῆς
589 5422 749 5492 ἀγίας
786 5421 1110 5492 Ἐκκλησίας
1136 5421 1300 5473 αὑτοῦ
1325 5421 1564 5493 ἀφορῶν,
1596 5420 1802 5488 ἔλεγεν·

1929 5424 2183 5490 Ecclesia:
2234 5425 2637 5495 generationem
2677 5424 2926 5480 Christus
2960 5421 3255 5491 respiciens
3289 5418 3510 5474 aiebat:

248 5519 336 5571 Οὐ
357 5517 443 5586 μὴ
477 5517 747 5586 παρέλθῃ
784 5516 823 5582 ἠ
857 5513 1034 5584 γενεὰ
1056 5514 1230 5581 αὕτη,
1257 5513 1368 5579 ἕως
1389 5514 1466 5567 ἂν
1499 5512 1694 5566 πάντα
1732 5513 1798 5582 γέ

1933 5515 2055 5569 Non
2098 5518 2382 5584 prwteribit
2425 5519 2694 5585 generatio
2731 5520 2865 5582 hac,
2906 5517 3070 5570 donec
3122 5511 3303 5566 omnia
3350 5510 3508 5584 ﬁant.

317 5677 358 5707 "
391 5677 519 5748 an.
556 5689 670 5738 nt,
716 5672 909 5727 29-31.
985 5671 1030 5702 "
1059 5671 1075 5725 Ι
1103 5671 1228 5727 Cor.
1261 5688 1323 5735 Il,
1362 5674 1415 5728 9.
1490 5676 1536 5706 ⁷³
1568 5674 1697 5730 Luc.
1740 5689 1802 5728 xx

1908 5675 1986 5728 52.
2065 5677 2256 5730 "Psal.
2301 5695 2375 5740 cr,
2422 5675 2506 5729 11).
2583 5675 2629 5707 ⁷⁸
2661 5675 2802 5730 Psal.
2840 5691 2948 5736 xxx,
2993 5673 3082 5727 52.

323 5765 438 5892 (7ιέ
467 5763 711 5893 uidetur,
743 5763 849 5821 nisi
875 5763 1053 5834 fallor,
1110 5763 1373 5822 Eusebius
1411 5766 1554 5823 haud
1622 5766 1938 5822 neutraliter
1992 5767 2128 5828 αῦτη
2192 5767 2510 5837 intelligere,
2544 5775 2600 5822 ut
2637 5767 2753 5834 alii,
2785 5767 2876 5823 scd
2908 5766 2974 5822 de
3001 5767 3115 5835 ipsa
3145 5763 3505 5834 generatione

323 5852 350 5892 ιι
370 5852 413 5893 ac
439 5851 468 5892 a
529 5873 545 5891 .

247 5851 350 5897 κα
370 5851 545 5893 actate.
