4106 6424
271 435 375 492 605

270 554 386 611 Δύο
429 553 648 623 ἄνδρες
711 554 1060 619 ἐπέστησαν
1125 554 1335 620 αὐταῖς
1381 557 1452 608 ἐν
1510 553 1846 620 ἐσθήσεσιν
1876 563 1923 616 Α

806 625 1309 690 ἀστραπτούσαις.

340 699 663 788 Χαρᾶςθκαὶ
713 715 948 782 γέλωτος
1001 719 1201 784 σημεῖα
1235 714 1594 785 γνωρίσματά
1648 732 1706 767 τε
1751 716 1848 784 τῆς

274 808 542 879 σωτηρίου
583 806 930 868 ἀναστάσεως
976 805 1105 876 ὁρᾷν
1136 804 1462 878 παρέχονται
1491 807 1580 858 καὶ
1623 806 1712 860 διὰ
1752 808 1848 877 τῆς

271 898 471 968 λευκῆς
496 895 808 968 περιϐολῆς,
850 896 989 948 ὥστε
1025 896 1116 948 κα)⁸
1145 896 1251 948 ἀπὸ
1280 894 1371 947 τοῦ
1400 898 1680 965 σχήματος,
1705 913 1838 966 συμι

271 990 451 1045 ϐαλεῖν
483 988 584 1051 τὰς
615 991 877 1056 γυναῖκας
915 989 975 1040 τὸ
1019 987 1239 1056 φαιδρὸν
1275 986 1374 1054 τῆς
1407 987 1697 1057 ὲγέρσεως,
1752 989 1846 1041 καὶ

269 1081 370 1151 τῆς
396 1081 489 1134 τοῦ
519 1081 709 1150 Πάσχα
742 1079 936 1150 ἑορτῆς
965 1080 1059 1132 σὺν
1086 1080 1198 1140 τοῖς
1231 1077 1571 1147 λευχείμοσιν
1595 1079 1846 1146 ἀγγέλοις

274 1171 640 1243 ἀπάρξασθαι.
692 1157 939 1240 ’Μωῦσῆς
976 1170 1072 1239 μὲν
1112 1169 1219 1240 γὰρ
1271 1169 1482 1239 πληγὰς
1532 1171 1843 1238 Αἰγυπτίων

276 1264 482 1334 μέλλων
503 1263 864 1316 διακονεῖσθαι
899 1262 1240 1332 καταλλήλως
1269 1263 1326 1313 ἐν
1349 1255 1525 1330 φλογϊ
1547 1262 1719 1332 πυρὸς
1750 1263 1843 1313 τὸν

272 1352 363 1406 ἐπὶ
387 1351 489 1422 τῆς
534 1351 699 1421 βάτου
744 1351 972 1418 ἄγγελον
998 1348 1170 1420 ἑώραο
1204 1351 1236 1402 ό
1264 1350 1308 1403 δ’
1350 1350 1516 1413 αὐτὸς
1551 1347 1843 1421 μοχθηροῖς

269 1441 493 1512 ἀνδράσι
518 1441 840 1512 νομοθετῶν,
875 1439 985 1511 πῦρ
1011 1441 1402 1495 καταναλίσκον
1430 1441 1522 1493 τὸν
1549 1440 1680 1494 Θεὸν
1704 1438 1840 1494 εἶναι

269 1530 473 1598 ἔλεγεν,
524 1529 901 1599 τιμωρητικὸν
939 1530 1041 1581 καὶ·
1088 1528 1351 1599 κολαστὴν
1397 1531 1580 1593 αὐτοῖς
1620 1529 1839 1582 ἔσεσθαι

268 1619 432 1673 αὑτὸν
455 1618 847 1687 αἰνιττόμενος·
882 1617 961 1670 διδ
993 1619 1085 1670 καὶ
1135 1622 1192 1670 ὲν
1226 1618 1399 1688 στύλῳ
1440 1619 1610 1688 πυρὸς
1657 1621 1840 1689 ἡγεῖτο

271 1710 452 1765 αὐτῶν
483 1712 511 1762 ὁ
533 1710 685 1772 Θεὸς.
717 1707 876 1762 Οὕτω
906 1711 1016 1771 τοῖς
1058 1709 1279 1762 ἀσεϐέσι
1304 1709 1554 1778 γενέσθαι
1584 1711 1711 1774 τοὺς
1738 1712 1839 1780 ἀγ-

268 1804 458 1872 γέλους
481 1803 655 1873 πυρὸς
684 1802 854 1871 φλόγα
879 1799 1114 1865 ἐδίδαξεν
1139 1799 1307 1854 είπιίιν
1327 1820 1339 1832 υ
1387 1802 1442 1854 Ὀ
1471 1800 1658 1856 ποιῶν
1693 1803 1839 1869 τοὺς

1297 431 1782 491 FRAGMENTU!
1837 433 1905 490 lN
1948 433 2164 492 EPIST.
2197 434 2290 490 AD
2325 433 2530 492 HEBR.

3411 433 3517 494 ϐω

2159 556 2203 588 ’ί
2219 555 2336 609 Duo
2366 557 2466 609 viri
2496 564 2748 609 steterant
2777 553 3060 610 secaaillus
3088 553 3143 607 in
3179 561 3319 607 mle

2615 625 2854 692 fulgenti.

2024 713 2242 767 Lmlitias
2274 712 2564 784 gaudiique
2588 713 2761 780 signa,
2803 721 2858 765 et
2888 710 3194 765 Servaloris
3229 726 3517 781 resurgen-

1948 805 2018 857 tis
2055 803 2248 856 iudicia
2287 804 2493 858 obtutui
2523 801 2779 856 exhibent
2806 801 3034 854 vestium
3063 801 3316 864 candore,
3355 799 3428 853 ita
3453 809 3516 852 ut

1947 909 2014 947 ex
2038 892 2221 950 habitu
2252 907 2468 962 quoque
2489 893 2857 957 coniectarent
2882 889 3137 944 mulieres
3160 889 3516 944 resurrectio-

1948 987 2033 1038 nis
2060 985 2409 1047 hilaritatem,
2444 983 2824 1050 Pasclialisque
2855 981 2979 1035 festi
3021 997 3143 1036 cum
3179 981 3374 1036 albatis
3413 997 3517 1035 an-

1945 1077 2078 1144 gelis
2126 1075 2359 1130 initium.
2411 1075 2622 1145 Moyses
2645 1085 2832 1127 contra
2869 1072 3518 1145 Egyptiacarumplaga-

1948 1182 2065 1218 rum
2095 1165 2307 1220 futurus
2337 1165 2609 1230 minister,
2645 1165 2698 1217 in
2729 1165 2942 1218 ﬂamma
2983 1165 3125 1234 ignis
3155 1164 3405 1234 angelum
3431 1165 3486 1218 in

1947 1266 2027 1307 tra
2060 1255 2249 1308 rubum
2281 1265 2585 1310 versantem
2615 1254 2954 1323 spectavit".
3004 1254 3148 1308 Idem
3205 1255 3386 1323 pravis
3415 1255 3517 1308 bo-

1946 1347 2184 1401 minibus
2231 1346 2401 1415 legem
2437 1348 2703 1410 scribens,
2743 1348 2907 1400 Deum
2950 1347 3253 1416 appellabat
3290 1345 3516 1400 edacem

1945 1439 2142 1506 ignem,
2173 1439 2475 1507 punitorem
2506 1453 2570 1492 ac
2602 1440 2867 1492 vindicem
2897 1439 3026 1507 ipsis
3051 1439 3167 1492 fore
3193 1438 3424 1492 iuuueus
3441 1435 3512 1492 ⁸⁵.

1941 1531 2126 1593 Quare
2163 1528 2215 1582 in
2261 1529 2412 1595 ignea
2446 1521 2692 1584 columna
2740 1531 3078 1598 praecedebat
3119 1529 3239 1584 illos
3284 1530 3421 1584 Deus
3441 1513 3532 1583 ⁸³(

1942 1620 2032 1674 Sic
2067 1621 2225 1674 etiam
2256 1622 2436 1689 impiis
2477 1620 2591 1675 fore
2642 1622 2861 1690 angelos
2887 1623 3040 1691 quasi
3076 1621 3213 1692 ignis
3239 1619 3514 1676 ﬂammam

1939 1709 2332 1764 demonstravit
2367 1710 2589 1765 dicens:
2621 1711 2723 1776 Qui
2762 1712 2887 1780 facit
2911 1711 3178 1765 ntinistros
3208 1727 3332 1764 suos
3351 1711 3512 1779 [lam-

1939 1817 2077 1855 msm
2107 1802 2242 1878 ignis
2262 1801 2331 1856 ⁸⁸.
2368 1802 2474 1856 Sed
2512 1818 2619 1856 non
2655 1805 2755 1857 hac
2785 1804 2967 1872 specie
3001 1803 3254 1856 viderunt
3291 1800 3515 1872 angelos

267 1889 652 1959 λειτουργοὺς
699 1889 885 1944 αὐτοῦ
914 1889 1102 1957 πιῳὸς
1131 1889 1345 1958 φλόγα.
1389 1889 1526 1942 Ἀλλ’
1557 1891 1618 1943 ού
1664 1891 1840 1943 τοιού-

1943 1891 1995 1944 in
2022 1877 2376 1946 monumento
2413 1891 2688 1955 mulieres,
2723 1892 2817 1947 sed
2847 1892 3045 1946 hilares
3068 1901 3234 1962 atque
3263 1905 3514 1953 serenos,

267 2001 391 2048 τους
437 1985 495 2045 αἱ
548 1987 802 2052 γυναῖκες
828 1983 952 2045 τοὺς
981 1981 1110 2035 είσω
1159 1982 1254 2034 τοῦ
1309 1983 1590 2053 μνήματος
1626 1983 1832 2055 ἑώρων,

266 2074 532 2145 γαληνοὺς
555 2074 612 2127 δέ
645 2090 797 2136 τινας
822 2074 914 2127 καὶ
940 2072 1215 2143 φαιδροὺς,
1239 2073 1382 2135 οἴους
1410 2075 1577 2144 ἐχρῆν
1604 2076 1696 2127 ἐπὶ
1731 2077 1834 2128 Δε-

273 2149 470 2218 σπότου
494 2166 635 2236 χαρᾷ
669 2164 763 2216 καὶ
795 2163 1037 2234 βασιλεία
1065 2162 1365 2232 φαίνεσθαι.
1406 2164 1528 2217 Ἐπὶ
1580 2166 1678 2236 μὲν
1725 2166 1833 2238 γὰρ

264 2255 344 2328 τῷ
368 2255 531 2309 πάθει
561 2256 656 2308 τοῦ
687 2255 938 2325 Σωτῆρος
965 2256 994 2307 ὁ
1016 2254 1165 2324 ἥλιος
1198 2253 1430 2319 ἐξέλιπε,
1460 2256 1648 2319 σκότος
1674 2274 1832 2328 περι-

266 2345 444 2402 ϐαλὼν
464 2345 542 2417 τῷ
571 2349 751 2410 παντὶ,
781 2344 990 2417 θρήνων
1014 2363 1074 2399 τε
1103 2347 1196 2406 καὶ
1219 2345 1448 2408 πένθους
1467 2346 1709 2417 σύμϐολα
1722 2351 1834 2412 τοῖς

269 2436 559 2508 σταυροῦσι
586 2436 676 2488 τὸν
707 2435 831 2488 Υῑδν
850 2435 944 2488 τοῦ
967 2434 1102 2488 Θεοῦ
1135 2435 1347 2498 δεικνύς
1372 2452 1386 2465 ο
1420 2437 1513 2488 καὶ
1532 2437 1704 2500 οὐδεὶς
1736 2438 1835 2507 μὲν

268 2527 514 2598 ἔφαινετο
553 2527 660 2579 τῶν
703 2525 946 2595 ἀγγέλων
991 2526 1050 2579 τὸ
1081 2524 1386 2598 τηνικαῦτα
1421 2527 1496 2590 ὠς
1535 2527 1681 2591 εἰκὸς
1725 2531 1835 2593 τοῖς

273 2616 770 2689 μαθηταῖς,ὁμοίως
789 2619 884 2671 καὶ
911 2617 1086 2670 αὐτῶν
1105 2612 1209 2671 ὦδε
1241 2619 1403 2674 κάκεῖ
1427 2617 1835 2678 διασκεδασθένε

265 2725 392 2762 των.
419 2709 482 2761 El
519 2709 564 2762 δ’
597 2710 705 2780 ἀρα
752 2711 846 2762 καὶ
887 2708 1118 2780 ὀφθῆναί
1157 2726 1278 2762 τινα
1321 2710 1507 2781 ἐχρῆν,
1537 2711 1679 2781 τάχα
1730 2728 1833 2764 που

264 2799 366 2872 τὴν
409 2800 656 2853 ἐναντίαν
686 2804 798 2864 τοῖς
829 2801 1167 2872 λευχειμοσιν
1215 2801 1520 2874 ἀνθρώποις
1567 2802 1665 2873 τὴν
1707 2805 1837 2858 ἀνα-

267 2890 457 2963 στολὴν
501 2891 840 2955 ἀνεδείξατο·
881 2891 1076 2945 αὐτίκα
1126 2893 1258 2961 γοῦν
1303 2895 1396 2947 ἐπὶ
1427 2894 1504 2964 τῷ
1551 2893 1712 2948 πάθει
1739 2896 1836 2967 οὐχ

265 2982 415 3052 ἣλιος
449 2982 607 3053 μόνον
649 2983 963 3048 ἐσκότασεν,
994 2982 1130 3036 ἀλλά
1157 2984 1251 3037 καὶ
1286 2986 1315 3037 ὁ
1342 2985 1530 3056 Σωτὴρ
1557 2988 1707 3056 φωνῇ
1741 3002 1837 3056 με-

267 3075 409 3146 γάλῃ
431 3075 638 3146 κράξας
659 3075 833 3144 ἀφῆκε
858 3074 919 3127 τὸ
951 3074 1183 3146 πνεῦμα,
1214 3076 1276 3128 τὸ
1324 3077 1720 3147 καταπέτασμα
1740 3077 1834 3132 τοῦ

267 3167 396 3221 ναοῦ
426 3165 650 3237 ἐσχίσθη
675 3169 753 3229 είς
776 3167 887 3225 δύο.
919 3167 1198 3238 μονονουχὶ
1221 3169 1707 3240 περιρρηξαμένων
1743 3170 1838 3222 καὶ

267 3258 450 3312 αὐτῶν
467 3259 574 3311 τῶν
603 3257 768 3311 πάλαι
787 3259 848 3310 τὸ
884 3259 1023 3330 ἱερὸν
1064 3259 1410 3313 ἐνοικούντων
1432 3259 1700 3328 ἀγγέλων,
1735 3278 1834 3313 πε·-
1863 3236 1910 3297 c

269 3346 644 3418 ριρῤηξάντων
665 3364 724 3399 τε
767 3348 825 3401 τὸ
871 3348 1065 3418 σεμνὸν
1112 3346 1360 3418 ὕφασμα,
1390 3349 1465 3410 ὡς
1501 3349 1586 3412 ἀν,
1631 3350 1836 3420 γυμνὸς

266 3437 363 3490 καὶ
391 3437 597 3508 ἕρημος
617 3436 963 3507 ἀπολειφθεὶς
1007 3440 1105 3510 τῆς
1141 3440 1316 3493 αὐτῶν
1356 3443 1618 3512 φρουρᾶς,
1658 3442 1687 3493 ὁ
1725 3442 1835 3495 τῶν

267 3530 484 3584 ἀϐάτων
511 3532 605 3583 καὶ
628 3531 836 3585 ἀδύτων
856 3533 1039 3597 τόπος,
1073 3534 1288 3604 ἱτοιμος
1312 3535 1525 3604 ὲχθροίς
1551 3535 1646 3588 καὶ⁹
1679 3535 1838 3588 πολε-

176 3642 178 3645 ·
271 3622 413 3690 μίοις
464 3623 784 3694 κατασταίη.
828 3624 986 3678 Ἀλλά
1036 3625 1208 3680 ταῦτα
1252 3628 1350 3696 μὲν
1394 3629 1486 3680 ἐπὶ
1530 3629 1609 3699 τῷ
1673 3628 1834 3683 πάθει

270 3708 576 3763 συνέϐαινεν
597 3728 609 3740 ·
645 3712 737 3763 ἐπὶ
779 3712 836 3766 δὲ
866 3715 932 3784 τῇ
969 3715 1220 3787 σωτηρίῳ
1242 3716 1554 3780 ἀναστάσει,
1577 3719 1653 3782 ὼς
1693 3719 1837 3791 ζωῆς

270 3791 488 3859 ἄγγελοι
535 3793 630 3846 καὶ
666 3795 764 3864 τῆς
789 3795 1134 3861 ἀναστάσεως
1163 3801 1422 3870 κήρυκες,
1445 3801 1537 3853 τὸν
1570 3803 1734 3856 τόπον
1775 3797 1837 3862 οῦ

271 3872 445 3928 ἔκειτο
469 3876 531 3927 τὸ
555 3877 713 3948 σῶμα
740 3883 1038 3950 περιεῖπον,
1078 3881 1138 3946 ὲξ
1169 3885 1336 3954 αὐτῆς
1365 3884 1550 3957 ὥσπερ
1595 3887 1692 3956 τῆς
1739 3890 1837 3940 ἐπ-

271 3964 416 4035 αφῆς
441 3968 532 4023 τοῦ
559 3969 722 4023 τόπου
769 3970 1075 4044 ἁγιωσύνης
1105 3975 1409 4045 κρείττονος
1441 3978 1473 4044 ἢ
1497 3978 1615 4029 κατ’
1643 3979 1840 4044 αὐτοὺς

277 4059 654 4129 μετασχόντες,
677 4062 770 4115 καὶ
809 4062 908 4133 τῆς
931 4064 1276 4130 ἀναστάσεως
1320 4066 1484 4120 αὐτοῦ
1527 4069 1842 4124 κοινωνοῦν-

1939 1981 2237 2046 cujusmodi
2262 1996 2357 2036 eos
2380 1982 2547 2036 videri
2580 1984 2864 2051 oportebat
2900 1984 2953 2036 iu
2995 1982 3206 2036 Domini
3236 1983 3432 2051 gaudio
3456 1990 3516 2036 et

1936 2087 2120 2142 regno.
2146 2072 2201 2126 In
2226 2072 2534 2128 Servatoris
2559 2073 2778 2141 quidem
2817 2073 2965 2126 obitu
2999 2072 3077 2128 sol
3112 2071 3333 2135 defecit,
3365 2082 3516 2125 tene-

1936 2164 2046 2218 brae
2078 2164 2317 2231 undique
2350 2177 2411 2218 se
2434 2162 2797 2223 iutendentes.
2846 2162 3207 2216 lamentorum
3247 2172 3302 2216 et
3337 2160 3517 2221 luctus

1934 2253 2174 2324 symbola
2214 2253 2658 2324 cruciﬁgentibus
2687 2254 2883 2310 Filium
2919 2253 3013 2308 Dei
3048 2253 3514 2307 demonstrarunt.

1934 2346 2224 2415 Nullusque
2254 2362 2319 2403 eo
2349 2330 2594 2417 tempore
2635 2349 2856 2416 angelus
2881 2345 3197 2416 apparuisse
3224 2342 3507 2413 discipulis

1935 2437 2167 2503 videtur,
2203 2438 2337 2506 ipsis
2365 2453 2583 2507 quoque
2621 2439 2721 2492 hac
2765 2438 2889 2491 illac
2926 2435 3267 2505 dispersione
3314 2435 3516 2490 distra-

1935 2531 2060 2584 ctis.
2095 2530 2249 2597 Quod
2284 2531 2328 2585 si
2363 2546 2524 2600 quem
2559 2545 2821 2600 apparere
2869 2543 3008 2600 Opus
3049 2528 3257 2592 fuisset,
3293 2535 3518 2581 contra-

1936 2622 2095 2684 riam,
2124 2632 2184 2675 ut
2219 2623 2474 2685 arbitror,
2500 2622 2696 2677 albatis
2730 2622 3043 2676 hominibus
3082 2627 3289 2675 vestem
3314 2631 3429 2688 pra
3452 2631 3527 2673 se

1939 2712 2205 2767 tulissent.
2239 2711 2358 2766 Jam
2383 2713 2642 2782 primum,
2670 2711 2725 2767 in
2749 2711 2998 2780 passione
3036 2725 3144 2764 non
3166 2709 3246 2765 sol
3271 2718 3520 2764 tantum-

1939 2807 2097 2858 modo
2130 2803 2452 2859 obscuratus
2478 2812 2584 2868 est,
2627 2803 2722 2858 sed
2771 2810 2827 2858 et
2863 2803 3124 2859 Servatur
3160 2815 3354 2871 magna
3378 2811 3521 2854 voce

1937 2894 2248 2949 exclamans
2283 2896 2533 2962 spiritum
2562 2894 2766 2958 emisit,
2808 2894 2990 2962 templi
3034 2893 3210 2948 velum
3259 2891 3522 2947 bifariam

1938 2985 2192 3052 scissum,
2239 2987 2368 3058 ipsis
2401 2987 2785 3057 propemodum
2814 2986 3077 3056 dispersis
3119 2985 3211 3056 qui
3255 2971 3514 3054 templum

1941 3076 2247 3132 incolebant
2267 3076 2498 3144 angelis,
2528 3076 2623 3147 qui
2653 3086 2709 3132 et
2739 3075 2869 3132 illud
2897 3076 3268 3130 venerandum
3302 3083 3519 3130 textum

1939 3168 2236 3231 sciderunt,
2275 3175 2332 3219 ut
2369 3167 2544 3221 nudus
2567 3183 2646 3222 ac
2703 3170 2950 3221 desertus
2994 3165 3234 3236 ipsorum
3267 3165 3517 3220 custodia

1943 3258 2161 3312 relictus
2191 3257 2278 3312 ille
2309 3271 2632 3312 arcanarum
2684 3266 2846 3327 atque
2892 3257 3289 3312 inaccessarum
3331 3271 3515 3310 rerum

1941 3347 2111 3412 locus.
2155 3348 2596 3416 belligerantibus
2628 3348 2871 3404 hostibus
2897 3348 3118 3418 pervius
3137 3356 3364 3416 pateret.
3407 3345 3518 3402 Sed

1941 3438 2056 3494 hac
2078 3438 2296 3509 quidem
2324 3438 2598 3509 passionis
2627 3448 2871 3509 tempore
2903 3439 3268 3508 contigerunt.
3293 3436 3518 3492 Verum-

1941 3539 2118 3585 tamen
2149 3528 2440 3584 Senatore
2474 3539 2811 3600 resurgente,
2852 3545 2949 3584 ceu
2975 3531 3096 3584 vita:
3119 3530 3315 3593 nuntii,
3345 3538 3402 3584 et
3429 3543 3521 3585 re-

1939 3617 2296 3673 surrectionis
2325 3632 2626 3688 praecones,
2675 3619 2852 3674 locum
2894 3619 2983 3675 ubi
3039 3633 3239 3688 corpus
3262 3618 3519 3689 iacuerat

1943 3711 2236 3779 stipabant,
2264 3709 2383 3779 ipso
2409 3705 2808 3778 quodammodo
2839 3709 2942 3766 loci
2969 3720 3228 3766 contactu
3254 3709 3519 3765 sanctita-

1946 3811 2051 3857 tem
2078 3801 2292 3872 propria
2334 3803 2595 3872 majorem
2642 3802 3047 3873 participantes,
3088 3817 3154 3858 ac
3187 3800 3400 3856 Domini
3430 3795 3530 3855 re?

1944 3893 2266 3948 surrectioni
2313 3894 2798 3949 communicantes.
2845 3893 2969 3947 ldeo
2998 3893 3180 3946 vultus
3212 3891 3413 3945 hilares
3450 3905 3518 3944 ac

1943 3980 2300 4050 laatabundos,
2339 3994 2394 4038 et
2428 3984 2606 4040 albam
2641 3995 2846 4039 vestem
2879 3983 3017 4039 festo
3065 3983 3372 4040 Servatoris
3407 3983 3517 4038 dici

1948 4073 2357 4128 convenientem
2388 4076 2691 4144 gestabant.

272 4163 381 4214 τες.
407 4151 496 4207 Διὸ
527 4152 725 4223 φαιδρά
757 4155 851 4206 καὶ
901 4153 1188 4224 μειδιῶντα
1224 4157 1513 4227 πρόσωπα,
1545 4159 1730 4230 σχῆμά
1753 4176 1813 4213 τε
1839 4161 2106 4232 σωτηρίου
2135 4161 2330 4233 ἑορτῆς
2351 4164 2685 4234 παρέφαινον
2706 4155 3194 4233 λευχειμονοῦντες.

315 4285 640 4307 σ--ιιαι

449 4363 720 4422 ευεεθιι
753 4366 1230 4425 FRAGMENTUM
1272 4373 1360 4427 EX
1397 4372 1644 4429 CODICE
1684 4374 2197 4432 MEDIOLANENSI
2221 4417 2235 4442 ,
2275 4375 2344 4431 IN
2383 4376 2526 4444 QUO
2565 4375 2696 4430 EST
2736 4375 3015 4431 CATENA
3053 4375 3340 4432 PATRUM

1149 4465 1556 4524 CRECORUM
1595 4467 1662 4523 IN
1708 4469 2101 4527 EPISTOLAH
2136 4470 2229 4524 AD
2267 4468 2635 4527 HEBREOS.

1583 4583 1735 4654 (ΜΑι,
1773 4584 1932 4652 ibid.,
1963 4600 2017 4656 p.
2041 4585 2194 4654 207.)

359 4694 438 4750 Ad
478 4709 599 4764 cap.
634 4693 748 4762 XII,
780 4695 865 4750 18.
897 4696 1254 4754 ΕΥΣΕΒΙΟΥ.
1284 4701 1514 4770 Λέγεται
1539 4702 1648 4774 γὰρ
1674 4704 1840 4758 κατά-

2013 4703 2496 4776 Eusssu.Dicitur
2546 4702 2690 4758 Deus
2741 4700 2792 4754 in
2851 4708 3087 4754 montem
3133 4700 3518 4764 descendisse.

279 4783 434 4851 ϐασις
469 4786 587 4841 θεία
615 4788 707 4840 ἐπὶ
742 4787 804 4841 τὸ
833 4787 956 4863 ὅρος
981 4790 1260 4858 γεγονέναι
1287 4793 1407 4845 καθ’
1441 4793 1500 4846 ὃν
1533 4793 1841 4864 ἐνομοθέτει

279 4878 482 4950 καιρὸν,
497 4878 584 4931 ἴνα
612 4878 811 4941 πάντες
832 4878 1133 4933 θεάσωνται
1158 4881 1255 4953 τὴν
1280 4884 1557 4955 ἐνέργειαν
1575 4885 1669 4938 τοῦ
1683 4885 1837 4938 Θεοῦ·

275 4969 569 5033 κατάϐασις
593 4969 702 5040 γὰρ
728 4971 863 5042 αῦτη
891 4976 1067 5042 σαφής
1096 4976 1264 5038 ἐστιν,
1299 4976 1356 5027 οὐ
1387 4976 1460 5046 μὴ
1493 4977 1843 5048 τοπική.Τῶν

277 5061 404 5128 γοῦν
452 5061 736 5138 φυομένων
767 5064 906 5128 κατά
943 5063 1006 5116 τὺ
1046 5065 1169 5135 ὅρος
1207 5068 1551 5137 φλεγομένων
1574 5069 1840 5141 σφοδρῶς,

275 5153 420 5205 οὐδὲν
446 5153 506 5207 τὸ
527 5153 638 5223 πῦρ
660 5151 960 5215 ὲξανάλωσε
981 5174 993 5185 ’
1055 5157 1367 5227 σαλπίγγων
1406 5177 1464 5211 τε
1518 5162 1690 5230 φωναὶ
1721 5177 1842 5229 σφο-

191 5316 193 5318 η
274 5242 524 5315 δρότερον
559 5247 938 5317 συνηκούοντο,
957 5247 1030 5318 μὴ
1053 5251 1427 5320 προκειμένων
1455 5254 1702 5325 ὀργάνων
1730 5271 1842 5307 τοι-

273 5330 461 5398 ούτων,
499 5334 633 5404 μηδὲ
657 5335 751 5388 τοῦ
778 5337 1144 5407 φωνήσαντος,
1196 5339 1329 5392 ἀλλά
1375 5341 1493 5412 θείᾳ
1527 5346 1834 5413 κατασκευῇ

272 5423 572 5494 γινομένων
627 5428 900 5481 ἁπάντων.
941 5429 1102 5480 ’Ὥστε
1148 5431 1316 5497 σαφὲς
1363 5427 1500 5485 εἶναι
1536 5433 1624 5486 διὰ
1663 5434 1837 5487 ταῦτα

275 5514 373 5584 τὴν
413 5516 712 5569 κατάϐασιν
759 5517 907 5572 θείαν
946 5520 1245 5586 γεγονέναι.
1281 5523 1374 5574 καὶ
1411 5523 1500 5574 τὸν
1528 5523 1659 5576 Θεὸν
1708 5525 1834 5577 ἄνευ

276 5606 415 5671 τινὸς
467 5606 738 5660 δεικνύναι
780 5610 878 5680 τὴν
931 5610 1124 5663 ἑαυτοῦ
1157 5611 1243 5666 διὰ
1291 5614 1507 5667 πάντων
1557 5615 1836 5685 μεγαλειό-

273 5712 429 5769 τητα.

1946 4810 2058 4866 quo
2095 4805 2336 4865 tempore
2370 4794 2458 4850 lex
2494 4792 2826 4857 tradebatur,
2864 4801 2922 4844 ut
2953 4791 3135 4846 cuncti
3167 4791 3378 4846 scilicet
3423 4789 3521 4846 Dei

1947 4886 2241 4943 ellicaciam
2286 4885 2553 4940 viderent.
2596 4881 2894 4952 Ceteroqui
2931 4881 3046 4936 haec
3084 4882 3389 4947 descensio,
3423 4897 3521 4934 es-

1947 4989 2114 5033 ternae
2157 4977 2481 5033 ostensionis
2541 4975 2676 5040 fuit,
2733 4991 2838 5030 nou
2890 4973 3103 5030 localis.
3154 4973 3522 5040 Quamobrem

1947 5066 2260 5121 ardentibus
2302 5065 2429 5120 licet
2469 5065 2741 5130 omnibus,
2766 5079 2887 5135 qua
2929 5065 2982 5118 in
3015 5072 3198 5118 monte
3245 5063 3522 5131 germina-

1945 5159 2112 5223 baut,
2156 5159 2288 5215 nihil
2334 5166 2513 5213 tamen
2564 5159 2687 5228 igne
2752 5159 3192 5214 consumebatur.
3244 5155 3520 5211 Tubarum

1947 5263 2162 5318 quoque
2196 5249 2412 5313 sonitus
2445 5249 2748 5321 gravissimi
2795 5249 3173 5312 audiebantur,
3203 5261 3517 5317 quanquam

1951 5339 2132 5394 nullus
2181 5340 2254 5395 ibi
2315 5356 2448 5395 usus
2507 5341 2988 5395 instrumentorum
3041 5348 3199 5402 erat,
3250 5352 3523 5406 nemoque

1943 5432 2214 5495 clamans,
2256 5431 2350 5486 sed
2404 5432 2496 5487 Dei
2553 5432 2927 5487 tantummodo
2968 5445 3131 5502 Opera
3177 5430 3294 5485 haec
3331 5429 3520 5484 omnia

1944 5523 2163 5575 ﬂebant.
2198 5520 2377 5588 Quare
2425 5521 2760 5591 exploratum
2808 5530 2926 5586 est,
2973 5521 3208 5575 divinam
3256 5518 3515 5586 hujusce-

1947 5612 2087 5667 modi
2117 5611 2283 5667 fuisse
2305 5613 2734 5677 descensionem,
2763 5611 3044 5680 Deumque
3062 5609 3267 5678 alisque
3289 5610 3398 5663 ullo
3420 5610 3520 5664 ad-

1945 5702 2204 5758 miniculo
2234 5719 2387 5757 suam
2420 5705 2470 5758 in
2483 5703 2730 5758 omnibus
2743 5702 3046 5757 ostendisse
3067 5699 3517 5770 titaguitudiueln.

371 5809 392 5841 '
415 5807 545 5866 Luc.
572 5825 720 5877 xxiv,
744 5811 797 5867 4.
875 5812 918 5844 ⁸³
943 5812 1112 5869 Exod.
1154 5828 1238 5881 lli,
1261 5816 1314 5868 2.
1395 5814 1440 5846 “
1467 5813 1619 5869 Deut.
1662 5831 1732 5881 Iv,
1759 5814 1848 5868 Si.
1926 5816 1970 5847 ⁸⁵
2013 5813 2178 5870 Exod.
2217 5830 2372 5879 um,
2403 5815 2492 5871 ⁸21.
2568 5816 2612 5848 ⁸⁸
2644 5813 2785 5870 Psal.
2813 5829 2928 5879 cut,
2962 5814 3014 5868 4.
