4106 6400
641 377 734 436 007
1338 377 1601 433 EUSEBII
1638 375 2105 433 CESARIENSIS
2140 374 2291 430 OPP.
2332 372 2511 427 PARS
2550 371 2711 427 ιν...
2748 367 3164 427 DOGMATICA.
3726 363 3829 417 608

662 517 3815 557 ω

722 732 1566 912 EUSEBII
1628 727 2342 912 ΟΡΕΒΑ

2105 727 2342 904 BA
2398 718 3726 908 DOGMATICA.

1548 1202 1747 1322 DE
1832 1194 2900 1324 ΤΗΕΟΡΗΑΝΙΑ.

1353 1433 1575 1503 (Angela
1610 1433 1733 1499 MAI,
1771 1431 2093 1485 Bibliotheca
2130 1446 2260 1485 nova
2298 1428 2541 1497 Patrum,
2582 1430 2671 1496 ιν,
2712 1429 2814 1484 HO
2851 1442 2904 1485 et
2942 1430 3083 1497 510.)

1923 1730 2543 1822 MONITUM.

700 1953 850 2008 Inter
895 1961 1083 2006 uetera
1125 1948 1334 2006 Eusebii
1365 1948 1703 2003 Ctesariensis
1736 1965 1891 2017 Opera
1932 1949 2079 2002 divus
2119 1947 2487 2017 Hieronymus,
2519 1950 2597 2004 De
2631 1950 2762 2004 viris
2802 1950 2875 2003 ill.
2911 1966 3023 2017 cap.
3050 1950 3138 2014 81,
3169 1951 3334 2003 libros
3376 1949 3597 2018 quinque
3631 1948 3837 2017 Θεοφα-

626 2044 807 2111 νεζας,
854 2046 907 2098 id
949 2054 1023 2097 est
1077 2044 1147 2096 De
1186 2043 1274 2095 Dei
1324 2040 1785 2104 maniiestatione,
1830 2040 2204 2092 nominauerat.
2239 2037 2371 2090 Item
2417 2039 2581 2108 Syrus
2630 2038 2915 2094 Ebediesus
2963 2041 3015 2093 in
3058 2051 3327 2093 auctorum
3374 2042 3635 2107 catalogo,
3687 2054 3837 2105 quem

630 2135 949 2191 Ecltellensis
982 2138 1169 2206 primo,
1198 2135 1381 2188 deinde
1409 2134 1720 2187 Assemanus
1758 2135 2059 2197 ediderunt,
2109 2134 2242 2184 idem
2284 2130 2494 2185 Eusebii
2524 2150 2655 2201 opus
2684 2142 3171 2189 commemoraverat
3208 2133 3271 2185 de
3315 2128 3500 2184 Graeca
3530 2131 3598 2182 ad
3638 2130 3833 2199 Syria-

622 2244 737 2279 cam
790 2228 1021 2296 Knguam
1062 2225 1392 2278 translatum.
1440 2222 1610 2278 Cra-ci
1650 2226 1920 2292 originalis
1960 2224 2213 2291 deperditi
2262 2224 2437 2287 viginti
2480 2241 2570 2293 ego
2612 2224 2903 2292 fragmenta
2943 2225 2997 2275 in
3039 2222 3305 2276 Vaticanis
3346 2222 3609 2275 codicibus
3654 2222 3840 2273 obser-

624 2327 763 2377 vata,
789 2318 925 2370 inter
948 2314 1169 2369 Veteres
1196 2332 1330 2368 meos
1361 2316 1659 2381 Scriptores
1686 2324 1722 2365 t.
1751 2312 1801 2377 I,
1825 2316 1906 2367 ed.
1936 2330 2060 2377 sec.,
2087 2330 2223 2366 anno
2247 2313 2400 2377 1851,
2426 2322 2472 2365 et
2503 2323 2541 2367 t.
2582 2311 2743 2375 VIII.
2771 2330 2858 2366 an.
2885 2314 3040 2378 1855,
3066 2314 3472 2381 divulgaveram.
3499 2314 3633 2367 Ecce
3663 2322 3836 2364 autem

624 2407 975 2476 signiﬁcatam
1008 2407 1153 2460 nobis
1188 2408 1250 2459 ab
1280 2405 1536 2460 Ebediesu
1573 2406 1847 2475 Syriacam
1892 2406 2174 2459 Eusebiani
2212 2406 2375 2472 operis
2417 2404 2836 2467 translationem,
2884 2406 2995 2457 duo
3020 2382 3251 2472 perdocti
3282 2416 3326 2457 et
3370 2406 3597 2458 illustres
3647 2414 3839 2458 nostra

624 2500 797 2552 artatis
835 2498 987 2567 Anin
1021 2514 1046 2552 ε
1078 2498 1295 2550 tenebris
1341 2498 1558 2565 denique
1586 2506 1849 2562 eruerant,
1879 2496 2126 2549 Tatamus
2158 2506 2308 2565 atque
2355 2494 2521 2557 Leus;
2555 2511 2773 2563 quorum
2818 2495 2907 2548 ille
2955 2512 3018 2548 ea:
3055 2494 3372 2563 .Egyptiaco
3421 2496 3474 2549 in
3508 2495 3687 2549 Nitria
3726 2513 3839 2547 ma-

625 2590 853 2643 nasterio
892 2588 1127 2643 Scetensi
1162 2587 1387 2639 codicem
1430 2602 1564 2639 anno
1597 2587 1729 2643 1839
1775 2588 1827 2639 in
1862 2587 2098 2654 Angliam
2140 2586 2359 2647 detulit;
2402 2584 2534 2636 alter
2574 2592 2745 2635 autem
2796 2583 3071 2651 Syriacum
3110 2586 3246 2637 hunc
3289 2594 3482 2637 textum
3523 2603 3661 2638 anno
3702 2585 3843 2639 1842

624 2677 884 2743 Londini,
924 2684 969 2728 et
1019 2686 1259 2745 sequente
1305 2692 1441 2727 anno
1482 2675 1756 2743 Anglicum
1800 2676 2027 2742 ejusdem
2082 2674 2562 2739 interpretationem
2623 2671 2977 2742 Cantabrigiaa
3019 2690 3133 2726 cum
3188 2675 3410 2729 eruditis
3458 2676 3841 2744 prolegomenis

624 2771 934 2839 scholiisque
970 2770 1248 2838 impressit.
1272 2769 1338 2822 Et
1376 2768 1626 2837 Syriacus
1656 2770 1858 2838 quidem
1893 2778 2060 2821 textus
2097 2768 2327 2820 nondum
2354 2768 2420 2819 ad
2459 2783 2559 2832 me,
2599 2770 2736 2837 quod
2766 2769 2936 2833 doleo,
2980 2769 3237 2835 pervenit;
3278 2787 3393 2824 cum
3433 2781 3607 2825 tamen
3652 2773 3845 2840 Angli-

623 2882 737 2918 cum
777 2864 1040 2917 desinente
1078 2877 1215 2914 anno
1250 2860 1385 2914 1846
1414 2860 1676 2912 commode
1708 2860 1912 2912 demum
1959 2873 2140 2911 nactus
2179 2858 2392 2927 fuerim,
2432 2874 2644 2926 eumque
2695 2860 2925 2912 studiose
2965 2859 3195 2927 legerim,
3247 2861 3422 2913 statim
3463 2867 3676 2929 cognovi
3723 2866 3843 2931 {ra-

623 2940 826 3027 gmenta
859 2956 1042 3012 Graeca
1072 2972 1187 3024 qua:
1221 2972 1311 3023 ego
1337 2955 1527 3007 multos
1558 2964 1676 3007 ante
1706 2970 1869 3007 annos
1897 2954 2183 3019 edideram,
2221 2970 2399 3020 reapse
2432 2956 2497 3006 ad
2527 2953 2743 3007 Eusebii
2774 2953 3196 3021 Theophaniam,
3228 2964 3379 3020 prout
3414 2956 3649 3019 ipsorum
3689 2958 3831 3011 tituli

623 3053 875 3118 ferebant,
914 3051 1167 3119 pertinere
1199 3051 1341 3117 (nam
1371 3050 1532 3102 sicubi
1569 3050 1767 3101 codices
1794 3050 1892 3101 mei
1926 3065 2039 3100 cum
2078 3047 2296 3115 Syriaco
2328 3064 2429 3101 non
2457 3048 2586 3101 satis
2617 3056 2933 3117 congruunt,
2975 3049 3025 3100 id
3066 3048 3173 3100 suis
3204 3048 3330 3101 locis
3361 3059 3539 3116 postea
3579 3051 3832 3122 dicetur).

627 3145 732 3201 Sed
767 3155 814 3199 et
862 3146 1068 3213 insuper
1104 3143 1359 3210 comperi,
1394 3142 1684 3211 fragmenta
1728 3142 1864 3209 alia,
1904 3159 1993 3193 nec
2023 3143 2194 3195 brevia
2238 3158 2326 3194 nec
2364 3142 2689 3209 paenitenda,
2729 3157 2845 3210 qua:
2878 3156 2968 3208 ego
3006 3140 3058 3192 in
3119 3138 3383 3194 Vaticanis
3427 3152 3735 3195 catenarum
3766 3145 3835 3195 ad

628 3239 825 3293 Lucam
868 3238 1131 3293 codicibus
1172 3237 1264 3290 sub
1312 3236 1524 3289 Eusebii
1569 3245 1767 3288 tantum
1822 3236 2025 3288 nomine
2071 3252 2403 3302 aspexeram,
2449 3236 2666 3303 ideoque
2711 3245 2958 3302 tanquam
3000 3234 3285 3286 Eusebiani
3328 3235 3395 3287 ad
3446 3233 3642 3288 Lucam
3695 3253 3841 3289 com-

626 3332 868 3384 mentarii
907 3340 1167 3400 segmenta
1199 3332 1253 3382 in
1292 3331 1537 3398 prwdicto
1570 3328 1766 3397 Scripl.
1788 3338 1895 3383 vet.
1926 3340 2063 3382 torno
2098 3332 2261 3397 primo
2295 3339 2653 3393 attexueram;
2679 3328 2927 3395 comperi,
2966 3332 3201 3395 inquam,
3244 3329 3354 3381 hac
3394 3345 3599 3398 quoque
3643 3317 3842 3399 partim

626 3442 689 3479 ea:
718 3426 1059 3493 Theoplrania
1105 3424 1266 3492 fuisse
1304 3425 1555 3489 detracta,
1592 3424 1645 3476 id
1685 3426 1821 3493 quod
1867 3422 2112 3493 Syriacus
2165 3436 2334 3477 textus
2375 3423 2451 3477 vel
2501 3423 2669 3493 potius
2716 3422 3037 3490 Anglicanus
3082 3438 3159 3475 me
3212 3423 3381 3475 docet.
3423 3421 3555 3486 Qua
3590 3440 3671 3477 res
3722 3441 3844 3477 cum

627 3534 705 3572 me
740 3534 1046 3587 magnopere
1088 3518 1469 3584 delectavisset,
1508 3519 1748 3570 constitui
1796 3520 2034 3585 protinus
2078 3518 2259 3572 (ἔπεσα
2306 3519 2483 3571 omnia
2517 3516 2881 3585 Theophanis:
2924 3532 2955 3568 a
2994 3532 3073 3569 me
3113 3518 3235 3569 olim
3295 3518 3493 3571 detecta
3543 3518 3843 3587 fragmenta

626 3626 761 3663 nunc
800 3626 1129 3678 congregare,
1163 3608 1348 3663 Latina
1377 3611 1531 3663 etiam
1563 3608 1753 3676 facere,
1781 3620 1933 3679 atque
1967 3620 2021 3661 ut
2057 3610 2296 3662 monebat
2337 3608 2570 3676 impressi
2600 3608 2819 3677 Anglice
2862 3608 3029 3675 operis
3060 3608 3249 3672 series,
3294 3608 3421 3662 locis
3455 3610 3694 3678 quodque
3730 3614 3842 3664 suis

623 3703 895 3757 collocare.
922 3701 1058 3755 Nam
1101 3701 1467 3755 Vaticanarum
1506 3713 1803 3756 catenarum
1834 3712 2072 3756 auctores
2104 3700 2316 3756 Eusebii
2356 3702 2754 3771 Tlieophaniam
2786 3711 2931 3753 extra
2981 3701 3098 3753 libri
3145 3702 3378 3754 ordinem
3408 3716 3503 3768 pro
3544 3718 3637 3755 suo
3685 3704 3839 3756 libita

623 3803 1004 3860 excerpserunt,
1040 3796 1114 3847 vel
1154 3796 1323 3862 potius
1356 3803 1506 3861 prout
1551 3794 1875 3862 evangelicae,
1912 3810 2066 3861 quam
2112 3795 2211 3859 ipsi
2255 3796 2619 3863 sequebantur,
2654 3792 2884 3846 historia:
2924 3806 3105 3845 cursus
3152 3793 3412 3860 poscebat.
3450 3793 3707 3860 Exemplo
3769 3797 3840 3849 sit

628 3886 859 3937 narratio
887 3885 949 3937 de
977 3885 1169 3937 Christi
1204 3885 1413 3937 Domini
1446 3892 1631 3947 morte,
1669 3900 1823 3952 quam
1857 3881 2111 3936 Eusebius
2135 3883 2280 3951 tlibro
2329 3885 2480 3935 tertio
2517 3881 2685 3935 medio
2728 3884 2933 3947 scribit,
2978 3882 3190 3937 Nicetes
3234 3890 3442 3944 autem,
3489 3883 3643 3936 unius
3663 3902 3704 3954 ξε
3750 3904 3841 3941 ca-

626 3977 761 4029 tenis
809 3985 1013 4038 auctor,
1061 3976 1152 4027 sub
1188 3975 1341 4042 ﬁnem
1379 3991 1486 4029 sua:
1538 3976 1913 4027 lucubrationis
1943 3983 1997 4027 ut
2042 3988 2137 4041 par
2182 3984 2294 4027 erat
2328 3974 2531 4041 posuit,
2577 3990 2753 4040 nempe
2788 3976 2841 4028 in
2883 3976 3075 4044 pagina
3118 3974 3313 4025 codicis
3362 3978 3719 4030 trecentesima
3756 3996 3840 4033 ιε-

625 4071 814 4136 ptime,
856 4082 972 4133 qua:
1007 4082 1038 4116 a
1075 4064 1177 4133 ﬁne
1208 4067 1287 4117 sui
1328 4065 1601 4119 voluminis
1643 4081 1823 4131 parum
1863 4065 2023 4116 abest.
2074 4061 2271 4118 Niceta:
2306 4065 2533 4118 codicem
2588 4066 2702 4120 Vat.
2735 4066 2861 4122 1611
2909 4066 3080 4118 littera
3111 4064 3155 4116 A
3194 4064 3425 4133 designo.
3453 4062 3685 4120 Macarii
3720 4085 3835 4122 vero

625 4159 1059 4229 C/irysocepltali,
1104 4159 1319 4211 diversw
1369 4168 1563 4210 catena:
1616 4158 1874 4223 auctoris,
1920 4157 2007 4226 qui
2050 4157 2171 4209 item
2212 4157 2613 4226 Theophaniam
2656 4160 2963 4211 nominatim
3019 4156 3306 4223 aliquando
3341 4157 3567 4222 erpilat,
3607 4160 3839 4213 codicem

636 4246 752 4302 Vat.
794 4248 931 4302 1610
962 4250 1147 4301 denoto
1182 4248 1358 4301 littera
1400 4247 1461 4301 Ε.
1487 4247 1632 4324 Alias
1674 4250 1878 4302 demum
1911 4256 2118 4300 catenas
2157 4249 2309 4310 duas,
2352 4246 2468 4301 Vat.
2513 4246 2629 4301 Pal.
2667 4248 2784 4301 Vat.
2822 4249 2891 4302 20
2924 4258 2970 4301 et
3004 4247 3181 4301 Ottob.
3222 4245 3342 4300 Vat.
3388 4248 3508 4309 100,
3542 4266 3660 4316 qui:
3704 4252 3831 4305 mihi

624 4340 904 4409 symbolam
942 4341 1351 4409 {ragmentorum
1386 4340 1567 4393 horum
1599 4342 1955 4407 contulerunt,
1987 4342 2172 4394 litteris
2205 4342 2243 4394 Β
2269 4352 2317 4394 et
2345 4342 2383 4395 L
2412 4332 2724 4396 dem'onstro.
2771 4342 2993 4396 Unicum
3040 4342 3260 4410 denique
3303 4343 3527 4410 primum
3573 4342 3838 4412 fragmen-

625 4446 735 4488 tum
773 4451 835 4488 επ
862 4438 1012 4488 codd.
1053 4435 1431 4489 Mediolanensi
1464 4449 1510 4490 et
1557 4436 1829 4491 Parisiaco
1862 4437 2016 4491 simul
2056 4439 2249 4508 adfuit.
2292 4437 2441 4491 Hanc
2472 4440 2641 4508 itaque
2678 4439 2978 4493 Griecorum
3024 4438 3371 4506 Theophania:
3416 4436 3834 4507 fragmentorum

627 4531 972 4595 tempestivam
1000 4530 1170 4583 hercle
1206 4532 1481 4585 editionem
1520 4549 1653 4585 nunc
1674 4550 1829 4598 cura,
1859 4542 1967 4586 tum
2007 4544 2063 4585 ut
2099 4532 2312 4585 Eusebii
2342 4535 2568 4587 nativum
2597 4542 2814 4597 textum,
2849 4545 3103 4599 quantum
3148 4534 3229 4601 fas
3257 4539 3355 4595 est,
3402 4538 3465 4587 ab
3499 4536 3713 4589 interitu
3753 4552 3836 4590 re-

628 4636 827 4683 uocem;
850 4630 960 4672 tum
988 4631 1040 4672 ut
1080 4619 1241 4690 Syrus
1278 4622 1530 4690 interpres
1574 4623 1735 4676 sicubi
1773 4633 1993 4676 mentem
2028 4624 2258 4676 auctoris
2299 4639 2399 4675 non
2431 4624 2512 4677 es!
2545 4634 2811 4677 assecutus
2847 4624 3003 4690 (quod
3030 4625 3079 4677 ei
3121 4626 3399 4679 identidem
3441 4626 3697 4679 accidisse
3722 4626 3834 4680 sine

629 4708 784 4761 dubio
831 4710 1339 4780 animadvertimus),
1390 4712 1684 4765 authentico
1728 4715 2034 4764 documento
2081 4711 2397 4763 emendetur.
2439 4710 2551 4765 Nec
2598 4728 2723 4764 sane
2770 4713 2949 4763 dubito
2996 4713 3122 4780 quin
3174 4713 3393 4781 opellam
3437 4730 3603 4767 meam
3655 4716 3733 4769 vir
3763 4715 3830 4769 cl-

629 4802 762 4858 Leus
793 4804 911 4856 boni
942 4806 1205 4871 consulat,
1248 4822 1423 4876 meque
1465 4808 1511 4859 ei
1550 4822 1857 4874 magnOpere
1904 4806 2097 4875 favere,
2138 4814 2333 4857 certum
2376 4807 2579 4859 habeat.
2622 4805 2749 4859 Haec
2792 4807 3034 4871 interim;
3073 4823 3291 4876 namque
3335 4820 3382 4861 et
3428 4807 3561 4861 alios
3600 4821 3710 4861 tum
3742 4810 3832 4863 abs

629 4891 754 4956 Leo,
806 4903 915 4946 tum
957 4896 1020 4947 ab
1058 4895 1287 4964 ejusdem
1339 4897 1518 4966 gloria:
1557 4899 1697 4950 socio
1740 4897 1805 4951 cl.
1848 4896 1936 4952 W.
1976 4896 2253 4960 Curetono,
2291 4914 2465 4951 sacros
2510 4909 2785 4964 auctores,
2828 4900 3113 4965 praesertim
3165 4916 3408 4969 magnum
3445 4900 3832 4964 Athanasium,

630 4985 877 5054 Cyrillum
922 4998 1075 5054 atque
1122 4990 1509 5057 Ephrcmium,
1546 5002 1930 5060 exspectamus;
1959 5009 2087 5063 quos
2118 5008 2251 5046 nunc
2299 4996 2504 5063 quidem
2544 4994 2749 5064 cupidis
2798 4996 2926 5049 votis
2967 4999 3281 5065 expetimus;
3312 4996 3491 5050 statim
3534 5012 3594 5049 ac
3628 5012 3743 5052 vero
3778 4998 3832 5051 in

631 5088 951 5147 conspectum
988 5082 1237 5149 venerint,
1266 5086 1703 5141 exosculabimur.
