4106 6418
221 406 328 463 (HS

1573 399 1668 458 DE
1710 395 2174 459 ΤΙῘΕΟΡἩᾹΝῘᾹ.

3377 401 3490 461 ιιι

220 525 426 580 οίκεῖον
471 527 703 598 ὄργανον
745 525 1097 597 φθειρόμενον
1153 524 1431 596 παριδεῐνς
1487 523 1695 576 Οὐκοῦν
1748 522 1808 574 τὸ

1912 523 2237 592 promiserat
2259 561 2275 585 ,
2323 535 2585 592 organum
2618 537 2776 577 suum
2809 523 3213 594 corruptionem
3249 526 3360 594 pati
3398 540 3494 577 nc-

223 615 478 688 δεύτερον
504 621 792 686 ἀναγκαῖον
814 615 901 689 ἦν,
932 619 1073 685 λέγω
1099 617 1154 670 δὲ
1178 619 1236 670 τὸ
1268 617 1496 670 Θανάτου
1527 615 1810 686 κρείττονα

225 707 420 762 ἑαυτὸν
452 711 635 779 φῆναι.
670 711 791 772 Πῶς
820 707 912 777 οὖν
939 709 1109 779 ἐχρῆν
1132 706 1289 760 τοῦτο
1315 705 1674 776 ποιήσασθαι;
1703 707 1811 758 Λα-

228 797 438 870 θραίως
464 801 571 871 ἄρα
592 801 686 852 καὶ
713 800 1080 869 κλοπιμαίως;
1113 799 1144 868 ἦ
1168 801 1277 860 τοῖς
1299 801 1462 850 πᾶσιν
1487 796 1811 868 ἀρῖπρεπῶς

228 893 324 946 καὶ
359 892 651 963 διαδηλως;
705 893 863 945 Ἀλλὰ
906 894 1118 945 σκότιον
1163 892 1260 960 μὲν
1292 892 1385 942 καὶ
1415 891 1642 959 κρύφιον
1680 888 1812 941 αὐτὸ

230 984 473 1055 πραχθὲν
507 984 568 1036 τὸ
592 986 940 1056 κατόρθωμα,
969 983 1155 1053 μηδενὶ
1198 983 1253 1034 δὲ
1283 982 1542 1049 γνωσθὲν,
1570 981 1720 1033 οὐδὲν
1747 981 1811 1033 ἂν

228 1076 426 1148 ὢνησε⁹
464 1076 651 1146 βοηθὲν
675 1078 730 1128 δὲ
762 1079 854 1129 καὶ
880 1075 1142 1128 άκουσθὲν
1173 1076 1253 1137 εἰς
1279 1075 1507 1138 πάντας,
1535 1076 1648 1135 τοῖς
1679 1075 1810 1126 πᾶσι

227 1170 327 1239 τὴν
368 1171 435 1222 ὲκ
472 1169 565 1222 τοῦ
610 1169 885 1238 θαύματος
931 1172 1191 1238 παρεῖχεν
1243 1167 1526 1234 ὠφέλειαν.
1573 1165 1812 1228 Εἰκότως

229 1260 358 1332 ἄρα,
388 1261 576 1331 ἐπειδὴ
623 1262 788 1329 ἐχρῆν
823 1260 882 1312 τὸ
920 1259 1086 1310 αὑτοῦ
1127 1258 1355 1328 ὄργανον
1381 1260 1623 1326 κρεῖττον
1650 1256 1813 1309 θανά-

229 1369 320 1404 του
349 1354 535 1422 φῆναι,
569 1352 663 1403 καὶ
696 1350 853 1402 τοῦτο
877 1349 1079 1420 πρᾶξαι
1113 1349 1185 1419 μὴ
1225 1349 1304 1412 είς
1331 1349 1390 1399 τὸ
1425 1347 1664 1416 λεληθὸς,
1696 1348 1811 1400 ἀλλ’

231 1443 314 1496 ἐπ’
343 1443 528 1511 ὄψεσιν
554 1440 876 1512 ἀνθρώπων,
908 1441 966 1492 οὑ
1006 1441 1194 1508 φεύγει
1227 1441 1322 1508 μὲν
1349 1440 1436 1489 τὸν
1469 1439 1715 1492 θάνατον’
1745 1435 1812 1507 ἦν

168 1547 173 1551 ”
229 1533 337 1605 γὰρ
376 1533 442 1586 ἂν
468 1532 656 1594 δειλὸς,
694 1533 787 1584 καὶ
830 1531 1057 1584 θανάτου
1092 1531 1288 1600 χείρων
1323 1528 1602 1600 ἐνομίσθηδ
1629 1531 1716 1583 διὰ
1757 1531 1813 1582 δὲ

229 1627 325 1695 τῆς
352 1626 487 1695 πρὸς
523 1624 612 1676 τὸν
657 1624 882 1676 θάνατον
919 1617 1371 1692 συμπλοκῆς,·οἷα
1403 1622 1536 1703 πρὶς
1571 1623 1814 1700 ἀνταγω-

230 1715 414 1786 νιστὴν
449 1715 580 1782 (10),
618 1717 678 1768 ’πῖὸ
727 1715 921 1796 evnti}
974 1714 1238 1779 ἀθάνατον
1283 1726 1543 1797 παρίστη,
1589 1724 1816 1776 ὕστατον

231 1808 416 1885 ἀῖῷνα
439 1815 628 1870 τοῦτον
654 1818 795 1888 ὑπὲρ
831 1820 929 1887 τῆς
956 1819 1212 1871 ἁπάντων
1249 1817 1518 1888 σωτηρίας
1553 1818 1645 1868 καὶ
1679 1819 1813 1870 ἀθα-

230 1911 422 1973 νασίας
454 1909 892 1980 ἀναδεδεγμένος.

303 2088 415 2159 (Η)
467 2087 524 2140 Ὁ
553 2088 650 2158 μὲν
677 2087 784 2159 γὰρ
813 2087 1026 2159 πρῶτος
1052 2086 1201 2157 αὑτῷ
1225 2086 1423 2159 [ἀγὼν]
1457 2087 1600 2140 κατὰ
1623 2088 1813 2158 δαιμό-

229 2196 334 2234 νων
363 2182 644 2250 ἐνηργεῖτο
680 2181 769 2231 ἐπὶ
801 2180 1116 2250 καθαιρέσει
1149 2183 1245 2249 τῆς
1281 2178 1544 2231 πολυθέου
1579 2180 1811 2249 πλάνηςσ

229 2273 350 2324 ἐπεὶ
371 2272 427 2325 δὲ
457 2273 484 2322 ὁ
513 2272 646 2342 πρὸς
676 2272 859 2324 τούσδε
885 2272 1035 2333 τέλος
1060 2265 1204 2340 εἶχεν
1233 2271 1403 2338 ἀγὼν,
1440 2271 1693 2340 δεύτερος
1721 2273 1813 2322 ἐπὶ

229 2360 380 2414 λύσει
405 2361 503 2432 τῆς
523 2362 615 2414 τοῦ
643 2363 869 2415 θανάτου
897 2362 1350 2423 καταδυναστείας
1384 2361 1614 2428 ὲγίνετο·
1639 2363 1686 2413 oi.
1716 2361 1812 2430 μὲν

229 2452 337 2522 γὰρ
372 2454 494 2506 κατ’
537 2453 700 2505 αὑτοῦ
750 2454 1076 2522 συνηγμένοι
1121 2452 1390 2522 δαίμονες,
1433 2454 1460 2504 ὅ
1509 2471 1566 2504 τε
1611 2453 1814 2504 τούτων

231 2544 496 2615 ἑξάρχων,
524 2544 593 2597 τὰ
623 2543 768 2596 νῶτα
794 2545 934 2597 κατὰ
960 2543 1060 2614 τὴν
1100 2543 1321 2616 πρώτην
1357 2543 1503 2613 αὐτῷ
1539 2545 1814 2614 συμϐολὴν

230 2637 753 2706 παραχωρήσαντες,
776 2637 866 2688 τὸν
910 2635 1160 2707 δεύτερον
1202 2633 1362 2689 ἆθλον
1403 2636 1689 2697 ἐσκόπουν,
1720 2637 1813 2688 τοῦ

233 2723 349 2794 βίου
387 2725 572 2778 λοιπὸν
610 2726 707 2795 τὴν
749 2725 986 2795 ὑστάτην
1029 2726 1410 2796 καταστροφὴν
1449 2726 1812 2797 ἐκδεχόμενοι,

230 2813 327 2868 καὶ
367 2812 465 2883 τὴν
503 2813 598 2865 τοῦ
635 2814 828 2884 θνητοῦ
868 2815 1124 2886 τελευτὴν
1167 2817 1356 2885 ὁμοίαν
1396 2815 1612 2869 ἔσεσθαι
1651 2819 1815 2870 πᾶσιν

230 2905 540 2975 ἀνθρώποις
565 2907 1015 2976 καραδοκοῦντες·
1053 2909 1113 2960 οὐ
1140 2909 1250 2979 γὰρ
1277 2908 1342 2961 ἂν
1373 2906 1592 2961 πώποτε
1617 2910 1816 2982 θνητὴν

232 2997 394 3065 φύσιν
440 2997 668 3050 θανάτου
712 3000 998 3064 κρείττονα
1075 2998 1328 3067 γενέσθαι
1383 3001 1809 3071 προσεδόκησαψ

230 3087 260 3138 ὁ
279 3086 334 3139 δὲ
363 3086 498 3156 μετὰ
525 3085 592 3138 τὰ
619 3086 810 3157 πρῶτα
839 3088 980 3140 κατὰ
1013 3089 1280 3159 δαιμόνων
1314 3090 1550 3161 τρόπαια
1591 3091 1691 3160 ήδη
1721 3092 1814 3143 καὶ

231 3176 376 3231 κατὰ
403 3176 495 3230 τοῦ
518 3177 748 3232 Θανάτου
771 3179 1153 3250 παρετάττετο.
1184 3181 1392 3249 Ὠσπερ
1412 3179 1469 3232 δὲ
1489 3181 1636 3243 εῐτις
1653 3181 1815 3234 ἄκαυσ

233 3285 359 3321 στον
401 3270 531 3338 ἡμῖν
577 3271 672 3322 καὶ
715 3273 886 3341 πυρὸς
935 3275 1001 3341 τῇ
1052 3272 1209 3340 φύσει
1254 3276 1498 3343 κρεῖττον
1545 3273 1714 3339 δεῖξαί
1763 3292 1814 3326 τι

237 3359 433 3422 σκεῦος
466 3359 675 3430 ἢθελεν,
702 3363 802 3415 οὐκ
830 3362 1003 3426 ἄλλως
1027 3362 1093 3415 ἂν
1129 3364 1192 3415 τὸ
1218 3363 1404 3432 θαῦμα
1432 3367 1816 3434 παρεστήσατο

233 3450 270 3522 ἢ
294 3452 426 3521 πυρὶ
450 3453 722 3523 παραδοὺς
742 3456 803 3507 τὸ
832 3455 967 3524 μετὰ
995 3458 1204 3526 χεῖρας,
1231 3456 1464 3509 κᾶπειτα
1510 3455 1647 3509 σῶον
1684 3456 1814 3509 αὐτὸ

238 3543 331 3596 καὶ
364 3542 688 3614 ἀδιάφθορον
719 3543 810 3596 τοῦ
857 3548 1028 3616 πυρὸς
1069 3547 1264 3614 ἐξελών
1301 3550 1432 3616 (12)-
1467 3551 1609 3603 κατὰ
1642 3551 1813 3604 ταῦτα

235 3634 300 3705 δὴ
329 3636 421 3687 καὶ
455 3636 483 3687 ὁ
515 3636 621 3688 τῶν
658 3638 793 3689 ὅλων
833 3637 1094 3703 ζωοποιὸς
1135 3639 1268 3693 Θεοῦ
1301 3643 1495 3708 Λόγος,
1531 3643 1590 3694 τὸ
1621 3625 1812 3713 Θνητὺν

237 3723 485 3796 δργανον,
541 3719 585 3793 ᾧ
636 3726 770 3798 πρὸς
836 3725 1137 3798 ἀνθρώπων
1195 3730 1462 3800 ἐκέχρητο
1514 3732 1810 3803 σωτηρίαν,

240 3819 482 3887 κρεῖττον
514 3816 741 3871 θανάτου
776 3818 942 3888 φῆναι
985 3819 1284 3889 βουληθεὶς,
1331 3816 1389 3873 εὖ
1443 3821 1587 3891 μάλα
1621 3823 1810 3893 χρησί-

245 3926 350 3978 μην
377 3909 534 3979 ὑπῄει
564 3909 662 3979 τὴν
690 3911 1016 3978 οἰκονομίαν,
1050 3911 1108 3963 τὸ
1139 3911 1297 3980 σῶμα
1330 3913 1464 3983 πρὸς
1506 3912 1678 3984 βραχὺ
1714 3931 1813 3967 κα-

242 4000 480 4053 ταλιπὼν
512 4003 642 4070 (l5),
679 4004 771 4054 καὶ
798 4003 856 4055 τὸ
885 4002 1075 4071 θνητὸν
1109 4003 1184 4072 τῷ
1216 4004 1429 4073 Θανάτῳ
1459 4007 1617 4058 πάλιν
1648 4008 1810 4075 ὑφαι-

245 4091 521 4162 ρούμενος,
555 4095 634 4156 εἰς
680 4093 1019 4162 παράστασιν
1052 4094 1148 4163 τῆς
1190 4093 1373 4146 ἐνθέου
1406 4094 1705 4166 δυνάμεως.
1747 4097 1810 4148 Ἦ

242 4184 342 4254 μὲν
374 4179 465 4237 οὖν
497 4183 681 4255 πρώτη
716 4185 860 4238 αἰτία
887 4181 956 4255 ἦν
983 4183 1139 4254 αὕτη.

312 4274 422 4346 (14)
459 4276 692 4346 Δευτὲρα
717 4276 774 4328 δὲ
804 4275 902 4344 τῆς
934 4276 991 4327 ἐν
1033 4274 1110 4344 τῷ
1155 4273 1366 4344 σώματι
1406 4276 1809 4346 κατοικησάσης

242 4368 422 4421 ὶνθὲου
455 4367 729 4437 δυνάμεως
760 4366 1001 4430 ἔνδειξις.
1050 4366 1266 4436 Ἐπειδὴ
1298 4367 1403 4437 γὰρ
1443 4367 1503 4419 τὸ
1544 4369 1810 4438 πρότερον

242 4456 366 4519 τοὺς
395 4456 497 4509 ὑπὸ
534 4455 628 4509 τοῦ
662 4455 892 4508 θανάτου
932 4455 1315 4526 νενικημένους
1350 4456 1546 4526 ἄνδρας
1585 4457 1810 4528 θνητοὺς

242 4546 476 4618 ἀληθῶς,
519 4548 612 4600 καὶ
646 4546 819 4599 κοινὸν
861 4545 1010 4608 τέλος
1056 4547 1529 4616 ὑποδεδεγμένους,
1567 4549 1809 4612 ὲθείαζον

242 4638 542 4710 ἄνθρωποι,
563 4640 749 4710 ἥρωάς
796 4655 853 4690 τε
895 4638 990 4690 καὶ
1037 4637 1189 4701 θεοὺς
1237 4639 1536 4708 ὠνόμαζονο
1586 4642 1810 4705 εἰκότως

241 4731 478 4786 διδάσκει
525 4733 683 4804 μόνον
725 4731 913 4785 τοῦτον
945 4733 1002 4782 ἐν
1038 4729 1252 4800 θανάτῳ
1293 4731 1424 4783 Θεὸν
1453 4733 1625 4803 ἀληθῆ
1673 4730 1808 4786 εἶναι

241 4823 538 4896 ὁμολογεῖν,
560 4825 650 4878 τὸν
670 4826 737 4878 τὰ
759 4823 984 4894 βραὸεῐα
1007 4825 1103 4894 τῆς
1126 4823 1267 4876 κατὰ
1290 4821 1378 4875 τοῦ
1406 4824 1634 4877 θανάτου
1655 4826 1810 4896 νίκης

243 4916 666 4988 ἀναδησάμενον.
701 4919 808 4988 (15)
843 4917 1014 4988 Τρίτη
1042 4916 1086 4969 δ’
1121 4916 1186 4970 ἂν
1216 4915 1298 4987 εῐη
1336 4917 1481 4968 αἰτία
1512 4916 1605 4969 τοῦ
1634 4934 1810 4986 σωτη-

314 5055 551 5128 (l0)rHic
588 5055 645 5128 in
677 5057 892 5124 Anglica
927 5055 1304 5128 translatione,
1362 5070 1413 5120 p.
1447 5056 1570 5128 l88_,
1607 5071 1663 5110 v.
1710 5057 1832 5120 16,3

242 5125 493 5195 video'by
524 5125 627 5179 (his
650 5128 942 5178 contention
979 5125 1098 5177 with
1133 5126 1309 5184 death,
1337 5142 1392 5176 (η
1443 5125 1564 5176 with
1605 5143 1636 5178 a
1687 5142 1810 5178 con-

245 5204 562 5265 temporary,
595 5196 840 5265 conﬂictu
869 5196 964 5247 hoc
1003 5211 1117 5247 cum
1144 5203 1346 5265 morte,
1397 5204 1645 5260 tanquam
1691 5213 1809 5248 cum

244 5263 700 5333 eortteruporaneo.
746 5264 1005 5332 Syriacus
1030 5263 1156 5330 quid
1200 5266 1393 5316 haheat
1429 5267 1631 5329 nescio,
1681 5267 1808 5333 quia

249 5332 386 5388 libro
418 5329 598 5388 careo.
634 5333 740 5387 Sed
790 5329 942 5386 certe
985 5329 1106 5386 vera
1162 5333 1325 5385 lectio
1371 5333 1553 5388 Graeca
1589 5329 1810 5394 οειξοῖα

245 5401 383 5473 πρὸς
405 5403 826 5472 ἀνταγωνιστήν,
863 5413 1113 5473 tanquam
1129 5418 1246 5473 rum
1273 5405 1592 5456 adversario.
1629 5404 1812 5472 Itaque

247 5470 533 5527 translatio
555 5470 902 5541 emendanda
947 5482 1050 5526 est.
1099 5470 1249 5523 Mitto
1296 5474 1428 5524 alios
1471 5474 1620 5528 locos
1649 5513 1664 5536 ,
1717 5470 1810 5541 qui

246 5557 396 5612 atque
448 5543 716 5595 interdum
748 5544 814 5594 ad
844 5540 1087 5595 Grecam
1138 5543 1422 5612 veritatem
1476 5540 1808 5596 reformandi

244 5611 532 5676 videntur;
566 5626 739 5679 neque
767 5612 910 5664 enim
950 5625 1049 5675 ego
1078 5611 1326 5662 criticum
1369 5626 1468 5678 ago
1508 5614 1601 5664 sed
1632 5615 1809 5665 edito-

246 5695 380 5734 rent.
412 5680 662 5736 Vicissim
700 5689 904 5743 tamen,
936 5691 999 5750 ut
1036 5694 1207 5750 nuper
1242 5679 1377 5750 dixi,
1409 5680 1668 5750 Syriacus
1703 5693 1809 5734 tex-

243 5758 332 5806 tus
354 5751 598 5807 Grecum
631 5750 917 5802 illuminat.
962 5747 1029 5801 Et
1069 5748 1282 5816 quidem
1337 5747 1575 5811 Grtecus,
1626 5759 1808 5815 utp0te

246 5836 406 5891 quem
462 5830 771 5875 catenarum
825 5827 1074 5872 auctores
1137 5832 1232 5886 pro
1282 5819 1356 5872 rei
1406 5821 1808 5887 opportunitate

1913 613 2187 685 gligcret?
2238 613 2378 683 Ergo
2400 615 2676 684 posterior
2710 615 2905 669 modus
2955 617 3294 672 necessarius
3346 618 3488 682 fuit,

1913 705 2094 769 morti,
2127 706 2373 775 inquam,
2437 707 2775 774 superiorem
2812 722 2871 760 se
2910 720 3308 761 demonstrare.
3335 709 3486 775 Qua-

1918 813 2042 850 nam
2079 812 2206 852 vero
2234 799 2442 852 ratione
2493 799 2546 852 id
2570 800 2796 868 exsequi
2821 813 2956 869 Opus
2987 801 3154 854 erat?
3184 800 3406 856 Clamne
3427 815 3494 866 ac

1913 889 2098 944 furlim
2129 891 2152 941 τ
2203 905 2272 943 an
2325 905 2512 945 coram
2546 893 2803 946 omnibus
2835 894 3115 962 Splendida
3162 911 3224 950 ac
3257 896 3493 950 manife-

1911 992 1994 1035 ste
2026 983 2049 1034 2
2103 984 2262 1047 Atqui
2310 985 2424 1036 haec
2453 999 2538 1038 res
2570 985 2790 1053 egregia
2839 985 2885 1039 si
2938 981 3172 1041 ohs'cure
3201 998 3253 1041 et
3281 989 3496 1044 occulte

1914 1086 2032 1129 acta
2062 1075 2270 1139 fuisset,
2300 1077 2521 1128 conscio
2548 1078 2786 1138 nemine.
2821 1078 2956 1130 nihil
2992 1080 3290 1146 profuisset
3323 1096 3501 1135 :con-

1916 1176 1994 1220 tra
2030 1182 2154 1221 vero
2185 1165 2506 1234 fatuigerata
2540 1178 2706 1234 atque
2745 1169 3000 1220 omnibus
3048 1172 3306 1223 exaudita
3339 1212 3353 1233 ,
3396 1170 3501 1223 mi-

1915 1259 2100 1312 raculo
2149 1273 2248 1312 suo
2281 1258 2523 1327 paritura
2583 1268 2705 1312 erat
2753 1260 3128 1314 universalem
3183 1263 3503 1318 utilitatem.

1916 1351 2079 1402 liecte
2129 1351 2314 1417 igitur,
2370 1351 2629 1417 quoniam
2682 1353 2983 1418 oportebat
3029 1355 3202 1422 ipsius
3245 1368 3512 1426 organum

1915 1440 2076 1492 morti
2103 1443 2353 1508 superius
2386 1455 2677 1509 apparere,
2715 1455 2882 1517 atquc
2913 1443 2974 1500 ξς]
3013 1461 3119 1500 mm
3149 1452 3286 1502 ςιαιη
3324 1451 3418 1502 δρα
3459 1449 3515 1501 in

1915 1543 2206 1608 εοιιεςνιτςω
2237 1533 2512 1594 hominum
2549 1540 2691 1602 ﬁeri,
2732 1551 2968 1594 mortem
3011 1555 3116 1592 non
3166 1540 3341 1609 fugit;
3376 1539 3514 1594 alio-

1916 1631 2006 1699 qui
2046 1634 2190 1686 visus
2221 1644 2364 1687 esset
2397 1632 2641 1694 timidus,
2673 1643 2725 1684 et
2760 1643 2936 1686 morte
2965 1633 3204 1685 debilior
3230 1633 3514 1698 creditus;

1916 1725 2008 1778 sed
2035 1725 2284 1778 conﬂictu
2319 1740 2440 1778 cum
2480 1738 2678 1787 morte,
2715 1736 2970 1791 tanquam
3004 1740 3129 1778 cum
3166 1725 3517 1795 adversario,

1919 1814 2054 1869 inito
2080 1855 2093 1878 ,
2123 1818 2263 1882 quod
2293 1816 2520 1868 mortale
2558 1825 2678 1868 erat
2719 1814 2784 1867 ad
2815 1815 3293 1872 immortalitatem
3328 1829 3518 1876 trans-

1844 1888 1888 1942 Β
1935 1908 2075 1967 tulit,
2112 1919 2413 1960 extremum
2449 1908 2594 1962 hunc
2630 1922 2859 1976 agonem
2909 1922 3009 1976 pro
3049 1909 3299 1964 omnium
3329 1913 3514 1970 salute

1915 2012 1967 2053 et
1997 1999 2413 2054 immortalitate
2441 2001 2766 2068 suscipiens.

1989 2089 2121 2144 Nam
2156 2091 2388 2158 prinium
2427 2090 2502 2142 illi
2544 2100 2823 2144 certamen
2871 2089 2974 2143 fuit
3001 2100 3190 2145 contra
3226 2094 3502 2147 daemones

1914 2179 1984 2234 ob
2034 2179 2376 2250 polytheismi
2443 2194 2684 2263 errorem
2738 2181 3169 2245 destruendum;
3220 2197 3329 2251 quo
3361 2199 3484 2252 pere

1917 2282 2039 2326 acto
2065 2313 2080 2334 ,
2136 2273 2484 2324 subsecutum
2521 2282 2604 2323 est
2635 2271 2934 2325 secundum
2972 2271 3041 2324 ob
3095 2271 3498 2325 dissolvendam

1917 2366 2104 2418 mortis
2158 2365 2606 2417 dominationem.
2659 2362 2981 2430 Conglobati
3041 2363 3184 2416 enim
3238 2363 3504 2417 adversus

1915 2472 2036 2509 eum
2067 2456 2339 2507 dmmones
2367 2469 2488 2506 cum
2508 2467 2605 2506 suo
2629 2453 2788 2514 duce,
2810 2462 3095 2520 postquam
3119 2453 3292 2521 primo
3313 2451 3502 2520 praelia

1920 2558 2067 2618 terga
2103 2556 2398 2609 verterant,
2435 2545 2736 2599 secundum
2768 2543 3157 2607 observabant,
3189 2543 3318 2596 vitae
3340 2541 3501 2598 Chri-

1915 2641 1982 2694 sti
2021 2641 2275 2706 deinceps
2309 2649 2608 2691 extremam
2641 2637 3051 2701 catastropham
3089 2646 3499 2704 exspectantes,

1916 2731 2164 2787 mortalis
2195 2731 2435 2784 hominis
2485 2731 2644 2783 linem
2696 2729 2924 2798 reliquis
2973 2730 3227 2782 omnibus
3263 2726 3498 2782 similem

1917 2824 2030 2878 {Ore
2062 2832 2343 2891 sperantes
2379 2839 2391 2873 :
2432 2835 2608 2890 neque
2641 2822 2786 2874 enim
2821 2835 3058 2888 unquam
3081 2820 3504 2875 existimassem.

1915 2912 2191 2966 mortalem
2221 2925 2466 2964 naturam
2501 2912 2658 2963 morti
2693 2907 2807 2964 fore
2836 2910 3202 2977 superiorem.
3243 2907 3502 2962 AtChri-

1915 3013 2030 3057 stus
2065 3012 2178 3072 post
2210 3002 2421 3069 priores
2465 3003 2532 3056 de
2565 3001 2903 3056 daemonibus
2939 3001 3144 3055 relatas
3184 3000 3498 3067 manubias,

1910 3090 2020 3159 jam
2049 3101 2238 3145 contra
2278 3091 2448 3157 ipsam
2487 3103 2717 3143 mortem
2755 3090 2807 3142 in
2842 3089 3013 3143 aciem
3062 3087 3338 3157 prodibat.
3376 3085 3500 3142 Sic-

1924 3191 1981 3236 ut
2026 3191 2207 3235 autem
2242 3181 2286 3234 si
2321 3181 2444 3250 quis
2479 3181 2588 3248 igni
2639 3179 2959 3248 impervium
2990 3189 3158 3246 atque
3210 3178 3502 3248 insupera-

1921 3275 2029 3330 bile
2080 3290 2178 3328 vas
2237 3273 2453 3341 aliquod
2484 3273 2863 3326 demonstrare
2899 3269 3101 3335 vellet,
3151 3269 3293 3323 haud
3344 3269 3502 3323 aliter

1917 3368 2056 3422 hanc
2085 3383 2196 3422 rem
2229 3367 2423 3419 miram
2475 3361 2877 3430 comprobaret,
2904 3375 3066 3430 quam
3098 3359 3330 3414 ﬂammae
3385 3369 3500 3413 tra-

1916 3460 2051 3513 dens
2076 3457 2219 3526 quod
2253 3469 2364 3525 pne
2399 3455 2648 3508 manibus
2673 3452 2925 3515 haberet,
2963 3465 3029 3506 ac
3067 3451 3263 3505 deinde
3289 3450 3504 3505 incolu-

1916 3564 2002 3603 me
2044 3547 2476 3614 inviolatumque
2509 3547 2633 3615 igne
2685 3545 3000 3608 retrahens;
3041 3544 3114 3598 ita
3144 3543 3311 3598 etiam
3354 3545 3501 3614 quod

1915 3639 2093 3693 omnia
2124 3638 2365 3691 vivilicat
2394 3636 2487 3689 Dei
2517 3635 2782 3700 Verbum,
2819 3634 3046 3689 mortale
3069 3650 3358 3704 organum,
3389 3650 3502 3704 quo

1916 3733 1980 3786 ad
2013 3732 2291 3785 hominum
2339 3729 2571 3784 salutem
2621 3741 2754 3782 usus
2800 3727 2978 3781 fuerat
3005 3767 3019 3787 ,
3062 3737 3235 3780 morte
3270 3726 3503 3781 validius

1915 3826 2289 3878 demonstrare
2316 3821 2505 3876 volens
2529 3857 2542 3884 ,
2572 3819 2706 3873 utile
2759 3819 3050 3873 admodum
3084 3818 3374 3872 consilium
3403 3834 3499 3871 ce—

1913 3916 2032 3984 pit,
2084 3929 2278 3980 corpns
2333 3914 2481 3967 brevi
2542 3921 2789 3980 tempore
2843 3911 3164 3972 deserendi;
3202 3924 3497 3978 rursusque

1915 4008 2056 4073 quod
2112 4012 2382 4057 mortuum
2434 4013 2555 4057 erat
2611 4001 2766 4055 morti
2803 3998 3066 4068 eripiendi
3098 4038 3111 4062 ,
3151 4007 3208 4052 ut
3238 3999 3475 4052 divinam

1914 4099 2164 4150 virtutem
2217 4096 2546 4150 ostenderet.
2595 4097 2774 4165 Atque
2822 4096 2937 4148 haec
2969 4093 3141 4163 prima
3195 4093 3312 4162 (cur
3343 4095 3477 4150 mori

1912 4185 2166 4254 voluerit)
2198 4200 2358 4239 causa
2386 4185 2505 4239 fuit.

1985 4276 2231 4331 Secunda
2287 4276 2388 4329 fuit
2427 4291 2587 4329 causa
2617 4318 2631 4342 ,
2682 4286 2740 4328 ut
2797 4277 3202 4329 demonstraret
3249 4275 3486 4328 divinam

1913 4367 2164 4421 virtutem
2201 4369 2255 4420 in
2288 4383 2385 4421 suo
2435 4383 2661 4434 corpore
2694 4368 3049 4434 inhabitasse.
3080 4366 3214 4419 Nam
3252 4366 3381 4436 quia
3411 4366 3496 4419 vi-

1913 4469 2032 4513 ctos
2083 4470 2237 4512 antea
2272 4469 2444 4513 morte
2478 4460 2624 4513 viros
2651 4498 2664 4522 ,
2697 4474 2823 4512 vere
2867 4458 3124 4512 mortales
3154 4467 3208 4511 et
3248 4471 3495 4511 commu-

1842 4588 1885 4640 Β
1916 4567 2034 4604 nem
2071 4553 2228 4604 linem
2261 4553 2501 4616 sortitos,
2547 4550 2830 4619 apotheosi
2857 4552 3192 4605 donaverant
3221 4547 3491 4609 homines,

1915 4652 1968 4697 et
2001 4645 2200 4697 heroas
2229 4643 2467 4711 deosque
2506 4643 2939 4704 nominaverant,
2963 4642 3156 4695 merito
3183 4655 3279 4694 nos
3312 4639 3492 4704 docet,

1918 4735 2061 4788 hunc
2095 4750 2260 4786 unum
2291 4734 2343 4786 in
2396 4742 2569 4788 morte
2620 4732 2791 4786 Deum
2826 4748 3013 4786 verum
3055 4747 3175 4788 esse
3221 4731 3490 4795 conﬁteri,

1919 4825 2012 4893 qui
2041 4825 2277 4890 praemiis
2311 4825 2496 4876 relata:
2542 4825 2608 4877 de
2649 4833 2823 4876 morte
2853 4823 3098 4876 victorite
3129 4833 3298 4875 semet
3331 4834 3490 4874 exor-

1921 4924 2166 4968 naverat.
2220 4914 2404 4969 Tertia
2436 4915 2696 4970 habeatur
2742 4914 2935 4967 mortis
2985 4910 3297 4966 Servatoris
3326 4924 3492 4964 causa

1911 5062 2329 5122 excerpserunt,
2365 5053 2562 5105 multas
2594 5052 2777 5121 operis
2799 5058 2980 5119 partes
3007 5049 3214 5104 amisit.

1983 5126 2094 5196 (ll)
2131 5126 2255 5196 Syr.
2290 5140 2375 5188 ιιι,
2414 5123 2502 5185 55,
2528 5125 2616 5196 57.

1985 5186 2095 5266 (12)
2149 5186 2296 5266 lianc
2330 5186 2741 5266 siirqilitudinem
2784 5192 2918 5245 citat
2950 5205 3016 5266 ex
3059 5187 3304 5266 Eusebio
3325 5186 3489 5241 etiam

1913 5267 1970 5320 S.
1992 5258 2240 5319 "l‘liomas
2269 5258 2510 5330 Aquinas
2551 5264 2601 5316 in
2629 5273 2821 5315 catena
2851 5275 2943 5312 sua
2975 5260 3166 5330 Latina
3198 5259 3265 5313 ad
3285 5258 3487 5330 Lucam

1912 5339 1998 5390 ed.
2052 5337 2116 5389 de
2164 5329 2367 5387 Rubei’s
2415 5344 2457 5386 t.
2490 5332 2548 5394 V,
2596 5348 2648 5400 p.
2697 5332 2820 5384 564.
2864 5329 3128 5383 Videlicet
3174 5344 3240 5382 ex
3280 5329 3491 5400 catenis

1912 5405 2136 5468 Gratcis,
2165 5418 2269 5456 non
2299 5394 2642 5471 originalitér
2668 5417 2732 5457 ex
2761 5400 3121 5465 TheOphania,
3145 5414 3309 5468 quam
3339 5394 3490 5450 Tho-

1912 5489 2030 5528 mas
2067 5488 2340 5541 nunquam
2385 5473 2535 5528 vidit.

1984 5544 2123 5614 (l3)
2197 5534 2403 5612 Nempe
2469 5542 2651 5596 anima
2711 5539 3027 5597 destitutum
3088 5552 3210 5595 esse
3260 5534 3488 5608 permit-

1914 5623 2055 5669 lctis.

1986 5684 2098 5754 (14)
2134 5683 2255 5752 Syr.
2285 5699 2366 5743 ιιι,
2405 5681 2497 5754 58.

1988 5753 2103 5823 (l5)
2135 5754 2261 5822 Syr.
2290 5770 2372 5816 In,
2405 5753 2496 5806 59.
