4106 6438
233 419 335 472 617
1607 413 1696 466 DE
1731 412 1822 466 ΤΗ

1929 410 2204 466 PHANIA.
3394 413 3496 468 διε

233 540 327 593 καὶ
349 539 682 608 θεογνωσίαν
705 541 784 602 είς
818 539 1023 602 πάντας
1046 538 1436 606 καταγγέλλειν
1471 537 1583 607 (20)
1615 535 1822 606 ἀνθρώ-

1930 534 2130 602 Deique
2183 535 2466 597 notitiam,
2527 535 2736 590 cunctis
2801 533 3111 590 hominibus
3179 535 3496 591 nuntiaturi.

233 642 400 693 πουςο
433 630 528 692 οὒς
566 630 628 700 δὴ
656 632 863 698 πεῖσμα
903 629 1156 699 μέγιστον
1190 628 1370 682 λαϐεῖν
1405 629 1572 698 ἐχρῆν
1603 629 1700 700 τῆς
1729 645 1822 698 με·

1931 625 2230 694 Discipulos
2284 627 2467 696 itaque
2507 641 2775 680 summam
2823 627 3020 681 habere
3069 627 3318 682 fiduciam
3366 643 3504 696 opus

232 720 302 774 τά
327 721 425 773 τὸν
455 720 684 773 θάνατον
711 721 876 789 ζωῆς,
910 721 986 784 ὡς
1013 721 1079 774 ἂν
1116 721 1290 784 ἀδεεῖς
1324 722 1416 774 καὶ
1449 719 1640 789 ἀφοϐοι
1671 720 1822 774 θανά-

1930 727 2048 772 erat
2073 718 2140 771 de
2168 719 2274 773 vita
2301 727 2421 788 post
2457 717 2664 772 obitum
2699 720 3094 785 recuperanda,
3129 730 3184 774 ut
3219 721 3498 791 intrepidi,

235 827 329 863 του
360 809 455 863 τὸν
488 809 630 863 κατά
660 812 757 880 τῆς
792 811 1054 866 πολυθέου
1087 812 1294 883 πλάνης
1317 812 1504 881 ἀγῶνα
1533 811 1822 882 προθύμως

1932 807 2134 877 absque
2159 807 2268 863 ullo
2295 809 2484 864 mortis
2509 818 2651 862 metu
2681 807 2940 863 adversus
2972 809 3320 880 polytheismi
3352 825 3498 867 erro-

236 900 580 968 ἀναδέξοιντο
601 919 618 933 ο
675 904 750 973 μὴ
793 903 902 974 γὰρ
947 904 1178 957 θανάτου
1210 907 1570 975 καταφρονεῖν
1606 903 1822 974 μελετή-

1933 913 2046 952 rem
2073 908 2346 954 certamen
2381 899 2632 953 alacriter
2659 902 3016 969 susciperent.
3058 899 3194 954 Nam
3228 901 3330 956 nisi
3361 917 3500 956 mor-

239 1006 454 1055 σαντες,
490 993 591 1045 οὐκ
617 993 685 1047 ἂν
715 993 936 1048 πώποτε
963 995 1099 1064 πρὸς
1122 994 1190 1046 τά
1215 995 1364 1048 δεινά
1386 993 1822 1065 παρεσκευάζον-

1934 1000 2038 1044 tem
2103 1001 2447 1046 contemnere
2505 991 2906 1055 assuevissent,
2973 1007 3245 1061 nunquam
3310 1004 3502 1048 contra

237 1097 316 1134 το.
359 1082 451 1136 Διδ
479 1083 544 1154 δὴ
573 1084 892 1153 ἀναγκαίως
921 1085 1157 1149 ὁπλίζων
1189 1086 1386 1149 αὐτοὺς
1427 1085 1570 1139 κατά
1605 1087 1703 1157 τῆς
1735 1085 1822 1138 τοῦ

1935 1079 2194 1138 terribilia
2243 1093 2303 1134 se
2350 1079 2732 1134 accinxissent.
2779 1079 3139 1146 Quamobrem
3188 1081 3503 1137 necessario

240 1172 470 1227 θανάτου
495 1174 814 1239 δυναστείας
851 1176 912 1229 ού
938 1173 1224 1245 ῥηματίοις
1248 1177 1340 1229 καὶ
1368 1179 1574 1246 φωναῖς
1610 1176 1822 1248 παρεδί-

1933 1170 2054 1226 illos
2079 1185 2296 1224 armans
2326 1169 2588 1223 adversus
2619 1169 2808 1223 mortis
2849 1170 3168 1237 potentiam,
3213 1170 3354 1225 haud
3382 1185 3507 1240 pro-

238 1262 329 1317 δου
357 1263 420 1317 τὸ
465 1263 714 1336 μάθημα,
747 1265 867 1318 οὐδὲ
907 1265 1084 1334 λόγοις
1114 1266 1316 1334 ὁμοίως
1354 1267 1711 1339 ἀνθρωπείαις
1738 1269 1822 1321 τὸν

1933 1262 2058 1317 latis
2101 1275 2198 1316 ore
2249 1259 2453 1314 voculis
2495 1259 2797 1314 doctrinam
2831 1259 2973 1313 hanc
3021 1258 3286 1322 tradebat.
3329 1273 3508 1328 neque

242 1353 368 1423 περὶ
415 1353 595 1424 ψυχῆς
625 1353 926 1417 ἀθανασίας
963 1355 1204 1419 πιθανῶς
1244 1356 1338 1409 καὶ
1384 1356 1444 1422 ἐξ
1471 1358 1695 1412 εἰκότων
1717 1357 1822 1428 (21]

1933 1365 2243 1408 sermonum
2273 1365 2423 1403 more
2448 1349 2811 1404 humanorum
2851 1353 2919 1405 de
2960 1350 3154 1405 anima:
3183 1349 3501 1405 immortali-

241 1443 546 1496 συντάττων
565 1461 578 1475 ο
614 1443 764 1514 αύτῷ
793 1444 851 1497 δὲ
887 1445 1033 1516 ἔργῳ
1055 1445 1124 1499 τὰ
1154 1447 1296 1500 κατά
1323 1447 1417 1501 τοῦ
1457 1447 1689 1503 θανάτου
1730 1451 1822 1502 έπ-

1935 1445 2045 1497 tate
2085 1442 2452 1497 verisimiliter
2480 1441 2818 1505 disserebat,
2850 1443 2944 1495 sed
2979 1441 3096 1511 ipso
3127 1454 3290 1510 opere
3334 1441 3504 1494 relata

1933 1534 2001 1589 de
2023 1544 2198 1589 morte
2239 1544 2436 1601 tropaaa
2469 1533 2574 1588 iHis
2601 1533 2936 1587 ostendebat.

310 1623 420 1695 (‘22)
451 1619 561 1676 Ἦν
588 1626 690 1694 μὲν
717 1623 824 1696 γάρ
856 1625 1019 1681 πάλαι
1047 1639 1309 1699 πρότερον
1332 1627 1562 1700 φοϐερὸς
1588 1631 1701 1691 τοῖς
1731 1631 1822 1682 πᾶ-

2004 1625 2147 1681 Sane
2210 1635 2326 1679 erat
2373 1625 2500 1679 olim
2553 1625 2762 1678 cunctis
2809 1623 3070 1678 terribilis
3118 1623 3209 1676 illa
3260 1623 3506 1679 mortalis

241 1731 322 1768 σιν
343 1716 372 1768 ό
391 1714 486 1768 τοῦ
515 1715 710 1787 θνητοῦ
742 1716 931 1785 γένους
954 1717 1146 1789 ὀλετὴρ
1173 1717 1522 1784 θάνατος,καὶ
1546 1719 1696 1783 λύσις
1723 1723 1822 1773 ἑνο-

1937 1717 2148 1784 generis
2177 1716 2448 1786 pernicies
2480 1732 2660 1780 mors;
2697 1725 2751 1770 et
2775 1715 3058 1769 dissolutio
3092 1713 3508 1768 existimabatur

245 1801 429 1874 μίζετο
454 1804 555 1875 τῆς
588 1804 717 1876 ὅλης
748 1805 1036 1877 ἀνθρώπου
1074 1807 1306 1876 φύσεως,
1343 1809 1519 1881 ψυχῆς
1564 1809 1699 1880 ὁμοῦ
1737 1811 1822 1864 καὶ

1935 1808 2202 1862 universa:
2232 1807 2472 1862 hominis
2502 1817 2727 1869 naturae,
2753 1804 2946 1858 animae
2972 1803 3130 1858 simul
3157 1815 3213 1858 et
3235 1807 3502 1872 corporis,

245 1894 513 1965 σώματος,
565 1897 598 1966 ἡ
636 1875 826 1951 τούτου
857 1875 1189 1952 ἠδυναστείαο
1236 1875 1487 1964 ούδέ-
1513 1875 1728 1972 ἧνῡτῶν
1768 1902 1822 1968 εξ

1935 1898 2122 1952 mortis
2161 1906 2512 1968 potentatus:
2567 1912 2830 1966 nemoque
2860 1911 2929 1948 ex
2959 1898 3106 1950 omni
3133 1911 3248 1952 {evo
3274 1899 3502 1954 exstite-

242 1532 448 1586 εδιίκνυ
471 1534 654 1597 αὐτοῖς
677 1533 935 1604 τρόπαια.

241 1987 435 2050 αἰῶνος
467 1981 579 2050 οἷός
611 2004 670 2040 τε
704 1989 854 2040 τουτὶ
890 1987 950 2040 τὸ
995 1988 1265 2062 φόϐητρον
1299 1991 1358 2058 ἐξ
1393 1991 1490 2045 ἀνθ
1498 1991 1692 2064 ρώπων
1731 1993 1828 2046 ἀν-

240 2077 399 2132 ελεῖν⁸
443 2080 644 2143 πάντες
672 2080 718 2133 δ’
755 2081 1060 2152 ιπτήχεσαν
1089 2082 1241 2153 φόϐῳ
1273 2085 1457 2154 μικροὶ
1479 2085 1573 2138 καὶ
1601 2084 1825 2155 μεγάλοι

241 2167 332 2220 τὸν
365 2167 628 2223 θάνατον’
669 2169 770 2222 οὑκ
793 2163 862 2240 ἦν
911 2185 970 2222 τε
1003 2170 1097 2223 τοῦ
1136 2172 1308 2225 κακοῦ
1357 2175 1699 2247 παραμύθιον
1734 2181 1827 2234 ἀν·

241 2257 499 2330 θρώποις,
543 2261 604 2314 ού
630 2261 808 2331 λόγος,
833 2265 895 2318 ού
926 2267 1145 2338 τρόπος,
1173 2266 1233 2320 ού
1261 2266 1396 2338 βίος,
1429 2269 1490 2321 ού
1526 2270 1705 2340 σοφῶν
1739 2272 1826 2328 λο-

241 2351 456 2420 γισμὸς,
479 2350 542 2404 ού
576 2351 819 2408 παλαιῶν
850 2355 1279 2427 συγγράμματα,
1313 2357 1374 2410 οὐ
1413 2360 1706 2428 προφητῶν
1738 2361 1824 2415 θε-

243 2440 547 2511 σπίσματα,
568 2442 662 2496 καὶ
681 2443 928 2512 ἀγγέλων
958 2446 1266 2515 ἐπιφάνειαι
1283 2465 1298 2478 ο
1328 2448 1544 2502 πάντων
1567 2449 1623 2503 δὲ
1647 2452 1825 2524 κρείτο

240 2545 348 2583 των
372 2531 468 2584 καὶ
481 2531 755 2603 ἀνώτερος
774 2533 871 2605 τὴν
894 2534 1033 2588 κατά
1051 2537 1269 2591 πάντων
1293 2537 1449 2610 νίκην
1482 2540 1695 2611 ἐπεῖχεν
1711 2542 1824 2612 (23)

240 2622 270 2674 ὸ
301 2621 550 2686 θάνατος,
589 2624 809 2695 ὑψηλὸς,
857 2627 1216 2700 μεγάλαυχος,
1263 2632 1644 2704 ὑπερήφανοςο
1673 2627 1718 2703 ᾧ
1759 2635 1824 2707 δὴ

243 2711 773 2786 καταδεδουλωμένον
800 2717 863 2770 τὸ
896 2718 1087 2790 θνητὸν
1117 2722 1274 2789 γένος
1307 2725 1588 2789 παντοίαις
1607 2726 1824 2782 ἐκαλιν-

240 2800 382 2856 δεῖτο
410 2806 795 2876 παρανομίαις,
825 2811 1178 2879 μιαιφονίαις,
1213 2812 1672 2885 ἀθεμιτουργίαις,
1700 2818 1825 2871 δυσ-

243 2894 502 2961 σεϐείαις,
534 2897 852 2971 τωλυπλόκῳ
871 2903 1046 2976 πλάνῃ
1069 2920 1084 2935 ο
1114 2905 1317 2960 τούτων
1340 2906 1450 2979 γὰρ
1469 2903 1538 2980 ἦν
1565 2910 1822 2965 ἁπάντων

243 2983 472 3050 θάνατος
500 2987 690 3052 αἴτιος.
735 2990 822 3053 Ὠς
847 2991 957 3063 γάρ
999 2993 1194 3064 μηκέτι
1218 2994 1371 3058 ὄντες
1404 2997 1542 3067 μετά
1571 2997 1820 3064 θάνατον,

241 3076 311 3129 τὰ
337 3078 548 3148 μυρίων
570 3077 815 3134 θανάτων
846 3081 972 3149 ἀξια
993 3083 1228 3155 δρῶντες
1259 3086 1445 3157 διῆγον
1464 3105 1477 3118 ο
1511 3089 1602 3141 καὶ
1634 3090 1710 3153 ὼς
1735 3091 1823 3142 εύ-

243 3165 431 3231 θύναις
468 3169 717 3240 οὐδαμῶς
744 3172 1090 3243 ὑποκείμενοι
1123 3174 1209 3229 διὰ
1243 3176 1344 3248 τὴν
1367 3178 1432 3230 ὲκ
1465 3177 1561 3230 τοῦ
1592 3178 1822 3233 θανάτου

243 3258 416 3323 λύσιν,
443 3259 555 3329 βίον
578 3260 714 3324 ἔζων
735 3262 986 3318 ἀϐίωτον.
1018 3264 1124 3329 Οὒς
1147 3265 1210 3336 δὴ
1232 3268 1563 3339 κατελεήσας
1582 3271 1821 3338 ὁΔόγος,

243 3349 336 3402 ἐπὶ
370 3352 477 3420 τὴν
515 3352 725 3421 ἄμυναν
753 3355 1021 3411 γεσπευσεν
1044 3375 1058 3389 ·
1096 3353 1196 3411 εἷθ’
1228 3353 1315 3413 οἷα
1358 3358 1609 3430 βασιλεὺς
1639 3363 1824 3432 φιλαν-

243 3439 589 3510 θρωπότατος
616 3445 712 3497 τὸν
741 3445 880 3499 κατά
910 3445 1004 3500 τοῦ
1028 3447 1256 3501 θανάτου
1287 3447 1504 3520 ἔλεγχον
1526 3450 1594 3503 δι’
1614 3453 1822 3524 ἀνθρὼ-

245 3546 350 3584 mu
393 3533 609 3600 φύσεως
642 3535 972 3604 ἐμηχανᾶτο,
1017 3535 1130 3608 ζωὴ
1177 3538 1276 3607 μὲν
1318 3539 1480 3602 αὐτὸς
1516 3542 1819 3611 τυγχάνων,

244 3622 340 3674 καὶ
364 3622 500 3676 Θεοῦ
533 3627 726 3693 Λόγος,
762 3628 856 3681 καὶ
879 3628 1014 3683 Θεοῦ
1047 3629 1275 3700 δύναμις
1296 3646 1311 3662 °
1341 3631 1455 3684 ἀλλ’
1485 3633 1547 3686 ού
1578 3634 1699 3705 δίχα
1729 3635 1822 3689 τοῦ

245 3711 608 3783 βοηθουμένου
655 3716 716 3770 τὸ
741 3717 850 3771 τῶν
889 3719 1191 3792 ἀνθρώπων
1240 3721 1509 3794 φόϐητρον
1557 3725 1824 3794 διελέγξαι

244 3804 456 3875 κρίνας.
506 3806 598 3858 Διὸ
643 3807 706 3879 δὴ
749 3809 900 3881 ὅπλῳ
955 3813 1298 3884 χρησάμενος
1336 3813 1678 3886 ἀνθρωπείῳ,
1731 3818 1825 3870 καὶ

243 3892 423 3965 θνητῷ
443 3893 657 3965 σώματι
685 3899 714 3950 ὁ
745 3897 1054 3971 ἀσώματος,
1084 3903 1175 3954 τὸν
1215 3902 1443 3957 θάνατον
1467 3904 1553 3958 διὰ
1581 3905 1674 3959 τού
1698 3907 1824 3980 θνη-

241 3983 337 4038 τοῦ
360 3987 802 4057 κατηγωνίσατοε
841 3992 934 4044 καὶ
963 3993 1108 4061 μέγα
1138 3993 1322 4064 θαῦμα
1371 3997 1484 4058 τοῖς
1511 3998 1673 4053 πᾶσιν
1716 4000 1824 4052 ἀπ-

241 4072 434 4141 έδειξε,
473 4077 730 4148 τρόπαιον
753 4078 1049 4144 ἀθανασίας
1077 4081 1217 4135 κατά
1243 4082 1337 4136 τοῦ
1371 4082 1596 4138 θανάτου
1617 4084 1703 4138 διά
1728 4085 1823 4138 τοῦ

241 4162 440 4235 θνητοῦ
474 4167 640 4220 ὅπλου
666 4169 866 4239 στήσας
897 4169 1026 4239 (τι).
1069 4172 1246 4240 Ἡφίει
1282 4173 1382 4244 μὲν
1408 4175 1514 4245 γὰρ
1545 4174 1605 4226 τὸ
1630 4175 1825 4245 θνητὸν

241 4253 322 4315 είς
353 4253 520 4325 βορὰν
541 4256 619 4327 τῷ
639 4257 811 4329 θηρίῳ
832 4257 941 4329 (25)
960 4276 972 4288 ·
1002 4260 1064 4313 τὸ
1090 4260 1134 4313 δ’
1148 4261 1347 4316 αὐτίκα
1373 4262 1451 4333 τῷ
1475 4262 1633 4334 ίκρίῳ
1661 4280 1825 4334 προσ-

237 4343 436 4414 ηλοῦτο
485 4345 988 4419 ἀνασταυρούμενον
1008 4367 1022 4380 ο
1072 4350 1148 4414 ῶς
1186 4350 1253 4404 ἀν
1285 4355 1400 4415 τοῖς
1443 4353 1610 4406 πᾶσιν
1653 4357 1686 4426 ἠ
1729 4353 1824 4407 τοῦ

242 4432 439 4505 θνητοῦ
458 4436 783 4509 γνωρισθείη
818 4438 997 4508 φύσις,
1032 4441 1166 4511 μηδέ
1193 4459 1312 4495 τινα
1343 4443 1493 4496 λάθοι
1517 4445 1577 4497 τὸ
1598 4445 1826 4515 πραττό-

1935 1998 2036 2054 rat,
2060 1990 2151 2057 qui
2184 1989 2288 2042 hoc
2323 1989 2818 2042 terriculamentum
2854 2003 2924 2040 ex
2969 1989 3282 2045 hominibus
3319 1990 3506 2048 tollere

1933 2089 2136 2146 posset,
2182 2079 2473 2148 cunctique
2539 2098 2568 2130 a
2625 2093 2823 2149 magno
2874 2092 3052 2146 usque
3107 2081 3172 2134 ad
3224 2082 3506 2138 minimum

1935 2168 2124 2221 mortis
2154 2167 2346 2221 timore
2394 2168 2856 2234 percellebantur;
2911 2169 3153 2240 nihilque
3200 2185 3316 2228 erat
3365 2178 3510 2244 quod

1933 2256 2058 2312 huic
2085 2258 2226 2313 malo
2252 2259 2502 2314 solatium
2532 2260 2832 2326 conferret,
2871 2274 2976 2313 non
3005 2275 3204 2324 sermo,
3241 2279 3349 2318 non
3388 2283 3506 2321 mo-

1932 2348 2033 2403 dus
2057 2347 2284 2418 aliquis.
2321 2365 2428 2405 non
2474 2353 2802 2422 sapientium
2851 2353 3116 2419 consilia,
3157 2369 3264 2410 non
3295 2357 3507 2425 prisco-

1935 2454 2050 2493 rum
2085 2439 2305 2504 litterae,
2337 2455 2442 2496 non
2473 2444 2862 2514 prophetarum
2903 2445 3128 2502 oracula
3150 2483 3168 2511 ,
3199 2460 3307 2500 non
3338 2461 3506 2516 ange-

1933 2529 2106 2586 lorum
2144 2533 2507 2602 apparitiones
2538 2549 2554 2586 :
2590 2535 2684 2590 sed
2717 2537 2975 2592 omnibus
3015 2537 3209 2592 fortior
3253 2545 3308 2591 et
3340 2552 3505 2606 supeo

1934 2623 2043 2676 rior
2066 2623 2423 2680 universalem
2453 2627 2736 2682 victoriam
2759 2629 3039 2683 obtinebat
3067 2643 3237 2693 mors,
3259 2629 3502 2693 excelsa,

1932 2712 2304 2783 gloriabunda,
2350 2717 2611 2786 superba,
2665 2718 2752 2772 cui
2801 2720 3166 2789 mancipatum
3205 2719 3499 2773 humanum

1932 2820 2122 2874 genus,
2150 2806 2204 2860 in
2229 2809 2378 2862 omni
2409 2807 2750 2863 volutabatur
2779 2810 3005 2876 scelere,
3028 2811 3288 2874 caedibus,
3322 2811 3504 2864 nefan-

1929 2897 2015 2951 dis
2045 2899 2332 2968 operibus,
2362 2901 2764 2970 irreligiositate
2787 2942 2802 2966 ,
2829 2902 3224 2971 multiplicique
3252 2917 3500 2957 errorum

1929 3002 2144 3054 genere.
2195 2989 2402 3058 Quippe
2447 2992 2641 3047 horum
2690 2994 2929 3047 omnium
2968 3008 3115 3049 mors
3144 3008 3310 3049 causa
3336 3004 3498 3049 erat:

1931 3090 2164 3146 namque
2221 3079 2488 3142 bomlnes.
2543 3096 2640 3135 ceu
2688 3090 2811 3150 post
2864 3083 3071 3137 obitum
3123 3083 3254 3138 nihil
3316 3096 3501 3139 essent

1933 3164 2116 3232 futuri,
2184 3169 2348 3238 digna
2393 3164 2621 3226 inllnitis
2670 3173 2934 3226 mortibus
2985 3173 3499 3244 perpetrabantzac

1925 3256 2091 3312 veluti
2119 3257 2250 3313 nulli
2269 3273 2442 3328 pt‘enm
2465 3259 2721 3326 obnoxii,
2743 3274 2965 3332 propter
2992 3279 3110 3318 eam
3138 3279 3298 3332 quam
3328 3276 3501 3318 morte

1927 3347 2040 3403 fieri
2069 3348 2359 3404 credebant
2393 3350 2821 3416 dissolutionem,
2853 3353 3019 3407 vitam
3045 3353 3162 3408 sine
3201 3355 3307 3430 vita
3336 3355 3500 3421 dege-

1925 3435 2075 3502 bant.
2134 3437 2281 3503 Quos
2332 3439 2596 3495 miserans
2647 3439 2927 3506 Verbum,
2989 3444 3057 3498 ad
3129 3445 3497 3498 auxiliandum

1925 3526 2222 3582 festinavit.
2256 3529 2455 3584 Deinde
2490 3539 2548 3584 ut
2575 3547 2672 3586 rex
2706 3533 3165 3590 clementissimus
3203 3536 3496 3589 coercitio-

1926 3635 2046 3674 nem
2102 3623 2292 3677 mortis
2340 3637 2437 3692 per
2483 3623 2718 3682 hominis
2791 3635 3037 3681 naturam
3101 3627 3319 3683 molitus
3369 3639 3500 3696 est;

1925 3726 2156 3780 cumque
2206 3713 2251 3767 is
2296 3715 2406 3767 vita
2463 3714 2578 3784 ipsa
2633 3717 2739 3783 sit,
2793 3727 2846 3771 et
2891 3717 2985 3773 Dei
3043 3717 3303 3784 Verbum,
3335 3729 3499 3788 atque

1927 3806 2186 3874 potentia,
2243 3823 2350 3862 non
2402 3809 2520 3863 sine
2571 3817 2750 3864 tamen
2811 3811 2924 3878 ipsa
2990 3811 3348 3874 humanitate,
3408 3816 3497 3865 cui

1925 3911 2080 3965 opem
2109 3897 2335 3961 ferebat,
2367 3908 2630 3954 terrorem
2665 3901 2944 3954 hominum
2979 3902 3045 3956 de
3085 3901 3264 3955 medio
3292 3901 3486 3955 tollen-

1927 3987 2052 4039 dum
2070 3988 2354 4056 judicavit.
2387 3988 2768 4054 Quamobrem,
2791 3991 2955 4045 armis
3002 4001 3158 4044 utens
3209 3990 3484 4056 humanis,

1927 4078 2142 4133 mortali
2176 4079 2229 4133 in
2277 4095 2504 4148 corpore
2545 4083 2926 4152 incorporeum
2976 4081 3205 4136 Verbum
3267 4091 3498 4136 mortem

1927 4183 1986 4224 re
2007 4172 2224 4226 mortali
2257 4173 2563 4236 debellavit,
2595 4174 2906 4243 grandcque
2933 4174 3253 4229 miraculum
3280 4173 3493 4228 cunctis

1925 4263 2256 4325 ostentavit,
2304 4264 2724 4320 immortalitatis
2760 4275 3016 4335 tropzeum
3053 4267 3311 4320 adversus
3354 4279 3498 4319 mor-

1929 4363 2034 4407 tem
2067 4356 2388 4409 mortalibus
2416 4357 2582 4410 armis
2613 4367 2876 4412 statuens.
2904 4358 3114 4426 Quippe
3133 4371 3284 4410 suam
3310 4359 3492 4417 voraci

1927 4442 2116 4497 bellua).
2153 4445 2434 4498 mortalem
2467 4455 2678 4513 partem
2705 4447 2957 4511 tradidit,
2985 4460 3105 4514 qua:
3137 4444 3320 4498 statim
3350 4444 3494 4514 ligno

246 4541 426 4596 μενον,
460 4527 535 4598 μὴ
565 4528 884 4600 ἀνθρώπων,
933 4532 1006 4602 μὴ
1035 4532 1334 4603 δαιμόνων
1363 4536 1529 4605 ἐχρῆν
1551 4535 1658 4606 γάρ
1690 4537 1822 4591 πάν-

1929 4533 2097 4588 clavis
2126 4534 2336 4590 conﬁxa
2374 4536 2496 4602 fuit,
2527 4538 2688 4593 utsui
2721 4537 2972 4606 corporis
3011 4542 3202 4591 hatura
3251 4533 3495 4588 mortalis

242 4631 341 4680 τας
371 4618 618 4687 ἀκριϐῶς
646 4620 704 4672 τὸ
731 4619 921 4692 θνητὸν
957 4622 1103 4687 ἰδεῖν,
1130 4623 1206 4686 ὡς
1251 4625 1308 4676 ὲν
1340 4627 1580 4696 μεγίστῳ
1607 4625 1821 4698 Θεάτρῳ

1929 4623 1995 4677 ab
2039 4625 2294 4680 omnibus
2320 4636 2722 4697 agnosceretur,
2763 4642 2862 4681 nec
2894 4639 3221 4695 quamquam
3257 4638 3343 4677 res
3371 4631 3490 4678 acta

243 4705 343 4776 τὴν
370 4708 576 4761 οἰκείαν
601 4711 894 4781 ὁμολογοῦν
922 4713 1082 4782 φύσιν
1102 4731 1116 4744 ο
1151 4714 1217 4766 ἵν’
1249 4715 1373 4785 ἑξῆς
1401 4715 1642 4769 ἐπελθὼν
1666 4717 1696 4768 ὁ
1720 4717 1818 4771 θά-

243 4810 423 4862 νατος,
440 4791 528 4849 οἷα
549 4797 613 4869 θὴ
621 4816 650 4869 ρ
675 4800 863 4863 δεινὸς,
884 4795 993 4864 οἷός
1021 4804 1103 4866 τίς
1130 4802 1248 4856 ποτ’
1273 4797 1362 4873 ἦν,
1385 4804 1573 4856 ἑαυτὸν
1593 4804 1786 4877 ἐλέγξῃ
1805 4821 1817 4834 ⁸

244 4886 484 4940 κᾶπειτα
511 4888 609 4957 τῆς
630 4889 774 4960 ζωῆς
796 4893 828 4961 ἡ
863 4891 1109 4963 δύναμις,
1145 4892 1284 4960 μετὰ
1316 4893 1542 4948 θάνατον
1568 4894 1823 4948 ἐπελθοῦ-

243 4992 336 5040 σα,
377 4981 496 5040 τοίς
527 4981 690 5033 πᾶσιν
730 4977 886 5045 αὖθις
927 4983 1027 5053 τὴν
1059 4982 1200 5036 κατά
1241 4981 1336 5035 τοῦ
1378 4982 1605 5037 θανάτου
1648 5001 1824 5055 παραυ

243 5071 513 5141 στήσηται
565 5072 752 5144 νίκην,
801 5073 861 5126 τὸ
916 5074 1106 5146 θνητὸν
1152 5073 1418 5129 ἀθάνατον
1467 5073 1817 5141 ἀποδείξασα.

316 5340 428 5412 (20)
446 5342 617 5413 Syrus
636 5343 846 5398 videtur
876 5345 1074 5415 legisse
1111 5346 1444 5404 ἀνατέλλειν.

316 5415 432 5486 (gf)
461 5415 699 5486 Apparet
729 5415 926 5484 Syrum
956 5416 1149 5486 legisse
1180 5417 1427 5474 εἰκόνων.

317 5481 433 5554 (22)
474 5481 600 5552 Syr.
625 5498 710 5548 nt,
743 5481 831 5538 6].

318 5573 432 5647 (23)
461 5573 633 5644 Syrus
663 5577 822 5645 paulo
852 5576 1012 5632 aliter
1041 5577 1324 5648 periodum
1355 5578 1563 5635 dividit.

316 5663 432 5735 (ﬂ)
473 5663 743 5735 [lactentis
768 5666 868 5720 hoc
910 5664 1268 5735 fragmentum
1304 5669 1536 5735 (nempe
1576 5668 1644 5722 ab
1703 5667 1812 5724 illis

1923 4710 2112 4767 lateret
2162 4713 2277 4767 sive
2329 4716 2598 4769 hominem
2667 4715 2782 4770 sive
2832 4717 3152 4768 daemonem.
3231 4713 3495 4766 Intererat

1924 4805 2068 4859 enim
2111 4815 2170 4858 ut
2207 4820 2398 4860 omnes
2431 4816 2686 4862 accurate
2725 4806 2972 4860 viderent
2995 4821 3115 4860 eum
3148 4804 3238 4873 qui
3284 4805 3486 4858 morie-

1926 4896 2104 4960 batur,
2132 4896 2402 4965 prapriam
2440 4895 2784 4951 confitentem
2809 4935 2824 4960 ,
2875 4905 3129 4965 tanquam
3180 4895 3236 4946 in
3275 4902 3493 4962 specta-

1925 4986 2048 5040 culo
2092 4987 2349 5050 maximo,
2401 4995 2676 5050 naturam;
2740 4997 2800 5040 ut
2857 4985 3053 5040 deinde
3107 4984 3495 5052 superveniens

1927 5092 2095 5141 mors,
2131 5091 2230 5131 ceu
2267 5078 2384 5130 dira
2413 5076 2593 5131 bellua
2618 5117 2633 5142 ,
2656 5091 2903 5147 quanam
2936 5078 3168 5147 ipsamet
3197 5070 3359 5138 esset,
3397 5088 3492 5144 per

1922 5350 1990 5403 ad
2028 5347 2191 5405 Hebr.
2220 5363 2338 5417 cap.
2387 5349 2596 5413 tt,-l7;
2636 5351 2728 5402 sed
2763 5357 2909 5402 recte
2938 5349 3155 5417 quidem
3205 5349 3256 5401 in
3305 5350 3493 5403 codice

1920 5418 2308 5488 Mediolaneusi
2335 5434 2401 5472 ex
2434 5418 2810 5488 Εὐαγγελικῆς
2841 5417 3181 5488 θεοφανείας,
3236 5419 3493 5474 mendose

1919 5497 2112 5558 autem
2136 5479 2506 5558 iniiPa'risiacoA
2541 5479 2624 5558 (ut
2663 5479 2807 5558 certe
2853 5479 2960 5542 est'
2980 5487 3120 5557 apud
3140 5479 3486 5543 Cramerum.

1915 5571 1970 5626 p.
1997 5555 2123 5627 426)
2177 5555 2559 5628 Εὑαγγελικῆς
2587 5555 2936 5620 ἀποδείξεως.

1985 5668 2099 5738 (25)
2138 5667 2362 5743 Bellula,
2391 5670 2444 5724 id
2470 5679 2568 5743 est-
2583 5672 2773 5734 morti,
2813 5688 2919 5728 non
2962 5671 3144 5726 belluis
3178 5679 3240 5726 ut
3292 5671 3486 5743 Syrus,
3520 5721 3527 5728 .

245 5730 426 5811 verbis
469 5730 539 5805 ἦν
583 5734 681 5811 μὲν
715 5735 824 5811 γὰρ
845 5730 1036 5811 ⁸ςιιιεάλιῐι.
1079 5730 1345 5806 πρότερον
1385 5730 1808 5811 φοϐερός-εις.)

1929 5730 2018 5811 seu
2053 5730 2197 5811 a'ngl.
2225 5730 2436 5811 beasts.
2479 5740 2679 5809 Nempe
2717 5730 2876 5811 paulo
2914 5743 3055 5798 infra
3093 5756 3236 5796 mors
3278 5730 3482 5797 diserte

249 5804 513 5859 recitatur
539 5809 608 5856 ad
629 5804 819 5858 eodem
842 5805 1026 5860 Niceta
1061 5804 1226 5860 etiam
1251 5804 1303 5859 in
1329 5804 1608 5863 cateua’ad
1633 5804 1805 5877 Epist.

489 5902 763 5956 ΡΑι-ιιοι..
810 5897 928 5960 Gn.
979 5897 1210 5959 XXIV.

1918 5808 2117 5864 dicitur
2155 5807 2350 5864 bellua.

3131 5902 3210 5962 20
