4106 6464
702 426 806 488 διο

1354 411 1614 471 Ευεειιιι
1647 407 2116 469 ειεελιιιεηειε
2150 406 2298 465 OPP.
2336 405 2517 463 PARS
2551 405 2640 461 IV.
2680 435 2747 447 —
2784 402 3198 461 DOGMATICA.

703 554 763 596 se
815 536 1105 609 proderet:
1141 542 1513 603 postremoque
1562 533 1684 586 vita:
1738 531 1949 595 virtus,
2004 534 2209 582 morten

2334 524 2443 595 (26)
2490 522 2662 593 Ἦφίει
2691 523 2802 593 (27)
2827 521 3002 576 τοίνυν
3031 519 3164 591 πρὸς
3193 518 3362 591 βραχύ
3385 516 3447 570 τὸ
3724 511 3882 609 τοῦτο

704 632 1007 692 subsecuta,
1036 628 1242 683 cunctis
1263 626 1503 680 vicissim
1546 640 1695 701 suam
1728 625 1982 677 adversus
2008 628 2230 674 mortem

702 720 980 775 victoriam
1010 719 1183 787 palam
1214 716 1433 778 faceret,
1474 714 1601 768 dum
1643 713 1867 768 mortale
1909 725 2099 780 corpus
2130 710 2232 764 im-

701 808 927 866 mortale
958 808 1069 877 jam
1094 808 1323 862 sisteret.
1369 803 1578 858 Dimisit
1616 804 1794 872 itaque
1824 802 1967 855 brevi
1997 810 2231 869 tempore

699 913 913 968 corpus,
943 912 1005 953 ea
1037 912 1154 966 quae
1181 896 1281 950 hoc
1306 892 1604 956 possidebat
1635 892 1726 946 Dei
1757 890 1911 945 Verbi
1941 889 2144 951 virtus;
2176 895 2232 940 et

2333 613 2690 684 dtaxpasoﬁaa
2720 612 2812 665 τοῦ
2835 610 2967 664 Θεοῦ
2995 610 3164 677 Λόγου
3186 606 3430 677 δύναμιςο
3454 603 3566 673 (28)
3582 602 3699 655 τὸδ’
3714 602 3878 671 ἀνηρ-

2332 705 2560 775 τημένον
2578 703 2670 755 ἐπὶ
2681 701 2773 754 τοῦ
2790 700 2943 765 ξύλου
2967 701 3302 770 παραχρῆμα
3330 695 3518 767 νεκρόν
3540 689 3627 765 ἦν’
3643 686 3759 747 ἀλλ’
3786 691 3882 760 οὐχ

2331 794 2360 847 ό
2382 792 2545 860 Λόγος
2576 792 2605 843 ό
2634 790 2889 855 ζωοποιὸς
2910 790 2970 842 τδ
3000 787 3354 859 νεκρούμινον
3386 781 3454 857 ἦν
3476 802 3491 815 “
3516 783 3578 837 τὸ
3602 782 3659 837 δι
3692 780 3882 849 θνητὸν

2331 882 2429 954 τὴν
2448 882 2650 935 οίκείαν
2670 881 2934 951 ὡμολόγει
2962 879 3137 948 φύσιν.

699 962 980 1045 confestim
1011 962 1134 1042 illud
1154 990 1291 1055 quod
1325 987 1392 1038 de
1427 983 1570 1052 ligno
1640 982 1942 1052 pendebat,
2006 987 2273 1033 mortuum
2335 984 2444 1040 est;
2500 989 2604 1028 non
2658 983 2833 1028 tamen
2887 971 3161 1025 viviticum
3212 965 3447 1022 Verbum
3523 962 3887 1020 exstinctum;

700 1096 826 1151 pars
876 1077 1237 1135 tantummodo
1278 1076 1479 1130 Cbristi
1520 1074 1759 1128 mortalis
1799 1082 2042 1127 naturam
2079 1082 2230 1124 suam
2270 1067 2586 1121 testabatur.

772 1169 1023 1237 Sepulero
1059 1166 1347 1221 secundum
1386 1165 1655 1220 hominum
1687 1165 1827 1235 leges
1853 1164 2079 1218 traditus
2107 1160 2227 1218 fuit.

701 1259 826 1314 Erat
886 1268 1062 1312 autem
1113 1257 1413 1327 sepulcrum
1478 1254 1727 1324 spelunca
1778 1270 1945 1324 nuper
1996 1255 2049 1308 in
2099 1267 2229 1308 suo

700 1344 899 1406 excisa,
923 1342 1127 1396 nullum
1161 1344 1335 1396 adbuc
1368 1338 1598 1397 cadaver
1630 1349 1870 1409 experta,
1916 1343 2039 1411 quia
2066 1355 2228 1410 opor-

696 1434 844 1489 tebat
874 1434 1087 1487 unicum
1118 1431 1347 1489 loculum
1401 1433 1491 1485 uni
1541 1429 1756 1487 insolito
1789 1441 1998 1487 mortuo
2041 1433 2227 1488 deser-

702 1525 835 1578 vire.
866 1523 1108 1593 Miraque
1136 1521 1251 1577 visu
1281 1530 1397 1575 erat
1423 1532 1567 1588 petra
1600 1523 1834 1590 spatioso
1878 1524 1931 1576 in
1966 1524 2086 1578 loco
2116 1523 2226 1579 sola

696 1623 920 1669 exstans
947 1621 1145 1676 erecta,
1195 1620 1513 1681 antrumque
1551 1612 1763 1665 unicum
1805 1614 1946 1669 intus
1990 1614 2226 1679 habens;

702 1720 772 1759 ne
794 1703 840 1758 si
865 1703 999 1758 forte
1028 1702 1174 1772 plura
1201 1715 1424 1769 corpora
1462 1702 1763 1772 excepisset
1785 1743 1799 1766 ,
1832 1702 1946 1772 ejus
1969 1705 2059 1774 qui
2096 1720 2230 1760 mor-

700 1804 806 1847 tem
844 1791 1235 1854 debellaverat,
1279 1790 1590 1845 miraculum
1629 1791 1962 1847 obscuraret.
2012 1793 2230 1849 Iacebat

2398 1157 2507 1229 (29)
2532 1158 2786 1227 Μνήματι
2820 1155 2876 1208 δὲ
2905 1154 3045 1208 κατά
3084 1151 3279 1222 νόμους
3321 1146 3620 1219 ἀνθρώπων
3658 1142 3884 1216 παρεδί-

2327 1252 2444 1304 δοτο
2467 1267 2479 1279 ·
2508 1249 2567 1302 τδ
2591 1248 2645 1301 δὲ
2668 1247 2854 1318 μνῆμα
2882 1246 3142 1316 σπήλαιον
3167 1238 3235 1313 ἦν
3260 1242 3383 1312 ἄρτι
3404 1237 3545 1293 κατά
3573 1236 3777 1307 πέτρας
3797 1234 3885 1286 λεν

2328 1340 2668 1409 λαξευμένον,
2710 1335 2861 1391 οὔπω
2909 1334 3158 1404 σώματος
3211 1330 3395 1401 ἑτέρου
3449 1324 3880 1398 πεπειραμένον·

2334 1432 2437 1484 ἔδει
2460 1430 2567 1500 γάρ
2596 1428 2738 1499 μόνῳ
2770 1425 2880 1497 (50)
2915 1422 3192 1494 σχολάζειν
3222 1421 3298 1491 τῷ
3329 1420 3473 1491 μόνῳ
3494 1414 3779 1489 παραδόξῳ
3808 1431 3887 1469 νε-

2334 1521 2449 1592 κρῷ
2492 1517 2783 1589 Θαυμαστὴ
2820 1516 2877 1569 δὲ
2906 1516 3086 1584 ίδεῖνὴ
3121 1514 3291 1584 πέτρα
3325 1514 3381 1565 ὲν
3405 1507 3705 1583 ὴπλωμένῳ
3724 1504 3886 1576 χώρῳ

2337 1612 2469 1683 μόνη
2505 1611 2681 1677 ὄρθιος
2704 1605 3062 1677 ἀνεσταμένη’
3112 1605 3206 1657 καὶ
3245 1603 3401 1671 μόνον
3439 1597 3507 1671 ἦν
3536 1600 3725 1669 άντρον
3756 1598 3886 1650 εῐσω

2334 1704 2389 1755 ὲν
2420 1704 2555 1773 αὐτῇ
2601 1699 2941 1771 περιέχουσα,
2982 1696 3057 1759 ὡς
3095 1694 3160 1748 ἂν
3207 1694 3300 1764 μὴ,
3342 1690 3548 1745 πολλῶν
3593 1686 3882 1757 γενομένη,

2333 1794 2425 1847 τοῦ
2452 1793 2541 1845 τὸν
2567 1793 2791 1846 θάνατον
2818 1784 3324 1855 καταγωνισαμένου
3349 1781 3643 1852 ὲπισκιάση
3662 1779 3723 1832 τὸ
3754 1775 3884 1831 θαῦ-

700 1882 770 1935 ibi
799 1882 1093 1935 esstinctus
1123 1882 1167 1935 is
1193 1881 1281 1950 qni
1313 1889 1430 1933 erat
1460 1880 1686 1935 viventis
1720 1881 1876 1935 Verbi
1924 1897 2178 1951 organum

2332 1902 2423 1955 μα.
2448 1884 2556 1953 (51)
2578 1884 2791 1936 Ἔκειτο
2819 1881 2917 1951 μὲν
2946 1880 3009 1950 δὴ
3030 1877 3215 1949 νεκρὸς
3242 1874 3449 1940 αὐτόθι,
3472 1873 3533 1926 τὸ
3556 1870 3648 1925 τοῦ
3683 1869 3882 1935 ζῶντος

697 1984 885 2025 saxum
907 1970 1096 2039 ingens
1126 1970 1435 2025 occludebat
1489 1969 1813 2035 speluncam.
1850 1971 1991 2027 Mors
2028 1974 2225 2027 interea

696 2056 923 2112 mirifice
952 2057 1302 2127 gloriabatur,
1333 2071 1431 2111 ceu
1457 2057 1501 2111 si
1538 2056 1677 2111 hunc
1708 2058 1851 2114 haud
1891 2075 2043 2115 secus
2068 2077 2227 2130 quam

697 2146 929 2217 reliquos
956 2161 1021 2201 ex
1072 2147 1216 2201 omni
1244 2160 1354 2200 arvo
1381 2148 1760 2215 superavissct.
1799 2147 1905 2203 Sed
1925 2150 2067 2205 enim
2093 2166 2228 2205 non-

697 2236 822 2290 dum
865 2236 1112 2291 triduano
1142 2245 1379 2305 tempore
1419 2248 1643 2303 exacto,
1676 2241 1779 2292 vita
1811 2250 1979 2295 semet
2032 2242 2227 2296 iterum

697 2326 1125 2395 conspiciendam
1178 2326 1404 2392 obtulit,
1456 2337 1576 2397 post
1635 2326 1980 2384 subicientem
2043 2338 2231 2385 mortis

697 2416 1115 2483 coargutionem.
1146 2414 1277 2468 Nam
1316 2417 1360 2471 si
1388 2418 1548 2473 citius
1586 2432 1866 2488 resurgere
1893 2421 2228 2489 properavis-

697 2514 798 2571 set,
854 2520 920 2559 ne
968 2507 1263 2561 exstinctus
1306 2508 1519 2577 quidem
1579 2510 1814 2564 creditus
1864 2508 2072 2564 fuisset.
2124 2509 2227 2567 Sed

696 2593 948 2660 quoniam
977 2608 1102 2646 vere
1131 2594 1368 2649 sublatus
1409 2596 1499 2662 (in
1545 2598 1797 2664 crucem)
1848 2596 1967 2660 fuit,
1998 2614 2227 2668 vereque

696 2692 954 2747 mortuus,
978 2692 1134 2752 atque
1150 2684 1421 2753 aliquanto
1441 2687 1689 2755 temporis
1706 2688 1980 2743 intervallo
2001 2699 2223 2744 mortem

696 2788 818 2828 vere
847 2773 1115 2847 sustinuit,
1146 2774 1268 2828 hinc
1296 2776 1566 2829 enimvero
1595 2776 1735 2844 quod
1776 2778 1952 2831 omnia
1993 2779 2225 2835 vivificat

693 2860 787 2917 Dei
846 2860 1115 2926 Verbum,
1176 2862 1475 2916 universam
1534 2854 1838 2919 hominibus
1896 2869 2221 2937 propositam

692 2964 838 3019 spem
869 2965 963 3018 per
986 2951 1148 3014 illius,
1193 2952 1281 3020 qui
1312 2961 1420 3005 tum
1455 2960 1695 3008 mortuus
1738 2954 1946 3021 fuerat,
1976 2971 2221 3013 resurre-

692 3044 943 3104 ctionem,
982 3042 1289 3096 ostentavit.
1340 3040 1614 3112 [Cumque
1640 3042 1752 3110 ejus
1784 3060 1976 3113 corpus
2016 3046 2224 3116 deposi-

2329 1977 2499 2045 Λόγου
2538 1976 2805 2045 ὄργανον·
2854 1971 2997 2034 λίθος
3046 1970 3089 2022 δ’
3134 1967 3385 2021 ἀπέκλειε
3431 1960 3792 2034 παμμεγέθης
3823 1961 3889 2013 τὸ

2330 2066 2604 2138 σπήλαιον.
2635 2064 2743 2115 Καὶ
2768 2060 2933 2123 πολὺς
2954 2056 3021 2130 ἦν
3042 2061 3099 2112 ἐν
3124 2059 3291 2129 τούτῳ
3316 2055 3552 2126 γαυριῶν
3580 2058 3607 2108 ό
3634 2054 3881 2116 Θάνατος,
3976 2130 3979 2131 ν

2326 2157 2400 2220 ὡς
2430 2156 2494 2209 ἂν
2520 2154 2703 2207 τοῦτον
2739 2152 2873 2222 μετὰ
2900 2151 3008 2203 τῶν
3040 2150 3099 2215 ἐξ
3143 2151 3333 2212 αἰῶνος
3369 2146 3501 2201 ἑλὼν
3538 2145 3845 2215 ὑποχείριον
3864 2160 3879 2173 ο

2328 2246 2437 2299 ἀλλ’
2460 2244 2609 2298 οὐπω
2644 2244 2933 2314 τριήμερος
2965 2240 3162 2312 παρῄει
3204 2241 3409 2311 χρόνος,
3434 2240 3537 2291 καὶ
3565 2239 3599 2307 ἠ
3632 2236 3745 2305 ζωὴ
3779 2236 3882 2289 πά-

2327 2338 2407 2390 λιν
2452 2335 2643 2405 ὲαυτὴν
2692 2335 2874 2402 ἔφαινε
2921 2332 3061 2403 μετά
3102 2331 3191 2385 τὸν
3234 2331 3476 2401 αὐτάρκη
3519 2326 3610 2380 τοῦ
3654 2325 3882 2380 Θανάτου

2327 2427 2555 2495 ἔλεγχον.
2598 2425 2660 2477 El
2692 2423 2800 2492 γὰρ
2840 2422 2904 2493 δὴ
2934 2422 3122 2475 θᾶττον
3162 2421 3359 2490 ἀνέστη
3405 2419 3634 2488 φθάσας,
3678 2417 3776 2470 οὐκ
3814 2414 3882 2468 ἃν

2326 2518 2444 2570 οὐδὲ
2480 2514 2703 2577 τεθνεὼς
2741 2513 2996 2584 ἐνομίσθη
3017 2529 3030 2541 ⁸
3067 2511 3178 2565 ἀλλ’
3212 2513 3299 2565 ὅτε
3334 2529 3396 2579 γε
3439 2509 3651 2580 άληθῶς
3684 2507 3881 2576 ὐψοῦτο

2326 2608 2458 2677 (32),
2486 2609 2580 2660 καὶ
2598 2604 2807 2675 άληθῶς
2831 2604 3128 2673 ἐτεθνήκει,
3164 2605 3221 2656 ὲν
3250 2603 3423 2674 χρόνῳ
3457 2602 3513 2654 δὲ
3535 2601 3624 2653 τὸν
3654 2600 3880 2652 θάνατον

2323 2698 2533 2770 άληθῶς
2552 2696 2885 2759 ὐποδέδεκτο,
2915 2694 3035 2748 τότε
3062 2694 3125 2765 δὴ
3153 2694 3270 2746 τότε
3292 2695 3319 2746 ὁ
3337 2694 3443 2746 τῶν
3473 2693 3722 2745 ἁπάντων
3750 2691 3879 2755 ζωο-

2323 2791 2472 2854 ποιὸς
2497 2788 2589 2843 τοῦ
2620 2787 2755 2841 Θεοῦ
2785 2788 2956 2855 Λόγος
2985 2785 3082 2855 τὴν
3108 2786 3283 2838 πᾶσαν
3312 2782 3613 2853 ἀνθρώποις
3655 2783 3877 2835 ἀποκει-

2325 2882 2492 2952 μένην
2521 2879 2708 2934 ὲλπίδα
2731 2878 2818 2932 διὰ
2851 2878 2949 2947 τῆς
2980 2875 3071 2929 τοῦ
3100 2876 3218 2928 τότε
3244 2874 3435 2945 θνητοῦ
3464 2870 3878 2941 παλιγγενεσίας

2321 2972 2675 3026 ἐπεδείκνυτο.
2712 2969 2843 3040 [Καὶ
2875 2968 2981 3038 (55)
3015 2966 3106 3020 τοῦ
3134 2965 3379 3036 σώματος
3399 2965 3558 3019 αὐτοῦ
3590 2964 3879 3036 ληφθέντος

2323 3061 2455 3133 πρὸς
2485 3060 2593 3113 τῶν
2623 3059 2909 3129 γνωρίμων
2944 3058 3037 3110 κα)⁵
3068 3059 3134 3128 τῇ
3168 3056 3513 3129 προσηκούσῃ
3549 3056 3873 3126 παραδοθέν-

695 3140 806 3183 tum
854 3129 1039 3185 fuisset
1068 3147 1097 3184 a
1143 3131 1526 3195 familiaribus,
1581 3134 1922 3203 honestaeque
1969 3139 2209 3192 traditum

2324 3129 2412 3214 τος
2446 3152 2609 3220 ταφῇ,
2644 3150 2877 3220 τριταῖος
2918 3142 3070 3209 αὖθις
3106 3146 3450 3215 ἀπελάμϐανε
3490 3146 3646 3200 τοῦτο
3695 3148 3875 3210 αὐτός.

695 3228 997 3286 sepulturas,
1038 3232 1156 3286 post
1202 3221 1433 3275 triduum
1486 3223 1657 3277 denuo
1706 3226 1991 3295 resumpsit
2055 3227 2221 3292 illud;

693 3325 983 3379 rursusque
1010 3325 1170 3365 carne
1204 3321 1378 3366 semet
1405 3322 1455 3366 et
1494 3326 1719 3382 corpore
1756 3313 2015 3381 indutum,
2044 3316 2224 3386 cujus-

690 3424 830 3478 modi
886 3432 1037 3477 antea
1100 3424 1294 3488 fuerat,
1343 3424 1616 3493 discipulis
1644 3424 2020 3482 demonstravit
2056 3448 2067 3482 :
2100 3431 2220 3497 qui-

688 3510 907 3565 buscum
958 3512 1215 3578 tantisper
1267 3511 1659 3576 confabulans,
1728 3525 1884 3582 atque
1952 3517 2221 3587 aliquanto

689 3609 925 3668 tempore
966 3614 1219 3663 versans,
1262 3616 1382 3653 mox
1417 3600 1541 3655 illuc
1597 3602 1736 3656 unde
1785 3617 2003 3659 venerat
2056 3610 2218 3675 abiit;

686 3691 808 3745 εαξη
869 3690 1028 3753 viam,
1074 3692 1439 3758 spectantibus
1489 3692 1629 3754 illis,
1676 3694 2036 3767 ingrediens]
2082 3697 2217 3763 Quid

685 3794 815 3849 ergo
855 3790 972 3847 post
1015 3779 1165 3833 Ita'c?
1218 3777 1363 3832 Ilaud
1420 3779 1529 3847 jam
1577 3794 1674 3849 ego
1720 3790 1987 3849 gestarum
2041 3799 2216 3838 rerum

687 3876 932 3921 narrator
976 3866 1064 3918 tibi
1112 3869 1233 3929 sim,
1288 3876 1648 3919 verumtamen
1699 3867 1789 3933 qui
1829 3866 1924 3921 bas
1952 3867 2216 3934 viderunt,

685 3957 740 4011 bi
772 3956 931 4010 totius
957 3956 1147 4024 negotii
1186 3965 1347 4009 teates
1376 3955 1546 4009 idonei
1585 3956 1724 4020 sint;
1751 3957 1840 4024 qui
1873 3957 2128 4027 sanguine
2155 3972 2218 4012 ac

684 4048 808 4099 vita:
833 4045 1173 4107 detrimento,
1198 4055 1436 4100 actorum
1472 4045 1772 4107 veritatem,
1804 4060 1960 4112 quam
1996 4061 2216 4116 aspexe-

683 4144 829 4200 rant,
859 4133 1309 4189 conﬁrmaverunt
1330 4150 1345 4197 ;
1370 4142 1643 4203 totumque
1671 4135 1853 4189 orbem
1904 4150 1964 4189 ea
1993 4175 2008 4199 ,
2056 4151 2215 4205 quam

686 4227 781 4294 ipsi
807 4226 1189 4295 pmdicabant,
1220 4224 1474 4292 religione
1517 4224 1895 4291 impleverunt.
1928 4224 1992 4278 Hi
2033 4228 2217 4295 utique

684 4319 1148 4376 resurrectionem,
1180 4329 1337 4382 quam
1368 4314 1535 4368 oculis
1561 4324 1948 4381 spectaverant,
1980 4316 2220 4370 testimo-

682 4406 786 4460 niis
815 4407 927 4460 suis
952 4414 1267 4459 sanxerunt.
1322 4402 1503 4471 Neque
1545 4404 1686 4457 enim
1745 4404 1920 4458 verbis
1970 4420 2033 4459 ac
2088 4420 2217 4460 voce

2322 3246 2431 3300 Καὶ
2453 3242 2611 3296 πάλιν
2642 3240 2800 3302 αὐτὸς
2831 3239 3016 3292 ἑαυτὸν
3050 3238 3327 3307 ένσαρκον,
3372 3238 3611 3308 ἐνσωμον
3639 3236 3800 3291 αὑτὸν
3831 3239 3875 3289 ἑο

2322 3338 2514 3397 κεῖνον,
2538 3327 2647 3395 οἷος
2672 3332 2765 3384 καὶ
2794 3330 2854 3383 τὸ
2881 3329 3093 3399 πρῶτον
3117 3324 3205 3400 ἦν,
3234 3332 3344 3391 τοῖς
3369 3330 3584 3392 οἰκείοις
3614 3330 3875 3400 μαθηταῖς

2320 3429 2586 3480 δείκνυσιν
2605 3441 2617 3454 ·
2650 3419 2728 3487 οἷς
2755 3422 2847 3475 καὶ
2869 3423 2960 3474 ἐπὶ
2988 3421 3154 3491 βραχύ
3185 3421 3464 3491 ὁμιλήσας,
3489 3422 3580 3473 καί
3608 3438 3726 3473 τινα
3750 3437 3871 3473 συν-

2318 3518 2596 3590 διατρίψας
2610 3515 3031 3587 χρόνον,ἀνεισιν
3057 3512 3177 3565 ὅθεν
3205 3513 3296 3564 καὶ
3324 3512 3522 3581 παρῆν,
3555 3513 3648 3564 ὐπ’
3679 3509 3873 3580 ὀφθαλ-

2323 3613 2454 3681 μούς
2481 3609 2655 3662 αὐτῶν
2689 3606 2784 3676 τὴν
2824 3609 2900 3667 είς
2924 3605 3180 3674 οὐρανοὺς
3228 3604 3449 3672 πορείαν
3486 3599 3873 3672 στειλάμενος.)

2318 3703 2431 3772 (54)
2463 3702 2526 3753 Τί
2561 3696 2651 3753 οὖν
2676 3700 2766 3750 ἐπὶ
2807 3696 3009 3757 τούτοις
3036 3695 3274 3762 γίνεται;
3303 3692 3494 3745 Οὐκέτι
3523 3692 3631 3759 ἐγώ
3661 3709 3742 3743 σοι
3782 3707 3872 3755 γε-

2318 3794 2507 3862 νοίμην
2540 3792 2604 3844 ἂν
2631 3790 2736 3843 τῶν
2770 3788 3164 3857 πεπραγμένων
3205 3784 3552 3846 διδάσκαλος·
3584 3784 3633 3835 οἱ
3667 3783 3724 3835 δὲ
3753 3780 3873 3835 τού-

2318 3898 2422 3934 των
2455 3881 2681 3933 ὲπόπται
2713 3874 2817 3932 εῐεν
2851 3879 2915 3931 ἂν
2946 3878 3159 3929 πάντων
3181 3875 3448 3947 ἀξιόχρεοι
3487 3876 3785 3945 μάρτυρες,
3820 3873 3870 3926 σί

2316 3971 2380 4023 δι’
2403 3972 2626 4039 αἵματος
2654 3971 2745 4023 καὶ
2766 3969 2941 4039 ψυχῆς
2977 3971 3042 4038 τῇ
3070 3967 3165 4037 θέᾳ
3201 3968 3307 4019 τῶν
3338 3965 3735 4036 πεπραγμένων
3773 3963 3870 4033 τὴν

2316 4062 2573 4133 ἀλήθειαν
2603 4061 3015 4129 πιστωσάμενοι,
3057 4060 3150 4110 καὶ
3177 4058 3274 4127 τὴν
3304 4056 3591 4125 σύμπασαν
3618 4054 3867 4127 οίκουμό-

2318 4170 2413 4222 νην
2446 4153 2541 4223 τῆς
2571 4154 2705 4223 πρὸς
2736 4151 2910 4206 αὐτῶν
2939 4149 3380 4220 κατηγγελμένης
3424 4145 3729 4210 θεοσεϐείας
3769 4161 3869 4199 κα-

2317 4245 2702 4314 ταπλήσαντες.
2736 4244 2797 4297 O't'
2823 4243 2877 4296 δὲ
2900 4243 3029 4311 γοῦν
3052 4242 3149 4312 τὴν
3170 4242 3351 4301 αὐτοῖς
3379 4237 3670 4308 ὀφθαλμοῖς
3697 4253 3866 4291 κατα-

2317 4336 2603 4406 ληφθεῖσαν
2660 4334 3067 4405 παλιγγενεσίαν
3118 4335 3237 4394 rei;
3293 4328 3496 4382 ἑαυτῶν
3551 4329 3868 4401 παρέδωκαν

2322 4429 2637 4500 μαρτυρίαις
2660 4446 2671 4458 ·
2700 4429 2799 4481 οὐκ
2834 4423 2902 4497 ἦν
2931 4426 3038 4495 γὰρ
3066 4425 3241 4487 αὐτοῖς
3278 4422 3403 4491 ἄχρι
3435 4420 3589 4488 λόγου
3626 4422 3720 4474 καὶ
3756 4437 3867 4489 φω-

682 4528 836 4570 tenus
861 4515 1001 4569 facta
1030 4515 1115 4569 illa
1149 4521 1527 4582 cognoverant,
1570 4526 1791 4580 quorum
1832 4522 1994 4567 testes
2044 4515 2209 4568 exsti-

2324 4522 2409 4590 γῆς
2437 4522 2735 4590 ἀκουόμενα
2775 4520 2844 4573 τὰ
2874 4519 3233 4589 πραττόμενα,
3278 4514 3389 4567 ἀλλ’
3422 4514 3519 4583 ήδη
3566 4512 3658 4565 καὶ
3687 4512 3867 4583 ἔργοις

684 4616 878 4670 terunt,
906 4608 996 4661 sed
1030 4620 1209 4660 coram
1235 4604 1358 4658 dum
1395 4604 1583 4657 fierent
1615 4602 1954 4670 contemplati
1983 4602 2213 4666 fuerant,

682 4711 945 4764 manuque
983 4697 1116 4748 adeo
1146 4693 1443 4762 tetigerant.
1493 4692 1671 4757 Quare
1718 4700 1773 4745 et
1832 4690 2000 4745 oculis
2040 4701 2094 4745 et
2138 4691 2214 4745 rei

682 4786 909 4837 veritate
974 4782 1293 4837 evidentiam
1356 4782 1667 4842 consecuti,
1736 4779 2079 4847 victoriaeque
2148 4780 2214 4833 de

684 4884 852 4925 morte
901 4872 1079 4925 relata:-
1133 4871 1345 4939 tropaeis
1404 4869 1567 4933 visis,
1617 4870 1804 4922 merito
1851 4876 2213 4934 contemptum

684 4962 868 5013 mortis
897 4960 1298 5013 condidicerunt
1331 4978 1344 5012 :
1376 4973 1535 5013 ouatn
1566 4972 1674 5010 rem
1698 4958 1865 5025 ipsam
1898 4972 2023 5011 suos
2052 4957 2215 5011 disci-

751 5116 861 5183 (εδ)
899 5116 958 5168 n.
1009 5116 1045 5169 ι.
1087 5117 1188 5171 307
1226 5117 1278 5171 b.

749 5183 1284 5257 (Byk'lfranstulerat
1327 5186 1449 5249 alio,
1488 5188 1790 5257 nempegad
1830 5187 2031 5243 codicis
2061 5186 2209 5257 pagi-

620 5324 625 5329 ι
682 5270 803 5329 nam
819 5253 919 5307 507
949 5255 1001 5315 1),
1034 5255 1132 5307 boc
1152 5256 1383 5329 quinque
1407 5269 1654 5329 versuum
1687 5255 2036 5329 fragmentum
2060 5253 2209 5329 Niée:

683 5331 759 5373 tas
789 5324 845 5395 in
877 5332 1097 5385 catena;
1136 5324 1273 5395 quod
1298 5322 1473 5395 nunc,
1505 5322 1641 5377 duce
1682 5322 1825 5379 textu
1856 5326 2094 5395 Syriaco,
2140 5324 2207 5377 ad

682 5392 959 5442 stationem
989 5393 1254 5458 propriam
1284 5391 1436 5444 redit.

711 5525 718 5531 _
749 5458 857 5531 (9.8)
887 5458 1300 5531 Anima‘Cbristi
1347 5474 1539 5531 corpus
1566 5461 1837 5525 destituit,
1884 5475 1989 5515 non
2036 5461 2205 5527 ipsum

683 5524 917 5595 Verbum
947 5540 1040 5580 seu
1069 5526 1160 5578 Dei
1190 5527 1375 5581 virtus.
1416 5524 1769 5593 Quamobrem
1814 5524 1898 5585 hic
1942 5524 2206 5595 intellige,

680 5593 874 5645 Christi
910 5594 1289 5649 humanitatem
1316 5636 1330 5659 ,
1366 5599 1572 5651 nounisi
1618 5596 1795 5653 Verbo
1846 5593 2207 5669 permittente,

680 5670 941 5713 lllOl‘lllam
970 5676 1107 5716 esse.

750 5727 857 5799 (29)
888 5734 952 5785 Δ.
992 5731 1031 5783 ι’.
1058 5731 1176 5787 510.
1215 5732 1331 5802 Syr.
1356 5748 1439 5799 ιιι,
1462 5733 1550 5788 6t.

2322 4611 2596 4682 ὲθεωρεῖτο
2626 4613 2716 4664 καὶ
2738 4610 3045 4681 ἐψηλαφᾶτό
3075 4624 3136 4675 γε
3166 4605 3400 4673 ἀκριϐῶς
3432 4606 3568 4675 πρὸς
3594 4604 3701 4657 τῶν
3736 4601 3866 4656 ταῦ·

2321 4721 2386 4755 τα
2411 4704 2898 4773 μεμαρτυρηκότων
2923 4719 2935 4731 ·
2965 4700 3043 4753 διὸ
3064 4700 3117 4751 δὲ
3142 4700 3233 4751 καὶ
3256 4697 3484 4767 αὐτοψία
3520 4697 3613 4749 καὶ
3639 4693 3866 4765 ἀληθεία

2320 4795 2379 4846 τὸ
2407 4796 2625 4865 ἐναργὲς
2660 4793 3058 4863 κατειληφότες,
3088 4790 3182 4843 καὶ
3217 4790 3315 4857 τῆς
3340 4788 3482 4842 κατὰ
3510 4787 3603 4840 τοῦ
3633 4785 3862 4840 θανάτου

2322 4887 2470 4957 νίκης
2492 4887 2557 4939 τὰ
2599 4888 2829 4955 τρόπαια
2860 4883 3187 4951 τεθεαμένοι,
3227 4882 3447 4942 είκότως
3479 4880 3677 4951 ἔμαθον
3706 4893 3864 4932 κατα-

2320 4982 2529 5046 φρονεῖν
2550 4976 2641 5030 τοῦ
2678 4977 2903 5031 θανάτου
2924 4992 2938 5005 σ
2983 4974 3142 5027 ταύτὸ
3168 4974 3222 5026 δὲ
3266 4975 3358 5026 καὶ
3391 4974 3515 5037 τοὺς
3547 4971 3724 5025 αὐτῶν
3748 4987 3860 5040 φοι-

2386 5118 2497 5188 (50)
2531 5118 2854 5188 ltaomnino
2881 5115 3337 5188 Grgecuspodes,
3360 5112 3528 5188 Syrus
3563 5111 3720 5188 paulo
3756 5108 3856 5164 ali-

2313 5181 2405 5242 ter'
2426 5181 2550 5255 legit
2581 5186 2710 5241 illud
2746 5184 3049 5255 παραδόξῳ.
3086 5184 3218 5238 Hinc
3247 5181 3466 5253 Anglice
3496 5197 3527 5234 ο
3556 5181 3783 5234 wonder.

2382 5204 2397 5239 Γ
2426 5204 2472 5241 le
2510 5204 2550 5241 ιι
2581 5204 2710 5241 ιιιιιιι
2746 5204 2817 5237 πα

2382 5204 2589 5325 (σεξλ.
2629 5255 2666 5307 ι.
2694 5255 2817 5325 stt.

2512 5322 2961 5405 Syrpsiutellexit
2993 5324 3093 5405 bne
3114 5320 3333 5405 verbn‘m
3352 5318 3416 5371 de
3443 5318 3851 5405 resurrectione.

2311 5385 2571 5461 Ph'ilol'ogi
2612 5392 2872 5457 judicent.
2917 5389 3020 5444 Sed
3068 5387 3719 5461 certeJoan._‘x_tt,‘32,
3764 5385 3849 5447 55,

2312 5454 2554 5516 (lbriStus
2590 5454 2656 5515 de
2690 5476 2783 5512 sua
2817 5468 2985 5513 morte
3008 5463 3058 5512 in
3095 5460 3271 5513 crucis
3298 5456 3557 5525 supplicio
3592 5454 3851 5527 loquens,

2314 5531 2603 5584 hoc-verbo
2631 5528 3179 5597 ὑψοῦσθαικεπαίιανὶ,
3208 5527 3397 5597 utitur.

2383 5598 2494 5665 (3'5)
2536 5592 2843 5663 Quac'uncis
2883 5596 3091 5659 claudo,
3128 5613 3188 5650 ea
3233 5596 3425 5651 absunt
3460 5608 3489 5648 a
3528 5592 3688 5664 Syro,
3729 5593 3850 5662 quia

2314 5667 2774 5737 fortasseialiunde
2796 5667 3165 5737 obrepserunt.

2388 5735 2492 5807 (34)
2529 5736 2648 5807 Syr.
2686 5749 2769 5801 Ill,
2796 5735 2883 5789 62.
