4106 6424
189 387 288 442 62!

1563 386 1653 443 DE
1692 388 1782 444 ΤΗ
1790 389 2158 449 ΕΟΡΗΔΝΙΑ.

186 502 356 573 sm
381 503 677 568 ἐδίδασκον,
700 504 795 573 τῆς
819 503 1083 558 ἀθανάτου
1112 505 1255 577 ζωῆς
1294 506 1442 560 παοὰ
1469 507 1561 561 τοῦ
1589 508 1743 579 Σωτῆ

1875 511 2029 580 pulos
2051 513 2409 576 edocuerunt,
2441 513 2878 585 quandoquidem
2916 513 3236 570 lmmortalis
3261 516 3383 571 vita
3408 531 3442 571 a

193 610 282 662 ρος
302 596 586 668 είληφάιες
606 597 674 649 τὰ
702 596 959 665 ἐχέγγυα.

940 686 1012 743 Δ’.

256 782 371 854 (55)
407 781 681 848 Ἐπίδοξος
712 776 781 852 ἦν
817 799 900 846 τις
938 781 1077 852 ἀνὴρ
1113 776 1222 830 τῶν
1254 776 1314 828 ιν
1347 777 1673 848 στρατείαις,
1700 776 1764 829 ά-

186 870 456 946 ξιὼματος
487 875 580 928 καὶ
613 874 788 945 ἀρχῆς
822 871 1134 944 Ῥωμαῖκῆς
1171 868 1570 939 ἐπειλημμένος
1611 869 1725 938 (36)
1746 885 1759 898 ο

186 967 373 1038 ἐπειδὴ
411 967 470 1020 δὲ
505 967 536 1019 ὁ
561 966 744 1029 δοῦλος
781 964 946 1018 αὓτοῦ
977 963 1203 1034 γνήσιος
1245 959 1478 1032 πάρετος
1515 959 1584 1013 τά
1624 959 1760 1030 μέλη

183 1058 320 1114 οἶκοι
344 1059 594 1131 βέϐλητο,
626 1057 851 1112 συνιδὼν
869 1057 984 1120 οἵας
1011 1056 1041 1108 ὁ
1079 1052 1269 1123 Σωτὴρ
1293 1053 1373 1114 είς
1398 1050 1616 1121 ἑτέρους
1645 1051 1764 1104 ἐπε-

181 1151 423 1206 δείκνυτο
447 1151 724 1222 δυνάμεις,
752 1149 976 1219 ἰώμενος
993 1146 1119 1208 τοὺς
1146 1143 1469 1214 κάμνοντας,
1497 1141 1678 1196 πᾶσάν
1699 1159 1760 1194 τε

183 1242 335 1296 νόσον
361 1243 458 1296 καὶ
485 1244 663 1297 πᾶσαν
694 1240 965 1312 μαλακίαν
991 1237 1311 1306 ἀκούμενος,
1363 1233 1608 1305 λογισμῷ
1636 1236 1758 1306 κρί-

183 1344 276 1399 νας
317 1334 394 1406 μὴ
421 1335 542 1389 κατ’
576 1334 860 1405 ἄνθρωπον
889 1327 1029 1385 εἶναι
1057 1329 1120 1382 τὸ
1142 1327 1346 1398 θαῦμα,
1379 1327 1663 1398 πρόσεισιν
1683 1327 1759 1391 ὡς

180 1423 318 1497 Θεῷ,
344 1427 443 1480 οὐκ
465 1428 544 1489 είς
580 1426 641 1478 τὸ
667 1423 988 1494 φαινόμενον
1017 1419 1112 1473 τοῦ
1149 1418 1399 1488 σώματος
1434 1414 1640 1470 ἀπιδὼν
1667 1415 1759 1488 δρ-

180 1535 363 1584 γανον,
386 1519 453 1572 δι’
483 1513 544 1572 οὗ
572 1517 671 1582 τὰς
706 1516 925 1587 ὁμιλίας
961 1511 1268 1583 ἀνθρώποις
1299 1510 1552 1571 ἐποιεῖτο,
1593 1509 1674 1571 είς
1700 1507 1758 1560 δὲ

177 1611 266 1665 τὸν
297 1612 476 1683 ἀφανῆ
503 1609 638 1663 Θεὸν
669 1609 761 1662 τὸν
798 1608 886 1662 διὰ
920 1605 1014 1659 τοῦ
1045 1600 1376 1674 θνητοῦ¹τάς
1405 1599 1611 1662 οἰκείας
1631 1599 1758 1671 ἀρε-

177 1701 273 1765 τὰς
308 1703 687 1770 ὑποφαίνοντα.
718 1700 808 1754 Διὸ
839 1699 1004 1752 ὶδεῐτο
1030 1697 1123 1750 καὶ
1164 1693 1326 1756 αὑτὸν,
1367 1692 1460 1744 ἐπὶ
1483 1691 1563 1762 τῷ
1604 1691 1758 1744 παιδὶ

175 1793 273 1863 τῆς
297 1793 486 1862 θεῖκῆς
517 1792 834 1864 εὐεργεσίας
874 1792 1054 1860 τυχεῖν
1081 1788 1214 1857 (57).
1249 1785 1362 1839 Καὶ
1403 1786 1452 1838 οί
1489 1785 1589 1855 μὲν
1621 1801 1757 1856 πρε-

177 1886 427 1958 σϐύτεροι
465 1885 575 1938 τῶν
619 1884 881 1938 Ἰουδαίων
917 1880 1125 1952 μικρῶν
1153 1878 1315 1932 [vexa
1340 1877 1441 1948 τὴν
1478 1876 1636 1948 χάριν
1671 1879 1754 1930 αἰ-

173 1978 346 2044 τοῦσι,
383 1977 493 2031 τῶν
525 1979 604 2042 είς
637 1977 736 2035 τὴν
773 1971 1094 2043 συναγωγὴν
1128 1968 1430 2040 γενομένων
1465 1967 1755 2038 ἀναλωμά-

172 2089 279 2125 των
300 2089 315 2101 ·
341 2074 371 2124 ὁ
395 2071 453 2124 δὲ
485 2070 687 2141 Κύριος
719 2068 820 2121 οὐκ
843 2067 936 2120 ἐπὶ
969 2065 1140 2134 τούτῳ
1163 2061 1374 2116 δίδωσιν
1399 2060 1612 2123 ἑαυτὸν,
1637 2060 1751 2113 ἀλλ’

172 2165 264 2218 ἰπὶ
307 2162 388 2235 τῷ
425 2162 559 2216 πολὺ
591 2159 814 2232 μειξονι,
859 2158 1040 2210 πίστιν
1070 2151 1505 2224 κατεργάσασθαι
1530 2151 1617 2204 διὰ
1653 2153 1753 2221 τῆς

169 2257 453 2326 δυνάμεως
511 2257 592 2317 εἰς
635 2254 844 2315 πάντας
892 2247 1210 2320 ἀνθρώπους
1260 2243 1612 2315 βουλόμενος·
1657 2241 1753 2295 καὶ

168 2348 498 2420 χαρίσασθαι
541 2348 640 2418 μὲν
672 2345 752 2417 τῷ
797 2343 1167 2414 ἑκατοντάρχῃ
1198 2335 1518 2410 ἐπιτηδείως
1555 2337 1748 2406 ἔχοντι,

167 2439 588 2511 καθηγήσασθαι
612 2439 668 2492 δι
696 2438 924 2500 καὶτοῖς
952 2435 1128 2498 ἄλλοις
1153 2431 1241 2486 διὰ
1264 2430 1453 2484 τούτου
1483 2428 1618 2500 πρὸς
1651 2429 1750 2499 τὴν

169 2534 374 2588 πίστιν.
410 2533 521 2586 Καὶ
551 2528 880 2600 οὑδήπουθεν
901 2529 1085 2596 ἀγνοεῖ
1107 2525 1166 2578 τὸ
1201 2523 1413 2595 μέλλον,
1441 2523 1523 2575 ὅτι
1567 2521 1750 2591 μέλλει

164 2626 470 2697 πυθόμενος
492 2624 520 2676 ὀ
539 2622 930 2692 ἑκατόνταρχος
955 2617 1338 2688 ὲφικνούμενον
1355 2616 1434 2678 είς
1455 2613 1553 2685 τὴν
1572 2614 1748 2666 οίκίαν

162 2716 551 2791 παραιτεῖσθαι
569 2732 582 2745 ·
609 2715 722 2768 ἀλλ’
746 2712 900 2775 εἰδὼς
923 2711 1019 2781 τὴν
1053 2710 1344 2780 μέλλουσαν
1377 2707 1436 2773 ἐξ
1463 2705 1748 2768 εὐλαὸείας

160 2811 519 2883 παραίτησιν,
551 2799 794 2861 ἐπινεύει
817 2808 882 2876 τῇ
919 2806 1079 2873 πιστῇ
1112 2800 1352 2864 ἀξιώσει,
1393 2797 1630 2868 ἑκατέρᾳ
1657 2813 1744 2848 κι-

158 2905 311 2974 νήσει
350 2900 448 2955 τοῦ
492 2899 781 2972 ἀνθρώπου
811 2898 873 2950 τὸ
918 2899 1114 2949 οίκεῖον
1155 2889 1511 2963 ὲφαρμόζωνο
1548 2892 1613 2960 τῇ
1647 2890 1745 2958 μὲν

156 2992 386 3059 ἀξιώσει
424 2992 524 3063 τὴν
564 2989 895 3058 ἐπαγγελίαν
934 2988 1027 3040 καί
1056 2987 1155 3057 τὴν
1186 2983 1562 3054 άκολούθησιν,
1595 2984 1661 3052 τῇ
1687 2980 1744 3034 δὲ

156 3086 494 3158 παραιτήσει
516 3083 613 3155 τὴν
644 3082 892 3152 δύναμιν,
927 3079 1003 3141 ὡς
1033 3078 1126 3131 καὶ
1173 3076 1248 3148 μὴ
1301 3073 1742 3145 παραγενόμενος

158 3176 416 3232 ίάσασθαι
437 3193 451 3206 ο
483 3175 622 3230 ὥστε
642 3175 739 3244 οὐχ
774 3174 859 3226 ἕνα
883 3172 980 3243 τὴν
999 3167 1192 3225 ἑαυτοῦ
1212 3169 1516 3238 πρόγνωσιν
1541 3166 1742 3218 ὲπιδεί-
1769 3192 1811 3250 C

156 3268 246 3341 ξῃ.
277 3262 380 3339 τὴν
409 3268 617 3321 ἐκείνου
644 3265 864 3328 δικαίως
896 3265 962 3318 ἂν
997 3262 1319 3317 διεκώλυσεν
1357 3261 1555 3331 ἀρετήν
1580 3275 1591 3287 ·
1628 3257 1740 3310 ἀλλ’

154 3359 381 3429 ἀτύφως
405 3358 548 3413 κατὰ
561 3358 651 3412 τὸν
671 3355 1005 3428 ἀνθρώπινον
1025 3355 1241 3425 τρόπον,
1266 3352 1341 3415 ὡς
1370 3352 1432 3423 δὴ
1459 3349 1665 3419 ἀγνοῶν
1682 3351 1743 3402 τὸ

156 3451 378 3522 μέλλον,
421 3448 725 3508 ἀκολουθεῖ,
764 3449 851 3502 ἵνα
881 3446 1062 3518 χώραν
1094 3447 1193 3516 τῆς
1216 3443 1475 3506 εὐλαόοὖς
1513 3441 1749 3514 ἀποκρίω

155 3544 296 3610 σεώς
339 3561 403 3597 τε
450 3544 544 3596 καὶ
581 3541 888 3613 προθέσεως
924 3541 1116 3609 ἐκείνῳ
1157 3537 1466 3601 καταλίποι,
1516 3536 1608 3589 καὶ
1641 3534 1746 3604 τὴν

152 3636 446 3710 πόρρωθεν
478 3636 616 3688 ἴασιν
638 3633 875 3688 αἰτοῦντι
903 3632 1190 3704 παράσχοι.

223 3811 470 3866 Τοιαῦτα
507 3811 600 3865 τοῦ
638 3811 814 3882 πράου
852 3812 1102 3881 Σωτῆρος
1137 3811 1211 3873 ὡς
1242 3810 1337 3863 καὶ
1380 3808 1487 3880 πρὸ
1517 3809 1615 3879 τῆς
1646 3823 1736 3859 τε-

156 3905 388 3976 ραστίας
421 3903 702 3973 δυνάμεως
737 3903 805 3955 τὰ
849 3901 1126 3972 θαυμάσια
1147 3919 1160 3931 ·
1209 3901 1509 3970 θαυμάσιος
1539 3898 1647 3970 γὰρ
1680 3901 1736 3951 ἐν

155 3994 368 4056 τούτοις
396 3992 497 4044 οὐκ
521 3991 739 4043 ἔλαττον
763 3987 796 4061 ἢ
831 3991 890 4042 ὲν
912 3989 991 4058 τῷ
1026 3988 1123 4060 τὴν
1152 3989 1303 4041 νόσον
1333 3987 1607 4048 ἰάσασθαι,
1644 3987 1736 4038 καὶ

155 4083 248 4136 τὸν
272 4082 504 4136 θάνατον
531 4081 856 4150 ἀποστῆσαι.
894 4077 1003 4150 (38)
1036 4079 1166 4132 Μεθ’
1199 4079 1330 4149 ὅσης
1364 4078 1460 4147 μὲν
1492 4075 1736 4139 ἐξουσίας

154 4173 188 4242 ἡ
220 4170 318 4224 τοῦ
350 4170 602 4238 Σωτῆρος
646 4169 1067 4238 προσενήνεκται
1098 4165 1270 4236 φωνὴ,
1301 4163 1504 4234 ὁπόσης
1543 4180 1604 4216 τε
1639 4180 1735 4215 πε-

155 4261 415 4331 πλήρωτο
458 4259 769 4330 δυνάμεωςί
819 4257 942 4310 ὅσον
992 4275 1053 4310 τε
1097 4257 1157 4309 τὸ
1208 4253 1586 4324 φιλάνθρωπον
1640 4253 1734 4306 καὶ

155 4348 451 4421 πρόχειρον
479 4348 560 4410 είς
586 4345 901 4417 εὐεργεσίαν
919 4386 932 4410 ,
968 4346 1042 4409 ὡς
1075 4345 1132 4411 ea
1159 4344 1373 4414 ἑτοίμου
1404 4343 1731 4410 ἐπαγγείλα-

154 4439 282 4494 σθαι
308 4438 408 4509 τὴν
431 4436 595 4492 αὐτοῦ
624 4437 951 4508 παρουσίανί
985 4432 1107 4490 Οἷον
1132 4436 1189 4488 δὲ
1220 4434 1314 4487 καὶ
1337 4434 1398 4486 τὸ
1423 4433 1610 4503 θαῦμα
1631 4434 1730 4502 τῆς

1873 601 2165 660 Servatore
2189 605 2512 662 documenta
2542 616 2690 661 certa
2716 617 3089 676 perceperant.

2603 696 2693 752 IV.

1937 779 2145 839 Nobilis
2195 784 2416 854 quidam
2470 786 2554 840 vir
2606 796 2724 842 erat
2783 787 2838 842 in
2901 787 3148 845 Romano
3197 789 3439 844 exercitu

1865 871 2113 926 ordinem
2137 873 2419 930 duceuaet
2448 877 2764 946 dignitatem
2813 878 3073 949 adeptus;
3121 878 3278 947 cujus
3311 894 3437 935 cum

1865 961 2097 1018 dilectus
2144 963 2380 1022 famulus
2435 967 2668 1038 paralysi
2721 968 2973 1026 laborans
3022 970 3166 1034 domi
3205 968 3433 1040 iaceret,

1864 1053 2113 1107 conscius
2140 1054 2299 1108 simul
2327 1057 2505 1126 qualia
2542 1057 2798 1114 Servatur
2843 1074 2970 1130 erga
3009 1059 3145 1116 alios
3181 1075 3437 1132 exprom-

1863 1141 2061 1209 psissct
2091 1144 2356 1216 prodigia,
2407 1157 2642 1216 a-grotos
2691 1163 2912 1215 sanans,
2935 1164 3260 1220 omnemque
3289 1165 3436 1206 mor-

1863 1231 1990 1286 bum
2021 1247 2090 1289 ac
2120 1234 2432 1304 languorem
2459 1239 2757 1308 depellens,
2790 1248 2972 1295 utente
3001 1250 3259 1310 reputans
3290 1241 3437 1296 baud

1859 1337 1982 1380 esse
2009 1327 2303 1381 humanum
2325 1328 2378 1382 id
2405 1344 2575 1399 genus
2613 1331 2998 1385 miraculorum
3025 1372 3040 1394 ,
3077 1331 3294 1387 accedit
3323 1341 3433 1386 tan-

1859 1430 2022 1484 quam
2085 1417 2150 1472 ad
2204 1419 2406 1480 Deum,
2457 1418 2600 1475 haud
2646 1429 2896 1490 spectans
2929 1421 3139 1477 visibile
3185 1423 3435 1492 corporis

1859 1519 2158 1577 organum,
2189 1522 2298 1578 quo
2339 1525 2463 1564 cum
2519 1510 2830 1566 hominibus
2864 1527 3146 1568 sermones
3191 1513 3434 1571 serebat.

1857 1600 1956 1652 sed
1983 1597 2308 1652 invisibilem
2348 1599 2530 1669 potius
2579 1599 2747 1654 Deum
2780 1599 2872 1669 qui
2923 1601 3136 1656 mortali
3167 1600 3222 1656 in
3252 1599 3434 1671 specie

1855 1688 2130 1758 propriam
2163 1689 2416 1744 virtutem
2441 1691 2862 1746 demonstrabat.
2887 1690 3249 1759 Quamobrem
3274 1706 3434 1761 roga-

1859 1779 1951 1835 bat
1979 1791 2037 1836 et
2086 1782 2201 1850 ipse
2247 1791 2306 1835 ut
2351 1795 2520 1850 puero
2571 1795 2668 1836 suo
2719 1781 2958 1837 divinam
3014 1781 3432 1838 beneﬁcentiam

1859 1874 2192 1944 impetraret.
2234 1873 2301 1928 Et
2321 1872 2629 1930 Judaeorum
2667 1877 2883 1945 quidem
2919 1876 3187 1941 seniores,
3221 1874 3327 1929 levi
3363 1875 3436 1932 de

1855 1981 2017 2022 causa
2049 1966 2370 2022 beneficium
2404 1967 2457 2022 id
2487 1969 2860 2037 postulabant,
2908 1984 3100 2038 nempe
3136 1969 3268 2037 quia
3309 1983 3438 2024 cen-

1854 2057 2318 2127 turio,impcusas
2365 2073 2493 2129 erga
2542 2060 2779 2128 ipsorum
2813 2075 3140 2131 synagogam
3171 2058 3434 2141 fecisset;

1854 2149 2112 2203 Dominus
2142 2161 2321 2204 autem
2354 2149 2496 2205 haud
2526 2152 2576 2207 ei
2615 2153 2690 2206 rel
2715 2167 2904 2208 curam
2949 2152 3288 2219 intendebat,
3333 2155 3436 2208 sed

1853 2240 2022 2295 multo
2067 2241 2293 2306 majori,
2330 2256 2524 2312 nempe
2564 2253 2624 2298 ut
2663 2245 2822 2298 tidem
2850 2244 3101 2314 potentiae
3143 2257 3257 2298 sua
3286 2247 3428 2311 apud

1852 2341 2074 2386 cunctos
2111 2333 2361 2390 homines
2415 2345 2705 2392 astrueret.
2752 2336 2882 2390 Dum
2919 2337 3064 2390 enim
3113 2336 3421 2392 centurioni

1848 2423 1990 2478 bona
2056 2433 2237 2478 mente
2295 2425 2518 2494 praedito
2566 2425 2802 2490 favebat,
2856 2427 3070 2480 caeteris
3125 2425 3288 2480 simul
3352 2427 3421 2479 ad

1849 2515 2249 2584 suscipiendam
2288 2516 2448 2572 [idem
2479 2517 2585 2572 dux
2623 2517 2805 2572 ﬂebat.
2831 2515 3024 2585 Neque
3044 2532 3174 2582 sane
3200 2518 3420 2590 ignora-

1847 2604 1940 2660 bat
1983 2606 2098 2662 lore
2142 2615 2199 2660 ut
2235 2608 2482 2662 centurio
2528 2621 2806 2664 accessum
2841 2607 2955 2676 ejus
2987 2609 3054 2663 ad
3112 2623 3236 2664 suas
3275 2609 3420 2664 :edcs

1848 2695 2254 2764 deprecaretur,
2289 2698 2384 2751 sed
2421 2706 2624 2763 tamen,
2654 2699 2833 2753 sciens
2862 2697 2984 2753 licet
3035 2697 3267 2753 futuram
3298 2698 3418 2767 ejus

1845 2787 2151 2858 religiosam
2175 2787 2634 2858 deprecationem,
2668 2789 2914 2858 ingenua:
2941 2790 3183 2858 petitioni
3203 2792 3415 2852 annuit,

1846 2878 2063 2947 utrique
2096 2879 2331 2934 hominis
2357 2889 2484 2933 voto
2519 2893 2672 2935 suam
2703 2882 3126 2936 accommodans
3165 2883 3419 2937 volunta-

1846 2979 1988 3032 tem;
2020 2969 2268 3037 petitioni
2311 2971 2528 3039 quidem
2571 2970 2981 3040 promissionem
3033 2980 3088 3026 cl
3121 2973 3415 3042 profectis-

1844 3074 1998 3126 nem;
2035 3061 2403 3130 deprecationi
2435 3071 2642 3128 autem,
2670 3064 2960 3132 quominus
2987 3064 3090 3117 iret
3112 3103 3128 3127 ,
3159 3066 3414 3134 potentia!

1845 3153 1951 3207 vim
1994 3169 2099 3223 qua
2134 3157 2251 3209 sine
2297 3155 2585 3224 praesentia
2629 3156 2952 3211 medicinam
3016 3158 3164 3213 fecit.
3224 3157 3413 3229 Neque

1842 3245 2008 3310 enim,
2052 3255 2111 3300 ut
2145 3261 2296 3300 suam
2323 3247 2698 3316 praevisionem
2731 3251 3063 3314 ostenderet,
3093 3251 3234 3305 illius
3265 3263 3414 3307 recte

1841 3336 2093 3391 virtutem
2121 3337 2517 3407 impedivisset;
2544 3340 2636 3393 sed
2661 3339 2778 3394 sine
2794 3335 2958 3404 fastu,
2984 3345 3218 3397 humano
3237 3358 3409 3407 more,

1839 3427 1989 3495 quasi
2026 3442 2136 3482 rem
2168 3428 2400 3482 futuram
2432 3430 2712 3496 ignorans,
2751 3432 3088 3499 sequebatur
3123 3435 3407 3490 centurio-

1839 3533 1986 3584 nem,
2013 3529 2070 3572 ut
2099 3518 2276 3574 locum
2301 3520 2400 3589 pia:
2429 3520 2570 3575 illius
2594 3522 2926 3591 responsioni
2962 3537 3025 3578 ac
3053 3525 3410 3593 propositioni

1841 3609 2213 3680 relinqueret,
2259 3619 2313 3665 et
2346 3611 2710 3669 valetudinem
2755 3616 2969 3669 eminus
3002 3617 3165 3671 etiam
3198 3619 3408 3686 petenti

1836 3701 2120 3768 praberet.

1907 3789 1972 3845 Hi
2001 3802 2130 3846 sunt
2165 3793 2429 3848 mansueti
2461 3791 2791 3858 Servatoris,
2817 3797 2989 3864 magis
3041 3798 3206 3852 etiam
3235 3815 3407 3868 quam

1836 3883 2200 3954 prodigiorum
2231 3886 2492 3953 potentia,
2517 3886 2820 3941 admirandi
2849 3898 3020 3943 actus.
3051 3889 3216 3945 Plane
3244 3890 3297 3944 in
3321 3893 3405 3966 liis

1836 3978 1975 4032 baud
2024 3978 2204 4033 minus
2253 3977 2354 4030 fuit
2398 3977 2697 4041 mirabilis,
2753 3993 2913 4047 quam
2974 3991 3095 4035 cum
3153 3981 3400 4036 morbum

1833 4069 2035 4133 depulit
2084 4077 2422 4137 mortemque
2471 4067 2767 4137 prohibuit.
2818 4067 3032 4134 Quanta
3084 4082 3232 4126 certe
3277 4087 3397 4127 cun'

1834 4169 2100 4230 potestate
2125 4158 2432 4214 Servatoris
2462 4174 2564 4213 vox
2595 4161 2816 4230 prodiit,
2842 4173 3154 4232 quantaque
3188 4165 3238 4217 vi
3262 4181 3403 4235 pras-

1835 4250 1978 4304 dita!
2033 4259 2236 4320 quanta
2271 4251 2485 4303 demum
2541 4250 2847 4319 benignitas
2882 4262 3046 4321 atque
3074 4255 3142 4308 ad
3172 4254 3358 4310 benef’

1836 4340 2085 4394 ciendum
2110 4339 2450 4409 proclivitas,
2499 4355 2621 4394 eum
2649 4355 2707 4395 se
2731 4342 3139 4409 paratissimum
3171 4345 3236 4398 ad
3267 4361 3397 4416 pro-

1832 4431 2180 4486 ﬁcisccndum
2233 4432 2551 4486 nuntiavit!
2617 4431 2871 4488 Profecto
2937 4433 3181 4490 beneﬁcii
3238 4437 3404 4507 hujus

153 4529 500 4602 εὐεργεσίας,
526 4529 634 4582 οὐδ’
661 4529 806 4582 ἔστιν
837 4527 1072 4593 ἐπαξίως
1099 4527 1308 4594 νοῆσαι.
1338 4525 1411 4577 Τὸ
1432 4523 1540 4594 γάρ
1570 4524 1726 4594 μόνον

1844 4521 2301 4576 admirabilitatem
2327 4535 2489 4575 nemo
2520 4521 2678 4590 digne
2704 4523 3010 4577 msﬁmabit.
3044 4522 3175 4578 Nam
3209 4527 3394 4583 dicere

154 4621 524 4691 φθέγξασθαι,
561 4621 654 4672 xui.
685 4620 799 4689 ἅμα
830 4618 973 4687 λόγῳ
1015 4617 1113 4687 τὴν
1147 4616 1289 4669 ῐασιν
1336 4614 1414 4685 τῷ
1461 4615 1554 4668 τοῦ
1594 4617 1724 4667 ἑκα-

151 4705 453 4776 τοντάρχου
497 4705 643 4758 παιδὶ
678 4706 1011 4776 παρασχεῖν,
1062 4704 1155 4756 καὶ
1188 4702 1491 4766 ἀπαλλάξαι
1547 4721 1722 4772 παρα-

150 4797 340 4867 χρῆμα
371 4793 466 4846 τοῦ
514 4798 688 4846 νοσεῖν
719 4794 808 4848 τὸν
837 4792 988 4864 παρὰ
1031 4791 1202 4861 βραχὺ
1239 4789 1317 4859 τῷ
1357 4790 1568 4860 θανάτῳ
1597 4807 1726 4842 κατ-

153 4887 450 4958 εσχημένον
474 4925 490 4949 ,
540 4885 656 4949 πῶς
685 4887 746 4940 οὐ
777 4885 909 4940 Θεὸν
941 4884 1153 4954 ἀληθῶς
1180 4882 1269 4935 διὰ
1311 4881 1510 4952 θνητῆς
1541 4885 1723 4952 φωνῆς

151 4977 530 5048 φθεγξάμενον
559 4978 794 5047 παρίστη
819 4975 960 5048 (59);
992 4975 1064 5028 Οὐ
1105 4974 1354 5044 πάρεστι,
1382 4974 1476 5024 καὶ
1491 4973 1568 5035 ὡς
1585 4990 1726 5044 παρ-

147 5072 228 5125 ὼν
284 5071 532 5141 ἐνεργεῖ·
587 5067 759 5134 λόγων
789 5070 895 5145 γάρ
945 5064 1080 5120 Θεοῦ
1128 5066 1220 5117 καὶ
1269 5063 1445 5135 Ιργων
1481 5065 1630 5118 οὐδὲν
1662 5065 1722 5117 τὸ

151 5160 382 5233 μεταξύ.
419 5160 530 5213 Καὶ
554 5159 617 5212 οὐ
648 5160 805 5230 μέχρι
829 5159 1000 5227 λόγων
1029 5159 1216 5227 γέγονε
1239 5158 1315 5228 τῷ
1341 5157 1722 5226 ὲκατοντάρχῳ

146 5258 177 5308 δ
206 5253 450 5314 ἔπαινος,
471 5250 608 5304 ἀλλὰ
637 5251 730 5304 καὶ
758 5250 850 5303 τὸν
875 5249 1130 5303 νοσοῦντα
1163 5250 1291 5318 ὑγιῆ
1323 5249 1600 5303 ἀπέδωκεν
1630 5249 1719 5301 ἐπὶ

144 5344 248 5415 τῆς
274 5344 547 5406 πίστεως,
575 5343 669 5395 καὶ
699 5341 949 5411 λαμπρὸν
987 5341 1132 5410 αὐτῷ
1165 5341 1352 5394 πλέκει
1390 5339 1481 5392 τὸν
1524 5340 1712 5408 στέφα-

277 5497 337 5568 5)
361 5493 595 5568 ραιηῐι..
624 5494 665 5550 f.
695 5495 749 5550 ι.
779 5492 984 5568 δίεν.
1008 5492 1106 5568 iib.
1142 5508 1218 5556 tv,
1249 5491 1306 5545 2.

316 5560 689 5637 )Wocabulum
711 5560 1111 5637 ἐπειλημμένος
1131 5561 1398 5637 quomodo
1418 5560 1713 5637 explicetur

140 5655 208 5695 ex
225 5630 378 5704 ἐνι-υ
400 5635 770 5704 Anglice,was
799 5634 852 5704 in
875 5630 1066 5704 astate
1092 5633 1153 5704 of
1167 5646 1554 5704 a_uspe_nse.tt_on
1580 5630 1715 5683 satis

142 5655 208 5695 σε
233 5654 272 5694 δ
316 5655 378 5692 ru
400 5654 770 5704 anguce,was
799 5654 852 5686 ιη
875 5654 907 5684 a
935 5654 1066 5684 uate
1092 5654 1143 5700 σι
1167 5654 1554 5695 "amaracum"
1580 5654 1715 5683 satis

142 5654 429 5777 inteliigo;
478 5703 577 5777 nisi
630 5703 772 5777 forte
807 5703 975 5770 Syrus
1013 5701 1144 5777 legit
1177 5698 1600 5769 ἀπειλημμένος,
1663 5706 1716 5751 et

141 5770 365 5840 cuidem
398 5773 663 5828 translata
700 5770 1156 5836 interpunctione.

1832 4612 2225 4678 tantummodo,
2258 4620 2315 4666 et
2339 4627 2445 4666 una
2477 4629 2597 4667 cum
2647 4615 2814 4668 verbo
2863 4616 3152 4672 sanitatem
3201 4629 3393 4674 centu-

1829 4704 1999 4757 rionis
2051 4718 2220 4772 puero
2263 4703 2471 4771 largiri,
2524 4719 2588 4757 ac
2636 4716 2857 4772 repente
2903 4708 3091 4762 morbo
3137 4713 3394 4777 expedire

1825 4811 1948 4851 eum
1974 4796 2067 4864 qui
2101 4795 2152 4848 in
2191 4795 2382 4849 mortis
2434 4794 2622 4849 limine
2658 4797 2998 4861 versabatur,
3035 4800 3220 4867 quidni
3265 4817 3390 4855 vere

1826 4885 1993 4940 Deum
2027 4887 2263 4940 humana
2307 4899 2440 4940 voce
2496 4885 2801 4955 loquentem
2849 4889 3188 4945 demonstrat
3220 4892 3244 4944 ἲ
3277 4892 3396 4947 Non

1827 4976 2000 5041 adest,
2045 4985 2100 5031 et
2143 4976 2306 5032 veluti
2355 4991 2594 5045 prtesens
2647 4988 2942 5047 operatur:
2975 4997 3095 5033 nam
3124 4983 3266 5036 inter
3299 4983 3390 5038 Dei

1828 5067 1988 5124 verba
2010 5076 2065 5122 et
2095 5081 2265 5134 opera
2285 5067 2418 5120 nihil
2449 5069 2692 5123 interest.
2727 5068 2914 5138 Neque
2936 5071 3054 5126 laus
3081 5077 3395 5129 centurioni-

1826 5157 2022 5210 tributa
2063 5157 2353 5211 verborum
2387 5169 2544 5212 tenus
2574 5159 2695 5222 fuit,
2729 5165 2823 5213 sed
2853 5171 2908 5214 et
2938 5178 3139 5233 aegrum
3164 5180 3388 5233 puerum

1825 5251 1893 5303 ob
1930 5249 2074 5304 illius
2103 5251 2259 5303 iidem
2292 5255 2523 5314 sanavit,
2560 5263 2723 5320 atque
2763 5254 2834 5307 ita
2881 5255 3222 5324 splendidum
3251 5276 3379 5329 pra:-

1825 5342 1992 5395 mium
2037 5341 2289 5394 contulit.
2348 5342 2492 5395 Disit
2531 5344 2698 5410 enim,
2750 5360 2992 5414 moxque
3040 5364 3202 5418 opera
3250 5367 3386 5419 prac-

1888 5489 1998 5563 (37)
2047 5493 2183 5571 _Exm
2233 5493 2508 5571 al_iqu_anto
2554 5506 2727 5553 tractu
2780 5501 3006 5558 Graecus
3053 5513 3232 5561 textus
3267 5519 3385 5571 tan.

1819 5566 2095 5634 tu._n_modo
2125 5565 2240 5634 sine
2266 5564 2508 5634 Syriaco.

2124 5632 2161 5685 ί.
2199 5630 2328 5697 ll";
2360 5634 2420 5688 L.
2453 5634 2494 5688 f.
2524 5638 2580 5704 5,
2616 5638 2687 5710 b7;
2729 5638 2950 5710 S)’|‘.dV,
2979 5645 3032 5700 3.

1897 5700 2008 5780 (E9)
2043 5701 2138 5756 llic
2164 5719 2378 5780 quoque
2401 5700 2609 5780 septem
2643 5700 2977 5768 lere'verstis
3010 5717 3397 5780 desititﬂ'atttttrtr

1825 5769 1879 5824 in
1911 5768 2072 5840 Syro,
2105 5768 2194 5827 vei
2220 5768 2368 5828 certe
2401 5768 2672 5834 in'Grteco
2703 5781 3002 5842 abundant.
