4106 6432
748 418 853 477 623

1401 411 1665 470 EUSEBII
1702 408 2171 468 CESARIENSIS
2206 406 2354 463 OPP.
2393 406 2569 462 PARS
2610 405 2697 459 IV.
2736 437 2805 447 —
2844 400 3256 461 DOGMATICA.

3849 397 3951 452 ϐυ

751 530 999 586 dictionis
1057 536 1205 585 testis
1254 530 1540 585 subsecuta
1589 537 1712 595 est;
1749 542 1870 581 nam
1927 541 2059 598 puer
2107 526 2283 581 statim

2392 542 2489 577 νον.
2523 522 2655 578 Είπε
2685 524 2814 595 γὰρ,
2852 523 2947 576 καὶ
2977 520 3037 573 τὸ
3077 518 3236 588 ἐργον
3269 512 3597 586 ἠκολούθησε
3645 513 3953 584 μαρτυροῦν

751 619 1039 678 convaluit.

818 711 967 778 Quod
1013 708 1057 764 si
1104 708 1225 778 quis
1270 707 1406 761 hanc
1451 719 1565 760 rem
1619 721 1759 777 agre
1794 708 1895 761 sibi
1949 707 2017 760 ob
2060 704 2285 777 prodigii

752 799 1170 872 magnitudinem
1197 797 1539 866 persuadeat,
1598 797 1737 851 haud
1783 805 1963 850 tamen
1994 796 2062 850 de
2106 795 2292 866 praedi-

751 891 935 946 ctione
966 897 1110 944 recte
1142 886 1425 952 dubitabit,
1469 900 1537 939 ex
1577 902 1681 955 qua
1723 886 2023 941 evidentior
2054 885 2175 940 facti
2199 885 2291 939 de-

753 978 1071 1035 monstratio
1102 974 1403 1038 coniicitur,
1429 974 1471 1027 si
1504 973 1628 1042 quis
1658 980 1889 1043 reputet,
1916 972 2135 1027 unicum
2179 972 2290 1026 Ro-

752 1086 967 1126 manum
994 1069 1268 1125 hominem
1308 1066 1472 1121 fuisse
1504 1065 1596 1134 qui
1628 1067 1691 1119 ad
1731 1064 2076 1119 Servatorem
2105 1078 2291 1118 acces-

750 1165 841 1230 sit,
883 1164 1078 1233 quique
1126 1159 1381 1227 majorem
1416 1160 1576 1213 etiam
1636 1160 1912 1229 magisque
1948 1158 2284 1222 benevolum,

749 1268 908 1322 quam
950 1249 1170 1306 Iudaica
1220 1247 1571 1311 natio,‘fecit
1607 1247 1811 1302 Christi
1861 1246 2285 1313 confessionem;

748 1350 933 1398 noster
981 1355 1113 1395 vero
1154 1339 1415 1395 Servator
1462 1338 1663 1392 multos
1716 1352 1814 1409 pro
1867 1352 1993 1400 uno,
2047 1324 2197 1404 reque
2227 1353 2289 1391 ac

746 1431 907 1497 hunc,
964 1430 1028 1484 ad
1077 1445 1136 1484 se
1186 1441 1496 1483 accessuros
1540 1426 1770 1481 affirmat
1820 1442 1888 1482 ex
1940 1427 2289 1482 orientalibus

748 1521 1075 1593 regionibus,
1103 1521 1332 1589 itemque
1356 1533 1424 1573 ex
1447 1519 1887 1584 occidentalibus,
1912 1520 2001 1587 qui
2028 1518 2097 1572 ob
2132 1533 2284 1572 suam

745 1611 943 1667 Christi
964 1610 1315 1681 cognitionem
1339 1616 1392 1663 et
1416 1607 1829 1673 confessionem,
1857 1609 1998 1663 haud
2026 1609 2286 1662 minorem

747 1717 777 1757 a
826 1703 936 1758 Deo
985 1708 1379 1770 consequentur
1410 1699 1668 1755 honorem
1715 1715 1877 1769 quam
1937 1698 2285 1761 Hebraeorum

747 1801 1015 1863 parentes.
1045 1789 1283 1861 Namque
1298 1799 1353 1844 et
1375 1790 1569 1844 horum
1598 1790 1928 1859 patriarcha,
1957 1788 2170 1844 celeber
2200 1788 2289 1843 ille

2388 620 2451 687 τῇ
2485 616 2817 687 προρρήσει·
2850 615 2942 668 καλ⁴
2980 610 3101 681 ίάθη
3132 612 3160 663 ὁ
3194 611 3324 670 παῖς
3354 608 3565 660 αὐτίκα.

2470 706 2607 758 Ἀλλ’
2630 708 2678 757 εί
2707 705 2841 777 πρὸς
2866 704 3020 758 τοῦτό
3042 719 3126 765 τις
3150 700 3456 762 δυσπίστως
3482 698 3592 767 ἔχει
3622 696 3711 751 διά
3735 697 3835 768 τὴν
3859 696 3954 749 τοῦ

2390 795 2663 865 θαύματος
2725 794 3055 867 ὑπερϐολὴν,
3121 790 3234 845 ἀλλ’
3300 789 3402 841 οὐκ
3455 790 3548 841 ἐπὶ
3598 788 3954 859 προρρήσεως

2391 887 2682 955 σκήπτοιτο
2711 884 2777 938 ἂν
2808 884 3074 952 εὐλόγως,
3102 882 3187 950 ἐφ’
3279 880 3477 951 μείζων
3508 878 3537 930 ὁ
3570 879 3669 948 τῆς
3701 877 3955 948 πράξεως

2390 976 2605 1045 ἐλεγχος
2634 973 3099 1045 ἀποδειχθήσεται,
3130 973 3183 1025 εῐ
3203 989 3288 1035 τις
3328 974 3384 1024 ἐν
3416 970 3491 1039 νῷ
3516 969 3690 1032 λάϐοι,
3725 969 3803 1031 ὠς
3832 967 3951 1019 τότε

2392 1066 2487 1134 μὲν
2513 1061 2593 1127 εἷς
2633 1063 2899 1133 Ῥωμαῖος
2925 1059 2992 1133 ἦν
3019 1065 3049 1116 ὁ
3072 1060 3148 1133 τῷ
3178 1062 3390 1131 Σωτῆρι
3425 1057 3839 1131 προσεληλυθὼς
3866 1074 3951 1126 χιε-

2389 1154 2624 1224 λίαρχος,
2651 1154 2679 1205 ὁ
2703 1152 2768 1223 δὴ
2792 1150 3011 1221 μείζονα
3038 1152 3131 1204 καὶ
3162 1150 3667 1220 εὐγνωμονεστέραν
3694 1148 3790 1201 τοῦ
3826 1150 3954 1200 ’1ου-

2387 1244 2549 1297 δαίων
2586 1243 2768 1307 ἔθνους
2799 1242 3167 1313 ἐνδειξάμενος
3198 1242 3296 1312 τὴν
3326 1242 3406 1303 είς
3437 1240 3597 1294 αὐτὸν
3623 1239 3910 1310 ὁμολογίαν
3932 1254 3947 1268 ·

2388 1338 2415 1387 ὁ
2443 1336 2487 1388 δ’
2517 1334 2780 1407 ἡμέτερος
2812 1334 2999 1405 Σωτὴρ
3029 1334 3252 1396 πολλοὺς
3278 1332 3390 1386 ἀνθ’
3426 1332 3543 1394 ἐνὸς
3584 1330 3798 1383 ἔσεσθαι
3825 1330 3953 1393 τοὺς

2388 1428 2507 1480 κατ’
2551 1430 2753 1480 ἐκεῖνον
2794 1425 3080 1496 μέλλοντας
3128 1424 3277 1494 αύτῷ
3325 1422 3605 1494 προσιέναι
3638 1424 3702 1475 ἐκ
3746 1420 3857 1474 τῶν
3892 1437 3952 1475 τε

2388 1516 2521 1587 πρὸς
2558 1515 2630 1566 ἕω
2663 1512 2753 1567 καὶ
2802 1512 3067 1584 ἀνατολὴν
3112 1513 3409 1582 κλιμάτων,
3439 1512 3545 1564 τῶν
3577 1528 3636 1564 τε
3669 1510 3810 1565 κατὰ
3833 1510 3953 1565 δυό-

2390 1623 2549 1676 μενον
2585 1606 2734 1677 ήλιον
2775 1605 3062 1658 οἰκούντων
3104 1602 3381 1667 θεσπίζει,
3432 1604 3556 1665 τοὺς
3590 1602 3679 1655 διὰ
3720 1605 3820 1673 τῆς
3874 1603 3953 1664 είς

2386 1696 2546 1748 αὐτὸν
2581 1693 2924 1764 ἐπιγνώσεώς
2954 1711 3012 1746 τε
3054 1692 3149 1747 καὶ
3188 1692 3477 1762 ὁμολογίας
3514 1692 3615 1762 τῆς
3650 1693 3770 1761 ίσης
3802 1689 3953 1762 παρὰ

2386 1783 2504 1853 Θεῷ
2534 1784 2698 1853 τιμῆς
2725 1786 2836 1846 τοῖς
2873 1782 3133 1851 Ἐϐραίων
3166 1782 3507 1854 προπάτορσι
3543 1780 3951 1851 καταξιωθήσο-

746 1877 1103 1940 Abrahamus.
1123 1892 1189 1932 ex
1218 1877 1531 1946 irreligiosis
1567 1878 1877 1946 pereuntibus
1898 1886 2092 1944 .ortus,
2121 1877 2284 1932 vitam

2392 1875 2612 1947 μένους·
2647 1876 2729 1927 ὅτι
2774 1875 2838 1947 δὴ
2880 1875 3143 1929 κάκείνων
3179 1878 3207 1928 ὁ
3248 1874 3573 1945 προπάτωρ,
3608 1872 3768 1937 αὐτὸς
3811 1871 3877 1943 δὴ
3924 1873 3953 1927 ὁ

749 1969 1119 2032 commutavit,
1144 1982 1173 2022 a
1199 1966 1540 2038 polytheismi
1575 1982 1761 2021 errore
1790 1969 2067 2034 recedens,
2096 1984 2290 2021 unum-

750 2074 854 2131 que
912 2058 1269 2114 universalem
1320 2058 1485 2113 Deum
1527 2058 1639 2126 ipse
1689 2058 1926 2126 agnovit.
1962 2058 2287 2126 Quinetiam

758 2151 875 2221 ejus
903 2150 1028 2205 ﬁliis
1054 2151 1236 2206 lsaaco
1268 2161 1425 2219 atque
1470 2148 1669 2204 Jacobo
1701 2148 1904 2204 similes
1951 2148 2094 2205 fores
2127 2149 2289 2203 innu—

756 2255 935 2296 meros
959 2254 1053 2311 per
1070 2242 1369 2295 universum
1394 2240 1599 2303 orbem,
1633 2240 1933 2308 praesertim
1960 2254 2086 2294 vero
2109 2240 2291 2295 orien-

755 2331 827 2386 tis
858 2342 912 2386 et
938 2331 1147 2387 occidui
1180 2331 1309 2387 solis
1335 2332 1581 2401 p0pulos.
1615 2329 1884 2401 praedixit.
1916 2329 2151 2399 Denique
2178 2344 2290 2385 mo-

748 2422 914 2476 menti
982 2422 1203 2475 maximi
1273 2422 1586 2490 superaddit
1661 2420 1747 2476 his
1832 2421 2284 2490 praedictionem;

749 2526 939 2580 nempe
961 2514 1101 2581 quod
1139 2510 1306 2567 Judaei
1348 2512 1469 2581 ipsi,
1495 2510 1602 2566 Deo
1626 2513 1910 2568 charorum
1949 2511 2155 2566 illorum
2195 2527 2293 2582 po-

750 2603 898 2663 steri,
942 2604 1031 2672 qui
1078 2602 1441 2657 Abrahamum
1486 2602 1779 2670 iactabant,
1827 2601 2068 2657 lsaacum
2122 2612 2285 2672 atque

747 2691 1030 2756 Iacobum,
1062 2688 1457 2759 proptersuam
1493 2692 1751 2746 adversus
1791 2691 1956 2746 Deum
1985 2692 2289 2745 vecordiam

747 2791 801 2835 et
829 2780 1280 2842 incredulitatem,
1328 2794 1426 2834 ceu
1478 2780 1718 2834 scientia
1765 2779 1968 2835 lumine
1997 2780 2201 2845 orbati,
2236 2784 2289 2833 in

749 2873 1000 2924 tenebras
1028 2870 1327 2925 exteriores
1355 2869 1651 2939 expellendi
1682 2878 1862 2925 essent
1890 2887 1904 2922 :
1937 2870 2015 2925 sic
2036 2869 2287 2924 nimirum

748 2960 1070 3027 imperitiam
1104 2958 1340 3025 illorum,
1367 2972 1739 3026 summamque
1786 2958 2083 3023 inscitiam,
2113 2967 2167 3014 et
2198 2973 2289 3013 sa-

748 3051 941 3104 lutaris
973 3049 1189 3105 luminis
1228 3050 1511 3105 orbitatem
1556 3051 1875 3121 praedicens.
1922 3048 2058 3105 Hinc
2109 3065 2290 3106 rerum

749 3150 961 3210 oportet
991 3143 1192 3195 exitum
1245 3141 1697 3205 animadvertere,
1746 3150 1912 3209 atque
1958 3142 2091 3195 adeo
2120 3140 2292 3195 oculis

751 3230 1126 3299 contemplari,
1176 3230 1443 3298 quomodo
1470 3228 1658 3294 Judaei,
1686 3229 1779 3299 qui
1806 3230 2069 3285 dictorum
2119 3230 2295 3284 homi-

753 3340 880 3379 num
930 3325 1037 3379 Deo
1067 3326 1351 3380 charorum
1399 3338 1566 3395 genus
1618 3338 1739 3379 esse
1779 3322 2095 3393 gloriantur,
2141 3322 2292 3390 ejecti

750 3414 953 3469 fuerint
985 3430 1089 3470 non
1120 3429 1282 3486 regno
1327 3416 1417 3469 Dei
1468 3414 1856 3480 tantummodo,
1904 3429 2094 3469 verum
2129 3414 2291 3467 etiam

748 3521 903 3561 sacra
932 3507 1164 3575 ipsorum
1198 3505 1467 3576 regalique
1497 3503 1773 3572 metropoli
1797 3522 1810 3557 :
1838 3503 2086 3573 exemplo
2115 3513 2292 3559 autem

750 3597 927 3661 unius,
953 3596 1044 3664 qui
1083 3594 1209 3649 olim
1242 3596 1306 3649 ad
1343 3593 1682 3648 Servatorem
1733 3594 1988 3660 accessit,
2020 3595 2294 3649 centurio-

747 3687 854 3750 nis,
883 3685 1293 3740 innumerabilis
1322 3685 1596 3740 hominum
1634 3684 1925 3739 multitudo
1949 3700 2015 3739 ει
2063 3685 2294 3741 nationi-

749 3777 853 3832 bus
891 3778 1121 3841 cunctis,
1166 3790 1317 3846 aeque
1362 3792 1425 3831 ac
1469 3777 1576 3845 ille,
1630 3778 1844 3834 Christo
1900 3777 2153 3847 adjuncta
2198 3775 2292 3840 sit,

750 3885 871 3939 qua
898 3870 965 3923 ab
988 3884 1053 3924 eo
1074 3871 1283 3935 eilocta,
1318 3870 1562 3925 eumdem
1598 3883 1754 3938 quem
1799 3868 1987 3939 inclyti
2034 3867 2109 3921 illi
2154 3867 2293 3937 apud

751 3958 1004 4014 Hebraeos
1040 3959 1160 4020 viri,
1190 3960 1354 4014 Deum
1380 3975 1689 4030 agnoscere,
1716 3975 1908 4029 parem
1936 3958 2046 4014 illis
2076 3960 2143 4014 ab
2176 3956 2295 4015 uni-

752 4050 950 4105 versali
976 4065 1099 4117 rege
1131 4051 1238 4106 Deo
1266 4054 1568 4108 mercedem
1608 4053 1844 4121 recipere
1865 4052 2023 4122 digna
2057 4050 2173 4105 fuit.

2390 1964 2659 2035 βοώμενος
2704 1964 2953 2036 ’Δϐραάμ
2984 1966 3321 2038 ἐκαπατέρων
3338 1966 3665 2038 ’ὁρμώμενος
3697 1965 3952 2019 δεισιδαι-

2392 2057 2565 2127 μόνων
2598 2055 2949 2127 μετεϐάλλετο
2974 2059 3066 2111 τὸν
3102 2058 3233 2128 βίον,
3264 2059 3363 2128 τῆς
3395 2058 3493 2128 μὲν
3526 2058 3785 2111 πολυθέου
3818 2056 3954 2112 πλά-

2390 2164 2485 2218 νης
2511 2148 2885 2220 ἀναχωρήσας,
2927 2148 3021 2201 ἐνα
3045 2148 3102 2201 δὲ
3134 2146 3223 2201 τὸν
3270 2149 3363 2201 ἐπὶ
3413 2149 3630 2202 πάντων
3659 2148 3791 2202 Θεὸν
3828 2151 3952 2204 ἐπι-

2389 2237 2548 2305 γνοὺς
2582 2236 2696 2291 ὁδίο
2735 2238 2970 2301 καὶτοῖς
3001 2237 3164 2291 αὐτοῦ
3206 2240 3362 2291 παισὶ
3393 2239 3471 2309 τῷ
3516 2237 3697 2291 Ἰσαάκ
3739 2240 3835 2292 καὶ⁵
3876 2239 3955 2312 τῷ

2403 2326 2593 2380 Ἰακὼϐ
2628 2326 2844 2398 ὁμοίους
2891 2328 3105 2381 ἔσεσθαι
3143 2329 3365 2400 μυρίους
3406 2328 3525 2382 καθ’
3566 2329 3695 2397 ὅλης
3741 2329 3841 2399 τῆς
3870 2328 3953 2382 oi-

2390 2418 2679 2489 κουμένης,
2713 2419 2807 2470 καὶ
2836 2417 3039 2471 τούτων
3069 2418 3298 2488 μάλιστα
3320 2418 3389 2471 τά
3417 2418 3551 2489 πρὸς
3577 2418 3652 2471 ἐω
3677 2417 3827 2488 ἔθνη,
3859 2419 3954 2475 καὶ

2388 2507 2513 2569 τοὺς
2567 2506 2708 2560 κατὰ
2750 2506 3004 2576 δυόμενον
3044 2507 3191 2578 ήλιον
3234 2505 3515 2570 οικοῦντας
3557 2506 3949 2577 προαγορεύει·

2390 2596 2708 2668 προστίθησί
2751 2614 2807 2650 τε
2839 2597 3049 2661 τούτοις
3078 2597 3141 2651 rb
3172 2597 3423 2669 μέγιστον
3451 2598 3549 2670 τῆς
3579 2600 3949 2670 προρρήσεως·

2390 2688 2542 2741 αὐτοὶ
2578 2687 2815 2741 Ἰουδαῖοι
2840 2687 2950 2741 τῶν
2987 2688 3249 2759 θεοφιλῶν
3290 2690 3514 2743 ἐκείνων
3547 2690 3835 2757 ἀπόγονοι,
3864 2691 3954 2743 τὸν

2402 2778 2651 2851 Ἀϐραὰμ
2681 2777 2973 2849 αὐχοῦντες
3008 2779 3218 2834 καὶτὸν
3259 2779 3442 2834 Ἰσαάκ
3474 2780 3568 2833 καὶ
3602 2780 3693 2834 τὸν
3736 2779 3954 2844 Ἰακὼϐ,

2388 2869 2477 2923 διά
2516 2870 2612 2940 τὴν
2656 2870 2737 2934 είς
2773 2868 2935 2924 αὐτὸν
2965 2870 3188 2940 ἀλογίαν
3232 2888 3293 2924 τε
3327 2872 3422 2925 καὶ
3451 2872 3729 2935 ἀπιστίαν,
3768 2872 3847 2935 ὡς
3889 2872 3956 2926 ἀν

2389 2961 2483 3015 τοῦ
2521 2962 2620 3033 τῆς
2652 2961 2906 3029 γνώσεως
2938 2962 3117 3031 φωτὸς
3156 2962 3609 3034 ἀπεστερημένοι,
3659 2962 3956 3035 ἀπόϐλητοι

2390 3053 2704 3123 γενήσονται
2735 3056 2813 3117 είς
2848 3052 2914 3106 rb
2954 3054 3141 3117 σκότος
3183 3054 3244 3108 τὸ
3288 3052 3571 3125 ἐξώτερον,
3604 3054 3703 3127 τὴν
3733 3056 3958 3125 ἄγνοιαν

2319 3186 2361 3245 c
2393 3144 2569 3197 αὐτῶν
2615 3145 2707 3197 καὶ
2736 3144 2836 3215 τὴν
2880 3144 3113 3245 ἐσχάτην
3146 3143 3411 3215 ἀμαθίαν,
3444 3144 3541 3199 τοῦ
3588 3162 3647 3199 τε
3689 3148 3958 3219 σωτηρίου

2397 3235 2570 3303 φωτὸς
2597 3234 2694 3305 τὴν
2728 3235 2982 3307 στέρησιν
3010 3229 3112 3289 ὧδέ
3151 3253 3227 3308 πη
3266 3240 3746 3309 προαναφωνήσας.
3791 3238 3959 3294 Ἔνθα

2393 3326 2455 3396 δὴ
2484 3326 2769 3395 ἐπιστῆσαι
2802 3327 2914 3389 τοῖς
2943 3326 3342 3397 ἀποτελέσμασι
3388 3328 3651 3399 προσήκει
3683 3328 3777 3383 τὸν
3810 3330 3960 3393 νούν,

2391 3415 2686 3486 ὀφθαλμοῖς
2711 3432 2769 3468 τε
2799 3418 2982 3480 αὐτοῖς
3008 3417 3359 3486 παραλαϐεῖν,
3386 3419 3462 3481 ὡς
3493 3419 3731 3474 Ἰουδαῖοι
3764 3420 3885 3491 μὲν,
3909 3424 3960 3476 οι

2390 3504 2496 3557 τῶν
2527 3504 2829 3583 είρημένων
2860 3504 3121 3575 θεοφιλῶν
3154 3507 3360 3579 ἀνδρῶν
3395 3507 3553 3576 γένος
3583 3503 3723 3563 εἶναι
3758 3526 3961 3581 σεμνυ-

2390 3595 2625 3666 νόμενοι,
2661 3595 2911 3667 ἔκϐλητοι
2940 3598 3222 3666 γεγόνασιν
3264 3599 3324 3651 ού
3356 3599 3453 3669 τῆς
3492 3599 3587 3654 τοῦ
3625 3599 3759 3653 Θεοῦ
3805 3600 3961 3671 βασι-

2393 3685 2541 3750 λείας
2574 3687 2755 3757 μόνον,
2785 3687 2918 3740 ἀλλά
2943 3690 3152 3759 καὶτῆς
3180 3689 3355 3742 αὐτῶν
3382 3691 3533 3760 ίερᾶς
3560 3691 3652 3743 καὶ
3677 3690 3962 3764 βασιλικῆς

2398 3778 2795 3849 μητροπόλεως
2818 3780 2909 3832 ἐπὶ
2929 3779 2986 3833 δὲ
3017 3779 3132 3843 ἐνὸς
3153 3780 3247 3833 τοῦ
3274 3779 3439 3834 πάλαι
3461 3781 3540 3851 τῷ
3558 3781 3769 3852 Σωτῆρι
3792 3799 3963 3854 προσ-

2395 3866 2707 3938 εληλυθότος
2772 3868 3047 3938 χιλιάρχου
3092 3870 3295 3939 ἀφατος
3343 3870 3551 3941 ἀνδρῶν
3604 3871 3835 3942 ἀριθμὸς
3902 3874 3962 3939 ἐξ

2398 3959 2649 4011 ἁπάντων
2682 3957 2789 4010 τῶν
2816 3957 2983 4011 ἐθνῶν
3009 3959 3209 4028 ὁμοίως
3238 3960 3428 4031 ἐκείνῳ
3450 3960 3528 4031 τῷ
3551 3960 3768 4033 Χριστῷ
3793 3979 3959 4035 προσ-

2399 4048 2604 4112 ιόντων,
2644 4049 2737 4101 καί⁵
2757 4048 2847 4101 διά
2868 4048 2967 4118 τῆς
2988 4050 3148 4103 αὑτοῦ
3177 4050 3519 4116 διδασκαλίας
3557 4052 3647 4106 τὸν
3677 4053 3785 4107 τῶν
3827 4055 3958 4127 παρ’

759 4141 1027 4213 Ἑϐραίοις
1066 4141 1384 4212 Μμψάντων
1422 4142 1625 4215 ἀνδρῶν
1655 4143 1973 4207 ἐπιγνόντων
2002 4141 2154 4208 Θεὸν,
2188 4139 2287 4210 τῆς
2325 4138 2445 4209 ἴσης
2481 4140 2660 4202 αὐτοῖς
2727 4139 2950 4203 ἐκείνοις
3019 4141 3271 4210 ἠξίωνται
3320 4144 3471 4214 παρά
3513 4143 3590 4215 τῷ
3632 4146 3961 4216 παμϐασιλετ

750 4238 866 4308 θεῷ
898 4235 1152 4308 ἀμοιϐῆς.

819 4418 1198 4475 Μοιιιίειρειτο
1220 4418 1471 4475 Dominus
1483 4422 1616 4475 utad
1636 4421 1865 4489 praedam
1885 4421 2015 4474 retia
2030 4421 2292 4483 demittat;

743 4511 835 4579 qni
856 4510 1283 4578 quidemjussum
1305 4511 1633 4580 exsequitur.
1666 4511 1798 4565 Cum
1828 4522 2005 4565 autem
2050 4526 2295 4581 magnam

748 4597 974 4664 piscium
997 4598 1387 4653 multitudinem
1406 4598 1815 4664 conclusissem,
1834 4608 1888 4653 et
1904 4598 2032 4653 retia
2065 4598 2296 4666 pondere

750 4695 972 4752 gravata
988 4687 1440 4755 dirumperentnr,
1455 4702 1606 4757 Opem
1626 4698 1812 4756 petunt
1829 4703 1857 4741 a
1872 4690 2045 4742 vicina
2074 4687 2296 4741 navicu-

752 4777 798 4827 la
820 4789 836 4840 ;
860 4784 1019 4843 atque
1033 4774 1103 4827 ita
1120 4762 1372 4829 extractis
1385 4775 1616 4843 piscibus
1634 4786 1910 4845 utramque
1940 4775 2188 4845 scapham
2207 4791 2297 4828 re-

751 4864 1117 4933 pleverunt,in
1134 4873 1340 4918 tantum
1356 4868 1588 4935 utmergi
1618 4867 2062 4933 periclitarentur.
2095 4864 2296 4933 Quam-

752 4956 935 5009 obrem
978 4954 1329 5009 admiratione
1366 4954 1556 5010 Petrus
1602 4957 1902 5024 perculsus,
1934 4957 2207 5027 indignum
2235 4972 2293 5011 se

752 5045 1105 5099 confitebatur
1118 5055 1175 5098 ut
1190 5044 1444 5100 Servator
1459 5046 1524 5099 ad
1542 5061 1602 5101 se
1626 5049 1848 5101 veniret.
1872 5047 1963 5103 Ille
1979 5056 2180 5110 autem,
2202 5048 2293 5117 qui

755 5146 1004 5205 tanquam
1042 5134 1205 5190 futuri
1236 5139 1490 5206 temporis
1513 5138 1798 5207 imaginem
1826 5140 1925 5207 ipsi
1962 5141 2296 5204 ostenderat,

756 5226 1245 5294 interpretationem
1268 5240 1476 5296 quoque
1504 5225 1653 5290 facit,
1688 5228 1899 5296 aitque:
1928 5228 2054 5283 Noli
2080 5231 2295 5293 timere;

755 5312 938 5366 abhinc
966 5312 1099 5367 enim
1131 5314 1231 5367 eris
1256 5314 1484 5367 homines
1504 5316 1572 5368 ad
1610 5315 1769 5370 vitam
1805 5316 2030 5384 capiens.
2075 5316 2297 5373 Cunctis

755 5416 881 5459 vero
906 5404 1100 5458 simul:
1142 5402 1317 5457 Venite
1342 5415 1453 5473 post
1484 5422 1583 5470 me,
1616 5404 1907 5478 faciamque
1932 5424 2017 5464 vos
2062 5409 2291 5477 piscato-

758 5508 838 5548 res
864 5495 1148 5549 hominum.
1179 5494 1435 5551 Galilasos
1478 5497 1745 5565 homines,
1792 5499 1924 5555 viles
1974 5500 2296 5566 rusticanos,

763 5584 893 5637 nihil
923 5597 1121 5653 praeter
1146 5585 1401 5657 Syrorum
1430 5587 1723 5643 disiectum
1758 5591 2011 5657 scientes,
2043 5602 2162 5648 arte
2191 5592 2292 5646 hu-

1133 5701 1200 5763 A,
1236 5701 1389 5773 [εδδ.
1422 5703 1543 5773 Syr.
1579 5704 1667 5758 lib.
1692 5719 1765 5764 tv,
1787 5704 1841 5759 6.

832 5767 943 5837 (41)
976 5766 1237 5826 Hactenus
1264 5766 1618 5841 fragmentqu
1652 5776 1910 5830 recitatur
1936 5775 2118 5834 Graec
2137 5778 2299 5835 etiam

2328 4330 2377 4387 D

3138 4323 3211 4375 E’.

2471 4415 2582 4484 (40)
2606 4413 3037 4484 Παρακελεύεται
3069 4414 3167 4485 μὲν
3192 4415 3270 4486 τῷ
3298 4415 3489 4487 Πέτρῳ
3519 4418 3547 4469 ὁ
3576 4416 3777 4487 Κύριος
3804 4418 3962 4488 χαλάι

2404 4523 2492 4559 σαι
2531 4508 2608 4569 είς
2638 4504 2812 4577 ἀγραν
2840 4504 2909 4557 τά
2951 4505 3173 4559 δίκτυα·
3211 4508 3240 4557 ὁ
3283 4506 3341 4558 δέ
3386 4506 3447 4559 rb
3492 4507 3962 4579 προστεταγμένον

2401 4597 2594 4651 ἐποίει.
2638 4597 2724 4659 Ὠς
2751 4596 2807 4648 δὲ
2843 4595 3191 4649 συνέκλεισαν
3224 4596 3423 4667 πλῆθος
3459 4596 3653 4666 ίχθύων
3678 4598 3837 4663 πολὺ,
3869 4600 3961 4653 καὶ

2399 4688 2749 4759 διερρήγνυτο
2774 4687 2840 4739 τά
2867 4686 3058 4740 δίκτυα
3094 4686 3171 4756 τῷ
3216 4687 3406 4758 πλήθει
3437 4687 3763 4758 βαρούμενα,
3796 4706 3941 4761 προσ

2403 4779 2687 4834 καλοῦνται
2738 4781 2835 4849 μὲν
2882 4782 2962 4842 είς
3018 4778 3263 4850 βοήθειαν
3303 4782 3427 4843 τοὺς
3461 4780 3517 4832 ἐν
3555 4780 3631 4851 τῷ
3662 4781 3959 4849 γειτνιῶντ·

2402 4870 2599 4940 πλοίῳ·
2656 4865 2753 4922 εἶτ’
2809 4870 3200 4932 ἀνελκύσαντες
3246 4870 3371 4934 τοὺς
3432 4871 3638 4941 ίχθύας,
3664 4874 3958 4945 πληροῦσιν

2402 4960 2564 5030 ἄμφω
2598 4960 2668 5013 τά
2710 4962 2926 5031 σκάφη,
2957 4961 3033 5024 ὡς
3069 4960 3389 5015 κινδυνεύειν
3427 4963 3565 5017 αύτά
3609 4962 3929 5036 βυθισθῆναι

2401 5053 2482 5119 ἐφ’
2515 5046 2645 5114 οἷςςὸ
2673 5052 2876 5121 Πέτρος
2906 5051 3297 5121 ἀποθαυμάσας
3322 5053 3616 5126 ἐξεπλάγη,
3653 5055 3872 5123 ἀνάξιόν
3903 5073 3957 5110 τι

2395 5144 2582 5195 ἐαυτὸν
2618 5144 2718 5214 τῆς
2742 5143 3014 5214 σωτηρίου
3038 5143 3339 5207 ἐπιϐάσεως
3366 5144 3800 5216 ὡμολόγει-(Η).
3839 5147 3897 5202 '0
3916 5148 3949 5201 δ

2395 5233 2579 5303 ὥσπερ
2627 5232 2899 5297 ἐπιδείξας
2958 5231 3107 5302 αὒτῷ
3149 5232 3246 5304 τὴν
3296 5233 3392 5288 τοῦ
3449 5235 3729 5306 μέλλοντος
3756 5238 3942 5293 είκὸνα

2395 5318 2644 5388 διασαφεῖ
2668 5320 2767 5391 τὴν
2799 5320 3122 5393 ἑρμηνείαν,
3152 5321 3245 5374 καί
3275 5339 3408 5393 φησι
3448 5323 3583 5394 πρὸς
3620 5325 3781 5379 αὐτόν
3807 5343 3822 5358 ’
3865 5326 3958 5387 Μὴ

2403 5411 2585 5478 φοϐοῦ
2605 5429 2618 5441 ·
2641 5413 2759 5466 ἀπὸ
2783 5413 2886 5467 τοῦ
2913 5414 3029 5469 νῦν
3046 5414 3393 5484 ἀνθρώπους
3413 5416 3527 5487 ἐστι
3543 5415 3769 5486 War
3788 5436 3802 5449 '
3828 5420 3963 5491 πρὸς

2403 5501 2460 5555 δὲ
2486 5503 2702 5577 *πάντας
2726 5520 2741 5536 ·
2780 5504 2958 5558 Δεῦτε
2999 5505 3191 5559 ὀπίσω
3225 5506 3368 5576 μου,
3403 5506 3499 5561 καί
3537 5506 3770 5575 ποιήσω
3810 5507 3965 5579 ὑμᾶς

2405 5594 2592 5661 ἁλιεῖς
2643 5595 2982 5663 ἀνθρώπων.
3042 5597 3355 5661 Γαλιλαίους
3422 5598 3650 5670 ἄνδρας,
3704 5596 3964 5667 εὐτελεῖς,

2408 5710 2534 5791 (ει.
2564 5710 2672 5767 Leo
2704 5727 2759 5781 p.
2795 5711 3029 5791 216,}:
3068 5718 3188 5791 cod.
3236 5715 3601 5791 VindobLSeil
3640 5717 3813 5772 multo
3835 5718 3961 5791 lon-

2412 5784 2530 5849 gius
2555 5784 2901 5851 prosequitur
2932 5784 2983 5838 in
3014 5785 3201 5841 codice
3230 5796 3415 5842 nostro
3452 5785 3623 5841 Vatic.
3651 5791 3717 5841 Α.
3752 5791 3789 5840 r.
3830 5786 3918 5843 83.
