4106 6414
219 387 329 442 σεε

1609 390 1696 446 DE
1737 387 2195 446 ΤΗΕΟΡΗΔΝΙΔ.

221 501 549 572 ἀγροίκους,
583 504 730 558 οὐδὲν
766 504 925 558 πλέον
960 504 1056 576 τῆς
1085 504 1270 576 Σύρων
1301 509 1484 578 φωνῆς
1515 507 1781 578 ἐπισταμέ

1886 559 1888 566 ,
1918 506 2057 569 mili,
2095 506 2148 560 id
2176 512 2260 559 est
2288 503 2602 576 piscatoria,
2631 515 2736 556 non
2759 498 2876 555 sine
2902 511 3063 553 causa
3096 495 3353 552 Senator
3384 510 3482 551 ao-

223 611 369 658 νους,
409 595 552 648 ἀλλά
584 597 677 648 καὶ
713 597 773 650 τὺ
810 597 1140 668 ἐπιτήδευμα
1179 599 1432 652 ταπεινὸν
1464 601 1562 669 τῆς
1604 599 1808 661 ἀλιείας

227 685 700 754 μετερχομένους,
746 685 970 751 εἰκότως
1016 689 1044 740 ό
1090 690 1284 761 Σωτὴρ
1331 689 1492 760 ήμῶν
1543 689 1809 762 θηρευτὰς

222 771 320 823 ἀνθ
332 772 535 843 ρώπων
566 775 659 826 καὶ
691 777 937 846 κήρυκας
964 777 1062 848 τῆς
1091 779 1256 832 αὐτοῦ
1278 779 1624 842 διδασκαλίας
1650 780 1806 850 ποιή-

225 879 338 916 σειν
381 865 770 934 ἐπηγγέλλετο,
803 869 897 920 καὶ
924 871 1219 938 πεποίηκεν
1243 873 1304 924 ού
1335 871 1674 941 ψευσάμενος
1711 870 1806 941 τὴν

227 952 543 1025 ὑπόσχεσιν,
577 957 846 1027 παριστὰς
883 959 1015 1012 Θεοῦ
1045 960 1273 1029 δύναμιν
1318 960 1674 1032 ἐνεργητικὴν
1713 958 1806 1012 τοῦ

225 1044 577 1115 πράγματος.
623 1047 685 1099 Εἰ
717 1048 815 1118 μὲν
845 1049 984 1121 γὰρ,
1018 1051 1230 1119 λογίους
1274 1052 1424 1114 τινὰς
1459 1052 1551 1104 καὶ
1587 1053 1803 1118 σοφοὺς,

224 1135 256 1205 ἢ
289 1137 381 1188 καὶ
424 1136 538 1190 τῶν
587 1139 736 1210 παρά
780 1140 1049 1205 Ἰουδαίοις
1100 1142 1401 1212 ἀνθρώπων
1449 1141 1672 1206 ἐνδόξων
1714 1144 1806 1195 καί

224 1227 496 1281 πλουσίων
535 1231 963 1302 προστγόμενος,
1000 1233 1212 1297 τούτοις
1253 1234 1518 1304 ἐκέχρητο
1551 1234 1804 1288 διδασκά-

221 1315 334 1379 λοις
360 1319 472 1372 τῶν
501 1320 665 1374 αὑτοῦ
696 1321 889 1389 λόγων,
923 1321 1023 1378 κᾶν
1045 1325 1192 1389 εἰκὸς
1218 1321 1286 1396 ἣν
1320 1325 1804 1398 ἀνθρωπινώτερον

222 1409 603 1478 ἐπινενοῆσθαι
635 1409 694 1462 τὸ
737 1413 998 1482 πρᾶγμα·
1037 1414 1179 1466 οὕτω
1212 1415 1342 1482 γοῦν
1372 1417 1420 1468 οἰ
1451 1416 1667 1478 πλείους
1698 1416 1804 1468 τῶν

221 1496 528 1568 ἀνθρώπων
562 1498 813 1553 εἰώθασιν
841 1500 1256 1566 ὑποτάττεσθαι,
1299 1503 1331 1574 ἢ
1383 1505 1660 1573 χρήμασιν
1700 1503 1804 1555 ὑπὸ

223 1587 495 1643 πλουσίων
536 1589 926 1662 δελεαζόμενοι,
971 1593 1003 1662 ἢ
1040 1591 1213 1660 λόγων
1249 1593 1509 1665 περιϐολῇ
1541 1595 1633 1646 καὶ
1667 1611 1800 1661 φαν-

218 1678 381 1750 τασίᾳ
415 1679 609 1748 σοφίας
629 1681 996 1752 ἀπατώμενοι,
1019 1683 1052 1753 ἢ
1084 1685 1356 1754 ὑπεροχὰς
1383 1684 1607 1747 ἐνδόξων
1633 1700 1798 1754 προσ-

217 1765 384 1821 ώπων
438 1770 960 1841 καταπληττόμενοι.
1000 1774 1057 1825 '0
1092 1773 1148 1826 δέ
1190 1775 1264 1844 μὴ
1297 1774 1558 1837 τοιούτοις
1594 1775 1800 1846 χρησά-

1911 606 2046 664 ster,
2081 605 2370 652 venatores
2417 595 2701 652 hominum
2729 605 2954 660 suaeque
2991 590 3250 645 doctrinae
3275 603 3482 658 pmo-

1913 701 2008 741 nes
2052 702 2112 743 se
2157 685 2429 742 facturum
2475 683 2875 754 pollicebatur;
2909 681 3169 750 fecitque,
3201 680 3343 735 haud
3384 679 3479 734 fal-

1913 779 2030 834 lens
2058 781 2408 850 promissum,
2442 778 2536 833 Dei
2576 791 2771 846 nempe
2803 775 3101 845 potentiam
3132 775 3209 829 rei
3237 773 3463 830 effectri-

1910 883 2026 924 cem
2081 883 2427 934 expromens.
2481 865 2617 920 Nam
2679 864 2726 919 sl
2782 863 3056 919 litteratos
3081 862 3290 932 aliquos
3313 870 3368 917 et
3395 876 3483 916 sa-

1909 961 2148 1029 pientes.
2193 959 2274 1013 vel
2320 960 2480 1013 etiam
2535 971 2602 1010 ex
2658 954 2861 1011 Iudaeis
2910 954 3116 1010 nobiles
3183 955 3483 1023 divitesque

1909 1052 2054 1105 viros
2078 1049 2311 1120 eligens,
2341 1049 2424 1103 his
2445 1063 2572 1103 usus
2595 1056 2740 1102 esset
2765 1046 3039 1116 magistris
3059 1046 3318 1102 doctrinae
3346 1060 3480 1113 suae,

1909 1140 2093 1208 utique
2129 1139 2422 1192 humanum
2451 1139 2633 1207 potius
2671 1136 2944 1206 negotium
2980 1135 3034 1189 id
3065 1135 3210 1190 credi
3250 1143 3481 1203 poterat.

1909 1229 1999 1284 Sic
2025 1229 2169 1284 enim
2200 1229 2442 1297 plerique
2472 1228 2756 1281 hominum
2790 1225 2969 1281 solent
2995 1234 3166 1280 semet
3190 1224 3479 1290 subiicere,

1906 1320 1991 1375 vel
2038 1321 2266 1390 pecunia
2320 1333 2349 1372 a
2406 1318 2665 1373 divitibus
2722 1317 2988 1384 inescati,
3039 1316 3125 1370 vel
3173 1315 3482 1370 litterarum

1905 1411 2086 1478 specie
2115 1421 2166 1463 et
2199 1409 2481 1478 sapientiae
2522 1409 2798 1478 praestigio
2835 1408 3068 1475 decepti,
3113 1406 3197 1462 vel
3230 1407 3482 1464 eminen-

1904 1501 2032 1553 tiam
2063 1515 2423 1568 personarum
2461 1500 2752 1553 illustrium
2787 1499 3143 1554 admirantes.
3172 1497 3332 1554 Jesus
3377 1515 3480 1556 au-

1906 1601 2011 1645 tem
2064 1608 2183 1648 cum
2233 1592 2370 1646 haud
2425 1591 2626 1644 talibus
2669 1592 2741 1644 sit
2787 1605 2918 1645 usus
2962 1590 3264 1659 discipulis,
3315 1591 3410 1646 sed
3442 1604 3476 1646 ο

1905 1685 2185 1738 contrario
2236 1681 2564 1751 pauperibus
2610 1693 2663 1735 et
2713 1680 2998 1747 obscuris,
3058 1697 3123 1735 ac
3166 1681 3478 1739 litteratura

1907 1775 2110 1837 idiotis,
2140 1773 2318 1842 lingua
2371 1771 2546 1842 Syris,
2581 1773 2770 1827 habitu
2804 1772 3012 1836 humili,
3045 1787 3319 1843 operaque
3355 1774 3476 1836 vili,

221 1876 381 1929 μενος
427 1859 718 1930 μαθηταῖς,
758 1862 1064 1917 τούναντίον
1104 1864 1161 1916 δὲ
1205 1865 1396 1934 πένησι
1437 1867 1530 1919 καὶ
1566 1865 1771 1929 ἀδόξοις

1896 1866 2230 1934 exploratum
2256 1874 2338 1918 est
2363 1879 2486 1918 eum
2517 1865 2750 1918 divinam
2793 1873 3004 1918 tantum
3038 1865 3347 1922 adhibuisse
3377 1881 3480 1936 po-

219 1950 312 2002 καὶ
338 1951 431 2002 τὸν
469 1950 624 2019 λόγον
651 1951 905 2017 ἰδιώταις,
941 1955 1132 2033 Σύροις
1173 1972 1232 2008 τε
1258 1956 1355 2027 τὴν
1386 1958 1588 2027 φωνὴν,
1623 1959 1714 2010 καί
1739 1959 1798 2010 τὸ

217 2038 405 2110 σχῆμα
436 2042 732 2104 ταπεινοῖς,
765 2043 858 2095 καί
890 2041 1160 2096 εὐτελέσιν
1188 2043 1352 2115 ἔργῳ,
1383 2045 1539 2115 δῆλος
1565 2041 1631 2116 ἦν
1661 2047 1794 2116 μόνῃ

213 2133 277 2200 τῇ
310 2129 467 2202 θεῖκῇ
498 2131 719 2202 δυνάμει
745 2133 1043 2204 χρώμενος,
1071 2135 1137 2205 ήν
1159 2135 1456 2202 ἐνεδείξατο
1483 2136 1672 2206 πρῶτα
1699 2138 1796 2208 μὲν

212 2224 364 2292 φωνῇ
433 2225 530 2293 μιᾷ
577 2224 1095 2295 προσκαλεσάμενος
1155 2227 1352 2290 αὐτοὺς
1413 2229 1508 2282 καὶ
1571 2230 1795 2282 ἀκολού-

212 2311 338 2374 θους
379 2312 494 2382 (42)
524 2314 689 2368 αὑτοῦ
725 2317 1092 2388 καταστήσας,
1129 2319 1364 2373 κᾶπειτα
1392 2321 1792 2391 ἐπαγγειλάμε-

209 2419 301 2466 νος
335 2403 676 2473 σαγηνευτάς
709 2407 803 2458 καί
842 2406 1015 2470 ἁλιεῖς
1063 2407 1366 2479 ἀνθρώπων
1399 2411 1646 2481 ποιήσειν
1693 2413 1791 2464 αύ-

207 2494 356 2557 τοὺς,
390 2494 457 2546 ἶν’
499 2495 613 2548 ἀνθ’
655 2489 729 2549 ὧν
765 2493 906 2568 εἰχον
953 2499 1210 2564 δικτύων,
1258 2499 1513 2564 λαϐόντες
1540 2504 1670 2572 παρ’
1698 2504 1795 2556 αὐ-

207 2583 302 2637 τοῦ
332 2585 433 2655 τὴν
463 2586 572 2639 ἀπὸ
599 2589 866 2641 παντοίων
895 2589 1067 2657 λόγων
1105 2591 1344 2661 νομικῶν
1370 2609 1430 2644 τε
1464 2593 1559 2646 καί
1587 2611 1794 2665 προφηο

208 2674 343 2738 τῶν,
369 2675 477 2728 τῶν
499 2693 561 2728 τε
582 2677 682 2746 τῆς
709 2678 890 2734 ἐνθέου
913 2680 1264 2744 διδασκαλίας
1299 2682 1465 2735 αὐτοῦ
1491 2682 1791 2737 πλακεῖσαν

1908 1956 2128 2010 tentiam
2183 1972 2198 2021 ;
2257 1971 2422 2024 quam
2462 1954 2697 2008 ostendit
2751 1954 2936 2022 primo
2970 1955 3185 2022 quidem
3223 1957 3347 2011 dum
3375 1973 3484 2014 una

1905 2047 2089 2102 vocula
2119 2062 2214 2103 eos
2249 2047 2499 2102 invitavit
2527 2047 2880 2116 asseclasque
2915 2063 3044 2104 suos
3097 2050 3250 2116 fecit,
3288 2054 3485 2108 deinde

1901 2141 2168 2208 spondens
2215 2149 2465 2210 captores
2514 2142 2932 2211 piscatoresque
3003 2143 3284 2200 hominum
3344 2162 3376 2202 a
3423 2163 3487 2206 se

1902 2228 2101 2283 factum
2160 2231 2263 2296 iri;
2323 2241 2378 2286 ut
2420 2246 2519 2300 pro
2575 2233 2780 2287 retibus
2831 2247 2953 2302 quae
3002 2250 3145 2289 nunc
3200 2237 3481 2306 tenebant,

1899 2333 2176 2377 sumentes
2217 2326 2284 2377 ab
2327 2337 2391 2378 eo
2439 2322 2745 2377 litterarum
2794 2323 3039 2378 omnium
3099 2325 3352 2396 legalium
3410 2345 3477 2386 ac

1895 2413 2328 2482 propheticarum
2363 2452 2377 2476 ,
2444 2429 2657 2469 necnon
2728 2413 2923 2469 divina:
2984 2415 3153 2484 ipsius
3207 2418 3477 2475 doctrinae

1893 2519 2170 2572 sagenam,
2203 2505 2254 2557 in
2301 2505 2550 2560 humana:
2590 2505 2716 2560 vitae
2770 2492 2920 2560 mare
2972 2505 3265 2574 jactarent,
3311 2520 3473 2579 quot-

1893 2604 2028 2663 quot
2055 2606 2406 2650 occurrerent
2456 2597 2760 2664 irretirent,
2797 2614 2994 2668 genere
3027 2600 3170 2653 omni
3223 2603 3473 2656 rationa-

1894 2685 2025 2739 lium
2057 2686 2284 2756 piscium
2323 2688 2457 2741 retia
2486 2702 2583 2742 sua
2612 2689 2894 2743 rationalia
2929 2691 3283 2758 complentes.

206 2770 455 2840 σαγήνην
498 2770 838 2841 ἐμϐάλλωσιν
870 2776 949 2838 εἰς
982 2773 1080 2845 τὴν
1119 2775 1214 2828 τοῦ
1243 2775 1582 2847 ἀνθρωπείου
1631 2776 1746 2846 βίου
1781 2778 2069 2842 θάλατταν,
2101 2780 2198 2834 καὶ
2238 2781 2605 2851 περιϐάλωσιν
2655 2783 2811 2846 ὅσους
2840 2783 2905 2836 ἂν
2937 2782 3160 2855 εὕρωσι,
3197 2785 3468 2872 πληροῦν-

202 2876 296 2923 τες
333 2860 402 2913 τά
439 2863 646 2914 ἑαυτῶν
673 2863 864 2932 λογικά
900 2865 1088 2918 δίκτυα
1115 2868 1312 2930 παντὸς
1351 2867 1540 2936 γένους
1569 2869 1801 2936 λογικῶν
1825 2870 2044 2939 ἰχθύων.

286 2954 449 3008 Ἀλλά
494 2955 663 3009 ταῦτα
711 2959 806 3028 μὲν
847 2959 934 3012 διά
987 2961 1172 3031 φωνῆς
1221 2963 1530 3032 ἀκουόμενα
1565 2966 1782 3034 ῥήματα

1957 2968 2132 3037 Atque
2179 2967 2292 3022 haec
2346 2983 2410 3022 ex
2469 2971 2516 3022 vi
2570 2971 2719 3024 vocis
2776 2981 2984 3025 tantum
3043 2971 3247 3035 audita,
3298 2971 3458 3028 verba

202 3045 298 3097 καὶ
343 3046 529 3116 ψόφοι,
564 3051 656 3102 καὶ
685 3051 844 3104 πλέον
875 3053 1118 3125 ὑπῆρχεν
1155 3055 1342 3108 οὐδέν·
1383 3057 1482 3126 τῆς
1526 3056 1568 3108 δ’
1597 3057 1781 3110 ἐνθέου

200 3133 487 3205 δυνάμεως
525 3139 586 3189 τὸ
632 3139 790 3208 ἔργον
831 3141 930 3194 οὐκ
973 3145 1052 3205 εἰς
1104 3146 1322 3216 μακρὰν
1369 3148 1777 3217 παρεστήσατο·

201 3225 342 3278 αύτά
385 3226 449 3298 δὴ
493 3228 663 3282 ταῦτα
706 3231 774 3284 τὰ
826 3233 913 3286 διὰ
954 3235 1062 3288 τῶν
1104 3235 1277 3305 λόγων
1332 3242 1781 3311 προηγορευμένα

200 3319 317 3378 τοῖς
363 3316 546 3388 ἔργοις
593 3322 931 3386 ἐπιτελέσας,
985 3326 1061 3389 ὡς
1102 3329 1160 3380 ἐν
1215 3327 1408 3400 βραχεῖ
1459 3333 1634 3402 χρόνῳ
1680 3335 1779 3404 τὴν

203 3405 501 3475 σύμπασαν
545 3410 844 3482 ἀνθρώπων
875 3416 1204 3490 οἰκουμένην
1245 3420 1412 3490 μυρία
1452 3422 1628 3495 πλήθη
1670 3424 1779 3476 τῶν

203 3498 646 3566 σαγηνευθέντων
673 3504 776 3556 ὑπὸ
797 3504 905 3557 τῶν
937 3506 1158 3562 ἰδιωτῶν
1185 3510 1389 3564 τούτων
1415 3512 1621 3584 ἀνδρῶν
1644 3517 1774 3586 κτή-

200 3589 419 3654 σασθαι,
455 3590 806 3665 πληρωθῆναί
835 3614 896 3650 τε
925 3598 1257 3670 Ἐκκλησιῶν
1287 3601 1466 3656 πάντα
1488 3605 1648 3657 τόπον
1665 3606 1778 3659 Ἐλ-

197 3677 376 3750 λήνων
409 3697 471 3734 τε
519 3684 612 3736 καὶ
658 3685 980 3760 βαρϐάρων,
1015 3690 1102 3743 διά
1135 3691 1261 3761 μίαν
1291 3693 1508 3764 ἐκείνην
1547 3697 1776 3765 ἐπαγγεο

198 3769 322 3823 λίαν
348 3772 450 3842 τῆς
483 3774 666 3846 θεῖκῆς
695 3783 899 3850 φωνῆς,
927 3779 994 3834 δι’
1026 3777 1096 3852 ἦς
1123 3783 1184 3835 ού
1221 3783 1452 3850 διδάξειν
1499 3787 1623 3850 τοὺς
1651 3789 1775 3840 ἐαυο

195 3863 289 3915 τοῦ
328 3863 595 3935 μαθητὰς,
619 3868 731 3920 ἀλλ’
772 3869 934 3933 αὐτὸς
974 3873 1218 3941 ποιήσειν
1248 3875 1442 3938 αὐτοὺς
1469 3876 1653 3940 ἁλιέας
1683 3879 1772 3930 ἀν-

195 3951 432 4024 θρώπων
472 3957 855 4036 ἐπηγγείλαειεοι
885 3961 1035 4014 ἐστ’
1065 3963 1125 4014 οὑ
1165 3963 1415 4033 προέγνω
1460 3965 1617 4036 μόνον
1649 3967 1771 4022 οὔτε

194 4044 477 4116 προὲφησε
513 4048 575 4100 τὸ
609 4049 819 4119 μέλλον,
851 4051 986 4106 ἀλλά
1012 4054 1108 4106 καὶ
1139 4057 1369 4127 ποιητὴς
1403 4057 1498 4110 τοῦ
1523 4059 1772 4129 τηλικού-

191 4150 286 4186 του
322 4135 743 4207 κατορθώματος
782 4141 1193 4212 ἀποπέφανται·
1236 4142 1357 4200 εἴπέ
1391 4165 1450 4201 τε
1490 4148 1568 4220 τῷ
1605 4150 1767 4222 λόγῳ,

192 4223 288 4276 καὶ
321 4226 586 4297 πεποίηκε
618 4229 694 4299 τῷ
726 4229 889 4302 ἔργῳ·
930 4235 1240 4305 παρέστησέ
1279 4255 1336 4291 τε
1371 4239 1432 4292 τὸ
1462 4241 1652 4310 μέλλον
1682 4242 1768 4296 διὰ

192 4316 465 4388 συμϐόλου
493 4321 587 4372 καὶ
621 4323 845 4388 εἰκόνος,
880 4325 974 4378 καὶ
1010 4325 1076 4378 δι’
1123 4329 1292 4399 αὐτῆς
1338 4332 1616 4403 ἐνεργείας
1657 4335 1765 4385 ἀπ.-
1799 4366 1842 4421 η

189 4409 496 4479 επλήρωσε.
519 4411 641 4475 Τοῖς
666 4412 773 4482 γὰρ
802 4413 969 4467 πάλαι
998 4417 1260 4486 apd-repet;
1284 4421 1340 4471 ἐν
1371 4423 1560 4491 σκοτίᾳ
1587 4421 1762 4492 φωτὸς

188 4503 464 4573 ἀληθείας,
493 4506 585 4558 καί
611 4506 746 4558 Θεοῦ
776 4507 1026 4575 γνώσεως
1053 4511 1110 4563 ἐν
1140 4513 1292 4564 νυκτὶ
1317 4516 1757 4584 καταπονηθεῖσι,

187 4591 280 4643 καὶ
328 4593 530 4662 μηδένα
570 4595 704 4665 πρὸς
743 4599 1011 4668 σωτηρίαν
1044 4598 1305 4670 θηρεῦσαι
1346 4603 1756 4675 δεδυνημένοις,

184 4682 502 4752 ἐπιλάμψας
538 4686 597 4738 τὸ
637 4689 829 4741 ἑαυτοῦ
875 4691 1095 4758 φέγγος,
1139 4695 1196 4745 ἐν
1258 4696 1440 4768 ήμέρᾳ
1491 4700 1581 4750 καὶ
1618 4703 1756 4767 φωτί

183 4773 493 4841 γενομένοις
521 4779 864 4845 προστάττει,
889 4781 951 4832 ού
979 4785 1041 4852 τῇ
1073 4769 1247 4853 οἰκείᾳ
1272 4787 1568 4860 ἐπιστήμη,
1596 4791 1673 4860 τῷ
1699 4791 1753 4844 δὲ

182 4861 348 4914 αὐτοῦ
391 4865 594 4932 ῥήματι
632 4866 985 4936 θαρσοῦντας,
1031 4873 1341 4927 ἐπιϐάλλειν
1381 4876 1458 4946 τῷ
1507 4879 1650 4950 βυθῷ
1689 4882 1756 4934 τὰ

181 4948 392 5022 δίκτυα.
436 4955 497 5004 Οἱ
526 4953 582 5005 δέ
615 4955 848 5009 τοσαῦτα
881 4962 1182 5030 συνήγαγον
1215 4963 1411 5033 ἰχθύων
1449 4948 1647 5038 πλήθη,
1681 4971 1758 5032 ὡς

180 5039 606 5111 ὃιαρῤήγνυσθαι
636 5046 735 5116 μὲν
760 5050 826 5101 τὰ
858 5050 1153 5120 θηρευτικὰ
1177 5055 1401 5126 ὄργανα,
1433 5059 1754 5115 κινδυνεύειν

180 5127 235 5179 δὲ
270 5132 350 5193 εἰς
382 5130 544 5200 βυθόν
571 5139 767 5210 χωρεῖν
807 5139 915 5190 ἀπὸ
947 5140 1038 5193 τοῦ
1072 5143 1269 5213 φόρτου
1297 5145 1367 5198 τὰ
1396 5147 1573 5202 πλοῖα.

262 5221 415 5274 Ἐπεὶ
452 5224 509 5276 δὲ
540 5225 714 5279 ταῦθ’⁹
734 5229 905 5293 οὕτως
947 5236 1387 5306 προσταττόμενα
1415 5240 1522 5294 τὸν.
1547 5242 1749 5313 Πέτρον

179 5308 256 5370 εἰς
284 5307 546 5380 ἔκπληξιν
577 5316 667 5366 καὶ
709 5317 871 5384 φόϐον
910 5319 971 5370 ού
1009 5321 1100 5373 τὸν
1127 5325 1356 5394 τυχόντα
1398 5323 1552 5397 ἦγεν·
1592 5307 1749 5384 Ἀλλά

177 5397 346 5491 ταῦτά
369 5416 450 5463 σε,
491 5404 623 5473 φησί
650 5405 786 5476 πρὸς
814 5408 975 5461 αὑτὸν
1007 5413 1034 5462 ὁ
1063 5412 1268 5484 Σωτὴρ,
1308 5419 1473 5488 μήπω
1515 5421 1749 5491 ἐκπλητ-

176 5485 340 5538 τέτω·
381 5491 592 5543 παιδιαί¹
617 5494 721 5565 γὰρ
747 5495 825 5548 έτι
851 5496 1024 5550 ταῦτα
1057 5501 1148 5553 καὶ
1186 5505 1483 5572 μελλόντων
1522 5511 1742 5575 εἰκόνες·

173 5579 223 5630 οἰ
246 5577 306 5632 δὲ
332 5581 432 5650 μέν
457 5581 634 5651 ἰχθύες
655 5587 872 5641 ἄναυδοι
904 5591 996 5640 καί
1019 5590 1221 5660 ἄλογοι,
1251 5598 1342 5650 καὶ
1364 5599 1535 5654 ταῦτα
1563 5603 1741 5674 σκάφη

243 5693 708 5792 εἱξξχοξξώυίυιιι
735 5701 1060 5766 ἀκολούθους
1096 5709 1267 5776 magis
1301 5713 1521 5783 pr0prie
1581 5716 1767 5771 vellem
1808 5733 1835 5772 a
1905 5721 2045 5792 Syro
2098 5724 2264 5784 fuisse
2304 5731 2591 5788 redditum.
2641 5735 2714 5790 lta

175 5776 373 5835 σαγηνε
381 5764 529 5828 υτάς.

1885 3067 2040 3111 erant
2089 3067 2144 3113 et
2191 3059 2418 3122 sonitus,
2494 3070 2868 3130 praetereaque
2925 3061 3086 3117 nihil.
3151 3062 3258 3119 Sed
3311 3065 3458 3119 enim

1884 3150 2085 3204 divinae
2112 3151 2331 3206 virtutis
2360 3152 2645 3207 emcientia
2675 3153 2816 3208 haud
2843 3155 3010 3210 multo
3060 3167 3185 3226 post
3220 3165 3334 3210 rata
3361 3171 3459 3212 ex-

1885 3241 2063 3295 hibuit
2108 3259 2122 3305 ;
2187 3257 2309 3296 cum
2362 3243 2478 3298 haec
2526 3245 2639 3312 ipsa
2697 3244 2930 3300 verbalia
2983 3249 3249 3316 promissa
3297 3247 3460 3305 factis

1882 3334 2191 3403 complevit,
2220 3336 2293 3388 ita
2327 3347 2384 3390 ut
2409 3339 2556 3392 brevi
2593 3348 2834 3408 tempore
2861 3342 3178 3400 universum
3228 3343 3453 3398 humani

1881 3424 2156 3480 incolatus
2187 3429 2398 3490 orbem,
2431 3429 2882 3499 innumeramqne
2917 3432 3316 3488 multitudinem
3359 3449 3454 3488 ca-

1881 3526 2099 3584 ptorum
2142 3517 2324 3572 abhis
2369 3518 2551 3574 idiotis
2601 3521 2905 3585 hominum,
2941 3521 3190 3577 Christus
3225 3525 3455 3592 adeptus

1879 3607 1969 3670 sit,
2019 3607 2290 3679 plenaque
2322 3610 2579 3666 Ecclesiis
2628 3613 2905 3667 evaserint
2959 3614 3074 3669 loca
3122 3617 3303 3667 omnia
3337 3623 3450 3670 tum

1878 3697 2188 3754 Graecorum
2243 3711 2353 3754 tum
2411 3703 2576 3758 etiam
2630 3706 3008 3770 barbarorum,
3054 3715 3273 3775 propter
3304 3703 3451 3760 illam

1878 3791 2052 3845 unicae
2102 3793 2301 3848 divina
2347 3795 2493 3849 vocis
2535 3797 2976 3866 promissionem,
3043 3813 3145 3867 qua
3200 3799 3342 3852 haud
3389 3816 3449 3854 se

1878 3882 2168 3952 discipulos
2219 3901 2349 3941 suos
2390 3887 2703 3952 doctorum,
2767 3892 2860 3945 sed
2909 3905 3099 3959 reapse
3143 3891 3446 3959 piscatcres

1876 3970 2154 4026 Ιιοιηίηιιιη
2189 3974 2510 4030 οἰΥοοιυιυηι
2559 3981 2868 4048 spopondit.
2922 3980 3288 4046 Quamobrem
3338 3998 3445 4038 non

1874 4065 2146 4128 praescivit
2181 4068 2339 4121 modo
2377 4069 2456 4123 vel
2487 4071 2740 4136 praadixit
2773 4087 2886 4124 rem
2919 4071 3177 4138 futuram,
3221 4074 3314 4128 sed
3364 4073 3446 4130 ef-

1874 4153 2047 4206 fector
2072 4153 2323 4212 facinoris
2349 4158 2482 4212 tanti
2514 4161 2803 4228 apparuit,
2862 4161 3110 4232 dixitque
3145 4163 3347 4229 verbis,
3386 4175 3442 4220 et

1871 4261 2034 4316 Opere
2060 4262 2348 4307 exsecutus
2377 4264 2493 4317 est;
2529 4255 2690 4324 idque
2720 4256 2858 4319 fore,
2890 4257 3134 4328 symbolo
3170 4261 3445 4328 portendit

1873 4349 2036 4410 atque
2062 4342 2318 4410 imagine,
2374 4345 2644 4415 simulque
2689 4348 2802 4416 ipsa
2845 4349 3082 4402 ellicacia
3129 4351 3441 4419 complevit.

1871 4430 2114 4503 Namque
2147 4437 2245 4491 hos
2275 4438 2590 4507 discipulos,
2629 4439 2718 4504 qui
2758 4452 2914 4495 antea
2949 4441 3198 4496 veritatis
3239 4441 3442 4496 lumine

1870 4526 2149 4593 carebant,
2198 4537 2254 4581 et
2303 4544 2398 4597 per
2437 4541 2646 4585 noctem
2707 4533 2885 4586 divina
2941 4534 3132 4587 notitia
3164 4545 3438 4590 carentem

1871 4613 2279 4679 laboraverant.
2312 4620 2688 4689 neminemque
2731 4622 2795 4674 ad
2841 4622 3068 4677 salutem
3107 4623 3307 4678 lucrari
3339 4641 3437 4694 po-

1867 4715 2106 4772 tuerant,
2168 4709 2283 4776 ipse
2337 4710 2540 4765 lumine
2581 4727 2679 4764 suo
2717 4713 3030 4777 illustrans,
3069 4725 3124 4770 et
3166 4716 3219 4770 in
3245 4717 3436 4771 diurna

1865 4799 1986 4852 luce
2033 4800 2385 4868 constituens,
2425 4801 2579 4871 jubet
2641 4821 2745 4860 non
2792 4808 3006 4876 propria
3068 4809 3297 4876 peritia,
3342 4813 3437 4864 sed

1863 4890 2030 4958 ipsius
2053 4892 2217 4946 verbo
2234 4895 2490 4961 conlisos,
2511 4897 2642 4950 retia
2665 4900 2714 4950 in
2746 4900 2964 4968 pelagus
2986 4899 3188 4968 jacere.
3218 4900 3279 4954 lli
3308 4916 3437 4954 vero

1861 4990 2060 5034 tantam
2121 4982 2453 5052 collegerunt
2511 4987 2736 5054 piSl'illlI]
2795 4989 3234 5055 multitudinem,
3289 5002 3437 5045 utet

1863 5071 2150 5139 piscatoria
2195 5073 2557 5130 instrumenta
2591 5090 2995 5147 rumperentur,
3027 5091 3082 5136 et
3117 5083 3248 5152 ipsa:
3284 5084 3433 5136 navi-

1858 5161 1989 5214 cuia:
2023 5164 2261 5233 demergi
2294 5167 2529 5234 pondere
2569 5171 3030 5238 periclitarentur.

1929 5251 2062 5316 Quia
2111 5268 2238 5307 vero
2284 5256 2408 5309 talia
2468 5258 2749 5326 imperata,
2796 5261 3014 5316 Petrum
3065 5264 3116 5317 in
3148 5276 3422 5333 stuporem

1857 5349 2172 5410 metumque
2219 5361 2322 5397 non
2369 5346 2642 5402 modicum
2673 5351 3017 5407 abduxerant
3046 5370 3060 5418 ;
3098 5354 3251 5410 Haud
3284 5358 3422 5422 hac,

1855 5430 2028 5497 inquit
2077 5432 2125 5484 ei
2178 5433 2458 5499 Servator,
2521 5453 2853 5508 magnopere
2907 5452 2959 5498 te
3001 5456 3420 5502 commoveant:

1853 5518 2059 5575 ludicra
2091 5524 2236 5578 enim
2271 5528 2384 5580 haec
2419 5541 2548 5584 sunt
2585 5533 2786 5596 adhuc,
2815 5543 2869 5588 et
2903 5535 3204 5590 futurarum
3238 5552 3422 5594 rerum

1855 5607 2117 5678 imagines
2164 5631 2177 5666 :
2227 5618 2403 5683 pisces
2450 5620 2666 5685 quidem
2720 5624 2876 5688 muti,
2922 5634 2978 5680 et
3033 5624 3420 5694 irrationales;

2766 5738 2932 5792 etiam
2979 5741 3118 5809 quod
3177 5743 3423 5812 seutiitut'
