4106 6440
721 421 823 478 6‘27

1382 419 1643 477 EUSEBII
1684 421 2153 478 CZESARIENSIS
2190 423 2339 479 OPP.
2376 423 2552 479 PARS
2591 426 2675 481 IV.
2717 457 2783 465 —-
2816 423 3228 482 DOGMATltlA.

3799 429 3900 485 628

722 540 906 608 hzeque
930 537 1181 593 naviculze
1226 552 1288 591 ac
1332 540 1464 592 retia
1509 554 1573 593 ex
1614 538 1830 592 inanimi
1866 540 2090 593 materia
2121 554 2249 593 con-

2360 543 2449 593 καὶ
2493 543 2681 594 δίκτυα
2722 542 2779 607 ἐξ
2824 542 3025 611 ἀψύχου
3071 542 3201 611 ὕλης
3237 540 3734 609 κατεσκευασμένα·
3789 542 3900 595 ἀλλ’

720 641 882 685 stant.
935 630 1037 684 Sed
1088 646 1192 685 non
1227 632 1298 695 ita
1346 647 1403 686 se
1446 632 1647 685 habent
1677 646 1762 685 res
1785 632 1854 685 ab
1882 632 2014 701 ipsis
2045 632 2251 703 signiﬁ-

720 728 874 775 cata.
900 718 1067 774 Paulo
1090 732 1208 788 post
1234 722 1436 789 itaque,
1469 723 1576 776 imo
1607 737 1731 777 vero
1764 737 1833 776 ex
1864 724 1965 778 hoc
1996 731 2252 791 tempore,

718 808 827 862 eris
872 807 1117 863 homines
1150 810 1215 863 ad
1246 810 1408 864 vitam
1434 812 1688 879 capiens:
1737 813 1807 865 ab
1836 812 1936 866 hac
1967 812 2251 867 lahorifera

716 906 774 950 et
822 896 1152 953 tnl‘ruetuosa
1206 899 1502 967 piscatione
1562 903 1860 970 expeditus,
1916 903 2251 956 rationalium

717 987 1091 1053 animantium,
1124 1002 1224 1040 non
1258 998 1435 1043 autem
1483 989 1904 1057 irrationalium,
1949 991 2117 1047 factus
2165 1007 2255 1047 ca-

714 1086 898 1145 ptator
926 1095 940 1131 :
1000 1093 1169 1147 neque
1210 1077 1320 1146 jam
1358 1094 1425 1133 ex
1456 1082 1619 1134 maris
1657 1081 1873 1151 abysso,
1903 1084 1992 1136 sed
2018 1097 2082 1136 ex
2114 1083 2252 1138 salsa

721 1170 905 1222 mundi
930 1170 1307 1233 amaritudine,
1339 1180 1392 1225 et
1423 1171 1716 1226 tenebrosis
1749 1172 2163 1241 irreligiositatis
2189 1188 2255 1228 ac

718 1258 975 1326 nequitia:
1008 1258 1224 1314 latebris
1268 1262 1333 1313 ad
1382 1260 1804 1315 intellectualem
1833 1262 2002 1315 lucem
2034 1277 2251 1330 purum-

717 1359 829 1412 que
858 1361 1034 1401 aerem
1064 1350 1435 1419 respirandum
1458 1352 1741 1419 protrahes
1766 1366 1859 1406 eos
1884 1367 2017 1420 quos
2048 1362 2100 1406 tu
2124 1367 2253 1422 prae.

718 1437 932 1493 daberis
958 1456 971 1492 :
996 1440 1102 1493 imo
1139 1441 1383 1494 incolumi
1418 1441 1525 1494 vita
1553 1443 1753 1511 capies,
1798 1451 2058 1510 quatenus
2085 1444 2249 1496 vitam

716 1528 841 1591 illis,
876 1544 977 1583 non
1013 1541 1233 1584 mortem
1263 1528 1472 1585 afferes.
1513 1531 1580 1585 Et
1608 1533 1799 1585 marini
1830 1532 2047 1601 quidem
2080 1534 2253 1601 pisces

716 1620 774 1672 in
804 1619 1036 1673 tenebris
1061 1629 1219 1686 atque
1250 1621 1443 1689 abysso
1465 1630 1623 1675 antea
1661 1624 1926 1687 viventes,
1978 1624 2157 1677 statim
2189 1638 2253 1679 ac

720 1707 897 1762 lucem
924 1710 1166 1776 aerisque
1199 1710 1605 1777 respirationem
1630 1712 1970 1779 participant,
1994 1720 2249 1783 pereunt:

720 1803 778 1848 at
818 1809 945 1849 vero
968 1796 1226 1858 homines,
1253 1796 1341 1865 qui
1376 1812 1405 1850 a
1432 1804 1483 1851 te
1505 1798 1801 1863 capientur,
1833 1814 1900 1853 ex
1941 1799 2252 1868 ignorantia:

2353 631 2413 684 οὐ
2447 632 2667 684 τοιαῦτα
2701 632 2902 685 τούτων
2946 631 3013 683 τὰ
3063 632 3492 701 παραδείγματα.
3540 632 3747 702 Μικρὸν
3776 632 3905 700 γοῦν

2354 720 2592 791 ὕστερον,
2625 722 2821 791 μᾶλλον
2842 722 2898 773 δὲ
2931 721 3174 774 ἐντεῦθεν
3199 723 3297 793 ήδη
3326 724 3418 775 καὶ
3446 723 3552 775 ἀπὸ
3576 722 3670 775 τοῦ
3700 722 3795 775 νῦν
3820 723 3905 774 άν-

2352 809 2599 881 θρώπους
2623 808 2718 880 ἔσῃ
2750 810 2991 883 ζωγρῶν⁴
3024 812 3122 879 τῆς
3148 810 3246 879 μὲν
3284 809 3562 881 μοχθηρᾶς
3582 809 3785 878 ταύτης
3817 813 3908 863 καὶ

2352 897 2653 966 ἀνωφελοῦς
2676 900 3003 969 ἀπαλλαγεὶς
3031 898 3253 961 ἁλιείας,
3278 898 3507 967 λογικῶν
3532 899 3587 951 δὲ
3609 897 3761 963 ζώων
3788 898 3907 950 ἀντὶ

2351 988 2456 1040 τῶν
2485 988 2690 1055 ἀλόγων
2719 987 2985 1058 θηρευτὴς
3020 986 3325 1057 γινόμενος·
3363 987 3455 1038 καὶ
3491 986 3673 1038 οὐκέτι
3712 988 3777 1038 ἐκ
3811 986 3906 1055 βυ-

2353 1076 2458 1129 θῶν
2490 1076 2773 1146 θαλάττης,
2806 1078 2870 1129 ὲκ
2894 1077 2951 1129 δὲ
2973 1076 3071 1145 τῆς
3096 1074 3342 1145 ἁλμυρᾶς
3374 1072 3466 1125 τοῦ
3502 1074 3616 1142 βίου
3661 1074 3905 1144 πικρίας,

2353 1169 2415 1219 ὲκ
2441 1168 2663 1219 σκοτίων
2690 1184 2747 1219 τε
2778 1168 2963 1235 μυχῶν
2998 1166 3285 1232 ἀθεότητος
3317 1164 3410 1217 καὶ
3440 1166 3637 1227 κακίας
3669 1166 3749 1228 είς

2352 1258 2533 1328 νοερὸν
2562 1259 2655 1312 καὶ
2687 1259 2930 1325 καθαράν
2958 1259 3125 1326 πνοὴν
3160 1256 3472 1318 ἀνελκύσεις
3513 1257 3637 1319 τοὺς
3674 1256 3779 1309 ὑπὸ
3813 1256 3909 1309 σοῦ

2353 1346 2797 1417 θηρευσομένους,
2834 1348 3030 1416 μᾶλλον
3052 1348 3108 1399 δὲ
3146 1348 3445 1418 ζωγρήσεις
3485 1349 3678 1411 αὐτοὺς
3700 1348 3787 1400 διὰ
3815 1348 3909 1401 τοῦ

2353 1435 2497 1507 ζωὴν
2532 1439 2711 1500 αὐτοῖς
2739 1438 2847 1507 (45)
2876 1438 2990 1490 ἀλλ’
3016 1438 3076 1489 οὐ
3118 1437 3343 1489 θάνατον
3374 1439 3671 1508 προξενεῖν.
3712 1439 3774 1492 Oi
3811 1438 3911 1508 μὲν

2352 1526 2459 1598 γὰρ
2491 1528 2554 1579 ὲκ
2577 1526 2842 1593 πελάγους
2876 1525 3074 1594 ἰχθύες,
3105 1527 3161 1578 ὲν
3196 1526 3371 1596 σκότῳ
3407 1527 3499 1579 καὶ⁸
3539 1526 3681 1596 βυθῷ
3717 1527 3913 1596 πρότε-

2354 1634 2444 1688 ρον
2477 1616 2692 1681 ζῶντες,
2728 1615 2919 1668 αὐτίκα
2952 1615 3125 1683 φωτὸς
3167 1617 3261 1668 καὶ
3302 1617 3470 1685 πνοῆς
3515 1616 3912 1687 μεταλαχόντες

2349 1707 2693 1761 ἀπόλλυνταιο
2724 1708 2774 1760 οί
2806 1707 2881 1769 δὲ,
2915 1706 2971 1772 ἐξ
3004 1705 3300 1776 ἀνθρώπων
3326 1707 3429 1759 ὑπὸ
3458 1707 3550 1759 σοῦ
3580 1706 3912 1777 θηρευθησό-

2357 1814 2539 1866 μενοι,
2570 1800 2633 1850 ἐκ
2664 1798 2884 1859 σκότους
2911 1794 3128 1863 ἀγνοίας
3180 1795 3600 1865 μεταϐάλλοντες
3646 1796 3738 1847 ἐπὶ
3766 1796 3913 1867 ζωὴν

716 1886 951 1941 tenebris
979 1887 1044 1940 ad
1070 1885 1231 1940 divini
1262 1888 1473 1957 generis
1490 1890 1652 1941 vitam
1684 1890 1886 1957 piscatu
1916 1899 2002 1944 tuo
2024 1889 2252 1945 transfe-

2355 1886 2529 1939 ἔνθεον
2560 1886 3002 1957 ἀγρευθήσονται.
3032 1884 3122 1937 Διὸ
3152 1885 3246 1937 καὶ
3277 1883 3502 1955 ζωγρῶν
3550 1885 3649 1957 ἔσῃ
3680 1885 3788 1938 άπὸ
3815 1885 3910 1938 τοῦ

722 1984 925 2033 rentur.
957 1977 1075 2031 ideo
1104 1986 1158 2030 tu
1189 1980 1439 2047 deinceps
1474 1980 1539 2032 ad
1569 1980 1728 2032 vitam
1778 1981 2015 2036 homines
2051 1983 2253 2051 capies.

785 2065 909 2121 Haec
945 2068 1122 2122 divina
1153 2070 1344 2125 virtute
1374 2073 1615 2137 praedixit
1653 2072 1930 2132 Servator,
1966 2074 2079 2127 haec
2125 2073 2256 2129 lide-

714 2155 837 2210 iiter
872 2171 1103 2226 vereque
1128 2171 1158 2211 a
1188 2173 1245 2212 se
1284 2160 1424 2213 dicta
1475 2160 1610 2213 idem
1646 2160 2048 2214 demonstravit.
2091 2160 2256 2214 Nimi-

716 2260 839 2299 rum
872 2246 1061 2301 retium
1095 2248 1179 2301 ille
1198 2247 1483 2314 jaculator,
1518 2252 1775 2319 piscator,
1812 2250 1996 2319 Syrus,
2027 2266 2122 2320 pro
2166 2266 2257 2306 ca-

712 2348 870 2403 ptura
906 2338 1149 2404 piscium,
1187 2350 1411 2406 quantas
1456 2340 1729 2395 hominum
1754 2341 2023 2410 tnyriadas
2053 2343 2258 2411 ceperit

715 2411 1007 2478 ineli‘abilis
1032 2425 1288 2497 doctrina;
1312 2426 1512 2480 retibus
1530 2427 1707 2479 divina
1738 2426 1934 2479 virtute
1964 2427 2250 2487 contextis,

720 2514 1105 2582 comprehendi
1162 2530 1384 2571 numero
1425 2517 1629 2585 nequit.
1673 2517 1900 2578 Arcana,
1941 2515 2008 2569 ab
2050 2516 2118 2570 iis
2140 2530 2256 2584 qua:

716 2616 1098 2675 apparuerunt,
1144 2609 1603 2661 demonstrantur.
1656 2607 1791 2661 Nam
1845 2621 1966 2675 quae
2020 2606 2255 2675 spatiosa

718 2693 899 2747 mundi
928 2704 1076 2760 atas,
1120 2704 1243 2748 ante
1270 2694 1577 2750 Servatoris
1610 2695 1700 2748 Dei
1747 2693 2251 2758 manifestationem,

715 2798 821 2836 non
852 2782 1060 2846 attulit;
1089 2798 1207 2853 quae
1236 2799 1405 2852 neque
1436 2783 1661 2855 Moyses,
1712 2783 2055 2837 Hebraeorum
2086 2783 2252 2853 legis-

717 2875 878 2940 lator,
919 2891 1090 2945 neque
1136 2885 1257 2944 post
1304 2875 1515 2945 Moysen
1575 2876 1843 2943 propheta:
1892 2874 1983 2928 Dei
2031 2875 2252 2928 multum

712 2952 1017 3020 iaborantes
1046 2982 1139 3034 per
1165 2975 1331 3020 totam
1352 2976 1559 3021 noctem
1585 2978 1709 3020 ante
1724 2966 1921 3023 Christi
1944 2967 2253 3031 adventum,

712 3054 929 3110 eliicere
957 3064 1274 3124 potuerant;
1314 3058 1429 3110 haec
1475 3057 1747 3124 Gztlilmus,
1780 3072 2003 3127 pauper,
2045 3054 2253 3125 loquela

713 3136 999 3210 barbarus,
1019 3146 1179 3211 idem,
1201 3148 1435 3215 inquam,
1469 3148 1552 3201 ille
1578 3148 1769 3203 Petrus
1792 3147 2252 3203 confecit.Rerum
2282 3186 2323 3244 Ο

721 3245 901 3290 autem
932 3252 961 3289 a
1007 3236 1164 3290 Petro
1214 3246 1335 3290 tunc
1384 3247 1723 3305 peractarum
1776 3238 2255 3293 demonstrationes

718 3318 867 3391 sunt,
891 3344 1009 3395 qua:
1032 3344 1151 3395 mox
1183 3329 1543 3383 inclaruerunt
1570 3329 1851 3393 Ecclesiae,
1895 3330 2064 3384 multo
2093 3329 2257 3398 magis

719 3417 1061 3471 rationaliunt
1105 3419 1326 3488 piscium
1376 3420 1585 3487 plenae,
1638 3435 1793 3486 quant
1846 3420 1949 3473 illa:
2003 3420 2257 3475 naviculae

723 3508 1162 3568 irrationalium;
1197 3511 1487 3574 cujusmodi
1527 3521 1610 3563 est
1647 3511 2008 3565 Cmsariensis
2060 3511 2110 3564 in
2157 3511 2257 3565 Pa-

714 3598 924 3650 iazstina
948 3595 1205 3663 Ecclesia,
1234 3599 1359 3652 item
1388 3599 1679 3652 Antiochia:
1698 3600 1992 3669 Syriaticaa,
2023 3600 2255 3669 itemque

714 3687 886 3753 ipsius
906 3686 1155 3741 Romana
1183 3688 1329 3741 urbis
1360 3689 1617 3744 Ecclesia.
1648 3688 1753 3745 lias
1780 3690 1921 3746 enim
1954 3693 2124 3760 ipsum
2152 3693 2258 3745 Pe-

712 3785 857 3830 trum
870 3776 1155 3844 Ecclesias,
1172 3791 1222 3834 et
1240 3782 1643 3836 circumstantes
1666 3796 1849 3837 omnes
1870 3785 2253 3852 composuisse,

716 3868 974 3922 traditum
1015 3870 1285 3924 memoriae
1314 3882 1396 3925 est
1435 3886 1450 3925 :
1503 3887 1707 3925 necnon
1752 3888 1806 3930 et
1848 3872 1968 3927 illas
2014 3872 2253 3943 Egypti,

715 3973 840 4011 cum
873 3958 985 4027 ipsa
1041 3960 1398 4013 Alexandrina
1453 3963 1591 4015 idem
1642 3963 1862 4030 pariter,
1892 3964 1993 4017 etsi
2027 3978 2130 4017 non
2162 3979 2256 4032 per

719 4048 977 4115 seipsum,
1027 4064 1119 4115 per
1178 4048 1415 4103 Marcum
1464 4060 1637 4105 tamen
1693 4052 2007 4122 discipulum
2062 4069 2254 4117 suum,

718 4139 1019 4193 constituit.
1066 4139 1301 4207 Namque
1344 4142 1387 4193 is
1431 4141 1640 4195 interim
1696 4140 1792 4211 per
1833 4142 2039 4196 italiam
2067 4154 2120 4198 et
2148 4160 2258 4198 om-

723 4243 821 4282 nes
850 4230 989 4282 circa
1014 4230 1154 4283 illam
1175 4239 1361 4299 gentes
1386 4232 1770 4299 occupabatur;
1793 4234 1885 4287 sed
1909 4249 2063 4288 suum
2088 4234 2258 4287 alum-

720 4313 848 4371 num
874 4317 1108 4373 Marcum
1138 4320 1424 4375 educenda
1457 4320 1669 4390 Egypti
1695 4323 1841 4391 genti
1878 4323 2259 4392 capiendagne

717 4407 1026 4462 destinavit.

1226 4563 1263 4599 ἢ

793 4607 906 4673 (45)
937 4606 989 4659 In
1016 4607 1101 4681 his
1128 4610 1482 4664 commatibus
1510 4611 1683 4665 variat
1705 4611 2037 4681 aliquantum
2064 4628 2157 4667 seu
2197 4614 2258 4667 fit

723 4677 981 4731 obscurus
1009 4679 1195 4745 Syrus.

818 4746 903 4817 δέ)
939 4750 999 4817 ᾼ.
1025 4744 1064 4817 i.
1098 4744 1191 4800 83.
1218 4747 1266 4799 b.
1302 4745 1425 4817 Syr.
1462 4746 1550 4809 ιν,
1579 4748 1632 4801 6.

817 4814 913 4889 45)
930 4813 1058 4889 (loti.
1089 4826 1267 4889 nost_er
1288 4813 1506 4870 Graecus
1527 4820 1597 4889 _A.
1631 4819 1667 4871 f.
1701 4818 1769 4872 83
1803 4822 1852 4875 b.
1904 4822 2062 4876 habet
2092 4819 2255 4889 ἀλλή-

725 4880 850 4934 λων.
877 4880 985 4959 _Sed
1011 4882 1180 4952 Syrus
1202 4884 1475 4959 interpres
1494 4887 1609 4940 sine
1644 4889 1803 4959 dubio
1833 4890 1959 4953 legit
2006 4880 2255 4959 ἁρρήτων

729 4952 968 5025 (quodet
1000 4952 1506 5025 nosptmtulitnus),
1532 4958 1781 5024 quoniam
1823 4952 2055 5025 Anglice
2080 4952 2091 4959 ’
2110 4952 2262 5013 video

722 5020 1006 5085 something
1035 5021 1241 5072 Iridden.

800 5087 910 5156 (46)
942 5094 1107 5157 Syrus
1143 5090 1280 5141 haud
1331 5090 1659 5145 intellexnsse
1714 5095 1919 5147 videtur
1951 5096 2261 5155 dictionem,

732 5157 997 5226 βάρϐαρος
1027 5158 1122 5226 τὴν
1150 5160 1351 5227 φωνήν,
1384 5161 1426 5212 si
1456 5172 1600 5214 certe
1628 5161 1775 5214 dicit
1797 5163 1859 5231 by
1905 5181 2078 5217 means
2109 5166 2169 5223 of
2197 5169 2262 5217 its

726 5233 886 5278 voice.

803 5291 1005 5415 (ἓῚγΙη
1041 5293 1266 5362 Syriaco
1294 5296 1549 5363 opusculo
1578 5313 1604 5348 a
1638 5313 1721 5349 me
1754 5299 2133 5365 edito(Script.
2166 5314 2262 5355 vet.

868 5364 883 5415 l
920 5364 1059 5415 uuod
1089 5366 1399 5415 inscribitur
1450 5364 1684 5415 Canones
1726 5384 1813 5415 seu
1848 5370 2083 5415 doctrina
2131 5372 2262 5415 Λυο-

733 5369 776 5415 ῑ.
920 5364 1059 5428 quod
1089 5366 1399 5419 inscribitur
1450 5364 1684 5419 Canones
1726 5384 1813 5418 seu
1848 5364 2083 5421 dartrina
2129 5372 2266 5433 Ano-

734 5432 1005 5495 uolorum,
1033 5432 1225 5485 dicitur
1256 5450 1308 5501 p.
1327 5434 1391 5487 7:
1429 5438 1631 5499 Accepit
1668 5432 2267 5490 manumsucerdolalem

738 5501 1292 5574 Apostolorumjionta
1326 5504 1585 5574 civitasﬂet
1626 5515 1734 5557 tota
1762 5502 1938 5567 Italia,
1975 5518 2128 5574 atque
2164 5507 2266 5558 Ili.

732 5571 951 5642 "patria,
982 5585 1043 5621 ac
1067 5569 1357 5642 ABritanm'a
1397 5581 1445 5623 et
1489 5570 1685 5633 Gallia,
1726 5569 2098 5642 cumireliqu’ia
2151 5579 2267 5628 aliis

738 5638 1026 5711 regionibus
1048 5639 1325 5711 ﬁnitimis,
1345 5642 1407 5692 ab
1437 5642 1557 5708 ipso‘
1593 5642 1799 5694 Simone
1841 5638 2032 5709 Cepha,
2058 5645 2145 5711 qui
2177 5662 2267 5695 us—

736 5706 975 5778 eemljrat
1017 5710 1078 5759 ab
1122 5709 1415 5771 Antiochia,
1457 5706 1513 5761 et
1560 5711 1659 5776 fuit
1700 5706 2078 5778 prwcepl'orac'
2103 5722 2268 5765 rector

736 5774 791 5834 in
833 5772 1082 5839 Ecclesia,
1114 5792 1262 5842 quam
1288 5778 1354 5830 ibi
1382 5772 1673 5846 (t’diﬂcat'it,
1700 5772 1755 5831 et
1786 5781 1837 5833 in
1864 5772 2116 5835 ﬁnitimis.
2150 5782 2262 5835 Jant

2352 1977 2446 2029 νῦν
2469 1976 2803 2046 ἀνθρώπους.

2424 2070 2534 2137 (44)
2561 2069 2744 2122 Ταῦτα
2769 2068 2919 2141 θεῖκῇ
2947 2068 3172 2139 δυνάμει
3207 2069 3606 2138 προηγόρευσεν
3631 2067 3660 2119 6
3689 2066 3907 2137 Σωτήρ·

2351 2160 2519 2211 ταῦτα
2547 2162 2658 2221 τοῖς
2685 2158 2865 2228 ἔργοις
2902 2159 3067 2212 πιστά
3106 2159 3197 2210 καὶ
3228 2158 3399 2228 ἀληθῆ
3433 2157 3700 2222 ἐπέδειξεν
3741 2157 3771 2208 6
3815 2156 3912 2209 αὺ-

2351 2251 2439 2312 τός
2460 2266 2473 2278 °
2522 2250 2685 2306 ἤγουν
2722 2249 3054 2319 άμφιϐολεὺς
3087 2251 3311 2312 ἐκεῖνος,
3361 2251 3389 2300 6
3420 2250 3624 2312 ἁλιεὺς,
3661 2250 3689 2300 6
3719 2247 3908 2317 Σύρος,

2351 2341 2469 2392 ἀντὶ
2497 2342 2593 2409 τῆς
2625 2340 2731 2393 τῶν
2764 2339 2957 2409 ἰχθύων
2986 2340 3177 2410 θήρας,
3208 2341 3336 2402 ὅσας
3366 2339 3664 2407 ἀνθρώπιον
3710 2339 3913 2407 ἐσαγή-

2355 2445 2503 2479 νευσε
2535 2412 2799 2497 μυριάδας
2823 2428 2992 2496 λόγων
3022 2428 3343 2499 ἀπορρήτων
3370 2428 3606 2491 δικτύοις
3637 2427 3790 2497 θεῖκῇ
3819 2426 3912 2480 δυ-

2353 2519 2507 2587 νάμει
2542 2518 2839 2582 πλακεϊσιν,
2882 2532 2980 2571 ουκ
3021 2517 3166 2570 ἐστιν
3202 2517 3418 2588 άριθμῷ
3467 2518 3781 2590 περιλαϐεῖν
3821 2518 3912 2571 δυ-

2301 2606 2307 2613 ’
2354 2606 2527 2660 νατόν.
2563 2605 2718 2673 ’Όψις
2744 2604 2788 2657 δ’
2818 2606 3070 2676 ἀρρήτων
3106 2604 3219 2674 (45)
3245 2604 3315 2657 τὰ
3342 2605 3672 2674 φαινόμενα·
3718 2604 3755 2658 ἃ
3800 2606 3909 2675 γάρ

2353 2697 2381 2747 6
2416 2696 2619 2766 μακρὸς
2645 2694 2775 2747 αἰὼν
2801 2695 2895 2747 τοῦ
2926 2694 3039 2763 βίου
3066 2696 3172 2765 πρὸ
3199 2694 3299 2760 τῆς
3321 2694 3415 2746 τοῦ
3444 2696 3690 2765 Σωτῆρος
3716 2693 3910 2763 θεοφα-
3992 2702 4004 2717 ³

2354 2784 2496 2847 νείας
2524 2786 2623 2837 οὐκ
2655 2786 2900 2854 ἤνεγκεν,
2934 2785 2970 2839 ἃ
3010 2787 3143 2856 μήτε
3176 2786 3413 2857 Μωῦσῆς
3442 2788 3470 2839 6
3498 2786 3604 2838 τῶν
3646 2786 3909 2859 Ἐϐραίων

2353 2874 2661 2944 νομοθέτης,
2692 2876 2826 2945 μήτε
2851 2878 2900 2928 oi
2928 2874 3062 2945 μετὰ
3090 2876 3323 2929 Μωῡσέα
3351 2876 3445 2929 τοῦ
3476 2876 3608 2928 Θεοῦ
3636 2877 3909 2947 προφῆται

2355 2964 2524 3017 πολλὰ
2565 2966 2830 3035 καμόντες
2866 2966 2954 3019 διὰ
2992 2966 3170 3035 πάσης
3211 2968 3403 3029 νυκτὸς
3442 2972 3541 3038 τῆς
3592 2969 3911 3038 ἐπιφανείας

2354 3055 2518 3108 αὑτοῦ
2559 3056 3005 3127 καταπράξασθαι
3038 3058 3113 3129 μὴ
3143 3056 3473 3126 δεδύνηνται,
3500 3058 3669 3112 ταῦτα
3696 3062 3725 3113 6
3755 3059 3910 3113 Γαλι·

2355 3146 2520 3209 λαῖος,
2567 3150 2595 3199 6
2624 3148 2808 3216 πένης,
2837 3151 2867 3201 6
2910 3147 3178 3219 βάρϐαρος
3221 3149 3315 3218 τὴν
3350 3150 3530 3220 φωνὴν
3564 3150 3696 3220 (46),
3747 3153 3909 3215 αὐτὸς

2356 3237 2561 3298 ἐκεῖνος
2586 3238 2616 3288 6
2653 3236 2854 3306 Πέτρος
2882 3238 3271 3308 κατεπράξατο.
3309 3240 3513 3310 Δεῖγμα
3552 3241 3615 3292 δὲ
3640 3240 3750 3293 τῶν
3790 3242 3909 3295 τότε

2354 3324 2799 3378 ἐπιτελεσθέντων
2826 3327 2960 3395 πρὸς
2984 3327 3188 3397 Πέτρου
3216 3329 3271 3381 αἱ
3288 3331 3367 3391 είς
3389 3329 3549 3400 δεῦρο
3580 3330 3909 3399 διαλάμπου·

2356 3432 2441 3467 σαι
2460 3415 2790 3485 Ἐκκλησίαι,
2827 3416 2959 3467 πολὺ
2988 3415 3183 3484 μᾶλλον
3213 3416 3319 3469 τῶν
3358 3418 3478 3471 τότε
3504 3419 3729 3486 σκαφῶν
3763 3420 3906 3487 λογι-

2356 3506 2463 3559 κῶν
2489 3506 2683 3574 ἰχθύων
2724 3505 3052 3574 πληθύουσαι
3072 3524 3083 3535 ·
3113 3502 3199 3559 οἷα
3222 3509 3254 3576 ἡ
3286 3509 3427 3561 κατά
3450 3509 3785 3577 Καισάρειαν
3812 3511 3905 3579 τῆς

2356 3596 2710 3665 Παλαιστίνης
2752 3598 3024 3665 τυγχάνει,
3072 3594 3158 3649 οἷα
3207 3599 3239 3667 ἠ
3293 3599 3385 3650 ἐπὶ
3436 3600 3762 3669 Ἀντιοχείας
3812 3600 3905 3669 τῆς

2355 3686 2492 3737 κατὰ
2532 3686 2627 3756 τὴν
2671 3686 2885 3755 Συρίαν,
2921 3683 3008 3739 οἶα
3050 3690 3082 3756 ἡ
3134 3688 3223 3740 ἐπὶ
3269 3686 3439 3757 αὐτῆς
3476 3691 3573 3759 τῆς
3628 3691 3907 3760 Ῥωμαίων

2356 3776 2559 3838 πόλεως
2586 3776 2721 3845 (4⁸7)·
2754 3776 2911 3828 τάσδε
2955 3778 3060 3847 γὰρ
3090 3777 3250 3839 αὐτὸς
3274 3780 3301 3830 6
3333 3779 3534 3849 Πέτρος
3558 3796 3655 3842 τας
3682 3780 3899 3849 Ἐκκληο

2358 3868 2493 3928 σίας,
2521 3866 2733 3927 καὶτὰς
2759 3868 2874 3936 ἀμφ
2915 3868 3081 3929 αὑτὰς
3109 3868 3320 3930 ἁπάσας
3346 3871 3747 3939 συστησάμενος
3778 3889 3901 3940 μνηο

2360 3955 2635 4026 μονεύεται
2674 3956 2818 4025 (48),
2877 3957 2967 4009 καὶ
3005 3957 3103 4019 τάς
3162 3960 3244 4009 ἐπ’
3302 3960 3578 4025 Αἰγύπτου
3630 3962 3723 4013 καὶ
3791 3966 3904 4016 κατ’

2358 4047 2521 4115 αὐτὴν
2549 4047 2646 4115 τὴν
2663 4046 3058 4116 Ἀλεξάνδρειαν
3082 4048 3239 4100 πάλιν
3277 4048 3458 4113 αὐτὸς,
3489 4049 3550 4100 οὐ
3579 4050 3681 4119 μὴν
3715 4051 3783 4102 δι’
3813 4053 3902 4103 αὑ-

2354 4138 2469 4199 τοῦ,
2485 4138 2569 4189 διὰ
2591 4138 2645 4190 δὲ
2671 4139 2893 4208 Μάρκου
2913 4138 3005 4191 τοῦ
3033 4140 3459 4209 μαθητευθέντος
3483 4141 3630 4211 αὑτῷ
3653 4146 3885 4213 κατεστή

2360 4246 2509 4281 σατο.
2551 4228 2715 4289 Αὐτὸς
2751 4228 2982 4300 μὲνγὰρ
3025 4232 3164 4298 ἀμφὶ
3203 4231 3299 4299 τὴν
3342 4232 3568 4284 Ἰταλίαν
3612 4233 3705 4284 καὶ
3736 4234 3903 4285 πάντα

2359 4320 2425 4371 τὰ
2463 4320 2603 4388 ἀμφὶ
2646 4320 2842 4387 ταύτην
2888 4320 3010 4389 ἔθνη
3057 4320 3308 4389 ἐσχόλαζε
3355 4322 3489 4391 (49),
3529 4323 3618 4374 τὸν
3657 4324 3702 4374 δ’
3748 4324 3904 4375 αὑτοῦ

2362 4410 2616 4479 φοιτητὴν
2652 4410 2873 4479 Μάρκον
2898 4409 3005 4461 τῶν
3029 4411 3144 4462 κατ’
3177 4410 3445 4477 Αἴγυπτον
3477 4411 3791 4465 διδάσκαλον
3818 4413 3903 4467 δια,ὶ

2286 4512 2335 4572 ι)
2363 4498 2689 4569 σαγηνευτὴν
2716 4498 3068 4569 άποδέῶιχεν.

2366 4629 2491 4668 vero
2538 4615 2677 4683 quod
2709 4616 2812 4670 hoc
2847 4614 3185 4681 opusculum,
3234 4615 3285 4668 in
3333 4614 3577 4669 Romano
3621 4617 3904 4671 citat-taceo

2363 4685 2545 4738 codice
2578 4700 2698 4738 cum
2730 4684 2988 4737 Ehediesu
3012 4684 3188 4737 saeculi
3222 4699 3317 4737 xm
3341 4694 3561 4737 auclore
3586 4686 3904 4752 copulatum.

2364 4770 2502 4805 nunc
2556 4754 2606 4805 iu
2647 4753 2831 4805 codice
2885 4752 3068 4806 St‘BCIlll
3114 4755 3250 4805 sexti
3294 4763 3385 4805 aut
3434 4755 3641 4820 septimi
3678 4772 3705 4805 a
3738 4755 3904 4808 doctis

2366 4836 2574 4888 quoque
2623 4820 2811 4892 Anglis
2860 4832 3190 4887 compertum
3246 4821 3424 4880 fuerit,
3495 4838 3624 4875 sane
3664 4824 3905 4892 gaudeo;

2365 4892 2439 4941 sic
2473 4892 2612 4942 enim
2636 4890 2752 4953 cj‘us
2778 4906 2897 4941 cum
2930 4900 3087 4940 aetate
3126 4901 3353 4952 augetur
3391 4890 3702 4945 auctoritas.
3758 4891 3905 4956 Quod

2365 4968 2536 5011 autem
2570 4960 2621 5010 in
2653 4960 2942 5027 editionem
2980 4957 3225 5009 Latinam
3274 4975 3443 5011 meum
3499 4959 3777 5027 irrepserit
3818 4958 3898 5011 Bi-

2364 5028 2538 5096 thynia
2596 5042 2691 5092 pro
2738 5024 3033 5088 Britannia,
3094 5041 3210 5079 cum
3257 5037 3431 5096 tamen
3466 5043 3580 5079 mea
3610 5024 3744 5096 'ipsa
3805 5027 3893 5095 Sy-

2367 5095 2504 5149 riaca
2540 5097 2705 5149 editio
2744 5104 2889 5148 recte
2933 5099 3196 5163 Italteatp.
3234 5096 3352 5156 174,
3392 5095 3667 5157 Brittania,
3696 5108 3754 5148 ut
3802 5096 3905 5165 Sy-

2367 5181 2455 5217 rus
2499 5171 2698 5221 {noster
2782 5166 3106 5231 pronuntiat,
3186 5165 3236 5217 id
3290 5181 3392 5217 non
3441 5167 3556 5217 sine
3604 5165 3799 5233 aliqua,
3852 5174 3906 5217 ut

2365 5237 2521 5298 pntn,‘
2565 5234 2758 5286 mentis
2799 5235 3111 5298 evagatinne
3160 5233 3240 5285 vel
3300 5244 3539 5302 typorunt
3578 5232 3769 5286 tnettilo
3794 5232 3908 5287 ﬁeri

2364 5304 2551 5366 putuit.
2612 5302 2877 5368 (Namque
2928 5302 3123 5370 Aloysii
3172 5299 3448 5355 Assetnani
3487 5299 3733 5353 Latinum
3784 5302 3887 5355 scri

2378 5380 2540 5436 ptutn,
2566 5372 2695 5438 quid
2730 5370 2944 5431 habent,
2982 5387 3153 5438 neque
3202 5386 3341 5423 nunc
3367 5371 3606 5431 memini,
3636 5386 3734 5423 nec
3769 5372 3907 5425 scire

2369 5438 2631 5509 interest.)
2670 5438 2800 5509 Quis
2847 5440 2986 5492 enim
3039 5442 3175 5509 inter
3212 5439 3439 5492 Galliam
3491 5438 3907 5509 etrﬂispaniam,

2370 5506 2663 5575 Bithyniam
2694 5508 2872 5575 potius
2910 5524 3067 5574 quant
3100 5508 3427 5575 Britanniam
3459 5508 3602 5570 serio
3635 5508 3909 5562 collucet?

2439 5574 2548 5643 (48)
2580 5577 2675 5629 Hie
2696 5574 3025 5642 aliquantum
3055 5574 3505 5629 abluditaGrazco
3533 5575 3723 5645 Syrus.
3744 5576 3908 5631 Porro

2369 5646 2529 5698 semel
2560 5647 2731 5697 adhuc
2758 5646 2862 5715 aio,
2904 5662 2987 5697 tne
3010 5647 3289 5715 Syriacum
3318 5645 3510 5697 librutn
3548 5645 3677 5715 (quo
3705 5648 3907 5711 careo),

2369 5716 2573 5765 nonnisi
2615 5729 2683 5766 ex
2718 5713 3003 5780 Anglii-ana
3030 5713 3465 5781 interpretatione
3492 5713 3835 5782 cognoscere.

2440 5784 2546 5839 (49)
2579 5784 2762 5837 Adhuc
2784 5800 2812 5834 a
2844 5782 3015 5839 “ficti
3050 5794 3223 5837 textus
3246 5798 3404 5838 sensu
3452 5781 3683 5838 deﬂectit
3721 5788 3905 5840 Svrus.
