4106 6414
666 402 760 454 631

1354 393 1613 449 EUSEBll
1654 388 2208 450 CACSARlENSerl

2346 392 2524 447 PARS
2560 392 2647 449 ιν.
2687 424 2755 434 —-
2791 390 3202 447 DOGMATICA.

3747 394 3855 447 632

660 516 932 568 devinctos
951 526 1125 577 ;.nunc
1150 519 1325 565 autem
1351 511 1523 577 primo
1547 526 1611 564 ex
1636 513 1838 577 impura
1871 514 2197 579 scelestaque

2308 510 2647 579 καθαίρεσθαι
2701 511 2763 562 ἐκ
2812 509 2909 577 τῆς
2956 508 3271 576 δαιμονικῆς
3327 523 3416 559 και
3468 504 3849 575 εἰδωλολάτρου

661 607 767 655 vita
803 610 1099 654 remeatos.
1154 602 1328 667 Atque
1385 611 1441 652 ut
1489 602 1572 654 his
1620 602 1879 654 suadeant
1928 603 2194 665 admonet,

660 702 781 761 post
842 692 1249 759 purgationem,
1331 692 1536 758 mystici
1605 691 1892 759 magisterii
1959 692 2009 742 vi
2077 706 2199 759 per-

662 792 857 845 actam,
887 782 1024 835 haud
1058 781 1164 849 jam
1200 792 1459 851 praecepta
1502 781 1744 842 Judaica,
1790 795 1962 849 neque
2004 780 2201 847 Moysis

665 873 920 941 legitima.
960 873 1051 926 sed
1100 887 1217 941 quae
1272 872 1381 939 ipse
1428 872 1492 925 iis
1534 874 1861 939 praeciperet,
1892 871 2198 925 observare.

660 962 786 1015 llzec
814 961 1058 1015 videlicet
1081 975 1184 1015 uno
1204 975 1297 1013 ore
1324 948 1497 1013 cnncti
1524 963 1647 1014 dum
1670 976 1763 1029 per
1789 970 1973 1029 gentes
1998 960 2204 1014 discur-

661 1061 843 1105 rerent
878 1053 1155 1105 tradebant
1179 1052 1479 1105 constitutis
1510 1052 1560 1104 in
1592 1053 1837 1105 universo
1862 1050 1993 1105 orbe
2019 1050 2203 1106 Eccle-

661 1143 779 1195 siis.
824 1143 995 1209 Atque
1029 1151 1085 1193 ut
1125 1156 1258 1209 opus
1301 1152 1438 1205 erat,
1485 1142 1749 1204 hortatur,
1803 1150 1859 1194 et
1918 1142 2202 1194 alacriores

662 1230 823 1285 cﬂicit
848 1232 911 1284 ad
940 1232 1209 1285 adeundas
1239 1242 1548 1285 venatorum
1576 1246 1722 1285 more
1748 1242 1954 1301 gentes,
1991 1241 2042 1285 et
2070 1231 2201 1283 uni-

660 1338 871 1376 versum
911 1324 1181 1378 hominum
1218 1339 1382 1393 genus
1417 1321 1787 1385 erudiendum,
1844 1321 2022 1374 addita
2078 1336 2197 1389 pro-

661 1411 949 1465 missione;
985 1411 1118 1464 Ecce
1152 1428 1239 1480 ego
1265 1412 1520 1464 vobiscum
1548 1427 1695 1475 sum;
1750 1413 2043 1463 secundum
2080 1425 2202 1462 vero

661 1500 880 1560 Lucam.
905 1502 1161 1569 Spiritum
1193 1504 1478 1571 spondens.
1529 1502 1650 1557 Haec
1686 1516 1860 1556 autem
1896 1501 2204 1569 promissio-

663 1590 747 1642 nis
797 1591 959 1643 verba
1017 1592 1184 1659 reipsa
1231 1591 1569 1644 cumulavit:
1622 1607 1741 1645 nam
1792 1592 1969 1644 divina
2007 1590 2204 1643 virtute

665 1680 855 1747 cuique
906 1692 1114 1745 astans,
1169 1682 1434 1749 inspirans
1475 1684 1635 1736 simul
1673 1693 1726 1736 et
1760 1697 2071 1749 cooperans,
2113 1696 2203 1734 ne-

665 1772 791 1838 gotii
827 1786 1129 1825 successum
1158 1772 1515 1837 conlirmai'it,
1534 1786 1730 1839 eosque
1760 1772 2041 1839 magistros
2066 1770 2201 1839 apud

664 1876 846 1915 omnes
887 1873 1072 1928 gentes
1104 1864 1311 1925 tradita:
1341 1880 1368 1915 a
1414 1879 1471 1917 se
1509 1863 1775 1931 religionis
1800 1862 2090 1914 constituit.

2299 601 2522 669 πλάνης,
2566 599 2836 668 μιάσμασί
2874 616 2934 651 τε
2969 598 3240 659 παντοίοις
3278 596 3679 666 ἐνισχημένους,
3724 595 3849 665 ἄρτι

2296 707 2355 741 τε
2384 691 2593 759 πρῶτον
2616 689 2672 754 ἐξ
2696 689 2989 742 ἀκολάστου
3024 687 3123 765 καί
3139 686 3451 756 παρανόμου
3485 684 3596 754 βίου
3623 684 3849 753 μεταδε-

2298 780 2611 850 6λημένους.
2648 779 2878 841 Τούτους
2904 780 2957 831 δὲ
2990 779 3081 831 καὶ
3120 778 3386 831 διδάσκειν
3420 776 3671 847 παραινεῖ
3714 774 3852 843 μετά

2297 870 2393 940 τὴν
2417 870 2784 938 ἀποκάθαρσιν
2826 870 2922 939 τὴν
2954 868 3041 922 διά
3077 869 3174 937 τῆς
3208 868 3369 921 αὑτοῦ
3406 869 3667 937 μυστικῆς
3706 865 3854 918 διδα-

2301 962 2543 1027 σκαλίας,
2563 961 2622 1013 ού
2646 961 2713 1013 τὰ
2740 961 3001 1013 Ἰουδαϊκὰ
3017 958 3460 1030 παραγγέλματα,
3478 958 3595 1010 οὐδέ
3610 956 3677 1009 τὰ
3702 955 3853 1027 παρὰ

2299 1052 2518 1104 Μωῦσεῖ
2556 1050 2780 1119 νόμιμα,
2812 1051 2925 1103 ἀλλ’
2962 1053 3059 1104 ὅσα
3093 1051 3273 1112 αὐτοῖς
3316 1048 3610 1101 ἐνετείλατο
3651 1048 3853 1115 φυλάτ-

2298 1157 2429 1193 τειν.
2466 1140 2645 1193 Ταῦτα
2674 1141 2716 1190 δ’
2747 1137 2816 1209 ἧν
2847 1140 2883 1193 ἃ.
2924 1141 2987 1211 δὴ
3032 1138 3330 1210 συμφώνως
3359 1142 3405 1191 οἰ
3432 1139 3651 1211 ⁸πάντες
3691 1140 3852 1190 ἐκπε-

2304 1229 2597 1299 ριελθόντες
2639 1229 2814 1282 πάντα
2846 1230 2914 1282 τά
2958 1230 3080 1301 ἔθνη
3133 1229 3541 1299 παραδεδώκασι
3571 1231 3689 1291 ταῖς
3729 1228 3852 1281 καθ’

2299 1320 2425 1388 ὅλης
2453 1320 2550 1388 τῆς
2582 1320 3273 1390 οἰκουμένηςἘκκλησίαις.
3310 1319 3641 1387 Ἀναγκαίως
3675 1319 3730 1371 δὲ
3758 1320 3856 1371 αύ-

2300 1412 2426 1472 τοὺς
2447 1410 2759 1481 προτρέπει,
2795 1411 2885 1461 καὶ
2912 1411 3343 1482 προθυμοτέρους
3366 1405 3733 1479 ἀπεργάζεται
3761 1407 3853 1458 ἐπὶ

2299 1501 2360 1552 τὸ
2381 1501 2639 1571 θηρεῦσαι
2669 1501 2967 1572 περιελθεῖν
3005 1518 3063 1553 τε
3088 1502 3263 1554 πάντα
3287 1500 3353 1553 τά
3376 1499 3521 1569 ἔθνη,
3554 1500 3645 1552 καί
3683 1498 3857 1568 μαθη-

2298 1590 2486 1644 τεῦσαι
2525 1594 2631 1643 πᾶν
2666 1592 2818 1657 γένος
2851 1590 3167 1660 ἀνθρώπων,
3198 1590 3260 1641 δι’
3288 1584 3353 1659 ἧς
3385 1589 3673 1658 πεποίηται
3718 1588 3853 1659 πρὸς

2300 1682 2495 1743 αὐτους
2534 1682 2872 1747 ὑποσχέσεως
2914 1680 3109 1733 εἰπών’
3160 1680 3267 1734 Καὶ
3299 1680 3425 1733 ἰδοὺ
3450 1680 3561 1749 ἐγώ
3588 1682 3702 1748 εἰμι
3725 1679 3854 1747 μεθ’

2301 1769 2457 1837 ὑμῶν
2480 1788 2492 1800 °
2527 1772 2667 1823 κατὰ
2692 1752 2747 1823 δέ
2778 1774 3006 1835 Λουκᾶν,
3036 1771 3097 1823 τὸ
3130 1770 3348 1840 Πνεῦμα
3376 1769 3852 1838 ἐπαγγειλάμενος.

2230 1844 2272 1898 Β
2302 1859 2484 1929 Τούτῳ
2505 1860 2559 1912 δὲ
2581 1860 2655 1929 τῷ
2671 1862 2764 1930 τῆς
2788 1861 3108 1929 ἐπαγγελίας
3128 1862 3266 1931 λόγῳ
3284 1862 3437 1930 ἔργον
3458 1861 3681 1925 ἐπιθεὶς,
3697 1861 3851 1930 θεῖκῇ

664 1971 720 2006 τε
741 1954 959 2023 δυνάμει
986 1956 1195 2026 ἑκάστῳ
1230 1955 1419 2019 συνὼν,
1452 1956 1735 2025 συμπνέων
1758 1973 1813 2007 τε
1837 1956 2015 2015 αὐτοῖς
2042 1953 2133 2005 καὶ
2158 1953 2448 2022 συνεργῶν,
2489 1953 2823 2006 επιστὼσατο
2852 1954 2910 2005 τὸ
2936 1956 3276 2025 κατόρθωμα,
3300 1954 3648 2016 διδασκάλους
3672 1971 3731 2005 τε
3761 1953 3856 2006 αύ-

662 2046 785 2107 τοὺς
816 2046 922 2098 τῶν
945 2047 1387 2099 ἐθνῶνεάπάντων
1427 2047 1525 2114 τῆς
1558 2048 1646 2097 ὑπ’
1674 2046 1834 2098 αὑτοῦ
1869 2044 2259 2115 παραδοθείσης
2286 2043 2584 2107 θεοσεὸειας
2613 2044 3079 2114 ἀποδεικνύμενος.

734 2137 787 2188 2.
812 2135 921 2189 Hac
946 2138 1017 2190 illi
1038 2139 1386 2207 promissione
1404 2139 1710 2205 nixi,opere
1739 2139 1852 2206 ipso
1884 2138 2025 2190 illius
2045 2139 2205 2190 verba

666 2227 1048 2296 complebant:
1090 2228 1331 2296 protinus
1382 2230 1522 2281 enim
1569 2227 1699 2280 nihil
1740 2236 2029 2292 morantes,
2064 2226 2207 2280 omni

666 2333 784 2370 cum
805 2318 1077 2373 alacritate
1098 2319 1162 2372 ad
1182 2320 1411 2387 gentium
1437 2320 1793 2388 magisterium
1814 2318 2206 2372 discurrebant.

668 2407 799 2460 Tum
828 2410 941 2475 ipso
969 2411 1044 2463 rei
1071 2423 1260 2462 eventu
1286 2412 1546 2478 persuasi,
1571 2411 1844 2477 oculisque
1881 2425 2000 2461 eum
2029 2410 2211 2463 viven-

671 2511 773 2551 tem
801 2508 1081 2553 cernentes
1103 2501 1191 2567 qui
1224 2500 1379 2568 paulo
1409 2509 1564 2554 antea
1607 2502 1901 2555 exstinctus
1934 2500 2128 2565 fuerat,
2157 2508 2213 2553 et

669 2604 825 2657 quem
860 2604 978 2642 cum
1018 2590 1382 2656 jurejurando,
1405 2600 1623 2658 propter
1654 2604 1713 2643 ea
1741 2603 1858 2657 quae
1885 2588 2208 2653 acciderant,

672 2688 993 2746 negaverant
1014 2694 1028 2741 ;
1048 2679 1207 2743 hunc,
1227 2678 1466 2746 inquam,
1490 2687 1788 2746 spectantes
1805 2678 2076 2730 evidenter
2094 2692 2212 2744 per-

671 2767 1035 2834 sonaliterque
1072 2778 1404 2835 praesentem,
1446 2781 1498 2823 ct
1547 2784 1695 2823 more
1724 2769 1883 2823 solito
1935 2767 2209 2835 alloquen-

674 2868 799 2921 tem,
826 2869 959 2911 etea
983 2874 1101 2927 qua:
1131 2858 1241 2926 jam
1276 2875 1371 2915 nos
1398 2860 1629 2914 diximus
1669 2861 2060 2930 promittentem
2102 2876 2114 2911 :
2157 2858 2208 2911 in

672 2956 903 3012 tantum,
932 2958 987 3001 ut
1032 2966 1061 3002 a
1094 2950 1355 3017 promisso
1383 2965 1441 3004 se
1470 2950 1717 3003 excidere
1759 2949 1895 3001 haud
1927 2962 2084 3017 posse
2107 2962 2211 3002 co-

673 3050 1010 3107 gnoscerent,
1058 3051 1273 3110 propter
1307 3040 1537 3095 oblatam
1569 3041 1737 3094 oculis
1798 3041 2208 3109 apparitionem.

674 3130 803 3196 Quae
832 3132 931 3185 nisi
983 3133 1051 3184 ita
1080 3147 1136 3185 se
1162 3134 1439 3197 haberent,
1484 3131 1720 3200 profecto
1741 3130 1803 3183 ad
1835 3138 2095 3197 praecepta
2126 3128 2212 3181 illa

678 3224 1026 3291 torpuissent,
1080 3214 1389 3277 rusticitatis
1437 3238 1547 3276 suae
1602 3230 1657 3275 et
1730 3221 1956 3274 idioticaa
1997 3219 2214 3286 loquelae

678 3314 904 3377 conscii,
952 3314 1103 3383 cujus
1151 3328 1311 3367 causa
1358 3312 1586 3366 ofﬁcium
1639 3312 1869 3365 fortasse
1923 3313 2215 3364 detrectas-

2378 2135 2439 2205 β’.
2464 2136 2641 2206 Ταύτῃ
2666 2135 2793 2203 γοῦν
2814 2136 3271 2207 ἐπιθαρσήσαντες
3287 2140 3351 2207 τῇ
3371 2136 3687 2206 ἐπαγγελίᾳ.
3706 2136 3850 2205 ἔργῳ

2306 2228 2427 2289 τοὺς
2456 2228 2616 2280 αὑτοῦ
2649 2228 2837 2294 λόγους
2871 2228 3136 2299 ἐπλήρουν
3156 2246 3169 2258 ·
3212 2230 3403 2299 αὐτίκα
3430 2229 3592 2298 μηδὲν
3632 2227 3859 2295 ὑπερθέ-

2312 2340 2478 2393 μενοι,
2504 2327 2596 2375 σὺν
2640 2340 2784 2393 πασῃ
2832 2324 3104 2395 προθυμίᾳ
3147 2323 3432 2393 περιῆλθον
3481 2324 3572 2375 ἐπί
3612 2324 3709 2393 τὴν
3753 2322 3859 2375 τῶν

2309 2415 2472 2467 ἐθνῶν
2488 2414 2846 2467 διδασκαλίαν·
2867 2415 3010 2485 ἐργῳ
3031 2416 3125 2483 μὲν
3143 2415 3287 2485 αὐτῷ
3304 2414 3703 2485 παραλαϐόντες
3725 2413 3858 2483 (53),

2309 2505 2401 2557 καὶ
2422 2505 2713 2571 ὀφθαλμοῖς
2741 2505 2972 2575 ὁρῶντες
2995 2504 3168 2569 ζῶντα
3195 2506 3282 2557 τὸν
3308 2505 3412 2574 πρὸ
3449 2504 3643 2575 μικροῦ
3679 2504 3860 2558 θανόν·

2308 2613 2395 2659 τα,
2428 2596 2519 2648 καί
2541 2596 2597 2647 ὃν
2625 2594 2965 2664 ἐξωμόσαντο
2989 2596 3349 2666 ἀρνησάμενοι
3379 2596 3464 2648 διὰ
3496 2595 3562 2647 τά
3587 2594 3859 2665 συμϐεϐη-

2310 2685 2459 2748 κότα,
2487 2684 2671 2737 τοῦτον
2698 2684 2856 2738 αὑτὸν
2876 2684 3118 2755 ἐναργῶς
3148 2688 3239 2737 καί
3260 2683 3696 2754 αύτοπροσώπως
3728 2700 3861 2753 παρ-

2309 2774 2435 2828 όντα
2467 2776 2558 2827 καί
2600 2775 2840 2845 συνήθως
2890 2775 3421 2844 προσδιαλεγόμενον,
3469 2772 3861 2842 ἐπαγγελλόμε-

2308 2864 2398 2918 νόν
2425 2882 2483 2915 τε
2505 2865 2685 2927 αὐτοῖς
2708 2865 2774 2917 τά
2810 2865 3207 2935 προλελεγμένα
3223 2881 3236 2895 ο
3270 2866 3370 2917 οὐκ
3396 2865 3606 2935 ἔχοντες
3632 2864 3688 2915 δὲ
3717 2864 3862 2926 ὅπως

2308 2956 2373 3009 ἄν
2394 2956 2745 3024 ’ἀποστήσωσι
2776 2954 2871 3023 τῆς
2897 2954 3222 3022 ἐπαγγελίας
3250 2954 3334 3005 διὰ
3360 2954 3457 3022 τὴν
3489 2950 3860 3023 θεωρουμένην

2308 3045 2447 3114 δψιν.
2480 3041 2558 3097 Ἦ
2590 3044 2699 3115 γάρ
2728 3046 2793 3098 ἂν
2816 3046 2907 3097 καὶ
2936 3044 3261 3113 ἀπώκνησαν
3294 3043 3425 3112 πρὸς
3459 3043 3519 3095 τὸ
3564 3043 3859 3110 ἐπίταγμα,

2311 3135 2598 3205 ἀγροικίαν
2626 3136 2835 3198 ἐαυτοϊς
2861 3136 2953 3187 καί
2979 3135 3149 3202 λόγων
3184 3133 3444 3187 ἰδιωτείαν
3474 3130 3863 3199 συγγινώσκον-

2311 3242 2421 3288 τες,
2455 3225 2522 3277 δι’
2551 3231 2617 3296 ἢν
2649 3225 2786 3294 τάχα
2815 3225 2878 3277 ἂν
2901 3226 2992 3278 καί
3019 3223 3397 3295 παρῃτήσαντο
3420 3240 3434 3252 ·
3469 3222 3692 3283 εἰκότως
3715 3220 3858 3288 λογι-

2314 3316 2554 3384 σάμενοι,
2577 3332 2652 3377 ως
2679 3315 2773 3383 οὐχ
2800 3312 2907 3367 οἷόν
2935 3330 2994 3365 τε
3022 3309 3091 3383 ἦν
3116 3312 3317 3383 Σύρους
3343 3311 3440 3382 τὴν
3465 3310 3730 3378 γλῶτταν,
3768 3310 3859 3362 καὶ

677 3413 828 3466 sent;
864 3413 1006 3457 recte
1050 3404 1341 3470 cogitantes
1366 3402 1477 3456 ﬁeri
1524 3402 1663 3457 haud
1709 3416 1863 3469 posse
1890 3410 1948 3454 ut
1974 3400 2208 3454 homines

2316 3403 2475 3456 πλέον
2505 3404 2708 3465 ἁλιείας
2741 3402 2902 3473 μηδὲν
2919 3400 3327 3471 ἐπισταμένους,
3359 3400 3705 3461 διδασκάλους
3733 3389 3863 3467 όμοῦ

678 3497 854 3565 lingua
889 3496 1031 3566 Syri,
1072 3506 1125 3549 et
1158 3504 1346 3564 przcter
1392 3503 1561 3546 artem
1612 3494 1950 3560 piscatoriam
1980 3493 2215 3545 omnium

678 3586 872 3653 ignari,
910 3586 1142 3655 magistri
1183 3584 1627 3638 constituerentur
1646 3581 2220 3639 Graecorum-simulet

678 3675 1064 3737 Romanorum,
1082 3674 1446 3745 Egyptiorum
1477 3686 1531 3728 et
1552 3674 1853 3739 Persarum,
1878 3676 2216 3744 aliarumque

678 3770 911 3838 gentium
943 3767 1308 3827 barbararum,
1334 3765 1577 3834 legesque
1606 3764 1809 3819 ferrent
1836 3780 2014 3819 coram
2043 3766 2215 3834 legum

679 3862 939 3917 latoribus
999 3864 1348 3931 regibusque,
1411 3861 1711 3914 contrarias
1761 3861 1825 3913 iis
1882 3859 2219 3927 opinionibus

680 3968 798 4019 quae
835 3952 899 4004 de
923 3950 1187 4018 primariis
1214 3950 1314 4003 diis
1345 3964 1411 4003 ex
1441 3949 1582 4002 omni
1615 3962 1728 4003 αινο
1753 3948 2086 4001 exstiterant.
2114 3948 2217 4000 Sed

681 4042 795 4094 haec
824 4054 1037 4093 versare
1068 4039 1246 4093 animo
1277 4054 1379 4092 non
1411 4039 1604 4091 licebat
1641 4038 1767 4100 illis,
1794 4039 1883 4106 qui
1907 4053 2089 4091 vocem
2126 4037 2217 4090 Dei

682 4130 912 4183 dicentis
935 4129 1212 4182 audierant
1240 4146 1254 4182 :
1280 4128 1411 4181 Ecce
1459 4144 1547 4197 ego
1590 4128 1841 4180 vobiscum
1892 4144 2037 4192 sum;
2080 4143 2216 4196 quo-

682 4220 824 4274 niam
867 4219 1141 4273 evidenter
1186 4228 1505 4288 aspexerant
1562 4217 1826 4285 loquentis
1886 4218 2216 4271 divinitatem

683 4311 840 4366 morti
860 4310 1187 4379 superiorem
1218 4309 1542 4377 apparuisse.
1575 4308 1705 4361 llinc
1733 4322 1824 4363 eos
1853 4308 2221 4363 inohedientite

682 4404 845 4457 timor
876 4403 1109 4466 incessit,
1137 4402 1360 4470 ideoque
1396 4399 1643 4470 periculis
1672 4414 1732 4453 se
1748 4399 2104 4466 obiectabant,
2132 4415 2216 4453 ac-

683 4504 834 4562 cepta
865 4509 893 4545 a
925 4494 1176 4561 magistro
1208 4493 1365 4545 arrha
1389 4493 1512 4545 vita:
1543 4501 1657 4559 post
1689 4502 1910 4545 mortem
1949 4493 2217 4555 vivendm;

685 4596 984 4651 magnOQue
1004 4582 1190 4635 animo
1236 4591 1458 4636 cunctas
1486 4594 1669 4650 gentes
1705 4582 1943 4642 obibant.
1977 4584 2220 4649 magistri

2327 3494 2710 3565 Ἐλλήνωνοκαὶ
2759 3493 3060 3565 Ῥωμαίων,
3088 3491 3394 3559 Αἰγυπτίων
3431 3507 3491 3543 τε
3525 3492 3620 3543 καὶ
3644 3490 3863 3560 Περσῶν

2317 3585 2408 3636 καί
2448 3584 2555 3637 τῶν
2589 3584 2788 3637 λοιπῶν
2818 3585 3101 3657 βαρδάρων
3133 3581 3297 3637 ἐθνῶν
3339 3580 3690 3643 καταστῆναι,
3722 3584 3866 3633 ἀντι-

2316 3675 2669 3745 ωμοθετῆσαί
2708 3694 2768 3728 τε
2812 3679 2923 3739 τοῖς
2956 3674 3261 3745 ἁπανταχοῦ
3308 3674 3411 3743 γῆς
3453 3675 3768 3743 νομοθέταις
3807 3691 3863 3726 τε

2317 3769 2409 3819 καὶ
2443 3766 2736 3834 βασιλεῦσι,
2772 3767 3029 3820 τάναντία
3061 3769 3171 3829 τοῖς
3194 3765 3317 3837 περί
3341 3764 3447 3817 τῶν
3476 3764 3704 3835 πρώτων
3732 3763 3867 3816 θεῶν

2316 3860 2380 3910 ἐκ
2420 3857 2512 3910 τοῦ
2554 3857 2752 3919 παντὸς
2796 3857 2985 3920 αἰῶνος
3030 3853 3387 3926 δεδογμένοις.
3430 3854 3569 3907 Ἀλλ’
3602 3855 3702 3906 οὐκ
3743 3853 3866 3921 ἐξῆν

2317 3950 2495 4011 αὐτοῖς
2519 3947 2691 4001 ταῦτα
2720 3948 3059 4013 διανοεῖσθαι,
3090 3947 3349 4001 ἀκούσασι
3386 3946 3484 4017 μὲν
3517 3946 3652 3999 Θεοῦ
3690 3944 3867 4014 φωνῆς

2316 4038 2577 4107 λεγούσης
2602 4039 2801 4103 αὐτοῖς,
2838 4038 2988 4092 ἰδοὺ
3025 4037 3137 4107 ἐγὼ
3179 4038 3303 4107 μεθ’
3341 4036 3507 4107 ὑμῶν
3528 4038 3645 4105 ειμι
3663 4074 3679 4099 ,
3702 4034 3866 4107 ὁρῶσι

2316 4130 2374 4183 δὲ
2408 4112 2611 4199 ἐναργῆ
2644 4130 2740 4200 τὴν
2770 4128 2862 4182 τοῦ
2892 4129 3174 4193 λαλοῦντος
3201 4127 3423 4197 θεότητα
3465 4127 3743 4198 κρείττονα
3778 4128 3868 4177 θα-

2318 4222 2479 4275 νάτου
2513 4221 2799 4289 φανθεϊσαν
2818 4238 2831 4251 ο
2872 4220 2951 4273 διὸ
2983 4222 3075 4273 καὶ
3096 4221 3209 4283 δέος
3252 4220 3433 4282 αὐτοῖς
3465 4217 3563 4287 τῆς
3584 4215 3866 4287 παρακοῆς

2318 4312 2488 4382 εἰσῄει
2514 4310 2644 4380 (54).
2676 4311 2863 4363 Ἔνθεν
2884 4312 3047 4381 ὁμόσε
3067 4313 3177 4374 τοῖς
3206 4309 3465 4372 κινδύνοις
3497 4308 3753 4379 ἐχώρουν.
3774 4309 3869 4378 τῆς

2323 4404 2460 4473 μετά
2481 4402 2705 4455 θάνατον
2736 4402 2876 4472 ζωῆς
2903 4402 3053 4473 παρά
3073 4402 3166 4455 τοῦ
3191 4400 3504 4454 διδασκάλου
3527 4400 3777 4461 λαϐόντες
3806 4399 3870 4453 τὰ

2322 4492 2586 4561 ἐχέγγυα·
2620 4492 2884 4561 προῆλθόν
2913 4510 2971 4544 τε
3007 4490 3281 4563 εὐθαρσῶς
3309 4492 3400 4542 ἐπὶ
3434 4489 3531 4559 τὴν
3564 4490 3672 4542 τῶν
3699 4489 3867 4542 ἀπάν-

2319 4600 2426 4635 των
2460 4581 2623 4636 ὲθνῶν
2664 4583 2927 4652 περίοδον,
2958 4582 3051 4634 τοῦ
3091 4598 3239 4649 σφων
3277 4570 3587 4632 διδασκάλου
3618 4577 3718 4642 τὰς
3745 4579 3871 4631 ὑπο-

686 4672 764 4724 sui
810 4672 1189 4739 promissiones
1229 4686 1392 4741 opere
1432 4671 1813 4727 conﬁrmantes
1844 4670 1953 4741 (55)
1985 4690 1998 4725 :
2028 4674 2208 4741 quibus

2327 4673 2533 4743 σχέσεις
2559 4672 2747 4742 ,ἔργοις
2788 4672 3163 4741 πιστούμενοι·
3199 4664 3277 4733 οἷς
3309 4671 3401 4723 καί
3422 4670 3557 4739 ἔφη·
3596 4670 3780 4740 Ὑμεῖς
3814 4668 3868 4720 δέ

685 4764 843 4814 etiam
866 4764 1107 4815 dixerat:
1141 4760 1246 4817 Vos
1280 4764 1407 4817 estis
1438 4763 1626 4816 horum
1654 4772 1835 4825 testes,
1869 4764 2054 4818 mortis
2080 4765 2223 4817 vide-

687 4851 810 4905 licet
836 4866 895 4903 ac
920 4853 1347 4905 resurrectionis.

755 4945 807 4997 '5.
840 4943 967 4996 Cum
997 4958 1124 5011 ergo
1160 4944 1325 4997 semel
1379 4943 1705 4997 declarasset
1748 4953 1992 5011 oportere
2039 4945 2091 4998 in
2128 4961 2227 5000 no-

689 5038 832 5089 mine
862 5036 975 5103 ejus
1016 5036 1289 5103 pradicari
1330 5036 1699 5103 paenitentiam
1732 5041 1782 5090 in
1814 5038 2019 5091 cunctis
2055 5038 2230 5106 genti-

689 5128 819 5189 bus;
861 5125 959 5179 nisi
983 5125 1117 5178 facta
1151 5126 1327 5178 verbis
1359 5136 1536 5192 postea
1559 5128 1967 5191 consensissent,
1993 5143 2058 5181 ne
2080 5129 2225 5181 illum

690 5220 903 5287 quidem
930 5234 958 5271 a
983 5219 1206 5271 mortuis
1231 5218 1491 5271 revixisse
1513 5219 1875 5273 crederemus.
1923 5219 2017 5273 Sin
2052 5222 2227 5288 potius

694 5310 757 5363 ad
789 5311 923 5364 hanc
959 5323 1123 5378 usque
1155 5309 1291 5363 diem
1318 5319 1527 5362 etnunc
1551 5309 1710 5362 etiam
1736 5310 2005 5376 praedictio
2036 5310 2087 5362 in
2117 5324 2226 5362 rein

767 5480 874 5547 (35)
900 5478 1065 5531 Aliter
1087 5480 1171 5532 hic
1191 5479 1528 5548 interpungit,
1555 5488 2043 5547 consequenterqne
2069 5483 2234 5534 inter-

695 5560 931 5619 pretatur
956 5549 1127 5619 editor
1147 5549 1365 5615 Anglus.

773 5617 883 5682 (56)
907 5618 1028 5670 Abit
1054 5620 1102 5669 in
1132 5619 1290 5671 alium
1319 5632 1534 5687 prorsus
1566 5632 1780 5669 sensum
1816 5618 2024 5684 Anglica
2052 5634 2113 5670 cx
2141 5618 2234 5687 Sy-

700 5688 845 5738 riaco
900 5688 1264 5752 interpretatio
1301 5704 1313 5738 :
1350 5686 1649 5751 Respectiug
1697 5687 1821 5737 wich
1858 5687 2083 5739 however
2116 5689 2232 5753 they

700 5756 803 5809 had
824 5757 1137 5809 entertained
1166 5757 1292 5809 fe'tr.
1334 5757 1575 5815 (Syriaco
1605 5766 1751 5807 textu
1787 5770 1868 5807 tne
1896 5771 2079 5809 carere
2127 5771 2231 5813 non

2330 4768 2451 4817 ἐστε
2495 4764 2763 4835 μάρτυρες
2806 4764 3029 4826 τούτων,
3060 4760 3151 4813 τοῦ
3173 4759 3397 4813 θανάτου
3428 4758 3625 4829 δηλαδὴ
3654 4759 3747 4811 καὶ
3776 4758 3871 4829 τῆς

2330 4856 2686 4916 ἀναστάσεως.

2400 4944 2603 5015 (55-56)
2632 4953 2697 5013 γ’.
2733 4945 2910 5010 Ἃπαξ
2932 4941 3022 4997 οὖν
3045 4944 3460 5013 ἀποφηναμένου
3477 4943 3584 4995 δεῖν
3600 4940 3871 5013 κηρυχθῆ·

2331 5035 2421 5086 ἐπὶ
2438 5035 2513 5103 τῷ
2535 5036 2751 5105 ὀνόματι
2773 5034 2931 5088 αὑτοῦ
2955 5034 3233 5103 μετάνοιαν
3258 5034 3349 5085 ἐπὶ
3373 5034 3547 5086 πάντα
3573 5032 3640 5085 τὰ
3660 5032 3804 5101 ἔθνη,
3823 5032 3869 5084 εἰ

2329 5144 2414 5178 ναι
2434 5126 2504 5195 μὴ
2519 5123 2741 5196 τοῦργον
2772 5126 3165 5197 ἐπηκολούθηκε
3184 5124 3259 5193 τῷ
3274 5124 3432 5194 λόγῳ,
3458 5123 3588 5195 μηδὲ
3618 5123 3684 5175 τὰ
3698 5123 3794 5190 τῆς
3809 5124 3869 5174 ἐκ

2329 5217 2531 5287 νεκρῶν
2568 5215 2907 5277 ἀναϐιώσεως
2941 5214 3101 5269 αὑτοῦ
3148 5214 3477 5267 πιστευέσθω
3497 5229 3511 5243 ο
3542 5214 3589 5265 εἰ
3622 5211 3679 5264 δὲ
3711 5210 3869 5263 εἰσέτι

2332 5308 2422 5359 καὶ
2452 5306 2555 5359 ’νῦν
2589 5307 2658 5359 τὰ
2701 5307 2797 5376 τῆς
2840 5308 3190 5376 προρρήσεως
3224 5308 3302 5370 εἰς
3342 5305 3498 5375 ἔργον
3541 5304 3727 5373 χωρεῖ,
3755 5301 3782 5354 ὅ
3813 5316 3869 5353 τε

2340 5482 2498 5535 semel
2523 5482 2645 5534 alihi
2686 5481 2839 5551 dixi.)

2408 5551 2616 5617 (ὃὸ-56)
2643 5551 2736 5603 llic
2768 5547 3236 5619 prietermittitura
3263 5548 3441 5619 Niceta
3460 5547 3725 5619 eclogario
3750 5560 3871 5613 pars

2339 5621 2601 5687 aliquanta
2635 5617 2915 5674 Eusebiani
2940 5630 3133 5681 textus,
3161 5634 3278 5686 quae
3298 5618 3485 5686 legitur
3507 5618 3556 5669 in
3584 5617 3870 5687 Anglicana

2338 5686 2586 5756 editione,
2607 5706 2658 5753 p.
2690 5689 2813 5745 22.7.
2846 5688 3083 5759 Theoph.
3119 5703 3193 5755 tv,
3218 5690 3269 5742 9.
3300 5687 3453 5757 Augl.
3485 5704 3536 5755 p.
3567 5686 3693 5741 29.8.
