4106 6408
241 408 347 466 633

1576 401 1665 455 DE
1704 399 2171 455 THEOPIIANIA.

3372 393 3480 452 ϐω

241 520 395 588 λόγος
425 517 592 572 αὑτοῦ
620 518 728 582 ζῶν
757 518 848 570 xa‘t
873 515 1111 588 ἐνεργῶν
1139 515 1259 568 καθ’
1283 513 1408 582 ὅλης
1442 513 1540 581 τῆς
1561 511 1806 580 οἰκουμέ-

1914 513 2278 577 convertitur;
2313 512 2538 582 ejusque
2575 509 2826 573 verbum,
2861 510 3044 563 vivum
3074 517 3130 561 et
3159 506 3341 564 elﬁcax
3383 527 3480 580 per

241 629 339 682 νης
370 611 667 680 ὀφθαλμοῖς
698 610 910 679 ὁρᾶται,
946 607 1064 677 ὥρα
1099 605 1233 676 μηδὲ
1258 603 1333 673 τῷ
1361 603 1452 655 τὸν
1485 602 1641 669 λόγον
1687 617 1812 671 προ-

246 702 419 772 εμένῳ
455 701 720 753 ἀπιστεῖν.
753 690 828 749 Oi)
852 698 959 767 γὰρ
987 695 1258 766 ἠδύναμις
1287 694 1434 756 ζῶσα
1463 693 1558 745 καὶ
1585 691 1812 761 ἐνεργὴς

241 796 454 865 ὁρᾶται,
480 790 670 844 τοῦτον
705 791 916 860 ἀνάγκη
947 790 1095 842 πᾶσα
1119 787 1251 840 πολὺ
1281 787 1541 856 πρότερον
1570 783 1689 852 ζῇν,
1720 780 1811 832 καὶ

245 883 376 936 Θεοῦ
413 882 560 951 ζωὴν
602 881 785 933 τοῦτον
817 879 1053 932 ἐκτελεῖν
1098 878 1230 949 (57).
1270 874 1332 931 οὗ
1361 875 1534 939 ζῶντα
1572 875 1638 927 τὰ
1677 874 1811 943 ἔργα

247 977 509 1046 σύμφωνα
533 976 650 1035 ταῖς
667 975 868 1040 φωναῖς
883 970 1279 1024 ἀποδείκνυται.
1302 969 1484 1020 Πᾶσαν
1499 965 1630 1033 γοῦν
1643 963 1811 1034 ἀκοὴν

245 1064 511 1118 παντοίων
545 1061 712 1114 ἐθνῶν
728 1061 836 1128 (58)
853 1063 902 1113 oi.
918 1059 1078 1113 αὑτοῦ
1093 1059 1238 1127 λόγοι
1259 1057 1469 1126 διῆλθον
1488 1053 1812 1125 μεταὸαλλό-

246 1172 396 1223 μενοι
442 1153 538 1206 καὶ
581 1151 1108 1223 μεθερμηνευῳενοι
1156 1151 1236 1212 είς
1271 1147 1527 1201 παντοίαν
1566 1145 1811 1213 γλῶτταν

256 1244 571 1315 Ἑλληνικήν
610 1261 667 1295 τε
706 1245 799 1295 καὶ
837 1241 1140 1314 βάρϐαρον·
1175 1240 1250 1303 ὡς
1285 1237 1606 1302 ἐξάκουστον
1646 1233 1809 1289 αὑτοῦ

243 1334 337 1404 τὴν
356 1333 701 1387 διδασκαλίαν
724 1335 857 1384 πᾶσι
887 1334 997 1394 τοῖς
1032 1330 1206 1382 ἔθνεσι
1228 1329 1543 1398 γενομένην,
1579 1329 1658 1388 είς
1692 1329 1812 1378 ἑπι-

243 1424 478 1493 στροφὴν
535 1424 626 1474 καὶ
677 1423 964 1491 μετάνοιαν
1015 1421 1252 1488 ἀγαγεῖν,
1285 1420 1451 1489 μυρία
1497 1416 1672 1488 πλήθη
1703 1417 1810 1468 τῶν

244 1513 505 1584 πρότερον
538 1513 595 1564 ὲν
627 1513 868 1580 πλυθέῳ
891 1511 1064 1580 πλάνῃ
1092 1508 1607 1579 καὶεξδωλολατρεία
1642 1508 1744 1576 πλη
1756 1525 1812 1576 μ-

245 1603 416 1671 μελὼς
451 1604 544 1654 καὶ
577 1603 824 1672 ἁσὲμνως
845 1601 1117 1671 βιούντων.
1152 1603 1234 1656 Ού.
1250 1602 1511 1671 πρότερον
1527 1600 1581 1652 δὲ
1600 1601 1808 1666 ἄφεσιν,

241 1691 356 1746 εἶτα
375 1697 677 1763 μετάνοιαν,
691 1694 825 1748 ἀλλὰ
837 1694 1123 1763 μετάνοιαν
1141 1694 1372 1764 πρῶτον,
1388 1691 1498 1744 εἶτα
1514 1693 1608 1762 τὴν
1623 1695 1810 1760 ἄφεσιν

243 1787 528 1854 κηρύττειν
553 1786 1000 1858 παρακελεύεται.
1022 1785 1143 1846 Τοῖς
1164 1784 1272 1854 γὰρ
1288 1785 1526 1854 γνησίοις
1550 1783 1810 1854 πρότερον

243 1873 424 1924 κακῶν
460 1875 747 1942 μετάνοιαν
774 1874 1218 1944 ὲνδειξαμένοιςῆ
1241 1878 1504 1945 σωτήριος
1529 1874 1688 1944 χάρις
1709 1873 1806 1942 τὴν

243 1961 584 2034 συγχώρησιν
630 1966 738 2017 τῶν
789 1965 1186 2036 πεπραγμένων
1238 1966 1578 2036 ἐδωρήσατο·
1619 1966 1686 2017 δι’
1714 1964 1808 2028 οὓς

242 2057 332 2107 καὶ
381 2057 472 2106 τὸν
518 2056 741 2108 θάνατον
774 2057 1077 2120 ἀνεδέξατο,
1114 2055 1305 2125 λύτρον
1349 2055 1538 2108 ἑαυτὸν
1595 2055 1808 2115 ἐπιδοὺς

241 2148 332 2197 καὶ
374 2147 664 2215 ἀντίψυχον
702 2147 807 2200 τῶν
845 2147 1138 2217 μελλόντων
1163 2147 1226 2198 δι’
1252 2145 1414 2198 αὑτοῦ
1448 2144 1805 2213 σωθήσεσθαι.

240 2232 394 2284 Οὕτω
432 2233 566 2302 δῆτα
598 2238 644 2286 oi
672 2235 834 2296 αὐτοῦ
869 2235 1126 2306 μαθηταὶ,
1160 2236 1350 2306 ἄνδρες
1390 2236 1602 2303 ἄπειροι
1638 2234 1808 2301 λόγων

237 2319 388 2386 ὄντες
419 2323 515 2375 καὶ
555 2324 783 2393 πάμπαν
819 2326 1043 2388 ίδιῶται,
1077 2326 1326 2397 ,πένητές
1370 2343 1427 2377 τε
1454 2327 1544 2377 καὶ
1573 2325 1807 2386 εὐτελεῖς

237 2409 298 2461 τὸ
328 2412 514 2480 σχῆμα
535 2412 667 2483 (59),
701 2416 766 2483 τῇ
790 2414 1012 2484 δυνάμει
1038 2415 1130 2467 τοῦ
1161 2415 1298 2483 μετὰ
1328 2414 1553 2465 θάνατον
1575 2413 1808 2483 θεωρου-

227 2497 403 2569 issi/ou
441 2503 537 2555 καὶ
569 2505 823 2573 ἐμφανῶς
867 2506 1050 2568 αὐτοῖς
1095 2506 1546 2574 συναυλιζομὲνου
1579 2505 1808 2576 ὲπιθαρ-

239 2596 521 2665 σήσαντες.
539 2596 644 2649 ams
659 2598 753 2665 τῆς
767 2599 1118 2670 Ἰερουσαλὴμ
1136 2599 1342 2660 πόλεως
1360 2598 1652 2669 ἀρξάμενοι
1668 2595 1809 2650 κατὰ

234 2686 338 2747 τὰς
361 2686 528 2740 αὑτοῦ
563 2689 1011 2759 παρακελεύσεις,
1050 2692 1134 2743 ἵνα
1177 2690 1555 2760 ἀναπολόγητα
1582 2689 1666 2760 εῐη
1698 2691 1808 2751 τοῖς

146 2776 148 2778 ’
248 2777 523 2840 Ἰουδαίοις
544 2781 922 2851 ἀπιστήσασιν,
954 2783 1046 2834 ἐπὶ
1065 2783 1240 2836 πάντα
1269 2781 1538 2854 προῆλθον
1553 2781 1620 2833 τὰ
1653 2779 1805 2850 ἔθνη,

236 2866 330 2918 καὶ
365 2865 435 2918 τὰ
475 2871 916 2939 προστεταγμένα
951 2872 1195 2936 ἐποίουν,
1231 2872 1588 2941 κηρύττοντες
1640 2869 1806 2938 μετά-

231 2974 382 3010 νοιαν
417 2961 530 3021 τοῖς
561 2961 714 3025 πᾶσι,
746 2962 841 3013 καὶ
875 2961 1026 3014 λύσιν
1051 2962 1158 3016 τῶν
1190 2963 1451 3033 πρότερον
1497 2961 1596 3030 τῆς
1632 2959 1809 3031 ψυχῆς

231 3049 504 3119 ἁμπλακη
511 3050 713 3120 μάτων.

305 3313 420 3383 (60)
448 3315 808 3386 Συνηγμένων
837 3317 936 3388 μὲν
1101 3321 1193 3373 ἐπὶ
1221 3319 1281 3373 τὸ
1315 3319 1448 3372 αὐτὸ
1481 3321 1537 3372 ὲν
1563 3321 1675 3382 τοῖς
1715 3319 1811 3371 Ἱε-

234 3406 555 3477 ροσολύμοις
579 3407 687 3461 τῶν
737 3409 1011 3481 ἀρχόντων
1043 3411 1136 3463 τοῦ
1178 3411 1442 3465 Ἰουδαίων
1467 3411 1671 3474 ἔθνους,
1707 3411 1807 3480 ἁρ-

234 3498 468 3566 χιερέων
495 3515 553 3551 τε
597 3499 690 3552 καὶ
740 3501 1227 3572 νομοδιδασκάλων,
1271 3504 1328 3557 ὲν
1366 3503 1515 3572 αὐτῷ
1550 3502 1627 3572 τῷ
1679 3495 1808 3572 ίερῷ

189 3619 195 3624 ~
233 3587 561 3657 ποιούμενος
592 3589 688 3653 τὰς
725 3591 1030 3663 διατριϐάς,
1058 3594 1127 3647 τὰ
1174 3593 1435 3663 μέλλοντα
1461 3595 1643 3656 αὐτοῖς
1686 3596 1806 3646 κατ’

235 3676 402 3729 αὑτοῦ
431 3676 752 3746 τολμᾶσθαι,
769 3681 864 3734 καὶ
893 3680 983 3734 τὸν
1011 3683 1102 3734 ἐπὶ
1122 3685 1186 3752 τῇ
1218 3683 1392 3755 τόλμῃ
1424 3682 1805 3753 καταληψόμε-

235 3782 326 3819 νον
351 3769 548 3831 αὐτοὺς
564 3768 779 3842 ὄλεθρον
813 3773 1257 3843 ὲπεσκιασμένως
1276 3775 1461 3827 τοῦτον
1485 3775 1578 3828 τὸν
1608 3775 1808 3845 τρόπον

231 3857 321 3911 διὰ
348 3859 450 3927 τῆς
496 3860 808 3932 παραϐολῆς
858 3865 1263 3935 προηγόρευσεν
1288 3883 1300 3894 ·
1335 3867 1669 3933 Ἄνθρωπός
1715 3883 1806 3932 τις

233 3944 315 4019 ἦν
359 3951 810 4021 οίκοδεσπότης,
864 3953 1035 4020 ὅστις
1091 3956 1425 4024 ἐφύτευσεν
1459 3955 1802 4025 ἀμπελῶνα,

234 4039 334 4094 καί
356 4041 627 4110 φραγμὸν
646 4043 805 4108 αὐτῷ
827 4045 1155 4113 περιέθηκε,
1184 4046 1283 4100 καί
1304 4045 1533 4115 ὤρυξεν
1555 4049 1625 4101 ἑν
1646 4048 1806 4113 αὐτῷ

231 4131 450 4199 ληνὸν,
481 4131 581 4185 καί
618 4132 966 4203 ᾠκοδόμησε
1009 4139 1259 4206 πύργον,
1306 4140 1406 4192 καί
1431 4140 1674 4204 ἐξέδοτο
1700 4145 1807 4196 αύ-

233 4223 341 4275 τόν
366 4225 664 4292 γεωργοῖς,
694 4230 792 4280 καί
814 4228 1220 4298 ἀπεδήμησεν.
1259 4231 1390 4284 Ὅτε
1435 4231 1503 4285 δὲ
1552 4233 1806 4303 ἤγγισεν

234 4317 268 4366 ό
299 4314 505 4382 καιρὸς
551 4314 680 4369 τῶν*
704 4318 964 4385 καρπῶν,
999 4322 1320 4376 ἀπέστειλε
1361 4323 1502 4389 τοὺς
1544 4324 1805 4392 δούλους

232 4408 420 4461 αὐτοῦ
453 4409 602 4476 πρὸς
623 4411 764 4474 τοὺς
790 4415 1084 4481 τεαῳγοὺς
1127 4416 1334 4469 λαϐεῖν
1362 4419 1504 4483 τοὺς
1534 4421 1801 4488 καρποὺς

1914 601 2220 663 universum
2253 602 2438 656 orbem
2471 599 2862 668 conspicimus,
2886 601 3130 665 sequitur
3151 610 3208 653 ut
3232 615 3298 654 ne
3332 605 3478 658 verbi

1911 691 2129 758 quidem
2185 693 2390 746 auctori
2441 692 2603 744 ﬁdem
2641 693 2979 760 derogemus.
3035 689 3168 746 Nam
3199 694 3351 764 cujus
3399 698 3481 749 vis

1913 781 2098 836 vivens
2147 791 2203 834 et
2250 781 2496 835 cll'ectrix
2547 779 2816 843 cernitur,
2854 779 2996 833 hunc
3045 795 3268 835 necesse
3304 793 3389 836 est
3426 795 3483 837 et

1912 872 2080 926 multo
2115 873 2295 939 potius
2323 872 2526 933 vivere,
2577 878 2631 924 et
2669 869 2760 923 Dei
2795 871 2961 923 vitam
3016 869 3158 925 hunc
3201 882 3476 940 prmstare,

1912 962 2065 1030 cuius
2095 965 2213 1016 viva
2251 978 2412 1031 opera
2459 963 2642 1016 verbis
2673 964 3030 1016 consonantia
3088 974 3477 1020 monstrantur.

1911 1054 1991 1105 Ad
2025 1053 2265 1104 omnium
2299 1051 2478 1118 itaque
2511 1050 2906 1119 quantumlibet
2939 1052 3209 1104 variarum
3238 1053 3481 1122 gentium

1911 1142 2152 1195 auditum
2222 1155 2500 1194 sermones
2551 1140 2667 1208 ejus
2704 1141 3057 1204 devenerunt,
3119 1142 3363 1195 translati
3428 1145 3480 1195 in

1913 1233 2206 1302 quamlibet
2257 1234 2489 1301 linguam
2543 1242 2706 1298 atque
2733 1231 3026 1298 explanati,
3067 1233 3181 1286 sive
3208 1231 3478 1296 Grrecam,

1913 1329 2026 1379 sive
2078 1326 2455 1378 barbaricam:
2493 1333 2550 1376 ut
2586 1338 2778 1392 nempe
2821 1324 3062 1378 doctrina
3112 1325 3228 1394 ejus
3271 1327 3483 1379 cunctis

1914 1401 2124 1485 potntlis
2172 1416 2556 1477 innotesceret,
2587 1428 2694 1480 quo
2727 1401 3173 1468 cont'erleietttttr
3220 1431 3281 1468 ac
3342 1417 3482 1469 resi-

1912 1506 2180 1570 piscerent
2216 1503 2509 1553 innumerae
2545 1502 2936 1564 multitudines,
2966 1519 3084 1570 qua:
3108 1515 3265 1557 antea
3299 1505 3350 1556 in
3389 1521 3482 1572 po-

1913 1596 2181 1666 lytlteismi
2214 1610 2401 1648 errore
2443 1604 2497 1647 et
2535 1594 2798 1648 idolorum
2833 1595 2978 1648 cultu
3019 1597 3184 1664 impie
3230 1607 3489 1666 turpiter-

1911 1704 2015 1758 que
2080 1689 2351 1741 vivebant.
2422 1687 2608 1756 Neque
2663 1698 2820 1741 antea
2873 1689 3007 1741 dixit
3081 1691 3492 1758 remissionem,

1910 1790 2094 1849 postea
2124 1778 2520 1848 penitentiam,
2571 1777 2665 1832 sed
2697 1779 3072 1856 paenitentiam
3134 1781 3313 1849 primo
3344 1784 3492 1851 loco,

1912 1871 2103 1923 deinde
2132 1870 2506 1924 remissionem
2541 1857 3036 1938 prazdicarejussit.
3071 1870 3202 1924 Nam
3240 1873 3496 1932 ﬁdelibus

1909 1963 2000 2029 qui
2031 1970 2186 2014 antea
2213 1970 2558 2028 peccatorum
2595 1961 2968 2029 pmnitentiam
3012 1978 3121 2031 pra:
3149 1977 3207 2017 se
3239 1965 3485 2032 tulerint,

1911 2053 2216 2105 Servatoris
2249 2053 2419 2121 gratia
2461 2053 2672 2105 veniam
2719 2055 3114 2122 praeteritorum
3157 2056 3338 2110 donat.
3392 2058 3485 2110 Et-

1907 2141 2048 2191 enim
2104 2149 2324 2207 propter
2369 2139 2486 2192 illos
2519 2150 2746 2194 mortem
2787 2143 2902 2210 ipse
2952 2145 3187 2210 excepit,
3248 2147 3483 2212 pretium

1909 2239 2076 2283 semet
2122 2231 2407 2284 conferens
2456 2232 2526 2285 ob
2560 2233 2862 2286 animarum
2907 2235 3330 2304 redemptionem
3363 2253 3485 2306 qua:

1907 2320 2176 2373 salvanda:
2224 2331 2369 2374 sunt.
2424 2320 2514 2375 Sic
2552 2321 2765 2376 demum
2795 2323 2911 2392 ejus
2933 2323 3203 2394 discipuli,
3236 2325 3484 2382 homines

1910 2410 2210 2482 linguarum
2246 2413 2418 2482 ignari
2460 2425 2514 2469 et
2545 2416 2767 2470 omnino
2808 2416 3006 2480 idiota,
3058 2432 3323 2487 pauperes
3363 2419 3485 2472 vili-

1909 2518 2012 2571 que
2045 2506 2244 2573 specie,
2270 2506 2456 2559 virtuti
2490 2507 2632 2561 illius
2661 2523 2821 2576 quem
2858 2518 2976 2577 post
3010 2522 3235 2563 mortem
3266 2520 3480 2578 specta-

1909 2605 2115 2656 verant,
2143 2597 2342 2662 quique
2371 2593 2654 2649 manifeste
2683 2610 2804 2647 cum
2833 2595 2964 2664 ipsis
2985 2595 3482 2650 conversatus.l‘ne-

1909 2696 2012 2752 rat,
2039 2688 2392 2747 confidentes.
2434 2697 2592 2757 capto
2625 2687 2721 2741 abs
2761 2687 3148 2757 Hierosolymis
3183 2689 3359 2750 initio,
3396 2697 3484 2743 se-

1909 2781 2140 2834 cundum
2171 2781 2532 2848 ipsiusiussa,
2577 2788 2633 2834 ut
2684 2778 2797 2846 jam
2829 2780 3086 2849 deinceps
3131 2780 3483 2834 excusatione

1909 2883 2159 2926 carerent
2190 2872 2357 2926 Judaei
2394 2873 2679 2937 increduli,
2719 2876 2798 2927 -ad
2825 2882 3053 2926 cunctas
3100 2883 3289 2941 gentes
3317 2861 3480 2927 deve-

1909 2973 2123 3027 nerunt,
2179 2975 2233 3017 et
2289 2964 2543 3017 mandata
2598 2965 2699 3019 sibi
2761 2964 3078 3030 eﬂ‘ecerunt,
3129 2965 3483 3028 praedicantes

1907 3058 2154 3112 omnibus
2182 3059 2571 3127 ptenitentiam,
2603 3071 2656 3115 et
2689 3061 2930 3125 priorum
2967 3060 3160 3114 animae
3192 3059 3479 3114 criminum

1909 3149 2320 3203 absolutionem.

2651 3241 2740 3295 Vl.

1985 3331 2120 3387 Cum
2156 3341 2342 3387 essent
2378 3333 2546 3401 igitur
2573 3331 2961 3402 Hierosolymis
2992 3333 3302 3400 congregati
3348 3345 3481 3401 geu—

1914 3424 1982 3479 tis
2006 3423 2244 3478 Judaica:
2275 3425 2572 3493 principes,
2613 3423 2897 3493 pontiﬁces
2929 3440 2992 3479 ac
3023 3425 3158 3494 legis
3204 3424 3480 3492 doctores,

1912 3519 2193 3573 diversans
2235 3521 2288 3574 in
2327 3520 2527 3589 templo
2580 3520 2836 3576 Christus
2887 3520 3065 3575 scelus
3115 3521 3167 3573 in
3207 3535 3269 3575 se
3313 3521 3480 3574 abiis

1909 3604 2256 3674 patrandum,
2283 3617 2339 3661 et
2367 3617 2779 3662 consecuturam
2807 3608 2984 3662 scelu's
3015 3623 3323 3677 supremam
3360 3624 3478 3678 pm-

1911 3710 2056 3760 nam,
2106 3713 2303 3753 arcano
2343 3700 2423 3754 sic
2453 3714 2548 3767 per
2577 3701 2884 3768 parabolam
2925 3701 3252 3756 vaticinatus
3285 3711 3364 3756 est
3393 3703 3474 3756 ’δε

1913 3787 2083 3842 Homo
2134 3799 2248 3843 erat
2281 3790 2692 3858 paterfamilias,
2724 3793 2814 3857 qui
2857 3792 3112 3860 plantavit
3155 3791 3377 3858 vineam,
3425 3802 3473 3846 et

1911 3898 2080 3946 sepem
2109 3883 2458 3936 circumdedit
2486 3882 2559 3947 ei,
2590 3893 2636 3935 et
2660 3882 2794 3948 {odit
2828 3884 2882 3936 in
2907 3899 2969 3936 ea
2993 3882 3248 3947 torcular,
3285 3894 3332 3937 et
3359 3885 3461 3937 aedi

1911 3973 2088 4038 ﬁcavit
2113 3974 2322 4040 turrim,
2346 3983 2392 4026 et
2426 3973 2649 4026 tradidit
2698 3989 2815 4026 eam
2859 3971 3128 4041 agricolis,
3173 3981 3224 4026 et
3269 3990 3479 4044 peregre

1909 4065 2172 4131 profectus
2225 4073 2320 4118 est.
2365 4062 2498 4118 Cum
2540 4073 2712 4118 autem
2757 4075 2955 4132 tempus
2987 4063 3256 4132 fructuum
3287 4080 3479 4130 appro-

1908 4157 2230 4223 pinquasset,
2254 4158 2395 4210 misit
2434 4173 2607 4211 servos
2633 4174 2754 4211 suos
2779 4159 2849 4210 ad
2880 4155 3144 4227 agricolas
3177 4167 3231 4209 ut
3252 4157 3476 4223 accipe—

1909 4256 2024 4299 rent
2081 4247 2285 4314 [ructus
2321 4247 2457 4316 ejus.
2509 4245 2578 4302 Et
2634 4249 2880 4318 agricolae
2927 4249 3261 4315 apprehensis
3313 4249 3484 4303 servis

1907 4339 2041 4404 ejus,
2094 4338 2255 4391 alium
2294 4342 2654 4406 pulsaverunt,
2713 4341 2877 4394 alium
2944 4343 3264 4405 occiderunt,
3309 4341 3476 4395 alium

1907 4446 2022 4481 vero
2063 4431 2449 4495 lapidaverunt.
2486 4431 2685 4485 Iterum
2724 4434 2870 4486 misit
2912 4432 3046 4486 alios
3090 4449 3261 4486 servos
3295 4433 3480 4501 plures

231 4498 440 4552 αὐτοῦ.
499 4500 607 4553 Καὶ
654 4504 942 4570 λαϐόντες
991 4510 1043 4559 oi
1090 4510 1333 4575 rewpr
1369 4510 1509 4574 τοὺς
1544 4510 1803 4578 δούλους

1909 4523 2193 4586 prioribus,
2222 4533 2270 4574 et
2301 4525 2538 4590 fecerunt
2567 4526 2692 4591 ipsis
2725 4524 2991 4579 similiter.
3032 4521 3331 4578 Novissime
3367 4541 3470 4578 au-

229 4589 440 4651 αὐτοῦ,
471 4590 545 4648 ὃν
562 4592 678 4659 μὲν
706 4594 960 4662 ἔδειραν,
986 4596 1058 4649 ὃν
1105 4598 1172 4650 δὲ
1223 4599 1599 4665 ἀπέκτειναν,
1631 4604 1702 4657 ὃν
1732 4605 1800 4658 δὲ

227 4682 685 4748 ἐλιθοϐόλησαν.
707 4684 898 4739 Πάλιν
911 4687 1267 4743 ἀπέστειλεν
1295 4691 1522 4758 ἄλλους
1540 4693 1799 4760 δούλους

231 4771 520 4835 πλείονας
565 4770 681 4824 τῶν
733 4773 997 4840 πρώτων,
1063 4777 1162 4829 καί
1230 4778 1526 4845 ἐποίησαν
1595 4783 1800 4850 αὐτοῖς

229 4859 530 4924 ὡσαύτως.
570 4863 848 4930 Ὕστερον
898 4863 966 4917 δέ
1008 4865 1326 4920 ἀπέστειλε
1375 4869 1524 4936 πρὸς
1577 4875 1799 4940 αὐτοὺς

228 4947 336 5000 τὸν
382 4951 516 5003 υἱὸν
570 4954 775 5018 αὐτοῦ,
829 4959 1022 5024 λέγων
1042 4973 1056 4987 ⁶
1117 4959 1628 5027 Ἐντραπήσονται
1692 4971 1799 5018 τὸν

227 5041 363 5093 υἱόν
389 5059 529 5110 μου.
565 5047 630 5097 Ol
655 5045 722 5098 δὲ
748 5049 1012 5118 γεωργοί,
1043 5049 1273 5117 ίδόντες
1312 5053 1419 5107 τὸν
1450 5055 1604 5120 υίὸν,
1628 5055 1800 5112 εἶπον

230 5130 300 5182 ἐν
332 5132 597 5198 ἑαυτοῖς·
649 5130 836 5203 οὗτός
881 5139 1052 5194 ἐστιν
1089 5145 1122 5196 ὀ
1167 5147 1568 5214 κληρονόμῳ
1606 5149 1797 5215 δεῦτε,

223 5222 666 5293 ἀποκτείνωμεν
691 5227 896 5294 αὑτὸν,
916 5230 1016 5283 καί
1042 5231 1432 5303 κατάσχωμεν
1451 5237 1566 5306 τὴν
1585 5243 1803 5309 κληρο-

295 5359 344 5392 ﬂ
373 5357 562 5413 Matth.
593 5375 705 5424 ut,
735 5361 806 5416 35
830 5376 956 5433 seq.

1905 4623 2005 4665 tem
2038 4615 2179 4666 misit
2210 4617 2278 4667 ad
2308 4630 2394 4668 eos
2427 4616 2596 4683 ﬁlium
2626 4632 2802 4680 suum,
2831 4616 3010 4669 dicens
3032 4631 3051 4668 :
3078 4613 3470 4670 Reverebuntur

1906 4705 2075 4772 [ilium
2105 4723 2293 4759 meum.
2316 4707 2577 4777 Agricola:
2619 4717 2789 4762 autem
2821 4708 3049 4762 ridentes
3085 4707 3276 4776 filium,
3322 4707 3472 4759 diate-

1906 4781 2024 4846 runt
2086 4797 2225 4847 intra
2271 4812 2325 4849 se
2370 4812 2389 4849 :
2429 4795 2528 4849 Hic
2581 4807 2657 4850 est
2712 4799 2898 4862 hares,
2935 4798 3117 4860 venite,
3167 4798 3478 4850 occidamus

1903 4901 2044 4951 eum,
2093 4897 2139 4939 et
2187 4904 2495 4954 occupemus
2530 4890 2885 4944 hereditatem
2921 4889 3054 4958 ejus.
3092 4887 3160 4940 Et
3187 4889 3472 4956 apprehen-

1903 4993 2019 5030 sum
2059 4995 2175 5032 eum
2211 4980 2472 5048 ejecerunt
2499 4995 2646 5035 extra
2668 4983 2888 5047 vineam,
2918 4991 2965 5034 et
2995 4982 3315 5034 occiderunt.
3338 4979 3470 5032 Cum

1905 5084 2027 5135 ergo
2079 5073 2273 5124 venerit
2317 5075 2562 5126 dominus
2615 5074 2794 5137 vineas,
2843 5073 2970 5140 quid
3019 5072 3173 5141 faciet
3221 5071 3468 5140 agricolis

1905 5159 2014 5212 illis
2034 5161 2059 5212 .’
2088 5160 2246 5213 Aiunt
2280 5164 2369 5216 ei:
2400 5162 2569 5216 Malos
2602 5164 2739 5217 male
2782 5165 2981 5231 perdet,
3006 5174 3054 5217 et
3080 5164 3276 5216 rineam
3319 5176 3467 5214 suam

1910 5251 2080 5303 tradet
2128 5253 2250 5305 aliis
2282 5255 2552 5324 agricolis,
2592 5256 2681 5322 qui
2716 5256 2930 5308 reddent
2973 5255 3020 5307 ei
3070 5255 3297 5321 fructum
3338 5261 3467 5302 tem—

1022 5482 1196 5569 ειρρεξ
1219 5485 1374 5569 ῑζίιαηι
1404 5488 1587 5569 vigere.
1706 5505 1790 5569 est
1893 5498 2099 5566 Anglus
2131 5518 2144 5554 :
2178 5501 2340 5555 These
2367 5500 2448 5553 his
2487 5500 2655 5553 words
2691 5501 2810 5552 then
2830 5501 2979 5569 being
3012 5501 3204 5554 varied.

217 5559 400 5618 parem
435 5545 629 5618 divina:
656 5549 811 5600 vitam
841 5551 1044 5618 degere.
1073 5552 1344 5607 Christum
1369 5545 1595 5612 scilicet.
1624 5545 1788 5614 Paulo

1967 5569 2080 5640 (59)
2114 5570 2562 5642 Atnbiguusmibi
2592 5581 2676 5623 est
2705 5570 3044 5642 aliquantum
3087 5586 3151 5623 ex
3185 5569 3322 5642 Syro
3349 5570 3463 5625 An-

961 5624 1064 5673 and
1107 5623 1219 5673 that
1261 5625 1323 5677 he
1367 5627 1513 5696 bring
1547 5639 1598 5682 to
1637 5613 1787 5699 e/fect
1895 5613 2676 5708 gltis

217 5682 323 5752 the
343 5681 508 5752 living
538 5683 707 5751 things
732 5688 791 5752 of
808 5685 942 5740 God.

285 5750 401 5822 (58)
430 5750 544 5805 Non
573 5750 779 5809 videtur
801 5756 993 5826 legisse
1022 5757 1192 5825 Syrus
1216 5775 1328 5817 voc.
1347 5763 1535 5830 ἐθνων,
1559 5771 1790 5830 ideoque

1967 5706 2084 5779 (ου)
2120 5711 2182 5765 Α.
2219 5706 2255 5766 t'.
2283 5706 2407 5763 eos.
2440 5706 2497 5764 n.‘
2525 5709 2648 5777 Syr.
2690 5707 2776 5773 tv,
2799 5707 2881 5763 ta.
