4106 6420
274 421 381 479 637

1609 418 1698 471 DE
1740 417 2204 474 THEOPHANIA.

3419 411 3524 469 638

279 539 443 593 Δαεὶδ
469 539 710 615 γέγονεν,
729 541 815 589 ὅτε
851 538 1028 606 ἔκρινε
1060 535 1157 605 τὴν
1183 534 1496 607 παραϐολὴν
1527 537 1620 589 τοῦ
1647 537 1850 590 Νάθαν.

1960 538 2226 593 Nathanis
2252 536 2510 609 parabola
2537 536 2804 604 judicium
2834 534 2978 588 tulit.
3023 533 3411 587 Verumtamen
3446 529 3524 584 Illi

292 628 511 699 Ἐπειδὴ
543 629 599 681 δέ
637 627 861 696 ᾔσθοντο
895 625 1000 679 τῶν
1056 624 1385 696 εἰρημένων,
1421 625 1541 678 τότε
1580 622 1730 677 εἷπον
1777 627 1851 697 μὴ

281 721 508 786 γένοιτο.
546 717 714 770 Τοῦτο
742 717 919 785 μέντοι
965 717 1064 788 ἢδη
1092 717 1270 787 τρίτον
1302 715 1450 785 παρὰ
1478 715 1740 785 Ματθαίῳ
1767 716 1854 768 διὰ

280 808 447 879 τριῶν
466 806 788 878 παραϐολῶν
799 807 892 860 τοῦ
910 808 1228 877 ἀμπελῶνος
1252 807 1654 877 ἐμνημόνευσεν
1671 823 1685 836 ·
1718 807 1854 860 ἀλλά

281 899 369 952 διὰ
418 900 516 968 μὲν
546 899 644 967 τῆς
671 898 892 969 πρώτης
919 900 1207 969 διαφόρους
1255 898 1478 968 κλήσεις
1520 897 1708 967 ἐδήλου
1746 897 1852 950 τῶν

282 993 373 1043 ἐπὶ
399 991 499 1060 τὴν
543 991 799 1060 ἐργασίαν
835 991 928 1044 τοῦ
967 990 1284 1061 ἀμπελῶνος
1337 989 1709 1060 παρελθόντων
1730 1006 1742 1019 ·
1772 983 1853 1052 οἷς

287 1085 449 1136 πᾶσιν
479 1081 542 1146 ἐξ
570 1083 684 1135 ῖσου
725 1083 914 1154 μισθὸν
964 1083 1195 1136 ἐνεδίδου
1234 1084 1295 1135 τὸ
1321 1084 1574 1154 δηνάριον
1599 1101 1612 1112 ⁸
1663 1082 1751 1136 διὰ
1797 1082 1854 1134 δὲ

283 1176 383 1245 τῆς
426 1175 707 1246 δευτέρας,
753 1176 846 1228 δύο
897 1175 1026 1228 υἱῶν
1074 1175 1266 1244 κλῆσιν
1299 1175 1566 1246 ᾐνίττετο·
1613 1174 1707 1227 τοῦ
1754 1175 1853 1243 μὲν

280 1265 616 1335 ἀρνουμένου
638 1264 706 1317 τὰ
745 1264 956 1335 πρῶτα,
979 1264 1070 1316 ἐπὶ
1105 1264 1246 1317 τέλει
1278 1264 1336 1318 δὲ
1381 1267 1478 1336 τὴν
1503 1265 1745 1334 ὑπακοὴν
1770 1267 1854 1315 ἐν-

277 1356 650 1424 δεικνυμένου,
677 1357 768 1409 καὶ
786 1358 868 1418 εἰς
899 1356 989 1408 τὸν
1015 1356 1311 1425 ἀμπελῶνα
1340 1355 1724 1427 ἐργαζομένου·
1756 1355 1850 1408 τοῦ

274 1446 334 1499 δέ
365 1449 432 1516 τῇ
467 1445 684 1516 ἐναντία
729 1446 1068 1514 κεχρημένου
1117 1446 1471 1518 προαιρέσει·
1531 1446 1617 1498 διὰ
1651 1447 1708 1497 δὲ
1755 1447 1852 1514 τῆς

281 1535 562 1606 παρούσης
595 1535 913 1606 παραϐολῆς
945 1537 1233 1606 μετάθεσιν
1263 1537 1500 1605 παντελῆ
1539 1537 1632 1589 τοῦ
1676 1537 1852 1606 ἀμπε-

277 1627 446 1690 λῶνος
482 1628 511 1680 ὸ
542 1626 696 1695 λόγος
732 1626 972 1679 διδάσκει
1016 1628 1124 1682 ἀπὸ
1158 1619 1436 1699 προτέρων
1470 1626 1732 1696 γεωργῶν
1761 1629 1852 1679 ἐπὶ

272 1716 593 1786 δευτέρους·
631 1717 722 1770 καὶ
749 1718 848 1788 τὴν
883 1721 1060 1771 αἰτίαν
1099 1719 1465 1789 σημαίνειτῆς
1491 1719 1849 1789 μεταθέσεως.

278 1806 460 1877 Κάμοὶ
485 1807 635 1860 δοκεῖ
667 1809 1075 1878 μετατεθεῖσθαι
1103 1810 1201 1879 μὲν
1248 1810 1359 1863 ἀπὸ
1388 1808 1482 1861 τοῦ
1523 1810 1854 1878 ἐπαγγειλα-

280 1896 442 1964 μένου
477 1898 575 1966 μὲν
601 1897 934 1966 ἐργάσασθαι
969 1899 1106 1960 υίοῦ,
1145 1899 1218 1970 μὴ
1257 1901 1360 1971 μὴν
1386 1901 1546 1972 ἔργον
1570 1901 1850 1965 ἐπιθέντος

275 1985 352 2055 τῷ
373 1987 516 2057 λόγῳ
539 2005 554 2018 ·
599 1989 842 2042 δεδόσθαι
876 1989 933 2040 δὲ
979 1989 1058 2060 τῷ
1091 1992 1454 2062 ἀρνησαμένῳ
1484 1995 1601 2044 κατ’
1652 1993 1846 2062 ἀρχὰς,

277 2079 422 2149 ἔργῳ
449 2079 504 2132 δέ
532 2081 623 2132 ἐπὶ
651 2080 791 2133 τέλει
818 2081 881 2132 τὸ
919 2081 1164 2145 εὐπειθὲς
1192 2084 1567 2154 ἐνδειξαμένῳ.

346 2245 683 2317 Σαφέστερος
707 2247 833 2301 δ’ἃν
859 2251 942 2319 εἴη
966 2251 994 2302 ό
1017 2249 1194 2318 λόγος,
1227 2253 1275 2304 εί
1325 2251 1386 2304 τὸ
1412 2253 1660 2317 θεοσεϐὲς
1705 2254 1844 2306 mli-

276 2354 453 2407 τευμα
492 2338 554 2389 τὸ
592 2337 690 2406 τῆς
729 2338 867 2391 Θεοῦ
904 2339 1178 2408 βασιλείας
1209 2344 1407 2395 οἰκεῖον
1437 2345 1528 2397 τὸν
1557 2345 1854 2415 ἀμπελῶνα

279 2425 416 2483 εἶναι
443 2421 793 2500 ἐκλάδόιμεν·
829 2432 1129 2502 προτέρους
1159 2433 1214 2486 δὲ
1251 2435 1415 2487 αὑτοῦ
1444 2438 1718 2507 γεωργοὺς
1754 2437 1852 2489 οὐκ

275 2520 453 2590 ὀρθῶς
481 2521 855 2593 κεχρημένους
884 2525 950 2593 τῇ
976 2524 1228 2597 ἐργασίᾳ,
1260 2527 1388 2589 τοὺς
1413 2528 1674 2598 πρότερον
1703 2529 1852 2600 παρά

289 2612 563 2674 Ἰουδαίοις
591 2614 689 2682 τῆς
723 2614 874 2677 θείας
927 2614 1180 2683 γνώσεως
1222 2617 1680 2688 κατηξιωμένους,
1726 2622 1852 2685 τοὺς

279 2704 477 2766 αὐτοὺς
505 2703 662 2766 ὄντας
707 2705 787 2756 ἐνὶ
831 2704 939 2758 τῶν
975 2705 1104 2758 υἱῶν
1136 2707 1214 2777 τῷ
1243 2707 1680 2780 διαϐεϐλημένῳ·
1728 2710 1850 2764 δευ-

275 2795 468 2864 τέρους
511 2795 567 2848 δέ
603 2798 901 2867 γεωργοὺς,
931 2799 1058 2861 τοὺς
1109 2800 1200 2852 τὸν
1255 2801 1599 2873 ὀφειλόμενον
1641 2807 1852 2877 καρπὸν

279 2884 420 2938 κατά
453 2887 642 2956 καιρὸν
666 2887 1036 2951 ἀποδιδόντας,
1064 2890 1189 2952 τοὺς
1230 2889 1290 2954 ἐξ
1314 2891 1478 2944 ἐθνῶν
1501 2894 1586 2947 διὰ
1618 2895 1852 2963 Χριστοῦ

277 2977 376 3045 τὴν
409 2974 502 3028 τοῦ
530 2975 664 3028 Θεοῦ
691 2976 894 3043 γνῶσιν
920 2977 1292 3048 ἀνειληφότας,
1325 2983 1449 3044 τοὺς
1475 2985 1670 3044 αὐτοὺς
1695 2985 1854 3048 ὄντας

277 3064 354 3134 τῷ
378 3065 477 3134 υἱῷ
501 3066 578 3135 τῷ
602 3068 666 3118 τὸ
693 3066 946 3130 εὐπειθὲς
971 3069 1064 3121 καὶ
1082 3070 1318 3140 ὑπήκοον
1347 3073 1423 3142 τῷ
1452 3076 1618 3145 πατρὶ
1666 3077 1852 3147 ἔργοις

277 3157 716 3228 ἐπιδεδειγμένῳ.
744 3159 820 3210 Τὸ
848 3158 903 3211 δὲ
929 3159 1102 3213 αἴτιον
1128 3161 1220 3214 τοῦ
1252 3163 1516 3235 ληφθῆναι
1554 3169 1683 3238 παρ’
1708 3171 1852 3222 ἐκεί-

281 3266 386 3302 νων
417 3248 507 3301 τὸν
551 3249 869 3316 ἀμπελῶνα,
923 3253 1044 3304 ἐπεὶ
1088 3253 1160 3323 μὴ
1207 3253 1423 3324 εἴρηται
1471 3256 1560 3308 διὰ
1603 3259 1704 3328 τῆς
1740 3260 1850 3314 τῶν

280 3338 411 3394 υίῶν
433 3340 766 3410 παραδολῆς,
787 3343 1096 3409 ἀναγκαίως
1117 3343 1204 3396 διὰ
1224 3346 1321 3415 τῆς
1354 3349 1491 3415 μετὰ
1512 3352 1699 3420 χεῖρας
1717 3370 1857 3425 παρ-

286 3431 486 3500 ίστησι.
539 3431 708 3484 Τοῦτο
739 3432 784 3484 δ’
819 3429 886 3502 ἦν
912 3434 969 3486 τὸ
1007 3435 1080 3505 μὴ
1128 3437 1267 3488 κατὰ
1305 3438 1396 3489 τὸν
1436 3440 1623 3493 δέοντα
1667 3446 1856 3514 καιρὸν

275 3522 571 3575 ἀποδοῦναι
621 3524 747 3586 τοὺς
802 3528 1046 3594 καρποὺς
1097 3527 1172 3596 τῷ
1219 3530 1600 3601 οἰκοδεσπότῃ·
1644 3536 1736 3587 καὶ
1791 3538 1855 3589 οὐ

280 3615 438 3666 τοῦτο
465 3617 644 3683 μόνον,
677 3611 938 3669 ἀλλέίκαὶ
965 3617 1024 3668 τὸ
1050 3618 1433 3675 ἐπιϐουλεῦσαι
1452 3627 1564 3687 τοῖς
1595 3627 1858 3679 ἀπεσταλ-

287 3707 466 3775 μένοις
494 3707 586 3759 ἐπὶ
620 3707 777 3777 λήψει
807 3709 912 3760 τῶν
937 3710 1158 3780 καρπῶν
1195 3712 1431 3775 δούλοις·
1465 3716 1559 3767 καὶ
1591 3718 1650 3768 οὐ
1697 3717 1857 3771 τοῦτο

286 3799 468 3867 μόνον,
504 3799 642 3852 ἀλλὰ
670 3801 763 3851 καὶ
802 3801 863 3852 τὸ
890 3801 989 3870 υἱῷ
1017 3805 1201 3872 χεῖρας
1234 3805 1509 3859 ἐπιϐαλεῖν
1552 3807 1851 3877 τολμῆσαι·

281 3893 341 3944 ὃν
370 3892 700 3960 ἐπιγνόντες,
735 3893 830 3944 καὶ
875 3893 1036 3944 αὑτὸν
1074 3890 1209 3946 εἶναι
1239 3896 1328 3947 τὸν
1357 3897 1470 3949 υἱὸν
1511 3898 1606 3950 τοῦ
1653 3900 1856 3952 οἰκοδε-

285 3983 484 4036 σπότου
518 3983 966 4053 ὁμολογήσαντες,
993 3987 1141 4052 ὅμως
1170 3987 1399 4049 ἀνεῖλον,
1444 3989 1632 4042 ἀσεϐεῖ
1652 3995 1856 4060 χρησά-

290 4094 438 4146 μενοι
465 4075 730 4146 λογισμῷ.
764 4078 884 4130 Τῶν
915 4079 970 4130 δέ
992 4079 1156 4148 τριῶν
1190 4080 1512 4148 παραϐολῶν
1544 4080 1636 4134 τοῦ
1680 4083 1858 4150 ἀμπε-

287 4167 475 4230 λῶνος,
499 4169 599 4236 τὴν
631 4169 726 4237 μὲν
779 4168 1000 4238 πρώτην
1041 4173 1150 4232 τοῖς
1189 4172 1354 4224 αὐτοῦ
1387 4173 1656 4243 μαθηταῖς
1683 4175 1856 4245 παρέ-

288 4260 433 4322 θετο,
457 4261 514 4312 ἐν
527 4261 592 4330 τῇ
616 4259 874 4330 Γαλιλαία
891 4263 985 4313 σὺν
1010 4264 1191 4325 αὐτοῖς
1215 4264 1534 4333 ποιούμενος
1555 4265 1854 4336 διατριϐάς·

278 4351 474 4422 διόπερ
502 4353 703 4414 πάντας
733 4351 1050 4422 ἀνθρώπους
1091 4355 1326 4424 ἐργάτας
1358 4358 1544 4426 εἰσῆγε
1587 4357 1861 4426 διαφόροις

283 4441 454 4512 ὥραις
498 4443 894 4513 κεκλημένους·
950 4445 1322 4509 ὑπακούοντας
1370 4465 1428 4499 τε
1466 4449 1596 4511 τοὺς
1627 4450 1856 4512 πάντας,

1954 644 2014 683 re
2041 630 2254 683 demum
2305 627 2593 689 intellecta,
2639 626 2993 680 infortunium
3053 640 3084 678 a
3130 637 3189 678 se
3250 620 3524 691 deprecati

1954 730 2100 774 sunt.
2136 719 2308 774 Porro
2332 720 2470 789 apud
2505 717 2818 772 Matthzeuru
2854 715 3029 770 tribus
3061 717 3128 768 de
3160 714 3317 768 vinea
3367 724 3529 779 para-

1953 812 2093 866 bolis
2146 813 2222 865 rei
2272 812 2433 878 hujus
2481 810 2689 865 mentio
2722 809 2816 861 iit:
2847 821 3159 876 quanquam
3200 805 3375 875 prima
3403 803 3527 872 qui-

1955 903 2074 957 dem
2105 902 2150 933 ”
2188 903 2349 955 variae
2377 901 2589 954 illorum
2625 897 2940 952 vocationes
2970 897 3375 964 exprimuntur,
3433 892 3525 959 qui

1955 995 2022 1047 ad
2067 993 2237 1047 vineae
2266 992 2532 1046 culturam
2563 998 2969 1052 convenerunt;
3022 987 3218 1056 quibus
3272 985 3529 1040 omnibus

1954 1100 2054 1155 par
2091 1085 2297 1138 denarii
2334 1099 2543 1138 merces
2567 1083 2828 1137 attributa
2863 1089 2964 1134 est.
3000 1080 3180 1134 Altera
3217 1075 3474 1147 parabola
3509 1076 3527 1106 ‘

1955 1177 2182 1230 duorum
2227 1176 2438 1229 vocatio
2473 1176 2709 1228 illioram
2746 1173 3073 1234 ostenditur,
3117 1183 3347 1239 quorum
3393 1165 3531 1219 alter

1955 1268 2130 1336 primo
2186 1267 2328 1320 haud
2381 1265 2681 1334 morigerus
2735 1263 2862 1328 fuit,
2898 1263 2992 1316 sed
3044 1263 3260 1316 demum
3291 1255 3526 1313 ofﬁcium

1955 1357 2230 1428 praestitit,
2257 1367 2419 1425 atque
2448 1357 2500 1408 in
2545 1356 2698 1409 vinea
2727 1365 2986 1423 operatus
3009 1361 3094 1407 est
3120 1371 3134 1406 :
3181 1350 3322 1432 alter
3345 1360 3527 1406 autem

1956 1451 2096 1504 lilins
2128 1450 2464 1502 contrarium
2498 1447 2770 1516 ingenium
2805 1461 2916 1514 pra:
2955 1458 3013 1498 se
3055 1443 3197 1498 tulit.
3240 1441 3347 1496 Sed
3387 1457 3529 1512 pra:-

1953 1550 2105 1596 sente
2129 1540 2344 1594 demum
2376 1539 2625 1607 parabola
2665 1538 2984 1591 translatam
3016 1535 3239 1590 omnino
3269 1533 3530 1588 Servator

1955 1632 2112 1684 docet
2160 1631 2332 1682 viuere
2389 1629 2709 1683 locationem
2756 1643 2785 1678 a
2833 1627 3106 1694 prioribus
3158 1615 3414 1693 agricolis
3460 1624 3529 1677 ad

1955 1721 2335 1790 posteriores;
2376 1732 2704 1786 causamque
2771 1717 3148 1771 translationis
3210 1715 3404 1785 aperit.
3463 1713 3531 1768 Et

1957 1811 2086 1865 mihi
2136 1812 2350 1864 videtur
2399 1809 2660 1862 translata
2717 1808 2884 1862 vineae
2941 1808 3141 1861 locatio
3191 1807 3260 1859 ab
3291 1821 3356 1860 eo
3396 1804 3528 1868 lilio,

1955 1905 2044 1973 qui
2080 1918 2138 1957 se
2175 1912 2522 1972 operaturum
2553 1903 2775 1969 recepit,
2805 1916 2927 1954 mox
2969 1900 3139 1954 verba
3183 1899 3238 1953 in
3274 1914 3388 1954 rem
3423 1913 3535 1954 non

1955 1993 2227 2056 contulit;
2266 1992 2460 2046 tradita
2506 2001 2688 2045 autem
2721 1991 2796 2044 illi
2838 1992 2930 2060 qui
2970 1992 3129 2046 initio
3166 1992 3391 2060 quidem
3421 1990 3542 2046 oﬂi-

1954 2087 2096 2139 cium
2131 2085 2478 2144 detrectavit,
2507 2084 2601 2138 sed
2634 2099 2755 2136 mox
2793 2097 2960 2151 opere
2990 2083 3359 2139 obedientiam
3403 2101 3544 2156 pra:-

1953 2176 2110 2232 stitit.

2029 2267 2138 2320 Sed
2176 2267 2318 2319 cnim
2351 2265 2522 2335 magis
2564 2265 2884 2333 perspicuus
2932 2279 3113 2319 sermo
3158 2263 3273 2330 liet,
3328 2265 3375 2319 si
3413 2267 3538 2320 reli-

1954 2362 2158 2431 giosam
2192 2363 2386 2423 vitam,
2409 2375 2530 2429 qute
2559 2360 2723 2414 divini
2753 2360 2900 2428 regni
2932 2359 3148 2428 proprio
3183 2369 3287 2420 est,
3321 2360 3532 2412 vineam

1952 2466 2075 2504 esse
2116 2451 2463 2519 putabimus:
2514 2457 2674 2517 atque
2721 2450 2796 2500 ita
2847 2447 3059 2515 priores
3107 2445 3225 2514 ejus
3270 2444 3531 2508 cultores,

1954 2543 2044 2614 qui
2077 2543 2398 2608 nonjustam
2423 2555 2639 2609 operam
2667 2539 2718 2592 in
2751 2553 2814 2592 ea
2847 2536 3285 2598 collocaverunt,
3315 2533 3532 2589 «Iudaeos

1953 2650 2076 2690 esse
2121 2634 2430 2694 credemus,
2463 2630 2554 2698 qui
2601 2629 2760 2698 primi
2813 2618 2992 2682 divina
3028 2626 3219 2680 notitia
3244 2625 3532 2694 dignanter

1957 2724 2253 2781 collustrati
2317 2722 2593 2778 fuerunt:
2654 2723 2818 2788 hique
2870 2734 3028 2789 pares
3074 2726 3200 2771 sunt
3253 2716 3329 2769 illi
3373 2713 3528 2768 alteri

1957 2815 2093 2879 filio,
2122 2830 2284 2884 quem
2327 2812 2674 2883 evangelicus
2703 2824 2884 2865 sermo
2913 2809 3158 2862 damnat.
3193 2805 3531 2860 Posteriores

1956 2918 2135 2960 autem
2167 2905 2426 2966 cultores.
2461 2905 2552 2974 qui
2583 2903 2822 2956 debitum
2864 2900 3099 2954 fructum
3145 2913 3245 2952 suo
3284 2906 3532 2963 tempore

1955 2994 2616 3056 cxhibuerunt,ctimicos
2644 2989 3103 3051 existimabimus,
3130 2987 3218 3055 qui
3247 2997 3344 3054 per
3371 2983 3530 3038 Chri-

1958 3099 2100 3142 stum
2153 3088 2246 3141 Dei
2301 3085 2542 3139 notitiam
2583 3090 2926 3151 receperunt,
2956 3078 3272 3146 similesque
3306 3075 3382 3131 illi
3419 3075 3531 3129 lilio

1879 3213 1923 3271 ο
1959 3187 2272 3241 evaserunt,
2303 3179 2393 3246 qui
2437 3175 2574 3244 patri
2605 3172 2926 3240 obsequium
2957 3181 3012 3225 et
3039 3170 3406 3223 obedientiam
3443 3182 3532 3221 re-

1962 3272 2075 3338 ipsa
2121 3277 2349 3322 testatus
2390 3275 2499 3320 est.
2534 3265 2652 3318 Jam
2695 3277 2916 3317 causam
2972 3262 3168 3314 ablatae
3205 3260 3307 3314 illis
3338 3258 3530 3321 vincat,

1957 3363 2086 3430 quia
2131 3361 2184 3414 in
2240 3359 2472 3412 ﬁliorum
2525 3356 2779 3426 parabola
2830 3353 3090 3407 Servator
3122 3367 3225 3404 non
3265 3351 3422 3414 dixit,
3451 3351 3534 3404 id-

1958 3439 2106 3504 circo
2145 3462 2368 3502 necesse
2396 3445 2495 3499 fuit
2523 3454 2580 3496 ut
2615 3444 2739 3506 hac,
2772 3457 2892 3510 quae
2921 3443 2975 3494 in
3017 3441 3270 3493 manibus
3305 3449 3409 3502 est,
3438 3453 3532 3508 pa-

1961 3538 2140 3594 rabola
2185 3537 2535 3607 patefaceret.
2582 3535 2756 3589 Causa
2796 3548 2925 3587 vero
2976 3531 3095 3592 init,
3145 3531 3266 3598 quia
3295 3545 3402 3582 non
3432 3543 3532 3582 suo

1960 3645 2204 3702 tempore
2245 3631 2453 3684 fructus
2482 3631 2700 3683 domino
2756 3627 2966 3680 debitos
3008 3623 3363 3678 obtulerunt:
3396 3637 3532 3689 prae-

1957 3732 2214 3790 tereaque
2266 3720 2442 3773 servis
2494 3720 2559 3771 ad
2603 3717 2936 3786 colligendus
2983 3714 3192 3767 fructus
3245 3711 3532 3766 submissis

1957 3816 2185 3868 exitium
2215 3812 2385 3865 moliti
2411 3821 2530 3864 sunt
2556 3824 2570 3862 :
2600 3809 2826 3862 necdum
2856 3807 2941 3861 his
2965 3803 3532 3868 ntaleiiciiscontenti,

1961 3907 2066 3960 lilio
2099 3905 2200 3972 ipsi
2235 3900 2428 3956 aliene
2453 3915 2646 3954 manus
2690 3914 2792 3951 non
2831 3896 3182 3950 dubitarunt:
3214 3909 3374 3962 quem
3401 3908 3534 3947 sane

1959 3998 2221 4066 agnitum,
2253 4005 2414 4062 atque
2441 3991 2642 4046 ιιοιιιίιιὶ
2669 3991 2837 4043 lilium
2862 4003 2966 4042 non
2985 3986 3295 4046 diliilentes,
3323 3984 3528 4038 nihilo-

1961 4090 2138 4142 minus
2185 4087 2348 4155 impio
2389 4083 2617 4139 consilio
2655 4083 3065 4136 interemerunt.
3119 4078 3296 4146 Atque
3335 4078 3530 4130 harum

1961 4183 2032 4234 de
2064 4180 2215 4231 vinea
2250 4177 2627 4246 parabolaqnm
2668 4175 2829 4229 trium
2862 4171 3091 4239 primam
3121 4166 3401 4234 discipulis
3423 4167 3536 4221 suis

1961 4271 2215 4325 recitavit
2252 4238 2678 4330 Servatorfdum
2709 4267 2761 4319 in
2797 4262 3018 4318 Galilzea
3073 4276 3194 4314 cum
3240 4260 3307 4313 iis
3348 4273 3536 4312 versa-

1964 4375 2134 4419 retur.
2171 4363 2355 4428 Quare
2394 4370 2447 4412 ct
2473 4375 2662 4413 omnes
2691 4357 2936 4412 homines
2960 4354 3096 4427 dixit
3123 4353 3355 4405 diversis
3386 4350 3536 4404 horis

1962 4453 2027 4505 ad
2056 4467 2273 4520 operam
2301 4459 2551 4513 vocatos;
2576 4450 2665 4517 qui
2693 4446 2870 4503 cuncti
2904 4443 3304 4512 obtemperant,
3329 4454 3538 4512 parem-

285 4539 381 4591 καὶ
417 4537 604 4608 μισθὸν
625 4538 998 4608 λαμϐάνοντας
1028 4537 1118 4589 τὸν
1149 4539 1309 4592 αὐτόν
1329 4557 1341 4569 ·
1371 4540 1470 4610 τὴν
1507 4540 1564 4591 δὲ
1605 4540 1855 4610 δευτέραν

1969 4559 2073 4611 que
2104 4543 2406 4596 mercedem
2448 4542 2688 4608 capiunt.
2717 4537 3027 4592 Secundam
3063 4533 3378 4602 parabolam
3409 4531 3538 4586 Hie-

284 4630 344 4682 ἐν
383 4629 772 4698 Ἱεροσολύμοις
799 4629 1107 4698 γενόμενος,
1129 4629 1273 4688 ἔνδον
1297 4647 1354 4683 τε
1385 4633 1441 4682 ἐν
1466 4630 1610 4700 αὐτῷ
1625 4631 1701 4700 τῷ
1731 4631 1861 4700 ἱερῷ

285 4720 574 4782 διδάσκων,
599 4723 710 4782 τοῖς
741 4720 1088 4790 ἀρχιερεῦσιν
1127 4721 1320 4789 ἐπῆγε,
1357 4723 1450 4775 καὶ
1480 4727 1592 4786 τοῖς
1633 4724 1863 4793 πρεσϐυ-

286 4812 466 4880 τέροις
523 4811 617 4864 τοῦ
673 4812 825 4877 λαοῦ,
880 4811 1018 4882 μετὰ
1058 4811 1252 4864 πολλοῦ
1291 4812 1384 4864 τοῦ
1427 4815 1859 4882 παραστήματος

289 4901 618 4970 ἐλεγκτικῶς
658 4904 833 4972 φήσας
858 4902 992 4972 πρὸς
1023 4904 1240 4969 αὐτοὺς,
1271 4904 1346 4966 ὡς
1381 4905 1489 4974 ἄρα
1533 4906 1582 4957 οἱ
1634 4905 1861 4957 τελῶναι

290 4996 383 5049 καὶ
409 4995 465 5046 αἱ
489 4993 683 5065 πόρναι
710 4996 998 5066 προάγοιεν
1024 4997 1314 5057 αὑτοὺςείς
1337 4997 1432 5065 τὴν
1460 4997 1730 5065 βασιλείαν
1756 4997 1865 5047 τῶν

283 5083 566 5152 οὐρανῶν·
605 5083 698 5136 καλ⁸
724 5086 912 5154 τρίτην
946 5085 1003 5138 δὲ
1027 5088 1138 5146 τοῖς
1183 5085 1363 5146 αὐτοῖς
1398 5086 1706 5152 ἀναγκαίως
1743 5103 1870 5154 προσ

364 5196 612 5249 "Matth.
645 5212 742 5258 -ιπ,
787 5196 930 5250 l-l6.
1011 5200 1025 5228 ί
1059 5197 1247 5250 Matth.
1297 5211 1408 5261 xxi,
1439 5196 1631 5250 i8—30.

293 5328 449 5400 sinit),
470 5327 913 5400 devariisvincm
947 5329 1314 5394 paraimlis,ea
1347 5330 1599 5400 absunta
1632 5329 1857 5400 Syriaca

296 5395 916 5464 Theophania';ideoqne
941 5413 1002 5450 ex
1026 5400 1434 5451 commentariis
1452 5398 1630 5464 potius
1647 5395 1863 5453 Eusebii

295 5465 348 5533 in
381 5463 672 5533 Evangelia
699 5465 800 5519 huc
832 5481 953 5520 esse
994 5467 1250 5518 translata
1281 5463 1476 5532 aliquis
1511 5469 1863 5521 existimabit.

293 5531 403 5588 Sed
431 5531 580 5587 certe
614 5536 665 5586 in
706 5537 890 5588 codice
932 5536 998 5589 Α.
1027 5551 1079 5602 p.
1105 5535 1232 5591 262.
1261 5531 1467 5590 ὓπεῦὄ.
1525 5553 1597 5596 τι..
1630 5547 1689 5589 ιιι
1731 5539 1866 5598 dixi,

293 5606 409 5655 Sine
427 5602 530 5672 ulla
551 5605 943 5670 intercapedine
981 5603 1175 5669 jacent,
1203 5619 1514 5672 nomenque
1539 5606 1746 5660 Eusebii
1777 5623 1866 5672 ge-

301 5682 445 5744 runt.
482 5671 610 5724 Mihi
650 5685 828 5744 autem
866 5685 1044 5740 partes
1075 5674 1170 5724 has
1211 5685 1315 5726 tarn
1344 5671 1492 5728 arcte
1512 5671 1869 5738 cbhacrentés,

294 5743 407 5793 tum
449 5743 742 5814 sententia,
782 5752 896 5814 tum
929 5744 1370 5814 _lnco,_separarc
1422 5759 1513 5798 aut
1553 5747 1864 5814 discerpere

295 5826 516 5870 morsus
543 5827 646 5866 non
674 5813 885 5866 licebat.
926 5812 1035 5864 lloc
1055 5812 1158 5878 aio,
1197 5813 1318 5881 quia
1347 5817 1570 5871 credere
1612 5818 1693 5870 vel
1733 5812 1856 5885 Spe-

1967 4630 2270 4698 rosolymis,
2305 4629 2431 4682 dum
2461 4629 2598 4681 intra
2624 4625 2878 4696 templum
2909 4626 3152 4689 doceret,
3193 4637 3374 4676 coram
3407 4635 3538 4690 pon-

1968 4722 2207 4774 tilicilms
2265 4721 2550 4788 populique
2605 4719 2926 4774 senioribus
2977 4718 3162 4782 dixit;
3217 4726 3271 4771 et
3321 4714 3536 4782 quidem

1967 4811 2482 4865 conﬁdentissimam
2547 4811 2753 4863 addidit
2807 4809 3257 4878 increpationem,
3305 4805 3426 4859 fore
3480 4815 3540 4858 ut

1969 4903 2117 4971 ipsos
2143 4902 2416 4970 publicani
2447 4917 2509 4954 ac
2545 4901 2866 4956 meretrices
2909 4901 2963 4954 in
3013 4899 3278 4955 caelorum
3317 4911 3538 4966 regnum

1969 4991 2362 5062 prmcedercnt.
2397 4991 2636 5045 Tertiam
2665 4991 2898 5057 denique
2925 4990 3064 5058 apud
3093 4988 3310 5042 eosdem
3350 5000 3538 5041 neces-

1974 5085 2120 5138 sario
2174 5084 2487 5152 parabolam
2532 5085 2773 5154 protulit,
2822 5098 3015 5138 causas
3088 5081 3420 5143 edisserens,
3471 5082 3540 5134 ob

1967 5344 2089 5384 rare
2115 5329 2238 5384 licet
2257 5329 2535 5400 Syriacam
2563 5330 2952 5398 T/reOphaniam
2985 5329 3124 5400 apud
3143 5330 3339 5400 Syrum
3373 5329 3544 5384 inter-

1967 5410 2173 5468 pretem
2219 5399 2485 5469 integram
2541 5415 2685 5461 esse,
2734 5417 2839 5453 non
2885 5399 3066 5456 autem
3105 5399 3396 5468 aliQuando
3429 5399 3543 5453 for-

1972 5479 2114 5522 lasse
2164 5470 2460 5522 breviatam
2517 5469 2656 5538 (sive
2707 5486 2801 5536 per
2849 5472 2925 5524 rei
2967 5472 3372 5534 compendium,
3426 5472 3543 5526 sive

1971 5553 2067 5609 per
2093 5539 2491 5609 amissionem),
2512 5541 2654 5609 sicut
2684 5553 2830 5592 certe
2859 5541 3055 5592 accidit
3090 5538 3282 5606 lgnatii
3333 5552 3540 5609 marty-

1973 5608 2048 5660 ris
2075 5607 2342 5674 epistolis,
2368 5623 2508 5673 quas
2537 5607 2704 5677 Syrus
2743 5610 3006 5674 interpres
3037 5610 3309 5662 breviores
3337 5607 3543 5663 Graecis

1975 5677 2240 5745 interdum
2278 5679 2484 5728 recitat.
2535 5677 2721 5729 Nonne
2771 5693 2899 5729 vero
2947 5678 3273 5741 Quintiane;
3325 5695 3542 5745 quoque

1975 5744 2191 5797 Eusebii
2217 5746 2560 5812 euangelicos,
2596 5749 2646 5799 in
2670 5749 2854 5800 codice
2882 5747 2996 5798 Vat.
3030 5746 3276 5800 Palatino
3304 5744 3541 5802 studiuse

1973 5815 2040 5869 ab
2071 5829 2340 5883 anonymo
2381 5825 2558 5871 retere
2588 5818 2880 5885 breviatas,
2909 5833 3007 5871 nos
3037 5819 3134 5887 ipsi
3162 5816 3466 5872 edidimus?
