4106 6402
618 396 723 453 639

618 598 1056 658 transferendum
1085 614 1098 649 :
1130 605 1350 661 tresque
1379 593 1601 646 omnino
1631 604 1823 643 causas
1861 589 2167 651 recensuit;

617 695 868 762 primam,
898 691 966 743 de
995 687 1261 741 fructibus
1294 699 1427 752 quos
1463 683 1689 751 improbi
1721 681 1971 751 agricolae
2001 681 2169 733 abne—

616 790 921 848 gaverunt:
951 793 1125 846 neque
1151 776 1293 832 enim
1320 775 1583 841 imperata
1612 774 1875 833 fecerunt,
1905 772 1998 825 sed
2028 770 2171 838 leges

612 875 692 928 eis
743 872 883 926 latas
936 870 1291 925 violaverunt.
1335 864 1565 918 Causam
1625 862 1876 923 alteram,
1928 860 2168 914 facinora

616 965 876 1018 adversus
900 961 1188 1030 prophetas
1218 956 1389 1011 dixit:
1420 956 1472 1009 hi
1501 954 1697 1023 quippe
1736 952 2006 1022 praemissi
2055 952 2171 1006 fue-

617 1065 741 1107 rant
773 1053 916 1107 servi
940 1051 1052 1104 Dei.
1094 1048 1329 1102 Tertiam
1359 1046 1587 1113 denique
1611 1059 1829 1099 causam
1860 1042 2041 1096 attulit
2078 1059 2171 1113 pa-

617 1144 955 1197 trisfamilias
1006 1140 1174 1193 filium
1207 1154 1422 1193 caesum.
1455 1136 1815 1203 Quamobrem
1850 1135 1952 1188 fusi
1995 1137 2172 1189 omnis

614 1232 891 1303 sanguinis
939 1246 1113 1299 pinna:
1161 1231 1227 1284 ab
1276 1230 1341 1283 iis
1403 1238 1775 1295 reposcemur,
1826 1241 1856 1279 a
1913 1226 2171 1293 sanguine

609 1324 743 1391 justi
787 1322 975 1377 Abelis
1004 1336 1175 1391 usque
1207 1322 1271 1374 ad
1310 1320 1622 1389 sanguinem
1657 1317 1952 1373 Zacharias.

686 1588 809 1643 llazc
850 1586 1191 1657 pontiﬁcibus
1218 1595 1381 1653 atque
1416 1584 1718 1639 senioribus
1754 1585 1802 1637 in
1838 1585 2027 1639 faciem
2066 1584 2169 1638 ob-

608 1679 772 1745 iecta,
820 1695 923 1732 nun
959 1678 1226 1731 mediocre
1260 1677 1344 1731 bis
1392 1678 1644 1746 probrum
1685 1679 1959 1731 creabant.
1995 1678 2171 1742 Quare

615 1768 871 1822 admirari
895 1768 1016 1819 licet
1057 1765 1424 1829 Servatoreut,
1456 1767 1545 1833 qui
1575 1775 1769 1833 przeter
1799 1776 1989 1819 caetera
2022 1776 2171 1833 pote-

614 1869 809 1913 statem
858 1873 1075 1928 quoque
1125 1859 1393 1912 sermonis
1430 1872 1619 1925 magna
1675 1872 1795 1911 cum
1846 1861 2169 1911 auctoritate

613 1952 919 2013 exserebat,
958 1961 1120 2019 atque
1165 1952 1336 2003 instar
1385 1949 1583 2017 jtnlicis
1616 1964 1827 2015 poenam
1865 1950 2051 2002 iisdem
2089 1963 2171 2001 sa-

614 2042 947 2105 pientissime
977 2050 1156 2095 ceram
1194 2041 1540 2095 decernebat.
1585 2038 1719 2094 Huic
1764 2049 1941 2094 autem
1969 2040 2170 2093 Serva-

615 2134 747 2187 toris
784 2132 946 2186 nostri
990 2132 1259 2199 parabole:
1289 2141 1573 2197 consonat,
1620 2133 1690 2184 uti
1718 2132 1915 2185 dictum
1942 2140 2047 2193 est.
2078 2130 2164 2184 illa

614 2223 783 2276 Isaiae.
814 2224 915 2277 Sed
956 2234 1133 2279 tamen
1160 2226 1415 2293 propheta
1458 2227 1668 2279 vineam
1704 2226 1986 2294 obiurgat,
2026 2223 2169 2277 nulla

613 2314 878 2368 cultorum
927 2314 1067 2369 facta
1110 2318 1382 2370 mentione
1409 2338 1420 2369 :
1449 2326 1502 2369 at
1532 2331 1658 2369 vero
1684 2315 1941 2371 Servator
1972 2317 2169 2371 vinito-

614 2418 699 2458 res
718 2420 899 2459 coram
935 2406 1180 2474 objurgat
1204 2417 1363 2473 atque
1407 2417 1712 2473 praesentes.
1738 2405 1800 2459 Hi
1832 2423 1991 2474 porro
2018 2417 2173 2462 erant

616 2496 884 2563 principes
916 2497 1185 2565 ducesque
1224 2499 1439 2566 pottuli:
1475 2499 1611 2565 apud
1643 2514 1777 2567 quos
1799 2500 1960 2552 etiam
1996 2499 2173 2553 scelus

611 2593 872 2644 adversus
906 2606 964 2646 se
993 2592 1059 2645 ab
1096 2590 1179 2644 bis
1213 2591 1531 2658 patrandum
1574 2592 2060 2644 commemoravit:
2093 2590 2173 2645 fo-

614 2696 779 2749 reque
807 2682 881 2735 ait
908 2693 966 2735 ut
999 2683 1151 2735 vinea
1188 2682 1253 2735 iis
1289 2682 1753 2751 auferatur,atque
1775 2683 1893 2736 aliis
1932 2684 2173 2737 tradatur

612 2772 929 2826 cultoribus.
986 2771 1119 2825 Exin
1171 2772 1514 2835 euucleabat,
1560 2786 1800 2839 quaenam
1840 2775 1963 2826 vitis
1986 2784 2169 2837 esset;

616 2874 805 2928 nempe
828 2860 916 2913 Dei
940 2875 1156 2930 regnum
1177 2860 1347 2914 vinea:
1366 2860 1575 2914 nomine
1591 2861 1811 2928 intelligi
1833 2863 2169 2918 declarabat:

615 2953 753 3021 quod
778 2952 989 3020 quidem
1026 2952 1114 3006 Dei
1142 2967 1362 3021 regnum
1408 2968 1502 3020 per
1534 2953 1673 3021 piam
1708 2955 2013 3023 religionem
2043 2956 2170 3009 olim

614 3044 949 3112 principibus
974 3043 1172 3111 prioris
1220 3044 1400 3112 populi
1440 3044 1805 3098 concreditum
1833 3046 2026 3099 fuerat.
2068 3045 2172 3101 Sed

1327 380 1593 439 EUSEBII
1630 374 2107 434 CIESARIENSIS
2143 370 2291 427 OPP.
2331 367 2515 422 PARS
2552 364 2643 421 Ν.
2680 391 2751 406 --
2786 353 3199 414 DOGHATICA.

618 527 753 583 quas
778 509 1035 565 calorum
1083 518 1307 573 regnum
1352 504 1435 557 bis
1493 510 1756 569 ereptum,
1788 500 1853 551 ad
1894 497 2028 550 alios
2055 502 2171 548 erat

2275 487 2427 556 φέρει
2471 486 2571 546 τὰς
2615 479 2795 542 αἰτίας
2842 473 3132 546 παριστὰς,
3163 471 3229 523 δι’

3728 348 3834 404 σω

3263 470 3327 533 ἃς
3355 466 3574 539 ἔμελλεν
3603 466 3683 528 εἰς
3726 465 3832 519 ιτε-

2277 598 2403 651 ρους
2446 574 2821 649 μετατίθεσθαι
2869 567 3242 639 ἀφαιρουμένη
3278 564 3335 630 ἐξ
3372 561 3557 651 αὐτῶν
3595 561 3628 630 ή
3684 558 3831 629 βασιέ

2275 672 2393 725 λεία
2414 670 2520 723 τῶν
2554 666 2819 738 οὐρανῶν.
2850 664 3007 733 Τρεῖς
3030 660 3085 711 δὲ
3110 658 3207 719 τὰς
3246 656 3422 715 πάσας
3452 650 3631 713 αἰτίας
3661 667 3831 703 κατα-

2275 764 2439 830 λέγειο
2475 759 2697 830 πρώτην
2732 758 2853 827 μὲν,
2882 755 2976 822 τὴν
3008 750 3131 820 περὶ
3154 748 3280 810 τοὺς
3321 744 3561 815 καρποὺς
3584 743 3832 808 ἀγνωμο-

2278 854 2441 923 σύνην
2468 852 2574 904 τῶν
2595 849 2854 919 γεωργῶν
2871 864 2882 876 ο
2916 846 2974 898 οὐ
3010 844 3118 913 γὰρ
3153 841 3415 910 ἔπραττον
3439 833 3577 889 κατὰ
3594 832 3663 885 τὰ
3690 849 3832 923 παρέ

2274 922 2583 1014 ηγγελμένα
2628 942 2809 1003 αὐτοῖς
2837 938 2974 1009 (63),
3007 932 3318 1005 παραϐάται
3347 928 3400 979 δὲ
3422 928 3713 995 ἐτύγχανον
3740 922 3834 975 τοῦ

2273 1038 2513 1099 δοθέντος
2570 1034 2750 1095 αὑτοῖς
2793 1032 2955 1100 νόμου
2976 1046 2988 1059 ·
3020 1025 3272 1095 δευτέραν
3304 1022 3379 1085 δὲ,
3413 1018 3505 1089 τὴν
3552 1016 3693 1069 κατά
3729 1016 3835 1066 τῶν

2278 1126 2567 1199 προφητῶν
2598 1123 2915 1191 ἐπιϐουλήν·
2942 1113 3083 1172 οῦτοι
3111 1116 3218 1186 γὰρ
3237 1110 3373 1184 ἦσαν
3393 1112 3440 1163 οἱ
3472 1106 3836 1199 προαπεσταὶῖ

2279 1195 2557 1289 μένοιντοῦ
2606 1214 2739 1268 Θεοῦ
2787 1212 2994 1265 δοῦλοι*
3046 1208 3139 1260 καὶ
3178 1205 3387 1276 τρίτην,
3431 1201 3529 1269 τὴν
3565 1197 3705 1251 κατὰ
3745 1195 3835 1247 τοῦ

2276 1309 2390 1361 υἱοῦ
2414 1309 2505 1361 τοῦ
2537 1304 2914 1359 οἰκοδεσπότου
2961 1298 3288 1371 μιαιφονίαν,
3314 1294 3377 1346 δι’
3400 1294 3466 1362 ἢν
3490 1290 3822 1359 ὲκδικηθὴσε-

2274 1418 2363 1452 ται
2396 1401 2453 1465 ἐξ
2478 1399 2655 1453 αὐτῶν
2695 1398 2801 1448 πᾶν
2849 1388 3009 1461 αἷμα,
3038 1392 3145 1443 ἀπὸ
3190 1388 3419 1457 αἵματος
3440 1382 3603 1435 Ἀὁελ
3632 1381 3726 1433 τοῦ
3763 1380 3836 1431 δι-

2278 1492 2431 1542 καίου
2472 1489 2659 1559 μέχρις
2686 1487 2913 1557 αἵματος
2951 1482 3235 1551 Ζαχαρίου.

2347 1581 2533 1633 Ταῦτα
2557 1580 2611 1631 δὲ
2637 1580 2714 1640 είς
2737 1579 3025 1647 πρόσωπον
3043 1575 3151 1634 τοῖς
3168 1565 3476 1639 ἀρχιερεῦσι
3492 1563 3585 1615 καὶ
3608 1559 3839 1631 πρεσὸυς

2275 1672 2453 1743 τέροις
2503 1671 2765 1739 λεγόμενα
2807 1669 2866 1719 οὐ
2906 1664 3128 1736 μικροὺς
3167 1662 3349 1721 αὐτοῖς
3386 1654 3644 1726 παρεῖχεν
3682 1652 3834 1719 ἐλέγ-

2276 1780 2419 1832 χους.
2450 1763 2537 1814 Διὸ
2563 1760 2654 1812 τοῦ
2680 1761 2928 1828 Σωτῆρος
2951 1756 3200 1824 θαυμάσα
3217 1752 3349 1803 ιὲστι
3380 1749 3515 1819 μετά
3534 1747 3639 1800 τῶν
3666 1744 3837 1799 ἄλλων

2271 1854 2361 1906 καὶ
2382 1853 2478 1922 τὴν
2511 1852 2755 1917 ἐξουσίαν
2793 1852 2884 1902 τοῦ
2931 1849 3087 1914 λόγου
3134 1844 3269 1915 μετά
3315 1842 3512 1911 πολλῆς
3554 1837 3835 1901 αὑθεντίας

2269 1944 2705 2013 ἀποφηναμένου,
2743 1942 2835 1993 καί
2862 1940 3047 2011 κριτοῦ
3080 1939 3232 2008 δίκην
3266 1936 3363 2006 τὴν
3390 1936 3508 1987 κατ’
3552 1930 3730 1985 αὐτῶν
3759 1948 3837 1981 -ιι-

2272 2037 2479 2107 μωρίαν
2512 2039 2591 2097 είς
2619 2034 2677 2086 τὸ
2711 2033 2887 2085 αὐτῶν
2922 2031 3205 2101 πρόσωπον
3249 2026 3384 2097 μετά
3414 2024 3716 2094 βαθυτάτης
3752 2038 3839 2073 σο-

2270 2128 2397 2197 φίας
2425 2125 2817 2194 ὲξενεγκόντος.
2861 2124 2902 2176 Τ
2909 2127 2939 2194 ᾔ
2974 2122 3221 2192 παρούσῃ
3254 2120 3345 2173 τοῦ
3390 2119 3638 2187 Σωτῆρος
3682 2114 3835 2183 ⁴ἡμῶν

2268 2219 2545 2291 παραϐολῇ
2579 2218 2786 2288 συνᾴδει
2810 2221 2841 2287 ἡ
2864 2216 3011 2287 παρὰ
3037 2216 3113 2284 τῷ
3127 2211 3426 2280 Ἡσαῖᾳ,ὼς
3446 2210 3656 2279 εἴρηται
3682 2206 3837 2275 (65⁵).

2271 2313 2415 2383 Πλὴν
2449 2314 2481 2381 ἡ
2513 2312 2613 2381 μὲν
2642 2310 2735 2362 τοῦ
2765 2311 3039 2380 προφήτου
3059 2306 3150 2359 τὸν
3170 2302 3464 2373 ἀμπελῶνα
3488 2299 3841 2369 διεμέμφετο,

2269 2405 2375 2456 τῶν
2421 2402 2679 2473 γεωργῶν
2727 2402 2945 2472 μνήμην
2987 2397 3232 2468 οὐδαμῶς
3278 2392 3656 2462 πεποιημένη·
3711 2393 3739 2443 6
3784 2389 3839 2440 δὲ

2272 2498 2460 2565 Σωτὴρ
2482 2497 2607 2558 τοὺς
2635 2494 2910 2564 γεωργοὺς
2938 2493 3242 2561 ἀπήλεγχεν
3266 2491 3343 2550 εἰς
3366 2486 3650 2556 πρόσωπον
3674 2480 3833 2535 ἑστῶ-

2269 2605 2366 2650 τας
2423 2588 2517 2640 καὶ
2565 2587 2856 2657 παρόντας.
2907 2580 3064 2636 Οὗτοι
3098 2583 3141 2634 δ’
3182 2578 3319 2651 ἦσαν
3360 2579 3409 2630 οἱ
3442 2578 3701 2645 ἄρχοντες
3750 2573 3842 2625 καὶ

2270 2680 2560 2750 ἡγούμενοι
2586 2678 2677 2730 τοῦ
2708 2677 2836 2729 λαοῦ
2861 2695 2872 2706 ·
2907 2671 2986 2737 οἷς
3014 2673 3147 2744 ὁμοῦ
3176 2673 3269 2725 καὶ
3301 2670 3367 2738 ἣν
3391 2671 3702 2737 ποιήσονται
3721 2663 3839 2715 κατ’

2271 2770 2432 2825 αὑτοῦ
2464 2769 2751 2841 ἐπιϐουλὴν
2794 2769 2978 2836 ἐδήλου
2999 2784 3010 2795 ο
3056 2766 3149 2818 καὶ
3180 2764 3251 2826 ὠς
3286 2760 3583 2831 ἀρθήσεται
3617 2758 3710 2809 ἀπ’
3749 2756 3843 2806 aft-

2272 2864 2375 2916 τῶν
2419 2866 2447 2917 6
2504 2862 2780 2933 ἀμπελὼν,
2840 2862 2931 2913 καὶ
2977 2859 3253 2927 δοθήσεται
3287 2853 3491 2921 ἑτέροις
3552 2850 3841 2918 γεωργοῖς,

2271 2952 2555 3023 προῦλεγε·
2582 2953 2855 3020 διασαφῶν
2890 2950 3087 3019 ἐφεξῆς
3110 2948 3191 3009 τίς
3221 2962 3345 2998 ποτε
3379 2945 3461 3011 εἴη
3491 2944 3519 2994 6
3556 2938 3839 3009 ἀμπελὼν,

2274 3046 2366 3097 καὶ
2393 3044 2657 3098 διδάσκων
2689 3044 2785 3113 τὴν
2820 3041 3096 3111 βασιλείαν
3140 3037 3231 3089 τοῦ
3274 3034 3406 3087 Θεοῦ
3439 3029 3572 3084 εἶναι
3611 3031 3703 3113 τὸν
3739 3030 3845 3099 ἀμ-

618 3137 759 3187 εηίηι
800 3150 917 3186 cum
969 3134 1021 3186 bi
1054 3150 1227 3200 neque
1254 3136 1463 3189 debitos
1506 3134 1715 3189 fructus
1749 3139 2073 3203 redderent,
2120 3147 2172 3192 et

2275 3136 2489 3188 πελῶνα
2510 3152 2526 3166 ·
2556 3137 2677 3206 ἥτις
2708 3110 2953 3204 βασιλεία
2984 3128 3119 3183 Θεοῦ
3152 3128 3237 3181 διὰ
3258 3125 3350 3177 τοῦ
3380 3110 3664 3184 θεοσεὸοῦς
3694 3120 3843 3172 πολι-

615 3232 813 3288 prrter
848 3222 978 3289 legis
1026 3222 1401 3287 violationem,
1458 3224 1689 3279 caedibus
1738 3240 1951 3295 quoque
1997 3236 2169 3280 semet

2275 3228 2535 3297 τεύματος
2565 3226 2732 3280 πάλαι
2765 3225 3026 3295 πρότερον
3050 3222 3160 3280 τοῖς
3186 3219 3407 3287 ἄρχουσι
3447 3213 3539 3266 τοῦ
3579 3211 3843 3283 προτέρου

620 3310 1014 3379 itnpiavissent,
1042 3310 1231 3365 merito
1272 3311 1527 3365 Servator
1562 3314 1695 3368 banc
1724 3314 1775 3367 in
1812 3315 1929 3368 illos
1964 3324 2172 3370 senten-

620 3405 746 3454 tiam
777 3403 913 3464 tttlit,
945 3402 1129 3456 dicens
1159 3421 1171 3455 :
1205 3401 1487 3471 Propterea
1536 3406 1653 3458 dico
1702 3406 1863 3467 vobis,
1904 3408 2172 3474 auferetur

618 3512 650 3543 α
683 3494 821 3544 vobis
860 3508 1078 3559 regnum
1120 3491 1254 3556 Dei,
1295 3504 1339 3545 et
1386 3494 1595 3545 dabitur
1634 3497 1774 3562 genti
1813 3512 1929 3565 qua:
1968 3497 2170 3565 fructus

618 3583 729 3649 ejus
751 3583 1366 3649 exhibebit.—Quoniaut
1407 3600 1534 3639 vero
1571 3586 1705 3639 dixit
1733 3589 2031 3641 occiderunt
2057 3591 2174 3659 (do-

622 3672 748 3723 mini
781 3672 991 3741 illiutn),
1024 3688 1128 3726 non
1149 3673 1255 3742 jam
1276 3675 1544 3728 videretur
1570 3676 1834 3742 parabola!
1856 3678 2023 3732 series
2044 3679 2173 3747 pali,

622 3762 792 3827 ipsum
839 3762 955 3817 fore
1000 3775 1318 3831 praesentem
1352 3782 1546 3835 plenae,
1582 3783 1685 3837 qua
1732 3768 1851 3822 mali
1904 3770 2170 3836 agricolae,

621 3854 821 3906 domini
878 3856 957 3907 sui
1004 3856 1413 3923 interfectores,
1446 3860 1636 3914 merito
1684 3861 1946 3928 plectendi
1994 3872 2170 3916 erant.

620 3944 781 4013 Atqui
813 3960 993 3999 revera
1021 3963 1137 4002 esse
1166 3950 1416 4004 eumdem
1451 3960 1681 4008 constat.
1713 3954 1836 4022 quia
1870 3954 1983 4021 ipse
2007 3955 2172 4021 judex

620 4045 727 4087 est.

2271 3319 2397 3372 λαοῦ
2426 3320 2802 3371 ἐπεπίστευτο.
2860 3312 3077 3383 Ἐπειδὴ
3127 3310 3257 3381 μηδὲ
3297 3309 3421 3369 τοὺς
3455 3307 3671 3367 δέοντας
3705 3319 3843 3375 καρ-

2273 3413 2407 3474 ποὺς
2434 3410 2774 3472 ἀπεδίδοσαν,
2817 3408 2953 3478 πρὸς
2988 3406 3044 3458 δὲ
3090 3406 3156 3473 τῇ
3200 3398 3291 3453 τοῦ
3335 3399 3498 3467 νόμου
3538 3395 3844 3465 παραϐάσει

2274 3502 2602 3572 μιαιφονίαις
2631 3501 2853 3563 ἑαυτοὺς
2882 3497 3287 3567 περιέσπειραν,
3320 3491 3543 3552 εἰκότως
3587 3487 3685 3555 τὴν
3725 3486 3844 3538 κατ’

2277 3594 2453 3646 αὐτῶν
2491 3595 2520 3645 6
2562 3592 2752 3662 Σωτὴρ
2798 3590 3117 3656 ἐξενέγκατο
3158 3584 3469 3651 ἀπόφασιν,
3513 3579 3699 3631 εἰπών’
3745 3576 3844 3629 Διὰ

2274 3686 2449 3739 τοῦτο
2482 3685 2637 3753 λέγω
2672 3683 2833 3752 ὑμῖν,
2869 3680 3190 3749 ἀρθήσεται
3233 3674 3332 3742 ἀφ’
3377 3669 3545 3740 ὑμῶν
3588 3670 3625 3735 ἡ
3661 3669 3844 3732 ,ϐασι-

2276 3775 2411 3827 λεία
2468 3774 2573 3826 τοῦ
2629 3772 2797 3836 Θεοῦ,
2852 3772 2949 3823 καὶ
3006 3767 3325 3835 δοθήσεται
3366 3764 3522 3817 ἔθνει
3574 3759 3845 3813 ποιοῦντι

2274 3868 2415 3933 τοὺς
2448 3867 2713 3936 καρποὺς
2738 3863 2923 3931 αὐτῆς
2955 3862 3086 3933 (64).
3107 3890 3179 3899 -
3201 3859 3311 3929 (65)
3340 3854 3554 3923 Ἐπειδὴ
3587 3852 3643 3905 δὲ
3673 3847 3843 3913 εἶπεν,

2274 3959 2357 4010 ὅτι
2387 3958 2759 4020 ἀπέκτειναν,
2796 3954 2971 4008 οὐκέθ’
3000 3956 3033 4025 ἡ
3066 3950 3352 4005 ἀκολουθία
3386 3947 3486 4016 τῆς
3535 3942 3845 4015 παραῦολῆς

2277 4050 2420 4119 ἔχειν
2452 4049 2671 4103 δύναται
2695 4049 2853 4102 αὑτὸν
2880 4044 3017 4099 εἶναι
3049 4045 3139 4096 τὸν
3161 4040 3525 4112 παρεσόμενον
3560 4037 3653 4088 ἐπὶ
3676 4051 3839 4103 τιμω-

620 4124 741 4199 ρίᾳ,
772 4126 838 4197 ἢν
870 4122 1006 4198 ἦσαν
1031 4128 1225 4183 δίκαιοι
1259 4131 1510 4202 ὑποσχεῖν
1539 4134 1696 4185 κακοὶ⁵
1726 4135 1957 4203 γεωργοὶ
1989 4136 2081 4187 καὶ
2114 4140 2290 4204 φονεῖς
2352 4139 2445 4191 τοῦ
2480 4138 2754 4192 δεσπότου.
2794 4140 2913 4189 ’Ότι
2960 4135 3018 4188 δὲ
3078 4132 3238 4195 αὑτός
3271 4130 3407 4191 ἐστι,
3454 4124 3612 4196 δῆλον
3632 4140 3643 4153 ·
3683 4122 3845 4185 αὐτὸς

619 4218 729 4291 γὰρ
760 4222 969 4291 κριτής.

691 4313 849 4380 Lupis
880 4315 1078 4368 dicitur
1121 4315 1374 4371 Dominus
1398 4326 1614 4387 propter
1638 4326 1907 4371 terrenum
1928 4332 2120 4386 corpus
2152 4337 2165 4372 :

2344 4314 2453 4385 (66)
2474 4314 2627 4377 Λίθος
2650 4314 2677 4365 6
2694 4314 2893 4385 Κύριος
2908 4312 3121 4379 λέγεται
3140 4308 3250 4379 (67)
3264 4305 3353 4359 διὰ
3366 4304 3427 4357 τὸ
3441 4302 3643 4371 γεῶδες
3662 4303 3839 4372 σῶμαο

614 4402 757 4472 lapis
808 4406 1010 4472 absque
1059 4422 1308 4459 manuum
1362 4410 1659 4463 ministerio
1700 4410 1958 4473 excisus,
2016 4419 2172 4475 prout

623 4494 791 4547 fertur
818 4496 867 4547 in
900 4496 1128 4551 Danielis
1146 4498 1345 4551 visione
1366 4501 1408 4561 ’,
1445 4510 1660 4567 propter
1695 4514 1846 4552 suam
1880 4499 1944 4552 de
1973 4501 2175 4568 virgine

623 4586 952 4639 nativitatem
984 4605 996 4639 :
1034 4602 1205 4655 neque
1237 4590 1377 4641 enim
1413 4590 1486 4641 illi
1516 4605 1648 4657 opus
1682 4588 1781 4642 fuit
1825 4591 2057 4642 bumauo
2092 4606 2175 4644 sc-

624 4676 787 4739 tnine,
814 4678 1017 4729 cwlesti
1044 4678 1236 4730 virtute
1258 4682 1554 4747 genituram
1582 4681 1699 4750 ejus
1730 4682 2138 4735 administrante
2157 4724 2171 4749 ,

625 4776 957 4833 matremque
987 4769 1171 4822 habuit
1227 4772 1531 4836 noptiarum
1583 4784 1858 4840 expertem
1905 4772 2173 4840 puellam,

622 4873 742 4926 qua:
792 4875 932 4912 novo
970 4860 1111 4914 inter
1149 4862 1391 4915 homines
1443 4877 1591 4916 more
1637 4866 1699 4917 de
1748 4864 1949 4932 Spiritu
1987 4875 2177 4918 sancto

624 4951 890 5018 concepit.
927 4950 1085 5019 Lapis
1121 4962 1269 5014 erat,
1308 4969 1410 5007 non
1446 4969 1632 5007 aurum
1670 4969 1843 5023 neque
1864 4965 2148 5023 argentum

628 5057 799 5109 neque
826 5058 913 5095 rex
938 5042 1129 5109 aliquis
1154 5042 1433 5111 gloriosus,
1473 5047 1538 5100 iis
1577 5046 1768 5100 similis
1792 5046 1878 5114 qui
1912 5060 2005 5115 per
2032 5046 2157 5114 ejus

708 5160 726 5189 ’
769 5160 897 5211 Dan.
929 5174 986 5221 tt,
1012 5158 1102 5213 45.

704 5270 815 5338 (ea)
846 5270 980 5324 Cod.
1020 5272 1084 5324 A.
1119 5272 1157 5324 f.
1182 5271 1310 5327 εδδ.

706 5340 837 5406 (65‘)
867 5339 1129 5393 Nimirum
1159 5344 1256 5394 sub
1282 5342 1448 5395 initiis
1480 5341 1635 5407 lmjus
1669 5355 1931 5397 enarrata:
1969 5342 2187 5411 parabo—

638 5407 722 5465 lae.
764 5412 849 5482 ubi
882 5421 1029 5482 certe
1075 5412 1244 5481 Syrus
1291 5413 1640 5479 congruebat.
1670 5414 1809 5482 Ergo
1850 5407 2017 5465 totttin
2053 5415 2187 5472 hoc,

641 5479 849 5529 etiamsi
890 5480 942 5531 in
972 5479 1128 5547 Syro'
1156 5482 1511 5545 desideretur,
1558 5484 1624 5537 ad
1659 5479 1799 5537 idem
1837 5482 2193 5550 Theophaniaz

643 5562 837 5610 corpus
872 5550 1140 5613 pertinuere
1167 5552 1395 5608 videtur.

714 5616 824 5688 (lii)
849 5616 1135 5688 llucusque
1168 5621 1281 5673 sine
1327 5622 1427 5673 ulla
1465 5620 1871 5688 interruptione.
1906 5620 1975 5673 ab
2020 5622 2177 5675 ittitio

647 5683 943 5758 parabolae,
970 5683 1132 5741 codex
1169 5690 1231 5740 A.
1275 5688 1553 5758 lleliqttutn
1604 5683 1730 5744 vero
1773 5691 2126 5757 fragmentum
2158 5731 2172 5750 ,

642 5766 791 5821 a'que
813 5754 910 5808 sub
934 5759 1143 5813 nomine
1181 5760 1392 5815 Eusebii
1414 5754 1474 5813 in
1495 5760 1676 5816 codice
1699 5754 1882 5816 eodem
1909 5762 2172 5817 laudatur.

2271 4406 2415 4468 λίθος
2440 4406 2759 4475 τεμνόμενος
2788 4405 2913 4458 ἄνευ
2940 4401 3160 4473 χειρῶν,
3184 4398 3324 4475 κατά
3349 4396 3448 4466 τὴν
3479 4394 3678 4464 Δανιὴλ
3712 4394 3843 4463 ὅρα-

2279 4513 2383 4557 σιν,
2415 4468 2628 4564 διά’
2654 4497 2717 4546 ὲκ
2750 4468 3335 4563 παρθένου-γέννησιν
3384 4487 3444 4537 οὐ
3494 4482 3603 4553 γὰρ
3626 4484 3843 4554 ὲδέησεν

2276 4588 2423 4657 αὑτῴ
2466 4588 2669 4656 σπορᾶς
2718 4584 3083 4655 ἀνθρωπίνης,
3134 4580 3385 4651 οὐρανίου
3439 4576 3721 4646 δυνάμεως
3778 4577 3843 4629 τὰ

2281 4681 2399 4733 κατ’
2428 4664 2586 4731 αὐτὸν
2613 4675 3068 4747 οίκονομουμένης
3088 4692 3100 4703 ·
3128 4674 3221 4725 καὶ
3256 4672 3436 4741 μήτηρ
3459 4668 3607 4737 αὐτῷ
3634 4667 3842 4737 ἀπειρό-

2280 4790 2451 4844 γαμος
2504 4774 2658 4843 κόρη,
2701 4772 2883 4825 καινὸν
2932 4769 3195 4839 τρόπονῆ
3236 4765 3358 4820 καθ’
3392 4766 3538 4835 ἡμᾶς
3592 4762 3651 4825 ἐξ
3688 4762 3843 4829 ἁγίου

2282 4866 2590 4935 Πνεύματος
2628 4864 2848 4917 κύουσα.
2902 4861 3061 4924 Δίθος
3107 4858 3195 4931 ἦν,
3246 4860 3357 4912 ἀλλ’
3399 4858 3460 4909 οὐ
3498 4856 3696 4926 χρυσὸς
3737 4850 3838 4906 οὐδ’

2283 4959 2535 5027 ἄργυρος,
2570 4956 2689 5008 οὐδὲ
2726 4952 2975 5023 βασιλεύς
3014 4969 3097 5015 τις
3130 4947 3351 5013 ἔνδοξος,
3400 4949 3581 5016 ὅμοιος
3608 4946 3719 5003 τοῖς
3760 4941 3843 4993 διὰ

2284 5048 2391 5100 τῶν
2432 5048 2646 5101 τοιῶνδε
2685 5046 2966 5115 συμὸόλων
3002 5034 3150 5115 παρὰ
3192 5041 3269 5101 τῶ
3318 5037 3510 5108 Δανιὴλ
3548 5032 3841 5104 δεδηλωμέ-

2293 5272 2385 5327 sed
2411 5273 2463 5324 itt
2500 5274 2689 5340 pagina
2716 5285 2888 5340 versa;
2908 5268 3032 5323 265.
3059 5269 3111 5322 b.

2358 5342 2447 5409 (65
2498 5338 2628 5397 Cod.
2655 5344 2717 5393 Α.
2744 5340 2778 5392 f.
2806 5338 2929 5391 εδδ.
2959 5340 3007 5391 b.

2359 5342 2470 5477 tesi
2494 5412 2626 5467 Cod.
2650 5412 2713 5463 A.
2753 5410 2789 5461 r.
2819 5409 2944 5462 εει.
2973 5407 3007 5461 s

2359 5405 2713 5477 (66)Cod.A.
2753 5405 3313 5479 r.26t.syr.w,tt.
3513 5471 3525 5479 .
3632 5469 3657 5479 η
3746 5466 3805 5479 Δ.

2362 5469 2471 5551 (6T)
2497 5480 2569 5532 De
2610 5484 2707 5551 hoc
2739 5480 2967 5551 mystico
3010 5469 3149 5551 saxo
3185 5469 3345 5551 verba
3386 5471 3583 5551 partim
3629 5469 3843 5551 nuutin

2294 5540 2622 5612 Tlt‘eop'hania
2673 5540 2893 5615 Syriaca
2957 5562 3041 5603 tv.
3090 5546 3201 5609 M;
3253 5543 3346 5597 sed
3400 5540 3619 5615 Graecus
3673 5548 3841 5615 textus

2294 5621 2394 5671 sub
2428 5606 2639 5671 Eusebii
2680 5606 2898 5670 nomine
2946 5631 2981 5666 λ
3018 5606 3202 5668 Niceta
3250 5615 3453 5665 relatus
3488 5610 3660 5662 multo
3694 5606 3839 5674 plura

2291 5690 2509 5753 recitat,
2573 5692 2686 5743 sive
2745 5702 2809 5741 ex
2871 5684 3201 5755 TlteOplmuia
3248 5683 3363 5737 sive
3404 5694 3471 5737 cx
3517 5682 3841 5735 comtttenta-

2296 5772 2409 5811 l'llS.
