4106 6416
309 420 414 476 6M

1628 407 1716 463 DE
1752 406 2220 465 THEOPHANIA.

3482 404 3592 467 ειε

313 555 448 602 νοιςο
481 550 624 592 ἀλλα
636 552 717 598 τις
737 529 963 602 γυμνὸς,
985 528 1080 582 καὶ
1101 525 1320 596 εὐτελὴς
1348 527 1441 578 καὶ
1469 526 1574 579 ἀπε
1581 527 1715 598 ρριμ
1723 526 1891 596 μένος·

2011 528 2155 582 modi
2183 527 2426 596 symbola
2481 545 2510 581 a
2542 527 2763 583 Danie.e
2792 525 3153 581 demonstrati
3199 519 3450 589 fuerunt;
3487 540 3592 578 nu-

310 628 395 684 διδ
423 629 520 683 καὶ
555 628 702 690 λίθος
745 620 1193 692 προσκόμματος,
1249 620 1342 672 καὶ
1395 617 1570 689 πέτρα
1606 618 1900 671 σκανδάλου

317 721 713 793 ἀπηγόρευται.
771 715 830 770 '0
883 714 981 784 μὲν
1030 708 1125 766 οὖν
1174 710 1258 774 τίς
1297 725 1480 781 φησιν·
1537 711 1700 763 Οὕτω
1737 709 1900 779 λέγει

319 814 532 882 Κύριος
548 829 562 842 ο
610 808 752 864 Ἰδοὺ
772 807 886 877 ἐγὼ
903 805 1180 876 ἐμσὰλλω
1203 805 1291 869 είς
1318 802 1424 856 τὸν
1450 802 1726 871 θεμέλιον
1749 802 1902 856 Σιὼν

314 903 487 956 λίθον
500 894 806 964 πολυτελῆ
814 936 828 956 .
847 891 1154 954 ἐκλεκτὸν,
1171 888 1615 958 ἀκροτωνιαῑον,
1636 889 1894 956 ἔντιμον·

317 993 412 1046 zeal
456 995 490 1046 ό
530 989 830 1043 πιστεύων
858 987 952 1039 ἐπ’
981 983 1170 1037 αὐτὸν
1217 983 1291 1035 οὐ
1331 979 1418 1048 μὴ
1463 978 1894 1048 καταισχυνθῇ

311 1083 340 1134 ό
360 1082 417 1135 δὲ
448 1082 566 1153 βοᾷ-
616 1079 798 1134 Λίθον
827 1077 899 1130 δν
928 1073 1384 1141 ἀπεδοκίμασαν
1419 1075 1472 1125 οι
1522 1069 1900 1140 οίκοδομοῦν-

313 1191 429 1240 τες·
459 1175 555 1228 καὶ
594 1175 776 1228 Λίθον
805 1170 871 1224 δὲ
897 1168 1360 1236 προσκόμματος
1387 1163 1760 1229 κεκλήκασιν
1788 1165 1898 1216 αὑ-

311 1267 442 1320 τόν.
494 1266 720 1328 Ἡσαΐας
760 1263 817 1316 δὲ
875 1259 1179 1329 ἀποτολμᾷ,
1228 1257 1318 1311 καὶ
1355 1256 1446 1310 τὸν
1495 1255 1698 1326 Κύριον
1736 1254 1898 1308 αὐτὸν

313 1353 450 1411 εἶναι
485 1359 575 1410 τὸν
603 1355 747 1409 λίθον
783 1351 1044 1414 διδάσκει,
1081 1343 1301 1418 ὦδέοπη
1347 1347 1648 1411 θεσπίζων·
1675 1349 1898 1415 Κύριον

311 1449 500 1503 αὑτὸν
520 1447 807 1518 ἁγιάσατε
823 1462 837 1475 ο
864 1443 962 1496 καί
992 1440 1176 1506 αὐτὸς
1201 1438 1377 1493 ἔσται
1396 1456 1514 1494 σου
1543 1441 1749 1508 φόϐος.
1769 1438 1896 1492 Κᾶν

307 1543 404 1595 ἐπ’
438 1539 598 1604 αὐτῷ
636 1535 930 1601 πεποιθὼς
966 1529 1062 1606 ᾖς,
1115 1534 1289 1587 ἔσται
1332 1546 1430 1586 σοι
1469 1534 1556 1597 είς
1607 1532 1891 1600 ἀγίασμα,

312 1632 410 1687 καί
448 1634 560 1699 οὐχ
607 1631 686 1694 ὠς
723 1629 896 1682 λίθου
940 1626 1352 1694 προσκόμματι
1394 1623 1891 1689 συναντήσεσθε,

307 1725 437 1778 οὐδ’
461 1726 541 1790 ὡς
573 1721 790 1789 πέτρας
809 1717 1091 1789 πτώματι.
1147 1717 1202 1769 '0
1226 1714 1294 1768 δὲ
1332 1711 1496 1782 οἶκος
1541 1714 1778 1784 Ἰσραὴλ
1823 1716 1892 1768 ἐν

307 1815 538 1886 πηκτίδι,
570 1810 674 1867 καὶ
720 1814 790 1867 ἐν
823 1809 1181 1880 κοιλὰσματι
1226 1811 1280 1862 οι
1325 1807 1645 1877 καθήμενοι
1680 1808 1751 1860 ἐν
1805 1808 1893 1861 Ἰε-

2009 623 2132 685 dus,
2161 621 2403 688 inquam,
2437 631 2588 687 erat,
2628 620 2749 674 vilis
2792 628 2956 688 atque
2999 616 3280 684 abiectus;
3330 629 3501 686 quare
3534 625 3591 672 et

2007 711 2144 781 lapis
2177 710 2495 765 oll'ensionis
2528 726 2594 766 ac
2641 721 2795 780 petra
2827 710 3072 766 scandali
3102 709 3280 762 dictus
3315 714 3419 764 e‘st.
3457 708 3560 776 Qui

2006 807 2128 860 dam
2157 820 2286 874 ergo
2309 805 2482 858 dicit’
2519 823 2530 858 :
2567 804 2657 859 Sic
2697 806 2772 857 ait
2809 804 3089 867 Dominus,
3123 801 3260 856 Ecce
3286 819 3382 872 ego
3437 804 3590 857 mitto

2002 894 2058 946 in
2084 893 2482 960 fundamentum
2514 892 2692 947 Sionis
2735 893 2966 959 lapidem
3007 893 3318 960 pretiosum,
3343 895 3588 957 electum,

2003 986 2333 1054 angularem,
2361 987 2743 1040 Itonorabilem.
2800 983 2866 1037 Et
2889 987 2980 1053 qui
3016 985 3300 1037 crediderit
3346 984 3402 1036 in
3436 999 3579 1050 eum,

2004 1095 2108 1132 non
2138 1079 2508 1144 confundetur.
2546 1079 2662 1148 Ipse
2709 1092 2841 1130 vero
2864 1077 3065 1129 clamat
3097 1095 3110 1130 :
3148 1075 3403 1146 Lapidem
3433 1093 3589 1146 quem

2004 1173 2408 1240 reprobaeerunt
2431 1171 2754 1239 a'di/icantes
2777 1169 2820 1224 ⁸.
2855 1169 2941 1235 Et,
2980 1168 3235 1237 Lapidem
3273 1169 3588 1237 offensionis

2001 1281 2120 1318 eum
2160 1266 2487 1332 appellarunt
2523 1265 2562 1318 '.
2602 1263 2774 1318 Isaias
2804 1277 2931 1315 vero
2954 1263 3112 1315 audet
3139 1263 3319 1315 dicere
3357 1260 3589 1330 lapidem

2004 1358 2167 1420 hunc,
2194 1358 2502 1426 ipsnntesse
2530 1356 2840 1419 Dominum,
2862 1355 2938 1408 ita
2965 1353 3232 1408 deﬁniens
3265 1371 3278 1406 :
3305 1351 3589 1405 Dominum

2003 1452 2174 1518 ipsum
2207 1450 2575 1517 sanctiﬁcale;
2606 1460 2653 1502 et
2673 1450 2785 1515 ipse
2827 1449 2924 1501 erit
2959 1463 3125 1515 pauor
3157 1457 3300 1500 tuus.
3356 1444 3426 1497 Et
3465 1444 3514 1499 si
3541 1437 3591 1496 ei

2002 1541 2232 1609 conﬁsus
2256 1541 2444 1610 fueris,
2468 1541 2569 1593 erit
2601 1541 2697 1593 tibi
2719 1541 2776 1592 in
2807 1539 3308 1606 sanctiﬁcationem,
3335 1551 3500 1603 neque
3528 1541 3590 1589 ut

2000 1634 2054 1687 in
2099 1634 2324 1701 lapidem
2368 1632 2679 1702 oﬂ'endiculi
2722 1633 3040 1702 impingetis,
3086 1646 3252 1700 neque
3287 1630 3344 1682 in
3382 1642 3588 1698 petram

2001 1723 2200 1790 lapsus.
2240 1721 2440 1775 Domus
2473 1734 2650 1774 autem
2688 1719 2910 1774 Israelis
2933 1722 2988 1774 in
3019 1719 3227 1788 laqueo,
3261 1718 3587 1772 habitatores

2006 1813 2336 1868 Hierusalem
2365 1814 2420 1866 in
2468 1814 2656 1883 fovea;
2686 1824 2962 1882 propterea
3014 1814 3326 1880 impotentes
3353 1820 3506 1864 erunt
3537 1809 3584 1867 '.

307 1905 661 1978 ρουσαιιήμ·
702 1905 799 1959 διὰ
851 1903 1026 1957 τοῦτο
1065 1897 1585 1964 ἀδυνατήσουσιν.
1643 1898 1783 1951 Ἀνθ’
1836 1893 1891 1952 οὗ

1997 1906 2103 1962 Pro
2134 1908 2333 1976 quibus
2361 1907 2530 1976 magis
2585 1905 2870 1976 perspicue
2912 1904 3280 1975 Symmachus
3308 1903 3585 1970 interpre-

314 1999 644 2070 σαφέστερος
669 1999 698 2051 6
719 1996 1012 2067 Σύμμαχος
1039 1993 1374 2064 ἡρμήνευσεο
1407 1991 1626 2058 Κύριον
1651 1987 1769 2042 τῶν
1792 1988 1894 2041 δυο

311 2089 568 2160 νόμεων,
603 2087 794 2142 αὐτὸν
823 2083 1127 2155 ἁγιάσατεο
1161 2081 1261 2136 καί
1287 2081 1469 2146 αὐτὸς
1509 2079 1679 2133 ἔσται
1715 2080 1899 2148 φόϐος

311 2180 479 2251 ὑμῶν
542 2178 642 2233 καί
707 2176 1041 2246 κραταίωμα
1111 2172 1312 2243 ὑμῶν,
1389 2171 1488 2226 καί
1567 2172 1739 2225 ἔσται
1809 2173 1898 2236 εις

315 2272 602 2340 ἁγιασμαο
631 2269 715 2333 είς
739 2266 807 2319 δὲ
853 2267 1028 2320 λίθον
1045 2261 1504 2332 προσκόμματος
1538 2258 1636 2311 καί
1686 2260 1773 2324 είς
1803 2257 1900 2311 πέ-

310 2378 457 2433 τραν
501 2356 852 2413 σκανδάλου
892 2355 1016 2421 τοῖς
1052 2352 1233 2408 δυσὶν
1272 2352 1460 2415 οίκοις
1509 2349 1766 2420 Ἰσραὴλ,
1809 2351 1897 2416 εις

310 2451 533 2522 παγίδα
561 2449 659 2504 καὶ
678 2451 766 2516 είς
797 2446 1148 2502 σκάνδαλον
1172 2442 1251 2508 τῷ
1284 2443 1550 2497 οἰκοῦντι
1577 2443 1648 2496 ὲν
1686 2442 1896 2511 Ἰερου-

310 2543 538 2614 σαλήμ.
574 2541 741 2596 Ἔνθα
768 2539 1056 2610 γενόμενος
1081 2537 1378 2607 ἐπίστησον
1409 2535 1531 2588 τίνα
1571 2535 1765 2606 τρόπον
1797 2535 1896 2588 αύ-

308 2634 402 2688 τδν
431 2633 523 2687 τὸν
553 2631 755 2703 Κύριον
774 2628 882 2682 τῶν
906 2627 1190 2698 δυνάμεων
1214 2628 1327 2688 τοῖς
1367 2625 1464 2696 μὲν
1493 2626 1580 2678 επ*
1610 2623 1772 2678 αὐτόν
1798 2640 1895 2676 πε-

311 2725 554 2780 ποιθόσιν
579 2721 797 2776 ἔσεσθαι
827 2722 907 2785 είς
929 2718 1180 2789 ἀγίασμά
1211 2733 1396 2788 φησιν,
1431 2715 1546 2770 ἀλλ’
1575 2717 1672 2786 οὐχ
1701 2714 1778 2778 ὡς
1815 2713 1894 2766 λί-

311 2817 405 2872 θον
445 2815 891 2889 προσκόμματος,
913 2810 1034 2866 οὐδι
1061 2810 1138 2874 ὡς
1174 2808 1380 2880 πέτραν
1422 2807 1741 2878 πτώματοςο
1782 2809 1894 2869 τοις

308 2910 366 2964 δὲ
400 2909 476 2982 μὴ
502 2907 588 2962 ιη’
619 2907 777 2961 αὑτὸν
822 2903 1102 2961 πεποιθόσι
1145 2901 1293 2956 λίθον
1337 2899 1760 2970 προσκόμματος
1798 2899 1893 2951 καὶ

309 3001 517 3073 πέτραν
558 2999 852 3070 πτώματος
888 2993 1213 3067 γενήσεσθαι
1246 2993 1444 3057 δοκεῖν,
1482 2992 1744 3046 διδάσκει.
1781 2991 1892 3044 Καὶ

308 3093 455 3157 τίνες
473 3086 639 3156 οὗτοι,
670 3087 1023 3162 προφητεύει,
1058 3086 1244 3156 σαφῶς
1266 3083 1512 3157 δηλώσας
1541 3086 1668 3148 τοὺς
1693 3086 1772 3148 εἰς
1798 3085 1892 3136 τὸν

309 3187 544 3260 Χριστὸν
591 3186 987 3256 ἐπιστήσαντας
1027 3182 1132 3237 τῶν
1181 3183 1245 3236 ὲκ
1278 3181 1596 3253 περιτομῆς.
1633 3178 1795 3240 Λίθος
1833 3179 1891 3234 δὲ

309 3279 403 3332 καὶ
456 3278 630 3340 ἄλλως
677 3275 1042 3346 ἐχρημάτιζεν
1091 3275 1121 3326 6
1167 3273 1358 3345 Σωτὴρ
1406 3273 1495 3327 διὰ
1543 3273 1602 3326 τὸ
1643 3272 1889 3343 Θεμέλιος

308 3370 552 3444 ἀρραγὴς
602 3369 694 3423 καὶ
728 3370 982 3439 πετραίος
1023 3364 1424 3438 ὑποϐεϐλῆσθαι
1457 3369 1523 3436 τῇ
1565 3365 1714 3436 πάσῃ
1747 3365 1891 3418 olito-

307 3461 470 3534 δομίᾳ
503 3461 601 3532 τῆς
646 3459 786 3513 κατά
826 3458 958 3512 Θεὸν
1001 3458 1295 3521 πολιτείας.
1347 3457 1633 3528 Θεμέλιον
1672 3457 1886 3522 ἄλλον,

311 3554 474 3626 φησιν
514 3554 543 3606 6
578 3552 717 3615 θεῖος
760 3549 1112 3616 Ἁπόστολος,
1163 3550 1364 3617 οὐδεὶς
1410 3549 1660 3604 δύναται
1703 3550 1887 3604 θεῖναι

315 3646 467 3716 παρὰ
491 3645 598 3699 τὸν
640 3646 936 3714 κείμενον,
980 3643 1049 3710 ὅς
1095 3643 1267 3696 ἐστιν
1326 3641 1560 3711 Ἰησοῦς
1605 3644 1886 3712 Χριστόςο

310 3739 405 3792 καὶ
428 3733 600 3800 αὖθις·
649 3738 715 3793 Ἦ
737 3735 806 3791 δὲ
834 3736 1019 3806 πέτρα
1044 3733 1125 3806 ἦν
1148 3737 1181 3787 ό
1197 3735 1469 3804 Χριστός.
1492 3735 1650 3798 Λίθος
1671 3750 1888 3804 τοιγαρ-

309 3828 402 3883 οὖν
438 3831 532 3884 καὶ
569 3831 745 3901 πέτρα
785 3830 880 3883 καὶ
931 3827 1184 3899 θεμέλιος
1226 3826 1324 3881 τοῦ
1372 3826 1515 3880 κατά
1549 3827 1680 3880 Θεὸν
1737 3827 1886 3880 πολι-

307 3922 575 4000 τεύματος
614 3921 776 3984 αὐτὸς
823 3916 923 3992 ἦν·
963 3922 1058 3974 καὶ
1093 3921 1240 3985 λίθος
1281 3921 1691 3993 ἀκρογωνιαίος,
1731 3919 1886 3972 ἐκλε-

310 4013 458 4078 κτός,
487 4013 721 4084 ἔντιμος,
760 4012 967 4083 μηδένα
995 4013 1105 4067 τῶν
1131 4015 1212 4076 είς
1244 4012 1407 4066 αὑτὸν
1442 4011 1748 4080 ἠλπικότων
1789 4011 1885 4066 καὶ

311 4104 751 4160 πεπιστευκότων
796 4103 1083 4174 αἰσχύνων·
1114 4106 1144 4158 6
1179 4104 1223 4158 δ’
1261 4104 1421 4167 αὐτὸς
1449 4102 1594 4168 λίθος
1621 4100 1688 4174 ἦν
1716 4121 1884 4174 προσ-

311 4199 592 4268 κόμματος
634 4196 728 4250 καὶ
781 4195 957 4267 πέτρα
1001 4196 1294 4251 σκανδάλου
1344 4196 1432 4250 διὰ
1481 4195 1544 4249 τὸ
1595 4195 1785 4259 πάθος,
1837 4189 1883 4263 ᾧ

310 4289 676 4362 προσκόπτειν
702 4291 827 4351 τοὺς
858 4287 1220 4352 ἀπιστοῦντας
1260 4287 1566 4360 συμϐαίνει·
1613 4289 1707 4340 καὶ
1737 4287 1884 4352 λίθος

308 4379 370 4433 δν
417 4379 820 4450 ἀπεδοκίμασαν
864 4382 914 4433 οἱ
965 4379 1387 4450 οίκοδομοῦντες.
1453 4380 1668 4452 Ταύτην
1721 4380 1881 4444 αὐτὸς

311 4470 764 4541 ἂπισφραγίζεται
808 4473 907 4543 τὴν
948 4473 1244 4544 ἑρμηνείαν
1287 4472 1377 4526 διὰ
1413 4474 1510 4544 τῆς
1546 4472 1880 4544 παραϐολῆς,

1969 2008 2146 2053 -ισιοε
2173 2007 2257 2053 est
2290 2015 2304 2052 :
2332 1997 2615 2052 Dominum
2647 2000 2930 2061 uirtutum,
2971 1998 3144 2065 ipsum
3183 1993 3518 2062 sanctiﬁcata
3564 2009 3585 2046 :

1995 2103 2043 2146 et
2066 2095 2172 2161 ipse
2196 2093 2291 2145 erit
2327 2108 2496 2157 pauor
2521 2101 2686 2145 vester
2722 2099 2771 2144 et
2793 2090 3078 2160 fortitudo,
3105 2089 3308 2157 eritque
3349 2089 3404 2140 in
3451 2103 3578 2142 san-

1996 2185 2411 2253 ctiﬁcationem;
2448 2183 2583 2252 lapis
2627 2199 2744 2238 vero
2776 2181 3086 2252 olfendiculi
3140 2191 3192 2235 et
3241 2191 3391 2247 petra
3426 2194 3555 2234 scan

1995 2279 2105 2332 doli
2133 2277 2340 2330 duabus
2379 2275 2622 2330 domibus
2667 2275 2912 2339 Israelis,
2948 2274 3168 2343 laqueus
3197 2283 3246 2326 et
3267 2270 3561 2325 scandalun

1994 2370 2184 2426 incola
2223 2368 2585 2425 Hierusalem.
2622 2369 2800 2435 Atque
2825 2368 2928 2422 hoc
2960 2365 3082 2422 loco
3105 2364 3419 2427 considera,
3446 2375 3586 2432 quo-

1995 2461 2156 2516 modo
2204 2461 2380 2531 ipsum
2439 2459 2727 2515 Dominum
2773 2459 3034 2513 virtutum
3089 2454 3490 2511 conlidentibus
3532 2445 3581 2507 ei

1995 2553 2232 2608 futurum
2264 2566 2386 2607 esse
2434 2552 2566 2606 dicit
2594 2553 2645 2604 in
2672 2548 3164 2606 sanctiﬁcationem
3191 2586 3207 2610 ,
3242 2561 3351 2600 non
3381 2553 3569 2598 autem

1994 2643 2048 2700 in
2074 2642 2384 2698 oﬂ'endiculi
2439 2642 2668 2712 lapidem
2701 2681 2716 2705 ,
2751 2649 2808 2695 et
2841 2641 2894 2694 in
2926 2648 3134 2708 petram
3166 2637 3372 2704 lapsus.
3408 2636 3584 2688 Secus

1993 2751 2120 2791 vero
2145 2735 2365 2789 minime
2395 2734 2443 2788 ei
2485 2732 2908 2793 conlidentibus,
2944 2729 3180 2800 lapidem
3209 2728 3453 2781 futurum
3495 2724 3582 2780 ol-

1991 2825 2248 2882 l‘endiculi
2274 2866 2290 2890 ,
2337 2834 2393 2880 et
2424 2836 2632 2893 petram
2673 2823 2879 2892 lapsus,
2909 2821 3080 2876 videri
3128 2820 3307 2874 docet.
3343 2816 3580 2885 Quinam

1991 2927 2172 2972 autem
2226 2916 2278 2970 hi
2309 2917 2449 2978 sint,
2478 2915 2835 2976 vaticinatur,
2878 2910 3167 2966 manifeste
3194 2911 3581 2965 demonstrans

1991 3008 2374 3063 circumcisum
2429 3007 2519 3075 qui
2582 3006 2846 3059 adversus
2900 3002 3178 3057 Christum
3232 2999 3584 3055 consurrexit

1991 3098 2264 3170 populum.
2318 3098 2494 3151 Aliter
2545 3110 2762 3166 quoque
2794 3095 2932 3165 lapis
2987 3103 3069 3149 est
3099 3093 3383 3156 Senator,
3440 3091 3571 3160 quia

1993 3205 2090 3247 ceu
2128 3189 2537 3244 fundamentum
2589 3185 2864 3242 immobile
2910 3199 2975 3240 ac
3007 3171 3300 3253 lapideum,
3331 3183 3582 3249 supposi-
3633 3197 3635 3200 ‘

2002 3295 2086 3337 tus
2138 3281 2239 3336 fuit
2283 3283 2541 3334 universo
2596 3279 2828 3334 aedilicio
2879 3273 3004 3332 vitae
3054 3276 3354 3332 secundum
3409 3275 3578 3329 Deum

1994 3375 2236 3446 agendae.
2265 3370 2696 3425 Fundamentum
2729 3371 2880 3424 aliud
2907 3411 2922 3435 ,
2954 3370 3030 3424 ait
3061 3369 3217 3422 divus
3253 3365 3578 3435 Apostolus.

1995 3479 2143 3519 nemo
2189 3473 2355 3534 potest
2403 3478 2593 3528 ponere
2626 3471 2818 3530 praeter
2863 3459 2982 3529 jam
3015 3459 3242 3527 positum
3270 3497 3286 3522 ,
3320 3457 3476 3526 quod,
3501 3466 3578 3509 est

1994 3557 2234 3611 (.‘ltristus
2265 3554 2420 3608 Jesus
2447 3554 2491 3609 ⁷.
2522 3553 2585 3607 Et
2616 3567 2808 3608 rursus
2846 3569 2861 3605 :
2891 3549 3055 3605 Petra
3093 3560 3269 3602 autem
3291 3560 3402 3602 erat
3431 3545 3580 3601 Clari-

1993 3660 2102 3702 stus
2131 3647 2172 3700 '.
2206 3647 2366 3715 Lapis
2419 3648 2598 3716 itaque
2635 3655 2690 3700 et
2736 3654 2890 3715 petra
2920 3654 2976 3698 et
3011 3642 3420 3697 fundamentum
3453 3643 3580 3692 vita:

1992 3740 2287 3795 secundum
2326 3739 2493 3793 Deum
2521 3736 2764 3807 agenda,
2786 3737 2899 3804 ipse
2919 3744 3074 3798 erat;
3105 3733 3242 3804 lapis
3273 3731 3573 3802 angnlaris,

1992 3832 2216 3892 electus.
2250 3829 2603 3892 honorabilis,
2633 3827 2904 3882 neminem
2939 3827 2992 3879 in
3027 3840 3091 3880 eo
3113 3826 3449 3893 sperantium
3487 3830 3575 3875 at-

1991 3937 2096 3992 que
2111 3921 2493 3977 conﬁdentium
2523 3919 2882 3974 confundens.
2903 3917 3112 3971 llursus
3139 3916 3278 3970 idem
3301 3915 3436 3982 lapis
3457 3921 3577 3967 erat

1991 4012 2300 4069 oﬂendiculi
2321 4022 2376 4067 et
2419 4019 2568 4080 petra
2595 4010 2838 4066 scandali
2885 4019 3105 4079 propter
3133 4008 3465 4076 passionem,
3518 4005 3574 4060 in

1991 4121 2154 4176 quam
2205 4102 2479 4158 oﬂ‘endere
2525 4101 2822 4157 incredulis
2870 4101 3105 4165 accidit;
3147 4108 3200 4154 et
3251 4098 3388 4168 lapis
3413 4111 3571 4166 quem

1991 4198 2420 4265 reprobaverunt
2479 4195 2829 4252 adiﬁcantes.
2893 4192 3044 4248 Hanc
3100 4193 3216 4260 ipse
3284 4191 3573 4245 conﬁrmat

1991 4287 2492 4358 interpretationem
2515 4301 2615 4357 per
2645 4284 2954 4356 parabolam
2981 4323 2996 4348 ,
3029 4283 3241 4337 vineam
3275 4281 3573 4348 agricolas-

1989 4396 2097 4450 que
2133 4379 2418 4441 inducens,
2477 4390 2774 4446 servosque
2811 4377 3006 4430 missos
3043 4374 3248 4444 primos
3275 4385 3330 4428 et
3373 4372 3573 4427 alteros

1989 4475 2057 4526 ab
2102 4469 2358 4542 agricolis
2392 4469 2590 4535 injuria
2641 4467 2913 4523 aﬂ‘ectos:
2956 4475 3340 4535 postremoque
3388 4464 3562 4519 lilium

312 4563 607 4634 ἀμπελῶνα
637 4565 730 4618 καὶ
752 4567 1030 4636 γεωργοὺς
1052 4565 1284 4635 είσάγων
1301 4566 1516 4629 δούλους
1539 4583 1598 4618 τε
1622 4566 1883 4620 ἀπεσταλ-

1994 4580 2015 4615 τι
2043 4575 2195 4627 patre
2227 4563 2472 4622 missum.
2515 4569 2568 4615 et
2597 4561 2666 4614 ab
2699 4558 2878 4628 impiis
2903 4557 3158 4628 agricolis
3195 4557 3568 4611 interfectum.

316 4657 507 4727 μένους
527 4657 772 4730 πρώτους
793 4659 883 4710 καὶ
907 4657 1190 4729 δευτέρους
1210 4657 1594 4730 ὑϐριζομένους
1619 4658 1754 4729 πρὸς
1778 4657 1888 4711 τῶν

313 4747 591 4819 γεωργῶν
609 4750 702 4804 καὶ
724 4749 874 4812 τέλος
907 4749 1049 4802 ’Υίὸν
1077 4751 1357 4820 ἀγαπητὸν
1386 4751 1489 4806 ὑπὸ
1519 4751 1616 4820 μὲν
1646 4750 1741 4804 τοῦ
1773 4751 1887 4804 Πα-

319 4839 440 4910 τρδς
491 4841 923 4912 ἐκπεμπόμενον,
970 4843 1075 4895 ὑπὸ
1101 4843 1157 4896 δὲ
1185 4842 1397 4896 ἀσεϐῶν
1450 4844 1710 4914 γεωργῶν
1746 4843 1881 4896 ἀπο⁹

1994 4654 2124 4709 Post
2144 4669 2306 4723 quam
2326 4651 2642 4723 parabolam
2669 4651 2851 4716 infert,
2874 4649 3002 4718 quid
3029 4650 3118 4712 sit,
3143 4646 3392 4714 Lapidem
3416 4662 3568 4712 quem

1993 4750 2395 4816 reprobaverunt
2436 4746 2761 4814 ludiﬁcantes
2791 4784 2807 4811 ,
2859 4744 2942 4797 hic
2996 4741 3172 4810 factus
3214 4751 3288 4795 est
3319 4741 3375 4794 in
3410 4748 3570 4809 caput

1991 4840 2173 4906 anguli
2199 4838 2241 4890 ’.

321 4931 680 5004 κτιννύμενον.
715 4933 845 4986 Μεθ’
878 4933 946 5004 ἣν
969 4933 1277 5005 παραϐολὴν
1305 4937 1575 5007 ιπιφέρει,
1610 4937 1662 4988 τί
1692 4937 1808 4989 ἐστι
1848 4934 1929 4997 τὸ,
1969 4934 2150 4987 Λίθον
2206 4930 2278 4983 ὃν
2315 4927 2771 4997 ἀπεδοκίμασαν
2797 4928 2849 4981 οι
2877 4921 3352 4993 οἰκοδομοῦντες,
3384 4917 3566 4986 οὗτος

317 5022 562 5094 ἐγενήθη
589 5025 676 5090 είς
696 5024 970 5094 κεφαλὴν
993 5027 1229 5096 τιυνίας.

1044 5117 1120 5172 Z'.

382 5204 494 5279 (68)
533 5205 749 5276 Ἐπειδὴ
779 5205 944 5258 δὲκαὶ
969 5208 1102 5278 περὶ
1133 5207 1227 5261 τοῦ
1249 5208 1417 5261 τόπου
1451 5208 1684 5279 ἔχρησεν
1720 5209 1748 5260 6
1782 5205 1878 5260 τοῦ

311 5297 445 5352 Θεοῦ
469 5299 661 5366 Λόγος,
690 5298 821 5369 φέρε
845 5298 1040 5368 ἴδωμεν
1071 5299 1170 5363 τὰς
1198 5299 1363 5354 αὐτοῦ
1388 5301 1516 5372 περὶ
1548 5298 1737 5353 τούτου
1768 5316 1882 5368 φωρ

312 5388 425 5450 νάς.
445 5389 519 5441 οὐ
540 5389 795 5460 φέροντες
819 5388 985 5442 αὑτοῦ
1012 5389 1112 5460 τὴν
1136 5391 1338 5463 σεμνὴν
1367 5392 1736 5454 διδασκαλίαν,
1756 5391 1878 5445 οὔτε

313 5479 410 5551 τὴν
441 5479 744 5551 πρόρρησιν
760 5479 869 5551 (69)
884 5482 978 5534 καὶ
990 5481 1115 5545 τοὺς
1131 5481 1407 5552 ιλέγχους,
1425 5485 1476 5536 οἱ
1491 5482 1597 5536 τῶν
1613 5483 1878 5538 Ἰουδαίων

383 5595 404 5626 ⁸
433 5594 556 5647 Isai.
580 5608 768 5658 sum,
791 5591 876 5648 l6.
962 5592 987 5625 δ
1010 5592 1155 5650 Psal.
1184 5595 1462 5660 cxm,22.

313 5677 481 5728 cum,
505 5663 599 5720 22.

385 5775 495 5847 (es)
515 5775 646 5847 ςριι.
672 5777 736 5830 Α.
761 5773 798 5828 l.
824 5775 947 5847 tas.
980 5775 1103 5847 Syr.
1130 5793 1204 5843 ιν,
1239 5777 1326 5832 ts.

385 5843 500 5916 (69)
522 5843 744 5902 Videtur
767 5843 1040 5904 declinare
1062 5862 1092 5903 a
1139 5861 1302 5904 sensu
1331 5847 1519 5915 Syrus,
1558 5847 1648 5912 qui
1701 5845 1870 5900 divul-

1536 5595 1559 5628 '
1579 5593 1703 5652 lsai.
1727 5611 1844 5661 νηί,
1870 5596 1958 5652 14.

2725 5106 2834 5163 vn.

2058 5206 2194 5274 Quia
2216 5217 2348 5259 vero
2373 5203 2441 5258 de
2460 5201 2581 5258 loco
2604 5201 2767 5256 etiam
2799 5211 3078 5253 oracu.um
3117 5195 3288 5250 edidit
3318 5194 3408 5248 Dei
3437 5195 3566 5249 Ver-

1984 5297 2152 5365 bum,
2199 5294 2572 5366 agesisipsins
2618 5293 2720 5347 hac
2768 5291 2834 5346 de
2882 5303 2940 5343 re
2966 5303 3125 5343 voces
3154 5287 3558 5341 animadverta-

1988 5405 2128 5446 mus.
2160 5387 2293 5443 Cum
2323 5401 2422 5441 nec
2456 5387 2572 5454 ejus
2602 5382 2963 5438 venerandam
3009 5380 3309 5435 doctrinam
3340 5419 3356 5444 ,
3384 5393 3561 5446 neque

1984 5479 2327 5541 vaticinium,
2358 5491 2534 5546 neque
2555 5474 3007 5544 reprehensiones
3033 5485 3188 5540 aequo
3215 5471 3396 5523 animo
3445 5467 3557 5522 ler-

2037 5595 2206 5651 ‘ibid.
2239 5595 2329 5650 l5.
2405 5594 2426 5625 ⁷
2450 5592 2466 5647 l
2489 5591 2615 5648 Cor.
2643 5607 2723 5657 m,
2745 5591 2830 5646 ll.
2898 5587 2921 5619 '
2950 5587 2971 5642 ι
3001 5586 3130 5645 Cor.
3151 5600 3208 5651 ι,
3230 5583 3284 5637 4.
3365 5583 3388 5615 ⁹
3411 5581 3556 5637 Psal.

1981 5778 2243 5904 {potionem
2273 5817 2288 5846 ,
2346 5790 2452 5831 non
2513 5783 2691 5831 autem
2741 5773 3174 5847 pradictionem,
3223 5778 3526 5840 interprets

2005 5865 2086 5904 lll'.

2005 5865 2086 5904 Ill'.
