4106 6396
634 341 741 397 ϐιὸ

1270 308 1277 313 ’
1324 336 1590 396 unseen
1626 332 2098 392 cmssmmvers
2137 333 2170 391 ο

2272 376 2286 390 .
2327 332 2504 387 PARS
2541 329 2629 387 IV.
2668 364 2735 375 -—
2775 329 3189 388 DOGSIATICA.

3723 329 3829 385 ςιι

634 468 755 512 rent
780 455 1079 511 Juda'orum
1124 452 1392 521 principes
1424 492 1439 514 .
1487 452 1616 505 urbe
1645 453 1790 505 illum
1845 452 1996 505 abire
2020 467 2170 505 cura-

2273 450 2556 520 ἆρχοντες,
2598 450 2699 519 τῆς
2742 448 2944 512 πόλεως
2989 446 3363 517 ἀπαλλαγῆναι
3394 445 3633 498 ἐποίουν.
3678 445 3737 496 ’0
3781 425 3830 498 δν

632 556 777 602 runt.
829 544 1117 597 Discedens
1163 545 1340 595 autem
1383 531 1764 611 Hierosolymis
1789 541 2038 594 Christus
2078 543 2173 596 bas

631 637 796 689 edidit
821 633 1225 689 contra'ttrbetn
1277 646 1437 685 voces
1469 650 1482 685 :
1519 630 1871 696 Hierusalem,
1917 631 2172 685 Hierusa-

628 724 749 782 lem.
787 736 1137 787 strpenmnero
1176 719 1347 786 optavi
1391 718 1533 786 ﬁlios
1571 730 1686 772 tuos
1718 736 2063 788 congregare,
2094 730 2174 773 trt-

629 820 802 864 tamert
828 827 913 863 ros
940 810 1201 861 rettuistis.
1236 806 1317 859 En
1349 808 1660 877 relinquitur
1695 809 1836 862 vobis
1864 810 2049 862 domus
2093 826 2174 863 tte-

629 912 739 953 stra
765 902 968 954 deserta
995 900 1057 954 ".
1082 896 1197 951 lam
1224 911 1328 950 non
1362 896 1451 950 Dei
1484 898 1694 951 dontum
1733 900 1983 963 templum
2021 898 2169 961 illud,

629 990 1105 1055 sanctuariumque
1137 1001 1256 1041 esse
1294 988 1686 1050 demonstrans,
1720 988 1812 1041 sed
1842 987 2053 1041 illorum
2086 989 2175 1041 do-

630 1092 797 1142 mum,
828 1088 1044 1148 propter
1069 1075 1244 1130 scelus
1266 1075 1543 1129 infandum
1571 1076 1711 1143 quod
1738 1086 2033 1129 consecuto
2052 1093 2171 1131 ηιυι

633 1180 867 1237 tempore
900 1168 1093 1221 ibidem
1124 1177 1387 1234 patratum
1421 1176 1503 1218 est
1535 1182 1550 1216 ι
1583 1179 1771 1233 nempe
1818 1165 2049 1219 immane
2078 1166 2173 1220 Ju-

629 1261 862 1315 deorum
886 1267 1073 1312 contra
1097 1257 1435 1311 Servatorem
1466 1255 1749 1325 piaculum.
1772 1256 1938 1310 Porro
1958 1272 2173 1311 necesse

629 1358 744 1406 erat
773 1364 879 1405 non
916 1349 1063 1403 urbis
1110 1348 1277 1402 solum
1312 1346 1552 1409 incolas,
1599 1361 1779 1399 verum
1822 1347 1982 1400 etiam
2023 1326 2171 1415 pavi-

630 1451 867 1495 mentum
902 1438 1048 1502 illud,
1080 1453 1186 1507 quo
1217 1446 1492 1504 tantopere
1520 1436 1926 1507 gloriabantur;
1952 1437 2170 1507 dignun:

631 1530 832 1582 referre
858 1527 1080 1596 pretium
1110 1525 1404 1578 facinorum
1450 1527 1518 1577 ab
1576 1525 1765 1580 incolis
1812 1516 2169 1594 patratnrum.

630 1616 685 1671 Id
712 1617 854 1683 quod
887 1629 989 1669 non
1033 1616 1200 1668 multo
1232 1626 1349 1681 post
1380 1616 1599 1677 accidit,
1631 1630 1750 1667 cum
1801 1602 2029 1669 Romani
2081 1632 2171 1669 ur-

629 1711 746 1762 bem
771 1708 939 1762 adorti
969 1747 982 1771 ,
1025 1708 1167 1761 cives
1197 1707 1312 1774 eius
1355 1709 1545 1776 partim
1583 1706 1704 1760 belli
1732 1706 1854 1773 jure
1886 1707 2165 1761 intereme-

630 1808 774 1860 runt.
807 1799 998 1867 partim
1033 1799 1275 1867 captivos
1312 1799 1681 1861 abduxerunt;
1723 1808 1776 1852 et
1806 1809 2001 1866 praeter
2032 1797 2169 1853 fame

628 1898 868 1949 necatos.
920 1889 1177 1957 reliquam
1208 1889 1597 1943 multitudinem
1624 1890 1740 1944 loco
1765 1892 2088 1944 abstractam
2117 1892 2167 1945 in

626 1981 773 2034 orbis
808 1990 964 2033 terrae
1008 1982 1313 2032 vastitatem
1368 1980 1773 2048 disperserunt:
1812 1980 2040 2051 dentque
2077 1996 2170 2035 eo-

630 2087 745 2125 rttm
795 2072 1009 2125 domum
1058 2086 1150 2124 seu
1190 2070 1437 2138 templum
1475 2070 1882 2135 inﬂammantes,
1915 2072 1964 2125 in
1990 2074 2170 2127 deser-

629 2161 888 2215 tissimam
921 2159 1262 2214 solitudinem
1316 2169 1716 2213 converterunt.
1764 2159 1906 2214 Sane
1938 2161 2050 2214 haec
2079 2176 2171 2230 po.

627 2259 770 2305 stero
839 2260 1075 2319 tenuiore
1138 2249 1527 2317 contigerunt;
1577 2250 1667 2302 sed
1723 2250 1862 2303 enim
1898 2250 2168 2315 Servator,

629 2341 767 2394 Deus
788 2341 993 2395 scilicet
1015 2341 1262 2403 Verbum,
1293 2340 1629 2407 przescientia
1659 2350 1831 2398 utens.
1854 2356 1971 2408 quae
1992 2341 2167 2395 futura

626 2442 783 2484 erant
809 2430 1188 2497 suprascriptis
1219 2430 1401 2483 verbis
1435 2440 1557 2482 ante
1583 2432 1862 2485 nuntiavit.
1898 2413 2056 2485 Urbis
2076 2446 2169 2484 au-

630 2530 735 2574 tem
784 2521 921 2573 lllios
954 2521 1183 2589 appellat
1216 2530 1425 2589 gentem
1463 2518 1737 2572 Judaicam
1760 2558 1774 2581 ,
1806 2521 2017 2573 domum
2042 2534 2172 2575 vero

626 2626 812 2663 eorum
846 2610 975 2663 dicit
1026 2624 1123 2678 pro
1176 2609 1391 2677 templo.
1455 2609 1654 2663 Deinde
1690 2618 1915 2661 testatur
1945 2608 2062 2663 fore
2112 2620 2171 2663 ut

628 2702 860 2768 ipsorum
896 2699 1046 2768 culpa
1103 2700 1234 2753 diris
1278 2702 1490 2754 casibus
1534 2702 1877 2764 irretiantur;
1928 2701 2169 2766 quando-

624 2791 837 2859 quidem
892 2790 1002 2856 ipse
1035 2789 1177 2841 baud
1221 2788 1384 2842 semel
1430 2798 1653 2843 conatus
1708 2788 1884 2843 fuerat
1932 2791 2164 2843 sobolem

624 2897 807 2936 eorum
837 2880 935 2933 sub
968 2878 1180 2947 pietatis
1207 2876 1391 2946 iugum
1426 2878 1659 2939 mittere,
1700 2878 1821 2930 dum
1852 2892 2035 2931 curam
2072 2891 2166 2932 eo-

625 2974 864 3030 rumdent
889 2980 1191 3039 perpetuam
1215 2980 1441 3037 gereret,
1474 2984 1569 3036 per
1589 2968 1829 3035 singulos
1862 2969 2157 3037 pmphetas

626 3062 971 3131 singulasque
1014 3070 1198 3113 aetates
1247 3075 1276 3111 a
1319 3059 1585 3126 pravitate
1636 3072 1729 3110 eos
1777 3058 2059 3110 retrahens
2103 3071 2165 3110 ac

629 3160 916 3201 revocans.
952 3144 1217 3199 Caeterum
1258 3146 1310 3199 bi
1337 3146 1546 3199 vocanti
1583 3145 1800 3199 minime
1826 3145 2166 3214 obtempera-

628 3248 850 3301 verunt;
909 3236 1425 3303 quamobrem-tulit
1478 3236 1530 3289 in
1566 3249 1660 3289 eos
1711 3236 1796 3289 bis
1842 3234 2020 3290 verbis
2050 3250 2172 3289 sen-

630 3326 848 3380 tentiam
874 3344 889 3379 :
916 3325 1048 3378 Ecce
1071 3326 1376 3394 relinquitur
1398 3328 1533 3379 vobis
1554 3328 1734 3378 domus
1751 3334 1921 3379 vestro
1946 3326 2167 3382 deserta.

628 3416 992 3471 Solertissinte
1027 3429 1151 3469 vero
1199 3431 1305 3469 non
1352 3415 1538 3469 urbem
1586 3416 1856 3469 desertam
1883 3416 2018 3489 fore
2058 3418 2166 3481 ait,

626 3507 722 3559 sed
747 3506 959 3559 domum
988 3519 1105 3573 qua:
1139 3504 1208 3557 ibi
1234 3513 1375 3569 erat,
1406 3505 1456 3557 id
1490 3514 1570 3558 est
1597 3505 1870 3572 templum,
1894 3506 2035 3573 quod
2057 3505 2166 3571 jam

626 3611 733 3649 non
760 3610 914 3665 suum
970 3608 1141 3661 neque
1185 3594 1276 3647 Dei
1319 3594 1675 3649 habitaculum
1711 3595 1895 3648 haberi
1924 3595 2053 3660 vult,
2076 3596 2168 3649 sed

627 3689 834 3741 illorum
876 3700 995 3740 esse
1037 3685 1132 3738 ait.
1184 3684 1461 3739 Desertum
1510 3700 1638 3739 vero
1678 3686 1817 3739 haud
1854 3685 2009 3739 aliter
2054 3680 2168 3741 fore

624 3779 966 3843 vaticinatur,
987 3777 1086 3830 nisi
1115 3778 1237 3844 quia
1279 3786 1534 3829 consueta
1570 3777 1655 3830 illa
1693 3777 1785 3831 Dei
1816 3792 1943 3832 cura
1981 3793 2045 3832 ac
2082 3792 2169 3846 pa-

627 3868 856 3924 trocinio
896 3869 1227 3935 spoliandum
1270 3879 1409 3921 erat.
1460 3868 1640 3921 Mirari
1676 3878 1852 3922 autem
1883 3870 2023 3923 subit
2055 3885 2168 3925 ser-

630 3960 803 4013 monis
832 3957 1100 4021 eﬂ‘ectum,
1133 3958 1254 4025 quia
1288 3972 1553 4024 nunquam
1580 3959 1717 4012 alias
1755 3958 1822 4012 ad
1854 3968 2053 4012 tantam
2082 3975 2169 4014 so-

628 4050 905 4105 litudinem
953 4050 997 4103 is
1030 4048 1175 4101 locus
1226 4048 1471 4105 redactus
1520 4050 1647 4113 fuit;
1696 4063 1763 4103 ne
1808 4058 1919 4102 tum
1953 4050 2166 4117 quidem

626 4154 747 4193 cum
780 4137 849 4192 ob
875 4138 1195 4206 impietatem
1221 4137 1515 4191 incolarum
1552 4146 1709 4205 atque
1740 4138 2091 4193 idololatrian)
2115 4148 2169 4193 et

628 4230 1005 4299 prophetarum
1046 4232 1255 4294 cades,
1305 4230 1359 4283 in
1390 4211 1801 4297 Babyloniorum
1854 4239 2165 4298 petestatem

629 4320 772 4371 venit
811 4335 825 4371 :
872 4318 963 4371 illo
1011 4321 1154 4372 enim
1197 4329 1436 4385 tempore
1472 4319 1876 4387 septuagenaria
1920 4317 2022 4371 fuit
2066 4320 2166 4373 loci

2271 541 2566 611 ἀναχωρῶν
2585 541 2693 593 τῶν
2742 541 2805 593 Ἱε
2814 538 2998 610 ροσολύ
3006 556 3119 608 μων
3142 538 3352 590 τοίασδε
3392 538 3667 608 προήκατο
3686 534 3830 590 κατὰ

2269 631 2370 700 τῆς
2418 632 2620 693 πόλεως
2664 620 2865 699 φωνάς·
2911 628 3338 696 Ἰερουσαλὴμ,
3389 626 3782 694 Ἰερουσαλὴμ
3809 652 3830 689 ,-

2272 720 2526 787 ποσάκις
2557 721 2828 787 ἠθέλησα
2850 719 3309 788 ἐπισυναγαγεῖν
3348 717 3527 772 τέκνα
3557 720 3703 780 dou,
3727 717 3828 787 καὶ

2272 814 2382 866 οὐκ
2409 810 2761 878 ἠθελήσατε.
2817 810 2958 864 Ἰδοὺ
2989 811 3220 878 ἀφίεται
3244 808 3383 877 ὑμῖν
3407 812 3439 862 ό
3466 804 3629 879 οἶκός
3661 805 3831 875 ὐμεῖιὺρ

2271 902 2511 969 ἕρημος·
2542 900 2721 953 οὐκέτι
2756 896 2900 953 οἷκον
2928 898 3061 953 Θεοῦ
3093 898 3183 950 τὸν
3215 897 3347 952 νεὼν
3382 900 3473 950 καὶ
3506 898 3567 951 τὸ
3596 897 3656 950 ἐν
3678 895 3829 966 αὐτῷ

2271 989 2681 1060 ἀγίασμα,ἀλλά
2714 990 2892 1042 αὐτῶν
2922 985 3058 1042 εἶναι
3080 984 3223 1041 οἷκον
3238 988 3667 1057 ἀποφηνάμενοςο
3703 987 3829 1057 μιά-

2274 1096 2473 1150 σματος
2489 1081 2595 1149 γὰρ
2616 1079 2840 1146 ἐναγοῦς
2857 1080 2914 1131 ἐν
2944 1078 3020 1149 τῷ
3043 1079 3179 1148 μετά
3194 1076 3366 1130 ταῦτα
3381 1076 3552 1146 χρόνῳ
3565 1075 3828 1146 δρασθέν-

2270 1187 2359 1233 τος
2391 1171 2481 1223 ὑπ’
2503 1168 2698 1233 αὐτῶν,
2721 1168 2877 1222 τοῦτο
2913 1168 2958 1220 δ’
2992 1164 3059 1237 ἦν
3083 1170 3143 1221 τὸ
3172 1166 3436 1236 τολμηθὲν
3464 1166 3647 1230 αὐτοῖς
3694 1158 3829 1232 ἀγος

2271 1261 2409 1314 κατά
2443 1260 2535 1314 τοῦ
2567 1260 2837 1331 Σωτῆρος,
2871 1260 3035 1330 ἐχρῆν
3067 1255 3237 1330 δήπου
3279 1257 3352 1328 μὴ
3382 1256 3537 1327 μόνον
3571 1256 3698 1319 τοὺς
3722 1256 3823 1333 τῆς

2270 1351 2475 1415 πόλεως
2510 1352 2826 1422 οἰκήτορας,
2860 1349 2995 1401 ἀλλά
3031 1350 3122 1402 καὶ
3158 1346 3289 1401 αὐτὸ
3319 1347 3378 1400 τὺ
3420 1347 3629 1416 ἔδαφος,
3665 1346 3749 1414 ἐφ’
3779 1338 3827 1412 ᾧ

2273 1440 2413 1510 μέγα
2457 1440 2730 1511 ἐφρόνουν,
2780 1438 3069 1508 τάπίχειρα
3124 1430 3197 1490 ὧν
3247 1437 3475 1507 ἔδρασαν
3523 1436 3823 1506 οἰκήτορες,

2269 1531 2458 1583 παθεῖν
2478 1546 2489 1558 ·
2526 1530 2561 1583 ἀ
2590 1528 2651 1599 δή
2688 1529 2777 1582 καὶ
2809 1527 3139 1580 πεπόνθασιν
3169 1528 3267 1579 ούκ
3296 1528 3375 1588 είς
3420 1525 3649 1596 μακρὸν,
3688 1525 3827 1577 Ῥω-

2273 1621 2445 1691 μαίων
2482 1619 2809 1672 ἐπελθόντων
2830 1622 2894 1689 τῇ
2925 1618 3096 1681 πόλει,
3127 1618 3222 1670 καὶ
3252 1616 3359 1669 τῶν
3377 1615 3672 1684 οἰκητόρων
3699 1616 3827 1675 τοὺς

2273 1712 2368 1780 μὲν
2401 1709 2630 1779 πολέμου
2662 1709 2808 1779 νόμῳ
2828 1707 3300 1777 κατασφαξάντων,
3332 1708 3456 1769 τοὺς
3480 1705 3524 1757 δ’
3548 1703 3827 1775 αἰχμαλώ-

2268 1817 2389 1862 τους
2404 1800 2826 1866 ἀπαγαγόντων,
2849 1800 2973 1861 τοὺς
2993 1798 3047 1850 δὲ
3070 1797 3210 1867 λιμῷ
3239 1796 3678 1866 διαφθειράντων,
3696 1794 3825 1856 τοὺς

2227 1940 2238 1954 ,
2265 1889 2308 1941 δ’
2356 1890 2738 1941 ἀπελασάντων
2790 1890 2882 1940 καὶ
2911 1890 2988 1949 είς
3027 1889 3200 1940 πάντα
3237 1888 3396 1938 τόπον
3436 1883 3823 1937 διασκεῶσάν-

2265 1997 2369 2033 των
2398 1978 2528 2048 (70),
2559 1980 2648 2031 τὸν
2675 1963 2720 2029 ἐἴς
2741 1972 2886 2030 οἷκον
2913 1978 3089 2031 αὐτῶν
3119 1979 3209 2031 καὶ
3232 1977 3320 2029 τὸν
3345 1974 3475 2029 νεὼν
3504 1975 3823 2047 ἐμπρησάν-

2264 2082 2393 2131 των,
2413 2070 2487 2132 είς
2525 2068 2724 2138 ἔσχατα
2742 2085 2803 2120 τε
2830 2066 3061 2137 ἐρημίας
3083 2066 3494 2136 περιϐαλόντων.
3532 2064 3693 2120 Ἀλλά
3714 2063 3822 2135 γάρ

2264 2160 2464 2213 τούτων
2485 2161 2542 2211 ἐν
2567 2163 2678 2221 τοῖς
2707 2159 2841 2229 μετὰ
2872 2158 3040 2211 ταῦτα
3071 2159 3279 2229 χρόνοις
3310 2156 3633 2227 γενομένων,
3684 2172 3822 2227 προ-

2266 2252 2441 2305 λαϐὼν
2472 2253 2501 2303 ό
2544 2252 2731 2321 Σωτήρ
2771 2251 2831 2302 τὸ
2879 2248 3065 2319 μέλλον
3089 2248 3160 2319 ’τῇ
3204 2248 3525 2320 προγνώσει,
3572 2244 3657 2301 οἷα
3689 2248 3824 2312 Θεὸς

2267 2344 2455 2411 Λόγος,
2506 2342 2575 2394 τὰ
2619 2340 3003 2411 συμϐησόμενα
3037 2340 3392 2411 προαγορεύει
3422 2340 3511 2392 διά
3542 2340 3647 2392 τῶν
3689 2356 3823 2410 προ-

2266 2435 2547 2505 κειμένων.
2567 2432 2739 2484 Τέκνα
2758 2432 2811 2484 δὲ
2843 2432 2941 2501 τῆς
2970 2430 3174 2493 πόλεως
3194 2430 3443 2501 ὀνομάζει
3465 2430 3526 2483 τδ
3559 2429 3822 2483 Ἰουδαίων

2270 2526 2373 2577 πᾶν
2406 2522 2586 2585 ἔθνοςο
2620 2517 2764 2587 οἷκον
2783 2520 2839 2573 δὲ
2872 2519 3049 2573 αὐτῶν
3085 2519 3349 2573 ἀποκαλεῖ
3384 2520 3474 2572 τὸν
3504 2518 3660 2573 νεών.
3690 2514 3828 2571 Εἶτα

2269 2610 2618 2683 μαρτύρεται,
2650 2612 2728 2663 ὃτι
2747 2610 2898 2681 παρὰ
2912 2610 3008 2680 τὴν
3040 2611 3214 2663 αὐτῶν
3243 2611 3417 2664 αίτίαν
3432 2609 3498 2661 τὰ
3528 2608 3828 2679 σκυθρωπά

2264 2704 2456 2766 αὐτοὺς
2481 2702 2856 2773 μετελεύσεται
2877 2719 2888 2731 ’
2926 2702 3219 2773 ἐπειδήπερ
3250 2702 3409 2765 αὐτὸς
3443 2701 3538 2772 μὲν
3568 2700 3822 2762 πολλάκις

2265 2795 2676 2861 ἐπισυναγαγεῖν
2695 2794 2871 2847 αὐτῶν
2891 2793 3134 2845 τὰτέκνα
3160 2792 3265 2844 ὑπὸ
3289 2792 3377 2844 τὸν
3403 2792 3498 2861 τῆς
3519 2789 3825 2852 θεοσεϐείας

2265 2886 2422 2952 ζυγὸν
2452 2884 2789 2953 βεϐούληται,
2822 2880 2908 2936 οἷα
2938 2886 3000 2936 ἐκ
3030 2883 3122 2936 τοῦ
3153 2884 3349 2945 παντὸς
3376 2882 3625 2953 πρόνοιαν
3646 2878 3825 2935 αὐτῶν

2266 2975 2648 3045 πεποιημένος,
2676 2976 2741 3027 δι’
2779 2975 3006 3027 ἑκάστου
3033 2990 3092 3025 τε
3118 2974 3393 3044 προφήτου
3428 2972 3521 3023 καὶ
3553 2970 3677 3023 καθ’
3702 2971 3827 3025 ἐκά-

2268 3081 2397 3135 στην
2412 3064 2599 3132 γενεὰν
2623 3062 2957 3133 ἐπιστρέφων
2974 3061 3168 3123 αὐτοὺς
3189 3062 3279 3113 καὶ
3294 3055 3558 3114 ἀνακαλού
3566 3074 3745 3128 μενος·
3769 3060 3821 3111 οί

2273 3152 2329 3205 δέ
2351 3153 2449 3205 οὐκ
2483 3155 2669 3223 ήθελον
2696 3150 2995 3204 ὑπακοῦσαι
3125 3150 3340 3219 κλήσει·
3376 3143 3435 3201 οὗ
3456 3147 3518 3219 δὴ
3542 3148 3698 3221 χάριν
3725 3148 3824 3217 τὴν

2273 3244 2391 3297 κατ’
2429 3244 2606 3296 αὐτῶν
2659 3242 2930 3309 ἀπόφασιν
2986 3240 3366 3312 προενήνεκται
3408 3238 3574 3293 εἰπών
3600 3256 3614 3270 ⁸
3670 3234 3825 3292 Ἰδοὺ

2272 3333 2502 3402 ἀφίεται
2556 3331 2698 3399 ὑμῖν
2734 3334 2767 3384 ό
2803 3327 2968 3395 οἷκος
3009 3329 3175 3398 ὑμῶν
3223 3332 3457 3399 ἕρημος.
3506 3331 3718 3401 Σφόδρα
3765 3331 3828 3385 ἃ
3862 3314 3873 3325 Κ

2271 3421 2507 3491 ἀκριϐῶς
2528 3420 2586 3472 ού
2604 3420 2698 3490 τὴν
2717 3429 2868 3472 πόλιν
2890 3418 3093 3489 ἔρημον
3118 3417 3331 3471 ἔσεσθαί
3358 3430 3537 3487 φησιν,
3569 3418 3705 3471 ἀλλά
3730 3417 3825 3473 τὸν

2270 3514 2328 3564 ἐν
2366 3511 2501 3580 αὐτῇ
2536 3506 2704 3573 οἶκον,
2742 3510 2937 3581 δηλαδὴ
2968 3510 3059 3562 τὸν
3090 3507 3223 3562 νεών
3244 3525 3255 3536 ·
3284 3508 3345 3561 ὃν
3373 3508 3553 3562 οὐκέτι
3594 3509 3823 3575 ἑαυτοῦ,

2271 3600 2381 3654 ἀλλ’
2407 3601 2526 3653 ούδε
2545 3599 2637 3653 τοῦ
2670 3599 2804 3653 Θεοῦ
2847 3594 2991 3651 οἶκον
3017 3598 3257 3668 βούλεται
3285 3597 3658 3667 χρηματίζειν,
3703 3596 3820 3650 ἀλλ’

2271 3689 2447 3743 αὐτῶν
2476 3685 2609 3741 εἷναί
2630 3705 2810 3757 φησιν.
2844 3687 3082 3756 Ἔρημον
3108 3684 3165 3738 δὲ
3197 3685 3356 3737 αὐτὸν
3388 3682 3602 3736 ἔσεσθαι
3631 3682 3823 3735 θεσπί-

2273 3779 2374 3843 ζει.
2407 3781 2505 3833 οὐκ
2536 3780 2703 3841 ἄλλως
2725 3780 2758 3849 ἢ
2787 3764 2891 3830 ὑπὸ
2904 3776 3003 3845 τῆς
3030 3776 3291 3848 πρότερον
3314 3773 3710 3844 ἐπισκοπούσης
3727 3774 3813 3827 αύο

2271 3874 2361 3925 τὸν
2398 3871 2648 3944 προνοίας
2684 3869 3257 3941 καταλειφθησόμενον.
3305 3867 3413 3920 Καὶ⁵
3440 3866 3503 3937 δή
3548 3865 3828 3936 θαυμάσαι

2272 3964 2384 4017 ἐστι
2430 3962 2522 4016 τοῦ
2573 3961 2730 4030 λόγου
2776 3960 2837 4013 τὸ
2881 3959 3247 4029 ἀποτέλεσμα,
3282 3958 3452 4027 ὁτιδὴ
3490 3957 3607 4027 μηδ’
3635 3957 3821 4011 ἀλλοτε

2274 4054 2489 4105 πώποτε
2526 4052 2789 4122 τοσαύτην
2827 4050 3111 4120 ὑπέμεινεν
3142 4047 3378 4119 ἐρημίαν
3417 4049 3446 4099 ό
3485 4047 3676 4111 τόπος,
3713 4047 3821 4100 ob?

2273 4144 2359 4195 ὅτε
2393 4143 2479 4197 διὰ
2529 4142 2626 4206 τάς
2669 4140 3105 4213 ὑπερϐαλλούσας
3160 4138 3337 4192 αὐτῶν
3372 4136 3683 4200 δυσσεϐείας
3728 4138 3822 4190 καὶ

2273 4233 2726 4304 εἰδωλολατρείας,
2767 4232 2862 4295 τάς
2892 4248 2950 4284 τε
2979 4230 3121 4284 κατά
3145 4229 3251 4282 τῶν
3283 4228 3571 4301 προφητῶν
3609 4243 3819 4298 μιαιφο-

2273 4324 2409 4386 νίας,
2444 4325 2544 4376 om
2564 4322 2836 4376 Βαϐυλῶνι
2862 4323 2995 4393 ήλω”
3025 4322 3515 4392 ἐϐδομηκονταετὴς
3536 4319 3643 4389 γὰρ
3662 4320 3692 4370 ό
3714 4319 3823 4381 πᾶς

629 4408 885 4461 solitudo.
914 4410 1089 4474 Quare
1121 4425 1185 4461 ne
1220 4408 1456 4461 fataliter
1480 4408 1693 4475 quidem
1726 4418 1855 4461 tunc
1879 4406 1945 4460 iis
1967 4408 2165 4463 dictum

2274 4414 2369 4482 τῆς
2397 4414 2723 4483 ἐρημώσεως
2756 4413 2847 4466 τοῦ
2876 4414 3039 4465 τόπου
3066 4413 3248 4482 χρόνος
3282 4410 3397 4462 κατ’
3435 4407 3669 4469 ἐκείνους
3701 4408 3818 4475 ἐγε-

630 4498 753 4562 fuit,
789 4496 1121 4567 Relinquitur
1141 4498 1285 4550 vobis
1312 4497 1492 4550 domus
1523 4508 1693 4550 vestra
1723 4497 1925 4550 deserta
1956 4512 1973 4549 ι
2002 4506 2172 4565 neque

628 4592 770 4644 enim
822 4590 1075 4642 derelicta
1107 4626 1121 4652 ,
1170 4589 1275 4642 imo
1327 4589 1685 4642 vit‘tationem
1737 4588 1994 4657 opiferaut
2028 4589 2172 4643 haud

633 4678 797 4733 multo
835 4686 953 4747 post
978 4688 1199 4745 experta
1227 4685 1325 4739 est,
1362 4691 1471 4745 quo
1493 4685 1732 4743 tempore
1754 4677 2169 4745 splendidiorem

634 4770 809 4837 priore
830 4778 969 4821 statu
1002 4767 1434 4820 instaurationem
1472 4767 1796 4835 impetravit,
1846 4768 1917 4822 ita
1954 4780 2010 4821 ut
2037 4778 2170 4837 prte—

634 4858 825 4911 dixerit
847 4856 1102 4924 propheta
1138 4857 1354 4923 quidam
1380 4897 1395 4921 ,
1447 4865 1766 4925 poStretnam
1793 4858 1982 4911 domus
2018 4858 2173 4924 hujus

634 4948 856 5017 gloriam
905 4946 1085 5015 priore
1130 4945 1472 5001 illustriorem
1520 4945 1635 4999 fore
1685 4947 1746 4998 ιι.
1796 4946 2170 5000 Verumtamen

636 5048 754 5105 post
787 5036 1089 5092 Servatoris
1121 5037 1289 5090 nostri
1321 5036 1558 5098 effatum,
1586 5046 1913 5106 quantopere
1931 5036 2171 5091 derclicti

632 5128 797 5184 Judai
830 5129 1048 5193 fuerint,
1095 5138 1455 5197 quantamque
1501 5131 1551 5182 in
1599 5130 1938 5183 solitudinem
1988 5129 2174 5182 domus

635 5235 822 5273 eorum
864 5222 1110 5285 venerit,
1144 5221 1209 5274 iis
1245 5222 1456 5289 quidem
1493 5222 1582 5288 qui
1617 5222 1734 5274 loca
1774 5221 1861 5273 illa
1920 5222 2168 5284 lustrant,

636 5312 770 5363 visio
799 5309 909 5377 ipsa
947 5319 1000 5364 et
1030 5318 1105 5363 tot
1134 5325 1395 5363 annorum
1424 5310 1751 5365 diuturnitas
1773 5308 1975 5361 oraculi
2009 5322 2170 5361 even-

638 5410 749 5451 tum
796 5404 1124 5455 demonstrat
1172 5416 1188 5454 :
1230 5402 1428 5455 etenim
1481 5412 1683 5470 tempus
1733 5416 1835 5455 non
1894 5400 2053 5469 duplo
2084 5414 2169 5451 so-

636 5490 776 5555 lum,
823 5506 981 5560 quam
1022 5492 1485 5559 septuagenarium
1528 5492 1876 5546 desolationis
1923 5493 2021 5546 sub
2069 5490 2170 5541 Ba-

708 5603 749 5632 ¹⁰
775 5602 956 5656 Matth.
981 5618 1133 5664 nm.
1154 5601 1341 5655 37-38.
1386 5602 1395 5671 |
1433 5603 1475 5632 “
1498 5606 1628 5672 Agg.
1651 5619 1711 5666 ιι,
1744 5603 1831 5657 10.

2275 4503 2428 4571 νήθη.
2478 4502 2569 4554 Διὸ
2616 4504 2714 4555 οὑκ
2754 4502 2821 4554 ἂν
2872 4502 3075 4573 κυρίως
3112 4498 3302 4569 ἐλέχθη
3346 4499 3526 4560 αὐτοῖς
3562 4497 3679 4549 τότε
3736 4498 3816 4560 τὸ,

2289 4591 2540 4659 Ἀερίεται
2562 4592 2699 4661 ὑμῖν
2721 4597 2752 4647 ὀ
2769 4590 2927 4658 οἶκος
2947 4592 3111 4662 ὑμῶν
3131 4593 3364 4659 ἕρημος·
3391 4589 3452 4641 οὐ
3482 4589 3588 4659 γάρ
3600 4587 3813 4660 ἀφείθη

2275 4683 2428 4753 ἔτυχε
2471 4686 2526 4737 δέ
2568 4687 2873 4755 ἐπισκοπῆς
2914 4688 3026 4756 μετ’
3056 4687 3116 4737 οὺ
3152 4686 3316 4737 πολὺν
3357 4683 3563 4753 χρόνον,
3606 4680 3724 4733 καθ’
3759 4679 3817 4732 ὃν

2275 4774 2615 4838 ἀνανεώσεως
2663 4775 2901 4845 μείζονος
2943 4774 2975 4843 ἢ
3008 4774 3147 4827 κατά
3182 4772 3277 4842 τὴν
3305 4773 3570 4842 προτέραν
3594 4768 3793 4839 ἠξιώθη

2275 4865 2349 4926 ὡς
2386 4866 2638 4936 προεῖπόν
2669 4881 2811 4927 τινες
2848 4864 2952 4916 τῶν
2982 4863 3289 4932 προφητῶν,
3320 4862 3398 4912 ὅτι
3448 4861 3513 4927 δὴ
3538 4862 3748 4913 Ἔσται
3780 4859 3818 4926 ἡ

2276 4954 2421 5018 δόξα
2446 4953 2548 5007 τοῦ
2580 4956 2745 5006 οἴκου
2770 4954 2979 5006 τούτου
3020 4954 3057 5017 ἡ
3104 4951 3326 5019 ἐσχάτη
3365 4950 3515 5017 ὑπὲρ
3544 4949 3657 5015 τὴν
3685 4964 3821 5016 προ-

2278 5044 2469 5111 τέραν.
2500 5045 2651 5098 Μετὰ
2680 5044 2735 5096 δὲ
2766 5044 2861 5113 τὴν
2876 5044 2967 5095 τοῦ
3000 5044 3241 5113 Σωτῆρος
3268 5040 3421 5111 ὑμῶν
3446 5040 3645 5110 φωνὴν,
3677 5041 3820 5101 ὅπως

2279 5136 2591 5205 ἀφείθησαν,
2641 5138 2668 5189 ὃ
2712 5153 2771 5186 τε
2814 5132 2953 5198 οἶκος
2991 5135 3165 5187 αὐτῶν
3213 5136 3290 5195 είς
3332 5132 3559 5202 ἔσχατον
3591 5132 3819 5200 ἐρημέας

2276 5225 2457 5294 ήλασε,
2492 5228 2601 5287 τοῖς
2653 5228 2730 5287 είς
2768 5226 2889 5286 τοὺς
2921 5225 3114 5286 τόπους
3159 5210 3656 5292 ἀφιὲνουμένοιξή
3701 5220 3819 5290 hic;

2275 5317 2406 5386 αὐτή
2438 5316 2529 5368 τοῦ
2555 5317 2710 5383 λόγου
2744 5315 2938 5384 μᾶλλον
2976 5315 3207 5367 δείκνυσι
3233 5314 3295 5365 τὸ
3324 5311 3698 5381 ἀποτέλεσμα·
3728 5312 3819 5363 καὶ

2271 5408 2300 5457 ό
2347 5407 2531 5476 χρόνος
2572 5406 2625 5458 δέ
2680 5404 2937 5475 πολυετὴς
2982 5403 3215 5473 γεγονὼς
3258 5404 3351 5457 καὶ
3382 5403 3605 5474 μακρὸς,
3637 5401 3711 5462 ὠς
3748 5402 3819 5471 μὴ

2277 5495 2432 5562 μόνον
2474 5496 2787 5551 διπλασίονα
2824 5492 2959 5549 εἶναι
3003 5497 3098 5565 τῆς
3137 5490 3674 5564 ἑϐδομηκοντπτοῦἐ
3698 5493 3822 5562 ἐρησο

707 5693 813 5760 (70)
871 5695 951 5749 Ab
999 5696 1096 5748 hoc
1149 5710 1304 5749 ειίιειι
1342 5694 1593 5749 recedunt
1621 5694 1799 5761 verba,
1832 5692 1939 5747 and
1960 5695 2130 5746 others
2169 5690 2284 5758 they
2310 5688 2623 5756 persecuted.
