4106 6436
696 379 797 435 667

1343 377 1607 433 EUSEBII
1646 374 2115 433 CIESMHENSIS
2151 374 2301 430 OPP.
2333 372 2523 428 PARS
2562 372 2650 427 IV.
2692 405 2761 414 —
2802 374 3221 431 DOGMATICA.

3807 378 3914 433 648

694 512 757 549 ac
783 493 1079 565 longinquis
1114 493 1522 560 praedicaturus.
1570 494 1747 562 Quare
1794 506 1846 549 et
1902 496 1984 547 his
2032 495 2122 563 qui
2178 509 2216 547 ει

2339 494 2497 559 σύνη
2518 493 2615 545 καί
2639 492 2869 558 πλῆθος
2895 491 3152 561 ειρήνηςν
3178 490 3420 561 ἐληλύθει
3434 507 3492 543 τε
3509 491 3587 553 sl;
3603 491 3735 544 αὐτὸ
3751 495 3913 545 τοῦτο

696 594 1003 651 receperunt
1026 584 1100 635 ait
1135 601 1149 636 :
1184 581 1373 637 Pacem
1400 588 1634 654 relinquo
1679 588 1837 646 vobis.
1866 601 2040 647 pacem
2071 600 2216 636 mean

2346 581 2576 651 κηρῦξαι
2596 584 2823 654 «εἰρήνην
2848 588 2959 647 τοῖς
2992 584 3158 650 ἐγγὺς
3182 585 3271 635 καὶ
3291 584 3402 644 τοῖς
3416 582 3638 652 μακράν
3655 599 3669 612 ο
3708 586 3824 645 τοῖς
3847 601 3909 635 τε

689 678 757 728 do
792 674 931 725 vobis
973 671 1017 703 “
1047 680 1060 726 ξ
1094 688 1252 742 quam
1288 687 1417 728 sane
1464 675 1633 742 ipsius
1688 689 1869 743 pacem
1917 688 2213 741 exceperuu

2341 673 2797 744 παραδεχομένοις
2815 676 2972 728 αὐτόν
2999 691 3161 745 φησιν
3180 690 3194 704 ⁸
3223 673 3484 741 Είρήνην
3501 668 3712 743 ἀφίὼιι
3737 674 3907 743 ὑμῖν,

686 761 883 817 ethnici
924 763 1015 831 qui
1050 778 1143 831 per
1172 762 1359 816 orbem
1406 766 1717 818 universum
1771 763 1819 816 ei
1877 762 2236 816 crediderunt.

680 856 1047 909 Circumcisus
1106 869 1228 909 vero
1293 857 1562 922 populus,
1616 856 1741 909 dum
1800 855 1847 908 ei
1899 868 2236 924 nequaquam

676 939 876 1004 credit,
910 940 1047 993 haud
1075 941 1321 1009 cognovit
1387 956 1501 1009 quae
1555 943 1672 1011 paci
1723 956 1835 996 sua:
1864 942 2231 996 conferebant.

675 1029 857 1093 Quare
895 1032 1037 1086 addit
1068 1029 1368 1085 Servatur:
1402 1029 1558 1084 Nunc
1584 1042 1754 1085 autem
1784 1032 2088 1085 abscondita
2115 1043 2235 1086 sunt

675 1121 736 1170 ab
767 1122 932 1175 oculis
954 1122 1097 1186 tuis;
1122 1122 1245 1191 quia
1265 1124 1377 1177 dies
1406 1124 1497 1175 tibi
1530 1124 1905 1190 supervenient,
1925 1135 1971 1178 et
2008 1126 2232 1178 circuat-

674 1207 874 1261 dabunt
901 1219 955 1269 te
986 1212 1184 1264 inimici
1229 1213 1325 1265 tui.
1371 1211 1618 1266 Profecto
1646 1226 1764 1281 quae
1800 1213 1901 1267 illis
1934 1215 2089 1281 paulo
2114 1224 2231 1282 post

680 1311 1088 1369 superventurze
1143 1312 1301 1356 erant
1347 1302 1529 1357 clades
1583 1302 1635 1355 iu
1703 1304 1852 1357 urbis
1909 1304 2228 1368 obsidione,

678 1403 959 1464 propterea
992 1396 1134 1465 quod
1170 1410 1354 1465 pacem
1388 1397 1799 1464 praenuntiatam
1844 1411 1949 1449 non
1984 1398 2229 1466 excepis-

681 1495 819 1550 sent,
874 1486 976 1550 hae,
1026 1488 1266 1555 inquam,
1308 1486 1490 1541 clades
1532 1487 1741 1541 illorum
1790 1486 1958 1541 oculis
2016 1488 2227 1541 interim

679 1577 1147 1640 subducebantur,
1203 1583 1293 1647 qni
1339 1578 1473 1632 nihil
1522 1580 1783 1647 ejusmodi
1833 1580 2224 1648 praevidcbant;

677 1668 792 1737 ipse
813 1678 987 1724 tamen
1018 1670 1232 1723 easdem
1268 1669 1555 1724 manifesto
1589 1671 1842 1723 vaticinia
1882 1671 2224 1737 prmeinebat,

675 1760 908 1813 futuram
954 1758 1315 1813 Romanorum
1346 1760 1680 1814 obsidionem
1716 1763 1960 1826 iunueus,
1999 1763 2225 1831 bellique

675 1850 937 1903 rationem
967 1849 1136 1917 ipsam
1167 1850 1424 1919 graphice
1455 1865 1752 1918 exponens.
1799 1850 1915 1903 Jaut
1960 1855 2223 1920 quomodo

672 1949 889 2009 peracta
937 1940 1049 1993 haec
1086 1940 1305 2003 fuerint,
1350 1954 1677 2009 cognoscere
1728 1942 1857 1994 licet
1885 1957 1948 1996 ex
2006 1941 2219 2013 Josepbi

680 2032 945 2094 historiis,
975 2032 1091 2100 qui,
1119 2030 1379 2085 Hebraico
1408 2046 1601 2098 genere
1638 2042 1798 2101 alque
1838 2035 1889 2089 in
1937 2036 2046 2104 ipsa
2074 2035 2222 2090 ludas

671 2122 812 2176 tribu
837 2123 1075 2191 genitus,
1100 2122 1297 2177 nobilis
1322 2124 1450 2178 item
1477 2135 1641 2195 atque
1678 2124 1818 2179 inter
1842 2140 1969 2180 suos
2002 2128 2223 2197 popula-

670 2228 757 2267 res
800 2227 896 2281 per
944 2214 1239 2269 obsidionis
1273 2224 1509 2284 tempora
1557 2216 1757 2280 clarus,
1818 2215 1956 2271 facta
2012 2221 2217 2288 singula

669 2304 873 2359 calamo
896 2316 1207 2373 persecutus
1231 2314 1334 2367 est,
1364 2316 1752 2361 consentaneus
1776 2309 2045 2365 vaticiniis
2064 2325 2223 2366 even-

669 2405 755 2448 tus
778 2394 1059 2448 exhibens.
1106 2392 1257 2460 Quod
1307 2394 1473 2464 igitur
1512 2395 1633 2449 belli
1679 2396 1895 2451 casibus
1928 2400 2223 2456 ceciderint

670 2492 855 2537 sancta
894 2482 981 2537 illa
1024 2494 1079 2537 et
1116 2481 1321 2539 famosa
1346 2481 1735 2554 Hierosolyma,
1784 2499 1871 2540 res
1901 2487 2011 2557 ipsa
2056 2498 2223 2545 testa-

671 2582 724 2626 tu
732 2588 777 2627 l'.

2338 765 2584 833 εἰρήνην
2603 764 2715 832 τὴν
2727 766 2880 834 ἐμὴν
2904 765 3103 833 διδωμι
3122 763 3291 832 ὐμῖνο
3319 765 3506 834 ἥντινα
3532 766 3752 837 είρήνην
3778 760 3909 818 ἑαυ-

2336 855 2429 910 τοῦ
2458 855 2579 910 καθ’
2605 856 2731 925 ὅλης
2762 858 2862 926 τῆς
2891 856 3212 926 οἰκουμένης
3240 857 3321 918 είς
3349 856 3509 908 αὑτὸν
3539 856 3905 910 πιστεύσαντα

2335 946 2458 1018 ἔθνη
2490 947 2838 1017 παρεδέξατο.
2869 948 2926 1001 't)
2944 947 2999 999 δέ
3023 948 3087 999 ἐκ
3101 947 3398 1016 περιτομῆς
3416 948 3561 1013 λαὸς,
3588 945 3661 1018 μὴ
3684 947 3904 1001 πιστεὼ

2337 1054 2434 1099 σας
2466 1036 2545 1099 είς
2574 1036 2751 1096 αὑτὸν.
2774 1037 2871 1089 οὐκ
2903 1038 3044 1105 ἔγνω
3066 1036 3133 1090 τὰ
3161 1036 3293 1106 πρὸς
3315 1037 3537 1107 εἰρήνην
3559 1037 3772 1090 ἑαυτοῦ.
3810 1036 3901 1091 Διὸ

2334 1130 2427 1182 καὶ
2455 1128 2692 1195 ἐπιλέγει
2712 1145 2726 1157 ο
2755 1128 2884 1182 Νῦν
2912 1128 2979 1180 δὲ
3021 1129 3237 1197 ἐκρύϐη
3269 1127 3386 1180 ἀπὸ
3424 1127 3543 1180 τῶν
3573 1128 3897 1197 ὀφθαλμῶν

2332 1234 2446 1274 σου
2467 1237 2479 1249 ·
2511 1218 2599 1271 ότι
2628 1218 2886 1285 ἥξουσιν
2913 1218 3123 1287 ἡμέραι
3150 1219 3247 1271 ἐπὶ
3282 1218 3376 1279 σὲ,
3410 1218 3506 1271 καὶ
3534 1220 3898 1286 περικυκλώ-

2331 1312 2515 1363 σουσί
2547 1324 2618 1363 σε
2654 1313 2705 1362 οὶ
2742 1310 2941 1378 ἐχθροί
2976 1325 3113 1363 σου.
3157 1309 3237 1362 Τά
3262 1307 3391 1375 γοῦν
3418 1307 3674 1378 μέλλοντα
3696 1313 3895 1373 αὐτοὺς

2329 1399 2731 1472 καταλήψεσθαι
2780 1398 2973 1470 μικρὸν
3008 1400 3229 1469 ὕστερον
3262 1401 3318 1453 ἐν
3345 1402 3409 1469 τῇ
3441 1401 3559 1451 κατ’
3592 1400 3770 1453 αὐτῶν
3799 1417 3895 1453 πορ

2328 1492 2559 1564 λιορκίᾳ,
2578 1492 2666 1545 διὰ
2690 1492 2748 1544 τὸ
2781 1491 2853 1561 μὴ
2888 1489 3277 1560 προσδέξασθαι
3308 1490 3502 1553 αὐτοὺς
3531 1491 3630 1561 τὴν
3656 1507 3896 1561 προκατ-

2328 1582 2680 1649 αγγελθεϊσαν
2708 1582 2888 1641 αὐτοῖς
2925 1580 3166 1649 εἰρήνην,
3203 1578 3406 1649 ἐκρύϐη
3433 1577 3541 1631 ἀπὸ
3567 1578 3674 1630 τῶν
3694 1578 3895 1647 ὀφθαλ-

2330 1674 2445 1743 μῶν
2466 1673 2661 1725 αὐτῶν.
2700 1673 2922 1724 Ἐκεῖνοι
2958 1669 3055 1739 μὲν
3081 1665 3173 1722 οὖν
3196 1668 3368 1722 ταῦτα
3393 1669 3453 1721 οὐ
3486 1668 3758 1739 προείδονο
3794 1670 3894 1723 αὑ-

2324 1765 2415 1827 τὸς
2433 1764 2488 1815 δὲ
2511 1764 2647 1816 αὐτὰ
2679 1763 2767 1815 διὰ
2788 1764 2886 1832 τῆς
2918 1763 3267 1833 προρρήσεως
3290 1758 3531 1823 θεσπίζει
3556 1759 3888 1828 σαφέστατα,

2254 1819 2297 1874 Β
2326 1819 2422 1924 τὴν
2452 1854 2554 1907 ὑπὸ
2600 1819 2881 1922 Ῥωμαίων
2918 1819 3226 1921 πολιορκίαν
3246 1819 3657 1902 καταλαδοῐωαν
3691 1819 3890 1913 αὐτοὺς

2328 1948 2700 2019 προσημάνας,
2731 1943 2824 1997 καὶ
2855 1941 3171 2009 ὑπογράψας
3190 1940 3280 1992 τὸν
3306 1939 3503 2019 τρόπον
3529 1937 3623 1991 τοῦ
3658 1940 3778 1991 κατ’
3800 1938 3891 1992 αὐ-

2326 2039 2429 2092 τῶν
2462 2036 2821 2106 γενησομένου
2854 2033 3109 2102 πολέμου.
3138 2033 3319 2094 Ὅπως
3344 2030 3399 2083 δὲ
3424 2030 3515 2082 ἐπὶ
3548 2030 3721 2101 πέρας
3745 2028 3884 2100 ἢχθη

2323 2130 2513 2191 ταῦτα,
2562 2128 2822 2197 πάρεστιν
2868 2124 2975 2176 ἀπὸ
2994 2126 3092 2193 τῆς
3133 2122 3389 2191 Ἰωσήπου
3428 2119 3646 2192 γραφῆς
3691 2118 3883 2173 ἀναλέι

2326 2221 2539 2291 ξασθαι,
2569 2219 2627 2281 ὃς
2652 2219 2715 2287 δὴ
2751 2216 2995 2276 Ἰουδαῖος
3020 2212 3116 2275 ὢν,
3151 2214 3243 2265 καὶ
3263 2212 3523 2289 τῆςπαρ⁹
3549 2212 3730 2274 αὐτοῖς
3757 2210 3888 2289 ’ἰοῖς

2321 2312 2511 2382 δαῖκῆς
2542 2309 2710 2379 φυλῆς
2737 2304 2994 2374 γεγονὼς,
3026 2302 3134 2355 τῶν
3167 2320 3226 2355 τε
3256 2302 3537 2372 ἐπισήμων
3568 2300 3661 2353 καὶ
3687 2300 3886 2367 ἐπιφαο

2320 2405 2425 2459 νῶν
2460 2405 2519 2455 ἐν
2554 2400 2631 2471 τῷ
2664 2400 2803 2453 ἔθνει
2839 2397 2980 2449 κατὰ
3017 2397 3142 2458 τοὺς
3174 2393 3395 2464 χρόνους
3421 2390 3523 2461 τῆς
3549 2390 3882 2463 πολιορκίας,

2318 2495 2522 2549 ἓκαστα
2574 2489 2680 2542 τῶν
2722 2484 3119 2556 πεπραγμένων
3160 2480 3431 2555 ἱστόρησε,
3464 2478 3733 2549 σύμφωνα
3761 2480 3882 2543 ταῖς

2318 2580 2702 2657 προκειμέναις
2759 2576 3093 2652 προρρήσεσι
3135 2572 3204 2626 τὰ
3250 2570 3657 2644 ἀποτελέσματα
3699 2587 3880 2642 παρα-

664 2666 891 2736 στήσας.
924 2666 1045 2718 Ὅτι
1077 2665 1174 2735 μὲν
1198 2660 1292 2718 οὖν
1318 2668 1435 2727 ταις
1461 2666 1525 2717 ὲκ
1558 2664 1651 2719 τοῦ
1684 2667 1918 2739 πολέμου
1962 2680 2267 2748 συμφοραῖς
2297 2675 2711 2749 περιπέπτωκεν
2739 2671 2772 2741 ἡ
2810 2667 2941 2735 ἁγία
2974 2665 3075 2718 -καὶ
3114 2662 3393 2733 διαϐόητος
3422 2660 3791 2733 Ἰερουσαλὴμ.
3818 2660 3879 2728 ιε

666 2758 845 2813 αὐτῶν
876 2758 1052 2813 ἔνεστι
1087 2759 1189 2813 τῶν
1215 2760 1547 2831 πραγμάτων
1580 2759 1723 2816 ἰδεῖν.

1392 2847 1484 2902 ΙΧ.

733 2935 864 2990 Cum
900 2946 1072 2992 autem
1109 2938 1337 2994 videritis
1390 2940 1766 2996 circumactam
1799 2946 1863 2997 ab
1904 2948 2214 3003 exercitibus

666 3025 1030 3090 Hierusalem,
1070 3037 1192 3081 tunc
1253 3030 1432 3082 scitote
1477 3032 1889 3100 appropinquare
1936 3036 2215 3090 desolatio-

3061 2845 3139 2897 Θ’.

2390 2944 2500 3012 (74)
2536 2944 2711 2995 Ὅταν
2734 2939 2803 2993 δὲ
2840 2936 3003 3004 Iones
3030 2930 3447 3000 κυκλουμένην
3474 2928 3594 2983 ὑπὸ
3626 2924 3873 2997 στρατο-

2318 3036 2512 3089 πέδων
2541 3034 2655 3100 τὴν
2692 3029 3093 3098 Ἰερουσαλὴμ.
3128 3024 3260 3077 τότε
3280 3019 3483 3091 γνῶτε,
3513 3018 3603 3073 ὅτι
3630 3019 3875 3088 ἤγγικεν

667 3132 781 3170 nens
812 3115 945 3183 ejus.
978 3115 1121 3169 Tunc
1141 3123 1233 3185 qui
1252 3119 1306 3169 in
1336 3117 1529 3172 Iudaea
1562 3128 1706 3184 sunt,
1735 3122 1934 3190 fugiant
1963 3126 2029 3176 ad
2065 3141 2213 3177 mon-

2314 3125 2605 3193 ἐρήμωσις
2627 3119 2834 3188 αὐτῆς.
2873 3120 3007 3173 Τότε
3042 3118 3094 3169 οἱ
3116 3115 3185 3167 ἐν
3216 3110 3291 3180 τῇ
3323 3110 3573 3178 Ἰουδαίᾳ
3593 3108 3875 3179 φευγέτω-

666 3216 777 3267 tes;
800 3215 848 3258 et
873 3208 961 3275 qui
981 3207 1033 3258 in
1055 3207 1222 3259 medio
1253 3207 1390 3274 ejus,
1407 3208 1705 3272 discedant;
1739 3221 1787 3262 et
1807 3214 1958 3279 quiin
1987 3214 2210 3282 regioni-

666 3296 782 3360 bus,
810 3310 911 3347 non
942 3295 1127 3347 intrent
1160 3294 1213 3347 in
1234 3310 1346 3347 eam
1364 3310 1385 3359 ;
1415 3296 1537 3363 quia
1564 3297 1673 3349 dies
1713 3297 1925 3352 ultionis
1965 3302 2019 3353 Iri
2068 3311 2209 3363 sunt.

665 3396 721 3436 ut
754 3385 1070 3453 impleantur
1090 3385 1264 3438 omnia
1287 3400 1403 3452 qua
1439 3385 1627 3444 scripta
1656 3386 1890 3454 fuerunt.
1930 3386 2017 3441 Vw
2039 3401 2210 3445 autem

665 3479 1047 3546 prwgnantibus
1101 3488 1147 3531 et
1190 3477 1500 3531 lactantibus
1548 3479 1601 3532 in
1655 3479 1763 3531 illis
1817 3480 2031 3533 diebus!
2094 3482 2211 3535 Erit

663 3569 800 3622 enim
840 3584 1078 3635 pressura
1116 3584 1305 3638 magna
1349 3585 1503 3637 super
1560 3580 1750 3623 terram
1776 3610 1791 3632 ,
1854 3582 1901 3624 et
1936 3573 2018 3625 ira
2060 3590 2210 3639 super

663 3656 853 3727 populo
890 3660 1004 3712 hoc.
1028 3656 1096 3710 Et
1129 3660 1241 3712 acie
1261 3659 1423 3728 gladii
1447 3664 1650 3728 cadent,
1675 3671 1721 3715 et
1743 3664 1931 3729 captivi
1960 3666 2212 3718 ducentur

662 3749 719 3801 in
742 3763 918 3802 omnes
946 3761 1139 3817 gentes.
1191 3747 1252 3801 Et
1292 3749 1621 3823 Hierusalem
1661 3754 1948 3805 calcabitur
1979 3771 2010 3806 a
2044 3757 2209 3822 genti-

665 3840 777 3905 bus,
828 3840 989 3893 donec
1033 3840 1349 3908 impleantur
1397 3852 1629 3909 tempora
1684 3844 1951 3895 nationum
2006 3844 2066 3895 ¹⁸.
2116 3845 2208 3900 His

668 3929 845 3983 verbis
870 3929 1128 3984 Dominus
1159 3931 1352 3984 indicia
1381 3932 1585 4001 profert
1612 3932 1730 4000 ejus
1762 3934 2015 4002 temporis
2040 3973 2055 3997 ,
2102 3950 2208 4004 quo

666 4021 753 4073 ille
780 4020 930 4075 locus
959 4022 1029 4076 ad
1050 4022 1409 4077 omnimodam
1440 4023 1743 4078 vastitatem
1774 4027 2045 4080 vocandus
2067 4038 2203 4081 erat.

665 4106 831 4162 Nemo
866 4110 1081 4179 quippe,
1130 4110 1227 4175 ait,
1275 4120 1398 4177 post
1442 4125 1591 4173 eam,
1650 4127 1768 4180 quac
1801 4124 2056 4168 eventura
2102 4125 2205 4179 est,

663 4198 1050 4266 obsessionem,
1080 4210 1135 4254 et
1159 4200 1263 4256 loci
1287 4202 1589 4256 vastitatem
1616 4202 1739 4257 inde
1767 4216 2202 4270 consecuturam,

663 4303 840 4353 nemo,
865 4290 1106 4359 inquam.
1131 4290 1354 4344 alteram
1376 4362 1379 4363 ν
1402 4300 1675 4360 exspectet
1732 4294 2204 4362 instaurationem;

664 4377 1027 4446 cuiuscemodi
1056 4378 1178 4449 Cyri
1214 4377 1500 4433 Persarum
1529 4380 1669 4448 regis
1699 4382 2024 4449 temporibus
2060 4384 2207 4437 acci-

2311 3231 2431 3267 σαν
2453 3218 2539 3279 εις
2564 3213 2633 3266 τὰ
2652 3212 2754 3278 ὄρη
2776 3226 2788 3240 ·
2819 3208 2913 3261 καί
2936 3211 2988 3260 οἱ
3015 3207 3084 3259 ἐν
3113 3204 3280 3273 μέσῳ
3303 3201 3493 3267 αὐτῆς
3522 3200 3874 3269 ἐκχωρείτω-

2311 3320 2462 3359 σαν·
2499 3302 2595 3356 καὶ
2624 3304 2677 3353 οι
2701 3299 2769 3352 ἐν
2789 3298 2916 3363 ταῖς
2948 3295 3163 3364 χώραις
3201 3293 3285 3363 μὴ
3319 3290 3756 3346 εὶσελθέτωσαν
3784 3293 3873 3357 εις

2309 3391 2533 3458 αὐτήν·
2587 3387 2676 3440 ὅτι
2718 3384 2927 3454 ἡμέραι
2968 3381 3327 3449 ἐκδικήσεως
3358 3373 3536 3432 αὗται
3579 3379 3718 3437 εισι,
3761 3372 3872 3429 τοῦ

2310 3478 2650 3548 πλησθῆναι
2679 3476 2911 3531 ἅπαντα
2937 3473 3006 3525 τὰ
3031 3467 3418 3541 τετραμμένα.
3468 3465 3612 3519 Οὐαί
3652 3464 3720 3517 δὲ
3744 3463 3872 3529 ταῖς

2308 3574 2377 3625 ἐν
2428 3569 2636 3639 γαστρὶ
2684 3567 2968 3634 ἐχούσαις
3027 3564 3127 3616 καὶ
3177 3559 3307 3625 ταῖς
3358 3558 3753 3625 θηλαζούσαις
3798 3557 3870 3610 ἐν

2305 3662 2559 3728 ἐκείναις
2580 3660 2706 3727 ταῖς
2730 3655 3010 3727 ἡμέραις]
3033 3656 3237 3707 Ἔσται
3256 3651 3364 3721 γὰρ
3390 3648 3619 3718 ἀνάγκη
3638 3647 3869 3718 μεγάλη

2307 3754 2403 3808 ἐπὶ
2432 3754 2542 3820 τῆς
2568 3749 2700 3821 τῆς,
2730 3749 2829 3803 καί
2854 3745 2999 3816 ὀργὴ
3031 3746 3100 3799 ἐν
3130 3742 3207 3808 τῷ
3233 3739 3359 3805 λαῷ
3388 3741 3597 3807 τούτῳ.
3624 3738 3733 3793 Καὶ
3762 3754 3867 3792 πε-

2307 3844 2555 3905 σοῦνται
2574 3842 2643 3895 ἐν
2665 3842 2911 3908 στόματι
2935 3836 3251 3905 μαχαίρας,
3272 3830 3370 3884 καί
3389 3826 3868 3898 αἰχμαλωτισθή-

2307 3951 2515 3989 σονται
2543 3935 2629 3999 εις
2653 3930 2844 3985 πάντα
2865 3928 2938 3982 τὰ
2964 3928 3126 3993 ἔθνη.
3146 3925 3252 3979 Καὶ
3288 3918 3671 3989 Ἰερουσαλὴμ
3698 3917 3867 3972 ἔσται

2308 4024 2643 4092 πατουμένη
2691 4020 2809 4075 ὑπὸ
2858 4016 3066 4079 ἐθνῶν,
3116 4014 3251 4082 ἄχρι
3290 4007 3643 4077 πληρωθῶσι

2306 4091 2513 4169 soror.
2567 4111 2663 4164 Διὰ
2711 4110 2814 4163 τῶν
2864 4104 3235 4175 προκειμένων
3295 4099 3497 4168 σημεῖα
3545 4094 3726 4148 δίδωσι
3768 4091 3865 4146 τοῦ

2307 4203 2525 4275 καιροῦ.
2552 4205 2647 4272 τῆς
2685 4197 2975 4259 παντελοῦς
3020 4194 3252 4267 ἐρημίας
3296 4187 3389 4243 τοῦ
3431 4188 3630 4241 τόπου.
3662 4184 3865 4267 Μηδβλς

2305 4295 2434 4366 γὰρ,
2474 4294 2624 4362 φησι,
2659 4288 3007 4362 προσδοκάτω
3054 4283 3192 4357 μετὰ
3221 4282 3318 4352 τὴν
3354 4278 3619 4349 ἐσομένην
3652 4275 3867 4366 πολιορῖ

2306 4364 2448 4451 κίαν,
2478 4384 2569 4437 καὶ
2596 4383 2694 4452 τὴν
2726 4381 2817 4433 ἐπὶ
2842 4377 3045 4448 ταύτην
3086 4370 3454 4445 γενησομένην
3493 4367 3731 4440 ἐρημίαν
3770 4364 3861 4419 τοῦ

662 4469 757 4531 dit,
791 4479 898 4522 tum
946 4469 1108 4522 etiam
1157 4470 1258 4523 sub
1307 4468 1575 4523 Antiocho
1602 4469 1816 4536 illustri,
1872 4480 1927 4524 et
1977 4473 2207 4541 denique

2314 4477 2489 4538 τόπου,
2514 4473 2703 4543 ἑτέραν
2731 4471 2897 4539 αὐτῆς
2920 4468 3134 4522 ἔσεσθαι
3167 4463 3491 4519 ἀνανέωσιν·
3523 4462 3596 4525 ὼς
3628 4460 3719 4513 ἐπὶ
3755 4460 3861 4513 τῶν

663 4559 761 4612 sub
794 4555 1069 4625 Pompeio.
1098 4556 1251 4625 Saepe
1280 4558 1421 4610 enim
1450 4557 1672 4611 bellicas
1701 4558 2032 4614 incursiones
2054 4577 2207 4628 passa

662 4650 810 4713 urbs,
842 4648 1093 4715 majorem
1118 4656 1297 4716 postea
1331 4648 1645 4716 dignitatem
1672 4650 2026 4716 recuperavit.
2059 4650 2209 4705 Nunc

666 4750 838 4791 tamen
855 4747 1147 4793 extremam
1179 4738 1297 4791 urbi
1318 4739 1617 4793 vastitatem
1640 4750 1795 4808 atque
1825 4740 2207 4794 internecivum

663 4827 925 4882 excidium
949 4829 1137 4881 adesse
1159 4827 1439 4890 creditote,
1493 4842 1615 4881 cum
1649 4843 1766 4882 eam
1794 4828 1862 4882 ab
1882 4830 2206 4884 exercitibus

662 4922 933 4974 obsessam
972 4918 1236 4973 videritis.
1259 4916 1377 4972 1am
1403 4932 1533 4973 vero
1562 4920 1865 4974 vastitatem
1895 4920 2203 4993 Hierosoly-

662 5025 870 5064 morum
908 5009 1036 5063 dicit
1073 5009 1243 5078 ipsum
1288 5008 1469 5077 templi
1509 5010 1907 5075 exterminium,
1947 5014 2207 5066 ac-cscri-

664 5102 989 5165 mouiarum,
1040 5116 1159 5171 qua
1202 5101 1409 5170 jamdiu
1466 5100 1542 5155 ibi
1599 5115 1663 5153 ex
1717 5102 1961 5156 instituto
2009 5101 2209 5173 Moysis

662 5190 1076 5260 peragebantur,
1116 5189 1482 5245 abolitionem.
1530 5188 1671 5244 Cave
1700 5188 1842 5245 enim
1870 5202 2023 5259 putes
2058 5192 2206 5247 urbis

665 5280 829 5345 ipsius
872 5280 1106 5335 futuram
1149 5279 1488 5335 solitudinem
1541 5278 1625 5333 his
1671 5280 1849 5335 verbis
1886 5281 2204 5349 significari,

663 5370 813 5435 quasi
839 5383 994 5423 nemo
1027 5370 1081 5422 in
1104 5383 1167 5422 ea
1197 5368 1447 5436 deinceps
1490 5368 1827 5425 habitaturus
1863 5381 2026 5426 esset.
2064 5372 2201 5425 Dicit

661 5458 801 5511 enim
832 5458 969 5511 infra
992 5498 1007 5521 ,
1048 5461 1161 5512 fore
1196 5467 1253 5511 ut
1295 5459 1429 5513 urbs
1456 5457 1595 5511 haud
1621 5459 1732 5526 jam
1761 5460 1855 5513 abs
1888 5459 2079 5515 ludatis
2107 5462 2200 5516 sed

663 5549 731 5603 ab
760 5550 987 5606 ethnicis
1014 5550 1357 5606 incoleretur.
1412 5548 1728 5604 Solitudinis
1762 5561 1938 5607 autem
1979 5554 2199 5609 nomine

733 5640 777 5671 "
806 5640 959 5694 ἔσται.
990 5656 1097 5705 xlv,
1128 5640 1219 5694 27.
1286 5642 1329 5673 "
1353 5638 1483 5695 Luc.
1513 5656 1626 5695 χιι.
1651 5640 1738 5692 ‘20.

730 5732 840 5803 (74)
867 5732 996 5787 Co'd.
1030 5736 1089 5787 Α.
1123 5730 1307 5788 12270.
1345 5730 1467 5802 Syr.
1497 5747 1567 5798 tv,
1602 5730 1793 5787 *ΞΟ-24.

2311 4564 2511 4635 χρόνων
2542 4563 2721 4632 Κύρου
2744 4559 2839 4613 τοῦ
2864 4556 3088 4628 Περσῶν
3118 4552 3378 4625 βασιλέως
3405 4552 3614 4621 γέγονε,
3647 4550 3741 4603 καὶ
3775 4566 3865 4621 με-

2308 4655 2375 4706 τὰ
2414 4652 2587 4706 ταῦτα
2629 4652 2713 4703 ἐπ’
2753 4648 3020 4717 Ἀντιόχου
3067 4639 3412 4712 Ἐπιφανοῦς,
3462 4640 3555 4693 καὶ
3580 4638 3739 4712 πάλιν
3769 4638 3864 4691 ἐπὶ

2308 4744 2607 4815 Πομπηΐου.
2632 4740 2893 4801 Πολλάκις
2913 4737 3020 4807 γὰρ
3043 4735 3140 4806 ἥδη
3175 4732 3486 4804 πολιορκίας
3512 4731 3809 4800 ὑπομείνας
3831 4729 3861 4781 ό

2305 4834 2485 4898 τόπος,
2513 4833 2754 4904 μείζονος
2781 4827 2985 4899 ἠξιώθη
3020 4824 3153 4895 μετὰ
3176 4822 3344 4876 ταῦτα
3362 4822 3547 4893 τιμῆς.
3588 4819 3748 4873 Ἀλλὰ
3766 4817 3862 4872 νῦν

2304 4927 2401 4998 τὴν
2431 4925 2661 4996 ἐσχάτην
2707 4924 2803 4993 τῆς
2847 4920 3049 4981 πόλεως
3086 4917 3321 4988 ἐρημίαν
3370 4914 3465 4967 καὶ
3500 4913 3591 4965 τὸν
3622 4908 3860 4979 παντελῆ

2305 5016 2603 5087 ἀφανισμὸν
2656 5009 3035 5067 ἐπελεύσεσθαι
3088 5008 3221 5078 αὐτῇ
3271 5004 3593 5075 γινώσκητε,
3643 5001 3859 5054 ἐπειδὰν

2306 5107 2447 5179 ῐδητε
2470 5105 2640 5178 αὐτὴν
2667 5105 2774 5159 ὑπὸ
2800 5100 3170 5174 στρατοπέδων
3198 5094 3673 5167 πολιορκουμένην.
3702 5092 3858 5179 Ἔρη-

2309 5178 2474 5265 μωσιν
2503 5196 2561 5250 δὲ
2600 5195 2702 5264 τῆς
2747 5189 3095 5262 Ἰερουσαλὴμ
3135 5183 3386 5255 ὀνομάζει
3432 5181 3527 5235 τοῦ
3567 5178 3712 5251 ἱεροῦ
3769 5178 3857 5231 τὸν

2305 5285 2623 5355 ἀφανισμὸν,
2658 5284 2751 5337 καὶ
2782 5282 2890 5335 τῶν
2936 5283 2992 5333 ἐν
3034 5278 3179 5347 αύτῷ
3219 5276 3383 5329 πάλαι
3424 5272 3683 5343 πρότερον
3719 5268 3857 5323 κατὰ

2304 5376 2393 5427 τὸν
2420 5377 2694 5438 Μωῦσέως
2725 5376 2886 5443 νόμον
2928 5369 3351 5440 ἐπιτελουμένων
3394 5365 3491 5436 τὴν
3519 5362 3851 5433 καθαίρεσιν.

2302 5466 2393 5535 Μὴ
2418 5466 2522 5536 γὰρ
2551 5468 2617 5537 δὴ
2654 5467 2753 5535 τῆς
2781 5464 2983 5527 πόλεως
3006 5461 3176 5529 αὐτῆς
3202 5456 3436 5529 ἐρημίαν
3454 5451 3639 5523 νόμιζε
3668 5446 3852 5521 δηλοῦ·

2305 5555 2424 5612 σθαι
2459 5557 2547 5612 διὰ
2583 5557 2805 5621 τούτων,
2830 5554 2904 5617 ὡς
2935 5551 3159 5625 μηδενὸς
3193 5550 3249 5602 ἐν
3278 5548 3413 5617 αὐτῇ
3449 5542 3645 5616 μηκέτι
3678 5555 3851 5596 statos-
