4106 6418
729 386 822 440 651

1382 373 1644 432 ευεευιι
1680 370 2149 430 ΟΑΞΞΛΒΙΕΝδιὸ
2185 370 2274 427 ΟΡ⁴

2374 370 2551 425 PARS
2589 368 2675 424 Ν.
2716 397 2783 411 --
2818 362 3230 421 ΒΟΟΜΔΠΟΑ.

3817 363 3921 417 (552

730 497 1039 567 prudentem
1090 494 1369 548 crederent
1398 492 1450 546 in
1488 491 1681 561 oppida
1714 504 2011 554 secessum,
2055 489 2264 543 etiamsi

2371 488 2515 560 χώρᾳ
2549 488 2624 558 μὴ
2657 482 3014 553 καταφεύγειν
3043 483 3118 546 ὼς
3161 482 3253 533 ἐπὶ
3295 480 3487 550 ὀχυρὸν
3540 475 3723 544 τόπον,
3785 480 3920 551 μηδὲ

729 592 781 644 id
807 597 1012 655 tempus
1037 578 1305 655 postulare
1332 584 1639 649 videretur;
1690 582 1783 638 sed
1832 588 2041 636 lucrum
2094 582 2267 651 potius

728 677 1092 731 existimarent
1122 675 1321 742 (ngam,
1350 681 1568 741 propter
1594 670 1984 739 impendentem
2015 669 2107 725 Dei
2132 670 2265 723 iram

730 779 838 822 tum
869 766 1065 835 templo
1093 774 1203 817 tum
1237 761 1461 818 civitati.
1508 760 1634 816 Haec
1679 763 1960 831 perspicue
2012 770 2068 814 et
2117 770 2268 814 extra

731 872 946 911 onmem
965 854 1360 923 ambiguitatem
1385 853 1823 907 demonstrabant
1839 866 2055 907 causam
2083 865 2271 919 quam-

730 949 914 1003 obrem
959 946 1275 1001 hortabatur
1336 944 1404 998 ad
1456 950 1664 998 montes
1729 941 1944 1011 fugere,
1998 956 2171 1010 neque
2216 941 2271 995 in

728 1040 921 1108 oppida
956 1037 1155 1091 munita
1185 1034 1399 1088 reverti.
1442 1029 1569 1087 Ideo
1617 1032 1693 1088 ait
1728 1048 1745 1087 :
1778 1032 1844 1086 Et
1884 1031 1973 1100 qui
2021 1030 2077 1086 in
2126 1029 2273 1098 agris

729 1138 873 1196 sunt,
911 1134 1133 1182 caveant
1164 1125 1445 1193 quominus
1488 1122 1621 1176 urbe
1660 1136 1720 1177 se
1758 1121 2095 1176 concludant.
2130 1121 2272 1175 sunt

729 1217 870 1269 enim
898 1216 957 1273 bi
985 1215 1096 1267 dies
1131 1212 1368 1276 ultionis,
1409 1218 1463 1265 et
1495 1210 1676 1264 omnia
1716 1208 1874 1263 ﬁendi
1904 1223 2023 1278 qua
2046 1222 2275 1277 prieser-

733 1307 826 1358 tim
878 1307 1017 1372 apud
1060 1302 1327 1356 Danielem
1372 1301 1574 1368 scripta
1620 1309 1764 1356 sunt.
1824 1298 1928 1353 Sed
1989 1307 2045 1353 et
2091 1299 2272 1363 minae,

738 1393 971 1450 Vatum:
993 1393 1355 1453 nutrientibus,
1382 1390 1644 1457 quomodo
1669 1388 1873 1442 exitum
1921 1387 2030 1441 sint
2071 1391 2277 1440 sortite

732 1486 1217 1554 Hierosolymorum
1237 1482 1574 1539 obsessorum
1600 1488 1857 1546 tempore,
1884 1478 2035 1532 testis
2056 1477 2274 1530 idoneus

731 1589 815 1632 est
862 1576 1072 1630 Flavius
1119 1572 1401 1640 Iosephus,
1449 1570 1539 1639 qui
1573 1578 1822 1624 accurate
1865 1578 2076 1637 tempus
2122 1566 2272 1629 illud,

733 1676 853 1737 post
884 1664 1185 1720 Servatoris
1215 1661 1383 1715 nostri
1408 1661 1572 1723 diras,
1592 1657 1874 1720 describit;
1894 1667 1949 1711 et
1979 1655 2273 1724 quomodo,

731 1756 1089 1827 prementibus
1118 1753 1372 1807 Romanis
1399 1750 1692 1817 urbemque
1713 1746 2070 1815 capientibus,
2104 1744 2273 1798 maxi-

732 1862 816 1899 ma
841 1844 1139 1899 Judarorum
1176 1842 1458 1894 multitudo
1499 1838 1676 1921 gladio
1719 1844 2037 1903 consumpta
2087 1833 2268 1895 fuerit,
2302 1835 2343 1889 Β

733 1934 1006 2002 multoque
1033 1932 1213 2001 plures
1240 1933 1378 1983 fante
1421 1943 1581 1996 quam
1615 1926 1762 1981 ferro
1802 1923 2083 1993 perierint.
2130 1921 2272 1988 Quin

730 2024 863 2078 adeo
889 2023 1137 2077 mulieres
1161 2034 1371 2089 quoque
1396 2017 1645 2087 parvulos
1685 2030 1813 2070 suos
1856 2015 1977 2083 igne
2021 2022 2273 2070 assantes.

729 2127 909 2168 escam
946 2112 1047 2166 sibi
1074 2110 1141 2164 ob
1165 2121 1456 2165 extremam
1487 2107 1763 2176 penuriam
1803 2103 2066 2159 fecerunt.
2100 2104 2275 2171 Atque

730 2201 847 2255 haec
875 2201 1213 2268 contigerunt
1246 2199 1417 2265 primo
1444 2195 1657 2264 quidem
1696 2194 1794 2249 sub
1824 2193 1943 2247 Tito
1970 2208 2031 2245 ac
2074 2190 2277 2257 Vespa-

728 2292 901 2353 siano,
930 2299 1113 2358 postea
1153 2287 1254 2342 sub
1304 2287 1563 2349 Adriano,
1598 2284 1959 2338 Romanorum
1991 2283 2277 2349 imperato-

730 2380 908 2445 ribus;
938 2394 1039 2449 qna
1066 2388 1221 2432 actate
1256 2377 1602 2430 interdictum
1656 2388 1873 2444 prorsus
1927 2371 2128 2426 Judzeis
2178 2368 2280 2423 fuit

729 2469 904 2539 patrio
928 2469 1062 2531 solo,
1098 2474 1153 2521 et
1177 2467 1244 2518 ab
1269 2463 1499 2518 ethnicis
1535 2459 1869 2516 Hierusalem
1918 2457 2019 2512 fuit
2056 2455 2279 2512 concul-

730 2570 869 2623 cata,
932 2560 1064 2612 adeo
1113 2566 1173 2610 ut
1228 2555 1397 2609 nullos
1457 2551 1655 2608 incolas
1695 2552 1843 2606 cives
1891 2550 2113 2604 haberet
2174 2549 2276 2603 nisi

727 2658 1011 2703 extraneos
1042 2652 1096 2699 et
1124 2644 1469 2712 alienigenas,
1506 2639 1784 2696 translatis
1812 2639 1936 2693 illuc
1971 2637 2265 2707 inquilinis,

730 2734 1025 2789 incolarum
1070 2718 1306 2806 priorum
1349 2733 1484 2786 loco.
1529 2730 1729 2785 Exinde
1766 2731 1908 2785 enim
1949 2731 2276 2785 circumdata

720 2832 813 2878 est
841 2823 1004 2877 armis
1036 2822 1185 2885 urbs,
1216 2832 1376 2890 atque
1416 2821 1573 2889 hujus
1616 2821 1978 2876 sanctuarium
2016 2821 2083 2874 ad
2133 2834 2276 2875 sum-

730 2930 869 2968 tuam
899 2914 1240 2968 solitudinem
1272 2913 1541 2967 redactum
1573 2911 1675 2965 fuit
1700 2928 1715 2967 :
1745 2910 1832 2964 illa
1859 2910 2085 2979 denique
2116 2910 2274 2963 deso-

727 3014 945 3069 lationis
965 3015 1309 3080 abominatio,
1338 3030 1495 3084 quam
1523 3013 1704 3068 Daniel
1733 3014 2076 3083 praedixerat,
2103 3014 2276 3067 medio

2367 579 2658 633 σπουδαίαν
2709 576 2956 647 ἡγεῖσθαι
2984 572 3081 643 τὴν
3120 574 3209 626 ἐπὶ
3245 572 3344 642 τὴν
3388 569 3538 623 πόλιν
3568 570 3920 641 ἐπιστροφὴν,

2366 670 2470 724 κᾶν
2509 670 2565 722 αἱ
2614 670 2793 738 χρεῖαι
2831 665 3095 719 καλῶσινο
3127 662 3394 734 ἅρπαγμα
3432 662 3489 714 δὲ
3540 659 3780 714 τίθεσθαι
3825 660 3922 732 τὴ)

2367 760 2561 831 φυγὴν,
2590 759 2677 811 διὰ
2700 759 2797 829 τὴν
2825 755 3248 825 ἐπελευσομένην
3268 754 3333 807 ἐκ
3362 752 3494 807 Θεοῦ
3521 753 3685 824 ὀργὴν
3731 750 3812 822 τῷ
3860 766 3921 806 τε

2366 851 2480 921 ναῷ
2504 852 2596 905 καὶ
2620 853 2689 920 τῇ
2722 850 2891 902 πόλει.
2922 846 3106 901 Ταῦτα
3128 843 3237 917 γὰρ
3258 845 3515 915 ἄντικρυς
3535 846 3627 897 καὶ
3651 842 3773 913 δίχα
3818 840 3920 894 πά-

2368 961 2467 1015 σης
2498 941 2824 1013 ἀμφιϐολίας
2858 936 3238 1011 παραστατικὰ
3265 936 3332 990 ἂν
3370 935 3597 1007 εἴη,τῆς
3627 933 3826 995 αἰτίας,
3857 930 3921 986 δι’

2368 1036 2435 1107 ἢν
2482 1033 2873 1105 παρεκελεύετο
2922 1031 3140 1102 φεύγειν
3192 1028 3284 1081 ἐπὶ
3312 1027 3382 1081 τὰ
3421 1026 3520 1098 δρη
3545 1065 3559 1091 ,
3581 1026 3675 1078 καὶ
3710 1024 3786 1095 μὴ
3808 1026 3924 1076 ἐπι-

2370 1124 2619 1195 στρέφειν
2661 1124 2753 1176 ἐπὶ⁵
2781 1122 2882 1185 τὰς
2923 1122 3124 1184 πόλεις.
3155 1120 3245 1173 Διό
3281 1134 3442 1190 φησιθ
3482 1120 3591 1172 Καὶ
3625 1119 3675 1170 οἱ
3712 1119 3769 1171 ἐν
3806 1120 3924 1179 ταῖς

2371 1215 2606 1287 χώραις,
2649 1214 2723 1284 μὴ
2760 1213 3149 1267 είσελθέτωσαν
3208 1212 3286 1274 είς
3332 1208 3536 1278 αὐτήν·
3592 1210 3675 1261 ὅτι
3724 1209 3924 1278 ἡμέραι

2372 1309 2697 1379 ἐκδικήσεως
2750 1300 2911 1358 αὗταί
2956 1306 3085 1367 eiet,
3126 1300 3218 1354 τοῦ
3259 1299 3606 1371 πληρωθῆναι
3646 1300 3821 1353 πάντα
3858 1297 3923 1349 τὰ

2372 1396 2725 1465 γεγραμμένα
2763 1395 2821 1447 ἐν
2856 1392 2933 1463 τῷ
2971 1390 3166 1461 Δανιὴλ
3206 1390 3454 1460 μάλιστα.
3506 1388 3663 1441 Ἀλλὰ
3705 1387 3799 1440 καὶ
3835 1386 3923 1452 τὸ,

2377 1488 2521 1540 Οὐαὶ
2558 1485 2684 1551 ταῖς
2716 1484 3109 1551 θηλαζούσαις
3158 1483 3310 1543 τότε,
3337 1482 3483 1542 ὅπως
3532 1478 3716 1541 τέλους
3768 1478 3923 1547 ἔτυχε

2376 1577 2513 1631 κατὰ
2538 1578 2628 1631 τὸν
2678 1574 2865 1646 καιρὸν
2912 1575 3017 1648 τῆς
3043 1572 3350 1643 πολιορκίας
3388 1573 3497 1625 τῶν
3526 1569 3924 1640 Ἱεροσολύμων,

2374 1668 2556 1732 ἱκανὸς
2582 1666 2953 1720 πιστώσασθαι
2982 1664 3206 1727 Φλάσιος
3234 1662 3523 1735 Ἰώσηπος,
3552 1660 3794 1731 ἀκριϐῶς
3838 1661 3928 1712 τὸν

2376 1760 2514 1831 μετὰ
2532 1759 2630 1823 τὰς
2651 1759 2786 1830 ἀρὰς
2815 1756 2909 1810 τοῦ
2936 1758 3179 1826 Σωτῆρος
3194 1756 3225 1823 ἡ
3233 1755 3348 1823 μῶν
3365 1754 3595 1822 πόλεμον
3619 1754 3927 1823 ἱστορήσας

2370 1860 2463 1906 καί
2489 1850 2585 1915 ὡς,
2615 1850 2947 1903 ἐπιστάντων
2984 1846 3263 1917 Ῥωμαίων
3293 1846 3389 1900 καὶ
3406 1845 3503 1916 τὴν
3523 1842 3674 1897 πόλιν
3704 1842 3928 1895 ἑλόντων

2372 1941 2678 2014 πολιορκίᾳ,
2712 1939 2881 2011 μυρία
2914 1940 3011 2010 μὲν
3040 1938 3213 2009 πλήθη
3242 1937 3337 1991 τοῦ
3369 1935 3634 1990 Ἰουδαίων
3662 1932 3846 1995 ἔθνους
3870 1934 3929 1984 ἐν

2374 2035 2599 2103 στόματι
2632 2033 2898 2103 μαχαίρας
2925 2032 3159 2102 ἀνῃρέθη
3178 2071 3193 2094 ,
3226 2028 3440 2091 πλείους
3472 2027 3530 2081 δὲ
3560 2025 3686 2079 τῶν
3730 2025 3930 2099 ἀνῃρη-

2376 2127 2551 2196 μένων
2576 2125 2655 2195 τῷ
2683 2124 2826 2194 λιμῷ
2854 2123 3214 2192 διεφθάρησαν
3234 2137 3248 2151 ·
3286 2120 3386 2190 ήδη
3415 2119 3471 2171 δὲ
3508 2118 3600 2171 καὶ
3625 2116 3694 2169 τὰ
3726 2116 3929 2169 ἑαυτῶν

2374 2216 2547 2287 βρέφη
2579 2217 2833 2284 γυναῖκες
2884 2214 3185 2282 ὀπτήσασαι
3234 2211 3385 2280 πυρὶ,
3429 2209 3602 2280 τροφῇ
3640 2206 3928 2277 κέχρηνται

2371 2306 2437 2367 δι’
2464 2305 2904 2377 ὑπερόάλλουσαν
2939 2304 3160 2357 ἔνδειαν.
3191 2300 3473 2355 Συνὲὁαινε
3506 2288 3561 2352 δὲ
3598 2297 3769 2349 ταῦτα
3796 2296 3932 2367 πρό-

2372 2413 2527 2467 τερον
2574 2397 2671 2466 μὲν
2704 2396 2845 2449 κατὰ
2880 2394 3037 2448 Τίτον
3072 2394 3165 2447 καὶ
3197 2388 3627 2445 Οὐεσπασιανόν
3690 2386 3828 2457 μετά
3874 2386 3929 2439 δὲ

2372 2486 2612 2550 τούτους,
2659 2487 2776 2539 κατ’
2827 2485 3117 2553 Ἀδριανὸν,
3153 2484 3276 2545 τοὺς
3328 2480 3607 2550 Ῥωμαίων
3660 2478 3929 2547 αὐτοκρά-

2372 2592 2555 2641 τορας,
2579 2577 2699 2630 καθ’
2727 2576 2819 2639 οὒς
2845 2575 3041 2636 ἄϐατος
3074 2573 3172 2643 μὲν
3204 2572 3261 2633 ἐς
3290 2571 3351 2624 τὸ
3375 2569 3635 2632 παντελὲς
3660 2567 3929 2629 Ἰουδαίοις

2372 2667 2403 2722 ὁ
2432 2667 2653 2736 πάτριος
2675 2666 2851 2720 αὐτῶν
2880 2665 3113 2734 κατέστη
3144 2664 3326 2724 τόπος,
3359 2662 3545 2729 γέγονε
3571 2660 3629 2713 δὲ
3660 2659 3921 2730 Ἰερουσαο

2372 2758 2484 2831 λὴμ
2514 2758 2822 2829 πατουμένη
2854 2759 2945 2811 ὑπ’
2994 2758 3183 2824 ἐθνῶν,
3211 2757 3285 2819 ὡς
3338 2752 3472 2825 μηδὲ
3520 2752 3739 2821 ἑτέρους
3787 2749 3930 2821 ἔχειν

2370 2851 2660 2920 οἰκήτορας
2687 2847 2904 2911 πολίτας
2936 2848 2967 2916 ἢ
3006 2848 3196 2918 μόνους
3227 2844 3549 2914 ἀλλοφύλους
3587 2840 3682 2895 καὶ
3715 2840 3932 2909 ἀλλογε-

2372 2941 2503 3005 νείςκ
2538 2938 2798 3008 μετοίκων
2825 2936 3009 2992 αὐτόθι
3035 2936 3478 2991 κατοικισθέντων
3514 2933 3633 2986 ἀντὶ
3661 2931 3770 2985 τῶν
3800 2930 3933 3002 πρόο

2374 3048 2529 3101 τερον
2579 3031 2895 3102 οἰκητόρων.
2952 3029 3042 3096 Ἐξ
3073 3029 3279 3083 ἐκείνου
3311 3028 3368 3080 δὲ
3420 3023 3789 3095 κυκλωθείσης
3827 3021 3933 3075 ὑπὸ

728 3113 783 3168 in
814 3118 1119 3171 sanctuario
1141 3118 1430 3171 constituta
1467 3118 1593 3181 fuit,
1626 3131 1827 3170 aeneum
1880 3117 2001 3170 dico
2055 3117 2274 3172 victoris

2378 3121 2748 3192 στρατοπέδων
2775 3121 2874 3192 τῆς
2913 3120 3281 3192 Ἰερουσαλὴμ,
3309 3118 3402 3172 καὶ
3427 3116 3557 3170 αὐτὸ
3589 3114 3652 3167 τὸ
3687 3114 3934 3184 ἁγίασμα

729 3206 1073 3261 simulacrum
1108 3209 1247 3276 quod
1279 3210 1331 3262 in
1380 3209 1554 3261 medio
1601 3206 1799 3275 templo
1827 3206 2129 3259 dedicatum
2159 3216 2261 3260 est.

2371 3212 2425 3263 τὸ
2452 3212 2511 3265 ὲν
2536 3194 2672 3282 αὐτῇ
2702 3214 2781 3275 είς
2807 3212 2906 3282 τὴν
2933 3210 3164 3280 ἐσχάτην
3186 3208 3521 3281 περιετράπη
3543 3206 3777 3276 ἐρημίαν
3798 3222 3813 3235 ⁸
3839 3210 3933 3261 καὶ

729 3295 792 3350 τὺ
820 3296 1088 3367 βδέλυγμα
1120 3298 1215 3366 τῆς
1234 3298 1555 3369 ἐρημώσεως
1580 3298 1640 3349 τὸ
1665 3296 1822 3369 ῥηθὲν
1849 3296 1935 3349 διὰ
1957 3295 2155 3365 Δανιὴλ
2175 3296 2268 3349 τοῦ
2307 3302 2581 3371 προφήτου
2609 3303 2740 3373 ἔπη
2801 3302 2860 3355 ἐν
2895 3300 2974 3372 τῷ
3035 3301 3357 3371 ἁγιάσματι,
3405 3298 3465 3351 τὸ
3512 3298 3738 3369 χάλκεόν
3790 3314 3933 3368 φημι

728 3392 1090 3461 ἀπεικόνισμα
1142 3388 1236 3441 τοῦ
1302 3386 1649 3458 πολιορκητοῦ
1706 3386 1761 3438 ἐν
1806 3384 1953 3454 αὑτῷ
1996 3386 2145 3457 μέσῳ
2192 3386 2270 3457 τῷ
2311 3390 2437 3462 ἱερῷ
2466 3394 2762 3467 ἱδρυμένον,

800 3486 924 3540 Haec
954 3484 1116 3552 igitur
1148 3496 1178 3535 e
1208 3481 1446 3550 plurimis
1478 3480 1777 3533 adnotanda
1813 3492 1997 3532 curavr
2046 3487 2264 3549 propter

724 3576 964 3631 divinum
996 3574 1299 3627 Servatoris
1328 3570 1497 3623 nostri
1530 3569 1838 3623 vaticinium
1874 3570 2135 3637 dicentis,
2181 3568 2268 3624 Vae

725 3666 1114 3738 prwgnantibut
1138 3672 1189 3719 et
1212 3663 1523 3716 lactantibus
1546 3664 1600 3714 in
1626 3661 1799 3713 diebus
1824 3659 1969 3714 illis!
1997 3659 2101 3715 Sed
2134 3676 2270 3731 quo-

726 3760 871 3812 niam
911 3756 977 3810 ad
1002 3766 1226 3810 cieteras
1263 3752 1563 3807 Servatoris
1596 3751 1962 3820 prmdictiones
1991 3752 2103 3806 haec
2132 3767 2267 3820 quo-

728 3863 831 3915 que
870 3845 1080 3901 accedit
1110 3861 1123 3897 :
1157 3843 1270 3896 Erit
1298 3857 1540 3909 pressura
1584 3856 1771 3909 magna
1802 3841 1857 3893 in
1907 3850 2067 3908 terra,
2102 3852 2149 3895 et
2186 3843 2270 3895 ira

729 3951 882 4002 super
904 3933 1090 4003 populo
1122 3933 1255 3995 hoc;
1285 3932 1367 3985 vel
1381 3928 2020 3993 secumlum-Mattbaeum,
2051 3932 2270 3983 tribula-

729 4026 855 4078 Iatio
882 4023 1175 4092 cujusmodi
1212 4030 1368 4074 antea
1400 4036 1663 4089 nunquam
1696 4020 1794 4087 fuit
1814 4020 1888 4083 “;
1920 4035 2097 4088 aperte
2146 4035 2268 4089 pre-

731 4116 863 4167 tium
900 4121 984 4168 est
1023 4113 1210 4166 audire
1230 4112 1563 4173 historicum,
1595 4111 1686 4177 qui
1720 4124 1874 4164 casus
1905 4111 2023 4165 illos
2051 4110 2127 4165 sic
2156 4110 2270 4165 fere

729 4210 915 4256 narrat
942 4219 955 4255 :
990 4220 1009 4253 ι
1034 4200 1099 4254 Et
1128 4200 1436 4269 singillatim
1466 4199 1680 4268 quidem
1706 4200 1929 4253 crimina
1954 4200 2152 4254 civium
2184 4215 2269 4254 re-

727 4291 936 4346 censeri
966 4299 1262 4358 nequeunt;
1295 4289 1596 4344 summatim
1614 4300 1738 4341 vero
1771 4288 1963 4353 dicam,
1987 4303 2157 4357 neque
2184 4289 2267 4342 ul-

727 4380 833 4435 lam
860 4380 1043 4433 urbem
1070 4380 1216 4450 paria
1248 4379 1384 4432 mala
1417 4392 1653 4448 passam,
1684 4391 1854 4445 neque
1892 4378 2019 4433 item
2046 4394 2269 4448 genera-

730 4470 925 4523 tionem
953 4468 1112 4522 ullam
1136 4470 1203 4522 ab
1224 4471 1353 4522 orbe
1374 4470 1589 4522 condito
1614 4468 1873 4522 scelerum
1903 4466 2268 4523 fecundiorem

730 4560 1019 4614 exstitisse.
1046 4559 1111 4612 Et
1141 4560 1353 4628 quidem
1380 4560 1563 4613 urbem
1593 4558 1759 4614 ἰυόωί
1806 4558 1905 4627 ipsi
1955 4559 2267 4626 pessumde-

734 4652 947 4714 derunt,
995 4649 1367 4718 Romanosque
1408 4650 1600 4705 invitos
1648 4651 1819 4703 diram
1864 4649 2141 4703 victoriam
2174 4663 2268 4715 pa-

2443 3489 2550 3559 (79)
2582 3487 2765 3542 Ταῦτα
2797 3487 2895 3558 μὲν
2925 3480 3019 3541 οὖν
3049 3484 3156 3539 ἀπὸ
3191 3483 3397 3555 μυρίων
3440 3480 3659 3534 τέθεικα
3701 3478 3787 3532 διὰ
3832 3479 3931 3548 τὴν

2373 3579 2520 3632 θείαν
2564 3579 2657 3631 τοῦ
2714 3579 2963 3648 Σωτῆρος
3010 3575 3165 3648 ημῶν
3194 3575 3492 3645 πρόρρησιν
3512 3570 3610 3642 τὴν
3640 3575 3887 3639 φήσασαν
3909 3584 3926 3599 ·

2375 3667 2517 3722 Οὐαί
2544 3667 2614 3720 δὲ
2639 3667 2768 3733 ταῖς
2814 3666 2884 3720 ἐν
2916 3666 3123 3735 γαστρί
3154 3668 3435 3735 ἐχουσαις
3464 3662 3562 3715 καὶ
3592 3660 3721 3725 ταῖς
3750 3663 3933 3727 θηλα-

2372 3757 2610 3823 ζούσαις
2633 3758 2703 3811 ὲν
2728 3757 2985 3823 ἐκείναις
3010 3755 3137 3823 ταῖς
3166 3756 3409 3823 ¹ἡμέραις
3425 3771 3439 3785 ⁸
3468 3752 3661 3806 ἑπεὶδὲ
3694 3752 3787 3804 καὶ
3813 3749 3932 3803 τοῦ·

2371 3866 2432 3901 το
2457 3851 2575 3911 ταῖς
2631 3848 2962 3919 προρρήσεσι
3008 3845 3101 3900 τοῦ
3150 3847 3397 3915 Σωτῆρος
3461 3844 3793 3915 πρόσκειται,
3844 3840 3927 3903 τὸ,

2376 3937 2579 3990 Ἔσται
2612 3935 2840 4006 ἀνάγκη
2872 3933 3101 4004 μεγάλη
3136 3934 3233 3987 ἐπι
3258 3933 3367 4001 τῆς
3410 3932 3523 4002 τῆς
3549 3932 3647 3985 καὶ
3674 3928 3820 3999 ὁρτὴ
3848 3928 3930 3993 τῷ

2371 4025 2498 4092 λαῷ
2525 4027 2709 4090 τούτῳ
2732 4042 2747 4057 ο
2772 4026 2806 4097 ἢ
2839 4027 2978 4080 κατὰ
2999 4027 3090 4078 τὸν
3114 4023 3385 4079 Ματθαὶον
3405 4065 3421 4089 ,
3461 4023 3663 4090 θλίψις
3699 4022 3797 4075 οἵα
3830 4022 3931 4075 οὐ·

2371 4114 2580 4170 ὂέποτε
2604 4116 2863 4187 rm“
2884 4116 3181 4171 ἐπακοῦσαι
3207 4115 3365 4167 καλὸν
3394 4114 3488 4166 τοῦ
3511 4110 3779 4183 ἱστορικοῦ
3807 4110 3930 4164 τοὺ-

2372 4225 2477 4261 των
2496 4208 2670 4261 αὐτῶν
2699 4208 2767 4261 τὰ
2797 4207 3201 4277 ἀποτελέσματα
3223 4199 3324 4258 ὧδέ
3340 4221 3416 4275 πη
3434 4203 3767 4276 ίστοροῦντος
3789 4201 3926 4273 (εἴη’

2378 4316 2395 4349 ι
2430 4299 2563 4351 Καθ’
2580 4300 2807 4352 ἕκαστον
2826 4300 2921 4371 μὲν
2941 4295 3033 4352 ὤν
3054 4297 3320 4362 ἐπεξιέναι
3347 4297 3444 4366 τὴν
3465 4295 3805 4368 παρανομίαν
3825 4296 3926 4348 αὑ-

2371 4389 2477 4441 τῶν
2500 4427 2514 4453 ,
2566 4390 2851 4443 ἀδύνατον·
2901 4389 3184 4442 συνελόντα
3236 4388 3280 4442 δ’
3310 4388 3512 4450 εἰπεῖν,
3577 4387 3711 4457 μήτε
3769 4385 3926 4439 πόλιν

2371 4476 2533 4546 ἄλλην
2558 4476 2777 4529 τοιαῦτα
2824 4477 3174 4542 πεπονθέναι,
3218 4476 3352 4547 μήτε
3381 4475 3572 4542 γενεὰν
3625 4474 3684 4539 ἐξ
3733 4474 3925 4538 αἰῶνος

2372 4567 2643 4634 γεγονέναι
2700 4568 2895 4630 κακίας
2924 4567 3312 4638 γονιμωτέραν.
3346 4566 3453 4637 Τὴν
3484 4566 3581 4637 μὲν
3633 4565 3788 4619 πόλιν
3841 4567 3927 4619 ἀνο

2372 4654 2779 4726 έτρεψανυαὺτοὶ
2807 4697 2821 4721 ,
2877 4656 3175 4726 Ῥωμαίους
3232 4656 3288 4709 δὲ
3334 4656 3561 4718 ἄκοντας
3612 4655 3925 4723 ἠνάγκασαν

734 4751 880 4796 trai'e
904 4748 1213 4810 coegerunt,
1260 4750 1419 4809 atque
1449 4741 1619 4809 ignem
1644 4742 2026 4809 propemodum
2057 4754 2272 4793 morano

2372 4744 2727 4815 ἐπιγραφῆναι
2761 4745 3065 4815 σκυθρωπῷ
3092 4744 3499 4817 κατορθώματι·
3521 4743 3613 4797 καὶ
3639 4744 3798 4814 μόνον
3826 4744 3924 4814 οὐχ

730 4840 835 4884 tetu
887 4830 952 4883 ad
1010 4831 1260 4899 templum
1302 4838 1695 4899 pertraxerunt.
1745 4829 1906 4885 Certe
1956 4828 2011 4883 id
2060 4836 2187 4883 dum
2237 4844 2268 4884 e

2371 4834 2609 4889 εἵλκυσαν
2675 4835 2935 4907 βραδῦνον
2994 4836 3084 4888 ἐπὶ
3116 4836 3208 4889 τὸν
3274 4835 3400 4890 ναὸν
3434 4834 3496 4888 τὸ
3541 4833 3681 4905 πῦρ⁸
3732 4834 3925 4905 ἀμέλει

728 4925 1003 4990 superiore
1035 4922 1164 4975 urbe
1194 4922 1577 4975 inﬂammatum
1619 4930 1926 4987 cernerent,
1966 4933 2141 4987 neque
2172 4923 2269 4972 do-

2360 4925 2642 4996 καιόμενον
2675 4928 2739 4979 ἐκ
2766 4928 2864 4996 τῆς
2887 4926 3000 4981 ἄνω
3027 4926 3232 4991 πόλεως
3253 4926 3578 4999 ἀφορῶντες.
3601 4925 3724 4979 οὔτε
3750 4927 3921 4998 ῆλγηο

728 5012 942 5064 luerunt
977 5026 1145 5080 neque
1186 5012 1443 5084 lacrymis
1479 5012 1679 5080 dignati
1727 5020 1870 5066 sunt.
1897 5028 1916 5061 ι
1949 5011 2124 5078 Atque
2154 5008 2266 5063 hinc

2371 5032 2491 5079 ταν,
2530 5016 2651 5069 οὒτε
2686 5016 3005 5087 ἐδάκρυσαν.
3044 5038 3063 5069 ι
3098 5019 3279 5073 Ταῦτα
3322 5017 3411 5072 διὰ
3454 5016 3537 5081 τὸ,
3567 5018 3773 5069 Ἔσται
3811 5018 3920 5083 γὰρ

730 5102 1036 5154 acciderunt
1064 5114 1279 5168 propter
1308 5102 1395 5154 illa
1428 5103 1608 5163 verba,
1649 5098 1762 5151 Erit
1810 5100 1945 5152 enim
1992 5096 2264 5149 tribulatio

2371 5108 2561 5174 θλίψις
2581 5106 2811 5175 μεγάλη
2835 5123 2852 5139 ο
2910 5108 2938 5161 ὃ
2994 5109 3056 5179 δὴ
3084 5110 3177 5163 καὶ
3208 5108 3517 5180 προρρηθὲν
3548 5107 3653 5160 ὑπὸ
3680 5106 3773 5160 τοῦ
3808 5109 3920 5159 Σω-

728 5207 915 5258 magna
938 5206 957 5241 :
982 5194 1033 5245 id
1080 5194 1217 5260 quod
1266 5208 1295 5246 a
1332 5192 1618 5247 Servatore
1648 5192 1979 5257 praedictum,
2017 5196 2137 5257 post
2167 5202 2263 5239 au-

2364 5196 2543 5266 τῆρος,
2576 5199 2987 5271 μεμαρτύρηται
3019 5201 3121 5253 ὑπὸ
3166 5200 3259 5253 τοῦ
3293 5198 3646 5271 συγγραφέως
3674 5200 3790 5269 μεθ’
3822 5200 3919 5251 ὅλα

728 5297 852 5333 num
875 5284 1099 5351 denique
1120 5284 1603 5353 quadragesimum,
1628 5282 1950 5351 Vespasiano
1965 5280 2262 5334 Romanum

2371 5285 2458 5357 ἐτη
2505 5290 2937 5359 τεσσαράκοντα,
3005 5292 3139 5345 κατὰ.
3195 5290 3289 5359 τὴν
3345 5290 3747 5344 Οὐεσπασιανοῦ
3787 5291 3917 5344 Ῥω·

729 5371 1009 5440 imperium
1052 5384 1286 5438 tenente,
1334 5383 1467 5429 teste
1513 5373 1792 5439 historico,
1844 5384 2032 5440 reapse
2081 5368 2263 5423 conl'e-

728 5472 869 5515 ctum
899 5474 997 5517 est.

797 5553 840 5583 ιο
872 5553 1051 5609 Matth.
1094 5556 1336 5623 XXIV,?J.

798 5644 907 5716 (79)
942 5645 1072 5716 cmi.
1104 5650 1163 5700 Α.
1202 5649 1237 5701 r.
1268 5646 1547 5716 270,5“.
1580 5645 1668 5708 iv,
1697 5646 1787 5698 εξ.

794 5712 907 5782 (80)
943 5713 1200 5785 Josephus
1225 5715 1358 5772 Bell.
1380 5712 1507 5769 Juii.
1536 5720 1620 5771 lib.
1651 5731 1723 5781 Vl,
1756 5716 1841 5768 li.

2368 5377 2539 5446 μαίων
2567 5378 2988 5451 αὑτοκρατορίαν
3020 5382 3302 5455 πληρωθὲν
3332 5382 3465 5453 (81).

2430 5644 2539 5713 (8|)
2558 5642 2910 5713 Prmcedentia
2938 5646 3261 5699 adamussim
3283 5653 3409 5700 sunt
3435 5644 3485 5697 in
3512 5642 3729 5713 Syriaca
3750 5639 3911 5695 Theov

2362 5710 2579 5781 pltttititt.
2608 5712 2740 5769 ltcui
2766 5719 2906 5783 quod
2944 5718 3099 5784 paulo
3140 5726 3259 5783 post
3304 5710 3571 5783 sequitur,
3586 5710 3757 5767 ταῦτα
3794 5726 3909 5777 συγ·
