4106 6408
261 510 398 573 Εἶτα
431 517 720 589 μεθίστησι
749 519 874 582 τοὺς
904 518 1092 587 λόγους
1117 518 1147 570 ό
1176 515 1379 588 Κύριος
1407 515 1501 568 ἐπὶ
1535 514 1625 568 τὸν
1657 514 1758 584 τῆς

195 610 504 675 συντελείας
551 609 761 681 καιρὸν,
791 609 886 664 καί
937 624 1106 680 φησι·
1157 608 1268 663 Καὶ
1314 608 1485 663 ἔσται
1541 605 1760 675 σημεῖα

191 699 434 768 ιγτμιφ
477 699 577 754 καί
631 697 862 769 σελήνῃ
917 698 1018 753 καὶ
1072 698 1334 768 ἄστροις.
1383 695 1756 766 Συγηχῦσθαι

191 790 339 845 δοκεῖ
366 790 437 846 τὰ
460 790 560 863 τῆς
586 789 726 845 κατὰ
752 790 851 862 τὴν
880 790 1025 858 λάξιν
1051 790 1388 856 ἀκολουθίας,
1439 787 1529 842 διὰ
1571 787 1635 842 τδ
1681 787 1756 859 μὴ

190 881 498 938 διεστάλθαι
518 881 912 953 ἀφωρισμένως
937 883 1006 936 τά
1032 898 1091 936 τε
1137 881 1266 953 περὶ
1293 881 1398 952 τῆς
1442 879 1760 952 πολιορκίας

192 973 284 1028 τοῦ
325 973 491 1027 τόπου
522 972 838 1044 λελεγμένα,
871 971 1062 1026 καὶτὰ
1110 972 1240 1044 περὶ
1285 972 1384 1043 τῆς
1449 971 1757 1034 συντελείας

189 1063 284 1118 τοῦ
311 1063 527 1128 αἰῶνος.
556 1065 692 1119 Κατ’
721 1062 1028 1134 οἰκονομίαν
1053 1063 1110 1116 δὲ
1138 1063 1247 1134 ἄρα
1277 1062 1370 1116 τοῦ
1400 1061 1544 1116 θείου
1591 1062 1758 1115 Πνεύ-

194 1172 362 1226 ματος
390 1156 424 1225 ἡ
451 1154 683 1224 ἀσάφεια
722 1155 910 1222 γέγονε
935 1194 950 1218 ,
986 1153 1315 1225 κρύπτοντος
1369 1155 1621 1226 ἐπίτηδες
1660 1157 1757 1225 τῆς

196 1246 303 1300 τῶν
331 1246 539 1302 πολλῶν
563 1245 813 1315 γνώσεως
840 1245 908 1298 τά
931 1247 988 1300 ὲν
1021 1246 1353 1317 άπορρήτοις
1380 1247 1484 1300 ὑπὸ
1511 1247 1606 1299 τοῦ
1655 1248 1759 1299 Σω-

194 1338 359 1409 τῆρος
388 1337 569 1410 μόνοις
611 1339 718 1400 τοίς
776 1336 938 1390 αὑτοῦ
997 1336 1261 1407 μαθηταῖς
1313 1338 1714 1407 παραδεδομένα
1738 1354 1751 1368 ·

189 1429 333 1483 οὕτω
381 1429 557 1481 τοίνυν
605 1424 1158 1495 ἀναγνωσόμεθα,ὼς
1186 1426 1235 1478 εί
1289 1425 1426 1496 μετὰ
1473 1425 1757 1495 διαστολῆς

189 1523 373 1592 εἴρητο
427 1519 614 1574 τοῦτον
658 1518 750 1572 τὸν
801 1518 1028 1588 τρόπον·
1071 1519 1206 1589 Περὶ
1259 1518 1360 1587 μὲν
1420 1517 1515 1587 τῆς
1569 1533 1755 1569 συντε-

187 1611 336 1676 λείας
369 1611 464 1665 τοῦ
504 1609 732 1674 αἰῶνος,
773 1607 1001 1680 βλέπετε
1055 1609 1127 1679 μή
1164 1624 1249 1671 τις
1302 1609 1444 1678 ὑμᾶς
1482 1608 1753 1679 πλανὴσῐΓ

191 1700 375 1756 πολλοὶ
423 1700 531 1770 γὰρ
579 1697 886 1754 ιλεύσονται
935 1698 1026 1751 ἐπὶ
1077 1696 1153 1768 τῷ
1201 1696 1422 1768 ὀνόματί
1475 1714 1603 1767 μου·
1662 1697 1756 1750 καὶ

1524 305 1613 362 DE
1649 303 2107 362 THEOPHANIA.

1785 438 1833 492 Α

3315 305 3421 358 (ibi

2593 421 2664 476 X.

1928 514 2066 570 Exin
2096 513 2395 569 orationem
2423 512 2688 567 convertit
2735 509 2993 564 Servator
3050 509 3116 563 ad
3176 519 3420 578 tempora

1857 604 2364 665 consummationis,
2399 603 2584 672 aitque
2614 621 2627 655 :
2659 600 2728 656 Et
2757 613 2906 655 erant
2939 603 3091 672 signa
3120 601 3173 654 in
3201 602 3331 664 sole,
3373 611 3422 654 et

1857 696 2004 762 (una,
2055 706 2104 751 et
2139 696 2301 750 stellis
2323 696 2389 750 ".
2419 694 2689 750 Confusus
2727 693 2941 748 videtur
2974 693 3242 748 sermonis
3289 706 3420 746 c0uo

1859 796 2058 850 textus.
2093 787 2217 856 quia
2268 788 2489 855 precise
2535 800 2640 840 non
2691 794 2819 840 sunt
2863 785 3141 848 distincta,
3182 797 3302 850 qum
3353 786 3421 836 de

1859 877 1963 934 loci
1992 877 2305 933 obsessione
2336 876 2612 939 dicuntur,
2638 871 2706 930 ab
2739 875 2802 929 iis
2831 889 2950 944 quae
2979 876 3044 929 de
3071 875 3253 928 saeculi
3289 888 3423 926 con-

1858 967 2235 1024 summatione.
2277 966 2533 1021 Prndenti
2567 977 2743 1021 tamen
2767 964 2932 1019 divini
2965 965 3199 1033 Spiritus
3230 965 3423 1018 volun-

1861 1070 1970 1115 tate
2003 1063 2116 1116 haec
2153 1061 2458 1115 obscuritas
2494 1059 2711 1123 accidit,
2748 1066 2806 1111 ut
2838 1055 3197 1110 multitudinis
3233 1057 3423 1124 cogni—

1860 1150 1992 1204 tioni
2042 1160 2201 1204 caute
2251 1150 2719 1211 subtraherentur,
2754 1160 2876 1215 qua:
2923 1157 3122 1198 arcano
3167 1142 3423 1197 Servatur

1858 1242 1974 1296 suis
2026 1249 2237 1295 tantum
2285 1240 2562 1311 discipulis
2608 1238 3103 1293 commendaverat.
3149 1235 3242 1289 Sic
3288 1249 3423 1304 ergo

1859 1334 2112 1403 legemus,
2150 1333 2303 1403 quasi
2350 1348 2472 1388 cum
2517 1331 2954 1401 interpunctione
2999 1331 3204 1384 dictum
3256 1327 3423 1382 fuerit

1859 1434 1916 1478 ut
1941 1425 2182 1493 sequitur
2209 1441 2224 1478 :
2255 1423 2329 1479 De
2361 1425 2824 1480 consummatione
2857 1433 3038 1478 autem
3083 1419 3285 1486 seculi,
3319 1434 3416 1474 ca-

1856 1526 2070 1594 veteye
2111 1517 2231 1586 quis
2275 1531 2372 1572 vos
2411 1515 2678 1586 decipiat;
2713 1515 2864 1570 multi
2911 1515 3056 1570 enim
3090 1515 3144 1568 in
3193 1513 3413 1569 nomine

1857 1621 1976 1663 meo
2002 1607 2247 1672 venient;
2280 1614 2335 1661 et
2367 1619 2486 1675 qua:
2516 1606 2587 1660 ibi
2619 1613 2913 1672 sequuntur
2942 1603 3168 1672 reliqua.
3203 1602 3408 1659 Postm-

1860 1715 1960 1754 ωε
1993 1707 2171 1754 autem
2212 1697 2312 1753 loci
2354 1698 2672 1760 obsidionis,
2695 1706 2814 1765 post
2849 1710 3009 1766 quam
3051 1692 3418 1750 restitutionis

185 1790 258 1846 τὰ
281 1791 491 1854 τούτοις
511 1789 778 1860 ἑπόμενα·
811 1789 941 1860 περὶ
970 1789 1027 1842 δὲ
1055 1789 1152 1860 τῆς
1183 1788 1493 1859 πολιορκίας
1523 1786 1617 1840 τοῦ
1665 1788 1753 1840 τό-

1858 1791 1998 1845 uulla
2027 1804 2170 1860 spes,
2194 1789 2295 1844 hoc
2324 1789 2576 1843 indicium
2604 1801 2723 1842 esse
2753 1789 2911 1842 debet
2937 1803 2951 1840 :
2978 1801 3140 1853 quum
3174 1784 3422 1840 videritis

189 1893 291 1931 που
341 1878 442 1948 τῆς
497 1876 752 1947 ὑστάτης,
787 1876 910 1947 μεθ’
955 1878 1020 1948 ἢν
1061 1877 1162 1930 οὐκ
1207 1876 1354 1929 ἔστιν
1403 1874 1556 1940 αὖθις
1599 1877 1760 1931 αὐτὸν

189 1965 772 2038 ἀνοικοδομηθησεσθαι
810 1966 1134 2036 προσὼκᾷν,
1165 1965 1310 2019 τοῦτ’
1334 1965 1476 2037 ἔχειν
1503 1967 1757 2036 ὠφείλετο

186 2059 251 2113 τὸ
286 2061 544 2131 σημεῖονο
574 2059 700 2112 όταν
758 2058 912 2127 ἴδητε
937 2056 1305 2128 κυκλουμένην
1332 2057 1436 2111 ὑπὸ
1463 2057 1571 2110 τῶν
1605 2074 1766 2129 στρα-

189 2151 432 2206 τοπέδων
467 2149 566 2223 τὴν
615 2147 1004 2224 Ἰερουσαλὴμ,
1045 2149 1168 2203 τότε
1207 2149 1381 2220 γνῶτε
1425 2149 1507 2202 ὅτι
1537 2150 1763 2219 ἤγγικεν

186 2241 225 2314 ἡ
249 2241 532 2313 ιρήμωσις
563 2241 754 2314 αὐτῆς,
783 2242 878 2296 καὶ
902 2242 972 2296 τὰ
1002 2241 1209 2304 τούτοις
1230 2239 1501 2294 ἀκόλουθα
1527 2243 1729 2293 ποιεῖτε
1746 2257 1760 2271 ·

188 2335 320 2406 περὶ
342 2333 403 2387 δι
425 2333 524 2406 τῆς
556 2333 697 2388 κατὰ
724 2333 826 2405 τὴν
868 2332 1176 2386 συντέλειαν
1203 2332 1298 2386 τοῦ
1334 2332 1531 2394 αἰῶνος
1564 2349 1766 2404 παρου-

1855 1885 2246 1938 circumdatam
2279 1882 2347 1937 ab
2379 1880 2712 1936 exercitibus
2750 1879 3109 1946 Hierusalem,
3147 1885 3278 1932 tunc
3313 1878 3424 1933 scio

1860 1984 1967 2030 tote
1993 1974 2299 2028 vastitatem
2325 1973 2443 2042 ejus
2472 1972 2696 2035 instare,
2727 1973 2953 2040 ideoque
2979 1987 3098 2040 qua:
3120 1971 3166 2024 ei
3195 1970 3270 2025 rei
3298 1978 3428 2024 sunt

1858 2062 2047 2118 idonea
2081 2060 2258 2117 facite.
2297 2061 2536 2131 Denique
2562 2061 2628 2115 de
2655 2060 2979 2116 Antichristi
3004 2062 3148 2114 circa
3172 2074 3428 2116 consum-

1860 2155 2151 2207 mationem
2179 2151 2358 2207 saculi
2389 2153 2645 2216 adventu,
2679 2151 2780 2207 hoc
2807 2150 2963 2207 vobis
2991 2153 3080 2206 aio
3105 2169 3118 2206 :
3145 2149 3263 2203 Erit
3303 2158 3429 2203 tunc

1860 2242 2134 2298 tribulatio
2165 2259 2374 2315 magna.
2404 2242 2680 2300 Hactenus
2707 2246 2774 2299 de
2806 2242 2972 2314 hujus
3001 2241 3296 2312 evangelici
3323 2240 3431 2296 loci

1859 2343 2043 2404 putata
2074 2335 2413 2392 confusione.

189 2429 308 2495 σίας
337 2429 432 2484 τοῦ
477 2428 862 2501 ’Δντιχρίστου,
891 2427 1044 2484 ταῦθ’
1076 2428 1205 2500 ὑμῖν
1233 2428 1620 2498 λέγωοἝσται
1643 2430 1776 2482 τότε
1802 2431 2004 2499 θλίψις
2029 2431 2259 2502 μεγάλη
2277 2447 2291 2462 ·
2338 2430 2507 2486 ταῦτα
2547 2431 2644 2502 μὲν
2686 2429 2815 2502 περὶ
2857 2429 2954 2500 τῆς
2981 2431 3122 2484 κατὰ
3147 2429 3236 2482 τὸν
3266 2427 3433 2482 τόπον

187 2519 546 2594 meum;
568 2517 899 2590 συγχύσεως.

257 2612 374 2682 (83)
403 2612 612 2677 Ταῦτα,
648 2611 887 2682 συγγενῆ
916 2612 1044 2664 ὄντα
1067 2614 1178 2676 τοῖς
1210 2610 1361 2682 παρὰ
1396 2611 1473 2683 τῷ
1501 2612 1762 2684 Ματθαίῳ

187 2704 248 2758 ἑν
271 2703 352 2774 τῷ
373 2703 491 2775 opst
525 2701 636 2757 τῶν
665 2703 891 2756 Ἐλαιῶν
920 2702 1055 2773 πρὸς
1093 2702 1218 2765 τοὺς
1262 2702 1591 2766 ἀποστόλους
1633 2705 1763 2772 περὶ

190 2793 499 2858 συντελείας
529 2792 1004 2864 παραδεδομένας,
1038 2793 1264 2863 φέρεται
1295 2792 1444 2862 παρὰ
1475 2793 1554 2864 τῷ
1577 2795 1760 2866 Aoum}

187 2883 263 2948 ὡς
283 2882 550 2956 εἰρημένα
569 2882 675 2954 πρὸ
692 2883 790 2953 τῆς
820 2882 1027 2934 εἰσόδου
1055 2881 1220 2935 αὐτοῦ
1246 2882 1346 2951 τῆς
1385 2882 1758 2954 Ἰερουσαλὴμ,

188 2972 573 3046 ινόιατρίσοντι
603 2973 803 3044 μεταξὺ
836 2971 1147 3044 Σαμαρείας
1171 2972 1266 3026 καὶ
1303 2972 1611 3038 Γαλιλαίας.
1669 2977 1752 3026 Δι-

186 3062 375 3120 δάσκει
402 3063 461 3118 st
481 3062 569 3117 διὰ
584 3062 789 3117 τούτων
817 3063 892 3132 μὴ
917 3063 1028 3116 δεῖν
1047 3061 1516 3135 συναρπάζεσθαι,
1540 3064 1593 3117 εί
1607 3080 1756 3123 ποτε,

189 3155 509 3219 ιπιστάντος
541 3154 636 3208 τοῦ
665 3153 1051 3225 ’Δντιχρίστου,
1105 3153 1372 3225 διατρέχοι
1430 3155 1504 3226 φή
1515 3172 1589 3226 μη
1634 3154 1762 3225 περὶ

189 3245 574 3312 αὑτοῦὠκτοῦ
603 3244 840 3318 Χριστοῦ
872 3245 1146 3314 φανέντος.
1171 3245 1265 3300 Διό
1285 3262 1419 3316 φησι
1437 3263 1450 3276 ο
1499 3247 1633 3300 Ἐὰν
1663 3246 1762 3298 λέ-

190 3353 376 3409 γωσιν
406 3337 570 3408 ὑμῖν.
596 3329 751 3393 ’.1δοὺ
777 3331 918 3400 ὧδε,
940 3337 980 3405 ἢ
1015 3335 1143 3392 ίδοὺ
1171 3337 1313 3402 ἐκεῖ,
1343 3336 1429 3406 μὴ
1460 3336 1759 3402 ἐξέλθητε,

186 3426 344 3497 μηδὲ
399 3426 683 3495 διώεηεεο
747 3425 1007 3483 ἀδύνατον
1069 3428 1177 3500 γὰρ
1237 3427 1420 3481 λοιπὸν
1474 3427 1565 3481 τὸν
1615 3428 1761 3494 ἅπαξ

188 3517 283 3571 hci
320 3517 426 3589 γῆς
474 3517 710 3588 φανέντα
759 3515 923 3571 πάλιν
968 3516 1030 3572 ιν
1082 3516 1308 3587 γωνίαις
1354 3517 1461 3588 γῆς
1509 3517 1610 3581 τὰς
1647 3517 1762 3571 δια-

186 3607 380 3680 τριϐὰς
430 3607 778 3680 ποιήσασθαι.
827 3609 891 3662 Εἰ
947 3603 1041 3662 οὖν
1084 3625 1170 3672 τις
1215 3608 1370 3664 ἔσται
1418 3603 1592 3680 ὧδεῆ
1646 3610 1764 3663 ἐκεῖ

188 3696 623 3768 θρυὶλούμινοςο
691 3698 768 3769 μὴ
835 3697 1130 3769 tamam
1193 3698 1385 3768 ὑμεῖς,
1467 3699 1604 3770 μηδὲ
1677 3717 1763 3752 πι-

189 3787 420 3859 στεύητε
475 3791 590 3852 τοίς
653 3786 998 3859 λεγομένοις’
1062 3787 1220 3852 ἄλλος
1287 3787 1397 3863 γὰρ
1465 3790 1618 3844 ἔσται
1673 3807 1759 3854 τις

185 3871 381 3944 αὖθις,
433 3880 532 3933 καὶ
587 3878 685 3950 οὐκ
741 3879 772 3932 ὁ
828 3877 1034 3949 ἀληθὴς
1091 3878 1359 3948 Χριστός·
1415 3872 1463 3946 ᾧ
1514 3881 1621 3951 χρὴ
1684 3881 1758 3952 μὴ

187 3968 497 4041 προσύχειν.
531 3968 608 4023 rs
654 3967 763 4040 γὰρ
803 3968 1055 4040 μέγιστον
1106 3971 1329 4039 σημεῖον
1366 3969 1467 4034 τῆς
1502 3969 1758 4042 δευτέρας

187 4058 282 4116 τοῦ
305 4056 558 4129 Σωτῆρος
579 4057 738 4129 ὴμῶν
769 4059 1066 4130 παρουσίας
1091 4059 1167 4122 ὡς
1186 4059 1437 4130 αστραπὴ
1469 4059 1643 4124 ἔσται,
1659 4061 1757 4130 οὐχ

185 4148 350 4221 ὁμοία
379 4151 500 4210 ταῖς
523 4149 746 4211 πολλαῖς
768 4149 862 4202 καὶ
887 4149 949 4202 ἐν
980 4150 1140 4220 μέρει
1175 4148 1266 4202 τοῦ
1299 4151 1493 4214 παντὸς
1521 4151 1610 4203 ἀεὶ
1631 4167 1758 4219 φαι-

185 4237 457 4311 νομίναις,
502 4237 639 4293 ἀλλά
682 4255 765 4300 τις
792 4237 1066 4302 ἰδιάζουσα
1109 4240 1204 4292 καὶ
1235 4238 1382 4310 ξένη,
1436 4241 1531 4293 τὸν
1579 4239 1756 4293 πάντα

1941 2610 2088 2676 Haec,
2145 2619 2370 2680 cognata
2419 2609 2524 2665 illis
2573 2626 2692 2681 qua:
2748 2611 2887 2681 apud
2936 2610 3244 2666 Matthzeum
3277 2611 3320 2643 ¹⁸
3376 2611 3430 2665 iu

1865 2707 2048 2757 monte
2092 2698 2365 2754 Olivarum
2413 2701 2667 2754 dicuntur
2701 2701 2958 2766 apostolis
2979 2703 3044 2755 de
3085 2702 3266 2754 mttudi
3300 2700 3431 2766 ﬁne,

1863 2791 2003 2860 apud
2035 2790 2296 2846 Lucam“
2332 2802 2624 2845 narrantur
2657 2807 2756 2845 ceu
2789 2792 2931 2846 dicta
2966 2801 3090 2846 ante
3126 2792 3432 2861 ingressum

1863 2884 1920 2938 in
1951 2884 2141 2940 urbem
2178 2881 2543 2944 Hierusalem,
2582 2893 2829 2938 morante
2869 2882 2993 2938 Jesu
3046 2884 3187 2938 inter
3237 2867 3432 2939 Sama-

1866 2973 2003 3028 riam
2039 2981 2094 3028 et
2143 2971 2440 3028 Galilcam.
2490 2971 2658 3025 Docet
2702 2982 2880 3026 autem
2932 2972 3018 3028 bis
3068 2972 3268 3038 verbis,
3323 2988 3432 3028 non

1864 3073 2113 3134 oportere
2142 3077 2466 3133 quemquam
2487 3076 2674 3117 errore
2704 3063 2894 3133 abripi,
2920 3065 2964 3119 si
3000 3064 3309 3134 aliquando,
3353 3066 3434 3119 in-

1863 3165 2040 3213 stante
2069 3156 2393 3210 Anticbristi
2423 3165 2684 3224 tempore,
2723 3154 2866 3209 fama
2916 3157 2982 3212 de
3012 3171 3076 3211 eo
3107 3167 3434 3227 pervagetur

1865 3247 2016 3316 quasi
2066 3245 2315 3300 Christus
2364 3247 2695 3316 apparuerit.
2751 3247 2954 3301 Idcirco
3003 3248 3078 3301 ait
3119 3265 3132 3301 :
3169 3245 3229 3302 Si
3289 3251 3434 3303 vobis

1863 3336 2113 3402 dixerint,
2150 3335 2281 3390 Ecce
2337 3337 2437 3402 ftic,
2495 3347 2541 3391 et
2580 3353 2693 3392 ecce
2751 3338 2880 3402 illic,
2938 3339 3096 3392 nolite
3151 3339 3226 3388 ire
3271 3356 3435 3396 neque

1862 3429 2126 3482 sectemini
2173 3443 2192 3482 :
2248 3428 2579 3496 impossibile
2631 3429 2774 3484 enim
2813 3439 2914 3496 est,
2946 3444 3068 3486 eum
3120 3433 3212 3502 qui
3264 3433 3436 3488 semel

1862 3515 1916 3570 in
1946 3525 2091 3571 terra
2123 3519 2460 3587 apparuerit,
2498 3535 2687 3576 rursus
2717 3521 2770 3574 in
2802 3519 3012 3589 angulis
3053 3531 3213 3576 terra
3249 3539 3433 3578 moras

1864 3608 2100 3661 trahere.
2138 3608 2196 3663 Si
2225 3623 2355 3679 ergo
2397 3626 2582 3664 rumor
2629 3610 2865 3675 dicatur,
2923 3611 3054 3667 Ecce
3081 3614 3186 3676 hic,
3229 3625 3278 3668 et
3317 3632 3432 3669 ecce

1860 3699 1994 3762 illic,
2016 3713 2178 3756 nonte
2202 3715 2295 3756 vos
2320 3702 2420 3766 ire,
2447 3716 2622 3770 neque
2646 3702 2808 3756 dictis
2828 3703 3082 3757 credatis.
3114 3703 3264 3761 Alius
3285 3707 3428 3760 enim

1861 3789 2088 3856 quilibet
2140 3790 2244 3844 erit
2294 3789 2420 3852 iste,
2459 3804 2562 3842 non
2601 3798 2782 3844 autem
2815 3803 2974 3846 verus
3017 3792 3295 3859 Christus;
3341 3796 3430 3849 cui

1862 3889 2147 3947 propterea
2179 3893 2282 3932 non
2305 3888 2389 3933 est
2412 3879 2823 3934 attendendum.
2849 3879 2984 3934 Nam
3009 3883 3220 3952 signum
3255 3888 3431 3940 maxi-

1861 3981 2005 4020 mum
2037 3967 2261 4021 secundi
2291 3967 2558 4022 adventus
2588 3967 2895 4024 Servatoris
2940 3973 3132 4042 nostri,
3171 3983 3428 4044 tanquam

1858 4058 2036 4125 fulgur
2065 4060 2170 4113 erit
2226 4059 2449 4114 minime
2483 4057 2658 4115 simile
2691 4061 2811 4117 aliis
2839 4065 3025 4120 multis
3069 4067 3121 4122 in
3149 4080 3303 4136 parte
3327 4069 3428 4124 ali-

1856 4165 1963 4218 qua
1995 4152 2175 4204 mundi
2204 4153 2614 4220 apparentibus,
2661 4155 2754 4210 sed
2783 4157 3060 4228 singulare
3095 4175 3158 4216 ac
3186 4164 3427 4231 peregri-

1857 4255 1986 4294 num
2031 4251 2194 4310 atque
2242 4243 2553 4298 universum
2599 4247 2783 4300 orbem
2828 4261 3052 4316 repente
3102 4256 3422 4321 pervadens.

185 4330 393 4400 κόσμον
419 4327 630 4399 ἁθρόως
653 4328 955 4400 πληροῦσα.
984 4328 1072 4381 Διό
1101 4347 1233 4400 φησι
1256 4346 1270 4360 ’
1311 4329 1754 4398 Ἀστράπτουσα

1858 4328 1978 4383 ideo
2007 4330 2137 4383 dicit
2161 4345 2176 4384 :
2199 4330 2494 4387 Coruscans
2518 4335 2581 4387 de
2604 4336 2834 4390 subdiali
2855 4339 3226 4394 in'subdialem
3255 4349 3424 4411 regia-

183 4420 255 4475 ἐκ
277 4419 389 4488 τῆς
411 4421 510 4473 ὑπ’
534 4421 794 4487 οὐρανὸν
819 4423 907 4486 είς
942 4419 1056 4488 τὴν
1085 4423 1184 4475 ὑπ’
1208 4423 1468 4489 οὐρανὸν
1486 4422 1708 4491 λάμπει
1735 4441 1750 4454 ·

185 4512 374 4577 οὕτως
393 4507 508 4567 οὖν
524 4512 713 4576 ἔσται,
747 4511 930 4583 φησὶν,
960 4515 993 4567 ό
1033 4512 1166 4578 mc
1187 4513 1294 4567 τοῦ
1316 4512 1628 4580 ἀνθρώπου
1651 4513 1748 4566 ἐπὶ

184 4603 488 4672 παρουσίᾳ
563 4603 788 4658 αὐτοῦ·
856 4603 1038 4657 οὐκέτι
1111 4604 1218 4676 γὰρ
1291 4605 1750 4676 περιϐεϐλημένος

185 4694 367 4766 σάρκα
423 4692 664 4766 φθαρτὴν
715 4693 779 4760 ἐξ
836 4695 1060 4764 αἵματος
1112 4697 1206 4749 καὶ
1259 4695 1460 4749 ὀστέων
1523 4713 1746 4763 συγκει-

187 4782 358 4855 μένην
397 4781 508 4852 (83)
549 4781 779 4852 βαδίζει,
816 4782 926 4837 ουδ’
961 4784 1056 4836 ἐπὶ
1103 4783 1209 4848 γῆς
1263 4782 1492 4853 βαδίζων
1537 4780 1628 4838 οἷά
1661 4803 1746 4851 τις

183 4873 364 4947 κοινὸς
425 4872 707 4945 ἄνθρωπος
781 4877 1075 4950 ὀφθήσεται
1102 4916 1119 4942 ,
1188 4874 1302 4930 ἀλλ’
1373 4874 1407 4935 ἢ
1481 4877 1749 4948 ὲκλάμψει

180 4961 304 5026 ὅλος
362 4961 431 5016 δι’
477 4962 598 5017 ὅλου
621 5001 638 5029 ,
687 4962 751 5016 τδ
795 4963 913 5032 φῶς
962 4964 1060 5036 τῆς
1111 4963 1274 5019 αὐτοῦ
1332 4963 1583 5034 θεότητος
1636 4969 1749 5025 τοῖς

183 5052 322 5106 πᾶσι
383 5050 628 5115 δεικνὺς³
688 5049 784 5105 ᾶτε
841 5051 1002 5115 αὐτὸς
1061 5050 1137 5105 ὢν
1184 5050 1244 5104 τὸ
1299 5051 1532 5120 φωτίζον
1569 5053 1747 5107 πάντα

181 5140 466 5214 ἄνθρωπον
520 5140 810 5213 ἱρχόμενον
865 5143 947 5205 εἰς
997 5140 1089 5195 τὸν
1139 5141 1359 5212 κόσμον.
1410 5141 1597 5207 Οὕτως
1650 5140 1746 5199 οὖν

186 5256 378 5312 "Luc.
420 5272 532 5321 ut,
568 5257 659 5312 25.
737 5256 781 5289 "
823 5256 1167 5319 Matth.xstv,
1200 5257 1253 5310 3.
1295 5257 1339 5289 ¹⁹
1366 5257 1501 5313 Luc.
1535 5274 1669 5323 xvu,
1698 5261 1790 5319 23.

181 5351 338 5424 γενῇ.
369 5359 498 5424 etc.,
528 5352 843 5424 nominatim
869 5351 1063 5424 dicitur
1088 5351 1140 5405 in
1163 5353 1349 5424 codice
1372 5355 1434 5406 A.
1465 5352 1502 5406 f.
1530 5353 1654 5418 253,
1682 5355 1739 5418 h,

1859 4436 1995 4474 nem.
2032 4419 2121 4474 Sic
2147 4423 2264 4485 erit,
2292 4423 2484 4493 inquit,
2512 4422 2686 4478 Filius
2712 4427 2938 4481 hominis
2965 4431 3018 4482 in
3050 4432 3274 4486 adventu
3301 4453 3421 4494 suo.

1857 4509 2069 4565 Etenim
2117 4512 2257 4566 haud
2305 4513 2419 4582 jam
2465 4516 2806 4585 corruptibili
2865 4531 3029 4574 carne
3078 4521 3318 4592 indutus,
3369 4539 3423 4584 et

1853 4603 2116 4672 sanguine
2143 4605 2462 4674 ossibusque
2491 4617 2811 4676 compactus
2845 4613 3122 4678 procedet.
3155 4630 3334 4686 neque
3366 4620 3418 4674 in

1854 4701 1998 4747 terra
2033 4695 2317 4749 ambulans
2347 4711 2496 4751 more
2524 4700 2829 4756 communis
2862 4701 3100 4762 hominis
3125 4711 3420 4780 conspicie-

1855 4791 1962 4848 tur,
1993 4785 2086 4840 sed
2115 4787 2422 4842 coruscablt
2456 4795 2600 4844 totus
2627 4805 2722 4859 per
2747 4798 2938 4860 totum,
2964 4795 3267 4853 divinitatis
3306 4815 3418 4857 sua:

1851 4876 2032 4932 lumen
2076 4881 2287 4935 cunctis
2326 4884 2639 4948 ostendens,
2673 4899 2837 4952 quum
2873 4889 2945 4942 sit
2995 4891 3110 4961 ipse
3143 4891 3236 4961 qui
3293 4895 3416 4950 illu-

1851 4965 2020 5019 minat
2049 4981 2262 5022 omnem
2315 4969 2586 5023 hominem
2620 4971 2921 5028 venientem
2966 4975 3024 5030 in
3077 4977 3221 5033 hunc
3260 4995 3415 5035 mun-

1848 5054 1999 5111 dum.
2023 5055 2112 5112 Sic
2132 5058 2356 5128 itaquea
2381 5060 2534 5116 nobis
2560 5075 2619 5117 se
2656 5077 2780 5120 esse
2799 5067 3216 5136 exspectandum
3234 5070 3410 5128 docet.

1847 5145 2000 5211 Quod
2035 5148 2081 5202 si
2113 5149 2164 5203 in
2203 5159 2347 5206 terra
2383 5153 2568 5210 dicant
2599 5155 2854 5228 aliquem,
2893 5159 2979 5214 vel
3029 5160 3193 5216 fando
3223 5164 3412 5218 audia-

1839 5354 2046 5437 debuit,
2075 5353 2190 5436 sive
2232 5370 2421 5437 reapse
2469 5360 2537 5414 ad
2579 5359 2968 5437 Theoplianiant
3009 5364 3300 5437 pertineat,
3345 5376 3406 5424 ut

184 5419 250 5477 es
285 5419 499 5475 Eusebii
525 5419 868 5489 Theophgnic
901 5420 1036 5474 libro
1064 5431 1280 5489 quarto.
1308 5421 1410 5489 Qui
1437 5432 1614 5477 autem
1653 5425 1740 5478 hic
1837 5426 2067 5484 videtur,
2095 5423 2209 5478 sive
2239 5428 2306 5480 ad
2328 5419 2805 5486 commentarium.

184 5491 481 5559 interiacet
491 5499 691 5544 tractus
709 5487 825 5543 εἶτα
846 5487 1152 5559 μεθίστησι,
1174 5499 1305 5555 etc.,
1323 5487 1446 5545 cum
1470 5492 1534 5552 in.
1551 5493 1738 5549 codice

181 5563 251 5616 Δ.
303 5558 339 5612 Ι’.
383 5557 514 5628 270.
565 5561 784 5616 omnino
819 5557 1175 5628 connectatur
1223 5573 1345 5614 cum
1397 5562 1736 5628 pracedente

1927 5494 2018 5572 ἕξ)
2042 5494 2178 5572 Cod.
2197 5496 2264 5547 A.
2289 5495 2332 5572 r_.
2356 5497 2483 5552 εδδ.
2515 5499 2718 5572 b._Syr.
2754 5500 2842 5565 tv.
2870 5502 2962 5558 εδ.

1925 5563 2198 5641 ΒξΞιλ-ἰίοςΔ
2233 5566 2466 5622 refertur
2495 5570 2582 5641 _ad
2635 5563 3232 5641 incorruptibilitatem;
3294 5592 3402 5636 non

182 5626 798 5710 plnpuﬂévmeidetttque
827 5627 1056 5710 Eusebio
1100 5626 1447 5710 lnscrlbatur,
1481 5631 1735 5710 nullaque
1830 5626 1972 5700 quod
1999 5626 2269 5693 Eusebius
2305 5646 2460 5708 neget
2481 5639 2681 5698 Christi
2706 5626 2924 5698 carnem
2945 5626 3270 5705 fin—secundo
3295 5626 3401 5707 ῐῖιῖ

184 5699 584 5769 intercapedine
605 5699 936 5770 sejungatur,
980 5710 1205 5770 prorsus
1229 5712 1260 5755 ιι
1307 5700 1462 5758 nobis
1490 5699 1579 5756 hic
1604 5703 1730 5771 poni
1831 5699 2016 5762 ventu.
