4106 6396
166 341 274 402 θῦε

1511 336 1603 393 DE
1642 334 2103 394 ‘I'IIEOPHANIA.

171 467 584 538 καθηδύνοντες.
615 466 798 539 Ταύτῃ
822 481 903 518 τοι
931 463 1025 518 καὶ
1055 461 1298 532 Μωῠσῆς
1325 460 1635 532 ινομοθίτει
1670 460 1760 515 6ιά

1857 471 1912 519 et
1947 462 2155 534 Moyses
2207 455 2323 534 lege
2357 459 2636 519 sanciebat
2688 467 2748 515 ut
2798 457 2956 528 quasi
2985 456 3288 530 symbolum
3338 458 3423 514 sal

172 557 461 628 συμϐόλων
487 559 612 620 τοὺς
640 557 774 618 ἀλας
795 551 1124 625 προσφέρειν
1149 547 1234 618 τῷ
1253 546 1398 618 Θεῷ,
1430 541 1531 602 ὧδέ
1570 564 1642 618 πη
1670 547 1750 600 λέ-

169 663 284 718 γων
309 666 325 680 ο
371 649 482 704 Kal
519 645 640 702 πᾶν
673 645 865 712 δῶρον
896 642 1112 706 θυσίας
1148 637 1320 710 ὑμῶν
1361 638 1462 692 ddi
1502 636 1752 704 ducari-

171 757 345 796 σεται
361 759 378 773 °
409 741 524 798 ἀλλ’
552 741 698 811 ὅμως
729 738 796 791 δι’
821 733 1090 806 αἰσθητῶν
1116 730 1389 802 σωμάτων
1409 729 1560 784 ταῦτῖ
1581 730 1754 782 επιτερ

175 833 289 888 λεῖν
321 830 652 902 ἀνομοθίτει.
695 830 754 882 ’0
793 828 851 882 δι
893 826 1001 880 τῶν
1034 822 1240 877 καινῶν
1276 821 1540 891 αὐθέντης
1574 819 1753 892 νόμων

173 925 306 986 τοὺς
343 922 482 984 ἃλας
523 923 656 992 ἡμῖν
697 920 823 983 τοὺς
866 916 1131 984 θεοφιλεῖς
1179 912 1472 985 διαρρήδην
1522 911 1751 975 ιδείκνυ,

171 1013 403 1075 τούτους
428 1007 568 1066 εῐναι
587 1008 849 1083 παριστὰς
871 1009 1001 1070 τοὺς
1024 1005 1270 1074 φύλακας
1286 1003 1396 1057 τῶν
1420 1002 1585 1057 αὐτοῦ
1614 1019 1754 1075 παρ-

173 1103 542 1175 αγγελμάτων
566 1120 580 1136 ο
636 1097 718 1164 οἷς
743 1100 840 1154 καὶ
867 1101 952 1163 εἰς
987 1098 1280 1170 πρόσωπον
1313 1095 1521 1164 Ξλεγεν·
1558 1089 1754 1165 Ὑμεῖς

174 1194 322 1251 ὅση
359 1195 431 1251 τὸ
457 1195 610 1262 ωας
639 1192 750 1263 τῆς
774 1189 906 1263 τῆς·

864 1303 946 1357 m
979 1300 1110 1372 (96).

177 1702 297 1749 om:
326 1683 658 1755 στρατιώτης
678 1675 1361 1752 απαρρησιασμένωςτὴν
1378 1677 1458 1740 αις
1483 1674 1583 1746 ua
1601 1675 1758 1745 ποιή-

181 1789 343 1827 σεται
380 1771 690 1842 ὁμολογίαν,
731 1769 871 1823 οὕτω
919 1767 1076 1835 κάγὼ
1115 1767 1210 1820 τὸν
1259 1766 1496 1821 τοιοῦτον
1532 1765 1755 1837 ἀμειϐό-

183 1880 350 1935 μενος
381 1862 523 1917 κατά
551 1862 642 1916 τὸν
687 1861 787 1931 τῆς
831 1862 974 1934 ἐμῆς
1001 1859 1280 1930 βασιλείας
1309 1859 1517 1932 καιρὸν,
1549 1858 1760 1929 μάρτυς

178 1955 336 2027 αὐτῷ
368 1956 786 2027 παραστήσομαι
841 1953 940 2024 τῆς
993 1949 1255 2014 εὐσεϐοῦς
1301 1948 1614 2020 ὁμολογίας,
1658 1948 1760 2010 τὰς

178 2047 486 2109 ἀνατάσεις,
544 2045 637 2099 καὶ
677 2043 774 2116 τὴν
817 2042 1148 2114 παρρησίαν,
1205 2042 1298 2096 καὶ
1334 2040 1431 2111 τὴν
1461 2037 1757 2109 ὑπομονὴν,

180 2137 283 2191 καὶ
302 2136 364 2191 τὸ
391 2134 594 2189 τέλειον
611 2133 710 2204 τῆς
733 2133 870 2204 πρὸς
883 2131 1015 2186 Θεὸν
1036 2133 1278 2201 ἀγάπης,
1308 2130 1433 2194 τούς
1460 2146 1517 2183 τε
1541 2128 1760 2192 λοιποὺς

181 2227 385 2290 ἀθλους
408 2225 508 2296 τῆς
543 2221 787 2294 φιλοθέου
813 2222 1100 2293 στρατείας
1125 2221 1292 2276 αὑτοῦ
1320 2218 1548 2291 καταριθ
1558 2217 1759 2290 μούμε-

180 2335 300 2382 νος,
330 2317 428 2370 καὶ
469 2315 570 2386 τὴν
617 2312 757 2384 ὑπὲρ
803 2311 969 2367 αὑτοῦ
1028 2310 1356 2385 συνηγορίαν
1403 2309 1760 2380 ποιησόμενος

178 2408 278 2460 ἀπὶ
301 2405 396 2460 τοῦ
426 2403 638 2476 Πατρός
665 2421 763 2473 μου
785 2401 881 2456 τοῦ
912 2405 970 2456 tv
985 2403 1234 2473 οὐρανοῖς
1251 2419 1264 2434 ·
1284 2401 1484 2472 ταύτην
1525 2398 1760 2472 ἀμοιϐὴν

179 2494 435 2550 ιντεῦθεν
460 2494 563 2565 ἤδη
601 2492 856 2564 παρέξειν
887 2491 1290 2562 ἐπαγγέλλομαι
1320 2494 1430 2555 τοῖς
1453 2493 1604 2562 ἐμοῖς
1631 2492 1761 2560 ὁμο·

181 2585 446 2656 λογηταϊς
492 2584 587 2637 καὶ
632 2583 865 2653 μάρτυσι
917 2583 1029 2645 τοῖς
1083 2581 1176 2632 ἐπὶ
1211 2579 1423 2634 πάντων
1463 2578 1760 2652 ἀνθρώταον

181 2671 760 2747 πεπαρρησιασμένως
824 2672 926 2743 τὴν
988 2671 1127 2742 ἐμὴν
1187 2669 1560 2740 ἀνακηρύξασι
1609 2669 1761 2739 βασι-

181 2765 356 2820 λείαν.
385 2763 496 2818 Καὶ
518 2763 572 2816 τί
602 2763 646 2816 δ’
679 2761 746 2816 ἂν
773 2762 983 2831 γένοιτο
1013 2761 1423 2832 μακαριώτερον
1454 2761 1553 2831 τῆς
1581 2759 1763 2814 τοιαύ-

179 2872 286 2927 της
307 2853 668 2922 ἀπαγγελίαςς
717 2853 780 2907 Τί
809 2852 852 2906 δ’
892 2852 960 2906 ἂν
1001 2855 1250 2923 κρεῖττον
1291 2852 1385 2904 καὶ
1430 2851 1764 2922 ἐνδοξότερον

181 2945 282 3000 ⁸ιηοῦ
309 2946 415 3016 πρὸ
445 2943 539 2998 τοῦ
572 2943 714 2996 θείου
755 2942 996 3014 βήματος
1020 2941 1183 2995 αὑτὸν
1227 2941 1318 2994 τὸν
1360 2943 1622 3014 μονογενῆ
1665 2941 1761 2996 τοῦ

183 3036 324 3090 Θεοῦ
354 3035 526 3103 Λόγον
560 3033 914 3099 ἀναδέξασθαι
937 3033 1037 3104 τὴν
1081 3031 1222 3103 ὑπὲρ
1256 3032 1412 3104 ἡμῶν
1441 3033 1761 3104 ὁμολογίαν;

1785 1814 1832 1874 Β

1850 555 1964 610 Deo
1992 553 2300 620 ollerretur,
2352 555 2433 610 sic
2481 553 2668 610 dicens
2699 570 2712 606 :
2751 547 2819 604 Et
2858 565 3009 605 nutus
3045 561 3236 606 muas
3259 551 3423 604 sacri—

1849 647 1958 716 ﬁcii
1991 645 2144 702 nostri
2183 646 2295 701 sals
2322 646 2615 700 condictur.
2675 642 2741 698 Et
2781 641 2874 696 ille‘
2900 641 3116 712 quidem
3150 639 3422 696 sensibili-

1851 736 1952 792 bus
1999 734 2317 806 corporibus
2355 735 2470 790 bac
2517 733 2634 788 ﬁeri
2673 730 2989 786 mandabat.
3046 730 3117 785 At
3152 743 3417 784 novarum

1851 833 2042 884 auctor
2085 827 2263 898 legum
2307 825 2418 881 sale
2455 824 2614 880 nobis
2643 821 2893 878 homines
2935 818 3047 876 Deo
3091 835 3248 876 caros
3292 835 3420 892 per-

1853 920 2039 991 spicue
2064 919 2285 975 denotat
2311 918 2380 984 ³⁶,
2424 918 2524 973 hos
2553 916 2933 970 mandatorum
2982 928 3204 969 suorum
3229 913 3423 968 obser-

1851 1017 2070 1066 vatores
2108 1023 2229 1064 esse
2271 1005 2569 1064 ‘aﬂlrmans.
2607 1004 2816 1072 Quibus
2857 1003 3022 1059 etiam
3055 1002 3276 1059 aiebat:
3318 1000 3420 1057 Vos

1853 1103 1976 1157 estis
2004 1101 2084 1157 sal
2111 1111 2265 1156 terra:
2294 1100 2366 1155 ".

2869 1191 2904 1218 κ

2581 1273 2699 1331 ιν.

1923 1411 2018 1467 Ait
2070 1409 2252 1464 enim:
2306 1407 2617 1478 Quicunque
2657 1406 2932 1475 confessus
2985 1405 3146 1474 [urit
3191 1404 3258 1459 da
3303 1362 3424 1470 ure,

1857 1501 2116 1570 confessio
2157 1503 2222 1555 de
2261 1518 2321 1556 eo
2363 1501 2454 1569 [iet
2503 1515 2683 1555 eorum
2734 1499 2936 1568 angelis
2961 1498 3029 1552 ³⁸.
3071 1497 3231 1551 Sicut
3274 1496 3423 1551 enim

1729 1613 1758 1626 -
1857 1591 2000 1660 apud
2042 1589 2207 1646 duces
2242 1603 2504 1660 regesque
2548 1588 2643 1655 iit,
2685 1587 2776 1644 ille
2818 1587 2910 1657 qui
2953 1585 3058 1641 mei
3098 1584 3256 1655 regni
3291 1585 3427 1640 lide-

1856 1680 1924 1736 lis
1956 1681 2108 1736 miles
2139 1680 2479 1736 conﬁdenter
2518 1679 2586 1734 de
2633 1693 2721 1734 me
2765 1677 3160 1735 confessionem
3213 1675 3427 1740 fecerit,

1858 1771 2004 1826 hunc
2028 1786 2129 1840 ego
2162 1771 2397 1827 vicissim
2434 1783 2814 1834 remunerans,
2842 1770 2994 1840 regni
3022 1768 3126 1823 mei
3159 1775 3426 1836 tempore,

1860 1864 2012 1918 testis
2032 1863 2080 1918 ei
2126 1863 2290 1918 adero
2321 1861 2584 1931 religiosa
2614 1860 3030 1926 confessionis;
3063 1873 3272 1929 pugnas
3299 1872 3429 1926 per»

1857 1965 2031 2020 actas,
2083 1953 2247 2008 animi
2295 1952 2668 2016 alacritatem,
2738 1951 3078 2020 patientiam,
3129 1947 3426 2018 perfectam

1857 2059 1985 2113 erga
2026 2043 2194 2098 Deum
2237 2043 2577 2105 cbaritatem.
2619 2052 2671 2095 et
2702 2041 2904 2111 reliqua
2937 2041 3044 2096 Deo
3070 2041 3276 2094 devota
3309 2039 3431 2111 ejus

1859 2136 2064 2190 militia:
2107 2135 2410 2190 certamina
2465 2142 2819 2202 computans,
2871 2133 3034 2202 eique
3076 2132 3430 2201 patuocinans

1859 2225 1998 2293 apud
2049 2223 2260 2278 Patrem
2310 2237 2488 2277 meum
2543 2221 2635 2290 qui
2683 2221 2736 2276 in
2781 2221 2938 2276 uelis
2981 2232 3085 2276 est.
3143 2219 3297 2275 Hanc
3345 2235 3430 2274 re-

1861 2315 2207 2369 tributionem
2233 2314 2343 2382 jam
2383 2327 2526 2368 nunc
2571 2312 2815 2381 spondeo
2858 2327 2946 2368 me
2991 2312 3242 2368 daturum
3293 2325 3429 2367 eou-

1860 2405 2157 2461 fessoribus
2202 2405 2539 2474 testibusque
2609 2403 2789 2469 meis,
2843 2403 2934 2472 qui
2985 2417 3170 2459 coram
3219 2404 3432 2457 cunctis

1860 2496 2170 2553 hominibus
2224 2496 2566 2552 conﬁdenter
2625 2510 2805 2552 meum
2862 2494 3281 2566 praedicaverint
3347 2509 3433 2549 ru-

1859 2603 2048 2658 guum.
2093 2588 2229 2654 Quid
2275 2603 2443 2658 porro
2492 2586 2704 2642 beatius
2759 2587 2861 2641 hac
2907 2586 3267 2656 promissione
3311 2583 3429 2640 Ieri

1860 2675 2081 2746 potest?
2119 2675 2258 2741 Quid
2306 2677 2498 2732 melius
2525 2677 2602 2732 vel
2633 2675 2942 2746 gloriosius,
2982 2689 3146 2746 quam
3186 2683 3316 2728 ante
3343 2674 3398 2728 di

1860 2767 2044 2820 vinum
2085 2766 2322 2822 tribunal
2351 2767 2688 2836 unigenitum
2721 2765 2898 2836 ipsum
2941 2765 3036 2821 Dei
3072 2764 3310 2819 Verbum
3343 2764 3432 2817 fa-

1861 2857 2106 2911 ciendam
2159 2857 2437 2926 suscipere
2479 2859 2546 2912 de
2580 2856 2740 2912 nobis
2779 2855 3225 2911 confessionem?
3267 2865 3430 2924 atque

1863 2948 1996 3002 adeo
2031 2961 2198 3017 opere
2235 2947 2516 3016 premium
2561 2947 2736 3002 nostri
2781 2947 2848 3002 de
2890 2961 2956 3002 eo
2999 2945 3292 3001 testimonii
3333 2961 3431 3000 ox-

1861 3035 2067 3101 hibere,
2098 3037 2224 3090 dum
2261 3036 2317 3090 in
2354 3036 2471 3104 ipsa
2514 3038 2673 3091 testis
2711 3036 2792 3090 sui
2827 3035 3006 3090 anima
3048 3045 3324 3099 versatur,
3363 3049 3429 3090 ac

186 3129 336 3199 ιργῳ
359 3144 420 3180 τε
441 3125 543 3195 τῆς
575 3123 878 3196 μαρτυρίας
905 3124 1003 3196 τὴν
1042 3122 1279 3194 ἀμοιϐὴν
1315 3124 1670 3190 ἐνδείξασθαι,
1704 3128 1764 3180 ιν

1865 3126 2027 3180 veluti
2079 3125 2132 3180 in
2177 3137 2368 3180 sancto
2407 3125 2607 3194 templo
2645 3126 2698 3180 in
2733 3126 2920 3182 eadem
2967 3125 3217 3181 habitat?
3262 3126 3431 3197 Atqui

187 3220 327 3289 αὐτῇ
365 3217 511 3288 ψυχῇ
559 3216 654 3270 τοῦ
707 3215 1151 3288 μαρτυρουμένου
1180 3217 1487 3288 γενόμενον,
1533 3218 1625 3272 καὶ
1653 3216 1764 3273 ὥσ-

189 3325 298 3379 περ
321 3309 381 3361 ἑν
413 3308 554 3378 ἀγίῳ
591 3306 705 3376 ναῷ
743 3307 802 3359 ιν
830 3303 977 3375 αὐτῷ
1019 3306 1454 3378 κατοικήσοντας
1499 3305 1672 3360 Τοῦτο
1718 3307 1762 3360 δ’

186 3397 282 3456 οῦν
321 3399 674 3470 ιπήγγελται,
700 3397 764 3452 οὐ
815 3397 1108 3469 παρέργως
1160 3397 1348 3451 εἰπών·
1383 3396 1763 3469 ὀμολογήσω

186 3490 350 3562 κάγὼ
379 3490 450 3543 ἐν
473 3487 658 3553 αὐτῷ’
687 3488 749 3541 οὐ
775 3487 883 3560 γὰρ
922 3485 1026 3551 ἔξω
1053 3503 1154 3545 που
1178 3488 1461 3559 τυγχάνων
1487 3487 1580 3541 τοῦ
1621 3505 1762 3558 μαρ-

187 3580 547 3653 τυρουμένου,
579 3579 693 3633 ἀλλ’
725 3582 783 3634 ὲν
812 3579 961 3651 αὑτῷ
987 3579 1248 3644 κατοικῶ,
1279 3580 1372 3633 καὶ
1401 3579 1498 3649 τῆς
1516 3579 1764 3649 θεότητος

187 3671 353 3725 αὐτὸν
384 3669 610 3741 πληρῶν
629 3669 730 3741 τῆς
753 3671 916 3742 ἐμῆς,
945 3671 1014 3725 δι’
1043 3671 1214 3744 αὐτῆς
1240 3670 1340 3741 τῆς
1362 3671 1638 3743 ἐνεργείας
1665 3667 1764 3740 τὴν

187 3764 250 3820 ιν
275 3763 427 3835 αὐτῷ
461 3762 755 3833 ποιήσομαι
780 3761 1091 3833 ὁμολογίαν.

259 3896 411 3968 Πλὴν
449 3881 769 3967 ’ἐπιρρώσας
805 3894 1001 3960 αὐτοὺς
1030 3893 1243 3948 ὲλπίσιν
1272 3895 1501 3963 ἀγαθαῖς
1530 3894 1619 3948 διὰ
1666 3893 1765 3965 τῆς

186 3987 457 4057 τοσαύτης
475 3986 826 4055 ἐπαγγελίας.
863 3985 1178 4057 ἐπιστρέφει
1219 3987 1379 4040 πάλιν
1406 3988 1532 4050 τοὺς
1566 3987 1764 4051 αὐτοὺς

187 4075 257 4136 δι’
292 4074 521 4145 ἀπειλῆς
568 4073 945 4145 φοϐερωτέρας
973 4073 1258 4142 ἐπιλέγων,
1293 4076 1395 4140 ὄτι,
1433 4075 1542 4129 Τὸν
1582 4076 1766 4141 ἀρνη-

190 4164 460 4234 admiror
508 4163 945 4233 ἀπαρνήσομαι.
977 4164 1317 4232 ’Δναγκαίως
1353 4163 1409 4216 δὲ
1441 4165 1534 4218 καί
1559 4163 1765 4235 ταύτην

191 4257 375 4320 αὐτοῖς
407 4255 785 4309 ὲπανετείνατο
798 4253 897 4325 τήν
925 4253 1176 4324 ἀπειλὴν,
1207 4253 1282 4317 ὡς
1309 4254 1374 4308 ἂν
1403 4255 1477 4326 μὴ
1501 4271 1767 4325 καταφρο-

189 4348 413 4420 νήσαιεν
439 4345 538 4414 τῆς
581 4347 658 4408 είς
698 4345 860 4398 αὑτὸν
906 4344 1216 4416 ὁμολογίας,
1251 4345 1484 4416 ἔμπαλιν
1520 4346 1576 4399 δὲ
1617 4345 1765 4410 ὅπως

191 4441 466 4512 φρίττωεν
495 4436 590 4508 τὴν
615 4437 844 4509 ἀρνησιν
873 4435 968 4506 τῆς
1001 4435 1165 4490 αὑτοῦ
1208 4439 1529 4509 μαρτυρίας,
1553 4436 1639 4490 διὰ
1665 4435 1762 4507 τὴν

1863 3217 1969 3274 hoc
2011 3217 2298 3285 promisit,
2359 3217 2501 3271 haud
2549 3231 2681 3271 casu
2743 3217 2976 3273 dicens:
3025 3217 3328 3286 Confitebor
3378 3228 3426 3272 st

1861 3325 1958 3378 ego
1998 3324 2136 3362 eum.
2177 3308 2294 3363 Non
2344 3309 2490 3364 enim
2547 3310 2786 3376 alicubi,
2840 3321 2991 3364 extra
3031 3325 3156 3365 eum
3209 3310 3279 3366 de
3323 3325 3430 3380 quo

1863 3398 2149 3462 conﬁteor,
2171 3414 2312 3465 sum,
2381 3398 2478 3454 sed
2536 3399 2589 3453 in
2653 3399 2772 3470 ipso
2816 3400 3044 3465 habito,
3091 3409 3253 3470 atque
3303 3415 3426 3454 eum

1863 3489 2061 3543 deitate
2083 3502 2200 3542 mea
2231 3488 2525 3556 complens,
2557 3503 2655 3559 per
2683 3489 2854 3558 ipsam
2885 3487 3204 3553 eiiicaciam,
3236 3502 3342 3558 qua
3373 3487 3427 3542 iu

1862 3578 1957 3634 iilo
1983 3593 2198 3650 operor,
2247 3579 2646 3636 confessionem
2691 3580 2759 3635 de
2790 3594 2856 3634 eo
2884 3593 3157 3650 peragam.

1937 3888 2230 3956 Postquam
2267 3887 2388 3942 illos
2429 3891 2612 3958 priore
2654 3887 2817 3943 eﬂ'ato
2860 3887 2913 3942 in
2947 3886 3222 3959 egregiam
3274 3901 3425 3960 spem

1864 3989 2151 4044 erexerat,
2205 3994 2399 4034 rursus
2451 3989 2686 4034 attentos
2736 3981 2868 4035 facit
2918 3994 3036 4042 eos.
3085 3979 3431 4036 Ien'ibiliorio

1865 4071 1967 4126 bus
2003 4071 2166 4125 minis
2195 4071 2492 4124 admonens
2523 4071 2638 4125 fore
2679 4081 2738 4124 ut
2769 4071 2884 4142 ipse
2917 4082 3206 4142 negantem
3240 4085 3300 4128 se
3333 4087 3432 4128 ne-

1867 4178 1976 4236 get.
2025 4163 2346 4220 Necessario
2402 4175 2580 4219 autem
2649 4166 2746 4220 has
2783 4180 3009 4236 quoque
3072 4165 3202 4236 ipsis
3252 4167 3429 4222 minas

1869 4255 2123 4318 intendit,
2157 4271 2224 4309 ne
2253 4255 2390 4310 forte
2416 4255 2706 4325 aliquando
2727 4257 3005 4327 negligant
3045 4257 3220 4325 ipsum
3260 4257 3432 4312 conli-

1867 4347 2030 4411 teri.‘
2070 4345 2420 4416 vicissimque
2471 4355 2534 4400 ut
2587 4360 2785 4416 negare
2834 4359 2955 4400 eum
3003 4345 3432 4415 perhorrescant

1869 4447 2092 4508 propter
2117 4449 2528 4494 consecuturam
2555 4440 2674 4510 ejus
2701 4439 2778 4494 rei
2814 4453 3051 4509 pmnam,
3085 4453 3276 4509 nempe
3301 4441 3428 4508 quia

190 4527 658 4592 ἐπακολουθοῦσαν
686 4528 823 4597 αὐτῇ
855 4527 1142 4598 τιμωρίαν,
1179 4528 1300 4597 ἣτις
1323 4525 1391 4599 ἦν
1415 4530 1477 4587 τὸ
1509 4529 1645 4599 πρὸς
1665 4528 1760 4581 τοῦ

1867 4544 1896 4583 a
1933 4528 2071 4585 Filio
2101 4527 2195 4584 Dei
2230 4531 2587 4600 negabuntur.
2616 4529 2845 4584 Perinde
2891 4543 3018 4584 vero
3049 4536 3132 4583 est
3163 4527 3348 4599 negari
3396 4543 3427 4583 a

191 4620 322 4674 Υἱοῦ
342 4620 436 4673 τοῦ
467 4616 602 4673 Θεοῦ
624 4619 942 4690 ἀρνηθῆναι.
967 4620 1194 4689 Ὅμοιον
1224 4618 1269 4671 δ’
1294 4619 1361 4673 ἂν
1391 4620 1474 4692 εἴη
1503 4621 1562 4673 τὸ
1595 4621 1763 4692 ἀρνη-

192 4711 352 4782 θῆναι
379 4709 484 4763 ὑπὸ
519 4710 611 4762 τοῦ
661 4710 875 4782 Πατρὺς
907 4710 983 4782 τῷ
1031 4709 1333 4782 ἀρνηθῆναι
1384 4713 1488 4766 ὑπὸ
1533 4713 1633 4781 τῆς
1669 4712 1762 4765 τοῦ

191 4802 328 4856 Θεοῦ
356 4801 568 4870 σοφίας,
591 4801 684 4858 καὶ
710 4801 786 4874 τῷ
809 4803 1062 4855 ἐκπεσεῖν
1094 4801 1194 4871 τῆς
1231 4799 1394 4872 ζωῆς,
1425 4804 1518 4856 καὶ
1541 4802 1619 4872 τῷ
1649 4818 1768 4854 στε-

197 4891 428 4963 ρηθῆναι
453 4887 548 4942 τοῦ
569 4889 765 4957 φωτὸς,
785 4887 885 4944 καὶ
910 4888 986 4960 τῷ
1019 4887 1238 4942 πάντων
1257 4887 1366 4942 τῶν
1391 4887 1612 4956 ἀγαθῶν
1639 4886 1769 4940 ἀπο-

194 4981 476 5052 ϐληθῆναι.
513 4979 586 5032 Τὸ
625 4978 682 5031 δὲ
724 4980 820 5033 καὶ
852 4979 1030 5034 ταῦτα
1080 4980 1259 5034 πάντα
1295 4979 1484 5033 παθεῖν
1535 4977 1764 5036 ινάητιον

192 5070 289 5126 τοῦ
311 5070 524 5139 Πατρδς
537 5068 637 5122 τοῦ
664 5069 722 5122 ιν
748 5072 862 5132 τοῖς
888 5071 1155 5144 οὐρανοῖς,
1185 5071 1286 5125 καὶ
1316 5071 1408 5123 ἀπὶ
1453 5071 1563 5124 τῶν
1601 5067 1768 5138 ἀγγέ-

1865 4619 2048 4686 Patre,
2101 4629 2264 4690 atque
2303 4636 2332 4674 a
2367 4620 2458 4673 Dei
2488 4619 2755 4690 sapientia
2799 4619 3006 4688 negari,
3051 4628 3106 4675 et
3136 4620 3249 4674 vita
3289 4619 3433 4673 esci-

1867 4708 2016 4776 dere,
2051 4707 2277 4779 luceque
2308 4709 2529 4779 privari,
2559 4719 2618 4763 et
2657 4710 2804 4764 omni
2834 4711 2974 4765 bono
3008 4709 3226 4779 depelli.
3259 4709 3429 4767 Porro

1867 4799 1984 4853 haec
2022 4800 2202 4854 omnia
2235 4815 2415 4854 coram
2468 4799 2631 4855 Patre
2667 4801 2877 4857 caelesti
2923 4802 3155 4872 perpeti,
3202 4811 3258 4860 et
3309 4816 3431 4872 spe-

1867 4888 2142 4943 ctantibus
2171 4890 2379 4960 angelis
2411 4891 2798 4959 propemodum
2832 4901 2958 4945 ante
2979 4891 3220 4950 divinum
3251 4890 3426 4962 ipsum

1870 4979 2106 5034 tribunal
2136 4981 2508 5047 condemnari,
2541 4991 2595 5036 et
2624 4983 2768 5038 illius
2796 4997 2961 5052 regno
2993 4981 3214 5053 capelli,
3243 4983 3429 5052 quidni

1873 5071 2063 5137 quovis
2105 5086 2316 5126 summo
2343 5072 2610 5141 supplicio
2654 5071 2809 5144 pejus
2851 5073 2972 5128 sit?

197 5165 310 5221 λων
358 5163 634 5236 μονονουχὶ
684 5166 812 5237 παρ’
851 5165 1033 5230 αὐτοῖς
1083 5167 1193 5228 τοῖς
1240 5165 1405 5230 θείοις
1441 5165 1646 5236 βήμασι
1722 5163 2145 5235 κατακριθέντας
2197 5164 2292 5219 καὶ
2344 5165 2681 5238 ἀποϐλητους
2725 5166 3046 5240 γενομένους
3103 5166 3202 5240 τῆς
3263 5164 3431 5222 αὒτοῦ

197 5258 490 5330 βασιλείας,
525 5259 682 5323 ποίας
725 5259 827 5312 οὐκ
859 5257 926 5313 ἃν
957 5259 1167 5329 γένοιτο
1197 5260 1376 5334 χεῖρον
1420 5259 1655 5332 ἐσχάτης
1681 5259 1983 5332 nymph“

266 5457 314 5492 “
343 5461 474 5515 her.
503 5471 568 5526 tt,
595 5456 680 5514 13.
757 5459 806 5494 ³⁸
844 5456 1039 5517 Matth.
1083 5474 1141 5526 ν,
1182 5459 1271 5517 15.
1346 5462 1392 5495 ⁸⁸
1419 5460 1609 5518 Matth.
1640 5475 1698 5528 ι,
1725 5460 1816 5530 σε,
1841 5463 1934 5519 33.

262 5655 378 5731 (96)
577 5658 640 5713 Α.
679 5657 716 5712 f.
763 5657 976 5731 i645._b.
1012 5660 1146 5717 Cod.
1176 5659 1242 5714 L.
1298 5665 1324 5718 f
1377 5663 1456 5727 ,94
1502 5662 1561 5718 In
1587 5672 1736 5720 utro-

1838 5667 1908 5733 ,8.
1943 5667 2328 5735 Θεοφαγειας,
2358 5663 2481 5724 cum
2522 5664 2855 5736 compendiis
2883 5668 2938 5726 in
2989 5667 3235 5728 secundo
3294 5681 3452 5725 voca-

193 5728 296 5801 qua
329 5728 516 5784 codice
541 5728 1200 5801 praeponiturfragmento
1241 5732 1436 5791 titui'us
1463 5735 1758 5791 Εὐσεσίου
1839 5728 2013 5805 Ὶηιῖο,
2053 5728 2121 5794 ut
2166 5741 2218 5796 in
2266 5728 2697 5806 praecedentibus
2741 5735 2879 5795 disi.
