4106 6398
642 366 741 421 στι

1336 359 1600 414 EUSEBII
1640 356 2107 416 CAESARIENSIS
2143 355 2291 411 OPP.
2330 354 2507 409 PARS
2546 352 2635 409 IV.
2666 384 2735 395 —
2768 353 3183 411 DOGMATICA.

3746 350 3842 404 373

647 478 961 539 includitur.
993 474 1307 542 cruciligere
1351 481 1585 540 oportet,
1612 480 1668 525 et
1710 471 1871 525 veluti
1922 480 2188 526 mortuum

2293 466 2423 534 γοῦν
2457 467 2633 537 σῶμα,
2666 466 2695 519 δ
2724 467 3025 536 περίκειται
3053 466 3145 519 νῦν
3166 467 3201 538 ή
3231 463 3395 538 ψυχὴ,
3425 464 3841 534 ἀνασταυρῶσαι

644 569 879 635 efﬁcere,
908 568 1074 623 clavis
1104 560 1432 631 eon‘ligeutes
1455 562 1595 617 illius
1611 564 1928 633 cupiditates
1957 572 2011 616 et
2042 576 2189 617 mor-

647 662 930 724 titicantes,
965 657 1098 714 adeo
1146 664 1202 709 ut
1248 670 1352 709 non
1384 654 1627 708 videatur
1658 652 1929 707 viventem
1961 652 2190 706 circum-

651 754 789 805 ferre
832 762 1065 813 carnem,
1090 747 1184 801 sed
1234 744 1578 813 exstinctam,
1608 756 1662 799 et
1686 744 1882 799 divinis
1913 744 2191 813 preceptis

652 838 983 893 transfixam.
1054 836 1226 903 Atque
1290 834 1362 887 ita
1408 833 1614 898 anima,
1669 846 1787 901 quae
1826 831 1929 885 alia
1981 840 2190 887 constat

646 926 945 981 substantia
998 923 1314 989 incorporea
1361 929 1417 975 et
1472 919 1860 985 intellectuali,
1912 918 2191 974 victoriale

649 1026 906 1085 tropaeum
934 1015 1193 1069 adversus
1217 1013 1399 1067 hostes
1428 1012 1666 1079 erigens,
1698 1024 1898 1076 corpus
1944 1024 2042 1064 ceu
2074 1023 2189 1063 cru-

646 1122 763 1161 cem
796 1102 1147 1160 circumferre
1173 1102 1441 1164 videatur,
1487 1108 1542 1153 et
1584 1107 1853 1152 mortuum
1896 1096 2059 1152 veluti
2104 1096 2188 1149 in-

645 1203 1001 1250 strumentum
1057 1202 1274 1264 gestans
1322 1189 1685 1258 subsequatur
1733 1189 1995 1243 rationem
2055 1188 2187 1258 (seu

647 1284 903 1353 Verbum)
962 1282 1198 1352 praeclari
1257 1282 1428 1333 instar
1463 1278 1651 1334 militis
1682 1278 1773 1347 qui
1828 1279 2068 1333 victoria:
2124 1280 2190 1334 de

645 1373 890 1427 hostibus
940 1372 1218 1425 manubias
1248 1378 1417 1439 gerat.
1450 1367 1561 1423 Nisi
1591 1368 1738 1422 enim
1770 1368 2071 1428 hoc,modo
2100 1384 2187 1425 se-

645 1471 840 1530 quatur
868 1474 975 1523 me,
1006 1460 1195 1527 inquit,
1225 1457 1517 1526 discipulus
1552 1470 1751 1527 corpus
1791 1472 1947 1511 suum
1977 1466 2037 1511 et
2067 1472 2189 1513 car-

649 1569 770 1607 nem
802 1548 1150 1613 mortilicans,
1174 1559 1224 1602 et
1252 1548 1402 1617 quasi
1429 1547 1728 1603 exanimem
1757 1550 2044 1617 quamdam
2075 1564 2189 1603 cru-

645 1656 763 1694 cem
803 1639 906 1693 sibi
952 1639 1251 1706 imponens,
1280 1637 1497 1692 minime
1542 1639 1617 1691 sit
1662 1651 1836 1705 neque
1864 1653 1984 1693 esse
2017 1638 2188 1707 possit

647 1745 732 1783 me
774 1728 980 1797 dignus.
1028 1726 1251 1781 Culmen
1292 1727 1471 1794 itaque
1518 1727 1869 1796 philosophici
1900 1730 2063 1784 moris
2105 1730 2186 1785 his

644 1795 1231 1884 verbisﬁrepra’sentat,
1280 1795 1575 1885 discipulos
1604 1830 1731 1871 suos
1767 1826 2014 1886 tanquam
2046 1818 2190 1872 viros
2218 1795 2260 1849 Β

645 1908 904 1961 militares
940 1906 1008 1961 ad
1063 1905 1339 1978 fastigium
1377 1906 1589 1961 virtutis
1642 1908 2002 1963 conscendere
2056 1909 2194 1964 iuvi—

646 2010 781 2057 tam.

716 2091 978 2157 Quoniam
1025 2105 1128 2147 non
1179 2088 1347 2146 solum
1385 2089 1503 2158 plus
1531 2106 1689 2159 quam
1740 2099 1941 2160 patrem
1982 2106 2044 2146 ac
2080 2108 2193 2146 ma-

646 2189 781 2233 trem
804 2188 858 2233 et
880 2180 1097 2243 liberos,
1132 2191 1317 2231 verum
1356 2178 1516 2231 etiam
1558 2179 1675 2247 plus
1718 2193 1877 2247 quam
1916 2181 2190 2249 proprium

644 2286 867 2339 corpus,
892 2270 1181 2325 amicitiam
1228 2269 1393 2336 ipsius
1440 2270 1809 2324 aestimandam
1853 2286 1971 2326 esse
1998 2273 2193 2326 docue-

646 2372 767 2425 rat;
795 2376 899 2415 uno
924 2361 1096 2415 adhuc
1141 2360 1365 2429 reliquo,
1400 2360 1574 2429 magis
1598 2360 1760 2414 etiam
1808 2377 1965 2427 quam
1998 2378 2192 2433 corpus

644 2450 972 2512 necessario,
1018 2449 1071 2503 id
1120 2459 1205 2503 est
1247 2450 1463 2515 anima;
1523 2464 1825 2505 sermonem
1886 2452 2187 2519 intendens,

646 2541 710 2594 de
739 2540 839 2593 hac
857 2552 1065 2607 quoque
1094 2538 1162 2592 ita
1193 2539 1402 2593 locutus
1422 2549 1505 2593 est
1536 2557 1550 2592 :
1584 2539 1685 2603 Qui
1708 2556 1811 2593 non
1841 2540 2005 2594 oderit
2035 2544 2188 2598 etiam

647 2629 876 2681 animum
904 2644 1073 2691 suam,
1105 2644 1207 2680 non
1230 2639 1395 2697 potest
1426 2646 1568 2684 meus
1597 2647 1707 2684 esse
1749 2631 2049 2697 discipulus.
2088 2632 2185 2687 Se-

647 2718 876 2771 cundum
915 2732 1043 2771 vero
1096 2717 1401 2771 Mattheum
1454 2737 1468 2773 :
1510 2720 1615 2783 Qui
1660 2722 1907 2774 invenerit
1959 2722 2188 2776 animum

646 2822 816 2870 suam,
842 2810 1017 2875 perdet
1043 2824 1155 2861 eam
1182 2824 1200 2860 :
1227 2820 1274 2861 ει
1303 2811 1392 2875 qui
1414 2825 1527 2861 eam
1551 2811 1835 2873 perdiderit
1856 2821 2067 2882 propter
2084 2830 2184 2878 me,

647 2898 863 2951 inveniet
894 2915 1007 2951 eam
1023 2898 1089 2953 “.
1120 2898 1235 2951 Non
1272 2900 1413 2953 enim
1447 2900 1596 2966 mihi,
1622 2902 1814 2970 inquit,
1842 2904 1908 2958 de
1952 2906 2186 2961 exterio-

646 2988 792 3041 ribus
833 3002 1013 3042 sermo
1052 2997 1155 3048 est.
1192 3003 1365 3057 neque
1412 2990 1480 3043 de
1528 2994 1838 3059 parentibus
1884 3002 1939 3048 et
1981 2994 2184 3060 liberis,

2290 559 2576 626 προσήκει,
2606 558 2698 609 καὶ
2720 556 2904 626 ὥσπερ
2936 556 3126 626 νεκρὸν
3149 554 3574 627 ἀπεργάσασθαι,
3600 551 3845 623 καθηλώ-

2290 661 2485 705 σαντας
2515 644 2677 696 αὑτοῦ
2708 646 2773 698 τὰ
2801 644 2945 715 πάθη
2978 647 3070 697 καὶ
3102 643 3607 716 ἀπονεκρὼσαντας,
3632 641 3708 704 ὠς
3735 657 3842 709 μη-

2288 734 2406 787 κέτι
2437 730 2609 787 δοκεῖν
2632 734 2807 798 ζῶσαν
2842 734 3154 805 περιφέρειν
3193 735 3389 805 σάρκα,
3414 732 3549 786 ἀλλά
3586 746 3846 799 νενεκρω-

2290 822 2475 892 μάνην,
2506 821 2599 875 καὶ
2618 825 2733 885 τοῖς
2747 823 2909 887 θείοις
2936 822 3353 895 παραγγέλμασι
3376 820 3840 893 πεπερανημένην·

2287 912 2425 966 ὥστε
2457 914 2558 985 τὴν
2582 913 2777 985 ψυχὴν,
2802 916 2990 987 ἑτέρας
3009 913 3173 969 οὖσαν
3204 915 3391 978 οὐσίας
3416 914 3518 983 τῆς
3550 910 3841 982 ἀσωμάτου

2288 1004 2382 1057 καὶ
2408 1006 2617 1075 νοερᾶς,
2647 1006 2902 1077 τρόπαιον
2950 1007 3261 1077 νικητήριον
3309 1008 3428 1059 κατ’
3462 1003 3670 1075 ἐχθρῶν
3707 1001 3843 1070 ὲγιί-

2289 1114 2504 1168 ρουσαν,
2544 1097 2605 1150 τὸ
2646 1097 2803 1167 σῶμα
2852 1098 3079 1170 σταυρὸν
3122 1097 3295 1151 δοκεῖν
3351 1096 3686 1166 περιφέρειν,
3744 1094 3839 1147 καὶ

2287 1186 2475 1257 νεκρὸν
2489 1186 2672 1259 ὥσπερ
2694 1188 2921 1259 ὄργανον
2951 1188 3361 1261 ἀχθηφοροῦσαν
3386 1188 3612 1242 ιπεσθαι
3635 1186 3714 1258 τῷ
3753 1186 3843 1240 λό-

2286 1294 2368 1348 γῳ
2398 1278 2549 1350 δίκην
2573 1280 2819 1347 γενναίου
2851 1280 3177 1352 στρατιώτου
3215 1280 3281 1334 τά
3310 1280 3534 1352 βραδεῖα
3560 1279 3658 1349 τῆς
3685 1278 3840 1347 νίκης

2286 1368 2407 1421 κατ’
2437 1367 2640 1439 ἐχθρῶν
2669 1368 3140 1438 ὲπικομιζομὲνου.
3170 1371 3232 1423 Εί
3277 1370 3385 1439 γὰρ
3420 1370 3493 1439 μὴ
3527 1367 3712 1421 τοῦτον
3752 1366 3842 1419 τὸν

2285 1462 2483 1530 τρόπον
2512 1459 2856 1532 ἀκολουθήσει
2892 1478 3001 1531 μοι,
3039 1463 3220 1532 φησὶν,
3250 1465 3287 1521 ό,
3309 1462 3430 1533 ἐμοὶ
3475 1460 3843 1532 μαθητευόμε-

2286 1566 2394 1613 νος,
2420 1550 2480 1602 τὸ
2508 1549 2699 1603 ἑαυτοῦ
2734 1549 2893 1621 σῶμα
2936 1551 3031 1605 καὶ
3066 1551 3166 1622 τὴν
3199 1552 3376 1624 σάρκα
3411 1548 3710 1621 νεκρώσας,
3747 1546 3842 1607 καὶ

2285 1632 2394 1690 οἷόν
2416 1655 2534 1691 τινα
2562 1638 2788 1707 σταυρὸν
2809 1640 3009 1711 ἄψυχον
3027 1639 3396 1709 περιθέμενος,
3428 1639 3527 1691 οὐκ
3551 1637 3615 1691 ἂν
3637 1633 3843 1704 γένοιτό

2292 1745 2391 1799 μου
2427 1730 2593 1793 ἀξιος,
2618 1731 2736 1784 οὐδὲ
2756 1731 2965 1787 δύναιτο
2992 1726 3131 1783 εἶναι
3158 1729 3415 1800 μαθητής.
3456 1728 3755 1797 ’Δκρότητα
3782 1722 3842 1777 δι

2290 1819 2385 1873 καὶ
2408 1819 2495 1872 διά
2513 1820 2714 1874 τούτων
2740 1821 3024 1891 φιλοσόφου
3049 1821 3247 1893 τρόπου
3278 1820 3536 1890 παρίστη,
3566 1820 3693 1881 τοὺς
3741 1816 3841 1869 σύ-

2291 1905 2383 1961 τοῦ
2438 1907 2685 1979 μαθητὰς
2713 1905 2801 1963 οἶα
2842 1910 3255 1981 στρατιωτικοὺς
3294 1908 3492 1980 ἄνδρας
3540 1906 3628 1959 ἔπ’
3673 1903 3844 1973 ἀκρον

2291 1998 2485 2069 ἀρετῆς
2508 1999 2753 2053 σπεύδειν
2780 2000 3229 2071 προκαλούμενος.

2344 2090 2434 2162 (5)
2480 2090 2615 2145 Ἀλλ’
2662 2092 2844 2162 ἐπειδὴ
2887 2092 3087 2163 πατρὸς
3131 2091 3242 2145 καὶ
3273 2090 3475 2161 μητρὸς
3511 2087 3605 2140 καὶ
3636 2084 3842 2138 τέκνων

2290 2183 2351 2235 οὐ
2384 2182 2559 2252 μόνον,
2608 2182 2739 2235 ἀλλά
2783 2183 2876 2235 καὶ
2924 2182 3015 2235 τοῦ
3062 2182 3309 2253 σώματος
3353 2178 3517 2233 αὑτοῦ
3568 2178 3841 2249 προτιμᾷν

2290 2270 2387 2341 τήν
2417 2270 2580 2323 αὑτοῦ
2615 2271 2789 2341 φιλίαν
2815 2271 3066 2338 ὲδίδαξεν,
3091 2272 3207 2334 ἑνὸς
3229 2270 3286 2323 δὲ
3315 2269 3498 2323 λοιπὸν
3528 2266 3609 2320 Ξτι
3634 2264 3843 2318 λείπον-

2290 2376 2379 2422 τος
2406 2359 2499 2412 τοῦ
2531 2360 2623 2413 καὶ
2650 2360 2758 2413 τῶν
2805 2360 3067 2429 σωμάτων
3112 2358 3552 2429 ἀναγκαιπέρου,
3588 2353 3749 2409 τοῦτο
3779 2352 3843 2423 δὴ

2286 2442 2355 2517 ἦν
2386 2450 2418 2519 ή
2460 2449 2631 2520 ψυχή’
2668 2451 2950 2503 ἐπιτείνων
2992 2450 3083 2503 τὸν
3126 2450 3299 2519 λόγον,
3334 2451 3428 2503 καὶ
3464 2447 3592 2519 περλ⁵
3636 2444 3843 2513 ταύτης

2287 2538 2538 2602 τοιαύτας
2570 2541 2903 2611 προύφέρετο
2934 2540 3131 2609 φωνάς,
3162 2542 3249 2594 ὅτι
3284 2540 3348 2593 't)
3387 2539 3473 2609 μὴ
3518 2534 3714 2606 μισῶν
3743 2532 3842 2589 καὶ

2288 2627 2399 2696 τὴν
2429 2628 2640 2682 ἑαυτοῦ
2663 2629 2964 2697 ψυχὴνιοὺ
2989 2629 3233 2684 δύναται
3242 2646 3361 2698 μου
3382 2625 3533 2682 εῖναι
3544 2624 3838 2697 μαθητής*

2287 2717 2426 2770 κατά
2454 2718 2510 2771 δὲ
2532 2719 2622 2771 τὸν
2644 2719 2938 2784 Ματθαῖον,
2984 2720 3047 2773 '0
3071 2719 3259 2789 εὑρὼν
3284 2718 3400 2787 τὴν
3421 2718 3633 2788 ψυχὴν
3655 2713 3841 2772 αὑτοῦ

2286 2808 2568 2862 ἀπολέσει
2610 2810 2830 2875 αὐτὴν
2866 2810 2963 2863 καί
3007 2814 3039 2865 ό
3062 2810 3363 2876 ἀπολέσας
3406 2808 3600 2876 αὐτὴν
3633 2808 3842 2862 ἕνεκα

2285 2896 2449 2963 ἐμοῦ,
2471 2896 2710 2964 εὑρήσει
2741 2898 2949 2965 αὑτήν.
2984 2899 3057 2953 Οὐ
3089 2898 3195 2969 γὰρ
3229 2899 3354 2970 περὶ
3384 2898 3492 2951 τῶν
3532 2897 3689 2960 ἐκτός
3722 2910 3835 2967 μοι,

2289 2987 2455 3056 φησὶν
2487 2990 2515 3039 ό
2539 2988 2736 3055 λόγος,
2782 2989 2900 3042 οὐδὲ
2938 2991 3065 3060 περὶ
3110 2992 3307 3059 γονέων
3343 2989 3437 3042 καὶ
3468 2989 3691 3053 τέκνων,
3723 2986 3836 3041 ἀλλ’

644 3078 736 3131 sed
763 3092 828 3129 ne
852 3078 916 3132 de
948 3079 1060 3146 ipso
1098 3081 1311 3147 quidem
1339 3089 1561 3149 corpore
1594 3090 1647 3134 et
1685 3097 1847 3136 carne
1892 3085 1992 3140 hac
2033 3084 2188 3140 facile

2288 3076 2407 3129 οὐδὲ
2450 3078 2576 3148 περὶ
2614 3078 2775 3131 αὐτοῦ
2821 3080 2912 3131 τοῦ
2962 3080 3204 3149 σώματος
3248 3080 3339 3132 καὶ
3383 3078 3483 3149 τῆς
3536 3078 3834 3150 εύφθάρτου

647 3169 1006 3235 corruptibili,
1046 3184 1165 3238 quae
1199 3184 1387 3238 parum
1421 3185 1613 3226 curare
1637 3172 1818 3241 jubeo,
1850 3174 1973 3229 dum
2001 3186 2187 3230 contra

2289 3168 2489 3239 ταύτης
2518 3169 2734 3239 σαρκὸς,
2747 3163 2819 3222 ὧν
2833 3170 2895 3241 δὴ
2914 3170 3127 3223 ἔλαττον
3146 3168 3445 3241 φροντίζειν
3469 3169 3837 3242 παρακελεύου

644 3272 755 3325 pra:
785 3260 1033 3314 omnibus
1082 3261 1134 3314 in
1182 3261 1355 3329 pretio
1389 3261 1589 3315 habere
1612 3278 1888 3319 sermones
1917 3280 2063 3321 meos
2091 3267 2187 3320 ad-

645 3346 852 3400 hortor.
887 3346 990 3402 Sed
1020 3349 1265 3415 quamvis
1292 3348 1467 3402 anima
1504 3350 1793 3417 pretiosior
1820 3353 2066 3409 omnibus
2096 3357 2185 3421 sit,

645 3437 715 3489 ita
748 3448 805 3517 ut
832 3438 959 3492 nihil
990 3438 1178 3492 melius
1209 3440 1471 3509 quispiam
1500 3440 1713 3508 habeat,
1748 3442 1874 3499 huic
1903 3446 1998 3513 ipsi
2038 3461 2187 3502 crea-

644 3535 727 3580 tor
754 3528 871 3596 ejus
916 3530 1318 3597 anteponendus
1342 3540 1458 3595 est;
1496 3532 1567 3586 ita
1602 3541 1659 3585 ut
1712 3534 1757 3587 si
1813 3543 2019 3605 tempus
2048 3536 2186 3593 forte

642 3619 820 3687 exigat
845 3619 970 3673 huic
998 3635 1211 3688 quoque
1237 3635 1340 3674 non
1391 3635 1630 3689 parcere,
1658 3636 1883 3692 eatnque
1914 3626 2078 3682 exitio
2107 3629 2186 3697 (ut

640 3708 984 3777 hypotbetice
1019 3710 1227 3782 loquar)
1259 3726 1355 3780 pro
1398 3713 1491 3767 Dei
1521 3713 1666 3767 cultu
1698 3716 1932 3781 tradere,
1963 3718 2016 3771 id
2048 3734 2175 3787 quo-

641 3813 745 3866 que
770 3801 883 3855 sine
907 3802 1236 3858 dubitatione
1276 3805 1537 3872 agendum
1563 3807 1653 3861 sit.
1688 3806 1896 3862 Etenim
1924 3811 2023 3865 soli
2055 3812 2180 3880 Deo,

642 3891 903 3956 perditam
949 3894 1091 3960 (dico
1136 3909 1232 3963 per
1269 3896 1627 3966 hypotbesim)
1680 3898 1847 3966 ipsius
1880 3916 2039 3956 causa
2068 3905 2183 3957 ani-

646 3996 785 4034 mam
814 3998 1127 4071 recuperare
1158 3996 1210 4039 et
1238 3986 1480 4041 invenire
1512 3989 1765 4057 possibile
1792 4002 1895 4049 est.
1932 3993 2061 4049 Nam
2094 3997 2183 4065 qui

642 4084 761 4123 eam
798 4086 1056 4140 nusquam
1102 4075 1441 4129 exsisteutem
1487 4077 1659 4144 primo
1709 4080 1976 4149 formavit,
2028 4093 2080 4139 et
2116 4101 2183 4140 ex

646 4176 752 4213 non
784 4171 1025 4215 exstante
1056 4164 1349 4217 subsistere
1375 4163 1525 4230 fecit,
1558 4164 1699 4220 haud
1736 4170 1905 4238 impos
1936 4174 2041 4228 erit
2064 4189 2182 4229 eam

642 4266 707 4304 ex
739 4252 1010 4305 hominum
1064 4256 1335 4308 consortio
1365 4256 1593 4325 pulsam,
1638 4267 1691 4312 et
1722 4258 1792 4313 de
1830 4261 2181 4319 hacmortali

645 4342 750 4394 vita
788 4342 1050 4405 abactam,
1089 4358 1274 4398 rursus
1323 4345 1389 4397 ad
1434 4345 1649 4401 luminis
1707 4364 1864 4405 auras
1910 4366 2181 4412 revocare.

2291 3276 2407 3331 μαι,
2443 3262 2533 3313 καὶ
2564 3261 2665 3331 πρὸ
2697 3262 2910 3315 πάντων
2939 3263 3101 3333 τιμᾷν
3126 3260 3252 3325 τοὺς
3271 3264 3439 3334 εμοὺς
3480 3259 3671 3330 λόγους
3684 3277 3832 3334 ,παρ-

2287 3349 2451 3411 αινιῖν
2492 3350 2603 3405 ἀλλ’
2632 3352 2768 3423 ὅπερ
2825 3352 2939 3406 ἐστὶ
2987 3354 3197 3408 πάντων
3237 3352 3559 3425 τιμιώτερον
3599 3354 3632 3423 ἡ
3667 3352 3835 3425 ψυχὴ,

2284 3437 2351 3513 ἧς
2374 3442 2473 3493 οὐκ
2502 3441 2567 3493 ἂν
2612 3441 2817 3509 γένοιτό
2846 3460 2900 3495 τι
2942 3445 3184 3515 κρεῖττον
3212 3443 3443 3512 ἑκάστῳ,
3490 3443 3583 3495 καὶ⁵
3636 3442 3837 3513 ταύτης

2285 3534 2450 3603 αὐτῆς
2478 3533 2584 3598 δέοι
2614 3532 2678 3586 ἂν
2706 3535 2795 3587 τὸν
2838 3536 3061 3608 ποιητὴν
3107 3535 3273 3606 αὐτῆς
3316 3538 3617 3607 προτιμᾷν’
3648 3534 3743 3601 ὡς,
3787 3534 3836 3589 el

2286 3624 2472 3694 καιρός
2503 3640 2632 3677 ποτε
2663 3625 2957 3693 καλέσειεν,
2998 3627 3279 3697 ἀφειδῆσαι
3320 3627 3413 3680 καὶ
3438 3626 3661 3697 ταύτης,
3686 3628 3835 3679 ἀπω-

2284 3709 2401 3781 λείᾳ
2447 3727 2505 3763 τε
2538 3711 2724 3782 αὐτὴν,
2773 3714 2847 3776 ὡς
2887 3714 2943 3766 ιν
2984 3713 3231 3768 ὑποθέσει
3261 3714 3417 3783 λόγου
3459 3717 3653 3779 εἰπεῖν,
3697 3715 3835 3787 ὑπὲρ

2285 3800 2559 3864 εὐσεϐείας
2578 3801 2709 3855 Θεοῦ
2739 3803 3085 3874 παραδοῦναι,
3109 3806 3202 3859 καὶ
3224 3806 3379 3860 τοῦτο
3410 3807 3513 3878 χρὴ
3544 3806 3833 3877 προθύμως

2286 3892 2597 3961 ὑπομένειν·
2630 3894 2711 3946 ὅτι
2757 3895 2898 3965 μόνῳ
2940 3896 3055 3966 Θεῷ
3086 3897 3178 3949 καὶ
3208 3898 3326 3968 τὴν,
3360 3898 3436 3961 ὼς
3478 3900 3535 3953 ὲν
3567 3898 3841 3963 ὑποθέσει,

2285 3978 2616 4034 ἀπολωλυῖαν
2635 3980 2698 4033 δι’
2722 3982 2878 4035 αὑτὸν
2903 3984 3075 4055 ψυχὴν
3100 3986 3529 4041 ἀνακαλέσασθαι
3560 3990 3653 4041 καὶ
3683 3988 3838 4041 ἀνευ-

2289 4070 2394 4137 ρεῖν
2424 4068 2662 4127 δυνατόν.
2700 4071 2759 4126 Ὀ
2782 4072 2889 4144 γὰρ
2922 4076 3165 4147 μηδαμοῦ
3195 4076 3455 4147 μηδαμῶς
3478 4074 3642 4133 οὖσαν
3669 4079 3837 4150 αὐτὴν

2285 4160 2541 4230 πρότερον
2574 4162 3032 4237 ὑποστησάμενος,
3066 4168 3157 4220 καὶ
3186 4169 3248 4221 ὲκ
3276 4166 3367 4222 τοῦ
3403 4170 3476 4241 μὴ
3500 4170 3651 4235 ὄντος
3674 4172 3752 4235 εις
3776 4170 3838 4225 τὸ

2284 4246 2421 4303 εἶναι
2455 4252 2800 4322 παραγαγὼν,
2827 4255 2925 4308 οὑκ
2954 4256 3019 4309 ἂν
3061 4258 3140 4328 είη
3176 4258 3433 4323 ἀδύνατος
3459 4261 3835 4334 ἀπολλυμένην

2284 4340 2448 4410 αὐτὴν
2477 4342 2533 4404 ἐξ
2568 4342 2879 4413 ἀνθρώπων,
2924 4346 3017 4399 καὶ
3049 4347 3110 4399 ὲκ
3152 4346 3243 4400 τοῦ
3275 4346 3464 4419 θνητοῦ
3494 4349 3608 4419 βίου
3640 4348 3835 4418 ἀφανι-

644 4430 775 4483 Nam
802 4432 941 4499 quod
974 4433 1240 4500 perditum
1270 4432 1393 4498 fuit,
1421 4435 1560 4489 haud
1584 4450 1711 4493 sane
1740 4440 1791 4494 in
1823 4440 2045 4497 nihilum
2076 4444 2182 4498 dis-

2296 4431 2529 4496 σθεῖσαν,
2549 4429 2699 4495 αὖθις
2727 4437 2805 4498 είς
2820 4434 2934 4503 φῶς
2966 4441 3321 4508 παραγαγεῖν.
3347 4438 3419 4491 Τὸ
3432 4440 3537 4510 γὰρ
3564 4440 3835 4505 ἀπολωλὸς

642 4523 883 4586 solvitur,
906 4521 998 4576 sed
1033 4522 1295 4586 subsistit,
1328 4535 1432 4589 est,
1458 4541 1519 4579 ac
1548 4540 1852 4598 permanet;
1888 4540 2089 4588 tantum
2125 4550 2183 4588 se

642 4612 1187 4679 subtrahitvlatetque
1231 4614 1593 4671 destructores
1646 4633 1791 4685 suos,
1842 4635 1948 4675 non
2004 4626 2179 4678 tamen

642 4717 889 4768 magnum
952 4702 1161 4757 oculum
1210 4702 1363 4773 fugit.
1412 4706 1764 4772 Quamobrem
1810 4711 1941 4765 nihil
1993 4725 2180 4778 reapse

638 4792 774 4861 apud
818 4792 981 4846 Deum
1014 4795 1169 4861 perit.
1216 4792 1366 4858 Quod
1396 4797 1439 4848 si
1476 4797 1595 4865 quis
1627 4798 1732 4852 Deo
1780 4816 1881 4853 non
1917 4804 2175 4868 credens,

637 4896 808 4952 neque
843 4898 996 4952 posse
1051 4886 1116 4938 ab
1166 4897 1231 4938 eo
1277 4887 1510 4940 animam
1541 4903 1658 4956 quae
1687 4890 1909 4958 periisse
1935 4903 2173 4961 putetur,

636 4974 874 5027 revocari
921 4989 985 5028 ac
1028 4975 1283 5030 vivificari
1339 4977 1627 5045 judicans,
1678 4979 2068 5038 confessionem
2110 4984 2175 5037 de

636 5062 743 5116 Deo
778 5061 970 5117 factam
1014 5066 1357 5134 abnegaverit
1382 5107 1398 5133 ,
1434 5082 1495 5121 ac
1526 5078 1805 5139 propterea
1860 5072 2175 5143 impenden-

637 5164 741 5206 tem
770 5152 837 5206 ab
864 5152 1170 5209 hominibus
1212 5172 1397 5212 necem
1453 5156 1671 5227 fugerit,
1712 5176 1872 5229 seque
1930 5178 2173 5220 securam

634 5242 772 5297 inter
806 5243 1047 5300 homines
1076 5246 1233 5301 vitam
1280 5250 1526 5317 adeptum
1561 5253 1859 5319 putaverit,
1896 5265 2059 5325 atque
2101 5256 2174 5309 ita

635 5333 865 5386 animam
897 5349 1046 5389 suam
1075 5352 1133 5393 se
1162 5339 1430 5396 invenisse
1469 5350 1671 5410 speret,
1702 5344 1899 5414 quippe
1933 5348 2025 5415 qui
2072 5347 2173 5401 ho-

636 5422 836 5483 minum
882 5424 1099 5481 insidias
1133 5427 1631 5501 impendentemque
1681 5434 1958 5506 religionis
2012 5450 2170 5493 causa

636 5525 816 5566 necem
858 5516 1135 5584 vitaverit;
1173 5518 1279 5586 hic,
1333 5520 1573 5593 inquam,
1625 5524 1761 5581 sciat
1806 5540 1935 5583 sera
1996 5528 2170 5598 potius

638 5602 681 5633 ιι
708 5603 893 5660 Matth.
922 5609 1087 5675 1,59.

705 5697 781 5762 l5)
810 5698 937 5757 Cod.
967 5704 1030 5759 Δ.
1067 5702 1103 5758 ί.
1134 5703 1257 5765 204.
1290 5704 1344 5761 b.

2281 4522 2377 4573 οὐκ
2424 4524 2500 4585 εἰς
2544 4524 2875 4595 άνυπαρξίαν
2915 4528 3248 4599 κεχώρηκεν,
3303 4528 3414 4581 ἀλλ’
3451 4530 3683 4601 ὑπάρχει
3738 4532 3834 4601 μὲν

2282 4610 2369 4661 καὶ
2400 4610 2515 4662 ἐστι
2554 4613 2646 4665 καὶ
2681 4614 2829 4683 μένει
2852 4632 2865 4645 ⁶
2901 4616 3200 4688 κέκρυπται
3228 4618 3284 4671 δὲ
3318 4620 3409 4672 καὶ⁸
3436 4618 3680 4675 λανθάνει
3712 4621 3833 4686 τοὺς

2280 4701 2711 4768 ἀπολωλεκότας,
2769 4706 2881 4757 ἀλλ’
2932 4708 3050 4761 οὐδὲ
3106 4710 3195 4762 τὸν
3250 4709 3435 4781 μέγαν
3472 4712 3829 4784 διαδιδράσκει

2278 4792 2546 4863 ὀφθαλμόν
2572 4812 2586 4825 ο
2623 4796 2702 4848 διὸ
2744 4799 2893 4851 οὐδὲν
2942 4799 3005 4852 ἂν
3048 4801 3295 4853 ἀπόλοιτο
3326 4805 3453 4873 παρ’
3482 4804 3648 4874 αύτῷ.
3675 4805 3744 4869 ,Εῖ
3775 4804 3830 4858 δέ

2277 4900 2377 4944 τις,
2432 4886 2733 4957 ἀπιστήσας
2779 4888 2925 4955 Θεῷ,
2977 4892 3069 4943 καὶ
3108 4891 3180 4961 μὴ
3227 4892 3479 4946 δύνασθαι
3530 4896 3690 4948 αὑτὸν
3734 4895 3829 4966 τὴν

2278 4973 2605 5028 ἀπολωλέναι
2626 4979 2964 5047 νομισθεῖσαν
2983 4980 3158 5053 ψυχὴν
3176 4978 3330 5046 αὖθις
3350 4986 3712 5054 ἐπαναγαγεῖν
3738 4988 3828 5041 καὶ

2279 5061 2553 5125 ζωοποιεῖν
2582 5069 2943 5138 ἡγησάμενος,
2973 5071 3197 5143 ἔξαρνος
3223 5074 3430 5143 γένοιτο
3456 5076 3551 5147 τῆς
3585 5079 3710 5148 περὶ
3739 5079 3827 5131 τὸν

2276 5152 2404 5205 Θεὸν
2427 5156 2728 5224 ὁμολογίας,
2758 5155 2871 5211 εἶτα
2898 5162 3144 5231 διαφύγοι
3184 5165 3279 5234 μὲν
3309 5165 3398 5218 τὸν
3430 5164 3489 5231 ἐξ
3532 5167 3826 5239 ἀνθρώπων

2276 5240 2654 5313 ὲπῃωρημένον
2694 5245 2936 5312 θάνατον,
2982 5252 3041 5303 ὲν
3075 5252 3343 5322 ἀσφαλείᾳ
3386 5253 3443 5306 δὲ
3641 5259 3730 5310 καὶ
3771 5260 3825 5310 ὲν

2279 5335 2559 5408 ἀμερίμνῳ
2589 5339 2689 5408 τῆς
2715 5341 3011 5411 ἀνθρώπων
3042 5345 3187 5415 ζωῆς
3225 5348 3410 5417 ἡγοῖτο
3456 5349 3647 5405 ἑαυτὸν
3674 5370 3825 5423 γεγο-

2276 5425 2440 5516 νέναι,
2474 5430 2549 5493 ὼς
2576 5431 2748 5485 δοκεῖν
2773 5435 3057 5506 εὑρηκέναι
3083 5439 3273 5492 ἑαυτοῦ
3300 5441 3399 5511 τὴν
3418 5442 3615 5515 ψυχὴν,
3644 5446 3735 5499 ἀτε
3761 5444 3823 5516 δὴ

2274 5515 2551 5587 ὲκφεύγων
2578 5521 2676 5586 τὰς
2703 5524 2758 5590 ἐξ
2788 5526 3084 5597 ἀνθρώπιον
3107 5533 3413 5599 ἐπιϐουλὰς,
3437 5537 3530 5589 καὶ
3553 5535 3644 5592 τὸν
3666 5515 3823 5610 ηπειέ
