4106 6424
275 409 383 467 θῖδ

1615 401 1705 458 ηε
1742 397 2226 458 ἸΗΕΟΡΠΔΝΜ·

3402 402 3510 461 οτι

273 524 505 599 λημένον
525 524 707 578 ἕνεκεν
727 521 818 576 τοῦ
838 522 935 592 τῆς
955 519 1433 590 θεοσεϐείαςιλόγου
1449 517 1696 574 θάνατον·
1714 518 1833 571 ἵστω

1944 516 2056 570 vita
2081 516 2157 572 'se
2205 515 2381 585 ipsum
2424 514 2705 582 privasse.
2747 526 3015 582 suamque
3044 513 3315 578 animam,
3347 527 3510 582 quam

271 617 302 672 6
325 615 564 680 τοιοῦτος
611 615 710 684 τῆς
741 611 973 682 ἀληθοῦς
1016 611 1160 682 ζωῆς
1203 609 1393 664 ἑαυτὸν
1431 608 1718 680 στερήσας,
1742 607 1837 662 καὶ

271 710 372 782 τὴν
398 705 592 763 ἑαυτοῦ
631 705 824 777 ψυχὴν,
867 705 936 776 ήν
972 704 1261 775 εὑρηκέναι
1305 700 1606 772 νενόμικεν,
1646 697 1837 770 ἀληθεῖ

271 799 412 869 λόγῳ
440 797 714 870 παραδοὺς
741 794 1004 865 ἀπωλείᾳ.
1049 795 1234 864 Πάσης
1270 790 1378 860 γάρ
1406 789 1639 860 εσχάει-ης
1682 789 1835 842 ἀπω-

269 890 422 953 λείας
451 887 645 958 γένοιτ’
676 885 742 940 ἃν
787 888 963 956 χεῖρον
994 885 1055 938 τὸ
1081 885 1332 937 ἐκπεσεῖν
1362 879 1517 945 Θεοῦ,
1548 879 1642 934 καὶ
1669 879 1837 950 ἀρνη-

269 980 563 1054 eamme
588 977 680 1033 τοῦ
724 977 855 1032 Υίοῦ
887 977 982 1029 τοῦ
1017 973 1174 1028 Θεοῦ.
1217 973 1284 1026 Τί
1308 972 1368 1026 δὲ
1397 971 1492 1024 καὶ
1518 969 1679 1024 πλέον
1705 971 1834 1022 επο-

277 1071 483 1146 ρᾱπατο,
515 1071 708 1126 ἑαυτὸν
737 1069 1040 1140 ἀπατήσας,
1071 1066 1166 1120 καὶ
1201 1063 1491 1136 εὑρηκέναι
1515 1064 1614 1133 τὴν
1641 1059 1834 1114 ἑαυτοῦ

271 1162 448 1233 ψυχὴν
471 1159 772 1224 ὑπολαϐὼν,
798 1160 911 1229 ὅτε,
942 1156 1155 1227 φεύγων
1190 1153 1280 1208 τὸν
1311 1152 1558 1216 θάνατον,
1584 1151 1674 1204 τὸν
1702 1149 1834 1204 Θεὸν

266 1254 515 1324 ήρνεῖτος
543 1248 779 1321 Σμικροῦ
809 1247 916 1318 γάρ
941 1246 1093 1309 δντος
1121 1245 1213 1300 καὶ
1237 1244 1522 1316 επικαίρου
1550 1242 1689 1312 βίου,
1716 1242 1832 1312 μετ’

267 1341 329 1395 οὐ
359 1341 494 1396 πολὺ
519 1341 617 1412 τῆς
639 1339 837 1411 θνητῆς
865 1337 957 1390 καὶ
975 1334 1334 1406 ὀλιγοχρονίου
1359 1333 1505 1405 ζωῆς
1531 1332 1831 1404 στερηθεὶς,

269 1431 365 1485 καὶ
392 1430 472 1502 τῷ
499 1429 710 1500 θανάτῳ
751 1428 811 1482 δν
844 1426 1059 1496 φεύγων
1083 1426 1174 1479 τὸν
1201 1425 1334 1479 Θεὸν
1364 1426 1577 1496 ἠρνεῖτο
1598 1422 1835 1492 ὑποϐλη-

269 1521 404 1586 θεὶς,
436 1525 503 1593 τῇ
537 1521 672 1593 μετά
699 1520 791 1574 τὸν
813 1517 1038 1572 θάνατον
1068 1515 1261 1585 αίωνίᾳ
1286 1514 1500 1592 κολάσει
1527 1511 1836 1583 παραδοθή-

271 1628 440 1680 σεται,
463 1607 976 1678 ἀπολέσαςάληθῶς
1005 1607 1102 1678 τὴν
1125 1603 1318 1659 ἑαυτοὸ
1347 1603 1543 1674 ψυχήν,
1571 1603 1638 1673 ῆν
1666 1602 1833 1672 εὑρη-

268 1704 422 1760 κέναι
461 1701 778 1772 ὑπειλήφει·
836 1699 912 1762 ὡς
952 1697 1218 1752 ἀνάπαλιν
1258 1695 1289 1747 6
1319 1693 1407 1747 διὰ
1441 1694 1538 1764 τὴν
1576 1694 1654 1754 είς
1699 1690 1833 1744 Θεὸν

269 1793 463 1849 ὸλπίδα
490 1791 676 1848 ἑαυτὸν
702 1788 989 1858 ἀπογνοὺς,
1016 1787 1110 1841 καὶ
1136 1785 1232 1857 τὴν
1258 1783 1449 1839 ἑαυτοῦ
1488 1781 1626 1852 ζωήν
1656 1783 1834 1852 ἀπαρ-

1943 605 2044 662 sibi
2074 604 2344 661 invenisse
2365 603 2672 668 videbatur,
2704 603 2992 673 perditioni
3025 604 3335 660 tradidisse.
3361 603 3511 672 Quod

1941 694 2023 749 vis
2059 691 2204 747 enim
2244 706 2460 748 summo
2503 691 2676 750 exitio
2724 691 2968 746 deterius
3013 701 3098 746 est
3135 691 3230 749 Dei
3275 696 3508 763 gratiam

1941 784 2192 844 amittere
2220 794 2274 838 et
2299 799 2328 838 a
2367 783 2506 839 Filio
2537 782 2632 838 Dei
2667 782 2882 853 negari.
2909 783 3048 850 Quid
3082 799 3212 841 vero
3242 785 3507 856 quispiam

1941 873 2176 945 proﬁcit,
2205 875 2329 930 dum
2359 889 2420 930 se
2447 873 2670 945 decipit,
2698 885 2753 930 et
2777 875 3014 930 animam
3062 890 3216 932 suam
3261 877 3508 934 invenire

1941 966 2258 1028 arbitratur,
2289 978 2411 1019 cum
2443 975 2676 1020 mortetu
2706 965 2905 1029 vitans,
2938 963 3106 1021 Deum
3139 969 3338 1038 negat?
3370 967 3506 1024 Nam

1940 1071 2068 1111 cum
2115 1056 2188 1111 sit
2229 1064 2436 1110 arctum
2468 1063 2524 1108 et
2556 1056 2853 1124 temporale
2896 1055 2999 1110 hoc
3048 1063 3247 1121 aevum,
3273 1069 3507 1127 quanto-

1939 1147 2058 1202 cius
2101 1144 2318 1200 mortali
2370 1145 2633 1214 brevique
2677 1146 2789 1200 vita
2826 1146 3072 1209 orbatus,
3125 1158 3334 1203 αξιοι-πο
3386 1162 3509 1219 post

1941 1246 2166 1292 mortem
2204 1235 2468 1305 supplicio
2509 1236 2775 1301 tradetur,
2817 1238 3030 1306 perdita
3066 1238 3347 1293 enimvero
3382 1254 3512 1309 pro-

1938 1328 2058 1398 pria
2119 1326 2321 1392 anima,
2351 1341 2513 1396 quam
2582 1340 2641 1392 se
2711 1327 2984 1383 invenisse
3029 1329 3281 1398 putabat.
3338 1328 3509 1384 Sicuti

1940 1433 2095 1473 versa
2121 1418 2241 1473 vice
2266 1418 2356 1488 qui
2388 1419 2459 1473 ob
2490 1432 2638 1487 spem
2685 1418 2740 1472 in
2799 1419 2966 1475 Deum
3016 1421 3364 1491 semetipsum
3416 1438 3512 1477 ne-

1939 1507 2110 1576 gligit,
2143 1521 2407 1576 suamque
2435 1507 2604 1561 vitam
2635 1507 2889 1578 abnegat,
2924 1517 2979 1564 et
3001 1519 3265 1577 quantum
3317 1512 3510 1566 attinet

1939 1597 2008 1650 ad
2061 1609 2217 1650 suum
2267 1596 2626 1665 propositum,
2684 1597 2921 1658 animam
2980 1599 3262 1667 propriam
3297 1601 3502 1671 perdit,

1939 1695 2134 1740 cuncta
2164 1683 2280 1740 hmc
2308 1684 2564 1741 alacriter
2595 1696 2818 1756 propter
2845 1687 3007 1742 ﬁdem
3044 1702 3175 1757 erga
3223 1689 3390 1744 Deum
3427 1702 3511 1744 to-

1940 1776 2158 1841 lerans;
2193 1777 2280 1830 hic
2309 1776 2526 1845 inquam
2560 1785 2745 1847 erecta
2796 1777 2992 1832 ﬁducia
3031 1778 3125 1842 sit,
3177 1781 3333 1849 quasi
3372 1779 3508 1835 nihil

268 1885 473 1957 νηθεὶς,
505 1886 628 1939 ὅσον
663 1899 724 1936 τε
766 1880 858 1934 ἐπὶ
884 1882 951 1950 τῇ
981 1875 1172 1932 ἑαυτοῦ
1207 1874 1461 1947 προθέσει
1502 1873 1600 1944 τὴν
1640 1872 1832 1926 ἑαυτοῦ

1935 1867 2253 1938 perdiderit.
2274 1868 2392 1922 Non
2410 1867 2553 1922 enim
2570 1867 2902 1939 ipseamisit,
2917 1868 3010 1923 sed
3031 1869 3236 1925 invenit
3268 1871 3508 1928 animam

266 1975 442 2049 ψυχὴν
475 1972 848 2036 ἀπολωλεκὼς,
885 1972 1061 2024 πάντα
1102 1984 1163 2022 τε
1196 1965 1366 2020 ταῦτα
1397 1963 1678 2049 εθθαρσῶς
1707 1963 1834 2017 ἐπο-

270 2047 460 2137 μείνας
495 2063 584 2117 διὰ
615 2062 712 2132 τὴν
751 2059 964 2124 sic.th
1007 2055 1140 2110 Θεὸν
1185 2057 1390 2120 πίστιν,
1421 2047 1714 2124 ’θαρρείτω
1757 2049 1834 2113 ὡς

270 2154 497 2227 μηδενὸς
516 2151 851 2213 ἀπολωλότος
878 2149 1027 2220 αὐτῷ
1049 2165 1062 2179 ο
1083 2147 1161 2214 ,οὐ
1188 2146 1296 2218 γάρ
1321 2143 1595 2199 ἀπόλωλεν
1613 2143 1644 2195 6
1661 2140 1834 2194 τοιοῦ-

265 2263 378 2310 τος,
409 2245 523 2299 ἀλλ’
550 2235 675 2314 εὗρε
706 2243 806 2314 τὴν
833 2240 1024 2296 ἑαυτοῦ
1050 2240 1249 2310 ψυχήν.
1273 2237 1337 2291 Ei
1359 2235 1490 2304 γοῦν
1512 2235 1588 2298 ὡς
1617 2235 1673 2287 ιν
1704 2234 1837 2286 ὑπο-

268 2335 414 2392 θέσει
442 2335 597 2404 λόγου
633 2333 798 2406 θνητή
826 2329 961 2387 οὖσα
986 2330 1268 2402 ίτύγχανε,
1298 2328 1392 2382 καὶ
1417 2327 1502 2380 οῖα
1530 2342 1588 2378 τε
1620 2321 1836 2394 ἀληθῶς

267 2427 348 2491 εις
377 2425 441 2480 τὸ
465 2424 540 2496 μὴ
565 2423 624 2477 ὸν
649 2425 864 2495 χωρεῖν,
888 2421 983 2476 καὶ
1009 2421 1057 2474 εί
1089 2417 1372 2473 ἀπώλλυτο
1395 2415 1500 2470 ὑπὸ
1526 2410 1834 2484 ἀνθρώπων

267 2516 652 2589 ἀναιρουμένη,
682 2516 829 2586 ὅμως
858 2513 958 2568 οὑκ
989 2512 1070 2575 είς
1099 2509 1414 2565 ἀνέλπιστον
1441 2505 1546 2578 χρὴ
1576 2504 1666 2558 τὸν
1697 2502 1836 2573 ὑπὲρ

269 2606 550 2671 εὐσεϐείας
593 2605 780 2675 ἀγῶνα
830 2604 1229 2676 διακαρτερεῖν
1266 2598 1452 2670 ιπειδὴ
1489 2595 1568 2667 τῷ
1594 2593 1713 2666 Θεῷ
1741 2593 1836 2646 καὶ

1938 1974 2109 2014 suam.
2134 1958 2190 2014 Si
2222 1973 2353 2030 ergo
2377 1973 2473 2028 per
2501 1959 2844 2030 Itypothesim
2863 1961 3110 2018 mortalis
3137 1972 3285 2018 esset
3303 1963 3508 2026 anima.

1937 2066 2001 2106 ac
2033 2067 2158 2105 vere
2181 2051 2234 2106 in
2257 2051 2486 2106 nihilum
2523 2062 2708 2121 posset
2742 2052 2986 2120 dissolvi,
3026 2061 3083 2108 et
3112 2053 3157 2109 si
3178 2057 3396 2125 periret
3441 2057 3511 2110 ab

1938 2142 2246 2198 hominibus
2271 2144 2531 2209 extincta,
2561 2143 2916 2200 nihilominus
2941 2143 3089 2201 haud
3111 2146 3341 2216 sinespe
3368 2145 3510 2208 [oret

1935 2245 2034 2300 pro
2059 2229 2320 2301 religione
2344 2231 2791 2301 depugnandum;
2819 2231 2944 2301 quia
2984 2232 3096 2287 Deo
3114 2240 3170 2290 et
3201 2230 3414 2300 perdita
3454 2239 3511 2286 et

1941 2335 2205 2389 nusquam
2240 2321 2538 2383 exstantia,
2571 2320 2638 2374 ad
2684 2321 3064 2378 exsistendum
3111 2329 3277 2391 atque
3303 2320 3372 2376 ad
3421 2321 3507 2376 vi-

1935 2417 2045 2464 tam
2073 2410 2367 2478 perducere
2396 2424 2501 2465 non
2517 2419 2600 2466 est
2617 2408 2872 2466 arduum.
2890 2411 3231 2482 Quapropter
3253 2425 3318 2468 ea
3342 2412 3508 2473 etiam

1935 2515 2056 2570 qua:
2083 2501 2346 2556 exsistere
2371 2517 2475 2558 non
2505 2503 2822 2567 creduntur,
2843 2503 2938 2558 sed
2967 2502 3088 2573 ejus
3115 2518 3280 2559 causa
3305 2518 3372 2559 ea
3403 2503 3509 2559 ho-

1941 2593 2176 2650 minibus
2201 2602 2575 2658 excesserunt,
2602 2607 2707 2649 non
2734 2592 2842 2658 erit
2871 2593 2921 2653 ei
2943 2593 3278 2663 impossibile
3319 2609 3510 2650 rursus

267 2700 341 2756 τά
375 2698 688 2755 ἀπολωλότα
711 2698 804 2752 καὶ
839 2695 909 2751 τά
967 2693 1189 2768 μηδαμῆ
1226 2690 1489 2764 μηδαμῶς
1530 2689 1661 2742 δντα
1691 2703 1833 2757 παρ-

1942 2682 2270 2746 instaurare,
2317 2693 2374 2738 et
2415 2685 2640 2754 perdite
2674 2683 2870 2746 animm
2909 2684 3280 2740 inventionem
3309 2685 3382 2751 ei,
3416 2688 3508 2756 qui

271 2791 426 2860 άγειν
452 2789 514 2855 ιε
533 2790 635 2844 οὐκ
654 2789 821 2843 δνιων
849 2789 944 2842 καὶ
959 2786 1240 2852 ζωοποιεῖν
1259 2783 1500 2838 δυνατόν.
1518 2781 1609 2836 Διὸ
1635 2780 1728 2834 καὶ
1750 2778 1833 2831 τὸν

1945 2775 2115 2844 ipsius
2146 2789 2307 2829 causa
2339 2775 2630 2837 amisisset,
2658 2775 2978 2830 concedere.

268 2883 588 2956 νομισθέντα
610 2881 805 2954 μηκέτι
825 2877 984 2945 εἶναι,
1013 2879 1150 2933 ἀλλά
1166 2878 1235 2932 δι’
1261 2877 1422 2932 αὑτὸν
1446 2875 1505 2943 ἐξ
1530 2871 1830 2945 ἀνθρώπων
1864 2865 2198 2931 ἀπολωλότα,
2255 2867 2356 2920 οὐκ
2413 2866 2480 2920 ἂν
2505 2865 2654 2936 αὑτῷ
2673 2866 2880 2936 γένοιτο
2906 2865 3165 2920 ἀδύνατον
3192 2861 3348 2932 αὖθις
3373 2866 3479 2920 ὑπο

272 2977 592 3051 στήσασθαι,
635 2978 731 3030 καὶ
759 2974 859 3046 τήν
892 2972 1104 3046 εὕρεσιν
1150 2973 1251 3044 τῆς
1288 2967 1628 3031 ἀπολωλυίας
1656 2965 1831 3037 ψυχῆς
1863 2962 1941 3033 τῷ
1966 2961 2033 3014 δι’
2062 2960 2224 3015 αὑτὸν
2253 2959 2423 3015 αὑτὸν
2454 2958 2820 3051 ἀπολωλεκότι
2857 2961 3181 3032 παρασχεῖν.

943 3065 1023 3119 12'
1055 3063 1154 3135 (6).

340 3158 528 3222 οὐδεὶς
557 3157 738 3229 μέντοι
768 3154 984 3209 rulime
1013 3151 1304 3226 προφητῶν
1333 3151 1395 3206 τὸ
1427 3151 1687 3222 κήρυγμα

270 3250 380 3305 τῶν
409 3244 652 3320 οὐρανῶν
687 3246 960 3317 βασιλείας
995 3243 1214 3315 γυμνῶς
1243 3244 1322 3306 είς
1366 3240 1574 3304 πάντας
1603 3237 1831 3308 εὐηγγέ-

271 3341 446 3395 λιστοο
491 3339 603 3393 ἀλλ’
649 3339 846 3409 ᾔδεσαν
895 3336 991 3405 μὲν
1029 3335 1158 3390 αὐτὸ
1203 3333 1474 3405 προφῆται
1515 3330 1735 3392 πάντες,
1768 3329 1830 3382 οὐ

277 3431 382 3503 μὴν
418 3430 513 3484 καὶ
541 3428 619 3498 τῷ
667 3426 932 3481 Ἰουδαίων
972 3424 1087 3495 λαῷ
1128 3422 1502 3494 παρεδίδοσαν,
1535 3420 1624 3474 διὰ
1651 3419 1713 3472 τὸ
1739 3436 1833 3491 νη·-

273 3519 486 3585 πιάζειν
508 3518 606 3582 τάς
633 3519 852 3590 φρένας,
887 3517 982 3570 καὶ
1016 3515 1320 3580 εξασθενεῖν
1352 3513 1487 3584 πρὸς
1515 3511 1578 3566 τὸ
1609 3511 1833 3584 μέγεθος

277 3701 533 3773 ρύξαντος
560 3699 843 3769 ήγγικέναι
867 3697 962 3768 τὴν
982 3695 1097 3762 τῶν,
1116 3693 1358 3767 οὐρανῶν
1385 3691 1677 3764 βασιλείαν,
1697 3690 1832 3761 ἄφε-

274 3793 359 3846 σίν
383 3809 444 3844 τε
474 3789 755 3860 αμαρτιῶν
789 3786 877 3841 διά
917 3785 1142 3858 λουτροῦ
1173 3781 1589 3853 παλιγγενεσίας
1624 3797 1831 3849 καταγ-

271 3882 549 3952 γείλαντος
574 3878 896 3952 ἀνθρώποις,
929 3878 979 3932 ei
1007 3876 1085 3947 τῷ
1111 3875 1428 3947 κηρύγματι
1458 3871 1680 3935 ἑαυτοὺς
1715 3872 1834 3924 επι-

271 3971 452 4035 δόντες
494 3969 894 4042 περιάρπαστον
940 3966 1109 4037 αὐτὴν
1155 3965 1469 4036 εσχήκασιν,
1511 3961 1571 4029 te
1613 3960 1834 4015 ἐκείνων

272 4062 382 4115 τῶν
417 4059 639 4132 ήμερῶν
674 4058 990 4131 ἀρξάμενοι,
1030 4055 1092 4122 ἐξ
1123 4049 1200 4110 ὧν
1235 4057 1266 4110 6
1308 4055 1558 4124 Ἰωάννης
1585 4053 1678 4107 τὸν
1706 4051 1834 4124 περὶ

274 4152 443 4222 αὐτῆς
482 4149 803 4221 κατήγγειλε
840 4148 1016 4217 λόγον.
1049 4147 1130 4201 Τὰ
1166 4147 1263 4218 μὶν
1298 4146 1407 4217 γάρ
1447 4144 1722 4206 Μωῦσέως
1749 4143 1836 4196 νό-

279 4259 418 4313 μιμα
439 4240 537 4294 καὶ
559 4241 656 4310 τὴν
695 4239 986 4309 ἰουδαῖκὴν
1006 4237 1258 4310 λατρείαν
1280 4235 1467 4308 καιρόν
1486 4251 1647 4306 φησιν
1671 4236 1835 4305 ἀσχη-

277 4331 427 4386 κέναι
472 4332 700 4384 οίκεῖον·
734 4328 917 4383 τοῦτον
960 4328 1017 4381 δὲ
1058 4325 1488 4400 περιγράφεσθαι
1531 4327 1690 4398 μέχρι
1736 4325 1836 4396 τῆς

1861 3061 1908 3121 C

2005 3141 2178 3199 Nemo
2229 3155 2466 3211 unquam
2511 3154 2580 3196 ex
2635 3049 2918 3212 :rzghetis
2958 3141 3293 3212 praeconium
3354 3143 3510 3214 regni

1938 3233 2201 3290 cmlorum
2233 3241 2422 3302 aperte
2469 3246 2653 3287 coram
2697 3232 2897 3302 populo
2930 3231 3220 3290 fecittsed
3259 3232 3508 3291 sciebant
3624 3265 3630 3276 ε

1937 3325 2158 3395 quidem
2200 3325 2255 3379 id
2299 3323 2578 3394 propheta:
2607 3337 2821 3389 omnes,
2856 3339 3037 3394 neque
3068 3333 3250 3381 tamen
3284 3321 3508 3383 Judae-

1939 3431 2056 3470 rum
2081 3414 2278 3485 populo
2303 3415 2629 3484 prodebant,
2653 3423 2877 3484 propter
2919 3415 3121 3471 mentis
3149 3415 3370 3472 illorum
3410 3419 3507 3478 in-

1940 3506 2183 3574 fantiam,
2211 3514 2267 3560 et
2293 3505 2622 3561 sustinenda
2656 3505 2917 3574 praconii
2943 3507 3328 3576 magnitudinis
3356 3508 3510 3564 infir-

1802 3629 1830 3640 -
1939 3597 2202 3666 mitatetn.
2231 3595 2366 3651 Cum
2416 3603 2598 3650 autem
2629 3595 2841 3666 primus
2861 3595 3099 3652 Joannes
3125 3598 3276 3654 clare
3307 3602 3505 3670 praedi-

1937 3687 2084 3743 cavit
2109 3687 2544 3758 appropinquare
2586 3701 2813 3760 regnum
2860 3688 3147 3754 calorum,
3174 3700 3231 3746 et
3261 3703 3508 3760 peccato-

1939 3794 2059 3836 rum
2117 3779 2497 3835 remissionem
2564 3792 2659 3849 per
2724 3779 3154 3851 regenerationis
3226 3781 3502 3839 lavacrum

1939 3871 2248 3928 hominibus
2274 3869 2566 3936 nuntiavit,
2596 3870 2633 3926 ii
2677 3871 2772 3942 qui
2813 3871 3188 3941 praedicationi
3219 3887 3506 3930 assensum

1939 3979 2097 4020 suum
2129 3963 2498 4033 prmbuerunt,
2532 3978 2761 4034 regnum
2803 3964 2937 4021 illud
2981 3978 3080 4020 ceu
3111 3980 3175 4021 ex
3216 3975 3374 4037 rapto
3399 3967 3506 4023 sibi

1938 4057 2264 4122 habuerunt,
2293 4070 2364 4111 ex
2394 4068 2461 4110 eo
2497 4063 2742 4125 tempore
2766 4055 3111 4124 incipientes,
3140 4072 3250 4128 quo
3270 4056 3509 4113 Joannes

1940 4151 2008 4207 de
2047 4149 2168 4219 ipso
2203 4162 2509 4206 sermonem
2557 4146 2760 4202 intulit.
2805 4146 2942 4203 Nam
2988 4147 3188 4219 loysis
3230 4146 3426 4220 legalis
3450 4159 3509 4207 et

1938 4239 2224 4297 Judaicum
2275 4239 2480 4295 cultum
2527 4237 2807 4311 proprium
2853 4247 3065 4310 tempus
3103 4241 3354 4296 habuisse
3392 4242 3505 4308 ait;

1941 4331 2083 4403 quod
2109 4330 2336 4388 Joannis
2381 4329 2674 4402 pmentia
2713 4330 2898 4384 ttnitur
2927 4346 2944 4395 ;
2969 4330 3264 4400 praphetas
3291 4346 3509 4402 quoque

289 4419 532 4474 Ἰωάννου
564 4417 890 4489 παρουσίας·
923 4419 1017 4472 καὶ
1044 4417 1172 4481 τοὺς
1215 4418 1496 4488 προφήτας
1538 4416 1596 4470 δὲ
1642 4415 1833 4486 μέχρις

1937 4436 2109 4491 usque
2142 4421 2209 4477 ad
2235 4419 2502 4476 Joannem
2533 4419 2736 4476 Judmis
2757 4427 3010 4475 auctores
3029 4418 3197 4475 luisse
3222 4431 3276 4476 ut
3308 4421 3508 4493 Moysis

288 4510 532 4564 Ἰωάννου
594 4505 864 4571 Ἰουδαίοις
922 4505 1248 4576 πεποιῆσθαι
1301 4505 1402 4570 τὰς
1457 4507 1832 4577 παραγγελίας

275 4600 413 4672 πρὸς
441 4598 503 4652 τὸ
532 4597 816 4668 φυλάττειν
846 4597 916 4651 τὰ
944 4597 1220 4660 Μωῦσέως
1260 4598 1462 4669 νόμιμα
1483 4613 1496 4627 ⁸
1529 4598 1743 4668 πρῶτον
1774 4600 1831 4654 δὲ

285 4695 539 4763 Ἰωάννην
574 4691 810 4762 ἀρχηγὸν
845 4689 1124 4759 γεγονέναι
1163 4689 1261 4760 τῆς
1288 4689 1494 4759 Καινῆς
1535 4688 1831 4761 Διαθήκης,

277 4785 374 4840 ἀτε
413 4783 713 4854 πρόδρομον
758 4779 920 4834 αὐτοῦ
968 4780 1272 4849 γενόμενον.
1307 4779 1479 4832 Αὑτοῦ
1514 4795 1575 4832 τε
1616 4779 1830 4850 πρώτου

276 4876 373 4930 καὶ
400 4872 460 4939 ἐξ
485 4870 647 4925 αὑτοῦ
684 4871 779 4942 τὴν
809 4869 1080 4940 βασιλείαν
1106 4869 1214 4922 τῶν
1242 4869 1481 4940 οὐρανῶν
1509 4871 1710 4924 ἅπασιν
1739 4872 1831 4924 άν-

1937 4511 2130 4580 legalia
2177 4518 2481 4567 servarent.
2533 4509 2643 4567 Sed
2689 4511 2925 4580 primum
2971 4508 3236 4566 Joannem
3289 4511 3504 4567 initium

1937 4605 2074 4661 Novi
2122 4602 2458 4659 Testamenti
2505 4602 2723 4669 iccisse,
2752 4611 2940 4674 utpote
2985 4603 3157 4672 ipsius
3207 4620 3506 4674 pmcurso-

1939 4708 2077 4750 rem.
2117 4691 2238 4762 Ipso
2274 4701 2453 4745 autem
2495 4692 2693 4761 primo,
2733 4701 2895 4746 aetate
2934 4691 3046 4758 illa,
3082 4707 3303 4760 regnum
3339 4692 3505 4746 uelo-

1939 4801 2058 4840 rum
2107 4785 2316 4840 cunctis
2363 4784 2672 4838 hominibus
2723 4783 3033 4847 nuntiante,
3063 4784 3255 4852 dignos
3283 4784 3374 4838 illo
3407 4783 3504 4838 ho-

1937 4878 2110 4932 mines
2145 4877 2196 4931 in
2227 4876 2400 4945 ipsum
2442 4875 2494 4930 vi
2530 4875 2837 4943 irrumpere
2884 4870 3218 4943 putabimus,
3251 4876 3294 4929 si
3324 4878 3504 4930 consi-

280 4965 515 5036 θρώποις
535 4961 1006 5034 εὑηγγελισμένου,
1026 4961 1150 5023 τοὺς
1167 4961 1347 5027 ἀξίους
1371 4961 1538 5031 αὐτῆς
1564 4964 1642 5025 είς
1664 4961 1832 5035 αὐτὴν

1935 4971 2184 5026 deremus
2212 4983 2375 5039 quam
2414 4968 2600 5039 gravis
2629 4967 2702 5022 sit
2744 4976 2974 5022 conatus
3012 4966 3323 5021 hominibus
3346 4978 3502 5023 terrm

283 5052 559 5125 βιάζεσθαι
605 5052 886 5122 νοήσομεν,
923 5051 1328 5122 ἐπιστήσαντες,
1361 5052 1434 5115 ὡς
1473 5051 1642 5122 μέγας
1683 5053 1832 5121 ἀγὼν

279 5139 535 5216 τυγχάνει
565 5147 674 5206 τοῖς
704 5143 797 5196 ἐπὶ
832 5143 934 5211 γῆς
956 5142 1257 5212 ἀνθρώποις
1278 5144 1413 5215 πρὸς
1450 5144 1546 5215 τὴν
1578 5147 1635 5197 ὲν
1665 5147 1832 5216 οὐρα.

277 5232 390 5301 νοῖς
414 5235 615 5291 ἄνοδον.
644 5234 717 5288 Τὸ
738 5233 845 5304 γάρ
870 5233 1184 5305 ἀνθρώπους
1210 5234 1368 5299 ὄντας
1394 5235 1487 5290 καὶ
1511 5237 1684 5306 σάρκα
1709 5238 1833 5310 θνη-

277 5329 375 5401 τὴν
411 5325 919 5398 περιϐεϐλημένους,
966 5326 1073 5378 τῶν
1114 5326 1352 5395 φυσικῶν
1392 5327 1620 5398 ὀρέξεων
1652 5331 1831 5400 κρείτ-

278 5439 403 5486 τους
434 5420 696 5489 γίνεσθαι,
724 5418 914 5489 ἡδονῆς
942 5436 998 5471 τε
1027 5421 1244 5490 κρατεῖν
1275 5419 1367 5472 καὶ
1399 5420 1578 5488 πάσης
1605 5421 1834 5492 αἰσχρᾶς

280 5511 596 5582 ἐπιθυμίας,
637 5511 729 5563 καὶ
779 5506 841 5562 τὸ
883 5507 1126 5563 ἐντεῦθεν
1157 5507 1258 5579 ήδη
1303 5509 1696 5579 ἀπομιμεῖσθαι
1738 5510 1831 5564 τὸν

351 5695 430 5763 (6)
451 5693 596 5747 'Huic
628 5705 861 5763 quoque
887 5691 1195 5763 fragmento
1219 5691 1274 5743 in
1319 5690 1501 5763 codice
1526 5691 1589 5745 Δ.
1622 5689 1656 5744 l‘.
1698 5689 1824 5763 218.

278 5759 694 5835 superscribitur
745 5759 928 5815 titulus
977 5760 1268 5814 Εὑσεϐίωυ
1321 5760 1535 5824 ,βιϐλίῳ
1581 5760 1831 5827 τετάρτῳ

1934 5059 2131 5116 incolis
2163 5061 2266 5114 iter
2312 5059 2378 5113 ad
2417 5057 2618 5112 cmlum
2669 5057 2910 5112 tendere.
2962 5055 3207 5126 Namque
3253 5059 3502 5114 homines

1933 5160 2114 5213 natos.
2144 5161 2200 5206 et
2254 5149 2471 5205 mortali
2518 5163 2688 5203 carne
2732 5148 3123 5214 circumdatos,
3160 5148 3499 5204 naturalibus

1936 5241 2261 5313 appetitibus
2287 5240 2404 5295 ﬂeri
2427 5239 2758 5307 superiores.
2800 5249 2855 5292 et
2893 5239 3219 5308 voluptatem
3256 5253 3499 5294 omnem-

1937 5347 2042 5400 que
2070 5341 2280 5402 turpem
2315 5332 2662 5400 cupiditatem
2708 5331 2985 5396 cohibere,
3016 5331 3293 5400 vitamque
3331 5346 3498 5401 ange-

1939 5421 2098 5476 licam
2153 5423 2290 5477 velle
2346 5423 2399 5477 in
2469 5423 2629 5476 terris
2684 5423 2923 5486 imitari;
2988 5424 3061 5477 ita
3121 5430 3181 5475 ut
3233 5436 3384 5490 aeque
3432 5440 3498 5476 ac

1936 5509 2138 5569 Paulus
2162 5513 2342 5568 dicere
2366 5513 2575 5583 possint
2602 5527 2616 5563 :
2652 5509 2852 5567 Nostra
2885 5521 3059 5567 autent
3091 5511 3412 5566 conversatio
3443 5512 3494 5563 in

1937 5692 2314 5816 ἶῦεοςεανείας,
2351 5706 2472 5749 cum
2509 5689 2661 5762 siglis
2709 5702 2869 5760 supra
2917 5690 3209 5745 secundum
3261 5689 3493 5743 vocabu-

1957 5781 2066 5816 Ulli.

1957 5781 2066 5818 Ulllo
