4106 6406
221 326 346 381 677
1615 342 1702 398 DE
1739 339 2207 400 THEOPIIANIA.
3393 357 3501 410 678

221 441 258 494 ὀ
294 444 410 497 τοῦ
440 447 580 502 Θεοῦ
613 452 799 520 Λόγος,
846 455 1221 530 φιλανθρωπιᾳ
1250 461 1346 514 τοῦ
1372 460 1580 532 Πατρδς
1613 461 1818 532 ἐξῆλθε,

1929 461 2137 529 κηίιιιο
2162 461 2341 518 Patris
2361 463 2550 529 exivit,
2575 478 2712 519 nova
2745 465 2952 520 semina
2975 475 3030 522 et
3051 467 3202 536 regni
3231 469 3498 527 calorum

222 536 416 589 καινὰ
464 541 754 611 σπέρματα
807 545 897 598 καὶ
945 547 1217 616 βασιλείας
1259 550 1499 620 οὐρανῶν
1553 553 1818 620 μυστήρια

1927 554 2183 624 mysteria
2213 555 2387 612 fauste
2408 558 2782 624 nuntiaturus,
2809 569 2864 612 et
2892 561 3138 628 superuis
3165 560 3257 615 Dei
3295 563 3496 616 minis-

224 625 768 700 εὐαγγελιούμενος.
790 638 900 699 τοῖς
929 654 988 690 τε
1025 641 1145 693 κατ’
1167 641 1395 712 οὐρανὸν
1429 641 1522 694 τοῦ
1555 642 1689 694 Θεοῦ
1723 643 1818 694 λει-

1927 645 2030 700 tris
2071 645 2360 702 humanum
2403 663 2571 718 genus
2614 625 3044 706 consociaturus.
3092 651 3241 706 Hane
3263 666 3394 723 ergo
3423 654 3496 709 ob

221 732 334 768 του
340 723 512 790 ργοτς
533 723 593 774 τὸ
621 723 730 777 τῶν
752 726 1048 796 ἀνθρώπων
1083 732 1334 800 συνάψων
1364 733 1520 800 γένος
1540 750 1554 763 ο
1582 734 1674 786 ἐπὶ
1705 733 1818 786 τού⁴

1925 748 2145 790 causam
2172 736 2318 792 solus
2347 738 2462 806 ipse
2516 752 2549 794 e
2591 747 2818 807 paterno
2861 754 3027 808 regno
3062 742 3347 808 processit.
3388 743 3494 810 Qui

220 825 355 875 τοις
386 808 490 868 οὖν
516 814 675 884 μόνος
694 819 854 884 αὐτὸς
876 820 972 893 τήν
994 823 1101 875 ἀπὸ
1118 822 1226 875 τῶν
1253 825 1529 895 πατρικῶν
1547 824 1818 894 βασιλείων

1926 835 2106 880 autem
2167 826 2376 880 semina
2429 827 2549 895 ejus
2590 838 2940 896 exceperunt,
2999 829 3052 886 bi
3107 847 3234 888 suas
3283 808 3494 889 animas

221 902 493 956 ιποιεῖτο
517 903 694 970 ἔξοδον
709 925 724 940 ·
753 910 802 962 oi
828 910 885 964 δὲ
905 911 973 964 τὰ
997 913 1127 983 παρ’
1153 913 1316 966 αὑτοῦ
1344 914 1630 986 σπέρματα
1654 932 1818 970 κατα-

1924 915 2072 972 velut
2112 929 2272 984 agros
2309 915 2508 972 cultori
2543 915 2718 973 Verbo
2742 920 3122 987 exbibuerunt,
3163 933 3220 980 et
3251 940 3380 982 aure
3404 927 3492 982 ia-

219 987 538 1060 δεξάμενοι
581 993 682 1058 τὰς
712 996 922 1054 ἑαυτῶν
947 999 1127 1069 ψυχάς
1157 998 1248 1056 οἷα
1283 1002 1350 1073 δὴ
1383 1002 1565 1075 χώρας
1595 1003 1818 1075 γεωργῷ

1924 1013 2114 1062 ventes
2134 1006 2356 1063 sceleste
2385 1021 2573 1064 semen
2601 1009 2953 1067 admiserunt.

221 1083 518 1151 παρεῖχον
549 1083 627 1155 τῷ
659 1086 840 1158 Λόγῳ,
883 1090 976 1144 καὶ⁸
1003 1090 1091 1144 διά
1116 1091 1226 1146 τῶν
1262 1092 1442 1147 ἀκοιῖιν
1462 1095 1552 1148 τὸν
1577 1096 1827 1167 οὐράνιον

219 1169 582 1242 ὑπεδέχοντο
619 1176 840 1247 σπόρον.

303 1260 379 1313 Et
436 1263 540 1332 μὲν
579 1260 672 1319 οὖν
704 1267 814 1338 (10)
854 1270 902 1322 οῖ
945 1267 1372 1342 μαθητευόμενοι
1408 1277 1536 1344 μιᾶς
1583 1276 1824 1346 ὑπῆρχον

222 1355 660 1424 προαιρέσεακ,
737 1357 886 1410 οὐδὲν
956 1357 1124 1430 ἑχρῆν
1177 1362 1472 1433 διακρίνειν
1534 1367 1626 1417 καὶ
1693 1368 1826 1434 ἀφο-

225 1442 426 1511 ρίζειν
467 1445 687 1510 τούτους
718 1448 814 1500 ἀπ’
857 1450 1121 1521 ἀλλήλων·
1163 1453 1348 1525 ἐπειδὴ
1383 1454 1440 1507 δὲ
1480 1456 1630 1527 παρὰ
1661 1459 1825 1510 πᾶσιν

222 1533 560 1604 ἀνθρώποις
609 1539 642 1606 ἡ
711 1538 806 1592 τοῦ
861 1541 1205 1607 αύτεξουσίου
1273 1545 1492 1614 ἐκράτει
1559 1547 1822 1617 δύναμις,
1924 1533 2254 1622 f’°f“f“"’“‘,

223 1622 400 1678 ἄλλοι
478 1643 537 1679 τε
602 1628 777 1693 άλλως
850 1632 1060 1696 ἑαυτοῖς
1126 1635 1220 1687 xui.
1287 1608 1365 1704 τῶ
1434 1608 1818 1706 καταϐληθέντι

1923 1608 2102 1663 indole
2125 1623 2219 1663 sua
2236 1610 2491 1680 jactoque
2513 1613 2653 1668 intra
2684 1628 2814 1671 suas
2836 1617 3047 1672 animas
3074 1620 3258 1675 divino
3282 1625 3493 1679 semine

223 1720 365 1780 ταῖς
416 1717 614 1788 ψυχαῖς
659 1722 894 1792 οὐρανίῳ
946 1724 1130 1794 σπόρῳ
1176 1701 1628 1799 κατακέχρηνται,
1664 1701 1818 1782 είκό-

1925 1708 2176 1767 utuntur;
2229 1701 2350 1758 ideo
2394 1713 2564 1770 recte,
2620 1714 2804 1776 utpote
2854 1710 2946 1763 Dei
3011 1710 3266 1776 Verbum,
3322 1715 3489 1769 futuri

222 1823 350 1870 τως
397 1805 487 1863 οἶα
532 1810 668 1864 Θεοῦ
715 1812 881 1881 Λόγος
932 1814 1030 1886 τὴν
1058 1793 1279 1883 ἀγνῶσιν
1330 1793 1672 1889 προειληφὼς
1713 1821 1818 1873 τῶν

1921 1793 2202 1846 scientiam
2236 1809 2638 1866 praeoccupans,
2679 1799 2807 1866 quid
2851 1802 3040 1856 semini
3070 1817 3172 1857 suo
3218 1804 3364 1860 inter
3391 1807 3488 1861 ito-

227 1899 574 1969 μελλόντων,
637 1903 796 1958 ὁποῖα
830 1885 1075 1958 πείσεται
1134 1908 1214 1969 είς
1265 1885 1580 1981 ἀνθρώπους
1611 1912 1640 1963 ὁ
1689 1913 1818 1983 παρ’

1923 1885 2095 1938 mines
2114 1901 2304 1952 sparso
2325 1900 2646 1945 eventurum
2675 1891 2767 1957 sit,
2787 1895 3054 1960 pradicit.
3084 1895 3281 1952 Casum
3309 1899 3493 1970 itaque

223 1990 412 2044 αὑτοῦ
447 1993 646 2064 σπόρος
678 1996 879 2057 πεσὼν,
908 1994 1172 2060 θεσπίζει.
1206 1999 1417 2052 Πτῶσιν
1448 2000 1578 2069 γοῦν
1606 2001 1818 2074 θαυμα-

1922 1975 2147 2030 miriﬁce
2201 1977 2434 2046 appellat
2482 1980 2786 2036 ctelestium
2843 1985 3108 2037 seminum
3156 1986 3208 2040 In
3243 1988 3494 2047 homines

224 2079 388 2140 στῶς
430 2080 531 2146 τὴν
581 2083 880 2154 καταϐολὴν
911 2083 1015 2137 τῶν
1040 2085 1307 2154 οὐρανίων
1349 2065 1678 2159 σπερμάτων
1714 2065 1818 2159 ’τὴν

1919 2065 2330 2133 projectionem.
2361 2069 2614 2140 Duosque
2646 2072 2804 2127 docet
2844 2073 2962 2128 fore
2996 2077 3366 2144 recipientimn
3400 2096 3492 2135 se-

224 2171 317 2234 είς
341 2171 667 2242 ἀνθρώπους
686 2174 955 2244 ὠνόμασε
984 2177 1078 2235 καὶ
1098 2177 1162 2248 δὴ
1193 2178 1286 2232 δύο
1305 2157 1560 2249 τάγματα
1591 2181 1698 2233 τῶν
1729 2157 1818 2236 τόν

1921 2171 2040 2209 men
2064 2157 2281 2212 ordines
2318 2175 2333 2210 :
2363 2161 2597 2229 priorem
2630 2162 2841 2217 Illorum
2879 2168 2969 2235 qui
3005 2169 3280 2225 cmlestem
3323 2188 3487 2227 voca-

224 2262 447 2331 σπόρον
497 2263 940 2335 καταδεξαμένων
969 2265 1208 2330 ἔσεσθαι,
1239 2268 1500 2324 διδάσκει·
1553 2273 1818 2344 πρότερον

1921 2249 2121 2302 tionem
2143 2251 2343 2318 sortiti,
2370 2267 2467 2321 per
2491 2255 2996 2324 socordiamjamen
3025 2271 3186 2330 atque
3217 2262 3484 2331 ignaviam

225 2353 296 2406 τὺ
314 2353 427 2408 τῶν
455 2355 709 2421 καταξιω
718 2355 890 2425 μένων
909 2358 1005 2426 μὲν
1028 2358 1129 2428 τῆς
1160 2359 1404 2429 κλήσεως
1427 2361 1524 2431 τῆς
1546 2362 1604 2413 ού
1615 2343 1818 2431 ρανίου,

1918 2344 2089 2410 gratia
2130 2343 2435 2399 excidunt:
2468 2349 2764 2404 secundum
2813 2353 3065 2407 ’ordinetn
3117 2353 3329 2410 illorum
3390 2362 3485 2426 qui

225 2441 303 2495 δι’
330 2443 662 2514 ἀπροσεξίαν
689 2443 747 2496 δὲ
786 2446 878 2500 καὶ
905 2446 1177 2516 ῥᾳθυμίαν
1220 2447 1322 2517 τῆς
1375 2449 1595 2520 χάριτος
1635 2451 1818 2503 ἀπολι-

1917 2445 2099 2486 semen
2159 2435 2376 2505 egregio
2431 2435 2611 2491 fructu
2662 2439 3044 2509 multiplicant.
3071 2440 3208 2499 Tres
3236 2459 3397 2514 porro
3431 2449 3486 2503 in

228 2527 591 2588 σθαινόντωνο
641 2535 889 2608 δεύτερον
928 2536 985 2589 δὲ
1021 2537 1084 2590 τὸ
1121 2538 1230 2591 τῶν
1276 2539 1818 2606 πολυπλασιαζόντων

1918 2531 2149 2591 utroque
2190 2525 2381 2581 ordine
2418 2527 2753 2586 diﬂ'erentias
2785 2530 2995 2586 statuit.
3026 2530 3158 2588 Nam
3196 2543 3249 2589 et
3275 2538 3366 2605 qtti
3397 2553 3489 2592 se-

226 2622 334 2675 τδν
379 2624 579 2694 σπόρον
625 2625 683 2677 ὲν
723 2626 952 2694 ἀγαθαῖς
997 2630 1414 2700 καρποφορίαις.
1473 2632 1632 2702 Τρεῖς
1658 2631 1714 2683 δὲ
1760 2634 1818 2686 ὲν

1918 2625 2040 2665 men
2097 2615 2445 2681 pessumdant
2473 2655 2488 2678 .
2548 2619 2690 2674 haud
2731 2622 2848 2690 pari
2884 2621 3046 2676 modo
3089 2625 3482 2694 esstiuguunt:

230 2709 492 2781 ἑκατέρῳ
530 2711 769 2781 τάγματι
823 2713 1083 2785 διαφοράς
1113 2716 1349 2786 τίθησιν·
1399 2720 1454 2772 οῖ
1470 2736 1528 2772 τε
1571 2719 1678 2790 γὰρ
1725 2721 1818 2776 τὸν

1917 2704 2259 2776 vicissimque
2285 2708 2320 2761 ii
2352 2709 2441 2776 qui
2477 2710 2606 2764 illud
2639 2712 2918 2777 excolunt,
2948 2728 3018 2768 ex
3041 2728 3216 2784 eoque
3246 2717 3483 2774 fructum

230 2799 442 2870 σπόρον
474 2800 800 2866 ἀπολλύντες
838 2805 936 2875 οὐχ
964 2807 1147 2877 ὅμοιον
1178 2806 1386 2877 ἴσχουσι
1418 2809 1514 2878 τῆς
1545 2809 1818 2872 ἀπωλείας

1917 2797 2160 2865 gignunt,
2211 2799 2354 2853 baud
2391 2801 2508 2868 pari
2542 2802 2790 2857 ubertate
2827 2814 2972 2858 sunt.
3023 2804 3248 2874 Insuper
3293 2823 3488 2865 causes

231 2890 334 2944 τὸν
347 2891 569 2963 τρόπον·
591 2893 644 2945 οῖ
666 2895 713 2946 τ’
745 2890 812 2948 αὖ
854 2895 1225 2967 γεωργοῦντες
1254 2898 1438 2962 αὑτὸν,
1479 2898 1575 2951 καὶ
1611 2900 1702 2952 τὸν
1757 2899 1818 2964 ἐξ

1917 2888 2078 2939 etiam
2123 2886 2306 2956 lapsus
2353 2903 2540 2943 eorum
2591 2893 2684 2961 qui
2737 2906 2924 2947 semen
2981 2899 3483 2964 pessumdederum,

231 2986 408 3039 αὐτοῦ
464 2987 808 3058 ποριζόμενοι
857 2988 1086 3060 καρπὸν,
1139 2991 1241 3044 οὐκ
1282 2990 1404 3062 ῐσην
1448 2991 1817 3062 ἀποφέρονται

1917 2978 2093 3032 divina
2125 2981 2433 3048 provisione
2465 2977 2627 3038 sistit.
2659 2983 2792 3038 Nam
2838 2984 2924 3040 vel
2957 2986 3152 3048 ignava
3183 2989 3484 3046 incustodi-

229 3077 338 3148 τὴν
386 3078 672 3151 εὐπορίαν·
707 3080 787 3133 ἐτι
817 3081 952 3153 πρὸς
993 3081 1204 3145 τούτοις
1246 3083 1462 3146 καὶτὰς
1487 3083 1666 3147 αίτίας
1715 3084 1814 3154 τῆς

1919 3077 2001 3123 tas
2028 3069 2240 3124 animas
2260 3085 2387 3126 suas
2407 3085 2530 3127 esse
2549 3073 2807 3140 sitientes,
2858 3073 3051 3141 iniecta
3076 3078 3130 3131 in
3155 3078 3253 3134 bas
3275 3083 3482 3138 semina

232 3168 612 3232 ἀποπτὼσαυς
642 3168 750 3222 τῶν
779 3170 872 3224 τὸν
912 3171 1110 3242 σπόρον
1134 3172 1477 3227 ἀπολλύντων
1510 3173 1814 3244 προγνώσει

1917 3159 2236 3226 amiserunt,
2265 3161 2600 3229 rapientibus
2627 3163 2836 3219 scilicet
2862 3179 2926 3220 ex
2953 3166 3191 3234 ipsorum
3217 3181 3397 3226 mente
3417 3187 3483 3229 ac

232 3256 393 3328 θεῐκῇ
449 3259 796 3329 παρίστησιν*
837 3260 870 3331 ἢ
903 3260 1012 3333 γὰρ
1047 3260 1137 3314 διὰ
1160 3262 1432 3333 ῥᾳθυμίας
1474 3263 1815 3331 ἀφυλάκτους

1917 3249 2171 3303 memoria
2208 3249 2440 3305 inimicis
2466 3251 2787 3320 quibusdam
2822 3265 2987 3322 atque
3021 3257 3294 3316 insidiosis
3320 3262 3482 3331 spiri-

229 3350 336 3411 τάς
381 3349 591 3403 ἑαυτῶν
648 3349 824 3421 ψυχάς
876 3351 1252 3417 ἀπολιπόντες,
1298 3354 1366 3405 τὰ
1409 3353 1812 3423 καταδληθὲντα

1917 3338 2058 3393 tibus
2085 3339 2355 3406 malisque
2383 3341 2741 3408 demonibus,
2787 3345 2881 3414 qui
2914 3345 2967 3400 in
3001 3346 3103 3404 hoc
3139 3350 3283 3406 circa
3315 3353 3476 3409 tellu-

231 3439 421 3501 αὐτοῖς
455 3441 697 3511 σωτήρια
751 3440 1039 3510 σπέρματα
1065 3440 1493 3503 ἀπολωλέκασιν,
1532 3443 1814 3514 ἁρπασάν-

1917 3444 2024 3484 rem
2053 3445 2179 3485 aere
2203 3431 2466 3486 volitant:
2491 3434 2576 3488 vel
2595 3434 2758 3488 etiam
2784 3435 3140 3496 fraudulentis
3169 3442 3482 3502 hominibus

229 3543 342 3580 των
397 3527 536 3580 αὐτά
569 3529 636 3580 ἐκ
674 3528 773 3601 τῆς
823 3528 1000 3583 αὐτῶν
1048 3527 1288 3592 διανοίας
1335 3547 1393 3584 τε
1435 3532 1526 3583 καὶ
1568 3533 1808 3602 μνήμης,

1917 3536 1975 3577 ac
1997 3522 2298 3587 fallacibus,
2333 3524 2417 3578 vel
2449 3525 2741 3581 contrariis
2769 3529 2984 3584 veritati
3016 3531 3315 3598 doctrinis;
3354 3552 3476 3606 quze

234 3616 452 3688 ἐχθρῶν
489 3634 651 3672 τινων
694 3619 787 3672 καὶ
833 3617 1133 3673 ιπιδούλων
1172 3619 1293 3689 ἦτοι
1352 3621 1676 3691 πνευμάτων
1717 3622 1811 3674 καὶ

1917 3613 2087 3669 omnia
2122 3614 2424 3669 cmisstium
2448 3617 2726 3671 volucrum
2756 3621 2974 3674 nomine
3004 3621 3330 3691 indigitavit.
3376 3626 3475 3682 νει

229 3708 504 3777 δαιμόνων
534 3708 784 3779 πονηρῶν
815 3707 906 3762 τδν
948 3707 1224 3779 περίγειον
1262 3709 1625 3780 διιπταμένων
1649 3713 1806 3782 ἀέρα,

1917 3702 2070 3756 etiam
2097 3707 2332 3759 secundo
2357 3703 2476 3759 loco
2503 3707 2735 3760 avaritia
2779 3716 2834 3760 et
2887 3709 3175 3779 voluptatis
3212 3713 3474 3783 studium,

228 3801 265 3871 ἢ
302 3799 509 3872 ἀνδρῶν
535 3803 744 3871 γοήτων
789 3801 882 3854 καὶ
907 3799 1219 3872 ἀπατηλῶν,
1249 3799 1283 3869 ἢ
1332 3800 1504 3868 λόγων
1552 3802 1810 3854 ἐναντίων

1917 3801 1958 3847 et
2005 3792 2170 3846 varias
2199 3795 2382 3848 mundi
2413 3810 2574 3860 curre,
2617 3811 2752 3866 quas
2793 3798 2976 3865 spinas
3004 3801 3160 3864 dixit,
3204 3817 3385 3858 semen
3416 3806 3473 3861 in

229 3893 300 3963 τῇ
332 3890 578 3966 ἀληθεία·
601 3890 638 3945 ἃ
661 3891 723 3961 δὴ
743 3891 964 3944 πετεινὰ
993 3891 1226 3962 οὐρανοῦ
1243 3890 1547 3962 ὠνόμασεν·
1582 3891 1809 3962 ἢδεύτει

1917 3883 2038 3952 ipsis
2081 3883 2250 3938 emori
2291 3896 2510 3954 cegunt.
2545 3883 2639 3941 Vel
2668 3887 2898 3957 denique
2933 3891 3090 3946 tertio
3119 3891 3260 3958 loco,
3286 3909 3476 3964 perse-

232 3999 328 4054 ρον
365 3981 454 4036 διὰ
493 3981 851 4053 φιλαργυρίαν
892 3982 985 4035 καὶ
1011 3980 1343 4051 φιληδονίαν,
1373 3982 1463 4036 διά
1494 3999 1551 4034 τε
1584 3982 1684 4044 τὰς
1710 3980 1805 4035 τοῦ

1917 3975 2179 4029 cutionum
2225 3990 2288 4030 ac
2315 3989 2693 4045 pressurarum
2727 3979 3020 4034 certamina
3061 3997 3164 4036 non
3201 3985 3475 4041 sustincno

231 4073 348 4144 βίον
368 4073 900 4144 φιλοπραγμοσύνας.
926 4073 964 4128 ἃ
992 4073 1056 4143 δὴ
1081 4073 1324 4136 ἀκάνθας
1361 4073 1685 4134 ἀπεκάλεσε,
1714 4074 1805 4127 τὸν

1917 4078 2003 4127 Les,
2035 4081 2169 4135 quas
2197 4077 2360 4123 testus
2387 4071 2603 4124 nomine
2631 4071 2682 4123 in
2711 4069 2959 4138 parabnla
2993 4073 3300 4142 appellavit,
3323 4091 3475 4134 coar-

229 4167 291 4218 ὲν
316 4164 497 4226 αὐτοῖς
530 4164 728 4233 σπόρον
757 4164 1121 4234 ἀποπνιγῆναι
1149 4166 1531 4235 πεποιήκασιν⁸
1562 4165 1596 4234 ἦ
1624 4164 1804 4234 τρίτον

1917 4159 2014 4229 ςυιί
2046 4169 2172 4214 sunt
2200 4159 2342 4214 haud
2375 4159 2482 4215 alte
2529 4161 2583 4214 in
2624 4162 2833 4218 illorum
2876 4165 3054 4219 anima
3090 4180 3273 4220 semen
3303 4167 3469 4225 fuisse

227 4255 486 4328 διωγμῶν
519 4257 613 4309 καὶ
659 4258 1026 4328 περιστάσεων
1050 4257 1178 4320 τοὺς
1212 4255 1432 4324 ἀγῶνας
1451 4258 1548 4326 οὐχ
1579 4257 1804 4326 ὑπομεί-

1917 4246 2220 4313 radicatam,
2243 4249 2338 4302 sed
2380 4249 2432 4303 in
2462 4249 2745 4319 superﬁcie
2774 4253 3142 4308 tantummodo
3175 4267 3239 4308 ac
3268 4257 3469 4324 specie,

235 4364 446 4410 ναντες.
474 4347 512 4401 ἃ
531 4347 594 4417 δὴ
627 4347 718 4401 καὶ
743 4346 992 4400 καύσωνα
1024 4345 1114 4398 διά
1145 4348 1244 4417 τῆς
1279 4346 1595 4419 παῳΰολῆς
1633 4363 1801 4418 προσ-

1917 4337 2048 4390 πονε
2087 4345 2325 4405 tempore
2351 4335 2668 4402 efﬂoruisse,
2705 4347 2760 4394 et
2807 4354 2944 4394 vana
2993 4341 3164 4408 plebis
3209 4342 3465 4411 opinions

1994 1247 2052 1302 Si
2078 1248 2291 1317 quidem
2322 1249 2503 1318 itaque
2524 1249 2832 1307 Christiana
2857 1253 3100 1309 doctrina
3134 1258 3354 1324 eruditi,
3383 1276 3492 1317 uno

1923 1339 2221 1406 eodemque
2252 1342 2533 1409 proposito
2557 1351 2758 1409 essent,
2793 1345 2926 1398 nihil
2952 1360 3086 1415 opus
3118 1357 3262 1404 esset
3289 1351 3493 1408 discer-

1925 1443 2053 1482 nere
2085 1428 2223 1482 inter
2247 1430 2391 1498 ipsos
2419 1445 2482 1486 ac
2511 1424 2786 1500 separare.
2829 1435 2980 1491 Nunc
3032 1439 3159 1506 quia
3189 1441 3240 1494 in
3275 1445 3492 1499 cunctis

1925 1517 2232 1574 hominibus
2258 1519 2413 1575 liberi
2439 1521 2656 1578 arbitrii
2691 1524 2771 1578 vis
2799 1527 3078 1594 przevalet,
3102 1528 3302 1599 aliique
3333 1532 3492 1588 aliter

229 4443 409 4502 εἶπεν,
441 4437 862 4510 ἀπηλέγχθησαν
893 4438 967 4508 μὴ
999 4435 1142 4491 κατά
1168 4436 1330 4506 βάθος
1359 4437 1456 4506 τῆς
1482 4436 1660 4489 αὐτῶν
1697 4435 1798 4505 ψυ-

1917 4428 2117 4483 aabitos
2141 4442 2261 4482 esse
2283 4428 2526 4484 homines
2544 4428 2714 4500 frugi;
2743 4445 2878 4498 quos
2894 4430 2983 4484 diu
3004 4431 3228 4486 latentes
3253 4434 3466 4487 demum

225 4532 329 4603 χῆς
367 4531 460 4584 τὸν
499 4531 698 4601 σπόρον
750 4529 1128 4601 ἐρριζωμένοι,
1167 4527 1282 4580 ἀλλ’
1312 4527 1370 4591 ἐξ
1413 4527 1674 4596 ἐπιπολῆς
1705 4526 1800 4579 καὶ

1917 4519 2129 4581 revelat,
2167 4518 2306 4588 ignis
2329 4520 2499 4575 instar
2528 4522 2837 4588 explorans,
2863 4531 2918 4575 et
2954 4522 3176 4576 minime
3206 4524 3468 4593 genuinos

231 4623 391 4694 μέχρι
405 4621 499 4674 τοῦ
522 4621 696 4674 δοκεῖν
722 4619 796 4685 ὡς
815 4619 951 4690 πρός
977 4636 1101 4672 τινα
1134 4617 1322 4689 καιρὸν
1354 4616 1553 4680 ἀνθεῖν,
1589 4619 1683 4670 xui.
1729 4619 1797 4688 τῇ

1917 4627 2204 4684 coarguens
2255 4623 2483 4680 tempus,
2533 4616 2675 4685 quod
2705 4624 2893 4670 aestum
2926 4625 3054 4686 apto
3083 4619 3343 4673 vocabulo
3368 4632 3464 4687 ap-

227 4713 337 4768 τῶν
376 4712 588 4766 πολλῶν
634 4713 903 4782 φαντασίᾳ.
955 4709 1277 4772 σπουδαίους
1300 4703 1436 4761 εἶναι
1461 4707 1795 4778 νομίζεσθαιο

1917 4707 2118 4760 ηιιανλι
2141 4704 2417 4760 Servatur.

225 4803 321 4869 οὓς
349 4803 445 4859 καὶ
494 4802 687 4872 μακρῷ
721 4801 982 4865 λαθόντας
1018 4801 1191 4872 χρόνῳ
1222 4800 1448 4863 ἐπιστὰς
1499 4798 1803 4871 ἁπήλεγξεν
1835 4799 2187 4871 ὁπυρωτικδς
2219 4797 2444 4852 καὶτῶν
2501 4799 2564 4852 ού
2613 4798 2851 4868 γνησίων
2872 4797 3235 4869 διελεγκτικὸς
3253 4801 3462 4874 καιρὸς,

225 4899 285 4954 δν
299 4897 366 4970 δὴ
386 4896 644 4952 καύσωνα
663 4896 964 4959 εὐθυσόλως
990 4898 1019 4950 ὁ
1050 4897 1238 4968 Σωτὴρ
1258 4898 1529 4968 ὠνόμασε.

898 5011 977 5065 19’
1001 5012 1136 5066 (Hi.

898 5012 977 5065 19’
1027 5012 1085 5066 il
1121 5051 1136 5065 .

306 5107 368 5160 '0
420 5106 482 5160 δὲ
515 5110 678 5166 αυτὸς
709 5102 912 5168 εδίδαξε
957 5015 1056 5175 τήν
1087 5012 1263 5159 άίτίαν
1315 5104 1381 5158 δι’
1421 5105 1487 5175 ἢν
1506 5108 1628 5168 τοῖς
1663 5103 1797 5175 πλή-

2611 5008 2754 5066 XIX.

1964 5103 2095 5160 ltem
2124 5103 2371 5159 Christus
2401 5118 2618 5158 causam
2645 5102 2827 5157 docuit
2847 5116 2944 5156 cur
2969 5116 3034 5155 au
3060 5103 3458 5158 multitudinem

227 5197 344 5251 θεσι
400 5197 468 5250 δι’
501 5195 835 5268 αἰνιγμάτων
864 5195 992 5258 τοὺς
1034 5194 1223 5263 λόγους
1262 5196 1565 5268 παρεδίδουο
1613 5196 1796 5260 αὐτοῖς

1917 5211 2000 5251 non
2047 5197 2252 5263 absque
2304 5197 2590 5266 aenigmate
2642 5194 2996 5263 loqueretur:
3031 5195 3306 5265 discipulis
3347 5197 3463 5264 qui-

229 5289 330 5360 μὲν
362 5287 609 5358 ἐφεῖσθαι
645 5287 812 5341 είπὼν
839 5285 907 5340 τά
938 5288 1210 5358 μυστήρια
1238 5287 1334 5359 τῆς
1363 5287 1456 5342 τοῦ
1475 5287 1608 5342 Θεοῦ
1643 5287 1794 5356 βασι-

1895 5287 2016 5343 dem
2044 5287 2262 5342 concedi
2288 5287 2495 5350 dicens,
2521 5295 2578 5340 ut
2601 5287 2850 5357 mysteria
2877 5287 3021 5354 regni
3048 5287 3136 5341 Dei
3161 5287 3458 5353 discerent,

226 5379 375 5445 λείας
391 5378 703 5450 μανθάνειν,
735 5379 810 5451 μὴ
841 5377 1076 5433 δίδοσθαι
1094 5378 1152 5432 δὲ
1173 5380 1419 5444 ἐκείνοις,
1454 5382 1580 5443 τοὺς
1605 5379 1790 5449 ὄχλους

1917 5395 2003 5436 ton
2040 5389 2217 5436 tamen
2252 5380 2443 5436 turbis.
2498 5378 2588 5433 Ait
2611 5379 2756 5434 euitn
2791 5395 2805 5432 :
2836 5375 2934 5433 Est
2963 5388 3139 5432 autem
3167 5380 3277 5434 hac
3303 5393 3462 5451 parq-

322 5584 411 5656 lO)
441 5583 576 5641 Cod.
597 5583 662 5641 Α.
685 5583 869 5649 [122,
897 5583 950 5639 b.
985 5581 1394 5656 sequentiach
1423 5597 1545 5656 cum
1580 5597 1784 5651 prmce-

1959 5585 2073 5654 (ll)
2111 5584 2245 5641 Cod.
2297 5583 2358 5641 L.
2413 5584 2452 5638 l‘.
2491 5584 2577 5648 16,
2618 5582 2674 5638 b.
2709 5581 3083 5654 puniet-antur
3141 5580 3464 5654 sequentia,

225 5651 481 5728 ἀοηιίβῃε
503 5664 625 5721 apte
649 5656 915 5728 cunnecti,
954 5651 1087 5728 quis,
1113 5669 1220 5728 non
1261 5651 1448 5705 videt?
1475 5667 1784 5720 quanquam
1893 5666 1945 5710 ιιι
1970 5651 2092 5728 ίαιιι
2119 5657 2253 5724 dixi,
2297 5673 2417 5715 cunt
2455 5656 2545 5727 Sy:
2563 5656 2677 5711 iaca
2705 5652 3060 5724 Tlteopltania.
3093 5666 3171 5720 IV,
3192 5651 3286 5707 35-

224 5729 278 5784 iu
304 5727 499 5785 codice
535 5725 745 5786 nonnisi
773 5725 976 5781 nudutn
1010 5722 1222 5778 Eusebii
1268 5737 1462 5778 nomen
1502 5733 1712 5793 gerunt.
1755 5789 1758 5792 ἢ
