4106 6410
689 411 833 500 οπο,

1376 400 1640 458 ευεεοιι
1677 395 2145 473 αλεξιιιιειιειε
2180 396 2325 453 ore.
2370 395 2547 452 cans
2583 394 2674 451 tv.
2713 421 2781 437 --
2817 356 3231 452 poenarias.

690 531 810 585 bula
839 543 859 583 :
881 526 1067 582 Semen
1087 520 1382 577 nimbum
1409 518 1526 583 Dei,
1551 517 1717 573 etc.“
1736 541 1808 607 -τ
1831 515 2080 607 Diversus
2105 513 2221 569 anis

2337 534 2703 605 ιηλώσαςοιφη
2718 535 3017 607 γάρ’Ἔστι
3032 534 3260 603 causa,
3280 534 3318 602 ἠ
3336 529 3667 603 παραϐολήο
3685 530 3902 584 ’σσιό-

690 631 896 674 marum
918 614 1132 670 habitus
1147 607 1212 665 'in
1235 610 1300 665 iis
1328 608 1419 678 qui
1441 609 1736 663 doctrinam
1760 603 1875 673 ejus
1901 604 2231 673 subsequen-

692 720 744 763 te
770 718 1005 775 tempore
1024 700 1325 772 suscepturi
1351 707 1529 763 erant,
1558 703 1703 752 recte
1722 696 2007 750 admodum
2036 693 2234 749 revelat

688 796 965 853 Dominus.
994 794 1129 848 Tres
1160 788 1411 844 videlicet
1452 787 1671 843 ordines
1700 785 1971 840 hominum
2002 783 2231 839 fore‘di-

689 883 785 947 cit,
810 883 901 951 qui
934 880 1185 935 doctrinm
1210 889 1319 930 sum
1345 889 1525 931 semen
1550 874 1688 927 haud
1713 876 1846 928 bene
1862 872 2233 941 sintreceptu-

686 975 756 1031 ri.
780 972 915 1027 Tres
933 971 1167 1028 vicissim
1188 967 1518 1037 egregiorum
1542 964 1816 1019 hominum
1839 964 2057 1028 choros,
2084 963 2235 1018 bona:

691 1074 848 1120 terra
892 1062 1060 1117 instar
1098 1057 1352 1113 doctrina:
1386 1054 1613 1109 fructum
1645 1053 1857 1109 uberem
1900 1068 1963 1109 ac
1986 1052 2235 1121 multipli-

690 1164 867 1209 catum
894 1152 1150 1207 edituros.
1173 1148 1314 1217 Ergo
1340 1146 1456 1202 illos
1476 1148 1566 1215 qui
1586 1143 1726 1214 jacta
1758 1145 1809 1199 in
1832 1145 2062 1199 animam
2083 1159 2234 1199 suam

690 1246 890 1301 semina
921 1240 1291 1310 pessumdant,
1338 1250 1529 1292 causas
1557 1236 1754 1291 habere
1787 1236 1915 1290 dicit
1939 1244 2065 1303 tres.
2104 1234 2233 1288 Nam

688 1334 771 1388 vel
818 1332 997 1386 mundi
1026 1330 1188 1394 curis,
1238 1341 1301 1381 ac
1347 1340 1528 1380 rerum
1571 1327 1787 1381 minime
1814 1327 2234 1381 necessariarum

690 1423 886 1489 studio,
932 1430 989 1477 et
1024 1420 1211 1489 opibus
1235 1416 1546 1486 deliciisque
1572 1416 1834 1487 impliciti,
1873 1430 2055 1471 semen
2081 1432 2237 1471 suum

689 1516 1001 1577 obruentes,
1044 1509 1211 1581 spinis
1257 1508 1649 1578 quodammodo
1678 1506 1938 1564 suffocare
1966 1508 2235 1563 videntur.

695 1604 788 1657 Vel
819 1604 1036 1657 minime
1071 1600 1123 1654 in
1158 1599 1351 1657 mentis
1375 1613 1488 1654 sua:
1512 1598 1877 1668 penetralibus
1916 1606 2130 1669 recepto
2154 1613 2239 1652 εει

694 1693 857 1757 mine,
898 1690 1143 1745 celeriter
1169 1688 1535 1758 exstinguunt,
1578 1688 1837 1757 angustiis
1864 1687 2117 1756 correpti.
2143 1686 2241 1741 Vel

2320 641 2431 693 ρος
2452 622 2623 677 ἐστίν
2642 627 2675 677 ό
2699 626 2879 693 λόγος
2912 624 3017 680 τοῦ
3048 624 3217 689 Θεοῦ,
3248 643 3303 680 κ.
3333 642 3383 679 τ.
3403 622 3652 696 λ.-(1Ξ)
3676 621 3791 684 Τάς
3842 624 3901 674 ὲν

2326 716 2523 786 ψυχαῖς
2544 715 2816 787 διαφοράς
2853 715 2961 786 τῶν
2990 716 3086 788 τὴν
3116 716 3462 771 διδασκαλίαν
3493 713 3657 770 αὑτοῦ
3681 708 3903 783 μελλόν-

2326 819 2434 857 των
2458 803 2807 872 ὑποδέχεσθαι
2843 807 2901 857 ὲν
2925 808 3035 869 τοῖς
3068 805 3207 876 μετὰ
3236 805 3409 861 ταῦτα
3431 808 3639 879 χρόνοις
3678 798 3737 859 εὖ
3759 802 3904 874 μάλα

2330 893 2631 963 εκγυμνοῖό
2650 893 2871 963 Κύριος
2897 894 2989 949 καὶ
3011 892 3137 967 τρια
3166 897 3263 967 μὲν
3275 896 3534 968 τάγματα
3558 898 3669 951 τῶν
3694 893 3755 950 οὗ
3775 903 3904 967 γνη-

2331 984 2460 1047 σίως
2497 983 2588 1037 τὸν
2624 986 2824 1055 σπόρον
2855 987 2954 1057 τῆς
2979 986 3142 1041 αὐτοῦ
3174 987 3517 1053 διδασκαλίας
3532 982 3909 1061 παραδεχομ-

2330 1095 2435 1131 νων
2482 1076 2695 1130 ἔσεσθαι
2754 1071 3133 1150 προαγορεύειο
3190 1066 3339 1150 τρεῖς
3374 1077 3659 1143 ὡσαύτως⁵
3683 1074 3905 1146 ἀγαθῶν

2329 1167 2521 1238 χοροὺς
2553 1165 2659 1219 τῶν
2705 1166 2863 1238 δίκην
2892 1167 3104 1237 εὐγείου
3126 1163 3307 1241 χώρας
3327 1168 3773 1241 πολυφορούντων
3810 1169 3906 1222 καὶ

2333 1254 2874 1319 πολυπλασιαζόντων
2913 1258 3005 1314 τὸν
3028 1259 3204 1329 λόγον.
3235 1259 3356 1313 Τῶν
3389 1260 3489 1331 μὲν
3503 1257 3596 1314 οὖν
3626 1259 3906 1314 ἀπολλύν-

2332 1366 2439 1402 των
2484 1349 2551 1404 τὰ
2597 1347 3042 1422 καταϐαλλόμενα
3080 1354 3147 1425 τῇ
3196 1351 3376 1408 αὐτῶν
3419 1353 3560 1424 ψυχῇ
3615 1353 3906 1423 σπέρματα

2334 1438 2510 1503 αἰτίας
2558 1436 2694 1495 εἷναί
2747 1458 2875 1512 φησι
2917 1441 3088 1514 τρεῖς·
3118 1441 3151 1515 ἢ
3186 1445 3295 1517 γὰρ
3339 1444 3444 1497 ὑπὸ
3473 1445 3771 1515 φροντίδων
3816 1442 3904 1497 τοῦ

2338 1526 2473 1596 βίου,
2492 1530 2585 1582 καὶ
2620 1534 2718 1602 τῆς
2745 1530 2895 1602 παρὰ
2919 1530 2989 1584 τά
3021 1534 3096 1604 μὴ
3116 1536 3383 1603 ἀναγκαῖα
3415 1536 3674 1607 σπουδῆς,
3720 1535 3828 1589 ὑπό
3847 1553 3905 1589 τε

2337 1618 2567 1673 πλούτου
2606 1623 2700 1675 καὶ
2731 1622 2961 1693 τρυφῆς,
3024 1624 3463 1694 καταχωννύντες
3496 1624 3588 1678 τὸν
3628 1626 3688 1680 ὲν
3724 1626 3906 1688 αὐτοῖς

2338 1708 2537 1779 σπόρον
2566 1710 2771 1764 ἐοίκασι
2791 1715 2903 1776 τοῖς
2924 1709 3028 1766 ὑπὸ
3053 1714 3301 1769 ἀκανθῶν
3330 1711 3710 1783 ἀποπνίγουσι·
3740 1716 3774 1786 ἢ
3810 1716 3907 1769 οὐκ

696 1782 853 1837 tertio
892 1779 1122 1849 denique
1170 1792 1335 1834 causa
1378 1778 1655 1833 amittendi
1705 1777 1814 1832 dati
1860 1778 2080 1833 seminis
2137 1776 2237 1833 sibi

2338 1776 2459 1852 άπὸ-
2482 1799 2680 1870 βάθους
2719 1802 2957 1867 διανοίας
3011 1804 3173 1859 αὐτὸν
3202 1776 3668 1877 παραδεξάμενοι,
3715 1776 3907 1860 θάττον

691 1873 845 1936 ﬁunt,
880 1872 1004 1927 dum
1029 1870 1234 1940 patulas
1258 1884 1415 1926 aures
1458 1871 1697 1941 praebent
1735 1871 2044 1926 hominibus
2090 1870 2239 1926 deci-

2337 1888 2755 1947 άποσδέννυνται
2800 1892 3173 1965 περιστάσεως
3202 1870 3640 1969 ’καταλαδούσης
3687 1896 3723 1969 ἢ
3767 1899 3907 1951 κατὰ

687 1962 866 2037 pieudi
892 1963 1163 2028 studiosis,
1187 1971 1242 2017 et
1258 1962 1405 2032 jacta
1444 1962 1497 2016 in
1525 1962 1734 2017 illorum
1766 1962 1999 2016 animam
2029 1963 2236 2019 semina

689 2053 995 2123 diripiendl.
1025 2052 1150 2109 Haec
1182 2054 1346 2125 igitur
1372 2052 1663 2109 secundum
1690 2067 1842 2107 suam
1874 2053 2235 2123 provisionem

690 2157 720 2194 a
747 2139 1033 2196 Scrutare
1058 2141 1312 2209 prmdicta
1338 2140 1574 2195 fuerunt.
1601 2139 1692 2195 Sic
1711 2150 1888 2201 autem
1920 2154 2031 2195 rem
2058 2156 2117 2196 se
2138 2141 2237 2195 ha-

661 2252 664 2256 λ
690 2233 819 2285 bere
839 2230 1323 2301 esploratlsslmum
1354 2239 1459 2286 est.
1479 2230 1632 2285 Haud
1649 2230 1805 2285 aliter
1828 2231 1968 2285 enim
1999 2230 2238 2287 nonnulli

690 2319 944 2375 escidnnt
973 2319 1244 2388 religionis
1267 2318 1529 2382 doctrina,
1571 2319 1672 2375 nisi
1696 2319 1881 2390 aliquo
1913 2334 1944 2375 e
1968 2320 2238 2390 pradictis

691 2409 759 2463 ab
778 2423 845 2464 eo
866 2409 1052 2469 modis.
1087 2396 1343 2463 Similiter
1373 2408 1609 2464 melioris
1631 2424 1844 2479 quoque
1867 2410 2091 2477 ordinis,
2123 2409 2243 2466 illo-

692 2512 810 2551 rum
836 2496 1047 2553 scilicet
1074 2497 1166 2566 qui
1186 2497 1410 2553 cmleste
1438 2512 1658 2567 regnum
1692 2507 1817 2553 sunt
1838 2499 2103 2570 adepturi,
2128 2508 2239 2555 tres

692 2586 895 2642 classes
917 2585 1194 2642 Mattheus
1222 2586 1446 2642 sistit“.
1474 2586 1665 2642 Cuncti
1687 2589 1829 2643 enim
1852 2587 1920 2643 ab
1936 2604 2040 2643 uno
2066 2599 2241 2646 saturo

691 2686 748 2731 et
767 2676 997 2747 agricola
1025 2676 1080 2743 in
1106 2675 1384 2731 animabus
1409 2676 1542 2739 suis,
1565 2690 1665 2731 ceu
1691 2672 1953 2733 fertilibus
1978 2678 2240 2749 bonisque

691 2765 871 2833 agris,
898 2780 1060 2819 unum
1088 2765 1333 2835 idemque
1361 2776 1633 2835 receptum
1665 2778 1869 2831 semen,
1905 2782 2003 2837 pro
2036 2768 2240 2823 viribus

692 2854 975 2921 excolunt;
1028 2870 1201 2926 neque
1237 2866 1412 2911 tamen
1458 2857 1575 2926 pari
1611 2872 1835 2913 numero
1864 2859 2236 2929 multiplicant,

691 2959 877 2998 verum
905 2944 1188 3015 plurimam
1238 2945 1434 3015 singuli
1479 2946 1533 2999 in
1566 2946 1720 3001 bonis
1745 2948 1856 3003 suis
1886 2948 2239 3005 dill'erentiam

690 3050 800 3105 prae
838 3050 897 3091 se
921 3034 1116 3091 ferunt.
1164 3031 1279 3091 Etsi
1304 3036 1447 3091 enim
1479 3036 1771 3093 unum'fuit
1794 3037 1849 3092 in
1878 3038 1960 3094 his
1992 3041 2243 3095 omnibus

693 3140 898 3195 semen,
930 3142 1069 3184 unus
1088 3128 1215 3183 item
1244 3127 1492 3197 idemque
1514 3138 1681 3196 sator,
1717 3146 1824 3185 non
1854 3141 2032 3187 tamen
2059 3135 2241 3203 singu-

694 3219 864 3271 lorum
888 3217 1145 3273 sedulitas
1173 3232 1237 3274 ac
1269 3217 1515 3274 voluntas
1542 3233 1725 3288 parem
1759 3221 1814 3274 in
1841 3223 2087 3277 omnibus
2124 3224 2237 3278 l'ru-
2266 3206 2307 3262 (ἶ

695 3316 838 3363 ctum
870 3306 1090 3376 protulit
1122 3321 1138 3361 :
1167 3308 1512 3377 quamobrem
1546 3322 1613 3362 ne
1650 3309 1987 3377 agriculturae
2029 3312 2242 3380 quidem

699 3398 901 3457 reditus
928 3410 1025 3465 par
1054 3394 1378 3465 ubiquefuit
1401 3413 1416 3450 :
1441 3396 1533 3450 sed
1558 3395 1649 3449 alii
1682 3397 1894 3466 triginta
1925 3400 2239 3465 retulerunt,

696 3486 787 3539 alii
823 3484 1152 3553 trigesimum
1178 3496 1455 3537 numerum
1495 3482 1855 3551 duplicarunt,
1893 3484 1983 3539 alii
2012 3486 2243 3557 denique

698 3574 880 3628 labore
899 3574 1283 3644 praecellentes,
1308 3572 1661 3641 centuplicem
1702 3572 1930 3628 fructum
1957 3574 2237 3636 dederunt.

694 3663 849 3719 Prior
869 3678 995 3734 ergo
1014 3664 1103 3718 ille
1127 3662 1260 3718 ordo
1282 3662 1423 3719 haud
1445 3662 1600 3719 aliter
1622 3664 1799 3720 divina
1830 3664 2241 3725 fructiﬁcatione

696 3755 956 3823 privatur,
995 3752 1095 3806 nisi
1124 3752 1301 3822 aliquo
1338 3767 1369 3808 ο
1406 3753 1674 3823 prmdictis
1704 3755 1891 3811 modis.
1924 3755 2024 3824 Qui
2062 3769 2239 3815 autem

698 3846 751 3898 in
801 3844 1066 3899 contrario
1105 3843 1296 3898 ordine
1324 3853 1467 3910 sunt,
1510 3858 1638 3913 pura
1694 3846 1871 3900 anima
1917 3856 1972 3902 et
2010 3850 2241 3919 genuino

698 3933 892 3988 mentis
916 3934 1205 4002 proposito,
1245 3934 1467 3990 salutari
1505 3946 1717 4005 recepto
1753 3937 1976 4003 semine,
2006 3940 2238 3996 vicissim

698 4037 793 4091 pro
820 4038 929 4076 suae
967 4024 1157 4079 animm
1186 4023 1390 4079 viribus
1419 4023 1879 4083 fructiﬁcationem
1918 4045 2070 4086 suam
2102 4034 2240 4088 mul-

699 4115 957 4184 tiplicant.

2334 1979 2524 2051 τρίτην
2568 1982 2748 2037 αἰτίαν
2796 1984 2960 2039 αῖτιοι
3009 1985 3280 2053 ἀπωλείας
3323 1986 3673 2042 καθίστανται
3716 1989 3813 2044 τοῦ
3852 1993 3907 2044 ὲν

2336 2070 2517 2134 αὐτοῖς
2554 2073 2777 2145 σπόρου,
2810 2075 2911 2139 τὰς
2945 2076 3125 2131 αὐτῶν
3170 2078 3341 2143 ἀκοάς
3378 2078 3678 2144 ἐκδιδόντες
3701 2082 3908 2145 ἁνέτως

2333 2163 2446 2223 τοῖς
2472 2160 2745 2235 ἐξαπατᾷν
2775 2165 3017 2221 ἐθέλουσι
3051 2170 3145 2223 καὶ
3165 2168 3506 2240 ὑφαρπάζειν
3531 2172 3601 2225 τὰ
3624 2174 3682 2225 ὲν
3713 2176 3780 2244 τῇ
3812 2174 3907 2225 αὐα-

2334 2248 2441 2303 τῶν
2472 2250 2613 2323 ψη.)χῇ
2667 2255 3077 2326 καταδληθέντα
3113 2260 3419 2332 σπέρματα.
3463 2261 3649 2317 Ταῦτα
3688 2264 3791 2334 μὶν
3817 2260 3905 2317 οὖν

2337 2338 2477 2393 κατὰ
2507 2343 2813 2413 πρόγνωσιν
2840 2346 2917 2417 τῷ
2950 2349 3159 2421 Σωτῆρι
3195 2352 3541 2422 προλέλεκτο·
3578 2357 3693 2418 τοῖς
3724 2355 3783 2408 δὲ
3817 2354 3904 2426 ἔρ-

2335 2445 2453 2497 γοις
2478 2430 2650 2497 οὕτως
2668 2434 2859 2505 ἔχοντα
2890 2439 2923 2508 ἡ
2960 2439 3214 2511 ἐνάργεια
3236 2442 3586 2514 παρίστησιν·
3618 2444 3718 2497 οὐκ
3734 2444 3905 2507 άλλως

2337 2520 2442 2593 γάρ
2474 2524 2798 2587 ἐκπίπτουσι
2817 2546 2961 2593 τινες
2980 2531 3073 2586 τοῦ
3094 2532 3193 2602 τῆς
3223 2532 3531 2597 θεοσεδείας
3561 2534 3722 2605 λόγου
3737 2537 3771 2606 ἢ
3788 2535 3904 2589 καθ’

2336 2614 2432 2669 ινα
2456 2615 2563 2669 τῶν
2596 2617 2687 2670 ὐπ’
2715 2620 2878 2673 αὐτοῦ
2912 2622 3330 2696 προρρηθέντων
3357 2625 3592 2697 τρόπων.
3640 2627 3902 2690 Ὡσαύτως

2336 2700 2395 2755 δὲ
2428 2705 2521 2756 καὶ
2555 2704 2649 2758 τοῦ
2680 2709 2985 2779 κρείττονος
3004 2710 3277 2784 τάγματος
3304 2713 3415 2767 τῶν
3436 2714 3777 2785 τευξομένων
3811 2714 3904 2784 τῆς

2336 2794 2583 2864 οὐρανίου
2617 2795 2898 2865 βασιλείας
2928 2805 3076 2872 τρεῖς
3107 2799 3245 2858 εἶναι
3275 2802 3457 2870 τάξεις
3499 2806 3742 2878 παρίστη
3772 2806 3903 2861 κατὰ

2337 2884 2634 2951 Ματθαῖον,
2663 2889 2880 2943 πάιηων
2898 2892 2994 2961 μὲν
3021 2891 3110 2963 ὑφ’
3135 2894 3254 2957 ἑνὸς
3275 2895 3519 2967 σπορέως
3533 2912 3593 2949 τε
3617 2897 3714 2951 καὶ
3740 2914 3899 2968 γεωρ-

2338 2974 2435 3043 γοῦ
2481 2980 2601 3040 ταῖς
2638 2978 2816 3032 αὐτῶν
2845 2982 3062 3051 ψυχαῖς,
3097 2978 3184 3037 οῐα
3215 2984 3278 3054 δὴ
3308 2984 3510 3058 χώραις
3550 2987 3784 3056 εὐγείοις
3819 2989 3900 3041 καὶ

2338 3060 2587 3128 ἀγαθαῖς,
2618 3064 2714 3117 ἕνα
2753 3067 2849 3120 καὶ
2884 3066 2974 3121 τὸν
3033 3068 3191 3125 αὑτὸν
3220 3071 3659 3145 ὑποδεδεγμένοι-δ
3688 3077 3901 3149 σπόρον.

2340 3164 2556 3221 γεωργη
2564 3152 2769 3206 σάντων
2780 3154 2837 3207 δὲ
2848 3156 3008 3210 αὑτὸν
3034 3158 3172 3217 κατὰ
3179 3159 3426 3233 δύναμιν,
3443 3163 3885 3219 πολυπλασιασάν

2338 3253 2445 3290 των
2477 3255 2537 3291 τε
2566 3241 2662 3311 αύχ
2685 3241 2903 3313 ὁμοίως,
2934 3244 3069 3299 ἀλλὰ
3118 3247 3374 3321 πλείστην
3404 3250 3649 3305 ἑκάστων
3678 3254 3896 3318 ἔνδειξαι

2344 3325 2516 3395 μένων
2543 3330 2601 3384 ἐν
2648 3331 2871 3400 ἀγαθοῖς
2921 3333 3200 3407 διαφοράν·
3227 3339 3275 3392 εί
3301 3338 3365 3410 δὴ
3391 3334 3473 3405 εἷς
3508 3342 3609 3412 μὲν
3652 3335 3723 3415 ἦν
3751 3347 3900 3398 πᾶσιν

2339 3416 2519 3479 αὐτοῖς
2550 3419 2579 3471 ό
2623 3420 2842 3491 σπόρος,
2874 3418 2950 3487 εἷς
2979 3424 3035 3477 δὲ
3066 3428 3159 3479 καὶ
3186 3430 3214 3481 ὁ
3234 3424 3391 3492 αὐτὸς
3418 3431 3674 3502 σπορεὺς,
3706 3435 3768 3486 ού
3801 3435 3900 3505 μὴν

2338 3505 2405 3558 τὰ
2432 3508 2490 3573 ἐξ
2515 3509 2830 3578 ἐπιμελείας
2860 3514 2961 3585 τῆς
2992 3514 3222 3572 ἑκάστου
3249 3518 3638 3593 προαιρέσεως,
3668 3524 3761 3577 ῖσα
3797 3526 3899 3588 τοῖς

2343 3596 2505 3675 πᾶσιν
2534 3598 2834 3669 ὲπορίζετο’
2893 3603 2973 3656 διδ
3014 3604 3134 3659 οὐδὲ
3180 3607 3209 3658 ό
3254 3607 3355 3676 τῆς
3388 3595 3662 3680 γεωργίας
3702 3613 3899 3680 καρπθκ

2341 3685 2524 3754 ὅμοιος
2557 3688 2708 3759 παρὰ.
2733 3693 2845 3755 τοῖς
2871 3695 3035 3747 πᾶσιν
3048 3690 3136 3766 ἦν’
3160 3695 3338 3750 άλλόί
3365 3696 3462 3766 μὲν
3489 3701 3902 3771 τριακοντάχουν

2341 3772 2770 3849 ὲκαρποφόρουν,
2803 3784 2852 3835 oi
2890 3782 2946 3836 δὲ
2978 3784 3130 3857 παρὰ
3157 3784 3377 3850 τούτους
3414 3786 3824 3853 ὲδιπλασίαζον,
3858 3793 3901 3843 oi

2342 3861 2398 3915 δὲ
2428 3865 2853 3937 ύπερδάλλοντες
2877 3875 2942 3944 τῇ
2962 3874 3241 3946 φιλοπονίᾳ
3266 3876 3656 3948 δκατοντάχουν
3675 3880 3765 3933 τὸν
3785 3898 3899 3953 καρν

2346 3953 2445 4006 πὸν
2464 3956 2800 4013 ἀπεδίδοσαν.
2842 3964 3064 4019 Ἐκεῖνοι
3093 3965 3191 4036 μὲν
3217 3960 3308 4022 οὖν
3333 3967 3433 4021 οὐκ
3454 3968 3628 4034 άλλως
3648 3971 3748 4040 τῆς
3772 3973 3900 4024 κατὰ

2342 4044 2473 4098 θεὸν
2507 4049 2781 4120 στέρονται
2801 4057 3173 4128 καρποφορίας
3202 4055 3235 4128 ἢ
3264 4058 3383 4112 καθ’
3405 4060 3502 4113 ἕνα
3528 4060 3637 4113 τῶν
3656 4061 3898 4132 λελεγμέ-

2343 4150 2447 4223 νων
2473 4140 2708 4209 τρόπων·
2738 4144 2857 4199 οἱδὲ
2892 4148 3146 4213 ἐναντίως
3168 4149 3398 4214 ἐκείνοις
3421 4150 3774 4223 διακείμενοι,
3808 4174 3898 4210 κα,

699 4207 839 4318 (lup?
872 4205 1015 4318 ψυχῇ
1038 4223 1129 4318 και
1164 4206 1724 4318 προαιρέσειιγνησὶᾳ.
1738 4210 1830 4265 τὸν
1868 4214 2127 4318 σωτηριον
2178 4205 2559 4296 ὑποδεξάμενοι
2615 4235 2832 4307 σπόρον,
2876 4238 3036 4292 πάλιν
3112 4205 3249 4294 ἑατά
3321 4205 3547 4314 δύναμιν

697 4299 870 4371 ψυχῆς
899 4298 1390 4365 πολυπλασιάζουσι
1412 4302 1537 4366 τοὺς
1560 4304 1764 4359 ἑαυτῶν
1782 4307 2040 4378 καρπούς.

767 4394 988 4449 Etiamsi
1033 4394 1401 4460 saecularibus,
1438 4396 1639 4471 inquit,
1714 4402 1926 4456 nonnisi
1958 4418 2055 4472 per
2087 4420 2242 4474 para~

2416 4410 2524 4481 (15)
2550 4414 2611 4467 El
2638 4415 2728 4469 καὶ
2747 4417 2815 4469 τὰ
2834 4418 3086 4489 μάλιστα,
3117 4422 3269 4492 φησὶ,
3299 4426 3410 4488 τοῖς
3435 4424 3539 4489 ιξω
3558 4426 3647 4481 διὰ
3668 4427 3897 4499 παρασο-

700 4480 874 4535 bolam
907 4480 1045 4536 facta
1072 4482 1230 4536 verba
1261 4492 1406 4547 sunt,
1436 4492 1496 4536 ut
1522 4485 1760 4541 videntes
1789 4502 1892 4541 non
1921 4490 2130 4545 videant
2148 4533 2163 4555 .
2189 4504 2245 4548 et

703 4570 979 4626 audientes
1006 4585 1112 4626 non
1142 4571 1439 4642 intelligant
1477 4584 1692 4644 propter
1718 4592 1872 4632 suam
1902 4580 2241 4639 incredulita-

703 4672 807 4715 tem
829 4679 845 4727 ;
872 4660 1219 4717 nihilominus
1239 4665 1429 4733 cuique
1449 4665 1610 4735 digno
1636 4678 1776 4725 totus
1797 4686 1975 4727 sermo
1999 4676 2102 4729 erit
2122 4692 2241 4745 per-

704 4750 937 4820 spicuus.
966 4749 1097 4805 Nam
1129 4766 1225 4806 nec
1258 4751 1470 4808 lucerna
1517 4763 1577 4809 ut
1612 4772 1679 4813 ne
1709 4758 1882 4815 luceat
1916 4763 2237 4831 incenditur,

703 4857 872 4911 neque
928 4852 988 4897 ut
1022 4843 1123 4897 sub
1156 4843 1329 4898 modio
1358 4843 1439 4899 vel
1473 4846 1610 4901 lecto
1634 4850 1898 4905 condatur
1919 4855 1963 4884 δυ
1983 4872 1994 4906 :
2016 4856 2089 4909 ita
2109 4856 2242 4911 nihil

702 4927 835 4982 adeo
854 4928 959 4981 erit
989 4929 1374 4994 absconditum,
1403 4940 1459 4985 ut
1489 4932 1613 4987 nulli
1657 4939 1874 4993 omnino
1918 4940 2235 4997 innotescat.

703 5017 793 5071 Sic
817 5018 978 5071 etiam
1010 5019 1263 5074 caelorum
1305 5024 1453 5090 regni
1502 5027 1750 5094 mysteria
1791 5044 1886 5098 per
1931 5033 2235 5099 parabolam

703 5108 862 5170 dicta,
916 5109 1014 5162 etsi
1067 5108 1186 5163 lidei
1226 5121 1510 5168 estraneos
1575 5114 1759 5183 latent,
1795 5135 2019 5189 quorum
2076 5125 2238 5182 etiam

702 5210 860 5250 causa
918 5197 1148 5251 involute
1205 5210 1330 5254 sunt
1359 5202 1585 5269 prolata.
1625 5220 1730 5260 non
1777 5219 1953 5265 tamen
2000 5214 2237 5281 impene-

704 5284 958 5354 trabilent
985 5287 1230 5341 omnibus
1264 5304 1479 5343 sensum
1513 5290 1802 5351 habebunt.
1848 5299 1921 5353 Ita
1961 5316 2087 5372 ergo
2118 5314 2243 5359 sunt

705 5372 863 5436 dicta,
892 5383 1000 5427 uta
1022 5376 1193 5444 dignis
1214 5379 1576 5435 tantummodo
1602 5397 2011 5452 cognoscantur.
2043 5391 2240 5459 Quam-

704 5459 882 5515 obrem
907 5478 1019 5528 vos,
1047 5466 1286 5535 discipuli
1321 5469 1445 5533 mei,
1471 5480 1524 5523 et
1552 5475 1772 5529 cernitis
1794 5486 1849 5531 et
1874 5480 2068 5535 auditis
2096 5499 2243 5539 men-

704 5546 774 5600 tis
796 5548 962 5603 oculis
992 5560 1149 5621 atque
1176 5554 1393 5609 auribus
1426 5559 1719 5625 puriﬁcatis
1759 5578 1818 5616 ea
1852 5582 1971 5634 quae
2001 5572 2243 5627 multitu-

765 5639 961 5736 “lmc.
985 5660 1101 5711 vm,
1125 5647 1210 5701 ll.
1283 5649 1326 5681 ’⁸⁸
1365 5651 1552 5707 Matth.
1584 5657 1807 5719 mne?»
1884 5662 1929 5693 ⁸⁸
1966 5660 2221 5736 Luem",
2245 5670 2333 5726 16.

773 5734 882 5803 (ιε)
913 5736 1038 5794 Cod.
1076 5741 1137 5794 Α.
1172 5740 1207 5795 r.
1242 5741 1515 5801 124.001].
1548 5748 1607 5803 ι..
1648 5751 1683 5805 ι.
1720 5753 1802 5807 w.
1845 5757 1898 5811 6.

2346 4498 2442 4569 λῆς
2475 4502 2685 4572 εἴρηται
2706 4506 2774 4559 τά
2808 4506 3094 4581 λεγόμενα,
3113 4512 3202 4565 ἴνα
3232 4512 3517 4581 βλέποντες
3543 4517 3618 4588 μὴ
3646 4498 3896 4588 βλέπωσι.

2349 4590 2441 4640 καὶ
2472 4592 2757 4659 ἀκούοντες
2794 4599 2867 4667 μὴ
2920 4600 3140 4653 συνιῶσι
3180 4600 3267 4654 διὰ
3289 4601 3387 4674 τὴν
3421 4605 3680 4662 ἀπιστίαν
3706 4611 3897 4675 αὐτῶν,

2345 4678 2477 4773 αλλὰ
2504 4685 2617 4773 τοῖς
2638 4700 2712 4773 γε
2738 4686 2906 4751 ἀξίοις
2938 4690 3113 4761 σαφὴς
3135 4690 3282 4745 ἔσται
3304 4696 3409 4757 πᾶς
3433 4694 3607 4765 λόγος.
3635 4698 3772 4754 Οὔτε
3801 4703 3897 4773 γὰρ

2344 4766 2529 4862 λύχνος
2565 4771 2656 4823 ἐπὶ
2686 4773 2764 4841 τῷ
2809 4777 2886 4846 μὴ
2923 4779 3134 4844 φαίνειν
3179 4779 3492 4848 ἐξάπτεται,
3538 4787 3647 4840 οὐδ’
3700 4766 3895 4862 ἐπὶ

2345 4857 2706 4950 καλύπτεσθαι
2745 4865 2849 4917 ὑπὸ
2876 4869 3052 4937 μόδιον
3098 4871 3131 4943 ἢ
3186 4872 3392 4944 κλίνην·
3438 4876 3620 4930 οὐκέτι
3669 4857 3896 4950 κρυπτὸν

2344 4947 2493 5040 ἔσται
2517 4954 2689 5025 πάντη
2706 4955 2987 5022 λανθάνον,
3021 4961 3096 5025 ὡς
3127 4964 3200 5035 μή
3232 4981 3342 5018 τισι
3375 4966 3505 5035 γοῦν
3524 4947 3893 5040 γνωρίζεσθαι-

2341 5037 2508 5133 οὖτως
2557 5045 2649 5094 καὶ
2699 5045 2769 5097 τὰ
2801 5047 2897 5117 τῆς
2929 5048 3199 5117 βασιλείας
3226 5055 3333 5108 τῶν
3364 5059 3605 5129 οὐρανῶν
3633 5037 3894 5133 μυστήρια

2341 5128 2427 5222 διὰ
2451 5135 2764 5222 παραϐολῆς
2786 5137 3068 5209 λεγόμενα,
3096 5145 3143 5197 εί
3171 5148 3263 5198 καὶ
3286 5148 3411 5211 τοὺς
3426 5148 3531 5215 ἔξω
3670 5128 3893 5217 πίστεως

2343 5220 2615 5312 λανθάνει,
2639 5226 2704 5278 δι’
2737 5227 2831 5291 οὒς
2854 5232 2947 5283 καί
2970 5232 3489 5307 ὲπικεκαλυμμένως
3522 5220 3757 5312 εἴρηται,
3789 5245 3893 5300 ἀλλ’

2335 5311 2395 5363 ού
2431 5316 2540 5375 τοῖς
2574 5318 2737 5370 πᾶσιν
2764 5319 3070 5392 ἀπόρρητον
3096 5325 3330 5395 περιέξει
3358 5329 3449 5380 τὸν
3486 5311 3638 5384 νοῦνογ
3659 5334 3890 5391 λέλεκται

2334 5402 2464 5501 γοῦν
2492 5405 2566 5469 ὡς
2614 5407 2681 5501 ἂν
2729 5411 2915 5479 μόνοις
2960 5417 3070 5480 τοῖς
3112 5415 3285 5485 ἀξίοις
3328 5419 3663 5493 γνωρίζοιτο.
3706 5430 3890 5501 Διόπερ

2337 5492 2516 5561 ὑμεῖς,
2537 5502 2584 5550 oi
2607 5500 2729 5568 ἐμοὶ
2751 5502 3005 5573 μαθηταὶ,
3036 5510 3127 5563 καὶ
3150 5510 3372 5581 βλέπετε
3398 5492 3493 5569 καὶ
3530 5519 3751 5575 ἀκούετε
3786 5492 3887 5576 διαζ

2335 5584 2477 5648 νοίας
2508 5589 2801 5661 ὀφθαλμοῖς
2835 5598 2929 5651 καὶ
2969 5598 3072 5653 ὠσὶ
3103 5606 3533 5679 κεκαθαρμένοις
3566 5612 3634 5666 τά
3668 5614 3745 5684 μὴ
3786 5617 3888 5678 τοῖς

2315 5767 2426 5839 (ιδ)
2453 5768 2584 5828 Cod.
2614 5774 2676 5829 Α.
2709 5775 2743 5830 r.
2782 5778 3143 5845 124,ιι.(“.ο‹1.
3185 5784 3247 5839 L.
3279 5786 3315 5842 ι.
3348 5789 3431 5844 l8.
