4106 6410
712 354 808 410 585

1331 342 1593 401 EUSEBII
1631 332 2101 395 CESARIENSIS
2140 328 2286 384 UPP.
2330 323 2503 379 PARS
2543 324 2629 377 ιν.
2672 352 2738 361 -
2778 315 3196 373 DOCSIATICA.

3808 307 3907 361 εει

712 473 976 532 invisibile
1001 473 1180 537 fuerit,
1206 480 1257 525 et
1288 483 1398 538 prae
1424 464 1669 521 doctrina
1709 459 1945 529 qualibet
1975 468 2099 509 vere
2149 452 2237 506 mi-

2354 463 2508 517 μενος
2532 445 2627 515 μὲν
2660 444 2716 495 ὲν
2739 442 2928 513 ἀρχαῖς
2965 435 3171 507 ἀφανὴς
3191 430 3280 504 ἦν,
3311 433 3401 486 καὶ
3436 430 3657 484 πάντων
3679 428 3757 490 ὡς
3788 428 3909 497 ἀλη-

710 570 910 622 nimum
950 576 1003 619 et
1054 558 1594 630 contemptissimum.
1646 551 1847 608 Deinde
1881 561 2010 602 vero
2039 553 2247 598 tantum

706 661 851 727 cepit
884 659 1295 717 incrementum,
1316 659 1376 705 ut
1399 648 1710 703 universum
1733 644 1919 696 orbem
1940 634 2248 705 repleverit.

590 794 601 805 .
706 723 835 804 Fui:
858 762 985 818 ergo
1028 759 1215 801 revera
1264 755 1357 809 per
1404 744 1627 792 cunctas
1675 740 1863 803 gentes
1914 739 2100 782 semen
2149 723 2251 778 hoc

708 841 882 909 majus
923 814 1090 909 quam
1140 833 1449 905 Grecorum
1499 836 1554 882 et
1579 824 1926 909 barbarorum
1950 814 2247 909 sapientia,

703 904 864 999 quam
900 904 1177 982 Hatthasus
1203 920 1441 977 oleribus
1477 910 1832 984 comparavit,
1880 904 2247 999 inﬁrmitatem

705 996 777 1074 ita
821 1028 876 1074 et
920 1012 1428 1083 corruptibilitatem
1472 1008 1823 1061 humanarum
1879 996 2245 1083 doctrinarum

701 1108 1029 1178 signiﬁcans.
1058 1082 1303 1171 Namque
1349 1106 1401 1154 et
1440 1095 1578 1165 apud
1615 1090 1903 1163 prophetas
1949 1088 2147 1142 dictum
2178 1082 2248 1138 de

701 1206 831 1274 ipsis
878 1210 1014 1257 est:
1070 1196 1340 1263 Tanquam
1389 1192 1565 1258 {ruunt
1616 1186 1852 1242 uelociter
1905 1186 2160 1243 arescent,
2196 1186 2246 1229 et

697 1267 1127 1362 quemadmodum
1155 1286 1299 1341 olera
1328 1282 1603 1337 herbarum
1654 1279 1757 1331 cito
1781 1274 2017 1329 decidant
2042 1269 2109 1321 ⁵³.
2137 1267 2247 1322 Ηυ-

697 1357 989 1449 iuscemodi
1014 1386 1137 1432 sunt
1180 1371 1541 1443 sophistarum
1572 1381 1635 1421 ac
1659 1362 2099 1435 philosOpbomm
2129 1357 2229 1413 άο.

699 1474 893 1528 ctrina:
927 1467 1345 1537 disciplinaque,
1368 1476 1486 1532 qua:
1532 1455 1841 1529 aliquandiu
1886 1451 2237 1509 herbescunt,

698 1563 957 1630 brevique
1000 1569 1240 1626 tempore
1287 1553 1503 1612 ﬂorent,
1544 1549 1638 1605 sed
1689 1560 1795 1603 non
1820 1544 1911 1600 diu
1942 1548 2064 1613 post
2089 1538 2240 1593 exei-

697 1656 826 1709 dunt
861 1667 955 1723 per
978 1666 1036 1707 se
1056 1652 1184 1721 ipsae
1210 1656 1514 1715 corruptas:
1546 1643 1618 1697 ita
1646 1648 1705 1694 ut
1730 1636 1860 1693 alibi
1911 1633 2037 1690 l‘eno
2086 1639 2245 1723 tecto-

696 1760 812 1800 rum
838 1720 1110 1812 comparet
1156 1753 1247 1793 eas
1270 1736 1436 1793 David
1463 1736 1529 1798 ⁸³,
1559 1728 1723 1803 quod,
1752 1726 2065 1798 priusquam
2094 1720 2242 1778 evel-

694 1834 856 1897 latur,
878 1832 989 1902 jam
1016 1830 1246 1885 exaruit.

762 1887 899 1977 Sunt
960 1921 1076 1976 ista!
1124 1920 1289 1990 igitur
1346 1912 1665 1983 sapientium
1719 1905 1878 1976 hujus
1917 1899 2097 1959 saeculi
2143 1887 2238 1955 do—

705 2016 919 2077 ctrina,
954 2013 1178 2067 inﬁrmae
1219 2008 1468 2065 nimirum
1518 2013 1574 2058 et
1619 2002 1896 2061 oleraeeae,
1933 1995 2056 2051 leno
2086 1992 2239 2048 liore-

691 2105 861 2158 srenti
908 2103 1135 2157 similes.
1166 2099 1333 2156 Secus
1354 2111 1483 2152 vero
1516 2093 1752 2149 omnium
1779 2089 2057 2145 minimum
2086 2094 2141 2139 et
2171 2093 2243 2138 te-

692 2195 1011 2250 nuissimum
1049 2194 1190 2248 inter
1214 2189 1444 2253 semina,
1490 2186 1643 2256 regni
1686 2184 1944 2238 nimirum
1978 2178 2238 2233 caelorum

690 2285 1057 2355 evangelicum
1091 2283 1335 2345 verbum,
1382 2292 1506 2333 acre
1554 2276 1913 2342 mordensque
1957 2269 2121 2324 veluti
2165 2267 2241 2322 si-

693 2378 844 2446 napi,
874 2375 1015 2444 quod
1044 2384 1220 2428 tamen
1264 2371 1419 2441 longe
1458 2367 1718 2429 excrevit,
1759 2373 1816 2419 et
1869 2363 2119 2417 humane
2148 2374 2237 2413 sa-

692 2466 909 2534 pientia:
935 2463 1186 2534 superius
1221 2462 1421 2517 evasit:
1459 2468 1619 2527 atque
1660 2456 1713 2510 in
1759 2456 1927 2509 altum
1965 2451 2236 2506 sublatum

690 2554 868 2609 omnia
914 2553 1028 2608 loca
1070 2550 1372 2620 occupavit,
1424 2549 1497 2601 ita
1533 2557 1592 2600 ut
1632 2556 1825 2614 magna
1872 2541 2033 2595 arbor
2065 2554 2132 2594 ex
2172 2553 2235 2592 eo

689 2645 759 2695 sit
803 2654 944 2707 orta,
983 2640 1105 2696 cceli
1143 2630 1418 2694 volucrum
1463 2649 1634 2704 capax
1676 2632 1769 2702 qui
1804 2632 1857 2686 in
1907 2630 2025 2700 ejus
2069 2629 2235 2683 ramis

686 2733 1007 2789 consistunt.
1041 2731 1179 2787 Olim
1207 2729 1261 2785 id
1296 2728 1510 2799 quidem
1540 2724 1878 2795 simplicibus
1906 2721 2085 2777 verbis
2111 2720 2232 2775 Ser-

687 2825 887 2877 vatoris
932 2838 1061 2877 voce
1108 2820 1353 2891 prolatis,
1407 2817 1589 2873 divina
1645 2813 2096 2884 prognosticaque
2126 2812 2235 2865 vir-

688 2926 805 2969 tute
837 2914 1246 2983 praedicebatur.
1280 2910 1398 2965 lam
1424 2923 1554 2964 vero
1588 2908 1640 2961 in
1670 2906 1828 2975 quale
1862 2914 2233 2973 quantumque

686 3020 822 3074 Opus
872 3004 1145 3074 prazdictio
1180 3000 1527 3071 processerit,
1583 3007 1950 3068 quantumque
1999 2994 2234 3050 creverit

687 3097 949 3152 doctrinae
980 3111 1107 3157 vox,
1157 3095 1261 3147 dici
1295 3107 1393 3160 pro
1439 3092 1698 3160 dignitate
1727 3105 1831 3142 non
1861 3095 2053 3156 potest.
2092 3085 2233 3141 Tan-
2258 3130 2298 3188 Ο

687 3201 799 3245 tum
835 3190 1012 3257 itaque
1052 3199 1335 3255 progressu
1369 3182 1627 3250 temporis
1652 3180 1888 3235 salutare
1919 3193 2102 3234 semen
2132 3178 2233 3229 vir-

686 3288 852 3335 tutem
887 3278 1144 3340 exseruit,
1188 3285 1245 3329 ut
1267 3275 1563 3344 germinata
1598 3287 1665 3328 ex
1702 3271 1794 3327 illo
1831 3268 2012 3333 arbor,
2045 3268 2099 3323 id
2128 3278 2231 3334 est,

686 3372 907 3423 fundata
940 3382 969 3420 a
1002 3368 1288 3423 Servatore
1312 3380 1407 3434 per
1449 3364 1755 3417 universam
1811 3371 2010 3415 terram
2056 3358 2237 3413 Eccle-

683 3464 785 3525 sia,
823 3470 1016 3515 cuneta
1046 3460 1161 3513 loca
1192 3455 1528 3527 Oppleverit;
1566 3455 1620 3509 in
1653 3454 1769 3522 eius
1800 3453 1967 3507 ramis
1988 3450 2111 3508 creli
2141 3466 2235 3506 vo-

683 3553 860 3607 lucres
910 3552 1171 3615 habitent,
1226 3547 1405 3618 angeli
1459 3546 1567 3601 divi
1632 3546 1840 3601 scilicet
1886 3554 1942 3598 et
1982 3542 2234 3597 cmlestes

683 3644 949 3711 potentiae,
1010 3656 1128 3711 quae
1181 3649 1379 3694 terram
1450 3638 1798 3692 invisibiliter
1866 3636 2229 3695 discurrunt;

685 3737 920 3801 itemque
955 3734 1147 3784 anima:
1176 3738 1378 3784 sanctae
1408 3727 1518 3779 alte
1542 3724 1867 3794 gradientes,
1902 3722 1951 3775 id
1980 3730 2082 3780 est,
2119 3720 2231 3772 vita

682 3838 951 3891 sensuque
982 3822 1196 3875 sublimi
1233 3834 1295 3872 ac
1326 3816 1533 3871 caelesti
1563 3816 1817 3885 praeditas.
1851 3813 2093 3881 Namque
2137 3812 2234 3865 has

684 3929 742 3969 et
772 3929 878 3968 non
909 3913 1055 3966 aliud
1082 3909 1347 3980 quidlibet
1377 3908 1621 3963 denotari
1649 3922 1680 3960 a
1708 3906 1830 3961 οωιί
1866 3906 2077 3968 avibus,
2107 3902 2233 3959 Ser-

690 4008 896 4061 vatoris
920 4006 1037 4059 baac
1082 4002 1335 4074 parabola
1392 4000 1681 4069 signiﬁcat.
1730 3997 1882 4052 Sicut
1927 3998 2233 4051 eeontrario

682 4099 736 4151 iu
760 4095 1015 4165 parabola
1038 4092 1380 4148 seminatoris
1411 4090 1669 4145 vocabulo
1698 4091 1897 4152 avium,
1919 4088 2233 4142 insidiantes

681 4189 991 4243 hominibus
1014 4184 1282 4253 potentias
1329 4182 1640 4245 denotabat,
1690 4180 1805 4251 pari
1851 4178 2111 4235 vocabulo
2159 4180 2236 4233 di-

680 4294 807 4333 cens
871 4292 997 4331 aves
1035 4276 1154 4331 (-(eli
1207 4272 1500 4343 diripuisse
1550 4285 1730 4327 semen
1774 4271 1975 4341 iactum
2024 4273 2092 4327 iis
2138 4272 2231 4340 qui

679 4370 828 4437 iuxta
871 4371 1010 4421 viam
1046 4366 1174 4420 illud
1207 4371 1588 4433 susceperant.

1386 4452 1528 4507 XXI.

748 4549 923 4616 Atque
968 4547 1081 4601 haec
1120 4543 1429 4599 necessario
1490 4540 1749 4597 Servator
1797 4541 2074 4613 discipulis
2119 4539 2225 4593 suis

681 4636 1051 4699 mandabat",
1082 4635 1325 4688 morbum
1351 4631 1725 4700 gravissimum
1752 4631 1991 4701 ipsorum
2016 4630 2230 4692 animat,

680 4736 940 4780 tumorem
974 4724 1464 4795 atquejactantiam
1485 4737 1703 4788 sanans,
1729 4731 2020 4793 vetansque
2051 4732 2234 4774 osten-

682 4820 973 4880 tazionem,
1026 4831 1091 4870 ne
1128 4816 1395 4868 ullatenus
1449 4812 1854 4875 extollerentur,
1904 4825 2040 4865 neve
2105 4809 2234 4877 quid

680 4920 931 4973 magnum
962 4916 1056 4958 aut
1094 4902 1387 4973 superbum
1418 4904 1485 4955 de
1530 4917 1589 4956 se
1632 4903 2029 4957 existimarent.
2061 4902 2231 4958 Docet

680 5007 888 5059 contra,
923 4996 1089 5049 nostri
1118 5008 1240 5049 esse
1265 4992 1475 5045 arbitrii
1506 4992 1559 5045 in
1594 5006 1816 5061 regnum
1844 4993 2096 5059 introire,
2140 5002 2234 5047 aut

681 5102 856 5141 secus.
885 5086 1014 5139 Nam
1048 5087 1115 5153 si,
1145 5096 1202 5138 ut
1223 5084 1418 5139 dicitur
1440 5083 1583 5155 apud
1609 5081 1941 5149 Matthmum,
1983 5086 2231 5140 conversi

680 5178 872 5229 ﬁamus
923 5176 1065 5229 sicut
1101 5175 1327 5241 parvuli,
1375 5174 1587 5230 malitia
1637 5174 1847 5229 scilicet
1889 5176 2122 5245 parvuli,
2176 5186 2234 5231 ut

678 5268 752 5319 ait
797 5264 1085 5334 Apostolus
1128 5264 1213 5330 ⁶⁶;
1260 5276 1315 5320 οι
1356 5267 1401 5320 si
1454 5269 1557 5321 hoc
1616 5279 1839 5332 regnum
1888 5269 2235 5324 admittemus

681 5371 829 5411 more
865 5358 1125 5425 simplicis
1147 5368 1201 5411 et
1226 5359 1355 5413 nulli
1397 5361 1573 5413 adhuc
1609 5360 1739 5411 vitio
1765 5360 1927 5415 dediti
1980 5359 2227 5428 infantis,

681 5448 802 5499 etsi
837 5449 1123 5516 puritatem
1173 5460 1333 5519 atque
1370 5450 1734 5505 innocentiam
1780 5452 2001 5519 puerilis
2053 5456 2231 5509 :etatis

2268 1796 2317 1856 B

2351 540 2455 602 θῶς
2478 535 2853 596 εὐτελέστατος
2878 531 2968 584 καὶ
3002 527 3356 598 σμικρότατος
3393 525 3584 591 λόγῶνσ
3625 518 3831 590 προῖὼν
3857 520 3907 572 δὲ

2348 626 2597 681 τοσοῦτον
2638 622 2958 677 ὲπιδέδωκεν
2989 617 3153 687 αὑξης
3178 631 3239 667 τε
3272 614 3363 667 καὶ
3395 609 3678 682 μεγέθους,
3712 608 3790 669 ὡς
3814 607 3908 677 τὴν

2350 721 2635 790 σύμπασαν
2660 714 2979 784 οἰκουμένην
3001 708 3301 780 πληρῶσαι.
3330 705 3556 773 Γέγονεν
3575 697 3670 754 οὖν
3700 698 3908 768 ἀληθῶς

2352 812 2549 883 μείζων
2590 808 2687 878 τῆς
2720 804 2869 876 παρὰ
2895 806 3027 857 πᾶσι
3058 803 3170 863 τοῖς
3200 798 3407 852 ἔθνεσιν
3436 792 3661 862 Ἕλλησί
3702 807 3765 843 τε
3819 790 3906 842 καὶ

2350 902 2637 975 βαρϐάροις
2670 896 2879 966 σοφίας,
2911 896 2977 965 ῆν
3008 893 3253 963 λαχάνοις
3272 885 3412 942 κατά
3439 885 3714 939 Ματθαῖον
3735 898 3907 951 παρα-

2347 970 2595 1063 δέδληκε,
2624 991 2685 1043 τὺ
2711 988 2932 1049 ἀσθενὲς
2958 987 3052 1039 καὶ
3083 983 3400 1054 φθοριμαῖον
3414 977 3523 1031 τῶν
3548 975 3675 1046 παρ’
3701 970 3904 1043 ἀνθρώ·

2346 1104 2467 1150 ποις
2508 1082 2840 1157 μαθημάτων
2860 1072 2963 1132 ὦδε
2995 1074 3353 1145 αἰνιξάμενος.
3395 1068 3548 1123 Ἐπεὶ
3572 1067 3668 1119 καὶ
3695 1067 3754 1117 ὲν
3780 1079 3905 1132 προ-

2347 1156 2541 1251 φήταις
2562 1177 2777 1245 ἐλέγετο
2814 1173 2944 1243 περὶ
2988 1169 3185 1224 αὐτῶν.
3222 1166 3315 1231 ης
3353 1163 3565 1233 χόρτος
3585 1157 3739 1251 ηιχρ
3763 1156 3903 1251 ῳ

2347 1247 2845 1339 θήραν-θήσονται,
2874 1261 3071 1327 καίὼς
3099 1257 3337 1327 λάχανα
3365 1253 3550 1323 χλόης
3578 1248 3731 1319 ταχὺ
3765 1247 3905 1301 ἀπο.

2345 1362 2688 1416 πεσοῦνται.
2719 1352 2952 1408 Τοιαῦτα
2984 1352 3041 1404 δὲ
3070 1349 3136 1403 τά
3184 1344 3447 1416 σοφιστῶν
3480 1341 3575 1396 καὶ
3606 1339 3905 1409 φιλοσόφων

2348 1453 2641 1523 μαθήματα
2666 1448 2759 1502 καὶ
2783 1444 3139 1513 παιδεύματα,
3175 1438 3309 1510 πρὸς
3330 1434 3519 1507 καιρὸν
3538 1433 3635 1504 μέν
3662 1430 3903 1501 χλοάζαν-

2343 1561 2430 1603 τα.
2450 1544 2544 1597 καὶ
2572 1542 2704 1614 πρὸς
2732 1539 2908 1607 ὀλίγον
2944 1533 3226 1592 ἀνθοῦντα,
3254 1531 3355 1584 οὑκ
3384 1530 3464 1592 είς
3494 1525 3705 1598 μακρὸν
3730 1523 3787 1576 δὶ
3815 1524 3901 1575 ὲκ-

2344 1637 2626 1697 πίπτοντα,
2656 1632 2749 1687 καὶ
2772 1630 2832 1696 ἐξ
2864 1627 3069 1682 ἑαυτῶν
3102 1622 3451 1695 φθειρόμενα’
3492 1618 3567 1681 ὼς
3600 1620 3659 1671 ὲν
3700 1614 3903 1685 ἑτέροις

2343 1730 2517 1800 χόρτῳ
2543 1725 2790 1795 δομάτων
2817 1718 3110 1791 ἀφομοιοῦν
3139 1714 3296 1779 αὑτὰ,
3330 1713 3388 1777 ὃς
3418 1711 3525 1783 πρὸ
3572 1708 3669 1764 τοῦ
3699 1708 3904 1761 latam.

2346 1819 2529 1889 σθῆναι
2553 1813 2842 1887 ἐξηράνθη.

2422 1887 2580 1964 ίΑλλά
2621 1907 2689 1962 τὰ
2725 1907 2822 1977 μὲν
2844 1903 2995 1975 παρά
3022 1904 3133 1964 τοῖς
3162 1896 3312 1972 παρά
3339 1894 3433 1949 τοῦ
3459 1892 3655 1955 αἰῶνος
3712 1887 3899 1942 τούτου

2337 2002 2579 2066 τοιαῦτα,
2633 1997 2831 2068 ἀσθενῆ
2875 1995 2970 2048 καὶ
3010 1990 3305 2062 λαχανὼδη,
3347 1987 3442 2041 καὶ
3466 1986 3643 2058 χόρτῳ
3693 1978 3903 2035 εὐθαλεῖ

2337 2094 2752 2168 παρεικασμένα
2787 2089 3099 2161 μαθήματα·
3128 2087 3155 2137 ό
3190 2084 3246 2136 δὲ
3279 2080 3611 2153 βραχύτατος
3642 2075 3739 2130 καὶ
3772 2072 3900 2168 πάχ-

2337 2205 2442 2241 των
2493 2185 2600 2238 τῶν
2632 2181 2957 2252 σπερμάτων
3012 2178 3348 2249 μικρότατος,
3398 2174 3493 2243 τῆς,
3523 2170 3632 2223 τῶν
3658 2165 3898 2239 οὐρανῶν

2339 2277 2609 2350 βασιλείας
2645 2272 3066 2342 καταγγελτικδς
3110 2269 3285 2336 λόγος,
3320 2264 3517 2336 δριμὺς
3573 2260 3674 2330 μὲν
3702 2258 3797 2311 καὶ
3826 2256 3901 2308 δε-

2337 2348 2519 2432 κτικὸς
2566 2366 2815 2436 καθάπερ
2861 2364 2922 2417 τὸ
2954 2363 3159 2432 σίνηπι,
3191 2360 3339 2429 ὅμως
3366 2356 3421 2409 δὲ
3468 2349 3781 2423 ὑπερανέὸη
3811 2348 3900 2401 καὶ

2337 2458 2699 2531 ὑπερηύξησε,
2734 2456 2993 2529 κρείττων
3020 2454 3118 2523 τῆς
3148 2453 3204 2503 ὲν
3234 2447 3535 2518 ἀνθρώποις
3567 2440 3899 2511 ἀποδειχθεὶς

2336 2554 2542 2620 σοφίας·
2570 2550 2662 2603 καί
2709 2548 2784 2610 ὼς
2814 2546 3044 2616 ὑψωθεὶς
3072 2542 3247 2596 πάντα
3298 2538 3459 2591 τόπον
3502 2532 3792 2601 ἐκάλυψεν,
3830 2532 3899 2591 ὡς

2334 2645 2427 2699 καλ⁵
2458 2643 2666 2713 δένδρον
2704 2636 3123 2706 ἀποτελεσθῆναι
3148 2634 3289 2704 μέγα
3315 2630 3375 2696 se
3392 2626 3580 2688 αὑτοῦ,
3598 2624 3897 2713 χωρητιᾼκδν

2334 2732 2593 2787 πετεινῶν
2642 2727 2871 2799 ούρανοῦ
2920 2720 3399 2792 κατασκηνούντων
3441 2719 3498 2769 ὲν
3530 2717 3640 2776 τοῖς
3691 2710 3898 2773 κλάδοις

2332 2824 2515 2879 αὑτοῦ·
2543 2822 2707 2877 πάλαι
2735 2820 2833 2889 μὲν
2860 2816 2964 2871 ὑπὸ
2987 2817 3081 2885 τῆς
3120 2811 3381 2882 σωτηρίου
3397 2808 3499 2877 γῆς
3522 2805 3697 2875 ψιλοῖς
3730 2803 3897 2872 ῥήμα-

2333 2931 2435 2977 σιν,
2464 2914 2627 2982 ὲνθέῳ
2655 2928 2717 2979 γε
2747 2911 2852 2981 μὴν
2874 2909 2968 2963 καὶ
3001 2901 3388 2977 προγνωστικῷ
3418 2897 3642 2966 δυνάμει
3673 2910 3897 2966 προανε-

2332 3010 2577 3075 φωνείτο.
2618 3005 2703 3067 Ὠς
2725 3004 2768 3057 δ’
2800 3006 2877 3065 είς
2904 3002 3036 3073 ἔργα
3062 2996 3481 3070 προκεχώρηκεν
3514 2992 3548 3061 ἡ
3572 2988 3894 3059 πρόγνωσις,

2332 3102 2411 3162 εἰς
2460 3098 2627 3166 αύξην
2654 3113 2711 3147 τε
2739 3094 3002 3166 προῆλθεν
3033 3094 3065 3161 ἡ
3103 3087 3251 3159 φωνὴ
3294 3083 3388 3137 τοῦ
3431 3082 3612 3149 λόγου,
3654 3080 3755 3133 οὑκ
3788 3077 3896 3166 ἐστι

2336 3189 2453 3242 κατ’
2486 3188 2638 3253 ἀξίαν
2677 3186 2867 3238 εἰπεῖν’
2900 3179 3164 3247 τοσαύτην
3202 3173 3330 3243 γοῦν
3363 3174 3390 3224 ὁ
3417 3170 3679 3239 σωτήριος
3706 3164 3899 3233 σπόρος

2334 3281 2391 3333 ὲν
2422 3280 2530 3342 τοῖς
2560 3275 2694 3347 μετά
2744 3272 2915 3327 ταῦτα
2951 3270 3157 3341 χρόνοις
3196 3256 3550 3318 ἐπιδέδεικται
3582 3256 3803 3329 ἀρετὴν,
3826 3255 3896 3317 ὡς

2334 3372 2392 3424 τὸ
2421 3371 2479 3434 ἐξ
2507 3346 2668 3424 αὑτοῦ
2691 3366 2822 3436 φυὲν
2844 3364 3075 3433 δένδρον,
3102 3358 3259 3412 τοῦτο
3283 3356 3326 3409 δ’
3352 3353 3417 3408 ἂν
3447 3353 3528 3422 εἴη
3557 3352 3590 3421 ἡ
3631 3346 3899 3418 πανταχοῦ

2334 3462 2433 3532 γῆς
2465 3459 2717 3529 ἱδρυμένη
2742 3454 2902 3508 αὑτοῦ
2935 3450 3248 3521 Ἐκκλησία,
3284 3444 3352 3499 τά
3388 3443 3565 3496 πάντα
3592 3438 3895 3510 πληρῶσαιο

2333 3554 2471 3606 ὥστε
2502 3554 2683 3612 ἐντοῖς
2704 3546 3091 3615 ἠάδοιςαὺτῆς
3123 3538 3543 3609 κατασκηνῶσαι
3578 3533 3647 3587 τά
3681 3530 3896 3584 πετεινὰ

2332 3645 2425 3698 τοῦ
2484 3643 2733 3715 ούρανοῦ,
2779 3637 3040 3706 ἀγγέλους
3068 3632 3263 3705 δηλαδὴ
3296 3631 3471 3692 θείους
3503 3628 3596 3681 καὶ
3646 3624 3900 3694 οὐρανίας

2332 3714 2606 3807 δυνάμεις,
2646 3733 2742 3795 τὰς
2772 3732 2898 3801 περὶ
2926 3728 3027 3797 γῆν
3060 3724 3276 3795 ἀφανῶς
3312 3718 3690 3789 διιπταμένας,
3723 3714 3899 3785 ψυχάς

2332 3844 2391 3879 τε
2421 3826 2577 3892 ἁγίας
2605 3823 2698 3876 καὶ
2726 3818 3184 3891 μετεωροπὸρους,
3211 3814 3309 3883 βίῳ
3332 3813 3425 3864 καὶ
3442 3810 3747 3881 φρονήματι
3774 3821 3896 3876 μετ-

2334 3915 2552 3985 αρσίους
2586 3912 2679 3964 καὶ
2722 3909 3015 3979 οὐρανίους·
3054 3906 3254 3967 ταύτας
3321 3901 3431 3972 γὰρ
3480 3896 3614 3952 εἶναι
3649 3900 3743 3951 καὶ
3777 3896 3897 3949 οὑδὲ

2333 4008 2491 4069 ἄλλας
2512 4005 2580 4057 τὰ
2602 4004 2817 4057 πετεινά
2849 4002 2941 4055 τοῦ
2974 3998 3200 4072 ούρανοῦ
3238 3995 3554 4068 ήσωτήριος
3581 3993 3638 4047 ὲν
3689 3992 3893 4054 τούτοις

2332 4098 2550 4168 ᾐνίξατο
2600 4094 2893 4165 παραϐολή·
2947 4092 3022 4154 ὡς
3074 4088 3305 4159 ἔμπαλιν
3342 4086 3430 4140 διὰ
3448 4087 3546 4157 τῆς
3572 4083 3894 4155 τοῦ,σπόρου

2334 4188 2431 4250 τὰς
2463 4185 2777 4248 ἐπιϐούλους
2798 4183 2906 4237 τῶν
2925 4181 3222 4252 ἀνθρώπων
3251 4179 3438 4249 ἐδήλου
3455 4176 3730 4246 δυνάμεις,
3759 4180 3896 4247 ὁμω-

2333 4278 2511 4347 νύμως
2541 4276 2759 4329 πετεινά
2790 4272 3017 4345 ούρανοῦ
3052 4275 3228 4344 φήσας
3266 4267 3625 4340 διηρπακέναι
3656 4269 3748 4321 τὸν
3770 4269 3889 4321 σπό-

2338 4385 2425 4439 ρον
2448 4368 2551 4421 τῶν
2571 4367 2718 4439 παρά
2754 4366 2850 4435 τὴν
2882 4365 2998 4417 ὁδὸν
3022 4359 3430 4430 ὑποδεξαμένων
3463 4360 3645 4412 αὑτόν.

2978 4453 3088 4505 KA'
3120 4450 3251 4520 (ιτ).

2407 4549 2514 4601 Καὶ
2538 4548 2708 4602 ταῦτα
2752 4548 2810 4601 δὲ
2848 4544 3160 4613 ἀναγκαίως
3186 4544 3215 4596 ὁ
3246 4542 3435 4613 Σωτὴρ
3468 4543 3579 4604 τοῖς
3607 4538 3773 4593 αὑτοῦ
3802 4555 3897 4609 μα·

2337 4639 2524 4709 θηταῖς
2560 4639 2879 4709 παρεδίδου,
2927 4636 3078 4688 νόσον
3120 4632 3543 4704 ἀργαλεωτάτην
3585 4631 3687 4703 τῆς
3719 4628 3896 4683 αὑτῶν

2335 4729 2531 4800 ψυχῆς,
2566 4730 2869 4799 χαυνότητα
2912 4743 2972 4779 τε
3024 4726 3117 4779 καὶ⁸
3157 4723 3474 4788 ἀλαζονείαν
3515 4721 3763 4793 ἰώμενος,
3810 4719 3894 4772 καὶ

2336 4823 2558 4875 κωλύων
2586 4822 2644 4875 τὸ
2680 4820 3035 4892 μεγάλαυχον,
3091 4816 3165 4880 ὼς
3215 4816 3281 4870 ἂν
3337 4818 3547 4887 μήποτε
3593 4813 3897 4884 ὲπαρθεῐεν,

2341 4914 2475 4984 μηδέ
2508 4932 2558 4967 τι
2586 4915 2728 4985 μέγα
2764 4911 2898 4981 μηδὲ
2927 4911 3268 4979 ὑπερήφανον
3301 4907 3430 4978 περὶ
3461 4905 3670 4959 ἑαυτῶν
3705 4903 3892 4975 φρονή-

2340 5022 2509 5060 σαιεν.
2542 5005 2790 5057 Διδάσκει
2815 5003 2869 5055 δὲ
2891 5003 3144 5071 ἄντικρυς
3164 5000 3245 5068 ἐφ’
3264 5000 3393 5069 ἡμῖν
3413 4996 3624 5050 κεῖσθαι
3647 4996 3709 5049 τὸ
3736 4995 3901 5048 εἰσελ-

2341 5097 2470 5160 θεῖν,
2502 5098 2533 5168 ἢ
2570 5097 2664 5167 μὴ,
2700 5098 2779 5158 είς
2805 5093 2901 5164 τὴν
2929 5093 3197 5164 βασιλείαν
3229 5090 3322 5143 τοῦ
3358 5088 3512 5143 Θεοῦ.
3539 5090 3601 5142 El
3626 5089 3735 5161 γὰρ
3767 5085 3901 5141 κατά

2335 5183 2426 5236 τὸν
2453 5184 2729 5238 Ματθαίον
2748 5182 3075 5253 στραφέντες
3113 5178 3406 5249 γενοίμεθα
3432 5177 3589 5242 ὼςτά
3625 5180 3797 5247 νήπια
3830 5180 3893 5248 τῇ

2338 5276 2503 5347 κακίᾳ
2534 5276 2887 5347 νηπιάζοντες
2913 5274 3056 5328 κατά
3096 5274 3186 5327 τὸν
3230 5271 3570 5334 Ἀπόστολον,
3605 5273 3701 5325 καὶ
3734 5274 3782 5324 εί
3811 5271 3892 5324 δε-

2335 5366 2561 5436 χοίμεθα
2595 5367 2692 5436 τὴν
2730 5363 3005 5435 βασιλείαν
3050 5364 3126 5425 ὡς
3177 5360 3383 5414 ἁπλοῦν
3422 5362 3514 5413 καὶ
3538 5361 3897 5431 ἀπειρόκακω

2337 5456 2565 5520 παιδίον,
2597 5457 2691 5508 καὶ
2723 5457 2847 5508 εἰτὸ
2871 5455 3107 5525 καθαρὸν
3136 5452 3227 5506 καὶ
3254 5454 3513 5523 ἀμίαν-τον
3538 5454 3634 5524 τῆς
3650 5452 3895 5522 παιδικῆς

749 5537 795 5568 ⁸³
817 5537 903 5593 Ps.
930 5554 1114 5602 xxxvi,
1148 5540 1204 5593 2.
1278 5542 1324 5572 ³⁸
1358 5541 1443 5596 Ps.
1481 5557 1710 5605 cxxvm,
1752 5543 1805 5594 6.
1876 5546 1922 5576 ⁸⁵
1940 5546 2131 5601 Matth.
2162 5562 2317 5615 xvm,
2341 5549 2393 5603 '5.
2472 5549 2517 5579 ⁸⁸
2545 5550 2559 5602 l
2592 5548 2716 5602 Cor.
2749 5548 2973 5613 xuv,20.

751 5628 858 5709 (Π)
900 5627 1192 5709 Ιιι-ροιίξςο
1238 5633 1302 5709 ἦ.
1355 5618 1590 5709 τηειδκ
1627 5632 1679 5683 b.
1725 5632 1915 5709 titulus
1964 5638 2223 5709 mendose

682 5702 912 5767 scriptus
937 5700 1228 5755 Εὑσεϐίου
1255 5700 1532 5769 δευτέρας
1558 5700 1901 5769 θεοράνους.
1931 5706 2047 5762 sine
2068 5708 2231 5763 dubio

2329 5641 2681 5709 cprrigendus
2699 5639 2958 5694 Εὑσεόίου
2978 5639 3019 5694 δ’
3042 5635 3389 5707 Θεοφανείας,
3408 5635 3622 5693 Eusebii
3644 5638 3697 5693 in
3713 5643 3890 5709 quarto

2339 5708 2709 5771 Thcoyham'w.
