4106 6434
1611 398 1724 457 DE
1759 397 2220 460 THEOPHANIA.

2650 27 2920 42 »σι’-κ-Α-*ῌ

297 516 514 589 ἡλικίας
542 515 878 591 ζηλώσομεν,
919 515 1334 590 είσελευσόμεθα
1374 518 1456 582 είς
1487 518 1692 592 αὐτήν-ο
1723 519 1850 575 ἀλλὰ

1964 521 2354 589 adaabimus,
2418 521 2474 579 in
2523 534 2752 593 regnum
2795 519 3184 578 introibimus:
3233 519 3342 577 imo
3369 522 3536 578 etiam

293 608 391 664 καὶ
412 607 511 664 ἐὰν
540 610 938 681 εύνουχίσωμεν
965 611 1190 675 ἐαυτοὺς
1213 609 1301 665 διὰ
1331 609 1430 682 τὴν
1453 608 1729 682 βασιλείαν
1756 611 1866 666 τῶν

292 699 577 772 ούρανιῗιν⁹
603 700 745 757 οὕτω
774 700 884 774 γάρ
920 719 1003 771 τις
1045 699 1295 773 ἐκτεμὼν
1332 701 1431 774 τῆς
1462 701 1656 756 εαυτοῧ
1686 701 1867 775 ψυχῆς

295 791 404 845 παν
433 791 496 845 es
515 792 738 864 αίσχρδν
760 795 856 848 καὶ
882 780 1176 848 ἀκόλαστον
1207 793 1400 859 πάθος,
1435 796 1484 848 εί
1518 795 1613 849 καὶ
1639 794 1740 866 τὴν
1768 795 1865 849 τοῦ

293 878 547 952 σώματος
590 883 804 954 ἠλικίαν
863 883 1220 958 προϐεϐηκὼς
1265 885 1351 956 είη
1394 885 1553 958 ἀνὴρ,
1605 887 1866 958 στραφεὶς

291 971 488 1040 γίνοιτ’
503 971 569 1025 ἀν
587 972 663 1037 ὡς
688 974 920 1030 παιδίον.
939 977 1001 1030 El
1032 975 1090 1030 δέ
1126 976 1291 1048 μηδέν
1304 976 1509 1031 τούτων
1536 976 1862 1050 πράξαιμεν,

291 1061 562 1132 ἀποφάσει
596 1063 692 1118 τοῦ
739 1065 992 1140 Σωτῆρος
1033 1066 1549 1139 ύτοοϐληθησόμεθα,
1592 1068 1732 1138 μετά
1768 1067 1863 1122 τοῦ

298 1151 444 1225 ἀμην
468 1154 911 1229 ἀποφηναμένου,
936 1160 1017 1212 δτι
1046 1160 1094 1212 εί
1111 1158 1186 1231 μὴ
1215 1158 1524 1232 πράξαιμεν
1543 1160 1738 1227 ταῦτα,
1763 1160 1866 1216 οὐκ

296 1242 449 1299 ἐσται
476 1245 608 1316 ἡμῖν
636 1249 909 1322 είσιτητὺν
939 1250 1019 1314 είς
1051 1249 1154 1321 τὴν
1172 1249 1464 1321 βασιλείαν.

937 1337 1044 1391 ιω
1073 1337 1206 1412 (t9).

369 1425 559 1498 Ὁμοία
603 1425 660 1482 δι
705 1427 858 1502 παρά
886 1429 965 1502 τῷ
1005 1431 1270 1504 Ματθαίῳ
1318 1435 1497 1488 κεῖται
1553 1432 1858 1506 παραϐολή.

287 1515 534 1589 Ὠσπερ,
582 1520 690 1592 γάρ
730 1537 915 1592 φησιν,
959 1519 1246 1595 ἄνθρωπος
1286 1523 1582 1595 ἀποδημῶν
1636 1523 1862 1578 ἐκάλεσε

284 1609 410 1672 τοὺς
442 1607 603 1675 ίδίους
631 1611 872 1678 δούλους,
907 1614 1001 1668 καὶ
1030 1607 1076 1684 ᾧ
1101 1614 1202 1686 μιν
1226 1613 1393 1670 ιδωκε
1417 1615 1579 1670 πέντε
1601 1617 1860 1681 τάλαντα,

283 1691 329 1767 ᾧ
372 1701 434 1756 δέ
463 1700 574 1767 δύο,
613 1696 736 1771 ᾦδέ
769 1704 862 1758 ἐν’
895 1707 1016 1760 ἐπεὶ
1058 1707 1228 1762 πολλά
1263 1709 1521 1780 τυγχάνει
1585 1709 1656 1764 τά
1707 1711 1863 1783 χαρί-

282 1806 465 1862 σματα
491 1792 734 1866 διάφοροί
754 1813 813 1850 τε
839 1795 932 1851 τοῦ
961 1797 1114 1867 ἀγίου
1135 1798 1449 1872 Πνεῦματος
1473 1803 1530 1857 al
1552 1800 1860 1872 διαιρέσεις,

1965 611 2017 668 sl
2061 621 2274 669 nosmet
2328 619 2554 681 propter
2600 625 2826 680 regnum
2876 611 3144 668 caelorum
3206 613 3536 682 spadonabi-

1964 717 2088 759 mus
2121 702 2234 776 (18)
2261 719 2278 769 ;
2308 703 2390 761 sic
2415 701 2564 760 enim
2593 699 2761 762 homo
2788 701 3089 771 precidem
3129 716 3198 758 ex
3224 702 3407 759 anima
3434 718 3538 759 sue

1959 803 2178 865 turpem
2227 797 2527 868 quamlibet
2576 806 2643 853 et
2702 797 3154 867 intemperantem
3203 795 3533 867 passionem,

1962 887 2068 942 etsi
2122 887 2366 957 corporis
2415 898 2578 945 atate
2641 888 2754 959 iam
2801 888 2888 943 vir
2927 886 3188 954 evaserit,
3235 899 3536 942 conversus

1962 975 2059 1032 flet
2092 985 2346 1046 tanquam
2372 993 2528 1050 puer.
2550 973 2650 1034 Sin
2675 992 2805 1034 vero
2829 975 2968 1033 nihil
2987 976 3183 1032 borum
3214 973 3532 1039 fecerimus.

1975 1068 2287 1125 Set-veteris
2334 1069 2620 1127 sententia
2665 1069 3049 1142 subjiciemur,
3109 1080 3232 1122 cum
3292 1065 3532 1123 dictione

1973 1173 2134 1215 amen
2168 1161 2595 1227 interminantis,
2625 1161 2770 1230 quod
2793 1159 2897 1216 nisi
2931 1159 3004 1214 ita
3040 1172 3139 1214 nos
3182 1157 3531 1232 gesserimus.

1964 1267 2072 1308 non
2099 1251 2306 1323 patebit
2333 1253 2490 1310 nobis
2516 1253 2586 1309 ad
2609 1265 2834 1322 regnum
2859 1249 3137 1308 introitus.

2036 1427 2146 1485 Par
2199 1430 2340 1501 apud
2393 1340 2974 1501 Iattbautftxtllluoque
3012 1437 3195 1486 exstat
3245 1426 3529 1499 parabola.

1962 1520 2175 1578 Etenlm
2206 1521 2392 1587 homo,
2425 1530 2485 1575 ut
2520 1522 2618 1588 ait,
2650 1535 2878 1592 peregre
2907 1519 3284 1592 proﬁciscens,
3321 1520 3535 1576 vocavit

1963 1627 2153 1669 servos
2198 1627 2359 1681 suos;
2385 1623 2448 1668 ‘et
2479 1613 2572 1668 uni
2601 1614 2821 1684 quidem
2851 1610 3000 1669 dedit
3031 1611 3277 1684 quinque
3306 1612 3532 1679 talenta,

1963 1701 2120 1759 alteri
2148 1703 2279 1768 duo,
2311 1703 2472 1758 tertio
2490 1703 2723 1774 denique
2750 1718 2917 1759 unum
2943 1703 2990 1738 ’ν
3015 1720 3031 1770 ;
3061 1706 3190 1774 quia
3214 1702 3383 1758 multa
3406 1713 3537 1758 sunt

1966 1793 2134 1859 dona,
2161 1803 2217 1849 et
2239 1793 2471 1875 diversa;
2497 1793 2676 1850 sancti
2719 1793 2961 1864 Spiritus
2996 1794 3379 1875 diribitiones;
3412 1793 3536 1849 uni-

282 1883 498 1956 ἐκάστῳ
513 1883 571 1938 δέ
598 1886 801 1943 δίδοται
827 1889 964 1960 πρὸς
987 1889 1050 1943 τὸ
1076 1871 1353 1963 συμφέρον
1371 1909 1384 1923 ο
1403 1893 1614 1961 γένοιτο
1724 1909 1850 1946 ποτε

1961 1885 2162 1956 cuique
2201 1895 2382 1942 autem
2417 1871 2580 1941 datur
2597 1871 3307 1958 proutexpedit.Contingit
3335 1887 3536 1960 quippe

282 1973 314 2028 ὀ
341 1973 451 2043 μέν
477 1991 564 2039 τις
593 1975 712 2041 ἐνὸς
756 1978 982 2050 μέτοχος
1012 1981 1368 2054 χαρίσματος,
1399 1984 1428 2036 ό
1450 1983 1507 2037 δέ
1537 1983 1703 2049 δυοῖν,
1742 1985 1772 2037 ό
1796 1984 1852 2038 δὲ

281 2067 544 2124 πλειόνων
567 2085 581 2101 ⁶
610 2071 784 2139 οὕτως
812 2070 905 2129 οὖν
924 2076 1155 2150 εἴρηται,
1181 2079 1260 2150 τῷ
1282 2080 1380 2150 μὲν
1416 2080 1658 2136 δεδόσθαι
1690 2081 1852 2136 πέντε

277 2162 538 2230 τάλαντα,
566 2167 837 2221 τοσούτων
868 2173 1222 2243 χαρισμάτων
1245 2172 1331 2227 διὰ
1356 2173 1451 2228 τοῦ
1492 2175 1647 2245 ἀγίου
1681 2175 1851 2229 Πνεύ-

281 2268 454 2323 ματος
506 2254 655 2326 αὐτῷ
697 2255 1092 2331 δεδωρημένων
1112 2279 1126 2293 ·
1161 2263 1335 2337 ἑτέρῳ
1381 2264 1439 2317 δέ
1485 2265 1546 2319 οὐ
1589 2265 1849 2335 τοσαῦτα,

275 2344 394 2399 ἀλλ’
422 2345 483 2401 ιν
517 2348 677 2418 μόνον
726 2346 966 2417 δέδοται,
1023 2354 1083 2420 δς
1125 2356 1370 2422 πλείονος
1405 2359 1556 2429 τύχοι
1589 2358 1655 2414 ἀν
1687 2378 1854 2414 κατα-

275 2436 533 2508 κρίσεως,
572 2441 652 2495 δτι
692 2443 828 2515 μηδὲ
857 2445 1026 2500 πολλά
1061 2447 1300 2520 είληφὼς
1337 2449 1414 2514 ὡς
1450 2451 1757 2521 ἀποκνῆσαι
1783 2455 1850 2525 τῇ

274 2525 384 2582 τῶν
399 2528 659 2585 πλειόνων
673 2532 922 2606 ἐργασίᾳ.
940 2535 1059 2590 οὐδὲ
1081 2537 1175 2590 τοῦ
1196 2539 1314 2603 ἐνὸς
1334 2541 1424 2594 τὸν
1439 2542 1648 2612 καρπὸν
1667 2543 1851 2614 ἐπορί-

279 2633 432 2684 σατο,
457 2621 626 2694 ἀργὸν
651 2623 708 2676 δέ
741 2624 874 2678 αὐτὸ
916 2626 1176 2696 φυλάξας,
1207 2631 1299 2684 καὶ
1333 2631 1408 2702 μὴ
1447 2633 1706 2703 μεταδοὺς
1737 2634 1854 2688 ἐτέ-

279 2725 415 2782 ροις,
434 2715 758 2786 στερήσεται
778 2717 873 2770 καὶ
883 2718 1072 2774 τούτου
1089 2722 1229 2776 κατὰ
1253 2723 1351 2795 τὴν
1372 2725 1635 2796 σωτήριον
1648 2727 1855 2795 ἀπόφα-

277 2817 382 2868 σιν,
399 2804 712 2876 ἐλέγχοντος
725 2809 888 2868 αὐτὸν
905 2811 998 2865 τοῦ
1019 2813 1202 2884 κριτοῦ
1217 2815 1308 2867 ἐπὶ
1319 2815 1484 2887 ἀργίᾳ
1497 2816 1590 2870 καὶ
1601 2816 1848 2888 ὀκνηρίᾳ.

274 2895 370 2950 καὶ
405 2895 644 2968 φοϐεράν
663 2898 893 2970 ἀπειλὴν
931 2901 1026 2954 καὶ
1052 2903 1231 2973 κρίσιν
1265 2905 1538 2976 ἀπότομον
1552 2906 1850 2960 κατάὐτοῦ

272 2981 616 3056 ἐκφέροντος.
649 2987 714 3040 Ol
739 2987 796 3040 δέ
817 2990 919 3046 καὶ,
937 2991 1199 3045 πλειόνων
1225 2991 1320 3046 τοῦ
1346 2994 1503 3063 ἀγίου
1533 2996 1852 3067 Πνεύματος
1913 3042 1922 3060 ,

228 3146 237 3157 ι
273 3072 566 3146 ἠξιωμένοι
595 3079 978 3150 χαρισμάτων,
1023 3077 1140 3137 εἶτα
1167 3084 1373 3138 τούτων
1397 3086 1489 3140 τὸν
1521 3088 1732 3160 καρπὸν
1762 3088 1851 3142 διὰ

271 3169 371 3240 τῆς
399 3171 706 3243 πρακτικῆς
733 3173 996 3241 ἐργασίας
1015 3176 1567 3242 πολυπλασιάσαντες,
1591 3179 1734 3234 κατά
1757 3181 1849 3234 τὸν

1955 1977 2246 2048 aliquando
2282 1987 2340 2034 ut
2375 1977 2572 2049 aliquis
2631 1993 2739 2034 uno
2768 1979 2909 2035 dono
2940 1981 3194 2050 potiatur,
3225 1979 3436 2037 duobus
3462 1980 3534 2035 alo

1954 2077 2057 2130 ter,
2093 2069 2238 2124 alius
2271 2068 2504 2138 denique
2535 2067 2805 2139 pluribus.
2843 2072 2938 2126 Sic
2996 2085 3128 2142 ergo
3169 2071 3374 2128 dictum
3421 2081 3532 2137 est,

1953 2159 2045 2214 alii
2082 2160 2298 2231 quidem
2330 2160 2454 2216 data
2489 2159 2658 2218 fuisse
2693 2162 2934 2232 quinque
2958 2164 3184 2228 talenta,
3241 2165 3368 2235 quia
3405 2165 3535 2220 toti-

1953 2251 2074 2306 dem
2119 2251 2294 2306 sancti
2353 2251 2593 2321 Spiritus
2662 2253 2804 2307 dona
2836 2253 2908 2307 illi
2945 2252 3406 2320 attributasnnt:
3438 2254 3531 2311 alii

1953 2354 2136 2399 autem
2167 2345 2309 2400 haud
2357 2345 2603 2409 totidem,
2641 2346 2735 2402 sed
2763 2363 2929 2400 nnnm
2964 2347 3152 2402 datum
3201 2344 3408 2413 fuisse;
3436 2348 3530 2417 qui

1953 2437 2256 2507 graviorem
2288 2437 2701 2492 damnationem
2732 2437 2992 2508 perferet,
3020 2440 3146 2509 quia
3186 2455 3309 2495 cum
3359 2440 3529 2496 multa

1954 2544 2060 2583 non
2110 2529 2434 2597 accepisset,
2487 2543 2556 2584 ne
2609 2529 2749 2586 forte
2795 2531 2862 2586 ad
2915 2532 3204 2600 operosius
3253 2534 3529 2604 negotium

1954 2625 2232 2689 torperet;
2275 2618 2626 2675 nihilominus
2655 2635 2723 2677 ne
2753 2634 2819 2674 ex
2863 2637 2969 2676 uno
3021 2623 3236 2692 quidem
3291 2622 3527 2679 fructum

1953 2711 2241 2777 retulerit;
2275 2717 2418 2782 quod
2448 2727 2572 2768 cum
2605 2713 2754 2769 iners
2783 2714 3162 2782 custodiverit,
3205 2729 3381 2785 neque
3408 2715 3531 2771 aliis

1954 2802 2117 2858 fuerit
2154 2805 2481 2874 impertitus,
2531 2804 2636 2861 hoc
2679 2807 2796 2876 ipso
2845 2799 3185 2877 spoliabitur,
3227 2808 3529 2864 secundum

1954 2893 2260 2952 Servatoris
2285 2896 2530 2965 eﬂ‘alutn,
2562 2901 2859 2954 damnante
2881 2915 3002 2955 eum
3027 2899 3212 2970 judice
3239 2900 3306 2956 de
3336 2915 3529 2956 socor-

1952 2987 2040 3040 dia
2100 2998 2263 3057 atque
2314 2988 2549 3058 ignavia,
2605 2990 2986 3060 terribilesque
3035 2993 3207 3047 minas
3245 3003 3303 3048 et
3349 2994 3527 3050 diram

1954 3079 2278 3131 sententiam
2316 3077 2580 3132 adversus
2611 3093 2735 3132 eum
2767 3077 2997 3134 ferente.
3045 3077 3148 3144 Qui
3185 3094 3316 3135 vero
3371 3080 3528 3149 plura
3619 3086 3649 3092 ”

1953 3169 2126 3223 sancti
2159 3168 2395 3238 Spiritus
2419 3183 2644 3230 munera
2687 3169 2876 3224 collata
2902 3169 3230 3236 habuerunt,
3251 3181 3307 3228 et
3334 3173 3530 3229 deinde

271 3261 461 3333 καιρὸν
492 3261 593 3332 τῆς
619 3240 729 3316 τῶν
761 3240 932 3333 λόγων
962 3267 1274 3338 συνάρσεως
1304 3269 1484 3335 δεξιᾶς
1522 3240 1615 3324 καὶ
1640 3271 1850 3342 ἀγαθῆς

1958 3260 2147 3313 harum
2184 3261 2424 3315 fructum
2466 3275 2700 3330 operoso
2735 3261 2924 3317 labore
2966 3261 3421 3332 multiplicarunt,
3472 3264 3529 3321 hi

274 3353 581 3433 μαρτυρίας
612 3354 912 3421 τεύξονται.
951 3357 1037 3410 Ἐν
1062 3358 1262 3427 ὀλίγοις
1295 3361 1403 3432 γὰρ
1429 3361 1850 3432 δοκιμασθέντας

270 3447 384 3509 τοῖς
414 3443 557 3500 κατά
585 3446 678 3499 τὸν
703 3447 973 3502 ἐνεστῶτα
999 3449 1132 3520 βίον,
1160 3453 1421 3523 μειζόνων
1449 3455 1556 3506 τῶν
1587 3455 1726 3508 κατὰ
1757 3456 1850 3508 τόν

274 3534 536 3606 μέλλοντα
547 3536 719 3592 αίῶνα
731 3539 825 3592 καὶ
840 3539 1103 3611 οὐρανίων
1123 3543 1372 3597 ἐπάθλων
1385 3545 1727 3610 καταξιὼσει.
1746 3547 1849 3600 Τὸν

268 3624 326 3680 ει
341 3627 577 3699 πονηρὸν
594 3629 687 3682 καὶ
705 3629 935 3700 ὀκνηρὸν
959 3631 1142 3687 δοῦλον
1167 3634 1391 3702 ἐλέγξας
1413 3637 1506 3690 ἐπὶ
1526 3640 1592 3709 τῇ
1615 3638 1849 3710 πονηρίᾳ

272 3719 366 3771 καὶ
388 3719 469 3790 τῷ
481 3719 645 3792 δκνῳ,
659 3723 726 3792 τῇ
744 3724 1094 3798 προσηκούσῃ
1109 3727 1422 3796 παραδώσει
1435 3728 1558 3800 δίκῃ
1573 3744 1586 3760 ⁸
1619 3729 1847 3800 ὀκνηρὸν

273 3810 375 3880 μιν
401 3811 571 3866 αὐτὸν
594 3813 764 3867 εἰπὼν
796 3814 885 3869 διὰ
912 3815 974 3868 τὸ
1007 3816 1171 3888 μηδὲν
1197 3818 1444 3889 ἐθελῆσαι
1485 3819 1592 3873 τῶν
1621 3820 1847 3874 δεόντων

267 3901 635 3972 ἐργάσασθαι,
677 3906 914 3978 πονηρὸν
950 3906 1008 3960 δὲ
1043 3907 1130 3961 διά
1160 3907 1222 3962 τὸ
1260 3910 1529 3982 τολμῆσαι
1570 3911 1732 3980 φάναι
1769 3911 1847 3983 τῷ

265 3990 460 4046 ἑαυτοῦ
494 3995 689 4066 κυρίῳ,
729 3996 1010 4069 Δύστηρὸς
1051 3995 1102 4052 εί
1137 4000 1440 4072 ἄνθρωπος,
1465 4003 1560 4056 καὶ
1591 4003 1659 4057 τὰ
1695 4002 1842 4073 ἑξῆς.

279 4077 611 4150 ’Δπελέγξας
637 4083 770 4153 γοῦν
784 4086 946 4140 αὑτὸν
971 4088 1233 4159 πρότερον
1256 4089 1333 4154 ὡς
1349 4091 1843 4160 ἐναντιολογοῦντα,

266 4171 363 4226 καὶ
395 4173 460 4226 ἐκ
482 4172 576 4227 τοῦ
603 4175 871 4246 στόματος
905 4181 1239 4252 κατακρίνας
1279 4183 1464 4247 αὐτὸν,
1491 4185 1594 4250 ὅτι,
1639 4186 1845 4258 καίπερ

265 4263 429 4318 αὑτὸν
447 4265 719 4338 αὐστηρὸν
741 4269 836 4321 καὶ
859 4270 1233 4342 ἀπαραίτητον
1266 4273 1460 4345 κριτὴν
1481 4271 1618 4329 εἶναι
1639 4277 1842 4348 φήσας,

266 4353 419 4426 ὅμως
449 4359 853 4428 κατεφρόνησεν
896 4361 971 4425 ὠς
1011 4363 1176 4433 μηδὲν
1210 4364 1412 4432 ἀγαθὸν
1445 4365 1667 4437 θελῆσαι
1698 4369 1842 4438 πρᾶ-

265 4445 374 4512 ξαι,
398 4447 744 4521 δικαιοτάτην
763 4449 958 4515 ἐξοίσει
979 4455 1076 4524 τὴν
1098 4455 1218 4507 κατ’
1247 4454 1414 4508 αὐτοῦ
1441 4456 1639 4528 ψῆφον,
1667 4459 1844 4528 σκότῳ

1952 3366 2060 3420 quo
2089 3360 2336 3421 tempore
2364 3352 2636 3406 rationum
2679 3353 2786 3407 dati
2823 3361 2879 3408 et
2920 3353 3130 3422 accepti
3161 3353 3388 3409 collatio
3413 3355 3526 3420 llet,

1950 3443 2185 3497 faustum
2226 3443 2538 3513 bonumque
2565 3445 2937 3500 testimonium
2995 3445 3251 3501 referent.
3285 3444 3528 3516 Namque

1951 3533 2003 3588 in
2033 3534 2226 3602 paucis
2249 3535 2529 3603 probatos,
2568 3533 2621 3589 in
2652 3545 2917 3605 prasente
2949 3536 3208 3591 nimirum
3239 3537 3374 3602 vita,
3403 3553 3526 3592 ma-

1944 3624 2155 3694 joribus
2190 3625 2242 3678 in
2275 3624 2457 3679 futuro
2503 3624 2702 3680 saeculo
2734 3636 2789 3681 et
2813 3625 3132 3681 caelestibus
3172 3627 3412 3694 praemiis
3454 3626 3529 3681 di.

1949 3714 2206 3785 gnabitur
2233 3716 2517 3770 Dominus.
2553 3717 2619 3771 At
2654 3731 2783 3773 vero
2818 3732 3051 3786 nequam
3103 3733 3323 3772 servum
3363 3728 3419 3774 et
3447 3720 3527 3788 pi-

1948 3821 2126 3875 grum,
2164 3808 2408 3862 incusata
2435 3806 2552 3876 ejus
2577 3809 2927 3878 improbitate
2949 3819 3002 3864 et
3022 3809 3256 3879 ignavia,
3287 3825 3526 3881 congrua

1947 3913 2107 3969 pana
2142 3898 2373 3966 aﬂiciet;
2421 3903 2702 3957 socordem
2749 3916 2870 3956 eum
2896 3902 3214 3972 |appellans,
3240 3903 3366 3972 quia
3400 3901 3524 3958 olli-

1947 3992 2090 4047 cium
2123 4006 2232 4046 non
2258 3993 2572 4062 prastiterit
2603 4013 2617 4060 ;
2657 4009 2884 4063 nequam
2919 4003 3124 4060 autem,
3150 3993 3276 4063 quia
3308 3994 3528 4051 domino

1946 4096 2046 4137 suo
2083 4083 2268 4140 dicere
2297 4099 2462 4140 ausus
2503 4084 2690 4150 fuerit,
2721 4087 2985 4141 Ansterus
3010 4101 3070 4140 es
3100 4087 3284 4150 homo,
3315 4095 3369 4139 et
3403 4086 3526 4142 reli-

1945 4193 2072 4247 qua.
2101 4176 2270 4248 Igitur
2304 4193 2370 4234 eo
2398 4189 2663 4250 coarguto‘
2684 4181 2830 4249 quod
2881 4180 3242 4249 repugnantia
3274 4181 3526 4249 loquere-

1948 4278 2056 4335 tur,
2084 4279 2140 4324 et
2162 4287 2231 4326 ex
2257 4285 2351 4326 ore
2377 4271 2496 4340 ejus
2527 4273 2816 4334 damnans,
2849 4273 2975 4341 quia
3005 4287 3126 4326 cum
3177 4287 3301 4326 eum
3345 4282 3524 4327 auste-

1946 4375 2066 4414 rum
2093 4369 2148 4414 et
2177 4360 2568 4416 inexorabilem
2595 4360 2830 4430 judicem
2867 4377 2988 4416 esse
3023 4363 3273 4426 dixisset,
3332 4362 3525 4417 nihilo-

1952 4453 2134 4505 tninus
2164 4461 2276 4506 tam
2323 4451 2487 4506 fuerit
2514 4453 2791 4520 negligens
2823 4461 2880 4506 nt
2907 4453 3041 4508 nihil
3084 4468 3248 4523 agere
3283 4457 3408 4510 boni
3442 4470 3523 4509 vo-

265 4539 546 4611 παραδοὺς
600 4542 760 4595 αὑτὸν
811 4541 1082 4616 ἐξωτάτῳ,
1137 4547 1212 4610 ὠς
1254 4548 1315 4600 ού
1359 4548 1516 4617 μόνον
1543 4550 1709 4620 ἀργὸν
1742 4551 1837 4603 καὶ

1951 4541 2132 4605 luerit,
2166 4541 2531 4610 iustissimam
2568 4544 2707 4597 feret
2748 4544 2800 4596 in
2830 4557 2950 4598 eum
2988 4544 3345 4608 sententiam,
3384 4554 3522 4601 tene-

265 4631 526 4702 πονηρὸν,
581 4633 716 4687 ἀλλά
757 4636 851 4687 καὶ
895 4637 1110 4708 ἀχρεῖον
1152 4638 1246 4691 καὶ
1293 4640 1598 4710 ἀπόὸλητον
1631 4641 1835 4696 δοῦλον.

265 4721 416 4788 Δόξει
449 4723 552 4794 μὲν
570 4720 662 4777 οὖν
687 4725 1030 4798 ἀπεριέργως
1050 4729 1173 4782 ὅσον
1201 4729 1292 4782 ἐπὶ
1320 4731 1386 4801 τῇ
1404 4729 1692 4802 ἀκολουθίᾳ
1715 4733 1842 4803 περὶ¹

267 4809 362 4864 τοῦ
402 4811 569 4883 μηδὲν
595 4815 990 4887 ἐργασαμένου,
1017 4818 1153 4872 ἀλλά
1187 4818 1602 4889 ἀποκρύψαντος
1641 4821 1702 4874 τὸ
1742 4821 1839 4874 τά-

269 4901 463 4958 λαντον
481 4945 497 4970 ,
519 4905 663 4959 τοῦτ’
698 4909 970 4980 εἰρῆσθαι⁸
999 4911 1122 4964 ἐπεὶ
1153 4910 1212 4964 δὲ
1238 4910 1298 4962 τὸ
1324 4914 1403 4975 είς
1423 4906 1710 4983 ήμᾶςῆκον
1728 4911 1838 4981 (20)

280 4994 592 5066 Ἑϐραϊκοῖς
655 4999 1029 5070 χαρακτῆρσιν
1072 5000 1398 5069 Εύαγγέλιον
1451 5001 1550 5072 τὴν
1608 5001 1840 5073 ἀπειλὴν

269 5087 330 5140 ού
367 5088 512 5143 κατά
541 5088 636 5142 τοῦ
680 5091 1094 5162 ἀποκρύψαντος
1124 5093 1349 5164 ἐπῆγεν,
1395 5093 1531 5148 ἀλλά
1573 5094 1714 5148 κατά
1746 5095 1839 5148 τοῦ

339 5177 384 5212 ’⁷
416 5179 607 5236 Μιιιίι.
647 5196 776 5246 xxv,
799 5182 886 5238 14.

341 5271 454 5345 (178)
499 5271 633 5328 Utor
665 5274 767 5329 hoc
786 5276 980 5345 verbo,
1014 5277 1152 5340 quod
1173 5286 1260 5330 est
1291 5274 1342 5328 in
1385 5275 1704 5345 fragmentis
1731 5291 1830 5327 an-

270 5341 596 5409 tiquissimis
625 5344 827 5398 veteris
851 5343 991 5402 Itala:
1020 5345 1210 5400 Matth.
1241 5360 1353 5407 xix,
1375 5341 1527 5410 l2,'a
1561 5361 1646 5400 me
1669 5346 1830 5399 editis

266 5425 387 5485 cuin
410 5413 921 5485 sanctiAugustini
949 5415 1182 5483 genuino
1213 5413 1473 5485 Speculo_;
1529 5417 1692 5485 idque
1735 5429 1829 5467 vo-

267 5480 518 5555 caliulnni
571 5483 624 5555 in
674 5480 796 5538 meo
837 5480 1049 5553 quoque
1103 5485 1372 5555 glossario
1423 5480 1620 5553 Spicil:
1659 5494 1700 5538 ι.
1749 5499 1830 5547 ix,

262 5547 382 5622 iure
410 5552 604 5620 scripsi
633 5571 646 5607 :
679 5556 812 5607 Sunt
851 5547 1134 5622 ipadonss:
1173 5564 1307 5616 etc.,
1335 5556 1424 5622 qui
1454 5547 1508 5608 ιε
1547 5556 1685 5622 ipsos
1711 5570 1834 5621 spa-

265 5618 590 5694 doasavsrttut
623 5638 838 5688 promer
861 5618 1094 5694 regnant.
1119 5618 1373 5694 'Quopio
1395 5618 1687 5694 sensu,_et
1721 5618 1837 5691 qni-

264 5691 384 5761 dent
426 5692 533 5746 huc
592 5691 1118 5761 respiciensfetiam
1169 5692 1538 5748 Tertullianus
1589 5692 1664 5746 De
1709 5694 1835 5746 cuit.

263 5757 383 5884 ϐοῒ
407 5775 485 5830 ιι,
502 5762 658 5832 dixit,
675 5757 731 5817 ss
757 5765 1074 5832 spadonatui
1096 5766 1366 5836 assignant
1393 5773 1606 5833 propter
1623 5777 1839 5829 regnum

311 5846 340 5884 s
365 5868 381 5884 .

311 5846 381 5886 ει.

1945 4631 2129 4685 nebris
2183 4631 2550 4687 exterioribus
2595 4625 2741 4686 eum'
2784 4631 3028 4698 tradens,
3086 4647 3192 4686 non
3253 4636 3412 4687 modo
3466 4643 3521 4688 ut

1941 4722 2228 4777 socordem
2259 4730 2314 4776 et
2340 4735 2590 4790 nequam,
2620 4736 2808 4776 verum
2842 4723 3007 4777 etiam
3046 4732 3105 4776 ut
3143 4723 3391 4778 inutilem
3430 4723 3522 4779 do-

1944 4828 2141 4882 moque
2186 4813 2496 4883 pellendum
2545 4812 2829 4868 famulum.
2871 4814 3158 4869 Videbitur
3197 4830 3327 4885 ergo
3360 4830 3522 4885 appa-

1945 4914 2145 4972 renter,
2176 4904 2320 4960 haud
2350 4905 2486 4959 satis
2510 4916 2766 4959 accurate
2799 4905 2943 4974 quod
2966 4906 3160 4959 attinet
3180 4908 3245 4960 ad
3267 4921 3521 4960 sensuum

1949 4997 2250 5066 sequelain,
2284 4995 2388 5050 hoc
2422 4997 2488 5050 de
2532 4996 2627 5051 illo
2659 4997 2828 5050 fuisse
2879 4996 3083 5050 dictum
3107 4997 3200 5066 qui
3235 4996 3368 5051 nihil
3394 5012 3520 5067 ope-

1955 5105 2082 5146 rans
2137 5090 2402 5145 talentum
2456 5088 2766 5144 abscondit.
2826 5088 2985 5145 Certe
3032 5092 3176 5160 quod
3241 5090 3522 5146 Hebraicis

2003 5270 2118 5359 (ξεξ)
2162 5271 2303 5359 .899
2331 5271 2797 5359 nomine“
2830 5271 3405 5359 Irasmmsmssue
3453 5277 3520 5356 ad

1934 5340 2104 5427 verba
2151 5340 2409 5427 extrema
2459 5340 2775 5427 π-αραδιρσει
2820 5340 2972 5427 δίκη.
3024 5340 3414 5427 genii-titulum
3445 5349 3518 5427 “in

1933 5412 2122 5486 codice
2153 5410 2364 5486 A355.
2398 5413 2448 5486 l_i.
2475 5410 2774 5486 Εὑᾳεόίρυ
2802 5412 2869 5476 β.
2905 5410 3233 5486 ((έιιιιὶοίειίο
3260 5428 3420 5480 supra
3441 5415 3518 5486 β.)

1936 5480 2298 5548 Θεοφανειας
2331 5495 2349 5534 :
2386 5479 2624 5544 Eusebii,
2656 5483 2790 5534 libro
2820 5479 3007 5550 quarto
3035 5479 3409 5547 The—aplumire.

2005 5550 2117 5624 (29)
2147 5551 2321 5624 Etiam
2349 5551 2400 5624 in
2429 5552 2649 5624 Syriaca
2681 5551 3138 5624 Theophaniadib.
3170 5565 3243 5624 tv,
3279 5552 3368 5624 12.,
3404 5552 3520 5606 ian-

1938 5619 2033 5677 dat
2058 5620 2328 5675 Eusebius
2358 5619 2638 5689 Evangelii
2670 5619 2954 5687 exemplar
2992 5620 3276 5675 Hebraicis
3305 5621 3388 5688 (id
3436 5634 3520 5678 est

1937 5691 2216 5762 Syriacis)
2270 5690 2464 5744 litteris
2491 5690 2771 5762 scriptum.
2811 5690 2930 5744 Jam
2971 5704 3100 5762 vero
3128 5704 3250 5742 cum
3289 5691 3341 5744 in
3375 5690 3517 5762 κιρ.

1941 5759 2269 5831 bibliotheca
2293 5767 2461 5815 codex
2486 5771 2674 5831 exstet
2691 5759 2952 5831 Syriacus
2990 5760 3090 5815 sub
3112 5774 3339 5813 numero
3373 5759 3521 5829 XIX,

1943 5830 2156 5893 priscus
2199 5830 2335 5887 adeo
2377 5839 2436 5886 ut
2481 5829 2701 5887 Eusebii
2736 5829 2968 5886 'aitatem
3017 5841 3304 5895 exequar:
3365 5843 3522 5887 nosse
