4106 6398
702 375 806 432 687

1417 366 1679 425 EUSEBII
1714 361 2174 422 CESARIENSIS
2208 360 2357 417 OPP.
2400 358 2579 416 PARS
2615 359 2703 414 iV.
2740 386 2811 400 —
2847 354 3260 411 DOGMATICA.

701 491 893 546 litteris
942 488 1308 558 conscriptum
1349 485 1697 556 Evangelium
1744 485 1810 539 ad
1853 498 1951 538 nos
2004 482 2231 544 lenuit,

2336 476 2554 542 ἀσώτως
2592 478 2863 547 ἑξηκότος.
2904 476 3062 547 Τρεῖς
3088 474 3196 544 γὰρ
3233 471 3450 534 δούλους
3494 470 3735 541 περιεῖχε
3754 508 3771 533 ,
3799 471 3885 523 τὸν

701 585 877 639 minas
922 582 1043 637 illas
1090 580 1236 636 baud
1282 588 1470 635 contra
1499 578 1685 641 talenti
1711 576 2115 638 occultatorem,
2142 572 2234 629 sed

697 686 889 732 contra
912 673 1187 728 luxuriose
1212 670 1480 727 viventem
1527 668 1779 724 intendit.
1812 665 1947 723 Tres
1980 665 2122 720 enim
2162 662 2235 721 ibi

700 776 1159 837 representantur
1182 764 1359 825 servi;
1383 762 1521 817 alius
1552 760 1750 816 domini
1779 758 2130 815 substantiam
2152 755 2238 810 de-

694 868 897 909 vorans
923 868 1047 909 cum
1076 850 1444 907 meretricibus
1464 858 1518 902 et
1536 846 1882 910 saltricibus;
1912 844 2051 900 alter
2074 856 2238 913 opere

696 943 1093 1012 multiplicans;
1121 941 1313 996 tertius
1328 939 1583 993 talentum
1601 937 1901 992 occultans.
1932 934 2131 989 Deinde
2158 932 2237 987 ait

695 1049 860 1088 unum
889 1032 1100 1103 quidem
1149 1030 1405 1085 benevole
1451 1038 1755 1097 exceptum,
1792 1027 2015 1083 alterum
2051 1039 2233 1095 repre-

695 1127 923 1182 hensum
955 1123 1344 1183 tantummodo.
1370 1121 1584 1176 tertium
1609 1120 1661 1174 in
1684 1118 1894 1174 vincula
1912 1117 2232 1187 conjectum.

694 1221 939 1291 Ambigo.
980 1233 1048 1272 an
1081 1216 1219 1272 forte
1250 1215 1388 1286 apud
1424 1214 1732 1269 latthaeum
1765 1222 1881 1283 post
1930 1211 2232 1266 absolutum

694 1320 880 1366 contra
910 1310 1155 1380 ignavum
1185 1320 1398 1362 servum
1448 1318 1778 1365 sermonem.
1824 1316 1942 1372 qua
1990 1300 2235 1372 sequitur

690 1400 979 1466 sententia,
1014 1400 1152 1454 haud
1179 1398 1230 1452 in
1257 1396 1420 1460 hunc,
1464 1394 1556 1464 sed
1588 1409 1682 1461 per
1710 1392 2061 1463 epanalepsin
2092 1391 2235 1445 dicta

691 1485 854 1540 fuerit
914 1486 1168 1540 adversus
1238 1480 1604 1539 comedentem
1659 1490 1714 1535 et
1767 1480 2034 1535 bibentem
2108 1494 2233 1533 cum

691 1577 942 1632 ebriosis.

762 1664 886 1719 Haec
931 1663 1093 1734 igitur
1146 1662 1217 1718 ita
1251 1661 1390 1730 apud
1439 1660 1747 1716 Ilattbmnm
1815 1658 1955 1713 dicta
2019 1657 2234 1711 (uerunt

693 1755 748 1810 in
773 1764 953 1810 monte
978 1752 1246 1817 Olearum,
1268 1753 1357 1807 ubi
1378 1752 1636 1810 Senator
1656 1764 1778 1807 cum
1805 1748 2079 1817 discipulis
2103 1763 2235 1803 cono

691 1845 885 1901 sistens
912 1845 977 1900 de
1002 1846 1182 1900 mundi
1228 1842 1686 1898 consummatione
1724 1821 2046 1897 disserebat.
2090 1838 2233 1893 Prae-

695 1936 893 1990 dictam
929 1945 1105 1989 autem
1130 1936 1437 2005 parabolam
1468 1935 1615 1991 solus
1644 1932 1818 1988 Lucas
1844 1937 2232 1987 commemorat

692 2030 946 2094 tanquam
1002 2027 1199 2081 dictam
1230 2041 1259 2080 a
1315 2026 1602 2081 Servatore
1653 2040 1760 2095 quo
1795 2031 2039 2092 tempore
2090 2020 2232 2088 apud

694 2110 1093 2168 Hiericbuutetn
1120 2113 1345 2185 degebat
1374 2114 1442 2169 ⁸⁸.
1472 2113 1650 2183 Quare
1686 2126 1783 2167 nec
1813 2111 2057 2167 eamdem
2092 2109 2233 2165 hanc

690 2219 811 2259 cum
836 2204 921 2258 illa
949 2218 1066 2260 esse
1089 2205 1384 2273 putandum
1406 2215 1513 2269 est.
1540 2203 1795 2274 quoniam
1824 2215 1943 2273 quae
1975 2200 2029 2255 in
2054 2200 2233 2256 amba-

691 2297 792 2351 bus
820 2295 1089 2364 leguntur.
1131 2296 1271 2363 baud
1300 2296 1492 2351 similia
1542 2302 1689 2351 sunt.
1718 2292 1814 2348 llic
1860 2292 2001 2348 enim
2048 2291 2231 2347 decem

691 2386 948 2443 dicuntur
974 2386 1140 2452 servi,
1164 2385 1271 2441 illic
1293 2385 1435 2440 haud
1470 2386 1582 2453 pari
1618 2397 1859 2439 numero.
1910 2381 2008 2436 Hic
2036 2380 2229 2451 singuli

690 2476 928 2547 singulas
952 2476 1126 2531 minas
1146 2475 1434 2547 accipiunt,
1460 2475 1570 2531 illic
1588 2474 1724 2529 alius
1746 2474 1983 2544 quinque
2012 2475 2228 2540 talenta,

706 2568 844 2623 alter
867 2568 994 2632 duo,
1027 2568 1217 2623 tertius
1234 2580 1397 2622 unum
1424 2565 1639 2636 accipit.
1684 2564 1780 2621 Hic
1811 2566 1901 2634 qui
1928 2564 2233 2634 decuplavit

697 2659 920 2725 minam,
949 2657 1101 2713 audit
1126 2673 1143 2712 :
1176 2654 1345 2727 Euge,
1369 2668 1527 2711 serve
1561 2656 1701 2711 bone
1727 2664 1783 2710 et
1803 2653 1995 2719 ﬁdelis,
2018 2656 2141 2724 quia
2176 2656 2229 2709 in

703 2744 925 2800 minimo
950 2744 1096 2801 fuisti
1120 2744 1315 2811 ﬁdelis,
1344 2755 1460 2801 esto
1483 2753 1800 2815 potestatem
1835 2745 2038 2800 habens
2074 2760 2231 2816 super

688 2838 872 2891 decem
901 2837 1082 2893 urbes.
1099 2835 1198 2905 Qui
1223 2847 1402 2893 autem
1433 2852 1499 2893 ex
1526 2853 1625 2894 una
1654 2836 1782 2893 fecit
1807 2836 2063 2908 quinque.
2083 2838 2230 2893 simi-

700 2925 825 2980 liter
838 2926 987 2982 audit
1018 2940 1034 2980 :
1064 2926 1144 2983 Tu
1169 2942 1381 2999 quoque
1411 2942 1569 2998 supra
1630 2927 1861 2998 quinque
1912 2929 2069 2984 urbes
2092 2937 2228 2983 esto.

691 3012 749 3070 In
778 3016 1100 3073 talentorum
1130 3033 1258 3074 vero
1274 3019 1527 3090 parabola
1555 3019 1831 3073 dicebatur
1858 3032 2048 3089 :euge,
2079 3034 2231 3074 serve

2338 572 2433 642 μιν
2478 570 2857 640 καταφαγόντα
2900 569 2996 639 τὴν
3037 564 3268 636 ὓπαρξιν
3310 560 3402 616 τοῦ
3450 561 3712 615 δεσπότου
3752 560 3886 629 μετὰ

2333 662 2546 735 πορνῶν
2586 663 2679 714 καὶ
2709 658 3035 731 αὐλητρίδων
3055 699 3069 723 ,
3108 655 3199 709 τὸν
3243 655 3299 708 δὲ
3342 650 3887 735 τοολλαπλασιάσαγτα

2331 733 2429 818 τὴν
2468 748 2746 818 ἐργασίαν,
2762 747 2852 800 τὸν
2873 746 2928 799 δὲ
2945 741 3365 813 κατακρύψαντα
3382 741 3443 795 τὸ
3462 740 3743 794 τάλαν-τον⁹
3770 733 3886 791 εἶτα

2332 839 2420 891 τὸν
2450 840 2549 909 μὲν
2582 836 2962 907 ἀποδεχθῆναι,
2980 834 3069 888 τὸν
3099 833 3154 887 δὲ
3190 832 3506 903 μεμφθῆναι
3524 827 3811 902 μόνον,τδν
3831 828 3883 881 α

2334 928 2749 998 συγκλασθῆναι
2804 924 3177 997 δεσμωτηρίῳ.
3233 922 3567 991 Ἐφίστημι,
3637 922 3882 991 μήποτε,

2332 1017 2473 1070 κατὰ
2497 1019 2586 1071 τὸν
2606 1015 2895 1076 Ματθαῐον,
2920 1013 3056 1084 μετὰ
3078 1013 3175 1084 τὴν
3196 1010 3586 1082 συμπληρωσιν
3611 1010 3705 1063 τοῦ
3731 1009 3885 1076 λόγου

2330 1110 2429 1181 τὴν
2456 1108 2595 1162 κατὰ
2612 1106 2704 1163 τοῦ
2736 1106 2900 1178 μηδὲν
2914 1105 3285 1178 ὶργασαμένου
3316 1107 3350 1175 η
3380 1104 3506 1174 ἑξῆς
3531 1100 3882 1172 ἐπιλεγομένη

2330 1199 2525 1271 ἀπειλὴ
2552 1200 2611 1252 οὐ
2636 1198 2764 1267 περὶ
2795 1196 2983 1261 αὐτοῦ,
3018 1196 3153 1249 ἀλλὰ
3185 1196 3311 1266 περὶ
3350 1193 3445 1247 τοῦ
3475 1193 3739 1265 προτέρου
3767 1190 3885 1245 κατ’

2331 1290 2662 1361 ἐπανάληψιν
2684 1288 2930 1341 λέλεκται
2952 1288 3044 1341 τοῦ
3068 1286 3331 1349 ἐσθίοντος
3359 1284 3451 1338 καὶ
3481 1285 3725 1349 πίνοντος
3752 1281 3889 1355 μετὰ

2330 1383 2436 1437 τῶν
2470 1382 2789 1453 μεθυόντων.

2399 1651 2582 1705 Ταῦτα
2637 1652 2736 1723 μὲν
2778 1647 2869 1705 οὖν
2907 1650 3079 1715 οὕτως
3109 1650 3319 1722 εἴρηται
3375 1652 3526 1721 παρὰ
3579 1647 3671 1703 τοῦ
3728 1650 3884 1704 Ματ-

2331 1742 2481 1797 θαίου
2507 1743 2600 1797 ἐπὶ
2628 1743 2720 1796 τοῦ
2746 1743 2904 1815 δρους
2947 1742 3055 1795 τῶν
3091 1742 3335 1806 Ἐλαιῶν,
3356 1741 3450 1795 τοῦ
3496 1742 3747 1812 Σωτῆρος
3778 1742 3887 1804 τοις

2331 1833 2491 1887 αὑτοῦ
2548 1833 2814 1904 μαθηταῖς
2856 1835 3103 1897 συνόντος
3155 1833 3249 1886 καὶ
3300 1832 3369 1886 τὰ
3402 1832 3530 1905 περὶ
3564 1831 3665 1902 τῆς
3705 1846 3886 1885 συντε-

2330 1927 2479 1990 λείας
2526 1926 3071 1998 προδιαστελλομένου
3100 1942 3114 1957 ·
3168 1924 3265 1998 τὴν
3297 1924 3355 1979 δὲ
3387 1925 3754 1997 προκειμένην
3789 1942 3886 1978 πα-

2332 2017 2561 2091 ραϐολὴν
2591 2018 2749 2088 μόνος
2771 2020 2983 2084 Λουκᾶς
3021 2019 3520 2091 ἀπεμνημόνευσεν,
3552 2018 3629 2083 ὡς
3658 2018 3753 2072 τοῦ
3780 2019 3885 2073 Σω-

2330 2108 2492 2179 τῆρος
2528 2107 2805 2179 εἰρηκότος
2830 2108 2997 2178 αὐτὴν
3012 2107 3134 2162 καθ’
3156 2108 3216 2163 δν
3242 2108 3428 2180 χρόνον
3454 2106 3513 2161 ἐν
3553 2098 3772 2179 ἰεριχὰ
3793 2106 3886 2170 τὰς

2329 2197 2607 2269 διατριϐὰς
2659 2200 2907 2252 ἐποιεῖτο.
2952 2199 3151 2273 Διόπερ
3196 2198 3317 2254 οὐδὲ
3360 2199 3460 2269 τὴν
3490 2199 3659 2271 αὐτὴν
3709 2197 3888 2273 εκείνη

2329 2287 2531 2359 ταύτην
2586 2282 2723 2341 εἶναι
2755 2287 3107 2359 ὑποληπτέον,
3132 2290 3257 2343 ιπεὶ
3289 2289 3425 2362 μηδὲ
3481 2289 3549 2343 τὰ
3599 2291 3657 2344 tv
3709 2292 3887 2353 αὑτοίς

2332 2380 2601 2452 φερόμενα
2655 2381 2815 2450 ὅμοια
2866 2382 3139 2452 τυγχάνει.
3179 2380 3439 2436 Ἐνταῦθα
3492 2381 3597 2453 μὲν
3626 2382 3737 2454 γὰρ
3759 2382 3887 2435 δέκα

2331 2472 2575 2542 λέγονται
2599 2471 2793 2537 δοῦλοι,
2828 2473 2944 2526 ἐκεῖ
2973 2472 3030 2526 δι
3076 2473 3140 2526 οὐ
3168 2473 3410 2534 τοσοῦτοι
3428 2489 3443 2504 ⁸
3478 2474 3573 2527 καὶ
3599 2473 3831 2527 ἐνταῦθα
3860 2473 3890 2527 6

2333 2561 2516 2627 καθεὶς
2565 2560 2668 2615 ἀνὰ
2722 2560 2850 2633 μίαν
2877 2563 3013 2633 μνᾶν
3044 2561 3328 2633 λαμϐάνει,
3361 2563 3477 2616 ἐκεῖ
3526 2562 3584 2617 δι
3616 2565 3646 2617 6
3681 2563 3780 2635 μέν
3810 2581 3889 2630 τις

2333 2651 2491 2706 πέντε
2517 2652 2770 2715 τάλαντα,
2794 2653 2822 2705 6
2851 2652 2909 2706 δὲ
2933 2652 3045 2715 δύο,
3065 2654 3094 2707 6
3116 2652 3171 2707 δὲ
3208 2653 3285 2706 ιν.
3322 2655 3429 2708 Καὶ
3466 2653 3699 2709 ἐνταῦθα
3718 2656 3747 2707 6
3795 2656 3889 2727 μέν

2330 2760 2413 2809 τις
2469 2742 2903 2809 δεηπλασιάσας
2948 2743 3046 2816 τὴν
3102 2744 3237 2815 μνᾶν
3296 2744 3500 2812 ἁκοιὴι,
3546 2740 3659 2813 Εὖ,
3712 2745 3891 2802 δοῦλα

2331 2833 2513 2902 ἀγαθὲ
2533 2836 2631 2888 καὶ
2660 2834 2858 2899 πιστέ,
2884 2835 2971 2888 ὅτι
2995 2836 3065 2888 ἐν
3094 2835 3395 2903 ἐλαχίστῳ
3425 2837 3641 2903 πιστὸς
3659 2836 3890 2907 ἐγένου,

2334 2926 2456 2979 τσθι
2508 2925 2793 2990 ἐξουσίαν
2836 2927 2992 2994 ἔχων
3040 2926 3238 2979 ἐπάνω
3290 2926 3435 2981 δέκα
3480 2928 3747 2982 πόλεων·
3782 2931 3811 2982 6
3840 2928 3889 2983 δὲ

2332 3017 2431 3088 τὴν
2464 3018 2591 3087 μίαν
2622 3017 2780 3071 πέντε
2802 3018 3051 3089 ’ποιήσας
3089 3016 3294 3082 ἀκούει,
3318 3017 3425 3073 Καὶ
3450 3018 3533 3072 σὺ
3555 3020 3729 3088 γίνου
3753 3019 3889 3074 exs.

691 3106 859 3173 bone;
888 3109 940 3162 in
966 3108 1155 3178 paucis
1177 3108 1326 3164 fuisti
1355 3108 1544 3177 fidelis,
1575 3124 1735 3178 super
1764 3112 1933 3165 multa
1962 3119 2015 3165 te
2038 3109 2231 3166 consti-

2334 3124 2417 3160 νω
2443 3107 2621 3162 πέντε
2644 3109 2895 3162 πόλεων.
2947 3108 3036 3161 Ἐν
3064 3107 3122 3161 δδ
3150 3111 3216 3180 τῇ
3249 3107 3359 3162 τῶν
3397 3108 3671 3163 ταλάντων
3712 3127 3886 3189 παρα-

693 3209 840 3255 tnam
865 3218 882 3268 ;
909 3202 1051 3257 intra
1078 3202 1132 3255 in
1156 3201 1407 3272 gaudium
1438 3202 1639 3259 domini
1665 3202 1763 3258 tui.

759 3470 874 3539 Age
916 3482 1044 3523 vero
1087 3468 1353 3537 parabolae
1392 3468 1817 3538 explanationem
1870 3470 1936 3525 ad
1984 3484 2235 3543 compen-

685 3563 833 3617 dium
862 3558 1233 3627 eonferentes,
1264 3560 1336 3615 ita
1365 3560 1619 3616 dicimus.
1653 3563 2075 3618 Arbitrabantur
2103 3578 2235 3618 non-

684 3654 834 3721 nulli,
860 3652 1034 3722 primo
1064 3651 1369 3707 Servatum
1390 3653 1558 3708 nostri
1586 3652 1815 3707 adventu
1858 3666 2081 3722 regnum
2116 3654 2233 3725 ejus

684 3746 821 3813 fore,
850 3744 1010 3814 idque
1032 3752 1158 3799 tunc
1187 3743 1522 3813 incepturum
1556 3744 1940 3800 existimabant
1963 3746 2143 3801 statim
2168 3761 2233 3803 ac

594 3903 603 3912 υ
684 3835 1052 3907 Hierosolyma
1111 3836 1463 3891 ascendisset.
1502 3836 1651 3890 Adeo
1705 3835 1825 3891 illos
1878 3836 2232 3894 admiratione

682 3926 1029 3996 perculerant
1072 3934 1281 3994 patrata
1327 3925 1396 3981 ab
1457 3926 1575 3997 ipso
1627 3925 1903 3982 miracula.
1961 3926 2233 3991 Adversus

684 4016 826 4071 hanc
840 4015 1148 4085 opinionem
1176 4015 1433 4071 Servatur
1457 4018 1643 4081 docet,
1684 4016 1824 4071 haud
1858 4026 1984 4072 ante
2008 4032 2038 4071 a
2073 4017 2233 4074 Patre

682 4122 743 4163 se
769 4120 992 4176 regnum
1022 4115 1395 4175 accepturum,
1434 4120 1593 4173 quam
1633 4121 1857 4178 peregre
1898 4108 1968 4162 ab
1995 4109 2231 4165 homini-

682 4200 781 4254 bus
808 4199 876 4253 ad
907 4196 1122 4253 Patrem
1152 4197 1369 4252 abierit.
1407 4195 1461 4261 Id
1490 4212 1619 4251 vero
1652 4199 1755 4254 bac
1797 4201 2045 4268 parabola
2088 4200 2232 4256 aﬂir-

682 4290 849 4345 mavit
878 4289 1066 4344 dicens
1098 4304 1115 4343 :
1146 4287 1319 4342 Homo
1342 4287 1558 4358 quidam
1593 4290 1780 4345 nobilis
1809 4293 1935 4345 abiit
1974 4294 2030 4346 in
2063 4294 2232 4363 regia.

681 4394 795 4433 nam
821 4377 1178 4447 longinquam,
1207 4387 1261 4429 tu
1282 4376 1535 4443 acciperet
1558 4378 1656 4431 sibi
1680 4395 1914 4449 regnum,
1939 4390 1987 4433 et
2010 4384 2229 4447 rediret;

2334 3198 2461 3271 ϐολῇ
2523 3200 2758 3269 ἐλέγετο,
2810 3199 2918 3265 Εὖ,
2977 3198 3159 3254 δοῦλε
3214 3200 3426 3271 ἀγαθὲ,
3466 3202 3566 3257 ἐπὶ
3610 3203 3785 3274 ὀλίγα
3819 3203 3886 3273 ἦ(

2332 3291 2566 3357 πιστὸς,
2592 3291 2690 3344 ἐπὶ
2721 3288 2966 3345 πολλῶν
2998 3306 3073 3345 σε
3098 3291 3480 3361 καταστήσω·
3531 3294 3772 3351 clama
3810 3298 3887 3365 εἰς

2331 3381 2447 3449 τὴν
2470 3381 2660 3451 χαρὰν
2683 3382 2790 3437 τοῦ
2819 3383 3040 3451 Κυρίου
3072 3398 3210 3437 σου.

2399 3473 2509 3543 Τήν
2540 3490 2604 3542 γε
2658 3473 2763 3545 μὴν
2818 3475 2898 3538 είς
2955 3473 3055 3545 τὴν
3095 3474 3406 3548 παραϐολὴν
3450 3475 3745 3549 ἑρμηνείαν
3776 3480 3879 3533 ἑπι-

2329 3564 2645 3635 τεμνόμενοί
2679 3582 2858 3636 φαμεν
2881 3581 2895 3596 ·
2938 3566 3234 3621 ’Υπέλαϐόν
3261 3583 3404 3631 τινες
3433 3568 3573 3623 κατὰ
3600 3569 3704 3642 τὴν
3745 3569 3884 3643 πρώ-

2328 3673 2428 3728 την
2444 3655 2536 3709 τοῦ
2560 3656 2810 3728 Σωτῆρος
2834 3656 2989 3727 ὴμῶν
3026 3658 3329 3729 παρουσίαν
3356 3659 3455 3730 τὴν
3488 3659 3767 3730 βασιλείαν
3798 3664 3887 3715 αὐ-

2328 3748 2423 3801 τοῦ
2453 3748 2807 3819 γενήσεσθαι·
2832 3750 2937 3803 -καὶ
2966 3747 3123 3803 τοῦτο
3172 3748 3418 3821 ἐνόμιζον
3444 3751 3661 3807 ἔσεσθαι
3719 3771 3889 3827 παρα-

2330 3838 2515 3909 χρῆμα
2535 3839 2655 3892 τότε
2682 3838 2896 3894 ἐπειδὰν
2929 3839 3090 3910 ἐπιϐῇ
3118 3843 3229 3903 τοῖς
3271 3841 3693 3914 Ἰεροσολύμοις·
3723 3844 3890 3909 οὕτως

2330 3928 2653 4000 ἐξέπληττον
2699 3930 2893 3993 αὐτοὺς
2930 3929 2988 3982 al
3030 3929 3342 4001 θεοσημεῖαι
3389 3933 3480 3987 ὑπ’
3512 3933 3676 3987 αὑτοῦ
3710 3951 3890 3988 συντι-

2330 4017 2605 4088 λούμεναι.
2643 4020 2785 4092 Πρὸς
2809 4019 2871 4089 δὴ
2892 4013 2984 4074 οὖν
3012 4018 3215 4089 ταύτην
3244 4020 3343 4092 τὴν
3368 4022 3622 4077 ὑπόνοιαν
3640 4025 3670 4078 6
3704 4025 3891 4099 Σοηὴρ

2329 4106 2587 4173 διδάσκει,
2618 4108 2693 4179 μὴ
2726 4108 2981 4181 πρότερον
3007 4107 3168 4164 αὑτὸν
3209 4111 3360 4183 παρὰ
3398 4111 3491 4166 τοῦ
3533 4113 3749 4185 Πατρδς
3796 4116 3893 4186 τὴν

2333 4196 2604 4268 βασιλείαν
2647 4199 3036 4272 ἀπολήψεσθαι,
3081 4201 3112 4272 ἢ
3172 4202 3272 4275 τὴν
3315 4203 3625 4276 ἀποδημίαν
3678 4205 3775 4278 τὴν
3835 4206 3891 4272 ιε

2331 4289 2630 4362 ἀνθρώπιον
2660 4290 2793 4364 πρὸς
2836 4290 2925 4343 τὸν
2973 4292 3191 4363 Πατέρα
3246 4293 3573 4349 στείλασθαι.
3624 4294 3797 4349 Τοῦτο
3836 4294 3891 4349 δὲ

2331 4381 2417 4435 διὰ
2458 4381 2557 4452 τῆς
2605 4381 2915 4453 παραϐολῆς
2965 4384 3237 4456 παρίστη,
3287 4385 3497 4455 λέγων’
3560 4388 3892 4455 Ἄνθρωπός

682 4467 913 4520 nobilem
944 4466 1159 4535 quidem
1186 4474 1355 4522 semet
1386 4466 1662 4536 appellans
1700 4477 1911 4539 propter
1960 4472 2228 4544 carnalem

2331 4489 2419 4538 τις
2465 4473 2714 4542 εὐγενὴς
2762 4473 3050 4542 ἐπορεύθη
3094 4476 3182 4541 εις
3237 4474 3437 4543 χώραν
3484 4477 3746 4545 μακρὰν,
3787 4480 3891 4531 λα·

683 4559 1015 4612 nativitatem
1068 4572 1229 4627 quam
1267 4573 1334 4613 ex
1367 4559 1701 4623 Abrahamo,
1748 4559 1951 4628 lsaaco,
2008 4562 2231 4627 Iacobo,

683 4646 904 4714 Davide,
936 4658 1096 4718 atque
1125 4650 1316 4703 borum
1347 4650 1580 4719 posteris
1604 4651 1831 4707 sortitus
1871 4664 2009 4707 erat.
2053 4652 2232 4719 Quare

682 4749 735 4795 et
762 4740 1029 4796 hominem
1058 4755 1116 4796 se
1170 4742 1484 4797 nominavit.
1516 4743 1645 4797 Dum
1678 4758 1803 4799 vero
1833 4743 1909 4797 ait
1934 4744 2229 4813 profectum

682 4833 735 4887 in
766 4831 1032 4902 regionem
1064 4832 1431 4901 longinquam,
1463 4848 1615 4887 suum
1666 4833 1717 4886 in
1753 4832 1948 4888 cmlum
1992 4834 2057 4888 de
2090 4843 2228 4888 terra

683 4920 913 4973 reditum
951 4919 1297 4988 signiﬁcavit.
1343 4921 1563 4977 Addens
1618 4921 1865 4991 denique.
1898 4936 1957 4977 se
2010 4935 2230 4995 accepto

682 5023 848 5077 regno
876 5022 1237 5074 reversurum,
1280 5013 1570 5066 secundum
1620 5026 1773 5065 suam
1819 5013 2227 5080 theopbaniam,

682 5099 967 5164 gloriosam
991 5108 1151 5169 atque
1174 5100 1429 5171 regalem,
1456 5100 1745 5155 denotavit.
1776 5101 1944 5157 Porro
1966 5106 2231 5174 praedicta:

686 5199 925 5259 tempore
954 5190 1403 5257 peregrinationis
1429 5204 1618 5244 servos
1647 5191 1790 5246 illius
1820 5192 1949 5247 dicit
1977 5205 2229 5263 acceptas

685 5281 857 5334 minas
910 5281 1124 5337 diverso
1169 5297 1421 5338 successu
1478 5281 1645 5338 fuisse
1704 5285 2004 5353 negotiatos
2034 5305 2047 5342 :
2080 5288 2230 5343 cives

685 5383 807 5427 vero
834 5372 1072 5442 ejusdem
1111 5374 1213 5442 ipsi
1262 5373 1519 5441 infensos,
1554 5376 1716 5430 missa
1770 5385 1889 5447 post
1930 5392 2050 5433 eum
2086 5380 2229 5453 lega-

752 5486 797 5518 "'
824 5487 949 5543 Luc.
981 5503 1093 5552 xu.
1123 5487 1209 5542 12.

686 5582 965 5656 videatur;
1015 5584 1180 5656 isque
1220 5584 1396 5656 lingua
1454 5586 1737 5644 Palaestina
1809 5595 2079 5650 contineat
2142 5611 2215 5651 ss.

2339 4561 2462 4616 δεῖν
2522 4561 2711 4628 ἐαυτῷ
2776 4564 3101 4628 ,Βασιλείαν
3167 4566 3265 4619 καὶ
3334 4566 3710 4636 ὑποστρέψαι
3728 4585 3743 4599 ·
3804 4568 3889 4623 εὐ-

2335 4656 2464 4725 γενῆ
2509 4655 2605 4727 μὲν
2642 4657 2831 4710 ἑαυτὸν
2885 4655 3065 4710 καλῶν
3111 4655 3199 4711 διὰ
3246 4655 3345 4728 τὴν
3382 4658 3523 4711 κατά
3582 4659 3760 4731 σάρκα
3803 4659 3889 4729 γέ-

2335 4764 2475 4801 νεσιν
2525 4748 2583 4812 ἐξ
2632 4748 2874 4821 Ἀϐραὰμ
2909 4749 3000 4803 καὶ
3044 4748 3228 4802 Ἰσαὰκ
3285 4749 3378 4804 καὶ
3435 4749 3659 4815 Ἰακὼϐ,
3718 4752 3783 4807 εκ
3831 4768 3888 4806 τε

2334 4839 2494 4895 Δαϐὶδ
2522 4843 2613 4895 καὶ
2642 4840 2752 4895 τῶν
2773 4842 2959 4894 τούτου
2989 4840 3243 4910 διαδόχων
3265 4843 3635 4915 γεγενημένην
3654 4860 3669 4875 ο
3695 4843 3777 4897 διδ
3800 4847 3889 4898 καὶ

2333 4930 2611 5002 ἄνθρωπον
2635 4934 2823 4987 ἑαυτὸν
2846 4930 3111 5003 ὠνόμαζε.
3144 4932 3329 5002 Λέγων
3355 4932 3431 4999 δὲ,
3463 4934 3780 5005 Ἐπορεύθη
3806 4939 3889 5002 εις

2332 5022 2528 5091 χώραν
2552 5025 2807 5095 μακρὰν,
2835 5026 2933 5098 τὴν
2961 5026 3067 5080 ἀπὸ
3087 5026 3189 5098 γῆς
3215 5029 3295 5091 είς
3316 5028 3538 5099 οὐρανὸν
3569 5026 3753 5083 ἄνοδον
3773 5029 3887 5082 ἑαυ-

2328 5115 2419 5167 τοῦ
2439 5117 2531 5187 ὲσή
2541 5134 2723 5187 μανεν.
2743 5118 3040 5190 Ἐπιφέρων
3058 5118 3115 5171 δὲ
3140 5119 3221 5183 τὸ,
3245 5114 3452 5175 λαϐεῖν
3483 5120 3699 5175 ἑαυτοῦ
3723 5119 3888 5185 ﬁam-

2329 5208 2631 5285 λείαν-,καὶ
2658 5209 3054 5278 ὑποστρέψαι,
3075 5211 3173 5281 τὴν
3207 5211 3463 5281 δευτέραν
3496 5212 3662 5266 αὐτοῦ
3701 5214 3887 5286 θεσφά-

2330 5313 2491 5356 νειαν.
2513 5299 2609 5371 τὴν
2638 5298 2843 5363 ἔνδοξον
2861 5304 2955 5354 καὶ
2978 5299 3279 5373 βασιλικὴν,
3306 5303 3565 5375 παρίστη.
3600 5304 3757 5359 Ἀλλά
3783 5305 3886 5377 γὰρ

2331 5390 2466 5444 κατὰ
2488 5390 2583 5463 τὴν
2604 5392 2879 5463 λεχθεῖσαν
2897 5392 3197 5463 ἀποδημίαν
3219 5396 3344 5459 τοὺς
3368 5396 3465 5465 μὲν
3490 5395 3653 5450 αὐτοῦ
3676 5396 3895 5460 δούλους

2326 5600 2559 5669 comperi
2583 5618 2608 5674 ;_
2628 5600 2702 5657 ita
2730 5612 2785 5657 ut
2812 5600 2875 5657 de
2901 5601 3007 5658 alio
3032 5601 3330 5674 exemplari
3354 5600 3606 5673 loquatur
3628 5601 3879 5661 Eusebius

686 5648 986 5731 Frangelia,
1024 5648 1217 5722 cupide
1250 5648 1490 5731 consului
1522 5674 1647 5731 num
1694 5661 1765 5715 ibi
1818 5664 1931 5719 haec
1962 5648 2216 5731 parabolis

681 5718 757 5775 ita
772 5718 1055 5791 legeretur,
1084 5718 1143 5778 ut
1170 5724 1329 5782 modo
1350 5729 1427 5783 ait
1448 5728 1711 5787 Eusebius
1735 5747 1750 5797 ;
1773 5734 1865 5789 sed
1887 5718 2212 5793 contrarium
