4106 6400
713 344 818 397 695

1405 343 1667 401 EUSEBII
1702 336 2161 397 GESARIENSIS
2196 335 2344 388 OPP.
2385 334 2559 391 PARS
2595 335 2684 392 IV.
2717 367 2785 377 —
2823 334 3234 391 DOGMATICA.

3793 334 3895 389 696

713 472 847 510 mna
877 455 1082 511 lumbos
1113 454 1409 525 pra‘cincti.
1449 455 1672 523 panibus
1707 454 1909 524 azymis
1937 450 2218 522 degustatis

2351 445 2553 514 τροφῆς
2583 462 2640 497 τε
2675 445 2893 515 ἀζύμων
2938 445 3112 515 ἀρτων
3143 444 3497 514 μετίσχοντες,
3533 458 3627 494 και
3651 441 3786 506 πόας
3809 461 3896 496 πι-

711 547 908 616 intybis
931 546 1392 616 etiamappositis.
1419 545 1484 600 de
1521 547 1637 616 loco
1673 545 1725 599 in
1755 544 1949 610 locum,
1997 543 2046 597 id
2070 553 2152 596 est
2181 541 2248 594 de

710 635 1081 706 Egyptiorum
1115 640 1330 706 regione
1357 637 1406 690 in
1431 637 1722 701 desertam,
1751 635 2098 698 transierunt.
2127 633 2248 688 Haec

710 725 782 777 illi
817 740 975 794 agere
1025 725 1078 780 in
1127 725 1388 779 mandatis
1419 725 1740 787 habuerunt,
1781 738 1902 778 cum
1942 723 2084 777 caede
2131 722 2246 776 ovis

706 827 927 883 esuque.
991 814 1342 878 Quamobrem
1399 813 1484 867 illa
1549 828 1613 867 ex
1669 812 1900 884 Egypto
1949 814 2240 880 digressio,

706 917 902 956 nomen
934 901 1208 971 fecitapud
1237 901 1482 957 Hebmos
1511 902 1646 959 festo
1671 907 1952 959 transitus.
1979 905 2240 959 Ca-terum

709 990 822 1046 haec
856 991 908 1045 in
938 991 1099 1059 figura
1140 991 1245 1046 illis
1271 993 1687 1064 contingebant;
1722 996 1888 1049 nostri
1919 1005 2093 1048 autem
2121 1009 2242 1062 gra-

703 1082 775 1132 tia
807 1082 1004 1148 scripta
1033 1082 1246 1135 fuerunt
1277 1084 1340 1137 ⁸⁸.
1369 1084 1541 1152 Atque
1577 1085 1648 1138 ita
1686 1084 1880 1138 Paulus
1922 1086 2240 1154 interpreta-

702 1179 808 1236 tur,
845 1172 968 1226 dum
998 1173 1358 1243 symbolorum
1384 1183 1618 1228 veterum
1653 1176 1928 1230 veritatem
1958 1176 2038 1229 his
2067 1175 2238 1230 verbis

699 1257 867 1323 aperit
897 1274 913 1311 :
950 1273 1072 1312 nam
1108 1257 1312 1312 Pascha
1349 1272 1577 1315 nostrum
1613 1264 1908 1317 immolatus
1953 1275 2024 1317 eu
2056 1263 2236 1317 Chris—

699 1355 779 1398 tus
812 1345 878 1401 “.
905 1346 1133 1401 Causam
1171 1364 1299 1402 vero
1337 1350 1490 1416 hujus
1531 1352 1836 1406 immolandi
1880 1354 2111 1422 Baptista
2157 1357 2238 1411 sic

694 1437 910 1489 exhibet
939 1437 1121 1491 dicens
1152 1455 1164 1490 :
1204 1440 1334 1492 Ecce
1355 1441 1526 1510 Agnus
1563 1441 1681 1503 Dei.
1710 1459 1820 1494 ecce
1851 1445 1937 1511 qui
1966 1443 2093 1497 tollit
2123 1461 2237 1511 pec-

695 1536 811 1576 cata
863 1527 1039 1578 mntidi
1077 1527 1140 1581 “.
1186 1526 1392 1596 Reapse
1435 1530 1675 1591 victima.
1704 1532 1959 1584 malorum
2001 1535 2235 1587 omnium

695 1615 1022 1680 remedium,
1076 1618 1188 1670 neci
1233 1618 1481 1672 traditum
1528 1619 1624 1673 fuit
1666 1621 1964 1675 Servatoris
2021 1637 2231 1690 corpus,

693 1706 831 1772 quod
891 1706 1059 1760 instar
1104 1708 1440 1775 expiationis,
1497 1711 1659 1764 totius
1730 1713 1908 1765 mundi
1958 1724 2230 1780 peccatum

696 1794 933 1848 abstulit.
990 1795 1278 1862 Propterea
1329 1798 1495 1854 lsaias
1547 1800 1688 1854 clare
1742 1803 2102 1856 exclamavit:
2135 1801 2235 1858 Hic

690 1896 898 1952 peccata
928 1897 1105 1941 nostra
1136 1886 1254 1955 fert,
1282 1899 1327 1941 et
1350 1905 1444 1956 pro
1476 1890 1622 1942 nobis
1644 1890 1840 1957 patitur
1869 1891 1932 1944 ⁸³.

758 2062 812 2120 ἢ.
851 2065 1020 2137 llujus
1063 2082 1191 2136 ergo
1224 2069 1472 2130 victimae.
1532 2069 1584 2122 id
1638 2080 1720 2124 est
1780 2071 2082 2129 Servatoris
2141 2090 2229 2143 qm

687 2158 904 2224 proprio
931 2158 1189 2228 sanguine
1243 2160 1529 2213 humanum
1576 2175 1742 2230 genus
1777 2165 2020 2228 salvavit,
2076 2166 2232 2221 intel-

687 2246 998 2300 lectualibus
1060 2247 1198 2316 pasti
1249 2248 1537 2313 carnibus,
1590 2251 1835 2304 videlicet
1895 2254 2229 2322 dogmatibus

684 2347 844 2404 atque
899 2335 1157 2390 doctrinis
1211 2338 1466 2393 caelorum
1532 2353 1750 2410 regnum
1824 2344 2227 2409 nuntiantibus,

685 2425 892 2481 deliciis
923 2427 1114 2481 merito
1149 2427 1347 2483 divinis
1375 2419 1706 2485 deliciamnr.
1749 2430 1852 2486 Sed
1881 2443 1933 2487 et
1966 2433 2068 2487 fide
2098 2449 2225 2506 erga

685 2518 996 2586 sanguinem
1042 2517 1180 2587 ejus,
1233 2534 1387 2588 quem
1425 2535 1519 2589 pro
1566 2533 1748 2577 nostra
1801 2526 1972 2580 salute
2029 2526 2224 2597 lytrum

685 2606 895 2672 obtulit,
924 2609 1116 2662 anima:
1150 2609 1354 2674 domos,
1396 2611 1447 2664 id
1476 2623 1560 2666 est
1589 2627 1836 2682 corpora.
1862 2617 2222 2685 obsignantes,

683 2715 840 2754 omne
871 2716 1040 2770 genus
1084 2702 1444 2757 insidiantium
1471 2705 1767 2759 demonnm
1785 2723 1814 2760 ιι
1843 2709 1992 2762 nobis
2010 2712 2225 2765 submo-

684 2805 911 2856 vemus,
975 2793 1340 2861 transitusque
1399 2795 1788 2851 solemnitatem
1849 2799 2219 2867 celebrantes.

681 2882 910 2935 transire
963 2881 1028 2936 ad
1087 2884 1265 2936 divina
1321 2887 1614 2948 studemus.
1678 2886 1837 2941 veluti
1887 2890 2010 2944 olim
2053 2891 2125 2945 illi
2169 2892 2219 2946 in

677 2973 948 3024 desertum
978 2986 1043 3026 ex
1073 2972 1303 3042 Egypto
1319 2975 1756 3046 commigrarunt.
1794 2975 1866 3029 Ita
1897 2993 1993 3031 nos
2009 2993 2220 3050 quoque

2347 532 2538 602 κρίδων
2589 537 3033 606 προσφερόμενοι,
3088 536 3249 587 τόπον
3279 535 3344 588 ὲκ
3388 535 3550 587 τόπου
3610 531 3890 598 διέϐαινον,

2342 624 2432 675 τὸν
2452 625 2556 676 ἀπὸ
2583 625 2679 694 τῆς
2711 627 3014 693 Αἰγυπτίων
3042 627 3144 697 γῆς
3185 626 3274 680 ἐπὶ
3438 625 3660 698 ἔρημον.
3707 624 3891 678 Ταῦτα

2343 715 2470 781 γοῦν
2495 716 2674 778 αὐτοῖς
2707 719 2838 787 ὁμοῦ
2859 722 2922 789 τῇ
2953 719 3045 772 τοῦ
3076 718 3343 788 προϐάτου
3366 721 3541 788 σφαγῇ
3569 733 3628 770 τε
3657 716 3752 771 καὶ
3778 732 3892 785 τρο-

2342 809 2412 876 φῇ
2443 808 2697 877 πράττειν
2740 811 3136 881 νενομοθέτητο.
3175 810 3363 864 Ἔνθεν
3410 812 3442 880 ἡ
3504 809 3568 876 ἐξ.
3614 807 3885 876 Αἰγύπτου

2343 897 2638 963 μετάϐασις
2664 899 2758 970 τὴν
2794 902 2899 952 τῶν
2945 901 3299 971 διαϐατηρίων
3353 901 3532 962 αὐτοῖς
3576 897 3887 968 ἐπωνυμίαν

2340 987 2594 1059 ἐπλὴρου.
2662 991 2799 1043 Ἀλλ’
2855 994 3080 1055 ἐκείνοις
3137 994 3232 1064 μὲν
3273 992 3511 1056 τυπικῶς
3557 992 3730 1044 ταῦτα
3772 1007 3888 1044 συν-

2339 1077 2567 1141 έϐαινεν,
2615 1081 2823 1152 ἐγράφη
2867 1083 2922 1134 δὲ
2970 1084 3034 1137 δι’
3077 1085 3237 1153 ἡμᾶς.
3289 1083 3395 1135 Καί
3436 1099 3498 1151 γε
3545 1081 3887 1154 διερμηνεύει

2338 1169 2543 1234 Παῦλος
2564 1170 2666 1222 τῶν
2699 1173 2940 1224 παλαιῶν
2994 1172 3268 1244 συμϐόλων
3303 1171 3591 1242 διαφαίνων
3625 1175 3723 1243 τὴν
3753 1173 3885 1242 ὸ.λὴ-

2337 1258 2483 1313 θειαν
2508 1261 2573 1313 δι’
2597 1255 2670 1315 ὧν
2696 1280 2823 1330 φησι
2843 1280 2856 1292 '
2894 1265 2999 1317 Καὶ
3031 1266 3138 1333 τὰρ
3177 1264 3242 1317 τὸ
3266 1264 3477 1331 Πάσχα
3502 1262 3669 1332 ἡμῶν
3709 1265 3883 1330 ἐτύθη

2334 1351 2598 1416 Χριστός.
2631 1353 2702 1404 Τὸ
2715 1353 2769 1406 δὲ
2795 1355 2963 1406 αῐτιον
2987 1355 3077 1407 τοῦ
3100 1356 3318 1425 τυθῆναι
3343 1355 3502 1407 αὑτὸν
3525 1355 3552 1405 ὁ
3580 1352 3885 1423 Βαπτιστὴς

2335 1441 2654 1511 παρίστησιν
2674 1443 2836 1497 εἰπών
2857 1461 2868 1474 °
2909 1445 3018 1497 Ἴδε
3044 1449 3074 1498 ό
3112 1445 3311 1514 Ἇμνὸς
3337 1444 3441 1498 τοῦ
3471 1443 3615 1498 Θεοῦ
3649 1446 3681 1496 ό
3705 1447 3884 1510 alpur

2333 1530 2446 1596 τὴν
2464 1534 2749 1600 ἁμαρτίαν
2771 1536 2874 1589 τοῦ
2897 1537 3141 1604 κόσμου.
3169 1539 3275 1591 Καὶ
3307 1538 3415 1608 γὰρ
3453 1537 3678 1606 σφάγιον
3701 1535 3883 1587 κακῶν

2331 1622 2581 1675 ἀπάντων
2614 1627 2972 1696 ἀποτρόπαιον
3013 1627 3072 1679 τὸ
3103 1627 3257 1697 σῶμα
3294 1627 3353 1679 τὸ
3385 1628 3644 1698 σωτήριον
3673 1625 3751 1696 τῷ
3787 1625 3880 1677 θα-

2335 1712 2477 1782 νάτῳ
2510 1717 2840 1786 παρεδίδοτο,
2866 1718 2892 1769 ὃ
2917 1717 2977 1787 δὴ
3025 1717 3314 1787 καθαρσίου
3341 1717 3492 1786 δίκην
3542 1715 3636 1769 τοῦ
3685 1714 3880 1780 παντὸς

2335 1808 2516 1876 ἀφεῖλε
2537 1809 2740 1878 κόσμου
2767 1812 2860 1881 τὴν
2891 1811 3157 1881 ἁμαρτίαν
3176 1829 3189 1841 ο
3233 1811 3466 1880 κέκραγε
3509 1810 3636 1877 γοῦν
3683 1809 3878 1886 τηλαυ-

2331 1898 2441 1966 γῶς
2483 1900 2744 1962 Ἠσαῖαςο
2805 1897 2990 1966 Οὗτος
3021 1902 3124 1966 τὰς
3171 1901 3453 1971 ἁμαρτίας
3503 1899 3671 1969 ἡμῶν
3722 1899 3878 1970 φέρει

2329 1990 2424 2043 καὶ
2446 1991 2574 2057 περὶ
2612 1991 2776 2058 ἡμῶν
2811 1991 3105 2046 ὀδυνᾶται.

2400 2081 2463 2150 β’.
2500 2082 2697 2136 Τούτου
2735 2085 2797 2154 δὴ
2838 2085 2927 2137 τοῦ
2963 2086 3222 2155 σωτηρίου
3256 2084 3490 2154 θύματος
3543 2083 3635 2136 τοῦ
3667 2082 3743 2152 τῷ
3769 2082 3877 2151 ἰδίῳ

2329 2177 2518 2246 αἵματι
2556 2176 2616 2228 τὸ
2669 2178 2881 2230 πάντων
2933 2177 3230 2247 ἀνθρώπων
3270 2175 3422 2244 γένος
3461 2174 3875 2244 ἀνασωσαμένου

2325 2269 2444 2329 ταῖς
2498 2268 2736 2335 λογικαῖς
2782 2268 2935 2339 σαρξὶ
2990 2268 3341 2338 τρεφόμενοι,
3394 2265 3674 2334 μαθήμασι
3727 2264 3875 2334 δηλα-

2325 2356 2386 2426 δὴ
2417 2358 2508 2409 καὶ
2535 2356 2708 2423 λόγοις
2731 2356 2998 2425 βασιλείας
3021 2355 3258 2425 οὐρανῶν
3282 2353 3740 2420 καταγγελτικοῖς,
3781 2353 3872 2420 τὴν

2326 2447 2463 2500 κατά
2510 2447 2640 2500 Θεὸν
2690 2449 2909 2510 εἰκότως
2956 2447 3243 2516 τρυφῶμεν
3292 2444 3518 2514 τρυφὴν.
3585 2442 3742 2495 Ἀλλὰ
3785 2442 3872 2493 καὶ

2325 2538 2498 2590 πίστει
2531 2537 2623 2590 τοῦ
2647 2540 2872 2608 αἵματος
2899 2536 3082 2599 αὑτοῦ,
3107 2538 3133 2588 ὃ
3153 2537 3214 2605 δὴ
3241 2536 3430 2605 λύτρον
3455 2534 3594 2604 ὑπὲρ
3622 2535 3719 2602 τῆς
3752 2535 3873 2603 ἡμε·

2322 2633 2486 2702 τέρας
2515 2632 2828 2685 ἀντιδέδωκε
2877 2631 3147 2702 σωτηρίας
3165 2670 3179 2692 ,
3208 2632 3333 2692 τοὺς
3361 2630 3538 2699 ψυχῆς
3595 2630 3768 2690 οἴκους
3811 2628 3872 2681 τά

2323 2723 2544 2791 σώματα
2569 2740 2774 2791 καταση
2785 2723 3112 2793 μαινόμενοι,
3143 2723 3249 2774 πᾶν
3275 2721 3428 2789 γένος
3459 2721 3725 2790 δαιμόνων
3756 2721 3871 2771 ὲπι-

2321 2811 2524 2864 ϐούλων
2547 2813 2605 2876 ἐξ
2644 2813 2850 2866 ἑαυτῶν
2879 2812 3249 2880 ἀπελαύνομεν
3270 2827 3282 2838 '
3317 2813 3412 2864 xui.
3441 2811 3537 2881 τὴν
3572 2810 3679 2864 τῶν
3703 2810 3874 2864 διαϐαί-

2318 2905 2517 2974 τηρίων
2549 2906 2738 2976 ἑορτὴν
2780 2905 3165 2969 ἐπιτελοῦντες,
3219 2905 3506 2958 διαϐαίνειν
3571 2902 3872 2974 μελετῶμεν

2320 2992 2409 3042 ἐπὶ
2442 2991 2507 3045 τά
2539 2993 2676 3058 θεῖα,
2712 2994 2784 3056 ὡς
2814 2993 2977 3045 πάλαι
3001 2993 3099 3062 τῆς
3147 2993 3416 3060 Αἰγύπτου
3448 2989 3872 3061 μεταϐεϐηκότες

679 3061 878 3114 invium
901 3063 1167 3130 quoddam
1191 3064 1566 3132 desertumque
1594 3081 1623 3118 a
1648 3067 1828 3120 multis
1849 3068 1946 3120 iter
1970 3070 2216 3134 facimus.

2325 3081 2413 3132 ἐπὶ
2442 3083 2538 3146 τὴν
2568 3082 2787 3152 ἔρημον.
2819 3082 2998 3152 Ταύτῃ
3039 3082 3167 3148 γοῦν
3205 3082 3294 3134 καὶ
3321 3082 3478 3151 ἡμεῖς
3512 3078 3705 3150 ἀτριϐῆ
3755 3094 3870 3133 τινα

682 3163 831 3206 vetus
855 3153 1136 3223 irreligiosi
1170 3155 1370 3209 erroris
1402 3155 1723 3210 fermentum
1751 3159 1926 3212 anima
1956 3161 2221 3229 expellen-

679 3259 779 3314 tes,
826 3262 1060 3316 veraque
1104 3248 1280 3314 intyba
1314 3264 1495 3303 amaro
1542 3257 1598 3304 et
1632 3250 1838 3305 insuavi
1887 3252 2028 3306 victu
2066 3252 2220 3307 simul

677 3347 1025 3405 apponentes.
1063 3337 1296 3406 Tempus
1344 3352 1558 3407 quoque
1589 3338 1945 3395 solemnitatis
1971 3350 2222 3409 opportu-

678 3443 800 3481 num
831 3435 935 3488 est.
964 3426 1102 3479 haud
1138 3427 1189 3479 in
1231 3428 1461 3481 medium
1498 3429 1726 3482 hiemem
1763 3429 2062 3495 incurrens.
2103 3449 2220 3502 quae

642 3519 842 3582 .tristis
901 3526 1016 3582 est;
1077 3533 1248 3588 neque
1298 3518 1530 3573 vicissim
1579 3521 1630 3572 in
1680 3521 1908 3574 mediam
1951 3533 2218 3589 aestatem,

673 3624 781 3678 quo
835 3619 1074 3678 tempore
1123 3608 1332 3664 fervens
1392 3611 1716 3676 solstitium,
1779 3615 2104 3667 versantium
2165 3615 2216 3670 in

672 3702 817 3771 agris
846 3710 1178 3755 venustatem
1210 3702 1432 3764 deterit;
1475 3703 1632 3755 nimis
1673 3705 1797 3756 item
1845 3705 2062 3772 prolixa:
2093 3719 2219 3763 sunt

674 3791 839 3855 horae,
899 3789 1042 3844 haud
1101 3791 1267 3858 aequis
1319 3793 1555 3860 partibus
1617 3792 1820 3847 divism.
1879 3795 1981 3849 Sed
2047 3814 2217 3867 neque

673 3880 976 3934 autumnale
1021 3882 1394 3948 aequinoctium
1434 3882 1725 3950 jucundum
1783 3898 2055 3953 aspectum
2105 3905 2216 3960 prae

671 3986 730 4023 se
760 3968 901 4032 fert,
938 3970 1155 4023 viduato
1185 3986 1336 4038 agro,
1387 3983 1440 4025 et
1488 3973 1600 4026 suis
1652 3973 1910 4030 fructibus
1965 3990 2214 4049 tanquam

673 4060 795 4112 tiliis
856 4060 1101 4128 spoliato.
1151 4061 1403 4129 Superest
1464 4079 1528 4117 ex
1575 4066 1658 4118 bis
1717 4069 1837 4121 anni
1893 4073 2214 4138 temporibus

668 4149 847 4204 laetum
879 4164 994 4215 ver,
1034 4152 1174 4218 quod
1222 4152 1384 4205 totius
1432 4153 1579 4216 anni,
1623 4170 1716 4208 ccu
1767 4161 2010 4228 corporis
2057 4174 2215 4232 caput

666 4247 770 4302 est,
803 4253 924 4293 cum
967 4239 1046 4294 sol
1088 4242 1313 4308 primam
1364 4242 1520 4296 stadii
1574 4245 1655 4297 sui
1699 4258 1903 4313 partem
1955 4251 2210 4314 decurrit.

666 4331 791 4385 luna
829 4339 1005 4386 autem
1046 4333 1250 4400 pariter
1284 4333 1437 4402 pleno
1481 4335 1629 4390 orbis
1676 4339 1755 4391 sui
1806 4339 2002 4397 lumine
2041 4345 2212 4398 noctis

2325 3173 2418 3223 καὶ
2451 3173 2651 3242 ἔρημον
2675 3175 2783 3235 τοῖς
2803 3173 3009 3235 πολλοῖς
3034 3171 3353 3241 πελλόμεθα
3379 3167 3871 3250 πορείανηπαλαιάν

2325 3259 2500 3331 ζύμην
2566 3263 2722 3315 ἀθέου
2776 3263 2977 3333 πλάνης
3045 3263 3143 3331 τῆς
3210 3263 3377 3331 αὐτῆς
3425 3261 3604 3331 ψυχῆς
3673 3260 3871 3330 ὲξόριον

2327 3353 2664 3421 ποιούμενοι,
2699 3354 2790 3405 καί¹
2823 3353 2920 3416 τὰς
2951 3352 3168 3421 ἀληθεῖς
3204 3353 3451 3422 πικρίδας
3499 3352 3587 3406 διὰ
3636 3353 3733 3420 τῆς
3781 3368 3866 3403 πι-

2325 3444 2458 3514 κρᾶς
2501 3443 2591 3495 καὶ
2635 3443 2882 3513 ἀλγεινῆς
2937 3443 3144 3514 διαίτης
3201 3443 3641 3516 προσφερόμενοι.
3690 3442 3797 3495 Καὶ
3840 3442 3868 3495 ό

2323 3533 2506 3605 καιρὸς
2533 3535 2589 3588 δὲ
2618 3537 2714 3606 τῆς
2743 3536 2928 3606 ἑορτῆς
2960 3535 3209 3607 εὔκαιρος
3229 3576 3244 3599 ,
3275 3537 3371 3590 οὐκ
3401 3538 3456 3588 ὲν
3506 3535 3642 3606 μέσῃ
3672 3533 3870 3604 χειμῶ-

2322 3645 2408 3688 νος
2433 3627 2550 3697 ῶρᾳ
2583 3628 2930 3698 παρηγμένος
2950 3645 2962 3661 ο
2993 3628 3214 3695 στυγνὸς
3247 3629 3352 3698 γὰρ
3373 3621 3526 3689 οὗτος
3546 3643 3558 3656 ⁸
3603 3626 3716 3678 ἀλλ’
3767 3624 3867 3677 οὐδ’

2322 3717 2376 3765 ἐν
2405 3715 2549 3783 μέσῳ
2581 3716 2724 3785 θέρει
2749 3715 3074 3785 κατάλληλος
3103 3711 3190 3786 ἦν,
3221 3717 3340 3774 καθ’
3367 3701 3422 3768 ὃν
3477 3717 3512 3785 ἡ
3559 3714 3732 3785 τροπὴ
3760 3713 3866 3781 (ει)

2323 3808 2739 3876 φλεγμαίνουσα,
2779 3808 2886 3860 τῶν
2938 3811 3057 3862 κατ’
3109 3809 3305 3880 ἀγροὺς
3364 3806 3724 3878 σχολαζόντων
3777 3823 3869 3857 πε-

2323 3899 2606 3966 ριαιρεῖται
2656 3897 2716 3949 τὸ
2778 3897 3000 3961 κάλλος·
3056 3897 3360 3950 πλεονεκτεῖ
3411 3897 3465 3949 δὲ
3501 3895 3594 3950 καὶ
3648 3893 3717 3947 τὰ
3761 3892 3866 3945 τῶν

2319 3987 2495 4058 ὡρῶν,
2530 3989 2628 4040 οὐκ
2660 3988 3150 4059 ἐπαμφοτερίζοντα
3170 3992 3234 4058 τῇ
3263 3986 3528 4057 ἰσομοιρία
3556 3986 3687 4055 (25y
3743 4001 3866 4054 μετ-

2318 4078 2528 4149 οπώρου
2550 4079 2657 4150 γὰρ
2690 4079 2894 4149 τροπῆς
2926 4079 3026 4132 οὑκ
3074 4078 3369 4149 ἐπιτερπὴς
3396 4078 3428 4147 ἡ
3461 4077 3574 4139 θέα,
3603 4074 3862 4148 χηρευούο

2321 4185 2418 4239 σης
2455 4169 2551 4237 μὲν
2584 4170 2678 4240 τῆς
2701 4168 2899 4240 χώρας,
2925 4169 3033 4222 τῶν
3077 4171 3121 4223 δ’
3154 4171 3359 4224 οἰκείων
3415 4169 3639 4240 καρπῶν
3689 4168 3765 4232 ὡς
3800 4168 3864 4221 ἂν

2315 4259 2518 4310 τέκνων
2558 4259 3015 4332 ἀπεστερημένης.
3048 4261 3186 4333 Ἔαρ
3239 4260 3301 4330 δὴ
3363 4258 3602 4312 λείπεται
3652 4259 3712 4312 τδ
3743 4276 3864 4328 φαι-

2315 4349 2456 4419 δρὸν,
2486 4349 2513 4401 δ
2537 4349 2598 4419 δὴ
2619 4352 2709 4404 τοῦ
2738 4352 2933 4415 παντὸς
2959 4352 3107 4416 ἔτους
3145 4350 3350 4420 κεφαλή
3378 4367 3460 4414 τις
3488 4346 3576 4403 οἷα
3620 4350 3862 4420 σώματος

665 4434 880 4474 cursum
914 4421 962 4472 in
989 4420 1221 4475 lucidum
1250 4423 1600 4477 transformat
1629 4426 1786 4480 diem.
1819 4430 1942 4494 Ver,
1974 4432 2212 4502 inquam,

2325 4441 2547 4508 ἡγεῖται,
2585 4441 2731 4512 ἡλίου
2789 4443 2884 4512 μὲν
2928 4443 2992 4511 δὴ
3039 4443 3160 4514 ἄρτι
3191 4442 3251 4495 τὸ
3275 4442 3484 4514 πρῶτον
3511 4441 3703 4512 τμῆμα
3726 4441 3861 4495 διιπ-

666 4507 972 4562 hiemalium
1029 4512 1382 4566 tonitruorum
1450 4515 1880 4572 terriculamenta
1945 4521 2210 4589 discutit,

665 4597 819 4665 longa
863 4598 1165 4668 (noctium)
1231 4602 1515 4657 interstitia
1552 4605 1708 4668 tollit,
1753 4623 2011 4675 aquarum
2042 4628 2213 4667 exun-

662 4687 904 4742 dationes
935 4690 1168 4743 cohibet.
1211 4688 1435 4762 Jamque
1485 4710 1619 4748 nova
1662 4697 1971 4763 splendente
2008 4705 2211 4757 sereni-

664 4785 791 4840 tate,
826 4781 1108 4848 tranquilla
1146 4781 1274 4834 fiunt
1310 4787 1685 4853 navigantibus
1713 4791 1902 4852 maria.
1935 4793 2206 4861 sudusque

661 4883 754 4921 aer
781 4877 917 4921 terra
948 4872 1048 4924 iter
1075 4871 1416 4928 facientibus.
1447 4875 1711 4945 Regiones
1745 4877 1956 4933 interim
1987 4883 2038 4935 in
2063 4884 2206 4953 agris

657 4960 1002 5027 gravidantur
1070 4965 1413 5031 seminibus,
1477 4975 1532 5021 et
1606 4968 1866 5025 fructibus
1938 4985 2205 5032 tumentes

659 5051 899 5110 arbores.
951 5051 1043 5106 Dei
1097 5054 1251 5108 donis
1300 5067 1608 5120 exornata‘,
1662 5061 1908 5124 agricolis
1965 5065 2204 5121 laborum

657 5138 956 5190 mercedem
994 5141 1044 5193 in
1076 5141 1445 5200 benedictione
1471 5147 1726 5215 praebent.

2314 4531 2584 4595 πεύοντος,
2621 4533 2843 4604 σελήνης
2881 4534 2924 4586 δ’
2957 4536 3020 4586 ὲκ
3058 4533 3396 4603 παραλλήλου
3441 4533 3735 4602 πλησιφαεῐ
3785 4530 3859 4603 τῷ

2314 4622 2449 4688 φωτὶ
2469 4623 2569 4675 τὸν
2584 4623 2680 4692 τῆς
2708 4625 2896 4686 νυκτὸς
2921 4624 3116 4695 δρόμον
3140 4627 3216 4686 εἰς
3239 4623 3490 4694 λαμπρὰν
3527 4623 3858 4696 μεθαρμοζο-

2315 4713 2477 4785 μένης
2521 4717 2750 4787 ἡμέραν.
2810 4716 2978 4768 Τοῦτο
3022 4715 3135 4768 λύει
3178 4717 3274 4786 μὲν
3322 4716 3542 4769 κτύπων
3569 4715 3856 4787 χειμερίων

2313 4803 2550 4876 φόϐητρα
2577 4803 2707 4874 (26).
2729 4805 2840 4857 λύει
2864 4805 2920 4858 δε
2945 4804 3128 4876 μακρά
3148 4805 3502 4876 διαστήματα,
3530 4804 3864 4876 πλημμύρας,

2311 4889 2513 4945 ὑδάτων
2545 4890 2881 4960 μεταϐάλλει.
2924 4892 3059 4962 Ἤδη
3107 4892 3161 4944 δὲ
3206 4896 3404 4963 νεαρᾶς
3450 4891 3854 4965 ὲπιλαμπούσης

2312 4978 2542 5048 αἰθρίας,
2571 4981 2775 5051 γαλήνη
2805 4981 2901 5049 μὲν
2938 4985 3050 5045 τοῖς
3072 4982 3451 5036 θαλαττεύουσι
3485 4983 3766 5053 καθίστησι
3791 4981 3854 5036 τὰ

2313 5067 2540 5140 πελάγη,
2572 5070 2739 5123 εῠδιον
2765 5071 2820 5123 δὲ
2845 5071 2979 5142 ἀέρα
2999 5074 3106 5136 τοῖς
3135 5073 3272 5128 κατά
3298 5074 3400 5145 γῆν
3441 5074 3736 5146 ὁδοιπόροις
3773 5077 3852 5128 sv-

2309 5158 2508 5214 δίδωσι.
2541 5162 2726 5233 Χῶραι
2755 5161 2797 5214 δ’
2826 5164 2884 5215 ὲν
2927 5161 3097 5234 τούτῳ
3143 5165 3262 5217 κατ’
3308 5165 3508 5241 ἀγροὺς
3562 5162 3851 5235 ἐγκύμονες

659 5229 999 5330 σπερμάτων,
1033 5236 1125 5288 καὶ
1185 5237 1408 5304 καρπῶν
1460 5239 1784 5310 σπαργῶντα
1827 5246 1963 5312 φυτά
2004 5251 2113 5314 τοῖς
2141 5253 2203 5304 ὲκ
2241 5251 2372 5305 Θεοῦ
2438 5229 2649 5326 δώροις-
2689 5256 3044 5329 ἀγαλλόμενα,
3069 5229 3340 5330 γεωργοῖς
3360 5229 3544 5312 πόνων
3567 5229 3667 5322 τάς
3698 5229 3849 5329 ἀμοι-

656 5319 752 5383 ϐὰς
780 5323 835 5375 ὲν
856 5325 1122 5394 εὐλογίαις
1149 5331 1390 5399 παρέχει.

727 5413 771 5444 ⁸⁸
807 5411 822 5464 l
854 5416 974 5470 Cor.
1008 5434 1063 5485 ι,
1097 5422 1183 5474 ll.
1259 5425 1300 5454 "
1335 5425 1350 5476 l
1382 5425 1507 5480 Cor.
1537 5441 1589 5489 ν,
1615 5426 1663 5479 7.
1742 5429 1783 5459 ⁸³
1805 5428 1954 5484 Joan.
1989 5435 2132 5500 1,29.
2209 5438 2218 5466 ‘

2325 5435 2393 5488 ai.
2421 5451 2533 5500 LIII,
2562 5435 2617 5488 4.

724 5505 832 5574 (24)
850 5507 979 5564 Cod.
1004 5514 1279 5568 evidenter
1296 5520 1488 5590 τροφή,
1516 5520 1798 5576 manifesto
1815 5533 1987 5579 tamen
2007 5529 2191 5583 mcndc

655 5584 751 5638 pro
778 5582 968 5638 τροπή.

721 5590 807 5626 οτ
874 5582 968 5648 πή.
1332 5582 1342 5585 ⁷
1405 5582 1416 5586 ⁷
1453 5582 1464 5590 ⁷
2173 5582 2186 5583 7

721 5593 1124 5730 igbfolsoquitur
1157 5654 1468 5730 priscorum
1504 5672 1682 5730 more,
1707 5662 1864 5730 apud
1902 5678 2038 5730 quos
2070 5680 2192 5720 cum

652 5717 756 5766 tam
784 5725 968 5770 aestate
1003 5717 1171 5779 quani
1202 5723 1378 5781 hieme
1419 5726 1532 5782 dies
1580 5717 1834 5785 duodenis
1875 5717 2027 5788 boris
2064 5717 2192 5789 con:

2305 5539 2450 5600 stare
2489 5531 2752 5600 deberet.
2815 5529 2897 5583 ha:
2941 5532 3248 5586 necessario
3308 5538 3490 5584 astate
3543 5529 3837 5600 longior-eeo

2300 5599 2476 5676 manus
2504 5599 2776 5676 Ιιρνίοτθξ
2802 5602 3269 5676 computabantttr.
3307 5671 3339 5676 __
3473 5671 3485 5676 Α
3513 5671 3525 5676 _
3643 5599 3651 5600 ί
3740 5667 3752 5676 .

2373 5667 2482 5742 (26)
2530 5665 2803 5742 Estuosis
2848 5665 2988 5725 enim
3023 5670 3077 5725 in
3120 5671 3424 5742 regionibus
3473 5671 3648 5727 hieme
3683 5667 3840 5725 etiam

2301 5739 2531 5792 tonitrua
2559 5736 2869 5792 audiuntur.
