4106 6450
197 430 259 476 b‘J
267 430 293 474 7

1339 414 1429 470 DE
1468 410 1962 472 SOLEMNITATE
2001 409 2361 466 PASCIIALI.

3365 402 3472 463 698

266 547 336 605 γ’.
373 532 544 602 Οὗτος
588 540 617 591 ὁ
651 539 748 608 τῆς
792 535 983 606 ἐορτῆς
1038 534 1259 604 καιρὸς,
1319 533 1634 601 Αἰγυπτίοις
1693 533 1792 604 μὲν

1965 534 2020 588 5.
2076 532 2186 586 Hoc
2223 529 2582 585 solemnitatis
2633 537 2844 596 tempus
2899 522 3164 595 £gyptiis
3200 525 3475 596 quidem,

198 631 422 702 ὄλεθρον
452 633 566 692 τοῖς
596 630 863 700 δαιμόνων
914 627 1106 696 φίλοις,
1160 625 1434 696 Ἑϐραίοις
1486 625 1543 678 δέ
1593 625 1784 696 ἐορτά·

201 723 354 788 ζουσι
417 723 497 794 τῷ
546 721 682 791 Θεῷ,
729 720 915 773 κακῶν
975 719 1288 790 ἐλευθερίαν
1339 717 1656 788 προύξένει·
1698 712 1786 770 οὗ·

205 831 291 879 τος
319 811 563 885 (26⁸)ῆν
601 814 766 876 αὐτὸς
801 815 1027 874 ἐκεῖνος,
1055 814 1082 863 ὸ
1105 809 1168 880 δὴ
1200 811 1292 863 καὶ
1325 811 1416 862 ἐπὶ
1437 809 1534 878 τῆς
1565 808 1786 879 πρώτης

206 908 294 961 τοῦ
327 909 530 970 παντὸς
552 906 909 975 κοσμογονίας
957 902 1347 974 τετηρημένος,
1376 893 1496 955 καθ’
1538 902 1596 952 ὃν
1637 902 1670 970 ὴ
1711 900 1784 969 γῆ

206 1004 529 1071 ἐϐλάστησε,
557 1001 676 1054 καθ’
699 1001 757 1054 ὃν
783 1001 830 1052 οἱ
861 999 1142 1068 φωστῆρες
1170 998 1436 1064 ἐγένοντο,
1456 995 1575 1048 καθ’
1603 994 1660 1046 ὃν
1697 994 1787 1045 ού-

207 1098 365 1166 ρανὸς
392 1095 482 1148 καὶ
499 1094 567 1163 γῆ
581 1093 940 1163 παρήχθησαν
959 1091 1050 1143 καὶ
1071 1091 1245 1142 πάντα
1267 1087 1334 1141 τὰ
1356 1090 1412 1140 ἐν
1427 1091 1627 1150 αὐτοῖς’
1649 1084 1786 1138 κατὰ

204 1186 391 1248 τοῦτον
414 1187 505 1237 καὶ
533 1187 560 1237 ὁ
578 1184 764 1253 Σωτὴρ
794 1182 888 1235 τοῦ
917 1181 1227 1248 σύμπαντος
1259 1179 1461 1246 κόσμου
1489 1177 1548 1230 τὸ
1583 1178 1679 1246 τῆς
1709 1179 1785 1230 οἰ-

204 1275 356 1338 κείας
379 1275 570 1345 ἑορτῆς
597 1273 869 1338 ἐξετέλεσε
891 1272 1205 1342 μυστήριον,
1235 1271 1327 1323 καὶ
1345 1271 1442 1340 τὴν
1465 1269 1785 1337 οἰκουμένην

205 1370 360 1438 (ιηδ
386 1371 559 1439 μέγας
588 1367 832 1438 φωστὴρ,
854 1365 1129 1428 εὐσεϐείας
1152 1365 1346 1431 αὐγαῖς
1371 1361 1784 1432 κατελάμπρυνε

206 1459 298 1511 καὶ
315 1458 380 1528 δὴ
396 1457 664 1526 γενέθλιον
686 1457 890 1525 κόσμου
909 1455 936 1505 ό
954 1454 1138 1522 καιρὸς
1161 1451 1438 1522 περιέχειν
1453 1451 1614 1502 ἔοικε.
1631 1449 1787 1502 Κατὰ

201 1551 390 1605 τοῦτον
421 1551 477 1603 δὲ
516 1549 607 1602 τὸν
636 1549 828 1619 καιρὸν
855 1549 947 1600 καὶ
972 1546 1137 1609 τύπος
1170 1545 1416 1602 ἐτελεῖτο.
1449 1543 1510 1595 τὸ
1559 1542 1786 1596 παλαιὸν

201 1642 417 1710 Πάσχα,
443 1640 470 1692 ὂ
505 1641 596 1693 καὶ
627 1639 973 1707 διαϐατήριον
997 1637 1209 1706 εἴρηται
1237 1652 1250 1665 ·
1295 1633 1429 1686 and
1458 1634 1550 1686 καὶ
1580 1632 1785 1702 προϐά-

199 1751 293 1786 του
326 1733 543 1802 σφαγῆς
572 1729 840 1801 σύμϐολον
865 1730 1056 1800 ἔφερεν
1082 1745 1090 1752 ·
1134 1725 1266 1779 ἀλλὰ
1295 1725 1386 1778 καὶ
1422 1723 1627 1794 τροφῆς
1661 1723 1788 1787 ἀζύ-

204 1841 320 1893 μων
348 1824 530 1893 ἄρτων
560 1820 804 1890 ᾐνίττετο
834 1819 1036 1871 εἰκόνα.
1061 1817 1244 1868 Ταῦτα
1268 1815 1323 1866 δὲ
1357 1814 1448 1866 ἐπὶ
1472 1813 1567 1875 τὴν
1613 1813 1788 1881 σωτή-

1889 636 2074 694 utpote
2113 624 2419 676 daemonum
2444 620 2664 680 amicis,
2693 617 2964 679 exitium;
3002 615 3242 674 Hebraeis
3287 630 3468 675 autem

1890 720 2056 774 Deum
2093 716 2230 770 festo
2256 717 2363 768 ritu
2394 712 2820 773 celebrantibus,
2842 709 3104 764 malorum
3134 711 3294 766 linem
3329 722 3469 767 attu-

1887 811 1964 864 lit.
1999 808 2111 864 Hoc
2155 808 2296 862 idem
2331 814 2451 860 erat
2485 804 2609 857 anni
2644 814 2879 871 tempus,
2922 800 3064 868 quod
3099 801 3152 855 in
3199 804 3471 872 primitiva

1884 903 2049 956 etiam
2087 900 2322 954 universi
2361 897 2636 951 creatione
2683 894 3036 957 decurrebat,
3078 909 3187 962 quo
3234 905 3474 964 tempore

1889 1005 2032 1048 terra
2083 991 2423 1062 germinavit,
2474 999 2526 1042 et
2591 985 2880 1039 luminaria
2935 986 3261 1040 exstiterunt
3308 1004 3322 1039 ι
3367 1001 3476 1054 quo

1887 1095 2131 1152 tempore
2161 1081 2377 1143 caelum,
2413 1089 2591 1142 terra,
2634 1086 2688 1129 et
2727 1077 2910 1129 omnia
2947 1091 3069 1146 qua:
3107 1077 3160 1130 in
3201 1079 3280 1133 eis
3316 1088 3474 1146 sunt,

1887 1175 2144 1244 producta
2187 1172 2426 1224 fuerunt.
2460 1169 2571 1223 lloc
2600 1170 2716 1237 ipso
2750 1178 2993 1236 tempore
3028 1169 3262 1224 universi
3291 1170 3473 1225 mundi

1888 1268 2145 1322 Servatur
2177 1262 2536 1318 solemnitatis
2565 1276 2674 1314 sum
2708 1261 3024 1329 mysterium
3055 1261 3282 1331 peregit;
3314 1271 3478 1332 atque

1887 1359 2070 1412 urbem
2105 1366 2372 1409 terrarum
2413 1353 2679 1406 luminare
2721 1367 2972 1417 magnum
3007 1367 3150 1406 verm
3201 1354 3480 1424 religionis

1888 1449 2268 1519 splendorihus
2299 1447 2587 1499 illustravit
2609 1486 2624 1507 ,
2659 1444 2957 1512 mundique
3008 1445 3189 1498 natale
3219 1447 3479 1501 reducere

1887 1543 2060 1596 visum
2097 1549 2201 1595 est.
2254 1538 2364 1592 lloc
2399 1547 2643 1605 tempore
2683 1536 2852 1603 [igura
2888 1537 3290 1603 perﬁciebatur,
3326 1549 3480 1594 vetus

1890 1634 2141 1688 nimirum
2173 1630 2380 1684 Pascha
2411 1643 2504 1682 seu
2542 1628 2804 1681 transitus
2844 1645 2855 1679 :
2892 1628 3114 1698 insuper
3144 1631 3308 1682 etiam
3340 1644 3482 1700 sym-

1889 1723 2070 1777 bolum
2100 1737 2250 1774 caesa:
2277 1721 2392 1773 ovis
2427 1720 2589 1772 liehat
2611 1735 2624 1780 ;
2650 1718 2884 1786 denique
2925 1720 3099 1788 azymi
3133 1722 3288 1788 panis
3331 1735 3480 1783 esus,

1890 1814 2140 1882 imaginis
2170 1811 2450 1879 cujusdam
2490 1811 2663 1862 instar
2689 1819 2826 1862 erat.
2865 1811 2994 1875 Qua:
3038 1811 3219 1864 omnia
3251 1813 3302 1864 in
3355 1812 3483 1866 Ser-

204 1931 320 1985 ριον
352 1913 545 1986 ἑορτὴν
592 1911 808 1964 ἅπαντα
845 1906 1280 1978 συνεπληροῦτο·
1311 1906 1371 1957 τό
1393 1921 1446 1956 τε
1489 1904 1596 1972 γὰρ
1646 1903 1781 1972 πρό-

1899 1911 2087 1964 l'atoris
2138 1909 2484 1963 solemnitate
2540 1905 2808 1971 completa
2876 1914 3026 1959 sunt.
3085 1903 3332 1975 Namque
3392 1905 3480 1959 illa

200 2001 553 2064 ϐατονάύτὸς
583 1996 651 2070 ἦν
686 1999 808 2051 καθ’
846 1998 873 2050 δ
917 1997 1222 2067 περιέκειτο
1253 1994 1433 2065 σῶμα.
1473 1992 1639 2054 Αύτὺς
1689 1992 1783 2044 καὶ

201 2096 355 2164 ἥλιος
384 2094 750 2163 δικαιοσύνης,
786 2091 942 2162 ἔαρος
973 2091 1107 2158 δῆτα
1151 2089 1296 2141 θείου
1361 2088 1452 2139 καὶ
1511 2086 1781 2157 σωτηρίου

202 2188 415 2259 τροπῆς
447 2186 553 2240 ἀπὸ
583 2185 841 2255 χειρόνων
873 2184 962 2236 ἐπὶ
995 2181 1061 2234 τὰ
1090 2182 1320 2252 κρείττω
1345 2178 1432 2230 τὸν
1459 2176 1566 2229 τῶν
1584 2174 1786 2245 ἀνθρώς

204 2298 325 2334 πων
359 2279 470 2349 βίον
521 2276 900 2345 διαλαϐούσης.
929 2273 1242 2341 Αἰγυπτίων
1273 2272 1369 2342 μὲν
1396 2268 1642 2338 δαίμοσιν
1677 2268 1785 2317 εἰσ-

204 2376 285 2427 έτι
313 2374 406 2426 καὶ
448 2372 542 2424 νῦν
561 2369 808 2438 θεήλατοι
852 2369 1110 2439 μάστιγες
1153 2363 1620 2431 καταπέμπονται,
1666 2357 1784 2411 λαοὶ

203 2465 262 2517 δὲ
296 2461 570 2532 πανταχοῦ
600 2462 704 2530 γῆς
732 2459 1007 2520 οἰκοῦντες
1040 2457 1138 2526 τὴν
1171 2453 1319 2522 σφῶν
1345 2451 1652 2520 ἐλευθερίαν
1688 2447 1785 2517 τὴν

208 2559 272 2610 ἐκ
295 2557 397 2626 τῆς
447 2552 818 2614 πολυπλανοῦς
839 2551 1125 2619 ἀθεότητος
1160 2545 1416 2618 ἐορτάζου
1427 2562 1496 2595 σι.
1524 2543 1642 2594 Τῶν
1666 2541 1788 2591 λαοι-

207 2644 428 2698 πλανῶν
455 2644 513 2696 δέ
554 2642 880 2712 πνευμάτων
933 2637 1296 2706 πεπαυμένων
1317 2678 1330 2694 ,
1390 2635 1482 2685 καὶ
1525 2630 1790 2702 χειμῶνος

210 2736 420 2799 κακῶν,
451 2733 652 2788 καινῶν
686 2731 915 2802 καρπῶν
960 2729 1184 2799 εὐφορία
1209 2727 1479 2797 διαφόροις
1521 2725 1792 2795 χαρίσμα-

210 2845 296 2882 σιν
328 2826 485 2895 ἁγίου
502 2825 820 2895 Πνεύματος
843 2823 941 2894 τὴν
993 2821 1316 2891 Ἐκκλησίαν
1357 2819 1451 2871 τοῦ
1484 2818 1618 2871 Θεοῦ
1674 2834 1794 2868 στε-

207 2919 400 2990 φανοῖο
431 2917 525 2971 καὶ
553 2915 738 2978 άπλῶς
775 2917 881 2968 πᾶν
911 2915 1063 2982 γένος
1091 2912 1394 2982 ἀνθρώπων
1441 2910 1532 2960 ἐπὶ
1559 2910 1620 2961 τὸ
1653 2910 1794 2979 ἡμέ-

207 3027 369 3080 τερον
395 3007 794 3079 μεταϐέϐληται
815 3021 827 3034 ·
857 3005 1031 3076 χῶραι
1057 3004 1112 3056 δὲ
1138 3005 1331 3064 πᾶσαι,
1357 3001 1489 3071 πρὸς
1512 3000 1605 3052 τοῦ
1624 3017 1798 3070 γεωρ-

208 3101 312 3171 γοῦ
369 3100 536 3168 Λόγου
580 3099 678 3168 τῆς
709 3097 850 3151 κατὰ
901 3096 1078 3167 ψυχὴν
1128 3094 1402 3164 γεωργίας
1424 3092 1701 3161 τυχοῦσαι,
1730 3091 1798 3143 τά

1886 2004 2024 2065 ovis,
2086 2002 2198 2062 ipse
2253 2009 2390 2056 erat.
2438 2007 2707 2065 quatenus
2771 2011 2973 2065 corpus
3035 1996 3481 2064 circumpositmn

1888 2094 2143 2147 habebat.
2175 2093 2292 2160 Ipse
2329 2091 2493 2143 etiam
2523 2088 2601 2141 sol
2624 2087 2850 2154 jus-tilia:
2878 2129 2892 2152 ,
2930 2102 3055 2141 cum
3087 2087 3198 2155 jam
3230 2103 3323 2141 ver
3347 2089 3484 2142 divi.

1890 2202 1973 2240 me
2002 2186 2170 2239 saluta
2184 2186 2363 2252 risque
2397 2182 2778 2237 conversionis
2807 2195 2836 2233 a
2876 2181 3240 2240 deterioribus
3283 2181 3336 2233 ln
3364 2196 3481 2234 me-

1889 2280 2048 2339 liora,
2088 2277 2366 2330 hominum
2415 2273 2656 2327 moribus
2701 2273 3040 2340 supervenit.
3103 2270 3482 2343 Egyptioruut

1890 2371 2075 2437 utique
2115 2369 2452 2421 dzemonibns
2512 2379 2658 2417 nunc
2691 2365 2856 2416 etiam
2899 2363 3072 2434 plaga:
3101 2365 3479 2432 imponuntur,

1893 2462 2072 2530 populi
2100 2461 2298 2528 ubique
2333 2469 2604 2512 terrarum
2643 2456 2946 2510 incolentes
2975 2456 3287 2512 libertatem
3329 2470 3484 2510 suam

1892 2570 1919 2607 a
1974 2552 2296 2607 multiformi
2356 2548 2777 2617 irreligiositatis
2810 2561 3000 2601 errore
3054 2548 3300 2603 hilariter
3343 2547 3488 2602 cele-

1893 2647 2071 2700 brant.
2144 2644 2482 2710 Compressis
2527 2655 2657 2709 ergo
2713 2639 3097 2708 deceptoribns
3163 2640 3482 2709 populorum

1893 2738 2175 2808 spiritibus
2216 2745 2269 2788 et
2319 2735 2583 2789 malorum
2641 2734 2842 2792 hieme,
2893 2747 3154 2786 novorum
3206 2731 3484 2784 fructuum

1896 2831 2112 2883 ubertas
2135 2827 2299 2880 variis
2344 2827 2517 2879 sancti
2567 2826 2809 2894 Spiritus
2853 2824 3011 2877 donis
3048 2824 3141 2878 Dei
3183 2823 3487 2876 Ecclesiam

1897 2929 2162 2983 exornat;
2221 2930 2384 2986 atque
2439 2926 2499 2970 ut
2554 2917 2868 2971 summatim
2920 2915 3126 2979 dicam,
3172 2915 3491 2969 univean

1898 3013 2179 3068 hominum
2231 3026 2402 3079 genus
2456 3009 2525 3063 ad
2589 3017 2774 3075 partes
2851 3017 3071 3062 nostras
3153 3007 3492 3066 transilivit;

1899 3114 2108 3160 cunctae
2140 3104 2391 3174 regiones
2418 3118 2446 3155 a
2487 3102 2665 3156 Verbo
2693 3100 2931 3168 agricola
2978 3101 3174 3153 animae
3221 3099 3493 3154 culturam

209 3195 391 3265 ὡραῖα
429 3192 528 3262 τῆς
569 3191 772 3262 ἀρετῆς
813 3188 947 3257 ἄνθη
981 3187 1409 3257 βεῶαστὴκασιν
1436 3203 1450 3215 ο
1508 3184 1643 3239 ἀλλὰ
1705 3184 1796 3236 καὶ

1902 3207 2159 3268 expertae,
2187 3195 2444 3266 pulchros
2470 3194 2690 3248 virtutis
2715 3193 2877 3248 ﬂores
2902 3192 3280 3264 germinarunt
3316 3209 3332 3246 :
3367 3207 3496 3246 nos-

210 3264 321 3340 τῶν
347 3284 442 3339 τοῦ
490 3284 713 3344 σκότους
752 3281 938 3334 κακῶν
985 3279 1442 3350 ἠλευθερωμένοι,
1504 3275 1680 3347 φωτὸς
1733 3275 1791 3328 ἐν

1899 3264 1999 3360 que
2050 3264 2287 3344 tenebris
2346 3291 2614 3342 malorum
2677 3286 2886 3353 erepti,
2946 3285 3067 3339 luce
3120 3285 3265 3353 digni
3320 3284 3494 3342 habiti

211 3380 398 3453 ἡμέρα
424 3377 560 3431 Θεοῦ
584 3376 839 3445 γνώσεως
877 3371 1312 3443 κατηξιώθημεν.

291 3473 355 3525 δ’.
372 3467 608 3523 Τοιαῦτα
637 3467 706 3521 τά
725 3465 886 3520 καινὰ
907 3464 1202 3535 μαθήματα
1227 3463 1392 3517 πάλαι
1413 3464 1509 3533 μὲν
1536 3464 1621 3517 διὰ
1656 3481 1794 3534 συμ-

212 3564 388 3618 ϐόλων
430 3559 856 3630 ἐπεσκιασμένα,
911 3557 1104 3610 νεωστὶ
1153 3556 1209 3609 δὲ
1239 3558 1319 3617 εἰς
1352 3556 1466 3624 φῶς
1527 3558 1797 3610 ἀνακεκαο

213 3654 488 3725 λυμμένα.
519 3655 629 3706 Καὶ
655 3652 719 3723 δὴ
750 3651 848 3704 καὶ
873 3651 1036 3719 ἡμεῖς
1057 3647 1116 3700 τὺ
1152 3645 1444 3715 κεφάλαιον
1482 3647 1581 3717 τῆς
1606 3648 1798 3717 ἑορτῆς

215 3749 434 3801 κύκλιον
467 3747 578 3819 (28)
613 3744 880 3817 περιόδοις
904 3742 1021 3795 καθ’
1039 3742 1266 3794 ἕκαστον
1285 3742 1400 3802 ἔτος
1415 3741 1799 3812 ἀναζωπυροῦ-

220 3856 344 3908 μεν,
363 3837 635 3909 προέορτα
675 3836 776 3906 μὲν
809 3834 1267 3906 προπαρασκευῆς
1287 3834 1449 3886 ἕνεκα
1469 3834 1568 3903 τὴν
1601 3850 1800 3886 τεσσα-

221 3930 456 4006 ρακονθή
466 3947 628 4001 μερον
644 3929 873 3998 ἄσκησιν
892 3945 967 3980 πα
974 3926 1110 3998 ραλα
1118 3927 1410 3996 μϐάνοντες
1429 3926 1570 3978 κατὰ
1589 3926 1679 3978 τὸν
1695 3924 1802 3976 τῶν

223 4025 396 4092 ἁγίων
431 4021 588 4091 ζῆλον
620 4021 895 4082 Μωῦσέως
927 4019 1020 4072 καὶ
1060 4018 1259 4082 Ἡλίου,
1291 4019 1388 4088 τὴν
1409 4018 1465 4070 δέ
1495 4018 1684 4088 ἑορτὴν
1707 4016 1804 4068 αύ-

223 4119 322 4185 τὴν
345 4118 426 4179 εἰς
457 4115 686 4184 άληστον
725 4111 896 4166 αἰῶνα
927 4110 1326 4182 άνανεούμενοῐ.
1357 4108 1468 4180 Τὴν
1504 4108 1633 4177 γοῦν
1668 4106 1804 4178 πρὸς

225 4211 316 4263 τὸν
370 4206 502 4260 Θεὸν
537 4203 760 4276 πορείαν
809 4201 1177 4272 στελλόμενοι,
1221 4202 1320 4264 τὰς
1373 4202 1472 4270 μὲν
1514 4200 1684 4269 ὀσφῦς
1743 4195 1803 4254 εὖ

231 4301 377 4372 μάλα
409 4297 596 4368 δεσμῷ
625 4369 630 4372 _
656 4295 1008 4366 σωφροσύνης
1050 4293 1435 4365 περιδούμεθα,
1489 4293 1558 4346 τὰ
1603 4293 1659 4346 δὲ
1709 4294 1807 4365 τῆς

225 4391 406 4462 ψυχῆς
458 4387 758 4459 βαδίσματα
795 4389 852 4439 ἐν
886 4384 1153 4456 ἀσφαλείᾳ
1201 4385 1581 4453 φυλάττοντες,
1619 4384 1809 4457 ὥσπερ

230 4487 288 4538 ἐν
316 4482 622 4552 ὑποδήμασι
675 4481 739 4552 δὴ
785 4481 875 4533 τὸν
907 4481 1105 4551 δρόμον
1151 4478 1252 4548 τῆς
1281 4478 1530 4548 οὐρανίου
1566 4479 1810 4548 κλήσεως

1899 3383 2096 3437 fuimus
2119 3397 2222 3450 qua
2258 3379 2346 3436 die
2382 3379 2472 3433 Dei
2509 3378 2761 3432 notitiam
2793 3378 3093 3432 hausimus.

1967 3473 2019 3527 ι.
2054 3471 2175 3526 llaec
2215 3481 2342 3525 sunt
2369 3484 2502 3525 nova
2536 3469 2888 3534 documenta,
2924 3467 3052 3523 olim
3093 3467 3311 3537 quidem
3345 3482 3492 3541 sym.

1899 3564 2034 3619 bolis
2059 3563 2401 3625 obumbrata,
2431 3575 2601 3630 nuper
2633 3571 2812 3614 autem
2843 3561 2894 3614 in
2925 3560 3101 3615 lucem
3139 3560 3488 3617 manifestam

1899 3654 2128 3724 prolata.
2160 3654 2224 3708 Et
2264 3655 2478 3723 quidem
2522 3667 2623 3706 nos
2645 3652 2808 3706 etiam
2847 3652 3060 3706 initium
3099 3652 3259 3720 hujus
3297 3655 3490 3708 solom-

1903 3749 2086 3804 nitatis
2137 3747 2409 3818 cyclorum
2458 3747 2694 3817 periodis
2735 3745 2960 3815 singulis
3010 3746 3168 3800 annis
3213 3747 3489 3800 instaura-

1905 3859 2064 3909 mus;
2101 3854 2225 3898 ante
2274 3843 2472 3898 festuin
2526 3842 2767 3912 quidem,
2820 3843 3231 3912 praeparationis
3284 3858 3489 3908 causa,

1905 3936 2370 4007 quadragesimale
2391 3936 2713 3989 exercitium
2736 3945 3099 4001 assumentes,
3115 3945 3333 3990 sanctos
3351 3935 3488 4006 Μογ-

1906 4043 2018 4081 sem
2054 4035 2107 4079 et
2138 4023 2342 4078 Heliam
2381 4024 2675 4088 imitantes,
2709 4024 2880 4093 ipsum
2913 4037 3042 4079 vero
3065 4024 3260 4078 festum
3281 4039 3378 4094 per
3411 4024 3489 4078 in-

1906 4117 2165 4174 cessabile
2197 4132 2368 4171 aevum
2423 4125 2748 4187 repetentes.
2808 4114 2947 4184 Ergo
2987 4115 3181 4170 itinere
3211 4115 3278 4170 ad
3323 4115 3489 4169 Deum

1907 4221 2179 4282 suscepto,
2215 4210 2427 4265 lumbos
2472 4209 2715 4279 apprime
2760 4211 3136 4280 temperantia:
3185 4224 3320 4264 zona
3356 4225 3492 4279 pra:-

1907 4294 2440 4374 cingimusfanimae
2487 4316 2618 4355 vero
2679 4315 2900 4372 gressus
2953 4308 3109 4356 caute
3164 4302 3492 4367 munientes,

1911 4406 2169 4464 tanquam
2199 4393 2422 4448 calceati
2457 4392 2700 4449 caalestis
2728 4392 3032 4448 vocationis
3076 4398 3296 4446 cursum
3343 4392 3496 4445 insti-

1913 4488 2117 4542 tuimus
2148 4501 2161 4538 :
2195 4487 2456 4556 virgaque
2507 4483 2673 4538 divini
2724 4483 2900 4547 verbi,
2952 4499 3060 4538 non
3117 4483 3234 4537 sine
3273 4496 3492 4555 precum

231 4573 742 4648 παρασκευάζομεν·
777 4571 1046 4643 βακτηρία
1083 4571 1141 4624 δέ
1175 4570 1335 4638 λόγου
1368 4570 1513 4622 θείου
1545 4572 1603 4622 ἐν
1635 4569 1796 4638 εὐχῶη

1914 4582 2134 4641 virtute,
2181 4579 2248 4631 ad
2296 4576 2636 4644 repellendos
2676 4579 2862 4632 hostes
2907 4586 3155 4639 utentes,
3187 4590 3310 4628 cum
3344 4576 3494 4629 omni

228 4668 458 4738 δυνάμει
505 4666 640 4736 πρὸς
695 4667 904 4735 ἄμυναν
947 4663 1156 4735 ἐχθρῶν
1203 4660 1497 4733 χρώμενοι,
1529 4663 1625 4715 σὺν
1661 4662 1809 4734 πάσῃ

233 4743 514 4834 manus;
539 4758 881 4828 διαϐαίνομεν
903 4758 1000 4828 τὴν
1017 4759 1095 4820 εἰς
1110 4755 1374 4825 οὐρανοὺς
1398 4756 1666 4827 φέρουσαν
1692 4756 1808 4808 διά-

234 4853 414 4914 ϐασιν,
447 4848 761 4912 σπεύδοντες
789 4849 894 4901 άπὸ
919 4847 1026 4900 τῶν
1059 4847 1184 4918 τῇδε
1221 4845 1314 4898 ἐπὶ
1342 4845 1409 4898 τὰ
1437 4847 1680 4917 οὐράνια,
1716 4846 1810 4900 καί⁷

232 4943 341 4997 άπδ
359 4941 507 5010 ζωῆς
534 4939 734 5011 θνητῆς
758 4939 850 4991 ἐπὶ
882 4939 979 5009 τὴν
1013 4938 1299 4993 ἀθάνατονο
1330 4936 1473 4990 οὕτω
1503 4938 1613 5008 γὰρ
1639 4938 1810 4990 διαδέ-

236 5034 383 5098 ξεται
430 5032 578 5102 ἡμᾶς
605 5030 852 5084 ἐντεῦθεν
890 5031 959 5083 τὰ
1000 5030 1326 5101 διαϐατήρια
1375 5026 1433 5083 εὖ
1490 5031 1586 5083 καὶ
1634 5029 1814 5094 καλῶς

233 5123 626 5193 διαϐεϐηκότας
668 5123 802 5192 ἄλλη
850 5139 933 5185 τις
969 5122 1167 5193 μείζων
1217 5124 1396 5194 ἑορτή·
1435 5123 1813 5194 Πεντηκοστὴν

235 5217 406 5284 αὐτὴν
439 5214 666 5286 ἐπίκλην
699 5213 964 5288 Ἐϐραίων
995 5215 1181 5278 παῖδες
1225 5214 1601 5283 ὀνομάζουσιν,
1630 5214 1814 5268 εἰκόνα

243 5309 517 5369 φέρουσαν
559 5306 657 5376 τῆς
705 5306 812 5361 τῶν
855 5306 1101 5377 οὐρανῶν
1153 5305 1445 5374 βασιλείας.
1481 5307 1642 5374 Λέγει
1686 5307 1816 5376 γοῦν

313 5404 361 5435 ⁸⁵
389 5403 548 5456 Deut.
574 5417 684 5467 nt,
711 5404 768 5461 9.

309 5491 448 5563 (26‘)
469 5493 770 5559 Sequentes
799 5493 1047 5548 versiculi
1077 5493 1323 5547 undecim
1352 5509 1521 5562 usque
1543 5496 1606 5548 ad
1631 5495 1691 5548 τὸ
1718 5513 1816 5549 πα-

237 5563 390 5617 λαιὸν
457 5563 667 5632 Πάσχα,
713 5566 947 5617 citanlnr
995 5580 1060 5617 ex
1124 5563 1352 5617 Eusebio
1386 5564 1473 5627 ch
1528 5563 1809 5632 Paschate,

245 5631 512 5706 Εὑσεϐίου
539 5631 665 5703 περὶ
690 5633 782 5706 τοῦ
817 5634 1028 5706 Πάσχα,
1058 5635 1222 5687 etiam
1257 5649 1284 5686 a
1304 5634 1557 5706 ihlacario
1578 5635 1814 5706 Chryso-

240 5703 470 5772 s'cpbalo
500 5702 552 5756 in
591 5702 687 5772 sua
736 5702 1175 5757 inetlita'catena
1213 5705 1334 5760 cod.
1366 5705 1425 5758 E.
1463 5704 1502 5758 f.
1537 5704 1626 5769 95,
1668 5702 1721 5762 li.
1758 5717 1812 5759 et

242 5773 460 5840 quidem
484 5786 592 5825 non
621 5771 736 5825 sine
771 5773 951 5826 verbis
992 5773 1150 5841 paulo
1181 5774 1427 5843 pluribus
1451 5790 1609 5841 quam
1656 5789 1684 5826 a
1719 5774 1810 5826 Ni-

241 5851 399 5911 ceta.;
440 5843 788 5914 quamobrem
821 5856 886 5899 ex
929 5843 1158 5900 Eusebio
1190 5843 1370 5915 potius
1408 5845 1522 5916 ipso
1551 5859 1711 5914 quam
1743 5860 1809 5900 ex

1915 4671 2196 4725 alacritate
2229 4670 2296 4724 ad
2347 4669 2612 4723 ferentem
2652 4670 2703 4722 in
2749 4669 2916 4723 caelos
2961 4667 3286 4733 transitum,
3313 4667 3380 4720 ab
3410 4666 3497 4722 his

1917 4763 2115 4816 inﬁmis
2139 4761 2203 4815 ad
2233 4776 2490 4831 superna,
2524 4774 2555 4813 a
2594 4757 2808 4813 mortali
2852 4758 2961 4812 vita
2993 4758 3059 4813 ad
3116 4757 3496 4811 immortalita-

1919 4863 2024 4907 tem
2053 4867 2430 4922 properamus.
2452 4851 2543 4907 Sic
2571 4852 2714 4906 enim
2743 4859 2966 4920 peracto
2987 4849 3217 4904 feliciter
3239 4849 3492 4913 transitu,

1916 4946 2084 5011 major
2109 4945 2211 4998 alia
2238 4946 2470 5014 excipiet
2489 4960 2586 5000 nos
2600 4943 3111 5012 solemnitasiqnam
3138 4941 3493 4998 Pentecosten

1917 5038 2147 5092 Hebraei
2173 5036 2476 5107 nominant)
2517 5036 2665 5105 regni
2687 5035 2950 5092 caelorum
2979 5033 3271 5104 imaginem
3305 5049 3416 5103 prae
3437 5047 3496 5087 se

1917 5127 2120 5182 ferens.
2149 5125 2240 5180 Ait
2275 5106 2464 5193 itaque
2493 5125 2705 5195 Moyses
2743 5122 2869 5179 :Ex
2897 5140 3000 5194 quo
3044 5123 3230 5193 falcem
3266 5125 3320 5176 in
3365 5139 3496 5177 mes-

1916 5237 2023 5274 sem
2050 5219 2277 5281 miseris,
2304 5219 2605 5272 numerabis
2640 5219 2734 5271 tibi
2763 5229 2950 5288 sapient
2997 5218 3370 5283 hebdomadas,
3402 5233 3493 5269 no-

1921 5329 2114 5382 vosque
2144 5328 2305 5382 pana
2349 5327 2415 5367 ex
2450 5327 2580 5365 nova
2603 5326 2769 5364 messe
2794 5325 3051 5380 proponas
3085 5319 3207 5364 ante
3233 5307 3400 5364 Deum
3426 5310 3491 5360 “.

1925 5495 2109 5549 Nireta
2137 5493 2380 5549 hausisse
2410 5493 2621 5546 videtur
2643 5490 2930 5548 Macarius.

1994 5564 2284 5636 (saligna.
2315 5563 2685 5636 silvbvﬁhov-

1994 5628 2118 5703 (28"
2145 5632 2285 5688 Dicit
2324 5628 2548 5704 cjcluin'
2580 5631 2929 5704 paschalenw,
2961 5629 3259 5699 cuiusmodi
3313 5628 3496 5704 plures

1923 5705 1976 5757 in
2005 5700 2259 5771 antiquis
2287 5700 2653 5757 monumentis
2686 5711 2793 5754 tam
2825 5702 3047 5771 scriptis
3076 5713 3237 5771 quam
3267 5700 3496 5771 sculptis

1919 5769 2662 5844 exstant;Yidcsisilnscript.
2689 5773 2806 5827 chr.
2843 5769 2984 5841 apud
3018 5787 3140 5837 nos,
3169 5769 3362 5841 Script.
3395 5779 3492 5824 ut.

1921 5852 1958 5898 t.
2004 5844 2068 5905 V,
2104 5859 2156 5905 ι).
2189 5840 2254 5896 70
2282 5851 2337 5900 et
2366 5842 2489 5898 672.
