4106 6386
685 374 787 425 πυτ»

1343 359 1611 419 Ευεειιιι
1648 347 2118 414 εεδιιιιιειιειε
2152 342 2305 401 OPP.
2345 337 2522 395 PARS
2555 334 2647 392 Ν.
2686 362 2755 375 —-
2784 325 3200 386 DOGHATICA.

3801 312 3903 368 704

684 492 829 544 enim
856 484 1053 541 similia
1108 482 1275 539 trahit
1309 482 1375 536 ad
1420 480 1635 535 similis.
1658 476 1811 543 Quod
1850 473 1897 527 sl
1942 471 2065 541 quis
2092 469 2235 523 dicat
2264 492 2277 528 Α

2368 459 2478 511 λκει
2516 453 2586 508 τὰ
2611 454 2773 523 ὃμοια
2798 448 2933 519 πρὸς
2966 445 3033 499 τὰ
3047 446 3229 516 ὅμοια.
3258 437 3498 501 Είδέτις
3533 432 3908 544 είτωιζιὶιςάρα

686 580 943 647 scriptam
976 589 1098 630 esse
1130 592 1144 628 :
1172 572 1351 628 Prima
1374 581 1681 642 azymorum
1712 566 1796 619 die
1824 563 2139 617 accedentes
2160 557 2241 610 di-

689 669 877 740 scipuli
904 669 1163 724 dixerunt
1192 664 1489 726 Servatori,
1514 659 1739 716 Ubinam
1765 655 1846 709 vis
1865 665 2118 724 paremus
2149 648 2241 703 tibi

693 762 1018 817 manducare
1047 757 1251 813 Pascha
1279 755 1305 809 ἲ
1327 753 1417 808 ille
1447 757 1625 805 autem
1646 749 1783 803 duos
1810 747 1953 800 misit
1972 745 2037 798 ad
2059 755 2247 812 quem.

691 856 836 918 dam,
863 862 921 906 ut
950 851 997 906 ei
1022 850 1261 905 dicereut
1289 860 1304 897 :
1331 842 1484 913 Apud
1526 850 1578 897 te
1611 841 1749 894 facio
1781 838 2013 901 Pascha;
2044 849 2139 889 nos
2164 847 2248 887 re-

693 944 1032 1011 spondemus,
1064 953 1168 992 non
1215 937 1318 991 hoc
1353 934 1518 989 fuisse
1566 938 1915 1002 praeceptum,
1953 933 2045 983 sed
2079 928 2249 981 histo-

694 1037 829 1090 riam
866 1048 985 1088 esse
1018 1032 1091 1086 rei
1135 1037 1296 1100 gestae
1352 1036 1591 1094 tempore
1634 1039 1739 1093 quo
1776 1022 2031 1076 Servstor
2060 1032 2249 1087 passus

694 1134 795 1179 est.
820 1122 973 1178 Aliud
999 1135 1128 1176 vero
1166 1130 1249 1173 est
1275 1116 1503 1187 priscam
1536 1130 1649 1169 rem
1705 1125 1949 1175 narrare,
1988 1109 2127 1163 aliud
2166 1108 2251 1162 le-

696 1231 814 1286 gem
844 1214 1007 1279 ferre,
1038 1222 1093 1267 et
1124 1211 1375 1264 mandata
1407 1205 1636 1278 posteris
1667 1203 1901 1259 tradere.

766 1395 821 1450 9.
852 1394 957 1449 Sed
989 1406 1159 1463 neque
1201 1389 1455 1445 Senator
1487 1401 1607 1440 cum
1637 1384 1834 1439 Iudaeis
1866 1383 2070 1439 Pascha
2113 1382 2253 1437 cele-

700 1485 877 1538 bravit
904 1481 1170 1550 passionis
1215 1494 1323 1534 sua:
1372 1487 1631 1544 tempore.
1672 1475 1783 1528 Non
1830 1474 1976 1527 enim
2025 1472 2147 1526 dum
2178 1471 2251 1524 illi

703 1591 857 1628 ovem
900 1572 1263 1629 immolabant,
1288 1570 1401 1638 ipse
1431 1582 1642 1638 quoque
1674 1581 1792 1619 cum
1826 1565 1940 1619 suis
1979 1561 2255 1631 discipulis

705 1663 979 1735 proprium
1001 1660 1205 1715 Pascha
1236 1659 1457 1727 peregit.
1499 1656 1633 1710 Nam
1673 1656 1747 1709 illi
1780 1656 1865 1707 die
1907 1653 2253 1718 Parasceves,

707 1758 759 1810 in
804 1769 905 1823 qua
951 1752 1253 1822 patiebatur
1305 1750 1579 1811 Servatur,
1610 1749 1989 1811 celebrabant;
2026 1747 2165 1800 unde
2202 1755 2255 1798 et

708 1861 865 1899 nemo
892 1844 1199 1915 pratorium
1240 1853 1321 1897 est
1368 1844 1667 1908 ingressus,
1706 1841 1797 1893 sed
1841 1837 2041 1891 Pilatus
2069 1837 2135 1892 ad
2164 1852 2259 1891 eos

706 1933 874 1986 exivit
909 1952 921 1987 :
962 1932 1206 1986 Christus
1237 1940 1412 1984 autem
1461 1929 1545 1982 die
1585 1928 1804 1982 omnino
1837 1929 2022 1997 quinta
2058 1927 2257 1981 hebdo-

708 2026 878 2076 madas
909 2039 1029 2077 cum
1067 2023 1337 2090 discipulis
1370 2020 1661 2084 discubuit,
1691 2030 1746 2073 et
1777 2033 2106 2085 conrescens
2139 2018 2209 2072 ait
2243 2035 2259 2072 :

711 2114 982 2166 Desideria
1029 2114 1317 2168 desideravi
1353 2113 1448 2165 hoc
1488 2108 1697 2165 Pascha
1749 2112 2065 2164 manducare
2092 2110 2262 2163 vobis-

712 2222 848 2257 cum.
893 2201 1077 2257 Viden‘
1103 2204 1377 2271 quomodo
1422 2201 1679 2257 Senator
1725 2202 1865 2255 haud
1903 2215 2022 2253 cum
2068 2198 2267 2253 Iudaeis

715 2297 911 2351 Pascha
940 2295 1383 2353 manducaverit?
1415 2294 1547 2361 Quia
1585 2310 1778 2347 novum
1812 2293 1940 2359 quid
1971 2292 2098 2346 illud
2126 2300 2265 2351 erat,

713 2399 765 2440 et
806 2404 833 2439 a
867 2396 1121 2441 consueto
1145 2385 1369 2439 Iudaico
1418 2400 1564 2437 more
1604 2384 1898 2438 abhorrens
1923 2424 1937 2444 .
1960 2382 2267 2437 necessario

717 2478 913 2530 institit
961 2476 1235 2529 dicendo:
1282 2474 1547 2528 Desiderio
1596 2474 1880 2527 desideravi
1929 2468 2025 2524 Ιιοέ
2066 2467 2269 2523 Pascha

716 2568 1027 2620 manducare
1048 2567 1328 2627 uobiscum,
1361 2574 1635 2632 antequam
1659 2566 1828 2631 patiar
1852 2563 1915 2613 “.
1936 2563 2070 2614 Nam
2096 2561 2270 2628 prisca

720 2656 805 2709 illa
839 2655 918 2709 vel
952 2656 1125 2723 potius
1148 2657 1447 2722 antiquata,
1475 2668 1591 2721 quae
1616 2667 1735 2706 cum
1767 2651 1969 2705 Iudaeis
2007 2651 2271 2705 comedis-

2342 542 2750 619 γέγραπται·Τῇ
2765 539 2952 612 πρώτη
2964 534 3147 608 ἡμέρα
3162 531 3272 587 τῶν
3290 530 3391 596 ea;
3401 544 3516 599 μων

2341 612 2391 692 οι
2423 612 2662 708 μαθηταὶ
2689 624 3179 700 εἵποντῷΣωιῆρι,
3197 620 3307 676 Ποῦ
3336 619 3511 681 θέλεις

2344 702 2637 794 σοι-φαγεῖν
2673 720 2735 773 τὺ
2765 719 2990 787 Πάσχα;
3020 714 3077 769 '0
3105 712 3162 767 δὲ
3187 712 3323 783 πρὸς
3342 710 3434 764 τὸν
3446 710 3589 762 δεῖνα
3603 702 3911 768 ἀπέστειλε,

2346 814 2719 892 παραγγείλας
2750 814 2945 867 είπεῖνσ
2993 808 3136 883 Πρὸς
3167 806 3226 860 σὲ
3254 802 3393 859 ποιῶ
3431 801 3493 855 τὸ
3521 799 3731 892 Πάσχα·
3761 794 3914 892 ιροῐξ·

2351 887 2469 986 μεν,
2498 914 2580 966 ὅτι
2631 907 2785 961 τοῦτο
2820 901 3183 978 παράγγελμα
3225 897 3325 986 οὐκ
3357 895 3525 986 ἐστιν,
3559 890 3671 946 ἀλλ’

2349 976 2670 1075 πράγματος
2694 976 3095 1067 συμϐεϐηκότος
3119 985 3261 1043 κατὰ
3283 985 3375 1075 τὸν
3403 978 3790 1075 toﬁ-amplos
3811 976 3915 1075 πά-

2349 1067 2719 1160 θους-καιρόν.
2772 1087 2998 1154 Ἕτερον
3042 1081 3099 1135 δέ
3154 1081 3267 1133 ἑστι
3316 1074 3379 1128 τὸ
3427 1071 3665 1126 παλαιὰν
3723 1067 3918 1160 πρᾶξιν

2346 1158 2668 1251 διηγεῖσθαι,
2724 1175 2818 1230 καὶ
2848 1174 3034 1244 ἓτερον
3063 1168 3125 1224 sb
3168 1166 3475 1252 VOJJ-OGSTEIV
3503 1163 3595 1217 καὶ
3620 1161 3734 1225 τοῖς
3784 1158 3920 1213 μετὰ

2349 1272 2517 1325 ταῦτα
2556 1266 2929 1341 παραγγελίας
2956 1260 3402 1332 καταλιμπάνειν.

2422 1402 2487 1458 θ’.
2535 1402 2694 1457 Ἀλλὰ
2725 1402 2818 1454 καὶ
2859 1401 2887 1453 ὁ
2923 1395 3113 1467 Σωτὴρ
3160 1393 3220 1447 οὑ
3256 1390 3395 1464 μετὰ
3448 1385 3714 1441 Ἰουδαίων
3737 1380 3923 1437 tmt-

2351 1496 2473 1549 λεσε
2530 1495 2590 1547 τὸ
2648 1493 2835 1562 Πάσχα
2886 1488 3025 1543 κατὰ
3079 1485 3169 1539 τὸν
3232 1481 3420 1554 καιρὸν
3470 1476 3575 1531 τοῦ
3600 1477 3759 1529 Δἰδίου
3819 1475 3921 1527 πά-

2354 1585 2497 1649 θους.
2549 1586 2621 1636 Οὐ
2663 1585 2769 1653 γὰρ
2806 1583 2893 1636 ὅτε
2948 1579 3100 1632 ἔθυον
3132 1576 3330 1629 ἑκεῖνοι
3375 1571 3435 1624 τὸ
3465 1567 3755 1640 πρόϐατον,
3804 1565 3924 1653 τότε

2357 1676 2451 1729 καὶ
2511 1673 2673 1735 αὐτὸς
2736 1671 2871 1741 μετὰ
2921 1668 3028 1721 τῶν
3094 1663 3255 1719 αὐτοῦ
3319 1657 3573 1733 μαθητῶν
3617 1657 3681 1711 τὸ
3735 1651 3925 1708 ἑαυτοῦ

2287 1800 2330 1853 Β
2358 1769 2529 1839 ἤγαγε
2572 1766 2783 1834 Πάσχα·
2832 1764 2880 1815 οἱ
2940 1760 3037 1831 μὲν
3082 1758 3189 1827 γὰρ
3240 1752 3381 1809 κατὰ
3410 1752 3506 1853 την
3543 1746 3926 1853 Damnst-lily,

2359 1838 2416 1913 ἑν
2570 1855 2835 1910 πέπονθεν
2892 1856 2921 1908 ό
2981 1852 3192 1922 Σωτὴρ,
3252 1846 3397 1902 τοῦτ’
3454 1844 3781 1931 ἔπραττον
3810 1838 3929 1931 se“

2360 1929 2769 2015 οοδξίεισῆλθον
2810 1943 2887 2006 είς
2943 1941 3004 1994 τδ
3055 1936 3403 2009 πραιτώριον,
3451 1932 3563 1987 ἀλλ’
3616 1932 3646 1983 ό
3701 1929 3928 1991 nixam

2364 2031 2499 2101 πρὸς
2543 2030 2740 2092 αὐτοὺς
2784 2028 2997 2095 ἑξεισιν·
3058 2024 3219 2087 αὐτὸς
3264 2024 3321 2077 δὲ
3373 2022 3478 2093 πρὸ
3526 2020 3654 2089 ὅλης
3720 2016 3929 2088 ἡμέρας

2362 2123 2428 2191 τῇ
2493 2120 2718 2193 πέμπτῃ
2778 2118 2872 2173 τοῦ
2912 2116 3187 2172 Σαϐϐάτου
3239 2116 3351 2177 τοῖς
3408 2110 3674 2183 μαθηταῖς
3715 2106 3928 2161 συνανα-

2366 2229 2529 2275 κειτο,
2594 2210 2688 2263 καὶ
2757 2207 3047 2262 συνεσθίων
3103 2205 3284 2268 αὐτοῖς
3349 2203 3549 2271 ἔλεγεν*
3622 2198 3929 2267 Ἐπιθυμίᾳ

2364 2304 2710 2371 ἐπεθιψησα
2755 2299 2932 2353 τοῦτο
2963 2297 3030 2351 τὸ
3077 2297 3295 2365 Πάσχα
3338 2292 3548 2363 ερατ-εἴν
3580 2292 3708 2360 μεθ’
3751 2287 3929 2359 ὑμῶν.

2378 2394 2539 2464 Ὁρᾷς
2608 2392 2755 2454 ὅπως
2823 2393 2852 2445 ό
2920 2391 3111 2461 Σωτὴρ
3183 2388 3244 2442 οὒ
3323 2385 3460 2457 μετὰ
3538 2383 3807 2436 Ἰουδαιων
3877 2378 3933 2433 τὸ

2370 2484 2558 2553 Πάσχα
2596 2483 2812 2554 ἦσθιεν;
2861 2481 3078 2551 Ἐπειδὴ
3117 2478 3299 2533 καινὸν
3320 2472 3387 2547 ἦν
3414 2478 3587 2529 ἐκεῖνο
3607 2474 3701 2527 καὶ
3735 2470 3933 2536 ξενίζον

2372 2576 2521 2645 παρὰ
2552 2575 2619 2627 τὰ
2644 2573 2847 2644 συνήθη
2886 2573 2980 2627 καὶ
3023 2569 3285 2625 Ἰουδαϊκὰ
3316 2568 3435 2638 ἔθη,
3464 2564 3775 2635 ἀναγκαίως
3811 2560 3933 2615 ἑπέ-

2374 2653 2568 2733 στησεν
2618 2664 2819 2716 εἰπών·
2870 2662 3176 2731 Ἐπιθυμίᾳ
3224 2659 3573 2727 ἐπεθύμησα
3628 2653 3805 2708 τοῦτο
3872 2650 3935 2705 τό

719 2750 825 2801 set.
849 2757 953 2797 non
982 2750 1138 2795 erant
1173 2739 1546 2795 desiderabilia
1577 2756 1590 2792 :
1633 2754 1825 2793 novum
1863 2747 2040 2793 autem
2076 2747 2274 2809 myste-

2374 2755 2587 2824 Πάσχα
2602 2755 2812 2824 φαγεῖν
2838 2755 2965 2823 μεθ’
2988 2752 3173 2823 ὑμῶν,
3207 2751 3319 2820 πρὸ
3356 2749 3462 2804 τοῦ
3496 2764 3573 2817 με
3613 2745 3849 2799 παθεῖν·
3870 2742 3935 2795 τὰ

721 2835 857 2887 rium
887 2831 1020 2888 Novi
1047 2834 1128 2888 sui
1151 2831 1410 2895 Fmderis,
1442 2832 1579 2900 quod
1609 2830 1884 2899 discipulis
1914 2830 2141 2899 prapriis
2168 2835 2273 2882 tra-
2376 2846 2473 2916 μὲν
2510 2847 2617 2916 γὰρ
2659 2845 2861 2898 παλαιὰ
2898 2844 3001 2914 ἢθη
3050 2843 3177 2896 δντα
3210 2842 3303 2894 καὶ
3333 2836 3777 2906 πεπαλαιωμένα,
3817 2833 3853 2888 ἃ
3876 2833 3936 2903 δὴ

721 2926 901 2989 deuat,
943 2921 1302 2977 desiderabile
1350 2922 1543 2975 merito
1592 2921 1689 2988 ipsi
1737 2928 1854 2973 erat
1887 2934 1901 2971 :
1940 2920 2063 2988 quia
2119 2917 2272 2971 multi

2379 2938 2516 3007 μετὰ
2560 2936 2821 2989 Ἰουδαίων
2858 2935 3082 3006 ῆσθιεν,
3153 2934 3251 2986 οὐκ
3297 2926 3365 3001 ἦν
3415 2926 3761 2997 ἑπιθυμητά·
3806 2922 3938 2977 τδδδ

723 3025 844 3070 ante
870 3028 993 3069 eum
1035 3015 1306 3084 prophetae
1334 3028 1397 3067 ac
1430 3012 1555 3080 justi
1597 3014 1776 3064 videre
1799 3021 2113 3079 optaverant
2143 3008 2275 3063 Novi

2376 3028 2561 3080 καινὸν
2594 3028 2890 3097 μυστήριον
2926 3025 3025 3094 τῆς
3052 3025 3260 3094 Καινῆς
3287 3020 3450 3075 αὑτοῦ
3479 3017 3773 3089 Διαθήκης,
3812 3015 3841 3068 δ
3875 3015 3939 3083 δὴ

724 3107 965 3160 Falleris
1000 3106 1251 3175 mysteria
1280 3119 1293 3156 :
1330 3106 1501 3173 ipsum
1534 3104 1640 3156 imo
1665 3102 1893 3155 Verbum
1940 3115 2274 3156 communem

2382 3117 2651 3187 μετεδίδου
2680 3120 2790 3178 τοῖς
2816 3116 3005 3169 ἑαυτοῦ
3041 3115 3325 3186 μαθηταῖς,
3346 3110 3676 3181 ἐπιθυμητὸν
3707 3103 3775 3179 ἦν
3796 3104 3943 3177 αὐτῷ

726 3197 948 3250 salutem
999 3211 1224 3265 prorsus
1271 3197 1498 3257 sitiens.
1529 3194 1836 3263 mysterium
1873 3194 2134 3258 tradebat,
2168 3207 2276 3261 quo

2380 3207 2601 3271 εἰκότως
2620 3224 2632 3237 ·
2656 3208 2777 3260 ἐπεὶ
2801 3206 2981 3260 πολλοὶ
3007 3206 3114 3276 πρὸ
3141 3202 3302 3259 αὐτοῦ
3328 3200 3601 3272 προφῆται
3622 3200 3719 3252 καὶ
3749 3196 3943 3250 δίκαιοι

726 3302 914 3343 omnes
936 3290 1179 3343 homines
1213 3287 1407 3341 festum
1445 3295 1600 3340 erant
1629 3286 1821 3345 acturi.
1851 3286 2009 3354 idque
2053 3286 2150 3337 sibi
2183 3286 2276 3337 de-

2376 3299 2725 3370 ἑπεθύμησαν
2763 3298 2887 3352 [δεῖν
2912 3298 2981 3352 τά
3007 3297 3103 3368 τῆς
3127 3298 3267 3360 Νέας
3305 3294 3580 3364 Διαθήκης
3630 3290 3905 3363 μυστήρια
3926 3304 3940 3319 ⁸

728 3380 1022 3434 side-ratum
1046 3394 1164 3432 esse
1196 3379 1481 3433 fatebatur.
1495 3378 1652 3433 Certe
1686 3376 1883 3446 onsis
1907 3376 2109 3431 Pascha
2135 3375 2276 3431 haud

2381 3387 2473 3438 καὶ
2509 3384 2668 3449 αὐτὸς
2695 3385 2753 3437 δὲ
2774 3388 2801 3439 ὁ
2824 3385 3013 3453 Λόγος,
3054 3388 3280 3439 πάντοτε
3312 3381 3479 3452 διψῶν
3498 3382 3598 3452 τὴν
3619 3380 3807 3449 κοινὴν
3841 3394 3945 3430 σω-

729 3471 935 3525 cunctis
977 3470 1225 3536 gentibus
1260 3470 1504 3524 idoneum
1550 3478 1686 3533 erat,
1716 3468 2145 3536 quandoquidem
2174 3482 2277 3522 uno

2378 3476 2593 3548 τηρίαν,
2627 3478 2920 3547 μυστήριον
2948 3476 3249 3548 παρεδίδου,
3277 3473 3342 3528 δι’
3365 3468 3427 3529 οὗ
3454 3474 3653 3535 πάντες
3670 3470 3946 3541 ἄνθρωποι

730 3562 783 3615 in
816 3562 951 3625 loco,
968 3560 1018 3614 id
1036 3571 1115 3615 est
1141 3559 1542 3630 Hierosolymis,
1563 3560 1672 3613 fieri
1693 3558 1899 3626 iussum
1930 3567 2067 3612 erat.
2086 3558 2277 3623 Quam-

2385 3568 2605 3639 ἔμελλον
2652 3568 2948 3638 ἑορτάζειν,
3004 3565 3338 3638 ἐπιθυμητὸν
3396 3564 3554 3618 τοῦτο
3599 3561 3748 3632 αὺτῷ
3808 3556 3946 3613 εἶναι

729 3654 914 3707 obrem
954 3651 1094 3705 haud
1148 3660 1267 3705 erat
1304 3649 1674 3705 desiderabile.
1706 3648 1811 3704 Sed
1843 3648 2149 3704 Servatoris
2174 3664 2277 3719 my-

2386 3658 2721 3729 ὡμολόγησε.
2764 3656 2836 3711 Tb
2884 3657 2982 3727 μὲν
3013 3657 3288 3719 Μωῦσέως
3341 3656 3543 3725 Πάσχα
3595 3655 3695 3725 οὐχ
3737 3652 3947 3725 ἥρμοζε

731 3745 951 3797 sterium
990 3744 1043 3795 in
1080 3740 1225 3795 Novo
1271 3740 1496 3795 Foedere
1545 3740 1752 3795 cunctis
1806 3739 2112 3796 hominibus
2155 3755 2277 3797 con-

2390 3752 2525 3804 πᾶσι
2558 3752 2669 3813 τοῖς
2689 3750 2809 3803 τότε
2838 3749 3013 3801 ἔθνεσι
3032 3765 3048 3780 ⁶
3080 3747 3196 3812 πῶς
3215 3748 3322 3820 γάρ
3344 3747 3536 3812 ;όπότε
3557 3748 3645 3815 ὑφ’
3663 3746 3759 3798 ἕνα
3778 3744 3947 3797 τόπον

734 3849 945 3903 gruum,
962 3832 1083 3900 iure
1110 3835 1324 3902 optimo
1343 3831 1703 3887 desiderabile
1726 3840 1865 3885 erat.

2390 3839 2481 3892 τὸν
2520 3842 2577 3892 ἑν
2613 3842 2678 3910 τῇ
2720 3837 3069 3912 Ἰερουσαλὴμ
3099 3838 3365 3891 τελεῖσθαι
3407 3836 3823 3908 νενομοθέτητο·
3869 3833 3949 3887 διδ

732 3925 830 3977 οὐκ
874 3920 941 3993 ἦν
979 3922 1335 3994 ἑπιθυμητόν·
1364 3922 1425 3977 τὸ
1465 3922 1523 3975 δὲ
1555 3920 1815 3993 σωτήριον
1852 3922 2146 3995 μυστήριον
2178 3924 2272 3995 τῆς
2309 3927 2513 4000 Καινῆς
2572 3930 2862 4002 Διαθηκης,
2920 3930 3082 3983 πᾶσιν
3113 3928 3417 4001 ἀνθρώποις
3439 3928 3699 3999 ἁρμόζον,
3727 3926 3948 3987 εἰκότως

734 4019 882 4090 αὑτῷ
912 4018 1238 4089 ἐπιθυμητὸν
1269 4014 1357 4087 ἦν.

808 4110 893 4164 l0.
930 4108 1037 4163 Sed
1090 4109 1201 4177 ipse
1246 4108 1459 4176 quidem
1514 4115 1795 4175 antequam
1837 4112 2132 4174 pateretur,
2157 4122 2277 4163 cum

2463 4116 2512 4161 t'.
2553 4107 2688 4161 Ἀλλ’
2728 4108 2885 4173 αὐτὸς
2920 4110 3037 4180 μὲν,
3071 4110 3173 4180 πρὸ
3194 4107 3287 4162 τοῦ
3321 4107 3532 4173 παθεῖν,
3566 4108 3662 4163 σὺν
3684 4111 3798 4174 τοῖς
3822 4111 3919 4164 ἑαυ

737 4200 849 4255 suis
879 4199 1151 4269 discipulis
1190 4197 1392 4253 Pascha
1419 4198 1673 4261 comedit,
1702 4195 2003 4265 festumque
2022 4198 2148 4267 egit,
2176 4214 2277 4253 nun

2389 4200 2481 4253 τοῦ
2520 4199 2778 4271 μαθηταῖς
2818 4200 2988 4270 ἔφαγε
3017 4204 3076 4255 τὸ
3104 4202 3313 4270 Πάσχα,
3352 4202 3447 4255 καὶ
3479 4200 3575 4273 τὴν
3603 4202 3797 4273 ἑορτὴν
3821 4204 3947 4256 ἑπε-

738 4304 859 4343 cum
884 4289 1103 4347 Juins.
1133 4287 1342 4358 Respce
1370 4297 1651 4357 postquam
1677 4293 1790 4357 ipse
1831 4300 2057 4356 vespere
2092 4288 2277 4343 festum

2390 4291 2624 4354 τέλεσεν,
2658 4292 2717 4344 οὺ
2743 4292 2882 4362 μετὰ
2912 4291 3019 4345 τῶν
3067 4291 3358 4345 Ἰουδαίων*
3385 4291 3741 4362 ἑορτάσαντος
3761 4292 3819 4345 δὲ
3848 4293 3946 4347 αὐ·

738 4384 1084 4449 celebrasset,
1112 4383 1393 4452 pontiﬁces
1419 4398 1542 4438 cum
1588 4385 1858 4453 proditore
1901 4397 2091 4437 manus
2128 4387 2175 4437 ei
2207 4383 2290 4436 in-

737 4476 979 4544 iecerunt
1009 4491 1023 4526 :
1059 4490 1163 4528 non
1192 4474 1337 4528 enim
1362 4473 1434 4527 illi
1457 4486 1523 4527 eo
1544 4487 1767 4542 vespere
1810 4470 2008 4526 Pascna
2048 4471 2291 4525 comede-

742 4569 909 4631 hant;
950 4566 1185 4635 alioquin
1234 4566 1302 4620 ab
1352 4566 1467 4635 ejus
1517 4564 1889 4632 persecutione
1936 4563 2289 4632 quievissent.

742 4657 911 4721 Quem
942 4670 1065 4710 mox
1093 4663 1303 4724 captum
1350 4656 1415 4707 ad
1462 4653 1674 4722 Caiphae
1726 4655 1945 4707 domum
1978 4654 2240 4707 duxerunt
2273 4667 2289 4716 ;

744 4748 832 4801 ubi
871 4760 1060 4801 exacta
1092 4754 1272 4811 nocte,
1309 4744 1650 4798 illucescente
1697 4743 1783 4797 die
1820 4744 2151 4813 congregati,
2184 4742 2293 4810 pri-

746 4854 887 4893 mam
931 4838 983 4892 in
1011 4853 1131 4892 eum
1169 4837 1564 4891 damnationem
1616 4837 1873 4891 tulerunt.
1902 4837 2103 4891 Deinde
2147 4836 2293 4891 illinc

745 4942 1021 4998 surgentes
1037 4944 1155 4983 cum
1171 4929 1320 4998 plebe
1332 4928 1576 4982 eumdem
1596 4927 1660 4980 ad
1681 4927 1905 4981 Pilatum
1929 4927 1972 4959 "
1994 4934 2289 4981 traxerunt.

746 5022 894 5074 Tunc
941 5032 1117 5075 autem
1166 5021 1243 5075 ait
1291 5018 1567 5087 Scriptura
1611 5020 1662 5073 in
1700 5019 2005 5085 pmtorium
2044 5034 2138 5073 eos
2185 5033 2291 5073 non

747 5113 1025 5179 introisse;
1066 5130 1133 5170 ne
1159 5112 1260 5169 sub
1292 5112 1562 5166 ethnicum
1597 5118 1792 5164 tectum
1833 5111 2078 5180 ingressi,
2108 5121 2164 5164 ut
2201 5126 2293 5179 pu-

748 5204 951 5269 labant,
995 5206 1424 5274 inquinarentur,
1448 5203 1539 5257 sed
1570 5202 1687 5269 puri
1722 5212 1995 5256 manentes
2034 5203 2085 5255 hi
2118 5202 2293 5269 impu-

748 5295 966 5361 rissimi,
1020 5310 1243 5364 vespere
1290 5297 1602 5348 imminente
1651 5292 1855 5345 Pascha
1903 5293 2293 5359 comederent;

750 5385 799 5436 In
833 5388 922 5455 qui
952 5387 1177 5443 culicem
1225 5387 1567 5449 excolantes,
1598 5383 1857 5440 camelum
1896 5385 2190 5454 glutiebant
2226 5386 2293 5449 ⁸⁸,

752 5478 946 5544 quique
994 5478 1201 5533 animas
1248 5478 1405 5532 simul
1456 5486 1509 5531 et
1544 5491 1768 5546 corpora
1815 5474 2120 5530 Servatoris
2152 5476 2295 5530 ccede

757 5562 1059 5633 iutpiabaut,
1106 5568 1206 5622 sub
1251 5578 1449 5623 tectum
1500 5566 1704 5636 ingredi
1754 5565 1966 5620 reveriti
2013 5567 2294 5630 suut;sed

2385 4380 2479 4434 τοῦ
2509 4382 2762 4452 ἑσπέρας,
2792 4384 2840 4436 οἱ
2866 4383 3136 4453 ἀρχιερεῖς
3172 4383 3287 4451 ἅμα
3318 4380 3397 4451 τῷ
3430 4382 3659 4454 προδότῃ
3694 4384 3948 4439 ἑπιστάνο

2387 4488 2497 4534 τες,
2527 4472 2785 4525 ὲπέόαλον
2816 4474 2901 4526 ἐπ’
2927 4474 3088 4526 αὐτὸν
3127 4473 3222 4535 τὰς
3245 4475 3460 4543 χεῖραςσ
3496 4473 3558 4526 οὐ
3607 4473 3716 4546 γὰρ
3761 4476 3947 4547 ῆσθιον

2389 4562 2541 4615 αὐτοὶ
2576 4562 2715 4615 κατὰ
2752 4563 2852 4634 τὴν
2895 4564 3135 4634 ἑσπέραν
3164 4562 3223 4614 τὺ
3256 4561 3479 4631 Πάσχασ
3524 4558 3563 4634 ἦ
3612 4564 3723 4637 γὰρ
3753 4565 3821 4619 ἂν
3853 4566 3946 4639 τὴν

2391 4652 2579 4723 σχολὴν
2605 4653 2731 4723 περὶ
2761 4654 2919 4707 αὐτὸν
2952 4650 3113 4723 εἶχον⁹
3160 4652 3253 4705 καὶ
3297 4652 3429 4723 δῆτα
3464 4653 3818 4730 συλλαϐόντες
3848 4658 3948 4711 ἀπ-

2390 4744 2590 4814 ήγαγον
2619 4745 2698 4807 είς
2722 4744 2820 4816 τὴν
2842 4745 3016 4799 οίκίαν
3046 4743 3140 4797 τοῦ
3154 4743 3397 4813 Καῖάφα,
3435 4743 3561 4799 ἔνθα
3573 4746 3949 4821 διανυκτερεύ-

2392 4850 2597 4897 σαντες,
2626 4835 2701 4898 ὡς
2740 4836 2923 4906 ἡμέρα
2957 4835 3190 4903 ἑγένετο,
3226 4835 3587 4906 συνήχθησαν,
3618 4838 3712 4890 καὶ
3726 4839 3947 4910 ἀνακρί-

2390 4942 2567 4977 νουσιν
2589 4926 2749 4979 αὑτὸν
2776 4928 3037 4997 πρότερον
3058 4943 3071 4955 ’
3098 4921 3212 4980 εἷτα
3247 4929 3384 4999 μετὰ
3420 4929 3590 4982 ταῦτα
3620 4929 3947 4994 ἀναστάντες

2390 5016 2504 5083 ἅμα
2534 5018 2609 5086 τῷ
2642 5015 2831 5087 πλήθει
2851 5018 3054 5087 ἡγαγον
3083 5015 3241 5070 αὑτὸν
3256 5019 3391 5089 πρὸς
3411 5019 3658 5073 Πιλάτον.
3696 5021 3807 5073 Καὶ
3830 5019 3946 5073 τότε

2394 5110 2552 5179 φησιν
2579 5111 2611 5179 ή
2642 5107 2854 5177 Γραφὴ,
2886 5109 2969 5161 ὅτι
2999 5106 3073 5177 μὴ
3114 5109 3359 5179 εἰσῆλθον
3393 5111 3473 5173 εἰς
3509 5110 3571 5162 τὸ
3593 5109 3944 5181 πραιτώριον,

2392 5201 2477 5253 ἵνα
2508 5200 2571 5272 δὴ
2611 5202 2706 5272 μὴ,
2741 5202 2847 5255 ὑπὸ
2888 5203 3083 5275 στέγην
3124 5201 3436 5273 Ἑλληνικὴν
3477 5201 3838 5267 εἰσελθόντες,
3874 5202 3948 5267 ὥς

2391 5305 2452 5357 γε
2476 5290 2662 5360 ᾤοντο,
2689 5290 2969 5360 μιανθῶσι,
3002 5292 3232 5363 καθαροὶ⁵
3249 5293 3304 5346 δὲ
3339 5292 3613 5362 μείναντες
3630 5293 3677 5345 οἱ
3708 5294 3949 5363 παμμίαρ-

2397 5398 2499 5451 ροι,
2532 5381 2768 5453 ἑσπέρας
2806 5383 3123 5455 ἑπιστάσης,
3169 5384 3393 5453 φάγοιεν
3434 5382 3498 5435 τὸ
3531 5384 3743 5455 Πάσχα,
3780 5386 3829 5437 oi
3858 5385 3946 5437 τὸν

2394 5474 2627 5529 κώνωπα
2653 5475 2973 5541 διυλίζοντες
2991 5516 3006 5541 ,
3042 5479 3142 5548 τὴν
3170 5476 3227 5530 δὲ
3264 5475 3507 5546 κάμηλον
3532 5477 3942 5540 καταπίνοντες,

2394 5566 2443 5617 οἱ
2464 5566 2557 5628 τὰς
2586 5566 2759 5637 ψυχὰς
2780 5568 2958 5632 αὐτοῖς
2988 5567 3200 5639 σώμασι
3229 5566 3367 5621 κατὰ
3394 5566 3485 5620 τοῦ
3512 5567 3761 5640 Σωτῆρος
3800 5584 3944 5639 μιαν-

823 5744 868 5776 ⁶⁶
889 5744 1016 5802 Luc.
1047 5762 1178 5806 xsn.
1210 5747 1291 5802 15.
1366 5746 1407 5777 ⁸⁷
1438 5743 1589 5801 Joan.
1615 5760 1761 5812 ινιιι,
1785 5744 1871 5800 28.
1938 5745 1982 5777 “
2022 5744 2205 5800 Matth.
2236 5758 2365 5798 mu
2386 5785 2400 5802 .
2430 5745 2519 5799 ‘24.
