4106 6438
237 433 338 486 715

1351 420 1630 476 CONTRA
1663 417 2090 475 ιιΑιιυειιυιι
2127 416 2255 477 LIB.
2296 418 2340 475 Ι.

3367 420 3476 483 7η

237 545 418 619 μένοις
436 562 451 576 ·
479 545 797 602 καὶτούτων
826 542 1072 606 ἐκείνοις,
1118 534 1193 595 ὦν
1217 539 1450 612 μάλιστα
1486 538 1554 592 δι’
1597 539 1782 611 άρετὴι

1900 539 2000 594 bus
2030 538 2194 594 fetam
2236 536 2540 602 venenatis,
2579 549 2782 606 susque
2814 536 2988 607 deque
3043 536 3256 607 habuit,
3299 554 3368 598 ac
3417 543 3472 598 ln

236 635 567 700 θεοσεϐείας,
592 634 766 704 λόγων
795 650 854 687 τε
883 632 1044 686 θείων
1069 631 1376 710 ἀσκήσεως,
1404 630 1439 700 ἡ
1483 629 1638 699 φήμη
1675 626 1796 680 καθ’

232 725 380 798 ὅλης,
405 725 480 790 ὡς
511 727 705 786 εἰπεῖν.
733 723 914 795 ᾅδεται
961 723 1061 794 τῆς
1105 720 1443 792 οἰκουμένης.
1473 717 1690 772 Τούτων
1741 717 1800 772 δὲ

233 815 412 868 αὐτῶν
453 815 551 884 οὐχ
601 811 748 879 απαξ
788 811 1029 884 ἐμνήσθη
1080 810 1283 873 κακῶς,
1321 807 1577 871 πολλάκις
1613 807 1671 860 δὲ
1704 807 1800 860 καὶ

233 903 520 975 διαφόρως,
547 903 646 966 τὰς
674 904 794 956 κατ’
834 903 1009 956 αὐτῶν
1035 899 1283 964 διαϐολάς
1319 916 1378 951 τε
1405 899 1498 952 καὶ
1532 913 1799 968 συκοφαν-

233 991 354 1056 τιας
368 990 598 1061 ἀφειδῶς
627 992 1009 1062 πεποιημένος.
1041 991 1176 1062 Ἤδη
1207 989 1264 1044 δὲ
1293 989 1388 1044 καὶ
1419 992 1576 1062 ἀραῖς
1604 989 1801 1061 κέχρη-

231 1101 321 1138 ται
361 1084 476 1136 κατ’
502 1083 701 1148 αὐτῶν,
731 1078 818 1137 οἷα
841 1082 1110 1152 γυναικῶν
1127 1084 1184 1137 ὲν
1204 1081 1370 1153 μάχῃ,
1397 1082 1801 1154 λοιδορούμενος

233 1175 326 1228 καὶ
381 1173 734 1244 ἐπαρώμενος
777 1174 888 1246 (15)
938 1177 1051 1238 τοῖς
1097 1173 1261 1245 μηδὲν
1298 1174 1459 1228 αὐτὸν
1497 1174 1796 1244 ἠδικηκόσι.

233 1261 342 1326 Διὸ,
361 1263 453 1315 καὶ
468 1263 608 1334 πέρα
623 1262 717 1316 τοῦ
733 1261 958 1326 δέοντος,
978 1263 1055 1325 είς
1073 1261 1281 1334 μακρὸν
1291 1261 1439 1333 αὐτῷ
1454 1263 1547 1315 καὶ
1567 1261 1800 1332 ἄμετρον

233 1355 404 1426 μῆκος
421 1353 718 1424 ὲξέπεσενή
736 1353 1060 1424 γραφήᾼΘ)
1077 1354 1160 1417 Ὠς
1180 1353 1341 1424 μόνον
1357 1353 1504 1406 ὲπῶν
1517 1351 1679 1422 ἐγγύς
1697 1369 1799 1405 που

235 1445 442 1517 μυρίων
461 1445 551 1499 τὸν
565 1445 824 1513 ἀνάλογον
837 1443 1251 1514 ἀπαρτισθῆναι.
1273 1443 1510 1506 Εἰκότως
1529 1438 1643 1505 οὖν,
1659 1440 1800 1494 κατὰ

229 1533 337 1588 τῶν
370 1535 540 1604 άγίων
572 1534 666 1588 τοῦ
694 1535 830 1588 Θεοῦ
863 1535 1186 1607 λειτουργῶν
1223 1537 1529 1607 κακήγορον
1555 1535 1800 1602 γλῶτταν

229 1626 444 1692 ὀξύνας,
473 1627 569 1681 καὶ
600 1626 662 1682 τὺ
706 1626 1022 1691 ἁνευλασὲς,
1046 1628 1138 1681 καὶ
1176 1627 1376 1696 ἄφοϐον
1411 1628 1799 1699 προγυμνάσας

230 1719 290 1772 ιν
315 1718 545 1782 τούτοις,
584 1717 811 1789 προῖὼν,
846 1718 905 1784 ἐξ
951 1713 1020 1789 ἦς
1076 1717 1402 1790 προύκοψεν,
1453 1719 1538 1770 ἐπ’
1577 1718 1706 1771 αὐτὸ
1739 1718 1801 1771 τὺ

230 1809 649 1880 κορυφαιότατον
679 1808 774 1862 τοῦ
805 1807 1022 1870 παντὸς,
1050 1806 1140 1859 τὸν
1166 1807 1423 1877 μονογενῆ
1457 1807 1550 1859 καὶ
1583 1807 1800 1877 ἀγαπη-

1901 629 1998 686 Dei
2032 628 2369 692 sacerdotes,
2410 628 2616 683 frustra
2656 626 2874 696 quidem
2916 639 2972 684 et
3000 628 3300 700 incassum,
3332 628 3472 687 iram

1898 728 2079 776 tamen
2119 717 2307 775 eﬂ'udit
2348 716 2714 774 ebullientem.
2758 715 2941 788 Neque
2987 717 3148 780 illos.
3204 721 3271 774 de
3315 719 3475 790 plebe

1900 814 2085 868 nescio
2117 826 2276 881 quos;
2325 810 2420 867 sed
2472 811 2616 878 ipsos
2662 807 2785 864 illos
2814 809 2905 879 qui
2943 825 3037 879 per
3085 811 3180 866 Dei
3214 811 3468 880 gratiam,

1901 904 2080 959 divina
2119 905 2294 971 plane,
2326 903 2431 957 hoc
2476 909 2579 964 est,
2650 901 2864 955 vivendi
2923 901 3294 972 philosophica
3335 918 3472 971 qua-

1901 995 2026 1049 dam
2065 995 2299 1056 ratione.
2345 993 2580 1048 nominis
2612 993 2986 1048 celebritatem
3036 993 3138 1047 sibi
3182 1008 3472 1062 compara-

1900 1094 2110 1138 verant.
2149 1083 2262 1139 Nec
2297 1084 2453 1140 vivos
2491 1083 2867 1137 tantummodo
2910 1093 2966 1138 et
3011 1085 3257 1140 videntes
3298 1085 3472 1154 impe-

1902 1176 2040 1241 tivit,
2073 1167 2167 1230 sed
2197 1174 2308 1244 jam
2345 1175 2541 1229 dudum
2588 1184 2643 1228 et
2693 1174 2746 1228 in
2785 1173 3004 1230 Christo
3061 1174 3471 1231 obdormiscen-

1900 1275 1982 1321 tes
2013 1278 2247 1335 :eosque
2273 1279 2383 1332 pm
2416 1264 2648 1326 caeteris.
2689 1279 2827 1334 quos
2873 1266 3014 1319 inter
3045 1274 3270 1320 ceteras
3299 1267 3469 1322 virtu-

1901 1363 1981 1409 tes
2016 1355 2188 1423 pietas
2226 1355 2280 1408 in
2320 1355 2486 1408 Deum
2514 1352 2957 1417 commendabat,
2984 1363 3040 1408 et
3068 1369 3345 1410 sacrarum
3375 1355 3468 1410 lit-

1899 1454 2134 1501 terarum
2187 1447 2486 1500 exercitata
2540 1447 2793 1511 scientia,
2835 1461 2930 1515 per
2962 1457 3231 1502 terrarum
3275 1448 3466 1502 orbem

1898 1537 2232 1592 clarissimos
2275 1548 2598 1606 pronagarat
2631 1554 2645 1592 :
2673 1539 2768 1594 sed
2810 1553 2910 1593 nec
2951 1553 3055 1592 una
3109 1547 3315 1592 tantum
3343 1540 3467 1595 vice

1899 1629 2192 1682 conviciari
2226 1637 2532 1690 contentus.
2568 1643 2711 1698 saape
2731 1631 3020 1698 repositas,
3051 1629 3309 1697 varieque
3331 1643 3469 1685 con-

1900 1715 2078 1784 iictas,
2109 1717 2385 1786 improbus
2415 1718 2747 1788 sycophanta
2768 1756 2785 1784 ,
2813 1717 3117 1772 calumnias
3160 1718 3280 1772 sine
3307 1720 3468 1774 modo

1900 1809 2193 1877 congessit,
2225 1819 2281 1862 et
2342 1824 2592 1863 mensura
2629 1824 2642 1859 :
2681 1808 2776 1864 sed
2804 1817 2860 1863 et
2897 1807 3361 1864 exsecrationibus
3384 1808 3468 1863 in-

227 1898 318 1952 τὸν
352 1899 476 1952 Υίὺν
512 1899 606 1952 τοῦ
649 1897 805 1962 Θεοῦ,
839 1895 1112 1960 τοιαύταις
1154 1896 1332 1960 ἀθέοις
1381 1897 1489 1967 (17)
1514 1896 1782 1950 ὑποὸαλὼι

1899 1912 2061 1966 super
2097 1913 2212 1966 eos,
2240 1909 2300 1954 ut
2329 1898 2656 1954 muliercula
2701 1900 2753 1953 in
2786 1899 2919 1953 rixis
2958 1907 3014 1954 et
3037 1897 3238 1967 iurgiis
3265 1898 3465 1966 solent,

230 1984 618 2057 βλασφημίαις,
653 1987 773 2048 οἵας
825 1985 1019 2057 μικρὸν
1047 1985 1291 2055 ὕστερον,
1320 1985 1483 2038 αὑτοῦ
1520 1986 1793 2055 λέγοντος,

227 2077 342 2128 ἀλλ’
364 2077 463 2129 οὐκ
491 2077 647 2148 ἐμοῦ,
678 2077 886 2147 βέλτιον
928 2075 1162 2130 ἀκούειν.
1196 2077 1273 2146 Τῇ
1300 2077 1356 2129 δέ
1392 2093 1457 2144 γε
1499 2078 1793 2150 παραθέσει

223 2167 333 2221 τῶν
365 2167 528 2223 αὐτοῦ
562 2170 821 2240 ῥημάτων
847 2169 1206 2240 χρησάμενος,
1251 2168 1362 2238 (18)
1413 2171 1575 2241 μέχρι
1606 2171 1792 2224 τούτου

227 2259 493 2329 στήσομαι
526 2258 662 2322 τέως
693 2259 832 2329 πρὸς
869 2260 1180 2313 ἐναντίωσιν
1219 2260 1313 2312 καὶ
1361 2260 1668 2333 ἀνατροπὴν
1693 2262 1792 2313 αὑ-

223 2348 334 2402 τῶν
360 2365 374 2379 ·
411 2349 472 2402 ού
510 2353 756 2420 μακροὺς
780 2351 998 2419 ἐπάγων
1028 2352 1234 2422 λόγους,
1266 2352 1343 2425 τῷ
1375 2355 1509 2425 μήτε
1550 2353 1677 2416 τοὺς
1703 2352 1795 2406 άν-

223 2437 357 2510 δρας
394 2441 518 2504 τοὺς
544 2441 633 2494 ὑπ’
660 2440 823 2494 αὐτοῦ
870 2440 1359 2515 βλασφημηθέντας
1393 2444 1503 2515 (l9)
1545 2445 1794 2512 ἀγνῶτας

223 2545 374 2592 τινας
403 2525 542 2584 εἶναι
575 2532 667 2585 καὶ
691 2533 935 2601 ἀφανεῖς,
970 2533 1327 2605 γνωρίζεσθαι
1370 2535 1426 2588 δὲ
1457 2536 1607 2605 παρὰ
1636 2537 1789 2600 πᾶσι,

223 2618 320 2672 καὶ
351 2620 685 2684 σιωπῶντας,
709 2623 844 2693 μήτε
868 2622 966 2693 τὴν
993 2623 1071 2686 είς
1099 2623 1189 2677 τὸν
1227 2625 1459 2696 Χριστὸν
1509 2623 1602 2678 τοῦ
1658 2625 1793 2679 Θεοῦ

109 2725 120 2740 ·
224 2708 575 2780 βλασφημίαν
625 2710 734 2780 ('20)
774 2713 1115 2783 ἀμφήριστόν
1163 2732 1280 2768 τινα
1307 2716 1401 2767 καὶ
1427 2715 1793 2788 ἀγνοουμένην

225 2799 514 2872 ὑπάρχειν,
549 2800 626 2863 ὡς
667 2800 867 2873 πολλῆς
904 2821 1050 2869 τινος
1099 2806 1192 2858 καὶ
1245 2805 1608 2875 λογικωτέρας
1655 2808 1791 2879 πρὸς

223 2892 443 2964 ελεγχον
472 2893 724 2965 δεηθῆναι
741 2896 996 2967 σπουδῆς·
1030 2898 1169 2950 οὕτω
1190 2897 1298 2967 (Ἡ)
1321 2898 1376 2950 δὲ
1403 2899 1534 2950 πᾶσι
1554 2899 1665 2962 τοῖς
1694 2900 1793 2970 τῆς

226 2983 685 3053 ικκλησιαστικῆς
729 2985 948 3058 χάριτος
996 2987 1354 3058 μεπιληχὸσι,
1394 2993 1606 3060 μικροῖς
1655 2991 1789 3062 ὁμοῦ

225 3076 319 3128 καὶ
346 3075 623 3146 μεγάλοις,
659 3079 772 3140 καὶ,
819 3077 948 3131 αὐτὸ
993 3079 1172 3149 μόνον,
1226 3081 1495 3151 λεχθεῖσα,
1526 3082 1791 3153 πρόδηλος

225 3166 561 3238 καθέστηκεν
585 3169 617 3238 ή
642 3168 734 3221 τοῦ
769 3169 918 3235 ξένου
943 3170 1130 3223 τούτου
1164 3172 1409 3241 θεολόγον
1438 3174 1783 3241 καινοφωνία.

225 3257 316 3310 Διὸ
349 3256 602 3328 βραχέσιν
625 3258 734 3328 (29.)
761 3260 925 3323 αὐτὸς
951 3261 1106 3330 μόνον
1140 3262 1621 3333 παρασημειὼσεσι
1655 3266 1786 3337 χρή-

224 3362 406 3415 σομαι,
436 3346 609 3418 εἱρμῷ
633 3349 724 3400 καὶ
748 3349 896 3415 τάξει
926 3353 1310 3421 σωματοποιῶν
1337 3354 1426 3406 τὸν
1451 3354 1626 3421 λόγον,
1654 3356 1787 3409 ὐπο-

226 3437 625 3507 σημαινόμενός
653 3455 711 3490 τε
736 3439 866 3490 αὐτὸ
897 3440 1052 3509 μόνον
1076 3442 1136 3493 τὸ
1161 3442 1467 3513 παράλογον
1494 3445 1601 3497 τῶν
1619 3447 1787 3515 ἐμφε-

227 3527 487 3598 ρομένων.
518 3529 653 3597 Πρὶν
693 3529 736 3581 δ’
786 3530 876 3582 ἐπὶ
923 3530 1022 3594 τὰς
1071 3533 1234 3586 αὐτοῦ
1287 3535 1530 3604 χωρῆσαι
1578 3538 1780 3605 φωνὰς,

220 3617 532 3684 ἀναγκαίως
549 3623 660 3682 τοῖς
682 3621 1063 3690 ἐντυγχάνουσι
1081 3623 1159 3693 τῷ
1183 3624 1274 3676 τοῦ
1297 3625 1483 3693 ἀνδρὸς
1504 3629 1782 3698 συγγράμ-

224 3724 352 3779 ματι
382 3710 836 3782 συμϐουλεύσαιμ’
861 3713 946 3776 ἂν,
984 3712 1050 3783 (εί
1086 3715 1140 3766 δὲ
1339 3717 1570 3785 μάλιστα
1611 3719 1780 3771 Γαλα-

218 3798 330 3850 τῶν
350 3792 460 3851 εἶέν
487 3802 672 3865 τινες,)
698 3802 770 3871 μὴ
786 3804 1116 3873 ἀμνημονεῖν
1137 3805 1234 3874 τῆς
1262 3805 1408 3868 θείας
1436 3808 1614 3877 φωνῆς
1643 3807 1786 3862 Παύ-

219 3886 312 3940 λου
347 3905 439 3951 τος
478 3890 795 3952 ἀποστόλου,
829 3895 887 3956 ὃς
925 3895 1104 3958 αὐτοῖς
1136 3896 1398 3959 Γαλάταις
1427 3898 1649 3967 γράφων
1683 3916 1786 3952 πα-

221 3971 370 4044 ρῄνει
433 3975 520 4044 μὴ
587 3980 997 4044 μετατίθεσθαι
1069 3983 1184 4035 ἀπὸ
1249 3984 1352 4036 τοῦ
1417 3985 1786 4053 καλέσαντος

213 4065 440 4131 αὐτοὺς
468 4067 538 4120 ἐν
565 4067 756 4138 χάριτι
784 4072 1038 4139 Χριστοῦ
1066 4077 1151 4138 εἰς
1170 4075 1373 4142 ἕτερον
1396 4078 1782 4146 Εὐαγγέλιον,

214 4359 313 4430 cpia
337 4357 767 4416 Christianorum
799 4381 812 4416 :
843 4372 897 4417 et
927 4364 1067 4419 inter
1099 4381 1212 4430 eos,
1249 4377 1307 4420 ut
1328 4367 1562 4423 lsidorus
1607 4369 1760 4424 Pelu-

212 4429 355 4506 βίοιο
393 4429 649 4506 loquitur,
681 4433 730 4483 οἱ
781 4431 1096 4506 μονάζοντες
1147 4429 1446 4506 κορυφαῖοι.
1501 4440 1762 4494 υεερτίιιὶι

214 4450 352 4485 Ima
393 4450 649 4496 loquitur,
681 4450 730 4483 οι
763 4450 1096 4554 ίμοναςοντες
1147 4450 1446 4506 κορυφαιοι.
1501 4450 1762 4494 UeSCrihit

214 4500 487 4552 hominem
519 4501 760 4554 istiusmo
802 4503 814 4554 i
865 4501 1121 4558 Nazianz.
1173 4518 1306 4560 orat.
1341 4523 1396 4559 ill
1427 4508 1620 4561 Contra
1668 4509 1763 4562 Ju-

214 4566 437 4647 lianuni,
475 4581 595 4637 pag.
621 4569 713 4649 77,
759 4580 816 4649 et
865 4582 1005 4649 orat.
1059 4574 1148 4649 ἓξ,
1180 4591 1301 4649 pag.
1332 4577 1458 4649 4:79,
1510 4577 1766 4649 adcujus

215 4641 476 4691 amussim
523 4641 818 4714 examinati
871 4641 1029 4714 hujus
1084 4641 1304 4714 Eusebii
1357 4641 1763 4714 Pancratiasize,

215 4720 362 4759 mera
382 4704 748 4760 mendicabula
780 4704 1137 4767 invenientur.
1167 4713 1238 4766 Μ.
1353 4731 1370 4745 ο·

429 4773 635 4853 Scripsi.
659 4779 815 4853 ὲπαρ.
851 4782 963 4853 l_oco
981 4784 1127 4853 vulg.
1157 4784 1530 4853 ἐπαιρόμενος.

283 4844 394 4924 (16)
421 4845 530 4924 ’Ὡς
555 4847 744 4911 μόνον
765 4844 1106 4924 ἐ-πῶνηιὲτθῖ
1147 4853 1200 4924 in
1241 4844 1652 4924 lanugine—510v.
1701 4855 1766 4910 Et

215 4912 434 4966 tolerari
480 4926 678 4992 potest,
709 4921 813 4992 sed
856 4921 1027 4985 potior
1055 4912 1570 4992 εειίριυιο,”μὸνον,
1612 4936 1665 4977 ιιι
1693 4928 1764 4981 sit

212 4995 401 5061 sensus
434 4993 541 5061 :__ut
564 4987 777 5061 unicum
803 4988 941 5061 istud
975 5005 1131 5056 opus,
1164 4987 1301 5060 quod
1332 4987 1498 5046 solum
1524 4995 1761 5061 scripsit,

213 5059 289 5129 tot
313 5054 560 5129 versibus
587 5057 914 5129 constiterit;
955 5054 1074 5110 nam
1103 5054 1195 5127 pro
1223 5061 1504 5129 ἀνάλογον,
1540 5054 1761 5118 omnino

211 5118 514 5202 legendum,
548 5122 649 5176 loci
684 5118 994 5192 mutatione,
1020 5118 1297 5199 ἴναίλόγον.
1330 5118 1470 5186 Μ.’-
1494 5118 1609 5186 Duo
1635 5136 1758 5188 vitia

210 5202 396 5244 COI‘I‘CX
408 5209 418 5243 I
430 5229 442 5242 .

281 5259 399 5342 (-lj)‘
419 5260 780 5342 "Yaoﬁmldrr.
805 5263 956 5342 _Leg0_
975 5267 1281 5342 ὑποϐάλλει.
1311 5269 1417 5342 Hoc
1448 5281 1526 5342 est
1558 5273 1757 5342 προῖὼν

210 5327 724 5411 ὑποᾷἀλλειΖ-Ευῐιιι
750 5327 908 5386 etiatii
945 5336 1040 5403 legi
1066 5341 1259 5403 poterit
1282 5327 1610 5411 προῦκυψενί
1657 5343 1756 5396 Le-

210 5401 627 5478 gendumrééﬁg,
651 5416 768 5478 _una
807 5419 963 5478 voce,
989 5401 1041 5458 et
1066 5401 1176 5460 una
1225 5401 1441 5478 pariic.,
1475 5401 1756 5467 ὑποϐαλών

209 5469 467 5543 dependet
485 5484 522 5543 _a
554 5469 701 5524 verb.
718 5471 1053 5543 Δτιροϋκοιζκεν.

259 5537 387 5617 ’(18)
410 5538 596 5606 Μέχρι
627 5537 799 5593 τούτὸ
835 5537 1150 5617 articulari.
1183 5546 1428 5616 Quinque
1480 5549 1628 5604 libris
1673 5553 1755 5604 in-

206 5612 453 5658 stitutum
484 5624 636 5660 suum
667 5621 844 5662 contra
875 5612 1180 5666 Marcellum
1207 5612 1468 5671 Eusebius
1498 5621 1748 5674 absolvit.

209 5678 257 5754 l_n
287 5676 496 5754 duobus
538 5677 681 5754 hisce
707 5680 992 5754 prioribus,
1015 5687 1079 5753 τῇ
1114 5687 1406 5754 παραθέσει
1433 5688 1538 5739 τῶν
1586 5691 1748 5743 αὑτοῦ

206 5744 465 5819 ῥημάτων
491 5743 767 5819 κέχρηται,
804 5749 904 5802 hoc
934 5761 1012 5805 est
1041 5743 1336 5819 q'uod'vult.
1370 5756 1423 5808 in
1455 5759 1622 5812 tribus
1666 5775 1751 5814 se-

205 5816 490 5880 quentibus
523 5851 539 5875 ,
586 5817 677 5882 qui
755 5816 1118 5873 inscribuntur
1176 5824 1249 5878 De
1291 5827 1543 5895 theologia
1589 5831 1748 5884 eccle-

517 5905 784 5968 ΡΑτιιοι..
831 5907 945 5970 Gn.
991 5910 1223 5977 XXIV.

1897 1988 2217 2053 insectatur,
2254 1990 2499 2045 homines
2524 1991 2668 2044 nulla
2713 2006 2951 2060 unquam
2992 1990 3186 2058 injuria
3233 1990 3336 2059 ipsi
3365 2003 3464 2046 co-

1896 2081 2097 2149 gnitos.
2130 2081 2306 2150 Atque
2349 2080 2476 2135 hinc
2511 2081 2755 2150 profecto
2793 2086 2996 2135 factum
3029 2089 3132 2148 est,
3163 2091 3224 2136 ut
3260 2081 3316 2136 in
3359 2081 3466 2136 imo

1895 2185 2138 2226 mensum
2179 2171 2314 2226 adeo
2347 2171 2490 2226 illius
2513 2173 2817 2228 excreverit
2855 2173 3056 2240 oratio,
3106 2189 3228 2228 cum
3256 2173 3323 2228 ad
3367 2174 3465 2230 de-

1895 2261 2007 2314 cies
2047 2260 2194 2315 mille
2239 2275 2433 2315 versus
2477 2276 2610 2331 opus
2668 2260 2794 2315 illud
2846 2263 3067 2319 unicum
3121 2265 3460 2320 intumuerit.

1895 2348 2035 2414 Quid
2071 2348 2335 2402 miramur
2379 2359 2580 2416 autem,
2610 2353 2654 2404 si
2689 2366 2812 2405 cum
2864 2351 3103 2422 linguam
3140 2352 3276 2407 adeo
3307 2367 3463 2408 suam

1895 2439 1948 2494 in
1996 2449 2214 2494 sanctos
2268 2441 2358 2494 Dei
2411 2442 2720 2497 sacerdotes
2770 2442 3071 2508 exacuerit,
3127 2442 3464 2512 impiamque

1895 2530 2175 2583 audaciam
2213 2545 2390 2595 suam,
2432 2532 2498 2586 ad
2531 2532 2676 2587 hunc
2720 2532 2960 2598 modum,
3018 2532 3172 2602 quasi
3210 2546 3466 2605 progym-

1894 2629 2163 2684 nasmale,
2193 2621 2522 2688 exercuerit,
2569 2622 2704 2675 adeo
2736 2636 2958 2690 gressus
2989 2621 3321 2691 prometterit
3356 2621 3464 2677 imo

1893 2709 2132 2778 pietatis,
2165 2718 2223 2764 ut
2275 2712 2493 2765 tandem
2552 2711 2697 2780 quod
2741 2723 2903 2779 caput
2958 2722 3042 2768 est
3088 2721 3253 2782 atque
3301 2727 3465 2782 apex,

1892 2801 2226 2867 unigenitum
2283 2811 2338 2856 et
2397 2803 2650 2857 dilectum
2706 2804 2799 2858 Dei
2859 2803 3098 2869 Filium,
3170 2803 3463 2860 illiusmodi

1892 2891 2250 2961 blasphemiis
2292 2893 2406 2947 suis
2457 2893 2770 2961 subiecerit,
2802 2909 2938 2964 quas
2966 2910 3090 2950 mox
3133 2895 3306 2966 ipsius
3331 2909 3461 2950 ver-

1893 2983 1998 3048 bis,
2054 2998 2158 3036 non
2210 2993 2389 3037 autem
2437 2985 2570 3037 meis
2598 3024 2613 3046 ,
2658 2984 2858 3038 relatas
2913 2985 3142 3040 audietis
3173 3002 3187 3037 :
3215 2987 3266 3039 id
3314 2985 3462 3040 enim

1895 3075 2064 3128 satius
2101 3089 2223 3128 esse
2251 3073 2452 3143 judico.
2482 3074 2610 3140 Quae
2639 3085 2928 3143 postquam
2959 3075 3078 3145 ipsa
3124 3075 3204 3129 sic
3250 3076 3319 3130 ab
3369 3074 3462 3132 illo

1892 3165 2102 3232 prolata
2153 3166 2242 3218 ubi
2281 3169 2485 3235 scripto
2532 3167 2947 3236 consignavero.
2981 3167 3211 3222 ulterius
3259 3167 3318 3243 in‘
3358 3167 3461 3224 hoc

1891 3256 2029 3310 libro
2080 3270 2185 3308 non
2243 3256 2578 3324 progrediar,
2625 3257 2691 3310 ad
2741 3257 2828 3311 illa
2874 3257 3164 3312 refellenda
3219 3258 3460 3313 refutan-

1891 3347 2025 3399 dave
2055 3363 2066 3398 :
2103 3346 2195 3400 sed
2228 3360 2329 3401 nec
2353 3361 2487 3415 opus
2510 3358 2592 3400 est
2618 3349 2919 3404 orationem
2963 3350 3298 3404 contexendo
3329 3363 3461 3417 pro-

1889 3439 2106 3504 ducere,
2163 3453 2286 3492 cum
2345 3439 2452 3491 sint
2506 3438 2606 3501 illi,
2661 3454 2796 3507 quos
2839 3439 3098 3495 conviciis
3162 3438 3457 3504 laceravit,

1894 3529 2201 3595 neutiquam
2252 3528 2416 3597 ignoti
2460 3527 2542 3581 vel
2580 3528 2869 3596 ignobiles,
2929 3531 3018 3582 sed
3069 3537 3342 3597 utcunque
3378 3528 3456 3583 si-

1890 3617 2056 3670 lentio
2084 3631 2142 3670 se
2176 3617 2515 3681 contineant,
2553 3619 2793 3670 omnium
2822 3609 2917 3674 ore
2949 3627 3003 3671 et
3037 3632 3288 3672 sermone
3310 3617 3456 3674 cele-

1887 3709 2025 3761 brati
2063 3725 2076 3760 :
2111 3723 2342 3778 cumque
2369 3708 2482 3772 illa,
2515 3723 2677 3778 quam
2719 3710 2770 3762 in
2805 3710 3079 3764 Christum
3119 3709 3209 3763 Dei
3239 3717 3455 3764 eructa-

1883 3800 1980 3861 vit,
2015 3799 2347 3867 blasphemia
2389 3803 2522 3853 adeo
2567 3802 2637 3853 sit
2675 3801 2956 3855 manifesta
3009 3809 3064 3855 et
3099 3801 3150 3853 in
3201 3798 3455 3858 confesso

1881 3898 2080 3964 posita,
2119 3903 2180 3947 ut
2228 3897 2293 3948 ad
2349 3895 2495 3949 illam
2551 3896 2933 3952 revincendam
2975 3895 3249 3950 exactiore
3274 3895 3455 3965 aliqua

1883 3985 2164 4055 diligentia
2216 4001 2321 4040 non
2367 3988 2439 4040 sit
2481 4002 2636 4056 opus.
2678 3989 2885 4057 Quippe
2925 3987 3018 4054 qui
3056 3985 3293 4038 divinam
3329 3997 3453 4053 gra-

1887 4078 2009 4131 tiam
2051 4079 2103 4132 in
2152 4078 2389 4134 Ecclesia
2432 4079 2769 4145 delibarunt,
2803 4078 2976 4148 parvi,
3023 4076 3254 4140 minimi,
3293 4088 3451 4144 imag-

1872 4371 2104 4491 aiasti‘ia,
2139 4371 2204 4425 ad
2241 4372 2554 4424 ἐναντίωσιν
2592 4373 2767 4425 αυτῶν
2795 4381 2850 4426 et
2882 4367 3194 4441 ἀνατροπὴν
3221 4370 3444 4425 descen-

1908 4452 1964 4491 ιι.
2005 4471 2018 4491 ι

1869 4443 1964 4494 dit.
2005 4443 2018 4491 l

1940 4508 2051 4578 (l9)
2083 4508 2254 4582 vulgo
2279 4510 2553 4579 ἀγνώτους
2587 4512 2752 4575 τινός.
2784 4511 2922 4582 Dein,
2969 4511 3022 4563 in
3068 4520 3211 4563 corr.
3249 4526 3263 4564 :
3299 4509 3440 4582 Lege

1869 4579 2277 4651 πανηγυρίζειν.
2313 4582 2472 4635 Forte
2498 4582 2612 4635 loco
2635 4581 3017 4651 γνωρίζεσθαι.

1941 4647 2050 4720 (20)
2090 4647 2498 4718 Ἆμφήριστον.
2534 4647 2919 4717 Ηοοόειξρυοό
2946 4650 3078 4703 vult.
3128 4647 3260 4720 Cum
3296 4664 3434 4720 non_-

1870 4717 2026 4772 nulla:
2076 4717 2306 4773 haereses
2336 4723 2406 4774 ita
2452 4723 2561 4774 sint
2598 4729 2938 4788 comparatae,
2978 4729 3033 4772 ut
3059 4733 3162 4772 non
3203 4719 3302 4771 nisi
3329 4717 3436 4772 dif.

1867 4788 2077 4842 ﬁculter
2117 4791 2330 4856 agnosci
2362 4801 2415 4843 et
2461 4792 2786 4855 deprehendi
2822 4790 3053 4857 possint,
3085 4799 3142 4841 et
3177 4794 3272 4857 vix
3315 4798 3432 4840 tan-

1866 4861 1984 4911 dem
2020 4874 2116 4926 pro
2147 4860 2438 4914 haeresibus
2469 4862 2765 4913 habeantur
2795 4856 2912 4912 :Vait
2940 4859 3083 4911 illam
3112 4874 3140 4910 a
3177 4856 3430 4911 Marcello

1865 4929 2135 4981 excultum
2163 4937 2214 4981 et
2239 4939 2582 4997 propagatum
2607 4930 2726 4996 ejus
2749 4944 2867 4983 esse
2894 4929 3126 4997 generis,
3155 4937 3210 4978 ut
3244 4926 3323 4980 vel
3360 4927 3427 4980 de

1864 4997 2031 5065 prima
2064 4997 2217 5054 facie.
2245 5001 2468 5053 auribus
2494 4999 2881 5062 audita,oculis
2910 5000 3110 5062 scripto
3147 5006 3426 5064 usurpata,

1862 5080 1960 5132 pro
1981 5068 2191 5128 haeresi,
2217 5069 2485 5121 communi
2513 5069 2787 5121 hominum
2814 5070 2864 5120 in
2894 5067 3130 5119 Ecclesia
3163 5081 3426 5118 consensu

1864 5137 2146 5188 habeatur.
2203 5135 2362 5190 Certe
2419 5137 2503 5190 illa
2557 5153 2714 5205 quam
2768 5137 3018 5190 Marcello
3059 5138 3427 5203 ascripserant

1859 5205 2214 5276 Agrianiperat
2261 5207 2376 5273 ejus
2418 5212 2667 5276 generis;
2731 5219 2786 5259 at
2831 5217 3008 5260 utrum
3059 5205 3203 5256 illam
3266 5214 3423 5269 prout

1861 5274 2033 5344 eidem
2068 5274 2138 5327 illi
2165 5274 2533 5344 objectabanl,
2562 5278 2762 5331 foveret
2813 5276 3113 5338 Marcellus,
3141 5277 3423 5344 quampluo

1860 5343 2014 5416 rimis
2052 5360 2154 5398 non
2191 5341 2368 5400 niinus
2415 5349 2464 5399 in
2503 5349 2760 5410 religione
2793 5346 3018 5416 lynceis.
3061 5341 3222 5416 quam
3255 5341 3423 5395 Ense-

1858 5413 1980 5484 ωιμε
2036 5424 2149 5466 erat
2183 5454 2199 5479 ν
2253 5432 2355 5470 non
2392 5417 2582 5484 patuit,
2631 5417 2768 5471 Julio
2814 5413 3068 5482 pontiﬁci
3131 5413 3377 5484 Romano
3408 5451 3424 5471 ,

1854 5483 2157 5537 Athanasio
2225 5479 2614 5551 Alexandrino,
2697 5487 2770 5539 illi
2824 5479 3086 5538 limresum
3145 5479 3421 5552 ρέιστῆριν

1855 5553 2268 5620 quamplurimis
2298 5556 2415 5610 aliis
2453 5573 2465 5608 :
2504 5550 2728 5611 corrCilio
2766 5555 3074 5609 Sariliceusi
3114 5550 3222 5608 non
3247 5550 3423 5621 lique-

1860 5621 1992 5674 bat:
2030 5623 2080 5674 ni
2116 5621 2400 5681 Marcellus
2427 5627 2822 5683 absolvebatur.
2860 5624 2911 5678 M

1925 5690 2036 5760 (21)
2071 5692 2196 5746 Dele
2224 5694 2303 5749 δέ.

1923 5760 2035 5829 (22)
2069 5762 2260 5829 Scribe
2282 5767 2431 5819 αὐτό.

1923 5768 2013 5829 (22
2069 5768 2260 5817 Scribe
2282 5783 2308 5818 α

1919 5768 2035 5898 (ἳόζ
2062 5828 2200 5899 Lege
2222 5834 2308 5906 δή.

3033 5929 3110 5986 23
