4106 6390
711 370 816 429 715

1378 362 1640 420 Ευεειιιι
1675 357 2131 417 CESARIENSIS
2171 354 2319 411 OPP.
2358 352 2535 407 PARS
2570 350 2661 408 IV.
2697 382 2766 393 --
2803 350 3215 408 DOGMATICA.

3807 350 3912 403 7lb

709 490 789 552 ni.
830 489 1117 542 novitatem
1173 483 1511 546 insolentem,
1558 481 1716 550 hujus
1761 480 1944 547 nuperi
1999 474 2249 545 theologi,

2356 474 2462 525 οὐκ
2488 471 2619 524 ἔστι
2660 470 2768 539 γὰρ
2796 471 2967 532 ἄλλο,
3008 468 3083 531 ὡς
3114 467 3272 530 αὐτός
3308 482 3501 537 φησιν·
3537 461 3589 519 εί
3625 465 3710 534 μή
3752 466 3913 532 τινες

709 575 1079 643 velacceptam
1106 572 1287 641 primis
1314 570 1547 634 auribus,
1566 581 1841 637 agnovere.
1873 566 2021 619 lianc
2040 566 2106 617 ob
2128 578 2254 617 cau-

710 680 823 721 sam
842 664 1175 718 adhibiturus
1201 675 1318 717 sum
1347 660 1697 715 brevissimas
1726 656 1978 725 quasdam
2006 656 2257 723 designa-

711 757 882 811 tiones
911 769 1079 820 meas,
1113 751 1371 807 orationis
1409 750 1679 818 quoddam
1714 761 1930 825 corpuOs,
1978 746 2165 799 ordine
2204 751 2258 797 et

710 846 1015 900 methodico
1086 856 1366 913 progressu
1438 849 1847 895 concatenatum
1901 836 2254 897 constituens,

711 949 818 1004 quo
849 947 968 1002 quae
1010 936 1076 986 ab
1109 931 1197 984 illo
1236 928 1601 999 proferuntur,
1633 941 1788 996 quam
1839 924 1946 978 sint
1996 922 2063 977 ab
2110 922 2255 976 omni

710 1026 918 1080 ratione
951 1023 1139 1088 aliena,
1182 1020 1418 1092 pateﬁat.
1468 1018 1667 1074 Verum
1702 1026 1983 1086 antequam
2037 1016 2089 1068 in
2144 1030 2256 1068 me-

711 1116 856 1170 dium
903 1113 1016 1182 ejus
1049 1114 1211 1168 verba
1255 1112 1548 1183 protulero,
1584 1108 1946 1163 admonendos
1985 1106 2106 1160 illos
2133 1120 2256 1161 esse

709 1219 895 1260 omnes
934 1204 1205 1269 existimo,
1259 1203 1324 1256 ad
1378 1215 1603 1270 quorum
1650 1214 1841 1253 manus
1868 1198 1971 1252 hoc
2016 1210 2256 1266 praesens

709 1293 881 1361 ipsius
910 1293 1169 1362 scriptum
1214 1290 1536 1359 pervenerit,
1559 1303 1624 1344 eo
1651 1288 1821 1358 magis
1865 1287 1907 1341 si
1934 1285 2039 1340 sint
2065 1286 2132 1339 de
2154 1282 2258 1340 Ga-

708 1384 836 1438 latia
864 1384 1101 1449 oriundi,
1138 1387 1195 1445 >14
1229 1395 1295 1435 ne
1322 1380 1490 1435 velint
1520 1380 1711 1433 divina:
1737 1378 1878 1433 beati
1912 1374 2064 1431 Pauli
2103 1376 2257 1431 vocis

708 1489 946 1543 unquam
989 1472 1250 1536 oblivisci,
1286 1484 1391 1540 qua
1437 1468 1653 1524 Galatas
1681 1469 1823 1531 ipsos
1846 1467 2253 1533 adhortabatur,

710 1580 782 1619 ne
808 1565 875 1617 ab
915 1577 979 1617 eo
1013 1561 1103 1631 qul
1135 1562 1186 1615 in
1216 1558 1416 1614 Christi
1463 1558 1688 1628 gratiam
1737 1558 1947 1611 vocavit
2000 1556 2159 1627 ipsos,
2186 1556 2255 1610 ad

710 1654 860 1707 aliud
890 1650 1228 1721 Euangelium
1268 1655 1682 1716 transterantur,
1729 1666 1847 1702 cum
1887 1664 2083 1714 revera,
2116 1648 2255 1715 quod

708 1743 864 1796 docet
890 1741 981 1805 ibi,
1014 1755 1116 1793 non
1159 1742 1223 1793 sit
1274 1741 1419 1793 aliud
1463 1738 1626 1791 ullum
1653 1737 1994 1806 evangelium,
2024 1735 2138 1798 sed,
2165 1733 2255 1804 qui

2356 564 2511 614 εἰσιν
2537 564 2589 614 οἱ
2629 560 3035 627 ταράσσοντες
3062 556 3302 620 αὐτοὺς,
3344 556 3443 609 καί
3491 554 3772 619 θέλοντες
3811 571 3909 623 με·

2355 650 2677 719 ταστρέψαι
2712 651 2776 704 τὸ
2808 648 3173 720 Euan-6.1m
3199 647 3306 700 τοῦ
3342 646 3617 715 Χριστοῦ.
3658 645 3918 714 Κάκείνῳ

2353 742 2409 794 δὲ
2446 740 2756 807 ἀναγκαίως
2792 740 3076 808 προσέχειν
3100 738 3191 789 τὸν
3219 737 3362 803 νοῦν,
3390 736 3459 788 δι’
3480 731 3540 789 οὗ
3570 736 3665 789 καὶ
3716 734 3917 787 ἑαυτοῦ

2357 830 2757 899 καθαπτόμενος
2789 830 2817 880 ὁ
2848 829 3096 890 τοσοῦτος
3130 827 3465 890 Ἀπόστολος,
3498 829 3577 889 είς
3602 824 3917 894 δυσὼπησιν

2354 920 2461 973 τῶν
2494 918 2833 989 διαστρέφειν
2861 920 2986 981 τοὺς
3028 918 3225 989 ἄνδρας
3261 916 3635 988 πειρωμένων,
3664 914 3917 986 προσετί-

2357 1012 2436 1065 θει
2476 1011 2675 1078 λέγων·
2724 1008 2905 1061 Ἀλλὰ
2937 1006 3052 1061 κᾶν
3106 1007 3293 1076 ἡμεῖς,
3321 1006 3377 1079 ἦέ
3401 1006 3654 1075 ἄγγελος
3691 1003 3763 1070 ἐξ
3810 1004 3918 1059 οὐ-

2346 1102 2539 1169 ρανοῦ
2580 1098 2721 1167 ὑμῖν
2769 1099 3247 1168 εὐαγγελίσηται,
3277 1098 3413 1165 παρ’
3456 1096 3489 1149 δ
3526 1094 3919 1165 εὐηγγελισά-

2350 1196 2499 1262 μεθα
2520 1190 2679 1260 ὑμῖν,
2704 1188 2966 1259 ἀνάθεμα
2997 1190 3132 1260 (25‘)
3156 1190 3327 1244 ἔστω.
3358 1189 3424 1241 ’0
3455 1187 3519 1258 δὴ
3559 1185 3919 1240 ἐπαναλαδὼν

2354 1282 2593 1352 δευτεροῖ
2614 1280 2834 1350 φάσκων
2852 1295 2866 1309 ο
2914 1279 3006 1345 Ὠς
3052 1278 3504 1347 προειρήκαμεν,
3536 1277 3635 1331 καί
3653 1278 3783 1345 ἄρτι
3805 1277 3921 1332 πάρ

2352 1375 2452 1426 ,ιιν
2479 1372 2652 1442 λέγω,
2673 1371 2727 1424 ετ
2749 1388 2836 1436 τις
2860 1369 3013 1439 ὑμᾶς
3031 1370 3507 1441 εὐαγγελίσηται,
3536 1369 3669 1437 παρ’
3699 1368 3733 1423 δ
3768 1383 3919 1437 παρ-

2352 1462 2608 1527 ελάϐετε,
2636 1461 2900 1529 ἀνάθεμα
2922 1459 3167 1515 ἕστω.Τί
3192 1460 3250 1514 δὲ
3284 1456 3351 1531 ἦν
3372 1459 3547 1523 τοῦτο,
3588 1458 3717 1530 παρ’
3745 1459 3775 1512 δ
3799 1459 3919 1527 (24)

2352 1554 2451 1607 οὐκ
2500 1549 2569 1625 ἦν
2614 1552 2922 1621 εὐαγγέλιον
2982 1550 3131 1622 [ἄλλο
3158 1550 3675 1622 εὐαγγελίσασθαι];
3718 1549 3922 1605 Ἥποο

2355 1645 2570 1708 πάντως
2620 1644 2752 1697 αὐτὸ
2796 1645 2985 1707 εκεῖνο,
3015 1642 3044 1695 δ
3070 1642 3181 1712 (25)
3214 1641 3280 1714 δὴ
3321 1644 3433 1705 τοῖς
3481 1641 3647 1696 αὐτοῦ
3689 1643 3919 1713 παραδι-

2353 1735 2475 1798 δοὺς
2540 1735 2807 1805 μαθηταῖς
2858 1737 2888 1789 ὁ
2949 1733 3137 1803 Σωτὴρ
3181 1731 3594 1803 ἀναγέγραπται
3648 1732 3921 1805 είρηκὼςο

710 1832 1012 1885 conluth
1040 1830 1180 1893 illos,
1209 1830 1478 1893 exsistant,
1503 1838 1550 1881 et
1583 1828 1674 1896 qui
1723 1825 2003 1893 transferre
2041 1825 2250 1892 cupiant

2356 1825 2742 1894 Πορευθέντες
2772 1825 3180 1893 μαθητεύσατε
3236 1822 3432 1877 πάντα
3472 1825 3546 1878 τὰ
3589 1822 3756 1892 ἔθνη,
3796 1825 3921 1889 ,βα-

710 1921 907 1974 Christi
942 1919 1279 1989 Esangelium
1307 1921 1345 1971 ⁸.
1372 1917 1502 1971 lllud
1528 1923 1703 1969 autem
1731 1915 1783 1968 in
1816 1914 2003 1983 primis
2031 1923 2087 1968 et
2119 1922 2248 1968 ante

707 2012 888 2066 omnia
935 2012 1313 2067 attendendum
1351 2009 1542 2071 fuerat,
1571 2008 1713 2077 quod
1758 2020 1858 2061 nec
1890 2007 1990 2061 sibi
2039 2007 2255 2075 quidem

710 2104 1011 2174 pepercerit
1068 2102 1155 2158 ille
1194 2110 1373 2155 tantus
1412 2099 1718 2168 Apostolus,
1751 2099 1843 2154 sed
1886 2098 1953 2152 ad
1986 2098 2102 2153 illos
2136 2112 2253 2167 per-

708 2195 999 2251 movendos
1029 2202 1084 2247 et
1131 2192 1548 2256 convincendos,
1581 2190 1673 2261 qui
1720 2188 1940 2245 Galatas
1967 2188 2259 2242 conturba-

709 2284 857 2348 bant,
908 2283 1161 2354 adjecerit
1189 2299 1202 2333 :
1229 2280 1451 2335 Etiamsi
1494 2280 1573 2334 uel
1604 2295 1697 2332 nos
1738 2277 1815 2331 uel
1845 2278 1907 2330 de
1964 2276 2092 2331 caelo
2121 2277 2259 2330 vobis

710 2372 926 2443 angelus
959 2371 1108 2424 aliud
1159 2370 1431 2423 annuntiet
1488 2368 1850 2438 Evangelium,
1903 2375 2091 2433 praeter
2127 2364 2261 2418 illud

709 2462 846 2531 quod
863 2462 979 2531 jam
1004 2460 1422 2527 pradicavimus,
1466 2458 1746 2511 anathema
1793 2457 1857 2510 sit
1878 2458 1922 2511 ¹.
1956 2456 2065 2509 Nec
2094 2456 2261 2511 semel

710 2553 953 2622 posuisse
997 2558 1300 2615 contentus,
1331 2548 1577 2618 reponit,
1614 2546 1764 2613 Quod
1781 2550 1899 2616 jam
1942 2548 2087 2614 prius
2129 2546 2259 2610 dixi,

711 2653 761 2697 et
793 2646 978 2697 iterum
1006 2644 1273 2702 denuntio,
1306 2642 1350 2695 si
1384 2642 1496 2709 quis
1538 2640 1680 2694 sobis
1708 2637 2038 2707 evangeliset,
2074 2646 2263 2705 prater

710 2738 764 2791 id
789 2738 927 2803 quod
952 2734 1244 2802 accepistis,
1273 2732 1553 2785 anathema
1577 2730 1643 2784 sit
1665 2730 1705 2781 ³.
1730 2727 1859 2781 Illud
1884 2737 2062 2783 autem
2086 2728 2261 2783 Evan-

708 2826 905 2897 gelium
955 2827 1225 2895 quodnam
1258 2823 1359 2876 fuit
1412 2821 1554 2892 quod
1593 2829 1938 2891 acceperant,
1977 2827 2032 2874 et
2066 2828 2263 2888 prater

708 2916 852 2986 quod
880 2930 986 2971 non
1026 2924 1141 2971 erat
1166 2914 1307 2969 aliud
1342 2912 1771 2968 annuntiandum
1794 2911 1817 2964 ἲ
1844 2910 2101 2979 Equidem
2132 2908 2263 2963 illud

708 3009 881 3075 ipsum
928 3007 1071 3075 quod
1107 3005 1384 3075 discipulis
1415 3004 1529 3058 suis
1560 3003 1815 3057 Dominus
1864 3000 2152 3056 tradidisse
2182 3000 2263 3056 di-

709 3100 873 3162 citur,
927 3098 1015 3152 ubi
1047 3098 1122 3150 ait
1150 3115 1163 3150 :
1206 3094 1436 3163 Profecti
1466 3094 1640 3147 docete
1666 3108 1839 3145 omnes
1884 3102 2078 3161 gentes,
2106 3090 2267 3160 bapti-

712 3196 888 3239 santes
919 3202 1005 3239 eos
1066 3184 1121 3235 in
1154 3183 1359 3236 nomine
1408 3179 1606 3244 Patris,
1646 3190 1693 3233 et
1749 3177 1898 3241 Filii,
1944 3186 1993 3233 et
2037 3176 2265 3246 Spiritus

710 3276 876 3329 sancti
898 3273 938 3325 ⁸.
969 3271 1132 3327 Nobis
1164 3272 1349 3340 utique
1382 3272 1520 3325 banc
1548 3271 1777 3339 gratiam
1816 3271 1869 3325 in
1897 3272 2265 3340 cognoscenda

648 3353 653 3359 ’
711 3374 1055 3421 sacrosancta
1092 3362 1356 3417 'l‘rinitate
1388 3364 1539 3416 solus
1592 3362 1678 3416 ille
1732 3362 1861 3417 solis
1914 3362 2168 3431 patefecit
2213 3363 2264 3415 in

712 3461 805 3513 illa
832 3466 1011 3512 nostra
1043 3459 1264 3525 mystica
1292 3457 1727 3526 regeneratione,
1759 3469 1879 3509 cum
1910 3468 2007 3509 nec
2033 3454 2262 3524 Moyses,

711 3561 811 3602 nec
863 3547 1147 3615 quisquam
1202 3545 1327 3598 olim
1392 3546 1796 3615 prophetarum,
1849 3544 2014 3613 priori
2067 3544 2263 3613 pupulo

711 3636 870 3706 hujus
905 3637 1172 3689 exstiterit
1214 3636 1545 3690 administer.
1579 3636 1657 3689 Ad
1710 3634 1797 3687 Dei
1828 3634 2023 3704 quippe
2064 3633 2257 3687 Filium

711 3738 874 3795 atque
922 3728 1066 3781 illum
1105 3728 1276 3781 solum
1330 3728 1655 3795 pertinebat,
1711 3726 1847 3779 banc
1897 3742 1926 3778 a
1968 3723 2127 3780 Patre
2164 3738 2260 3778 suo

710 3818 938 3889 gratiam
969 3818 1268 3871 hominibus
1310 3818 1571 3871 universis
1617 3817 1987 3869 annuntiatam
2024 3829 2261 3869 commu-

711 3912 893 3964 nicare
920 3924 935 3961 :
970 3924 1091 3963 cum
1120 3908 1200 3962 lex
1221 3925 1309 3977 per
1343 3908 1577 3977 Moysem
1602 3909 1723 3961 data
1758 3908 1935 3973 fuerit,
1957 3908 2129 3977 gratia
2163 3922 2258 3959 au-

716 4011 817 4053 tem
852 4008 902 4054 et
948 4001 1131 4053 veritas
1184 4016 1273 4066 per
1321 3998 1501 4052 Iesum
1555 3986 1814 4051 Christum
1834 3998 1875 4061 ',
1908 4012 2137 4067 eumque
2172 4011 2260 4050 so-

716 4090 857 4152 lum,
907 4097 1089 4157 utpote
1138 4086 1335 4141 Filium
1386 4088 1739 4158 unigenitum.
1791 4087 2093 4154 Quocirca,
2156 4100 2261 4142 nec

787 4285 846 4343 >14
876 4279 973 4334 Ed.
1006 4278 1204 4349 Paris.,
1235 4294 1354 4349 pag.
1386 4279 1441 4349 5.

788 4354 802 4380 ¹
826 4349 943 4403 Gal.
970 4366 1009 4414 1,
1032 4348 1087 4412 6,
1123 4350 1173 4403 7.
1238 4348 1241 4349 ⁷
1281 4350 1299 4378 ⁸
1328 4348 1455 4403 ibid.
1486 4348 1539 4403 8.
1648 4348 1667 4379 ³
1699 4348 1827 4403 ibid.
1862 4350 1916 4403 9.

784 4615 917 4685 (23‘)
947 4615 1047 4685 βίον
1082 4616 1247 4685 ἔσται.

786 4684 1026 4753 (Ξιγδίρ.
1070 4684 1140 4736 ἴσ.
1178 4686 1255 4735 ὅτι
1293 4685 1411 4749 οὐκ,
1464 4684 1624 4738 verba
1664 4684 1788 4737 ἄλλο
1808 4685 2257 4753 εὐαγγελίσασθαι

704 4754 973 4822 glossema
1005 4756 1231 4822 sapiunt.

788 4822 898 4893 (25)
933 4821 1095 4891 Vulgo
1122 4823 1197 4875 δέ.

788 4825 898 4961 (Ξὸζ
933 4825 1095 4891 Vulgo
1122 4825 1197 4875 δέ.

786 4893 873 4960 (26
914 4893 1107 4957 Μόνος
1134 4892 1325 4962 αὑτὸν
1348 4894 1440 4945 διὰ
1487 4892 1591 4958 τῆς
1620 4895 1933 4962 μυστικῆς.
1973 4892 2083 4948 Hoc
2108 4896 2215 4948 vult
2244 4911 2253 4942 :

714 4972 839 5016 ante
882 4960 1294 5025 συγκατάϐασιν
1341 4972 1394 5013 ct
1440 4964 1583 5015 illam
1631 4967 1682 5016 in
1735 4960 1899 5019 carne
1952 4963 2252 5017 Servatoris

712 5031 883 5084 nostri
904 5031 1227 5100 οἰκονομίαν,
1248 5031 1348 5095 Qui
1367 5034 1552 5085 inventi
1572 5048 1771 5084 omnem
1798 5034 2253 5100 viamdisciplinte,

714 5112 758 5152 et
787 5099 999 5151 tradidit
1023 5101 1169 5151 illum
1209 5102 1369 5154 Iacob
1414 5117 1569 5168 puero
1621 5118 1732 5161 suo,
1762 5112 1808 5154 et
1860 5102 2025 5153 Israel
2067 5099 2252 5155 dilecto

712 5185 828 5229 suo,
862 5168 1179 5241 doctrinattt
1214 5171 1377 5241 illam,
1428 5172 1479 5222 in
1535 5170 1767 5241 Ecclesia
1826 5171 2123 5241 §7ta66qto_v,
2185 5173 2251 5225 de

714 5246 1057 5290 sacrosancta
1096 5237 1378 5301 Trinitate,
1434 5254 1691 5305 nusquam
1742 5239 1791 5291 in
1824 5237 2008 5293 Veteri
2055 5238 2242 5293 Testa-

715 5317 914 5378 mento,
936 5321 1028 5372 per
1056 5306 1284 5378 bioysem
1299 5319 1389 5360 aut
1412 5306 2026 5376 praphetasJudmorum
2058 5310 2251 5378 populo

716 5375 1023 5428 revelatam.
1055 5376 1216 5441 Cujus
1248 5375 1667 5431 rationern'lihro
1695 5392 1753 5431 ttt
1787 5379 1856 5430 De
1883 5375 2247 5431 ecclesitlteol.

718 5446 789 5495 ait
817 5444 981 5515 fuisse
1012 5446 1185 5513 populi
1210 5445 1367 5515 illius,
1399 5462 1556 5515 quem
1603 5448 1947 5500 erudiendum
1998 5462 2248 5515 suscepe-

715 5523 818 5583 rat,
848 5514 1096 5583 traditum
1120 5516 1242 5575 sibi,
1270 5530 1296 5567 a
1329 5514 1434 5569 Deo
1463 5519 1513 5568 in
1543 5516 1877 5583 disciplinam
1908 5516 2135 5583 Moyses,
2160 5514 2244 5568 ’ad

717 5580 1066 5654 idololatriam
1116 5573 1427 5654 ὲπιρρεπές,
1476 5596 1525 5639 et
1561 5573 1759 5653 βίονίιι
1817 5573 2044 5654 appellat
2098 5573 2151 5638 in
2195 5584 2246 5639 α’

2356 5585 2398 5654 in
2425 5573 2601 5635 libello
2633 5582 2705 5654 De
2748 5583 2839 5635 im.
2879 5596 2924 5654 et
2970 5573 3254 5637 simil.de
3304 5602 3322 5636 :

2354 1916 2651 1981 κτίζοντες
2696 1914 2916 1981 αὐτοὺς
2948 1917 3036 1981 είς
3078 1913 3145 1968 τὸ
3173 1914 3359 1983 ὄνομα
3384 1913 3491 1968 τοῦ
3538 1914 3791 1983 Πατρός,
3825 1915 3922 1969 καί

2354 2004 2459 2058 τοῦ
2495 2004 2647 2068 Υίοῦ,
2680 2002 2779 2057 καί
2806 2003 2912 2057 τοῦ
2946 2004 3118 2073 ἁγίου
3150 2005 3510 2073 Πνεύματος.
3549 2003 3767 2075 Ταύτην
3814 2004 3923 2075 γὰρ

2356 2095 2485 2166 ἡμῖν
2516 2095 2612 2167 τὴν
2644 2094 2800 2166 χάριν
2814 2094 2915 2164 τῆς
2945 2092 3197 2163 γνώσεως
3234 2094 3333 2164 τῆς
3367 2094 3525 2163 ἁγίας
3551 2094 3781 2165 Τριάδος
3810 2093 3922 2165 (96)

2360 2188 2517 2258 μόνος
2537 2188 2696 2250 αὐτὸς
2722 2187 2808 2240 διὰ
2838 2187 2938 2257 τῆς
2985 2186 3248 2258 μυστικῆς
3284 2186 3579 2259 δεδώρηται
3626 2188 3927 2259 ἁναγεννήυ

2360 2296 2513 2343 σεως,
2546 2277 2668 2332 οὕτε
2692 2278 2964 2344 Μωῦσέως
3002 2278 3126 2333 οὗτε
3168 2278 3460 2351 προφητῶν
3497 2295 3641 2342 τινος
3664 2278 3745 2349 τῷ
3790 2296 3924 2349 προσ

2358 2369 2499 2441 τίρῳ
2524 2370 2637 2440 λαῷ
2657 2369 2859 2441 ταύτην
2886 2369 3365 2444 διακονησαμένου.
3380 2370 3545 2441 Μόνῳ
3570 2370 3679 2442 γὰρ
3715 2370 3922 2442 ἔπρεπε

2357 2459 2564 2530 τῷΥίῷ
2592 2458 2685 2512 τοῦ
2730 2459 2865 2513 Θεοῦ
2909 2459 3007 2531 τὴν
3049 2446 3316 2532 πατρικὴν
3370 2460 3573 2514 ἅπασιν
3616 2459 3921 2533 ἀνθρώποις

2360 2548 2805 2617 εὐαγγελίσασθαι
2826 2550 2985 2619 χάριν
3002 2566 3015 2580 ·
3048 2551 3340 2621 ἐπειδήπερ
3359 2552 3393 2604 ό
3420 2552 3603 2619 νόμος
3632 2550 3729 2605 διὰ
3749 2553 3921 2606 Moro-

2360 2639 2513 2706 σέως
2544 2640 2741 2707 ἐδόθη,
2773 2637 2871 2692 διὰ
2914 2638 2982 2692 δὲ
3006 2640 3196 2709 μόνου
3227 2639 3419 2707 Ἰησοῦ
3468 2640 3575 2695 τοῦ
3636 2638 3921 2708 Χριστοῦ,

2359 2732 2436 2795 ὡς
2461 2732 2549 2785 διὰ
2578 2730 2892 2803 μονογενοῦς
2941 2730 3093 2795 Υίοῦ,
3136 2732 3175 2800 ἡ
3226 2730 3398 2800 χάρις
3436 2730 3536 2785 καί
3582 2732 3621 2799 ἡ
3672 2730 3920 2798 ἀλήθεια

2359 2822 2613 2891 ἐγένετο.
2641 2821 2831 2877 Ἔνθεν
2851 2822 3073 2886 εἰκότως
3102 2824 3132 2875 ὁ
3181 2822 3277 2893 μὲν
3304 2821 3678 2893 παιδαγωγοῦ
3701 2824 3919 2890 τρόπον

2360 2910 2767 2981 νηπιάζοντιτῷ
2798 2911 3043 2982 προτέρῳ
3067 2910 3181 2981 λαῷ
3216 2914 3452 2981 στοιχεῖα
3472 2911 3574 2981 τῆς
3614 2912 3789 2984 ἀρχῆς
3815 2912 3920 2966 τῶν

2359 3001 2454 3055 τοῦ
2487 3000 2621 3054 Θεοῦ
2648 3001 2931 3072 παρεδίδου
2960 3000 3173 3071 λογίων,
3221 3000 3479 3054 πολυθέου
3506 3001 3606 3073 μὲν
3646 3003 3919 3075 άπείργων

2367 3092 2595 3163 πλάνης,
2616 3092 2746 3146 Θεὸν
2793 3092 2850 3145 δὲ
2895 3092 3178 3163 κηρύττων
3222 3092 3317 3144 ῑνα
3361 3093 3518 3162 μόνον
3543 3092 3738 3147 ειδέναι
3756 3110 3770 3124 °
3802 3096 3834 3165 ἡ
3864 3094 3917 3147 δδ

2367 3184 2629 3254 σωτήριος
2680 3182 2838 3253 χάρις
2883 3182 3246 3255 ὑπερκόσμιόν
3285 3199 3404 3235 τινα
3475 3184 3571 3237 καὶ
3628 3184 3918 3255 ἀγγελικὴν

2365 3275 2494 3345 ἡμῖν
2527 3274 2833 3345 παρέχουσα
2871 3274 3087 3343 γνῶσιν,
3131 3273 3192 3327 τὸ
3218 3273 3381 3327 πάλαι
3436 3274 3515 3344 τῷ
3536 3276 3786 3347 προτέρῳ
3811 3275 3917 3347 λαῷ

2366 3363 2718 3434 σεσιγημένον
2755 3366 3049 3436 μυστήριον
3076 3363 3375 3432 ἀναφανδὸν
3416 3363 3798 3431 ὲξεκάλυπτεν,
3828 3367 3906 3420 αύ-

2360 3457 2557 3510 τὸντὸν
2581 3456 2835 3511 ἐπέκεινα
2867 3457 2974 3511 τῶν
3020 3456 3156 3510 ὅλων
3182 3456 3334 3521 Θεὸν,
3365 3456 3455 3511 τὸν
3498 3460 3611 3522 τοῖς
3642 3459 3806 3513 πάλαι
3827 3461 3917 3514 ἀν-

2360 3546 2594 3619 Θρώποις
2642 3548 2999 3618 ἐγνωσμένον,
3038 3548 3169 3601 Θεὸν
3207 3547 3325 3619 ἅμα
3383 3549 3474 3602 καὶ
3520 3549 3739 3620 Πατέρα
3782 3545 3916 3603 εἶναι

2362 3637 2454 3690 τοῦ
2499 3636 2626 3690 Υίοῦ
2685 3636 2777 3690 τοῦ
2829 3636 3144 3708 μονογενοῦς
3185 3638 3546 3708 κηρύττουσι,
3593 3640 3689 3709 τήν
3726 3654 3786 3691 τε
3826 3638 3915 3691 τοῦ

2364 3727 2518 3795 ἁγίου
2550 3724 2863 3796 Πνεύματος
2892 3726 2979 3779 διὰ
3009 3725 3101 3779 τοῦ
3132 3726 3260 3779 Υίοῦ
3308 3730 3418 3788 τοῖς
3464 3727 3635 3791 ἀξίοις
3667 3729 3913 3799 ἐπιχορη-

2363 3816 2530 3885 γοῦσα
2553 3814 2795 3885 δύναμιν.
2826 3814 2957 3885 (26⁶)
2979 3814 3135 3885 Αὐτῷ
3166 3831 3283 3879 πως
3311 3815 3409 3887 τὴν
3434 3815 3593 3884 ἁγίαν
3622 3816 3716 3870 καὶ
3744 3833 3911 3886 μακα-

2368 3907 2485 3979 ρίαν
2516 3907 2609 3959 καὶ
2643 3907 2904 3978 μυστικὴν
2918 3906 3122 3977 Τριάδα
3147 3906 3359 3978 [ἰατρὸς
3380 3907 3471 3959 καὶ
3489 3904 3617 3959 Υίοῢ
3650 3906 3745 3960 καὶ
3766 3906 3912 3976 ἁγίου

2364 3999 2676 4068 Πνεύματος
2704 4000 2784 4061 είς
2822 3998 3083 4068 σωτήριον
3118 3996 3303 4051 ὲλπίδα
3328 3995 3419 4049 διὰ
3448 3997 3544 4067 τῆς
3590 3997 3649 4049 ὲν
3703 3994 3910 4068 Χριστῷ

2365 4088 2770 4160 ἀναγεννήσεως
2819 4089 2852 4159 η
2884 4087 2977 4141 τοῦ
3018 4087 3155 4142 Θεοῦ
3200 4085 3491 4158 Ἐκκλησία
3532 4086 3908 4159 παραλαϐοῦσα

2018 4352 2039 4381 ⁸
2069 4350 2455 4412 Mattluxvnt,
2489 4348 2577 4404 l9.
2650 4349 2671 4380 '
2700 4346 2854 4404 Joan.
2896 4364 2935 4413 t,
2963 4351 3048 4404 l7.

2295 4619 2339 4674 Ι)
2370 4614 2523 4688 i_stius
2545 4618 2775 4688 m_entio_;_
2822 4614 2915 4670 sed
2944 4614 3365 4685 αίνιγματώδης.
3387 4624 3440 4688 et
3471 4616 3901 4688 ὲγκεκρυμμένη.

2368 4684 2664 4754 Eratenim
2694 4685 2868 4739 adltuc
2902 4693 3105 4754 tempus
3144 4684 3657 4754 καταπετάσματος,
3679 4684 3901 4741 nondum

2366 4754 2554 4806 remoti
2588 4752 2711 4818 veli,
2736 4764 2788 4807 et
2807 4752 3220 4820 ἀποκαλύψεως.
3246 4755 3421 4809 (litant
3450 4752 3501 4808 in
3526 4756 3715 4822 primis
3742 4756 3899 4809 ortho-

2366 4823 2487 4875 doxi
2520 4822 2722 4884 Patres,
2761 4822 2889 4875 illud
2945 4822 2995 4875 in
3048 4823 3307 4891 principio
3354 4824 3577 4877 Genesis
3629 4822 3899 4877 Facimus

2366 4891 2643 4963 flaminem,
2684 4900 2811 4963 etc.,
2872 4891 2937 4963 de
2984 4906 3087 4959 qua
3145 4894 3298 4963 ῥήσει
3328 4892 3599 4963 Basilius
3635 4892 3898 4947 Seleucia.

2367 4960 2596 5031 Γινξσοω
2621 4962 2811 5031 τοίνυν
2836 4960 3209 5031 *σύγχρονοςη
3236 4961 3513 5031 γνῶσιςτῇ
3548 4962 3772 5015 πλάσει·
3820 4964 3899 5017 καὶ

2362 5029 2433 5097 μὴ
2464 5026 2746 5103 ξενιζέσθω
2779 5025 3159 5103 διδασκομένη-ν
3184 5025 3525 5103 ὕστερον,νῶ
3565 5035 3622 5084 ὲν
3660 5035 3726 5102 τῇ
3762 5036 3889 5102 ποιή·

2361 5116 2439 5177 σει
2469 5100 2564 5167 τὴν
2599 5101 2823 5177 μνῂμῃν.
2842 5097 3072 5177 ἐδέξατο.
3102 5097 3235 5154 Vide
3252 5097 3637 5177 Tertullianunt
3668 5097 3896 5177 adversus

2362 5170 2643 5238 {'raxeam.
2675 5168 3019 5238 Epiphanius
3039 5186 3146 5223 rem
3172 5185 3265 5237 per
3290 5172 3487 5238 gradus
3511 5172 3749 5224 deducit.
3788 5168 3894 5224 Una

2361 5236 2561 5299 Deitas,
2603 5238 2870 5305 inquiens,
2904 5254 2935 5288 a
2970 5237 3148 5306 Moyse
3174 5236 3447 5306 put—cipue
3488 5241 3802 5291 annuntiata
3830 5256 3895 5293 est

2358 5322 2696 5376 person_arum
2722 5306 2973 5370 dualitas,
3004 5311 3319 5361 vehementer
3343 5327 3374 5361 a
3415 5308 3674 5375 prophetis
3716 5312 3893 5376 pradi-

2352 5386 2489 5445 τοία,
2520 5374 2755 5445 Trinitas
2774 5390 2891 5445 uero
2915 5392 3275 5441 personarum,
3334 5374 3612 5445 manifesta
3647 5374 3791 5445 facta
3832 5391 3893 5431 est

2349 5446 2401 5497 in
2433 5443 2744 5511 Evangeliis.
2779 5440 3017 5499 Haecine
3050 5447 3100 5499 in
3148 5448 3436 5510 Ancorato,
3480 5440 3890 5500 'unde'doctisn-

2350 5529 2465 5565 mus
2520 5512 2790 5583 Nysseuus
2846 5527 3024 5575 vocat,
3060 5518 3421 5583 cognitionem
3458 5516 3597 5569 κατὰ
3641 5517 3891 5583 πρόδασιν

3383 5585 3538 5637 Κατὰ
3561 5585 3834 5648 πρόὸασιν,
3863 5586 3890 5648 ἠ

716 5649 948 5725 ἁποδειξ.
980 5649 1345 5719 αίγυπτιακόν.
1386 5649 1570 5717 Certe,
1595 5657 1643 5706 in
1681 5649 1864 5725 veteri
1886 5649 2245 5709 'Testamento

2356 5653 2579 5725 ἡμετέρα
2605 5651 2760 5725 φύσις
2791 5658 2849 5703 τὸ
2869 5653 2964 5723 τῆς
2992 5654 3219 5725 Τριὰδος
3254 5654 3463 5722 ὲπέγνω
3500 5649 3811 5725 μυστήριον.
3833 5654 3887 5706 Μ.

718 5724 977 5790 nusquam
1007 5726 1266 5792 reperitur
1313 5725 1559 5795 explicita
1615 5733 1666 5779 et
1710 5723 1953 5780 distincta
2004 5725 2241 5782 mvsterii

2414 5721 2549 5791 (26‘)
2593 5721 2757 5775 Αὐτώ
2788 5721 2931 5779 mur.
2980 5721 3137 5779 Forte
3182 5721 3744 5793 legendum,'a-bzdliév
3770 5740 3886 5787 πως.
