4106 6426
214 411 310 464 ’Νι

1345 406 1628 464 CONTRA
1662 407 2094 466 MARCELLUM
2133 409 2260 466 LIB.
2302 413 2343 470 1.

3351 421 3450 474 Ἠἳ

213 523 330 597 Ou}.
362 519 502 578 εἶναι
529 521 986 595 φανταζομένους.
1019 523 1261 593 Πνεῦμα
1289 522 1398 595 γὰρ
1435 525 1470 577 ό
1503 523 1646 590 Θεὸς
1684 525 1780 578 καὶ

1888 540 2052 578 unum
2079 529 2455 595 eumdemque,
2484 528 2528 582 is
2559 528 2798 597 profecto
2828 527 3124 584 Sabellium
3156 537 3323 585 totum
3351 534 3449 588 sibi

213 616 353 684 τοὺς
387 615 884 686 προσκυνοῦντας
920 612 1079 680 αὐτῷ
1107 615 1176 670 ἐν
1202 617 1490 686 πνεύματι
1513 618 1611 670 καὶ
1636 617 1782 684 ἀλη-

211 708 340 777 θείᾳ
384 706 482 762 δεῖ
518 706 906 774 προσκυνεῖν,
948 705 1111 770 αὐτὸς
1148 705 1432 771 ιδίδαξενό
1455 707 1668 778 Σωτήρ.
1717 708 1780 761 El

207 798 267 853 δὲ
303 797 538 867 πνεῦμα,
569 795 726 866 δῆλον
753 797 834 850 ὅτι
871 795 1032 860 θεῖον,
1067 797 1311 868 κρεῖττον
1342 797 1541 860 παντὸς
1591 797 1782 868 αἰσθη-

206 905 304 942 του
330 887 425 941 καὶ
455 886 709 940 συνθέτου
739 887 1005 959 σώματος’
1041 887 1118 950 ὡς
1153 889 1288 960 μήτε
1309 890 1503 958 Λόγον
1526 888 1780 960 αἰσθητὸν

209 980 354 1052 εχειν
383 978 490 1032 ὑπὸ
503 976 748 1050 γλώττης
778 977 889 1049 (42)
919 977 1294 1050 ἑξηχούμενον,
1330 981 1424 1032 καὶ
1465 978 1551 1032 διὰ
1578 996 1782 1051 προφο-

211 1072 312 1143 ρᾶς
335 1069 548 1142 θνητοῖς
583 1069 717 1123 ὠσὶν
744 1069 1150 1140 ἑξακουόμενον,
1186 1071 1322 1141 μήτε
1353 1069 1616 1138 γλῶτταν,
1643 1072 1779 1142 μήτε

209 1161 414 1232 φωνὴν,
444 1161 582 1232 μήτε
597 1160 920 1239 πρόσωπον,
950 1160 1087 1231 μήτε
1102 1159 1230 1214 ἄλλο
1252 1159 1430 1231 θνητῷ
1452 1162 1545 1214 καὶ
1569 1160 1779 1232 ἀνθρω-

206 1251 349 1323 πίνῳ
381 1251 626 1324 λογισμῷ
670 1251 1168 1324 παραϐαλλόμενον.
1215 1253 1278 1306 El
1331 1253 1438 1324 γάρ
1475 1270 1527 1306 τι
1565 1253 1713 1318 ἄλλο,
1748 1253 1780 1307 ὃ

207 1343 516 1412 ὀφθαλμὸς
545 1345 656 1398 οὐκ
675 1339 858 1406 εἶϐεν,
891 1342 1033 1397 οὐδὲ
1058 1339 1170 1410 οὖς
1190 1343 1478 1412 ἤκουσεν,
1503 1345 1646 1400 οὐδὲ
1680 1345 1780 1399 ἐπὶ

205 1433 323 1502 τὴν
376 1433 486 1506 (45)
521 1433 774 1503 καρδίαν
805 1433 1117 1502 ἀνθρώπου
1167 1438 1279 1490 οὐκ
1317 1435 1520 1504 ἀνέϐη·
1553 1436 1777 1508 (τοιαῦτ’

204 1519 364 1589 εἶναι,
381 1525 421 1580 d
441 1525 770 1595 ἡτοίμασεν
801 1525 1004 1592 ὀ-Θεός
1035 1525 1347 1596 ἀγαπῶσιν
1366 1528 1573 1593 αὐτὸν,
1594 1529 1623 1582 ό
1637 1530 1780 1594 θεῖος

205 1615 441 1684 ἐδίδαξεν
482 1617 846 1690 ’Δπόστολοςὴ
878 1620 1082 1674 τούτων
1108 1621 1362 1674 ἁπάντων
1390 1619 1571 1684 αὐτὸς,
1599 1622 1628 1673 ό
1657 1621 1780 1675 τού-

202 1724 313 1761 των
341 1706 503 1779 δοτὴρ
525 1708 778 1780 ἀρρήτων
808 1709 874 1764 ἂν
897 1710 984 1782 ετη
1008 1710 1389 1784 ἀρρητότερος·
1415 1712 1474 1776 ὃς
1512 1711 1623 1783 (ιι)
1660 1712 1780 1766 πολ-

1884 600 2094 670 ἰηάυἰίι
2127 619 2196 670 ab
2230 615 2317 670 illa
2359 615 2528 686 gratia
2561 625 2617 671 et
2650 618 2956 686 cognitione
2993 618 3202 673 alienus
3231 621 3450 687 excidit,

1880 718 2002 774 qua:
2030 721 2126 775 per
2157 705 2430 761 Christum
2472 717 2571 761 cst.
2608 705 2922 778 Disquirere
2964 723 3070 763 non
3111 711 3318 779 patitur
3347 710 3450 772 Ec:

1881 793 2060 849 clesite
2077 795 2183 859 lex,
2210 796 2403 850 nedum
2425 795 2776 853 subdubitare
2807 813 2926 863 nos,
2947 808 3041 853 aut
3076 812 3272 853 vocare
3295 799 3449 854 inter-

1882 885 2122 953 rogando
2150 886 2201 938 in
2231 888 2602 955 quaestionem,
2649 897 2828 942 utrum
2873 888 2968 943 Dei
2997 887 3166 944 Filius
3209 890 3448 964 unigeni-

1882 985 1991 1042 tus,
2023 987 2134 1030 erat
2156 1015 2170 1040 ,
2199 986 2253 1030 et
2283 988 2409 1034 ante
2441 981 2622 1034 omnia
2639 980 3048 1050 pmmistebat.
3078 981 3246 1036 Docet
3273 991 3449 1036 autem

1881 1066 1990 1121 fide
2016 1067 2323 1134 ratibabita,
2369 1079 2425 1124 et
2471 1085 2592 1125 cum
2622 1086 2829 1125 summa
2871 1071 3197 1128 conﬁdentia
3229 1073 3448 1142 protite-

1883 1165 1990 1221 tur,
2050 1157 2216 1212 Deum
2272 1161 2354 1214 sui
2402 1158 2521 1215 Filii
2568 1161 2827 1231 unigeniti
2875 1177 2998 1217 esse
3044 1162 3296 1231 Patrem,
3345 1180 3450 1220 non

1881 1259 2062 1305 autem
2098 1249 2310 1304 Patrem
2339 1267 2461 1306 esse
2488 1250 2705 1319 Filium,
2739 1251 2818 1306 vel
2851 1252 3042 1308 Filium
3069 1269 3192 1311 esse
3216 1256 3450 1312 Patrem.

1880 1341 2035 1398 Hunc
2092 1357 2212 1398 esse
2272 1343 2606 1412 ingenitum,
2653 1353 2950 1410 aeternum,
2996 1345 3114 1400 sine
3164 1348 3453 1418 principio,

1881 1437 2111 1507 primum
2173 1447 2229 1490 et
2278 1435 2490 1500 solum,
2548 1433 2760 1490 Patrem
2811 1435 3169 1491 adorandum.
3229 1437 3383 1493 llluni
3423 1455 3455 1493 a

1882 1525 2043 1581 Patre
2076 1540 2176 1582 suo
2204 1527 2471 1596 genitum,
2502 1527 2907 1590 subsistentem,
2937 1528 3110 1582 solum
3140 1527 3367 1595 Filium,
3401 1539 3458 1586 et

1879 1615 2233 1684 unigenitum.
2265 1614 2431 1668 Deum
2461 1616 2604 1670 hunc
2632 1617 2874 1686 agnoscit
2901 1631 3150 1673 veracem
3189 1634 3332 1688 esse,
3365 1630 3456 1676 ut—

1880 1715 2002 1777 pote
2026 1721 2149 1761 cum
2190 1706 2283 1762 Dei
2310 1707 2533 1762 exsistat
2569 1706 2760 1762 Filius.
2805 1707 2904 1762 Cui
2942 1710 2987 1762 si
3026 1708 3146 1778 quis
3179 1712 3454 1766 contradi-

204 1797 283 1870 λῷ
322 1798 518 1870 μᾶλλον
571 1799 931 1874 ἀληθέστερον
978 1802 1111 1874 φαίη
1155 1801 1221 1857 ἂν
1268 1804 1325 1856 ἑν
1351 1806 1418 1874 τῇ
1450 1804 1579 1876 περ)⁵
1611 1805 1775 1859 αὑτοῦ

1882 1815 2006 1856 cere
2060 1801 2340 1856 sententia:
2402 1811 2728 1870 praesumat,
2799 1809 2854 1855 et
2924 1801 3015 1856 Dei
3073 1800 3311 1856 Verbum
3377 1802 3454 1858 illi

206 1865 469 1964 θεολογίᾳ·
495 1865 805 1962 est:an
833 1865 920 1963 ὶιὴ
950 1865 1286 1962 sapam,
1321 1865 1477 1963 μῆεέ
1503 1865 1613 1961 ὁῦς
1641 1895 1778 1964 ἀκη-

1882 1892 2041 1947 verbo
2070 1906 2166 1961 per
2188 1892 2365 1946 omnia
2410 1889 2813 1958 assimilaverit,
2856 1890 2998 1960 quod
3049 1890 3102 1945 in
3150 1891 3456 1948 hominibus

203 1981 426 2046 κοέναι,
446 1982 601 2052 μηδὲ
630 1985 730 2038 ἐπὶ
758 1983 1008 2054 καρδίαν
1017 1985 1339 2055 ἀνθρώπων
1355 1986 1780 2055 ἀναϐεϐηκέναι

201 2072 304 2144 τῆς
329 2075 458 2146 περὶ
492 2075 653 2129 αὑτοῦ
693 2077 1050 2148 καταλήψεως
1084 2077 1183 2150 τὴν
1213 2079 1434 2146 γνῶσιν.
1473 2079 1530 2132 '0
1551 2079 1596 2133 δ’
1619 2079 1780 2144 αὐτὸς

201 2164 270 2217 ἂν
315 2167 398 2238 εἴη
439 2166 595 2236 λόγος
620 2169 714 2222 καὶ
756 2170 886 2240 περὶ
916 2169 1018 2239 τῆς
1058 2169 1150 2224 τοῦ
1184 2169 1316 2224 Υἱοῦ
1347 2172 1776 2246 γενεσιουργίας.

203 2253 422 2311 Τούτων
454 2257 499 2310 δ’
529 2257 690 2322 αὐτὸς
714 2261 742 2313 ό
768 2260 959 2332 Σωτὴρ
1012 2259 1307 2334 ἀξιόχρεως
1337 2263 1534 2332 γένοιτ’
1556 2263 1621 2318 ἂν
1650 2265 1780 2334 ἡμῖν

205 2341 550 2419 ιεροφάντης,
590 2342 693 2403 ὧδέ
720 2367 796 2422 πη
846 2351 1090 2420 φάσκων·
1128 2353 1331 2408 Πάντα
1351 2373 1455 2424 μοι
1485 2355 1780 2425 παρεδόθη

202 2437 321 2491 ὑπὸ
343 2439 451 2495 τοῦ
486 2442 714 2512 Πατρός
731 2460 871 2511 μου·
901 2447 994 2500 καὶ
1031 2447 1240 2514 Οὐδεὶς
1271 2448 1649 2518 ἐπιγινώσκει
1677 2449 1782 2503 τὸν

211 2527 349 2582 Πὸν
371 2531 425 2582 εὶ
438 2529 524 2600 μὴ
578 2534 612 2586 ὁ
643 2534 870 2605 Πατὴρ.
903 2536 1046 2591 οὐδὲ
1085 2539 1192 2591 τὸν
1218 2538 1450 2607 Πατέρα
1482 2557 1570 2606 τις
1595 2541 1779 2609 ἐπιγι-

202 2622 420 2678 νώσκει
437 2624 491 2677 ει
514 2623 601 2693 μὴ
651 2626 685 2678 ό
733 2626 882 2692 Υἱός.
919 2627 984 2680 Ei
1031 2627 1096 2699 δὴ
1143 2623 1237 2682 οὖν
1268 2629 1476 2694 τούτοις
1506 2632 1603 2701 μὲν
1629 2633 1780 2686 ἀντι-

203 2711 496 2782 φθέγγοιτό
526 2729 632 2776 τις,
668 2711 762 2766 καὶ
812 2713 885 2785 μὴ
916 2714 1008 2768 τὸν
1038 2714 1189 2779 Υἰὸν,
1247 2708 1290 2784 ᾧ
1330 2717 1504 2771 πάντα
1538 2717 1784 2789 παρέδω-

203 2819 300 2856 κεν
323 2804 353 2856 ό
384 2801 574 2874 Πατὴρ
604 2803 899 2872 ὑφεστάναι
929 2803 1041 2874 (45)
1067 2804 1243 2874 λέγειν
1260 2805 1500 2878 τολμῴη,
1529 2809 1700 2878 Λόγον
1725 2811 1781 2864 δὲ

202 2892 367 2948 αὐτὸν
403 2893 637 2965 ὁρίζοιτο
677 2895 856 2965 μόνον,
886 2896 1070 2966 ὅμοιον
1105 2896 1182 2968 τῷ
1214 2899 1271 2951 ὲν
1298 2896 1622 2970 ἀνθρώποις,
1653 2902 1783 2955 ποτὲ

205 2985 306 3056 μιν
332 2986 391 3038 ὲν
422 2983 641 3056 τῷΘεῷ
696 2985 1058 3057 ἡσυχάζοντα,
1103 2989 1304 3059 ὁμοίως
1353 2990 1431 3060 τῷ
1474 2995 1604 3062 παρ’
1654 2995 1782 3064 ἡμῖν

204 3076 501 3140 σιωπιῖιντι,
545 3078 673 3130 ’ποτὲ
702 3077 757 3130 δὲ
786 3077 1131 3150 ἐνεργοῦντα,
1160 3079 1236 3150 τῷ
1266 3083 1395 3153 παρ’
1420 3084 1574 3153 ἡμῖν,
1601 3086 1658 3136 ἐν
1705 3085 1782 3156 τῷ

201 3168 403 3260 λαλεῖν,
431 3168 786 3260 φθεγγομένω
817 3171 1235 3260 παραπλησίως·
1268 3168 1386 3225 εἶτα
1409 3173 1594 3228 τοῦτον
1619 3177 1780 3229 αὑτὸν
1806 3199 1851 3260 C

200 3257 378 3330 καιρῷ
402 3275 530 3322 τινι,
561 3259 671 3313 οὐδ’
702 3258 813 3328 (46)
851 3259 988 3313 ὅλων
1028 3261 1164 3314 ἐτῶν
1191 3261 1498 3334 ἔμπροσθεν
1517 3281 1775 3337 τετρακο-

203 3349 354 3413 σίων,
394 3351 571 3420 σάρκα
617 3351 780 3421 φησὶν
826 3349 945 3419 (οὐκ
970 3345 1063 3403 οἷδ’
1091 3352 1261 3424 ὅπως)
1289 3355 1654 3426 ἀνειληφέναι,
1686 3359 1780 3411 καὶ

198 3439 266 3494 δι’
293 3440 462 3512 αὐτῆς
481 3441 597 3510 τὴν
618 3443 734 3496 κατ’
761 3440 1045 3512 ἄνθρωπον
1074 3446 1418 3515 οἰκονομίαν
1435 3448 1545 3518 (47)
1569 3450 1778 3503 τετελε-

199 3532 375 3597 κὲναι,
397 3535 489 3588 καὶ
511 3533 622 3605 (48)
661 3534 785 3587 τότε
838 3534 975 3589 Υιὸν
1010 3537 1158 3590 Θεοῦ
1188 3539 1492 3607 γεγονέναι,
1527 3541 1620 3594 καὶ
1667 3542 1777 3610 Ἰηο

173 3628 352 3682 ¹σοῦν
380 3629 636 3697 Χριστὸν
669 3628 1026 3700 χρηματίσαι,
1058 3631 1326 3695 ,βασιλέα
1353 3649 1414 3685 τε
1439 3632 1551 3703 (49)
1577 3635 1774 3704 ἀναγο-

202 3719 447 3793 ριῦσθαι,
463 3721 667 3774 εἰκόνα
686 3738 750 3774 τε
781 3721 886 3775 τοῦ
909 3721 1056 3776 Θεοῦ
1084 3722 1191 3777 τοῦ
1213 3723 1488 3792 ἀοράτου,
1517 3725 1613 3778 καὶ
1629 3743 1781 3795 πρω-

198 3811 451 3866 τότοκον
493 3811 695 3880 πάσης
738 3814 1009 3879 κτίσεως,
1061 3814 1136 3885 μὴ
1167 3814 1295 3868 ὅντα
1334 3816 1598 3889 πρότερόν
1627 3835 1778 3881 ποτε,

198 3901 592 3972 ἀποδεδεῖχθαι·
637 3899 734 3955 εἴτ’
779 3903 874 3957 ἐπὶ
921 3907 988 3976 τῇ
1026 3906 1263 3980 τοσαύτῃ
1292 3907 1509 3979 ἀτοπίᾳ,
1556 3909 1677 3979 μηδ’
1723 3909 1781 3975 eg

199 3985 374 4065 οὗπερ
406 3993 520 4061 {50)
558 3994 791 4048 ὑπέθετο
820 3993 1014 4066 χρόνου
1039 3996 1137 4068 τὴν
1166 3998 1244 4060 εἰς
1275 3996 1500 4072 ἄπειρον
1534 4001 1627 4054 καὶ
1658 4003 1782 4054 ἀτε-

199 4081 457 4154 λεύτητον
473 4081 615 4156 ζωήν
629 4101 690 4136 τε
705 4083 799 4138 κα).
813 4083 1086 4154 βασιλείαν
1100 4085 1179 4156 τῷ
1193 4087 1408 4159 Χριστῇ
1425 4089 1614 4153 διδούς·
1629 4090 1781 4152 τέλος

199 4173 258 4228 δὲ
273 4174 422 4245 αὑτῷ
444 4175 564 4246 μηδ’
583 4176 756 4228 αἶσιον
773 4175 990 4245 ἐπάγοι,
1013 4177 1134 4248 μηδ’
1151 4173 1260 4232 οἷον
1273 4183 1385 4242 τοῖς
1405 4180 1472 4232 δι’
1488 4181 1652 4234 αὑτοῦ
1668 4182 1778 4236 τῶν

201 4263 543 4333 ιπαγγελιῶν
591 4266 1154 4338 καταξιωθησομένοις
1175 4313 1189 4332 ,
1226 4264 1301 4324 ὧν
1332 4272 1492 4336 αὐτὸς
1525 4274 1552 4325 ό
1587 4274 1776 4346 Σωτὴρ

201 4354 554 4427 ἐπήγγελται,
573 4357 717 4428 ζωήν
731 4375 789 4411 τε
805 4357 1020 4413 αἰώνιον
1042 4361 1135 4413 καὶ
1155 4361 1460 4432 ἀφθαρσίαν
1479 4363 1776 4418 ἀθανασίαν

198 4461 262 4498 τε
285 4446 381 4499 καὶ
414 4445 690 4516 βασιλείαν
738 4448 1010 4520 οὐρανῶν,
1061 4451 1184 4516 τοῖς
1237 4451 1550 4521 ἀγαπῶσιν
1589 4456 1776 4509 αὑτὸν

1879 1988 2184 2056 reperitur:
2219 1986 2262 2039 si
2305 1998 2403 2039 nec
2451 1984 2652 2053 cogitet
2683 1997 2888 2049 secum,
2921 1998 3021 2038 nec
3055 1983 3239 2038 animo
3285 1983 3457 2039 revol-

1877 2087 1998 2144 vat,
2046 2075 2178 2129 nihil
2228 2074 2360 2143 Deo,
2413 2089 2667 2146 supremo
2700 2088 2881 2128 rerum
2919 2073 3160 2128 omnium
3191 2073 3451 2146 principi,

1877 2183 1997 2224 esse
2044 2169 2403 2238 aﬂingendum
2448 2167 2588 2238 quod
2634 2166 2704 2221 sit
2744 2165 2974 2221 mortale
3024 2176 3078 2220 et
3111 2166 3404 2221 humanum
3437 2185 3454 2220 :

1878 2258 1988 2312 imo
2014 2273 2080 2314 ne
2121 2259 2336 2328 quidem
2370 2256 2661 2311 illiusmodi
2708 2257 2908 2327 aliquid
2940 2271 3059 2326 qua:
3093 2271 3190 2312 nos
3220 2257 3455 2314 solemus

1879 2351 2060 2405 animo
2083 2360 2137 2405 et
2175 2349 2502 2420 cogitatione
2531 2349 3012 2418 comprehendere,
3056 2359 3330 2418 utcunque
3375 2349 3458 2404 in-

1882 2445 2090 2498 terdum
2135 2440 2427 2512 Scriptura:
2476 2457 2684 2507 sacrm,
2732 2443 2860 2497 dum
2912 2450 3165 2510 tanquam
3208 2439 3459 2510 puerulos

1881 2536 2110 2592 lectores
2141 2535 2413 2601 erudiunt,
2450 2534 2758 2589 humanitus
2787 2533 2854 2588 de
2892 2532 3001 2588 Deo
3039 2533 3184 2602 loqui
3221 2531 3456 2597 soleant,

1879 2625 2006 2678 dum
2057 2640 2246 2680 manus
2281 2624 2378 2688 illi,
2414 2623 2632 2688 oculos,
2669 2623 2854 2693 pedes,
2902 2637 3112 2686 vocem,
3151 2623 3336 2685 verba,
3372 2635 3455 2684 os,

1881 2717 2108 2782 vultum,
2138 2725 2191 2772 et
2222 2727 2478 2772 sexcenta
2510 2715 2736 2785 hujusce
2770 2715 2988 2785 generis
3015 2723 3210 2769 caetera
3244 2713 3456 2768 soleant

1881 2812 2161 2881 adaptare,
2213 2823 2331 2877 qua:
2383 2821 2480 2862 nos
2536 2807 2717 2861 omnia
2776 2815 2992 2875 oportet
3036 2808 3102 2859 ad
3159 2805 3458 2859 diviniores

1883 2900 2178 2956 transferre
2222 2899 2599 2970 cogitationes,
2631 2913 2729 2953 nec
2760 2898 3026 2953 ullatenus
3071 2896 3355 2966 imaginari
3403 2897 3464 2949 in»

1885 2993 1990 3046 Deo
2024 2993 2242 3046 humani
2293 2991 2584 3060 quidquam
2627 2991 2706 3045 vel
2742 2991 2903 3044 etiam
2939 2987 3168 3043 mortale
3201 2987 3448 3042 residere.

1882 3084 2018 3138 Deus
2051 3085 2250 3138 etenim
2282 3083 2497 3151 spiritus
2528 3093 2638 3146 est,
2680 3091 2729 3133 et
2765 3083 2852 3150 qui
2901 3081 3127 3134 adorant
3165 3078 3366 3141 Deum,
3403 3080 3458 3132 in

1881 3176 2069 3244 spiritu
2119 3176 2271 3228 illum
2297 3184 2343 3228 et
2381 3176 2601 3228 ueritate
2634 3174 2862 3225 adorare
2902 3171 3154 3236 debent",
3199 3171 3458 3240 quemad-

1885 3269 2103 3323 modum
2150 3266 2411 3322 Servtor
2458 3279 2556 3320 nos
2591 3265 2768 3319 docet.
2811 3263 2964 3330 Quod
3016 3263 3061 3318 si
3107 3272 3287 3317 autem
3317 3262 3457 3317 Deus

1883 3361 2106 3429 spiritus
2135 3360 2222 3420 sit,
2251 3359 2471 3412 omnino
2502 3366 2712 3413 constat
2740 3371 2858 3411 esse
2898 3371 3021 3410 eum
3067 3355 3234 3408 multo
3268 3355 3456 3408 melio-

1882 3464 1994 3505 rem
2038 3461 2091 3504 et
2127 3447 2596 3518 prwstantiorem,
2647 3459 2970 3515 quacunque
3016 3459 3072 3497 re
3121 3443 3365 3498 sensibili
3402 3453 3458 3497 ct

1882 3551 2172 3596 concreta:
2204 3540 2345 3594 unde
2376 3540 2488 3604 liet,
2518 3549 2578 3592 ut
2625 3553 2722 3592 nec
2768 3535 2994 3591 Verbum
3037 3537 3233 3590 habent
3264 3538 3459 3606 linguas

1882 3646 2015 3687 sono
2041 3631 2392 3702 prolatitium,
2417 3635 2472 3682 et
2499 3644 2594 3698 per
2622 3629 2818 3696 linguae
2843 3629 3198 3697 prolationem
3229 3628 3457 3682 aliorum

1885 3727 2104 3782 auribus
2135 3727 2460 3780 insinuatum
2491 3745 2502 3779 :
2535 3725 2626 3779 sed
2663 3737 2760 3778 nec
2793 3723 3064 3792 linguam,
3099 3737 3309 3785 vocem,
3341 3722 3459 3775 vul—

1888 3828 2030 3880 tum,
2077 3809 2170 3870 aut
2217 3815 2362 3870 aliud
2400 3817 2722 3885 quidquam,
2775 3814 2918 3882 quod
2966 3814 3200 3866 humana
3245 3810 3460 3865 ratione

1885 3907 2265 3962 constituatur.
2322 3905 2600 3976 Siquidem
2656 3904 2801 3958 aliud
2850 3904 3142 3973 quidquam
3194 3904 3456 3965 exsistat,

1885 4002 2026 4069 quod
2060 4015 2158 4054 nec
2188 3999 2375 4054 oculus
2403 3999 2554 4064 vidit,
2591 4013 2688 4053 nec
2721 3996 2932 4051 audivit
2957 3996 3125 4060 auris,
3155 4010 3256 4051 nec
3287 3997 3338 4049 in
3365 4010 3460 4048 cor

1889 4091 2180 4146 humanum
2227 4090 2471 4145 ascendit
2502 4091 2618 4160 ejus
2657 4089 2958 4159 cogitatio:
2991 4087 3290 4158 cnjusmodi
3337 4102 3459 4141 esse

1886 4183 1975 4239 illa
2011 4184 2168 4239 docet
2209 4198 2308 4238 nos
2349 4181 2659 4250 Apostolus,
2717 4194 2837 4249 qua:
2870 4177 3204 4248 diligentibus
3245 4194 3301 4231 se
3346 4177 3458 4230 ου-

1886 4277 2058 4331 minus
2087 4275 2401 4345 prwparauit
2425 4275 2478 4328 ⁸;
2506 4282 2617 4326 tum
2647 4283 2793 4327 certe
2823 4273 3012 4325 borum
3041 4269 3281 4324 omnium
3307 4269 3460 4324 dator

1886 4369 2059 4434 Deus,
2110 4366 2565 4423 inenarrabilibus
2600 4375 2684 4420 est
2738 4361 3199 4419 inenarrabilior:
3235 4367 3294 4426 is
3326 4361 3460 4414 adeo

1882 4472 1942 4516 ut
1969 4462 2023 4516 in
2060 4462 2269 4516 ratione
2303 4461 2370 4514 de
2404 4459 2511 4512 Deo
2568 4455 2872 4526 theologica
2907 4454 3259 4518 instituenda,
3295 4452 3462 4506 multo

203 4535 589 4610 ὑποσχόμενος·
613 4541 911 4611 τηνικαῦτα
938 4542 996 4595 δὲ
1021 4545 1163 4595 κατὰ
1189 4545 1290 4615 τὴν
1318 4546 1775 4621 προσδοκωμένην

1883 4563 2030 4611 certe
2061 4556 2262 4610 rectius
2309 4549 2646 4623 pronuntiari
2687 4557 2884 4620 queat,
2923 4546 3130 4602 oculum
3173 4561 3335 4615 neque
3380 4545 3461 4597 ai-

495 4673 693 4740 Paris.,
729 4693 853 4747 pag.
883 4681 937 4732 6.

274 4744 294 4775 "
331 4743 487 4801 Joan.
515 4761 589 4811 tv,
615 4747 706 4802 24.
732 4743 739 4745 ἡ
783 4743 856 4800 ’Ἰ
881 4750 1003 4804 Cor.
1031 4765 1090 4816 ιι,
1115 4752 1168 4806 9.

298 4908 393 5053 42;
425 4910 532 4979 Mp.
559 4911 823 4984 ὲξηγουμ.

298 4981 369 5053 45
420 4981 547 5053 Dele
577 4983 697 5053 τήγ-
722 4983 823 5053 Μαι

419 4981 547 5057 Dele
577 4981 697 5057 τήν.
722 4981 842 5057 Mog
865 4983 1024 5055 vulgo
1051 4985 1252 5057 δωτήρ.

301 5051 394 5144 ἒξ)
419 5051 591 5144 Ῡέίέο
612 5051 769 5144 335:-
794 5051 1160 5144 Ψὶζνυέξο,
1181 5051 1401 5144 ’ἐῆίῖικτξξξ
1435 5056 1559 5144 ,ἒίβο
1612 5058 1774 5144 ,φαίηο

207 5119 568 5202 φαίνηζιηςιῖα
612 5123 775 5202 vulgo
796 5139 1016 5195 γεννησ.
1042 5119 1108 5202 .e't
1135 5119 1475 5202 ornittituro‘
1507 5119 1642 5198 post.
1656 5119 1778 5183 τού-

204 5189 619 5260 των.”ι)εηί(ιιιε
649 5189 759 5261 Mf).
793 5189 884 5264 γρ.
916 5189 1100 5267 πατήρ
1137 5196 1252 5250 loco
1285 5189 1525 5267 Σωτήρ.’

208 5260 830 5350 ,ρημὲλέέῖἷι
872 5264 1050 5334 νυιαο.
1095 5264 1203 5336 ΜΡ.
1227 5265 1404 5334 λέγειν
1428 5266 1634 5339 τολμᾷ;
1670 5278 1778 5325 sla-

207 5331 304 5387 tim
331 5331 490 5400 vulgo
519 5332 577 5384 ιν
598 5331 749 5454 Ἄμῖν.
869 5402 893 5412 _
967 5331 986 5334 ⁷
1152 5331 1168 5336 ⁷
1300 5331 1310 5334 ’
1526 5331 1538 5338 “
1621 5331 1629 5335 ⁷

279 5402 402 5473 (46)
435 5399 573 5455 Οὐδ’
639 5405 764 5456 λων
790 5402 942 5456 ὲτων
962 5406 1380 5471 τετρακοσίων.
1418 5403 1543 5460 Haec
1577 5419 1772 5463 iterum

209 5473 425 5538 repetit,
442 5481 518 5545 _ut
546 5479 604 5545 et_
634 5474 938 5545 sequentia,
966 5489 1110 5545 _qna:
1153 5477 1306 5542 quasi
1346 5475 1565 5545 σύνοψιν
1595 5479 1771 5532 conti-

209 5549 343 5613 nent
368 5539 641 5610 opinionis
668 5541 931 5595 Marcelli.
966 5539 1111 5597 Lm
1141 5539 1317 5597 autem
1347 5539 1584 5613 loquitur
1610 5549 1677 5602 de
1707 5562 1772 5600 cn

208 5611 394 5732 anatis;
423 5624 545 5732 nam
571 5620 700 5666 ante
729 5626 928 5665 annum
969 5627 1080 5666 ccc:
1143 5615 1352 5669 obierat
1405 5611 1632 5686 ipsemet
1661 5617 1771 5670 Eu-

209 5693 270 5732 ae
310 5693 412 5732 ius.
505 5716 520 5731 .

209 5680 412 5734 sobius.
449 5680 520 5732 Μ.

285 5747 403 5821 (ξῖ)
435 5746 605 5821 Ϊιμιεο
631 5751 881 5821 τετεληκο

286 5816 401 5890 (48)
433 5816 568 5874 Τότὲ
598 5818 733 5877 Υιὸν
767 5816 916 5876 Θεοῦ
947 5820 1270 5891 γεγονέναι.
1301 5822 1436 5881 Cum
1478 5823 1652 5882 factus
1696 5839 1775 5881 es-

1885 4930 1967 4975 set
1993 4920 2160 4988 Λόγος
2189 4914 2539 4988 προφορικός.
2570 4913 2708 4988 Nam
2717 4913 2890 4988 prius
2918 4923 3033 4968 erat
3052 4921 3258 4988 tantum
3288 4911 3460 4988 ὲνᾷιά-

1884 4980 2207 5053 θετος,ἐει1
2233 4980 2332 5042 ἐὖ
2371 4980 2895 5053 ’ωιετιιοηνὶἇίειιιιδ
2931 4993 3110 5038 autem
3159 4980 3461 5053 Marcellus

1884 5051 2298 5126 illudposuisse,
2325 5056 2496 5123 Λόγον
2515 5052 2824 5117 DeiPatris,
2838 5063 3124 5126 tuentium,
3147 5051 3457 5126 ὑφεστῶτα,

1881 5131 1976 5184 sed
2011 5121 2350 5190 ἐνδιαθέτως,
2383 5121 2488 5180 non
2535 5133 2784 5178 vocatum
2829 5124 2918 5178 Dei
2955 5121 3151 5175 Filium
3196 5132 3321 5175 ante
3374 5124 3461 5175 in-

1899 5202 2288 5253 carnationem.
2339 5195 2489 5262 Quod
2531 5195 2609 5246 sic
2663 5193 2859 5262 accipit
2902 5193 3189 5258 Eusebius,
3226 5208 3288 5246 ac
3325 5192 3461 5245 εἰτὸ

1879 5265 2018 5323 εἶναι
2046 5269 2139 5322 τοῦ
2168 5267 2305 5332 υἱοῦ,
2323 5261 2592 5336 negasset.

1952 5339 2063 5409 (49)
2096 5337 2264 5409 Vulgo
2285 5331 2742 5409 rdvqkopsdeoﬂat.
2757 5332 2896 5409 ΔΜοι
2923 5333 3044 5389 dele
3061 5332 3154 5386 τοῦ
3171 5341 3296 5386 ante
3316 5331 3453 5384 Θεοῦ

1877 5419 1931 5462 et
1958 5403 2100 5463 infra
2127 5403 2228 5475 Mp'.
2270 5408 2341 5461 ῐσ.
2365 5403 2427 5459 τό
2452 5403 2511 5458 τε
2553 5407 2672 5458 loco
2700 5403 2852 5475 πότε.

1950 5477 2062 5548 (50)
2115 5473 2383 5531 Ὑπέθετο
2415 5473 3168 5548 γρόνουτλιηιηιρτιοιίχοιειη
3208 5483 3273 5548 et
3303 5481 3462 5526 mter-

1877 5543 2102 5603 nitatem
2157 5543 2788 5602 adeinisse'Marcellum
2843 5543 2935 5598 Dei
2995 5544 3150 5607 Filio,
3204 5544 3369 5595 etiam
3430 5561 3460 5594 ιι

1882 5626 2033 5683 parte
2060 5627 2182 5687 post
2212 5635 2226 5673 :
2261 5634 2422 5683 quam
2455 5628 2510 5671 et
2539 5615 2765 5687 angelis,
2804 5611 3462 5687 et__a_nimabusjustoruztt

1879 5682 2232 5742 Concedebat.
2267 5688 2438 5753 Quam
2462 5682 2696 5749 vere,'in
2729 5685 2835 5739 [ine
2861 5683 2984 5740 libri
3013 5682 3212 5753 quinti,
3237 5683 3325 5736 ubi
3366 5684 3466 5736 ista

1883 5757 2256 5832 exagitantur,
2294 5758 2598 5829 apparebit.
2634 5753 2683 5809 bl
