4106 6402
687 347 785 400 127

1304 341 1571 403 EUSEBH
1608 340 2086 401 cesamsnsns
2120 307 2229 399 opt

2329 343 2491 400 PARS
2528 343 2618 402 IV.
2657 377 2727 391 —
2763 348 3184 408 DOGIIATICA.

3778 344 3886 406 τοι

684 471 842 532 atque
888 462 1005 518 ideo
1038 458 1197 516 fuisse
1232 461 1417 519 Deum.
1461 461 1693 519 Ulterius
1732 468 1942 517 consul
1982 460 2224 532 liquidis-

2329 461 2581 535 ὑπάρχων
2633 465 2711 537 τῷ
2750 466 2889 538 Θεῷ·
2920 468 2981 521 οὐ
3007 468 3115 539 γάρ
3138 466 3205 522 ἂν
3254 467 3339 539 εῐη
3368 465 3510 521 οὕτω
3546 482 3612 535 γε
3638 465 3879 540 μεσίτηςο

687 552 837 618 sime,
860 549 1169 619 Apostolum
1197 548 1489 606 credidisse
1516 548 1665 604 illum
1698 548 1792 603 Dei
1829 546 2027 602 Filium
2062 547 2226 602 exsti-

2324 552 2439 606 ἀλλ’
2461 550 2528 625 ἦν
2545 556 2638 608 καὶ
2657 557 2846 628 προῆν,
2874 557 2949 621 ὡς
2981 557 3313 628 μονογενὴς
3348 556 3481 624 Υίὸς
3500 555 3749 627 ζκλήρης
3774 557 3882 626 χά-

686 640 832 705 ιίυθ,
859 638 1165 708 priusquam
1195 638 1301 693 huc
1341 638 1394 692 in
1426 651 1591 692 carne
1635 636 1945 702 adveniret,
1988 636 2129 706 quod
2173 637 2226 693 iu

2329 660 2481 710 ριτος
2527 644 2623 699 καί
2664 646 2963 714 ἀληθείας.
2991 648 3101 702 Καὶ
3148 643 3217 718 ἦν
3244 646 3541 719 μεσιτεύων
3569 646 3648 719 τῷ
3686 648 3880 720 Ila-api.

687 731 865 787 eadem
897 729 985 785 illa
1009 730 1073 785 ad
1101 728 1319 785 Galatas
1348 728 1570 797 epistola
1617 728 1899 793 addiderit,
1927 727 2061 784 Cum
2100 739 2229 783 tein-

687 820 824 881 ooris
862 820 1125 890 plenitudo
1154 820 1437 885 adveniret,
1467 821 1635 873 emisit
1679 818 1815 874 Deus
1846 816 2049 874 Filium
2078 836 2229 875 suum

688 910 880 978 factum
915 909 978 965 de
1003 909 1216 963 muliere
1235 908 1299 963 ".
1346 908 1473 963 Erat
1519 910 1696 979 itaque
1724 924 1843 964 cum
1881 910 2118 965 nondum
2164 912 2229 965 de

688 999 907 1056 muliere
933 1008 1238 1055 nasceretur
1274 998 1440 1055 Filius
1472 999 1605 1054 Dei:
1650 1014 1882 1068 eumque
1918 1008 2028 1055 tum
2070 1010 2227 1055 antea

688 1089 875 1145 Filium
910 1089 998 1143 Dei
1027 1089 1391 1151 exsistenteiu.
1419 1089 1597 1144 emisit
1618 1088 1796 1157 Pater,
1830 1101 1888 1145 ut
1918 1090 1965 1145 is
1992 1092 2082 1160 qui
2112 1089 2226 1160 jam

687 1181 809 1235 olim
836 1179 925 1235 Dei
963 1178 1129 1233 Filius
1174 1180 1463 1243 ferebatur,
1506 1188 1559 1233 et
1586 1178 1753 1235 Filius
1794 1180 1953 1233 etiam
1998 1180 2231 1236 hominis

688 1278 936 1334 exstaret,
977 1268 1149 1339 [actus
1196 1270 1259 1322 de
1286 1268 1515 1323 muliere.
1559 1268 1699 1336 Quin
1735 1279 1790 1324 et
1827 1270 2069 1326 Ilosalcat
2099 1271 2231 1342 legis

687 1356 955 1413 exstitisse
1005 1358 1349 1412 mediatorem
1421 1357 1566 1412 illum
1620 1359 1775 1414 docet
1826 1377 1839 1412 :
1891 1361 2229 1416 mediationis

686 1447 946 1501 rationem
998 1447 1378 1512 determinans,
1426 1447 1515 1502 ubi
1574 1450 1750 1520 inquit
1793 1465 1809 1505 :
1845 1450 1983 1517 Quid
2029 1452 2231 1522 Igitur?

686 1535 793 1591 ω
829 1545 1036 1605 propter
1070 1538 1503 1604 transgressiones
1539 1539 1649 1593 lata
1688 1540 1881 1610 fuerat,
1912 1559 2068 1611 usque
2104 1545 2227 1597 dum

686 1643 855 1682 semen
906 1625 1039 1680 illud
1090 1627 1387 1693 adveniret,
1431 1630 1514 1681 cui
1558 1633 1922 1695 promissiones
1980 1634 2230 1687 condicta:

685 1711 919 1780 fuerant;
956 1728 1047 1780 per
1079 1713 1287 1783 angelos
1333 1716 1573 1769 ordinata
1614 1720 1667 1771 in
1721 1736 1877 1773 manu
1909 1722 2223 1779 mediatoris.

2324 734 2611 805 παρέχοντι
2633 735 2723 789 τὸν
2762 737 2924 807 νόμον
2953 737 3019 790 δι’
3046 737 3289 806 ἀγγέλων
3319 735 3643 808 ἀνθρώποις.
3674 720 3741 790 Ὅ
3770 736 3880 805 (61)

2323 822 2386 894 δὴ
2432 824 2711 889 διδάσκων,
2762 825 2822 891 ἐξ
2858 827 3063 881 ἐκείνου
3094 830 3221 891 τοὺς
3249 827 3494 895 ἀγνῶτας
3529 827 3623 880 καὶ
3654 826 3882 897 ἀμαθεῖς

2323 914 2422 984 τῆς
2438 912 2531 967 τοῦ
2560 914 2689 969 Υίοῦ
2709 914 2844 968 Θεοῦ
2861 917 3156 985 θεολογίας,
3172 917 3534 982 δάπόστολος,
3553 916 3884 987 ἐπεσφραγί-

2326 1002 2447 1067 ζετο
2470 1002 2661 1071 λέγων,
2702 1004 2756 1056 '0
2780 1004 2849 1058 δὲ
2870 1007 3123 1075 μεσίτης
3165 1006 3303 1071 ἐνὸς
3327 1008 3438 1060 οὐκ
3465 1009 3653 1061 ἐστιν.
3672 1005 3748 1060 Οὐ
3775 1004 3881 1078 γὰρ

2324 1092 2436 1163 ἔχει
2461 1093 2619 1162 φύσιν
2650 1095 2734 1163 ἐφ’
2763 1095 2879 1159 ἐνός
2917 1096 3005 1150 τὸν
3030 1097 3254 1169 μεσίτην
3288 1097 3583 1168 ὁρίζεσθαι.
3617 1098 3708 1151 Διδ
3733 1091 3882 1161 οὗτος

2330 1184 2428 1254 μὲν
2450 1184 2551 1237 οὐκ
2577 1184 2722 1237 ἐστιν
2752 1186 2888 1251 ἐνὸς,
2913 1188 3055 1240 δυεῖν
3082 1187 3138 1240 δὲ
3190 1188 3350 1259 μέσος
3374 1188 3434 1253 ἐξ
3479 1189 3724 1260 ἀνάγκης
3748 1187 3879 1259 (62).

2324 1273 2599 1345 οὐδέτερος
2629 1273 2704 1327 ὢν
2732 1276 2972 1341 ἐκείνων,
2996 1272 3069 1331 ὧν
3097 1278 3257 1349 μέσος
3274 1280 3547 1349 τυγχάνει’
3578 1282 3715 1337 ὥστε
3748 1280 3882 1351 μήτε

2326 1364 2485 1419 αὐτὸν
2508 1360 2642 1418 εἶναι
2660 1366 2752 1420 τὸν
2794 1368 2886 1421 ἐπὶ
2914 1369 3127 1423 πάντων
3156 1369 3286 1424 Θεὸν
3324 1370 3593 1443 ἡγεῖσθαι,
3621 1372 3759 1445 μήτε
3778 1371 3884 1427 τῶν

2325 1454 2569 1523 ἀγγέλων
2586 1456 2699 1510 ἕνα·
2723 1457 2924 1511 τούτων
2963 1459 3019 1512 δὲ
3052 1460 3213 1531 μέσον
3237 1462 3329 1515 καὶ
3363 1462 3586 1534 μεσίτην
3619 1462 3756 1534 (65),
3798 1464 3884 1517 ὅτι

2325 1540 2404 1611 τῷ
2444 1543 2616 1615 Πατρὶ
2671 1546 2763 1599 καὶ
2817 1546 3065 1615 ἀγγέλοις
3125 1549 3417 1620 μεσιτεύει.
3460 1552 3547 1615 Ὠς
3585 1546 3652 1607 αὖ
3704 1552 3883 1617 πάλιν,

2327 1630 2415 1684 ὅτε
2482 1630 2707 1703 μεσίτης
2758 1633 2965 1701 γίνεται
3014 1634 3148 1688 Θεοῦ
3200 1638 3295 1690 καὶ
3348 1637 3668 1709 ἀνθρώπιον,
3724 1638 3887 1708 μέσος

2327 1717 2403 1771 ὢν
2428 1719 2684 1789 ἐκατέρου
2710 1721 2985 1792 τάγματος
3003 1722 3277 1794 οὐδέτερός
3304 1726 3439 1788 ἐστι,
3469 1724 3693 1795 μεσίτης
3714 1726 3887 1798 ὑπάρ-

684 1798 948 1854 Ιεόἕαιοι·
991 1812 1161 1855 autem
1206 1803 1358 1857 unius
1408 1821 1510 1858 non
1558 1814 1634 1859 est
1670 1809 1964 1863 mediator:
1997 1820 2053 1863 at
2088 1810 2223 1865 Deus

2329 1825 2404 1878 χει
2435 1808 2546 1861 οὔτ’
2589 1810 2750 1875 αὐτὸς
2779 1812 2854 1864 ὢν
2876 1814 2905 1865 ό
2933 1807 3014 1876 εἷς
3060 1814 3153 1866 καὶ
3199 1813 3355 1881 μόνος
3380 1815 3531 1881 Θεὸς,
3553 1815 3666 1868 οὔθ’
3689 1816 3888 1886 ὁμοίως

586 1948 589 1949 ν
685 1908 817 1965 unus
845 1902 919 1953 est
944 1893 1010 1947 ⁸⁸.
1037 1894 1273 1950 Audisne
1299 1897 1350 1950 in
1379 1897 1516 1961 istis,
1550 1902 1816 1967 quomodo
1841 1901 2060 1957 Galatas
2088 1902 2230 1971 ipsos

684 1978 965 2049 Apostolus
981 1982 1319 2037 instituatwt
1337 2000 1496 2038 unum
1519 1986 1710 2041 exinde
1734 1987 1895 2043 Deum
1915 2000 2225 2060 agnoscant,

684 2078 924 2124 et‘unum
956 2069 1046 2125 Dei
1074 2082 1126 2126 et
1148 2073 1451 2142 angelorum
1477 2077 1818 2130 mediatorem
1845 2079 2023 2148 ?quod
2059 2080 2227 2150 ipsum

682 2155 808 2210 alibi
837 2171 1046 2227 quoque
1079 2158 1256 2214 docuit
1291 2161 1361 2214 ad
1394 2161 1533 2215 hunc
1568 2166 1779 2218 modum
1808 2184 1820 2223 :
1855 2165 1998 2223 Unus
2035 2171 2231 2224 etenim

682 2242 823 2299 Deus
836 2255 912 2300 est
933 2262 953 2300 :
980 2263 1114 2302 unus
1138 2252 1196 2311 iis
1215 2250 1367 2303 etiam
1391 2248 1485 2304 Dei
1504 2261 1657 2323 atque
1672 2256 1936 2310 hominum
1957 2261 2227 2327 mediator,

684 2336 834 2389 homo
866 2335 1019 2392 Iesus
1070 2336 1306 2393 Christus
1332 2341 1397 2394 ³⁸.
1428 2340 1711 2399 Enimvero
1740 2361 1896 2415 quem
1939 2348 2032 2404 Dei
2076 2359 2233 2419 atque

682 2424 954 2480 hominum
1000 2429 1228 2498 appellat
1268 2432 1634 2499 mediatorem,
1678 2437 1943 2491 hominem
1989 2452 2106 2495 esse
2135 2454 2231 2495 nec

683 2513 952 2572 immerito
1002 2519 1324 2587 declaravit,
1375 2534 1589 2592 propter
1638 2525 2076 2584 incarnationem.
2129 2530 2228 2585 Ubi

681 2605 1026 2663 mediatorem
1055 2608 1209 2677 dixit,
1272 2627 1377 2667 non
1435 2615 1527 2669 Dei
1562 2624 1617 2670 et
1675 2616 1973 2684 hominum,
2022 2621 2115 2675 sed
2138 2621 2228 2677 Dei

683 2701 737 2748 et
764 2696 1090 2763 angelorum,
1139 2715 1245 2756 non
1276 2702 1420 2758 illum
1461 2714 1587 2760 tunc
1635 2706 1904 2762 hominem
1946 2712 2231 2782 consigna-

682 2784 782 2850 vit,
815 2785 908 2840 sed
950 2787 1261 2858 simpliciter
1290 2794 1659 2850 mediatorem.
1702 2795 1911 2867 Legem.
1960 2801 2228 2871 inquiens,

680 2886 775 2939 per
812 2874 1022 2944 angelos
1061 2878 1375 2945 ordinatam,
1407 2883 1459 2936 in
1500 2900 1659 2937 manu
1699 2887 2021 2943 mediatoris.
2047 2889 2153 2945 Sed
2176 2900 2231 2947 et

680 2976 874 3018 nomen
920 2964 1091 3035 ipsum
1125 2970 1428 3027 mediatoris
1465 2972 1720 3030 illustrius
1756 2977 1960 3043 reddit,
2002 2994 2096 3049 per
2117 2980 2230 3036 dis—

682 3053 993 3111 tinctionem
1013 3096 1029 3122 ,
1070 3059 1155 3113 ubi
1186 3061 1261 3115 ait
1286 3080 1297 3114 :
1334 3061 1593 3118 Hediator
1620 3076 1793 3119 autem
1823 3071 1977 3122 unius
2006 3086 2105 3123 non
2132 3081 2227 3136 est,

682 3140 825 3196 Deus
860 3154 1032 3200 autem
1063 3162 1195 3202 unus
1231 3159 1324 3203 est.
1355 3150 1467 3205 Non
1503 3164 1585 3207 est
1623 3168 1750 3223 ergo
1778 3155 1914 3211 Deus
1952 3159 2227 3214 mediator.

683 3234 819 3288 Nam
842 3235 994 3304 cujus
1029 3242 1237 3297 tandem
1266 3254 1406 3299 esset
1434 3248 1739 3303 mediator?
1764 3249 1947 3321 Neque
1990 3254 2102 3321 ipse
2146 3254 2231 3309 ille

684 3324 776 3393 qui
805 3326 1065 3383 mediator
1087 3342 1188 3397 est,
1212 3348 1276 3387 eo
1302 3335 1417 3403 ipso
1444 3336 1580 3393 Deus
1608 3350 1711 3393 est.
1747 3340 1878 3395 Nam
1926 3345 2086 3400 unius
2123 3361 2228 3400 non

683 3421 769 3468 est
805 3415 1066 3471 mediator
1093 3419 1261 3485 idem,
1304 3436 1425 3475 cum
1474 3417 1679 3482 mediiis
1722 3429 1860 3483 inter
1904 3431 2033 3486 duos
2064 3433 2229 3487 inter-

682 3509 933 3571 ponatur.
960 3502 1193 3570 Quorum
1221 3525 1348 3564 vero
1373 3512 1594 3566 exsistat
1623 3516 1885 3571 mediator
1907 3518 2082 3583 docet,
2105 3521 2227 3575 dum

682 3590 753 3644 de
778 3593 992 3649 nomine
1020 3596 1237 3665 angelos
1264 3599 1514 3668 appellat,
1541 3610 1596 3656 et
1630 3602 1814 3659 Deum.
1842 3605 2075 3673 Quorum
2120 3622 2232 3664 me-

682 3681 829 3735 dium
876 3683 1313 3743 intervenientem
1346 3690 1438 3746 Dei
1482 3692 1711 3759 Filium,
1758 3695 1869 3749 suis
1910 3699 2156 3753 manibus
2199 3714 2228 3753 a

682 3769 840 3827 Patre
865 3775 1128 3845 recepisse
1154 3778 1323 3847 legem
1359 3780 1534 3849 docet,
1560 3793 1613 3838 et
1653 3800 1749 3853 per
1781 3788 2086 3857 angelorum
2132 3791 2231 3846 mi-

684 3862 966 3918 nisterium
993 3868 1186 3934 populo
1213 3873 1657 3930 communicasse.
1697 3875 1823 3930 Erat
1854 3879 2013 3947 igitur
2038 3881 2230 3934 exinde

683 3952 851 4010 Filius
884 3958 1190 4027 priusquam
1232 3963 1382 4018 ﬂeret
1412 3964 1503 4020 Dei
1554 3967 1816 4021 mediator
1844 3978 1898 4023 et
1932 3970 2222 4036 hominum,

686 4046 951 4102 mediator
986 4049 1080 4104 Dei
1107 4062 1161 4106 et
1187 4054 1515 4122 angelorum.
1541 4058 1606 4110 Et
1650 4056 1739 4111 illo
1770 4059 1925 4114 modo
1951 4070 2087 4125 erat,
2118 4077 2224 4118 non

683 4145 744 4189 ut
773 4137 885 4206 qui,
917 4138 1060 4193 velut
1094 4143 1292 4194 nudum
1328 4142 1419 4196 Dei
1452 4143 1679 4201 Verbum
1722 4148 1773 4201 in
1800 4161 1866 4204 eo
1892 4150 2223 4216 subsisteret,

757 4234 815 4291 ὦ
846 4229 944 4285 Ed.
972 4231 1165 4297 Pai'is.,
1189 4249 1310 4303 pag.
1335 4234 1387 4288 8.

754 4362 794 4393 "
824 4360 941 4417 Gal.
967 4365 1111 4429 n34.
1188 4366 1229 4399 ¹⁸
1256 4366 1369 4423 Gal.
1398 4385 1480 4436 ιιι,
1515 4372 1598 4437 19,
1621 4372 1709 4428 20.
1787 4375 1827 4407 ”
1865 4375 1883 4429 Ι
1916 4376 2051 4432 Tim.
2078 4396 2139 4445 ιι,
2169 4380 2222 4435 5.

777 4518 870 4583 σι)
905 4518 1075 4587 Vulgo
1103 4522 1179 4575 δέ.

752 4518 864 4658 ἓϐἓ)
894 4589 1179 4658 Οὐδέτερα

775 4588 864 4655 62)
894 4589 1208 4657 οὐδέτερος
1256 4592 1322 4646 δὲ
1356 4595 1616 4649 ἐκείνων.
1660 4596 1919 4651 Eusebius
1959 4599 2222 4653 arianizat

682 4655 774 4735 hic
803 4655 1111 4735 manifesto,
1137 4659 1324 4735 Eilium
1351 4680 1453 4718 non
1484 4667 1644 4719 Deum
1677 4680 1816 4735 esse.
1847 4681 1943 4720 nec
1973 4668 2219 4735 angelum

682 4726 939 4800 vultesse
970 4746 983 4781 :
1016 4730 1107 4782 sed
1147 4730 1304 4800 inter
1352 4735 1565 4800 angelos
1610 4744 1665 4789 et
1712 4734 1894 4797 Deum,
1935 4726 2224 4792 mediantis

684 4794 960 4873 gtjusdam
1002 4799 1352 4873 conditionis.
1380 4794 1711 4873 Quanquam
1751 4794 1891 4873 enim
1946 4820 2129 4859 verum
2160 4807 2230 4860 sit

683 4862 877 4939 Filium
901 4880 1006 4919 non
1048 4880 1167 4939 esse
1197 4870 1287 4939 τὸν
1310 4862 1645 4927 ὲπϊπάντὶυν
1678 4872 1828 4935 Θεόν,
1863 4873 1961 4928 hoc
1989 4885 2090 4939 est,
2123 4890 2226 4928 non

684 4948 793 4986 esse
820 4932 1054 5013 Patrem,
1078 4938 1166 5013 qui
1195 4938 1317 5013 fons
1346 4951 1399 4993 et
1414 4944 1568 5013 origo
1620 4953 1700 4995 est
1729 4932 1827 5010 τῆς
1851 4932 2112 5013 θεότητος,
2154 4954 2232 4996 ta-

684 5016 807 5079 men
837 5013 919 5056 est
1010 5005 1100 5056 ἐπὶ
1132 5007 1351 5079 πάντων
1401 5005 1549 5075 Θεόξ,
1576 5012 1750 5079 quoad
1783 5005 2153 5073 Substan'tia’m,
2185 5023 2237 5067 et

683 5072 1276 5146 exsistentiamii’atri
1332 5072 1651 5143 coaeternus,
1700 5081 2004 5146 eomqualis.
2048 5082 2232 5136 Ariani

686 5141 1050 5215 agnoscebant
1078 5142 1266 5215 Filium
1298 5162 1417 5202 esse
1458 5141 1645 5211 Deum,
1676 5148 1768 5201 sed
1802 5141 2059 5215 creatum,
2094 5152 2234 5204 asci-

688 5208 888 5283 titium,
920 5210 1199 5265 minorem.
1236 5213 1445 5270 Patrem
1474 5208 1715 5271 enimeo
1754 5219 2006 5283 majorem
2048 5208 2234 5275 inﬁni-

687 5275 795 5354 tjes
846 5284 1289 5354 pronuntiabant,
1347 5301 1516 5354 neque
1552 5287 1710 5341 facile
1758 5275 2020 5343 Eusebius
2074 5290 2233 5342 aliter

691 5341 918 5423 Patrem
943 5341 1285 5423 distinguita
1308 5341 1462 5417 Filio,
1496 5371 1651 5423 quam
1689 5365 1745 5408 ut
1777 5355 1845 5408 sit
1894 5341 1921 5409 ό
1961 5341 2052 5411 ἐπὶ
2081 5341 2232 5411 ait;

685 5429 794 5494 των
822 5416 971 5481 Θεός,
997 5416 1329 5494 quodlfilius
1357 5416 1477 5494 non
1511 5416 1626 5483 'est.
1660 5426 1766 5478 Sed
1798 5427 1923 5494 Quid
1968 5443 2104 5494 opus
2153 5436 2236 5494 est

684 5484 844 5563 verba
876 5484 1155 5563 premere?
1180 5490 1491 5563 διαρρήδην,
1525 5497 1621 5560 ait,
1651 5494 1764 5547 οὗθ’
1789 5490 1938 5561 οὗτος
1960 5484 2033 5549 ὣν
2054 5500 2083 5549 ό
2131 5492 2231 5559 εἷς,

686 5552 786 5604 καὶ
810 5552 985 5633 ’μόνος
1018 5555 1149 5633 Sed;
1185 5603 1200 5615 .
1230 5552 1321 5615 sed
1362 5552 1629 5619 inferioris
1682 5552 1935 5629 ordinis;
1956 5577 2148 5631 status,
2174 5552 2229 5620 et

687 5622 1027 5679 conditionis.
1065 5625 1135 5680 Il.

757 5686 871 5762 (63)
903 5691 1073 5763 Vulgo
1101 5698 1204 5751 ὅτι.
1227 5697 1365 5755 Infra
1394 5701 1548 5772 vulgo
1579 5702 1854 5770 ὑπάρχων.

2327 1904 2439 1964 τοῖς
2487 1901 2689 1965 λοιποῖς
2732 1902 3036 1975 ἀνθρώποις
3080 1904 3379 1975 ἄνθρωπος.
3424 1906 3489 1957 Τί
3524 1905 3608 1967 δέ;
3625 1907 3673 1959 εί
3724 1905 3888 1977 μηδὲν

2327 1993 2561 2058 τούτων;
2612 1990 2688 2046 Ἦ
2747 1993 2883 2047 Θεοῦ
2934 1997 3224 2066 μονογενὴς
3277 1996 3423 2061 Υἱὸς,
3486 1995 3580 2049 νῦν
3641 1996 3739 2067 μὲν
3792 1997 3886 2049 άν-

2330 2083 2557 2154 θρὼτοων
2595 2084 2688 2137 καὶ
2739 2083 2874 2137 Θεοῦ
2917 2087 3141 2158 μεσίτης
3206 2086 3464 2154 γεγονὼς,
3517 2085 3792 2155 πρόπαλαι
3830 2086 3886 2141 δι

2330 2176 2421 2227 ἐπὶ
2455 2176 2729 2239 Μωῦσέως
2758 2176 2891 2230 Θεοῦ
2933 2179 3027 2231 καὶ
3064 2178 3307 2247 ἀγγέλων
3345 2178 3569 2249 μεσίτης
3604 2179 3885 2250 ὑπάρχων.

2330 2264 2512 2317 Ταῦτα
2545 2264 2655 2334 (64)
2709 2265 2765 2319 δέ
2796 2266 2977 2329 αὐτοῖς
3028 2268 3273 2339 γράφων.
3304 2262 3407 2322 ὧδέ
3448 2287 3523 2339 πη
3559 2268 3886 2339 παραδιδοὺς

2329 2353 2473 2422 λέγει
2505 2357 2532 2407 ό
2561 2355 2733 2425 μέγας
2785 2356 3102 2421 Ἀπόστολος
3121 2373 3135 2388 ·
3176 2376 3195 2409 ‹
3240 2359 3297 2411 '0
3330 2360 3491 2429 νόμος
3525 2360 3799 2429 διαταγεὶς
3820 2360 3885 2413 δι’

2329 2444 2574 2511 ἀγγέλων
2604 2446 2662 2499 ἐν
2702 2447 2841 2517 χειρὶ
2868 2446 3104 2515 μεσίτου.
3142 2448 3200 2501 '0
3231 2448 3287 2501 δέ
3337 2450 3562 2519 μεσίτης
3608 2449 3729 2513 ἐνὸς
3788 2449 3884 2503 οὐκ

2329 2532 2499 2587 ἐστιν’
2531 2535 2559 2586 ό
2590 2534 2646 2587 δέ
2678 2534 2808 2598 Θεὸς
2838 2530 2917 2599 εἷς
2939 2537 3103 2590 ἐστιν.
3156 2555 3175 2588 s
3214 2532 3309 2600 Εἷς
3332 2533 3423 2591 οὖν
3454 2539 3601 2591 ἐστιν
3655 2538 3685 2591 ό
3734 2537 3883 2602 Θεὸς,

2330 2624 2421 2677 καὶ
2464 2620 2543 2687 εἷς
2586 2625 2809 2696 μεσίτης
2855 2625 2988 2679 Θεοῦ
3020 2643 3077 2679 τε
3140 2628 3234 2681 καὶ
3267 2626 3593 2701 [ἀνθρώπων
3630 2628 3749 2701 καὶ]
3779 2629 3885 2683 τῶν

2328 2716 2602 2787 γεννητῶν
2631 2717 2847 2771 πάντων
2868 2733 2881 2747 ·
2915 2717 2974 2770 οὑ
2998 2716 3093 2772 νῦν
3125 2717 3426 2790 ἀρξάμενος
3474 2720 3573 2791 τῆς
3618 2721 3882 2791 σωτηρίου

2331 2808 2624 2877 μεσιτείας,
2658 2808 2792 2861 ἀλλὰ
2824 2807 2919 2861 καὶ
2950 2810 3056 2879 πρὸ
3104 2809 3201 2879 τῆς
3252 2812 3329 2873 είς
3358 2810 3678 2883 ἀνθρώπους
3722 2810 3881 2866 αὐτοῦ

2329 2896 2661 2964 θεοφανείας,
2696 2897 2881 2969 ὥσπερ
2920 2894 3011 2953 οῦν
3036 2901 3064 2952 ό
3098 2900 3251 2968 λόγος
3276 2901 3573 2967 ἀπέδειξεν.
3598 2902 3813 2957 Τούτων
3838 2901 3884 2956 δ’

2328 2984 2385 3036 ἐν
2418 2983 2605 3055 βραχεῖ
2631 2985 2894 3050 Γαλάταις
2920 2987 3120 3051 αὐτοῖς,
3154 2990 3218 3041 ἐκ
3244 2990 3408 3060 μόνης
3444 2990 3545 3061 τῆς
3600 2994 3738 3063 πρὸς
3786 2991 3884 3045 αὑ-

2328 3077 2452 3138 τοὺς
2484 3076 2766 3147 ἐπιπολῆς
2818 3078 3246 3149 παρατεθέντων,
3273 3080 3369 3151 τῆς
3395 3098 3453 3134 τε
3502 3083 3765 3152 σωτηρίου
3792 3082 3877 3135 πί-

2333 3181 2502 3227 στεως
2522 3166 2619 3236 τὴν
2654 3167 2919 3237 μυστικὴν
2940 3168 3289 3240 ἀναγέννησιν
3320 3173 3397 3235 εἰς
3427 3173 3597 3243 ὄνομα
3642 3173 3736 3227 τοῦ
3785 3173 3884 3227 Πα-

2331 3258 2476 3329 τρδς,
2508 3261 2714 3313 καὶτοῦ
2748 3262 2897 3325 Υίοῦ,
2922 3264 3017 3316 καὶ
3066 3263 3160 3317 τοῦ
3214 3263 3367 3333 ἁγίου
3396 3262 3713 3333 Πνεῦματος
3754 3265 3886 3334 *ταρ-

2333 3350 2579 3421 εχούσης,
2615 3353 2705 3405 καὶ
2729 3354 2862 3426 πρὸς
2885 3356 2994 3417 τοῖς
3027 3355 3189 3419 θείοις
3217 3355 3508 3425 ἐγγράφοις
3538 3356 3636 3426 τῆς
3657 3355 3766 3409 ἀπὸ
3790 3372 3884 3409 πε-

2324 3441 2512 3511 ράτων
2545 3443 2647 3513 γῆς
2680 3445 2783 3509 ἐως
2815 3448 3063 3517 περάτων
3102 3448 3389 3519 καθολικῆς
3429 3449 3751 3519 Ἐκκλησίας
3790 3449 3882 3503 τοῦ

2331 3528 2463 3583 Θεοῦ
2482 3532 2575 3596 τὰς
2592 3534 2696 3587 άπὸ
2723 3535 2827 3588 τῶν
2845 3536 3001 3590 θείων
3026 3538 3252 3608 Γραφῶν
3284 3540 3603 3611 μαρτυρίας,
3633 3538 3692 3604 ἐξ
3716 3540 3884 3612 ἀγράρ

2330 3633 2430 3684 φου
2481 3621 2867 3690 παραδόσεως,
2911 3625 3466 3697 ἐπισφραγιζομένης·
3527 3628 3647 3699 ὥρα
3702 3629 3883 3685 λοιπὸν

2330 3708 2423 3760 καὶ
2450 3708 2547 3771 τὰς
2566 3711 2880 3781 Μαρκέλλου
2899 3713 3285 3783 διασκέψασθαι
3310 3716 3497 3782 λέξεις,
3519 3718 3625 3770 τῶν
3642 3735 3702 3771 τε
3725 3720 3885 3790 ἐπηγ-

2330 3799 2602 3868 γελμένων
2625 3804 2756 3873 ἡμῖν
2795 3804 2892 3868 τὰς
2929 3805 3226 3872 ἀποδείξεις
3252 3809 3522 3879 ὑποσχεῖν,
3551 3808 3627 3873 ὡς
3681 3808 3748 3863 ἃν
3808 3810 3880 3882 μή

2328 3906 2411 3952 τις
2435 3891 2523 3944 τὸν
2552 3892 2716 3965 ἄνδρα
2749 3898 3193 3966 συκοφαντεῖσθαι
3252 3900 3386 3970 πρὸς
3418 3899 3570 3971 ἡμῶν
3624 3901 3879 3972 νομίσειε.

2333 3980 2542 4033 Σκοποῦ
2573 3982 2627 4035 δέ
2660 4002 2747 4054 μοι
2780 3990 3136 4059 προκειμένου
3170 3990 3258 4044 διὰ
3291 3990 3532 4062 βραχέων
3557 3993 3783 4063 ἐκφῆναι
3816 3992 3882 4047 τά

2330 4072 2610 4142 εἰρημένα,
2644 4076 2754 4148 (65)
2780 4079 2841 4131 οὐ
2870 4081 3046 4145 πάσας
3079 4080 3399 4151 άναλέξομαι
3434 4082 3526 4135 τοῦ
3566 4082 3760 4154 ἀνδρὸς
3787 4082 3884 4150 τὰς

2333 4161 2532 4227 φωνὰς,
2570 4166 2754 4234 μόναις
2777 4167 2835 4221 δὲ
2882 4172 3004 4232 ταῖς
3055 4173 3393 4235 ωνεκτικαῖς
3446 4172 3741 4243 χρήσομαι.
3785 4172 3882 4239 τὰς

2395 4524 2512 4647 ὅθι)
2538 4521 2734 4602 _Vulgo_
2747 4521 2864 4589 μέν.
2895 4519 3014 4576 Mox
3041 4520 3159 4575 dele
3197 4520 3353 4595 άνθρ.
3390 4520 3502 4575 καί.
3551 4519 3696 4577 Inlrs
3726 4520 3881 4577 codd.

2432 4634 2443 4647 .
2474 4610 2567 4646 του
2605 4591 2739 4644 Θεου
2777 4589 2929 4642 ἐκκλ.

2650 4607 2739 4642 εου
2777 4606 2929 4642 εκκΛ.

2321 4591 2443 4649 καθ.
2474 4591 2567 4646 τοῦ
2605 4591 2739 4644 Θεοῦ
2777 4591 2929 4642 ἐκκλ.
3302 4591 3313 4595 ⁷

2361 4662 2625 4734 ί(65)ῌού
2680 4658 2882 4734 πάσας
2936 4656 3317 4734 ἀναλέξομαι.
3372 4655 3594 4734 Utinam
3641 4663 3882 4734 exstaret

2327 4724 2560 4806 Marcelli
2600 4731 2698 4783 hoc
2703 4731 3100 4806 ﬁnalecunque
3123 4724 3748 4806 _atinpappat.ul.iceret
3771 4733 3880 4778 tum

2330 4802 2639 4877 αὑτόπταις,
2703 4794 3362 4877 Ευεεὶὶίἰιδιασκέψασθαιζ
3396 4794 3729 4877 ﬁdelitatem,
3764 4808 3883 4877 qua

2332 4888 2437 4925 non
2477 4872 2631 4923 nimis
2664 4877 2810 4921 casta
2863 4866 3029 4919 fuisse
3056 4862 3287 4920 videtur.
3316 4864 3496 4927 Certe,
3541 4862 3681 4931 quod
3739 4864 3883 4932 prius

2334 4944 2676 4994 observatum
2705 4946 2810 4997 est,
2838 4937 3308 5013 .ut_int-er_veteres
3340 4933 3594 5013 Ecclesia:
3626 4944 3882 5013 proceres

2337 5008 2588 5062 censendi
2614 5021 2737 5058 cum
2772 5004 2960 5073 primis
2992 5003 3163 5058 Julius
3187 5015 3241 5058 et
3272 5002 3621 5073 Athanasius,
3654 5000 3881 5073 Mareel-

2337 5082 2443 5131 lum
2480 5088 2533 5130 et
2571 5070 2786 5152 scriptis
2811 5082 2866 5127 et
2904 5075 3193 5152 sententiis.
3226 5074 3349 5126 latis
3374 5070 3739 5152 absolverunt
3762 5087 3777 5123 :
3800 5072 3881 5152 ita

2335 5146 2562 5201 Basilius
2584 5145 2792 5203 ὁπάνυ,
2824 5151 2875 5196 et
2908 5143 3142 5196 Hilarius
3181 5144 3321 5196 inter
3374 5140 3656 5194 haereticos
3710 5140 3880 5207 ipsius

2336 5230 2527 5269 nomen
2561 5224 2933 5279 reposuerunt.
2965 5211 3058 5265 Isti
3094 5214 3137 5266 si
3172 5216 3222 5265 in
3256 5225 3417 5265 causa
3449 5209 3769 5271 tacuissent,
3802 5208 3881 5264 fa-

2335 5286 2437 5339 cile
2468 5283 2677 5341 fuisset,
2709 5282 3019 5341 Eusebium,
3048 5280 3255 5341 Arium,
3277 5280 3570 5337 Asterium.
3606 5278 3881 5341 Apollina-

2662 5321 2677 5345 ο
2709 5315 3019 5344 ηυδῡυιυιιι,
3048 5315 3110 5335 nl
3128 5315 3255 5346 IIII",
3277 5315 3570 5337 Ποινιτυιιιι

2336 5356 2497 5412 rium.
2567 5366 2753 5426 OII‘IBCS_
2809 5352 3112 5426 haereticos
3139 5347 3725 5426 contemnereth'l‘tvgi
3746 5347 3880 5426 ὑπὲρ

2335 5420 2924 5495 αυτοῦ-ἀπολογήσαντο
2965 5419 3037 5495 μὴ
3058 5418 3226 5495 ορτως
3256 5419 3416 5495 ἔχειν,
3455 5414 3766 5495 ἀλλ’ρρθιῖξς
3781 5414 3863 5495 .αεῦ

2335 5437 2495 5475 αυτου
2525 5437 2924 5490 απολογησαντο
2965 5437 3037 5540 μη
3058 5437 3226 5481 ουτως
3256 5437 3416 5487 εχειν,
3455 5437 3553 5468 aM
3592 5437 3596 5459 ι

2333 5493 2425 5569 ⁸τὸν
2490 5491 2840 5569 βεῦιωκέναι·
2897 5504 2981 5569 κα.
3020 5489 3125 5569 ﬁt?)
3156 5485 3596 5569 θρονήματηαύ

2337 5555 2918 5636 ἔχειν’διζσχυρίςοντο.
2957 5559 3047 5636 Διδ
3086 5555 3251 5636 πολλῂ
3273 5555 3397 5636 περὶ
3427 5555 3613 5636 τούτοξ)
3641 5555 3877 5636 ’ζήτησις

2333 5624 2538 5697 γέγονε.
2572 5624 2783 5682 Κᾶδᾘτὰ
2818 5629 2913 5697 μὲν
2940 5628 3143 5697 κρύφια
3184 5624 3279 5697 τῆς
3319 5624 3857 5697 ἐννοίας-Θεῷηέγνω

2334 5645 3153 5762 ἔξέῗῖῗίι¹⁸ἕιῖίὲιῗει¹ῗῗιῖςῗίίὶ¹ῗ⁹ἱῖ
3172 5645 3287 5752 illi
3318 5645 3834 5754 magiam
