4106 6420
232 423 333 480 ην
1354 408 1633 473 CONTRA
1669 401 2101 464 MARCELLI]!
2137 400 2267 459 LIB.
2310 399 2350 458 Ι.
3370 389 3472 447 75C

233 527 470 595 πλείους,
487 527 690 584 ὡσανεὶ
713 525 973 600 περιττὰς
989 527 1085 582 καὶ
1113 525 1203 581 διὰ
1226 523 1336 580 τῶν
1382 520 1563 578 αὐτῶν
1589 516 1801 591 χωρού·
1831 520 1854 579 Δ

1846 520 1876 578 Α
1903 528 2001 585 per
2025 528 2084 570 se
2114 527 2220 569 non
2257 511 2557 568 subsistens
2605 521 2771 600 unum
2819 514 2980 576 atque
3007 503 3150 600 idem
3193 517 3329 600 cum.
3361 501 3467 558 Dec

234 635 355 685 σας,
376 591 835 690 ὑπερϐησόμενος.
862 618 974 688 Πρδ
998 617 1056 671 st
1073 617 1172 690 τῆς
1203 616 1310 671 τῶν
1335 611 1638 686 tim..th
1667 610 1802 662 ἀπο-

1904 605 2207 667 exsistens;
2239 616 2412 671 neque
2437 600 2582 657 enim
2612 599 2717 654 hoc
2755 605 2916 667 pacto
2953 593 3220 690 mediator
3261 591 3467 661 aliquo-

234 684 450 775 δείξεως
479 684 632 780 οἴμαι
659 684 769 760 δεῖν
797 707 855 761 ιν
888 684 1140 779 πρώτοις*
1158 684 1503 778 παραστῆσαι
1549 703 1663 764 τοίς
1710 700 1801 752 ιν-

1906 711 2025 752 rum
2053 709 2174 749 esse
2214 701 2442 763 paterat.
2475 691 2606 746 Erat
2644 697 2860 754 autem,
2890 693 2945 741 et
2985 684 3136 755 prius
3163 690 3314 749 erat,
3348 690 3469 736 tan-

235 773 591 867 τυγχάνουσιν
617 797 723 861 ὅτι,
762 797 895 869 μηδι
935 773 1042 862 ’τὰς
1099 773 1418 869 προχείρους
1459 792 1632 858 λέξεις
1688 791 1798 845 τῶν

1903 801 2066 858 quam
2095 785 2299 840 scilicet
2326 781 2372 835 F
2374 782 2498 837 ilius
2523 780 2842 852 unigenitus,
2867 775 3053 847 plenus
3089 773 3264 869 gratio
3289 780 3340 826 et
3379 786 3469 825 oe-

419 884 708 959 ιξηκρίϐου
1331 884 1397 939 ἂν
1431 883 1648 954 γνωσθῇ
1693 884 1804 946 τοῖς

1909 879 2065 931 ritate
2087 876 2155 930 ”.
2190 872 2543 929 lntermedias
2590 881 2768 925 autem
2819 877 3002 941 partes
3053 862 3337 959 supplebat
3356 877 3471 959 suo

236 969 321 1027 ῑτι
349 953 512 1027 αὑτὸν
535 953 840 1042 ἀγνοοῦσιν,
1077 991 1163 1036 τις
1180 972 1276 1040 ὢν,
1299 973 1391 1028 ἰπὶ
1412 972 1509 1044 τὴν
1529 953 1807 1043 τῶνείρη-

1911 966 2082 1032 Patri,
2114 980 2238 1021 cum
2273 963 2573 1019 ministerio
2603 961 2935 1031 angelorum,
2966 959 3139 1028 legem
3167 953 3471 1012 hominibus

239 1061 418 1135 μένων
447 1063 694 1136 προήχθη
719 1064 940 1136 τόλμανο

1909 1054 2298 1126 promulgaret.
2323 1052 2422 1120 Qui
2455 1053 2684 1108 docebat
2721 1051 3038 1120 ignorantes
3063 1057 3120 1102 et
3155 1044 3473 1136 ineruditos,

239 1125 694 1227 theologicasmde'
726 1125 829 1216 Dei.
866 1159 1001 1215 Filio
1071 1158 1324 1226 rationes,
1374 1157 1660 1228 Apostolus
1730 1155 1871 1210 idem
1912 1151 2250 1221 consignavit
2290 1153 2357 1205 ad
2409 1149 2568 1204 istum
2617 1148 2834 1204 modum
2883 1145 3168 1216 inquiens,
3215 1125 3473 1197 llediator

240 1255 416 1300 autem
454 1263 559 1304 non
602 1258 680 1304 est
713 1252 867 1305 unius
908 1251 1182 1304 mediator.
1213 1250 1400 1318 Neque
1439 1257 1584 1304 certe
1622 1254 1812 1300 natura
1852 1243 1928 1298 rei
1975 1243 2175 1312 patitur
2245 1241 2598 1296 mediatorem
2662 1239 2730 1295 de
2771 1253 2882 1292 uno
2924 1249 3194 1306 quoquam
3241 1231 3474 1289 deﬁniri.

238 1333 363 1390 Ideo
413 1352 520 1392 non
555 1349 638 1393 est
678 1340 840 1396 unius
893 1338 1116 1409 alicujus
1157 1341 1279 1406 iste,
1307 1340 1402 1395 sed
1467 1337 1677 1394 medius
1737 1335 2048 1392 necessario
2096 1332 2236 1387 inter
2262 1332 2416 1397 duos,
2443 1331 2510 1386 ab
2542 1342 2770 1401 utroque
2816 1330 3079 1392 diversus,
3106 1341 3335 1397 quorum
3364 1333 3475 1380 ειυς

240 1425 410 1481 tuitur
438 1426 724 1482 mediator.
750 1426 866 1484 Non
893 1439 976 1484 est
1001 1445 1128 1500 ergo
1155 1427 1574 1486 existimandum
1603 1467 1620 1492 ,
1652 1427 1797 1482 hunc
1831 1439 1952 1480 esse
1980 1424 2144 1479 Deum
2193 1422 2378 1488 illum,
2443 1421 2535 1492 qui
2601 1430 2687 1477 est
2734 1436 2894 1492 supra
2938 1421 3118 1475 omnia
3152 1419 3296 1474 Deus
3333 1433 3347 1471 :
3381 1431 3477 1471 ne-

240 1518 366 1573 dum
403 1519 470 1574 de
516 1533 740 1576 numero
777 1521 1086 1592 angelorum
1128 1521 1400 1592 aliquem:
1431 1520 1525 1575 sed
1569 1518 1800 1574 medium
1841 1526 2193 1585 utrorumque
2230 1523 2284 1570 et
2348 1515 2734 1576 mediatorem,
2777 1512 2973 1582 quippe
3015 1525 3138 1566 cum
3191 1509 3334 1565 inter
3377 1506 3478 1562 Pa-

239 1617 380 1666 trem
409 1625 562 1665 suum
590 1620 645 1666 et
671 1611 886 1684 angelos
929 1614 1226 1669 intercedat
1265 1600 1491 1668 medius.
1528 1611 1612 1665 Ad
1643 1613 1890 1666 eumdem
1929 1609 2140 1664 modum
2169 1609 2386 1672 iterum,
2432 1607 2526 1663 ubi
2557 1606 2648 1662 Dei
2689 1615 2852 1676 atque
2902 1604 3180 1660 hominum
3213 1601 3478 1658 mediator

240 1699 303 1757 ﬁt
353 1703 492 1756 inter
539 1702 784 1758 ordinem
834 1710 1124 1773 utrumque
1183 1700 1559 1766 intermedius,
1586 1701 1784 1756 nullius
1841 1703 2030 1756 horum
2068 1710 2171 1766 est,
2201 1700 2468 1755 easistens
2502 1699 2781 1754 mediator.
2817 1695 2932 1752 Non
2972 1706 3056 1752 est
3117 1695 3208 1750 Ille
3246 1709 3386 1750 unus
3423 1703 3478 1749 et

240 1791 393 1849 solus
445 1792 585 1848 Deus
629 1810 648 1849 :
697 1809 806 1850 non
838 1794 1034 1861 homo,
1079 1808 1185 1865 quo
1238 1795 1397 1852 modo
1441 1792 1622 1849 caeteri
1668 1793 1913 1848 homines
1966 1800 2114 1847 sunt.
2153 1791 2291 1858 Quid
2344 1791 2594 1854 tandem,
2651 1790 2696 1846 si
2757 1789 2891 1845 nihil
2947 1789 3176 1854 horum,
3231 1783 3479 1842 exsistit?

242 1882 402 1941 Certe
457 1883 550 1939 Dei
609 1884 775 1940 Filius
819 1885 1148 1955 unigenitus,
1181 1883 1291 1953 jam
1343 1888 1668 1942 constitutus
1728 1885 1824 1940 Dei
1871 1893 1922 1939 et
1980 1883 2254 1938 hominum
2312 1881 2577 1938 mediator
2627 1902 2642 1937 :
2700 1881 2828 1936 olim
2867 1895 2997 1935 vero
3059 1884 3117 1942 ›Ῑ‹
3177 1877 3278 1932 sub
3340 1889 3480 1933 tem-

241 1975 464 2049 poribus
508 1976 776 2044 Mosaicis,
824 1977 916 2032 Dei
958 1977 1223 2033 mediator
1265 1990 1320 2033 et
1362 1980 1697 2048 angelorum.
1772 1977 1897 2033 Haec
1953 1985 2082 2032 sunt
2141 1976 2229 2030 illa
2269 1989 2391 2046 quae
2433 1988 2660 2044 magnus
2715 1971 3002 2043 Apostolus
3037 1971 3127 2025 ille
3165 1970 3229 2024 ad
3263 1968 3481 2025 Galatas

243 2067 526 2136 scriptum
579 2067 817 2134 tradidit,
875 2065 984 2122 Le:
1035 2084 1127 2136 per
1174 2067 1384 2137 angelos
1444 2069 1712 2135 ordinata,
1779 2070 1833 2122 in
1896 2082 2057 2120 manu
2128 2066 2459 2129 mediatoris,
2523 2064 2772 2133 inquiens
2830 2061 3153 2116 :Medtator
3190 2062 3348 2114 unius
3381 2056 3480 2111 ali-

243 2156 396 2226 cujus
436 2172 542 2212 non
570 2167 646 2213 est
685 2172 704 2210 :
735 2157 872 2213 Deus
928 2170 1103 2214 autem
1151 2175 1286 2214 unus
1329 2170 1429 2215 est.
1459 2159 1610 2216 Unus
1644 2161 1826 2230 itaque
1863 2158 2005 2213 Deus
2032 2164 2136 2222 est,
2158 2168 2213 2213 et
2253 2172 2393 2213 unus
2439 2158 2709 2213 mediator
2741 2155 2837 2212 Dei
2903 2164 3066 2226 atque
3093 2154 3398 2214 hominum,
3429 2156 3482 2204 et

243 2249 486 2306 omnium
535 2250 758 2321 insuper
800 2263 1226 2324 generatorurn:
1266 2254 1357 2326 qui
1393 2268 1498 2308 non
1539 2269 1686 2309 nunc
1708 2254 1940 2324 primum
2003 2254 2389 2309 exordiebatur
2442 2249 2824 2307 mediationem
2863 2263 3017 2304 suam
3079 2247 3147 2300 ad
3224 2243 3481 2308 salutem,

244 2338 341 2393 sed
369 2337 497 2394 olim
528 2342 784 2395 exstabat
807 2342 1095 2408 mediator,
1125 2359 1247 2398 cum
1287 2343 1522 2398 nondum
1555 2344 1696 2398 inter
1725 2344 1973 2400 homines
2000 2353 2163 2399 natus
2185 2352 2536 2400 versaretur:
2563 2342 2705 2412 quod
2742 2340 2855 2410 jam
2919 2338 3093 2410 prius,
3156 2338 3210 2392 in
3275 2347 3482 2390 sermo-

245 2441 317 2482 ne
345 2428 776 2486 demonstratum
823 2443 925 2487 est.
969 2432 1095 2489 Hatc
1124 2445 1252 2490 sunt
1292 2433 1384 2490 illa
1434 2449 1554 2504 qua:
1586 2436 1824 2491 breviter
1861 2447 1916 2492 et
1943 2452 2040 2509 per
2065 2435 2444 2506 compendium
2471 2433 2680 2489 Calatis
2717 2433 3072 2505 proponimus
3131 2429 3481 2486 consideran-

246 2517 338 2585 da,
379 2533 449 2575 ex
472 2520 562 2575 illa
593 2522 709 2590 ipsa
743 2525 808 2577 ad
834 2523 1055 2581 Galatas
1092 2527 1319 2596 epistola
1349 2526 1528 2593 Pauli,
1554 2527 1606 2582 in
1638 2543 1741 2598 qua
1805 2528 1926 2585 ﬁdei
1971 2529 2226 2586 salutaris
2260 2526 2349 2583 illa
2395 2525 2620 2598 mystica
2652 2524 2966 2581 continetur
3005 2519 3368 2592 regeneratio,
3428 2517 3482 2572 in

248 2605 457 2668 nomine
483 2610 688 2682 Patris,
713 2628 763 2672 et
787 2616 918 2672 Filii
944 2631 991 2673 et
1030 2619 1258 2690 Spiritus
1280 2622 1475 2676 sancti.
1504 2620 1656 2688 Quae,
1687 2632 2046 2693 praeterquam
2091 2622 2232 2694 quod
2293 2623 2404 2678 sint
2470 2621 2664 2677 litteris
2705 2620 2902 2676 divinis
2975 2617 3314 2687 consignata,
3361 2622 3484 2670 sunt

247 2704 412 2760 etiam
443 2709 618 2764 adhuc
650 2710 911 2779 majorem
934 2713 986 2767 in
1009 2715 1224 2769 modum
1252 2714 1569 2771 conﬁrmata
1635 2731 1732 2785 per
1787 2717 2134 2773 traditionem
2179 2716 2461 2773 catholicas
2513 2714 2790 2780 Ecclesiae,
2854 2729 2976 2786 qua
3009 2729 3039 2767 a
3086 2713 3192 2767 ﬁne
3227 2711 3293 2765 ad
3325 2708 3485 2763 ﬁnem

250 2802 526 2853 terrarum
561 2800 903 2867 diﬁunditur,
970 2818 1092 2872 quae
1160 2821 1258 2877 per
1317 2822 1422 2862 non
1461 2809 1721 2877 scriptam
1762 2809 2106 2864 traditionem
2150 2824 2433 2865 sacrarum
2474 2808 2882 2877 Scripturarum
2935 2803 3249 2861 testimonia
3278 2798 3484 2857 contir-

251 2893 366 2940 mat
408 2896 466 2943 et
505 2889 782 2961 obsignat.
813 2889 932 2946 Jam
968 2909 1101 2951 vero
1131 2908 1340 2966 tempus
1364 2905 1447 2951 est
1475 2905 1537 2951 ut
1574 2898 1828 2968 deinceps
1850 2898 2086 2955 Marcelli
2120 2900 2283 2954 verba
2311 2901 2363 2954 in
2404 2901 2637 2956 medium
2662 2899 3000 2971 proferamus
3030 2904 3086 2950 et
3111 2910 3234 2966 qua
3262 2892 3486 2966 polliciti

249 2987 461 3042 sumus,
505 2979 986 3048 demonstratione,
1037 2999 1403 3055 proponamus
1463 2989 1659 3057 quibus
1711 2989 1798 3043 illa
1839 2990 2141 3048 clarissime
2191 3004 2581 3063 preponuntur,
2611 3009 2733 3063 qua:
2757 3000 2885 3048 sunt
2939 3007 2968 3045 a
3029 2990 3183 3046 nobis
3223 2991 3486 3046 hactenus

249 3070 649 3140 disputata;ne
677 3073 970 3144 quisputet
993 3090 1086 3145 per
1113 3077 1474 3132 calumniandi
1542 3079 1838 3146 libidinem,
1877 3096 2002 3137 esse
2057 3083 2174 3140 haec
2222 3084 2277 3139 in
2337 3084 2485 3138 illum
2521 3092 2796 3154 congesta.
2842 3081 3287 3150 Quandoquidem
3356 3094 3487 3135 vero

249 3163 383 3219 mihi
433 3169 770 3236 propositum
825 3167 896 3221 sit
945 3168 1182 3224 breviter
1247 3170 1336 3225 illa
1377 3171 1708 3239 describere,
1763 3189 1881 3242 quae
1918 3185 2044 3230 sunt
2077 3177 2143 3230 ab
2173 3192 2238 3232 eo
2269 3177 2432 3243 dicta,
2458 3193 2562 3232 non
2597 3187 2773 3233 tamen
2801 3176 2920 3230 ideo
2945 3174 3219 3244 sigillatim
3248 3185 3303 3230 et
3325 3175 3488 3231 verbo

253 3259 411 3310 tenus
434 3255 524 3310 illa
549 3257 787 3312 arbitror
808 3257 862 3311 in
885 3261 1134 3328 praesenti
1163 3276 1284 3316 esse
1314 3264 1668 3318 recensenda.
1689 3261 1919 3319 Tantum
1957 3266 2045 3321 illa
2074 3283 2192 3336 qua
2233 3270 2502 3339 praecipua
2569 3277 2715 3334 sunt,
2775 3277 2830 3323 et
2878 3281 3096 3322 causam
3166 3267 3449 3334 continent,
3470 3309 3486 3333 ,

249 3348 546 3413 advocabo,
582 3349 961 3416 pratermissis
1002 3353 1448 3422 quamplurimis,
1485 3369 1585 3410 nec
1633 3358 1976 3423 necessariis,
2000 3369 2056 3415 et
2083 3361 2135 3414 in
2167 3361 2307 3415 idem
2339 3360 2512 3429 ipsum
2583 3359 3017 3416 recurrentibus.
3074 3355 3236 3413 Prius
3308 3367 3489 3414 tamen

249 3454 412 3510 quam
449 3440 516 3494 ad
552 3454 665 3494 rem
707 3441 1015 3511 aggrediar,
1043 3457 1140 3512 per
1177 3444 1688 3501 demonstrationem
1721 3462 1942 3504 necesse
1965 3458 2050 3504 est
2079 3449 2265 3506 lectori
2301 3452 2492 3507 faciam
2546 3449 2918 3515 manifestum,
2970 3462 3075 3502 non
3127 3447 3295 3504 fuisse
3346 3450 3490 3505 hunc

247 3533 526 3591 hominem
560 3541 868 3587 assecutum
925 3533 1229 3589 divinarum
1275 3535 1576 3592 litterarum
1641 3549 1877 3594 mentem
1917 3549 1971 3596 et
2017 3543 2382 3611 sententiam,
2425 3543 2622 3598 nedum
2650 3557 2773 3598 cum
2820 3550 2996 3596 essent
3043 3540 3352 3612 cuicunque
3387 3543 3489 3598 ob-

247 3625 350 3682 viae
377 3640 393 3679 :
421 3631 482 3677 ut
513 3621 588 3676 illi
619 3623 710 3692 qui
745 3624 1015 3693 ignorant,
1043 3625 1167 3695 quis
1196 3636 1253 3681 et
1282 3626 1456 3696 qualis
1487 3625 1559 3680 sit
1606 3627 1801 3698 adhuc,
1841 3629 2143 3703 intelligant
2183 3632 2419 3700 tandem,
2446 3642 2647 3703 quanta
2687 3647 2810 3688 cum
2847 3631 3071 3686 audacia
3109 3631 3177 3687 ad
3221 3633 3334 3704 ipsa
3371 3631 3491 3690 haec

247 3713 465 3784 scriptis
493 3713 804 3784 proruperit
831 3716 1275 3772 commendanda.

893 3806 1052 3860 ΚΕΦ.
1096 3807 1172 3862 Β’.
1843 3822 1888 3879 Β
2293 3837 2296 3840 ~

1843 3822 1888 3879 Β
2293 3837 2296 3840 ~
2565 3809 2716 3867 CAP.
2765 3809 2828 3866 ll.

343 3901 467 3956 Ὀτι
497 3899 640 3956 οὐδὲ
661 3900 772 3965 τὰς
805 3899 966 3964 θείας
984 3899 1298 3968 ἐξηκρίϐου
1323 3903 1564 3972 Γραφάς
1588 3904 1717 3974 (66).
1957 3916 1964 3967 1

1957 3902 2110 3970 Quod
2153 3918 2245 3956 nec
2285 3918 2463 3956 sacras
2506 3900 2814 3971 Scripturas
2852 3902 2981 3956 satis
3025 3912 3204 3957 exacte
3240 3903 3452 3958 caueat.

318 3993 524 4047 Αὐτίκα
554 3993 599 4046 δ’
627 3987 741 4054 οὖν,
773 3989 868 4043 τοῦ
891 3992 1173 4061 προφήτου
1209 3994 1474 4064 Ζαχαρίου
1509 3995 1649 4048 κατὰ
1693 3996 1819 4062 τοὺς

1991 3990 2126 4048 Cum
2157 3991 2418 4060 propheta
2447 3990 2757 4058 Zacharias,
2791 3991 2838 4047 is
2870 3991 3127 4047 nimirum
3157 3993 3250 4062 qui
3284 4003 3489 4063 tempo-

246 4083 348 4154 τῆς
376 4082 633 4138 ἐπανόδου
667 4081 890 4153 χρόνους
912 4081 1011 4150 τῆς
1037 4082 1143 4135 ἀπὸ
1169 4081 1482 4147 Βαϐυλῶνος
1505 4085 1813 4155 γενομένου,

1923 4098 1982 4138 re
2017 4083 2220 4137 reditus
2246 4097 2277 4137 e
2307 4082 2575 4154 Babylone
2605 4081 2726 4148 fuit,
2755 4084 3083 4138 mentionem
3115 4083 3312 4140 alicubi
3335 4085 3380 4116 ³¹
3408 4083 3488 4139 la-

259 4174 434 4246 Ἰησοῦ
465 4192 525 4228 τε
563 4174 1029 4246 μνημονεύσαντος
1058 4173 1152 4228 τοῦ
1182 4175 1372 4245 ἱερέως
1416 4174 1510 4227 τοῦ
1557 4176 1813 4245 μεγάλου,

1921 4174 2031 4229 ciat
2071 4171 2197 4230 Jesu
2227 4175 2503 4244 pontiﬁcis
2551 4175 2698 4230 illius
2733 4175 2949 4244 magni,
2987 4175 3192 4232 scilicet
3221 4174 3486 4232 Josedeco

245 4261 444 4337 δηλαδὴ
472 4265 566 4319 τοῦ
597 4265 713 4318 υίοῦ
781 4263 1045 4329 Ἰωσεδὲκ,
1079 4264 1138 4328 ὃς
1195 4265 1311 4336 ἅμα
1366 4265 1668 4336 Ζοροϐάϐελ
1708 4267 1816 4321 τῶν

1919 4266 2107 4334 geniti,
2129 4266 2221 4337 qui
2256 4281 2360 4321 una
2399 4281 2521 4321 cum
2569 4265 2920 4330 Zorobabele,
2949 4267 3256 4338 principatu
3298 4268 3489 4339 {unge-

247 4355 356 4410 ἁπδ
377 4355 693 4419 Βαϐυλῶνος
744 4354 1145 4409 ἐπανελθόντων
1194 4357 1456 4427 ἡγήσατο,
1492 4358 1521 4408 ὁ
1571 4360 1815 4425 γενναῖος

1921 4357 2082 4413 batur
2132 4359 2274 4414 inter
2301 4357 2534 4425 Judeos,
2568 4360 2658 4429 qui
2700 4361 2766 4414 de
2813 4358 3083 4431 Babylone
3146 4361 3489 4416 reverteban-

247 4439 402 4511 οὗτος
437 4447 530 4500 καὶ
588 4445 896 4517 θαυμαστὸς
945 4447 1294 4518 ὑπογραφεὺς
1337 4445 1488 4500 ταῦτ’
1521 4449 1814 4518 ἀγνοήσας,

1924 4461 2034 4515 tur,
2063 4449 2360 4519 praeclarus
2391 4450 2494 4505 iste
2523 4459 2577 4504 et
2604 4451 2864 4506 miriﬁcus
2889 4464 3020 4504 sane
3039 4451 3272 4520 scriptor
3291 4456 3349 4514 >14
3387 4451 3486 4505 bo-

247 4535 426 4606 τίθησι
457 4537 555 4608 μὲν
579 4536 671 4592 τοῦ
695 4536 962 4609 Ζαχαρίου
1011 4536 1107 4606 τὴν
1137 4537 1302 4603 λέξιν,
1332 4538 1397 4591 δι’
1427 4532 1494 4608 ἦς
1550 4538 1819 4610 μέμνηται

1926 4555 2044 4594 rum
2084 4541 2323 4596 omnium
2373 4541 2612 4610 ignarus,
2644 4539 2923 4597 Zachariae
2958 4540 3123 4595 verba
3151 4541 3364 4608 quidem
3397 4540 3484 4594 illa

249 4625 343 4680 τοῦ
376 4627 573 4698 Ἰησοῦ,
610 4628 826 4699 μακρὰν
855 4628 911 4680 δὲ
931 4629 1030 4699 τῆς
1067 4629 1306 4699 ἱστορίας
1344 4627 1698 4692 ἀκοντισθεὶς,
1731 4628 1818 4682 λέ-

1926 4631 2076 4695 citat,
2109 4646 2230 4701 quae
2273 4629 2399 4686 Jesu
2450 4631 2597 4686 illius
2640 4630 3024 4697 meminerunt,
3053 4631 3148 4685 sed
3178 4646 3208 4684 a
3241 4645 3401 4686 sensu
3434 4638 3488 4684 et

249 4732 366 4787 γειν
394 4719 553 4773 αὑτὸν
584 4720 848 4790 ὑπείληφε
879 4718 990 4790 (67)
1027 4721 1154 4791 περὶ
1197 4718 1371 4791 Ἰησοῦ
1397 4718 1675 4781 Μωῦσέως
1704 4717 1818 4774 δια-

1925 4721 2194 4776 sententia
2236 4721 2565 4777 narrationis
2613 4721 2760 4778 illius
2799 4721 3002 4777 recedit
3041 4735 3203 4792 quam
3234 4719 3485 4791 longissi-

325 4817 383 4874 sIs
409 4811 507 4882 Ed.
543 4813 739 4882 Raris,
775 4828 891 4882 pag.
927 4812 981 4868 9.

328 4887 386 4945 iis
426 4881 522 4935 Ed.
564 4881 756 4947 Paris.,
780 4881 910 4952 pag.
945 4881 1031 4937 l0.

319 4973 366 5006 ¹⁶
399 4966 559 5025 Joan.
585 4985 623 5034 ι,
652 4968 740 5024 Η.
790 4973 833 5003 ²¹
862 4971 1027 5026 Zacb.
1057 4986 1142 5037 ιιι,
1169 4971 1220 5025 l.

322 5079 725 5154 (66)ACont_i_net
752 5079 1068 5154 boc_capu_t
1106 5081 1474 5154 velitationem
1518 5086 1809 5154 quamdam
1841 5071 1882 5129 (ἶ
1916 5084 1942 5154 ὲ

1871 5073 1882 5128 ἶ
1916 5082 2158 5154 ἐνόησεν.
2201 5082 2375 5150 Male;
2436 5091 2691 5137 caeterum
2744 5083 2901 5138 codd.
2941 5081 3164 5137 ὲλάθετο
3206 5082 3325 5138 loco
3370 5083 3492 5138 ἔλα-

251 5149 393 5208 inter
417 5149 728 5218 Marcellum
755 5160 811 5204 et
853 5149 1162 5221 Eusebium,
1204 5153 1269 5206 de
1313 5152 1443 5206 locis
1488 5149 1809 5221 quibusdam
1921 5153 2029 5207 θεν.

254 5223 305 5278 in
329 5221 624 5289 Scripturis
652 5219 1015 5296 sacrosanctis
1043 5235 1325 5296 perperam
1369 5219 1675 5296 intellectis,
1705 5224 1812 5296 sal-

1917 5292 1931 5296 _
1988 5221 2101 5296 (67»)
2129 5221 2268 5291 Περὶ
2298 5221 2489 5296 Ἰησοῦ
2509 5219 2804 5296 Μωῦσέῳς
2832 5220 3134 5296 διαδόχου.
3158 5221 3247 5296 Ait
3265 5221 3490 5296 Marcel-

255 5301 360 5363 tem
392 5301 450 5343 ut
497 5298 685 5363 nostro
714 5289 1004 5363 videbatur
1044 5289 1293 5363 Eusebio,
1345 5308 1376 5345 a
1427 5292 1699 5363 Marcello.
1750 5293 1806 5348 ln
1917 5289 2244 5363 lum,l’ocutn
2265 5308 2308 5363 e_
2338 5292 2613 5363 Zachariae
2632 5293 2792 5363 tertio
2817 5293 3000 5363 capit.,
3023 5306 3168 5363 vers.
3192 5294 3241 5358 l,
3263 5293 3349 5356 ubi
3371 5295 3489 5363 agi-

255 5362 451 5433 qnibus
483 5357 798 5433 plerumque
828 5357 1138 5433 λεπτολογετῖ
1180 5363 1209 5412 ὁ
1256 5359 1817 5433 ξυγγραφεύςνειᾷϐθ

1924 5372 2013 5433 tur
2028 5363 2095 5416 de
2126 5360 2250 5416 Jesu
2281 5360 2558 5433 Josede_ci,_
2582 5360 2833 5433 pontiﬁce
2870 5357 3131 5433 i‘u_lsrael,
3162 5364 3214 5415 in
3243 5357 3433 5416 reditu'
3458 5380 3490 5418 e

255 5427 624 5502 lanacaprina
644 5428 844 5502 litigat.
880 5427 1160 5502 Concludit
1183 5427 1524 5502 autetu‘éum,
1553 5431 1645 5500 qui
1673 5431 1806 5486 adeo
1922 5432 2215 5501 Babylone,
2246 5433 2314 5485 ab
2356 5447 2419 5484 eo
2447 5431 2514 5502 de
2535 5427 2682 5484 Jésu.
2719 5427 2854 5484 Nam
2889 5431 3085 5502 Moysis
3117 5445 3487 5502 successorem

260 5497 540 5570 pueriliter
573 5497 948 5570 halluci‘netur,
993 5498 1210 5570 minime
1247 5497 1718 5555 audiendum'esse
1766 5503 1820 5555 in
1926 5497 2226 5568 acceptum.
2257 5503 2416 5556 Certe
2439 5500 2588 5553 valde
2623 5511 2742 5556 erat
2778 5497 3061 5556 Marcellus
3093 5500 3301 5570 ἠλίθιος
3322 5510 3378 5553 et
3401 5501 3487 5554 in-

253 5565 308 5639 et
339 5567 407 5639 de
443 5567 604 5639 rebus
639 5565 951 5639 theologicis
986 5569 1598 5639 disserentem._Textus
1641 5570 1714 5624 illi
1757 5571 1825 5624 de
1928 5565 2286 5634 fanti—ssitnus,
2317 5572 2362 5625 si
2392 5570 2443 5624 id
2468 5570 2540 5622 ita
2575 5571 2763 5625 volunt
2791 5571 2956 5625 verba
2991 5565 3252 5639 ejus'qua:
3293 5571 3489 5626 recitat

255 5635 548 5710 Scripturis
591 5633 728 5710 male
754 5633 955 5710 accepti
990 5647 1303 5710 sequuntur.
1339 5637 1486 5710 M.—-
1515 5639 1634 5710 Mox
1663 5640 1823 5710 vulgo
1931 5640 2045 5710 ipse
2067 5633 2349 5710 Eusebius,
2379 5655 2483 5694 non
2516 5640 2616 5710 hoc
2646 5641 2899 5695 evincunt
2934 5658 2946 5693 :
2978 5633 3322 5710 nequeleuim
3366 5649 3484 5694 sta-

255 5655 548 5704 δαψιιπιε
591 5655 728 5688 male
754 5655 955 5702 acceptt
990 5655 1047 5690 se
1089 5655 1303 5692 UUIIIUI'.
1339 5655 1486 5691 Ησ-ι
1515 5655 1634 5692 MO!
1663 5655 1749 5691 VIII
1791 5655 1823 5695 0

251 5720 362 5785 γιν.
399 5712 466 5785 e_t_
485 5703 782 5785 ἀρχιερέως
814 5703 931 5760 loco
955 5655 1104 5785 τοῦὲ.
1130 5716 1185 5760 et
1226 5704 1478 5785 ςιωσηδξκ
1504 5717 1556 5762 et
1583 5655 1822 5785 209962-

1931 5655 2045 5707 tpse
2067 5655 2349 5704 nusentus,
2379 5655 2483 5694 non
2516 5655 2616 5694 noc
2646 5655 2899 5695 evincunt
2934 5658 2946 5693 :
2978 5655 3148 5710 neque
3179 5655 3322 5693 enim
3366 5655 3476 5694 sta-

1930 5709 2046 5785 tim,
2072 5709 2162 5785 ubi
2189 5718 2375 5785 egerat
2406 5709 2471 5763 de
2515 5707 2640 5785 Jesu
2671 5710 2937 5785 pontiﬁce
2976 5713 3118 5785 apud
3156 5708 3476 5785 Zachariam

254 5772 376 5845 ϐηλ.
425 5772 596 5830 Porro
611 5772 694 5829 sin
738 5788 880 5828 corr.
917 5776 1005 5830 ed.
1054 5774 1115 5830 Ρ.
1153 5793 1173 5828 ι
1226 5775 1285 5830 L.
1321 5772 1595 5848 ἐννόησεν.
1634 5772 1667 5832 ι’
1692 5778 1809 5835 loco

1928 5779 2017 5834 illa
2045 5772 2330 5846 subitilcrt,
2361 5793 2481 5848 quae
2508 5772 2867 5837 calumniatur
2897 5772 3184 5840 Eusebius.
3215 5779 3481 5841 ὃτιαῠτδς
