4106 6398
665 366 766 419 755

1325 360 1413 419 El.)
1424 360 1590 417 SEBII
1631 358 2097 417 CESARIENSIS
2135 357 2219 415 ΟΡ

2325 355 2503 412 PARS
2537 355 2627 414 IV.
2664 386 2734 399 —
2770 352 3179 412 DOGMATICA.

3760 346 3864 401 756

664 478 771 532 rult
815 476 1103 541 miraculis,
1133 485 1250 531 erat
1295 476 1435 531 filius
1479 476 1643 540 Nave,
1671 478 1737 532 de
1762 476 1901 532 tribu
1932 474 2200 544 Ephrsim,

2312 472 2441 544 πρὸς
2475 472 2818 527 διδασκαλίαν
2848 473 2949 543 τῆς
2984 471 3240 526 ἀνωτάτω
3286 465 3593 535 θωλογιαςς
3628 463 3739 518 Καὶ
3775 446 3865 515 tu!

665 580 784 635 quae
817 566 985 621 tribus
1014 581 1134 621 cum
1188 566 1485 622 sacerdotio
1520 567 1653 621 nihil
1692 566 1879 621 habuit
1908 577 2206 620 commune.

665 654 951 720 Quocirca.
987 656 1079 722 qui
1130 652 1205 707 in‘
1232 668 1363 709 voce
1396 644 1501 708 tam
1529 654 1698 707 cuivis
1728 654 1884 709 obvia
1919 652 2208 714 aberravit,

656 732 721 799 et
745 744 941 801 nudam
972 744 1235 813 ignoravit
1270 744 1520 798 Historia:
1562 744 1780 809 seriem,
1826 759 1931 798 nou
1971 754 2142 813 potest
2161 744 2210 796 ei

667 840 783 887 tuto
824 836 957 889 satis
994 834 1123 889 lldes
1155 832 1398 887 adhiberi
1438 833 1488 885 in
1516 833 1670 888 rebus
1698 832 2033 913 theologicis,
2060 842 2114 888 et
2132 832 2214 887 di—

664 922 843 976 vlnam
866 923 1286 993 pertingentibus
1308 923 1687 991 cognitionem.
1731 922 1996 979 Debemus
2034 932 2211 977 autem

665 1022 721 1067 et
750 1014 800 1067 in
833 1013 990 1067 Petro
1030 1014 1276 1068 insistere
1300 1053 1315 1078 ,
1350 1013 1795 1081 quemadmodum
1844 1014 1908 1067 ad
1943 1013 2088 1067 illum
2132 1013 2213 1067 di-

666 1112 812 1155 ctnm
836 1102 928 1165 sit,
960 1101 1103 1157 Vade
1121 1114 1231 1168 post
1254 1120 1329 1157 me
1347 1143 1362 1168 ,
1394 1117 1619 1172 quaeque
1644 1104 1877 1158 nominis
1905 1104 2069 1169 illius,
2106 1104 2213 1159 Sa-

668 1200 828 1257 tante,
871 1192 945 1248 sit
974 1193 1363 1262 interpretatio.
1407 1194 1632 1262 Propter
1678 1194 1804 1263 quid
1841 1196 2004 1247 etiam
2035 1194 2101 1249 de
2127 1194 2215 1249 illo

668 1281 865 1335 dictum
892 1282 981 1347 sit,
1009 1282 1251 1336 scandan
1281 1282 1411 1335 mihi
1444 1299 1498 1337 es
1525 1292 1575 1337 et
1600 1284 1889 1351 offensioni.
1914 1282 1979 1337 Et
2001 1292 2216 1353 propter

669 1385 833 1440 quam
876 1374 1081 1427 tandem
1113 1372 1371 1427 rationem
1417 1372 1527 1438 iiat,
1562 1382 1620 1425 ut
1656 1371 1756 1426 sub
1782 1387 1886 1427 uno
1922 1381 1975 1427 et
2030 1370 2213 1426 eodem

670 1466 910 1528 tempore
937 1462 1024 1515 uni
1068 1470 1121 1514 et
1146 1460 1316 1514 eidem
1353 1448 1583 1524 dicatur,
1604 1459 1794 1514 Beatus
1826 1476 1879 1513 es
1919 1470 1999 1524 tu,
2033 1458 2214 1515 Simon

668 1548 940 1618 Barjona;
969 1560 1042 1615 et,
1069 1549 1205 1604 Vade
1234 1562 1348 1619 post
1378 1568 1480 1616 me,
1500 1550 1697 1606 Satana
1719 1551 1783 1604 ".
1806 1551 1939 1619 Quid
1953 1551 2217 1621 signiﬁcet

670 1638 822 1703 illud,
858 1638 1000 1693 Vade
1033 1650 1141 1709 post
1171 1657 1274 1707 me,
1320 1651 1375 1695 et
1407 1643 1547 1710 quod
1592 1642 1771 1697 statim
1813 1643 2084 1712 subiunxit
2108 1652 2161 1697 et
2184 1656 2215 1697 e

670 1731 897 1802 vestigio
928 1731 1202 1799 Servator,
1240 1732 1301 1786 Si
1332 1734 1446 1802 quis
1495 1734 1611 1785 velit
1641 1744 1752 1801 post
1784 1749 1862 1786 me
1900 1734 2091 1796 venire,
2120 1733 2213 1785 ab-

2306 562 2400 616 τοῦ
2440 562 2643 633 Πέτρου
2692 563 2748 616 δὲ
2779 562 3035 626 ὡσαύτως
3090 558 3377 629 ἐπιστῆσαι
3428 556 3545 611 δέον
3587 556 3669 617 τὸ,
3719 554 3868 614 ὅπως

2308 652 2496 723 ἐλέχθη
2530 653 2662 725 πρὸς
2692 654 2850 708 αὐτὸν
2878 653 2960 713 τὸ,
2999 653 3228 719 ’Ὕπαγε
3259 649 3448 702 ὀπίσω
3469 661 3618 716 μου·
3654 644 3749 697 καὶ
3781 639 3866 703 τίς

2309 745 2342 813 ἡ
2380 742 2493 796 τοῦ.
2519 742 2751 798 Σατανᾶ
2794 742 3051 813 ὀνόματος
3097 739 3387 811 ἑρμηνεία·
3417 736 3504 791 διὰ
3542 735 3597 789 τι
3638 733 3724 797 δι,
3771 736 3865 785 καὶ

2311 833 2599 887 σκάνδαλον
2632 834 2790 887 αὐτὸν
2823 830 3002 887 εἶπεν·
3038 831 3156 895 πῶς
3196 830 3254 883 δὲ
3294 829 3475 899 σχεδὸν
3522 826 3614 895 ὑφ’
3645 825 3743 878 ινα
3770 821 3865 876 καὶ

2308 923 2399 976 τὸν
2447 924 2605 978 αὑτὸν
2663 926 2850 996 καιρὸν
2897 924 2992 978 καὶ
3046 923 3140 987 τὸ,
3198 920 3496 989 Μακάριος
3543 918 3616 981 εἶ,
3671 916 3865 984 Σίμων

2308 1015 2594 1083 Βαριωνᾶ,
2636 1017 2771 1087 πρὸς
2838 1016 2995 1069 αὑτὸν
3058 1014 3271 1083 ἐλέγετο
3338 1012 3432 1065 καὶ
3490 1010 3578 1063 τό·
3636 1008 3864 1076 ’Ῑπατσ

2311 1106 2500 1158 ὀπίσω
2523 1122 2663 1174 μου,
2690 1104 2942 1170 Σατανᾶ,
2977 1105 3068 1159 καὶ
3102 1104 3186 1167 τίς
3230 1104 3263 1173 ἡ
3302 1102 3505 1155 διάνοια
3542 1098 3648 1152 τοῦ
3677 1097 3865 1150 ὀπίσω

2313 1194 2660 1260 πορεύεσθαι
2692 1194 2827 1264 (75),
2870 1192 2963 1247 τοῦ
3001 1193 3247 1264 Σωτῆρος
3276 1192 3343 1262 ἠν
3372 1190 3523 1262 παρὰ
3562 1188 3727 1251 πόδας
3769 1186 3866 1239 αὑ-

2310 1282 2401 1346 rb:
2429 1283 2715 1354 διεσάφησε
2750 1286 2983 1356 συνάψας
3011 1283 3135 1354 ἑξῆς
3164 1283 3244 1343 τὸ,
3279 1282 3351 1336 Et
3387 1298 3476 1346 τις
3499 1278 3656 1333 θέλει
3675 1278 3866 1330 ὀπίσω

2305 1393 2424 1445 μου
2451 1376 2649 1430 ἐπανθεῖν
2673 1375 3116 1445 ἀπαρνησάσθω
3137 1372 3350 1428 ἑαυτὸν
3368 1410 3382 1435 ,
3416 1369 3517 1425 καὶ
3545 1368 3735 1437 ἀράτω
3759 1366 3869 1420 τὸν

2313 1466 2575 1535 σταυρὸν
2608 1466 2812 1530 αὐτοῦ,
2862 1466 2959 1519 καὶ
3006 1463 3397 1520 ἀκολουθείτω
3427 1477 3555 1530 μοι·
3603 1459 3631 1511 ὃ
3677 1456 3742 1528 δὴ
3774 1455 3867 1509 καὶ

2313 1556 2457 1627 ἔργῳ
2490 1556 2812 1628 διεπράξατο
2857 1557 3049 1628 μικρὸν
3084 1555 3317 1624 ὕστερον
3354 1550 3515 1614 αὐτὸς
3558 1550 3587 1602 ὁ
3628 1548 3865 1619 Πέτρος,

2316 1648 2592 1718 μαρτυρῐῳ
2638 1647 2955 1710 τελειωθείς.
3018 1645 3178 1698 Ἀλλὰ
3227 1645 3319 1697 καὶ
3355 1640 3678 1711 ἐπιζητῆσαι
3726 1638 3864 1701 δέον,

2313 1738 2405 1788 ἐπὶ
2456 1740 2627 1801 ποίοις
2675 1738 2771 1808 μὲν
2824 1738 2984 1792 αὑτὸν
3032 1735 3382 1807 ὲμακάρισεν,
3442 1735 3535 1787 ἐπὶ
3590 1731 3763 1793 ποίοις
3809 1727 3866 1782 δι

668 1830 815 1890 neget
850 1832 1004 1875 semet
1034 1824 1222 1889 ipsum,
1261 1823 1468 1876 attollat
1495 1840 1642 1875 suam
1675 1840 1896 1885 crucem,
1931 1832 1975 1875 et
2024 1824 2098 1875 sic
2134 1838 2215 1876 se-

2316 1827 2461 1899 αὑτῷ
2510 1807 2839 1897 ἐπέπλήξεν;
2880 1828 2936 1881 '0
2974 1826 3053 1889 δὲ,
3102 1826 3287 1896 μηδενὶ
3332 1822 3536 1877 τούτων
3566 1837 3867 1893 προσεσχη-

667 1919 861 1978 tutatur
889 1911 1055 1963 me".
1088 1911 1238 1978 Quod
1279 1912 1450 1979 reipsa
1488 1910 1793 1979 adimplevit
1824 1911 1962 1965 idem
1996 1910 2083 1965 ille
2120 1910 2216 1965 Pe-

668 2006 808 2064 trus,
838 2015 957 2054 cum
1010 2001 1260 2071 deinceps
1300 2000 1559 2071 martyrio
1598 2008 2084 2056 consummaretur.
2111 1999 2217 2054 Sed

669 2086 1073 2154 disquirendum
1125 2098 1206 2144 est
1245 2091 1487 2154 omnino,
1528 2107 1639 2151 cur.
1676 2105 1794 2142 cum
1821 2091 1955 2144 adeo
1999 2089 2213 2143 beatum

672 2178 818 2234 hunc
876 2180 1360 2248 depraedicaverat,
1408 2193 1579 2238 tamen
1625 2184 1803 2237 statim
1856 2180 2221 2234 vehementius

669 2266 1028 2336 ohjurgaverit
1049 2270 1071 2323 ?
1093 2270 1289 2326 Horum
1322 2283 1565 2327 neutrum
1599 2287 1716 2325 cum
1740 2269 2017 2323 Marcellus
2045 2268 2222 2322 consi-

671 2355 905 2421 deraret,
936 2360 1000 2413 ad
1042 2361 1309 2416 diabolum
1362 2362 1645 2417 referenda
1675 2361 1761 2414 illa
1805 2360 1946 2414 dicta
1993 2372 2223 2425 pronun-

674 2444 845 2512 tiavit,
864 2458 1051 2502 contra
1077 2449 1366 2519 Scriptura:
1392 2452 1725 2505 manifestam
1745 2450 2043 2504 veritatem.
2079 2445 2213 2499 Num

672 2547 851 2592 autem
904 2541 1003 2596 hoc
1058 2545 1274 2597 unicum
1332 2544 1593 2617 ignoravit
1631 2543 1657 2595 Υ
1701 2543 1810 2596 lmo
1842 2540 2216 2611 progrediente

746 2696 789 2727 "
828 2696 1010 2753 Matth.
1036 2716 1145 2767 xw,
1181 2703 1271 2769 17,
1298 2702 1387 2759 23.
1464 2702 1508 2733 ³⁸
1538 2702 1668 2761 ibib.
1722 2707 1792 2764 24

710 2939 723 2951 ο
747 2867 855 2990 φτ)
894 2868 1001 2921 Kal
1026 2869 1133 2923 τοῦ
1165 2868 1449 2939 Σωτῆρος.
1486 2870 1608 2924 Haec
1636 2885 1738 2950 non
1766 2870 2052 2925 cohaerent.
2078 2870 2219 2956 Quid

711 2956 724 2990 I
779 2953 1016 2990 ezamus.
1053 2939 1146 2990 καὶ
1185 2940 1268 2990 τίς
1309 2943 1341 2990 ἠ
1386 2940 1589 2990 διάνοια
1625 2957 1741 2990 του.
1783 2940 1956 2990 ὀπίσω
2002 2956 2219 2990 mosus»

678 2939 733 3011 si
762 2939 1016 3011 legamus,
1053 2939 1146 3011 διαὶ
1185 2940 1268 3003 τίς
1309 2943 1342 3010 ἠ
1386 2940 1741 3011 διάνοιαίτοῦ,
1783 2940 1956 2993 ὀπίσω
2002 2939 2223 3011 trapetis»

678 3007 798 3061 σθαι
820 3005 922 3059 τοῦ
951 3007 1219 3079 Σωτῆρος,
1249 3011 1315 3079 ἣν
1332 3005 1497 3079 ’παρὰ
1523 3010 1705 3075 πόδας,
1732 3020 1861 3073 etc.,
1885 3005 2217 3079 nempe'Btd;

678 3094 827 3128 νοιαν
856 3085 967 3139 aut,
1014 3076 1153 3143 quod
1204 3076 1569 3131 secutus'sum
1613 3080 1664 3130 in
1694 3080 1955 3141 versione,
1983 3078 2075 3130 καὶ
2103 3076 2217 3137 τοῦ.

677 3144 706 3197 δ
746 3144 893 3215 παρὰ
936 3128 1109 3215 τὶόδξιςί
1133 3128 1346 3208 maga
1385 3128 1571 3215 satis
1615 3128 2061 3214 gestasres.
2090 3128 2225 3199 si;
2252 3128 2293 3185 C

678 3214 807 3283 Kal
826 3222 949 3283 ante
974 3214 1065 3283 τοῦ
1087 3214 1144 3267 Σ.
1178 3216 1343 3269 delevi
1374 3231 1494 3267 cum
1521 3214 1673 3269 codd.
1701 3218 1868 3281 Supra
1894 3215 2061 3283 vulgo
2081 3216 2227 3281 ἀξιο-

717 3282 871 3355 ρεῴς;
910 3280 1046 3355 Infra
1073 3283 1226 3349 vulgo
1253 3283 1590 3355 ἀκολουθήτω
1614 3294 1666 3337 et
1692 3283 1721 3336 ὃ
1747 3280 1803 3337 δέ
1825 3292 1877 3338 et
1902 3280 2009 3353 ἄρᾶ
2044 3280 2223 3354 (codd.

717 3298 871 3351 ρεως.
910 3298 1046 3334 lllll'a
1073 3298 1226 3349 vulgo
1253 3302 1262 3336 ι

678 3298 906 3423 ipsi.”
927 3359 978 3423 ej
1010 3352 1262 3423 ἐγεγςρμ-

749 3419 857 3488 (τι)
921 3418 1040 3485 Πρὸ
1095 3418 1217 3490 τῶν
1265 3422 1463 3490 ,λόγων
1516 3420 1869 3475 Ἐλισσαῖον.
1923 3420 2101 3489 Pergit
2159 3424 2225 3477 ad

681 3489 842 3562 aliam
885 3488 1285 3562 accusationem
1334 3488 1634 3562 Eusebius:
1671 3492 1721 3562 i_n
1770 3506 1872 3562 qua
1918 3490 2227 3562 λευκρτερον

678 3559 852 3627 adhuc
897 3558 1277 3625 sycophantam
1306 3561 1431 3627 agit.
1470 3559 1581 3612 Non
1616 3560 1760 3613 enim
1801 3559 1845 3613 is
1881 3562 1968 3627 qui
1995 3558 2224 3615 aﬁirinat

679 3626 926 3680 Elisamm
954 3627 1246 3681 suscitasse
1285 3626 1572 3690 murtuum,
1606 3637 1727 3682 ante
1774 3626 2223 3684 resurrectionem

678 3695 897 3757 Christi,
934 3702 1023 3746 aut
1042 3708 1176 3766 eum
1205 3698 1441 3755 omnium
1489 3696 1715 3765 primum
1744 3705 1903 3765 atque
1931 3698 2221 3766 principem

684 3773 973 3837 mortuum
994 3762 1056 3815 ad
1106 3765 1266 3837 vita_m
1315 3762 1598 3837 revocasse
1627 3783 1641 3819 :
1671 3776 1765 3819 aut
1800 3762 1865 3819 de
1898 3762 2008 3819 Elia
2044 3762 2221 3837 negat,

685 3846 790 3905 non
821 3831 892 3905 ait
924 3831 1069 3905 illum
1114 3832 1325 3905 πρῷτον
1368 3834 1611 3890 πάντων,
1634 3836 2031 3905 resuscitatum,
2063 3831 2221 3905 quem

682 3901 886 3983 reduxit
928 3901 979 3953 in
1009 3900 1167 3983 vitam
1190 3901 1593 3983 Elissaaus,‘sc-d
1629 3904 1917 3983 πρότερον;
1961 3906 2024 3983 ad
2061 3900 2223 3983 istum

685 3970 910 4043 modum
945 3977 1151 4043 poterat
1188 3980 1241 4022 et
1274 3970 1519 4043 Ιίιεῐῐιόε
1556 3970 1756 4026 Lazaro
1798 3970 2095 4035 intendere.
2124 3976 2219 4043 qui

680 4046 808 4091 ante
853 4037 1124 4091 Christum
1171 4046 1222 4091 et
1257 4053 1349 4105 per
1390 4040 1656 4094 Christum
1693 4043 2022 4106 resurrexit;
2051 4037 2224 4097 corri-

678 4107 849 4228 renda
892 4117 973 4159 est
1016 4116 1191 4186 autem
1243 4107 1401 4161 lectio
1444 4110 1643 4188 codicis
1668 4109 1897 4179 πρώτων
1932 4111 2124 4179 λόγων,
2159 4122 2216 4169 et

698 4177 978 4228 eaendum.
1027 4190 1237 4228 ποωτον
1286 4175 1457 4228 λέγων
1515 4176 1617 4228 lsm
1673 4178 1798 4228 Mss.
1859 4196 1981 4228 cum
2040 4182 2113 4228 ιρ.
2169 4189 2216 4228 el

695 4177 978 4243 agendum,
1014 4174 1237 4247 ,πρῶτον
1286 4175 1457 4247 λέγων
1515 4176 1617 4247 [sic
1673 4174 1798 4233 Mss.
1859 4174 2119 4245 cum'lc.
2169 4189 2223 4237 et

678 4258 865 4318 margo
931 4243 1110 4318 c_odd.,
1147 4245 1300 4318 _quod
1378 4243 1594 4318 recepi;
1656 4262 1815 4315 porro
1879 4248 2036 4318 vulgo
2072 4243 2217 4304 _om.

675 4311 771 4383 τὸν
789 4310 1163 4383 βοει-ξιιᾷλισσλ
1180 4310 1203 4365 ξ
1234 4324 1289 4365 ut
1319 4310 1593 4380 sequentia
1614 4310 1823 4371 docent.
1845 4310 2221 4372 DisséritMar-

2315 1916 2453 1981 κὼς,
2488 1918 2636 1971 ταῦτ’
2669 1918 2917 1989 εἰρῆσθαι
2960 1917 3092 1989 πρὸς
3128 1916 3219 1969 τὸν
3266 1914 3510 1969 διάὸολον
3551 1913 3868 1982 ἀπεφήνατο

2313 2005 2411 2075 τῆς
2439 2005 2659 2076 Γραφῆς
2692 2005 2962 2068 ἐναντίως.
2993 2000 3141 2073 *Αρα
3178 1998 3270 2057 οὖν
3313 2003 3470 2056 τοῦτο
3514 2001 3672 2072 μόνον
3708 1998 3869 2068 ἠγνό-

2316 2109 2475 2164 ησεν;
2517 2094 2646 2163 Οὐχὶ
2688 2093 2743 2146 δὲ
2794 2093 2889 2146 καὶ
2937 2091 3137 2161 προῖὼν
3181 2088 3353 2154 αὖθις,
3385 2090 3484 2159 τῆς
3524 2087 3869 2147 ἀναστάσεως

2315 2180 2406 2234 τοῦ
2455 2181 2699 2251 Σωτῆρος
2727 2181 2878 2252 ἡμῶν
2922 2180 3314 2251 μνημονεύσας,
3362 2179 3547 2232 ἔπειτα
3591 2174 3869 2247 βουληθεὶς

2313 2269 2500 2334 δεῖξαι,
2534 2272 2614 2323 ὄτι
2654 2270 2748 2323 καὶ
2784 2270 2890 2343 πρὸ
2934 2270 3095 2324 αὑτοῦ
3142 2270 3283 2324 κατὰ
3326 2270 3451 2333 τοὺς
3481 2268 3703 2339 χρόνους
3743 2267 3867 2329 τοὺς

2315 2362 2678 2431 προφητικοὺς
2725 2361 2944 2433 φέρεταί
2988 2379 3073 2426 τις
3120 2363 3184 2416 ὲκ
3225 2359 3430 2431 νεκρῶν
3477 2356 3865 2428 ἐγηγερμένος.

2319 2450 2477 2504 πάλιν
2517 2450 2789 2506 κάνταῦθα
2839 2453 3148 2522 σφάλλεται,
3183 2451 3293 2523 (74)
3328 2451 3538 2522 πρῶτον
3574 2449 3747 2517 λέγων
3778 2446 3865 2499 τὸν

2331 2541 2624 2596 Ἐλισσαῖον
2666 2544 2755 2597 τδν
2796 2545 3074 2617 προφήτην
3101 2547 3164 2598 ὲκ
3201 2542 3405 2615 νεκρῶν
3436 2542 3676 2613 ἐγεῖραιο
3708 2539 3865 2609 ἀγνο-

2326 2869 2419 2937 sed
2471 2868 2670 2922 factum
2708 2878 2915 2931 tamen;
2957 2870 3097 2922 unde
3134 2866 3518 2937 primogenitus
3542 2865 3652 2937 __sit
3694 2865 3864 2922 dictus

2324 2936 2526 3005 πάσης
2554 2938 2821 3004 κτίσεως.
2864 2938 2992 3001 lr‘no,
3026 2938 3195 3006 inquit
3217 2934 3776 3006 Marcellus,_Christus
3801 2950 3863 2989 eo

2327 3003 2487 3061 modo
2541 3008 2925 3076 primogenitus
2972 3003 3228 3061 creatum
3278 3006 3451 3059 omnis
3498 3003 3737 3065 dicitur,
3807 3014 3865 3058 ut

2328 3076 2508 3128 statim
2554 3076 2941 3143 primogenitus
2993 3085 3362 3139 mortuorum;
3406 3087 3510 3143 non
3556 3082 3641 3143 est
3684 3082 3861 3127 autem

2327 3145 2499 3197 dictus
2545 3141 2873 3199 mortuorum
2923 3144 3323 3212 primogenitus,
3356 3142 3495 3208 quod
3540 3141 3748 3209 primus
3779 3158 3862 3196 re-

2328 3213 2491 3266 dierit
2535 3228 2563 3266 a
2601 3223 2775 3267 morte
2804 3215 2868 3265 ad
2900 3214 3082 3273 vitam,
3123 3227 3243 3265 cum
3281 3212 3429 3265 multi
3472 3223 3537 3265 eo
3566 3212 3863 3266 anteriores

2328 3282 2626 3334 redierint:
2666 3291 2847 3349 utpote
2893 3280 3162 3345 Lazarus,
3210 3293 3267 3335 et
3306 3280 3377 3343 is,
3429 3280 3513 3334 vel
3554 3279 3650 3345 illi,
3677 3282 3768 3348 qui
3796 3279 3864 3334 ab

2328 3350 2545 3403 Elissaeo
2561 3352 2924 3406 suscitabantu
2934 3366 2977 3412 r,
2996 3351 3066 3402 ita
3085 3350 3579 3418 necprimogenitus
3592 3358 3864 3404 creatura-

2327 3434 2441 3471 rum
2472 3420 2689 3483 dicitur,
2724 3422 2863 3488 quod
2900 3429 3113 3488 creatus
3150 3417 3576 3488 quidem’fuerit,
3603 3421 3698 3472 sed
3732 3428 3863 3488 ante

2325 3488 2455 3541 alias
2484 3487 2774 3542 creaturas.
2800 3487 2933 3541 Hinc
2947 3487 3229 3541 eavillatur
3256 3487 3513 3542 Eusebius
3535 3488 3685 3556 quasi
3712 3487 3863 3541 dixe-

2325 3557 2393 3610 rit
2422 3556 2698 3612 Marcellus
2728 3559 2950 3624 primum
2969 3558 3201 3611 omnium
3222 3557 3494 3611 Elissteum
3513 3557 3861 3611 resuscitasse

2325 3636 2590 3679 mortuum
2620 3644 2632 3679 :
2659 3625 3012 3694 λεπτολογῶν,
3038 3637 3092 3680 et
3136 3627 3457 3696 syllabarum
3498 3635 3744 3694 captator
3774 3640 3861 3695 sy-

2327 3696 2705 3762 cophanticus;
2730 3696 2926 3749 omisso
2959 3696 3098 3762 quod
3136 3706 3252 3748 erat
3281 3704 3442 3764 caput
3472 3707 3488 3749 :
3522 3710 3713 3764 nempe
3738 3709 3858 3764 seu-

2324 3778 2408 3834 su.
2455 3774 2508 3817 et
2551 3766 2811 3818 sententia
2868 3765 3140 3833 apostolici
3188 3766 3314 3819 dicti
3346 3763 3360 3818 ξ
3390 3766 3531 3834 quod
3582 3763 3861 3834 Marcellus

2325 3833 2523 3902 dicitur
2564 3849 2685 3887 cum
2738 3834 3029 3888 Athanasio
3061 3833 3417 3902 exposuisse,
3454 3834 3525 3886 ita
3576 3842 3637 3887 ut
3686 3833 3861 3888 dictus

2324 3899 2487 3954 fuerit
2535 3904 2916 3971 primogenitus
2941 3945 2955 3968 ,
3006 3899 3322 3971 utrobique,
3361 3904 3501 3967 quod
3547 3904 3600 3956 in
3642 3916 3728 3966 eo,
3768 3916 3862 3971 per

2323 3984 2465 4043 eum,
2500 3971 2641 4024 illius
2670 3974 2739 4033 vi,
2771 3972 3028 4043 potentia,
3054 3971 3333 4043 majestate
3370 3982 3424 4025 et
3448 3971 3860 4043 επργείᾳιηοτ-

2327 4039 2400 4092 tui
2440 4039 2867 4103 resurrexerant,
2900 4041 3023 4094 licet
3071 4056 3137 4093 eo
3170 4042 3394 4107 priores.
3433 4039 3705 4096 Creatune
3731 4054 3857 4093 cou-

2323 4108 2594 4180 stiterant,
2631 4110 2723 4166 illo
2761 4111 3076 4173 anteriores,
3118 4111 3328 4165 scilicet
3358 4111 3532 4180 quoad
3562 4111 3855 4180 hominem,

2322 4178 2471 4243 cujus
2502 4189 2763 4252 respectu,
2792 4188 2846 4252 et
2875 4194 2999 4252 non
3029 4181 3182 4252 aliter
3215 4180 3317 4252 dici
3350 4178 3539 4252 debeat
3585 4179 3853 4252 πρωτότοτ

2320 4262 2437 4318 διος,
2474 4264 2578 4301 non
2617 4261 2673 4318 ut
2725 4249 2908 4301 Ariani
2953 4249 3426 4318 blasphemabaut,
3469 4249 3644 4303 etiam'
3685 4249 3856 4316 quoad

2319 4313 2595 4371 deitatem.
2630 4317 2764 4372 Vide
2800 4313 3083 4384 Albanas,
3106 4316 3257 4371 Orat.
3294 4334 3373 4381 tn,
3402 4328 3585 4372 contra
3610 4313 3854 4381 Arianos,

677 4379 863 4445 celius,
893 4379 1191 4457 Christuni_
1222 4396 1324 4457 non
1375 4386 1494 4436 ideo
1551 4385 1750 4457 dictum
1798 4388 2211 4455 primogenitum
2245 4450 2278 4457 _
2319 4397 2442 4457 Eax.
2488 4385 2613 4450 εει,
2641 4386 2766 4441 235.
2811 4379 3128 4456 Quanquam
3158 4397 3213 4440 et
3263 4379 3368 4441 alia
3410 4389 3616 4441 ratione
3646 4379 3857 4457 quoque

680 4461 1029 4513 mortuorum,
1054 4450 1192 4524 quod
1234 4452 1439 4519 primus
1483 4456 1715 4507 omnium
1742 4450 1817 4507 (ιε’
1838 4450 2005 4509 morte
2037 4457 2102 4508 ad
2130 4458 2209 4510 vi-
2244 4450 2288 4505 D
2319 4451 2565 4524 Christus
2586 4497 2601 4521 ,
2648 4450 3226 4517 mortuorum'dicatur
3269 4450 3680 4524 primogenitus:
3704 4450 3853 4519 Quod

680 4524 789 4591 tam
839 4521 1130 4571 resurrexit
1174 4535 1194 4591 7:
1234 4535 1356 4591 nam
1411 4533 1534 4574 ante
1565 4536 1706 4582 eum,
1735 4524 1925 4591 inquit,
1964 4524 2213 4580 Elissazus

680 4586 944 4657 πρότερον
984 4589 1320 4641 resuscitavit
1365 4600 1669 4644 mortuum:
1697 4586 1932 4646 Lazarus
1977 4596 2215 4647 surrexit

681 4655 1023 4729 auteipsius
1052 4659 1496 4729 resurrectionem
1527 4676 1541 4714 :
1579 4672 1633 4714 et
1665 4670 1900 4727 tempore
1949 4664 2213 4729 passionis

679 4723 848 4799 πολλὰ
878 4723 1099 4799 σώματα
1131 4724 1237 4799 τῷν
1270 4729 1676 4799 ῃεκοιμημένων
1695 4723 2011 4799 ἀνέστησαν.
2042 4733 2216 4799 Atque

681 4793 753 4846 ita
786 4804 932 4863 patet
969 4795 1235 4847 calumnia
1266 4793 1567 4851 Eusebia’t‘ta
1601 4800 1665 4851 de
1697 4793 1938 4854 Elissaeo.
1974 4800 2064 4853 Ait
2096 4793 2215 4854 tan-

679 4862 797 4913 tum
849 4862 1153 4927 Marcellus,
1203 4877 1323 4915 eum
1377 4876 1643 4920 mortuum
1693 4871 2043 4923 resuscitasse
2088 4878 2213 4924 ante

680 4932 986 4996 Christum;
1046 4946 1152 4984 non
1186 4932 1279 4995 ait,
1327 4932 1471 4986 illum
1516 4935 1748 4987 omnium
1809 4938 2058 4999 primum,
2106 4952 2211 4991 non

683 4951 986 4996 blll’lb‘lum;
1046 4951 1152 4984 non
1186 4951 1279 4995 ait,
1327 4951 1471 4986 tuum
1516 4951 1748 4987 omnium
1847 4952 2058 4999 mnum,
2106 4952 2211 4991 non

683 4998 795 5051 Elia
821 5002 1047 5067 priorem
1076 5007 1428 5071 resuscitasse
1472 5013 1756 5057 mortuum.
1793 4951 1942 5071 (good
1977 5006 2042 5059 ad
2071 5020 2213 5059 mor-

683 5077 805 5120 tuos
837 5071 1042 5132 attinet,
1075 5069 1125 5142 in
1161 5069 1470 5142 Evangelia.
1504 5080 1648 5126 certe
1670 5069 1952 5142 illud‘non
1994 5075 2215 5142 perinde

680 5146 1003 5205 excusatur:
1039 5138 1251 5205 etiamsi
1303 5138 1512 5193 locutus
1556 5143 1625 5193 sit
1665 5141 1944 5196 Marcellus
1994 5138 2135 5205 laxe,
2156 5145 2214 5197 ἐν

679 5204 757 5281 Σῷ
784 5204 956 5281 καιρῷ
974 5204 1063 5258 τοῦ
1086 5206 1303 5281 trabeae.
1335 5208 1556 5281 Constat
1583 5210 1734 5281 enim
1750 5226 1862 5277 eos,
1892 5215 2033 5281 quod
2066 5204 2213 5267 nutat

679 5273 962 5337 Eusebius,
997 5289 1101 5328 non
1135 5276 1232 5329 nisi
1267 5292 1385 5330 cum
1421 5277 1636 5332 Christo
1666 5273 1856 5333 saltent
1885 5273 2212 5335 resurrexis-

679 5358 757 5398 se.
798 5341 968 5396 Locus
998 5346 1235 5411 Apostoli
1269 5355 1370 5407 est,
1403 5345 1609 5402 Coloss.
1642 5364 1682 5410 I,
1718 5350 1804 5414 15,
1838 5351 1927 5403 ubi
1968 5350 2213 5405 Christus

678 5422 897 5484 vocatur
922 5414 1287 5484 πρωτότοκος
1318 5414 1519 5482 πάσης
1559 5418 1823 5484 κτίσεως.
1862 5418 1926 5472 Et
1956 5433 2095 5472 vers.
2126 5421 2208 5483 18,

678 5481 1042 5557 πρωτότοκος
1067 5482 1135 5534 ἐκ
1156 5483 1271 5557 τῷν
1287 5481 1532 5551 νεκρῶν.
1554 5484 1607 5537 ltt
1638 5488 1735 5541 loci
1766 5481 1919 5543 istius
1947 5481 2213 5557 interpre-

681 5551 910 5625 talione,
952 5552 1163 5625 videtur
1192 5553 1485 5625 Marcellus
1530 5556 1759 5609 Ariauos
1787 5551 2103 5625 pupugisse:
2135 5559 2211 5612 Illi

678 5620 817 5671 enim
853 5619 1121 5673 Christum
1154 5622 1274 5675 hinc
1312 5634 1611 5677 creaturam
1652 5619 1896 5679 volebant
1935 5619 2095 5679 statui
2146 5630 2212 5681 ab

679 5684 952 5763 onstolo,
980 5699 1102 5745 ante
1142 5690 1244 5746 alia
1286 5694 1486 5758 omnia,
1522 5694 1683 5748 etiam
1714 5696 1929 5765 angelos
1956 5695 2151 5752 factum
2188 5714 2202 5751 :

2317 4522 2518 4594 primus
2575 4528 2641 4579 ad
2706 4536 2964 4579 aeternam
3031 4526 3191 4578 vitam
3244 4522 3560 4580 resurrexit.
3621 4526 3859 4594 Surgens

2312 4591 2451 4644 enim
2478 4594 2541 4647 de
2568 4597 2814 4658 mortuis,
2854 4611 2957 4649 non
2982 4595 3177 4647 iterum
3208 4598 3452 4649 moritur.
3483 4595 3559 4649 llli
3589 4591 3765 4650 autem
3804 4598 3853 4649 in

2312 4660 2574 4741 pulveri;
2598 4678 2724 4717 suos
2752 4664 2968 4741 reversi
2995 4673 3237 4741 suntzet
3275 4665 3331 4741 in
3376 4665 3637 4733 sepulcris
3667 4678 3856 4741 exspe-

2312 4737 2459 4782 ctant
2502 4732 2702 4784 t‘uham.
2750 4732 2815 4785 Et
2863 4733 2985 4785 licet
3038 4732 3148 4797 illi,
3199 4735 3289 4802 qui
3345 4745 3462 4802 post
3510 4732 3857 4789 resurrectio-

2313 4809 2432 4873 nem
2460 4810 2834 4873 surrexerunt,
2864 4816 2969 4855 non
3003 4802 3113 4855 sint
3140 4800 3423 4873 reversi'in
3442 4803 3693 4873 pulveres
3710 4818 3851 4873 suos,

2312 4872 2489 4945 tamen
2523 4872 2685 4945 etiam
2706 4879 2954 4945 tempore
2993 4871 3320 4945 posteriores
3358 4870 3481 4927 sunt
3514 4872 3587 4945 illi
3618 4870 3854 4945 resurre-

2310 4937 2487 5012 c_tione
2516 4937 2717 5012 Christi
2750 4954 2763 4990 :
2801 4937 2941 5008 quod
2981 4937 3221 4995 disertim
3273 4950 3491 4997 notatur
3523 4943 3576 4995 iu
3616 4944 3853 5011 Evange-

2312 5000 2403 5056 lio.
2456 5009 2526 5059 Ita
2577 5009 2779 5076 primus
2818 5000 3059 5075 tempore
3094 5012 3328 5066 surrexit
3361 5012 3429 5065 ad
3479 5020 3737 5065 aeternam
3765 5000 3853 5066 Vi-

2313 5080 2438 5129 tam.
2471 5078 2583 5130 Non
2635 5079 2869 5131 surrexit
2916 5082 3118 5146 primus
3159 5090 3399 5148 tempore
3444 5080 3853 5144 ἁπολύτως,εσο

2309 5152 2484 5206 eundo
2508 5149 2761 5211 surrexit,
2790 5148 2903 5216 ipse
2930 5163 3025 5201 sua
3054 5158 3339 5216 potestate,
3369 5166 3474 5205 non
3505 5150 3697 5205 aliena.
3721 5150 3852 5204 Ter-

2311 5223 2404 5285 tio,
2435 5218 2488 5271 in
2524 5230 2609 5278 eo,
2635 5227 2689 5269 et
2718 5232 2812 5285 per
2848 5232 2967 5272 eum
3001 5219 3301 5273 resuscitati
3328 5232 3455 5274 sunt
3501 5220 3614 5282 alii,
3646 5221 3849 5274 excita-

2308 5289 2506 5343 buntur
2530 5299 2741 5358 omnes,
2767 5295 2826 5358 ut
2853 5286 3058 5358 merito
3100 5289 3487 5358 primogenitus
3521 5299 3849 5344 mortuorum

2309 5360 2635 5413 dicatur:et
2686 5352 2866 5409 Jacobi
2912 5356 3041 5409 illud
3091 5352 3307 5411 effatum
3358 5358 3428 5412 de
3481 5359 3709 5413 [iubens
3755 5372 3849 5412 suo

2310 5422 2731 5499 (Gen.“xt.tx,3),
2766 5424 3079 5499 humanitati
3130 5427 3332 5499 Christi
3386 5428 3465 5483 sic
3507 5430 3848 5499 applicemus,

2320 5494 2564 5568 Ῥουόίμ,
2607 5494 2972 5568 πρωξότοκός
3002 5512 3141 5563 μου,
3176 5497 3353 5563 ισχύς
3378 5514 3511 5563 μου.
3540 5494 3664 5553 ’λαὶ
3698 5496 3851 5568 mit

2308 5566 2529 5618 τέκνων
2558 5578 2698 5633 μου.
2729 5562 2888 5617 Certe
2927 5562 3017 5633 qui
3069 5575 3187 5632 post
3218 5562 3508 5630 Chrismm,
3544 5579 3601 5621 ut
3629 5562 3850 5622 comites

2310 5636 2454 5689 illius
2482 5630 2824 5695 ἀναστάσεως
2861 5630 3296 5699 τεεὶιττοὶετυηι,
3341 5637 3563 5691 iterum.
3620 5647 3679 5690 ut
3723 5638 3848 5691 tuihi

2314 5706 2550 5768 videtur,
2584 5705 2779 5756 mortui
2809 5716 2914 5758 non
2944 5715 3089 5760 sunt.
3132 5704 3252 5762 llaec
3284 5716 3366 5762 est
3395 5709 3694 5762 communis
3722 5707 3846 5774 opi-
