4106 6416
251 394 355 451 757

1367 379 1647 441 CONTRA
1680 380 2106 439 IARCELLUH
2144 381 2276 440 LIB.
2316 382 2361 441 ι.

3387 384 3495 444 738

256 509 412 583 Quae,
441 509 517 572 ὡς
543 507 637 562 καὶ
660 507 765 579 πρὸ
801 503 1101 559 Ἐλισσαίου
1137 501 1321 566 Ἠλίας
1344 503 1375 556 ό
1402 501 1574 573 μιγας
1598 500 1691 575 τὸν
1711 500 1815 572 τῆς

1934 509 2168 556 aontextu
2204 500 2471 557 orationis
2507 513 2643 566 suc.
2687 501 2964 557 mentione
2997 501 3064 558 de
3088 499 3389 560 Salvatoris
3413 521 3505 561 re-

254 601 428 673 χήρας
475 599 588 651 υίδν
619 594 952 650 ἀποθανόντα
989 592 1302 662 ἀνέστησεν,
1351 590 1428 654 ὡς
1459 590 1582 644 εστι
1627 588 1822 661 μαθείν

255 693 320 747 tat
343 690 445 763 τῆς
469 688 654 760 τρίτης
676 685 783 738 τῶν
809 682 1119 738 Βασιλειῶψ
1139 684 1168 735 ό
1191 682 1249 735 δι
1272 681 1364 734 καὶ
1385 680 1530 735 τοῦτ’
1551 681 1824 751 ἀγνοήσας

257 782 526 853 φαίνεται,
551 779 617 832 δι’
649 773 724 830 ὧν
749 774 899 829 ταῦθ’
929 773 1071 828 οὕτω
1101 772 1300 844 γράφει
1319 788 1332 802 ·
1370 791 1388 823 ι
1431 772 1506 825 Οὐ
1537 771 1694 842 μόνον
1713 769 1824 823 τοί-

263 890 283 924 ι
323 887 421 924 νυν
452 871 551 940 τῆς
576 865 768 935 καινῆς
793 864 1023 926 κτίσεως
1052 861 1394 934 πρωτότοκον
1418 861 1578 912 αὐτὸν
1609 861 1638 912 ό
1663 857 1822 911 ’Λπό-

266 979 288 1014 ι
330 957 511 1021 στολος
547 951 684 1009 εἶναί
721 967 903 1024 φησιν,
956 949 1091 1005 ἀλλά
1141 948 1236 1003 καὶ
1266 946 1604 1018 πρωτότοκον
1635 945 1702 998 εκ
1733 960 1821 996 νε-

265 1069 284 1102 ι
325 1049 507 1122 κρῶν,
539 1046 606 1099 δι’
639 1045 790 1099 οὐδὲν
829 1042 1015 1114 ῑτερον
1047 1039 1171 1111 ιμοὶ
1207 1039 1405 1100 δοκεῖν,
1439 1037 1553 1091 ἀλλ’
1602 1036 1688 1089 ἵνα
1734 1033 1821 1088 διὰ

267 1163 285 1195 ι
323 1140 417 1195 τοῦ
454 1136 796 1210 πρωτοτόκου
828 1133 939 1188 τῶν
967 1130 1175 1204 νεκρῶν
1207 1129 1338 1200 (74),
1365 1130 1513 1190 ὅπως
1551 1126 1646 1180 καὶ
1675 1141 1824 1197 πρω-

268 1244 287 1278 ι
325 1227 540 1288 τότοκος
581 1223 795 1292 ἀπάσης
831 1221 1060 1280 κτίσεως
1106 1217 1347 1293 εἴρηται,
1387 1213 1694 1285 γνωσθῆναι
1732 1213 1822 1266 δυ-

268 1332 288 1365 ι
327 1312 482 1386 νηθῇ.
511 1313 585 1365 οὐ
615 1310 724 1381 γὰρ
748 1312 812 1363 εκ
832 1306 1038 1380 νεκρῶν
1061 1306 1257 1375 ἀνέστη
1281 1304 1490 1375 πρῶτος
1511 1305 1542 1356 ό
1561 1302 1823 1371 δεσπότης

266 1425 286 1458 ι
325 1403 481 1475 ἡμῶν
522 1399 726 1473 Ἰησοῦς
765 1399 1032 1470 Χριστὸς,
1064 1395 1176 1451 ἀλλ’
1219 1397 1248 1448 ὁ
1283 1395 1350 1448 δι’
1395 1392 1692 1447 Ἐλισσαίου
1728 1391 1820 1445 τοῦ

267 1514 287 1549 ι
324 1494 603 1565 προφήτου
633 1489 890 1552 ἀναστὰς,
918 1489 1114 1559 ἀνέστη
1143 1487 1426 1559 πρότερος.
1444 1486 1554 1539 Kal
1573 1484 1824 1556 Λάζαρος

267 1606 286 1640 ι
325 1586 430 1659 πρὸ
472 1585 573 1654 τῆς
622 1581 787 1638 αὐτοῦ
829 1581 1175 1649 ἀναστάσεως
1208 1579 1408 1647 ἀνέστη
1431 1617 1446 1641 ,
1493 1577 1586 1630 καὶ⁵
1636 1578 1694 1629 ἑν
1745 1575 1824 1645 τῷ

269 1698 287 1730 ι
328 1676 504 1750 καιρῷ
517 1674 610 1729 τοῦ
630 1671 832 1735 πάθους
853 1671 1020 1725 πολλά
1039 1669 1263 1740 σώματα
1277 1669 1386 1721 τῶν
1411 1667 1824 1738 κεκοιμημένων

267 1789 286 1822 ι
325 1770 640 1838 ἀνέστησαν.
685 1783 703 1816 ι
747 1762 854 1817 Καὶ
891 1761 1049 1816 τοῦτο
1091 1761 1147 1813 δὲ
1191 1759 1516 1831 ἀθεωρήτως
1544 1758 1690 1810 δοκεῖ
1733 1774 1823 1828 μοι

1921 589 2257 646 surrectione
2282 589 2501 658 injecta,
2520 590 2716 645 docere
2745 604 3034 661 aggressus
3054 601 3161 656 est,
3187 601 3318 647 ante
3346 591 3497 651 illum

1921 677 2280 742 incsrnatum,
2311 678 2412 734 sub
2461 677 2792 748 temporibus
2828 677 3239 748 prophetarum,
3290 681 3498 738 dictum

1921 779 2059 829 esse,
2090 779 2120 818 a
2168 767 2392 820 mortuis
2424 765 3084 835 quemdam-suscitatum.
3135 769 3192 822 In
3228 768 3332 824 hoc
3378 770 3500 838 qui-

1921 855 2042 910 dem
2076 855 2192 925 ipso
2219 857 2438 926 egregie
2471 855 2857 912 hallucinatur.
2891 856 2981 911 Ait
3007 858 3152 912 enim
3181 859 3497 928 prophetam

1920 946 2193 1012 Elisaaum,
2212 956 2479 1001 mortuum
2508 949 2743 1018 primum
2764 950 3031 1004 excitasse
3061 964 3078 1002 :
3110 950 3364 1019 ignorans
3392 951 3501 1005 sci-

1920 1036 2067 1104 licet,
2096 1043 2155 1102 iis
2191 1039 2356 1092 Etiam
2382 1038 2526 1093 illum
2559 1041 2855 1094 maximum
2876 1081 2892 1106 ,
2918 1038 3110 1094 Elisco
3153 1037 3320 1094 fuisse
3352 1040 3502 1109 prio-

1922 1143 2061 1193 rem,
2097 1139 2150 1182 et
2179 1128 2350 1184 vidua:
2379 1128 2546 1184 litium
2573 1131 2639 1186 de
2669 1130 2897 1185 mortuis
2929 1131 3260 1186 suscitasse:
3295 1133 3441 1201 quod
3467 1145 3502 1187 ο

1924 1219 2240 1273 tertiolibro
2271 1219 2578 1290 Regnorum
2605 1235 2938 1293 cognoscere
2968 1222 3260 1288 poterat”.
3280 1221 3502 1292 ignora.

1922 1309 2016 1364 bat
2046 1320 2227 1366 autem
2263 1310 2364 1366 boc
2395 1313 2590 1381 ipsum,
2619 1322 2678 1365 nt
2705 1323 2948 1382 apparet,
2976 1328 3098 1367 cum
3131 1312 3363 1368 disertis
3378 1325 3502 1367 ver-

1921 1396 2004 1452 bis
2043 1398 2115 1452 ita
2161 1401 2363 1453 scribat
2404 1418 2422 1451 ι
2461 1400 2573 1456 Non
2609 1400 2736 1471 :[R.
2769 1400 2856 1473 IL]
2899 1401 3238 1456 solummodo
3276 1399 3487 1453 Printe-

1928 1506 1948 1539 ι
1994 1490 2228 1558 genitum
2282 1500 2542 1545 creatura:
2582 1491 2798 1546 noua“
2837 1492 2986 1545 illum
3016 1491 3153 1547 dixit
3184 1489 3498 1560 Apostolus,

1928 1598 1948 1631 ι
1991 1595 2178 1634 verum
2197 1581 2358 1635 etiam
2381 1591 2437 1635 et
2458 1582 2520 1634 de
2543 1584 2762 1636 mortuis
2778 1582 3184 1652 primogenitum
3201 1580 3246 1613 ⁸¹
3267 1598 3282 1635 :
3300 1595 3404 1636 non
3427 1581 3503 1637 οδ

1929 1689 1948 1721 ι
1995 1671 2153 1724 aliam
2185 1682 2334 1728 certe
2363 1687 2603 1740 causam,
2635 1681 2695 1727 ut
2721 1673 2933 1727 videtur
2960 1673 3114 1735 mihi,
3146 1686 3306 1741 quam
3340 1681 3399 1726 ut
3429 1673 3498 1735 is,

1931 1779 1948 1810 ι
1996 1763 2086 1830 qui
2114 1763 2292 1817 omnis
2328 1772 2592 1819 creaturae
2636 1763 3024 1833 primogenitus
3054 1764 3272 1827 dicitur,
3303 1761 3502 1816 intelli-

259 1827 558 1916 τεθεικέναι
581 1857 609 1908 ὁ
637 1854 948 1925 Μάρκελλος
965 1869 979 1882 ·
1014 1851 1156 1920 λέγω
1179 1851 1235 1904 δὲ
1260 1849 1320 1903 τὸ
1340 1827 1370 1900 τι
1394 1827 1570 1906 ’πολλά
1598 1827 1822 1919 σώματα

1934 1870 1951 1901 ι
1997 1827 2155 1922 gatur
2175 1862 2228 1907 et
2245 1854 2310 1908 de
2335 1855 2564 1909 mortuis
2587 1827 2708 1910 esse
2731 1827 3139 1922 priinogenitus.
3159 1853 3274 1908 Non
3299 1854 3500 1907 etenim

260 1951 369 2006 τῶν
420 1946 830 2019 κεκοιμημένων
859 1945 1029 2013 ἁγίων
1075 1942 1181 2013 πρὸ
1223 1938 1386 1995 αὐτοῦ
1440 1939 1754 2010 ὲγηγὲρθαι.
1796 1958 1815 1990 s

261 2042 338 2097 οὐ
367 2040 477 2112 γὰρ
507 2038 802 2112 προσέσχεν
831 2037 926 2109 ὅλῃ
957 2037 1023 2106 τῇ
1056 2032 1148 2086 τοῦ
1183 2031 1510 2100 Εὑαγγελίου
1541 2034 1724 2102 γραφῇ
1747 2031 1823 2084 δι-

260 2131 551 2202 δασκούσῃ.
588 2130 668 2182 ὅτι
715 2127 851 2200 μετά
892 2126 989 2196 τὴν
1023 2123 1205 2186 αὑτοῦ,
1250 2123 1320 2175 τά
1351 2121 1456 2175 τῶν
1494 2122 1663 2190 ἀγίων
1691 2123 1821 2194 ἐγή-

261 2239 450 2296 γερται
485 2220 729 2292 σώματα.
764 2218 958 2288 Εὖροις
987 2217 1031 2269 δ’
1060 2215 1125 2269 ἂν
1155 2215 1316 2269 αὑτὸν
1339 2213 1703 2284 σφαλλόμενον
1733 2214 1824 2267 καὶ

261 2316 320 2369 ιν
349 2316 416 2385 τῇ
459 2311 553 2365 τοῦ
584 2308 934 2366 ἀποστολικοῦ
979 2307 1138 2379 ῥητοῦ
1188 2306 1420 2360 ἐκθέσει.
1484 2306 1541 2358 '0
1587 2305 1685 2376 μὲν
1715 2305 1824 2376 γὰρ

263 2404 403 2466 θεῖος
442 2400 789 2465 Ἀπόστολος,
836 2399 1120 2468 Ῥωμαίοις
1160 2395 1383 2465 γράφων
1404 2434 1418 2458 ,
1453 2394 1579 2447 τάδε
1626 2394 1786 2464 φησίν
1807 2411 1819 2422 ·

273 2492 700 2563 Ἆςρωρισμένος
739 2492 825 2555 εις
851 2489 1205 2557 εὐαγγέλιον
1249 2484 1418 2547 Θεοῦ,
1465 2484 1496 2537 ὃ
1529 2498 1822 2553 προεπηγ-

237 2585 498 2653 γείλατο
552 2580 650 2634 διὰ
695 2578 814 2632 τῶν
864 2577 1181 2646 προφητῶν
1232 2575 1419 2629 αὑτοῦ
1458 2576 1528 2628 ὲν
1561 2576 1828 2643 Γραφαῖς

263 2676 457 2744 ἁγίαις
496 2671 628 2740 περὶ
667 2669 775 2724 τοῦ
813 2669 944 2723 υιοῦ
987 2667 1172 2722 αὐτοῦ
1202 2667 1307 2721 τοῦ
1345 2667 1710 2736 μονογενοῦς
1760 2668 1828 2720 ἐκ

263 2759 600 2828 σπέρματος
645 2756 824 2810 Δαϐὶδ
877 2756 1026 2809 κατὰ
1067 2755 1290 2824 σάρκα,
1335 2755 1441 2808 τοῦ
1489 2755 1828 2822 ὁρισθέντος

265 2850 397 2903 υιοῦ
447 2848 593 2902 Θεοῦ
629 2847 700 2900 ἐν
731 2846 979 2914 δυνάμει
1018 2846 1167 2901 κατὰ
1200 2845 1440 2914 Πνεῦμα
1471 2847 1826 2914 ἁγιωσύνης.

279 2939 336 2992 '0
361 2938 437 3001 δὲ,
470 2939 570 2992 οὐκ
602 2934 740 3000 οῐδα,
774 2937 902 3008 ποίᾳ
931 2937 1165 3008 διανοίᾳ,
1217 2935 1494 2989 κάνταῦθα
1523 2937 1830 3007 διαστρέφει

266 3031 364 3102 τὴν
405 3029 763 3099 ἀποστολικὴν
803 3027 976 3093 λέξιν’
1030 3028 1150 3081 ἀντὶ
1189 3026 1282 3080 τοῦ
1332 3027 1672 3094 ὁρισθέντος
1717 3028 1830 3096 (75)

269 3119 496 3188 ποιήσας
527 3116 1000 3186 προορισθέντος,
1031 3117 1096 3168 ἵν’
1185 3116 1382 3186 ὁμοίως
1409 3120 1521 3178 τοῖς
1550 3117 1686 3169 κατὰ
1703 3118 1834 3188 πρό-

268 3227 468 3278 γνωσιν
506 3208 929 3279 προορισθεωιν.
959 3207 1117 3274 Λέγει
1161 3205 1252 3260 οὖν
1296 3207 1435 3259 κατὰ
1467 3206 1612 3270 λέξιν
1661 3208 1831 3261 οὖτω’

275 3319 294 3351 ι
337 3301 549 3370 Ὥσπερ
587 3294 678 3351 οὖν
727 3297 824 3366 τὴν
875 3296 1198 3366 Ἐκκλησίαν
1233 3296 1397 3350 πάλαι
1437 3297 1780 3368 προωρίσατο
1808 3300 1837 3350 ό

277 3409 296 3442 ι
342 3389 731 3458 παντοκράτωρ
757 3385 908 3449 Θεὸς,
936 3385 1076 3438 οὕτω
1109 3389 1201 3438 καὶ
1227 3387 1325 3456 τὴν
1353 3387 1492 3439 κο.τά
1537 3388 1711 3455 σάρκα
1741 3386 1834 3439 τοῦ

277 3498 297 3533 t
337 3479 572 3550 Χριστοῦ
598 3478 907 3547 οἰκονομίαν
928 3493 941 3506 ⁸
975 3476 1038 3528 δι’
1069 3472 1128 3530 οὗ
1151 3477 1211 3529 τὸ
1241 3478 1346 3529 τῶν
1371 3476 1634 3530 θεοσεῦῶν
1659 3478 1832 3544 γένος,

279 3588 298 3621 ι
345 3573 422 3633 είς
449 3569 714 3622 υἱοθεσίαν
745 3567 969 3619 καλέσαι
998 3568 1357 3638 προωρίσατο,
1389 3568 1650 3638 πρότερον
1679 3567 1838 3638 θεμε-

283 3680 300 3712 ι
338 3659 530 3722 λιώσας
543 3662 599 3712 ὲν
611 3661 676 3728 τῇ
696 3657 857 3709 αὑτοῦ
870 3656 1092 3726 διανοίᾳ.
1109 3656 1206 3708 Διά
1219 3656 1371 3708 τοῦτο
1391 3659 1419 3708 ὁ
1435 3656 1745 3718 Ἀπόστολος
1761 3655 1838 3726 τῷ

282 3771 300 3805 ι
341 3753 478 3820 ἁγίῳ
494 3750 768 3820 Πνεῦματι
792 3747 974 3816 σαφῶς
991 3747 1367 3819 προαγορεύει,
1381 3745 1474 3798 τοῦ
1499 3747 1838 3817 προορισθέν-

282 3861 303 3894 s
342 3860 430 3905 τος
449 3843 575 3894 Υἱοῦ
599 3841 753 3901 Θεοῦ,
777 3839 983 3906 λέγων.·
1001 3857 1018 3889 ι
1040 3840 1147 3892 Kal
1175 3834 1326 3901 αὖθίς
1346 3852 1505 3907 φησιν
1529 3839 1584 3890 ἐν
1611 3839 1831 3907 ἑτέρως’

285 3953 303 3986 ι
347 3929 512 3995 Οὗτός
535 3934 646 3985 ἐστι
667 3948 735 3983 πε
746 3933 794 3999 pl
816 3925 875 3981 οὗ
907 3933 934 3981 ὁ
951 3929 1157 3993 Παῦλος
1187 3931 1288 3998 ἔφη
1315 3929 1405 3981 τοῦ
1429 3929 1836 3999 προορισθέντος

287 4043 303 4073 ι
345 4022 472 4075 Υίοῦ
493 4022 646 4074 Θεοῦ.
663 4043 680 4074 s
708 4023 816 4074 Kal
842 4019 1072 4074 ἐνταῦθα
1096 4020 1160 4090 δὴ
1181 4022 1241 4072 οὐ
1264 4023 1358 4091 τὴν
1385 4020 1527 4084 λέξιν
1555 4021 1719 4090 μόνην
1745 4020 1842 4089 τὴν

284 4111 638 4181 ἀποστολικὴν
657 4110 1037 4180 παρέφθειρεν,
1056 4110 1190 4162 ἀλλά
1206 4111 1297 4162 καὶ
1314 4110 1413 4179 τὴν
1429 4110 1659 4162 διάνοιαν
1676 4109 1842 4179 αὐτὴν

286 4203 371 4255 διὰ
406 4202 506 4271 τῆς
549 4201 862 4272 προσθήκης
905 4201 1015 4268 (76)
1059 4202 1157 4268 τῆς
1191 4201 1284 4253 τοῦ
1323 4201 1478 4268 λόγου
1516 4199 1842 4269 προθέσεως.

299 4293 524 4360 Ἀδελφά
561 4293 614 4345 δὲ
642 4291 850 4354 τούτοις
879 4291 1151 4360 πράττων.
1187 4291 1286 4352 τῖς
1327 4291 1652 4352 Ψαλιιωδίας
1690 4307 1841 4359 περι-

359 4389 418 4446 ty
459 4384 555 4438 Ed.
589 4382 782 4447 Paris.,
812 4397 930 4450 pag.
965 4381 1050 4434 12.

351 4513 767 4584 “lllReg.xvn,
798 4513 885 4566 22.
977 4513 1255 4568 ".Culoss.
1284 4530 1320 4578 ι,
1352 4514 1441 4571 15.
1516 4513 1557 4545 ³³
1590 4514 1718 4568 ibid.
1755 4513 1819 4568 18

1936 4525 2053 4582 poe.
2086 4525 2123 4574 ι,
2164 4510 2215 4564 5.

1931 1962 1950 1993 ι
1996 1945 2062 1997 de
2117 1946 2338 1999 mortuis
2385 1955 2510 1999 ante
2573 1944 2707 1999 alios
2752 1959 2939 1999 omnes
2994 1947 3199 2014 primus
3262 1943 3505 1998 surrexit

1933 2051 1951 2082 ι
1993 2032 2239 2088 Christus
2289 2035 2568 2098 Dominus,
2594 2050 2781 2088 verum
2823 2035 2971 2104 prior
3013 2044 3328 2088 surrexerat
3375 2041 3504 2088 ante

1934 2142 1952 2174 ι
1997 2140 2118 2178 eum
2167 2126 2213 2180 is
2245 2141 2407 2195 quem
2459 2126 2721 2196 propheta
2773 2125 2998 2180 Elisteus
3031 2125 3348 2180 suscitabat.
3394 2123 3504 2181 Sed

1933 2233 1951 2266 ι
2002 2225 2056 2268 et
2084 2225 2208 2269 ante
2258 2218 2711 2272 resurrectionem
2759 2217 2877 2287 ejus
2912 2225 3031 2272 erat
3061 2216 3299 2271 Lazarus
3325 2216 3501 2270 susci-

1934 2324 1953 2356 ι
2000 2315 2162 2362 tatus.
2212 2307 2282 2360 Et
2322 2323 2430 2375 quo
2469 2318 2708 2377 tempore
2761 2308 2813 2361 in
2850 2322 3012 2363 cruce
3056 2322 3249 2377 passus
3304 2307 3503 2371 fuerat,

1935 2415 1954 2448 ι
2005 2397 2296 2452 multorum
2345 2409 2656 2453 sanctorum
2709 2415 2971 2468 corpora,
3007 2401 3098 2468 qui
3133 2399 3506 2454 obdormisce-

1937 2506 1955 2538 ι
2001 2489 2171 2551 bant,
2223 2490 2596 2559 resurgebant.
2648 2508 2668 2541 ι
2723 2489 2876 2556 Quod
2937 2489 3238 2545 inconsulto
3291 2489 3544 2548 videtur.

1932 2578 2217 2633 Marcellus
2261 2581 2506 2648 posuisse
2542 2599 2556 2635 :
2591 2596 2816 2649 corpora
2853 2581 2938 2634 illa
2992 2594 3186 2652 nempe
3232 2581 3507 2635 dormien-

1934 2670 2064 2723 tium
2103 2680 2410 2724 sanctorum
2462 2681 2587 2726 ante
2641 2672 2916 2726 Christum
2968 2671 3352 2726 resurrexisse.
3397 2669 3508 2726 Nec

1934 2759 2228 2828 Scriptura:
2257 2762 2578 2815 sententiam
2601 2762 2861 2832 integram
2885 2763 3342 2829 attendebat,qua
3374 2777 3504 2816 con-

1934 2859 2038 2904 stat
2073 2852 2185 2906 batc
2233 2865 2460 2920 corpora
2519 2853 2908 2919 resurrexisse,
2959 2863 3245 2921 postquam
3282 2852 3396 2920 ipse
3442 2853 3509 2906 de

1937 2941 2157 2995 mortuis
2190 2943 2544 2996 resuscitatus
2570 2944 2886 2997 exstitisset.
2921 2941 3159 2997 Ulterius
3188 2952 3241 2996 et
3273 2943 3326 2995 in
3360 2941 3508 2996 dicto

1937 3032 2165 3098 quodam
2200 3031 2515 3101 apostolico,
2560 3033 2834 3086 invenitur
2874 3034 3017 3086 idem
3049 3047 3175 3086 esse
3203 3031 3510 3086 hallucina-

1940 3131 2044 3174 tus.
2085 3119 2308 3174 Divinus
2325 3122 2611 3188 Apostolus
2650 3122 2702 3175 in
2735 3121 2819 3174 illa
2861 3123 2928 3175 ad
2968 3121 3236 3176 Romanos
3265 3123 3334 3174 ita
3374 3122 3511 3177 scri-

1939 3212 2020 3264 bit
2059 3226 2072 3262 :
2106 3209 2391 3279 Separatus
2436 3214 2489 3265 in
2534 3212 2879 3284 Evangelium
2919 3213 3032 3279 Dei,
3066 3216 3206 3284 quod
3242 3214 3360 3282 jant
3391 3226 3512 3269 ante

1938 3302 2246 3368 promiserat
2290 3318 2381 3370 per
2426 3304 2703 3371 prophetas
2753 3322 2877 3357 suos
2920 3306 2974 3357 in
3009 3303 3304 3364 Scripturis
3341 3320 3517 3358 sacro-

1937 3391 2153 3456 sanctis,
2194 3393 2257 3443 de
2306 3389 2447 3445 Filio
2494 3395 2656 3461 ipsius
2694 3396 2959 3462 unigenito
2992 3411 3018 3448 ε
3047 3396 3242 3448 semine
3298 3393 3513 3447 Daoidis

1938 3482 2221 3534 secundum
2270 3498 2500 3546 carnem,
2541 3486 2632 3553 qui
2687 3486 3056 3554 designabatur
3097 3483 3274 3537 Filius
3321 3484 3415 3538 Dei
3459 3486 3515 3536 in

1942 3572 2127 3624 virtute
2171 3574 2452 3625 secundum
2501 3577 2747 3641 spiritum
2790 3575 3226 3641 sanctiﬁcationis
3247 3575 3309 3626 ³¹.
3341 3573 3515 3640 Quam

1945 3661 2030 3713 ille
2091 3662 2449 3724 sententiam,
2481 3678 2587 3730 qua
2637 3672 2814 3716 mente
2865 3664 3067 3724 nescio,
3115 3664 3211 3717 sed
3257 3662 3519 3730 pervertit

1941 3766 2092 3806 sane.
2122 3751 2274 3822 Legit
2298 3752 2439 3806 enim
2481 3754 2532 3807 in
2568 3764 2710 3808 textu
2746 3755 3070 3823 apostolico,
3102 3755 3518 3826 προορισθέντος

1948 3861 1964 3891 ι
2002 3843 2264 3910 praevism
2286 3852 2339 3897 et
2374 3862 2391 3894 ι
2416 3845 2847 3914 pnedesignato;
2891 3864 2908 3895 ›
2945 3845 3034 3913 qui
3069 3846 3345 3906 debuerat,
3397 3845 3516 3911 ὀρι-

1943 3933 2178 3998 σθέντος,
2209 3935 2523 3998 constituto,
2566 3945 2618 3990 et
2645 3937 3032 3996 determinato;
3080 3953 3096 3985 ι
3132 3936 3184 3988 in
3216 3951 3338 3989 eum
3367 3949 3518 3988 nem-

1942 4040 2006 4093 pe
2032 4026 2215 4091 iinem,
2253 4035 2311 4079 ut
2347 4026 2674 4096 intelligatur
2709 4027 2878 4082 Filius
2918 4042 3070 4091 esse,
3114 4042 3180 4080 eo
3217 4027 3374 4081 modo
3413 4039 3521 4093 quo

1943 4124 2068 4167 sunt
2101 4115 2174 4167 illi
2211 4116 2299 4184 qui
2345 4130 2442 4184 per
2469 4117 2864 4186 prtescientiam
2897 4118 3268 4186 designantur.
3297 4114 3376 4166 Ad
3401 4126 3521 4166 ver-

1945 4204 2072 4258 bum
2131 4207 2351 4271 idcirco,
2406 4209 2476 4260 ita
2512 4207 2700 4262 scribit
2735 4228 2746 4260 :
2787 4226 2803 4258 ι
2843 4207 3303 4272 Quemadmodum
3358 4203 3524 4271 igitur

1908 4293 1922 4299 '
1954 4310 1971 4342 ι
2018 4293 2328 4369 Ecclesium
2350 4310 2501 4350 suam
2529 4297 2807 4363 prmvisam
2831 4297 3172 4364 omnipotens
3195 4295 3523 4365 designavit,

2293 4510 2337 4541 ³⁸
2371 4507 2527 4564 Rom.
2556 4527 2592 4576 ι,
2619 4511 2669 4564 1.

287 4681 379 4733 nio
409 4685 669 4740 veterum,
697 4685 920 4744 excepto
950 4673 1375 4746 TheOphylacto,
1406 4683 1460 4727 et
1495 4674 1831 4746 interpretun

1951 4671 2218 4746 φαίνεται.
2254 4670 2570 4746 Mox_vulgo
2590 4675 2864 4746 πρότερον
2892 4681 2946 4728 et
2982 4671 3121 4725 infra
3151 4671 3253 4742 τὴν
3289 4671 3384 4725 τοῦ
3423 4672 3526 4727 αὐ-

291 4749 676 4812 recentiorum,
709 4757 765 4799 ut
796 4743 1135 4798 (lectissimus
1175 4743 1511 4797 Maldonatus
1543 4745 1722 4802 docet,
1755 4759 1843 4796 co-

290 4820 450 4871 miles
478 4816 685 4868 scilicet
718 4816 984 4868 reservari
1027 4815 1290 4880 triumpho
1319 4813 1392 4865 illi
1447 4815 1500 4866 in
1546 4812 1698 4866 οωιιε
1727 4812 1844 4880 glo-

290 4889 456 4940 riOSu.
491 4887 738 4951 quando,
781 4894 835 4934 ut
881 4883 1111 4950 loquitur
1156 4879 1543 4946 Nazianzenus,
1578 4879 1848 4950 παρατρέ-

290 4953 648 5026 χοντεςηκαὶ
697 4952 1211 5026 παραπεμπόμενοι,
1271 4951 1504 5026 ᾄσμασιν
1561 4952 1848 5026 ἐπινικίοις

293 5021 703 5094 ἔπανη-ίύριζον.
764 5026 941 5094 ίξεηιξ,
993 5022 1193 5094 κατέϐη
1247 5022 1439 5094 μόνοςζ
1466 5021 1697 5094 lgnatius
1747 5021 1843 5094 ait,

292 5089 463 5162 ἀνέϐη
485 5089 552 5145 δὲ’
578 5091 715 5162 μετά
751 5091 1028 5142 πλειόνων.
1061 5089 1359 5158 Utrumque
1400 5090 1760 5144 Tertullianus
1791 5089 1844 5142 in

296 5160 630 5216 Carminibus
655 5160 726 5213 ait
759 5178 772 5211 :

435 5253 586 5311 Illos.
616 5267 716 5304 non
747 5249 973 5302 tumulos
1011 5258 1209 5301 certum
1233 5258 1305 5300 est
1334 5248 1577 5315 repetisse
1606 5247 1812 5299 silentes

436 5323 694 5386 Amplius,
721 5332 809 5372 aut
835 5332 985 5371 terra:
1019 5319 1231 5370 retineri
1260 5320 1451 5370 viscere
1485 5318 1717 5369 clausos.

299 5434 404 5488 Sed
440 5446 743 5485 mensuram
800 5430 1108 5484 excedimus
1163 5429 1600 5482 Adnotationum.
1627 5428 1852 5480 Videtur

297 5503 506 5572 legend.
529 5503 578 5552 in
601 5501 789 5572 Euseb.
813 5502 885 5572 Οὐ
909 5499 1062 5572 μόνον
1079 5499 1253 5572 τοίνυν
1272 5499 1367 5568 τῆς
1389 5498 1569 5572 κοινῆς
1599 5497 1847 5572 κτίσεως,

301 5565 430 5635 etin,
459 5580 515 5622 ut
543 5571 768 5637 explicet
815 5565 938 5620 illud
965 5570 1158 5638 πάσης.
1192 5569 1258 5620 Et
1288 5565 1404 5619 niox
1435 5585 1447 5619 :
1479 5565 1611 5638 ὅπερ
1644 5565 1850 5638 meane

299 5640 393 5762 ἑοῦ
422 5635 756 5761 saginanam;
791 5640 966 5706 πάσης
1022 5635 1244 5700 κτίσεως
1282 5638 1511 5708 εἴρηται,
1545 5635 1850 5706 γνωσθῆναι

336 5728 428 5762 mm
467 5727 520 5762 η.

336 5727 520 5779 υννυῃ.
553 5727 601 5761 Μ

376 5749 487 5846 ('i/t)
520 5779 681 5847 Vulgo
705 5778 840 5844 ὅπερ
864 5786 916 5832 et
950 5776 1126 5847 πάσης
1158 5775 1276 5832 loco
1309 5777 1405 5830 ἀπ.
1440 5776 1559 5832 dcin
1606 5774 1710 5845 Mp.
1753 5790 1844 5844 γρ.

1949 4741 2042 4795 τοῦ
2077 4751 2129 4793 et
2161 4741 2318 4807 ἀφορ.
2355 4743 2432 4803 είς
2460 4742 2519 4792 τὸ
2551 4741 2706 4810 εὐαγ.

2017 4811 2130 4881 (75)
2162 4810 2428 4877 Ποιήσας
2475 4809 2951 4878 προορισθέντος.
3004 4811 3233 4862 Accusat
3285 4811 3519 4867 Marcel-

1943 4879 2076 4944 lum,
2110 4881 2414 4948 depravatae
2458 4884 2738 4948 scriptura:
2789 4881 3142 4946 apostoliczez
3180 4882 3334 4934 tals-0.
3382 4883 3519 4936 Nam

1944 4954 1995 5006 in
2013 4956 2306 5006 variantetn
2324 4950 2469 5002 illam
2487 4949 3201 5019 Seripturainproculdubio
3226 4953 3514 5009 inciderat.

1942 5021 2018 5076 Ita
2063 5025 2206 5076 enim
2262 5020 2313 5072 in
2348 5020 2572 5072 diversis
2613 5021 3012 5088 exemplaribus
3060 5021 3186 5072 olim
3215 5023 3517 5088 legebatur.

1943 5093 2018 5145 Ita
2057 5096 2107 5145 in
2140 5091 2250 5143 suis
2300 5089 2501 5141 invenit
2557 5090 2899 5144 ﬁdelissimus
2939 5089 3201 5150 omnium,
3237 5101 3290 5142 et
3319 5093 3523 5145 doctis-

1945 5164 2115 5214 simus
2164 5170 2315 5212 vetns
2361 5159 2631 5226 lnterpres
2694 5172 2904 5218 noster,
2948 5161 3038 5226 qui
3099 5161 3262 5211 vertit
3293 5157 3518 5214 Pra'de-

1945 5234 2197 5293 stinatus,
2227 5231 2297 5280 ita
2348 5227 2473 5292 legit
2521 5229 2848 5296 Epiphanius
2877 5235 3061 5280 contra
3096 5227 3519 5293 Theadatianos,

1946 5300 2018 5353 ita
2047 5301 2159 5360 alii,
2195 5309 2249 5350 et
2293 5298 2379 5350 hic
2429 5298 2590 5350 etiam
2642 5299 2904 5352 Eusebius
2955 5297 3269 5350 cavillator.
3295 5328 3365 5339 —
3398 5298 3522 5353 Mox

1945 5369 2101 5437 vulgo
2151 5383 2367 5487 προοὲη
2424 5367 2546 5418 dein
2604 5369 2796 5420 ἀποστ.
2831 5369 2886 5419 ἐν
2931 5366 3010 5437 τῷ
3049 5369 3137 5429 μη
3171 5382 3335 5436 porro
3361 5369 3522 5438 vulgo

1947 5438 2054 5487 ὲντ.
2082 5437 2136 5487 δέ
2162 5451 2214 5487 et
2248 5455 2283 5487 υ.
2316 5451 2412 5487 νην
2445 5437 2540 5487 ἀπ.
2572 5448 2626 5487 et
2657 5438 2959 5487 ἐπάκουσον
2981 5437 3130 5487 γοῦν.

1947 5438 2054 5489 ὲντ.
2082 5437 2136 5489 δέ
2162 5451 2214 5488 et
2246 5437 2412 5506 μόνην
2445 5437 2540 5489 άπ.
2572 5448 2626 5490 et
2657 5438 2959 5489 ἐπάκουσον
2981 5437 3130 5503 γοῦν.

2023 5507 2129 5577 (76)
2172 5506 2285 5574 Τῆς
2340 5505 2445 5577 τοῦ
2493 5507 2678 5574 ,λόγου
2721 5507 3077 5575 προθέσεως.
3121 5509 3187 5559 At
3230 5506 3525 5577 ηιξολόγον

1951 5576 2147 5648 adjecit
2172 5576 2455 5648 Marcellus
2472 5614 2487 5639 ,
2516 5593 2612 5648 nec
2639 5589 2724 5630 est
2747 5577 2900 5644 λόγος
2919 5578 3196 5648 πρόθεσις)
3217 5578 3308 5630 sed
3331 5576 3523 5648 ονομα.

1950 5644 2254 5720 Legendnm
2299 5646 2460 5720 igitur
2507 5645 2594 5699 διὰ
2636 5649 2734 5719 τῆς
2769 5644 3103 5718 προσθήκης,
3131 5645 3230 5715 τῆς
3272 5646 3368 5700 τοῦ
3417 5644 3527 5720 πρὸ

1952 5715 2278 5786 προθέσεως.
2312 5715 2359 5769 Μ
