4106 6424
207 443 312 500 ἠδ

1339 431 1625 490 CONTRA
1663 429 2093 490 IARCELLUI
2128 429 2264 487 LIB.
2307 428 2348 485 ι.

3350 434 3460 492 ’146

217 585 235 616 1
272 581 372 628 την
428 561 669 636 Μηδείας
712 561 960 634 ἀνευρεῐν
1000 559 1276 632 μάχαιραν
1295 597 1311 624 ,
1365 557 1460 612 καὶ
1506 556 1644 628 αὐτῇ
1694 572 1791 610 τυ-

1899 571 1920 606 ι
1963 562 2167 609 terram
2192 565 2392 608 eruens
2413 590 2429 617 ,
2463 550 2613 607 iilum
2645 550 2962 618 ledeanum
2988 553 3298 628 detegebat,
3355 570 3467 630 quo

215 661 241 708 <
280 654 517 799 ῗπῖῗιιδὶ
545 743 626 808 τὸ,
654 742 828 809 Ἅλις
870 738 1072 812 δρυὸς,
1103 738 1392 811 σημαίνει;
1419 735 1552 808 φησί
1589 751 1694 800 τις·
1729 735 1790 789 οὐ

221 850 242 885 1
279 833 393 907 γὰρ
423 834 648 890 δυνατὸν
678 836 746 888 ἑκ
763 830 861 886 τοῦ
883 830 1174 905 προχείρου
1191 826 1516 900 γιγνώσκειν
1529 827 1630 899 τὴν
1651 843 1791 896 παρ-

221 941 244 977 ι
280 925 486 997 οιμίαν.
515 925 581 978 Οί
613 924 856 991 παλαιοὶ,
883 924 962 989 ὡς
983 924 1218 993 ιφασαν,
1252 919 1360 995 πρὸ
1389 919 1502 990 τῆς·
1521 919 1617 974 τοῦ
1644 918 1790 972 σίτου

222 1034 244 1068 ε
281 1015 582 1087 γεωργίας.
631 1013 1160 1088 βαλανηφαγοῦντιςν
1193 1011 1405 1083 iw“).
1434 1010 1511 1075 ὡς
1539 1009 1729 1081 inm.
1762 1011 1793 1062 ὁ

220 1126 243 1160 1
284 1107 497 1179 καρπὸς
520 1100 678 1173 οὗτος
705 1108 932 1181 ὕστερον
960 1105 1183 1179 εὑρέθη.
1217 1104 1411 1174 ἰκτίνῳ
1435 1102 1791 1175 προσέχοντες

223 1214 243 1250 ε
279 1199 374 1252 τὸν
419 1198 543 1253 νοῦν
582 1199 676 1254 καὶ
712 1201 782 1272 τῇ
829 1197 1100 1271 μεταϐολῇ
1141 1193 1561 1268 προσχαίροντις
1578 1234 1594 1257 ο
1629 1193 1794 1256 Ἅλις

222 1305 244 1339 1
283 1287 488 1356 δρυὸς,
523 1289 732 1360 ελεγον.
776 1289 886 1348 Καὶ
915 1287 1075 1343 τοῦτο
1113 1287 1212 1359 τὴν
1257 1284 1556 1357 παροιμίαν
1586 1282 1792 1352 ιφασαν

219 1395 244 1430 1
280 1373 439 1435 εἶναι.
477 1376 643 1446 Αὖθίς
684 1396 746 1434 τε
790 1379 982 1451 ἑτέρας
1019 1376 1352 1449 παροιμίας,
1395 1374 1502 1429 ὑπὸ
1527 1373 1794 1428 πλείστων

220 1487 246 1524 1
281 1470 392 1525 ὠν
420 1473 550 1546 παρ’
576 1472 764 1537 αὐτοῖς
791 1471 970 1543 σοφῶν
1001 1473 1061 1526 ιν
1088 1469 1362 1532 πλείστοις
1393 1468 1488 1522 καὶ
1516 1467 1794 1540 διαφόροις

219 1576 246 1614 1
281 1558 507 1632 βιϐλίοις
545 1561 863 1636 εἰρημένης,
897 1563 1020 1616 τίνα
1069 1561 1198 1633 περὶ
1236 1558 1404 1630 αὐτῆς
1433 1558 1791 1630 γεγράφασιν,

219 1670 246 1707 1
279 1652 330 1706 οί
369 1652 472 1718 τὰς
504 1654 804 1727 παροιμίας
849 1651 1179 1726 ιρμηνεῦσαι
1205 1649 1592 1724 ’προελόμενοι,
1629 1649 1796 1717 ἀναγ-

220 1761 242 1796 1
283 1746 438 1799 καῖον
479 1744 593 1818 (88)
637 1747 696 1799 ιν
741 1744 820 1816 τῷ
860 1745 1082 1817 παρόντι
1116 1743 1502 1816 μνημονεύσω.
1545 1741 1682 1795 ’ω’
1727 1742 1793 1795 ἵν’

219 1852 243 1888 1
276 1835 586 1910 ωγξωμεν
623 1837 920 1910 Ἀστέριον,
969 1837 1062 1891 καὶ
1091 1836 1200 1890 ἀπὸ
1243 1835 1352 1889 τῶν
1395 1833 1594 1900 ἔξωθεν
1632 1834 1795 1889 αύτδν

219 1945 241 1980 1
285 1928 627 2001 μαθημάτων
657 1930 835 1985 είδότα
870 1931 969 2001 μιν
1009 1927 1253 2001 ἀκριϐῶς
1279 1928 1342 1981 τὸ
1371 1929 1472 1999 τῆς
1497 1927 1795 2000 παροιμίας

220 2035 242 2071 ι
279 2021 574 2094 ιξαίρετον,
594 2021 731 2078 ιν-δι
750 2020 828 2093 τῷ
847 2021 1074 2094 παρόντι
1099 2020 1324 2090 ἄγνοιαν
1339 2019 1794 2092 προσποιηθέντα,

218 2128 244 2164 ε
282 2110 372 2168 ῐνα
406 2111 470 2166 τὺ
513 2110 708 2168 ἑαυτοῦ
745 2111 990 2184 βούλημα
1021 2110 1114 2166 διὰ
1137 2111 1237 2181 τῆς
1268 2107 1364 2164 τοῦ
1395 2108 1796 2182 παροιμιώδους

221 2221 242 2256 ι
281 2203 447 2276 ῥητοῦ
485 2205 733 2277 χρήσεως
758 2203 996 2268 πιθανῶς
1018 2198 1449 2266 κατασκευάζειν
1470 2201 1617 2275 δόξῃ.
1639 2201 1795 2254 Ἔστι

221 2305 243 2340 1
279 2288 360 2357 δὶ,
393 2290 680 2346 Γλαύκου
709 2289 914 2363 τέκεν-η’
936 2289 1140 2362 ταύτης
1175 2291 1224 2344 οί
1255 2287 1454 2355 ιξωθεν
1497 2291 1652 2360 σοφοὶ
1695 2289 1796 2360 τῆς

216 2400 244 2434 1
280 2382 580 2455 παροιμίας
609 2381 1083 2454 μνημονεύσαντες
1105 2383 1378 2455 διαφόρως
1407 2381 1576 2454 αὐτὴν
1600 2379 1797 2454 ἐξηγήο

219 2491 244 2526 1
279 2490 461 2530 σαντο.
508 2475 568 2530 '0
603 2475 705 2546 μὲν
745 2473 854 2548 γὰρ
889 2473 1070 2528 αὐτῶν
1107 2491 1192 2539 τις
1224 2473 1328 2544 ιφη
1349 2514 1364 2538 ,
1406 2471 1647 2527 Γλαῦκόν
1674 2489 1796 2526 τινα

221 2582 243 2618 1
282 2566 624 2638 ἑπιστήμονα
653 2565 850 2638 τέχνης
877 2563 1020 2630 τινος
1061 2563 1341 2635 γεγονότα,
1384 2563 1592 2624 πολλῶν
1627 2559 1795 2618 οὖσαν

221 2675 244 2709 1
280 2656 761 2730 θαυμασιωτάτην,
792 2655 1085 2712 ἀπολέσθαι
1120 2658 1238 2728 ἅμα
1259 2654 1396 2727 (88')
1425 2656 1618 2728 ἐκείνῳ
1658 2657 1796 2710 κατὰ

224 2767 244 2800 ι
284 2749 578 2816 θάλατταν,
607 2749 831 2823 μηδενός
860 2766 947 2804 πω
968 2749 1318 2823 διακηκοότος
1350 2748 1540 2820 αὐτῆς.
1571 2749 1794 2819 Ἕτερος

220 2860 244 2894 1
281 2841 361 2906 δὲ,
391 2841 492 2914 τὴν
515 2842 601 2896 ἔπ’
627 2842 796 2915 ἄκρον
828 2841 1096 2914 μουσικῆς
1126 2841 1414 2913 ιμπειρίαν
1438 2841 1794 2912 μαρτυρήσας

219 2948 246 2984 1
281 2929 360 3001 τῷ
409 2929 664 3002 Γλαύκῳ,
715 2931 844 2995 τοὺς
897 2928 1438 2994 κατασκευασθέντας
1484 2930 1579 2983 ὑπ’
1627 2928 1792 2984 αὑτοῦ

222 3037 246 3073 ι
287 3020 505 3086 δίσκους
546 3018 778 3092 χαλκοῦς
820 3034 952 3090 φησι
996 3018 1288 3091 τέσσαρας,
1315 3017 1450 3092 πρὸς
1471 3017 1534 3071 τὸ
1579 3015 1792 3087 ἔμμελῆ

224 3129 246 3162 ι
284 3127 409 3166 τινα
438 3111 538 3183 τῆς
581 3109 857 3184 κρούσεως
898 3110 998 3182 τὴν
1034 3109 1353 3182 συμφωνίαν
1392 3109 1502 3162 τῶν
1541 3107 1794 3178 φθόγγων

220 3221 245 3256 1
284 3203 595 3258 ἀποτελεῖν·
632 3202 785 3256 ἐνθεν
815 3219 875 3256 τε
908 3200 1156 3274 εἰρῆσθαι
1183 3201 1284 3275 τὴν
1313 3200 1634 3274 παροιμίαν.
1663 3199 1793 3252 ’Δλ-
1820 3236 1861 3292 C

223 3312 244 3347 1
281 3294 373 3358 λος
418 3294 477 3359 δέ
517 3312 602 3358 τις
653 3294 1018 3351 ’Λλυαττικῶν
1065 3293 1422 3365 ἀναθεμάτων
1460 3293 1623 3364 φησὶν
1663 3294 1792 3347 ἀνα-

217 3404 243 3439 1
282 3385 494 3440 κεῖσθαι
540 3384 796 3458 κρατῆρα
842 3387 938 3440 καὶ
994 3385 1398 3458 ύποκρατήριον
1451 3383 1750 3455 Θαυμάσιον
1773 3426 1788 3450 ,

221 3496 242 3531 ι
285 3476 528 3531 Γλαύκου
561 3475 694 3530 Χίου
725 3474 954 3547 ποίημα.
1001 3476 1227 3547 Ἕτερος
1251 3475 1329 3541 δι,
1362 3473 1602 3529 Γλαῦκον
1628 3473 1792 3528 αὐτὸν

217 3586 244 3622 ε
278 3570 558 3625 ἀναθεῖναι
582 3571 662 3634 είς
703 3568 937 3640 Δελφοὺς
961 3568 1193 3640 τρίποδα
1231 3566 1485 3640 χαλκοῦν,
1517 3565 1663 3621 οὕτω
1691 3567 1791 3638 δη-

217 3681 242 3715 1
281 3665 688 3736 μιουργήσαντα
728 3663 842 3726 τοῖς
884 3661 1104 3733 παχέως
1146 3677 1206 3714 τε
1270 3659 1631 3732 κρουομένου,
1666 3658 1794 3722 τούς

221 3775 243 3810 ι
279 3772 340 3809 τε
368 3755 556 3818 πόδας,
600 3753 686 3824 ἐφ’
733 3745 812 3807 ὧν
845 3752 1066 3824 βέϐηκε,
1124 3753 1219 3807 καὶ
1261 3753 1355 3806 τὸν
1396 3751 1510 3806 ἄνω
1549 3750 1793 3822 περικεί-

191 3865 243 3900 .‹
283 3864 462 3918 μενον,
494 3847 588 3900 καὶ
618 3848 719 3919 τὴν
746 3845 1016 3918 στεφάνην
1053 3844 1150 3917 τὴν
1178 3845 1270 3899 ἐπὶ
1305 3845 1399 3899 τοῦ
1424 3843 1667 3916 λέϐητος,
1696 3845 1792 3899 καὶ

213 3958 243 3991 1
278 3938 378 4018 τᾲς
429 3938 654 4010 ῥάϐδους
691 3937 782 3992 διὰ
828 3938 992 4010 μέσου
1036 3935 1404 4008 τεταγμένας,
1458 3935 1789 4006 φθέγγεσθαι

222 4047 244 4081 1
280 4029 446 4101 λύρας
478 4031 648 4101 φωνῇ.
682 4029 792 4082 Καὶ
820 4024 976 4091 αὖθις
1004 4028 1211 4099 ιτερος,
1239 4027 1348 4081 ἀπὸ
1376 4026 1616 4080 Γλαύκου
1647 4027 1790 4090 τινὸς

218 4139 244 4174 s
284 4121 532 4189 δόξαντός
571 4140 624 4176 τι
658 4120 818 4175 πλέον
849 4119 1202 4192 πεποιηκέναι
1225 4119 1478 4193 εἰρῆσθαι
1517 4118 1616 4190 τὴν
1650 4136 1790 4190 παρ-

219 4231 244 4265 ε
282 4214 487 4286 οιμίαν.

289 4528 315 4563 1
359 4510 520 4582 Ὁρᾷς
540 4509 672 4581 (89),
703 4510 850 4573 ὅταιις
877 4509 939 4563 τὸ
963 4508 1220 4580 δυσχερὶς
1245 4509 1347 4582 τῆς
1369 4513 1665 4582 παροιμίας
1695 4513 1789 4566 καὶ

1831 1899 1922 1973 Br

1898 664 1917 697 ι
1955 643 2358 702 immolabatur.

1967 753 1987 788 1
2021 735 2092 791 At
2127 733 2256 803 quid
2279 733 2383 790 hoc
2412 728 2681 824 sibiasult,
2705 733 2913 804 inquiet
2933 735 3154 807 aliquis,
3171 734 3253 800 De
3271 753 3468 808 ςκετεα

1899 846 1918 878 1
1956 826 2124 882 satis!
2143 824 2259 882 Non
2286 835 2371 882 est
2399 824 2562 896 κους
2581 825 2754 880 cuivis
2774 826 2969 882 obvius
2995 826 3222 906 hujusce
3248 843 3468 901 prover~

1899 937 1917 968 1
1959 917 2032 973 hii
2079 931 2291 974 sensus.
2327 910 2500 972 Prisci
2541 915 2620 971 illi
2665 917 2960 986 quondam,
3011 928 3137 976 ante
3167 920 3467 993 agricultu-

1903 1025 1920 1057 1
1967 1021 2082 1061 ram
2133 1006 2507 1072 adinventam,
2537 1004 2827 1078 glandibus
2872 1010 3262 1077 vescebantur.
3303 1010 3466 1076 Post-

1898 1117 1917 1150 ε
1958 1113 2119 1168 quam
2171 1113 2302 1154 vero
2348 1097 2532 1170 fruges
2605 1099 2856 1170 deinceps
2920 1102 3193 1172 prodiere,
3225 1106 3467 1162 animo

1901 1209 1918 1240 ι
1966 1189 2116 1244 hisce
2173 1188 2508 1260 applicantes
2560 1189 2812 1245 dixerunt
2862 1189 3263 1260 oblectati,,Ds
3309 1212 3470 1267 quer-

1900 1304 1918 1333 ι
1961 1298 2026 1335 ce
2051 1283 2202 1335 satis.
2256 1281 2432 1352 Atque
2495 1282 2635 1336 hunc
2685 1297 2806 1338 esse
2862 1293 3095 1340 mentem
3142 1297 3200 1343 et
3249 1301 3469 1346 seruen-

1901 1390 1918 1420 ι
1960 1372 2090 1424 tiam
2157 1373 2427 1442 proverbii
2496 1373 2802 1443 prodidere.
2875 1372 3109 1432 Necesse
3175 1391 3354 1438 autem
3413 1384 3469 1440 in

1900 1481 1920 1511 ί
1957 1464 2206 1532 praesenti
2261 1463 2562 1532 habemus,
2630 1465 2858 1520 alterius
2915 1466 3193 1537 cujusdam
3246 1488 3472 1542 prover-
3566 1477 3576 1487 ‘

1901 1573 1920 1607 1
1960 1557 2029 1611 bii
2084 1547 2410 1611 mentionem
2454 1555 2634 1611 facere
2665 1598 2682 1623 ,
2728 1560 2872 1627 quod
2930 1559 2982 1614 in
3047 1561 3234 1618 multis
3289 1575 3347 1620 et
3394 1566 3474 1622 di-

1905 1666 1923 1698 ι
1963 1648 2134 1704 versis
2161 1649 2480 1705 auctoribus
2524 1649 2730 1705 Graecis
2783 1652 3122 1710 habetur:et
3148 1657 3278 1726 quid
3305 1660 3471 1717 etiam

1902 1758 1922 1789 1
1961 1741 2026 1794 de
2087 1740 2277 1794 eodem
2352 1741 2427 1795 illi
2497 1745 2776 1797 memoriae
2837 1746 3145 1813 prodidere.
3212 1749 3331 1806 Non
3401 1755 3475 1811 ob

1904 1849 1920 1880 ι
1961 1830 2120 1885 aliam
2146 1846 2387 1893 causam,
2424 1848 2585 1902 quam
2634 1844 2691 1888 ut
2740 1836 3015 1892 Asterium
3047 1842 3358 1898 convictum
3389 1854 3475 1900 te-

1962 1937 2186 1978 neamus
2212 1940 2228 1977 :
2256 1924 2369 1994 qui,
2402 1939 2548 1991 cum,
2595 1940 2703 1995 qua
2734 1936 2817 1981 est
2861 1929 3170 1985 eruditione
3210 1934 3475 2002 preditus

1905 2034 1924 2066 1
1958 2016 2227 2082 saeculari,
2254 2017 2610 2086 proverbialis
2630 2021 2914 2076 sententiae
2939 2025 3308 2091 praestantiam
3343 2043 3470 2087 cum

1903 2124 1921 2156 1
1960 2107 2151 2176 primis
2179 2107 2466 2178 intelligat,
2498 2109 2550 2162 in
2587 2112 2840 2180 presenti
2875 2122 3057 2168 tamen
3092 2115 3236 2173 illius
3271 2134 3381 2190 pm
3410 2136 3472 2178 se

1905 2212 1923 2246 1
1964 2195 2068 2249 i’ert
2099 2197 2458 2268 ignorantiam
2479 2240 2495 2265 ,
2543 2208 2600 2252 ut
2630 2213 2729 2269 per
2759 2201 2886 2256 dicti
2924 2201 3066 2259 illius
3111 2210 3473 2275 proverbialis

1903 2305 1921 2336 1
1961 2301 2115 2341 usum
2141 2303 2296 2343 suam
2330 2287 2504 2358 ipsius
2525 2289 2862 2346 voluntatem
2901 2303 2958 2363 et
2979 2297 3306 2352 sententiam
3343 2315 3470 2369 pro-

1903 2398 1921 2429 ‹
1962 2377 2214 2436 babilitcr
2238 2388 2486 2436 astruere
2505 2381 2777 2438 videatur.
2804 2382 2903 2440 Est
2927 2397 3106 2442 autem
3133 2387 3470 2456 illud,Glaa—

1904 2487 1921 2521 ι
1957 2470 2006 2523 ci
2027 2487 2119 2525 ars
2143 2511 2158 2536 ,
2188 2470 2342 2541 cujus
2368 2486 2494 2528 cum
2521 2474 2869 2530 meminerint
2901 2479 3101 2534 eruditi
3148 2483 3290 2551 apud
3319 2482 3470 2540 Gra-

1902 2579 1921 2612 1
1956 2575 2052 2617 cos
2093 2561 2248 2617 multi
2272 2601 2289 2629 ,
2330 2563 2577 2620 diversas
2607 2565 2914 2623 retulerunt
2963 2569 3464 2642 interpretationes.

1903 2670 1922 2703 ι
1963 2658 2022 2717 ›Ῑ‹
2051 2651 2152 2710 Est
2186 2656 2332 2710 enim
2356 2655 2448 2724 qui
2496 2657 2676 2723 docet,
2701 2657 2970 2716 Glaucum
3005 2662 3284 2720 exstitisse
3325 2669 3465 2725 artis

1899 2761 1922 2794 ι
1959 2742 2237 2812 cujusdam
2266 2745 2506 2801 maxime
2536 2747 2780 2803 omnium
2824 2749 3161 2809 admiranda
3195 2757 3469 2825 peritissi-

1902 2853 1921 2885 1
1960 2850 2126 2903 mum,
2153 2850 2258 2890 una
2280 2851 2401 2892 cum
2428 2845 2549 2894 arte
2583 2854 2682 2894 sua
2712 2839 3022 2907 interiisse,
3051 2844 3189 2901 mari
3215 2847 3471 2906 submer-

1899 2945 1920 2978 1
1956 2941 2074 2982 sum
2098 2967 2115 2991 ,
2142 2925 2275 2982 nulli
2301 2942 2528 2998 prorsus
2556 2930 2832 3002 impertita
2858 2931 3103 3002 ejusdem
3135 2939 3466 3009 cognitione.

1899 3038 1921 3070 ε
1954 3018 2106 3075 Alius
2126 3020 2516 3090 peritissimum
2545 3021 2780 3077 musices
2812 3024 3088 3080 exstitisse
3118 3026 3304 3094 docet,
3325 3034 3470 3088 etab

1902 3129 1920 3162 1
1959 3124 2026 3168 eo
2062 3111 2244 3167 discos
2295 3125 2466 3167 mreos
2493 3123 2729 3182 quatuor
2753 3112 2962 3172 aﬂahre
2993 3121 3351 3190 compositos,
3409 3134 3473 3179 ut

1899 3221 1920 3254 ε
1959 3202 2154 3273 pulsati
2207 3202 2499 3272 quamdam
2551 3204 2928 3276 symphoniam
2983 3223 3120 3265 sono
3181 3227 3473 3273 numeroso

1901 3314 1920 3345 1
1956 3295 2222 3354 ederent:
2283 3303 2448 3364 atque
2515 3295 2644 3352 hinc
2715 3299 3060 3367 proverbium
3124 3315 3466 3374 usurpatum.

1901 3405 1920 3438 ι
1959 3382 2220 3450 Tertius,
2276 3387 2418 3440 inter
2490 3385 2634 3441 dona
2694 3385 2968 3460 Halyattis
3039 3391 3178 3464 Lydi
3244 3396 3472 3468 Delphis

1900 3495 1918 3528 σ
1958 3476 2200 3533 oblatum
2226 3518 2242 3541 ,
2288 3483 2343 3532 et
2382 3477 2620 3534 mirandi
2662 3482 2844 3551 operis
2899 3483 3220 3542 suberatera
3275 3503 3464 3558 quem-

1898 3589 1919 3621 ι
1957 3571 2101 3634 dam,
2169 3567 2358 3625 Glauci
2426 3569 2546 3625 Chii
2630 3587 2789 3642 opus.
2850 3573 3136 3643 Quartus,
3198 3577 3464 3639 Glaucum

1901 3679 1919 3711 ι
1957 3661 2131 3730 ipsum
2173 3661 2391 3732 Delphis
2421 3663 2689 3722 obtulisse
2714 3675 2906 3721 narrat
2930 3682 3138 3726 aeneam
3169 3672 3464 3742 tripodem,

1900 3771 1918 3804 ι
1957 3751 2032 3806 ita
2055 3751 2409 3809 fabrefactum
2433 3795 2449 3820 ,
2488 3765 2548 3811 ut
2589 3753 2763 3828 siquis
2801 3760 3128 3818 crassiorem
3159 3764 3211 3819 in
3244 3765 3467 3824 modum

1898 3863 1916 3894 ε
1951 3846 2196 3900 eamdem
2244 3845 2507 3914 pulsaret,
2546 3848 2632 3904 vel
2685 3851 2851 3919 pedes
2884 3853 2937 3908 in
2991 3855 3190 3924 quibus
3241 3860 3464 3930 stabat,

1897 3956 1917 3988 ι
1951 3938 2032 3993 vel
2056 3939 2199 4008 quod
2240 3955 2455 3995 sursum
2505 3952 2626 3997 erat
2664 3945 3068 4012 redimiculum,
3094 3948 3182 4004 vel
3207 3949 3466 4012 coronam

1895 4047 1916 4080 ‹
1950 4029 2110 4085 lebeti
2143 4031 2570 4088 circumductam
2599 4074 2616 4099 ,
2667 4044 2763 4090 aut
2809 4036 3055 4108 virgulas
3104 4057 3204 4113 per
3227 4047 3466 4104 medium

1895 4139 1918 4174 ι
1952 4136 2073 4178 sese
2119 4123 2512 4192 distendentes,
2569 4125 2698 4198 lyrae
2773 4143 2965 4186 sonum
3023 4146 3466 4204 repraesentant.

1892 4229 1917 4262 1
1953 4212 2106 4268 Alius
2136 4225 2411 4284 postremo
2443 4218 2792 4285 proverbium
2819 4220 3100 4278 existimat
3137 4229 3412 4296 usurpari,
3435 4245 3468 4285 a

1893 4320 1914 4350 1
1949 4301 2156 4357 Glauco
2199 4305 2434 4373 quodam
2473 4305 2764 4360 deductum
2785 4345 2802 4373 ,
2834 4309 2928 4377 qui
2977 4309 3208 4367 scientia
3239 4322 3468 4372 caeteros

1890 4411 1912 4441 τι
1950 4393 2329 4449 antecellebat.

1966 4525 1985 4558 1
2029 4506 2234 4563 Videtis
2259 4518 2437 4563 autem
2473 4511 2886 4578 proverbiorum
2912 4511 3287 4573 diﬂicultatem
3308 4495 3484 4575 exin--

217 4620 244 4656 1
271 4602 362 4656 διὰ
391 4601 582 4656 τούτου
623 4601 927 4665 δείκνυται,
955 4599 1044 4654 διὰ
1069 4600 1164 4655 τοῦ
1203 4601 1335 4673 μηδὲ
1377 4602 1470 4655 ἐπὶ
1496 4603 1595 4673 τῆς
1621 4603 1789 4675 αὐτῆς

1898 4614 1918 4647 ι
1956 4598 2022 4650 de
2055 4596 2191 4665 satis
2219 4596 2469 4664 pateﬁeri
2499 4637 2516 4661 ,
2559 4601 2704 4667 quod
2751 4616 3094 4672 nequaquam
3140 4606 3469 4677 interpretes

222 4713 244 4748 1
282 4695 575 4767 ἑρμηνείας
599 4693 790 4764 στῆναι
831 4693 958 4755 τοὺς
992 4691 1090 4763 τὴν
1136 4692 1432 4763 παροιμίαν
1467 4693 1668 4764 ταύτην
1703 4696 1790 4763 ἐξ-

214 4805 244 4840 1
263 4783 568 4858 ηγήσασθαι
589 4781 963 4856 βουληθέντας.
975 4781 1130 4836 Οὕτω
1145 4781 1472 4853 δυσεύρητόν
1486 4798 1538 4834 τι
1558 4783 1790 4853 πρᾶγμα

217 4895 242 4931 1
277 4876 340 4930 τὺ
363 4875 464 4945 τῆς
486 4873 784 4946 παροιμίας
805 4873 899 4926 καὶ
921 4871 1070 4943 παρὰ
1096 4872 1209 4932 τοῖς
1241 4869 1436 4935 ἔξωθεν
1458 4865 1596 4925 εἶναι
1619 4871 1784 4926 δοκεῐ.

220 4987 243 5022 1
280 4967 372 5022 Διὸ
396 4967 490 5020 καί
512 4982 596 5030 τις
621 4964 730 5019 τῶν
757 4965 888 5035 παρ’
911 4964 1096 5026 αὐτοῖς
1121 4961 1320 5032 σοφῶν,
1348 4962 1668 5033 συναγαγὼν
1691 4964 1791 5028 τὰς

289 5147 350 5206 ᾖ(
381 5133 482 5193 Ed.
516 5130 713 5197 Parim,
743 5144 865 5200 pag.
890 5128 974 5184 16.

213 5293 485 5354 eruditum
473 5286 539 5372 ἐς
565 5298 716 5372 recte
743 5295 898 5372 gerat
941 5288 1087 5372 enim
1129 5288 1375 5372 sophista
1415 5288 1774 5372 professione,

214 5375 268 5421 et
299 5372 429 5418 ante
470 5359 960 5422 Christianismum,
987 5358 1165 5412 ludum
1201 5357 1253 5411 in
1273 5357 1607 5428 Cappadocia
1646 5373 1777 5428 ape-

215 5441 420 5490 ruerat.
451 5428 610 5485 M.—
629 5429 825 5500 Addidi
851 5441 915 5483 ex
945 5429 1101 5500 codd.
1139 5430 1433 5500 μάχαιραν,
1457 5429 1596 5500 unde
1620 5443 1779 5496 supra

215 5503 332 5573 λίγ.
349 5501 457 5576 γάρ
474 5501 590 5556 loco
610 5498 744 5571 φασὶ
762 5498 872 5572 γάρ
886 5499 1099 5571 scripsi,
1115 5497 1170 5554 et
1182 5497 1252 5551 τά
1271 5497 1393 5553 ante
1416 5497 1582 5572 τέκνα
1596 5512 1780 5553 arces-

216 5590 344 5628 IIVI.

289 5639 608 5713 (δευυιεο
656 5641 971 5713 ἀναγκαίως
1023 5650 1078 5693 et
1127 5655 1250 5695 mox
1295 5656 1536 5713 παρασκ.
1591 5649 1778 5693 contra

219 5711 388 5768 codri.
411 5711 681 5766 Posterius
702 5714 807 5765 iam
837 5712 940 5780 Mp.
981 5725 1124 5780 corr.

289 5781 427 5852 (88‘)
460 5781 566 5850 Mp.
613 5797 728 5852 γρ,
757 5777 959 5852 ἐκείνῃ.
1007 5778 1127 5852 Mox
1154 5778 1316 5852 vulgo
1340 5795 1443 5852 που
1470 5777 1779 5831 διαδεδωκό-

219 5840 312 5915 τος
359 5840 543 5906 σόειιή
597 5840 756 5906 codd.
809 5840 1022 5920 qui"1ttu
1047 5849 1192 5903 διακ.
1222 5840 1370 5920 dant.
1423 5849 1590 5920 Porro
1642 5853 1780 5920 male

222 5921 379 5994 vulgo
400 5920 607 5993 ἀκρῶν,
627 5923 769 5990 quod
786 5917 855 5977 ex
884 5920 1006 5977 cod.
1036 5919 1273 5987 correxi,
1296 5934 1363 5976 ex
1384 5933 1490 5989 quo
1511 5918 1630 5973 dein
1649 5917 1781 5989 χαλ-

465 6023 471 6041 ‘
501 6039 772 6098 Pari-.01..
803 6039 923 6098 tiu.
959 6037 1006 6094 χ
1024 6033 1187 6095 xxv.

1899 4707 1919 4739 ε
1962 4680 2306 4757 hujusunius
2327 4692 2603 4758 proverbii
2641 4692 2784 4746 inter
2823 4709 2886 4748 se
2927 4695 2980 4749 in
3009 4697 3198 4752 eadem
3247 4703 3468 4769 exposi-

1900 4798 1918 4831 1
1958 4781 2113 4836 tione
2145 4782 2509 4836 consentiant.
2540 4781 2694 4839 Adeo
2729 4799 2816 4838 res
2844 4797 2961 4840 erat
2987 4787 3074 4842 illa
3110 4789 3470 4848 inextricabi—

1899 4895 1919 4928 ι
1954 4876 2023 4930 lis
2053 4875 2235 4931 habita
2262 4877 2405 4946 apud
2435 4889 2675 4933 exteros.
2705 4876 2972 4944 Quocirca
3011 4884 3152 4938 inter
3190 4900 3286 4940 eos
3325 4903 3468 4943 unus

1901 4988 1920 5022 ε
1959 4970 2226 5042 sapientia
2261 4981 2315 5027 et
2337 4971 2644 5029 eruditione
2671 4984 2962 5043 prastans,
3006 4977 3059 5030 in
3099 4993 3270 5031 unum
3298 4979 3466 5034 colle-

1883 5284 2013 5360 κοῦς
2045 5299 2142 5353 pro
2171 5284 2370 5355 χαλκοῦ
2397 5295 2451 5340 et
2483 5287 2620 5359 πρός
2663 5302 2761 5358 pro
2794 5287 2901 5358 πρό
2929 5296 2983 5343 et
3019 5303 3072 5340 τι
3103 5303 3203 5358 pro
3235 5305 3319 5354 τις
3347 5301 3464 5360 post

1883 5357 2073 5493 δοῖξθὶ
2107 5424 2293 5495 Ὁρᾷς,
2307 5426 2474 5492 ὅπως
2492 5427 2558 5480 τὸ
2579 5427 2893 5496 δυσχερές.
2925 5426 3049 5482 Haec
3066 5429 3133 5484 de
3148 5429 3465 5494 diﬁcuitate

1887 5497 2306 5554 Proverhiorum
2335 5513 2367 5550 a
2395 5512 2480 5551 me
2505 5497 2635 5551 olim
2693 5510 2914 5566 accepta
2946 5500 3029 5553 vir
3068 5501 3252 5558 multis
3287 5507 3466 5562 nomi-

1888 5569 2049 5623 nibus
2094 5567 2452 5629 clarissimus,
2482 5568 2728 5621 Andreas
2777 5566 3061 5634 Scbottus,
3093 5568 3322 5628 inseruit
3351 5590 3465 5632 sum

1888 5636 2222 5696 praefationi,
2256 5646 2382 5691 ante
2430 5635 2725 5691 Proverbia
2755 5637 3000 5696 Zeuobii.
3041 5638 3381 5696 Diozeniani.
3407 5657 3465 5696 et

1885 5636 2222 5708 praefationi,
2256 5646 2382 5691 ante
2430 5635 2725 5691 Proverbia
2755 5637 3000 5718 Zeu_obii,
3041 5638 3381 5711 Diogeniani,
3407 5657 3465 5704 et

1884 5707 2137 5763 aliorum.
2168 5707 2305 5761 Sunt
2355 5718 2535 5762 autem
2594 5707 2694 5761 iSta
2723 5722 2929 5770 omnia,
2960 5725 3067 5762 non
3096 5709 3335 5776 Eusebii,
3369 5720 3463 5773 sed

1885 5776 2126 5831 Marcelli
2176 5779 2246 5831 ab
2282 5776 2515 5832 Eusebio
2559 5780 2776 5847 quidem
2807 5779 2972 5830 relata
3000 5795 3013 5831 :
3039 5794 3278 5837 erratum
3318 5797 3401 5840 est
3429 5803 3460 5843 a

1886 5861 1992 5909 me,
2013 5851 2101 5916 qui
2128 5848 2200 5900 illi
2221 5849 2430 5912 optimo
2460 5850 2578 5904 viro
2604 5848 2844 5904 miserim
2879 5859 2937 5904 ut
2968 5850 3292 5908 Eusebiana.
3312 5853 3365 5911 Μ
3389 5882 3461 5900 οσ-

1887 5917 2018 5972 Dein
2056 5918 2211 5989 vulgo
2235 5918 2323 5973 διὰ
2353 5917 2433 5976 τό.

3115 6031 3200 6096 ΞΕ
