4106 6420
225 391 339 453 πῖ)

1367 391 1650 449 CONTRA
1685 388 2112 447 MARCELLUI
2153 389 2283 449 LIB.
2323 391 2366 446 Ι.

3393 395 3498 454 750

220 508 510 583 νούμενος,
545 512 726 566 πᾶσαν
759 508 924 564 αὑτοῦ
956 510 1055 580 τὴν
1087 508 1303 582 γραφὴν
1335 510 1421 562 ἐπ’
1444 510 1684 581 ὠφελείᾳ
1717 526 1783 563 κα

1922 526 1942 560 ι
1987 511 2114 563 dum
2146 508 2499 575 scripserunt.
2534 526 2552 559 ι
2593 505 2700 564 Sed
2729 517 2783 564 et
2828 507 2990 564 aliter
3028 523 3244 580 quoque
3273 525 3306 566 e
3331 511 3499 570 dictis

99 597 112 605 ’
222 603 474 675 σωτηρίᾳ
510 603 697 673 ψυχῶν
736 601 814 672 τῷ
852 602 951 673 τῆς
996 601 1306 663 θεοσεϐείας
1357 602 1594 656 ἀνετίθει
1644 602 1810 673 λόγῳ,

217 695 531 764 γυμνασίου
559 695 605 747 δ’
626 694 810 747 ἕνεκεν
829 695 927 765 τῆς
953 694 1062 747 τῶν
1087 693 1526 764 ἐντυγχανόντων
1550 693 1809 758 διανοίας,

217 785 525 846 σκοτεινοῖς
555 783 754 855 ἐχρῆτο
780 784 1150 856 προϐλήμασι,
1183 786 1276 838 καὶ
1325 785 1499 852 λόγων
1531 789 1809 856 στροφαῖς,

1918 600 2355 658 animadvertere
2403 601 2550 666 licet,
2579 610 2917 673 quantopere
2949 605 3228 659 aberravit
3267 604 3315 661 is
3343 621 3375 661 a
3397 620 3493 663 ve-

1919 691 2098 756 ritate,
2139 707 2262 746 cum
2309 691 2540 749 aliirmet
2586 693 2844 757 Graecos,
2907 695 2975 750 ad
3021 697 3277 752 eumdem
3332 697 3496 768 plane

1915 786 2158 851 modum,
2190 799 2300 854 quo
2345 784 2625 851 Salomon,
2662 786 2966 856 scripsisse.
3026 785 3281 842 Salomon
3343 789 3491 844 enim

215 875 314 930 καὶ
341 879 550 946 φωναῖς
569 877 638 931 δι’
663 878 1003 947 αίνιγμάτων
1027 878 1545 948 προενηνεγμέναις.
1574 877 1684 930 Kal
1698 876 1783 930 τοῦ

1913 876 2198 946 sapientia,
2229 891 2352 947 qua
2382 877 2642 932 divinitus
2669 888 2775 942 est,
2815 877 3102 946 impulsus,
3146 894 3300 934 suam
3351 881 3494 935 scri-

211 981 278 1018 το
307 965 353 1019 δ’
383 968 444 1019 ἐν
470 967 612 1038 ἀρχῇ
637 969 737 1039 τῆς
767 967 950 1038 βίδλου
976 965 1314 1039 μαρτύρεται
1342 967 1536 1035 λέγων’
1557 986 1576 1018 ι
1611 967 1732 1021 Τῶν
1753 968 1810 1022 δέ

218 1075 238 1107 s
277 1058 390 1128 γὰρ
421 1058 661 1123 ἀκούσας
703 1060 865 1130 σοφὸς
890 1058 1200 1132 σοφώτερος
1225 1059 1405 1113 ἐσται·
1447 1061 1477 1113 ό
1503 1059 1561 1112 δέ
1593 1061 1811 1131 νοήμων

1916 977 2126 1036 pturam
2149 968 2484 1035 universam,
2515 970 2583 1022 ad
2611 967 2902 1023 utilitatem
2932 978 2988 1024 et
3014 969 3248 1026 salutem
3276 973 3492 1027 aima«

1917 1076 2032 1114 rum
2063 1062 2252 1128 pietati
2285 1061 2628 1117 consecravit
2656 1075 2670 1112 :
2699 1074 2831 1115 usus
2863 1069 2951 1115 est
2977 1069 3178 1128 autem,
3226 1065 3294 1118 ad
3331 1063 3491 1134 inge-

1914 1153 2000 1206 nia
2049 1153 2338 1223 legentium
2387 1151 2713 1216 exercenda,
2753 1149 3112 1207 teaebricosis
3138 1153 3489 1221 problemati-

1913 1242 2034 1307 bus.
2061 1247 2405 1300 sermonibus
2443 1243 2704 1300 tortuosis
2749 1253 2806 1299 et
2829 1241 3053 1299 vocibus
3076 1258 3175 1312 per
3197 1245 3486 1315 aenigmata

1911 1336 2352 1402 procedentibus.
2383 1336 2639 1392 Testatur
2663 1336 2765 1392 hoc
2800 1337 2976 1408 ipsum
3013 1336 3072 1390 in
3105 1335 3263 1392 initio
3297 1337 3484 1392 statim

217 1170 237 1202 ι
279 1149 610 1221 κυϐέρνησιν
638 1154 917 1222 κτήσεται,
951 1153 1136 1222 νοήσει
1156 1169 1213 1205 τε
1247 1151 1562 1224 πτραϐολὴν
1593 1169 1808 1207 σκοτει·

217 1262 238 1296 ι
274 1243 384 1297 νῶν
413 1243 610 1313 λόγων,
639 1246 827 1317 ῥήσεις
853 1262 913 1299 τε
942 1245 1124 1315 σοφῶν
1153 1246 1246 1300 καὶ
1273 1247 1593 1318 αίνίγματα.
1635 1267 1657 1299 s
1694 1248 1806 1301 Kal

212 1335 401 1397 πάλιν,
441 1335 696 1401 δέξασθαι
741 1336 977 1408 στροφὰς
1009 1337 1214 1407 λόγωνο
1259 1355 1277 1388 ι
1319 1339 1386 1390 Ἀ
1417 1338 1483 1409 δὴ
1505 1339 1598 1392 καὶ
1632 1338 1807 1403 οὓτως

218 1448 237 1480 s
275 1429 469 1500 ιχοντα
498 1429 564 1482 ἐκ
598 1428 707 1483 τῶν
737 1429 1130 1501 ἐμφερομένων
1167 1432 1232 1501 τῇ
1269 1429 1435 1500 βίὸλῳ
1466 1430 1783 1501 καταμαθεῖε

1910 1428 2057 1489 libri,
2080 1426 2170 1481 ubi
2204 1428 2317 1482 ait:
2353 1447 2374 1480 ι
2406 1427 2502 1482 llis
2527 1429 2727 1484 auditis
2756 1428 2976 1497 sapiens
2999 1427 3299 1497 sapiattior
3331 1429 3439 1482 erit
3465 1442 3482 1483 :

215 1540 236 1572 s
273 1521 655 1592 ρᾴδιον,ἄλλως
665 1522 728 1575 ού
737 1521 1048 1591 δυναμένων
1059 1521 1380 1592 νοηθῆναι,ἢ
1396 1521 1636 1576 διιόντων
1648 1524 1680 1592 ή
1689 1523 1783 1593 μῶε

1912 1537 1933 1571 ι
1981 1519 2289 1592 intelligens
2325 1519 2624 1589 possidebit
2657 1520 3143 1591 gubernationem,
3191 1529 3249 1576 et
3285 1519 3487 1576 obscu-

216 1629 236 1662 s
272 1613 338 1664 ἐκ
367 1611 468 1680 τῆς
494 1610 784 1682 προχείρου
819 1610 1017 1676 λέξεως
1044 1612 1138 1664 ἐπὶ
1163 1612 1254 1665 τὸν
1283 1609 1344 1677 ἐξ
1373 1612 1542 1684 αὐτῆς
1570 1612 1783 1684 θεωρού

1913 1629 1933 1664 ι
1980 1628 2163 1666 rerum
2211 1613 2499 1668 verborum
2550 1614 2836 1682 parabolas
2907 1623 3218 1683 cognoscet,
3268 1613 3485 1683 sapien-

216 1722 236 1754 ι
277 1720 438 1774 μενον
472 1702 599 1757 νοῦν
620 1719 634 1734 ο
676 1697 787 1757 οἷόν
808 1705 923 1757 ἐστι
961 1705 1041 1768 τὸ,
1080 1702 1158 1771 Τῇ
1179 1703 1418 1773 βδέλλῃ
1448 1703 1605 1773 τρεῖς
1624 1709 1777 1776 θυγτι

1913 1721 1933 1754 ι
1981 1713 2093 1758 tum
2114 1718 2333 1773 quoque
2348 1703 2491 1758 dicta
2513 1713 2569 1758 et
2592 1704 2932 1772 aenigmata.»
2956 1704 3154 1759 lterum
3175 1717 3390 1775 quoque
3413 1702 3484 1759 ad

215 1814 234 1846 ι
273 1794 439 1863 τέρες
470 1791 634 1864 ἦσαν
662 1793 961 1866 ἀγαπήσει
983 1794 1386 1865 ἀγαπώμενον
1424 1795 1523 1850 καί
1554 1800 1614 1850 αι
1642 1798 1783 1866 τρεῖς

1906 1798 2306 1868 percipiendam
2338 1811 2650 1853 sermonum
2698 1798 3147 1870 intelligentiam:
3193 1817 3215 1851 ι
3243 1797 3310 1854 Et
3350 1813 3480 1870 pro-

215 1906 234 1939 s
272 1883 451 1943 αὖται
477 1888 589 1941 οὐκ
615 1887 1079 1956 ἐνεπίμπλασαν
1100 1885 1316 1955 αὐτὴν,
1344 1887 1441 1942 καὶ
1468 1889 1506 1954 ἠ
1549 1865 1783 1958 τεταρτὴ

1908 1865 1927 1942 ὲ
1975 1865 2118 1944 freto
2152 1891 2266 1946 ha:c
2294 1891 2366 1944 ita
2394 1905 2453 1945 se
2491 1891 2690 1946 habere
2725 1865 2895 1945 facile
2912 1891 3079 1961 liquet
3117 1906 3150 1946 e
3202 1865 3483 1949 contentis

212 1998 232 2032 ι
271 1981 383 2032 οὐκ
410 1978 698 2047 ἠρκέσθη,
722 1978 913 2032 εἰπεῖν
937 1980 1168 2033 ἱκανόν.
1200 1979 1310 2032 Kal
1337 1979 1400 2034 Ἡ
1429 1982 1617 2049 σοφία
1645 1981 1783 2046 ᾠκο-

1907 2001 1927 2031 ‹
1971 1982 2233 2051 perillum
2267 1982 2484 2046 librum,
2516 1997 2639 2052 qua:
2665 1998 2771 2037 non
2802 1981 2966 2037 aliter
2993 1997 3284 2051 possumus
3313 1981 3480 2039 intel-

213 2090 232 2122 s
269 2069 541 2139 δόμησεν
558 2068 743 2139 ἑαυτῇ
762 2067 950 2133 οἶκον,
973 2070 1071 2123 καί
1087 2067 1510 2141 ὑκήρεισε,(95)
1531 2072 1783 2138 στύλους

1908 2093 1926 2125 σ
1975 2075 2162 2141 Iigere,
2181 2074 2280 2128 nisi
2316 2074 2385 2128 ab
2415 2084 2602 2143 aperta
2630 2065 2861 2130 lectione
2893 2074 2960 2128 ad
3001 2074 3326 2129 sententiam
3353 2074 3483 2130 inde

209 2182 230 2215 ι
268 2163 442 2226 ἑπτὰ,
477 2163 709 2232 ἔσφαξε
735 2163 809 2216 τὰ
829 2161 1054 2230 ἑαυτῆς
1087 2163 1317 2231 θύματα
1336 2179 1349 2192 ο
1381 2162 1673 2231 ἐκέρασεν
1709 2166 1783 2230 εις

1905 2183 1926 2218 ι
1969 2167 2291 2220 eliciendam
2358 2182 2457 2222 nos
2509 2167 2880 2222 conferamus.
2939 2165 3185 2235 Exempli
3251 2167 3476 2238 gratia:

211 2275 231 2308 ι
275 2254 544 2325 κρατῆρα
564 2255 670 2308 τὸν
697 2253 920 2323 ἑαυτῆς
952 2250 1144 2308 οἶνον.
1169 2254 1278 2308 Kal
1307 2254 1407 2308 ὅσα
1428 2253 1562 2308 ἄλλα
1583 2255 1783 2319 τούτοις

1905 2277 1923 2310 ι
1973 2257 2140 2310 Erant
2187 2258 2423 2311 hirudini
2461 2267 2565 2312 tres
2613 2257 2744 2326 ﬁlia:
2781 2258 2987 2310 dilecta:
3015 2257 3323 2312 admodum.
3348 2254 3481 2314 Istc

210 2367 229 2399 ι
267 2349 648 2420 παραπλήσια,
699 2348 799 2420 ούχ
845 2347 1046 2418 ἑτέρως
1095 2345 1294 2399 δυνατὰ
1341 2344 1600 2408 νοεῖσθαι,
1667 2346 1783 2400 οὔτε

1904 2368 1924 2402 ι
1971 2363 2144 2404 autem
2169 2360 2296 2413 tres,
2320 2351 2469 2404 illam
2492 2366 2818 2422 nequaquam
2839 2349 3196 2414 adimptebant
3221 2364 3242 2405 :
3270 2359 3481 2420 quarta

206 2460 229 2492 ε
267 2440 599 2514 προχείρως,
625 2438 748 2493 οὕτε
780 2440 843 2493 ἐκ
862 2457 1006 2503 τινος
1043 2439 1300 2511 ἱστορίας,
1331 2439 1380 2492 εἰ
1423 2438 1500 2509 μὴ
1525 2439 1664 2492 κατὰ
1693 2441 1783 2510 p.6-

1904 2461 1923 2493 s
1968 2459 2086 2496 erro
2111 2459 2214 2497 non
2239 2441 2550 2510 satis/iebat,
2589 2458 2753 2514 neque
2787 2441 3015 2506 dicebat,
3036 2442 3166 2496 satis
3193 2453 3241 2495 ct
3268 2440 3478 2496 abunde

201 2551 228 2584 ε
267 2550 366 2604 νην
395 2532 708 2605 μεταφορὰν
729 2533 823 2587 καὶ
854 2531 1204 2602 ἀναστροφὴν
1225 2531 1324 2602 τῆς
1347 2530 1566 2598 λέξεως.
1608 2550 1626 2582 s
1657 2533 1723 2584 Al
1746 2531 1783 2584 δ

1901 2551 1920 2584 ι
1966 2544 2062 2590 est.
2103 2541 2161 2598 vlt
2191 2535 2321 2589 Item
2349 2555 2362 2590 :
2406 2535 2685 2603 Sapientia
2710 2537 2808 2589 sibi
2840 2533 3054 2588 domum
3085 2533 3390 2604 adi/icaait,
3424 2544 3477 2588 et

202 2624 510 2678 ἐκτεθεῖσαι
529 2623 636 2678 τῶν
678 2624 944 2696 Ἑλλήνων
988 2625 1281 2696 παροιμίαι
1320 2623 1429 2679 ἀπό
1459 2640 1620 2677 τινων
1646 2626 1783 2678 ίστο-

1899 2642 1918 2674 ι
1965 2627 2251 2680 ιαὺειηιεεὶι
2285 2626 2559 2679 columnas
2589 2633 2808 2694 septem,
2855 2623 3128 2691 sacriﬁcia
3175 2639 3276 2678 sua
3306 2623 3477 2694 jugu-

200 2715 336 2787 ριῶν
393 2714 492 2779 τὰς
529 2715 704 2787 ἀρχὰς
733 2715 1008 2788 εἰλήφασι.
1045 2717 1118 2770 To
1154 2716 1284 2788 γὰρ,
1313 2717 1384 2770 Ἦ
1413 2716 1722 2783 τέθνηκεν,
1750 2717 1783 2785 ἢ

1899 2731 1918 2764 ι
1964 2713 2109 2779 lavit,
2143 2716 2317 2768 sinunt
2343 2731 2498 2770 suum
2520 2716 2574 2768 in
2601 2721 2806 2770 Cratere
2829 2715 3182 2770 commiscuit.
3210 2714 3342 2771 Item
3367 2714 3476 2772 alia

192 2803 474 2858 διδάσκει
523 2802 850 2874 γράμματα,
903 2804 991 2858 διὰ
1034 2804 1217 2875 τήνδε,
1251 2803 1435 2874 φησὶν,
1468 2801 1663 2873 ἐλέχθη
1689 2802 1783 2873 τὴν

1898 2825 1917 2858 ι
1965 2822 2068 2861 non
2102 2822 2272 2877 pauca
2301 2808 2460 2878 hujus
2490 2807 2732 2880 generis,
2770 2821 2891 2873 qua:
2915 2821 3024 2862 non
3049 2821 3282 2876 possunt
3313 2805 3474 2864 aliter

197 2895 466 2964 ἱστορίαν,
499 2895 594 2948 καὶ
634 2896 702 2949 δι’
737 2897 929 2966 ἑτέραν
957 2895 1118 2949 πάλιν
1152 2893 1452 2965 γενομένην
1479 2893 1678 2964 πρᾶξιν
1707 2892 1783 2955 τὸ,

1897 2916 1916 2949 ι
1963 2899 2374 2966 comprehendi,
2408 2914 2512 2954 non
2545 2900 2611 2952 de
2662 2897 2915 2953 lectionis
2945 2898 3108 2965 facie,
3143 2915 3248 2952 non
3277 2914 3343 2954 es
3374 2898 3476 2954 ali-

195 2988 308 3050 A't'£
335 2988 452 3054 τὴν
469 2986 792 3056 μάχαιραν,
830 2986 1080 3059 εἰρῆσθαι
1103 3003 1115 3016 ·
1151 2985 1246 3038 καὶ
1272 2985 1355 3047 τὸ,
1393 2984 1557 3050 Ἀλις
1583 2983 1783 3051 δρυὸς,

1898 3008 1915 3040 ι
1961 3003 2064 3053 qua
2105 2988 2358 3052 historia,
2409 2990 2504 3043 sed
2541 2988 2880 3043 solummodo
2929 3003 3026 3058 per
3075 2994 3470 3058 metaphoram,

193 3078 485 3143 ὡσαύτως,
530 3077 619 3132 διὰ
644 3079 704 3131 τὸ
742 3077 1262 3150 βαλανηφαγοῦντάς
1302 3093 1434 3129 ποτε
1476 3074 1783 3130 παύσασθαι

1896 3096 1915 3131 ι
1957 3089 2008 3133 et
2059 3078 2316 3132 dictionis
2365 3079 2800 3133 conversionem.
2844 3098 2862 3130 ι
2898 3079 2970 3133 At
3005 3094 3134 3135 vero
3181 3080 3470 3149 proverbia

189 3170 296 3240 τῆς
324 3169 582 3240 τοιαύτης
601 3169 826 3240 τροφῆς.
864 3170 926 3222 Ei
954 3168 1012 3222 δὲ
1041 3168 1136 3221 καὶ
1160 3165 1399 3230 Γλαῦκός
1431 3183 1535 3231 τις,
1560 3167 1783 3238 ἐπιστή-

1891 3168 2201 3225 Grtecorum
2252 3168 2342 3222 illa
2394 3169 2463 3223 ab
2510 3168 2737 3225 historia
2773 3169 3005 3238 quadam
3037 3169 3468 3228 deducebantur.

201 3280 318 3334 μων
357 3263 557 3334 τέχνης
593 3263 737 3326 τινὸς
780 3262 1040 3331 γεγονὼς,
1085 3261 1357 3333 διαφόρως
1403 3262 1780 3333 ἐμνημονεύθη

1890 3261 2022 3317 llud
2061 3261 2230 3326 enim,
2267 3259 2359 3315 Vel
2396 3270 2638 3327 mortuus
2681 3271 2780 3327 est,
2825 3261 2904 3315 uel
2946 3263 3097 3316 docet
3121 3262 3362 3326 litteras,
3400 3268 3470 3320 ab

193 3355 346 3428 παρὰ
377 3359 488 3420 τοῖς
525 3354 664 3425 μετὰ
688 3355 860 3410 ταῦτα
888 3354 1293 3425 διαφωνήσασιν
1327 3355 1384 3405 ἐν
1416 3353 1494 3425 τῷ
1525 3356 1653 3426 περὶ
1687 3355 1783 3407 αύ-

1890 3351 2114 3408 historia
2156 3350 2414 3420 quadam,
2447 3349 2700 3404 concedit
2743 3349 2880 3418 ipse,
2905 3349 3187 3403 oriebatur
3219 3366 3235 3404 :
3266 3349 3336 3403 ab
3361 3348 3468 3405 alia

188 3449 284 3503 τοῦ
306 3449 473 3518 λόγῳ,
502 3447 554 3500 τί
584 3447 738 3501 τοῦτο
759 3449 892 3520 πρὸς
911 3447 1008 3510 τὰς
1043 3445 1431 3508 θεοπνεύστους
1454 3445 1779 3516 παροιμίαςς

190 3543 268 3595 υύ
295 3540 407 3612 γὰρ
429 3539 630 3611 ὁμοίως
659 3543 780 3603 ταῖς
812 3537 1149 3608 Ἑλληνικαῖς
1178 3537 1527 3608 παροιμίαις,
1556 3537 1652 3590 καὶ
1692 3531 1782 3591 αὖ·

189 3650 278 3686 ται
306 3632 372 3685 ἐκ
397 3648 542 3695 τινος
566 3631 805 3702 ίστορίας
827 3630 924 3701 τὴν
947 3629 1099 3684 λύσιν
1124 3630 1482 3700 ἐπιδέχονται.
1526 3628 1776 3699 ’Δμαθῶς

190 3725 299 3796 ἄρα
329 3723 422 3776 καὶ
459 3723 701 3794 ἀπείρως
722 3724 818 3794 τῆς
840 3723 948 3776 τῶν
972 3722 1133 3776 θείων
1162 3721 1394 3794 Γραφῶν
1424 3721 1654 3792 θεωρίας
1709 3722 1772 3775 ού

193 3815 376 3887 μόνον,
404 3815 540 3867 ἀλλὰ
569 3817 661 3867 καὶ
691 3815 950 3878 ἐναντίως
975 3814 1054 3886 τῷ
1095 3813 1422 3884 Ἀποστόλῳ,
1449 3811 1770 3885 Μάρκελλος

189 3907 317 3968 τοὺς
385 3896 650 3975 Ἑλλήνων
700 3905 917 3972 σοφοὺς,
959 3905 1222 3974 τυχόντας
1281 3907 1399 3967 ταῖς
1447 3902 1770 3975 Παροιμίαις

189 3994 522 4066 Σολομῶνος,
558 3994 745 4065 μαθεῖν
768 3995 861 4048 καὶ
888 3994 1128 4065 ζηλῶσαι
1144 3996 1206 4049 τὸ
1233 3995 1570 4067 προφητικὸν
1600 3994 1773 4066 γράμ-

194 4105 289 4158 μα,
326 4087 420 4140 καὶ
473 4085 563 4140 τὸν
601 4088 762 4141 αὑτὸν
797 4088 993 4158 ἐκείνῳ
1035 4083 1244 4160 γράψαι
1298 4088 1520 4161 τρόπον,
1555 4087 1770 4158 dum-

190 4197 338 4235 νατο.

1890 3444 2110 3506 itidem,
2141 3439 2318 3506 Capra
2362 3440 2724 3510 gladium:et
2773 3438 2916 3492 illius
2970 3440 3146 3502 item,
3203 3436 3350 3494 Satis
3400 3437 3467 3494 ds

1883 3552 2104 3606 quercu,
2144 3549 2212 3590 eo
2252 3535 2396 3604 quod
2448 3533 2538 3603 qui
2589 3531 2877 3604 glandibus
2925 3531 3056 3587 olim
3111 3530 3466 3588 vescebantur

1883 3629 2087 3682 diutius
2114 3627 2220 3682 illis
2249 3625 2392 3681 vesci
2429 3625 2773 3680 destiterunt.
2805 3623 2958 3692 Quod
2998 3623 3041 3678 si
3065 3620 3302 3679 Glaucus
3321 3621 3470 3694 quis-

1882 3719 2048 3788 piam,
2093 3716 2291 3770 artifex
2339 3715 2536 3786 aliquis
2575 3715 2848 3785 egrcgius,
2888 3713 3254 3769 diversimode
3295 3713 3363 3769 ab
3397 3711 3467 3770 iis

1881 3810 2180 3871 ferebatur,
2206 3807 2298 3878 qui
2324 3807 2582 3876 deinceps
2604 3808 2658 3861 in
2691 3805 3000 3861 sententias
3031 3807 3099 3861 de
3133 3805 3225 3860 illo
3253 3805 3464 3861 discre-

1878 3911 2071 3974 pantes
2095 3902 2306 3964 abiere,
2331 3899 2462 3970 quid
2490 3901 2594 3954 hoc
2629 3901 2694 3953 ad
2729 3898 2988 3952 divinitus
3023 3897 3284 3968 inspirata
3324 3895 3463 3951 Pro—

1877 3992 2101 4051 verbia?
2123 3990 2306 4062 Neque
2331 3992 2498 4056 enim,
2527 4000 2587 4045 ut
2613 3991 2666 4045 in
2693 3989 3009 4046 Cra-corum
3043 3989 3104 4044 iit
3136 3987 3463 4059 proverbiis,

1878 4087 1949 4143 ab
1969 4084 2192 4142 historia
2211 4084 2445 4155 quadam
2465 4083 2554 4138 illa
2577 4082 2899 4138 solutionem
2925 4081 3232 4136 sortiuntur
3251 4094 3405 4136 suam
3443 4093 3462 4134 :

1879 4190 1938 4236 ut
1962 4191 2185 4233 necesse
2211 4176 2283 4231 sit
2307 4173 2643 4240 Marcellum,
2672 4188 2779 4230 non
2809 4172 2986 4228 solum
3011 4171 3262 4242 imperite
3293 4180 3461 4240 atque

192 4280 430 4340 indocte,
494 4276 588 4332 sed
643 4289 838 4334 contra
896 4288 1131 4335 mentem
1175 4277 1421 4349 Apostoli
1465 4276 1769 4335 aﬂirmasse
1805 4276 2079 4346 sapientes
2117 4271 2456 4335 Graecorum,
2512 4284 2637 4324 cum
2689 4269 2744 4324 ia
2802 4266 3098 4323 Proverbia
3150 4265 3462 4322 Salomonis

194 4374 528 4437 incidissent,
571 4373 638 4427 ad
690 4374 1052 4429 imitationem
1088 4373 1422 4442 prophetica
1449 4374 1830 4443 scripturae-se
1860 4371 1927 4426 ad
1957 4369 2311 4425 scribendum
2352 4365 2706 4437 applicuisse.

259 4467 479 4521 Τούτων
505 4467 634 4537 ἡμῖν
660 4466 964 4538 εἰρημένων
984 4468 1064 4531 είς
1085 4467 1357 4532 ἀπόδειξιν
1375 4466 1471 4522 τοῦ
1498 4468 1635 4538 μηδὲ
1657 4469 1775 4530 ταῖς

1956 4463 2053 4518 His
2074 4464 2126 4516 in
2157 4477 2280 4517 eum
2308 4461 2467 4515 linem
2489 4475 2519 4514 a
2540 4461 2698 4516 nobis
2721 4458 3040 4531 prtemissis.
3073 4467 3131 4511 ut
3155 4455 3461 4512 certissime

189 4560 361 4624 θείαις
389 4561 669 4630 -Γραφαῖς,
720 4555 927 4630 δν’χρὴ
959 4559 1182 4630 τρόπον,
1219 4559 1638 4629 ἐντετυχηκέναι
1680 4558 1773 4612 τὸν

189 4655 376 4725 ἄνδρα,
404 4652 560 4707 καλεῖ
581 4651 646 4722 δὴ
675 4652 864 4723 καιρδς
884 4653 978 4705 καὶ
995 4650 1093 4722 τὴν
1115 4651 1218 4721 ούχ
1248 4651 1377 4721 ὑγιῆ
1406 4651 1507 4722 τῆς
1538 4650 1775 4714 πίστεως

187 4745 350 4800 αὑτοῦ
369 4743 526 4810 “Et”
543 4744 971 4814 ἐπισκέψασθαι·
998 4745 1076 4807 ὼς
1095 4743 1312 4797 ἐναντία
1333 4740 1772 4814 (94)δοξάζωντῇ

189 4837 612 4908 ἐκκλησιαστικῇ
676 4837 1012 4908 διδασκαλίᾳ,
1059 4835 1232 4907 αὐτήν
1266 4852 1327 4889 τε
1366 4835 1461 4890 καὶ
1498 4834 1623 4894 τοὺς
1648 4848 1775 4903 προ-

186 4929 425 4993 εστῶτας
455 4929 624 5000 αὐτῆς
653 4929 954 4985 διέϐαλλεν.

849 5047 1007 5100 ΚΕΦ.
1041 5047 1114 5101 Δ’.

187 5143 302 5196 Ὀτι
351 5139 464 5206 τήν
504 5157 578 5193 -τε
621 5138 1136 5207 ἐκκλησιαστικὴν
1175 5137 1602 5199 διδασκαλίαν,
1662 5135 1762 5189 καί

391 5210 534 5277 τοὺς
573 5207 952 5278 προεστῶτας
978 5207 1169 5276 αὐτῆς
1206 5207 1542 5262 διέϐαλλεν.

253 5300 363 5373 (95)
383 5301 545 5373 Θήσω
560 5299 615 5354 δέ
638 5299 850 5372 πρῶτα,
863 5292 1016 5354 δι’ὧν
1031 5303 1145 5363 τοῖς
1163 5297 1338 5371 ὀρθῶς
1358 5297 1453 5350 καὶ
1473 5295 1760 5366 ἐκκλησια-

257 5444 314 5503 »Ιι
351 5437 450 5493 Ed.
487 5436 687 5504 Paris.,
729 5452 851 5509 pag.
885 5435 975 5491 i8.

247 5574 366 5661 ‘93)
396 5575 570 5657 VIIle
597 5577 796 5700 “illa;
823 5586 875 5632 et
889 5576 1110 5630 δύναται
1131 5574 1366 5627 νοεῖσθαι
1398 5580 1453 5658 et
1477 5574 1751 5670 milvino-

189 5663 518 5720 ριωνίτινων,
539 5658 598 5720 et
622 5647 671 5700 δι
729 5645 926 5720 τὴνμδέ,
953 5661 1003 5702 et
1036 5661 1156 5720 unus
1188 5645 1292 5720 μιν.
1318 5658 1492 5720 φασιν
1517 5645 1752 5720 Ιοιρφη-

1878 4565 2142 4626 appareat
2167 4555 2440 4610 hominem
2470 4566 2838 4623 nequaquam,
2870 4551 2941 4606 ita
2970 4561 3034 4605 ut
3053 4550 3315 4621 oportuit,
3340 4563 3461 4602 ver-

1878 4656 2054 4703 satum
2081 4644 2695 4714 inScripturis,tempus
2715 4654 2824 4708 est,
2849 4643 3178 4712 utdeineeps
3207 4641 3367 4695 iidem
3392 4638 3460 4692 il-

1879 4737 2003 4804 lius,
2036 4751 2199 4806 quam
2241 4737 2313 4792 sit
2344 4735 2484 4790 male
2512 4748 2669 4800 sana,
2704 4733 3116 4789 consideremus
3145 4747 3160 4783 :
3192 4741 3246 4784 et
3292 4743 3459 4798 quam

1876 4827 2183 4899 oppositam
2195 4826 2519 4882 sententiam
2537 4834 2752 4881 tueatur
2764 4824 3023 4879 doctrina
3034 4822 3454 4878 ecclesiasticae:

1876 4936 2042 4992 quam
2073 4936 2180 4976 una
2219 4933 2343 4974 cum
2379 4917 2625 4987 ejusdem
2653 4915 2998 4973 antistitibus
3027 4926 3276 4972 accusat.

2529 5037 2682 5094 CAP.
2725 5037 2812 5092 IV.

1875 5130 2030 5196 Quod
2057 5145 2174 5184 cum
2213 5131 2508 5186 doctrinam
2537 5129 2811 5191 Ecclcst'a',
2839 5134 2950 5181 tum
2990 5127 3226 5197 ejusdem
3255 5140 3455 5194 pra'su-

2487 5199 2560 5254 les
2589 5210 2819 5254 accuset.

1939 5300 2080 5352 Ante
2107 5293 2293 5350 omnia
2329 5292 2676 5366 proponenda
2713 5301 2842 5348 sunt
2872 5306 2902 5345 a
2936 5306 3024 5346 me
3071 5290 3182 5355 illa,
3234 5289 3289 5344 in
3329 5286 3458 5358 qui,

698 5577 796 5642 λας
823 5586 875 5632 et
889 5576 1110 5630 δύναται
1131 5571 1366 5627 νοεῖσθαι
1398 5580 1453 5626 et
1477 5569 1585 5623 τῶν
1609 5569 1751 5622 ίστο-

1893 5567 1978 5642 edi
1996 5565 2355 5642 “esteapsvet
2382 5565 2439 5642 i_n_
2465 5564 2720 5642 lemmate
2747 5562 2926 5642 addidi
2955 5565 3161 5642 cs_post
3184 5558 3310 5642 τήν.

1931 5638 2048 5706 (95)
2091 5636 2478 5708 Syllabumhic
2507 5637 2732 5708 eahihet
2770 5633 2983 5708 illorum
3003 5629 3293 5694 Eusebius,
3315 5641 3457 5700 quos

188 5703 284 5775 σίν.
315 5717 433 5774 Mox
466 5703 621 5786 vulgo
655 5703 950 5787 γινομένην
972 5729 1028 5772 et
1048 5716 1211 5769 αὐταὶ
1241 5703 1305 5766 ἐκ
1327 5703 1382 5769 et
1406 5703 1752 5781 Σολομῶντος

1890 5703 2076 5787 eripio
2097 5703 2195 5760 suo
2221 5709 2318 5787 ait_
2337 5704 2652 5787 plarcelltttu
2683 5703 3015 5776 exagitasse,
3051 5716 3192 5787 quos
3218 5714 3456 5787 genera-

250 5858 364 5932 (94)
391 5849 508 5922 ’Ὦς
523 5849 784 5925 ἐναντία,
803 5867 932 5922 etc.,
958 5854 1282 5910 διαϐάλλει.
1302 5881 1368 5893 -—
1386 5849 1498 5923 Ego
1515 5865 1580 5908 cs
1598 5849 1757 5906 codd.

1868 5771 1991 5840 tim,
2019 5777 2177 5848 λόγου
2217 5777 2524 5850 ἀρξάμενος
2573 5771 3119 5850 commentoraverat.
3150 5771 3324 5850 _Er_an_t
3340 5784 3457 5850 _au-

1870 5839 1981 5903 tetu
2005 5839 2196 5905 omnes
2225 5839 2550 5906 A'rianorum
2580 5843 2861 5918 primipili,
2893 5851 2949 5900 et
2992 5841 3244 5900 acerrimi
3268 5839 3457 5899 defen-
