4106 6438
236 440 342 497 75ζῖ

1357 426 1634 486 CDNTRA
1679 418 2107 478 MARCELLUM
2145 420 2270 475 LIB.
2313 420 2354 475 l.

3378 413 3481 468 πει

237 576 256 610 ι
295 555 420 608 Θεδι
483 553 910 625 παντοκράτορα,
965 551 1056 603 καὶ
1095 552 1172 612 είς
1213 549 1306 602 τὸν
1357 548 1486 601 Υίὺν
1515 546 1677 601 αὑτοῦ
1718 545 1809 599 τὸν

1917 544 2050 600 velle
2105 543 2478 599 contradicere
2526 539 2752 611 singulis
2798 539 3064 608 partibus,
3106 552 3226 608 qua
3285 541 3338 592 in
3376 537 3482 593 ilde

236 666 256 699 ε
300 646 568 716 μονογενῆ
589 645 742 706 Θεὸν,
774 643 866 696 τὸν
897 642 1098 713 Κύριον
1132 639 1287 711 ἡμῶν
1321 639 1526 709 Ἰησοῦν
1552 635 1805 710 Χριστὸν,

237 755 260 790 ε
297 739 392 792 καὶ
418 739 500 800 είς
529 736 590 789 τὸ
621 733 845 803 Πνεῦμα
877 733 938 786 τὸ
967 733 1119 803 ἀγιον
1143 749 1155 762 ’
1196 751 1214 784 ι
1249 730 1343 785 καί
1390 747 1572 802 φησιν,
1615 732 1679 783 ὲκ
1700 728 1808 780 τῶν

233 831 393 886 θείων
437 828 669 902 Γραφῶν
725 824 1098 898 μεμαθηκέναι
1140 823 1329 878 τοῦτον
1374 823 1465 876 τὸν
1497 823 1594 893 τῆς
1629 820 1810 875 θεοσε-

231 921 386 987 ϐείας
405 922 624 994 τρόπον.
665 917 807 986 Ἐγὼ
839 918 914 981 δὲ,
947 919 1074 970 ὅταν
1107 917 1205 987 μὲν
1232 915 1388 968 τοῦτο
1414 914 1567 987 λέγῃ,
1617 912 1810 967 ἀποδέ-

232 1031 398 1088 χομαι
420 1012 623 1083 σφόδρα
640 1010 709 1064 τά
729 1009 1012 1079 λεγόμενα.
1037 1007 1229 1070 Κοινδς
1251 1007 1360 1078 γὰρ
1381 999 1537 1068 οὗτος
1555 1003 1809 1058 ἁπάντων

234 1106 388 1178 ἡμῶν
444 1107 545 1174 τῆς
607 1101 917 1164 θεοσεϐείας
969 1100 998 1152 6
1057 1098 1274 1167 τρόπος·
1347 1096 1662 1151 "tandem
1722 1096 1810 1160 εις

232 1195 483 1264 Πατέρα,
524 1195 619 1248 καί
663 1192 820 1254 Υίὸν,
868 1191 966 1246 καί
1009 1191 1180 1260 ἄτιον
1215 1189 1472 1259 Πνεῦμα.
1517 1188 1682 1241 ’Όταν
1727 1185 1806 1250 δὲ,

233 1287 308 1358 μὴ
329 1287 432 1355 τῆς
455 1284 605 1348 θείας
637 1283 1033 1354 ἐστοχασμένος
1063 1281 1363 1350 δυνάμεως,
1392 1277 1809 1350 ἀνθρωπικώτε-

232 1395 322 1449 ρον
351 1378 485 1448 ἡμῖν
515 1377 604 1430 διά
636 1392 781 1438 τινος
809 1373 1054 1444 ἐντέχνου
1090 1372 1339 1443 θεωρίας,
1373 1370 1461 1423 τόν
1495 1387 1554 1423 τε
1587 1370 1808 1442 Πατέρα

233 1470 448 1539 Πατέρα
477 1467 628 1539 λέγῃ,
659 1467 754 1519 καὶ
786 1465 876 1518 τὸν
905 1465 1029 1517 Υίὸν
1052 1463 1198 1526 Υίὸν,
1227 1464 1326 1516 οὐκ
1349 1461 1421 1514 ἐτ’
1444 1464 1686 1515 ἐπαινεῖν
1709 1461 1808 1533 τὴν

237 1558 482 1630 τοιαύτην
516 1558 749 1629 θεωρίαν
782 1557 1078 1610 ἀκίνδυνον.
1131 1555 1228 1608 Διά
1284 1555 1391 1626 γὰρ
1427 1555 1524 1624 τῆς
1557 1552 1808 1622 τοιαύτης

230 1650 462 1721 θεωρίας
490 1648 586 1721 τὴν
621 1648 714 1701 νῦν
750 1647 931 1709 αὐτοῖς
973 1644 1360 1715 ὲπινοουμένην
1411 1643 1622 1714 αἵρεσιν
1652 1641 1809 1707 αὐξά-

236 1741 412 1795 νεσθαι
443 1739 764 1810 συμϐαίνει·
794 1738 982 1807 ὥσπερ
1016 1736 1200 1804 σαφῶς
1227 1735 1488 1801 ἐπιδεῖξαι
1520 1734 1700 1804 ῥᾴδιον
1726 1727 1805 1785 οἶ·-

233 1851 329 1902 μαι
353 1833 418 1885 ὲκ
446 1831 554 1885 τῶν
583 1829 748 1884 αὑτοῦ
781 1829 970 1896 λόγων.
1003 1829 1144 1898 Ἔφη
1180 1827 1286 1895 γὰρ
1320 1825 1556 1894 τὸνμὲν
1577 1822 1808 1890 Πατέρα

230 1924 355 1979 δεῖν
378 1921 613 1990 ἀληθῶς
649 1919 880 1987 Πατέρα
921 1915 1071 1972 εἶναι
1100 1917 1373 1987 νομίζειν,
1404 1916 1501 1969 καὶ
1530 1914 1637 1968 τὸν
1674 1916 1818 1969 Υίὸν·

229 2013 465 2080 ἀληθῶς
519 2015 685 2067 Υίόνο
733 2013 830 2066 καί
880 2012 947 2066 τὸ
997 2011 1168 2080 ἄτιον
1210 2009 1453 2078 Πνεῦμα
1502 2008 1803 2072 ὡσαύτως.

229 2106 412 2160 Ταῦτα
433 2107 461 2158 6
485 2103 803 2175 Μάρκελλος
835 2103 965 2174 πρὸς
1002 2101 1293 2171 Ἀστέριον,
1311 2100 1410 2152 οὐκ
1441 2098 1804 2168 ἀρεσκόμενος

229 2196 306 2267 τῷ
346 2196 437 2249 τὸν
470 2195 688 2266 Πατέρα
730 2194 837 2247 δεῖν
867 2192 1080 2264 ἀληθῶς
1115 2192 1332 2263 Πατέρα
1364 2191 1666 2261 ὁμολογεῖν,
1711 2190 1805 2242 καὶ

229 2287 318 2342 τὸν
348 2288 478 2340 Υίὸν
505 2286 720 2356 ἀληθῶς
769 2285 914 2348 Υίὸν,
965 2285 1057 2338 καὶ
1088 2284 1146 2336 τὸ
1186 2285 1337 2351 ἅγιον
1367 2281 1591 2352 Πνεῦμα
1627 2281 1806 2334 ὡσαύ-

229 2396 353 2441 τως.
382 2377 544 2431 Ὅθεν
579 2376 705 2448 ἑξῆς
746 2376 833 2431 διὰ
884 2374 1234 2446 μακροτέρων
1278 2373 1668 2437 ἀνασκευάζειν
1715 2374 1806 2426 τὸν

230 2471 358 2542 περὶ
391 2468 593 2522 τούτων
642 2469 893 2539 πειρᾶται
921 2466 1095 2536 λόγον.
1133 2465 1300 2520 Ψιλὸν
1325 2465 1434 2536 γάρ
1485 2464 1578 2518 καὶ
1609 2465 1687 2535 τῷ
1716 2467 1808 2519 ἀν-

229 2558 482 2630 θρωπείῳ
509 2557 652 2628 λόγῳ
671 2558 874 2627 ὅμοιον,
898 2557 1017 2626 οὐχὶ
1039 2555 1095 2608 δὲ
1123 2556 1249 2609 Υίὸν
1268 2553 1483 2626 ἀληθῶς
1505 2553 1680 2619 ζῶντα
1714 2554 1807 2607 καὶ

229 2649 531 2719 ὑφεστῶτα,
584 2648 674 2702 τὸν
713 2648 943 2719 Χριστὸν
977 2643 1114 2699 εἶναι
1149 2646 1429 2716 ὁμολογεῖν
1457 2644 1648 2700 ἐθέλει.
1698 2646 1807 2698 Καὶ

229 2739 416 2812 ἐπειδὴ
437 2739 637 2810 ταύτην
661 2733 779 2791 εῐπε
810 2737 1138 2792 ἐπινοεῖσθαι
1171 2735 1265 2789 νῦν
1294 2736 1523 2808 αἰρεσιν,
1545 2735 1803 2799 δεικτέον,

227 2833 304 2897 ὡς
333 2832 558 2904 προῖὼν,
575 2831 878 2903 Ὤριγένους
895 2831 988 2884 τοῦ
1016 2828 1181 2883 πάλαι
1198 2830 1272 2898 (2)
1287 2829 1576 2899 γενομένου
1600 2829 1809 2900 μέμνη-

227 2940 318 2979 ται
358 2924 436 2988 ὡς
469 2921 847 2995 ὁμοδοξοῦντος
877 2925 986 2988 τοῖς
1021 2923 1138 2977 νυν)⁸
1166 2923 1303 2994 πρὸς
1332 2919 1494 2974 αὑτοῦ
1524 2921 1805 2975 διαϐαλλο-

233 3017 432 3088 μένοις.
474 3014 613 3084 Ἐγὼ
638 3015 695 3068 δὲ
722 3017 814 3069 καὶ
851 3016 1156 3087 Ὠριγένους
1188 3013 1573 3085 παλαιωτέρων
1600 3012 1808 3085 ἀνδρῶν

231 3109 502 3173 πλείστοις
525 3109 670 3172 ὅσοις
696 3109 1166 3179 ὲκκλησιαστικοῖς
1201 3106 1629 3178 συγγράμμασιν
1659 3108 1807 3159 ἐντε-

228 3200 464 3271 τύχηκα,
490 3201 802 3254 ἐπισκόπων
835 3218 894 3254 τε
919 3201 1012 3254 καὶ
1035 3200 1264 3300 συνόδων
1290 3199 1597 3263 ἐπιστολαῖς
1626 3200 1810 3270 διαφό-
1837 3246 1878 3300 C

233 3309 365 3363 ροις,
401 3293 675 3365 πρόπαλαι
709 3294 1057 3364 γραφείσαις,
1088 3293 1155 3345 δι’
1184 3286 1262 3346 ὧνΔ
1293 3288 1371 3357 είς
1409 3293 1501 3346 καὶ
1531 3295 1560 3346 6
1591 3292 1752 3357 αὐτὸς
1780 3295 1808 3346 6

229 3381 330 3452 τῆς
357 3383 590 3447 πίστεως
619 3383 905 3455 χαρακτὴρ
939 3383 1342 3437 ἀποδείκνυται.
1370 3383 1484 3436 Οὐκ
1505 3383 1679 3455 ὀρθῶς
1701 3383 1808 3455 ἄρα

228 3474 581 3546 διαϐέϐληκεν
615 3474 784 3529 είπὼν
842 3474 1169 3530 ἐπινοεῖσθαι
1202 3476 1300 3547 τὴν
1329 3475 1422 3530 νῦν
1456 3476 1668 3546 αἵρεσιν
1705 3476 1809 3528 ὑπὸ

229 3566 338 3620 τῶν
362 3566 813 3638 διαϐαλλομένων.
833 3567 987 3621 Μετὰ
1007 3566 1177 3621 ταῦτα
1207 3568 1400 3639 μικρὸν
1429 3567 1726 3639 προελθὼν,
1745 3569 1805 3622 οὐ

229 3658 321 3712 τὸν
348 3659 622 3730 Ἀστέριον
649 3659 826 3730 μόνον,
851 3656 985 3713 ἀλλά
1007 3659 1099 3712 καὶ
1126 3658 1216 3712 τὸν
1236 3659 1408 3729 μέγαν
1424 3657 1681 3711 Εύσέϐιον
1706 3659 1806 3730 (5),

229 3745 293 3806 οὗ
348 3751 449 3822 τῆς
509 3751 813 3822 ἐπισκοπῆς
866 3750 1114 3804 πλεῖσται
1169 3751 1261 3803 καὶ
1316 3750 1591 3820 διαφανεῖς
1641 3751 1813 3821 ἐπαρ-

230 3841 343 3913 ιίαι
391 3859 450 3894 τε
497 3843 591 3894 καὶ
639 3842 822 3905 πόλεις
858 3841 1315 3913 μετεποιήθησαν,
1352 3841 1536 3905 κακῶς
1560 3841 1810 3912 ἀγορεύει

228 3928 415 3985 τοῦτον
442 3931 533 3983 τὸν
558 3931 764 4003 ,τρόπον
784 3947 796 3960 ·
832 3949 850 3983 ‹
895 3932 1227 4002 ’Υπομνήσω
1251 3931 1308 3983 δέ
1334 3948 1415 3994 σε,
1440 3923 1514 3985 ὧν
1543 3931 1705 3993 αὐτὸς
1725 3931 1810 3999 γέ-

235 4040 255 4073 (
299 4039 477 4095 γραφε
505 4024 890 4094 συνιστάμενος
917 4026 1026 4086 τοῖς
1053 4022 1238 4087 κακῶς
1260 4023 1364 4076 ὑπὸ
1395 4023 1652 4076 Εὑσεϐίου
1676 4040 1810 4094 γρα-

236 4133 255 4166 t
275 4119 467 4185 ’φεῖσι,
485 4116 573 4170 ἵνα
586 4115 748 4187 γνῷς,
774 4117 854 4169 ὅτι
887 4116 1178 4185 ἀφίσταται
1205 4115 1390 4184 σαφῶς
1417 4115 1518 4185 τῆς
1539 4115 1809 4187 προτέρας

235 4225 255 4257 ι
300 4207 661 4276 ἀπαγγελίας.
698 4208 1088 4279 Γέγραφε’γάρ
1121 4208 1312 4271 αὑταῖς
1363 4206 1568 4271 λέξεσιν
1607 4206 1803 4270 οὕτως’

306 4421 363 4479 ᾖ
397 4413 495 4469 Ed.
533 4414 731 4478 l'aris.,
756 4431 876 4485 pag.
912 4415 1002 4468 20.

1915 637 2091 689 minus
2120 644 2265 705 recte
2297 634 2509 688 fuerant
2543 631 2766 686 saucita:
2795 645 2810 684 :
2844 648 2865 682 ι
2909 629 3143 685 Credere
3163 629 3305 683 enim
3331 643 3391 683 se
3425 629 3481 683 in

1917 746 1934 778 ι
1985 729 2148 784 Deum
2181 726 2394 780 Patrem
2423 724 2867 794 omnipotentem,
2899 726 2954 778 et
2995 721 3048 776 in
3077 720 3274 776 Filium
3309 720 3482 792 ipsius

1915 839 1934 872 ι
1982 816 2320 888 unigenitum
2385 815 2575 880 Deum,
2637 812 2925 869 Dominum
2989 821 3237 867 nostrum
3296 811 3481 866 lesum

1914 930 1934 964 ι
1977 909 2279 973 Christum,
2311 916 2368 962 et
2419 907 2476 962 in
2528 906 2789 978 Spiritum
2837 913 3127 962 sanctum:
3161 923 3181 957 ι
3210 904 3394 974 aitque
3423 918 3483 959 se

1909 1004 2156 1058 edoctum
2190 1016 2221 1056 e
2249 1001 2420 1056 sacris
2459 999 2653 1054 litteris
2680 999 2824 1054 hanc
2856 997 3073 1066 pietatis
3098 996 3325 1052 formam
3344 995 3483 1051 didi-

1911 1091 2066 1146 cisse.
2090 1089 2221 1157 Quae
2250 1091 2329 1145 sic
2364 1091 2430 1146 ab
2468 1088 2559 1144 illo
2583 1087 2750 1155 dicta,
2784 1087 3161 1143 lubentissimo
3182 1085 3483 1156 amplector

1911 1183 2111 1236 animo.
2150 1181 2242 1236 Est
2268 1181 2412 1236 enim
2439 1179 2746 1236 communis
2774 1179 2892 1234 hac
2921 1179 3167 1234 omnium
3218 1177 3341 1232 ﬁdei
3369 1176 3484 1232 for-

1911 1271 2085 1326 mula:
2107 1269 2330 1326 Credere
2348 1272 2404 1326 in
2424 1270 2658 1338 Patrem,
2683 1279 2733 1324 et
2752 1267 2979 1337 Filium,
3006 1279 3054 1325 et
3074 1268 3336 1338 Spiritum
3351 1284 3481 1323 sati-

1910 1373 2068 1417 ctum.
2101 1362 2171 1415 At
2206 1361 2520 1425 cumidem,
2547 1361 2846 1430 potentiam
2877 1368 2931 1415 et
2969 1360 3076 1415 vim
3110 1360 3348 1414 divinam
3383 1359 3484 1414 mi-

1912 1455 2056 1508 nime
2094 1453 2406 1516 advertens,
2437 1452 2680 1507 humano
2713 1465 2865 1507 more
2907 1465 3005 1520 per
3057 1451 3483 1521 Speculationem

1909 1545 2196 1614 quamdam
2219 1544 2438 1599 Patrem
2461 1544 2593 1600 dicit
2616 1543 2871 1610 Patrem;
2900 1543 3095 1599 Filium
3120 1544 3346 1610 Filium,
3374 1559 3483 1600 non

1910 1637 2134 1708 perinde
2164 1645 2278 1692 tuto
2301 1636 2525 1692 laudare
2548 1635 2678 1690 mibi
2706 1650 2806 1705 par
2843 1643 2947 1700 est,
2979 1635 3120 1690 banc
3148 1638 3268 1704 ejus
3294 1633 3483 1705 hujus-

1911 1727 2119 1782 cemodi
2165 1725 2705 1795 contemplationem.
2736 1724 2839 1781 Per
2870 1724 3010 1780 hanc
3039 1725 3238 1778 etenim
3271 1725 3488 1780 contin-

1915 1818 2011 1886 git,
2049 1817 2298 1872 haeresim
2329 1816 2402 1871 ab
2433 1817 2539 1871 illis
2581 1816 2930 1872 adinventam
2962 1816 3357 1872 incrementum
3390 1829 3484 1871 su-

1912 1923 2094 1974 mere;
2123 1909 2264 1978 quod
2301 1907 2463 1963 facile
2490 1921 2576 1962 me
2603 1922 2762 1978 posse
2809 1909 3189 1962 demonstrare
3229 1908 3482 1972 arbitror,

1913 2001 2185 2069 productis
2213 2015 2331 2069 qua:
2357 1998 2426 2054 ab
2447 1999 2537 2054 illo
2569 1999 2710 2055 dicta
2743 2009 2890 2054 sunt.
2924 1998 3015 2072 [Β.
3049 1998 3210 2071 LlX.]
3239 1998 3484 2054 Allirmat

1911 2093 2054 2146 enim
2089 2095 2234 2162 quod
2267 2093 2476 2146 omnino
2506 2093 2576 2146 sit
2617 2107 2822 2147 necesse
2866 2090 3086 2146 Patrem
3118 2092 3360 2160 conﬁteri
3396 2109 3486 2147 vc-

1912 2186 2109 2238 raciter
2157 2201 2269 2239 esse
2301 2183 2515 2240 Patrem
2542 2201 2560 2238 :
2580 2195 2628 2240 et
2663 2182 2867 2239 Filium
2902 2185 2971 2238 ad
3003 2185 3241 2238 eumdem
3269 2187 3486 2239 modum

1911 2291 2021 2329 em
2051 2272 2100 2327 F
2104 2276 2252 2329 ilium
2279 2292 2414 2343 vere,
2449 2291 2540 2330 nec
2578 2293 2684 2330 non
2707 2287 2756 2329 et
2792 2273 3049 2344 Spiritum
3078 2287 3340 2332 sanctum.
3363 2276 3485 2333 Haec

1912 2378 2098 2422 contra
2127 2368 2400 2422 Aeterium
2435 2368 2718 2423 Marcellus
2757 2365 3013 2435 allirmat,
3052 2384 3156 2424 non
3197 2377 3486 2424 contentus

1912 2459 2155 2528 posuisse
2211 2460 2262 2512 in
2311 2460 2587 2526 coniesso,
2647 2459 2862 2516 Patrem
2916 2463 3313 2531 agnoscendum
3362 2475 3486 2517 esse

1911 2551 2127 2606 Patrem
2159 2553 2450 2616 veraciter,
2477 2552 2674 2608 Filium
2704 2567 2826 2609 esse
2859 2551 3087 2619 Filium,
3135 2562 3188 2608 et
3221 2551 3486 2625 Spiritum

1914 2657 2159 2703 sanctum
2188 2647 2254 2700 ad
2285 2645 2532 2701 eumdem
2565 2647 2806 2700 modum.
2829 2644 2969 2702 Hinc
3002 2644 3204 2700 factum
3237 2655 3296 2700 ut
3325 2645 3483 2700 deio-

1913 2753 2038 2808 ceps
2076 2739 2129 2792 in
2165 2739 2628 2808 consequentibus
2656 2736 2904 2793 refellere
2941 2746 3167 2792 conetur
3216 2738 3359 2792 hanc
3387 2751 3488 2806 po-

1913 2831 2182 2886 sitionem.
2216 2829 2342 2886 Vult
2379 2830 2523 2886 enim
2579 2829 2858 2886 Christum
2910 2831 3312 2901 agnoscendum
3363 2843 3487 2884 esse

1914 2905 2128 2977 nudum
2147 2925 2370 2978 verbum
2405 2933 2461 2980 et
2493 2923 2730 2978 humano
2752 2921 3220 2989 consimillimum,
3251 2935 3358 2976 non
3392 2937 3489 2976 au-

1917 3025 2022 3068 tem
2069 3014 2260 3069 Filium
2303 3030 2422 3071 esse
2457 3014 2553 3072 Dei
2596 3015 2775 3070 vivum
2815 3023 2872 3070 et
2907 3015 3317 3070 subsistentem.
3349 3013 3484 3070 Cum

1915 3120 2045 3160 vero
2072 3107 2138 3161 ab
2169 3106 2257 3160 illo
2287 3107 2491 3162 dictum
2540 3108 2630 3173 sit,
2671 3108 2982 3177 nuperrime
3037 3107 3178 3161 hanc
3232 3107 3484 3162 haeresim

1915 3199 2273 3266 excogitatam
2299 3197 2488 3264 fuisse,
2525 3203 2584 3263 »Β
2615 3198 3008 3254 ostendendum
3046 3208 3150 3265 est,
3173 3196 3488 3268 Origenem.

1917 3290 2064 3345 illum
2098 3291 2270 3359 ipsum
2293 3291 2386 3361 qui
2411 3290 2546 3345 vixit
2567 3305 2694 3346 cum
2721 3289 3020 3360 majoribus
3045 3291 3266 3357 nostris,
3289 3292 3355 3344 ab
3385 3291 3489 3345 hec

1914 3382 2034 3453 ipso
2082 3382 2356 3451 Marcello,
2388 3383 2442 3437 in
2476 3397 2734 3455 processu
2785 3383 3056 3438 sermonis
3103 3383 3397 3448 introduci,
3431 3392 3488 3436 ut

1913 3475 2158 3530 eamdem
2201 3472 2473 3532 foventem
2523 3476 2800 3545 opinionis
2845 3475 3192 3542 sententiam,
3229 3490 3350 3531 cum
3394 3475 3487 3532 iis.

1913 3581 2049 3635 quos
2080 3577 2321 3623 accusat.
2356 3567 2470 3640 Ego
2506 3580 2689 3626 autem
2739 3569 3130 3642 scriptiOuibus
3153 3567 3490 3624 ecclesiasti—

1912 3659 1992 3715 cis
2022 3661 2443 3730 quamplurimis
2471 3662 2747 3731 perlectis,
2785 3665 2853 3718 ab
2885 3662 3120 3734 Origene
3158 3659 3484 3729 antiquiorio

1914 3750 2014 3806 bus
2051 3750 2180 3805 olim
2227 3751 2565 3808 elaboratis:
2595 3761 2650 3808 et
2681 3753 2930 3823 epistolis
2968 3751 3204 3808 diversis
3251 3750 3490 3822 synodo-

1912 3857 2030 3896 rum
2072 3851 2129 3898 et
2180 3843 2566 3913 episcoporum
2599 3847 2823 3901 nomine
2855 3843 3078 3913 scriptis
3105 3860 3118 3896 :
3145 3845 3199 3897 in
3234 3841 3342 3897 illis
3377 3841 3491 3896 sin-

1911 3934 2052 4002 gulis
2104 3937 2354 3992 eumdem
2415 3938 2537 3993 fidei
2588 3938 2906 3995 charactera
2944 3952 3040 4006 per
3069 3937 3252 3992 omnia
3307 3934 3494 4004 depre-

1917 4025 2100 4080 hendi.
2135 4025 2204 4082 Ut
2232 4042 2456 4085 necesse
2487 4029 2560 4084 sit
2595 4029 2749 4084 illum
2795 4045 2986 4101 parum
3018 4027 3317 4084 secundum
3350 4027 3494 4080 veri-

1919 4125 2086 4172 tatem
2141 4119 2284 4175 hanc
2345 4121 2751 4198 accusationem
2806 4122 3141 4185 instituisse,
3179 4119 3493 4190 nuperrime

1917 4209 2074 4264 istam
2094 4211 2346 4268 haeresim
2373 4214 2742 4272 adinventam.
2769 4214 3104 4270 Procedente
3126 4227 3288 4283 porro
3309 4210 3495 4282 paula-

235 4597 393 4659 Deus,
417 4609 580 4667 verus
606 4595 823 4667 quidem
859 4611 963 4667 non
1002 4595 1350 4667 dieingsane
1384 4595 1804 4667 aputl_AIitana-

1914 4597 2113 4667 ψηφον.
2148 4594 2286 4667 Quid
2317 4595 2383 4650 de
2425 4594 2514 4667 illo
2557 4593 2903 4667 χαλκεντέρῳ
2933 4591 3228 4667 scripserat
3270 4593 3490 4649 Marcel-

234 4667 398 4730 siutn,
441 4665 692 4734 inquiunt
720 4665 924 4728 Ariani,
952 4667 998 4716 εἰ
1037 4665 1218 4718 δὲκαὶ
1257 4665 1390 4717 Θεὸν
1428 4665 1678 4734 ἀληθινὸν
1723 4665 1810 4718 λέ-

235 4752 389 4807 γουσι
426 4734 698 4807 τδνᾲΥίὸν,
719 4735 778 4787 ού
809 4735 967 4807 λυπεῖ
991 4738 1155 4807 ἡμᾶς·
1183 4735 1470 4807 γενόμενος
1491 4736 1599 4807 γὰρ
1626 4735 1812 4806 ἀληθι-

233 4803 321 4867 νός
353 4808 487 4858 ἐστι.
513 4803 604 4858 Sic
627 4805 705 4858 illi
737 4803 1511 4860 nebuloneslutlebant'Vafre.
1525 4803 1810 4859 Marcellus

237 4886 484 4946 assuetus
511 4875 723 4946 illorum
760 4877 969 4930 tccltnis
1010 4879 1112 4929 llOC
1144 4877 1318 4944 tetigit
1365 4893 1379 4928 :
1419 4879 1645 4946 pupugit
1681 4892 1810 4945 ergo

235 4945 326 4999 τὸν
361 4945 569 5015 σαπρόν
600 4944 907 5009 Eusebium,
937 4956 990 5000 et
1036 4947 1160 5000 hinc
1189 4946 1275 4998 illa
1320 4944 1808 4998 immanis—calum-

239 5015 325 5068 nia
350 5017 403 5067 iu
433 5016 749 5082 eum,quasi
780 5015 974 5069 Filium
1009 5016 1099 5069 Dei
1134 5031 1237 5069 non
1267 5029 1454 5068 revera
1475 5016 1669 5070 Filium
1696 5031 1811 5071 cre-

240 5087 389 5137 deret
424 5085 534 5146 ille,
558 5086 650 5153 qui
703 5101 806 5138 non
841 5087 1207 5155 oppugnabat.
1238 5083 1488 5155 ἀληθινὸν
1515 5086 1644 5138 Υίόν
1677 5087 1807 5138 sim-

241 5155 476 5222 pliciter,
505 5157 596 5207 sed
631 5163 838 5208 tantum
870 5157 1164 5209 secundum
1195 5168 1427 5209 mentem
1454 5158 1806 5219 Arianorum,

241 5226 329 5292 qui
384 5238 572 5278 verum
607 5223 798 5287 Deum,
830 5239 1014 5278 verum
1072 5224 1287 5289 Filium,
1313 5241 1495 5278 verum
1548 5227 1804 5288 Verbum,

240 5309 291 5346 et
321 5295 502 5347 omnia
535 5296 601 5347 de
644 5309 710 5348 eo
753 5308 879 5348 vera
927 5296 1255 5360 fatebantur,
1294 5297 1387 5350 sed
1427 5295 1693 5360 ὑπούλως,
1722 5307 1806 5348 ut-

243 5373 366 5430 pote
389 5378 494 5416 non
525 5376 786 5417 aeternum
831 5368 924 5417 sed
968 5376 1233 5420 creatum.
1275 5381 1380 5418 non
1418 5366 1672 5430 ὁμούσιον
1712 5369 1804 5418 sed

243 5382 366 5430 pate
389 5382 494 5416 non
525 5382 786 5417 :Btel'lllllll
831 5382 924 5417 seu
968 5382 1233 5420 creatum.
1275 5382 1380 5418 non
1418 5382 1446 5418 ο
1493 5383 1672 5417 ουσιον
1712 5382 1804 5418 seu

243 5431 582 5504 έτερούσιον,
631 5434 697 5486 ad
747 5449 1013 5488 summum
1070 5436 1394 5504 ὁμοιούσιον.
1578 5465 1648 5476 ---
1692 5435 1813 5488 Mox

1915 4662 2022 4731 ius,
2053 4683 2153 4720 non
2193 4665 2379 4734 liquet.
2414 4662 2571 4734 Certe
2598 4662 2926 4718 Athanasius
2959 4662 3100 4717 illius
3132 4666 3359 4718 advocat
3408 4675 3490 4717 te-

1912 4733 2257 4798 stimonium,
2313 4737 2364 4789 in
2397 4749 2503 4802 quo
2541 4733 2838 4857 Btapptle'qv
2871 4733 2998 4787 illud
3019 4735 3356 4817 .{irianorum
3382 4735 3489 4806 ψήο

1915 4827 2110 4857 tomum.
2142 4803 2208 4857 ἦν
2233 4807 2322 4857 ὅτε
2351 4806 2450 4857 οὐκ
2474 4801 2563 4857 ἦν.
2589 4804 2718 4857 relel
2748 4816 2855 4857 llltl'
2881 4815 2935 4857 et
2957 4817 3218 4857 rencntur.
3239 4804 3489 4857 M.——-Su—

1915 4827 2111 4879 φισμα,
2142 4803 2208 4877 ἦν
2233 4807 2322 4858 ὅτε
2351 4801 2450 4879 οὐκ
2474 4801 2563 4874 ἦν,
2589 4801 2855 4879 refellitur
2881 4815 2935 4858 et
2957 4803 3218 4879 rejicitur.
3239 4801 3490 4879 M.—_—-Stiv

1915 4875 2103 4947 prati);
2128 4875 2254 4930 ante
2281 4875 2516 4947 προῖὼν;
2556 4875 2692 4947 inita
2719 4878 2747 4928 6
2773 4885 2897 4947 ante
2928 4875 3090 4938 αὑτός
3126 4875 3283 4944 vulgo
3312 4876 3486 4947 deest.

1985 4950 2058 5021 (ὅ)
2107 4948 2218 5021 Τὸν
2257 4945 2464 5021 μέγαν-
2493 4945 2807 5021 Εὐσέϐιον.
2868 4946 3098 5021 Semper
3142 4947 3243 5021 hoc
3284 4946 3490 5021 elogio,

1919 5016 2059 5073 hunc
2091 5019 2409 5078 alastoretn;
2453 5016 2542 5069 hic
2575 5030 2705 5069 vero
2748 5026 2969 5084 apparet
3016 5018 3164 5069 illum
3213 5016 3490 5082 designati

1917 5088 2407 5143 Nicomediensem.
2446 5087 2574 5140 Erat
2609 5087 2752 5141 enim
2782 5089 3191 5154 episcopatuum
3227 5085 3488 5147 desultor,

1915 5159 2246 5228 Berytcusis,
2298 5157 2761 5228 Nicomediensis,
2798 5155 3434 5228 Constantinopolitanus
3475 5174 3487 5207 :

1912 5225 2034 5283 etsi
2070 5237 2214 5283 recte
2246 5229 2487 5289 memini,
2513 5227 2746 5279 ambitur
2779 5226 2905 5279 olim
2945 5227 3296 5279 Antiochense
3325 5225 3490 5279 sedis.

1913 5300 2075 5365 Quasi
2109 5302 2208 5352 hoc
2233 5299 2284 5350 in
2311 5313 2376 5352 eo
2403 5296 2560 5350 laude
2591 5296 2770 5350 fuerat
2801 5297 3044 5364 dignum,
3073 5298 3144 5348 ita
3177 5296 3244 5348 ab
3273 5294 3491 5365 hocqui-

1918 5364 2030 5423 tero
2084 5369 2315 5422 Eusebio
2370 5378 2858 5433 commemoratur;
2890 5368 3161 5432 obiectum
3195 5374 3278 5419 est
3304 5364 3354 5417 ei
3390 5364 3491 5417 hoc

1921 5441 2118 5506 ipsum,
2149 5437 2461 5490 ambitionis
2488 5437 2729 5495 animali,
2757 5451 2852 5506 per
2881 5435 3318 5506 Constantinum,
3353 5449 3491 5506 non-

247 5501 352 5578 μυ.
402 5501 572 5578 τύπον
601 5504 966 5578 Ιοοο-τρίπον,
1011 5501 1134 5558 dein
1163 5509 1322 5575 vulgo
1365 5509 1514 5561 deest
1557 5505 1654 5576 μέν
1693 5514 1809 5574 post

1921 5501 2044 5562 dum
2073 5501 2492 5578 ἀνρειανίζονταηε
2539 5507 2584 5578 is
2613 5520 2737 5559 eum
2761 5501 3024 5578 depingit
3070 5505 3209 5575 apud
3227 5502 3496 5578 _'l_'heudo-

241 5573 370 5625 ὅταν
393 5582 447 5623 et
476 5572 610 5624 infra
642 5572 797 5641 vulgo
818 5575 914 5627 Πν.
942 5575 1114 5642 ἅγιον.

315 5642 390 5712 t2)
445 5642 778 5712 Ὠριτέξους
811 5645 914 5697 τοῦ
953 5645 1159 5698 πάλαι.
1209 5642 1328 5697 Jam
1378 5643 1813 5710 antcOrigencm

247 5707 612 5782 recensuerat
641 5707 901 5767 Eusebius
949 5717 1090 5767 inter
1119 5729 1212 5768 eos
1246 5730 1384 5782 quos
1412 5719 1528 5769 vult
1583 5707 1812 5766 marcel-

247 5781 358 5836 lum
403 5780 764 5852 proscidissc;
805 5784 892 5838 hic
942 5799 1070 5852 ergo
1106 5786 1171 5836 ad
1204 5780 1443 5838 eaindem
1492 5784 1812 5838 sententiam

249 5853 346 5919 ait,
381 5851 671 5919 Origeuem
695 5853 759 5906 ab
785 5869 847 5907 eo
892 5851 1201 5908 accusatum
1245 5856 1403 5909 \cluti
1435 5856 1648 5910 Arianis
1678 5853 1817 5921 σύμ-

1922 5589 2020 5630 ret.
2049 5573 2284 5630 nondum
2335 5578 2402 5630 ab
2429 5577 2520 5629 illo
2555 5577 2826 5631 inescatus
2855 5573 3032 5641 lihft,
3060 5573 3182 5644 cap.
3221 5573 3289 5626 20
3319 5588 3335 5637 ς
3373 5574 3494 5644 vide

1921 5647 2199 5713 epistolam
2255 5646 2509 5701 Ecclesiae
2552 5647 2930 5700 Alexandrinae
2977 5642 3408 5715 apudetbanas.
3438 5642 3494 5715 in

1921 5719 2074 5786 .4pu_l.
2112 5733 2172 5777 ll,
2191 5717 2256 5769 de
2273 5720 2391 5786 ejus
2420 5716 2712 5786 desultoria
2746 5713 3060 5786 ambitione.
3082 5713 3360 5767 M.—-—Deiu
3379 5714 3496 5786 vul-

1917 5781 1983 5855 go
2014 5781 2087 5843 ὧν
2131 5781 2382 5854 αὐτὸξγ.
2434 5784 2876 5857 συνεσταλμένος.
2938 5785 3042 5853 Μρ.
3077 5803 3166 5857 γρ.
3209 5782 3494 5838 συνεσταλι

1925 5857 2116 5925 μένως,
2143 5860 2280 5913 idem
2312 5872 2434 5912 mox
2453 5873 2542 5928 γρ.
2570 5855 2896 5924 ἐπαγγελίας
2926 5857 3045 5912 loco
3074 5855 3244 5924 ἀπαγ.
