4106 6392
690 336 796 392 159

1326 328 1594 386 EUSEBII
1634 327 2109 385 CESARIENSIS
2146 328 2297 386 OPP.
2338 329 2516 385 PARS
2556 330 2639 385 IV.
2682 361 2751 371 —
2790 329 3201 386 DOGMATICA.

3806 327 3907 385 760

693 459 872 507 autem
896 457 956 506 se
978 453 1055 507 ita
1082 447 1315 503 habent:
1350 468 1367 500 ε
1395 446 1631 518 Tempus
1663 459 1839 504 autem
1872 457 1979 513 est,
2004 456 2239 518 utpauca

2347 467 2365 498 ι
2408 450 2569 519 γεννᾷ
2597 449 2694 519 μὲν
2716 448 2774 515 ἐξ
2794 447 2957 502 αὑτοῦ
2982 449 3139 501 ὁποῖα
3157 446 3225 501 τὰ
3253 463 3361 500 των
3392 445 3546 510 ζώων
3566 444 3906 515 γεννήματα,

700 562 718 594 ι
754 542 823 598 de
849 538 1225 613 praetermissis
1253 548 1579 603 attexamus,
1610 551 1731 606 quc
1780 539 1846 591 ad
1879 537 2091 592 Patrem
2124 551 2242 605 spe-

699 656 720 682 ο
750 639 914 695 ctant,
929 639 985 685 et
1001 628 1214 694 Filium,
1230 638 1287 686 et
1300 630 1555 697 Spiritum
1568 618 1833 683 sanctum.
1850 627 1923 682 De
1940 628 2093 683 Patre
2109 628 2240 693 haec,

699 744 719 771 ι
752 722 897 791 quod
948 720 1291 777 indivisibilis
1320 735 1441 774 cum
1472 720 1701 774 exsistat
1733 732 1832 773 nec
1887 718 2203 775 dividendus
2225 761 2241 787 ,

697 834 718 863 ι
758 812 880 867 Filii
939 822 1115 867 tamen
1148 812 1308 867 Pater
1363 811 1467 875 sit;
1520 825 1625 864 non
1672 811 1923 865 emittens
1978 810 2148 871 illum,
2186 820 2244 863 ut

696 925 715 954 ι
758 920 866 960 non
910 918 1067 959 nemo
1116 902 1301 959 voluit.
1355 901 1486 957 Nam
1524 902 1570 958 si
1614 901 1784 957 Filius
1815 894 1993 955 Patris
2045 903 2126 955 sui
2173 902 2245 956 sit

695 1014 713 1045 ε
750 995 991 1061 emissio,
1021 1004 1075 1049 et
1096 992 1147 1049 si
1173 992 1321 1048 illum
1356 995 1421 1048 de
1453 994 1629 1062 seipse
1660 992 1867 1060 genuit,
1890 992 1955 1046 ad
1980 1007 2101 1047 eum
2130 1006 2245 1047 mo-

695 1107 720 1137 ο
757 1089 882 1143 dum
914 1100 1020 1155 quo
1073 1086 1138 1140 de
1170 1098 1229 1141 se
1283 1084 1534 1139 animalia
1592 1084 1845 1155 gignunt,
1897 1097 2116 1138 necesse
2162 1095 2245 1138 est

695 1196 713 1226 ι
750 1186 809 1230 ut
862 1188 1055 1246 corpus
1109 1175 1202 1232 ille
1266 1174 1336 1230 sit
1392 1174 1484 1243 qui
1536 1176 1755 1240 emittit,
1809 1184 1918 1229 tum
1978 1174 2141 1228 etiam
2188 1185 2244 1229 et

696 1289 715 1319 ι
755 1268 846 1324 ille
897 1271 987 1338 qui
1044 1268 1323 1323 emittitur.
1380 1286 1399 1319 ι
1464 1266 1596 1321 Tum
1646 1276 1926 1336 postquam
1988 1266 2054 1321 de
2111 1264 2237 1321 Ori-

691 1359 933 1426 genianis
985 1361 1085 1415 ista
1157 1359 1395 1430 quaedam
1446 1359 1833 1413 interseruerat
1868 1398 1885 1423 ,
1946 1356 2108 1412 infert
2177 1356 2243 1409 ad

694 1453 839 1506 lumc
879 1453 1092 1506 modum
1142 1471 1158 1505 :
1205 1470 1224 1503 ι
1267 1448 1495 1518 Scripsit
1533 1448 1795 1521 Origenes
1836 1466 1940 1507 non
1981 1466 2010 1505 a
2047 1451 2243 1505 sanctis

696 1561 725 1594 ο
761 1543 1034 1614 prophetis
1064 1552 1116 1596 et
1150 1542 1427 1610 apostolis,
1468 1544 1534 1597 de
1580 1542 1880 1597 aeternitate
1937 1541 2096 1597 Verbi
2147 1558 2244 1597 cu-

697 1650 721 1682 e
750 1633 900 1699 piens
945 1632 1190 1696 edoceri;
1233 1632 1327 1686 sed
1370 1647 1490 1686 cum
1535 1632 1638 1687 sibi
1685 1633 1784 1700 ipsi
1817 1632 1935 1701 plus
1968 1633 2133 1688 nimio
2165 1633 2245 1687 in-

699 1741 717 1772 c
752 1720 1013 1790 dulgeret,
1041 1735 1207 1777 ausus
1233 1729 1317 1775 est
1343 1723 1633 1776 secundam
1674 1723 1959 1791 quamdam
1994 1723 2244 1792 hyposta-

698 1831 723 1863 ο
756 1813 838 1866 sin
868 1812 1030 1868 Verbi
1069 1816 1419 1885 constituere.
1450 1834 1468 1867 ι
1498 1816 1570 1869 lta
1595 1815 1765 1870 illisce
1795 1828 1914 1882 qua:
1944 1813 2244 1867 rectissime

694 1904 763 1956 ab
783 1900 1014 1973 Origene
1036 1904 1179 1959 dicta
1200 1916 1347 1971 sunt,
1367 1921 1471 1959 non
1502 1906 1667 1960 licere
1681 1904 1886 1959 scilicet
1908 1903 2241 1975 corporalem

692 1996 979 2063 quamdam
997 2004 1053 2049 et
1078 1996 1345 2064 passivam
1373 1997 1775 2065 generationem
1799 1995 2093 2049 divinitatis
2120 1992 2240 2048 Filii

693 2083 786 2139 Dei
814 2085 1169 2151 comminisci,
1220 2100 1315 2154 per
1362 2086 1463 2140 ista
1495 2085 1851 2150 contradicit,
1898 2096 1951 2138 et
1994 2085 2242 2151 inprimis

689 2176 833 2245 quod
873 2176 1182 2247 bypostasin
1207 2178 1533 2233 concesserit
1575 2178 1735 2232 Filio.
1766 2177 1927 2231 Addit
1955 2176 2240 2248 Origeuem

692 2265 988 2321 maledictis
1020 2266 1300 2336 impetens,
1328 2278 1382 2321 et
1412 2277 1555 2322 recte
1581 2267 1648 2321 ab
1678 2267 1771 2322 illo
1802 2269 1991 2338 positis
2023 2278 2241 2321 contra-

691 2356 915 2413 dicens:
955 2375 973 2409 ι
1008 2358 1289 2428 Origenes,
1320 2360 1513 2427 inquit,
1551 2360 1678 2414 dum
1714 2360 1828 2413 haec
1872 2358 2088 2427 scriptis
2131 2359 2242 2412 suis

697 2463 719 2497 ο
752 2447 989 2513 mandat,
1017 2448 1249 2518 prepriis
1276 2450 1387 2503 suis
1426 2450 1594 2503 utitur
1627 2449 2018 2504 assertionibus
2046 2467 2059 2501 :
2095 2449 2145 2501 id
2178 2448 2242 2501 li-

695 2554 715 2587 ι
754 2546 882 2605 quet
934 2548 1140 2603 autem,
1177 2543 1318 2607 quod
1355 2555 1459 2593 non
1511 2554 1613 2593 una
1660 2548 1865 2593 tantum
1920 2540 2075 2602 vice,
2112 2554 2242 2593 suas

694 2645 715 2679 ι
750 2629 916 2696 ipsius
932 2630 1193 2685 subvertit
1219 2634 1547 2686 assertiones
1566 2648 1581 2696 ;
1602 2644 1934 2701 consequens
1952 2640 2129 2684 autem
2157 2640 2242 2685 est

694 2740 712 2770 ι
750 2721 837 2775 illa
888 2722 975 2776 hic
1026 2723 1145 2777 ideo
1203 2736 1647 2789 commemorare,
1690 2738 1809 2791 quae
1864 2724 1989 2777 alibi
2023 2724 2088 2777 de
2130 2724 2240 2778 Deo

693 2830 713 2862 ι
740 2813 887 2867 dicit.
919 2832 939 2865 ι
979 2814 1057 2867 Ad
1092 2814 1206 2868 haec
1237 2814 1401 2867 verba
1429 2823 1608 2867 autem
1638 2814 1866 2869 scribit:
1899 2833 1917 2864 ι
1951 2812 2065 2869 Non
2097 2816 2238 2870 enim

692 2922 709 2952 ι
749 2904 1100 2973 iucmpitesse
1128 2904 1287 2960 Pater
1313 2906 1472 2971 Deus,
1490 2920 1554 2959 eo
1579 2906 1743 2974 quod,
1764 2916 1821 2960 ut
1843 2909 1980 2960 inter
1994 2908 2240 2963 homines

693 3012 711 3044 τ
757 2994 873 3049 ﬂeri
908 2994 1064 3057 solet,
1104 2995 1265 3050 Pater
1303 3011 1421 3051 esse
1462 2997 1801 3065 nequiverat.
1847 2996 1980 3051 Nam
2026 3000 2068 3053 si
2103 3012 2245 3053 sem-

693 3103 712 3136 ι
746 3100 839 3152 per
874 3086 1148 3156 perfectus
1199 3087 1469 3143 exstiterit
1519 3087 1687 3155 Deus,
1722 3098 1779 3142 et
1814 3098 2075 3158 potestate
2112 3106 2239 3159 prte-

694 3194 713 3227 ς
754 3176 918 3240 ditus,
954 3185 1015 3231 ut
1053 3178 1348 3241 ilatPater,
1388 3180 1520 3232 etsi
1578 3187 1797 3246 praestet
1849 3190 1906 3233 ut
1963 3183 2035 3235 sit
2080 3181 2239 3237 Pater

696 3284 715 3315 ε
747 3265 1110 3332 hujuscemodi
1137 3265 1279 3331 Filii,
1308 3270 1433 3321 dum
1468 3283 1583 3322 rem
1606 3267 1803 3333 dlﬂ'ert,
1829 3283 1888 3323 se
1915 3278 2063 3324 tanto
2102 3271 2237 3326 bono

697 3374 717 3406 σ
754 3358 949 3423 privat,
976 3365 1167 3410 utnon
1195 3357 1265 3409 sit
1304 3356 1427 3409 Filii
1474 3356 1651 3412 Pater.
1686 3358 1837 3423 Quod
1887 3359 2023 3414 idem
2075 3370 2131 3415 et
2173 3361 2239 3415 de

694 3464 715 3497 ι
755 3446 957 3513 Spiritu
982 3455 1171 3502 sancto
1197 3446 1683 3515 poteritaliirmari.
1712 3467 1731 3498 ›
1754 3448 1853 3515 Qui
1888 3449 2083 3503 factum
2103 3452 2236 3517 ideo,

690 3549 751 3593 ut
781 3553 901 3595 cum
926 3539 1187 3608 Origenes
1218 3540 1291 3593 ita
1323 3540 1624 3609 scripserit,
1653 3540 1862 3602 beatus,
1901 3542 1973 3594 illi
1999 3552 2058 3596 ut
2090 3543 2239 3597 vide-

691 3642 797 3693 tur,
824 3630 1077 3686 Paulinus
1106 3631 1497 3687 existimaverit
1526 3647 1630 3685 nou
1655 3646 1776 3686 esse
1817 3633 2030 3701 quidem
2066 3634 2117 3687 in
2154 3644 2239 3688 tu-

688 3732 801 3776 tum
843 3722 945 3776 hoc
964 3723 1234 3777 occultare
1266 3736 1281 3775 :
1310 3726 1376 3777 ad
1427 3738 1551 3778 suas
1582 3730 1758 3777 tamen
1798 3724 2080 3791 opiniones
2109 3738 2241 3779 con-

689 3813 982 3867 lirmandas
1018 3828 1144 3868 usus
1176 3812 1339 3869 fuerit
1368 3814 1653 3868 contrariis
1674 3830 1688 3877 ;
1709 3814 1774 3867 de
1804 3814 1999 3883 quibus
2032 3830 2098 3871 ne
2118 3813 2242 3870 Ori-

689 3917 851 3974 genes
880 3914 1026 3958 certe
1056 3905 1173 3972 ipse
1198 3906 1494 3960 reddiderit
1523 3904 1785 3959 rationem
1810 3904 1835 3957 ἳ
1866 3904 2122 3960 Mentitus
2155 3917 2240 3962 est

690 3999 868 4045 autem
894 3991 950 4046 in
989 3992 1108 4048 istis
1127 3991 1429 4060 hlarcellus,
1458 3991 1763 4064 Origenem,
1784 3996 1940 4063 quasi
1974 3995 2074 4050 sibi
2110 4012 2240 4050 cou-

689 4082 853 4136 traria
883 4092 1143 4148 tueretur,
1171 4099 1291 4138 cum
1335 4100 1440 4139 non
1480 4084 1743 4154 intelligat
1796 4086 1943 4139 illum
1974 4102 2070 4157 per
2093 4089 2239 4155 prio-

688 4188 800 4227 rem
837 4189 988 4228 suam
1038 4176 1460 4245 propositionem
1516 4177 1803 4241 docuisse,
1862 4177 2077 4234 Patrem
2119 4182 2239 4234 sine

2350 557 2367 589 ι
2408 540 2617 610 ἀνάγκη
2648 541 2808 612 σῶμα
2849 536 2987 594 εἶναι
3023 539 3112 593 τὸν
3141 538 3477 610 προϐαλόντα
3508 536 3603 589 καὶ
3639 537 3733 589 τὸν
3777 552 3907 618 προ.

2348 652 2367 682 ι
2407 630 2754 701 ϐεϐλημένον.
2790 651 2809 685 ι
2839 628 2949 686 Εἶθ’
2976 632 3103 703 ἐξῆς
3131 632 3268 702 μετὰ
3284 632 3384 701 τὴν
3411 629 3521 683 τῶν
3564 627 3906 698 Ὧριγενειῶν

2343 723 2533 793 φωνῶν
2580 723 2897 795 παράθεσιν,
2934 724 3182 795 ἐπιφέρει
3222 722 3416 791 λέγων⁸
3473 738 3491 773 t
3526 718 3713 773 Ταῦτα
3759 718 3903 787 Ὦρι-

2349 834 2367 866 ⁸
2401 815 2563 885 γένης
2593 816 2857 887 γέγραφε,
2890 816 2963 887 μὴ
2993 816 3141 888 παρὰ
3172 814 3278 868 τῶν
3317 813 3478 885 ἱερῶν
3512 811 3803 884 προφητῶν
3843 824 3903 862 τι

2351 924 2369 957 t
2403 907 2497 959 καὶ
2528 907 2838 960 ἀποστόλων
2867 908 3113 979 περὶτῆς
3135 906 3434 977 ὰῖδιότητος
3459 904 3554 959 τοῦ
3591 905 3764 971 Λόγου
3802 919 3902 973 μα-

2351 1017 2369 1048 ι
2410 997 2519 1051 θεῖν
2564 997 2877 1068 βουληθείςο
2904 998 3019 1052 ἀλλ’
3051 998 3225 1069 ἐαυτῷ
3260 995 3507 1061 δεδωθώς
3544 996 3749 1059 πλεῖον,
3785 993 3903 1047 δευ-

2352 1106 2370 1138 ι
2406 1088 2567 1163 τέραν
2626 1087 2880 1142 ὑπόθεσιν
2948 1088 3309 1160 διηγήσασθαι
3336 1087 3431 1141 τοῦ
3485 1087 3661 1154 Λόγου
3714 1084 3905 1156 μαθεῖν

2351 1199 2368 1229 ι
2411 1180 2598 1250 τολμᾷ.
2633 1198 2651 1231 ι
2683 1180 2795 1233 Καὶ
2817 1180 3025 1244 τούτοις
3046 1180 3100 1233 δέ
3126 1182 3238 1243 τοῖς
3262 1178 3367 1233 ὑπὸ
3405 1178 3711 1249 Ὠριγένους
3732 1175 3903 1248 ὀρθῶς

2345 1269 2670 1339 είρημένοις,
2722 1270 2850 1339 περὶ
2886 1268 2980 1322 τοῦ
3028 1269 3100 1340 μὴ
3132 1269 3241 1323 δεῖν
3285 1269 3602 1339 σωματικήν
3644 1283 3767 1319 τινα
3813 1265 3905 1319 καὶ

2345 1360 2649 1432 παθητικὴν
2678 1358 3079 1430 ὑπολαμϐάνειν
3109 1360 3209 1431 τῆς
3235 1358 3485 1431 θεότητος
3507 1358 3600 1412 τοῦ
3625 1358 3757 1411 Υἱοῦ
3785 1358 3905 1426 γέν-

2345 1467 2499 1520 νησιν
2563 1449 2861 1517 ἀντιλέγει,
2945 1450 3156 1518 μάλισθ’
3217 1451 3299 1504 δτι
3356 1449 3437 1521 τῷ
3512 1449 3626 1519 Υίῷ
3675 1449 3906 1501 δέδωκεν

2344 1542 2657 1605 ὑπόστασιν,
2686 1543 2778 1595 καὶ
2803 1541 3072 1613 ἐπιφέρει,
3114 1541 3208 1594 τὸν
3257 1541 3507 1613 Ὠριγένη
3535 1540 3698 1593 πάλιν
3729 1538 3906 1601 κακῶς

2344 1632 2534 1701 λέγων,
2559 1636 2671 1697 τοῖς
2698 1651 2755 1685 τε
2782 1634 2872 1687 ὑπ’
2900 1632 3062 1685 αὑτοῦ
3085 1630 3259 1701 ὀρθῶς
3277 1634 3568 1704 γραφεῖσιν
3591 1632 3904 1699 ἀντιλέγων,

2317 1724 2403 1774 ’ὲν
2451 1722 2680 1787 τούτοις·
2740 1742 2758 1774 t
2800 1724 2921 1775 Ὅτι
2964 1722 3034 1777 τά
3080 1722 3302 1776 τοιαῦτα
3338 1723 3567 1793 γράφων
3631 1720 3907 1792 Ὦριγένης

2355 1832 2372 1863 ι
2414 1812 2563 1875 ἰδίοις
2590 1814 2788 1884 ἐχρῆτο
2824 1813 3073 1884 δόγμασι,
3095 1812 3253 1883 δῆλον
3281 1814 3373 1880 ἀφ’
3402 1807 3477 1866 ὧν
3505 1814 3601 1866 καὶ
3622 1812 3689 1865 τὰ
3717 1810 3906 1865 ἐαυτοῦ

2353 1926 2371 1957 ι
2406 1906 2699 1976 ἀνατρέπει
2733 1905 3010 1968 πολλάκις·
3044 1906 3102 1957 ὲν
3143 1905 3270 1973 γοῦν
3302 1904 3473 1976 ἑτέρῳ
3522 1904 3706 1975 χωρίῳ
3754 1905 3908 1957 ἅτινα

2352 2020 2372 2050 ε
2410 1999 2537 2068 περὶ
2578 1998 2712 2051 Θεοῦ
2758 1998 2923 2066 λέγει,
2974 1998 3261 2053 ἀκόλουθόν
3296 1999 3444 2050 ἐστιν
3492 1997 3823 2065 ὑπομνῆσαι.
3885 2013 3902 2045 ι

2348 2091 2550 2161 Γράφει
2578 2089 2634 2142 δὲ
2666 2089 2855 2152 οὕτως’
2902 2107 2922 2141 t
2958 2090 3033 2142 Ού
3065 2090 3171 2161 γὰρ
3195 2091 3223 2142 6
3264 2087 3397 2151 Θεὸς
3424 2085 3613 2157 Πατὴρ
3645 2081 3781 2137 εἶναι
3809 2086 3907 2155 ᾕρ-

2354 2200 2371 2231 ι
2407 2180 2555 2248 ξατο.
2583 2180 2942 2251 κωλυόμενος,
2970 2181 3047 2245 ὡς
3074 2182 3122 2234 oi
3145 2179 3416 2251 γινόμενοι
3442 2177 3675 2247 πατέρες
3699 2175 3907 2247 ἄνθρω-

2353 2292 2370 2321 ι
2408 2289 2518 2337 ποι,
2538 2270 2643 2325 ὑπὸ
2663 2271 2755 2325 τοῦ
2789 2272 2862 2343 μὴ
2882 2271 3140 2327 δύνασθαί
3163 2288 3249 2325 πω
3272 2270 3381 2341 (10)
3406 2271 3642 2339 πατέρες
3661 2264 3817 2321 εἶναι.
3848 2268 3907 2319 Ei

2354 2382 2371 2413 ι
2407 2363 2623 2435 γὰρ’ἀεὶ
2648 2364 2850 2428 τέλειος
2870 2366 2899 2417 6
2924 2363 3077 2429 Θεὸς,
3106 2363 3200 2418 καὶ
3226 2362 3487 2433 πάρεστιν
3513 2360 3660 2431 αὑτῷ
3686 2360 3907 2431 δύναμις

2353 2477 2370 2507 ε
2406 2457 2500 2510 τοῦ
2539 2458 2757 2528 Πατέρα
2788 2457 2950 2511 αὐτὸν
2997 2453 3158 2523 εἷναι,
3200 2458 3295 2513 καὶ
3341 2455 3504 2510 καλὸν
3557 2454 3718 2507 αὐτὸν
3774 2447 3909 2505 εἶναι

2354 2568 2370 2597 ι
2408 2547 2626 2618 Πατέρα
2650 2548 2887 2601 τοιούτου
2908 2547 3063 2611 Υίοῦ,
3085 2548 3462 2612 ἀναϐάλλεται,
3498 2546 3593 2599 καὶ
3622 2544 3717 2597 τοῦ
3746 2542 3908 2596 καλοῦ

2353 2658 2370 2689 ι
2408 2640 2596 2693 ἐαυτὸν
2630 2639 2930 2709 στηρίσκει,
2978 2641 3074 2693 καὶ
3099 2639 3174 2704 ὡς
3201 2638 3343 2693 ἔστιν
3385 2640 3581 2700 εἰπεῖν,
3629 2637 3688 2700 ἐξ
3720 2632 3780 2690 οὗ
3823 2635 3907 2688 δύο

2352 2747 2369 2778 ι
2411 2745 2565 2782 ναται
2609 2728 2797 2799 Πατὴρ
2837 2724 2971 2781 εἶναι
3018 2727 3164 2783 Υίοῦ.
3228 2728 3302 2781 Τὸ
3344 2726 3477 2780 αὐτὸ
3522 2726 3772 2798 μέντοιγε
3817 2725 3908 2777 καὶ

2351 2836 2368 2868 ι
2410 2819 2539 2892 περὶ
2584 2819 2679 2873 τοῦ
2710 2820 2866 2889 ἁγίου
2908 2820 3220 2892 Πνεύματος
3267 2818 3507 2872 λεκτέον.
3549 2837 3568 2869 ι
3622 2817 3748 2880 Πῶς
3794 2811 3903 2877 οὖν,

2359 2910 2663 2980 Ὠριγένους
2705 2913 2797 2964 καὶ
2838 2909 2995 2964 τοῦτο
3039 2910 3366 2982 γράψαντος,
3397 2912 3426 2963 ό
3466 2910 3753 2981 μακάριος,
3790 2908 3904 2960 κατ’

2344 3002 2525 3067 αὑτὸν,
2555 3001 2817 3073 Παυλῖνος
2842 3000 3001 3055 τοῦτο
3035 3000 3132 3072 μὲν
3170 3000 3588 3071 ἀποκρύψασθαι
3622 3002 3722 3054 οὐκ
3760 3000 3907 3053 άκίνο

2344 3090 2497 3143 δυνον
2526 3091 2765 3161 ἐνόμισε,
2818 3090 3120 3163 χρήσασθαι
3166 3090 3222 3143 δὲ
3268 3091 3349 3154 είς
3398 3089 3741 3160 κατασκευὴν
3802 3091 3906 3143 τῶν

2345 3181 2522 3253 ἑαυτῷ
2550 3182 2851 3236 δοκούντων
2898 3184 3009 3246 τοῖς
3044 3181 3304 3245 ἐναντίοις
3338 3182 3473 3253 (ll),
3502 3182 3577 3245 ὡς
3606 3182 3728 3236 ούδέ
3750 3182 3905 3235 αὑτὸν

2342 3274 2407 3327 ἂν
2447 3275 2713 3346 Ὠριγένη,
2740 3274 2796 3328 ετ
2827 3291 2879 3327 τι
2914 3274 3005 3328 τὸν
3031 3274 3187 3345 λόγον
3215 3273 3507 3329 ἀποδοῦναι
3538 3275 3764 3328 δυνατὸν
3789 3270 3901 3345 ;ἦν;

2358 3365 2443 3418 Ἐν
2479 3365 2685 3427 τούτοις
2720 3366 2749 3417 6
2780 3364 3117 3437 Μάρκελλος,
3158 3363 3374 3417 ἐναντία
3420 3364 3586 3433 φάναι
3631 3362 3779 3434 αὐτῷ
3819 3363 3906 3416 τὸν

2356 3455 2603 3527 Ὠριγένη
2632 3454 2819 3519 εἰπὼν,
2850 3455 3235 3525 κατεψεύσατο,
3268 3454 3343 3527 μὴ
3369 3454 3614 3526 δυνηθεὶς
3650 3457 3902 3519 συνιέναι,

2342 3547 2417 3610 ὡς
2447 3547 2535 3601 διὰ
2570 3548 2666 3619 μὲν
2693 3551 2792 3617 τῆς
2822 3548 3092 3620 προτέρας
3138 3546 3493 3619 παραθέσεως
3524 3548 3587 3600 τὸ
3619 3548 3906 3617 ἀσώματον

2344 3639 2440 3692 καὶ
2466 3638 2671 3702 ἀπαθὲς
2703 3639 2796 3693 τοῦ
2825 3639 3035 3712 Πατρός
3076 3639 3284 3711 ἐδήλου,
3313 3638 3400 3692 διὰ
3431 3639 3488 3692 δὲ
3519 3638 3619 3709 τῆς
3652 3640 3906 3711 δευτέρας

2345 3728 2405 3779 τὸ
2439 3730 2511 3801 μὴ
2562 3731 2755 3800 χρόνῳ,
2789 3730 2893 3801 πρὸ
2932 3729 3146 3783 πάντων
3189 3729 3245 3781 δὲ
3281 3729 3491 3784 αίώνων
3520 3730 3608 3783 τὸν
3657 3731 3784 3783 Υἱὸν
3814 3746 3904 3797 γε-

2344 3820 2682 3889 γεννηκέναι.
2710 3815 2873 3885 Αὖθις
2900 3820 2956 3873 δέ
2987 3819 3103 3891 μεθ’
3133 3820 3293 3892 ἔτερα
3316 3822 3446 3892 περὶ
3472 3820 3566 3874 τοῦ
3604 3821 3905 3892 Ὠριγένους

2344 3914 2372 3963 6
2401 3911 2561 3974 αὐτὸς
2588 3910 2761 3964 ταῦτα
2785 3911 2985 3981 γράφει
3010 3928 3024 3941 ⁸
3054 3930 3072 3962 ι
3104 3910 3318 3974 Καίτοι,
3344 3913 3393 3965 εί
3417 3911 3499 3964 δεῖ
3520 3910 3750 3982 τάληθὲς
3784 3912 3903 3983 περὶ

2351 4020 2369 4052 ι
2416 4001 2718 4072 Ὠριγένους
2742 4002 2934 4066 εἰπεῖν,
2970 4001 3125 4055 τοῦτο
3157 4002 3422 4073 προσήκει
3448 4001 3652 4070 λέγειν,
3678 4002 3759 4055 ὅτι
3783 4002 3902 4075 ἄρτι

2350 4110 2369 4142 ι
2405 4092 2513 4145 τῶν
2542 4091 2680 4145 κατὰ
2706 4091 3021 4161 φιλοσοφίαν
3042 4092 3280 4155 ἀποστὰς
3312 4092 3667 4164 μαθημάτων,
3689 4093 3905 4156 καὶτοῖς

2350 4203 2368 4235 ι
2398 4183 2560 4247 θείοις
2571 4184 2825 4255 ὁμιλῆσαι
2836 4184 3189 4256 προελόμενος
3203 4184 3403 4251 λόγοις,
3422 4183 3526 4255 πρὸ
3538 4183 3634 4252 τῆς
3649 4183 3902 4255 ἀκριϐοῦς

686 4277 910 4335 corpore
936 4276 989 4321 et
1012 4270 1155 4320 omni
1185 4282 1435 4335 passmne
1461 4277 1711 4329 exstare;
1742 4283 1838 4336 per
1864 4274 2096 4325 secundo
2116 4272 2237 4327 loco

2350 4296 2366 4326 ‹
2407 4275 2512 4329 τῶν
2535 4275 2762 4346 Γραφῶν
2783 4274 3154 4346 καταλήψεως,
3178 4274 3265 4328 διὰ
3279 4275 3341 4327 τὸ
3364 4274 3497 4328 πολὺ
3518 4276 3611 4329 καὶ
3628 4276 3902 4345 φιλότιμον

687 4358 935 4423 positam,
974 4358 1167 4413 Filium
1197 4375 1373 4423 suum,
1407 4376 1512 4415 non
1550 4362 1600 4414 in
1626 4370 1865 4431 tempore
1881 4365 2121 4431 quidem,
2142 4367 2235 4420 sed

2350 4386 2366 4417 ι
2406 4367 2503 4437 τῆς
2528 4365 2720 4431 ἔξωθεν
2744 4366 3097 4428 παιδεύσεως,
3112 4364 3304 4418 θᾶττον
3324 4365 3418 4418 τοῦ
3438 4365 3647 4430 δέοντος
3668 4364 3902 4437 ἀρξάμε-

688 4457 812 4501 ante
849 4450 1041 4503 saecula
1068 4452 1247 4505 omnia
1279 4451 1653 4519 progenuisse.
1707 4452 1835 4507 Post
1867 4455 2119 4521 deinceps
2170 4456 2237 4510 de

2348 4477 2365 4509 ι
2405 4458 2853 4529 ωςύπογράφειν,
2872 4458 2975 4511 ὑπὸ
2985 4457 3093 4509 τῶν
3106 4455 3206 4526 τῆς
3226 4455 3538 4524 φιλοσοφίας
3557 4456 3810 4526 παρήχθη
3826 4455 3902 4507 λό-

691 4536 920 4608 Origene
957 4546 1014 4602 ac
1062 4541 1202 4596 idem
1239 4542 1432 4595 iterum
1491 4542 1680 4596 scribit
1732 4542 1753 4615 [
1783 4542 1848 4596 Β.
1888 4542 2140 4598 LXXV“!
2170 4546 2229 4617 1:

2346 4568 2363 4599 ι
2405 4566 2533 4618 γων,
2561 4551 2653 4604 καί
2679 4567 2799 4604 τινα
2821 4550 2888 4603 δι’
2912 4550 3107 4613 αὐτοὺς
3138 4548 3199 4600 οὐ
3234 4547 3412 4611 καλῶς
3442 4548 3703 4619 γέγραφε.
3739 4547 3899 4618 Δῆλον

692 4646 711 4678 ι
757 4627 907 4695 Quod
931 4632 975 4684 si
1009 4645 1193 4685 verum
1235 4631 1391 4686 fateri
1416 4633 1480 4686 de
1503 4631 1735 4703 Origene
1766 4634 2073 4699 debeamus,
2105 4637 2237 4691 illud

2347 4658 2365 4690 ι
2402 4640 2457 4693 δέ
2492 4658 2505 4673 ο
2553 4638 2632 4693 ἔτι
2668 4639 2776 4711 γὰρ
2823 4639 2931 4693 τῶν
2983 4637 3074 4691 τοῦ
3136 4636 3419 4701 Πλάτωνος
3466 4638 3578 4708 (19.)
3623 4636 3900 4709 μεμνημέ-

757 4772 815 4830 ›Ῑ‹
847 4766 945 4821 Ed.
973 4766 1171 4831 Paris.,
1204 4782 1325 4836 pag.
1365 4767 1455 4822 25.

754 4906 865 4977 (l0)
902 4905 999 4981 Mil
1043 4906 1339 4981 δύνασθαι
1370 4920 1461 4958 πω
1504 4909 1767 4981 πατέρες,
1803 4908 1898 4963 Vel
1930 4910 2120 4981 Πατὴρ
2152 4907 2227 4962 ei-

682 4974 772 5029 ναι
793 4986 848 5028 ιιι
874 4976 1151 5048 ad'lieum_
1170 4974 1466 5048 referatur,
1498 4986 1588 5028 aut
1609 4974 2037 5045 distinguendum
2070 4974 2227 5048 ‘post,

684 5063 787 5112 πω,
822 5054 944 5099 aute
966 5044 1342 5109 ἀναϐάλλεται,
1369 5046 1518 5099 deest
1545 5048 1611 5099 εἰ”
1632 5048 1745 5101 dele
1766 5044 1857 5101 καί
1881 5060 2001 5104 ante
2018 5044 2227 5111 ἑαυτόν,

681 5126 734 5167 et
771 5124 891 5168 ante
923 5115 996 5176 ὡς
1040 5115 1142 5185 Mc
1161 5116 1300 5168 -Mox
1324 5116 1479 5185 vulgo
1494 5116 1586 5167 τοῦ
1607 5134 1654 5172 τ.
1674 5116 1829 5184 Υἱοῢ;
1853 5120 1973 5173 dein
1998 5120 2049 5171 τί
2074 5121 2229 5173 άναϐ.

685 5186 770 5244 Β..
793 5185 916 5236 dein
938 5185 1095 5254 vulgo
1116 5184 1304 5239 ἑαυτὸν
1328 5186 1418 5238 τοῦ
1445 5203 1522 5249 κ.,
1558 5202 1715 5254 porro
1738 5187 1798 5239 Β.
1826 5185 1961 5243 εἶναι
1993 5188 2144 5251 Υἱού,
2170 5192 2231 5242 οὐ

683 5254 883 5326 γίνεται
923 5251 1109 5326 Πατήρ
1137 5272 1152 5320 ;
1184 5256 1412 5326 denique
1463 5251 1621 5323 vulgo
1668 5258 1899 5326 ἐνόμιζε.
1944 5258 2113 5313 Porro
2168 5262 2232 5313 ad

695 5323 863 5396 Ὠριγ.
888 5324 962 5375 cf.
982 5322 1136 5396 Orig.
1164 5339 1259 5396 op.
1282 5324 1368 5379 ed.
1402 5331 1470 5379 de
1498 5326 1548 5396 la
1573 5326 1683 5379 Bue
1717 5322 1822 5391 t.'l,
1853 5346 1903 5396 p.
1930 5329 2018 5383 45.

772 5395 860 5463 ll)
904 5392 1030 5457 Τοῖς
1062 5394 1499 5468 ἐναντίοιςΝυΙι
1530 5395 1805 5451 Paulinum
1826 5392 1889 5452 ea
1915 5402 1981 5452 ab
2003 5397 2232 5468 Origene

683 5474 1000 5527 mutuatum,
1040 5479 1157 5529 quae
1201 5467 1302 5519 sibi
1353 5469 1806 5529 contradicereut,
1850 5482 1904 5522 et
1948 5470 2066 5522 aliis
2102 5467 2233 5522 alibi

684 5533 1017 5607 dogmatibus
1042 5533 1433 5603 .Origettianis,
1466 5540 1600 5591 adeo
1654 5549 1710 5590 ut
1760 5553 1825 5591 ne
1860 5540 1971 5600 ipse
2011 5540 2228 5607 quidem

2330 4910 2396 4964 de
2427 4905 2878 4980 Origeneead-em
2931 4909 3229 4980 censuisse,
3260 4921 3398 4980 cum
3428 4907 3481 4961 in
3520 4905 3662 4980 libro
3696 4905 3772 4980 De
3813 4908 3897 4980 d3-

2330 4982 2480 5035 cretis
2507 4974 2716 5033 concilii
2746 4975 2954 5047 Nicwni
2985 4978 3187 5032 scribat
3212 4996 3225 5030 :
3251 4978 3319 5047 Ἃ
3347 4976 3444 5045 μὲν
3472 4974 3581 5045 γὰρ
3602 4976 3685 5047 ᾡς
3727 4976 3895 5047 ζητῶν

2332 5050 2423 5102 καὶ
2446 5049 2735 5119 γυμνάζων
2774 5045 3009 5119 ἔγραψε,
3035 5047 3231 5119 ταῦτα,
3250 5046 3325 5119 μὴ
3350 5047 3425 5109 ὡς
3463 5045 3627 5119 αύτοῦ
3656 5045 3896 5119 φρονούν-

2332 5137 2419 5183 τος
2452 5116 2692 5186 λεγέσθω
2719 5116 2984 5187 «gem
3012 5117 3120 5170 τῶν
3144 5116 3278 5187 πρὸς
3304 5116 3416 5186 έριν
3438 5116 3892 5187 φιλονεικούντων,

2336 5191 2393 5241 ἐν
2425 5190 2501 5258 τῷ
2530 5185 2715 5257 ζητεῖν
2753 5185 2941 5251 ἁδέως,
2972 5187 3165 5257 ὁρίζων
3189 5185 3571 5258 άποφαίνοιτρ.
3625 5186 3715 5258 Sic
3758 5192 3892 5258 enim

2334 5250 2627 5327 legent-deet
2649 5250 3020 5327 distinguenda
3052 5250 3194 5327 sunt.
3325 5250 3394 5296 3——
3425 5256 3488 5309 B.
3513 5250 3590 5327 ὧν
3607 5255 3714 5307 οὐδ’
3741 5257 3893 5309 αὐτὸν

2332 5325 2498 5381 dxi—’0.
2525 5328 2730 5395 εἴποιμι
2750 5344 2803 5378 τ.
2828 5326 2877 5379 λ.
2903 5328 3057 5381 άποδ.
3083 5326 3363 5389 δύνασθαι,
3393 5331 3483 5395 qui
3510 5325 3646 5379 infra
3671 5328 3893 5395 γράφειν

2334 5344 2396 5381 αν
2430 5344 2498 5381 'u.
2525 5344 2730 5449 among:
2750 5344 2803 5378 τ.
2829 5344 2843 5377 Α

2334 5398 2453 5452 loco
2482 5401 2659 5467 ὑπογρ
2703 5414 2843 5464 φειν.

2402 5469 2509 5537 (Ιὲ)
2551 5465 2672 5521 Ἔτι
2703 5469 2813 5537 γὰρ
2845 5467 2962 5537 τῷν
2991 5468 3096 5521 τοῦ
3135 5466 3472 5532 Πλάτωνος.
3508 5465 3891 5537 Ορίιιοι-ῃδῆλον

2331 5540 2385 5594 δέ
2407 5534 2541 5591 ἐστι·
2580 5534 2831 5608 τῶνγὰρ
2869 5534 2961 5591 εδδ
3003 5538 3286 5600 Πλάτωνος
3318 5536 3682 5607 μεμνημένος.
3702 5534 3888 5589 Verum

683 5601 935 5677 Origenes
984 5616 1063 5677 e_a_
1098 5601 1272 5677 posset
1292 5646 1308 5677 ,
1338 5607 1605 5677 redivivus
1646 5610 1993 5663 reconciiinte
2012 5601 2224 5674 {legen-
2330 5620 2414 5663 est
2441 5610 2581 5674 quod
2608 5601 2819 5663 censuit
2842 5608 3122 5664 Marcellus
3146 5610 3212 5661 de
3232 5601 3623 5677 Ori'gene.'eum
3650 5608 3716 5658 de
3740 5609 3889 5659 scho-

681 5669 813 5751 duu'i
834 5687 989 5751 ergo:
1006 5669 1107 5751 (ev
1130 5673 1248 5751 ούδέ
1268 5674 1343 5751 ρν
1371 5676 1531 5751 αὐτόν
1564 5678 1813 5747 Ὠριγένη
1841 5669 2057 5751 ἐπὶιτδν
2077 5669 2231 5745 λόγον

2345 5682 2397 5733 iis
2447 5669 2757 5742 Platonicis,
2786 5694 3013 5751 quarum
3060 5677 3234 5751 sacris
3280 5669 3399 5731 er'at
3427 5691 3534 5731 non
3576 5676 3764 5751 leviter
3795 5677 3888 5751 ini-

680 5740 987 5811 ἀποδοῦναι,
1018 5742 1235 5798 δυνατὸν
1266 5740 1352 5815 ἧν.
1379 5747 1523 5803 Sane
1550 5740 1762 5803 videtur
1801 5740 1855 5803 cl
1906 5740 2236 5804 Athanasius

2345 5754 2514 5815 Liatus,
2531 5751 2626 5804 sed
2652 5760 2707 5803 ut
2733 5740 2784 5804 in
2804 5740 3056 5819 'margine
3078 5749 3321 5814 habetur,
3344 5746 3713 5818 μεμυημένος,
3731 5746 3885 5800 multa
