4106 6414
245 361 347 418 761
1366 366 1648 426 CONTRA
1687 368 2119 430 MARCELLUM
2158 377 2288 433 LIB.
2328 378 2369 436 l.
3399 393 3506 449 762

249 503 270 536 ε
311 499 400 548 νος
426 482 713 555 δογμάτων
743 485 837 539 καὶ
868 485 965 557 τῆς
991 485 1100 540 τῶν
1127 487 1310 559 ἀρχῶν
1339 488 1490 559 παρὰ
1521 488 1673 560 αὐτῷ
1708 489 1797 543 δια

1934 510 1953 545 ι
1993 496 2284 550 tenendum
2314 514 2328 562 ;
2357 511 2481 552 cum
2511 507 2765 556 recenter
2790 501 2926 558 adeo
2957 512 3073 559 tum
3103 519 3134 560 a
3160 505 3360 563 scholis
3385 509 3508 578 phi-

248 592 269 626 ε
307 575 503 648 φορᾶς,
535 575 675 644 Περὶ
711 574 914 646 ἀρχῶν
944 578 1193 650 γέγραφε
1222 578 1445 650 βιϐλίον,
1475 583 1570 633 aut
1618 581 1797 652 ταύτηι

1931 602 1950 635 ε
1987 584 2278 656 losopbicis
2307 587 2600 657 divertens,
2641 591 2840 650 litteris
2887 608 2950 650 se
2979 595 3181 652 divinis
3211 574 3507 668 applicuis-

251 685 272 718 ε
305 665 384 738 τῷ
417 667 808 738 συγγράμματι
848 669 944 740 τὴν
975 671 1288 742 ἐπιγραφὴν
1319 670 1490 726 ἔθετο.
1533 674 1742 744 Δεῖγμα
1767 675 1796 726 δ

1930 695 1949 728 ε
1985 688 2092 744 set,
2149 679 2310 734 citius
2349 696 2511 751 quam
2563 699 2664 753 par
2717 685 2944 754 fuerat,
3002 665 3508 748 nondum—edoctus

245 779 265 809 ε
308 758 469 812 τοῦτο
497 759 754 829 μέγιστον
782 759 844 813 τὸ
876 762 1007 832 μηδὲ
1046 761 1266 817 ἄλλοθέν
1312 763 1476 818 ποθεν
1508 765 1682 837 ἀρχὴν
1713 765 1797 819 τῶπ

1929 788 1948 820 ε
1984 769 2398 842 Scripturarum
2440 780 2780 833 exactiorem
2831 778 3146 845 scientiam,
3185 791 3375 850 utpote
3411 788 3505 853 qui

243 867 264 900 ε
303 848 504 915 λέξεων
542 847 706 903 αὐτὸν
740 849 773 920 ἢ
811 849 911 922 τὴν
950 853 1264 923 ἐπιγραφὴν
1294 853 1389 907 τοῦ
1423 853 1630 924 βιϐλίου
1667 858 1824 928 ποιή-

241 958 262 991 ε
308 939 526 1007 σασθαι,
559 940 673 994 ἀλλ’
701 943 810 996 ἀπὺ
840 944 949 997 τῶν
968 945 1215 999 Πλάτωνι
1244 948 1516 1018 ῥηθέντων
1535 950 1818 1021 ῥημάτων.

244 1048 264 1081 ε
300 1030 556 1102 Γέγραφε
583 1032 694 1105 γάρ
737 1035 1037 1107 ἀρχόμενος
1065 1037 1255 1102 οὕτως·
1292 1041 1355 1093 (Ιί
1399 1043 1821 1107 πεπιστευκότες

246 1140 268 1173 ε
307 1125 405 1178 καὶ
427 1127 869 1198 πεπιστευμένοι.
885 1127 1055 1181 Τοῦτο
1073 1129 1134 1182 τὸ
1154 1129 1314 1201 ῥητὸν
1339 1130 1511 1195 οὕτως
1531 1133 1818 1204 εἰρημένον

245 1232 267 1266 ε
303 1215 485 1290 εὕροις
511 1217 577 1272 ἂν
609 1220 668 1272 εν
695 1219 775 1290 τῷ
805 1221 1027 1288 Γοργίᾳ
1061 1220 1365 1286 Πλάτωνος.
1400 1241 1418 1274 ι
1458 1221 1585 1278 Οἴη*
1615 1227 1661 1278 εἰ
1689 1225 1817 1293 ἐφέα

240 1323 390 1378 ρετο,
413 1310 646 1381 ἧνεγκεν
674 1309 741 1364 ἂν
776 1310 1029 1382 διαϐολὴν
1067 1313 1333 1382 Ὦριγένει
1357 1315 1538 1383 φάντι,
1573 1318 1622 1370 οἰ
1652 1333 1816 1370 πεπι-

239 1400 530 1463 στευκότες
562 1401 596 1472 ἢ
622 1401 716 1455 καὶ
744 1403 1183 1472 πεπιστευμένοι,
1218 1406 1312 1458 καὶ
1339 1407 1633 1474 συνάψαντι
1667 1406 1814 1478 ἑξῆς,

245 1507 266 1540 ε
306 1491 408 1562 τὴν
432 1491 590 1562 χάριν
621 1491 717 1546 καὶ
741 1492 839 1562 τὴν
862 1492 1118 1564 ἀλήθειαν
1149 1493 1215 1546 δι’
1269 1495 1441 1564 Ἰησοῦ
1467 1496 1701 1568 Χριστοῦ
1727 1514 1817 1564 γε·

243 1599 263 1633 ε
299 1581 540 1650 γονέναι,
573 1600 593 1634 ι
644 1583 739 1635 καὶ
786 1584 1020 1655 Χριστὸν
1052 1580 1190 1639 εἰναι
1223 1585 1323 1656 τὴν
1356 1585 1632 1656 ἀλήθειαν,
1676 1588 1816 1641 κατὰ

233 1670 299 1724 τδ
336 1671 621 1743 εἰρημένον
659 1671 749 1726 ὑπ’
786 1673 969 1727 αὐτοῦ*
1009 1693 1029 1727 ι
1088 1676 1227 1743 Ἐγώ
1268 1678 1383 1748 εἰμι
1416 1679 1449 1748 ή
1492 1678 1738 1750 ἀλήθεια.
1789 1698 1807 1730 ι

234 1763 375 1817 Ποία
407 1763 516 1835 γὰρ
545 1765 680 1836 πρὸς
704 1765 874 1819 ταῦτα
903 1768 1155 1822 κοινωνία
1183 1770 1377 1837 γένοιτ’
1411 1771 1477 1825 άν
1515 1789 1643 1824 ποτε
1670 1772 1813 1826 Πλά-

232 1871 399 1920 τωνι;
447 1855 610 1910 υύδὲν
660 1856 945 1922 Πλάτωνος
987 1859 1130 1928 Περί
1167 1861 1368 1929 ἀρχῶν
1415 1863 1811 1935 μνημονεύεται

235 1945 462 2016 βιϐλίον.
505 1947 639 2001 Οὐδὲ
682 1949 961 2021 Ὠριγένης
991 1953 1189 2022 ὁμοίως
1223 1955 1349 2024 περὶ
1380 1956 1563 2026 ἀρχῶν
1594 1956 1810 2024 ὲδόξασε

233 2037 506 2103 Πλάτωνι,
542 2040 571 2092 ό
622 2039 748 2110 μίαν
799 2042 967 2113 μόνην
996 2045 1096 2112 τὴν
1124 2045 1415 2115 ἀγέννητον
1457 2048 1549 2100 καὶ
1577 2050 1809 2120 ἄναρχον

229 2130 328 2184 καὶ
351 2131 609 2185 ἐπέκεινα
633 2131 743 2186 τῶν
765 2133 902 2187 ὅλων
935 2136 1090 2200 εἰδὼς
1117 2139 1314 2209 ἀρχὴν,
1347 2139 1548 2210 ταύτην
1576 2159 1635 2194 τε
1668 2138 1807 2196 εἶναι

229 2222 451 2294 Πατέρα
468 2223 584 2288 ἑνὸς
608 2228 927 2295 μονογενοῦς
938 2229 1088 2290 Υἰοῦ,
1108 2231 1176 2284 δι’
1196 2227 1256 2286 οὗ
1283 2232 1350 2286 τά
1372 2234 1545 2287 πάντα
1563 2235 1801 2303 γέγονεν.

233 2313 381 2379 Ὅδε,
423 2317 519 2370 καὶ
571 2321 629 2371 εν
673 2319 883 2384 τούτοις
943 2322 1247 2392 Ὠριγένους
1302 2326 1804 2398 καταψευσάμενος,

233 2405 352 2476 μεθ’
395 2406 556 2480 ἔτερα
581 2411 902 2482 προστίθησι
929 2412 1122 2482 λέγων·
1158 2433 1177 2466 ι
1221 2415 1495 2488 Ἀστερίου
1523 2419 1632 2488 γὰρ
1657 2422 1805 2490 εἰρη-

235 2518 254 2552 t
287 2501 464 2566 κότος,
484 2504 590 2576 πρὸ
609 2505 718 2558 τῶν
739 2504 948 2559 αἰώνων
967 2508 1320 2579 γεγεννῆσθαι
1345 2510 1436 2562 τὸν
1451 2511 1644 2578 Λόγον,
1674 2513 1805 2566 αὐτὸ

232 2608 253 2644 t
291 2593 354 2647 τὺ
387 2595 549 2665 ῥητὸν
578 2596 741 2650 αὐτὸν
779 2597 994 2668 ἐλέγχει
1023 2598 1370 2671 ψευδόμενον·
1409 2601 1547 2655 ὥστε
1581 2605 1655 2674 μὴ
1703 2607 1802 2676 μό·

233 2701 254 2736 ε
295 2702 387 2740 νον
418 2687 581 2741 αὑτὸν
615 2688 708 2742 τοῦ
749 2691 1092 2761 πράγματος,
1123 2693 1259 2748 ἀλλά
1291 2695 1384 2748 καὶ
1414 2693 1509 2748 τοῦ
1543 2697 1803 2767 γράμμα-

233 2793 253 2825 ε
293 2793 386 2840 τος
405 2776 747 2850 διαμαρτεῖν.
775 2781 841 2834 Εἰ
865 2781 1122 2852 γὰρ,πρὸ
1143 2784 1250 2838 τοῦ
1269 2783 1481 2852 alin-oe
1496 2788 1802 2856 ἐθεμελίω-

233 2886 251 2920 ι
291 2868 406 2922 σάν
422 2887 520 2939 με,
548 2872 712 2942 φησὶν
733 2874 768 2943 ἡ
795 2874 1090 2944 Παροιμία,
1116 2875 1232 2937 πῶς
1258 2877 1421 2940 αὐτὸς
1445 2880 1800 2950 γεγεννῆσθαι

232 2977 252 3012 s
287 2958 452 3014 αὐτὸν
487 2962 595 3033 πρὸ
623 2962 734 3018 τῶν
763 2963 974 3020 αἰώνων
1020 2966 1157 3036 Egon;
1203 2967 1388 3040 ἓτερον
1421 2970 1529 3040 γὰρ
1557 2973 1664 3042 πρὸ
1703 2973 1798 3026 τοῦ

229 3070 250 3105 ε
281 3053 479 3120 αἰῶνος
506 3047 933 3128 τεθὲμελιῶσθαι
957 3060 1138 3125 αὑτὸν,
1173 3063 1265 3116 καὶ
1294 3062 1502 3134 ἕτερον.
1540 3067 1644 3137 πρὸ
1691 3065 1798 3118 τῶν

1928 883 1947 916 ι
1988 871 2044 919 et
2059 864 2416 922 saecularibus
2440 867 2744 937 disciplinis
2763 880 2886 928 erat
2903 873 3339 930 cumulatissime
3361 891 3509 930 com-

1927 974 1946 1008 ι
1982 964 2223 1025 paratus,
2258 960 2582 1016 accessitad
2619 962 2970 1018 scribendum
3002 983 3019 1020 :
3073 964 3219 1019 unde
3243 980 3341 1034 per
3380 967 3502 1034 phi-

1927 1067 1946 1100 ι
1975 1049 2273 1120 losophiam
2304 1052 2582 1119 seductus,
2625 1056 2870 1123 quaedam
2893 1057 3073 1111 minus
3098 1066 3247 1112 recte
3270 1057 3322 1112 in
3351 1057 3504 1112 litte-

1926 1159 1944 1191 ι
1986 1154 2077 1196 ras
2112 1140 2397 1197 referebat.
2430 1142 2678 1214 Exempli
2699 1133 2917 1215 gratia:
2950 1144 3358 1202 Platonicorum
3405 1147 3502 1201 do-

1925 1249 1943 1284 ι
1979 1241 2217 1304 gmatum
2241 1249 2450 1288 memor
2475 1244 2530 1289 et
2552 1235 2946 1307 principiorum
2977 1251 3099 1309 qua:
3127 1239 3342 1296 diversa
3369 1250 3503 1294 sunt

1923 1343 1942 1376 ι
1974 1324 2114 1393 apud
2144 1325 2318 1390 illum,
2357 1326 2555 1382 librum
2579 1330 2869 1398 quemdam
2899 1330 3203 1401 inscripsit,
3241 1330 3320 1384 De
3343 1333 3497 1398 prin-

1923 1436 1941 1468 ‹
1973 1417 2144 1487 cipiis.
2172 1417 2300 1486 Qua:
2329 1419 2550 1489 quidem
2583 1421 2867 1491 inscriptio
2892 1432 3214 1493 argumento
3243 1437 3362 1478 esse
3397 1438 3497 1491 po-

1922 1527 1940 1558 ε
1975 1509 2102 1565 terit
2141 1526 2247 1565 non
2281 1511 2513 1583 vulgari,
2545 1527 2651 1568 non
2682 1513 2902 1568 aliumle
2926 1529 3054 1568 eum
3091 1528 3255 1583 quam
3291 1530 3321 1567 a
3371 1513 3495 1568 Pia-

1921 1621 1939 1653 ι
1977 1611 2099 1658 tone
2130 1618 2191 1659 ea
2212 1603 2390 1659 omnia
2425 1611 2751 1658 mutuatum.
2777 1603 3070 1658 Exorditur
3097 1614 3276 1660 autem
3299 1604 3496 1660 librum

1921 1713 1940 1745 ε
1979 1695 2044 1749 ad
2083 1695 2227 1751 hunc
2256 1698 2504 1751 modum:
2538 1695 2887 1762 Quicredunt
2914 1705 2968 1749 et
2996 1696 3196 1766 quibus
3219 1697 3484 1752 creditur.

1920 1806 1937 1836 ε
1974 1787 2125 1852 Quod
2143 1789 2215 1842 ita
2235 1787 2435 1842 dictum
2460 1788 2512 1842 in
2528 1788 2724 1859 Gorgia
2743 1788 3070 1858 Platonis(p.
3088 1787 3194 1842 «654
3211 1788 3273 1860 E)
3291 1790 3497 1857 reperi-

1926 1898 1944 1933 ι
1979 1889 2086 1934 tur.
2125 1899 2143 1932 ›
2174 1878 2228 1935 ld
2251 1880 2391 1950 quod
2419 1890 2477 1936 ut
2503 1879 2577 1934 ita
2609 1895 2732 1935 esse
2761 1880 3110 1946 concedatur,
3166 1883 3493 1936 calumniam

1916 1969 2136 2042 Origeni
2165 1987 2269 2027 non
2302 1971 2549 2036 inferret,
2575 1987 2696 2026 cum
2717 1973 2901 2028 statim
2925 1973 3288 2042 subiunxerit,
3313 1993 3331 2026 ι
3356 1973 3494 2028 Gra-

1922 2083 1940 2116 ε
1976 2065 2104 2118 tiam
2136 2073 2190 2118 et
2214 2064 2494 2119 veritatem
2521 2079 2616 2132 per
2630 2062 2810 2119 Jesum
2836 2064 3110 2120 Christum
3137 2066 3442 2132 advenisse,
3467 2086 3487 2118 ι

1914 2165 1969 2211 et
1989 2170 2107 2211 esse
2121 2155 2394 2210 Christum
2421 2155 2565 2209 illam
2598 2156 2901 2220 veritatem,
2937 2159 3230 2210 secundum
3257 2158 3398 2226 quod
3427 2159 3495 2211 ab

1915 2249 2034 2320 ipso
2065 2249 2266 2303 dictum
2296 2256 2476 2303 exstat
2502 2267 2516 2304 :
2545 2267 2563 2300 ι
2591 2248 2700 2318 Ego
2718 2263 2835 2304 sum
2865 2249 3150 2304 veritas".
3180 2270 3198 2302 ι
3235 2251 3490 2318 Qua-nam

1911 2355 2042 2396 vero
2059 2341 2273 2395 tandem
2291 2342 2605 2396 communio
2623 2357 2742 2396 cum
2764 2341 2882 2397 istis
2899 2341 3111 2397 Platoni
3139 2344 3448 2398 intercessit
3469 2346 3494 2397 ἲ

1911 2432 2099 2489 Nullus
2125 2433 2264 2489 liber
2299 2448 2326 2486 a
2352 2433 2578 2489 Platone
2604 2435 2842 2505 scriptus
2877 2434 2981 2489 hoc
3021 2434 3202 2498 titulo,
3239 2435 3315 2488 De
3343 2438 3491 2504 prin-

1910 2527 2081 2593 cipiis,
2114 2535 2469 2580 memoratur.
2500 2524 2609 2581 Nec
2643 2537 2702 2580 ut
2753 2525 2907 2581 Plato
2940 2527 3005 2581 dc
3037 2528 3321 2596 principiis
3370 2527 3492 2584 Ori-

1909 2633 2073 2688 gcnes
2106 2617 2395 2680 sentiebat,
2441 2616 2532 2688 qui
2569 2617 2898 2687 principium
2948 2620 3168 2673 unicum
3201 2619 3492 2688 ingenera-

1909 2719 2048 2778 tum,
2078 2709 2198 2764 sine
2224 2709 2514 2779 principio,
2567 2724 2732 2779 super
2759 2709 2964 2776 omnia,
3011 2725 3134 2766 cum
3182 2722 3440 2779 agnoscat
3472 2754 3487 2778 ,

1907 2815 2029 2854 eum
2063 2803 2236 2870 ipsum
2264 2801 2452 2855 statuit
2480 2816 2599 2857 esse
2627 2801 2842 2857 Patrem
2869 2803 3030 2858 unius
3055 2803 3317 2874 unigeniti
3343 2801 3489 2869 Filii,

1906 2907 2003 2960 per
2030 2905 2193 2960 quem
2219 2894 2400 2946 omnia
2427 2891 2571 2947 facta
2607 2903 2752 2948 sunt.
2779 2891 2836 2946 In
2872 2892 2992 2947 istis
3027 2908 3150 2947 cum
3199 2893 3487 2962 Origenetu

1905 2983 2217 3049 mentiatur,
2246 2983 2489 3052 adiungit
2512 2995 2633 3054 post
2656 3001 2825 3054 pauca
2861 2984 2952 3056 [Β.
2986 2984 3106 3057 XV]
3139 3004 3152 3040 :
3183 2985 3484 3048 Asterium,

1913 3090 1933 3124 ι
1976 3074 2067 3143 qui
2101 3074 2341 3129 affirmat
2370 3085 2682 3145 generatum
2715 3075 2886 3131 fuisse
2913 3085 3038 3133 ante
3073 3079 3255 3132 omnia
3291 3081 3489 3131 saecula

229 3164 248 3244 ξ
288 3144 500 3202 αἰώνων
533 3149 912 3220 γεγεννῆσθαι.
944 3170 963 3203 ι
994 3151 1177 3205 Ταῦτα
1206 3152 1397 3217 εἰπὼν,
1425 3156 1520 3208 καὶ
1541 3157 1797 3226 προσθεὶς

1913 3183 1931 3216 ι
1973 3165 2192 3232 Filium,
2233 3167 2315 3222 vel
2347 3144 2459 3236 ipsa
2484 3167 2704 3237 quidem
2728 3167 2911 3222 littera
2943 3168 3229 3223 mentitum
3264 3168 3492 3223 convin-

223 3232 384 3305 lupa
421 3236 502 3298 εἰς
545 3235 860 3310 ἀνατροπὴν
895 3237 987 3291 τοῦ
1026 3240 1132 3314 πρὸ
1167 3242 1276 3296 τῶν
1297 3243 1506 3300 αἰώνων
1550 3248 1800 3318 γεγεννῆο

225 3323 346 3379 σθαι
381 3324 474 3380 τὸν
503 3327 653 3392 Υἰὸν,
690 3329 929 3398 ἐπιλέγει
959 3332 1140 3397 αὐτοῖς
1191 3335 1449 3406 ῥήμασιν·
1484 3357 1504 3389 ε
1550 3337 1712 3405 Ἀξιῶ
1739 3340 1797 3392 δὲ

227 3432 246 3467 ι
280 3418 409 3480 τοὺς
441 3418 868 3490 ἐντυγχάνοντας
899 3421 1008 3477 τῶν
1046 3425 1215 3494 ἀγίων
1239 3426 1480 3501 ὡσπερεὶ
1507 3432 1797 3502 σπέρματα

225 3527 244 3562 ι
283 3509 380 3564 καὶ
441 3511 616 3583 ἀρχὰς
681 3513 842 3584 τῆσδε
910 3515 1390 3591 τῆςέξηγήσεως
1447 3522 1663 3594 ἀληθῶς
1722 3527 1797 3577 εἰ-

225 3618 245 3652 a
279 3601 538 3673 ληφότας,
574 3603 826 3670 πλείονας
869 3607 1168 3676 ἀποδείξεις
1201 3611 1516 3684 προσθεῖναι
1558 3619 1674 3680 τοῖς
1717 3620 1795 3671 εἰ-

222 3710 243 3746 t
281 3693 558 3766 ρημένοις’
614 3695 755 3751 ὥστε
805 3697 886 3753 ἔτι
921 3700 1144 3770 μᾶλλον,
1186 3703 1286 3768 τὰς
1333 3704 1441 3757 τῶν
1478 3704 1652 3779 ῐπερὶ]
1695 3707 1796 3780 τὴν

220 3801 242 3837 ε
273 3785 457 3838 πίστιν
478 3785 911 3859 διαστρεφόντων
934 3791 1250 3864 ἐλέγχεσθαι
1272 3797 1638 3867 προαιρέσεις.
1680 3801 1797 3852 Ὄν-

221 3893 241 3928 t
272 3891 380 3940 τως
404 3876 514 3948 γὰρ
537 3875 670 3931 Θεδν
694 3879 785 3932 τὸν
817 3883 1155 3953 γεννήσαντα
1192 3887 1390 3950 αὐτοὺς
1413 3890 1792 3956 ἐγκατέλιπον,

220 3985 241 4019 ε
272 3967 366 4022 καὶ
411 3966 626 4040 ὤρυξαν
661 3972 874 4035 ἑαυτοῖς
913 3972 1149 4041 λάκκους
1200 3981 1712 4053 συντετριμμένους.
1769 4004 1787 4037 ι

213 4056 450 4111 Τοιαῦτα
478 4059 573 4114 καὶ
593 4060 682 4115 διά
711 4062 917 4118 τούτων
941 4064 1418 4140 λοιδορησάμενος,
1452 4071 1577 4145 ἑξῆς
1602 4077 1794 4147 πειρᾶ-

210 4165 301 4202 ται
337 4150 645 4218 δεικνύναι,
680 4154 760 4207 ὅτι
811 4154 946 4225 μηδὲ
1005 4174 1023 4208 ι
1060 4159 1223 4226 εἰκὼν
1264 4161 1359 4215 τοῦ
1403 4163 1538 4218 Θεοῦ
1585 4168 1731 4222 ἐστιν
1764 4173 1793 4223 ό

217 4257 237 4293 ε
273 4242 423 4316 Υἱὸς,
465 4262 484 4294 a
528 4243 704 4314 λέγων
736 4245 930 4312 οὕτως’
967 4266 986 4300 ε
1044 4251 1362 4309 Ἀκόλουθον
1390 4257 1632 4330 ἠγοῦμαι
1663 4261 1793 4333 βρα-

218 4349 237 4383 t
270 4333 370 4402 χέα
410 4334 506 4388 καὶ
547 4337 680 4408 περὶ
716 4337 817 4402 τῆς
863 4340 1073 4404 εἰκόνος
1119 4346 1314 4398 εἰπεῖν’
1363 4349 1611 4421 γέγραφε
1650 4353 1786 4424 γάρ·

218 4441 236 4475 ι
277 4425 469 4490 Ἄλλος
495 4427 553 4482 δέ
576 4430 726 4484 ἔστιν
757 4429 786 4483 ὸ
832 4430 890 4498 ἐξ
917 4432 1078 4487 αὑτοῦ
1108 4437 1407 4507 γεννηθεὶς,
1446 4442 1506 4506 ὃς
1538 4445 1684 4497 ἐστιν
1712 4448 1790 4499 εἰ-

1912 3279 1930 3312 ε
1969 3259 2064 3327 cit,
2093 3259 2226 3314 adeo
2254 3267 2314 3313 ut
2339 3271 2444 3313 non
2476 3259 2650 3314 solum
2683 3260 2736 3314 in
2763 3259 2849 3315 rei
2894 3259 3149 3326 veritate,
3179 3261 3272 3314 sed
3312 3260 3364 3313 in
3398 3276 3487 3315 vo-

1909 3370 1930 3405 ι
1971 3351 2126 3407 cibus
2159 3350 2291 3421 ipsis
2316 3349 2678 3407 aberraveril.
2709 3349 2844 3405 Nam
2866 3351 2935 3417 si,
2970 3351 3107 3406 Ante
3141 3352 3376 3415 aa'cula,
3409 3352 3486 3404 uti

1909 3462 1928 3495 ε
1971 3441 2216 3512 loquitur
2247 3440 2667 3498 Proverbiorum
2705 3442 2880 3508 liber,
2911 3442 3160 3512 fundavit
3215 3459 3319 3507 me,
3359 3457 3486 3511 quo-

1908 3553 1928 3586 ε
1967 3533 2127 3588 modo
2159 3540 2284 3588 ante
2311 3531 2508 3588 saeuis
2538 3534 2778 3604 genitum
2811 3532 2981 3590 fuisse
3011 3534 3160 3589 illum
3208 3533 3486 3589 afﬁrmat?

1909 3644 1931 3676 ο
1961 3625 2120 3680 Aliud
2145 3633 2230 3678 est
2251 3623 2420 3691 enim,
2457 3635 2584 3680 ante
2606 3623 2860 3680 saeculum
2893 3624 3176 3681 fundatum
3209 3625 3396 3692 fuisse,
3430 3636 3498 3683 et.

1907 3735 1926 3766 ε
1956 3717 2098 3771 aliud
2125 3717 2359 3787 genitum
2388 3716 2555 3785 fuisse
2585 3726 2707 3770 ante
2734 3717 2950 3771 sa'cula.
2983 3736 3002 3769 ι
3039 3716 3166 3773 Hac
3206 3719 3294 3772 ubi
3325 3718 3502 3780 dixit,

1901 3820 1956 3863 et
1974 3807 2168 3876 adjecit
2186 3806 2346 3861 simul
2367 3805 2470 3861 alia
2492 3808 2559 3861 ad
2579 3806 2706 3861 illud
2741 3805 3119 3872 refellendum,
3142 3811 3273 3861 Ante
3289 3809 3508 3861 saecula,

1901 3903 2063 3967 fuisse
2097 3910 2400 3970 generatum
2426 3897 2649 3965 Filium,
2696 3900 2973 3971 subiungit
3015 3899 3104 3973 [Β.
3137 3884 3426 3971 LXXXIX]
3464 3919 3478 3954 :

1906 4013 1923 4045 ι
1951 3989 2206 4048 Obtestor
2223 3991 2370 4046 viros
2401 4002 2641 4058 sanctos,
2672 3992 2723 4044 in
2748 4005 2979 4061 quorum
3014 4006 3209 4046 manus
3233 3992 3337 4045 ista
3362 4008 3480 4045 mea

1907 4105 1924 4137 ι
1961 4094 2087 4140 sunt
2111 4093 2461 4156 perventura,
2493 4093 2554 4138 ut
2580 4085 2748 4138 veluti
2777 4083 2868 4154 qui
2899 4083 3108 4138 semina
3139 4092 3193 4137 et
3217 4083 3499 4153 principia.

1905 4197 1923 4229 ‹
1959 4178 2116 4232 istius
2153 4176 2616 4246 interpretationis
2639 4175 2912 4230 veraciter
2941 4191 2971 4230 a
3002 4190 3090 4230 me
3113 4183 3334 4243 accepta
3360 4190 3484 4243 per-

1904 4289 1923 4321 ε
1960 4269 2224 4338 ceperint,
2254 4268 2438 4339 plures
2466 4268 2643 4322 adhuc
2664 4267 3162 4322 demonstrationes
3188 4269 3484 4336 adiungere

1906 4382 1925 4414 ε
1969 4363 2230 4417 velint'ad
2258 4376 2322 4418 ea
2358 4376 2480 4431 qua:
2503 4362 2650 4417 dicta
2681 4368 2808 4415 sunt
2838 4375 2868 4414 a
2902 4376 3009 4423 me,
3036 4374 3144 4430 quo
3167 4361 3339 4428 magis
3369 4372 3485 4411 ma-

1906 4472 1923 4505 ι
1959 4454 2149 4523 gisque
2177 4451 2350 4507 refelli
2405 4453 2620 4522 possint
2668 4465 2857 4506 eorum
2909 4450 3191 4506 hominum
3226 4450 3429 4503 intenta
3465 4487 3500 4510 ,,

217 4534 234 4566 ι
272 4517 382 4571 κὼν
419 4519 513 4573 τοῦ
552 4520 689 4575 Θεοῦ
714 4521 808 4576 τοῦ
842 4525 1093 4596 ἀοράτου.
1123 4530 1344 4595 Είκόνος
1375 4533 1462 4587 διά
1489 4536 1647 4589 τοῦτο
1695 4538 1793 4608 μέ-

1907 4563 1922 4594 ι
1957 4543 2156 4610 quibus
2187 4542 2344 4597 fidem
2378 4553 2691 4611 pervertere
2718 4542 2960 4596 solemne
2985 4551 3088 4598 est.
3108 4539 3315 4595 Revera
3339 4539 3482 4593 enim

215 4626 232 4658 ι
275 4625 473 4680 μνηται
491 4612 601 4685 (l3)
614 4613 751 4668 Θεοῦ
776 4617 870 4671 τοῦ
900 4619 1136 4690 ἀοράτου
1166 4623 1463 4694 Ἀστέριος,
1488 4627 1575 4680 ἵνα
1602 4629 1787 4682 τοσοῦ-

274 4788 319 4820 ⁸³
351 4788 516 4846 Joan.
548 4809 662 4862 xiv,
697 4795 752 4850 6.

209 4966 532 5057 intulissein
564 4980 1054 5057 commentationes
1082 4984 1336 5057 suas,_de
1359 4982 1637 5057 religione.
1669 4987 1784 5044 Un-

208 5037 485 5125 desagpius
512 5042 694 5125 lapsus
729 5059 832 5112 est,
860 5066 961 5125 nec
1002 5037 1785 5125 illaiioiﬁiséni'tié’c'ih'biiie

205 5119 620 5193 exgusganute
642 5115 1071 5193 in_responsione
1090 5122 1352 5180 Eusebius
1379 5115 1684 5184 cavillatu}.
1707 5130 1778 5184 M.

204 5178 662 5267 :Dedihért'iog‘o
689 5178 825 5267 East:
859 5189 988 5267 Mox
1013 5192 1120 5267 Μρἶ
1281 5178 1780 5267 μέμσηρἐὸέἰοῖό

209 5264 364 5372 partv.
397 5250 580 5336 Porro.
603 5252 888 5337 R._:od:ou
925 5250 1228 5383 géy.,~locb
1263 5250 1419 5319 τοῦτο

209 5332 266 5369 vu
290 5335 354 5383 go
376 5322 486 5375 ἀπὸ
512 5340 622 5377 των
641 5343 719 5383 τω
751 5329 817 5383 ΙΙ.
853 5332 919 5383 όη
960 5331 1016 5383 ὲν
1045 5350 1152 5383 των
1197 5334 1272 5383 ὁ--
1309 5338 1396 5383 ubi
1421 5336 1452 5383 il
1485 5339 1592 5383 ἀπό
1619 5355 1772 5383 Ninos

205 5322 354 5440 alligo
376 5322 486 5375 ἀπὸ
512 5323 622 5377 τῶν
641 5325 719 5395 τῷ
751 5329 817 5385 u.
851 5322 1017 5452 finisti
1045 5322 1152 5387 τῶν
1196 5334 1272 5407 ῤ.,
1309 5338 1396 5389 ubi
1421 5322 1592 5418 {suis
1619 5322 1776 5396 εδιὶᾶ

205 5427 299 5480 -.λ
461 5395 619 5480 vulgo
641 5397 832 5480 ὁμοίαν
858 5416 968 5480 ρόο
992 5403 1019 5454 ό
1054 5404 1181 5480 μίαν
1208 5418 1261 5460 et
1284 5407 1576 5480 agmpfrou
1602 5427 1696 5480 1:9.
1723 5423 1776 5467 et

324 5457 1065 5545 ξεν-ςιιώἢωνιθεμελίωᾳεηέ
1085 5474 1185 5545 ἐμέ
1207 5457 1260 5530 «ξι
1295 5457 1489 5545 τῆς-δέ.

236 5598 247 5617 ε
257 5530 287 5617 _(
295 5528 380 5617 132
396 5531 744 5617 _M€!lm~tflfo
756 5581 767 5592 .
779 5528 802 5593 .’
813 5528 1129 5617 Ἀστέριοςί
1146 5528 1359 5617 verum.
1479 5528 1642 5616 quod
1690 5552 1774 5606 hic

205 5597 587 5688 aitjllarc‘ellus
612 5597 788 5688 Ξ..ἰάεο
820 5597 1013 5688 Filium
1049 5597 1225 5688 Patris
1256 5597 1772 5688 imsgideﬁi'isidiié

204 5670 754 5757 ‘JI‘EEb‘BI'EFPI's'W
791 5681 1234 5757 ΨΑροειτϋονει
1262 5687 1340 5739 sic
1361 5670 1764 5757 ἔρρὲιιδιιῖιὶῦὲὶζ

205 5739 347 5826 quod,
382 5739 502 5826 inde
532 5739 764 5826 μείωσιν
788 5750 879 5826 _illi
919 5739 1210 5826 credebant.
1253 5739 1551 5822 astutia-et
1582 5739 1769 5826 ὸὺᾶἐᾶξ

205 5805 503 5878 ἀλλοίωσιν,
531 5805 585 5868 et
610 5814 976 5888 ἀλλογένειαν,
1010 5805 1755 5896 creationem,posteriori;

1900 4649 1918 4680 ‹
1959 4629 2127 4684 Deum
2155 4630 2246 4700 qui
2278 4631 2467 4698 genuit
2496 4631 2667 4701 ipsos,
2685 4629 3123 4701 dereliquerunt,
3148 4639 3204 4685 et
3235 4637 3502 4701 pertusos.

1899 5000 2005 5046 tem
2038 5007 2051 5043 :
2080 4999 2134 5045 et
2157 4992 2424 5048 Eusebius
2456 4995 2572 5060 ipse
2604 4992 2887 5055 animitus,
2916 5000 2968 5046 et
2992 4989 3135 5047 clam
3171 4991 3482 5050 Ariauismo

1893 5062 2225 5131 denigratus,
2256 5065 2367 5118 ἄνω
2397 5065 2492 5118 καὶ
2523 5063 2676 5117 κάτω
2709 5062 2933 5132 στρέφει
2965 5063 3317 5132 ὴοηοίνοοεηι
3351 5079 3364 5115 :
3395 5064 3480 5118 in-

1893 5133 2052 5202 terim
2088 5133 2251 5186 etiam
2281 5150 2470 5188 verum
2503 5143 2587 5188 est
2616 5133 2757 5201 quod
2782 5131 2896 5186 ’hic
2933 5131 3189 5187 Marcello
3233 5133 3482 5202 obiectat.

1892 5201 2181 5266 Eusebius,
2212 5202 2490 5259 Christum
2538 5203 2834 5258 secundum
2881 5205 3175 5259 humanam
3222 5201 3477 5259 naturam

1890 5271 2085 5336 solum,
2118 5285 2172 5327 et
2198 5286 2472 5341 quatenus
2519 5275 2715 5339 homo,
2764 5281 2820 5343 et
2856 5276 3077 5343 quando
3131 5275 3329 5335 homo,
3368 5290 3482 5330 non.

1887 5343 2040 5409 prius
2071 5343 2363 5410 imaginem
2385 5349 2452 5398 ab
2479 5344 2569 5399 illo
2595 5343 2698 5398 dici
2724 5363 2736 5396 :
2761 5342 2834 5396 ita
2863 5342 3111 5409 eludunt,
3130 5355 3182 5398 et
3211 5344 3477 5410 lacerant,

1885 5420 1940 5465 et
1973 5413 2555 5481 detorquentbtcretici
2578 5413 2756 5467 locum
2792 5413 2940 5468 illum
2969 5413 3230 5482 Apostoli,
3256 5412 3470 5468 Cnloss.

1883 5496 1924 5540 ι.
1951 5482 2050 5548 l5;
2086 5487 2179 5537 sed
2203 5494 2260 5537 ut
2286 5499 2412 5538 vere
2442 5485 2793 5547 Athanasius,
2822 5493 2875 5538 et
2901 5484 3225 5546 orthodoxe,
3278 5483 3475 5548 Ἀἲδιός

1881 5553 2028 5605 ἐστιν
2067 5552 2095 5603 ὁ
2128 5555 2341 5626 Πατὴρ,
2359 5555 2666 5626 ἀθάνατος.
2712 5554 2956 5617 δυνατὸς,
2995 5554 3157 5626 φῶς,
3184 5553 3470 5626 βασιλεῦς,

1880 5624 2300 5696 [παντοκράτωρζ
2344 5624 2496 5689 Θεὸς,
2543 5625 2760 5694 κύριος,
2797 5625 3021 5696 κτιστὴς
3047 5624 3192 5696 Ακαι
3218 5624 3469 5696 ποιητής.

1877 5688 2336 5766 Ταῦτα-εἶναι’δεῖ
2367 5696 2425 5747 έν
2445 5688 2509 5766 τῇ
2545 5688 2752 5758 εἰκόνι,
2776 5697 2862 5749 ἵνα
2893 5688 3123 5766 ἀληθῶς,
3148 5696 3177 5747 ό
3206 5695 3296 5748 τόν
3334 5688 3472 5766 ’Υίὸν

1880 5763 2023 5840 ἰδὼν,
2059 5764 2265 5840 ίδῃᾼκαὶ
2290 5765 2380 5840 τὸν
2399 5763 2635 5840 Πατέρα.
2667 5766 2735 5821 Μ.
2769 5798 2836 5806 -
2877 5763 3017 5823 tum.
3045 5765 3202 5838 vulgo
3232 5765 3468 5838 ἀοράτου

1876 5834 2026 5898 ὄντος
2054 5834 2255 5892 omisso
2282 5836 2397 5908 τοῦ.
