4106 6416
224 395 328 452 769

1337 390 1620 446 CONTRA
1657 386 2084 447 IARCELLUM
2125 385 2256 443 LIB.
2299 409 2340 441 ι.

3370 387 3476 444 ⁸17νο

218 513 450 584 πικρῶς,
480 513 558 581 τῷ
584 509 749 580 μηδὲν
774 509 1016 580 εἰρηκότι
1046 505 1249 569 πλεῖον,
1278 506 1354 569 ὡς
1381 506 1542 568 αὐτὸς
1567 505 1793 576 γράφει,

1897 503 2177 569 transiret,
2207 504 2278 568 ,in
2305 500 2533 557 ecclesia
2557 500 2980 556 concionaretur
3007 518 3022 556 :
3050 504 3195 571 quod
3229 517 3290 558 se
3317 502 3477 558 tando

217 605 252 676 ἢ
284 602 345 656 τὸ
374 600 726 654 ἀποστολικόν
761 602 946 670 ῥητόν.
979 599 1089 652 Καὶ
1123 599 1218 652 νῦν
1261 597 1364 668 μὶν
1399 596 1494 649 δύο
1522 597 1677 661 θεοὺς
1707 596 1794 650 λέ-

217 711 336 762 γειν
361 693 453 748 τὸν
482 691 736 746 Εὐσέϐιον
769 690 1041 761 ὁμολογεῖ,
1072 690 1148 751 ὡς
1167 689 1235 743 ἀν
1255 689 1348 742 τὸν
1375 688 1502 742 Υίὸν
1525 687 1619 742 τοῦ
1656 686 1792 740 Θεοῦ

217 782 568 852 θεολογοῦντα
601 782 697 834 σὺν
729 781 808 851 τῷ
842 781 1050 853 Πατρί·
1085 779 1289 850 προῖὼν
1319 780 1365 833 δ’
1403 781 1461 834 έν
1495 783 1608 844 τοῖς
1641 779 1790 848 ἑξῆς,

215 875 407 946 ὥσπερ
438 871 858 944 ἐπιλελησμένος
903 868 980 928 ὦν
1022 873 1256 928 ἐνταῦθα
1286 873 1633 944 κατηγόρηκε
1653 910 1667 935 ,
1700 871 1792 926 τὸν

215 965 377 1018 αὑτὸν
420 965 673 1032 πειρᾶται
713 963 1018 1017 διαϐάλλειν
1062 963 1138 1026 ὡς
1173 962 1330 1032 ψιλὸν
1371 962 1657 1033 ἄνθρωπον
1702 963 1792 1016 τὸν

215 1055 448 1127 Χριστὸν
463 1053 602 1108 εἶναι
626 1055 871 1123 λέγοντα.
889 1054 1047 1126 Ἑξῆς
1061 1054 1118 1107 δὲ
1133 1056 1246 1118 τοῖς
1265 1053 1648 1126 προκειμένοις
1669 1053 1791 1106 ἑπι-

217 1145 477 1199 συνάπτει
495 1146 693 1216 πολλήν
712 1162 832 1198 τινα
855 1147 950 1198 καὶ
969 1143 1185 1216 μακρὰν
1200 1144 1490 1216 φλυαρίαν,
1506 1144 1575 1198 τά
1589 1160 1647 1196 τε
1663 1142 1792 1197 ϐντα

215 1238 285 1291 τά
297 1253 356 1290 τε
373 1236 447 1308 μὴ
462 1235 591 1290 ὄντα
603 1235 780 1306 ἑαυτῷ
794 1224 1194 1306 συνείριυν(25)·
1218 1237 1500 1306 μονονουχὶ
1515 1233 1655 1288 κατά
1668 1236 1792 1298 τοὺς

215 1329 514 1400 φήσαντας.
547 1327 622 1381 Τὰ
641 1327 815 1397 χείλη
840 1325 1009 1396 ἡμῶν
1029 1325 1166 1394 παρ’
1187 1319 1332 1396 ἡμῖν
1344 1326 1497 1390 ἐστι,
1519 1323 1794 1396 τίς-ήμῶν

215 1416 421 1483 κύριός
465 1416 630 1478 san;
683 1415 762 1467 At'
792 1409 866 1468 ὧν
906 1415 1212 1476 δείκνυται,
1259 1414 1442 1479 καθὼς
1492 1415 1792 1488 ἀρχόμενος

214 1506 351 1578 ἔφην
392 1506 486 1560 τοῦ
534 1507 982 1577 συγγράμματος,
1031 1506 1090 1571 ἐξ
1115 1506 1560 1578 ὑπερϐαλλούσης
1591 1507 1792 1579 εχθρας

214 1616 274 1652 τε
308 1600 400 1652 καὶ
434 1600 785 1670 μισαδελφίας
815 1600 1158 1670 ἐπιπηδήσας
1184 1601 1264 1669 τῇ.
1284 1602 1490 1671 γραφῇ.
1532 1598 1793 1662 Μεταϐἀς

213 1691 258 1743 δ’
303 1693 368 1744 ὲκ
415 1692 638 1756 τούτων,
693 1693 965 1764 Ἀστέριον
1021 1688 1176 1755 αὖθις
1224 1690 1511 1760 τραγῳδεῖ,
1575 1689 1791 1762 μακρὰν

217 1783 515 1837 ἀποτείνων
552 1785 648 1837 καὶ
690 1784 818 1855 περὶ
863 1781 1029 1836 αὐτοῦ
1058 1782 1332 1853 διήγησιν,
1378 1782 1526 1844 ὅπως
1557 1797 1617 1833 τε
1650 1781 1789 1834 ἀπο-

213 1874 377 1945 δημεῖ
406 1875 541 1945 (26),
573 1877 669 1928 καὶ
702 1879 811 1939 ποῖ,
855 1874 950 1928 καὶ
972 1875 1131 1937 πότε,
1176 1873 1272 1927 καὶ
1303 1872 1442 1944 πρὸς
1469 1871 1640 1936 τίνας.
1682 1872 1792 1926 Καὶ
1823 1892 1866 1946 Β

212 1963 402 2016 τσύτου
434 1964 490 2017 δὲ
524 1964 825 2035 ἀφέμενος,
855 1959 1008 2027 αὖθις
1054 1962 1148 2016 ἰπὶ
1184 1961 1277 2015 τὸν
1313 1961 1406 2014 τοῦ
1440 1960 1576 2014 Θεοῦ
1617 1961 1788 2032 ἀνδρα

217 2057 476 2108 Παυλῖνον
514 2056 799 2128 τρέπεται,
831 2055 1006 2110 ταῦτα
1038 2055 1266 2126 γράφων
1312 2054 1498 2118 αὐτοῖς
1541 2055 1782 2125 ῥήμασν

221 2165 239 2196 ε
272 2145 494 2211 Τούτοις
517 2147 574 2201 δὲ
605 2149 718 2208 τοῖς
751 2149 934 2218 ῥητοῖς
965 2147 1058 2200 καὶ
1093 2147 1122 2198 ό
1149 2145 1343 2199 τούτου
1379 2143 1561 2217 πατὴρ
1607 2142 1789 2198 πειθό-

220 2250 239 2282 t
280 2248 459 2303 μενος,
485 2232 765 2297 Παυλῖνος,
800 2233 972 2288 ταῦτα
1007 2233 1185 2302 λέγειν
1216 2249 1277 2288 τε
1311 2233 1405 2287 καὶ
1433 2233 1668 2304 γράφειν
1687 2235 1788 2288 οὐκ

222 2339 242 2370 ε
278 2321 446 2384 ὀκνεῖ,
475 2323 605 2377 ποτε
645 2325 742 2395 μὲν
772 2323 1023 2397 δεύτερον
1046 2325 1179 2379 Θεὸν
1205 2325 1380 2394 λέγων
1409 2326 1502 2380 τὸν
1528 2325 1786 2398 Χριστὸν,

222 2428 242 2462 t
283 2413 377 2466 atat
419 2411 606 2468 τοῦτον
659 2414 1149 2489 ἀνθρωπικώτερον
1209 2417 1569 2490 γεγεννῆσθαι
1619 2417 1783 2474 Θεόν·

222 2521 242 2552 t
284 2504 412 2557 ποτε
440 2504 498 2558 δὲ
525 2505 618 2558 καὶ
651 2507 854 2577 κτίσμα
883 2508 1046 2562 αὐτὸν
1071 2505 1210 2562 εἷναι
1249 2508 1632 2582 διοριζόμενος.
1666 2511 1790 2564 ὀτι

222 2611 242 2645 t
281 2594 339 2647 δὲ
377 2595 522 2650 τοῦθ’
550 2596 723 2660 οῦτως
765 2597 912 2668 εχει,
956 2599 1052 2653 καὶ
1103 2599 1241 2672 πρὸς
1283 2601 1434 2671 ἡμᾶς
1479 2617 1640 2667 ποτε,
1691 2602 1790 2672 τὴν

223 2701 242 2735 t
278 2683 547 2756 ’Δγκύραν
573 2684 744 2748 διῖὼν,
769 2686 971 2757 κτίσμα
987 2687 1126 2742 εἶναι
1141 2688 1234 2742 τὸν
1260 2687 1491 2758 Χριστὸν
1507 2689 1733 2758 ἔφασκε.
1765 2708 1784 2742 s

217 2773 329 2827 Kal.
363 2775 524 2830 πάλιν
565 2776 876 2846 μυθολογῶν
907 2777 1174 2850 διελέχθαι
1209 2780 1290 2852 τῷ
1324 2781 1574 2852 Παυλίνῳ
1602 2783 1787 2851 φησίν.

221 2868 451 2922 Ἔπειτα
487 2867 759 2922 διαϐάλλει
789 2869 881 2923 τὸν
925 2871 1213 2942 μακάριον,
1247 2871 1326 2934 ὼς
1371 2871 1524 2936 θεοὺς
1563 2871 1792 2936 πολλοὺς

216 2959 507 3031 εἰρηκότα,
543 2960 637 3014 καὶ
685 2961 996 3016 καταλιπὼν
1029 2961 1122 3016 τὸν
1166 2962 1450 3028 Παυλῖνον,
1503 2963 1666 3018 πάλιν
1713 2961 1792 3034 τῷ

218 3053 462 3125 Εὑσεϐίῳ
493 3054 739 3126 σχολάζει
796 3055 1019 3124 φάσκων
1038 3073 1051 3088 ·
1088 3077 1106 3110 t
1142 3055 1300 3112 Οῦτω
1325 3056 1383 3111 δι
1413 3055 1510 3110 καὶ
1534 3056 1793 3119 Εὐσέϐιος

222 3163 241 3195 s
279 3145 309 3198 ὁ
344 3145 444 3216 τῆς
484 3147 818 3220 Καισαρείας
846 3149 1089 3223 γέγραφε
1130 3149 1224 3204 καὶ
1262 3148 1444 3213 αὐτὸς,
1490 3149 1590 3220 τὴν
1624 3148 1794 3220 αὐτὴν

1895 595 2170 650 audivisse
2204 592 2471 659 aﬁirmat,
2529 601 2695 661 atque
2738 607 2807 646 ex
2863 592 3232 662 indignatione
3287 596 3479 651 scribit

1901 684 2002 756 [Β.
2042 682 2287 756 LXXIII]
2319 701 2332 738 :
2373 701 2392 734 t
2428 682 2718 754 Apostolus
2753 681 3060 751 huiusmodi
3105 683 3474 741 testimonium

1905 791 1924 824 ι
1970 773 2282 829 Galatarum
2317 773 2439 829 ﬁdei
2469 773 2720 842 perhibet
2747 791 2763 828 :
2797 773 3061 829 Eusebius
3091 785 3274 829 autem
3299 815 3314 840 ,
3350 793 3476 846 per-

1898 880 1918 914 ι
1968 878 2125 918 verso
2144 877 2306 918 sensu
2336 863 2654 932 apostolico,
2680 877 2791 932 quo
2818 863 3042 934 scripsit
3075 881 3089 920 :
3119 863 3478 934 Filioli,qnos

1900 971 1918 1003 ι
1967 955 2161 1008 iterum
2192 954 2460 1022 parturio,
2507 954 2681 1008 donec
2717 951 3034 1008 eﬁ‘ormetur
3065 957 3117 1007 in
3145 952 3295 1009 vobis
3325 955 3479 1010 Chri-

1899 1063 1916 1095 ε
1965 1054 2103 1110 stus,
2132 1043 2342 1103 Galatia
2369 1045 2704 1100 obtrectatus
2747 1053 2832 1098 est
2857 1083 2874 1109 ,
2928 1053 2986 1096 ut
3034 1045 3213 1099 minus
3242 1055 3386 1100 recte
3411 1047 3479 1100 tle

1899 1151 1919 1184 ε
1965 1135 2074 1187 Deo
2135 1134 2520 1189 sentientibus.
2564 1153 2584 1186 ι
2645 1134 2808 1189 Certe
2881 1134 3134 1204 inquiens
3191 1138 3480 1205 parturit-it

1895 1227 2150 1280 acerbum
2184 1227 2469 1296 quemdam
2506 1237 2563 1280 et
2607 1226 3051 1280 molestissimum
3099 1239 3317 1296 partum
3366 1241 3476 1283 tum

1893 1331 2015 1369 cum
2067 1318 2360 1372 resciverat
2387 1316 2635 1383 Galatas,
2681 1333 2787 1373 non
2820 1319 2915 1382 ita,
2969 1331 3027 1372 ut
3073 1320 3207 1389 ipse,
3260 1321 3326 1375 de
3374 1321 3481 1376 ﬁde

1892 1407 2188 1462 statuisse:
2229 1413 2288 1470 Et
2335 1425 2444 1463 non
2505 1409 2644 1464 duas
2699 1410 3037 1465 substantias
3096 1412 3423 1467 conﬁtentes
3458 1452 3477 1478 ,

1893 1512 2000 1551 non
2023 1513 2109 1552 res
2145 1500 2277 1555 duas
2304 1510 2357 1554 et
2379 1487 2671 1569 potentias,
2713 1517 2819 1556 non
2855 1503 2990 1565 duos
3023 1501 3155 1557 deos
3181 1517 3481 1572 agnoscen-

1894 1599 1994 1645 tes.
2021 1589 2154 1646 Nota
2185 1592 2314 1645 mihi
2355 1603 2540 1648 autem
2571 1603 2775 1663 quanto
2801 1609 2925 1648 cum
2957 1595 3080 1649 felle
3106 1604 3160 1649 et
3181 1595 3481 1650 acerbitate

1891 1680 2226 1734 cunvicietur
2257 1682 2329 1748 ei,
2366 1684 2458 1751 qui
2503 1684 2642 1738 nihil
2687 1699 2912 1753 prorsus
2952 1685 3004 1739 in
3029 1687 3232 1755 scripta
3273 1686 3477 1752 retulit,

1893 1781 2090 1840 prater
2157 1773 2298 1826 nuda
2363 1773 2747 1844 ipsissitnaque
2790 1775 3034 1846 Apostoli
3087 1779 3273 1843 verba,
3320 1778 3479 1848 idque

1892 1862 2057 1916 etiam
2089 1865 2205 1932 ipso
2232 1863 2451 1918 favente
2476 1877 2818 1922 accusatore.
2843 1867 2911 1921 Et
2941 1868 3119 1923 adhuc
3148 1871 3242 1938 qui
3275 1867 3482 1926 fatetur

1892 1954 1996 2009 hoc
2025 1955 2079 2009 in
2108 1956 2230 2010 loco
2265 1955 2560 2012 Eusebium
2610 1959 2748 2013 duos
2795 1959 2928 2013 deos
2978 1961 3244 2029 proﬁteri,
3285 1972 3477 2032 utputa

1887 2045 1980 2115 qui
2026 2061 2147 2101 cum
2177 2046 2342 2102 Patre
2386 2063 2506 2115 suo,
2561 2064 2666 2104 una
2725 2059 2781 2104 et
2809 2050 3006 2104 Filium
3057 2067 3274 2122 quoque
3305 2051 3475 2108 Deum

1889 2147 2148 2207 agnoscat
2175 2153 2319 2205 esse,
2348 2155 2580 2212 pergens
2613 2157 2776 2212 porro
2800 2143 2853 2198 in
2886 2145 3272 2214 sequentibus,
3308 2147 3476 2202 veluti

1889 2228 1972 2282 sui
2012 2228 2234 2293 oblitus,
2283 2241 2340 2286 et
2400 2234 2793 2299 accusationis,
2831 2246 3064 2291 conatur
3109 2236 3362 2292 eumdem
3422 2247 3481 2294 et

1889 2319 2233 2386 calumniari,
2257 2323 2404 2392 quod
2438 2324 2643 2378 nudum
2677 2336 2886 2381 tantum
2937 2328 3209 2385 hominem
3246 2328 3481 2386 aﬁlrmet

1888 2428 2010 2470 esse
2059 2414 2366 2472 Christum.
2404 2418 2714 2476 Antedictis
2755 2421 2998 2476 annectit
3034 2421 3090 2476 in
3122 2423 3481 2491 sequentibus

1891 2505 2244 2576 multiplicem
2285 2520 2340 2564 et
2379 2509 2598 2581 longam
2641 2513 2933 2581 quamdam
2987 2513 3476 2584 vaniloquentiam,

1891 2596 2036 2652 entia
2068 2606 2252 2654 etnon
2271 2600 2414 2655 entia
2443 2602 2808 2672 aggregando,
2838 2612 3046 2657 tantum
3065 2619 3172 2658 non
3203 2605 3271 2658 ad
3287 2619 3478 2660 eorum

1891 2702 2096 2744 morem
2122 2691 2214 2760 qui
2239 2691 2392 2745 aiunt
2419 2710 2432 2744 :
2455 2691 2621 2746 Labia
2642 2703 2821 2746 nostra
2847 2710 3001 2759 penes
3023 2709 3118 2748 nos
3141 2696 3282 2763 ipsos
3311 2705 3434 2750 sunt
3457 2711 3476 2748 :

1889 2785 2064 2852 ecquis
2111 2784 2277 2837 nostri
2321 2784 2629 2838 dominatur
2663 2785 2755 2839 “2
2813 2785 2950 2842 Ili-uc
3013 2796 3272 2858 apparet,
3333 2792 3479 2860 quod

1893 2876 2113 2929 memini
2141 2876 2434 2945 scripsisse
2486 2890 2572 2931 me
2605 2877 2675 2932 ab
2713 2877 2872 2932 initio
2914 2881 3126 2950 operis,
3183 2881 3253 2934 ab
3289 2879 3478 2936 hostili

1891 2966 2172 3022 inimicitia
2196 2977 2251 3022 et
2281 2967 2524 3023 fraterno
2544 2970 2669 3023 odio
2697 2971 2765 3024 ad
2785 2971 3131 3026 scribendum
3162 2974 3480 3042 prosiluisse

1891 3042 2226 3112 Marcellum.
2265 3055 2401 3112 Hinc
2435 3059 2712 3124 digressus
2744 3060 2797 3113 in
2833 3061 3112 3115 Asterium
3143 3064 3320 3119 denuo
3361 3075 3477 3119 tra-
3571 3135 3574 3138 ἢ

1892 3148 2016 3217 gice
2061 3148 2416 3218 ampullatur,
2472 3150 2608 3204 bene
2643 3149 2859 3220 longam
2914 3151 2982 3206 de
3034 3152 3126 3208 illo
3186 3155 3480 3214 instituens

223 3252 242 3285 ι
281 3233 417 3304 ἔχων
446 3236 695 3308 Παυλίνῳ
715 3254 775 3290 τε
797 3239 891 3292 καὶ
919 3241 1030 3302 τοῖς
1058 3236 1257 3303 ἔξωθεν
1289 3239 1420 3310 περὶ
1447 3237 1582 3292 Θεοῦ
1615 3238 1792 3304 δόξαν.

1898 3238 2289 3292 narrationem.
2316 3236 2512 3291 Narrat
2535 3245 2806 3307 quomodo
2836 3242 3038 3308 passim
3075 3247 3479 3314 peregrinetur,

222 3344 242 3377 ε
283 3327 529 3398 Γέγραφε
560 3330 688 3402 γάρ,
718 3329 815 3401 οὐχ
854 3329 930 3394 ὡς
961 3330 1112 3394 ὄντος
1145 3331 1307 3400 μόνου
1336 3330 1492 3395 Θεοῦ,
1526 3330 1640 3384 ἀλλ’
1675 3331 1794 3393 ἑνὸς

225 3435 242 3470 ι
279 3418 429 3484 ὄντος
456 3420 551 3474 τοῦ
587 3423 749 3494 μόνου
781 3421 1036 3493 ἀληθινοῦ
1081 3421 1239 3477 Θεοῦ.
1276 3423 1440 3478 Ὅθεν
1469 3423 1650 3478 τοίνυν
1686 3441 1792 3495 μα-

225 3527 244 3561 ι
283 3510 392 3565 θὼν
435 3513 529 3566 καὶ
562 3515 592 3567 ό
650 3513 926 3586 ’Δστερίου
973 3515 1155 3587 πατὴρ
1201 3515 1465 3579 Παυλῖνος
1500 3515 1796 3587 νεωτέρους

222 3621 240 3653 t
281 3601 437 3669 θεοὺς
478 3603 614 3660 εἶναι
645 3606 800 3678 ᾤετο.
832 3627 850 3660 ι
881 3609 989 3661 Καὶ
1021 3609 1079 3661 ὲν
1110 3607 1322 3672 τούτοις
1349 3608 1404 3662 δὲ
1430 3611 1506 3672 ὡς
1535 3607 1673 3661 θεῶν
1711 3606 1798 3662 δό-

216 3690 314 3760 ξας
369 3695 687 3764 εἰσάγοντας
742 3699 1006 3762 αίτιᾶται,
1064 3697 1396 3770 ἀρνούμενος
1462 3698 1625 3762 αὐτὸς
1697 3695 1797 3768 τὴν

216 3784 444 3857 θεότητα
485 3787 576 3841 τοῦ
628 3788 780 3844 Υίοῦ·
835 3791 931 3844 καὶ
969 3791 1345 3863 παραθέμενος
1385 3792 1487 3863 τὴν
1535 3791 1794 3846 Εὑσεϐίου

215 3874 380 3944 λέξιν,
412 3879 674 3951 συνίησιν,
710 3883 786 3946 ὡς
822 3883 922 3936 ούκ
945 3899 1014 3953 ην
1043 3881 1207 3937 αὑτοῦ
1249 3884 1283 3953 ἡ
1315 3882 1407 3937 τὸν
1445 3884 1668 3955 Πατέρα
1701 3884 1798 3955 μό-

215 3985 303 4024 νον
333 3970 584 4042 ἀληθινὸν
613 3972 743 4026 Θεὸν
780 3973 1106 4028 διδάσκουσα
1135 3974 1309 4044 φωνὴ,
1337 3973 1433 4028 τοῦ
1459 3974 1796 4046 δὲοΣωτῆρος

217 4058 372 4130 ἡμῶν
398 4061 701 4132 εἰρηκότος,
730 4063 831 4117 ἵνα
853 4062 1196 4133 γινώσκωσι
1217 4079 1292 4118 σε
1314 4065 1422 4118 τὸν
1441 4066 1635 4134 μόνον
1658 4064 1798 4133 ἀλη-

216 4151 384 4206 θινὸν
443 4155 619 4208 Θεόν·
671 4155 765 4208 καὶ
831 4155 951 4226 μεθ’
1001 4157 1162 4229 ἕτερα
1221 4155 1544 4228 προστίθησι
1601 4155 1793 4223 λέγων·

223 4263 240 4292 ι
291 4243 445 4297 Ἐπεὶ
476 4245 637 4298 πόθεν
671 4249 802 4317 ἡμῖν
842 4249 906 4299 ὲκ
937 4246 1048 4300 τῶν
1083 4233 1242 4302 θείων
1272 4247 1595 4318 δυνήσονται
1625 4247 1797 4316 δεῖξαι

223 4353 241 4387 t
285 4336 496 4407 ῥητῶν,
549 4338 632 4391 ὃτι
666 4334 745 4402 εἷς
795 4340 892 4410 μὲν
928 4339 1242 4412 ἀγέννητος,
1283 4332 1366 4402 εἷς
1411 4339 1469 4393 δὲ
1517 4339 1797 4409 γεννητὸς,

223 4445 241 4476 ι
279 4426 353 4490 ὡς
392 4428 545 4481 αὐτοὶ
581 4429 938 4501 γεγεννῆσθαι
981 4431 1143 4485 αὐτὸν
1176 4430 1637 4497 πεπιστεύκασιν;
1672 4430 1796 4484 οὕτε

223 4537 242 4569 t
284 4520 592 4592 προφητῶν,
628 4520 750 4575 οὕτε
789 4522 1209 4591 εύαγγελιστῶν,
1254 4522 1289 4593 ἢ
1323 4523 1636 4576 ἀποστόλων
1683 4521 1795 4593 (27)

224 4627 243 4662 t
279 4609 423 4664 τοῦτ’
460 4613 776 4684 εἰρηκότων.
820 4633 839 4666 ι
877 4610 990 4667 Εἶθ’
1018 4613 1208 4686 ὥσπερ
1237 4614 1296 4668 ἐν
1325 4613 1508 4676 ἀθλοις
1549 4615 1793 4685 ἀπογρα-

217 4702 474 4774 ψάμενος,
496 4707 631 4777 όμοῦ
664 4708 795 4778 πρὸς
816 4708 1059 4771 ἃπαντας
1084 4705 1594 4778 διαπληκτίσασθαι,
1628 4722 1793 4778 μετα-

219 4794 392 4851 ϐαίνει
424 4799 514 4852 ἐπὶ
544 4800 636 4853 τὸν
667 4801 996 4873 Νάρκισσον,
1031 4799 1148 4854 καί
1172 4815 1373 4871 φησιν·
1419 4817 1438 4852 t
1477 4800 1640 4852 Ὥστε
1691 4798 1794 4853 κᾶν

224 4907 244 4940 t
284 4891 461 4944 ἐκεῖνό
481 4908 564 4956 τις
592 4893 761 4961 λέγοι,
785 4893 1210 4958 κατασκευάζων
1239 4891 1455 4963 πρῶτον
1478 4887 1618 4946 εἶναι
1639 4889 1795 4956 Θεὸν,

225 5001 245 5036 t
285 4985 378 5039 καὶ
416 4984 694 5056 δεύτερον,
745 4987 821 5051 ὡς
867 4988 1176 5056 Νάρκισσος
1229 4985 1417 5050 αὑταῖς
1470 4983 1648 5049 λέξεσι
1701 4982 1796 5051 γέ-

295 5176 354 5235 )Ῑι
388 5169 488 5225 Ed.
519 5167 720 5235 Paris.,
746 5184 866 5239 pag.
901 5167 994 5221 97.
1090 5169 1136 5200 ⁸⁸
1154 5167 1297 5224 Psal.
1319 5183 1392 5232 ιι,
1419 5167 1474 5222 5.

292 5327 656 5401 (25))Εσυτῷ
710 5306 1027 5401 συνείρων.
1075 5327 1238 5383 Forte
1293 5327 1373 5392 είς
1424 5326 1557 5382 αὐτὸ
1606 5327 1788 5381 συνεί-

566 5401 683 5454 Mox
713 5398 1065 5474 νιιΙεοΑὲσται.

293 5471 405 5543 (26)
447 5471 637 5537 Ὅπως
662 5486 725 5522 τε
745 5467 1056 5543 ἁπσδῃμεῖ.
1089 5468 1201 5521 Hoc
1222 5477 1304 5520 est
1335 5467 1480 5543 quod
1507 5467 1644 5532 dixi,
1666 5482 1788 5543 cur-

221 5539 411 5597 sitasse
441 5543 708 5613 Asterium
737 5555 752 5613 :_
786 5539 986 5613 ῥεμϐόν
1018 5540 1519 5613 ει-περιφοιτητήν,
1549 5540 1791 5613 qttod_tle

219 5613 314 5688 illo
351 5608 1029 5688 Athanasinsuqbservavit.
1075 5608 1410 5688 Περιήρχετο
1443 5608 1543 5671 τὰς
1594 5609 1792 5688 ὲνΠΣυε

259 5683 351 5754 ίᾳ,
395 5679 616 5754 καὶτὰς
663 5677 824 5744 ἄλλας
854 5677 1188 5754 ἐκκλησίας,
1231 5677 1336 5732 etc.
1394 5677 1791 5754 lterutn,_9soi3

259 5700 351 5754 ιᾳ,
395 5700 488 5735 και
520 5700 616 5742 τας
663 5700 824 5744 αΑΑας
867 5700 1188 5749 εκκΑησιας,
1231 5700 1336 5732 εις.
1394 5700 1614 5758 ιιυῐυιιι,
1656 5700 1791 5731 στου

219 5700 360 5825 Ξνήρ
393 5753 646 5807 I’anlinus
665 5761 766 5814 est,
797 5752 974 5804 minus
1013 5751 1186 5803 tmtItlS
1212 5763 1372 5817 quam
1402 5759 1605 5802 t'a'tert.
1633 5747 1699 5800 Μ.
1723 5779 1792 5789 -

221 5824 358 5879 Inita
405 5824 563 5879 vulgo
611 5836 731 5879 γεγ.
772 5820 902 5874 Θεὸν
936 5838 994 5873 π.
1024 5819 1080 5872 δὲ
1125 5819 1218 5872 καὶ
1263 5834 1349 5870 κτ.
1375 5832 1430 5874 et
1467 5817 1543 5879 ὡς
1581 5817 1713 5879 Θεός
1743 5833 1797 5874 ct

245 5835 358 5880 ulta
405 5835 563 5892 vulgo
611 5836 731 5889 γεγ.
772 5835 902 5874 υεον
936 5838 994 5873 π.
1024 5835 1080 5872 os
1125 5835 1218 5872 και
1263 5835 1349 5870 κτ.
1375 5835 1430 5874 et
1467 5835 1543 5882 ως
1581 5835 1713 5882 uso;
1743 5843 1771 5874 t:

1896 3328 2007 3392 ubi,
2034 3329 2268 3398 quando,
2319 3339 2372 3383 et
2413 3330 2480 3383 ad
2521 3345 2657 3398 quos
2705 3330 2818 3386 itet.
2862 3330 3096 3387 Dimisso
3129 3334 3197 3389 de
3228 3337 3479 3392 tnanihus

1898 3419 2089 3473 iterum
2113 3420 2224 3482 illo,
2252 3421 2302 3473 in
2324 3421 2602 3474 Paulinum
2622 3421 2797 3475 denuo
2821 3424 3177 3487 convertitur,
3199 3426 3474 3482 hominem

1897 3508 2011 3572 Dei,
2044 3509 2230 3564 verbis
2270 3511 2490 3564 totidem
2523 3509 2880 3582 scribens[R.
2913 3512 3156 3585 XXXIII]
3195 3532 3210 3569 :
3251 3534 3268 3565 t
3315 3516 3479 3572 Dictis

1902 3617 1922 3651 ι
1963 3600 2112 3655 hisce
2137 3603 2329 3655 ductus
2356 3603 2585 3672 ethujus
2610 3611 2782 3670 pater,
2815 3602 3094 3671 Paulinus,
3130 3621 3236 3660 non
3261 3619 3479 3662 veretur

1903 3710 1922 3742 t
1967 3693 2194 3748 dictiset
2214 3695 2428 3763 scriptis
2452 3696 2692 3764 proﬁteri
2724 3697 2992 3750 interdum
3009 3697 3285 3753 Christum
3306 3698 3476 3756 Deum

1903 3801 1923 3835 ι
1968 3799 2090 3840 esse
2144 3785 2336 3839 ordine
2405 3787 2742 3850 secundum;
2815 3789 3178 3858 eumdemque
3238 3792 3476 3848 humano

1901 3891 1922 3926 ε
1968 3891 2116 3929 tnore
2145 3874 2311 3930 Deum
2335 3880 2571 3947 genitum
2604 3896 2616 3932 :
2649 3880 2920 3933 interdum
2966 3897 3094 3935 vero
3140 3883 3476 3938 determinat

1902 3985 1921 4019 t
1970 3968 2116 4022 illum
2139 3984 2261 4024 esse
2289 3980 2612 4025 creaturam.
2648 3971 2812 4040 quue
2868 3974 2942 4027 ita
2991 3985 3048 4028 ut
3077 3989 3200 4031 esse
3236 3987 3475 4039 constet.

1902 4075 1922 4110 ε
1976 4061 2252 4114 sciendum
2294 4070 2378 4115 est
2405 4061 2554 4115 illum
2588 4062 2817 4132 Ancyrae
2849 4065 3129 4119 nobiscum
3167 4079 3475 4122 versantem

1903 4166 1922 4202 t
1964 4149 2294 4219 aliquando,
2345 4151 2621 4207 Christum
2677 4155 3004 4223 praedicasse
3050 4169 3365 4214 creaturam
3402 4180 3414 4215 :
3449 4181 3471 4214 ι

1897 4258 2065 4315 seque
2101 4259 2222 4300 cum
2251 4259 2318 4300 eo
2348 4245 2536 4300 iniisse
2580 4246 2999 4314 disputationem
3037 4250 3318 4305 mentitur.
3371 4252 3478 4306 Ac-

1899 4345 2058 4392 cusat
2085 4336 2308 4406 insuper
2339 4335 2484 4392 hunc
2516 4336 2732 4391 beatum
2763 4338 2968 4406 virum,
2995 4342 3149 4410 quasi
3175 4343 3310 4396 deos
3340 4344 3476 4396 mul-

1901 4435 1987 4481 tos
2018 4429 2316 4483 statuisset.
2353 4427 2561 4483 Relicto
2587 4429 2800 4483 demum
2826 4428 3070 4495 Paulino,
3097 4432 3294 4487 iterum
3317 4445 3476 4490 vacat

1900 4518 2130 4576 Eusebio
2144 4520 2486 4590 exagitanda,
2508 4519 2854 4592 inquiens[ﬂ.
2877 4522 3120 4597 LXXIV]
3137 4543 3181 4580 :t
3196 4526 3309 4580 Hoc
3333 4528 3473 4582 idem

1909 4628 1928 4663 t
1970 4614 2189 4680 scripsit
2217 4623 2272 4666 et
2302 4614 2565 4669 Eusebius
2587 4614 2960 4681 Caesariensis,
3005 4619 3252 4672 eamdem
3287 4619 3476 4676 fovens

1904 4719 1925 4754 t
1971 4719 2095 4758 cunt
2131 4703 2355 4758 Paulino
2387 4715 2442 4759 et
2467 4719 2497 4758 a
2538 4705 2641 4759 ﬁde
2682 4705 2876 4761 alienis
2905 4708 2973 4763 de
2998 4708 3105 4762 Deo
3139 4709 3471 4780 opinionem.

1905 4810 1925 4845 t
1973 4793 2206 4864 Scripsit
2252 4796 2432 4860 enim,
2470 4812 2576 4851 non
2623 4799 2776 4866 quasi
2826 4809 2970 4854 esset
2997 4799 3146 4854 solus
3182 4802 3344 4867 Deus,
3379 4807 3472 4858 sed

1906 4904 1926 4938 ι
1973 4903 2113 4943 unus
2164 4897 2310 4944 esset
2354 4904 2518 4945 verus
2549 4890 2697 4946 solus
2734 4892 2894 4946 Deus.
2952 4892 3103 4949 Unde
3145 4893 3368 4948 edoctus
3419 4907 3477 4951 et

1905 5000 1924 5034 ε
1973 4983 2169 5038 Asterii
2207 4992 2359 5053 pater
2398 4982 2674 5050 Paulinus,
2723 4983 2970 5052 juniores
3021 4988 3288 5058 quosdam
3344 4990 3478 5043 deos

1895 5323 2069 5378 Παυλ.
2095 5321 2320 5394 15!me
2345 5333 2398 5376 et
2423 5321 2574 5388 δντος
2606 5323 2765 5394 μόνου
2793 5324 2887 5377 τοῦ
2915 5335 2968 5379 et
2996 5326 3090 5378 καὶ
3127 5325 3273 5376 Ἀστ.

1969 5395 2080 5464 (27)
2122 5391 2292 5467 vuigo
2340 5391 2699 5467 ilﬁnocrrIet
2744 5394 3182 5467 ἀπληκτίσασθαι
3230 5405 3279 5467 et
3331 5392 3477 5467 ὥστε

1900 5461 1999 5536 μὲν
2033 5461 2077 5516 ὲ.
2104 5479 2154 5516 τ.
2182 5461 2328 5536 λέγοι
2358 5461 2506 5531 (ὥστ’
2534 5466 2634 5516 οὐκ
2671 5465 2737 5518 ἀν
2776 5461 2897 5535 IL),
2945 5482 3108 5536 porro
3162 5464 3316 5531 vulgo
3365 5466 3473 5536 six.

1895 5533 1993 5606 τὴν
2025 5533 2251 5606 ἡμετέρ.
2297 5547 2350 5587 et
2399 5537 2551 5587 uncis
2595 5538 2796 5589 inclusa
2828 5533 2971 5597 m5;
3020 5551 3141 5589 mox
3192 5538 3353 5604 ynlgo
3378 5533 3478 5587 τοῦ

1897 5604 2028 5676 ἱξὺσ.
2061 5604 2221 5676 πάλιν
2244 5614 2294 5676 et
2319 5606 2618 5674 ἀποκυῆσαι
2641 5607 2786 5676 βούλ.
2814 5619 2862 5660 et
2898 5607 3145 5676 ἑξήχεεν·
3173 5606 3294 5676 «tein
3322 5606 3479 5674 vulgo

1899 5672 2019 5728 εἶτα
2056 5675 2154 5744 μὲν
2190 5690 2240 5750 τ.
2265 5673 2359 5750 ἕνα
2393 5675 2454 5750 Θ..
2482 5672 2535 5727 et
2560 5672 2825 5750 *κάκεῖνος
2869 5672 3138 5750 eat";th
3179 5673 3300 5728 ὲλπ.
3323 5714 3338 5740 ,
3385 5672 3479 5750 tt}:-

1901 5763 2062 5826 ntqtte
2123 5745 2276 5815 vulgo
2326 5746 2708 5816 ὁμολογοῦντι,
2765 5745 3117 5818 μεμψάμενός
3169 5762 3232 5814 γε
3277 5757 3330 5800 et
3382 5745 3480 5801 νῦν

1900 5833 2000 5870 αυτ
2016 5835 2082 5868 ᾳνο
