4106 6436
212 439 311 495 Πῗ»

1313 427 1596 486 CONTRA
1639 423 2066 481 MARCELLI”!
2106 424 2235 480 LIB.
2279 426 2320 481 1.

3322 399 3379 458 1η
3407 431 3456 481 1‘

207 573 316 624 νος
363 554 458 610 καί
508 553 768 623 σχήματι
811 549 1071 618 εὑρεθεὶς
1119 549 1200 613 ὡς
1243 546 1572 614 ἄνθρωπος.
1620 543 1780 612 Ὁρᾷς

1886 559 1903 591 ι
1954 541 2197 610 Namque
2261 541 2570 596 maledicus
2631 541 2824 606 homo,
2866 539 3134 598 Jeremias
3192 541 3453 611 propheta

208 649 378 712 ὅπως,
403 647 594 719 ὥσπερ
618 642 850 716 προϊδὼν
896 640 975 711 τῷ
1018 639 1288 709 πνεύματι
1314 637 1414 706 τὴν
1439 639 1642 689 τούτων
1675 651 1775 686 κα-

208 737 474 811 κουργίαν
515 738 543 789 ό
576 735 717 805 ίερδς
756 729 1094 794 ’Δπόστολος,
1123 727 1296 790 οὕτως
1318 729 1390 780 ιν
1417 723 1588 796 ἑτέρῳ
1623 724 1777 795 μέρει

206 830 292 894 τὸ,
312 829 394 895 ὡς
416 827 746 893 ἄνθρωπος,
771 821 996 894 ῐγραψε,
1017 819 1110 875 καὶ
1131 817 1202 872 ἐν
1224 815 1538 886 ὁμοιώματι
1557 813 1779 881 ἀνθρὼ-

207 933 328 972 xcv
373 916 712 986 γενόμενος,
763 911 850 965 ἵνα
894 911 1076 981 παύσῃ
1123 907 1304 960 αὐτῶν
1357 907 1458 976 τὴν
1508 904 1778 974 τοσαύτην

209 1005 575 1078 βλασφημίαν.
616 1003 725 1057 Καὶ
764 1001 881 1073 μεθ’
911 1002 1074 1072 ἕτερα
1103 998 1196 1053 τὸν
1242 996 1406 1051 αὐτόν
1454 998 1779 1065 συκοφαντεῖ

207 1090 311 1151 ὧδέ
343 1111 459 1158 πως
480 1111 495 1125 °
535 1114 553 1145 ι
587 1092 709 1156 Πῶς
735 1087 828 1146 οῦν
859 1092 1069 1153 τούτοις
1103 1089 1178 1160 μὴ
1213 1085 1465 1159 προσχὼν
1497 1085 1775 1149 Εὐσέϐιος,

215 1205 235 1239 ι
278 1185 438 1256 μόνον
463 1183 745 1254 ἄνθρωπον
772 1181 863 1235 τὸν
899 1180 1122 1250 Σωτῆρα
1145 1173 1287 1232 εῐναι
1315 1176 1595 1248 βούλεται;
1630 1195 1650 1228 ι
1701 1176 1777 1229 Oti

209 1275 458 1347 φανερῶς
497 1274 596 1345 μὲν
624 1273 784 1326 τοῦτο
808 1272 988 1340 λέγειν
1011 1268 1246 1340 τολμῶν,
1291 1267 1451 1322 τοῦτο
1493 1268 1551 1322 δὲ
1597 1265 1779 1339 βουλό-

212 1381 370 1437 μενος
399 1362 505 1417 ὑπὸ
531 1362 637 1416 τῶν
669 1362 814 1415 ἰδίων
837 1360 1116 1429 ἐλέγχεται
1146 1354 1372 1428 ῥήσεων.
1410 1355 1522 1410 Καὶ
1548 1357 1576 1408 ό
1608 1353 1779 1409 ταῦτα

209 1454 378 1509 εἰπὼν
401 1455 492 1508 τὸν
519 1451 678 1507 αὐτὸν
699 1449 1098 1520 κατεμέμφετο,
1128 1448 1204 1511 ὡς
1227 1447 1360 1502 Θεὸν
1378 1445 1778 1517 ἁναγορεύοντα

209 1547 303 1602 τὸν
327 1547 474 1612 Υίδν,
510 1545 734 1617 γράφων
785 1540 958 1596 οὕτω·
1001 1539 1203 1594 Διελεϊν
1231 1539 1340 1611 γὰρ
1368 1538 1460 1593 τὸν
1483 1538 1656 1607 Λόγον
1681 1536 1776 1591 τοῦ

209 1638 346 1692 Θεοῦ
370 1637 666 1708 τολμήσας,
707 1634 800 1688 καὶ
837 1632 1022 1704 ιτερον
1047 1631 1180 1686 Θεὸν
1213 1629 1308 1684 τὸν
1353 1628 1526 1697 Λόγον
1573 1626 1774 1696 ὀνομά-

213 1749 334 1798 σας,
370 1730 528 1801 οὒσίᾳ
557 1745 615 1781 τε
648 1729 742 1781 καὶ
773 1724 998 1795 δυνάμει
1023 1721 1284 1776 διεστῶτα
1315 1720 1408 1773 τοῦ
1436 1719 1669 1790 Πατρὸς,
1695 1718 1777 1781 είς

210 1825 343 1895 ὅσην
371 1818 716 1894 βλασφημίαν
747 1816 1099 1871 εκπέπτωκεν
1121 1829 1137 1880 ;

1887 653 1904 683 ε
1953 634 2121 698 ait“,
2169 636 2260 704 qui
2307 637 2360 688 in
2413 634 2620 689 nomine
2667 635 3002 688 collocaverit
3038 650 3181 704 spem
3214 652 3386 690 sum.
3430 655 3452 690 s

1888 723 2049 780 Vides
2074 734 2133 778 ut
2153 727 2400 797 ohcccat
2418 726 2662 780 homines
2683 724 2913 780 malitia.
2935 723 3070 780 Nam
3092 727 3182 796 qui
3213 729 3456 782 testimo-

1883 818 2032 868 nium
2067 813 2172 870 tale
2203 815 2552 884 perhibuerat
2578 814 2745 868 Deum
2783 812 2982 870 Filium
3009 817 3328 872 conﬁtenti:
3362 820 3454 884 qui

1883 905 2310 974 reprehenderat
2344 919 2466 959 eum
2515 921 2544 958 a
2591 919 2699 974 quo
2750 905 2841 960 Dei
2891 905 3128 962 Verbum
3167 907 3306 961 Deus
3337 920 3458 963 esse

1887 995 2168 1051 dicebatur
2186 997 2492 1050 substantia
2522 997 2825 1051 subsistens
2851 1007 2904 1051 et
2922 997 3198 1067 potentia;
3228 998 3292 1058 is.
3314 997 3455 1052 idem

1885 1099 2054 1150 nunc,
2077 1083 2328 1141 eumdem
2366 1086 2488 1142 ideo
2517 1096 2762 1154 accusat,
2789 1086 2944 1156 quasi
2985 1086 3077 1156 qui
3105 1091 3305 1142 nudum
3333 1103 3457 1144 esse

1885 1174 2160 1231 hominem
2193 1175 2484 1231 Christum
2516 1177 2730 1232 dixerat
2757 1193 2774 1231 ε
2802 1176 3146 1247 apertissime
3172 1179 3454 1243 mentitus,

1886 1275 1998 1320 tum
2032 1266 2086 1320 in
2116 1266 2236 1321 istis
2271 1267 2343 1321 ita
2375 1267 2590 1336 positis,
2624 1278 2737 1322 tum
2776 1267 2830 1322 in
2872 1267 2979 1322 illis
3027 1283 3149 1337 qua
3199 1270 3459 1339 deinceps

1885 1355 2127 1411 annectit
2158 1355 2450 1429 dicens[lt.
2479 1356 2633 1429 XC]:
2664 1356 2895 1412 «Verum
2927 1372 3090 1427 supra
3124 1355 3456 1424 nominatus,

1889 1462 1908 1496 ι
1929 1459 2054 1501 cum
2074 1461 2179 1502 non
2195 1449 2374 1517 magni
2396 1446 2598 1503 iaceret
2615 1449 2986 1504 sanctissimos
3002 1449 3317 1518 prophetas,
3339 1461 3460 1504 tan-

1888 1556 1908 1589 ι
1937 1552 2098 1608 quam
2115 1539 2205 1608 qui
2231 1539 2600 1594 absconditam
2631 1539 2776 1594 illam
2793 1549 2847 1595 et
2868 1528 3194 1595 lneﬂ’ibilem
3213 1541 3457 1609 Apostoli

1889 1646 1908 1680 ι
1945 1628 2266 1696 theologiam
2295 1629 2767 1698 interpretaretur,
2786 1628 2958 1697 Unus,
2979 1631 3174 1701 inquit,
3198 1632 3340 1688 Deus
3356 1644 3456 1699 est,

1887 1736 1908 1770 ι
1941 1734 2079 1773 unus
2106 1717 2204 1773 Dei
2214 1729 2370 1790 atque
2386 1719 2652 1775 hominum
2679 1723 2940 1776 mediator
2964 1725 3119 1777 homo
3136 1722 3296 1778 Iesus
3312 1723 3460 1778 Cltri-

1805 1805 1850 1860 B
1882 1826 1901 1861 ε
1936 1811 2132 1865 stus“.
2156 1828 2176 1862 ι
2201 1810 2393 1876 νῙΛΙωο
2411 1813 2501 1882 qui
2520 1813 2761 1883 scripsit,
2779 1824 2834 1868 et
2854 1813 3206 1870 vehementer
3219 1814 3322 1870 sibi
3350 1815 3457 1885 ipsi

211 1913 432 1984 placuit,
450 1911 602 1981 quasi
620 1909 933 1978 Scripturas
951 1917 1140 1959 omnes
1155 1901 1414 1958 memoria
1438 1909 1648 1967 tenens,
1674 1915 2014 1970 nequaquam
2048 1911 2227 1957 tamen
2249 1903 2529 1973 cogitavit,
2548 1906 2796 1960 eumdem
2819 1904 2914 1974 qui
2945 1905 3048 1960 hoc
3072 1906 3292 1974 scripsit
3317 1905 3460 1961 divi-

212 2021 339 2060 num
370 2003 707 2074 Apostolum,
735 2011 792 2056 et
824 1997 956 2053 illud
985 1997 1039 2051 in
1063 1994 1269 2064 scripta
1299 1993 1546 2049 retulisse
1576 2010 1590 2048 :
1622 1994 1727 2058 Qui
1751 2009 1868 2048 cunt
1896 1994 1952 2048 in
1977 1993 2150 2062 forma
2182 1993 2279 2048 Dei
2305 1995 2600 2062 exsisteret,
2630 2011 2733 2050 non
2759 1994 3050 2049 arbitratus
3087 2008 3163 2050 est
3196 1997 3455 2062 rapinam

209 2116 319 2156 esse
341 2097 592 2167 aqualem
620 2095 748 2156 Deo,
763 2093 851 2146 sed
869 2089 1152 2146 esinanioit
1177 2087 1506 2155 semetipsum
1525 2097 1794 2153 assuntpta
1817 2087 1952 2140 servi
1971 2085 2232 2152 forma,in
2255 2087 2655 2141 similitudinem
2671 2087 2898 2141 hominis
2919 2089 3193 2152 exsistens,
3210 2099 3257 2142 et
3277 2087 3457 2157 ﬁgura

211 2199 444 2259 repertus
466 2194 716 2255 tanquam
743 2182 895 2236 homo
913 2181 982 2236 θ’.
1010 2177 1172 2234 Vides
1201 2187 1258 2234 ut
1279 2186 1500 2233 sanctus
1520 2177 1608 2231 hic
1637 2177 1942 2245 Apostolus,
1975 2177 2139 2232 veluti
2168 2179 2258 2248 qui
2281 2179 2476 2248 spiritu
2508 2179 2737 2233 istorum
2765 2178 3171 2249 improbitatem
3203 2179 3456 2250 provide-

213 2289 316 2343 ret,
335 2277 484 2342 alibi,
517 2284 680 2346 atque
705 2273 879 2328 aliain
909 2280 1063 2342 parte
1087 2270 1161 2324 ita
1193 2269 1454 2340 scriptum
1479 2268 1715 2337 reliquit,
1745 2277 1994 2339 tanquam
2015 2269 2192 2336 homo,
2211 2281 2266 2326 et
2287 2272 2341 2325 in
2373 2271 2772 2325 similitudinem
2790 2270 3019 2324 hominis
3044 2272 3327 2333 exsistens,
3346 2284 3456 2340 quo

214 2381 423 2428 tantam
453 2372 647 2427 horum
694 2367 1081 2436 blasphemiam
1120 2379 1468 2436 compescere
1517 2375 1718 2432 posset.
1766 2361 1896 2419 Post
1945 2366 2052 2419 alia
2091 2368 2341 2421 eumdem
2378 2366 2745 2423 calumniatur
2795 2365 2902 2421 isto
2945 2366 3105 2421 modo
3141 2363 3233 2438 [Β.
3266 2362 3404 2435 XCI]
3436 2381 3453 2419 :

217 2485 236 2519 ι
281 2466 564 2534 Quomodo
589 2465 751 2536 igitur
780 2461 1004 2524 factum,
1036 2468 1094 2514 ιιι
1122 2460 1385 2515 Eusebius
1419 2474 1538 2515 cum
1573 2461 1639 2513 ad
1668 2461 1767 2513 ista
1801 2475 1906 2516 non
1945 2464 2270 2529 attenderet,
2313 2461 2662 2517 Servatorem
2691 2469 2939 2515 nostrum
2970 2459 3146 2514 solum
3179 2459 3452 2514 hominem

217 2580 237 2615 t
283 2571 504 2617 exstare
533 2557 864 2616 contendat?
889 2575 908 2608 ι
942 2556 1057 2610 Non
1094 2555 1197 2609 hoc
1222 2554 1439 2622 quidem
1469 2568 1635 2608 ausus
1677 2564 1762 2608 est
1798 2566 1984 2622 aperte
2045 2554 2293 2625 profari:
2353 2566 2411 2610 at
2455 2557 2558 2612 hoc
2623 2555 2864 2612 voluisse
2906 2555 3189 2612 convictus
3242 2563 3456 2609 tenetur

212 2658 326 2712 suis
378 2655 548 2726 ipsius
605 2653 804 2708 verbis.
856 2650 919 2704 Et
965 2649 1339 2713 nihilominus,
1397 2648 1488 2716 qui
1523 2648 1604 2704 sic
1643 2664 1764 2703 eum
1805 2661 2048 2716 accusat,
2078 2651 2426 2720 reprehendit
2477 2650 2629 2709 illum
2655 2664 2894 2720 quoque,
2937 2649 3080 2720 quod
3108 2647 3304 2704 Filium
3332 2663 3457 2706 esse

215 2747 381 2802 Deum
407 2752 679 2799 assereret
705 2761 718 2797 :
747 2741 989 2796 dividere
1019 2738 1234 2808 quidem
1266 2737 1358 2791 Dei
1391 2737 1629 2792 Verbum
1667 2753 1851 2804 ausus,
1909 2741 1965 2794 et
2005 2740 2240 2796 Verbum
2305 2740 2471 2796 Deum
2537 2741 2770 2797 alterum
2827 2740 3134 2806 nominans,
3201 2739 3454 2796 substan-

217 2843 287 2896 tia
315 2852 371 2895 et
399 2837 638 2907 potentia
669 2852 700 2890 a
738 2833 900 2888 Patre
938 2829 1298 2896 diﬂ‘erentetn,
1332 2831 1384 2884 in
1420 2841 1677 2901 quantam
1712 2833 1902 2888 incidit
1927 2834 2366 2903 blasphemiam?

285 2930 536 2985 Τοσαῦτα
579 2927 671 2980 καὶ
713 2924 915 2978 τούτων
945 2924 1024 2976 ἔτι
1059 2921 1254 2995 μακρῷ
1275 2922 1493 2976 πλείονα
1525 2924 1586 2976 ού
1639 2925 1779 2978 κατὰ

1949 2927 2119 2981 'l‘otet
2139 2927 2286 2990 talia,
2307 2936 2362 2981 et
2387 2926 2542 2997 longe
2569 2926 2747 2982 adhuc
2771 2925 2925 2996 plura
2956 2941 3062 2982 non
3096 2925 3150 2980 in
3175 2925 3319 2983 solos
3336 2926 3454 2997 epi-

219 3025 397 3095 μόνων
443 3019 553 3074 τῶν
604 3017 935 3079 ἐπισκόπων,
980 3013 1114 3068 ἀλλὰ
1147 3015 1242 3067 καὶ
1275 3013 1415 3066 κατὰ
1457 3015 1554 3084 τῆς
1599 3015 1783 3084 ὑγιοῦς

216 3116 311 3168 καὶ
336 3111 789 3183 ἐκκληααστικῆς
816 3109 1049 3173 πίστεως
1100 3106 1395 3177 ἐκθέμενος
1445 3106 1781 3188 Μάρκελλος,

215 3205 369 3276 δῆλος
392 3203 459 3257 ἂν
488 3203 575 3273 εἴη
602 3201 790 3264 ὁποίας
813 3200 974 3263 αὐτὸς
1000 3199 1207 3270 ὑπῆρχε
1237 3196 1623 3269 προαιρέσεως.
1662 3198 1785 3251 Ὀτι

215 3297 258 3350 δ’
293 3297 444 3351 οὐδὲν
472 3295 572 3365 τῆς
599 3293 852 3364 ἀληθείας
887 3291 1046 3361 ἔμελε
1068 3290 1144 3360 τῷ
1175 3290 1347 3360 ἀνδρὶ,
1380 3289 1570 3360 μάθοις
1600 3289 1665 3343 ἂν
1692 3291 1784 3344 αύ-

214 3392 335 3452 ταῐς
363 3385 600 3457 ιντυχὼν
631 3387 746 3448 ταῖς
781 3382 888 3436 τῶν
915 3381 1229 3436 ἐπισκόπων
1257 3380 1587 3446 ἐπιστολαῖς,
1618 3383 1675 3434 ὲν
1695 3375 1784 3444 αἷς

217 3483 468 3553 εὑρήσεις
496 3480 657 3533 αὐτὸν
681 3479 742 3529 τδ
783 3477 879 3547 μὲν
918 3477 1024 3529 πᾶν
1065 3473 1224 3544 σῶμα
1255 3472 1357 3542 τῆς
1397 3471 1634 3536 διανοίας
1678 3473 1787 3527 τῶν

215 3571 413 3637 λέξεων
443 3565 920 3641 ἀκρωτηριάζοντα
940 3582 953 3595 ·
1009 3565 1103 3618 καὶ
1129 3565 1222 3618 τὸν
1262 3563 1363 3632 μὲν
1390 3563 1567 3616 πάντα
1599 3564 1786 3635 είρμὸν

216 3662 658 3734 ἀποκρύπτοντα,
706 3658 988 3731 ῥηματίων
1017 3657 1072 3710 δὲ
1107 3655 1659 3726 ἀντιλαμβανόμενον,
1691 3656 1786 3708 καὶ

216 3753 420 3810 τούτων
444 3751 764 3823 κακούργως
799 3749 1114 3819 ποιούμενον
1149 3748 1246 3818 τὴν
1267 3745 1538 3815 διαϐολήν.
1581 3745 1788 3800 Αὐτίκα

216 3845 349 3916 γοῦν
379 3845 705 3912 συκοφαντεῖ
725 3840 816 3894 τὸν
850 3839 1104 3893 Εὐσέὸιον
1133 3840 1198 3892 ὲκ
1231 3835 1323 3891 τοῦ
1353 3836 1682 3909 προφανοῦς,
1711 3836 1788 3900 ὡς

216 3937 371 4008 ψιλὸν
400 3934 684 4005 ἄνθρωπον
724 3932 816 3985 τὸν
844 3929 1078 4002 Χριστὸν
1109 3928 1394 4012 εἰρηκόταο
1448 3925 1635 3996 ἐπειδὴ
1689 3926 1787 3996 τῆς

217 4026 578 4096 ἁποστολικῆς
601 4022 782 4094 φωνῆς
811 4023 866 4074 ὲν
893 4024 960 4093 τῇ
990 4018 1179 4074 ἑαυτοῦ
1206 4017 1461 4088 ἐπιστολῇ
1491 4015 1586 4087 τὴν
1606 4014 1787 4086 παρὰ-

220 4119 366 4174 θεσιν
400 4118 710 4185 πεποίηται,
764 4114 830 4168 δι’
871 4108 939 4183 ἦς
982 4113 1143 4176 αὐτὸς
1192 4107 1342 4164 εἶπεν
1384 4111 1412 4162 ό
1437 4106 1784 4169 ’Δπόστολος-

219 4207 325 4277 Εἷς
351 4208 461 4280 γὰρ
483 4211 517 4263 ό
555 4207 717 4272 Θεός·
751 4199 837 4270 εἷς
872 4203 940 4258 δὲ
975 4201 1073 4256 καὶ
1102 4202 1355 4272 μεσίτης
1382 4199 1528 4253 Θεοῦ
1559 4196 1659 4251 καὶ
1683 4198 1787 4250 ἀν-

1884 3034 2079 3089 scopos
2111 3035 2236 3075 cum
2276 3019 2510 3074 eﬂutivit
2552 3020 2861 3084 Marcellus,
2896 3021 2992 3076 sed
3027 3020 3080 3074 in
3120 3020 3292 3090 ipsam
3315 3034 3454 3089 quo-

1883 3126 1987 3179 que
2003 3125 2188 3167 sanam
2215 3119 2270 3164 et
2295 3110 2722 3164 ecclesiasticam
2750 3108 2932 3173 ﬁdem,
2955 3108 3250 3165 manifeste
3273 3110 3454 3166 decla-

1883 3211 1970 3257 rat
1997 3216 2106 3272 quo
2131 3202 2316 3255 animo
2347 3201 2604 3270 praeditus
2629 3209 2685 3254 et
2713 3199 2992 3256 voluntate
3015 3199 3214 3256 fuerat.
3240 3199 3454 3258 Nullam

1887 3309 2016 3349 vero
2046 3309 2233 3348 curam
2273 3293 2348 3348 illi
2390 3292 2638 3348 veritatis
2677 3290 2846 3348 fuisse
2887 3293 3100 3349 discere
3146 3295 3374 3364 poteris,
3407 3295 3455 3350 si

1887 3387 1939 3439 in
1965 3387 2112 3456 ipsas
2142 3385 2431 3455 aliquando
2459 3386 2840 3455 episcoporum
2864 3384 3122 3455 epistolas
3150 3385 3409 3442 incideris
3432 3404 3450 3441 :

1885 3476 2131 3533 invenies
2159 3476 2362 3532 etenim
2405 3476 2579 3540 illum,
2623 3489 2824 3545 corpus
2876 3477 3212 3546 universum,
3261 3494 3456 3536 sensus

1883 3578 1939 3623 et
1965 3568 2250 3624 sententia
2287 3581 2479 3622 earum
2523 3566 2868 3623 delumbasse
2918 3569 3139 3634 seriem,
3181 3570 3454 3627 dictorum

1885 3661 1992 3714 vim
2023 3658 2366 3715 occultasse:
2391 3658 2555 3714 verba
2591 3660 2914 3728 arripuisse.
2953 3671 3010 3717 et
3053 3672 3274 3732 arrepta
3318 3662 3456 3720 satis

1887 3751 2132 3820 improbe
2169 3751 2557 3806 calumniasse.
2599 3749 2893 3806 Eusebium
2932 3765 3120 3824 aperte
3166 3755 3456 3813 calumniis

1886 3836 2118 3906 impetit,
2145 3838 2299 3907 quasi
2325 3839 2531 3894 diceret
2562 3839 2836 3894 Christum
2883 3855 3004 3912 esse
3036 3845 3238 3900 nudum
3271 3846 3453 3901 homi-

1887 3941 2034 3992 nem,
2065 3929 2186 3983 idco
2218 3930 2449 3998 quod'in
2485 3931 2716 4001 epistola
2748 3948 2845 3987 sua
2876 3935 3203 3990 sententiam
3234 3946 3455 4005 aposto-

1887 4018 2044 4074 licam
2074 4031 2382 4088 usurparat,
2422 4036 2584 4091 quam
2633 4024 2714 4078 sic
2744 4025 2923 4092 posuit
2949 4027 3241 4097 Apostolus
3263 4045 3280 4083 ε
3302 4025 3454 4084 Unus

1885 4110 2070 4166 etenim
2097 4109 2238 4165 Deus
2260 4122 2376 4165 est:
2405 4129 2540 4167 unus
2569 4115 2828 4168 mediator
2851 4115 2950 4171 Dei
2981 4127 3137 4188 atque
3158 4119 3452 4189 hominum,

1887 4201 2038 4255 homo
2061 4201 2215 4256 Jesus
2239 4202 2481 4258 Christus
2508 4203 2573 4257 “.
2602 4203 2716 4261 Hoc
2746 4201 2968 4263 eﬂatum
3003 4209 3206 4266 idcirco
3238 4222 3456 4282 aposto-

220 4301 486 4369 θρώπων,
503 4297 801 4366 ἄνθρωπος
821 4293 1060 4363 Ἰησοῦς
1073 4288 1561 4360 Χριστός.Ταύτην
1584 4289 1681 4359 μὲν
1695 4282 1783 4341 οὖν

1888 4291 2072 4356 licum,
2109 4302 2362 4362 tanquam
2395 4293 2760 4352 Eusebianum
2789 4311 3052 4356 accusat:
3092 4317 3192 4358 nec
3221 4305 3464 4360 advertit

219 4393 320 4462 τὴν
358 4387 720 4460 ἁποστολικὴν
749 4383 912 4450 λέξιν,
946 4384 1145 4437 ὡσανεὶ
1164 4380 1423 4436 Εὑσεὸίου
1451 4375 1637 4445 οὖσαν,
1672 4378 1786 4432 δια-

222 4483 475 4554 σέόληκεο
515 4481 589 4552 μὴ
618 4479 817 4542 συνιεὶς
844 4481 873 4532 ὁ
899 4475 1222 4546 σοφώτατος,
1251 4476 1332 4528 ὅτι
1363 4475 1452 4527 τὸν
1469 4472 1786 4528 ’Δπόστολον

223 4573 493 4637 διέϐαλλε,
518 4571 615 4636 τὰς
636 4571 693 4624 δὲ
724 4567 887 4623 αὐτοῦ
917 4567 1118 4637 φωνὰς,
1149 4566 1247 4631 τὰς
1266 4569 1324 4620 ἂν
1355 4567 1423 4636 τῇ
1451 4565 1588 4635 αὐτῇ
1623 4579 1787 4633 φερο-

228 4664 394 4738 μένας
442 4662 720 4734 επιστολῇ,
749 4660 846 4725 τάς
876 4676 934 4712 τε
970 4661 1028 4711 εν
1071 4661 1183 4720 τοῖς
1213 4658 1417 4721 λοιποῖς
1455 4655 1618 4710 αὑτοῦ
1663 4672 1790 4724 συγ-

225 4759 535 4829 γράμμασι,
559 4758 672 4819 τοϊς
691 4756 769 4818 είς
789 4753 885 4816 τὰς
914 4752 1062 4816 θείας
1086 4751 1304 4822 Γραφὰς
1337 4749 1732 4818 πεπονημένοις
1753 4747 1789 4801 ἃ

223 4846 290 4918 δὴ
309 4843 452 4899 κατὰ
479 4844 653 4897 πάντα
682 4842 842 4896 τόπον
859 4840 1172 4904 διαδέδοται,
1196 4839 1374 4909 σιωπῇ
1411 4836 1754 4907 παραδέδωκε
1772 4854 1787 4868 ο

227 4937 440 5009 κρύψας
467 4938 534 5006 τῇ
560 4937 736 5005 σιωπῇ
763 4933 800 4988 ἃ.
824 4934 899 5006 μὴ
935 4932 1046 5004 (29)
1093 4931 1467 5000 συκοφαντεῖν.
1500 4928 1585 5013 To.
1602 4929 1786 4999 ὅμοιον

227 5029 273 5084 δ’
313 5028 380 5083 ἂν
409 5025 558 5100 εὕροι
579 5042 661 5087 τις
686 5024 847 5078 αὐτὸν
893 5022 1227 5094 πεποιηκότα
1260 5022 1354 5075 καὶ
1403 5020 1495 5072 ἐπὶ
1521 5019 1629 5071 τῶν
1674 5017 1786 5071 λοι-

229 5118 371 5186 πιῖιν,
403 5109 478 5172 ὧν
504 5113 819 5184 διαὸέσληκε
863 5113 1200 5184 γραμμάτων
1219 5127 1232 5141 ο
1283 5111 1319 5164 ἃ
1355 5111 1440 5179 δὴ,
1471 5109 1629 5178 λόγου
1653 5124 1788 5179 συμ-

235 5211 429 5282 μετρίᾳ
457 5207 777 5278 φειδόμενοι,
800 5207 911 5268 τοῖς
937 5203 1175 5257 ἐθέλουσι
1221 5202 1316 5273 τὴν
1349 5200 1550 5254 τούτων
1583 5199 1784 5271 ἀκριϐῆ

232 5298 501 5354 ποιεῖσθαι
565 5295 855 5365 διάγνωσιν
908 5291 1394 5362 παραχωρήσομεν,
1469 5287 1786 5351 σπεύδοντες

231 5389 385 5446 αὐτοὶ
405 5387 503 5460 τὴν
539 5388 710 5459 αὐτὴν
751 5383 1064 5457 Μαρκέλλω
1099 5380 1334 5453 περὶτοῦ
1357 5379 1485 5433 Υἱοῦ
1517 5379 1612 5432 τοῦ
1649 5377 1783 5432 Θεοῦ

232 5479 558 5549 ξενοφωνίαν
579 5479 682 5550 ἠδη
709 5478 889 5531 λοιπὸν
937 5472 1297 5541 ὰτωκαλύψαι,
1328 5472 1404 5535 ὡς
1449 5470 1514 5524 ἂν
1559 5470 1789 5539 φανερὶν

1889 4386 1973 4436 vir
2001 4383 2255 4454 prudens,
2291 4386 2609 4454 Apostolum
2650 4389 2718 4444 ab
2750 4403 2816 4446 eo
2851 4401 3188 4457 accusatum,
3234 4405 3455 4464 propter

1891 4473 1991 4528 has
2020 4487 2183 4528 voces
2215 4476 2421 4544 positas
2459 4475 2511 4530 in
2548 4479 2773 4547 epistola
2801 4479 2912 4546 illa,
2943 4491 2997 4536 et
3032 4482 3163 4538 alibi
3194 4489 3249 4539 in
3282 4486 3456 4555 operi-

1892 4562 1992 4616 bus
2022 4561 2258 4629 ejusdem
2290 4562 2430 4629 aliis,
2461 4578 2584 4633 qua
2607 4566 2661 4619 in
2697 4581 2882 4623 sacras
2911 4569 3223 4640 Scripturas
3253 4587 3454 4628 exara-

1893 4651 2009 4717 vit;
2036 4667 2156 4722 qua:
2194 4653 2396 4724 ubique
2447 4669 2502 4710 et
2540 4660 2742 4726 passim
2792 4661 3245 4731 depradicantur,
3281 4671 3342 4730 sit
3378 4669 3456 4722 si-

1883 4742 2053 4800 lentio
2103 4744 2360 4811 involvit;
2408 4747 2501 4803 illa
2552 4747 2789 4805 reticens
2812 4766 2932 4820 quae
2977 4754 3299 4810 calumniari
3347 4773 3451 4813 non

1885 4845 2116 4905 poterat.
2159 4836 2472 4893 Consimilia
2524 4851 2868 4909 perpetrasse
2918 4844 3066 4899 illum
3115 4847 3242 4902 licet
3265 4849 3455 4904 obser-

1884 4941 2016 4983 vare
2048 4927 2100 4982 in
2124 4928 2336 4983 ceteris
2357 4945 2577 5000 quoque
2626 4933 2847 5003 scriptis
2877 4950 2999 5005 quae
3032 4949 3272 4996 accusat.
3298 4939 3450 5006 Qua,

1888 5031 1957 5073 ne
1981 5019 2156 5074 oratio
2177 5030 2458 5075 excrescat
2482 5020 2536 5076 itt
2566 5022 2916 5089 immensum,
2952 5027 3057 5082 illis
3084 5028 3455 5095 permittimus

1886 5111 2283 5177 cognoscenda,
2313 5113 2515 5180 quibus
2554 5113 2764 5168 libitum
2791 5126 2876 5170 est
2908 5118 3157 5172 exactius
3189 5133 3252 5173 ea
3303 5122 3456 5176 inve-

1891 5199 2096 5269 stigare
2122 5217 2135 5253 :
2162 5214 2228 5255 eo
2274 5203 2665 5272 contendentes
2708 5205 2844 5273 ipsi,
2877 5217 2938 5260 ut
2976 5205 3215 5262 Marcelli
3246 5209 3456 5262 novita-

1891 5297 1999 5344 tem
2032 5292 2100 5345 de
2144 5291 2236 5346 Dei
2277 5291 2417 5347 Filio
2454 5293 2764 5348 inusitatam
2808 5294 2860 5349 in
2909 5305 3157 5366 apertum
3213 5296 3454 5367 profera-

1893 5396 2033 5446 mus,
2071 5382 2140 5436 ita
2182 5393 2239 5437 ut
2289 5383 2594 5456 intelligant
2641 5387 2882 5441 universi
2935 5393 3258 5459 perspicue,
3291 5403 3452 5459 quam

1895 5473 2220 5528 sententiam
2251 5472 2462 5532 fovebat
2492 5476 2539 5534 is
2564 5475 2632 5534 de
2658 5476 2793 5532 Filio
2829 5476 2946 5534 Del.

231 5576 442 5647 γένοιτο
465 5577 574 5635 τοῖς
595 5574 777 5634 πᾶσιν,
800 5572 945 5633 ὅπως
970 5567 1128 5629 αὐτὸς
1152 5566 1366 5636 ἐφρόνει
1386 5563 1512 5636 περὶ
1544 5561 1636 5614 τοῦ
1659 5559 1789 5614 Υἱοῦ
1820 5560 1914 5614 τοῦ
1939 5562 2094 5617 Θεοῦ.

308 5672 368 5730 iis
405 5664 505 5720 Ed.
535 5661 734 5725 Paris.,
767 5675 902 5732 ιιειζ.⁸
925 5658 1111 5732 ενοι).

305 5736 352 5770 ⁸⁸
387 5734 502 5790 Jer.
526 5748 661 5799 svn,
687 5733 740 5786 5.

304 5823 420 5898 (C9)
456 5823 555 5894 Μὴ
580 5819 678 5898 ἦν,
708 5831 800 5878 aut
828 5819 952 5892 ιξῆν
985 5819 1349 5889 συκοφαντεῖν.

813 5722 906 5782 ιη
939 5729 1147 5791 'l‘im.tt,
1176 5727 1229 5782 5.
1303 5728 1348 5758 τ’
1383 5722 1613 5794 Philipp.
1644 5737 1704 5791 ιι,
1737 5725 1790 5787 6,
1819 5723 1874 5777 7.

1950 5723 1998 5755 °'
2029 5725 2043 5777 Ι
2074 5721 2215 5778 Tim.
2245 5740 2305 5790 ιι,
2332 5725 2386 5782 5.
