4106 6406
739 405 838 459 7ἳο

737 516 943 569 consilii
992 512 1215 581 Angelus
1256 524 1273 560 :

736 607 925 673 fortis:
952 612 1199 671 potestate
1257 605 1544 668 pm'ditus;
1587 605 1816 671 princeps
1862 603 2003 669 pacis
2048 617 2065 653 :
2120 601 2275 654 Pater

736 694 900 759 futuri
941 690 1139 743 saeculi.
1178 690 1447 742 Adducam
1505 693 1640 743 enim
1691 693 1962 742 sanitatem
2008 704 2053 742 et
2097 706 2271 755 pacem

736 798 849 834 cum
882 782 994 833 illo.
1029 782 1251 850 Magnus
1285 782 1375 833 erit
1411 782 1728 847 principatus
1761 780 1891 847 ejus,
1918 790 1964 832 et
1996 780 2137 847 pacis
2161 781 2273 847 ejus

740 892 837 926 non
861 880 955 927 erit
984 875 1120 941 ﬁnis.
1148 872 1308 937 Super
1328 875 1513 925 solium
1562 873 1748 934 David,
1786 882 1833 923 et
1863 888 2016 934 super
2063 888 2273 940 regnum

738 966 871 1031 ejus,
922 975 976 1016 ut
1020 967 1239 1032 corrigat
1288 964 1437 1024 illud,
1476 973 1523 1014 et
1572 963 1859 1014 auxilietur
1896 963 1946 1013 in
1984 962 2185 1027 iudicio
2226 974 2272 1015 et

630 1120 639 1127 _
726 1056 962 1121 justitia,
998 1071 1061 1107 ex
1082 1056 1174 1105 hoc
1207 1070 1339 1105 nunc
1374 1062 1421 1105 et
1453 1068 1611 1120 usque
1638 1054 1689 1104 in
1718 1052 1961 1105 saeculum
1990 1053 2055 1105 “.
2103 1056 2276 1120 Atque

735 1146 853 1197 istis
886 1161 979 1212 per
1004 1144 1179 1197 omnia
1210 1158 1439 1197 consona
1474 1143 1712 1206 fuerunt,
1748 1159 1864 1212 qua:
1898 1142 2102 1211 Virgini
2151 1145 2275 1197 Dei-

734 1252 875 1302 parze
898 1234 1251 1287 annuntiabat
1281 1232 1517 1298 Gabriel,
1561 1234 1645 1285 ubi
1699 1234 1795 1296 ait,
1851 1242 2190 1302 regnaturum
2221 1233 2273 1285 iu

732 1335 989 1377 mternum
1026 1324 1113 1389 qui
1173 1335 1287 1377 erat
1335 1338 1396 1376 ex
1436 1324 1520 1375 illa
1555 1324 1899 1389 nasciturus;
1951 1323 2116 1393 Regni
2162 1324 2274 1392 ejus

735 1431 834 1466 non
864 1416 962 1466 erit
991 1415 1135 1481 ﬁnis.
1190 1414 1391 1478 Quanta
1429 1424 1603 1466 autem
1642 1429 1759 1466 cum
1804 1413 2020 1467 audacia
2054 1413 2275 1469 Marcel-

734 1506 814 1557 lus
851 1506 997 1559 hisce
1032 1504 1348 1558 testimoniis
1406 1505 1675 1557 contraria
1718 1506 1990 1572 scripserit
2035 1516 2087 1558 et
2120 1520 2275 1573 repu-

736 1596 976 1663 gnatttia,
1020 1595 1087 1646 ab
1118 1594 1281 1661 ipsius
1323 1594 1535 1661 scriptis
1569 1594 1844 1649 edocearis
1891 1593 2033 1657 licet,
2068 1594 2119 1646 in
2156 1594 2277 1661 qui-

735 1684 835 1736 bus
868 1682 983 1735 Filii
1030 1697 1147 1735 cum
1202 1681 1473 1743 deitatem,
1525 1693 1633 1732 tum
1691 1681 1847 1733 etiam
1890 1680 2271 1733 humanitatem

736 1774 1061 1843 pernegavit.
1094 1771 1228 1822 ultra
1256 1772 1491 1823 omnium
1524 1771 1801 1823 lueresium
1846 1771 2154 1823 novitatem.
2194 1767 2275 1821 ln-

739 1872 818 1913 ter
863 1861 1003 1911 enim
1060 1873 1344 1927 pravarum
1397 1860 1702 1927 opinionum
1760 1868 2025 1920 auctores,
2087 1857 2273 1925 aliqui,
2306 1837 2347 1890 Β

734 1966 850 2003 cum
882 1947 1071 2001 Filium
1113 1947 1202 2000 Dei
1256 1949 1680 2015 supposuissent,
1740 1960 1909 2015 neque
1958 1948 2081 1999 olim
2110 1947 2275 1999 exsti-

738 2043 882 2104 tisse,
917 2055 1012 2092 nec
1043 2052 1163 2091 ante
1196 2039 1514 2098 substitisse.
1544 2039 1809 2090 hominem
1836 2053 1955 2090 eum
2008 2052 2171 2091 unum
2213 2040 2277 2090 de

734 2130 916 2183 multis
942 2138 1243 2184 statuerunt
1290 2130 1497 2182 caneris
1537 2128 1788 2190 similem,
1827 2129 2111 2195 adoptione
2156 2138 2274 2180 tan-

735 2232 870 2285 tum,
903 2222 1039 2275 natis
1070 2222 1135 2273 de
1165 2219 1495 2283 mulieribus,
1531 2218 1842 2286 prmlatum:
1891 2227 1945 2271 et
1987 2219 2156 2271 eidem
2190 2227 2276 2271 tas

734 2328 856 2367 men
912 2310 1261 2364 nihilominus
1307 2309 1610 2361 attribuunt
1674 2309 1931 2361 boncrem
2005 2320 2277 2373 nunquam

733 2402 1148 2466 terminandum,
1186 2409 1239 2452 et
1288 2412 1513 2465 regnum
1556 2399 1608 2451 in
1654 2408 1912 2451 aeternum
1942 2398 2277 2451 duraturum.

733 2492 937 2546 Rursus
968 2493 1057 2561 qui
1106 2502 1335 2544 renuunt
1371 2489 1759 2541 humanitatem
1802 2489 1935 2557 ejus,
1978 2498 2281 2557 supponunt

731 2594 946 2638 exstare
970 2598 1090 2638 eum
1117 2582 1207 2635 Dei
1235 2581 1450 2642 Filium,
1486 2580 1649 2633 Deum
1680 2595 1891 2650 quoque
1906 2580 2281 2649 prmexsisten-

735 2687 865 2738 tem,
901 2674 993 2729 sed
1028 2675 1289 2727 hactenus
1312 2671 1577 2739 progressi
1613 2678 1737 2723 sunt
1767 2671 2073 2733 errabundi,
2115 2679 2170 2724 et
2208 2670 2277 2723 ab

734 2766 968 2820 Ecclesia
992 2765 1172 2818 alieni.
1202 2762 1306 2817 Iste
1335 2776 1479 2825 vero,
1517 2763 1604 2828 qui
1640 2761 1731 2813 Dei
1760 2760 2009 2814 Ecclesia:
2035 2770 2277 2828 tempore

733 2855 983 2924 praesedit
1013 2863 1118 2908 tam
1153 2854 1429 2913 diuturno,
1458 2852 1860 2905 subsisteutlam
1900 2850 2021 2903 Filii
2051 2850 2144 2904 Dei
2178 2850 2277 2904 tol-

734 2946 809 3009 lit,
841 2955 948 2998 tum
999 2958 1120 2997 cum
1172 2943 1301 3011 ipsis
1355 2941 1473 3010 ejus
1521 2942 1724 2995 serviat
1762 2941 2041 2993 altaribus.
2102 2940 2277 3005 Seque

732 3036 913 3087 forsan
955 3042 1137 3102 sperat
1190 3033 1354 3085 vitam
1406 3042 1658 3084 aeternam
1713 3040 1871 3099 atque
1914 3030 2275 3085 immortalem

732 3110 1162 3188 consecuturum,
1226 3122 1541 3177 Pontiﬁcem
1595 3136 1724 3175 vero
1777 3121 2040 3189 ejusdem,
2089 3121 2347 3216 eademC

732 3216 839 3267 vita
888 3214 1082 3282 privat.
1137 3212 1401 3265 Habemus
1451 3212 1658 3275 etenim,
1699 3211 1986 3264 secundum
2035 3209 2273 3277 Apostoli

732 3301 970 3363 ell‘atum,
1002 3302 1298 3369 Pontiﬁcem
1342 3317 1608 3368 magnum,
1647 3300 1734 3369 qui
1781 3300 1932 3353 caelos
1972 3302 2274 3365 penetravit,

733 3393 912 3447 Iesum
962 3390 1162 3444 Filium
1199 3390 1296 3443 Dei
1343 3389 1407 3445 ⁸⁷.
1443 3389 1608 3455 Quem
1661 3404 1834 3458 neque
1884 3389 2273 3457 praeexsistere,

736 3499 833 3537 nec
884 3482 1284 3550 prasubsistere
1330 3479 1493 3533 audet
1520 3480 1620 3532 iste
1660 3478 1946 3541 allirmare,
1985 3493 2139 3545 quem
2176 3492 2275 3531 nec

733 3574 1105 3636 substiturum,
1147 3586 1245 3624 nec
1292 3585 1410 3623 cum
1452 3570 1657 3624 sanctis
1698 3570 1790 3622 Dei
1833 3579 2272 3623 conversaturum

732 3666 910 3728 docet,
944 3663 1230 3717 secundum
1255 3650 1665 3729 promissionem
1697 3658 1891 3713 iactam
1922 3659 1987 3713 de
2018 3658 2274 3713 caelorum

734 3768 918 3821 regno.
982 3752 1136 3806 Certe
1185 3766 1303 3804 cum
1350 3750 1521 3803 sancti
1551 3749 1619 3801 illi
1649 3762 1837 3802 omnes
1874 3749 1926 3801 in
1959 3748 2274 3815 corporibus

734 3844 1220 3906 immortalitate,et
1248 3841 1753 3909 incorruptibilitate
1778 3839 2017 3908 praeditis
2046 3853 2273 3907 regnum

736 3936 826 3990 Dei
854 3934 1072 3987 eteleste
1110 3932 1473 3999 possidebunt,
1503 3936 1559 3993 is
1601 3930 1933 3986 solummodo
1976 3929 2273 3992 Christum,

736 4034 793 4077 ct
836 4023 1085 4077 Christus
1123 4037 1283 4090 quam
1333 4024 1642 4089 assumpsit,
1689 4036 1906 4075 carnem
1947 4022 2037 4074 ille
2077 4023 2271 4090 privat.

738 4116 920 4184 Neque
966 4113 1329 4168 contremiscit
1378 4112 1790 4166 resurrectionis
1840 4121 2037 4164 nostra:
2085 4112 2271 4165 ducem

735 4226 789 4270 et
813 4216 1093 4283 originem,
1127 4213 1248 4264 vitae
1276 4210 1611 4278 sempiternae
1659 4219 2061 4277 procuratorem
2098 4208 2274 4262 omni-

734 4308 854 4371 lius,
883 4315 936 4358 et
967 4318 1182 4356 causam
1221 4316 1383 4368 regno
1416 4314 1516 4353 suo
1550 4300 1871 4352 deturbare:
1907 4314 2003 4351 nec
2049 4300 2149 4352 hoc
2179 4313 2272 4351 so-

736 4393 1027 4456 lummodo,
1059 4392 1150 4443 sed
1183 4399 1236 4443 et
1266 4391 1370 4441 vita
1396 4388 1707 4442 omnimodo
1736 4387 2001 4453 dejectum
2036 4388 2269 4454 privare.

1356 397 1617 454 EUSEBII
1654 392 2131 453 CESARIENSIS
2167 391 2317 447 OPP.
2358 390 2534 446 PARS
2574 390 2660 444 IV.
2701 422 2769 431 -—
2806 387 3220 445 DOGSIATICA.

1329 512 1655 565 admirabilis
1691 512 2019 565 consiliarius
2069 527 2087 565 :
2134 514 2269 563 Deus

2375 509 2476 561 τοῦ
2508 507 2667 575 ὤμου
2695 506 2903 579 αὑτοῦ,
2945 504 3042 557 καὶ
3090 501 3355 556 καλεῖται
3396 500 3466 551 τὸ
3507 497 3704 564 ὄνομα
3736 494 3935 557 αὐτοῦ.

3846 380 3937 433 7U

2365 596 2634 666 μεγάλης
2644 594 2887 663 βουλῆς
2904 597 3194 663 Ἄγγελος.
3218 588 3564 659 θαυμαστὸς
3580 588 3933 654 σύμϐουλος»

2375 688 2515 753 Θεὸς
2536 687 2803 755 ίσχυρὸς,
2823 682 3238 750 ἐξουσιαστὴς,
3253 682 3451 749 ἄρχων
3461 679 3732 747 εἰρήνης,
3749 676 3933 741 Πατὴρ

2373 778 2475 830 τοῦ
2486 776 3058 846 μέλλοηοςὸίῶνος.
3068 776 3134 828 Ἀ
3142 774 3175 837 ξ
3178 790 3221 825 ω
3233 774 3341 841 τὰρ
3359 770 3613 839 εἰρήνην
3626 768 3729 821 καὶ
3742 766 3935 834 ὑγείαν

2372 868 2549 934 αὐτῷ.
2604 868 2852 937 Μεγάλη
2901 870 2938 934 ἠ
2985 866 3138 935 ἀρχὴ
3180 862 3386 919 αὑτοῦ*
3432 862 3533 916 καὶ
3561 860 3679 928 τῆς
3706 858 3933 926 εἰρήνης

2373 959 2555 1011 αὑτοῦ
2581 961 2689 1011 οὐκ
2721 959 2889 1011 ἔσται
2926 957 3119 1022 τέλος.
3177 954 3308 1008 Ἐπὶ
3341 954 3449 1007 τὸν
3495 955 3721 1021 θρόνον
3745 949 3930 1009 Auﬁdi.

2375 1047 2471 1099 καὶ
2506 1047 2603 1098 ἐπὶ
2632 1048 2745 1113 τὴν
2777 1047 3104 1111 ,βασιλείαν
3143 1043 3349 1108 αὑτοῦ,
3403 1042 3512 1095 τοῦ
3568 1039 3932 1107 κατορθῶσαι

2374 1138 2584 1206 αὐτὴν,
2622 1137 2719 1190 καί
2746 1138 3172 1191 ἀντιλαϐέσθαι
3203 1137 3271 1189 ἐν
3306 1135 3537 1203 κρίματι
3592 1134 3696 1186 καὶ
3743 1133 3815 1185 ἐγ
3857 1130 3931 1184 δι-

2373 1230 2692 1295 καιοσύνῃ,
2749 1228 2867 1281 ἀπὸ
2917 1229 3021 1282 τοῦ
3073 1227 3187 1280 νῦν
3230 1226 3331 1279 καὶ
3367 1227 3453 1290 είς
3507 1224 3652 1288 τοὺς
3701 1224 3927 1287 αἰῶνας.

2374 1318 2591 1380 Τούτοις
2622 1316 2749 1385 γοῦν
2798 1316 3060 1386 σύμφωνα
3090 1313 3157 1387 ἦν
3200 1317 3293 1369 καὶ
3328 1317 3466 1385 άπερ
3489 1317 3517 1367 6
3543 1312 3792 1384 Γαϐριὴλ

2374 1408 2644 1479 Παρθένον
2666 1409 3067 1479 εὐηγγελίζετο,
3102 1410 3182 1472 είς
3204 1410 3327 1469 τοὺς
3350 1406 3550 1468 αἰῶνας
3602 1405 3935 1476 βασιλεύσειν

2372 1502 2461 1555 τὸν
2488 1502 2545 1568 ἐξ
2577 1503 2763 1573 αὐτῆς,
2821 1502 3013 1570 λέγων,
3057 1504 3149 1554 καὶ
3186 1503 3284 1572 τῆς
3313 1501 3587 1572 βασιλείας
3638 1500 3809 1553 αὑτοῦ
3867 1502 3935 1570 μὴ

2374 1594 2589 1645 ἔσεσθαι
2640 1594 2807 1657 τέλος.
2841 1592 3154 1663 Μάρκελλος
3191 1593 3247 1646 δὲ
3290 1594 3435 1655 ὅπως
3469 1592 3683 1654 τούτοις
3733 1592 3935 1645 ἀπασιι

2372 1682 2588 1734 ὲναντία
2609 1683 2837 1751 γράφειν
2867 1684 3085 1753 ἐτόλμα,
3119 1681 3307 1753 μάθοις
3334 1682 3399 1735 ἂν
3418 1685 3480 1735 ὲκ
3508 1682 3618 1735 τῶν
3644 1681 3813 1735 αὑτοῦ
3832 1699 3936 1749 φω-

2374 1772 2497 1835 νῶν,
2528 1773 2593 1824 δι’
2642 1767 2715 1826 ὧν
2761 1774 2891 1843 ὁμοῦ
2923 1776 3019 1845 τὴν
3047 1774 3270 1844 θεότητα
3304 1774 3398 1825 καὶ
3423 1774 3521 1841 τὴν
3539 1773 3936 1844 ἀνθρωπότητει

2374 1861 2465 1914 τοῦ
2498 1861 2629 1915 Θεοῦ
2649 1862 2741 1914 τοῦ
2762 1863 2891 1916 Υἰοῦ
2922 1867 3164 1936 ἠρνεῖτο,
3189 1866 3493 1935 καινότερον
3524 1864 3556 1934 ἢ
3588 1863 3733 1915 κατά
3761 1865 3936 1915 πᾶσαν

2375 1950 2529 2005 ἄθεον
2553 1954 2779 2022 αἵρεσιν.
2810 1954 2929 2006 Τῶν
2958 1955 3066 2026 γάρ
3093 1954 3409 2025 ἑτεροδόξων
3432 1955 3482 2007 οἱ
3519 1954 3616 2024 μὲν
3647 1953 3725 2024 μὴ
3760 1956 3935 2023 προεῖ-

2376 2061 2461 2095 ναι
2500 2044 2631 2114 μηδὲ
2649 2046 3018 2115 προῦπάρχειν
3044 2047 3132 2099 τὸν
3159 2046 3279 2098 Υίὸν
3306 2045 3397 2098 τοῦ
3422 2045 3556 2097 Θεοῦ
3590 2045 3823 2112 φάντες,
3848 2046 3935 2098 ἀν-

2377 2133 2592 2203 θρωπον
2613 2134 2709 2186 ἕνα
2733 2134 2912 2201 αὑτὸν,
2940 2138 3051 2196 τοῖς
3077 2137 3279 2198 λοιποῖς
3304 2135 3506 2205 ὅμοιον,
3531 2135 3861 2204 ὑποθέμενοι
3883 2135 3936 2198 ἐξ

2376 2221 2682 2291 ἀνθρώπου,
2719 2224 2958 2296 υἱοθεσία
2990 2225 3307 2296 τετιμῆσθαι
3350 2225 3510 2277 αὐτὸν
3560 2224 3810 2292 ἔφασαν·
3849 2225 3937 2276 καὶ

2374 2312 2529 2365 τοῦτο
2556 2314 2733 2377 δόντες
2761 2315 3021 2368 ἀθάνατον
3063 2318 3155 2369 καὶ
3198 2314 3547 2385 ἀτελεύτητον
3580 2314 3731 2383 αὐτῷ
3774 2314 3932 2383 τιμὴν

2376 2404 2471 2455 καὶ
2500 2404 2652 2467 δόξαν
2676 2406 2769 2458 καὶ
2796 2405 3068 2476 βασιλείαν
3088 2405 3301 2459 αἰώνιον
3338 2405 3758 2475 ὡμολογήκασιν
3776 2422 3791 2435 ’
3824 2405 3935 2458 οίδὲ

2375 2494 2465 2545 τὸν
2513 2494 2793 2563 ἄνθρωπον
2839 2498 3226 2567 ἀρνησάμενοι,
3276 2497 3387 2549 υἱὸν
3416 2491 3557 2549 εἴναι
3594 2495 3756 2559 Θεοῦ,
3803 2496 3931 2549 Θεὸν

2376 2584 2630 2655 προόντα,
2672 2589 3063 2659 ὑπεστήσαντο.
3108 2588 3243 2641 Ἀλλ’
3261 2590 3308 2642 oi
3350 2589 3447 2659 μὲν
3472 2591 3570 2658 τῆς
3611 2588 3931 2659 Ἐκκλησίας

2376 2672 2661 2743 ἀλλότριοι,
2698 2676 2856 2746 μέχρι
2884 2676 3136 2729 τοσούτου
3163 2677 3366 2747 πλάνης
3395 2676 3601 2748 ῆλασαν
3627 2694 3641 2707 ο
3673 2678 3704 2731 6
3736 2677 3792 2730 δὲ
3840 2678 3932 2745 τῆς

2388 2762 2709 2833 Ἐκκλησίας
2746 2764 2836 2817 τοῦ
2876 2765 3009 2819 Θεοῦ
3033 2765 3302 2830 τοσούτοις
3339 2766 3794 2837 καθηγησάμενος
3820 2765 3937 2836 χρό-

2374 2869 2502 2917 νοις,
2521 2855 2618 2924 τὴν
2651 2854 2880 2925 ὓπαρξιν
2911 2858 3124 2927 ἀναιρεῖ
3140 2858 3233 2910 τοῦ
3268 2857 3397 2911 Υἱοῦ
3418 2858 3510 2910 τοῦ
3550 2857 3712 2920 Θεοῦ,
3744 2858 3824 2926 τῷ
3846 2858 3931 2909 αύ-

2374 2943 2467 2996 τοῦ
2495 2944 2882 3017 λειτουργήσας
2915 2947 3314 3019 θυσιαστηρίῳο
3345 2950 3439 3002 καὶ
3459 2950 3649 3002 ἑαυτὸν
3678 2950 3778 3017 μὲν
3809 2953 3932 3002 αίω-

2374 3035 2486 3087 νίου
2508 3035 2601 3088 καὶ
2624 3035 2887 3089 ἀθανάτου
2906 3035 3050 3108 ζωῆς
3078 3037 3354 3103 τεύξεσθαι
3376 3039 3515 3107 τάχα
3536 3057 3638 3092 που
3668 3038 3929 3101 πιστεύει,

2376 3127 2463 3179 τὸν
2520 3128 2563 3179 δ’
2611 3128 2867 3199 ἀρχιερέα
2925 3130 3128 3201 ταύτης
3179 3132 3480 3203 ἀποστερεῖ.
3536 3133 3799 3200 Ἐχομεγ
3867 3131 3932 3183 δὲ

2378 3217 2651 3285 ἀρχιερέα
2681 3219 2872 3288 μέγαν
2891 3259 2905 3283 ,
2938 3221 3077 3273 κατὰ
3116 3221 3209 3274 τὸν
3250 3221 3564 3275 ’Δπόστολον
3586 3261 3602 3285 ,
3650 3221 3930 3287 διεληλυ-

2381 3309 2522 3362 θότα
2565 3310 2703 3374 τσὺς
2730 3311 3039 3377 οὐρανοὺς,
3081 3312 3313 3379 Ἰησοῦν
3339 3312 3445 3366 τὸν
3470 3313 3607 3365 Υιὸν
3634 3312 3740 3365 τοῦ
3765 3312 3927 3372 Θεοῦ.

2379 3397 2436 3449 ὃν
2468 3397 2586 3449 οὔτε
2621 3402 2883 3467 προεῖναι,
2930 3400 3051 3453 οὔτε
3089 3401 3487 3470 προϋφεστάναι
3523 3401 3698 3469 τολμᾷ
3737 3400 3927 3468 λέγειν,

2379 3487 2511 3540 ἀλλά
2541 3488 2672 3558 μηδὲ
2704 3488 2940 3553 ἔσεσθαι,
2979 3490 3113 3559 μηδὲ
3161 3493 3271 3553 τοῖς
3300 3491 3471 3558 ἀγίοις
3507 3490 3601 3543 τοῦ
3634 3490 3773 3544 Θεοῦ
3805 3507 3927 3543 συν·

2380 3579 2615 3643 έσεσθαι,
2644 3580 2762 3631 κατ’
2779 3579 2947 3650 αὐτὴν
2963 3581 3174 3650 ἐκείνην
3195 3580 3293 3650 τὴν
3321 3581 3671 3649 ἐπαγγελίαν,
3701 3582 3801 3651 τῆς
3826 3580 3927 3633 τῶν

2378 3669 2617 3739 οὐρανῶν
2646 3668 2931 3739 βασιλείας.
2966 3671 3272 3741 Τηνικαῦτα
3292 3671 3397 3742 γάρ
3420 3671 3528 3723 τῶν
3564 3671 3737 3739 ἁγίων
3766 3672 3930 3725 ἀπάν-

2378 3778 2485 3813 των
2514 3760 2839 3830 μεθεξόντων
2858 3762 2958 3831 τῆς
2979 3762 3071 3815 τοῦ
3097 3763 3229 3815 Θεοῦ
3255 3763 3525 3832 βασιλείας
3544 3765 3603 3816 ὲν
3635 3765 3927 3836 ἀφθάρτους

2380 3852 2473 3903 καὶ
2501 3850 2788 3913 ἀθανάτοις
2833 3851 3066 3921 σώμασι,
3114 3854 3268 3923 μόνον
3295 3854 3387 3906 τὸν
3422 3854 3677 3925 Χριστὸν,
3710 3856 3804 3908 καὶ
3836 3855 3928 3925 τὴν

2381 3941 2559 4011 σάρκα
2580 3940 2645 4010 ἦν
2678 3942 2980 4013 ἀνείληφεν,
3016 3945 3305 4015 ἀποστερεῖ
3326 3946 3511 4015 αὐτῆς.
3546 3946 3655 3997 Καὶ
3688 3947 3751 3999 ού
3777 3948 3927 4017 φρίτ-

2379 4048 2459 4082 τει
2489 4031 2577 4083 τὸν
2609 4033 2847 4101 ἀρχηγὸν
2887 4035 2983 4101 τῆς
3016 4034 3379 4099 ἀναστάσεως,
3426 4036 3518 4088 τὸν
3559 4036 3659 4105 τῆς
3710 4038 3927 4091 αἰωνίου

2381 4119 2525 4188 ζωῆς
2556 4122 2667 4183 τοῖς
2696 4124 2858 4174 πᾶσιν
2907 4125 3079 4175 αἴτιον
3116 4125 3461 4178 ἐκπεσεῖσθαι
3503 4125 3600 4195 τῆς
3652 4126 3925 4196 βασιλείας

2380 4210 2438 4260 ού
2468 4210 2639 4278 μόνον,
2668 4210 2802 4263 ἀλλά
2837 4213 2928 4265 καὶ
2955 4214 3123 4283 αὐτῆς
3161 4216 3259 4285 τῆς
3284 4216 3425 4286 ζωῆς
3462 4217 3920 4287 ἀποφαινόμενος·

2379 4298 2637 4369 ῶσπερᾶν
2659 4301 2711 4351 εἴ
2732 4319 2814 4363 τις
2836 4301 3140 4372 ὀφθαλμοὺς
3159 4304 3255 4373 μὲν
3282 4305 3374 4374 δῷ,
3395 4304 3508 4373 φῶς
3536 4305 3593 4357 δὲ
3607 4307 3670 4358 τὸ
3690 4310 3789 4377 τῆς
3807 4308 3923 4361 τούς

2378 4405 2484 4441 των
2501 4389 2730 4460 χορηγὸν
2756 4392 3094 4462 ὲκλάμψεως,
3122 4393 3315 4448 ἀνέλοι.
3346 4396 3451 4447 Καὶ
3475 4395 3596 4449 οὔτε
3630 4399 3660 4450 6
3679 4399 3925 4462 τοσοῦτος

736 4484 849 4537 Non
880 4484 1035 4534 aliter
1066 4495 1225 4549 quam
1267 4480 1311 4532 si
1360 4479 1481 4547 quis
1522 4477 1712 4531 oculos
1758 4477 2011 4546 largiatur
2037 4518 2051 4540 ,
2101 4476 2269 4530 lucem

2384 4480 2477 4533 τοῦ
2513 4480 2643 4533 Θεοῦ
2672 4482 2896 4549 ἄγγελος
2927 4483 3184 4555 Γαϐριὴλ,
3219 4484 3340 4538 οὒτε
3376 4488 3404 4539 6
3434 4486 3606 4556 μέγας
3642 4491 3921 4560 προφήτης

735 4590 861 4630 vero
902 4575 1112 4644 penitus
1139 4571 1443 4632 amoliatur,
1476 4583 1591 4638 qua?
1618 4578 1699 4622 est
1733 4568 2014 4621 oculorum
2053 4568 2273 4621 visionis

734 4683 831 4736 per
858 4665 1250 4720 etnanatiouem
1290 4662 1462 4730 origo.
1511 4660 1573 4713 Et
1616 4674 1785 4727 neque
1820 4668 2002 4712 tantus
2050 4659 2135 4710 ille
2178 4659 2270 4712 Dei

737 4755 956 4827 angelus
977 4751 1225 4809 Gabriel:
1253 4765 1354 4803 non
1386 4763 1605 4816 magnus
1638 4746 1725 4800 ille
1767 4748 2023 4815 pr0pheta
2062 4744 2269 4807 Daniel,

736 4849 802 4902 de
826 4861 932 4915 quo
965 4846 1163 4898 dictum
1183 4851 1283 4904 est,
1313 4839 1451 4892 Num
1478 4850 1531 4889 tu
1560 4837 1771 4890 Daniele
1801 4838 2085 4904 sapientior
2112 4852 2163 4888 es
2187 4836 2271 4886 ‘3?

2378 4570 2591 4639 Δανιὴλ,
2632 4574 2758 4641 περὶ
2790 4568 2849 4627 οὗ
2902 4573 3120 4643 ἐλέχθη,
3151 4574 3245 4643 Μὴ
3274 4576 3352 4639 σὺ
3379 4577 3798 4647 σοφώτεροςέῙ
3821 4581 3919 4633 τοῦ

2378 4660 2628 4726 Aurum;
2660 4662 2779 4715 οὔτε
2808 4666 2836 4716 6
2874 4665 3122 4728 τοσοῦτος
3138 4668 3381 4731 Ἡσαΐας,
3408 4668 3517 4723 οὗθ’
3540 4672 3569 4724 6
3596 4671 3781 4735 λοιπὸς
3820 4674 3920 4725 τῶν

2377 4754 2663 4821 προφητῶν
2695 4756 2851 4824 χορὸς
2879 4755 3100 4807 τοιαῦτα
3149 4756 3221 4827 μὴ
3247 4758 3492 4827 γράφειν,
3519 4760 3654 4829 μηδὲ
3710 4766 3919 4834 φρονεῖν

2374 4838 2463 4891 τὸν
2496 4841 2662 4895 ἀνδρα
2702 4843 2943 4909 ἔπεισαν,
2988 4845 3093 4897 οὐδ’
3120 4846 3273 4899 αὐτοὶ
3317 4848 3575 4914 Ἰουδαῖοι,
3620 4854 3751 4923 παρ’
3789 4848 3867 4916 οἷς
3891 4856 3918 4905 6

662 5080 667 5085 Ι
741 5014 798 5070 ἦ(
838 5006 932 5059 Ed.
968 5005 1161 5067 Paris.,
1194 5019 1313 5073 pag.
1342 5002 1429 5054 54.
1508 5002 1553 5030 ⁸⁸
1583 5000 1685 5053 lsa.
1719 5016 1794 5066 Ix,
1821 4999 1945 5063 6,7.
2022 5002 2063 5031 °’
2094 4999 2277 5055 Hebm

2388 5003 2484 5071 16;
2517 5019 2633 5069 vui,
2669 5006 2716 5059 Ι.
2796 5006 2839 5036 ⁸⁸
2870 5007 3060 5060 Ezech.
3094 5024 3284 5074 uvm,
3312 5010 3365 5065 3.

735 5296 876 5340 νων,
906 5278 994 5330 ὅτι
1041 5278 1196 5342 τινὲς
1226 5276 1343 5330 τῶν
1371 5278 1474 5331 τοῦ
1502 5276 1733 5331 Σατανᾶ
1765 5278 2068 5346 ὑπηρετῶν
2103 5280 2271 5332 ἐϐου-

736 5350 1012 5415 λήθησαν
1052 5346 1205 5415 ὑμᾶς
1259 5348 1598 5415 ταράσσειν.
1646 5351 1708 5400 Οἱ
1757 5348 1872 5416 μὲν
1913 5348 1999 5401 ὅτι
2050 5348 2274 5415 Ἰησοῦς

738 5418 977 5480 δοκήσει
1022 5417 1333 5485 ἐγεννήθη,
1370 5419 1463 5469 καὶ
1515 5416 1759 5485 (δοκήσει
1806 5418 2158 5484 ἐσταυρώθη.
2211 5422 2276 5472 Ol

737 5486 823 5546 δὲ,
848 5487 936 5539 ὅτι
967 5483 1074 5539 οὐκ
1102 5488 1268 5539 ἐστιν
1290 5487 1415 5550 υίὸς
1445 5483 1546 5540 τοῦ
1572 5487 1942 5554 δημιουργοῦ.
1979 5483 2040 5539 Ol
2070 5488 2153 5547 δὲ,
2188 5488 2275 5539 ὅτι

737 5557 914 5619 αὑτός
953 5556 1121 5609 ἐστιν
1160 5559 1192 5607 ό
1235 5556 1331 5606 ἐπὶ
1377 5555 1611 5609 πάντων
1653 5559 1810 5619 θεός.
1847 5559 2039 5609 Ἄλλοι
2076 5558 2141 5608 δὲ
2178 5562 2276 5624 ψι-

736 5624 846 5687 λὸς
892 5624 1205 5691 ἄνθρωπος.
1250 5624 1467 5693 Ἕτεροι
1514 5625 1601 5689 δὲ,
1636 5625 1720 5676 ὅτι
1768 5625 1918 5692 σὰρξ
1967 5629 2074 5678 οὐκ
2116 5628 2268 5694 ἐγεί-

737 5709 925 5757 ρεται,
951 5703 1053 5745 etc.
1091 5695 1163 5747 Ita
1209 5694 1437 5760 lguatius
1473 5695 1689 5761 epistula
1724 5694 1774 5757 3,
1811 5708 1857 5747 et
1895 5695 2015 5747 alibi
2043 5696 2267 5761 similia;

738 5764 1068 5816 adversarius
1095 5765 1178 5817 hic
1204 5764 1429 5817 harescs
1451 5776 1831 5817 commemorat
1852 5764 2123 5820 Eusebius.
2147 5767 2273 5832 Quae

2378 5282 2710 5366 divinitatem
2746 5284 3057 5366 detrahebat
3100 5303 3358 5366 concessa
3398 5291 3752 5366 humanitate.
3797 5297 3919 5366 Qua:

2379 5352 2760 5432 humanitatem
2808 5357 3041 5432 negabat
3082 5358 3208 5432 data
3253 5359 3554 5414 divinitate.
3587 5352 3916 5432 iCarpoci-as,

2380 5422 2647 5501 hominem
2676 5422 3137 5501 merumidocebat.
3158 5425 3565 5501 Samosatenus,
3585 5422 3776 5487 Filium
3809 5422 3915 5501 Det,

2379 5495 2468 5567 sed
2499 5492 2980 5567 κατὰ-προκοπήν,
3029 5496 3300 5567 hominem
3351 5492 3617 5567 negabant
3661 5492 3911 5566 Marcion,

2381 5559 2685 5625 Manichaai;
2714 5559 3105 5628 phantasticum
3133 5559 3507 5619 Gnosticorum
3540 5567 3762 5629 Docitte.
3793 5559 3916 5629 Har;

2370 5629 2532 5715 celius
2567 5630 2794 5712 ὕπαρξιν
2826 5638 3418 5715 οςοιιεσὶιιιι-ευειυιίεεο
3454 5636 3705 5715 FiliiDei
3732 5660 3747 5697 :
3780 5646 3910 5715 quod

2372 5702 3205 5789 ρεστορε-ῆιιῆΑεῖοενξιιίίοἱοιιιε
3226 5721 3260 5789 ;“
3295 5723 3418 5789 nam
3470 5720 3539 5789 e‘t.
3573 5702 3911 5789 onitat'rllv

2375 5766 2624 5839 ὓπαρξιν,
2648 5770 2837 5826 saltem
2867 5772 3101 5828 divinant
3136 5766 3461 5832 fatebantur.
3490 5776 3557 5833 Μ.
