4106 6416
216 433 316 486 781

1340 427 1618 482 CONTRA
1661 421 2083 480 MARCELLUM
2126 422 2252 475 [ΑΒ.
2294 420 2356 475 ll.

3346 412 3460 469 78?.

212 548 660 618 προσδοκώμενος
686 547 852 598 εἰσέτι
895 544 988 597 νῦν
1012 545 1265 615 Χριστὸς,
1298 544 1358 594 ὃν
1403 541 1779 610 Ἠλειμμένον

1889 553 1991 591 non
2028 537 2151 592 talis
2188 548 2478 606 tantusque
2531 545 2682 590 vates
2735 533 2902 588 Isaias
2928 551 2940 586 :
2971 546 3096 602 ⁸ιιοιι
3152 531 3454 600 propheta--

211 638 407 691 καλεῖν
441 637 708 699 εἰώθασιν,
752 635 944 705 ἀγήρω
999 635 1098 705 τὴν
1154 633 1433 702 βασιλείαν
1480 634 1572 685 καὶ
1623 631 1785 684 θάνα-

209 744 306 782 τον
330 729 474 792 ἕξειν
503 727 614 796 (56)
646 725 943 788 ὲλπίζεται.
1012 724 1170 777 Ἀλλὰ
1220 724 1313 776 καὶ
1342 723 1547 776 τούτων
1594 723 1782 789 γέγονε

214 817 416 889 χείρων
434 821 462 870 6
487 817 581 871 καὶ
605 819 683 880 εἰς
704 817 800 886 τὴν
840 815 1012 886 ἀρχὴν
1039 813 1174 884 ὁμοῦ
1209 814 1303 867 καὶ
1323 816 1402 877 εἰς
1423 814 1483 866 τὸ
1510 813 1661 874 τέλος
1690 811 1782 864 τοῦ

215 910 347 962 Υῑσῦ
360 909 494 962 Θεοῦ
507 908 768 977 ἀσεϐῆσαι
779 908 869 960 τολ
876 909 946 977 μή
954 907 1134 969 σας,ὃν
1147 905 1417 966 οὑδάὑτὺς
1433 906 1461 956 6
1478 905 1617 966 Θεῖος
1635 905 1688 955 Ἀ
1697 904 1785 954 πό-

216 998 401 1060 στολος
443 997 856 1066 κατεδυσώπησε
900 996 973 1067 μὴ
1005 995 1226 1048 τοιαῦτα
1256 995 1490 1056 ἀσεόεῖν,
1529 994 1782 1061 ἄντικρυς

214 1086 410 1154 λέγων,
430 1085 650 1149 Πιστὸς
668 1087 699 1137 ό
723 1084 922 1152 λόγος·
941 1084 992 1135 εί
1012 1082 1122 1150 γὰρ
1149 1080 1660 1147 συναπεθάνομεν,
1684 1077 1782 1130 καὶ

214 1174 580 1244 συζήσομεν,
601 1177 650 1228 εὶ
667 1173 1056 1242 ὑπομένομεν,
1076 1172 1168 1223 καὶ
1193 1171 1780 1239 συμϐασιλεύσομεν,

214 1268 312 1323 καὶ
350 1266 714 1337 κληρονόμους
745 1267 842 1336 μὲν
876 1266 1019 1335 ἡμᾶς
1047 1263 1260 1314 ἔσεσθαι
1283 1262 1375 1314 τοῦ
1398 1259 1554 1322 Θεοῦ,
1581 1261 1640 1312 οὐ
1678 1260 1782 1328 μὴν

213 1360 337 1430 δίχα
371 1358 467 1413 τοῦ
511 1358 764 1429 Χριστοῦ.
808 1356 1170 1423 κληρονόμοι
1208 1371 1350 1424 γαρ,
1391 1354 1551 1422 φησὶ,
1601 1350 1780 1410 Θεοῦ,

214 1449 698 1518 συγκλτιρονόμοι
720 1446 787 1498 δὲ
817 1446 920 1498 τοῦ
939 1443 1211 1511 Χριστοῦ·
1241 1445 1404 1509 ειπερ
1427 1439 1782 1508 συμπάσχο-

211 1557 350 1609 μεν,
377 1539 481 1591 ἵνα
531 1539 629 1592 καὶ
671 1534 1192 1603 συνδοξασθῶμεν.
1247 1534 1355 1587 Καὶ
1387 1532 1573 1584 πάλιν·
1605 1533 1673 1582 El
1716 1529 1784 1581 δὲ

214 1628 611 1696 ἀπεθάνομεν,
645 1627 797 1698 φησὶ,
829 1626 949 1678 σὺν
978 1622 1229 1692 Χριστῷ,
1261 1621 1618 1689 πιστεύομεν
1637 1657 1650 1672 .
1694 1616 1784 1668 ὅτι

213 1721 314 1775 καὶ
345 1717 687 1788 συζήσομεν
712 1716 896 1783 αὐτῷ,
927 1716 1151 1779 ειδότες
1187 1714 1274 1767 ὅτι
1302 1713 1550 1780 Χριστὸς
1574 1750 1588 1772 ,
1620 1710 1787 1777 ἐγερ-

214 1809 341 1875 θεὶς
391 1809 462 1862 ἐκ
493 1807 741 1875 νεκρῶν,
789 1809 900 1862 οὐκ
955 1807 1041 1860 ἔτι
1091 1802 1455 1861 ἀποθνήσκει
1478 1821 1490 1833 ·
1528 1801 1784 1866 θάνατος

213 1899 406 1954 αὐτοῦ
427 1902 537 1953 οὐκ
568 1901 654 1953 ἐτι
685 1899 1002 1966 κυριεύσει·
1033 1899 1126 1949 καὶ
1146 1892 1316 1958 αὖθις·
1339 1895 1408 1948 Τὸ
1431 1894 1496 1946 δὲ
1526 1893 1786 1963 χάρισμα

214 1991 324 2044 τοῦ
355 1990 504 2044 Θεοῦ
528 1989 639 2058 ζωὴ
665 1989 899 2054 αἰώνιος
915 1990 986 2043 ἐν
1008 1986 1237 2056 Χριστῷ
1271 1986 1462 2053 Ἰησοῦ
1496 1985 1573 2050 τῷ
1592 1987 1786 2052 Κιιοίῳ

219 2080 412 2149 ἡμῶν.
444 2081 650 2136 Οὐκοῦν
683 2084 716 2150 ὴ
757 2080 972 2143 αἰώνιος
1005 2081 1117 2150 ζωὴ
1143 2080 1242 2132 οὐκ
1274 2078 1446 2140 ἄλλως
1478 2079 1604 2147 ἡμῖν
1631 2095 1786 2148 πορι-

220 2172 482 2243 σθήσεται
509 2172 542 2242 ἢ
569 2175 628 2225 ὲν
664 2171 885 2242 Χριστῷ
929 2170 1104 2240 Ἰησοῦ
1144 2170 1220 2239 τῷ
1253 2170 1439 2241 Κυρίῳ
1467 2168 1622 2239 ἡμῶν
1646 2186 1658 2198 ·
1692 2169 1786 2221 καὶ

218 2266 254 2335 ἠ
286 2264 444 2328 ἐλπὶς
465 2263 624 2334 ἡμῶν
638 2265 735 2334 οὐχ
765 2263 950 2326 ἁπλῶς
966 2263 1148 2333 ζῆσαι,
1173 2261 1308 2316 ἀλλὰ
1330 2263 1427 2314 σὺν
1457 2260 1602 2330 αὐτῷ
1629 2260 1785 2325 δοξα-

219 2355 435 2427 σθῆναι,
469 2356 564 2410 καὶ
617 2357 712 2410 σὺν
737 2354 885 2425 αὐτῷ
916 2355 1340 2426 κληρονομῆσαι,
1377 2354 1471 2407 καὶ
1518 2355 1612 2406 σὺν
1640 2353 1786 2421 αὐτῷ

222 2447 579 2518 βασιλεῦσαι·
610 2448 785 2501 πάντα
818 2449 925 2517 γὰρ
950 2450 1078 2518 ἡμῖν
1099 2448 1162 2499 ὲκ
1192 2447 1290 2515 τῆς
1314 2445 1476 2499 αὑτοῦ
1505 2443 1786 2507 κοινωνίας

221 2537 492 2609 ὑπάρξει·
537 2538 566 2590 ὃ
603 2538 839 2591 διδάσκει
907 2540 936 2592 6
1003 2538 1164 2601 αὐτὸς
1219 2538 1430 2608 φήσας·
1486 2535 1704 2599 Πιστὸς
1753 2537 1786 2588 ό

221 2627 392 2696 Θεὸς,
406 2629 479 2682 δι’
499 2626 569 2685 οὗ
582 2629 874 2696 ἐκλήθητε
888 2631 974 2696 εις
990 2629 1304 2682 κοινωνίαν
1324 2627 1427 2681 τοῦ
1454 2629 1586 2680 Υίοῦ
1603 2625 1785 2680 αὐτοῦ

231 2718 440 2786 ἰησοῦ
454 2721 708 2787 Χριστοῦ
723 2719 828 2772 τοῦ
847 2719 1061 2786 Κυρίου
1076 2717 1261 2785 ἡμῶν.
1279 2717 1374 2780 Τις
1393 2717 1447 2768 δὲ
1465 2718 1496 2782 ἡ
1514 2715 1783 2778 κοινωνία,

221 2808 542 2879 παρίστησι,
569 2809 663 2863 καὶ
694 2810 998 2879 συνήγειρε,
1019 2808 1218 2876 λέγων·
1243 2809 1351 2862 Καὶ
1387 2806 1786 2861 συνεκάθισεν

221 2906 292 2952 ἐν
318 2899 448 2966 τοῖς
485 2900 880 2968 ἐπουρανίοις,
926 2901 994 2953 ἐν
1021 2899 1250 2968 Χριστῷ
1303 2899 1522 2966 Ἰησοῦ,
1553 2900 1652 2951 ἵνα
1690 2898 1786 2950 ἐν-

221 2990 490 3059 δείξηται
531 2992 600 3045 ἐν
649 2991 773 3057 τοῖς
819 2990 990 3045 αιῶσι
1042 2991 1166 3057 τοῖς
1231 2990 1649 3059 ἐπερχομένοις
1720 2987 1786 3042 τὸ

220 3085 602 3154 ὑπερϐάλλον
639 3085 898 3151 πλοῦτος
926 3083 1039 3152 τῆς
1064 3083 1300 3153 χάριτος
1332 3083 1402 3136 ἐν
1431 3085 1786 3153 χρηστότητι

221 3180 314 3247 ἐρ’
333 3177 576 3246 ήμᾶςὲν
605 3175 832 3244 Χριστῷ
863 3177 1084 3242 Ἰησοῦ.
1127 3177 1183 3228 '0
1214 3175 1259 3228 δ’
1288 3175 1448 3236 αὐτὸς
1484 3174 1574 3226 καὶ
1615 3172 1785 3226 ταῦτα

1893 645 2010 683 rum
2061 642 2348 682 consessus
2396 627 2725 697 persuadere
2765 628 2891 681 huic
2943 626 3145 681 homini
3209 637 3457 694 potuere,

1888 733 1996 787 quo
2049 719 2227 772 minus
2272 717 2387 770 huc
2430 717 2722 781 scriberet,
2773 724 2829 769 et
2863 715 3199 785 opinaretur.
3251 713 3360 767 lino
3387 727 3456 766 ne

1887 810 2101 879 quidem
2131 808 2298 864 Judaei
2332 810 2457 879 ipsi,
2492 811 2634 879 apud
2684 824 2842 878 quos.
2880 808 2972 875 qui
3014 808 3192 861 adhuc
3233 807 3453 876 quidem

1885 910 2230 970 exspectatur
2250 900 2521 965 Christus,
2547 915 2708 968 quem
2731 901 2803 952 illi
2825 897 3158 952 Elimmenon
3175 898 3457 967 appellare

1886 995 2083 1058 solent,
2115 994 2353 1048 creditur
2398 993 2688 1046 habiturus
2722 1005 2945 1059 regnum
2990 1005 3094 1044 non
3127 989 3448 1051 desiturum,

1884 1094 1979 1138 aut
2003 1095 2228 1137 mortem
2263 1085 2377 1153 ipse
2412 1082 2684 1137 obiturus.
2736 1081 2920 1151 Longe
2946 1081 3162 1149 quidem
3196 1080 3316 1134 istis
3350 1078 3450 1132 de-

1887 1169 2055 1230 terior
2086 1184 2169 1228 est
2196 1175 2286 1243 qui
2333 1191 2436 1227 non
2474 1185 2689 1228 veretur
2720 1173 3052 1241 impietatem
3085 1169 3290 1232 fovere,
3327 1185 3448 1224 cum

1885 1264 1952 1318 de
1981 1265 2135 1318 initio
2166 1264 2254 1318 Dei
2285 1264 2424 1326 Filii,
2445 1275 2556 1317 tum
2587 1265 2653 1317 de
2683 1263 2808 1317 line.
2836 1263 3006 1328 Quem
3036 1277 3141 1317 non
3166 1261 3337 1329 potuit
3367 1261 3454 1313 di-

1886 1355 2041 1408 vinus
2071 1356 2360 1423 Apostolus
2386 1352 2683 1416 inﬂectere,
2718 1366 2786 1405 ne
2811 1367 2876 1404 eo
2909 1366 3083 1420 usque
3124 1365 3450 1420 prorumpe-

1886 1455 1970 1498 ret
1998 1446 2325 1513 impietatis,
2367 1446 2492 1498 dum
2529 1444 2602 1497 ita
2635 1443 2913 1511 loquitur:
2939 1441 3138 1494 Fidelis
3171 1442 3254 1492 hic
3279 1456 3450 1492 sermo

1886 1544 1984 1597 est,
2017 1537 2060 1588 si
2093 1552 2208 1588 cum
2265 1536 2359 1588 illo
2407 1535 2610 1587 mortui
2654 1536 2841 1600 simus,
2885 1549 2991 1586 una
3024 1550 3141 1586 cum
3181 1533 3275 1585 illo
3312 1532 3451 1585 vive-

1893 1642 2007 1678 mus
2038 1643 2054 1678 :
2079 1628 2124 1680 si
2140 1627 2454 1694 suﬂ‘eramus
2479 1639 2524 1680 et
2554 1627 3004 1696 conregnabimus,
3031 1627 3096 1679 ".
3123 1625 3186 1679 Et
3209 1623 3455 1680 haeredes

1893 1719 2107 1782 quidem
2166 1734 2264 1772 nos
2316 1719 2523 1773 futuros
2579 1719 2669 1773 Dei
2719 1721 2898 1783 docet,
2954 1734 3059 1772 non
3109 1729 3289 1772 tamen
3334 1719 3453 1771 sine

1893 1807 2129 1863 Christo.
2167 1808 2437 1876 Heredes,
2489 1809 2684 1878 inquit,
2751 1809 2887 1863 Dei:
2941 1810 3236 1864 coheredes
3279 1820 3455 1862 autem

1817 1923 1860 1976 Β
1893 1900 2115 1964 Christi,
2174 1902 2220 1954 si
2277 1903 2681 1970 compatiuntur,
2729 1913 2784 1954 ut
2838 1918 3041 1972 quoque
3097 1902 3456 1972 congloriﬁce-

1889 2007 2010 2041 mur
2030 1991 2096 2042 ".
2126 1989 2190 2044 Et
2228 2005 2453 2044 rursus:
2494 1990 2558 2046 Si
2609 1992 2803 2043 mortui
2850 2008 3054 2055 sumus,
3094 1992 3289 2060 inquit,
3338 2011 3457 2047 cum

1889 2079 2120 2145 Christo,
2180 2083 2443 2135 credimus
2493 2081 2634 2150 quod
2689 2083 2911 2135 vivemus
2969 2101 3075 2136 una
3134 2101 3250 2136 cum
3308 2085 3456 2149 illo;

1886 2171 2107 2224 scientes
2133 2173 2276 2241 quod
2315 2171 2562 2226 Christus
2619 2173 2684 2226 de
2731 2175 2952 2228 mortuis
2995 2177 3300 2238 suscitatus,
3351 2195 3457 2230 non

1887 2262 2108 2315 ulterius
2141 2265 2383 2328 moritur,
2443 2281 2585 2316 mors
2648 2265 2819 2318 adhuc
2867 2267 2946 2318 illi
2998 2283 3102 2322 non
3159 2269 3459 2322 dominabi-

1888 2361 1975 2404 tur
2007 2353 2049 2384 ’ί
2074 2371 2087 2406 :
2115 2367 2169 2407 et
2205 2355 2399 2408 iterum
2429 2374 2441 2407 :
2471 2355 2678 2408 Donum
2727 2371 2841 2408 vero
2873 2355 2970 2410 Dei
3000 2370 3074 2410 est
3105 2359 3210 2411 vita
3235 2370 3452 2416 (eterna.

1887 2445 1941 2496 in
1997 2443 2126 2497 Iesu
2172 2443 2382 2499 Christo
2432 2445 2660 2499 Domino
2717 2457 2897 2500 nostro
2944 2449 3010 2501 "'.
3063 2447 3232 2502 Vitam
3293 2451 3457 2518 igitur

1887 2545 2142 2590 aeternam
2173 2552 2278 2592 non
2312 2537 2530 2591 aliunde
2553 2552 2971 2608 consequemur,
2993 2553 3150 2608 quam
3176 2556 3272 2610 per
3293 2541 3456 2596 Clu-i-

1885 2635 2024 2679 stum
2063 2625 2245 2680 Jesum
2277 2625 2556 2681 Dominum
2591 2638 2854 2682 nostrum.
2883 2628 2948 2682 Et
2982 2645 3105 2699 spes
3130 2631 3218 2684 illa
3251 2648 3347 2686 nos
3373 2631 3456 2688 ΐο-

1885 2723 1993 2778 vet,
2032 2729 2133 2767 non
2178 2717 2349 2768 solum
2375 2717 2514 2783 quod
2547 2717 2807 2780 vivemus,
2839 2717 2932 2772 sed
2969 2721 3110 2787 quod
3132 2721 3293 2774 etiam
3327 2738 3451 2775 cum

1887 2803 1977 2857 illo
2005 2818 2107 2856 una
2135 2804 2575 2872 gloriﬁcabimur,
2616 2818 2672 2859 et
2715 2807 3090 2862 hereditatem
3119 2825 3223 2864 una
3255 2826 3451 2865 conse-

1887 2908 2131 2961 quemur,
2167 2903 2221 2946 et
2265 2909 2384 2947 cum
2417 2910 2482 2950 eo
2530 2896 2687 2948 simul
2737 2899 3216 2967 conregnabimus.
3257 2901 3452 2957 Omnia

1886 2986 2026 3038 enim
2052 2995 2235 3040 nostra
2282 2986 2437 3039 nobis
2483 2986 2802 3052 proveniunt
2843 2989 2911 3041 ab
2955 2990 3065 3053 illa,
3098 3005 3258 3058 quam
3286 2993 3453 3046 hahe-

1887 3093 2005 3130 mns
2028 3093 2148 3132 cum
2179 3093 2264 3141 eo,
2295 3079 2706 3133 cunnuunione-t
2732 3083 2873 3148 quod
2907 3082 3063 3136 docet
3093 3085 3206 3152 ipse
3252 3085 3452 3139 Paulus

1887 3172 1975 3226 ubi
2007 3173 2111 3226 ait:
2147 3171 2346 3225 Fidelis
2400 3172 2536 3226 Deus
2584 3184 2681 3235 est,
2711 3191 2803 3242 per
2831 3192 2980 3243 quem
3020 3181 3187 3232 uocati
3225 3182 3350 3233 estis
3381 3180 3452 3234 ad

223 3268 353 3336 περὶ
379 3266 475 3318 τοῦ
514 3267 760 3336 Σωτῆρος
797 3265 1038 3318 ἐδίδασκε
1073 3265 1326 3332 φάσκων·
1373 3265 1436 3317 '0
1465 3263 1554 3326 δὲ,
1594 3262 1691 3316 διὰ
1715 3262 1779 3316 τὸ

1885 3263 2295 3318 communionem
2347 3261 2479 3315 Filii
2515 3265 2620 3324 sui,
2669 3262 2798 3317 Jesu
2849 3265 3046 3319 Christi
3103 3268 3312 3322 Domini
3355 3288 3450 3324 no-

216 3360 424 3427 ίιένειν
449 3358 634 3412 αὐτὸν
659 3361 745 3423 είς
770 3357 875 3410 τὸν
892 3355 1094 3420 αἰῶνα,
1120 3356 1499 3424 ἀπαράϐατον
1516 3355 1639 3423 ἔχει
1667 3354 1780 3420 τὴν

221 3451 583 3519 ἱερωσύνην·
625 3449 763 3504 ὅθεν
791 3449 889 3500 καὶ
929 3446 1134 3507 σώζειν
1156 3450 1241 3512 είς
1266 3446 1331 3499 τὸ
1361 3445 1653 3511 παντελὲς
1679 3445 1779 3498 δύο

221 3559 393 3595 ναται
415 3540 556 3605 τοὺς
571 3541 927 3607 προσιόντας
951 3538 1024 3591 δι’
1042 3538 1226 3592 αὐτοῦ
1255 3535 1334 3602 τῷ
1367 3536 1508 3601 Θεῷ,
1529 3536 1782 3589 πάντοτε

222 3632 356 3698 ζῶν,
388 3636 476 3698 εις
495 3632 561 3685 τὸ
581 3630 968 3699 ἐντυγχάνειν
998 3629 1146 3697 ὑπὲρ
1174 3628 1389 3682 αὐτῶν.
1419 3629 1491 3681 Οὐ
1516 3626 1619 3697 μὴν
1648 3626 1782 3679 ἀλλὰ

222 3725 319 3776 καὶ
373 3723 466 3775 τὸν
506 3721 835 3791 Μελχισεδὲκ
891 3722 970 3782 εἰς
1022 3719 1084 3772 τὸ
1117 3719 1359 3788 διηνεκὲς
1403 3717 1551 3787 ἱερέα
1604 3717 1782 3785 μένειν

221 3812 393 3879 ἔλεγε,
445 3809 533 3863 διὰ
589 3810 650 3862 τὸ
721 3808 1152 3879 ἀφομοιούμενον
1196 3802 1335 3860 εἶναι
1380 3806 1456 3876 τῷ
1503 3805 1616 3875 Υίῴ
1679 3804 1774 3857 τοῦ

222 3901 377 3956 Θεοῦ.
419 3901 558 3954 Ἀλλ’
597 3901 678 3953 ὅτι
737 3900 835 3970 μὲν
875 3899 1084 3961 τούτοις
1125 3887 1334 3951 ’ἅπασιν
1380 3898 1408 3949 6
1463 3894 1777 3966 Μάρκελλος

219 3993 479 4049 τάναντία
520 3993 748 4063 γράφειν
772 3992 972 4062 ἐτόλμα
1004 3990 1194 4061 μικρὸν
1225 3990 1447 4060 ὕστερον
1471 3987 1779 4057 παρατεθή-

223 4103 396 4151 σεται,
422 4085 536 4137 νυνὶ
561 4085 618 4137 δὲ
639 4085 785 4145 ὅπως
812 4084 1022 4151 ἐφρόνει
1048 4098 1114 4133 πε
1125 4083 1176 4150 ρ).
1194 4079 1287 4133 τοῦ
1321 4081 1454 4150 μηδὲ
1478 4080 1577 4150 τὴν
1603 4079 1776 4148 ἀρχὴν

219 4171 380 4229 εἶναι·
423 4174 544 4244 μηδ’
575 4173 867 4243 ὑφεστάναι
904 4173 992 4225 τὸν
1014 4171 1104 4224 τοῦ
1129 4171 1262 4223 Θεοῦ
1292 4170 1439 4237 Υἱὸν,
1463 4168 1778 4239 θεασώμεθα

220 4265 383 4334 πρότε
392 4280 496 4334 ρον.

1886 3356 1981 3408 stri
2006 3354 2070 3407 ⁷⁸.
2106 3354 2363 3420 Quaenam
2396 3369 2524 3408 vero
2557 3355 2643 3408 illa
2683 3356 2752 3409 sit
2785 3359 3098 3412 communio
3154 3359 3332 3413 docet.
3381 3358 3449 3412 Et

1885 3447 2172 3507 suscitavit,
2225 3445 2319 3508 ait,
2352 3455 2398 3498 et
2436 3446 2615 3498 sedere
2668 3445 2788 3513 fecit
2840 3447 2989 3499 illum
3020 3467 3051 3500 a
3089 3451 3307 3515 dextris,
3342 3467 3450 3503 una

1885 3553 2057 3590 secum
2083 3537 2135 3588 in
2180 3536 2469 3588 caelestibus
2504 3537 2558 3588 in
2585 3535 2794 3590 Christo
2828 3536 2981 3601 Iesu,
3021 3550 3076 3590 ut
3125 3542 3364 3593 ostendat
3393 3544 3449 3593 in

1885 3626 2110 3677 venturis
2143 3623 2264 3676 olim
2289 3625 2500 3677 saxulis
2532 3627 3011 3689 superabundantes
3059 3627 3272 3680 divitias
3318 3645 3446 3697 θνα-

1884 3719 1995 3774 tite,
2025 3715 2079 3764 in
2119 3713 2343 3765 bonitate
2372 3727 2496 3779 erga
2524 3728 2616 3765 nos
2649 3713 2702 3765 in
2735 3713 2944 3766 Christo
2970 3713 3100 3767 Jesu
3130 3716 3195 3769 ⁷⁸.
3223 3715 3363 3769 Idem
3393 3729 3449 3770 et

1886 3806 1950 3858 de
1983 3804 2270 3857 Servatore
2295 3804 2483 3856 eadem
2521 3803 2704 3856 docuit
2752 3804 2838 3856 ubi
2887 3805 3060 3872 lthtlit
3091 3825 3102 3858 :
3137 3807 3259 3870 Qui,
3308 3812 3448 3877 quod

1885 3904 2090 3948 maneat
2118 3896 2170 3947 in
2205 3904 2486 3959 a'tenmm,
2516 3895 2839 3948 immutabile
2869 3896 3022 3949 habet
3057 3901 3406 3952 sacerdotium
3427 3916 3449 3954 :

1885 3991 2019 4042 unde
2041 4001 2086 4042 et
2111 4005 2317 4043 servare
2340 4006 2516 4042 omnes
2560 3999 2727 4057 potest
2750 3993 2838 4058 qui
2879 3995 3136 4046 accedunt
3168 4010 3259 4059 per
3295 3994 3444 4047 illum

1884 4085 1952 4131 ad
1979 4081 2162 4146 Deum,
2200 4097 2404 4149 semper
2433 4085 2626 4150 vivens,
2651 4086 2704 4135 in
2725 4100 2840 4136 eum
2866 4084 3046 4150 ﬁnem,
3081 4094 3134 4136 ut
3164 4101 3259 4149 pro
3292 4084 3446 4137 nobis

1883 4171 2166 4222 intercedat
2202 4171 2268 4222 ".
2318 4176 2377 4234 r14
2421 4172 2558 4237 Quin
2609 4180 2664 4226 et
2722 4171 3082 4227 Melchisedec
3132 4188 3441 4226 mansurum

1885 4260 2222 4313 sacerdotem
2248 4260 2299 4312 iu
2326 4269 2584 4314 aeternum
2617 4261 2920 4325 conﬁrmat,
2959 4276 3023 4316 eo
3055 4263 3195 4329 quod
3231 4262 3444 4316 assimi-

223 4354 360 4408 letur
392 4354 526 4407 Filio
558 4353 672 4408 Dei.
709 4352 867 4407 Hisce
900 4362 1075 4407 tamen
1111 4352 1358 4405 omnibus
1381 4365 1568 4404 ausum
1611 4351 1773 4402 fuisse
1811 4348 2120 4403 Marcellum
2178 4353 2450 4404 contraria
2511 4352 2667 4420 plane
2716 4353 2974 4405 mandare
3024 4351 3238 4414 litteris,
3284 4352 3442 4421 paulo

221 4457 339 4515 post
367 4457 695 4513 proponetur
718 4447 1018 4511 cuicunque
1063 4444 1395 4497 intuendum.
1433 4443 1485 4495 In
1525 4441 1770 4511 praesenti
1809 4452 1986 4494 autem
2019 4442 2426 4511 despiciendum
2488 4443 2644 4497 nobis
2695 4445 2848 4510 prius
2880 4453 2984 4508 est,
3033 4457 3194 4512 quam
3227 4443 3443 4498 fovebat

223 4538 309 4592 ille
333 4537 678 4602 sententiam,
711 4537 778 4592 de
805 4537 941 4592 Filio
975 4535 1066 4590 Dei
1104 4553 1206 4588 nou
1241 4534 1537 4589 exsistente
1577 4533 1645 4586 ab
1676 4533 1828 4588 initio
1871 4549 1970 4588 nec
2008 4536 2200 4588 sortito
2242 4535 2672 4590 subsistentiam.

330 4744 387 4799 >3
433 4737 527 4791 Ed.
557 4736 888 4801 Paris..png.
927 4736 1013 4790 35.
1079 4736 1123 4765 "
1163 4735 1198 4787 ll
1241 4734 1379 4787 Tim.
1417 4753 1476 4795 ιι,
1516 4737 1598 4795 ll.
1634 4738 1711 4790 l2.

330 4810 448 4861 Cor.
484 4808 600 4863 L9.
673 4806 718 4836 ’⁸
743 4808 934 4863 Lnlies.
969 4806 1099 4863 n.6,
1137 4806 1187 4856 7.
1267 4807 1310 4837 ⁷⁵
1342 4804 1502 4858 Hebr.
1534 4823 1621 4863 vn.
1660 4809 1779 4863 2LT

1881 4741 2025 4794 llom.
2056 4756 2167 4806 νιιι,
2212 4743 2295 4796 Π.

221 4805 448 4861 τιιυοι.
484 4822 520 4870 ι,
547 4808 600 4860 9.
673 4806 718 4836 ⁷⁸
743 4808 934 4874 L‘phes.
969 4806 1099 4870 n.6,
1137 4806 1187 4856 7-

2406 4745 2445 4773 τ’
2477 4745 2631 4797 “oin.
2673 4760 2746 4809 νι,
2770 4745 2824 4807 8,
2849 4747 2900 4800 9.
2979 4747 3023 4775 ⁷’
3055 4745 3250 4814 Ephes.
3283 4761 3344 4811 ιι,
3378 4744 3432 4801 ε.

289 5139 399 5207 (56)
437 5136 546 5192 Καὶ
580 5135 835 5216 θάνατον
870 5135 1047 5199 ἕξειν.
1069 5137 1215 5220 "lino
1242 5135 1542 5220 tifldvatov,
1581 5154 1768 5207 nempe

1881 5143 2102 5214 κρίσεως
2155 5143 2376 5212 μέτοχον
2412 5141 2793 5220 Πάποιιαλοῦσι.
2843 5143 2909 5196 Et
2955 5145 3034 5220 sic
3078 5146 3178 5220 h_o‘c_
3226 5145 3342 5200 loco
3381 5147 3430 5202 ἱ]

225 5205 462 5278 regnum.
494 5207 1043 5278 utrequiritseusus.
1068 5207 1130 5259 Et
1154 5205 1318 5260 Judtei
1351 5222 1448 5260 suo
1473 5205 1764 5261 etiamnum

221 5275 528 5345 exspectato
555 5275 761 5329 MeSsite
800 5276 1179 5339 attrihuebant,
1204 5290 1360 5344 quem
1398 5278 1665 5331 hominem
1700 5279 1766 5332 dc

221 5344 436 5416 homine
467 5345 814 5416 temporalem
853 5345 1165 5412 principem,
1200 5344 1335 5414 μετὰ
1371 5346 1611 5416 μεγάλης
1639 5364 1767 5415 φαν-

218 5415 404 5476 τασίας
433 5428 486 5469 et
516 5413 792 5483 δυνάμεως
822 5424 1185 5482 regnaturum.
1214 5417 1280 5467 ub
1300 5413 1408 5467 Elia
1432 5413 1761 5482 ungendum,

219 5486 296 5536 sui
331 5487 664 5550 ignorantem
699 5494 825 5551 ante
870 5485 1216 5536 unctionem:
1259 5485 1379 5538 aliis
1429 5486 1760 5551 incognitum

220 5554 572 5606 ciehlateraut.
606 5553 736 5606 Vide
762 5550 957 5605 Justin.
988 5553 1272 5619 Martyrem
1301 5554 1492 5607 Contra
1515 5553 1758 5606 Judazum

220 5621 562 5691 Tryphonem.
587 5622 859 5686 Nusquam
887 5637 1008 5673 veru
1035 5623 1248 5674 memini
1277 5624 1486 5689 legisse,
1515 5640 1542 5675 a
1567 5622 1764 5677 Judazis

219 5690 464 5745 Messian:
499 5707 656 5746 suum
694 5691 1021 5743 Elimmeuoo
1072 5693 1427 5758 appellatum,
1476 5694 1576 5746 nisi
1623 5693 1760 5759 apud

220 5761 387 5828 ipsum
426 5763 566 5814 hunc
601 5770 838 5813 nostrum
876 5759 1065 5813 Euseb.
1097 5761 1186 5812 lih.
1215 5777 1265 5813 Iv
1300 5764 1649 5815 Demonstrat.
1683 5779 1760 5815 ev.

215 5845 334 5901 pag.
362 5830 482 5901 HO,
509 5830 705 5898 Διόπερ
728 5829 954 5898 Χριστὸν
980 5833 1068 5883 καὶ
1101 5831 1448 5900 Ἢλειμμένον
1477 5833 1566 5884 τὸν
1595 5832 1760 5900 αὐτῆς

1875 5225 2022 5266 textu
2057 5226 2270 5280 quoque
2319 5213 2694 5276 scribendum;
2744 5222 2799 5266 et
2839 5229 2933 5280 pro
2969 5214 3060 5268 illo
3097 5215 3434 5268 Elimmeuon

1873 5282 1923 5333 iu
1954 5283 2199 5352 versione
2247 5280 2476 5335 Unctum
2510 5297 2722 5350 repone.
2773 5283 2994 5338 Erudite
3043 5295 3222 5337 autem
3255 5296 3306 5337 et
3351 5289 3437 5352 pie

1870 5352 2107 5417 disputat
2134 5351 2198 5402 ad
2219 5353 2375 5404 linem
2410 5353 2650 5420 icnpitis,
2696 5353 2759 5404 de
2803 5363 3001 5406 aeterna
3043 5351 3433 5420 ,suhsistentia,

1872 5434 2036 5489 regno
2083 5430 2342 5491 perpetuo
2394 5419 2513 5491 Filii
2549 5421 2637 5475 Dei
2670 5420 2950 5482 Eusebius,
2979 5419 3117 5491 quad
3151 5424 3436 5478 Marcellus

1865 5492 1948 5542 vel
1972 5491 2205 5561 sustulit,
2230 5490 2312 5561 uel
2332 5490 2616 5544 sustulisse
2637 5495 2702 5542 ab
2729 5505 2792 5542 eo
2809 5490 3072 5560 signetur.
3103 5492 3245 5546 M.—
3264 5494 3437 5561 Supra

1862 5561 2022 5633 ango
2049 5557 2365 5633 ἡλιμμένον.
2410 5561 2535 5633 .tleiu
2578 5563 2735 5628 vulgo
2760 5557 2986 5633 ata‘tisl;
3005 5581 3054 5616 τ.
3079 5564 3132 5615 ἁ.
3159 5562 3296 5633 ὁμοῦ
3325 5557 3435 5633 otii.

1865 5628 2031 5703 Porro
2056 5631 2211 5703 vulgo
2239 5627 2650 5703 συμπάσχωμεν
2673 5627 2721 5682 et
2762 5630 2945 5692 ἁπλῶς
2973 5632 3129 5703 ζήσει
3163 5627 3216 5685 οὶ
3241 5653 3298 5686 π.
3325 5632 3434 5700 γὰρ

1863 5697 2056 5766 ἡμῶν,
2102 5699 2245 5774 duim
2279 5714 2422 5774 fetv.
2465 5697 2741 5774 συνίστησι
2791 5712 2844 5752 et
2897 5697 3085 5774 συνὴν.
3128 5706 3291 5773 φησὶν
3338 5697 3438 5758 ’δαὶ

1862 5784 2043 5846 συνεκ.
2072 5767 2362 5850 ὲξιγξεξιῶν.
2399 5799 2465 5807 -
2498 5767 2811 5840 Ινίιιιιομοδι
2841 5767 3412 5844 νυίςυέὸνῦὲερϐᾴᾷ

1863 5855 1980 5890 Λοντ
1988 5855 2020 5889 α
2058 5851 2189 5889 πλοῦ
2198 5854 2282 5888 τἰν
2291 5877 2302 5888 .
