4106 6448
717 447 822 503 785

1366 561 1514 617 CAP.
1557 561 1614 617 ll.

791 653 921 720 Qua
942 653 1113 719 fuerat
1147 651 1389 706 Marcelli
1420 653 1676 731 sententia
1707 654 1772 708 de
1803 651 1969 707 Verbo
1999 654 2055 706 in
2079 652 2185 707 Deo

1339 730 1636 775 exsistam.

785 813 841 867 ln
894 827 990 867 eos
1036 819 1314 882 postquam
1363 811 1717 866 insultaverat
1774 811 1869 880 qui
1923 809 2015 866 Dei
2060 807 2254 865 Filium

714 918 843 959 vere
883 903 1053 958 lilium
1083 901 1377 957 exstitisse
1401 901 1580 956 virum
1632 901 2055 968 arbitrabantur,
2103 916 2254 956 suam

714 995 882 1066 ipsius
917 994 1217 1063 opinionem
1275 989 1475 1060 profert
1502 991 1719 1045 totidem
1767 991 1986 1062 syllabis
2029 993 2082 1045 in
2112 993 2255 1046 hunc

713 1084 929 1138 modum
963 1082 1394 1150 comprehensam
1430 1094 1447 1134 :
1482 1079 1572 1153 [Β.
1605 1078 1762 1144 XLII.
1789 1080 1913 1136 coll.
1945 1095 1999 1150 p.
2036 1078 2159 1144 “'6,
2187 1075 2253 1151 D]

719 1197 739 1230 ι
785 1178 1140 1245 Quamobrem
1175 1177 1486 1247 priusquam
1533 1177 1904 1243 descenderet,
1941 1185 1997 1232 et
2037 1176 2104 1232 de
2130 1177 2256 1232 Vir-

717 1287 736 1316 ι
782 1269 903 1336 gine
931 1274 1263 1331 nasceretur,
1291 1265 1523 1321 Verbum
1553 1275 1672 1321 erat
1713 1265 2068 1321 solummodo.
2117 1264 2251 1321 Nam

715 1373 734 1407 ι
780 1356 910 1426 quid
931 1355 1076 1410 aliud
1109 1364 1228 1410 erat
1259 1355 1567 1425 priusquam
1601 1364 1842 1409 nostram
1868 1368 2082 1410 carnem
2104 1368 2255 1408 assu-

714 1465 734 1496 ι
775 1455 946 1501 meret
967 1445 1271 1509 humanam,
1295 1444 1346 1498 id
1369 1443 1509 1512 quod
1539 1443 1817 1500 descendit
1847 1445 1899 1498 in
1927 1443 2253 1514 temporibus

713 1554 733 1585 ι
781 1535 1104 1600 novissimis,
1153 1530 1597 1602 quemadmodum
1653 1533 1765 1602 ipse
1812 1532 2049 1596 scribit;
2095 1539 2148 1586 et
2199 1531 2251 1586 id

714 1647 733 1677 ι
779 1627 924 1695 quod
951 1626 1017 1681 de
1049 1625 1261 1694 Virgine
1292 1623 1611 1680 nascebatur
1639 1624 1771 1679 nihil
1800 1625 1941 1679 aliud
1969 1633 2085 1680 erat
2113 1638 2250 1694 pra:-

1387 442 1649 499 EUSEBll
1685 442 2156 500 CIESARIENSIS
2191 442 2338 500 OPP.
2379 443 2558 500 PARS
2595 443 2683 500 ιν.
2723 472 2792 485 --
2824 441 3238 499 DOGIIATICA.

2285 570 2334 625 A

3811 442 3905 498 γει

3006 562 3161 614 ΚΕΦ.
3201 561 3276 613 B’.

2360 653 2558 718 Ὅπως
2584 649 2934 720 Μάρκελλος
2965 651 3201 775 eiram
3243 651 3375 720 περὶ
3416 651 3524 705 τοῦ
3563 650 3633 704 ἐν
3668 648 3748 714 τῷ
3791 650 3903 717 Θεῷ

2435 809 2772 882 Ἐπισκήψας
2787 809 2898 882 (57)
2906 811 3018 872 τοῖς
3026 808 3269 883 είρηκόσι
3281 808 3374 862 τὸν
3386 809 3513 862 Υῑὸν
3525 807 3620 861 τοῦ
3635 807 3770 862 Θεοῦ
3786 809 3902 880 άληο

2355 903 2462 966 θῶς
2492 903 2605 957 υιὸν
2634 899 2773 956 εῖναι
2795 901 2970 967 ζῶντα
2993 901 3084 955 καὶ
3100 900 3518 970 ὑφεστιῖηαιτην
3547 898 3737 953 ἐαυτοῦ
3753 897 3897 963 δόξαν

2354 995 2590 1066 φανερὰν
2603 994 2920 1065 καθίστησιν
2933 981 3121 1055 αὐταῖς
3145 989 3433 1053 συλλασαῖς
3451 991 3678 1061 γράφων
3714 989 3893 1052 οὕτως·

2358 1105 2376 1137 ι
2397 1084 2602 1140 Οὐκοῦν
2615 1086 2720 1155 πρὸ
2737 1085 2833 1154 μὲν
2847 1082 2941 1137 τοῦ
2959 1081 3256 1146 κατελθεῖν,
3273 1081 3367 1134 καὶ
3396 1079 3481 1135 διὰ
3509 1081 3608 1151 τῆς
3627 1080 3895 1152 Παρθένου

2359 1198 2378 1231 ι
2417 1177 2689 1248 τεχθῆναι,
2740 1175 2910 1244 Λόγος
2955 1170 3023 1244 ῆν
3070 1171 3438 1245 μόνον.”Επεὶ
3480 1169 3533 1224 τί
3583 1170 3766 1241 ἕτερον
3811 1165 3894 1239 ῆν,

2357 1289 2376 1321 ι
2417 1268 2523 1340 πρὸ
2541 1265 2632 1320 τοῦ
2650 1266 2749 1336 τὴν
2764 1265 3107 1336 ἀνθρωπίνην
3125 1261 3404 1318 ἀναλαϐεῖν
3422 1261 3619 1332 σάρκα,
3639 1261 3698 1313 τὸ
3712 1259 3895 1314 κατελ-

2357 1375 2376 1408 ι
2416 1356 2508 1409 θὸν
2525 1355 2610 1408 ἐπ’
2631 1354 2870 1425 ἐσχάτων
2885 1353 2993 1407 τῶν
3007 1353 3247 1425 ἡμερῶν.
3261 1353 3335 1414 ὡς
3352 1351 3446 1404 καὶ
3465 1351 3625 1413 αὐτὸς
3637 1350 3892 1421 γέγραφε,

2356 1466 2374 1498 ι
2411 1445 2523 1518 (58)
2545 1447 2635 1499 καὶ
2662 1445 2723 1498 τὸ
2746 1445 3000 1515 γεννηθὲν
3031 1445 3096 1497 ἐκ
3124 1445 3224 1515 τῆς
3242 1441 3515 1514 Παρθένου
3542 1441 3694 1495 οὐδὲν
3719 1440 3894 1511 ἕτερον

2357 1557 2375 1588 ι
2414 1536 2447 1607 ἢ
2476 1539 2505 1589 ό
2522 1536 2712 1603 Λόγος.
2745 1552 2765 1585 ι
2791 1529 2922 1587 Εἶτα
2953 1532 3166 1603 προῖὼν
3179 1532 3326 1603 ἐξῆς,
3349 1531 3516 1586 ἀΐδιον
3543 1529 3705 1587 αὐτὸν
3733 1530 3894 1598 λέγει,

2348 1627 2641 1696 ἀγέννητον
2669 1623 2828 1678 αὑτὸν
2845 1623 3014 1687 οὕτως
3031 1623 3360 1694 ὁριζόμενος.
3390 1622 3592 1694 Γράφει
3624 1621 3682 1674 δὲ
3695 1620 3892 1684 οὕτως·

713 1737 732 1768 ι
781 1728 862 1772 ter
881 1732 1038 1784 quam
1068 1715 1341 1772 Verbum?
1373 1735 1392 1769 ι
1424 1715 1660 1785 Pergens
1694 1716 1946 1786 deinceps
1971 1715 2066 1779 ait,
2093 1725 2247 1769 aeter-

2355 1738 2372 1770 ι
2415 1718 2652 1781 Ἀκούεις
2682 1718 2858 1770 τοίνυν
2882 1717 2979 1788 τῆς
3003 1715 3316 1786 συμφωνίας
3351 1714 3448 1768 τοῦ
3466 1715 3622 1782 ἁγίου
3647 1712 3894 1783 Πνεύμα-

708 1824 835 1862 num
886 1808 1051 1860 fuisse
1093 1814 1148 1859 et
1195 1805 1490 1874 ingenitum
1543 1819 1757 1873 quoque
1799 1805 2007 1859 deﬂuit.
2055 1802 2247 1859 Scribit

2355 1826 2374 1860 ι
2415 1824 2505 1871 τος
2542 1807 2628 1861 διὰ
2677 1806 2883 1860 πολλῶν
2918 1808 3012 1861 καὶ
3042 1805 3312 1876 διαφόρων
3358 1803 3684 1876 προσώπων,
3707 1806 3774 1874 τῇ
3806 1801 3895 1856 τοῦ

709 1909 884 1953 autem
946 1896 1034 1968 [Β.
1074 1894 1299 1958 XLVIII,
1347 1896 1466 1950 coll.
1525 1910 1580 1964 p.
1623 1895 1746 1959 ll6,
1788 1891 1890 1967 D]:
1927 1913 1947 1947 ι
1989 1895 2247 1962 Quocirca

2357 1919 2375 1951 ι
2415 1898 2588 1967 Λόγου
2613 1898 2991 1970 μαρτυρούσης
3008 1896 3136 1968 (58⁵)
3153 1897 3431 1968 άῖδιότητι.
3455 1915 3474 1948 ι
3505 1897 3615 1949 Καὶ
3640 1894 3726 1949 διὰ
3748 1894 3896 1948 τοῦτο

713 2009 732 2040 ι
777 2004 1093 2044 consensum
1123 1991 1278 2044 audis
1307 1986 1537 2058 Spiritus
1562 1988 1753 2049 sancti,
1785 2001 1891 2056 quo
1923 1999 2018 2055 per
2055 1985 2250 2039 multas

713 2101 729 2131 ι
773 2091 826 2134 et
852 2078 1157 2134 differentes
1187 2094 1460 2149 personas,
1498 2079 1780 2134 aeternitati
1815 2077 1963 2132 verbi
2005 2077 2248 2132 testimo-

711 2189 730 2222 ι
775 2170 920 2224 nium
960 2171 1290 2240 perhibetur.
1325 2189 1344 2222 ι
1389 2169 1455 2223 Ει
1505 2183 1602 2237 per
1653 2171 1755 2224 hoc
1809 2168 2003 2236 ipsum,
2060 2167 2248 2235 incipit

702 2265 920 2333 quidem
949 2265 1014 2316 ah
1035 2263 1336 2318 ateruitate
1358 2262 1528 2327 verbi,
1553 2262 1653 2315 hoc
1682 2261 1873 2315 modo:
1900 2257 1966 2311 In
1994 2258 2246 2327 principio

702 2363 814 2429 erg:
860 2353 1076 2405 Verbum
1109 2367 1127 2405 :
1172 2361 1217 2405 et
1259 2349 1480 2404 Verbum
1510 2361 1619 2405 erat
1649 2351 1786 2419 apud
1815 2349 2016 2404 Deum:
2038 2359 2084 2403 et
2109 2349 2245 2402 Deus

702 2454 813 2497 erat
840 2442 971 2495 illud
1012 2441 1230 2495 Verbum
1252 2442 1321 2493 ⁷⁸.
1358 2441 1431 2494 Ita
1462 2441 1629 2495 tribus
1665 2439 1988 2514 testimoniis
2015 2454 2073 2494 se
2105 2439 2244 2494 invi-

702 2549 818 2589 cem
848 2533 1298 2602 consequentibus
1329 2530 1490 2586 Verbi
1515 2532 1626 2585 vult
1647 2532 1839 2586 docere
1862 2530 2244 2586 aeternitatem.

701 2625 828 2680 Post
873 2632 1062 2678 caetera
1119 2622 1388 2691 subiungit
1435 2620 1523 2692 [Β.
1579 2621 1755 2686 XLlll,
1785 2622 1906 2677 coll.
1936 2636 1990 2689 p.
2021 2621 2112 2686 81,
2144 2619 2242 2691 DJ:

707 2736 725 2766 ι
775 2715 930 2768 Prius
967 2725 1112 2769 certe
1149 2715 1385 2782 quidem,
1443 2723 1500 2766 ut
1552 2727 1918 2782 saepenumero
1943 2712 2077 2778 dixi,
2111 2711 2246 2766 nihil

705 2825 723 2856 ι
770 2807 911 2859 aliud
949 2814 1064 2858 erat
1103 2803 1354 2858 Verbum.
1381 2822 1400 2855 ι
1429 2804 1494 2857 Et
1519 2803 1760 2873 adjungit
1782 2805 1920 2872 quod
1953 2804 2244 2871 necimago

702 2897 800 2949 fuit
857 2895 947 2949 Dei
1015 2895 1330 2958 invisibilis,
1376 2895 1662 2963 inquiens:
1693 2893 1782 2966 [Β.
1825 2893 2083 2955 LXXXII,
2118 2895 2240 2950 coll.

699 3002 752 3055 p.
781 2987 869 3052 24,
923 2985 984 3039 Β.
1040 2986 1128 3048 47,
1169 2985 1258 3056 Α]
1300 3004 1318 3036 ι
1357 2985 1618 3052 Quocirca
1657 2986 1995 3041 manifestum
2030 2987 2241 3055 quidem

703 3097 722 3128 ι
770 3087 872 3141 est,
908 3078 1051 3145 quod
1086 3075 1317 3131 Verbum
1367 3089 1493 3131 ante
1535 3078 1706 3132 nostri
1755 3077 1996 3150 corporis
2052 3090 2237 3132 susceo

2344 1992 2567 2062 ἄρχεται
2591 1990 2689 2060 μὲν
2713 1990 2820 2042 άπὸ
2840 1989 2940 2059 τῆς
2960 1988 3251 2059 άῖδιότητος
3276 1986 3370 2041 τοῦ
3394 1987 3588 2054 Λόγου·
3619 1988 3714 2039 Ἐν
3744 1984 3893 2054 ἀρχῇ

2345 2077 2421 2150 ἦν
2441 2082 2474 2132 ό
2503 2081 2692 2147 Λόγος
2711 2119 2726 2142 ,
2753 2078 2947 2145 λέγων,
2977 2078 3072 2132 καί
3091 2081 3123 2132 ὁ
3144 2079 3330 2147 Λόγος
3340 2074 3419 2148 ἦν
3442 2077 3590 2145 πρὸς
3607 2077 3713 2131 τὸν
3735 2077 3894 2138 Θεὸν,

2344 2167 2440 2222 καί
2459 2168 2601 2233 Θεὸς
2625 2163 2704 2237 ἦν
2730 2171 2763 2221 ό
2790 2167 2998 2236 Λόγος.
3021 2168 3206 2238 Τρισὶν
3230 2167 3547 2239 ἐπαλλήλοις
3577 2167 3894 2238 μαρτυρίαις

2343 2260 2634 2330 χρώμενος,
2669 2259 2765 2329 τὴν
2790 2257 3062 2328 άῖδιότητα
3089 2257 3182 2310 τοῦ
3216 2259 3388 2326 Λόγου
3410 2257 3680 2312 δεικνύναι
3716 2257 3892 2327 βούλε-

2343 2367 2449 2403 ται.
2484 2348 2592 2401 Καὶ
2623 2347 2738 2418 μεθ’
2768 2347 2928 2418 ἔτερα
2947 2345 3205 2413 ἐπιλέγει·
3239 2363 3257 2396 ι
3281 2345 3545 2416 Πρότερον
3574 2343 3683 2415 γὰρ
3712 2342 3895 2413 ῶσπερ

2351 2460 2369 2492 ι
2411 2439 2664 2502 πολλάκις
2714 2439 2870 2509 έφην,
2921 2437 3074 2492 οὐδὲν
3105 2438 3290 2509 ἕτερον
3328 2437 3358 2488 ό
3401 2437 3572 2504 Λόγος
3610 2432 3698 2506 ῆν.
3733 2454 3754 2487 ι
3790 2435 3895 2488 Καὶ

2344 2532 2710 2603 προστίθησιν,
2737 2533 2818 2584 ὅτι
2842 2531 2960 2584 οὐδὲ
2979 2528 3138 2582 είκὼν
3157 2525 3224 2600 ἦν
3251 2527 3344 2581 τοῦ
3362 2527 3495 2581 Θεοῦ
3510 2527 3606 2580 τοῦ
3631 2527 3888 2598 ἀοράτου,

2346 2626 2563 2694 φάσκων
2585 2639 2597 2652 ·
2636 2642 2654 2674 ι
2685 2620 2892 2675 Οὐκοῦν
2916 2619 3199 2691 πρόδηλον,
3230 2621 3312 2672 ὅτι
3338 2618 3443 2690 πρὸ
3462 2618 3561 2688 τῆς
3582 2619 3674 2670 τοῦ
3703 2618 3894 2688 ἡμετέ-

2349 2735 2366 2766 ι
2414 2732 2505 2786 ρου
2542 2713 2787 2783 σώματος
2816 2712 3129 2781 ἀναλήψεως
3149 2713 3177 2764 ό
3197 2710 3368 2778 Λόγος
3395 2708 3516 2762 καθ’
3552 2709 3741 2762 ἐαυτὸν
3758 2749 3773 2772 ,
3797 2708 3896 2762 οὐκ

2348 2823 2366 2856 ι
2401 2801 2467 2875 ἦν
2494 2802 2654 2856 εἰκὼν
2677 2803 2769 2856 τοῦ
2794 2802 3025 2872 ἀοράτου
3059 2800 3213 2854 Θεοῦ.
3230 2820 3246 2852 ι
3273 2801 3383 2854 Καὶ
3412 2796 3566 2863 αὖθις
3591 2800 3710 2871 μεθ’
3733 2800 3896 2868 ἕτερα

2341 2895 2618 2964 ἐπιφέρει·
2653 2913 2671 2945 ι
2707 2895 2771 2946 Τί
2799 2894 2974 2947 τοίνυν
3009 2889 3076 2962 ἦν
3104 2894 3165 2945 τὸ
3195 2891 3447 2945 κατελθὸν
3473 2890 3652 2956 τοῦτο,
3675 2891 3782 2961 πρὸ
3800 2889 3894 2943 τοῦ

2347 3005 2363 3036 ι
2405 2986 2846 3056 ἐνανθρωπῆσαις
2877 2986 3096 3047 Πάντως
3157 3000 3282 3047 που,
3335 2982 3500 3052 φησὶ,
3551 2981 3795 3052 Πνεῦμα.
3831 2981 3896 3033 Εί

2346 3095 2363 3126 ι
2403 3077 2510 3147 γάρ
2553 3093 2606 3128 τι
2635 3074 2783 3145 παρὰ
2829 3074 2984 3127 τοῦτο
3033 3073 3204 3126 ἐθέλοι
3240 3073 3436 3140 λέγειν,
3466 3073 3525 3124 ού
3553 3073 3894 3141 συγχωρήσει

703 3187 724 3218 ‹
773 3169 1110 3235 ptionem,ne
1128 3167 1340 3235 quidem
1369 3166 1542 3236 imago
1574 3166 1666 3221 Dei
1696 3166 1872 3219 fuerat
1894 3166 2194 3221 invisibilis.
2216 3185 2235 3218 ι

2347 3187 2365 3220 ι
2405 3167 2570 3237 αὐτῷ,
2619 3170 2647 3221 ὁ
2694 3167 2828 3237 πρὸς
2866 3165 2961 3236 τὴν
3016 3165 3283 3235 Παρθένον
3327 3162 3561 3234 εἰρηκὼς
3626 3163 3890 3230 ἄγγελος·

699 3259 766 3312 Et
789 3273 970 3311 rursus
1001 3266 1121 3324 post
1149 3257 1250 3311 alia
1281 3257 1545 3310 subinlert
1573 3258 1741 3311 idem:
1773 3256 2062 3328 [R.XLIX,
2090 3257 2236 3325 ιεοιι.

2347 3277 2365 3309 ι
2405 3257 2642 3326 Πνεῦμα
2663 3257 2830 3326 ἅγιον
2853 3257 3231 3308 ἐπελεύσεται
3249 3254 3344 3306 ἐπὶ
3384 3252 3476 3306 σέ.
3505 3254 3566 3305 Εἰ
3590 3253 3647 3305 δὲ
3671 3252 3892 3322 Πνεῦμα

699 3365 751 3416 p.
789 3349 910 3410 104,
940 3347 1007 3418 Α]
1068 3366 1085 3398 ι
1125 3347 1262 3413 Quid
1292 3357 1409 3400 erat
1441 3347 1602 3416 igitur
1633 3347 1734 3401 hoc
1775 3349 1916 3415 quod
1970 3348 2243 3403 descendit

2349 3368 2366 3397 ι
2408 3344 2544 3401 εῖναι
2564 3349 2743 3417 φήσει,
2770 3345 2931 3398 ἄκουε
2966 3344 3056 3396 τοῦ
3088 3344 3331 3412 Σωτῆρος
3357 3342 3624 3410 λέγοντος,
3654 3342 3895 3410 Πνεῦμα

705 3461 722 3490 ι
768 3450 890 3494 ante
925 3437 1386 3494 incarnationem?
1414 3435 1642 3492 Omnino
1677 3449 1822 3492 certe
1855 3439 2087 3508 Spiritus
2123 3439 2239 3502 fuit,

2348 3461 2365 3490 ι
2403 3444 2434 3494 ὀ
2467 3440 2626 3504 Θεός.
2669 3437 2859 3507 Σαφῶς
2909 3436 3152 3489 ἐντεῦθεν
3195 3426 3288 3486 τοῦ
3337 3434 3588 3506 Σωτῆρος
3642 3432 3892 3503 περὶτοῦ

703 3549 722 3579 ι
769 3531 815 3584 si
839 3530 964 3598 quid
991 3529 1131 3582 enim
1170 3528 1311 3580 aliud
1336 3528 1573 3582 dicturus
1622 3539 1706 3582 est
1750 3529 1964 3598 aliquis,
2005 3544 2111 3584 non
2142 3530 2242 3584 hoc

2347 3553 2366 3584 ι
2403 3532 2611 3603 Πατρὸς
2658 3531 2965 3600 εἰρηκότος·
3008 3549 3025 3580 ι
3079 3529 3315 3597 Πνεῦμα
3346 3531 3378 3581 ό
3413 3529 3582 3592 Θεὸς,
3620 3527 3896 3597 ἐλέγχεται

705 3637 722 3667 ι
769 3617 916 3669 dabit
942 3617 1031 3684 qui
1063 3617 1128 3669 ad
1163 3614 1434 3684 Virginem
1463 3615 1672 3670 locutus
1714 3627 1794 3670 est
1832 3611 1906 3671 ‘ad
1950 3617 2092 3671 hunc
2132 3631 2244 3670 mo-

2347 3623 2650 3693 Μάρκελλος
2682 3622 2840 3675 αὐτὸν
2880 3621 2970 3672 τὸν
3005 3620 3218 3690 Πατέρα
3239 3619 3712 3688 ἐνηνθρωπηκέναι
3735 3619 3895 3689 (38")

705 3727 721 3756 ι
768 3707 891 3760 dum
919 3706 1138 3775 angelus
1161 3723 1174 3758 :
1195 3705 1425 3774 Spiritus
1455 3716 1662 3760 sanctus
1685 3709 2007 3774 superveniet
2031 3711 2088 3761 in
2107 3709 2240 3760 te":

704 3816 720 3847 ι
768 3798 810 3850 si
846 3806 1025 3849 autem
1061 3795 1318 3865 Spiritum
1351 3796 1515 3851 fuisse
1550 3807 1777 3861 asserat,
1821 3799 1944 3852 audi
1973 3799 2239 3854 dicentem

702 3910 722 3940 ι
763 3891 1146 3943 Servatoretu:
1202 3887 1432 3957 Spiritus
1472 3887 1610 3941 Deus
1650 3901 1723 3943 est
1760 3891 1848 3953 7°;
1898 3891 1988 3944 ubi
2017 3907 2136 3944 cum
2173 3892 2240 3944 li-

705 4001 723 4031 ι
769 3981 1085 4048 quidissimo
1116 3990 1324 4035 constet
1355 3981 1691 4035 Servatorem
1728 3988 1784 4044 >14
1816 3983 1881 4036 de
1907 3982 2066 4037 Patre
2092 3984 2240 4038 locu-

706 4092 726 4124 ι
775 4083 882 4126 tum
922 4073 1105 4135 fuisse,
1153 4072 1293 4126 Deus
1332 4082 1414 4125 est
1461 4073 1698 4140 spiritus,
1731 4092 1749 4123 ι
1785 4075 2058 4128 convictus
2090 4085 2241 4129 tene—

2341 3711 2525 3765 εἰπών.
2570 3713 2626 3763 ὐ
2658 3712 2699 3762 δ’
2739 3711 2816 3762 ἐτι
2852 3711 3046 3781 μᾶλλον
3075 3712 3450 3780 φιλοτιμεῖται,
3493 3711 3721 3780 γράφων
3749 3704 3854 3764 ὧδε
3876 3727 3893 3742 ο

2349 3821 2365 3851 ι
2404 3801 2511 3854 Καὶ
2547 3800 2857 3869 μανθανέτω
2884 3802 3058 3852 τοίνυν
3091 3800 3222 3852 Θεοῦ
3249 3800 3417 3865 Λόγον
3459 3797 3794 3869 ἐληλυθέναι,
3833 3799 3892 3852 οὗ

2349 3911 2366 3944 ι
2404 3893 2571 3959 Λόγον
2597 3891 3039 3961 καταχρηστικῶς
3072 3890 3460 3959 ὀνομασθέντα,
3509 3891 3584 3951 ὡς
3616 3891 3766 3942 αὐτοί
3792 3906 3894 3958 φα-

2348 4001 2364 4032 ι
2409 4000 2510 4045 σιν,
2556 3982 2669 4034 ἀλλ’
2689 3982 2860 4050 ἀληθῆ
2908 3982 3034 4033 ὄντα
3061 3982 3248 4048 Λόγον.
3285 3999 3302 4030 ι
3341 3982 3449 4032 Καὶ
3479 3977 3633 4042 αὖθις
3674 3981 3895 4051 προστί-

2344 4073 2466 4141 θησι
2491 4073 2660 4126 ταῦτα
2691 4075 2799 4136 τοῖς
2821 4072 3147 4143 εἰρημένοις·
3182 4093 3199 4123 ι
3224 4075 3283 4124 Ei
3305 4074 3400 4142 μὲν
3429 4072 3534 4142 γὰρ
3563 4072 3704 4141 ἢτοῦ
3733 4072 3895 4126 πνεύ-

700 4172 787 4218 ιυι·
843 4161 1127 4216 Marcellus
1179 4162 1538 4224 existimasse,
1581 4163 1752 4229 ipsum
1809 4162 2017 4216 Patrem
2079 4163 2242 4218 fuisse

2351 4186 2367 4216 ι
2396 4183 2558 4234 ματος
2577 4165 2816 4228 ἐξέτασις
2843 4165 3077 4231 γίγνοιτο
3106 4165 3261 4232 μόνη,
3287 4163 3342 4216 ἓν
3358 4163 3450 4216 καὶ
3467 4163 3657 4215 ταύτὸν
3673 4165 3896 4226 εἰκότως

699 4257 1056 4311 incarnatum.
1085 4254 1216 4308 Cum
1246 4255 1563 4307 sententiam
1600 4252 1772 4305 adlmc
1801 4255 2036 4321 apertius
2063 4254 2238 4317 ellert,

2349 4275 2366 4306 ι
2390 4252 2524 4307 εἶναι
2541 4255 2617 4323 τῷ
2631 4254 2748 4323 Θεῷ
2777 4254 3030 4322 φαίνοιτο·
3060 4254 3234 4324 εἰδὲῆ
3259 4254 3395 4306 κατὰ
3411 4255 3584 4323 σάρκα
3606 4255 3893 4324 προσθήκη

700 4345 766 4398 ad
801 4346 938 4398 hunc
967 4345 1174 4398 modum
1202 4343 1473 4397 scribens:
1505 4342 1848 4411 [li.XX'XIX,
1884 4345 2006 4399 coll.
2049 4347 2240 4414 p.116,

2350 4369 2366 4396 ι
2392 4348 2480 4398 ἐπὶ
2511 4346 2602 4398 τοῦ
2621 4346 2863 4415 Σωτῆρος
2879 4344 3196 4410 ἐξετάζοιτο,
3215 4345 3459 4415 ἐνεργείᾳ
3481 4350 3512 4415 ἡ
3537 4347 3726 4414 Θεότ-ης
3760 4347 3894 4416 μόνη

699 4435 777 4506 D]
816 4454 833 4485 ι
877 4436 1055 4488 Discat
1086 4435 1267 4503 igitur,
1306 4437 1531 4489 Verbum
1562 4436 1649 4487 Dei
1689 4436 2000 4489 advenisse:
2032 4452 2157 4500 non,
2187 4449 2245 4490 ut

2350 4458 2367 4486 ι
2395 4437 2750 4490 πλατύνεσθαι
2773 4437 2944 4489 δοκεῖ·
2965 4437 3104 4488 ὥστε
3130 4437 3349 4499 εἰκότως
3368 4437 3532 4506 μονάς
3549 4435 3719 4500 ὅντως
3749 4439 3896 4490 ἐστὶν

706 4548 724 4578 ‹
774 4529 844 4581 illi
871 4527 1071 4592 volunt,
1100 4526 1326 4581 Verbum
1356 4527 1745 4579 catachrestice
1779 4526 2122 4592 appellatum,
2151 4528 2239 4580 sed

2353 4546 2368 4574 ι
2393 4525 2707 4595 ἀδιαίρετος.
2736 4545 2752 4575 ι
2775 4527 2881 4576 Καὶ
2909 4525 2985 4576 ἔτι
3013 4524 3207 4592 μᾶλλον
3232 4524 3387 4577 τοῦτο
3403 4525 3798 4588 κατασκευάζει
3826 4526 3895 4578 δι’

705 4638 723 4669 ι
775 4632 957 4672 revera
995 4618 1082 4684 qui
1106 4617 1396 4670 exsistebat
1420 4617 1672 4671 Verbum.
1709 4633 1725 4663 ι
1753 4616 1909 4666 Addit
1951 4616 2140 4667 iterum
2186 4625 2238 4668 et

2347 4611 2417 4668 ὧν
2443 4618 2498 4668 ἐν
2524 4619 2630 4677 τοῖς
2656 4616 2778 4684 ἑξῆς
2801 4614 2939 4666 οὔτω
2963 4615 3181 4686 γράφει·
3216 4635 3234 4665 ι
3283 4617 3355 4667 Τὸ
3401 4617 3496 4685 μὲν
3521 4608 3614 4669 οὖν
3648 4618 3752 4686 πρὸ
3787 4618 3895 4670 τῶν

701 4712 800 4764 ista
830 4707 1128 4760 antedictis:
1157 4728 1172 4756 ι
1199 4708 1345 4771 Quod
1377 4708 1419 4761 si
1450 4707 1516 4760 de
1557 4706 1745 4774 spiritu
1766 4705 2061 4772 disquisitio
2085 4707 2238 4758 insti-

707 4821 723 4849 ι
753 4808 930 4852 tuatur
962 4798 1094 4856 sola,
1131 4812 1292 4850 unum
1340 4807 1498 4864 atque
1535 4795 1696 4856 idem,
1736 4808 1828 4846 nec
1868 4793 2079 4859 injuria,
2121 4811 2240 4847 cum

775 4960 831 5013 ὦ
866 4950 957 5002 Ed.
992 4949 1188 5006 Paris..
1221 4964 1342 5016 pag.
1376 4949 1456 5000 56.
1527 4947 1571 4975 ⁷⁸
1594 4949 1751 5004 Juan.
1775 4971 1812 5017 ι,
1837 4955 1881 5006 1.

775 5155 882 5218 (37)
927 5151 1107 5221 Vulgo,
1141 5154 1454 5221 ἐπισκέψας.

777 5223 882 5290 (58)
922 5223 1024 5274 Καὶ
1059 5224 1236 5292 αὐτὸς
1267 5226 1531 5292 γέγραφε.
1572 5225 1701 5291 Quis
1731 5234 1902 5275 autem
1938 5225 2068 5276 iste?
2100 5235 2244 5277 certe

708 5290 1695 5364 Marcellus,_cujus.opinor,divers:e
1733 5294 1913 5364 ῥήσεις
1950 5297 2031 5343 Im:
2065 5312 2243 5345 rom-n-

709 5371 909 5418 seritur.
932 5361 1020 5411 scd
1055 5362 1262 5412 interim
1299 5376 1475 5416 tamen
1506 5369 1614 5418 ιιίιείε
1637 5361 1759 5414 sunt
1782 5362 2073 5413 ἁσύστατα.
2111 5365 2237 5418 (Λῦ-

705 5431 790 5489 τός
835 5430 1075 5480 Αδιετὶιιε
1110 5429 1195 5489 li.,
1227 5433 1311 5492 qni
1350 5432 1482 5484 infra
1536 5435 1745 5502 τρόπων
1794 5432 1904 5482 locu
1942 5433 2240 5496 προςιῖπτων

709 5499 870 5563 cuni.)
908 5499 1094 5547 Statim
1146 5512 1159 5546 :
1212 5499 1344 5550 forte
1389 5499 1768 5565 ά¹ἰδιον’).ἐγει,
1822 5501 1911 5550 καὶ
1958 5503 2241 5567 ὰγζαντιτον

708 5568 883 5615 αὐτόν.
923 5569 1070 5629 Quod
1111 5570 1332 5632 negabat
1370 5569 1623 5621 Eusebius
1656 5573 1901 5628 Arianus,
1939 5587 2055 5620 ΙΙιυΧ
2093 5572 2242 5621 οὐδὲν

708 5637 885 5700 ἕτερον
907 5638 937 5702 ἢ
961 5636 1122 5698 Λόγος
1150 5632 1234 5701 ἦν,
1267 5645 1316 5686 ct
1348 5639 1407 5688 οῦ
1446 5640 1795 5706 συγχωρήτει.
1834 5636 1899 5688 Μ.

783 5706 909 5768 (ὅδ’)
955 5704 1113 5774 Vulgo
1166 5718 1508 5773 μαρτυρήσας
1544 5704 1595 5758 ct
1644 5704 1759 5756 .tcm
1797 5709 1877 5756 ἐπ’
1905 5706 2151 5774 ἀλλήλαις
2197 5720 2248 5760 et

714 5775 967 5841 πρότερον
1003 5773 1165 5837 μὲνγ.
1194 5786 1244 5827 ct
1269 5775 1446 5842 ἕτερον
1476 5779 1501 5826 ὁ
1528 5778 1722 5840 Αὐτῆς,
1757 5790 1908 5842 porto
1942 5779 2090 5843 Vulgo
2127 5795 2246 5843 πυγ-

1934 4950 1975 4978 ⁷⁷
2016 4949 2143 5001 Luc.
2179 4967 2212 5010 l,
2244 4951 2329 5001 33-}.

2351 4725 2367 4755 ι
2405 4706 2610 4759 αἰώνων
2630 4706 2788 4758 αὐτὸν
2809 4705 3161 4774 γεγεννῆσθαι
3178 4707 3344 4774 φῆσαι
3362 4707 3664 4770 ἀκολούθως
3688 4709 3898 4779 εἰρηκέο

2355 4816 2370 4845 ι
2406 4815 2488 4847 ναι
2520 4797 2691 4849 δοκεῖ·
2721 4799 2965 4866 γέννημα
2987 4796 3092 4866 γὰρ
3117 4797 3178 4848 τὸ
3202 4797 3457 4868 προελθὸν
3478 4798 3570 4850 τοῦ
3595 4801 3896 4870 προεμένου

2439 4953 2481 4979 ⁷⁸
2506 4950 2659 5004 Jnan.
2692 4967 2766 5014 tv,
2795 4951 2886 5006 Ἑλ.

2351 5159 2588 5226 χωρῆσαι
2622 5168 2675 5211 et
2720 5158 2881 5226 φησίν
2920 5169 2975 5212 et
3004 5159 3281 5229 εἰρηκότος
3333 5176 3422 5214 πν.
3458 5171 3510 5214 et
3536 5161 3766 5232 ’Πατρὸς
3813 5163 3899 5214 λέ-

2348 5245 2547 5292 γοντος.

2420 5297 2572 5365 .38”)
2607 5297 3164 5363 Έντ-ἠθρωπηχένίιι.
3186 5296 3294 5350 Hoc
3316 5307 3462 5351 certe
3494 5299 3565 5350 illi
3587 5302 3898 5361 ascribitnr,

2349 5378 2400 5416 ut
2427 5372 2583 5418 luerit
2605 5367 2837 5437 l’raxeua,
2863 5381 2913 5418 et
2934 5368 3460 5437 Pntropassianoruui
3486 5369 3764 5437 ἁποφυάς,
3792 5377 3900 5425 sci-

2347 5437 2464 5486 licet
2492 5438 2613 5501 quia
2645 5436 2809 5501 Λόγον
2851 5448 3102 5488 aeternum
3151 5438 3338 5491 asserit
3385 5455 3397 5488 :
3443 5436 3702 5503 Spiritum
3735 5445 3900 5493 luisw

2347 5505 2515 5564 dmwt,
2553 5506 2649 5555 hoc
2677 5517 2755 5576 est
2781 5507 2958 5557 Deum.
2993 5507 3151 5569 Quasi
3183 5508 3328 5561 solus
3364 5506 3521 5576 Pater
3563 5510 3698 5560 l'orct
3728 5510 3900 5576 Spiri-

2348 5581 2447 5632 lus,
2485 5577 2580 5624 huc
2608 5586 2684 5624 est
2717 5575 2852 5624 Dens
2873 5615 2885 5632 ,
2915 5591 3032 5640 qua:
3067 5587 3182 5629 erat
3206 5592 3352 5627 mens
3378 5575 3698 5630 Eusebinna.
3737 5581 3803 5630 M.
3829 5610 3900 5620 ——

2348 5641 2462 5692 Mox
2499 5644 2650 5718 vulgo
2827 5643 3115 5718 d).r,0<b;_et
3161 5647 3381 5707 εἰκότως
3439 5646 3602 5714 μόνας
3653 5649 3902 5718 παρήλη-

2349 5727 2492 5784 πται.
2530 5712 2654 5784 Πρω
2678 5713 2858 5784 τοῦτον
3003 5709 3138 5784 εἶναι
3167 5727 3218 5770 et
3243 5717 3399 5783 ἁνυρ.
3430 5709 3644 5784 φύσεως
3660 5709 3798 5773 coni:
3827 5709 3897 5776 ii.

2350 5790 2399 5832 et
2425 5781 2510 5831 τὸν
2545 5782 2673 5832 Θεὸν
2706 5782 2837 5832 Θεοῦ
2875 5787 2932 5833 .-\.
2974 5783 3072 5852 Mp.
3347 5781 3378 5792 ﬁ'
