4106 6408
2527 25 2534 28 .
2565 21 2594 28 ..-
2609 10 3152 28 ——__._.—__.'—.m—-o-—
3167 19 3174 22 -

229 343 334 398 789
1333 339 1609 395 CONTRA
1649 337 1850 394 ﬂABCl

1832 335 2070 392 LELLUM
2117 335 2242 392 LIB.
2283 335 2346 390 ΙΙ.
3354 327 3453 382 ’79η

239 478 258 509 ε
290 458 458 510 κοινά
513 457 684 509 ἐστιν
745 452 940 516 εἰπεῖν,
1004 451 1187 506 Πάντα
1239 452 1340 505 ὅσα
1385 451 1499 522 ἔχει
1532 453 1562 504 6
1609 449 1798 520 Πατὴρ
1829 453 1860 508 Α

1836 453 1873 508 Α
1907 465 1925 497 ι
1969 447 2162 502 exinde
2189 447 2376 516 liquet,
2409 459 2471 499 ex
2504 458 2569 498 eo
2593 441 2733 511 quod
2764 438 3016 500 declinat,
3046 435 3457 504 etdeprecatur.

241 568 259 599 ι
297 547 406 616 ὲμά
444 547 592 598 ἐστιν
641 542 764 611 ἔφη.
799 541 992 595 Καίτοι
1034 543 1135 595 οὑκ
1163 536 1230 612 ἦν
1276 542 1404 594 ῐδιον
1431 540 1524 594 τοῦ
1572 557 1797 609 συμφω-

1904 559 1922 590 ε
1971 539 2146 607 Atque
2177 538 2281 592 alia
2308 538 2443 600 vice,
2479 534 2600 588 Non
2623 548 2824 603 qua'ro,
2859 529 3057 598 inquit,
3081 541 3248 580 meam
3278 527 3458 578 solun-

242 655 260 684 ε
290 615 506 696 νοῦντος
551 630 690 684 οὕτω
729 630 926 697 λέγειν,
963 630 1116 695 ἀλλά,
1154 647 1173 680 ι
1211 630 1413 697 Πάντα
1445 629 1561 682 ὅσα
1596 629 1720 695 ἔχει
1766 629 1798 679 ό

1905 648 1922 680 ι
1971 639 2150 693 tatem,
2185 627 2277 683 sed
2339 626 2652 680 voluntatem
2711 620 2890 674 Patris
2945 618 3034 688 qui
3085 616 3227 669 misit
3280 631 3360 668 me
3389 615 3457 668 ".

240 741 258 772 ε
296 719 515 790 Πατὴρ,
549 717 718 772 κοινά
739 717 923 772 ἐστιν.
947 739 964 772 ι
994 719 1057 771 Et
1082 717 1190 789 γὰρ
1236 720 1292 772 at
1323 717 1430 770 τῶν
1469 719 1799 772 ’Δτωστόλων

1908 736 1926 767 ε
1968 717 2250 784 Quomodo
2310 715 2469 785 igitur
2525 722 2744 780 prapter
2790 708 2934 762 illam
3001 705 3201 774 ubique
3253 711 3302 757 et
3365 716 3461 772 per

243 832 261 864 ε
297 812 554 884 Πράξεις,
579 811 678 880 τὴν
702 812 810 864 τῶν
844 809 1142 881 τηνικαῦτα
1167 809 1499 880 προσιόντων
1523 812 1587 879 τῇ
1622 810 1799 862 πίστει

1906 827 1924 858 ε
1971 808 2150 860 omnia
2188 803 2596 860 consonantiam
2622 840 2637 864 ,
2689 799 3034 854 Servatorem
3065 793 3294 849 amrmat
3331 806 3459 862 pro-

239 921 259 952 ε
299 881 615 970 συμφωνίαν
638 895 974 961 ὲπαινοῦσὶιι,
1013 915 1033 948 ι
1071 897 1272 950 Πάντα
1301 892 1379 965 ἦν
1404 896 1607 961 αὐτοῖς
1631 895 1802 948 κοινὰ

1906 919 1924 949 ε
1981 897 2275 958 nuntiasse.
2313 895 2424 966 Ego
2457 902 2509 946 et
2538 892 2697 946 Pater
2726 905 2876 944 mens
2910 902 3074 941 unum
3106 885 3330 940 sumus?
3351 902 3369 934 ο
3400 881 3463 936 Et

243 1011 260 1041 ι
300 991 527 1061 ἔφασαν,
562 991 656 1043 καὶ
686 988 1110 1056 ὲπ“ἀνθρὼπιυν,
1146 987 1250 1041 τῶν
1281 989 1588 1056 συμφωνεῖν
1645 984 1802 1036 δυνα-

1901 989 2085 1059 paucis
2123 985 2417 1055 interiectis
2452 984 2527 1038 ait
2568 1001 2579 1036 :
2635 981 2725 1054 [Β.
2756 977 2917 1051 LXV]
2956 997 2974 1030 ι
3011 975 3290 1044 Quomodo
3336 987 3461 1043 erga

243 1102 262 1135 ε
303 1083 500 1154 μλνων,
547 1082 701 1136 κοινὰ
755 1077 892 1135 εἶναι
940 1081 1116 1134 πάντα
1166 1079 1404 1150 νομίζειν
1460 1077 1799 1146 ὀφειλόντων,

1909 1097 1927 1130 ε
1976 1079 2167 1133 Filium
2200 1074 2610 1132 consonantiam
2657 1071 2853 1127 habere
2901 1071 3062 1124 Pater
3113 1065 3330 1135 poterit,
3379 1065 3461 1118 vel

244 1193 264 1225 ε
306 1173 414 1245 (42)
467 1175 617 1244 πόσῳ
651 1173 848 1244 μᾶλλον
873 1171 979 1224 ἔδει
1010 1170 1100 1223 τὸν
1132 1169 1349 1240 Πατέρα
1380 1168 1472 1221 καὶ
1523 1167 1615 1220 τὸν
1676 1165 1802 1218 Υίδν

1909 1189 1926 1222 ι
1975 1168 2142 1224 Filius
2171 1181 2297 1235 erga
2336 1166 2575 1227 Patrem,
2625 1178 2748 1219 cum
2797 1161 2994 1216 dixerit
3035 1158 3226 1222 Filius,
3271 1155 3462 1209 Omnia

244 1279 263 1312 ε
303 1260 582 1322 κοινωνίας
612 1259 878 1330 μετέχειν,
915 1259 992 1318 είς
1038 1255 1131 1308 δύο
1162 1255 1484 1316 ὑποστάσεις
1539 1251 1804 1325 διῃρημέ-

1911 1280 1927 1313 ι
1976 1262 2069 1314 illa
2107 1275 2224 1330 qua
2259 1257 2422 1310 Pater
2457 1256 2630 1319 habet,
2654 1269 2768 1306 mea
2799 1251 2960 1306 sunt?
2985 1249 3081 1304 Est
3105 1248 3247 1303 enim
3271 1245 3461 1307 Filius,

243 1368 263 1402 ε
301 1367 454 1415 νους;
483 1350 619 1402 Νυνὶ
637 1349 693 1401 δὲ
720 1350 779 1401 ὲν
807 1347 906 1418 μὲν
939 1346 1018 1417 τῷ
1041 1345 1238 1414 λέγειν,
1267 1344 1468 1398 Πάντα
1529 1343 1645 1397 ὅσα
1677 1343 1802 1410 ἔχει

1907 1373 1925 1406 ε
1973 1352 2061 1422 qui
2091 1352 2192 1406 hoc
2217 1350 2377 1404 modo
2423 1347 2685 1418 loquitur,
2730 1341 3090 1398 abundantior
3133 1354 3232 1394 suo
3279 1336 3459 1392 Patre.

244 1458 264 1492 ι
301 1443 333 1495 ό
361 1440 580 1509 Πατὴρ,
611 1437 724 1508 ἐμά
737 1439 890 1502 ἐστι,
916 1435 1249 1490 πλεονεκτῶν
1271 1436 1300 1486 6
1324 1435 1449 1498 Υἱὸς
1473 1433 1562 1487 τὸν
1587 1433 1803 1504 Πατέρα

1910 1465 1927 1496 ε
1975 1443 2168 1499 Omnia
2204 1457 2321 1511 qua
2361 1439 2524 1493 Pater
2545 1438 2719 1502 habet,
2761 1451 2875 1488 mea
2909 1442 3051 1493 sunt,
3092 1430 3288 1501 inquit,
3345 1427 3467 1481 ideo

245 1551 263 1580 ε
303 1530 577 1599 φαίνεται·
610 1531 669 1584 εν
698 1526 847 1598 δὲτῷ
879 1528 1126 1597 φάσκειν,
1158 1526 1290 1598 μηδὲ
1339 1523 1434 1578 τοῦ
1470 1524 1658 1578 ἑαυτοῦ
1702 1525 1804 1578 Λό-

1909 1556 1927 1588 ι
1975 1551 2079 1591 non
2107 1541 2309 1596 autem,
2348 1530 2540 1587 Omnia
2571 1543 2690 1598 quae
2731 1525 2893 1581 Pater
2923 1523 3119 1587 habet,
3157 1518 3464 1576 communia

244 1640 263 1672 ι
295 1637 392 1688 γου
445 1620 647 1691 Κύριον
703 1615 868 1686 εῖναι,
897 1618 1034 1672 ἀλλὰ
1076 1618 1170 1672 καὶ
1200 1616 1392 1670 τούτου
1429 1617 1518 1670 τὸν
1562 1615 1800 1686 Πατέρα,

1909 1649 1927 1680 ε
1975 1636 2137 1690 sunt;
2165 1639 2288 1678 cum
2321 1621 2606 1678 dicendum
2632 1618 2706 1673 ita
2738 1626 2882 1672 esset
2917 1614 3013 1680 illi,
3044 1614 3134 1684 qui
3163 1626 3262 1682 per
3284 1609 3464 1666 omnia

242 1729 262 1764 ε
305 1714 390 1783 ('0
427 1714 534 1783 γὰρ
564 1714 753 1783 Λόκρος
785 1712 858 1766 δν
903 1712 1167 1772 ἀκούετε.
1222 1711 1422 1780 φησὶν,
1463 1712 1575 1764 οὐκ
1635 1709 1804 1763 ἔστιν

1907 1739 1926 1771 ι
1969 1719 2190 1772 haberet
2216 1730 2337 1770 cum
2363 1729 2462 1770 suo
2499 1712 2658 1767 Patre
2719 1707 3124 1766 consonantiam
3156 1722 3171 1760 :
3201 1702 3465 1774 siquidem

243 1823 260 1854 ε
301 1803 460 1873 ἐμὸς,
493 1804 653 1870 ἀλλὰ
683 1801 789 1856 τοῦ
838 1801 1184 1870 πέμψαντός
1214 1817 1290 1870 με
1340 1799 1594 1868 Πατρός)
1643 1799 1803 1867 ἀφαι-
1835 1822 1864 1876 ε

1845 1822 1876 1876 Β
1909 1829 1928 1862 ι
1977 1811 2029 1864 in
2059 1808 2284 1863 Actibus
2311 1803 2652 1876 apostolicis,
2704 1801 2793 1856 ubi
2823 1814 3008 1855 eorum
3043 1797 3134 1867 qui
3186 1794 3252 1850 ad
3307 1793 3466 1849 (idem

241 1911 262 1944 ι
305 1892 514 1964 ρεῖσθαι
540 1891 628 1944 τὸν
660 1889 880 1962 Πατέρα
905 1890 976 1944 τὰ
1004 1889 1108 1942 ίδια
1142 1887 1234 1942 τοῦ
1269 1887 1454 1952 παιδὸς
1510 1888 1799 1941 δείκνυσιν.

1909 1920 1927 1953 ε
1971 1910 2099 1955 tunc
2124 1899 2488 1960 accedebant,
2529 1895 2780 1950 laudatur
2826 1887 3218 1952 consonantia,
3275 1883 3467 1941 Omnia

243 2003 262 2035 ι
321 1983 584 2053 Ἐκάτερα
605 1982 663 2036 δὲ
701 1980 844 2035 κατὰ
879 1979 978 2052 τὴν
1014 1979 1288 2050 Ἀστερίου
1316 1980 1487 2049 οίησιν
1533 1980 1636 2032 οὑκ
1674 1979 1802 2031 ἀκο-

1910 2016 1927 2046 ε
1977 1994 2147 2048 fuisse
2173 1993 2302 2061 ipsis
2327 1988 2666 2052 communia,
2696 1985 2895 2040 dicitur
2919 1981 2967 2015 "
3001 1998 3016 2036 :
3049 1988 3104 2036 et
3136 1977 3317 2035 omnia
3347 1984 3471 2030 sunt

241 2088 263 2125 ε
297 2072 499 2136 λούθως
528 2071 792 2144 είρημένα
817 2071 1081 2139 φαίνεται.
1123 2069 1269 2123 Ἔδει
1300 2068 1408 2140 γὰρ
1461 2069 1551 2121 τὸν
1585 2085 1805 2138 συμφω-

1909 2104 1926 2136 ε
1973 2082 2278 2140 communia
2328 2078 2685 2138 existimanda
2729 2076 2869 2130 inter
2896 2087 2989 2129 eos
3036 2070 3129 2142 qui
3166 2082 3467 2125 consonan-

243 2180 264 2214 ι
299 2161 490 2216 νοῦντα
523 2163 597 2234 μὴ
627 2162 696 2214 τὰ
747 2160 918 2233 ἑτέρῳ
950 2160 1218 2232 προσόντα
1279 2157 1666 2230 παρασπασθαι
1724 2159 1803 2212 δίο

1909 2195 1928 2227 ε
1977 2175 2105 2230 tiam
2143 2174 2284 2228 inter
2319 2171 2569 2227 homines
2603 2167 3001 2238 amplectuntur
3032 2181 3045 2218 :
3071 2169 3272 2232 quanto
3301 2157 3471 2226 magis

245 2273 264 2303 e
306 2269 458 2315 καια,
486 2251 867 2304 πλεονεκτικὸν
898 2250 1006 2321 γὰρ
1027 2249 1184 2303 τοῦτό
1211 2267 1297 2319 γε,
1329 2249 1465 2302 ἀλλὰ
1495 2248 1562 2302 τὰ
1613 2249 1802 2302 ἑκατέ-

1908 2283 1926 2315 ι
1973 2279 2070 2334 par
2115 2263 2248 2331 fuit,
2303 2265 2518 2318 Patrem
2581 2270 2744 2329 atque
2792 2257 2984 2313 Filium
3031 2251 3466 2310 communionem

242 2361 262 2397 ε
305 2360 382 2415 ρῳ
403 2343 672 2413 προσόντα
694 2342 844 2395 κοινά
873 2337 1008 2394 εἶναι
1042 2342 1298 2412 νομίζειν.
1331 2343 1513 2404 Ὥστε,
1548 2343 1673 2395 ὅταν
1704 2342 1804 2410 μὲν

1908 2379 1926 2410 ε
1969 2358 2246 2427 amplecti,
2296 2359 2386 2426 qui
2419 2357 2470 2411 in
2500 2355 2640 2410 duas
2670 2355 2990 2424 bypostases
3043 2339 3468 2401 dividebantur?

243 2454 263 2488 ι
298 2436 378 2499 είς
431 2435 530 2508 τὴν
592 2435 940 2505 ἀνθρωπίνην
985 2432 1380 2503 ἀποδλέπωμεν
1439 2433 1656 2504 σάρκα,
1705 2435 1803 2502 οὐχ

1906 2469 1924 2501 ε
1975 2459 2027 2504 at
2063 2463 2204 2503 nunc
2239 2446 2411 2502 Filius
2452 2459 2611 2513 quam
2661 2442 2825 2497 Pater
2867 2440 2986 2512 plus
3013 2438 3215 2492 habere
3238 2433 3468 2495 videtur,

243 2545 263 2578 ι
301 2526 490 2600 ὥσπερ
524 2527 798 2597 Ἀστέριος
830 2525 1124 2597 γέγραφεν,
1153 2524 1325 2588 οὕτως
1378 2526 1680 2597 εὑρήσομεν
1727 2527 1802 2578 εί-

1907 2563 1924 2593 t
1974 2556 2095 2597 cum
2125 2540 2376 2604 aﬂirmet,
2430 2535 2625 2592 Omnia
2657 2551 2774 2605 qua
2804 2531 2966 2586 Paler-
3001 2531 3153 2584 habet
3185 2542 3298 2581 mea
3325 2533 3466 2579 sunt.

243 2639 263 2672 ε
294 2621 495 2691 ρηκότα
522 2620 616 2673 τὸν
651 2619 876 2689 Σωτῆρα
897 2635 911 2649 ο
967 2618 1108 2688 Ἐγὼ
1151 2618 1248 2671 καί
1278 2620 1311 2671 ὁ
1372 2616 1572 2686 Πατὴρ
1605 2617 1674 2670 ἓν
1698 2616 1802 2671 ἐσ-

1905 2653 1924 2686 ι
1974 2633 2027 2688 ln
2060 2648 2126 2688 eo
2162 2641 2340 2686 autem
2371 2629 2514 2698 quod
2568 2627 2737 2688 dicit.
2783 2625 3017 2679 Verbum
3065 2637 3170 2675 non
3226 2632 3346 2673 esse
3387 2617 3468 2671 sui

243 2732 262 2764 ε
285 2729 401 2780 μεν
433 2729 448 2744 ο
489 2712 541 2765 εί
584 2712 694 2782 γὰρ
735 2711 882 2763 τοῦτ’
914 2706 1002 2781 ἧν.
1039 2710 1255 2772 πάντως
1274 2709 1340 2763 ἂν
1365 2709 1467 2782 ἔφη
1487 2726 1500 2739 ο
1542 2708 1681 2778 Ἐγὼ
1707 2712 1800 2764 καὶ⁷

1905 2746 1923 2777 ι
1975 2724 2283 2787 Dominum,
2321 2723 2415 2776 sed
2447 2720 2617 2790 ipsius
2646 2717 2885 2780 Patrem,
2919 2716 3123 2783 (sermo
3151 2711 3285 2765 enim
3322 2723 3470 2778 quem

247 2819 266 2853 ε
299 2802 328 2854 6
357 2801 543 2873 Πατὴρ
598 2802 655 2853 ὲν
699 2801 870 2854 ἀπασι
928 2801 1063 2871 πρὸς
1091 2799 1347 2871 ἀλλήλους
1383 2799 1797 2870 συμφωνοῦμεν.

1905 2836 1923 2866 ε
1969 2817 2190 2881 auditis,
2219 2815 2414 2884 inquit,
2451 2829 2554 2867 non
2581 2819 2656 2866 est
2689 2825 2853 2871 naeus,
2884 2805 2972 2860 sed
3013 2804 3186 2860 Patris
3216 2802 3305 2872 qui
3331 2801 3475 2852 misi!

245 2910 264 2943 ι
302 2893 438 2947 Νυνὶ
461 2893 541 2958 δι,
577 2891 718 2962 Ἐγὼ
749 2893 844 2945 καί
898 2895 930 2945 ό
959 2890 1159 2961 Πατὴρ
1183 2891 1253 2946 ἓν
1291 2891 1497 2958 ἐσμεν,
1546 2890 1672 2960 ἔφη.
1723 2891 1798 2944 Οὑ

1904 2927 1922 2959 ι
1969 2925 2049 2962 me
2075 2907 2132 2977 :)
2162 2905 2468 2962 ostenditur
2495 2903 2708 2956 Patrem
2734 2917 2761 2954 a
2797 2900 2934 2954 Filio
2957 2896 3172 2951 auferre
3195 2895 3359 2950 etiam
3386 2891 3473 2977 illa

245 3001 264 3036 ι
305 2985 416 3056 γὰρ
435 2985 522 3040 διά
549 2985 646 3057 τὴν
673 2987 730 3038 ὲν
754 2985 952 3038 ἀπασιν
978 2984 1152 3052 λόγοις
1179 3001 1240 3038 τε
1299 2985 1394 3038 καὶ
1423 2984 1602 3055 ἔργοις
1643 2985 1800 3055 ἀκρι-

1906 3011 1925 3044 ι
1970 3007 2091 3062 qua:
2115 2971 2339 3062 propria
2372 3000 2518 3045 sunt.
2577 2989 2836 3042 Neutrum
2880 2989 3142 3048 istorum,
3173 2997 3237 3037 ex
3277 2971 3473 3036 Asterii

246 3097 264 3128 ι
304 3077 372 3148 δῆ
398 3077 737 3148 συμφωνίαν,
773 3076 848 3140 ὡς
875 3077 1036 3140 αὐτὸς
1059 3075 1353 3147 γέγραφεν,
1380 3077 1408 3130 6
1437 3075 1628 3147 Σωτὴρ
1655 3075 1800 3147 εῐρηο

1909 3103 1927 3135 ε
1974 3081 2266 3147 sententia,
2325 3090 2472 3135 recte
2517 3080 2733 3134 dicitur.
2804 3075 2909 3130 Par
2955 3083 3011 3130 et
3065 3087 3277 3144 aequum
3328 3071 3473 3127 enim

245 3185 264 3218 ι
305 3185 422 3232 κεν,
453 3166 562 3237 ἐγὼ
593 3168 684 3221 καὶ
726 3170 755 3222 6
800 3168 988 3239 Πατὴρ
1026 3167 1085 3221 ἓν
1123 3170 1308 3238 ἐσμεν.
1388 3166 1595 3220 Οὐκοῦν
1639 3168 1689 3220 εί
1743 3169 1802 3220 ἑν
1829 3152 1866 3211 C

1854 3152 1872 3211 ἶ
1911 3195 1929 3226 ε
1979 3175 2154 3229 fuerat
2193 3181 2582 3227 consonantem
2617 3169 2852 3238 aliquem
2876 3205 2893 3232 ,
2936 3165 3082 3221 nullo
3116 3166 3275 3219 modo
3303 3163 3368 3217 ad
3416 3178 3475 3217 se

247 3277 266 3310 ι
305 3258 532 3323 ὲκείνοις
555 3259 880 3330 ἀσυμφωνία
908 3277 988 3322 τις
1014 3253 1104 3329 ἦν,
1138 3258 1347 3328 ἀνάγκη
1387 3258 1444 3312 δὲ
1471 3259 1561 3312 τὸν
1610 3257 1804 3312 δεσπό-

1912 3283 1930 3317 ι
1977 3266 2214 3330 trahere,
2254 3277 2374 3332 qua:
2399 3262 2463 3316 de
2491 3262 2612 3330 jure
2643 3259 2804 3314 alteri
2847 3257 3249 3328 competebant,
3297 3253 3473 3309 avari-

248 3369 268 3402 ε
310 3368 412 3422 την
435 3351 737 3422 ἀληθεύειν,
781 3351 872 3405 τὸν
899 3351 1128 3422 Σωτῆρα
1153 3350 1394 3422 ἀκριϐῶς
1414 3349 1610 3402 ειδέναι
1636 3367 1805 3421 προσ-

1911 3377 1929 3410 ι
1982 3359 2110 3410 tiam
2141 3355 2341 3426 quippe
2378 3354 2478 3408 hoc
2501 3353 2741 3413 denotat,
2776 3350 2867 3406 sed
2905 3364 3022 3418 qua:
3052 3347 3244 3403 utrivis
3279 3361 3473 3416 suppe-

251 3457 269 3493 ι
303 3442 448 3511 ήκει,
480 3442 581 3505 ὅτι,
630 3441 790 3510 ἡνίκα
816 3440 883 3495 ἂν
920 3439 1062 3509 Ἐγὼ
1087 3440 1184 3494 καί
1216 3443 1249 3494 ό
1283 3439 1484 3507 Πατὴρ
1511 3439 1804 3508 ἓνέσμεν,

1913 3467 1931 3500 ι
1979 3448 2184 3511 tebant,
2213 3445 2302 3500 illa
2326 3459 2446 3500 esse
2459 3442 2768 3500 communia
2793 3440 3068 3497 arbitrari.
3095 3439 3244 3494 Adeo
3274 3447 3330 3493 ut
3353 3453 3475 3494 cum

250 3550 269 3584 ε
306 3533 460 3605 λέγῃ,
492 3531 792 3604 τηνικαῦτα
824 3534 926 3586 οὑκ
957 3534 1036 3590 είς
1059 3531 1150 3584 τόν
1175 3531 1456 3599 ἄνθρωπον
1493 3531 1550 3583 6v
1596 3531 1810 3602 ἀνείλη-

1913 3557 1932 3590 ε
1981 3539 2268 3592 humanam
2298 3550 2516 3591 carnem
2542 3535 2869 3598 intueamur,
2899 3548 3005 3587 non
3027 3529 3474 3600 quemadmodum

249 3641 271 3676 ε
303 3641 408 3694 φιν
459 3623 785 3678 ἀποϐλέπων
835 3623 995 3676 τοῦτό
1022 3640 1206 3694 φησιν,
1236 3623 1350 3675 ἀλλ’
1377 3625 1457 3685 είς
1481 3621 1572 3675 τὸν
1605 3623 1669 3675 ὲκ
1714 3623 1808 3675 τοῦ

1915 3646 1933 3678 ι
1982 3629 2224 3682 Asterius
2257 3627 2496 3695 scripsit,
2540 3625 2818 3679 Dominum
2841 3622 3077 3677 locutum
3118 3621 3476 3682 inveniamus,

251 3733 268 3766 ι
311 3715 521 3787 Πατρδς
545 3709 873 3786 προελθόντα
901 3713 1090 3782 Λόγον.
1125 3715 1185 3766 Ei
1219 3714 1325 3784 γάρ
1355 3731 1439 3777 τις
1488 3715 1811 3784 ἀσυμφωνία

1917 3737 1934 3768 ι
1987 3717 2096 3787 Ego
2118 3726 2170 3770 et
2197 3715 2362 3769 Pater
2394 3732 2538 3769 meus
2577 3731 2734 3768 unum
2757 3729 2936 3766 sumus
2961 3729 2980 3778 ,'
3007 3713 3051 3767 si
3079 3712 3223 3768 enim
3251 3711 3300 3766 id
3330 3712 3475 3766 vole-

252 3825 270 3857 ι
311 3802 452 3858 εῖναι
478 3806 682 3876 δοκοίη,
708 3805 844 3877 αὕτη
881 3805 1247 3875 ἀναφέρεσθαι
1279 3806 1357 3868 είς
1404 3803 1501 3875 τὴν
1545 3804 1646 3874 τῆς
1689 3821 1812 3872 σαρ-

1917 3829 1935 3861 ι
1983 3809 2094 3874 bat,
2127 3808 2351 3863 omnino
2376 3808 2604 3869 diceret.
2652 3805 2762 3876 Ego
2805 3813 2860 3860 et
2907 3804 3070 3859 Pater
3117 3804 3172 3858 in
3228 3804 3479 3858 omnibus

253 3913 270 3946 ι
312 3894 406 3960 χδς
431 3896 714 3950 ἀσθένειαν
745 3897 967 3964 ὀφείλει,
999 3897 1063 3967 ἣν
1089 3895 1163 3968 μὴ
1194 3895 1454 3967 πρότερον
1507 3894 1644 3965 ἔχων
1674 3895 1814 3948 ἀνείς

1917 3921 1935 3953 ε
1987 3901 2131 3955 inter
2163 3915 2260 3956 nos
2308 3899 2681 3970 conspiramus
2710 3914 2726 3951 :
2758 3907 2814 3952 at
2860 3912 3002 3952 nunc
3045 3897 3216 3962 dixit,
3269 3894 3381 3965 Ego
3428 3905 3476 3948 et

255 4004 275 4037 ι
311 3987 478 4058 ληφεν
509 3987 539 4039 6
570 3988 838 4055 Λόγος.Εί
858 3987 913 4039 δὲ
942 3986 1130 4056 ἑνότης
1160 3986 1368 4054 λέγοιτο
1389 3985 1550 4057 αὕτη,
1585 3985 1666 4056 τῷ
1711 3986 1813 4040 Λό-

1918 4013 1935 4043 ι
1992 3990 2154 4046 Paler
2195 4009 2356 4046 unum
2401 4007 2598 4045 sumus.
2651 3989 2817 4058 Igitur
2863 3989 2909 4044 si
2975 3988 3154 4056 aliqua
3194 3988 3336 4040 inter
3387 4002 3479 4040 eos

254 4100 270 4128 ι
303 4095 385 4149 γῳ
423 4078 750 4150 διαφέρουσα
776 4080 1042 4148 φαίνεται.
1075 4077 1234 4132 Ὅθεν
1254 4078 1315 4131 οὐ
1353 4079 1513 4147 μόνον
1547 4078 1629 4142 τὸ,
1669 4077 1815 4147 Ἐγὼ

1919 4104 1936 4136 ι
1984 4085 2278 4140 exstitisset
2317 4083 2766 4144 inconsonantia,
2818 4089 2873 4135 et
2921 4079 3037 4135 ﬁeri
3105 4087 3364 4148 nequeat,
3422 4087 3482 4132 ut

254 4188 273 4220 ι
307 4168 407 4222 καί
433 4173 466 4222 ό
493 4169 694 4237 Πατὴρ
729 4170 1019 4239 ἕνὲσμεν,
1059 4169 1284 4232 είκότως
1308 4169 1433 4240 ἔφη,
1461 4169 1595 4222 ἀλλά
1629 4170 1815 4222 κάκεῖ-

1921 4196 1937 4228 ε
1990 4177 2247 4231 Dominus
2290 4177 2634 4239 mentiretur,
2665 4184 2816 4228 certe
2842 4181 2926 4226 est
2955 4185 3177 4226 necesse
3209 4170 3479 4240 intelliga-

254 4278 273 4310 ε
316 4277 396 4321 νο,
428 4261 698 4327 Τοσούτῳ
716 4263 910 4329 χρόνῳ
923 4260 1048 4330 μεθ’
1070 4258 1236 4329 ὑμῶν
1258 4264 1393 4330 ειμι,
1417 4261 1693 4322 Φίλιππε,
1718 4259 1814 4312 καί

1921 4285 1938 4317 ι
1992 4282 2111 4321 mus
2139 4266 2504 4327 Servatorem,
2558 4280 2681 4318 cum
2729 4266 2950 4330 diceret,
2993 4269 3052 4327 >14
3092 4261 3206 4333 Ego
3234 4273 3280 4317 et
3324 4260 3483 4314 Pata-

255 4367 273 4398 ι
313 4349 527 4418 λέγεις,
544 4349 750 4415 Δεῒξόν
766 4368 868 4419 μοι
897 4351 1002 4404 τὸν
1023 4350 1270 4418 Πατέρα.
1297 4351 1485 4420 Δῆλον,
1508 4353 1589 4404 ὅτι
1611 4353 1672 4404 οὑ
1696 4348 1817 4403 τού-

1921 4378 1939 4410 ε
1987 4375 2147 4412 unum
2175 4375 2378 4420 sumus,
2406 4357 2509 4411 hoc
2539 4372 2646 4410 non
2670 4357 2869 4410 dixisse
2896 4370 2964 4409 ex
3008 4354 3199 4408 intuitu
3223 4353 3477 4415 hominis,

257 4458 274 4490 ι
306 4457 420 4503 τοις
448 4443 561 4504 τοῖς
589 4440 911 4510 ὀφθαλμοῖς,
944 4441 1077 4494 ἀλλὰ
1118 4444 1228 4504 τοῖς
1266 4445 1476 4512 νοητοῖς
1527 4440 1597 4495 τὰ
1651 4448 1815 4514 νοητὰ
1849 4483 1878 4538 n

1854 4483 1891 4538 ο
1927 4467 1945 4500 ι
1991 4464 2150 4517 quem
2179 4447 2502 4517 assumpsit.
2539 4449 2630 4502 sed
2660 4447 2820 4502 Verbi
2864 4461 2895 4500 e
2941 4445 3101 4500 Patre
3143 4444 3475 4514 prodeuntis.

258 4554 275 4586 ι
311 4536 445 4605 όρᾷν
467 4534 801 4606 δυναμένοις.
842 4536 1093 4606 Ἀόρατος
1152 4535 1261 4606 γάρ
1313 4538 1422 4598 τοῖς
1469 4536 1568 4606 τῆς
1615 4539 1814 4610 σαρκὸς
1849 4534 1877 4538 ⁷

1856 4534 1877 4538 ⁷
1925 4561 1943 4592 ε
1993 4541 2126 4595 Nam
2152 4541 2197 4595 si
2231 4541 2405 4610 aliqua
2452 4539 2778 4608 deprehendi
2826 4537 3235 4591 inconsonantia
3278 4544 3477 4605 posset,

258 4644 274 4674 ι
312 4625 550 4694 δμμασιν
578 4626 607 4678 ὃ
625 4643 685 4679 τε
715 4627 904 4697 Πατὴρ
932 4628 1183 4699 ὑπάρχει,
1217 4628 1308 4680 καὶ
1332 4633 1361 4681 6
1403 4629 1593 4680 τούτου
1622 4630 1810 4698 Λόγος.

1925 4653 1943 4684 ε
1995 4633 2151 4687 debet
2186 4633 2272 4686 illa
2308 4630 2496 4686 referri
2525 4632 2740 4701 quidem
2765 4630 2830 4682 ad
2876 4630 3058 4684 carnis
3085 4629 3478 4693 infirmitatem,

258 4734 274 4764 ι
309 4715 384 4769 Οὑ
407 4715 496 4767 διά
523 4716 621 4787 τὴν
649 4719 706 4770 ἑν
741 4718 943 4772 ἀπασιν
993 4714 1084 4770 οὖν
1135 4717 1449 4788 συμφωνίαν
1508 4719 1650 4772 τοῦτ’
1708 4719 1812 4790 ἔφη

1925 4740 1944 4773 ε
1989 4736 2149 4789 quam
2187 4735 2306 4774 cum
2345 4719 2492 4789 prius
2523 4734 2625 4772 non
2655 4718 2921 4784 haberet,
2956 4717 3192 4786 suscepit
3220 4713 3478 4770 Verbum.

259 4826 277 4856 ε
312 4805 445 4876 πρὸς
475 4805 757 4859 Φίλιππον.
799 4827 817 4859 ι
851 4807 1096 4862 Τοσαῦτα
1145 4807 1332 4870 είπὼν,
1365 4809 1715 4862 ὲπαναλαδὼν
1755 4810 1814 4875 ἐξ

1924 4832 1942 4864 ε
1990 4812 2142 4880 Quod
2185 4812 2228 4868 si
2276 4812 2455 4866 unitas
2511 4811 2625 4866 haec
2657 4810 2888 4874 dicatur,
2952 4820 3099 4863 certe
3139 4809 3354 4862 videtur
3415 4807 3482 4862 ad

254 4895 507 4966 ὑπαρχῆς
550 4895 641 4948 τὸν
683 4897 840 4964 λόγον
866 4940 882 4958 ,
935 4898 1122 4952 τοῦτον
1173 4897 1484 4968 δογματίζει
1550 4901 1640 4953 τὸν
1693 4903 1815 4971 τρό-

1923 4919 1942 4949 ε
2006 4899 2234 4953 Verbum
2263 4912 2383 4953 esse
2409 4899 2710 4952 referenda.
2742 4897 2892 4954 Unde
2925 4914 3029 4951 non
3076 4899 3216 4951 istud
3248 4907 3479 4960 tantmn,

255 5002 356 5039 πον
375 5003 388 5016 ο
419 5005 439 5036 ι
472 4987 582 5057 Πρὸ
603 4987 710 5056 γάρ
737 4988 837 5057 τῆς
871 4988 1224 5060 δημιουργίας
1259 4989 1476 5060 ἀπάσης
1505 4993 1702 5063 ἡσυχία
1732 5010 1815 5058 τις

1924 5009 1942 5041 ι
1996 4990 2104 5060 Ego
2131 4999 2181 5044 et
2210 4988 2374 5043 Pater
2399 5005 2558 5043 unum
2585 5005 2765 5042 sumus
2784 5029 2799 5051 ,
2846 4989 3038 5043 merito
3068 4989 3272 5043 dictum
3303 4999 3388 5042 est
3414 4990 3480 5041 ab

262 5097 279 5127 ι
317 5073 406 5146 ἦν,
436 5078 511 5141 ὡς
536 5077 701 5141 εἰκὸς,
728 5078 877 5140 ὄντος
909 5078 1020 5146 (45)
1058 5081 1116 5131 ὲν
1151 5079 1230 5150 τῷ
1269 5080 1386 5150 Θεῷ
1415 5080 1508 5133 τοῦ
1536 5082 1727 5152 Λόγου.
1754 5085 1817 5136 Ei

1925 5101 1944 5134 ι
2000 5081 2110 5148 ἰΙΙο,
2137 5083 2230 5136 sed
2258 5081 2400 5136 aliud
2433 5082 2653 5150 insuper
2690 5097 2701 5133 :
2733 5080 2899 5134 Tanto
2946 5091 3170 5149 tempore
3206 5079 3284 5148 [ui
3314 5080 3482 5132 vobis-

264 5186 282 5218 ι
315 5167 421 5237 γὰρ
477 5168 704 5240 ποιητὴν
734 5168 988 5223 ἁπάντων
1017 5169 1106 5222 τὸν
1138 5170 1268 5225 Θεὸν
1295 5173 1324 5225 6
1353 5172 1622 5242 Ἀστέριος
1654 5173 1816 5226 πεπί-

1926 5191 1944 5224 ι
1995 5188 2134 5239 mm,
2180 5169 2442 5240 Philippe,
2462 5182 2512 5224 et
2533 5183 2589 5224 ιιι
2616 5171 2775 5225 dicis:
2803 5172 3028 5228 Ostende
3050 5173 3176 5227 mihi
3196 5175 3459 5230 Patrem"

337 5333 394 5391 s14
439 5328 535 5382 Ed.
565 5329 763 5395 Paris.,
799 5346 923 5401 pag.
949 5332 1039 5387 39.
1119 5333 1164 5364 “
1187 5331 1344 5389 Joan.
1369 5350 1424 5396 ν.
1453 5333 1540 5388 30.
1617 5337 1665 5369 "
1683 5338 1804 5392 Act.
1837 5353 1896 5402 ll,
1928 5338 1994 5392 ιι
2017 5354 2030 5396 ;
2056 5353 2127 5402 tv,
2167 5336 2256 5390 '52.
2334 5336 2380 5368 "
2414 5334 2570 5392 Joan.
2611 5336 2777 5398 τινά).

300 5509 445 5594 ,(ηξ
481 5510 747 5591 Ιγομίζειν
773 5514 1150 5594 δοφεαόνξτιιίν.
1177 5516 1433 5594 ζοφείλει.
1457 5517 1665 5594 statim,
1683 5519 1821 5594 forte

1142 5557 1150 5569 .
1177 5516 1433 5594 :Ocpsilat.
1457 5517 1665 5594 statim.
1683 5519 1821 5594 forte
1933 5519 2264 5594 intermediis
2289 5533 2408 5594 qua:
2434 5519 2588 5573 codd.
2616 5522 2763 5594 dant.

265 5582 362 5668 Si;
389 5582 556 5668 εξῦξῇς
599 5582 1140 5668 κξέγωνίαςνῇιξιῇἧς
1177 5584 1296 5662 hinc
1328 5603 1381 5668 κ.
1406 5587 1592 5668 μ.,κᾶν
1619 5588 1699 5668 είς
1727 5589 1820 5668 δυο
2002 5582 2483 5668 (43)“νιι.1ᾳο’όντος
2516 5601 2635 5668 post
2663 5591 2844 5668 Λόγρυ
2863 5599 2916 5668 et
2949 5589 3074 5668 dein
3102 5583 3239 5668 sive}
3273 5588 3355 5667 ότι
3390 5590 3484 5644 καὶ

273 5647 364 5729 fm-
393 5648 440 5726 a;
460 5647 528 5729 δίΑὲ
553 5651 804 5729 τ-διενμηι
839 5650 995 5718 Vlllgo
1019 5647 1310 5729 ἐπαινοῦσα
1331 5665 1383 5708 et
1397 5647 1548 5729 infra
1572 5647 1818 5729 νυνῗμὲν
1929 5647 2175 5729 συνομολ.
2205 5647 2261 5727 ήῖ
2292 5647 2532 5722 αὑτόςτί
2565 5661 2737 5714 πάντα
2753 5647 3029 5720 ’ἐνἀὑτοῖς
3053 5656 3157 5710 ὑπὸ
3185 5656 3340 5711 θεοῦ.

274 5714 332 5767 ἂν
371 5717 446 5786 τῷ
470 5727 524 5774 ct
557 5714 1018 5787 ἀποϐλεπόμενοι
1047 5721 1106 5772 ἒν
1136 5721 1298 5788 ἐσμεν
1320 5739 1332 5752 ·
1361 5727 1411 5776 εί
1460 5727 1566 5797 γάρ
1606 5714 1819 5784 omissis
