4106 6392
703 358 799 419 791
1384 353 1651 413 EUSEBII
1685 348 2151 410 (LESARIENSIS
2184 347 2332 406 OPP.
2372 344 2556 402 PARS
2589 342 2680 400 IV.
2716 340 3211 399 —DOGMATICA.
3776 332 3884 389 Μ

707 495 728 527 ι
773 474 1029 531 Nimirum
1064 486 1169 527 non
1194 471 1310 527 istis
1342 478 1547 525 tantum
1572 468 1761 532 Oculis,
1786 468 1877 522 sed
1908 464 2234 521 intellectua-

2350 476 2359 508 ι
2398 474 2620 513 στευκεν
2655 452 2790 511 εἶναι
2809 497 2824 521 ,
2861 453 3015 524 δῆλον
3042 451 3124 505 ὅτι
3153 447 3563 521 συνομολογήσει
3594 445 3724 515 ἡμῖν
3777 442 3889 532 ora!

708 587 728 619 ι
775 528 1318 633 libus,iritelligibilia
1371 562 1461 630 qui
1524 528 1758 621 cerneret
1802 564 2045 627 possunt.
2096 555 2229 609 Nam

2350 568 2353 599 ι
2393 548 2554 614 αὐτός
2576 564 2591 579 ·
2618 547 2708 601 τὸν
2738 546 2837 617 μὲν
2875 544 2960 597 ἀεὶ
2996 541 3277 611 ὑπάρχειν,
3307 539 3437 610 μηδὲ
3744 528 3885 633 εἶναι

710 678 729 708 ι
772 624 1040 724 corporeis
1065 624 1233 709 oculis
1262 624 1546 707 invisibilis
1571 658 1677 703 est
1712 657 1768 701 et
1802 624 1959 701 Pater
1985 655 2039 701 et
2064 644 2233 699 Patris

2350 662 2352 689 ς
2378 640 2551 711 ἀρχὴν
2582 638 2813 691 λαϐόντα
2837 653 2850 666 ·
2882 635 2949 689 τὰ
2979 633 3036 687 δὲ
3068 629 3418 701 γεγεννῆσθαί
3456 645 3515 681 τε
3566 626 3657 724 ὑπ’
3692 624 3884 724 αὐτοῦῖ

710 767 727 798 ι
773 712 1025 819 Verbum,
1064 743 1178 800 Non
1224 744 1388 813 igitur
1425 742 1492 795 ad
1526 741 1667 795 hunc
1712 739 1925 793 modum
1971 735 2234 789 allocutus

2350 752 2353 783 ι
2393 732 2487 786 καὶ
2519 731 2578 795 ἐξ
2600 731 2699 783 οὐκ
2722 730 2890 782 ὀντων
2934 721 3305 819 γεγεννῆσθαι.
3352 721 3427 774 Οὐ
3452 712 3738 819 γάριοῐμαι

706 858 723 888 ι
767 844 850 891 est
872 808 1191 905 Philippum,
1237 803 1455 902 propter
1504 829 1648 884 lllam
1699 827 1751 881 in
1784 825 2009 896 singulis
2041 838 2233 879 conso-

2350 842 2354 873 ι
2392 821 2548 876 τοῦτο
2568 818 2839 874 πιστεύειν
2868 817 3026 871 αὐτὸν
3050 814 3129 883 τῷ
3173 812 3380 879 λέγοντι
3432 805 3568 862 εἷναί
3613 820 3737 905 τινα
3794 803 3887 905 καὶ

707 950 724 979 ι
773 892 1085 982 ιιιιιιιίιιιιιίί
1144 892 1428 992 Postquam
1474 929 1582 975 tam
1625 917 1805 973 multis
1855 892 1969 972 bac
2006 916 2233 978 dixerat,

2350 930 2356 964 ι
2395 912 2659 983 ἀγόννητα
2682 926 2697 941 ο
2728 908 2863 962 ἀλλά
2898 905 3135 977 ἀκριϐῶς
3172 899 3489 993 πεπεῖσθαι,
3523 899 3609 993 δτι
3653 892 3887 993 οὐρανός

698 1028 972 1089 resumpto
1020 1018 1086 1071 ab
1132 984 1303 1070 initio-
1341 1025 1584 1069 sermone
1615 1049 1633 1075 ,
1683 1008 1751 1065 ad
1810 1009 1954 1063 hunc
2020 1004 2234 1059 modum

2350 1023 2356 1057 ι
2393 1019 2452 1056 τε
2484 1004 2577 1057 καὶ
2609 1002 2678 1071 γῆ
2706 1000 2800 1054 καί
2827 996 3001 1051 πάντα
3044 994 3111 1048 τά
3143 994 3199 1045 ἑν
3227 990 3472 1089 οῦρανοῖς
3511 988 3608 1041 καὶ
3649 984 3744 1085 ἐπὶ
3785 984 3888 1050 γῆς

702 1076 1067 1175 dogma-lini:
1106 1105 1195 1178 [ιι.
1236 1103 1373 1160 xcn
1402 1102 1528 1159 coll.
1591 1116 1645 1171 p.
1720 1098 1823 1154 ιοι
1855 1097 1938 1165 ο,
1989 1095 2088 1151 ιοο
2131 1094 2234 1168 8.]

2350 1110 2358 1143 ι
2392 1091 2519 1145 ὅντα
2560 1090 2665 1144 ὑπὸ
2706 1087 2839 1142 Θεοῦ
2892 1084 3230 1155 γεγέννηται.
3262 1080 3326 1132 El
3391 1076 3581 1180 τοίνυν.
3603 1076 3762 1127 τοῦτο
3796 1087 3887 1180 πι-

707 1162 907 1252 «ίιιιε
955 1162 1166 1251 omnem
1238 1192 1417 1249 rerum
1478 1162 1881 1261 productionem
1942 1198 2096 1250 erat,
2178 1195 2239 1239 ut

2350 1200 2359 1233 l
2406 1180 2602 1243 στεύοι,
2638 1177 2847 1247 ἀνάγκη
2894 1175 3055 1228 αὑτὸν
3096 1172 3312 1261 κάκεῖνο
3366 1166 3768 1261 συνομολογεῖν,
3805 1162 3887 1261 δτι

709 1304 729 1335 ο
771 1294 974 1354 parest
1002 1286 1242 1349 credere,
1294 1284 1447 1352 quies
1481 1251 1549 1334 Iin
1592 1280 1721 1344 Deo,
1758 1279 2050 1337 exsistente
2100 1276 2239 1344 apud

2350 1289 2361 1321 ι
2401 1268 2537 1340 πλὴν
2556 1267 2688 1321 Θεοῦ
2720 1265 2868 1320 οὐδὲν
2887 1265 3070 1333 ἕτερον
3113 1258 3198 1332 ἦν.
3236 1256 3393 1330 ETer
3420 1254 3512 1311 οὖν
3548 1256 3648 1326 τὴν
3687 1251 3887 1354 οἰκείαν

710 1392 728 1423 ι
774 1342 894 1428 eum
927 1373 1072 1427 intus
1103 1373 1290 1426 Verbo.
1312 1342 1467 1424 -Nam
1497 1370 1540 1423 si
1572 1368 1809 1425 omnium
1841 1381 2018 1420 rerum
2053 1365 2239 1419 condio

2350 1380 2362 1413 ι
2404 1361 2558 1427 δόξαν
2589 1361 2618 1411 ὀ
2649 1358 2835 1427 Λόγος,
2868 1358 2942 1409 ὣν
2968 1357 3025 1407 ὲν
3051 1353 3129 1424 τῷ
3165 1351 3356 1423 Πατρί.
3396 1369 3415 1402 ι
3464 1348 3575 1401 Καὶ
3618 1342 3799 1442 ταῦτα.
3819 1342 3887 1442 si:

710 1484 730 1515 ι
776 1476 940 1519 torem
980 1478 1096 1519 esse
1123 1461 1285 1517 Deum
1316 1460 1557 1516 Asterius
1598 1458 1766 1515 credit
1804 1458 1897 1529 (id
1948 1457 2087 1526 quod
2128 1456 2242 1526 ipse

2350 1450 2485 1514 πὼν,
2539 1449 2730 1517 ἐπάγει
2785 1446 2899 1517 μεθ’
2960 1446 3121 1514 ἔτερα
3149 1461 3161 1472 ·
3225 1460 3243 1493 ι
3272 1444 3381 1529 Τὴν
3423 1438 3686 1529 δοθεῖσαν.
3742 1434 3889 1529 aia-np

711 1572 730 1603 ι
780 1554 1050 1607 nobiscum
1074 1568 1177 1606 una
1206 1550 1546 1607 conﬁtebitur
1569 1568 1582 1603 :
1609 1550 1776 1604 Deum
1808 1546 2061 1602 nimirum
2104 1560 2243 1601 sem-

2350 1558 2364 1591 ι
2400 1537 2643 1605 ὲξουσίαν
2681 1536 2948 1606 ⁹Δστὲριος
2973 1534 3128 1598 δόξαν
3160 1528 3446 1600 ὀνομάζει·
3471 1524 3584 1578 καὶ
3638 1522 3695 1623 οῦ
3736 1519 3892 1623 δόξαν

713 1663 731 1693 ‹
777 1658 870 1712 per
889 1643 1234 1698 exsistentem
1259 1641 1470 1695 initium
1498 1655 1607 1695 sua
1628 1640 1925 1694 existentize
1948 1652 2053 1692 non
2088 1636 2244 1691 sorti-

2350 1647 2363 1680 ι
2406 1629 2584 1699 μόνον,
2636 1625 2768 1679 ἀλλά
2829 1625 2921 1677 καὶ
2954 1624 3280 1693 προκόσμιον
3321 1618 3495 1684 δόξαν,
3520 1617 3620 1668 οὐκ
3660 1614 3855 1712 ἐννοῶνν
3875 1648 3891 1673 ,

713 1752 733 1783 ο
777 1697 945 1785 ium:
986 1741 1178 1787 caetera
1230 1732 1443 1800 quidem
1498 1731 1674 1785 omnia
1729 1730 1797 1784 ab
1842 1729 1933 1784 illo
1987 1722 2240 1799 producta

2350 1738 2364 1771 ι
2398 1697 2500 1783 δτι,
2533 1720 2696 1789 μήπω
2728 1715 2821 1770 τοῦ
2850 1715 3054 1784 κόσμου
3085 1712 3384 1781 γεγονότος,
3418 1708 3569 1761 οὐδὲν
3825 1697 3895 1771 ἦν

714 1842 732 1872 ι
778 1822 958 1885 fuisse,
995 1834 1050 1876 et
1075 1790 1287 1891 quidem
1316 1823 1571 1890 producta
1597 1822 1660 1875 de
1690 1820 1877 1875 nihilo.
1897 1790 2079 1889 Nerine
2099 1819 2239 1873 enim

2350 1828 2366 1863 ι
2410 1810 2547 1883 πλὴν
2589 1809 2723 1863 Θεοῦ
2786 1808 2967 1879 μόνου.
3008 1826 3026 1858 ι
3064 1804 3227 1858 Ταῦτ’
3267 1800 3434 1855 εἰπὼν
3474 1801 3503 1851 ό
3553 1795 3892 1866 Μάρκελλος,

713 1931 732 1962 s
779 1913 958 1975 credo,
1006 1922 1058 1967 et
1090 1886 1231 1967 illud
1289 1886 1625 1983 p—rol’essurus
1677 1920 1779 1975 est,
1832 1925 1952 1966 esse
1996 1886 2239 1979 quaedam

2350 1901 2431 1956 καὶ
2469 1900 2559 1953 τὸν
2612 1900 2738 1953 Υίὸν
2788 1898 2852 1951 δι’
2906 1897 3081 1952 αὐτῶν
3131 1890 3607 1966 ἀπαρακαλύπτως
3651 1886 3895 1983 ἑρνησῗί-

713 2020 731 2051 ι
778 1973 1035 2070 ingenita,
1084 2015 1183 2055 nec
1238 1973 1443 2054 dicturo
1499 1973 1798 2053 crediturus
1839 2017 1852 2053 :
1899 1973 2241 2053 sed-habere

2350 2006 2533 2061 μενος,
2566 1989 2653 2041 ῐνα
2697 1989 2843 2058 ἡμᾶς
2874 1985 3112 2057 ἀκριϐῶς
3159 1985 3355 2055 πείσῃ,
3411 1983 3588 2035 ὁποῖον
3625 1973 3761 2030 εἶναι

714 2106 732 2138 ι
780 2089 1264 2156 persuasissimum,
1294 2088 1512 2152 caelum,
1538 2097 1761 2152 terram,
1796 2099 1850 2142 et
1878 2088 2058 2142 omnia
2091 2088 2143 2141 in
2175 2088 2242 2142 iis

2350 2080 2507 2149 Λόγον
2539 2078 2631 2142 τοῦ
2666 2078 2798 2131 Θεοῦ
2848 2078 3080 2147 ἐφρόνει,
3121 2074 3445 2143 σαφέστερον
3502 2069 3751 2140 ἐμφαίνει
3800 2066 3896 2156 τῂν

713 2196 733 2229 ι
778 2154 807 2230 a
850 2177 957 2231 Deo
1002 2178 1165 2233 luisse
1206 2176 1493 2247 producta)
1519 2177 1562 2231 si
1590 2178 1808 2239 credat,
1839 2178 2076 2251 inquam,
2117 2176 2242 2240 ista,

2350 2171 2591 2233 διάνοιαν,
2629 2168 2706 2238 τῷ
2742 2168 2991 2238 ἡμετέρῳ
3046 2166 3188 2235 λόγῳ
3239 2160 3569 2251 ἀπεικάζων,
3593 2158 3755 2212 αὐτὸν
3780 2197 3795 2219 ,
3818 2154 3893 2251 ’δι’

713 2284 733 2317 σ
780 2281 996 2322 necesse
1024 2277 1108 2323 est
1133 2276 1192 2321 ut
1220 2267 1347 2321 illud
1379 2267 1537 2321 simul
1560 2268 1898 2330 conﬁteatur,
1930 2247 2061 2321 nihil
2094 2282 2246 2336 pror-

2350 2253 2414 2315 ὣν
2476 2260 2644 2314 ταῦτα
2708 2258 2945 2330 γράφειυ
3022 2275 3041 2308 ι
3086 2257 3295 2325 Ὥσπερ
3360 2252 3467 2323 γὰρ
3521 2250 3588 2303 τά
3641 2247 3897 2316 γεγονότα

714 2376 733 2410 ι
778 2372 869 2412 sns
910 2357 1052 2412 aliud
1092 2368 1282 2427 praeter
1326 2358 1490 2417 Deum
1544 2357 1838 2411 exstitisse.
1900 2356 2071 2412 Habet
2117 2370 2246 2426 ergo

715 2464 733 2495 ι
782 2448 1039 2515 privatam
1083 2462 1232 2501 suam
1275 2447 1558 2516 quamdam
1588 2446 1890 2514 opinionem
1923 2460 2099 2500 sermo
2125 2445 2244 2507 iste,

716 2555 735 2586 ι
782 2537 1047 2593 exsistens
1074 2538 1125 2590 in
1157 2536 1315 2591 Patre
1349 2552 1464 2592 suo.
1491 2556 1510 2588 ι
1546 2536 1667 2589 Haec
1709 2544 1987 2604 postquam
2018 2535 2245 2600 dixerat,

710 2627 971 2682 subinl‘ert
1016 2629 1192 2682 statim
1224 2625 1313 2698 [Β.
1339 2624 1519 2695 XCIII]
1550 2645 1562 2681 :
1594 2644 1612 2677 ι
1641 2626 1957 2681 Concessam
1998 2626 2070 2680 illi
2100 2636 2249 2695 pote-

716 2734 736 2766 ι
781 2726 994 2781 statem,
1036 2716 1259 2787 gloriam
1291 2717 1533 2772 Asterius
1558 2718 1886 2783 nominavit;
1936 2733 2033 2774 nec
2055 2718 2249 2773 solum-

716 2825 735 2857 ι
775 2807 929 2862 modo
966 2808 1208 2877 gloriam,
1262 2810 1357 2863 sed
1408 2819 1461 2862 et
1502 2810 1945 2863 antemundanam
1978 2810 2201 2881 gloriam
2233 2829 2245 2863 :

715 2916 733 2948 ι
784 2913 886 2951 non
918 2898 1364 2965 animadvertens,
1390 2908 1513 2953 ante
1532 2902 1779 2953 mundum
1799 2900 2091 2965 conditum,
2120 2916 2250 2968 prae-

2350 2371 2369 2403 ι
2405 2352 2578 2406 πάντα
2630 2351 2734 2404 ὑπὸ
2782 2349 2875 2403 τοῦ
2903 2348 3114 2418 Πατρὸς
3153 2346 3240 2400 διὰ
3272 2343 3363 2397 τοῦ
3409 2344 3581 2410 Λόγου
3634 2338 3895 2408 σημαίνε-

2350 2461 2369 2493 ι
2407 2459 2493 2497 ται
2511 2441 2641 2512 (ιι).
2691 2441 2788 2493 Διά
2834 2440 2989 2493 τοῦτο
3026 2438 3133 2508 γάρ
3176 2437 3309 2490 καὶό
3338 2432 3631 2502 άγιώτατος
3661 2426 3897 2496 Μωῦσῆς

2353 2553 2371 2585 ι
2405 2532 2630 2602 ἄγγελον
2653 2530 2882 2584 ἐνταῦθα
2917 2526 3170 2599 ὀνομάζει
3191 2527 3280 2579 τὸν
3330 2527 3518 2593 Λόγον,
3543 2524 3624 2575 ὅτι
3656 2522 3723 2573 δι’
3748 2518 3899 2572 οὐδὲν

2352 2640 2370 2673 ι
2406 2621 2590 2691 ἕτερον
2642 2620 2834 2690 ἐφάνη,
2890 2618 3001 2672 ἀλλ’
3046 2618 3130 2670 ἵνα
3181 2614 3473 2687 ἀναγγείλῃ
3506 2612 3584 2681 τῷ
3627 2609 3851 2665 Μωῦσεῐ
3883 2648 3895 2671 ,

2354 2727 2373 2760 ι
2412 2708 2583 2762 ταῦτα
2605 2709 2745 2778 άπερ
2778 2707 3068 2761 λυσιτελεῖν
3093 2708 3202 2769 τοῖς
3228 2706 3361 2767 υἱοῖς
3376 2700 3589 2773 Ἰσραὴλ
3612 2700 3897 2768 ἠπίστατο·

2353 2819 2370 2851 ι
2413 2800 2675 2869 ἠπίστατο
2734 2799 2790 2852 δὲ
2830 2798 3118 2851 λυσιτελεῖν
3171 2798 3265 2849 ἕνα
3299 2796 3427 2848 Θεὸν
3466 2788 3601 2847 εἶναι
3640 2787 3897 2860 νομίζειν.

2354 2908 2373 2941 ι
2412 2890 2502 2949 Διὸ
2561 2891 2654 2943 καὶ
2714 2890 2849 2959 πρὸς
2883 2889 3061 2950 αὑτὸν,
3109 2888 3247 2957 Ἐγὼ
3290 2888 3397 2955 ειμι
3431 2887 3464 2938 ὀ
3509 2882 3613 2946 ὢν,
3652 2880 3779 2949 ἔφη,
3815 2878 3901 2931 ἴνα

715 3004 734 3039 ι
782 2994 863 3041 ter
890 3002 1051 3041 unum
1083 2988 1252 3041 solum
1284 2987 1447 3043 Deum
1484 2989 1755 3042 exstitisse
1791 2990 2009 3044 omnino
2037 2990 2189 3044 nihil.
2226 3010 2245 3043 ι

2355 3000 2373 3030 ι
2414 2980 2614 3050 μηδένα
2668 2981 2823 3043 ἐκτὸς
2859 2979 3049 3032 ἑαυτοῦ
3096 2978 3277 3047 ἕτερον
3326 2976 3455 3029 Θεὸν
3491 2970 3627 3028 εἶναι
3694 2969 3898 3042 διδάξῃ.

708 3074 830 3133 Haec
859 3075 1144 3131 Marcellus
1173 3078 1260 3132 ubi
1291 3078 1525 3141 dixerat,
1576 3088 1629 3132 et
1679 3082 1797 3133 sine
1832 3079 1939 3134 ullo
1991 3090 2248 3149 praetequ

2358 3087 2374 3119 I
2412 3068 2579 3122 Τοῦτο
2611 3070 2807 3140 ῥᾴδιον,
2839 3065 3008 3138 οἶμαι,
3043 3070 3152 3129 τοῖς
3175 3065 3487 3137 εὐφρονοῦσι
3506 3104 3521 3129 ,
3545 3064 3639 3117 καὶ
3670 3061 3779 3115 ἀπὸ
3810 3078 3899 3131 μι-

709 3180 806 3233 per
838 3166 924 3218 illa
949 3167 1138 3220 Filium
1172 3167 1544 3239 abnegaverat,
1577 3178 1633 3221 ut
1662 3169 1814 3223 nobis
1852 3170 2096 3224 redderet
2129 3186 2249 3238 per-

2358 3180 2376 3210 (
2415 3159 2547 3230 κροῦ
2577 3176 2719 3222 τινος
2747 3161 2839 3221 καὶ
2869 3159 3116 3214 ταπεινοῦ
3151 3158 3269 3211 καθ’
3300 3158 3440 3227 ἡμᾶς
3467 3152 3900 3225 παραδείγματος

712 3255 1103 3323 suasissimum,
1128 3256 1409 3324 qualenam
1449 3258 1539 3311 Dei
1576 3256 1801 3311 Verbum
1844 3259 2246 3329 imaginaretur,

2358 3269 2376 3301 ι
2410 3251 2624 3318 γνῶναι.
2648 3250 2778 3321 (45).
2815 3251 2945 3305 Οὐδὲ
2984 3250 3089 3321 γὰρ
3136 3250 3225 3303 τὸν
3260 3247 3352 3302 τοῦ
3412 3246 3695 3317 ἀνθρώπου
3748 3243 3902 3321 λόγον

710 3349 941 3395 mentem
973 3355 1121 3395 suam
1158 3343 1327 3411 aperit
1358 3345 1644 3399 dilucidius
1700 3347 1871 3400 adhuc
1897 3385 1910 3410 ,
1962 3357 2016 3401 et
2065 3357 2249 3404 nostro

2358 3360 2375 3391 ι
2414 3341 2633 3409 δυνάμει
2674 3341 2765 3393 καὶ
2792 3340 3077 3393 ὑποστάσει
3110 3338 3337 3409 χωρίσαι
3366 3337 3471 3391 τιν)¹
3516 3332 3757 3387 δυνατόν.
3807 3333 3902 3385 Ἕν

708 3431 870 3485 verbo
897 3433 1157 3486 assimilat
1198 3449 1291 3501 per
1317 3434 1495 3499 omnia
1518 3476 1532 3499 ,
1573 3436 1625 3489 in
1661 3436 1725 3488 iis
1758 3439 1981 3505 quaeita
2024 3438 2243 3493 scribit:

2356 3450 2374 3481 ι
2411 3430 2517 3502 γάρ
2543 3434 2659 3488 ἐστι
2692 3431 2783 3484 καὶ
2808 3431 2999 3483 ταύτὸν
3028 3429 3105 3499 τῷ
3128 3427 3395 3499 ἀνθρώπῳ
3414 3429 3440 3479 ὀ
3458 3425 3630 3493 λόγος,
3656 3427 3751 3477 κα)⁵
3779 3424 3899 3477 οὑδ-

710 3521 797 3591 [Β.
834 3512 922 3575 LV
951 3522 1069 3577 coll.
1100 3538 1150 3591 p.
1183 3523 1249 3577 79
1284 3522 1341 3587 Β,
1372 3524 1470 3577 114
1509 3523 1574 3587 D,
1609 3524 1711 3578 125
1736 3524 1815 3595 Β]
1845 3544 1863 3575 ι
1892 3525 2078 3581 Omnia
2126 3528 2245 3594 qui-

2355 3542 2374 3575 ι
2408 3523 2485 3576 ενί
2531 3521 2893 3594 χωριζόμενος
2947 3521 3115 3591 ἑτέρῳ
3160 3521 3192 3591 ἦ
3237 3521 3369 3590 μόνῃ
3400 3522 3464 3589 τῇ
3523 3519 3620 3588 τῆς
3653 3516 3900 3588 πράξεως

712 3631 734 3664 ι
778 3613 894 3667 dem
923 3629 1040 3683 quae
1069 3613 1205 3668 facta
1248 3625 1392 3678 sunt,
1420 3613 1785 3683 intelliguntur
1831 3632 1858 3669 a
1904 3616 2057 3671 Patre
2106 3616 2244 3671 facta

2355 3635 2373 3668 ι
2410 3615 2675 3687 ἐνεργείᾳ.
2707 3633 2725 3665 ι
2787 3613 2896 3666 Καὶ
2947 3608 3378 3679 ἐπιδαψιλεύεται
3416 3608 3495 3661 ἐτι
3558 3606 3754 3677 μᾶλλον
3804 3604 3899 3674 τὴν

713 3722 733 3753 ι
775 3717 892 3757 esse
920 3718 1014 3773 per
1053 3703 1302 3759 Verbum.
1331 3706 1590 3773 Quocirca
1620 3718 1672 3761 et
1701 3709 2067 3763 sanctissimus
2103 3707 2247 3778 Moy-

714 3811 733 3842 ι
779 3807 885 3859 ses,
916 3793 1158 3862 angelum
1188 3795 1414 3865 appellat
1438 3796 1539 3851 boc
1571 3798 1623 3850 in
1674 3798 1792 3851 loco
1825 3797 2079 3862 Verbum,
2128 3815 2247 3865 pro-

715 3900 735 3936 ι
778 3893 959 3950 pterea
992 3886 1129 3951 quod
1154 3899 1256 3938 non
1280 3888 1345 3940 ob
1374 3885 1533 3940 aliam
1552 3901 1769 3941 causam
1802 3890 2063 3957 apparuit,
2087 3903 2243 3957 quam

716 3989 735 4027 ι
782 3980 836 4025 ιιι
868 3971 1031 4042 Moysi
1058 3975 1388 4047 renuntiaret
1434 3976 1520 4031 illa
1550 3992 1667 4045 quae
1710 3982 2005 4032 conducere
2044 3978 2246 4033 sciebat

718 4081 737 4111 ι
784 4063 904 4119 ﬁliis
947 4062 1129 4120 Israel.
1179 4066 1395 4123 Sciebat
1421 4080 1600 4125 autem
1647 4070 1773 4124 illud
1819 4072 2137 4135 conducere,
2190 4082 2246 4126 ut

715 4172 734 4206 ι
780 4156 1059 4210 crederent
1102 4173 1262 4211 unum
1294 4159 1464 4215 solum
1509 4162 1670 4213 Deum
1705 4174 1841 4215 esse.
1892 4167 1949 4224 ᾖ
1985 4161 2243 4228 Quocirca

715 4280 724 4300 κ
778 4254 834 4300 et
872 4246 1156 4315 alloquitur
1209 4249 1376 4314 illum,
1412 4249 1535 4319 Ego
1582 4268 1693 4303 sum
1720 4253 1807 4319 qui
1845 4268 1957 4305 sum
1982 4252 2024 4283 "’
2051 4269 2063 4304 :
2093 4260 2151 4306 υι
2178 4254 2245 4309 ab

711 4355 734 4391 ι
778 4337 890 4405 ipso
918 4352 1035 4391 cum
1064 4340 1417 4404 recesserint,
1464 4340 1661 4393 nullum
1699 4356 1815 4395 esse
1864 4340 2028 4395 Deum
2082 4341 2242 4395 alium

2349 3704 2509 3759 αὑτοῦ
2534 3703 2767 3756 διάνοιαν
2806 3700 3100 3770 ἐμφαίνων,
3138 3698 3204 3750 δι’
3234 3691 3308 3751 ὧν
3353 3697 3473 3765 ἑξῆς
3525 3696 3649 3748 τάδε
3703 3693 3894 3764 φησίν·

2354 3810 2373 3842 ι
2414 3790 2487 3843 Οὐ
2519 3789 2625 3859 γὰρ
2649 3788 2713 3858 δὴ
2742 3788 2930 3859 ἑτέρας
2986 3784 3300 3856 ὀνομασίας,
3329 3781 3437 3839 οἷον
3472 3784 3602 3855 ῦλης
3653 3784 3685 3854 ἢ
3730 3783 3894 3853 ἄλλης

2355 3901 2374 3933 ι
2406 3882 2549 3944 τινὸς
2589 3880 2934 3951 ἀνθρωπίνης
2969 3879 3146 3949 (46),ὀ
3184 3878 3315 3941 Θεὸς
3361 3878 3526 3931 ἐδεῖτο
3556 3876 3690 3946 πρὸς
3734 3894 3899 3929 κατα-

2355 3992 2373 4024 ι
2413 3972 2630 4043 σκευὴν,
2663 3970 2795 4026 ἀλλά
2825 3970 3022 4040 ταύτης
3050 3970 3145 4039 τῆς
3175 3972 3233 4022 ὲν
3254 3973 3319 4039 τῇ
3354 3968 3513 4022 αὑτοῦ
3547 3968 3752 4038 διανοίᾳ
3766 3969 3898 4021 ἑτοι-

2354 4082 2373 4115 ι
2414 4062 2630 4133 μασίας.
2671 4061 2817 4115 Ἐπεὶ
2834 4055 2925 4113 οὖν
2949 4058 3201 4113 ἀδύνατον
3226 4055 3294 4131 ἧν
3318 4060 3483 4130 χωρὶς
3514 4059 3667 4126 λόγου
3692 4058 3785 4111 καὶ
3800 4058 3897 4129 τῆς

2353 4173 2371 4205 ι
2416 4153 2717 4224 προσούσης
2759 4151 2834 4221 τῷ
2888 4152 3027 4222 λόγῳ
3078 4152 3265 4219 σοφίας
3320 4151 3563 4220 εννοῆσαι
3615 4152 3742 4220 περὶ
3802 4151 3897 4221 τῆς

2355 4266 2373 4298 ι
2417 4245 2509 4298 τοῦ
2548 4243 2774 4317 οὐρανοῦ
2805 4244 3143 4312 κατασκευῆς
3174 4244 3264 4295 τὸν
3297 4243 3446 4306 Θεὸν,
3492 4243 3713 4305 εἰκότως
3760 4242 3894 4312 ἔφη’

2354 4354 2371 4385 ι
2414 4334 2608 4389 Ἠνίκα
2647 4330 3045 4400 ἡτοίμαζετὸν
3068 4328 3339 4396 οὐρανὸν,
3372 4327 3777 4398 συμπαρήμην
3796 4330 3898 4379 αὑ-

711 4443 733 4477 ι
778 4428 1187 4482 arbitrarentur.
1231 4428 1471 4482 Proclive
1513 4440 1597 4483 est
1639 4440 1815 4484 autem
1855 4431 2005 4487 istud‘
2034 4433 2244 4486 cuicun-

2354 4443 2373 4473 ‹
2416 4422 2512 4487 τῷ.
2552 4440 2569 4473 ι
2600 4420 2707 4473 Καὶ
2740 4419 3085 4503 προστίθησιν
3116 4415 3266 4481 αὖθις
3291 4417 3549 4487 ἐξομοιῶν
3571 4416 3648 4485 τῷ
3689 4415 3896 4486 ἀνθρω-

712 4533 735 4568 ι
770 4531 873 4585 que
905 4520 1164 4586 prudenti,
1213 4519 1553 4587 utiarbitror,
1582 4520 1894 4590 intelligere,
1916 4522 1982 4575 ab
2000 4523 2245 4589 exemplo

714 4624 733 4659 ι
776 4610 1003 4677 quodam
1036 4612 1226 4678 exiguo
1272 4620 1322 4665 et
1373 4612 1505 4665 satis
1554 4611 1737 4664 humili
1774 4613 2023 4666 humano.
2065 4612 2246 4682 Neque

714 4716 733 4749 ι
778 4700 918 4753 enim
939 4700 1189 4767 possibile
1207 4710 1308 4766 est,
1325 4702 1643 4769 cuicunque,
1666 4702 1880 4756 verbum
1901 4703 2146 4767 hominis,
2164 4703 2247 4757 vel

714 4806 733 4837 ι
775 4791 1027 4856 potentia,
1058 4790 1124 4843 ab
1158 4792 1425 4860 bypostasi
1456 4807 1725 4860 separare.
1753 4790 1922 4847 Unum
1947 4802 2029 4847 est
2050 4793 2245 4848 etenim

714 4895 734 4929 ι
774 4888 932 4947 atque
972 4880 1107 4933 idem
1138 4895 1257 4934 cum
1289 4882 1501 4936 homine
1543 4883 1761 4936 verbum
1799 4898 1981 4951 suum;
2014 4899 2111 4939 nec
2139 4885 2245 4939 ullo

715 4985 733 5015 ι
771 4976 922 5034 pacto
949 4969 1103 5021 aliter
1123 4971 1491 5038 separandum,
1524 4986 1683 5039 quam
1715 4974 1823 5027 sola
1844 4975 2031 5041 agendi
2053 4989 2245 5042 opera-

715 5076 732 5106 ι
778 5056 1142 5127 ιὶοηοδὶίοείε
1154 5062 1325 5115 adhuc
1348 5062 1563 5131 prodige
1580 5078 1729 5116 suam
1750 5072 1974 5121 mentem
1993 5064 2243 5124 insinuat,

816 5222 874 5279 >14
911 5215 1009 5271 Ed.
1037 5215 1235 5283 Paris,
1262 5232 1384 5287 pag.
1410 5217 1498 5272 40.

782 5354 898 5426 (14)
905 5353 1016 5426 ῥιὰ
1040 5355 1141 5426 τοῦ
1168 5356 1373 5426 Λόγου,
1392 5357 1757 5425 σημαίνεται.
1782 5357 1959 5419 Deest,
1987 5358 2247 5426 γεγεννῆ-

714 5420 851 5477 σθαι.
877 5420 1161 5487 Ἐνταῦθα,
1192 5420 1518 5479 referebatur
1547 5426 1611 5479 ad
1654 5428 1824 5479 locum
1854 5420 2079 5494 aliquem
2106 5420 2250 5481 Scri-

714 5499 899 5561 ptura,
926 5507 1084 5559 quem
1138 5496 1189 5547 in
1242 5496 1323 5547 his
1366 5496 1477 5548 suis
1514 5495 1782 5561 excerptis
1822 5494 2033 5547 reticuit
2081 5495 2248 5552 Eusc-

713 5558 1046 5633 hius.__AM.:—-
1074 5562 1187 5616 Mox
1223 5562 1499 5633 vulgom‘t
1522 5558 1711 5633 ἀγιιὲιτ.
1736 5563 2107 5633 θιίάναγγέλῃ.

787 5628 895 5701 (ιβ)
934 5631 1120 5701 Statim
1157 5633 1285 5701 lege,
1316 5628 1433 5683 οὐδὲ
1462 5628 1685 5701 γὰρ’τοῦ
1725 5628 2007 5700 ἀνθρώπου
2038 5628 2127 5685 τὸν
2166 5634 2250 5684 λό-

716 5710 809 5767 γον
832 5697 1067 5767 δυνάμει,
1098 5704 1130 5769 ἢ
1173 5697 1262 5755 κάξ
1292 5697 1576 5755 ὑποστάσει
1609 5722 1659 5771 χ.
1690 5697 2014 5769 litipos$ibile
2042 5712 2144 5769 est,
2178 5704 2245 5765 ita

1599 5220 1647 5251 ⁸⁷
1672 5219 1841 5273 Exod.
1878 5234 1959 5283 ιιι,
1989 5220 2077 5276 Η.

2344 4514 2479 4583 πίνῳ
2529 4512 2667 4581 λόγῳ
2707 4511 2796 4564 τὸν
2846 4510 2935 4563 τοῦ
2982 4510 3137 4571 Θεοῦ,
3182 4511 3261 4571 είς
3308 4510 3369 4561 τὸ
3408 4508 3573 4571 δεῖξαι
3594 4508 3753 4560 αὑτὸν
3801 4507 3893 4559 ἀν-

2343 4606 2654 4657 υπόστατον.
2674 4603 2875 4673 Γράφει
2901 4602 2957 4654 δὲ
2990 4601 3158 4663 οὕτως
3185 4617 3199 4630 ο
3239 4618 3257 4649 ι
3309 4599 3569 4653 Ἐνταῦθα
3626 4598 3739 4667 ἐγώ
3779 4602 3891 4665 ειμι

2348 4714 2365 4746 ι
2399 4698 2431 4748 d
2452 4693 2554 4759 ὢν,
2603 4692 2748 4760 λέγει
2792 4693 2889 4762 μὲν
2921 4690 2998 4761 τῷ
3039 4692 3260 4752 Μωῦσεῑ
3289 4691 3319 4742 ὀ
3366 4691 3571 4760 Πατήρ.
3603 4689 3765 4755 Λέγει
3813 4688 3887 4752 δὲ,

2347 4803 2367 4837 ι
2402 4782 2643 4853 δηλονότι
2666 4781 2751 4834 διά
2774 4780 2866 4834 τοῦ
2894 4782 3086 4847 Λόγου.
3110 4780 3290 4833 Πάντα
3320 4778 3428 4852 γὰρ
3455 4780 3551 4831 ὅσα
3577 4778 3641 4831 ἂν
3662 4780 3690 4829 ό
3713 4776 3893 4848 Πατὴρ

2351 4895 2369 4925 ι
2409 4875 2561 4946 λέγῃ,
2605 4874 2776 4927 ταῦτα
2833 4872 3104 4942 πανταχοῦ
3148 4872 3233 4925 διὰ
3257 4871 3349 4928 τοῦ
3390 4871 3561 4937 Λόγου
3578 4869 3750 4935 λέγων
3775 4868 3893 4936 φαί-

2353 4987 2370 5018 ι
2406 4983 2569 5020 νεται.
2598 4966 2763 5018 Τοῦτο
2794 4965 2848 5016 δὲ
2870 4964 3024 5033 δῆλόν
3057 4965 3282 5017 ἐστικαὶ
3304 4964 3393 5033 ἀφ’
3420 4962 3573 5032 ἡμῶν
3596 4960 3770 5013 αὐτῶν
3798 4961 3891 5013 ὅσα

2356 5078 2374 5111 ι
2414 5058 2580 5129 μικρὰ
2611 5059 2722 5119 τοῖς
2769 5055 3020 5127 μεγάλοις
3056 5058 3148 5110 καὶ
3198 5056 3359 5118 θείοις
3419 5054 3731 5107 ἀπεικάσαι.
3786 5052 3891 5104 Καὶ

2349 5351 2565 5407 verbum
2600 5352 2666 5405 ab
2695 5350 2910 5419 homine
2938 5361 3097 5419 suum
3124 5357 3393 5419 separare,
3423 5349 3480 5394 ιιι
3496 5338 3779 5419 subsistat
3811 5351 3891 5419 se:

2344 5432 2605 5489 paratum.
2635 5419 2794 5473 M.—
2830 5418 2959 5472 Dein
3012 5406 3425 5485 νυίεαὲπιδαψ.
3466 5411 3583 5465 sine
3606 5406 3698 5462 καί
3732 5418 3788 5461 et
3826 5406 3890 5459 δι’

2345 5491 2637 5627 “€23qu
2667 5556 2859 5623 ἄλλης
2902 5557 3061 5627 τινὸς
3101 5550 3488 5627 ἀνθρωςςίγης.
3512 5547 3691 5627 _Deest
3716 5545 3887 5627 aliqua

2346 5614 2448 5681 vox
2473 5618 2749 5681 fulcienda:
2771 5614 3073 5702 sententiai.
3296 5614 3595 5702 Dein‘ynlgo
3640 5615 3776 5702 πρὸς
3797 5614 3887 5686 τὴν

2347 5714 2568 5751 κατασκ.
2596 5708 2649 5750 et
2679 5693 3051 5769 προσηκούσης
3074 5692 3151 5761 τῷ
3178 5691 3318 5759 λόγῳ
3344 5698 3397 5743 et
3428 5691 3721 5757 ἡτοίμασε.⁴
