4106 6412
223 381 328 438 ⁸193

1309 372 1592 434 CONTRA
1624 373 2051 434 MARCELLI]!
2088 374 2216 430 LIB.
2257 373 2324 430 II.

3343 371 3451 430 τοι

225 515 248 550 ε
273 495 434 567 ἡμεις
458 494 569 565 γὰρ
591 494 764 548 πάντα
791 493 890 546 δσα
910 491 976 546 ἀν
1009 491 1272 563 θέλωμεν,
1289 491 1430 545 κατά
1454 491 1516 545 τὸ
1535 491 1772 559 δυνατὸν,

1887 493 1939 547 In
1966 491 2340 561 sequentibus,
2366 489 2646 558 inquiens:
2675 486 2770 560 [Β.
2792 486 2900 543 LIII
2917 486 3040 545 coll.
3062 502 3116 558 p.
3135 485 3262 560 ηις]
3284 506 3304 541 ι
3327 486 3446 545 Non

229 603 248 635 ι
275 583 454 650 λέγειν
484 599 545 636 τε
581 583 676 634 καὶ
712 583 914 646 ποιεῖν,
955 579 1032 651 τῷ
1083 579 1336 651 ἡμετέρῳ
1363 579 1620 650 ποιοῦμεν
1669 580 1781 649 (Π)

228 697 249 730 ι
277 678 436 746 λόγῳ.
461 695 482 729 s
515 672 646 729 Εῐτα
680 673 880 745 μεταξύ
912 691 1032 727 τινα
1063 671 1232 726 εἰπὼν
1254 672 1510 740 ἐπιλέγειο
1545 671 1666 734 Πῶς
1691 667 1785 726 οὖν

227 787 248 821 ι
283 769 436 821 ’Δστέ
445 783 576 838 ριος,
604 767 723 828 ταῖς
744 764 924 834 ἀγίαις
953 765 1196 836 Γραφαῐς
1211 761 1398 826 ἀπλῶς
1419 762 1512 817 καὶ
1531 761 1785 832 ἐμφόόως

229 877 246 907 ι
273 855 584 910 ἀκολουθεῖν
604 853 1084 924 προσποιούμενος,
1105 854 1204 906 οὐκ
1217 853 1356 920 ιγνω
1369 852 1430 905 τὸ
1453 852 1616 922 μόρος
1629 849 1784 904 τοῦτο

228 966 247 998 ι
275 948 446 1015 λέγων
470 963 482 976 ο
511 943 713 1016 Κύριος
751 947 780 998 6
801 943 934 1008 Θεός
962 961 1053 997 σου
1077 984 1091 1009 ,
1119 937 1272 1008 οὗτος
1303 942 1498 1014 Κύριος
1526 939 1606 1005 εἷς
1646 943 1780 994 ἐστι·

221 1034 248 1088 ἰ
275 1037 404 1100 Θεὸς
435 1038 494 1089 ἐν
523 1035 601 1106 τῷ
621 1035 832 1106 οὐρανῷ
864 1035 994 1100 ἀνω,
1024 1036 1118 1088 καὶ
1144 1036 1236 1088 ἐπὶ
1259 1035 1357 1104 τῆς
1372 1033 1474 1104 γῆς
1489 1034 1658 1087 κάτω*
1690 1034 1784 1086 καὶ

228 1149 246 1179 ι
269 1129 368 1180 οὐκ
383 1127 530 1188 ἐστιν
551 1127 630 1179 ἔτι
657 1126 795 1197 πλὴν
811 1126 976 1180 αὑτοῦ
1003 1143 1018 1191 ;
1049 1127 1160 1180 Kal.
1173 1127 1254 1178 δτι
1276 1119 1355 1189 εἷς
1370 1125 1507 1187 ἐστι,
1527 1124 1620 1177 καὶ
1643 1122 1782 1194 πλὴν

226 1240 244 1270 ι
269 1217 428 1272 αὑτοῦ
461 1218 647 1289 ιτερος
677 1218 779 1270 οὐκ
808 1217 943 1269 ἐστι.
972 1233 991 1266 ι
1029 1217 1138 1269 Καὶ
1158 1215 1360 1288 προῖὼν
1391 1209 1546 1276 αὖθις
1579 1213 1782 1284 διῖσχυ-

220 1310 425 1384 ρίζεται
455 1311 677 1380 φάσκων
695 1326 708 1339 °
744 1327 763 1362 ι
795 1309 868 1363 Οὐ
903 1307 1350 1378 καταχρηστικῶς
1385 1306 1539 1374 λόγος
1586 1307 1782 1376 ὀνομα-

222 1422 240 1454 ι
274 1401 448 1466 σθεὶς,
515 1400 615 1455 κάν
669 1400 1033 1472 διαρραγῶσιν
1080 1401 1130 1453 οἱ
1189 1397 1782 1468 ἐτεροδιδασκαλοῦντες

222 1512 241 1545 ι
283 1493 603 1563 ψευδόμενοι
629 1531 645 1557 ,
692 1491 827 1544 ἀλλά
868 1491 1072 1561 κυρίως
1108 1508 1167 1544 τε
1218 1491 1312 1543 καὶ
1349 1487 1564 1557 ἀληθῶς
1604 1488 1780 1558 61:69-

222 1603 242 1636 ι
279 1603 386 1656 χων
417 1584 612 1652 Λόγοςο
649 1602 670 1635 ι
724 1584 818 1636 καὶ
859 1582 1221 1653 προστίθησι·
1253 1601 1274 1634 ι
1325 1581 1391 1633 Τί
1450 1579 1560 1650 γάρ
1594 1580 1779 1651 ἕτερον

221 1694 240 1727 ι
273 1671 342 1746 ἦν
378 1673 863 1744 ἀποκεκρυμμένον
901 1674 1196 1743 μυστήριον
1227 1671 1260 1743 ἢ
1289 1671 1428 1724 κατὰ
1456 1671 1548 1725 τὸν
1573 1671 1777 1738 Λόγον;

220 1785 239 1817 ι
275 1764 428 1818 οὕτω
457 1765 513 1818 δὲ
534 1761 602 1836 ἦν
634 1763 1118 1835 ἀποκεκρυμμένον
1144 1765 1202 1816 ἐν
1229 1762 1306 1833 τῷ
1332 1761 1452 1832 Θεῷ
1477 1763 1626 1816 τουτὶ
1649 1763 1780 1833 πρό⁴

216 1877 236 1908 ι
274 1873 428 1927 τερον
487 1830 570 1909 τὸ⁷
582 1830 897 1927 μυστήριον,
918 1830 1070 1908 ’ὥστε
1123 1830 1327 1924 μηδένα
1370 1830 1466 1906 τοῦ
1511 1830 1776 1924 προτέρου
1810 1830 1852 1889 Β

216 1966 235 1997 ι
276 1945 403 1999 λαοῦ
437 1947 623 2015 σαφῶς
653 1947 722 2000 τά
747 1946 886 1999 κατά
913 1944 1002 1998 τὸν
1027 1944 1199 2014 Λόγον
1224 1945 1420 1999 ειδέναι
1440 1962 1455 1976 ο
1483 1943 1596 1999 ἀλλ’
1631 1944 1777 2014 ἡμᾶς

214 2055 234 2087 ι
267 2036 359 2090 τοῦ
395 2036 622 2090 πλούτου
646 2036 746 2106 τῆς
788 2035 968 2106 δόξης,
1005 2036 1096 2090 καὶ
1137 2036 1230 2090 τοῦ
1282 2036 1773 2106 ἀποκεκρυμμένου

214 2142 233 2174 s
279 2126 576 2194 μυστηρίου
605 2124 894 2179 ἀπολαύειν
927 2125 1041 2178 νυνί
1083 2125 1214 2196 (ιε).
1250 2146 1269 2178 ι
1296 2127 1404 2179 Καὶ
1431 2125 1568 2196 μετά
1602 2123 1774 2178 ταῦτα

207 2220 367 2274 πάλιν
398 2220 710 2292 ἀνθρωπίνῃ
741 2221 1003 2293 κέχρηται
1027 2221 1215 2283 είκόνι,
1233 2221 1420 2276 τοῦτον
1434 2221 1659 2293 γράφων
1686 2221 1774 2274 τὸν

206 2311 422 2382 τρόπον·
449 2313 573 2376 ιΤίς
599 2313 706 2384 γάρ
729 2312 952 2383 οὕτωςῆ
979 2313 1086 2367 τῶν
1116 2314 1286 2382 ἁγίων
1323 2314 1586 2382 ἀγγέλων,
1612 2314 1644 2384 ἢ
1681 2314 1773 2366 ἀν-

210 2419 231 2453 ι
263 2401 403 2472 δρῶν
461 2402 682 2455 δικαίων
742 2403 1048 2469 ἀξιόπιστος
1099 2399 1166 2474 ἦν
1225 2404 1323 2475 τὴν
1373 2407 1437 2457 ἐκ
1482 2404 1770 2475 προσώπου

211 2510 231 2544 ι
262 2491 354 2545 τοῦ
428 2492 562 2545 Θεοῦ
629 2494 930 2564 ὁρισθεῖσαν
1003 2495 1150 2565 αύτῷ
1213 2496 1482 2565 τιμωρίαν
1556 2495 1768 2555 λύσαις

209 2598 230 2632 ι
266 2583 314 2634 εί
344 2583 419 2653 μὴ
444 2583 604 2645 αὐτὸς
628 2584 656 2635 6
680 2583 846 2650 Λόγος
870 2585 898 2636 6
937 2582 1237 2654 συμπαρών
1271 2601 1330 2636 τε
1366 2584 1478 2652 (49)
1511 2584 1604 2637 καὶ
1631 2601 1768 2654 συμ-

209 2690 230 2724 ι
269 2673 514 2728 πλάττων
535 2674 669 2745 πρὸς
695 2675 753 2727 ὃν
774 2676 801 2727 6
832 2675 1043 2746 Πατὴρ,
1069 2675 1418 2745 Ποιήσωμεν
1435 2676 1766 2745 ἄνθρωπον,

207 2783 228 2816 ι
262 2764 387 2836 ἐφη,
426 2765 551 2819 κατ’
576 2767 780 2819 εἰκόνα
804 2767 1093 2835 ἡμετέραν
1108 2770 1205 2822 καί
1235 2769 1537 2838 ὁμοίωσιν,
1556 2771 1655 2822 οὐκ
1685 2770 1770 2822 δν·-

209 2876 228 2908 ι
264 2874 352 2920 τος
377 2857 562 2928 ἐτέρου
593 2857 727 2910 Θεοῦ
755 2858 846 2910 τοῦ
883 2859 1248 2928 ωμπλάττειν
1276 2859 1422 2930 αύτῷ
1450 2860 1764 2930 δυναμένου.

207 2966 226 2999 ι
282 2948 421 3020 Ἐγὼ
444 2949 553 3017 γάρ
574 2949 877 3018 είμι,φησὶ,
914 2949 1056 3014 Θεὸς
1093 2949 1342 3016 πρῶτοςο
1370 2950 1467 3003 καί
1487 2951 1602 3020 ἐγὼ
1621 2952 1769 3020 μετὰ

205 3058 225 3090 ι
265 3039 468 3104 ταῦτα,
503 3040 599 3092 καί
630 3038 796 3108 πλὴν
819 3038 964 3108 ἐμοῦ
1012 3037 1152 3104 Θεὸς
1195 3039 1393 3106 ἔτερος
1435 3041 1545 3094 οὐκ
1577 3041 1762 3094 ἐστιν.

205 3149 225 3182 ι
257 3130 393 3184 Οὔτε
434 3127 530 3184 οὖν
574 3129 833 3196 νεώτερός
864 3147 947 3192 τις
991 3129 1140 3194 Θεὸς,
1183 3129 1304 3183 οὗτε
1339 3132 1484 3183 ἐστὶν
1510 3131 1667 3194 ἄλλος
1684 3149 1767 3194 τις

203 3239 224 3273 ι
265 3221 399 3292 μετά
443 3221 616 3275 ταῦτα
657 3220 788 3282 Θεὸς
819 3218 914 3283 ὢν,
957 3220 1074 3290 Θεῷ
1110 3223 1390 3290 συνεργεῖν
1418 3222 1638 3284 δυνατὸς
1675 3217 1763 3291 ἦν.

203 3335 222 3366 ι
269 3314 408 3370 Ἀλλ’
443 3314 612 3379 εῐτις,
645 3313 824 3384 μικρῷ
855 3331 962 3366 τινι
986 3314 1080 3366 καὶ
1111 3315 1433 3384 ἀνθρωπίνῳ
1471 3314 1592 3367 καθ’
1621 3317 1767 3385 ἡμᾶς

203 3425 222 3457 ι
257 3406 655 3478 παραδείγματι
682 3405 978 3476 χρώμενος,
1012 3405 1086 3468 ὼς
1123 3405 1208 3458 διὰ
1231 3405 1456 3469 είκὸνος,
1486 3405 1584 3476 τὴν
1618 3406 1768 3459 θείαν

203 3515 224 3550 ι
248 3494 488 3562 ἐξετάζοι
519 3497 734 3566 πρᾶξιν,
763 3497 950 3567 ὥσπερ
983 3496 1047 3549 ἀν
1077 3514 1159 3559 τις
1187 3497 1620 3566 ἀνδριαντοποιὸς
1649 3497 1768 3550 ἐπι-

202 3608 222 3637 σ
260 3590 481 3660 στήμων
516 3589 675 3660 ἀνὴρ,
707 3589 995 3660 ἀνδριάντα
1025 3588 1220 3643 πλάσαι
1248 3587 1584 3658 βουλόμενος,
1613 3589 1768 3660 πρῶ-

203 3698 221 3730 ι
253 3695 344 3733 τον
371 3680 470 3750 μὲν
498 3679 623 3743 τοὺς
646 3678 844 3742 τύπους
870 3679 1032 3732 αὑτοῦ
1066 3680 1160 3733 καὶ⁵
1185 3681 1536 3751 χαρακτῆρας
1558 3681 1615 3732 ἐν
1634 3681 1768 3733 ’ἐαυ-

202 3788 221 3821 ι
251 3769 326 3841 τῷ
364 3773 574 3824 σκοπεῖ·
617 3770 804 3822 ἔπειτα
833 3770 1033 3832 πλάτος
1071 3787 1130 3822 τε
1164 3771 1259 3823 καὶ
1289 3771 1481 3840 μῆκος,
1508 3772 1630 3824 ὅσον
1679 3770 1769 3824 εύ-

200 3879 220 3909 ε
262 3861 489 3932 πρεπές,
537 3860 724 3922 ἐΜεί,
771 3859 1062 3926 ἀναλογίαν
1087 3876 1147 3911 τε
1198 3858 1290 3911 τοῦ
1339 3859 1558 3922 παντὸς,
1599 3861 1655 3910 ἐν
1689 3859 1768 3929 τῷ

199 3969 216 4002 ι
255 3952 373 4006 καθ’
403 3952 630 4004 ἕκαστον
663 3950 906 4017 ἐξετάζει
940 3951 1118 4022 μέρει,
1156 3950 1356 4021 χαλκοῦ
1384 3967 1442 4003 τε
1477 3952 1573 4020 τὴν
1597 3951 1767 4021 πρόσ-

200 4063 219 4095 ι
257 4060 420 4116 φορον
445 4043 736 4114 ἑτοιμάσας
763 4043 916 4114 ὓλην,
952 4044 1046 4096 καὶ
1066 4044 1156 4096 τὸν
1182 4044 1436 4112 ἐσόμενον
1475 4042 1766 4114 ἀνδριάντα

201 4154 220 4186 ι
258 4139 325 4206 τῇ
370 4135 565 4188 ἐαυτοῦ
625 4137 989 4206 προτυπώσας
1036 4135 1262 4206 διανοίᾳ,
1292 4135 1383 4186 καί
1403 4135 1606 4203 νοητῶς
1635 4135 1768 4205 ὁρᾷν

201 4243 220 4276 ι
253 4225 499 4294 νομίσας,
551 4225 799 4287 συνειδώς
846 4242 906 4278 τε
958 4224 1135 4294 ἐαυτῷ
1170 4227 1447 4294 συνεργεῖν
1472 4224 1561 4276 τὸν
1591 4224 1766 4292 λόγον,

201 4333 220 4366 ι
261 4309 306 4384 ᾧ
331 4315 621 4385 λογίζεται,
650 4317 740 4369 καὶ
767 4309 811 4384 ᾦ
849 4317 1024 4369 πάντα
1067 4317 1324 4388 πράττειν
1367 4316 1572 4378 εἴωθεν,
1597 4316 1768 4386 (οὐδὲν

201 4426 221 4458 ι
251 4407 359 4478 γάρ
405 4405 479 4476 μὴ
520 4407 662 4476 λόγῳ
713 4406 1028 4476 γιγνόμενον
1075 4408 1280 4476 καλόνο)
1337 4407 1638 4477 ἀρχόμενος
1669 4407 1768 4477 τῆς

1892 602 1912 636 c
1949 592 2100 639 certe
2124 581 2566 654 indigebatDeus,
2585 580 2942 652 appellatione
2965 580 3298 652 alia,utputa
3331 597 3446 636 ma-

1890 695 1909 727 ι
1947 676 2130 739 teris,
2164 685 2256 728 aut
2293 675 2371 729 rei
2403 674 2652 729 humanae
2708 675 3119 744 cujuscunque:
3154 677 3248 728 sed
3301 673 3448 729 illius

1889 786 1908 819 ι
1945 765 2110 840 solius
2149 777 2458 837 apparatus,
2496 765 2587 836 qui
2627 768 2680 820 lu
2724 764 2840 832 ejus
2894 773 3072 820 mente
3109 766 3442 821 versabatur.

1889 875 1908 907 ι
1946 854 2390 925 Quandoquidem
2407 869 2536 926 ergo
2561 853 2891 924 impossibile
2906 853 3098 919 fuerat,
3116 856 3232 908 sine
3253 855 3443 921 verbo,

1889 967 1907 999 ι
1944 955 2001 1002 et
2052 948 2218 1004 verbo
2267 948 2622 1004 conveniente
2659 947 2974 1016 prudentia,
3007 947 3170 1001 Deum
3204 931 3446 1016 cogitare

1888 1057 1906 1090 ι
1945 1042 2129 1097 mundi
2171 1040 2388 1097 affuisse
2423 1039 2739 1104 conditura,
2776 1053 2880 1094 non
2927 1039 3197 1094 immerito
3219 1039 3394 1108 inquit
3424 1056 3441 1094 :

1887 1154 1907 1188 ι
1942 1134 2076 1190 Cum
2086 1148 2406 1204 prapararcs
2421 1133 2626 1198 caelum,
2644 1148 2748 1186 una
2770 1132 2981 1184 aderam
3003 1142 3171 1184 tecum
3186 1129 3254 1183 ’⁸.
3268 1129 3446 1199 iAdji-

1881 1227 1957 1282 cit
1983 1227 2159 1282 denuo
2187 1241 2217 1282 e
2245 1224 2599 1282 similitudine
2623 1222 2843 1278 humani
2877 1221 3051 1284 verbi,
3103 1230 3159 1276 et
3206 1218 3444 1275 Verbum

1880 1318 1974 1374 Dei
2013 1332 2164 1382 esse,
2199 1326 2258 1372 ut
2301 1316 2614 1373 ostenderet
2665 1315 2800 1370 illud
2852 1313 3077 1368 minime
3125 1313 3444 1368 subsistere.

1881 1409 2083 1465 Scribit
2117 1411 2286 1472 enim,
2326 1425 2346 1458 ι
2376 1405 2492 1474 Hoc
2518 1407 2572 1462 In
2607 1405 2746 1472 Ioco,
2780 1405 2878 1470 ait,
2909 1403 3022 1472 Ego
3050 1420 3165 1457 sunt
3185 1403 3275 1473 qui
3302 1419 3442 1464 sum,

1885 1519 1905 1553 ι
1948 1501 2015 1555 ad
2043 1499 2262 1570 Moysen
2299 1498 2534 1569 loquitur
2571 1497 2750 1552 Pater.
2782 1516 2802 1548 ι
2842 1496 2947 1568 [ιι.
2973 1495 3084 1551 LVI
3113 1497 3236 1550 coll.
3259 1512 3312 1566 p.
3343 1496 3447 1550 III

1887 1607 1906 1642 ι
1945 1591 2008 1656 D,
2055 1589 2156 1643 II8
2206 1587 2605 1659 B.]Loquitur
2636 1595 2815 1640 autem
2859 1587 2999 1654 quod
3051 1594 3299 1647 constat,
3348 1598 3448 1653 per

1885 1700 1904 1732 ι
1937 1681 2170 1736 Verbum
2191 1694 2369 1734 suum.
2393 1677 2735 1747 Quaecunque
2767 1677 2965 1731 etenim
2989 1675 3227 1746 loquitur
3255 1674 3442 1742 Pater,

1886 1795 1904 1827 ι
1945 1776 2057 1829 haec
2073 1774 2270 1842 ubique
2289 1787 2384 1842 per
2403 1770 2639 1826 Verbum
2672 1785 2826 1824 suum
2849 1769 3054 1824 locutus
3075 1768 3305 1822 videtur.
3331 1766 3446 1823 Hoc

1887 1887 1905 1920 ι
1944 1877 2187 1938 apparet,
2225 1866 2268 1920 si
2297 1879 2459 1934 parva
2491 1863 2615 1918 licet
2644 1863 2854 1932 magnis
2877 1876 3203 1929 componere
3228 1871 3283 1914 et
3308 1860 3449 1914 divi-

1883 1981 1902 2012 ι
1940 1960 2047 2024 nis,
2078 1974 2108 2014 a
2133 1957 2549 2026 nobismetipsis.
2570 1953 2679 2010 Nos
2712 1954 2908 2009 etenim
2936 1953 3117 2008 omnia
3138 1994 3153 2017 ,
3181 1967 3447 2022 quaecun-

1882 2072 1900 2104 ι
1936 2066 2040 2120 que
2059 2051 2320 2108 volumus.
2349 2057 2611 2118 quantum
2635 2045 2826 2101 saltem
2848 2045 2901 2099 in
2941 2044 3098 2099 nobis
3133 2053 3238 2107 est,
3265 2043 3448 2098 facere

1881 2162 1898 2194 ι
1931 2151 1988 2197 et
2032 2142 2234 2204 dicere.
2263 2154 2357 2210 per
2387 2148 2634 2194 nostrum
2661 2137 2882 2191 verbum
2926 2149 3330 2205 procuramus.»
3351 2132 3442 2206 [Β.

1874 2231 2078 2287 LXVIII
2111 2231 2236 2286 coll.
2273 2247 2327 2301 p.
2355 2230 2458 2284 I32
2491 2228 2580 2302 C.]
2613 2227 2712 2286 Ubi
2738 2227 2992 2283 nonnulla
3037 2229 3444 2292 iuterseruerat,

1872 2324 2170 2380 subnectit:
2196 2341 2215 2374 ι
2238 2321 2467 2390 Quinam
2485 2322 2650 2393 igitur
2664 2321 2930 2384 Asterius,
2945 2334 3066 2373 cum
3084 2333 3191 2389 prae
3205 2333 3263 2374 se
3279 2317 3448 2374 I’erret

1877 2435 1896 2468 ι
1943 2415 2279 2486 simpliciter,
2306 2423 2503 2471 etcum
2529 2415 2725 2469 timore
2764 2415 2994 2482 quodam
3025 2411 3174 2480 sequi
3201 2411 3446 2479 Scriptu-

1865 2528 1894 2560 -«
1942 2523 2124 2563 rarum
2158 2514 2396 2571 ductum,
2443 2505 2587 2560 illam
2628 2519 2815 2559 earum
2847 2513 3056 2572 partem
3100 2514 3276 2558 tamen
3336 2517 3442 2556 non

1875 2618 1894 2652 ι
1943 2599 2296 2669 iutelligebat.
2333 2599 2592 2652 Dominus
2621 2595 2763 2650 Deus
2792 2604 2946 2657 tuus,
2979 2593 3082 2646 iste
3129 2593 3270 2647 Deus
3305 2607 3444 2644 unus

1875 2713 1892 2744 ι
1941 2701 2042 2746 est.
2082 2692 2258 2756 Deus,
2316 2690 2370 2744 in
2423 2687 2579 2745 caelis
2627 2701 2867 2752 sursum,
2919 2694 2973 2738 et
3025 2699 3186 2754 super
3240 2695 3440 2736 terran-

1875 2801 1893 2835 ι
1941 2784 2231 2847 deorsum,
2282 2794 2382 2835 nec
2439 2779 2578 2833 alius
2640 2779 2816 2832 adhuc
2871 2787 2957 2833 est
3009 2785 3208 2846 praeter
3251 2774 3443 2828 illum?

1873 2894 1892 2926 ι
1936 2875 2085 2930 Unus
2113 2885 2216 2938 est,
2244 2873 2436 2942 inquit,
2472 2882 2526 2927 et
2550 2883 2749 2941 praeter
2770 2871 2919 2926 illum
2951 2885 3056 2924 nou
3100 2878 3182 2923 est
3213 2866 3371 2921 alius.
3413 2887 3432 2920 ι

1866 2961 2098 3032 Pergens
2138 2962 2390 3030 deinceps
2428 2961 2703 3016 contendit
2745 2957 3144 3017 vehementius.
3175 2974 3189 3010 :
3224 2955 3314 3027 [Β.
3346 2955 3440 3009 XL

1865 3052 1990 3108 coll.
2044 3067 2098 3121 p.
2133 3052 2234 3107 H6
2263 3050 2345 3123 Ο]
2387 3069 2406 3102 ι
2444 3050 2558 3104 Non
2606 3059 2721 3104 erat
2755 3047 2980 3103 verbum
3006 3087 3021 3112 ,
3060 3049 3238 3102 dictus
3293 3056 3443 3101 cata-

1793 3164 1835 3221 C
1873 3161 1891 3194 ι
1939 3143 2241 3208 chrestice,
2286 3149 2606 3210 rumpantur
2649 3140 2775 3194 licet
2824 3139 2896 3193 illi
2948 3138 3258 3193 mentiendo
3285 3177 3300 3203 ,
3347 3138 3437 3206 qui

1874 3246 1892 3279 ι
1940 3229 2273 3283 contrarium
2328 3237 2572 3291 tuentur,
2624 3228 2716 3282 sed
2757 3229 2974 3298 proprie
3021 3237 3074 3281 et
3123 3227 3439 3294 simpliciter

1873 3338 1893 3371 ι
1941 3331 2058 3375 erat
2099 3319 2358 3374 Verbum.
2386 3340 2404 3372 ι
2461 3318 2716 3388 Adiungit
2751 3337 2765 3372 :
2800 3319 2897 3390 [R.
2934 3317 3071 3373 XLV
3114 3335 3168 3388 p.
3224 3320 3326 3372 IN
3377 3317 3438 3388 Ii]

1873 3430 1890 3462 ι
1937 3412 2074 3478 Quid
2127 3426 2256 3465 vero
2304 3420 2425 3465 erat
2463 3411 2606 3463 aliud
2635 3409 2950 3482 mysterium
2995 3408 3122 3462 illud
3151 3409 3438 3462 abscondi-

1874 3522 1892 3553 ι
1940 3510 2074 3566 tum,
2109 3515 2268 3570 quam
2298 3501 2595 3556 secundum
2640 3501 2872 3556 Verbum
2907 3499 3041 3554 Dei?
3086 3499 3212 3553 Erat
3257 3510 3436 3552 autem

1874 3614 1892 3646 ‹
1941 3592 2092 3659 illud,
2118 3594 2191 3648 ita
2217 3593 2346 3648 olim
2381 3595 2434 3648 in
2475 3593 2584 3648 Deo
2615 3593 2990 3648 absconditum
3019 3592 3203 3660 prius.
3237 3603 3290 3645 ut
3318 3591 3438 3645 nul-

1874 3705 1892 3737 ι
1943 3684 2024 3739 Ius
2052 3685 2208 3755 plane
2235 3686 2373 3754 apud
2415 3683 2671 3754 pupulum
2713 3683 2948 3752 priorem
2971 3721 2986 3746 ,
3033 3685 3311 3752 perspicue
3345 3682 3432 3736 illa

1874 3795 1892 3826 ι
1940 3785 2185 3830 cerneret
2213 3790 2332 3843 qua:
2362 3775 2429 3828 ad
2477 3772 2712 3828 Verbum
2745 3772 3110 3842 pertinebant.
3165 3771 3272 3826 Nos
3305 3786 3434 3825 vero

1875 3885 1892 3918 ι
1941 3867 1994 3920 in
2051 3867 2302 3934 praesenti
2369 3865 2601 3918 fruimur
2659 3863 2864 3917 divitiis
2917 3863 3098 3929 gloria:
3155 3863 3321 3932 ipsius
3380 3874 3437 3916 et

1874 3978 1892 4011 ι
1940 3958 2177 4029 mysterii
2209 3957 2450 4011 revelati.
2478 3975 2496 4008 ι
2548 3954 2792 4009 Humana
2832 3954 3044 4008 demum
3083 3954 3250 4006 utitur
3282 3953 3435 4007 simi-

1881 4051 2106 4104 Iitudine
2157 4049 2223 4101 ad
2279 4047 2422 4102 hunc
2489 4047 2706 4102 modum
2767 4045 3015 4098 scribens
3062 4060 3072 4093 :
3140 4044 3159 4116 [
3213 4043 3279 4097 Β.
3342 4042 3431 4098 LII

1868 4141 1991 4196 coll.
2036 4156 2089 4209 p.
2147 4135 2297 4208 I25]
2363 4154 2381 4187 ι
2409 4136 2538 4202 Quis
2581 4150 2708 4188 vero
2751 4133 2850 4188 fuit
2910 4134 3044 4187 adeo
3106 4134 3299 4203 dignus
3348 4134 3430 4187 vel

1875 4249 1892 4280 ι
1945 4230 2084 4283 inter
2119 4228 2365 4281 homines
2395 4227 2570 4295 justus
2608 4225 2691 4279 vel
2733 4233 2954 4278 sanctos
2996 4223 3159 4277 etiam
3183 4222 3430 4291 angelos,

1875 4339 1892 4371 ι
1940 4333 2153 4389 ρωιιοηι
2219 4332 2248 4370 a
2311 4317 2419 4371 Deo
2471 4317 2522 4369 iu
2593 4317 2712 4370 illos
2789 4315 3114 4369 destinatam
3175 4314 3432 4369 amoliri?

1875 4431 1892 4463 ι
1937 4418 1994 4475 >14
2032 4410 2266 4464 Verbum
2300 4408 2472 4462 solum
2525 4408 2614 4476 qui
2665 4422 2768 4460 una
2822 4407 3012 4461 aderat
3047 4421 3169 4459 cum
3203 4404 3333 4469 Deo,
3375 4414 3433 4461 et

200 4515 219 4547 ι
264 4496 527 4568 αἰσθητῆς
561 4496 760 4566 ταύτης
812 4497 1094 4568 ἐργασίας,
1132 4499 1268 4569 πρὸς
1314 4498 1496 4562 αὑτὸν,
1522 4497 1598 4560 ὡς
1629 4497 1765 4567 πρὸς

1874 4522 1891 4553 ι
1927 4517 2030 4555 una
2056 4517 2176 4552 cum
2205 4501 2293 4553 illo
2318 4497 2582 4566 elIigiarat
2611 4498 2880 4552 hominem
2909 4515 2922 4549 :
2957 4499 3028 4560 ad
3054 4512 3214 4566 quem
3264 4497 3430 4552 dice-

201 4606 218 4635 ι
245 4588 453 4658 ἐτερον,
473 4587 898 4658 παρακελεύεται
924 4587 1112 4655 λέγων·
1136 4590 1266 4657 Ἀγε
1290 4590 1602 4660 ποιήσωμεν
1625 4588 1758 4658 (50)·

200 4697 218 4727 ι
256 4677 355 4747 ἆγε
388 4677 680 4748 πλάσωμεν
705 4677 1011 4748 ἀνδριάντα·
1041 4679 1212 4743 οὕτως
1236 4682 1264 4733 6
1285 4680 1392 4734 τῶν
1413 4679 1548 4732 ὅλων
1564 4679 1756 4732 δεσπό-

201 4786 218 4820 ι
255 4783 354 4837 της
395 4767 562 4839 Θεὸς..
589 4767 680 4820 τὸν
734 4767 975 4838 ἔμψυχον
1011 4771 1075 4822 ἐκ
1106 4771 1207 4840 γῆς
1238 4771 1526 4841 ἀνδριάντα
1565 4770 1753 4833 ποιῶν,

1872 4611 1890 4643 ι
1931 4592 2023 4646 bat
2053 4589 2234 4651 Pater,
2265 4587 2551 4640 Faciamus
2576 4587 2858 4650 hominem,
2879 4585 2947 4638 ad
2975 4586 3252 4655 imaginem
3283 4598 3328 4639 et
3349 4587 3428 4640 si-

1871 4698 1887 4730 ι
1922 4678 2266 4731 militudinem
2290 4686 2519 4728 nostram
2546 4674 2612 4740 θ’,
2647 4689 2769 4727 cum
2811 4690 2914 4727 non
2945 4684 3186 4728 exstaret
3231 4676 3426 4744 aliquis

1869 4788 1886 4818 ι
1927 4767 2060 4820 alius
2086 4766 2242 4831 Deus,
2271 4764 2358 4836 qui
2385 4779 2505 4818 cum
2545 4763 2634 4818 illo
2670 4779 2772 4817 una
2809 4762 3045 4833 eliigiare
3067 4775 3267 4834 posset.
3307 4763 3422 4834 Ego

264 4889 322 4946 ἧς
349 4881 446 4936 Ed.
482 4879 678 4948 Paris.,
717 4895 840 4952 pag.
869 4882 959 4935 Il.
1033 4883 1077 4916 ”
1106 4883 1260 4940 Prov.
1299 4899 1413 4951 VIII,
1439 4884 1529 4940 27.
1605 4885 1648 4917 ”
1672 4884 1803 4943 Gen.
1843 4901 1880 4952 I,
1902 4883 1994 4938 26.

265 5063 380 5187 ξιτ)
429 5064 715 5133 Ἠμετέρῳ
740 5065 1044 5148 ,τιῑοιοῦμιιςνἶ
1071 5067 1183 5122 Non
1207 5077 1287 5123 est
1304 5068 1457 5136 plena
1490 5068 1743 5134 redditio,

299 5149 351 5187 e.
381 5135 476 5187 καὶ
513 5134 758 5187 λέγομεν.
785 5136 927 5187 Μ.--
955 5138 1084 5187 Dein
1109 5139 1262 5187 vulau
1290 5155 1408 5187 τινα
1427 5137 1600 5187 λέγων
1623 5140 1743 5187 ἐπι-

195 5133 476 5199 ιιίόε,’καὶ
513 5134 758 5203 λέγομεν.
785 5136 830 5189 Μ
847 5133 927 5190 .-ὲ
955 5138 1084 5190 Dein
1109 5139 1191 5190 vul
1232 5155 1262 5189 ι)
1290 5133 1408 5190 τινα
1427 5137 1600 5205 λέγων
1623 5133 1743 5192 ἐπιέ

196 5203 348 5261 φέρει
373 5213 427 5258 et
463 5203 676 5261 ἀφόϐως
716 5222 844 5260 mss.
868 5207 987 5260 loco
1019 5206 1148 5261 ἐμω.
1191 5154 1305 5261 flos
1342 5209 1498 5261 vulso
1525 5208 1743 5261 διαὸὸα-

196 5203 348 5325 φέίρει
373 5213 427 5258 et
463 5203 676 5272 ἀφόϐως
716 5222 844 5260 mss.
868 5207 987 5260 loco
1019 5206 1148 5276 ἐμφ.

194 5289 260 5340 γο
285 5289 342 5324 εν
374 5283 429 5326 et
452 5273 593 5327 κατά
621 5274 808 5338 Λόγον,

313 5220 348 5256 ιι
373 5213 427 5258 et
463 5208 676 5272 ἀφόϐως
716 5222 844 5260 mss.
868 5208 987 5260 loco
1019 5208 1148 5276 ἐμφ.
1191 5208 1305 5262 Mox
1342 5209 1498 5278 vulgo
1525 5208 1746 5279 διαρρα-

313 5291 342 5324 ν
374 5283 429 5326 et
452 5273 593 5327 κατά
621 5274 808 5338 Λόγον,

263 5341 354 5411 (68

425 5343 768 5396 Ἀπολαύειν
824 5346 980 5400 νυνι.
1029 5344 1143 5400 Νοιι
1198 5345 1403 5414 inepte.
1449 5345 1746 5400 ἀπολαύον-

1854 5347 2119 5418 συμπήξει)

1851 5069 2037 5152 liomil.
2068 5069 2102 5123 9
2131 5069 2183 5152 in
2217 5065 2572 5148 Hexameron,
2598 5064 2702 5152 Ἱςίς⁸
2725 5063 2833 5143 γὰρ
2867 5061 3099 5152 χαλκειὺς
3124 5059 3157 5131 ἢ
3187 5059 3418 5152 τέκτων,

1851 5141 2119 5208 inquiens,
2154 5138 2186 5208 ἢ
2219 5138 2575 5204 σκυτοτόμος,
2620 5138 2710 5186 ἐπὶ
2756 5138 2862 5186 τῶν
2909 5138 3155 5213 ὀργάνων
3185 5138 3286 5208 τῆς
3333 5138 3418 5184 τι-

1850 5227 1982 5286 χνης
2016 5209 2173 5286 μόνος
2209 5203 2780 5286 καθήμενοςλούδενὸς
2819 5201 2966 5286 αύτιρ
3015 5216 3418 5286 συνεργούντοςέ

2219 5135 2575 5213 σκυτοτόμος,
2608 5130 3155 5213 ἡὲ-πὶςτῶνςόίργάνων
3185 5130 3286 5208 τῆς
3333 5132 3422 5184 τέ-

1886 5269 2028 5346 έγει’
2051 5269 2212 5338 αὐτὸς
2260 5269 2456 5346 ἐαυτῷ,
2515 5275 2834 5346 Ποιήσωμεν
2878 5269 2987 5346 τὴνΔ
3036 5269 3336 5346 μάχαιραν,
3375 5269 3416 5346 ,ἢ

2166 5285 2212 5338 »ς
2260 5275 2456 5343 ἐαυτῷ,
2515 5275 2610 5326 [Ιοι
2654 5289 2834 5342 σωμεν
2878 5275 2976 5342 τὴν
3036 5275 3336 5340 μάχαιραν,
3383 5275 3416 5340 ἢ

2166 5363 2220 5398 εν
2247 5345 2309 5396 τὸ
2353 5275 2657 5414 άροτρονλι
2704 5339 3153 5414 ἀπεργασώμεθαΔ
3189 5339 3249 5414 τὸ
3285 5339 3416 5391 ὑπό--

263 5343 375 5464 (ἀεὶ
425 5343 768 5396 Ἄπολαύειν
824 5346 980 5400 νυνι.
1029 5344 1143 5400 Νοιι
1198 5345 1403 5414 inepte.
1449 5345 1746 5400 ἀπολαύον-

194 5427 312 5476 τας.
375 5410 475 5493 Ιαςςι
513 5414 692 5493 ominis
737 5417 804 5493 ad
850 5429 1098 5493 nauseam
1145 5430 1311 5493 usque
1339 5425 1652 5493 repetuntur
1681 5417 1746 5493 _in

1874 5343 2119 5418 πυμπήξω
2166 5363 2220 5398 εν
2247 5345 2309 5396 τὸ
2353 5343 2657 5414 άροτρον,ἥ
2704 5343 3144 5411 ἀπεργασώμεθα
3189 5343 3249 5390 τὸ
3285 5343 3416 5391 ὑπό--

1874 5365 2172 5493 ῖημαηάλςξ
2210 5415 2330 5493 οὐχὶ
2365 5415 2538 5493 σιωπῇ
2567 5413 2672 5493 ’τῂν
2706 5408 3418 5493 ἐπιόάλλουσανβνέργειαν

195 5481 546 5569 ιοριιοιιιξιιιέε
563 5481 732 5569 [ιονιξ.
761 5483 827 5563 II:
855 5513 919 5569 :—
951 5484 1076 5561 Deiu
1106 5478 1264 5569 vulgo
1303 5487 1366 5555 τῇ
1389 5478 1540 5555 κεχρ.
1581 5485 1747 5538 είκόνι

1879 5478 2074 5569 ﬁeld;
2123 5478 2712 5569 ngc'iatiusjbitlem
2773 5490 2966 5569 coutlra
3027 5478 3262 5559 Iudaeos.
3312 5479 3415 5541 Qui

195 5562 250 5605 et
418 5551 626 5623 ἀνδρῶν
653 5563 708 5605 et
736 5553 828 5605 τοῦ
856 5551 990 5605 Θεοῦ
1021 5549 1328 5623 προσώπου.

285 5620 374 5689 69)
418 5617 584 5686 Vulgo

196 5690 288 5753 ἀνδ
329 5729 339 5741 .
368 5691 538 5747 πἰεῖν
571 5690 619 5757 β.

263 5707 377 5815 (ἕο)
421 5761 550 5815 "Are
587 5775 619 5810 ,τι

263 5770 282 5829 I

361 5762 377 5826 )
421 5761 550 5827 Ἄγε
587 5759 939 5830 ποιήσωμεν.
973 5759 1082 5818 IIoc
1118 5776 1224 5818 non
1260 5761 1449 5830 probat
1497 5761 1744 5828 Basilius,

1847 5547 2271 5625 quod-sequitur
2302 5555 2368 5607 de
2401 5553 2635 5625 animata
2675 5560 2846 5625 statua
2885 5548 3155 5625 JIOIIIIIIIS_,
3203 5547 3283 5599 sic
3317 5561 3414 5600 ex-

623 5637 680 5673 τε
728 5638 860 5686 οιιι.,
900 5623 1022 5675 deiu
1066 5617 1230 5692 'vulgo
1283 5623 1374 5674 καὶ
1413 5621 1532 5676 καθ’
1561 5625 1652 5692 ὀμ.
1695 5632 1749 5678 et
1847 5617 2077 5747 gressu:
2107 5617 2387 5694 Ἔμψυχος
2413 5620 2574 5674 εἰκὼν
2603 5623 2660 5672 ὲν
2692 5620 2911 5691 μέσῃτῇ
2932 5617 3102 5695 κτίσει
3127 5618 3406 5686 ἐκτορνευ·

1881 5693 2125 5747 είς.Μ.-
2144 5694 2336 5747 Statim
2361 5694 2518 5747 uulgo
2547 5691 2892 5747 πλάσσωμεν.
2917 5699 2971 5745 et
2997 5689 3136 5743 iu‘lra
3163 5684 3406 5739 λευκοτὲε

1881 5693 2125 5757 είς.Μ.-
2144 5684 2336 5748 δὶέιίιῖι
2361 5684 2518 5759 vulgo
2547 5684 2971 5760 πλάσσωμξένξοι
2997 5686 3136 5743 ἱιιϊηι
3163 5684 3408 5739 λευκοτὲκ

1851 5781 1949 5830 ραν
1973 5775 2029 5822 et
2056 5766 2085 5817 6
2114 5764 2243 5826 Θεὸς
2273 5777 2534 5825 παντοκρ.
