  <div class='ocr_page' id='page_1' title='image "/cluster/home/n/w/nwhite01/storage/ocr_20150623/24/uva.x004246623/413.png"; bbox 0 0 4106 6406; ppageno 0'>
   <div class='ocr_carea' id='block_1_1' title="bbox 697 325 803 379">
    <p class='ocr_par' dir='ltr' id='par_1_1' title="bbox 697 325 803 379">
     <span class='ocr_line' id='line_1_1' title="bbox 697 325 803 379; baseline 0.019 -2"><span class='ocrx_word' id='word_1_1' title='bbox 697 325 803 379; x_wconf 81' lang='lat'><strong>795</strong></span> 
     </span>
    </p>
   </div>
   <div class='ocr_carea' id='block_1_2' title="bbox 1422 321 3271 384">
    <p class='ocr_par' dir='ltr' id='par_1_2' title="bbox 1422 321 3271 384">
     <span class='ocr_line' id='line_1_2' title="bbox 1422 321 3271 384; baseline 0.002 -4"><span class='ocrx_word' id='word_1_2' title='bbox 1422 323 1684 381; x_wconf 76' lang='lat' dir='ltr'><strong>EUSEBII</strong></span> <span class='ocrx_word' id='word_1_3' title='bbox 1723 321 2187 381; x_wconf 65' lang='lat' dir='ltr'><strong>CESARIENSIS</strong></span> <span class='ocrx_word' id='word_1_4' title='bbox 2220 322 2372 379; x_wconf 87' lang='lat' dir='ltr'><strong>OPP.</strong></span> <span class='ocrx_word' id='word_1_5' title='bbox 2410 323 2586 380; x_wconf 79' lang='lat' dir='ltr'><strong>PARS</strong></span> <span class='ocrx_word' id='word_1_6' title='bbox 2624 326 2710 380; x_wconf 83' lang='lat' dir='ltr'><strong>IV.</strong></span> <span class='ocrx_word' id='word_1_7' title='bbox 2752 356 2822 367; x_wconf 93' lang='lat'><strong>-—</strong></span> <span class='ocrx_word' id='word_1_8' title='bbox 2857 325 3271 384; x_wconf 74' lang='lat' dir='ltr'><strong>DOGIIATICA.</strong></span> 
     </span>
    </p>
   </div>
   <div class='ocr_carea' id='block_1_3' title="bbox 705 436 2251 510">
    <p class='ocr_par' dir='ltr' id='par_1_3' title="bbox 705 436 2239 507">
     <span class='ocr_line' id='line_1_3' title="bbox 705 436 2239 507; baseline 0.001 -18"><span class='ocrx_word' id='word_1_9' title='bbox 705 458 724 489; x_wconf 76' lang='grc' dir='ltr'><strong>ι</strong></span> <span class='ocrx_word' id='word_1_10' title='bbox 760 439 917 504; x_wconf 69' lang='lat' dir='ltr'><strong>enim,</strong></span> <span class='ocrx_word' id='word_1_11' title='bbox 943 436 1134 506; x_wconf 84' lang='lat' dir='ltr'><strong>inquit,</strong></span> <span class='ocrx_word' id='word_1_12' title='bbox 1162 436 1301 492; x_wconf 79' lang='lat' dir='ltr'><strong>Detts</strong></span> <span class='ocrx_word' id='word_1_13' title='bbox 1332 454 1446 493; x_wconf 74' lang='lat' dir='ltr'><strong>sum</strong></span> <span class='ocrx_word' id='word_1_14' title='bbox 1466 441 1662 507; x_wconf 77' lang='lat' dir='ltr'><strong>primus</strong></span> <span class='ocrx_word' id='word_1_15' title='bbox 1687 458 1700 494; x_wconf 89' lang='lat'>:</span> <span class='ocrx_word' id='word_1_16' title='bbox 1728 438 1838 507; x_wconf 79' lang='lat' dir='ltr'><strong>Ego</strong></span> <span class='ocrx_word' id='word_1_17' title='bbox 1872 439 2010 493; x_wconf 73' lang='lat' dir='ltr'><strong>Deus</strong></span> <span class='ocrx_word' id='word_1_18' title='bbox 2042 448 2239 503; x_wconf 81' lang='lat' dir='ltr'><strong>postre-</strong></span> 
     </span>
    </p>
   </div>
   <div class='ocr_carea' id='block_1_4' title="bbox 2351 436 3905 510">
    <p class='ocr_par' dir='ltr' id='par_1_4' title="bbox 2351 437 3905 510">
     <span class='ocr_line' id='line_1_4' title="bbox 2351 437 3905 510; baseline 0.005 -23"><span class='ocrx_word' id='word_1_19' title='bbox 2351 455 2367 487; x_wconf 81' lang='grc' dir='ltr'><strong>ι</strong></span> <span class='ocrx_word' id='word_1_20' title='bbox 2401 438 2498 490; x_wconf 85' lang='grc' dir='ltr'>οὐκ</span> <span class='ocrx_word' id='word_1_21' title='bbox 2516 437 2661 509; x_wconf 72' lang='grc' dir='ltr'>ἄλλῳ</span> <span class='ocrx_word' id='word_1_22' title='bbox 2678 440 2784 493; x_wconf 81' lang='grc' dir='ltr'>τινὶ</span> <span class='ocrx_word' id='word_1_23' title='bbox 2805 438 2937 493; x_wconf 81' lang='grc' dir='ltr'>ἀλλὰ</span> <span class='ocrx_word' id='word_1_24' title='bbox 2967 439 3044 509; x_wconf 83' lang='grc' dir='ltr'><strong>τῷ</strong></span> <span class='ocrx_word' id='word_1_25' title='bbox 3064 437 3260 492; x_wconf 68' lang='grc' dir='ltr'>ἑαυτοῦ</span> <span class='ocrx_word' id='word_1_26' title='bbox 3292 438 3447 509; x_wconf 83' lang='grc' dir='ltr'><strong>Λόγῳ</strong></span> <span class='ocrx_word' id='word_1_27' title='bbox 3471 437 3905 510; x_wconf 65' lang='grc' dir='ltr'>παρακελεύεται</span> 
     </span>
    </p>
   </div>
   <div class='ocr_carea' id='block_1_5' title="bbox 706 529 2246 595">
    <p class='ocr_par' dir='ltr' id='par_1_5' title="bbox 706 529 2246 595">
     <span class='ocr_line' id='line_1_5' title="bbox 706 529 2246 595; baseline 0.003 -16"><span class='ocrx_word' id='word_1_28' title='bbox 706 550 724 579; x_wconf 74' lang='grc' dir='ltr'><strong>ι</strong></span> <span class='ocrx_word' id='word_1_29' title='bbox 754 544 885 592; x_wconf 72' lang='lat' dir='ltr'><strong>mus,</strong></span> <span class='ocrx_word' id='word_1_30' title='bbox 914 538 962 580; x_wconf 80' lang='lat' dir='ltr'><strong>et</strong></span> <span class='ocrx_word' id='word_1_31' title='bbox 995 538 1188 595; x_wconf 74' lang='lat' dir='ltr'><strong>prater</strong></span> <span class='ocrx_word' id='word_1_32' title='bbox 1208 545 1289 582; x_wconf 79' lang='lat' dir='ltr'><strong>me</strong></span> <span class='ocrx_word' id='word_1_33' title='bbox 1314 546 1416 583; x_wconf 77' lang='lat' dir='ltr'><strong>non</strong></span> <span class='ocrx_word' id='word_1_34' title='bbox 1458 540 1535 584; x_wconf 82' lang='lat' dir='ltr'><strong>est</strong></span> <span class='ocrx_word' id='word_1_35' title='bbox 1568 532 1705 584; x_wconf 75' lang='lat' dir='ltr'><strong>alius</strong></span> <span class='ocrx_word' id='word_1_36' title='bbox 1750 530 1889 584; x_wconf 73' lang='lat' dir='ltr'><strong>Deus</strong></span> <span class='ocrx_word' id='word_1_37' title='bbox 1926 531 1965 582; x_wconf 76' lang='grc'><strong>⁸.</strong></span> <span class='ocrx_word' id='word_1_38' title='bbox 2004 529 2119 584; x_wconf 74' lang='lat' dir='ltr'><strong>Non</strong></span> <span class='ocrx_word' id='word_1_39' title='bbox 2164 538 2246 584; x_wconf 88' lang='lat' dir='ltr'><strong>est</strong></span> 
     </span>
    </p>
   </div>
   <div class='ocr_carea' id='block_1_6' title="bbox 705 616 2247 688">
    <p class='ocr_par' dir='ltr' id='par_1_6' title="bbox 705 616 2247 688">
     <span class='ocr_line' id='line_1_6' title="bbox 705 616 2247 688; baseline 0.003 -20"><span class='ocrx_word' id='word_1_40' title='bbox 705 636 724 668; x_wconf 76' lang='grc' dir='ltr'><strong>ι</strong></span> <span class='ocrx_word' id='word_1_41' title='bbox 762 620 937 685; x_wconf 84' lang='lat' dir='ltr'><strong>itaque</strong></span> <span class='ocrx_word' id='word_1_42' title='bbox 954 616 1135 683; x_wconf 86' lang='lat' dir='ltr'><strong>junior</strong></span> <span class='ocrx_word' id='word_1_43' title='bbox 1159 618 1298 673; x_wconf 90' lang='lat' dir='ltr'><strong>Deus</strong></span> <span class='ocrx_word' id='word_1_44' title='bbox 1319 618 1538 687; x_wconf 86' lang='lat' dir='ltr'><strong>aliquis,</strong></span> <span class='ocrx_word' id='word_1_45' title='bbox 1566 634 1663 674; x_wconf 89' lang='lat' dir='ltr'><strong>nec</strong></span> <span class='ocrx_word' id='word_1_46' title='bbox 1694 620 1744 673; x_wconf 92' lang='lat' dir='ltr'><strong>in</strong></span> <span class='ocrx_word' id='word_1_47' title='bbox 1770 620 2019 674; x_wconf 69' lang='lat' dir='ltr'><strong>secundis</strong></span> <span class='ocrx_word' id='word_1_48' title='bbox 2042 618 2247 688; x_wconf 88' lang='lat' dir='ltr'><strong>positus</strong></span> 
     </span>
    </p>
   </div>
   <div class='ocr_carea' id='block_1_7' title="bbox 705 709 2243 780">
    <p class='ocr_par' dir='ltr' id='par_1_7' title="bbox 705 709 2243 780">
     <span class='ocr_line' id='line_1_7' title="bbox 705 709 2243 780; baseline 0.002 -21"><span class='ocrx_word' id='word_1_49' title='bbox 705 728 723 759; x_wconf 77' lang='grc' dir='ltr'><strong><em>ο</em></strong></span> <span class='ocrx_word' id='word_1_50' title='bbox 765 710 902 763; x_wconf 85' lang='lat' dir='ltr'><strong>Deus</strong></span> <span class='ocrx_word' id='word_1_51' title='bbox 928 709 1145 780; x_wconf 81' lang='lat' dir='ltr'><strong>aliquis,</strong></span> <span class='ocrx_word' id='word_1_52' title='bbox 1173 710 1262 778; x_wconf 89' lang='lat' dir='ltr'><strong>qui</strong></span> <span class='ocrx_word' id='word_1_53' title='bbox 1287 717 1498 778; x_wconf 88' lang='lat' dir='ltr'><strong>poterat</strong></span> <span class='ocrx_word' id='word_1_54' title='bbox 1529 725 1632 765; x_wconf 89' lang='lat' dir='ltr'><strong>una</strong></span> <span class='ocrx_word' id='word_1_55' title='bbox 1678 724 1799 764; x_wconf 89' lang='lat' dir='ltr'><strong>cum</strong></span> <span class='ocrx_word' id='word_1_56' title='bbox 1839 711 1947 763; x_wconf 87' lang='lat' dir='ltr'><strong>Deo</strong></span> <span class='ocrx_word' id='word_1_57' title='bbox 1991 709 2243 779; x_wconf 91' lang='lat' dir='ltr'><strong>operari:</strong></span> 
     </span>
    </p>
   </div>
   <div class='ocr_carea' id='block_1_8' title="bbox 704 797 2247 869">
    <p class='ocr_par' dir='ltr' id='par_1_8' title="bbox 704 797 2247 869">
     <span class='ocr_line' id='line_1_8' title="bbox 704 797 2247 869; baseline 0.003 -23"><span class='ocrx_word' id='word_1_58' title='bbox 704 814 731 846; x_wconf 80' lang='grc' dir='ltr'><strong>ι</strong></span> <span class='ocrx_word' id='word_1_59' title='bbox 766 800 857 851; x_wconf 86' lang='lat' dir='ltr'><strong>sed</strong></span> <span class='ocrx_word' id='word_1_60' title='bbox 884 798 1045 853; x_wconf 87' lang='lat' dir='ltr'><strong>veluti</strong></span> <span class='ocrx_word' id='word_1_61' title='bbox 1073 799 1118 852; x_wconf 91' lang='lat' dir='ltr'><strong>si</strong></span> <span class='ocrx_word' id='word_1_62' title='bbox 1158 797 1278 865; x_wconf 90' lang='lat' dir='ltr'><strong>quis</strong></span> <span class='ocrx_word' id='word_1_63' title='bbox 1298 812 1465 867; x_wconf 89' lang='lat' dir='ltr'><strong>parvo</strong></span> <span class='ocrx_word' id='word_1_64' title='bbox 1491 799 1720 869; x_wconf 89' lang='lat' dir='ltr'><strong>quodam</strong></span> <span class='ocrx_word' id='word_1_65' title='bbox 1742 807 1923 852; x_wconf 80' lang='lat' dir='ltr'><strong>utatur</strong></span> <span class='ocrx_word' id='word_1_66' title='bbox 1947 799 2247 853; x_wconf 86' lang='lat' dir='ltr'><strong>etbumano</strong></span> 
     </span>
    </p>
   </div>
   <div class='ocr_carea' id='block_1_9' title="bbox 707 889 2247 957">
    <p class='ocr_par' dir='ltr' id='par_1_9' title="bbox 707 889 2247 957">
     <span class='ocr_line' id='line_1_9' title="bbox 707 889 2247 957; baseline 0.002 -17"><span class='ocrx_word' id='word_1_67' title='bbox 707 906 725 937; x_wconf 78' lang='grc' dir='ltr'><strong>ι</strong></span> <span class='ocrx_word' id='word_1_68' title='bbox 760 889 1025 957; x_wconf 86' lang='lat' dir='ltr'><strong>exemplo,</strong></span> <span class='ocrx_word' id='word_1_69' title='bbox 1056 890 1127 941; x_wconf 89' lang='lat' dir='ltr'><strong>ita</strong></span> <span class='ocrx_word' id='word_1_70' title='bbox 1169 904 1281 944; x_wconf 89' lang='lat' dir='ltr'><strong>rem</strong></span> <span class='ocrx_word' id='word_1_71' title='bbox 1310 892 1468 944; x_wconf 89' lang='lat' dir='ltr'><strong>istam</strong></span> <span class='ocrx_word' id='word_1_72' title='bbox 1514 890 1786 946; x_wconf 75' lang='lat' dir='ltr'><strong>examinet</strong></span> <span class='ocrx_word' id='word_1_73' title='bbox 1832 892 1900 945; x_wconf 87' lang='lat' dir='ltr'><strong>ad</strong></span> <span class='ocrx_word' id='word_1_74' title='bbox 1945 889 2247 945; x_wconf 84' lang='lat' dir='ltr'><strong>similitudi-</strong></span> 
     </span>
    </p>
   </div>
   <div class='ocr_carea' id='block_1_10' title="bbox 710 979 2245 1044">
    <p class='ocr_par' dir='ltr' id='par_1_10' title="bbox 710 979 2245 1044">
     <span class='ocr_line' id='line_1_10' title="bbox 710 979 2245 1044; baseline 0.001 -15"><span class='ocrx_word' id='word_1_75' title='bbox 710 998 727 1029; x_wconf 81' lang='grc' dir='ltr'><strong>ι</strong></span> <span class='ocrx_word' id='word_1_76' title='bbox 765 995 905 1033; x_wconf 90' lang='lat' dir='ltr'><strong>nem.</strong></span> <span class='ocrx_word' id='word_1_77' title='bbox 925 979 1133 1034; x_wconf 89' lang='lat' dir='ltr'><strong>Sicutsi</strong></span> <span class='ocrx_word' id='word_1_78' title='bbox 1154 989 1450 1035; x_wconf 75' lang='lat' dir='ltr'><strong>statuarum</strong></span> <span class='ocrx_word' id='word_1_79' title='bbox 1473 980 1664 1035; x_wconf 76' lang='lat' dir='ltr'><strong>artifex</strong></span> <span class='ocrx_word' id='word_1_80' title='bbox 1694 981 1983 1044; x_wconf 84' lang='lat' dir='ltr'><strong>excellens,</strong></span> <span class='ocrx_word' id='word_1_81' title='bbox 2009 989 2245 1033; x_wconf 79' lang='lat' dir='ltr'><strong>statuam</strong></span> 
     </span>
    </p>
   </div>
   <div class='ocr_carea' id='block_1_11' title="bbox 708 1068 2246 1139">
    <p class='ocr_par' dir='ltr' id='par_1_11' title="bbox 708 1068 2246 1139">
     <span class='ocr_line' id='line_1_11' title="bbox 708 1068 2246 1139; baseline 0.002 -19"><span class='ocrx_word' id='word_1_82' title='bbox 708 1088 726 1119; x_wconf 77' lang='grc' dir='ltr'><strong>ι</strong></span> <span class='ocrx_word' id='word_1_83' title='bbox 757 1068 989 1123; x_wconf 80' lang='lat' dir='ltr'><strong>conﬂare</strong></span> <span class='ocrx_word' id='word_1_84' title='bbox 1018 1070 1352 1139; x_wconf 88' lang='lat' dir='ltr'><strong>propositum</strong></span> <span class='ocrx_word' id='word_1_85' title='bbox 1406 1071 1633 1135; x_wconf 88' lang='lat' dir='ltr'><strong>habens,</strong></span> <span class='ocrx_word' id='word_1_86' title='bbox 1676 1071 1939 1139; x_wconf 89' lang='lat' dir='ltr'><strong>imprimis</strong></span> <span class='ocrx_word' id='word_1_87' title='bbox 1972 1071 2246 1123; x_wconf 87' lang='lat' dir='ltr'><strong>characte-</strong></span> 
     </span>
    </p>
   </div>
   <div class='ocr_carea' id='block_1_12' title="bbox 708 1158 2247 1230">
    <p class='ocr_par' dir='ltr' id='par_1_12' title="bbox 708 1158 2247 1230">
     <span class='ocr_line' id='line_1_12' title="bbox 708 1158 2247 1230; baseline 0.002 -21"><span class='ocrx_word' id='word_1_88' title='bbox 708 1180 725 1209; x_wconf 76' lang='grc' dir='ltr'><strong>ι</strong></span> <span class='ocrx_word' id='word_1_89' title='bbox 758 1174 845 1214; x_wconf 86' lang='lat' dir='ltr'><strong>ras</strong></span> <span class='ocrx_word' id='word_1_90' title='bbox 872 1160 988 1229; x_wconf 84' lang='lat' dir='ltr'><strong>ejus</strong></span> <span class='ocrx_word' id='word_1_91' title='bbox 1017 1172 1178 1230; x_wconf 87' lang='lat' dir='ltr'><strong>atque</strong></span> <span class='ocrx_word' id='word_1_92' title='bbox 1215 1160 1419 1220; x_wconf 76' lang='lat' dir='ltr'><strong>formas</strong></span> <span class='ocrx_word' id='word_1_93' title='bbox 1437 1174 1619 1215; x_wconf 86' lang='lat' dir='ltr'><strong>secum</strong></span> <span class='ocrx_word' id='word_1_94' title='bbox 1652 1161 1959 1229; x_wconf 74' lang='lat' dir='ltr'><strong>speculatur</strong></span> <span class='ocrx_word' id='word_1_95' title='bbox 1988 1178 2003 1214; x_wconf 88' lang='lat'><strong>:</strong></span> <span class='ocrx_word' id='word_1_96' title='bbox 2060 1158 2247 1213; x_wconf 85' lang='lat' dir='ltr'><strong>latitu-</strong></span> 
     </span>
    </p>
   </div>
   <div class='ocr_carea' id='block_1_13' title="bbox 708 1250 2247 1321">
    <p class='ocr_par' dir='ltr' id='par_1_13' title="bbox 708 1250 2247 1321">
     <span class='ocr_line' id='line_1_13' title="bbox 708 1250 2247 1321; baseline 0.001 -19"><span class='ocrx_word' id='word_1_97' title='bbox 708 1270 726 1302; x_wconf 78' lang='grc' dir='ltr'><strong>ι</strong></span> <span class='ocrx_word' id='word_1_98' title='bbox 773 1252 949 1307; x_wconf 82' lang='lat' dir='ltr'><strong>dinem</strong></span> <span class='ocrx_word' id='word_1_99' title='bbox 990 1252 1243 1321; x_wconf 88' lang='lat' dir='ltr'><strong>deinceps</strong></span> <span class='ocrx_word' id='word_1_100' title='bbox 1271 1260 1325 1305; x_wconf 89' lang='lat' dir='ltr'><strong>et</strong></span> <span class='ocrx_word' id='word_1_101' title='bbox 1368 1250 1758 1321; x_wconf 89' lang='lat' dir='ltr'><strong>longitudinem</strong></span> <span class='ocrx_word' id='word_1_102' title='bbox 1784 1254 2061 1306; x_wconf 85' lang='lat' dir='ltr'><strong>decentem</strong></span> <span class='ocrx_word' id='word_1_103' title='bbox 2098 1251 2247 1320; x_wconf 79' lang='lat' dir='ltr'><strong>cogi-</strong></span> 
     </span>
    </p>
   </div>
   <div class='ocr_carea' id='block_1_14' title="bbox 707 1338 2247 1408">
    <p class='ocr_par' dir='ltr' id='par_1_14' title="bbox 707 1338 2247 1408">
     <span class='ocr_line' id='line_1_14' title="bbox 707 1338 2247 1408; baseline 0.001 -16"><span class='ocrx_word' id='word_1_104' title='bbox 707 1358 727 1391; x_wconf 78' lang='lat' dir='ltr'><strong>s</strong></span> <span class='ocrx_word' id='word_1_105' title='bbox 762 1348 841 1394; x_wconf 91' lang='lat' dir='ltr'><strong>tat</strong></span> <span class='ocrx_word' id='word_1_106' title='bbox 862 1383 877 1405; x_wconf 88' lang='lat'><strong>,</strong></span> <span class='ocrx_word' id='word_1_107' title='bbox 910 1348 967 1395; x_wconf 88' lang='lat' dir='ltr'><strong>et</strong></span> <span class='ocrx_word' id='word_1_108' title='bbox 1007 1339 1172 1395; x_wconf 85' lang='lat' dir='ltr'><strong>totius</strong></span> <span class='ocrx_word' id='word_1_109' title='bbox 1218 1338 1619 1406; x_wconf 86' lang='lat' dir='ltr'><strong>proportionem</strong></span> <span class='ocrx_word' id='word_1_110' title='bbox 1652 1338 1925 1408; x_wconf 88' lang='lat' dir='ltr'><strong>sigillatim</strong></span> <span class='ocrx_word' id='word_1_111' title='bbox 1946 1354 2042 1408; x_wconf 83' lang='lat' dir='ltr'><strong>per</strong></span> <span class='ocrx_word' id='word_1_112' title='bbox 2067 1349 2247 1408; x_wconf 89' lang='lat' dir='ltr'><strong>partes</strong></span> 
     </span>
    </p>
   </div>
   <div class='ocr_carea' id='block_1_15' title="bbox 707 1428 2245 1497">
    <p class='ocr_par' dir='ltr' id='par_1_15' title="bbox 707 1428 2245 1497">
     <span class='ocr_line' id='line_1_15' title="bbox 707 1428 2245 1497; baseline 0.002 -16"><span class='ocrx_word' id='word_1_113' title='bbox 707 1450 724 1481; x_wconf 79' lang='grc' dir='ltr'><strong>ι</strong></span> <span class='ocrx_word' id='word_1_114' title='bbox 764 1432 943 1483; x_wconf 84' lang='lat' dir='ltr'><strong>animo</strong></span> <span class='ocrx_word' id='word_1_115' title='bbox 978 1438 1129 1483; x_wconf 89' lang='lat' dir='ltr'><strong>tenus</strong></span> <span class='ocrx_word' id='word_1_116' title='bbox 1163 1428 1444 1481; x_wconf 87' lang='lat' dir='ltr'><strong>amussitat</strong></span> <span class='ocrx_word' id='word_1_117' title='bbox 1460 1439 1620 1497; x_wconf 86' lang='lat' dir='ltr'><strong>atque</strong></span> <span class='ocrx_word' id='word_1_118' title='bbox 1646 1428 1853 1494; x_wconf 78' lang='lat' dir='ltr'><strong>exigit:</strong></span> <span class='ocrx_word' id='word_1_119' title='bbox 1908 1438 2017 1482; x_wconf 87' lang='lat' dir='ltr'><strong>tum</strong></span> <span class='ocrx_word' id='word_1_120' title='bbox 2036 1431 2245 1484; x_wconf 81' lang='lat' dir='ltr'><strong>domum</strong></span> 
     </span>
    </p>
   </div>
   <div class='ocr_carea' id='block_1_16' title="bbox 708 1517 2245 1587">
    <p class='ocr_par' dir='ltr' id='par_1_16' title="bbox 708 1517 2245 1587">
     <span class='ocr_line' id='line_1_16' title="bbox 708 1517 2245 1587; baseline 0.002 -18"><span class='ocrx_word' id='word_1_121' title='bbox 708 1538 726 1569; x_wconf 82' lang='lat' dir='ltr'><strong>I</strong></span> <span class='ocrx_word' id='word_1_122' title='bbox 770 1520 1064 1583; x_wconf 82' lang='lat' dir='ltr'><strong>materiam,</strong></span> <span class='ocrx_word' id='word_1_123' title='bbox 1104 1531 1177 1571; x_wconf 75' lang='lat' dir='ltr'><strong>tes</strong></span> <span class='ocrx_word' id='word_1_124' title='bbox 1217 1517 1269 1570; x_wconf 92' lang='lat' dir='ltr'><strong>in</strong></span> <span class='ocrx_word' id='word_1_125' title='bbox 1302 1518 1584 1586; x_wconf 89' lang='lat' dir='ltr'><strong>procinctu</strong></span> <span class='ocrx_word' id='word_1_126' title='bbox 1615 1527 1911 1587; x_wconf 90' lang='lat' dir='ltr'><strong>comparat,</strong></span> <span class='ocrx_word' id='word_1_127' title='bbox 1937 1528 1991 1573; x_wconf 80' lang='lat' dir='ltr'><strong>et</strong></span> <span class='ocrx_word' id='word_1_128' title='bbox 2015 1518 2245 1572; x_wconf 82' lang='lat' dir='ltr'><strong>futuram</strong></span> 
     </span>
    </p>
   </div>
   <div class='ocr_carea' id='block_1_17' title="bbox 717 1607 2293 1675">
    <p class='ocr_par' dir='ltr' id='par_1_17' title="bbox 717 1607 2293 1675">
     <span class='ocr_line' id='line_1_17' title="bbox 717 1607 2293 1675; baseline -0.001 -14"><span class='ocrx_word' id='word_1_129' title='bbox 717 1628 737 1661; x_wconf 76' lang='grc' dir='ltr'><strong>ι</strong></span> <span class='ocrx_word' id='word_1_130' title='bbox 778 1608 921 1663; x_wconf 81' lang='lat' dir='ltr'><strong>illam</strong></span> <span class='ocrx_word' id='word_1_131' title='bbox 956 1616 1187 1663; x_wconf 82' lang='lat' dir='ltr'><strong>statuam</strong></span> <span class='ocrx_word' id='word_1_132' title='bbox 1215 1608 1395 1661; x_wconf 86' lang='lat' dir='ltr'><strong>animo</strong></span> <span class='ocrx_word' id='word_1_133' title='bbox 1424 1622 1523 1661; x_wconf 88' lang='lat' dir='ltr'><strong>suo</strong></span> <span class='ocrx_word' id='word_1_134' title='bbox 1554 1607 1879 1661; x_wconf 89' lang='lat' dir='ltr'><strong>delineatam</strong></span> <span class='ocrx_word' id='word_1_135' title='bbox 1913 1608 2247 1675; x_wconf 85' lang='lat' dir='ltr'><strong>complexus,</strong></span> <span class='ocrx_word' id='word_1_136' title='bbox 2290 1648 2293 1653; x_wconf 52' lang='grc' dir='ltr'><strong>μ</strong></span> 
     </span>
    </p>
   </div>
   <div class='ocr_carea' id='block_1_18' title="bbox 708 1696 2251 1766">
    <p class='ocr_par' dir='ltr' id='par_1_18' title="bbox 708 1696 2251 1766">
     <span class='ocr_line' id='line_1_18' title="bbox 708 1696 2251 1766; baseline 0.001 -18"><span class='ocrx_word' id='word_1_137' title='bbox 708 1717 726 1748; x_wconf 80' lang='grc' dir='ltr'><strong>ι</strong></span> <span class='ocrx_word' id='word_1_138' title='bbox 764 1696 973 1766; x_wconf 85' lang='lat' dir='ltr'><strong>sibique</strong></span> <span class='ocrx_word' id='word_1_139' title='bbox 1006 1697 1273 1761; x_wconf 86' lang='lat' dir='ltr'><strong>conscius,</strong></span> <span class='ocrx_word' id='word_1_140' title='bbox 1315 1698 1576 1750; x_wconf 87' lang='lat' dir='ltr'><strong>rationem</strong></span> <span class='ocrx_word' id='word_1_141' title='bbox 1609 1697 1754 1751; x_wconf 87' lang='lat' dir='ltr'><strong>intus</strong></span> <span class='ocrx_word' id='word_1_142' title='bbox 1787 1712 1965 1759; x_wconf 89' lang='lat' dir='ltr'><strong>suam,</strong></span> <span class='ocrx_word' id='word_1_143' title='bbox 2000 1704 2105 1759; x_wconf 78' lang='lat' dir='ltr'><strong>una</strong></span> <span class='ocrx_word' id='word_1_144' title='bbox 2169 1713 2251 1749; x_wconf 82' lang='lat' dir='ltr'><strong>ra-</strong></span> 
     </span>
    </p>
   </div>
   <div class='ocr_carea' id='block_1_19' title="bbox 2350 527 3904 600">
    <p class='ocr_par' dir='ltr' id='par_1_19' title="bbox 2350 527 3904 600">
     <span class='ocr_line' id='line_1_19' title="bbox 2350 527 3904 600; baseline 0.004 -22"><span class='ocrx_word' id='word_1_145' title='bbox 2350 545 2369 577; x_wconf 72' lang='grc' dir='ltr'><strong>ι</strong></span> <span class='ocrx_word' id='word_1_146' title='bbox 2410 527 2603 594; x_wconf 81' lang='grc' dir='ltr'>λέγων·</span> <span class='ocrx_word' id='word_1_147' title='bbox 2651 528 2971 599; x_wconf 75' lang='grc' dir='ltr'><strong>Ποιήσωμεν</strong></span> <span class='ocrx_word' id='word_1_148' title='bbox 3013 529 3297 600; x_wconf 74' lang='grc' dir='ltr'>ἄνθρωπον</span> <span class='ocrx_word' id='word_1_149' title='bbox 3337 531 3397 583; x_wconf 81' lang='grc' dir='ltr'>οὗ</span> <span class='ocrx_word' id='word_1_150' title='bbox 3440 529 3531 585; x_wconf 83' lang='grc' dir='ltr'><strong>τὸν</strong></span> <span class='ocrx_word' id='word_1_151' title='bbox 3574 531 3741 585; x_wconf 82' lang='grc' dir='ltr'>αὑτὸν</span> <span class='ocrx_word' id='word_1_152' title='bbox 3792 534 3904 596; x_wconf 75' lang='grc' dir='ltr'>τοῖς</span> 
     </span>
    </p>
   </div>
   <div class='ocr_carea' id='block_1_20' title="bbox 2349 616 3897 689">
    <p class='ocr_par' dir='ltr' id='par_1_20' title="bbox 2349 616 3897 689">
     <span class='ocr_line' id='line_1_20' title="bbox 2349 616 3897 689; baseline 0.003 -21"><span class='ocrx_word' id='word_1_153' title='bbox 2349 636 2367 668; x_wconf 79' lang='grc' dir='ltr'><strong>ι</strong></span> <span class='ocrx_word' id='word_1_154' title='bbox 2402 616 2579 680; x_wconf 71' lang='grc' dir='ltr'>ἄλλοις</span> <span class='ocrx_word' id='word_1_155' title='bbox 2601 616 2819 688; x_wconf 79' lang='grc' dir='ltr'>τρόπον·</span> <span class='ocrx_word' id='word_1_156' title='bbox 2859 617 2999 688; x_wconf 81' lang='grc' dir='ltr'>λόγῳ</span> <span class='ocrx_word' id='word_1_157' title='bbox 3025 616 3186 689; x_wconf 82' lang='grc' dir='ltr'><strong>γὰρὴ</strong></span> <span class='ocrx_word' id='word_1_158' title='bbox 3220 621 3371 673; x_wconf 80' lang='grc' dir='ltr'>πᾶσα</span> <span class='ocrx_word' id='word_1_159' title='bbox 3407 618 3619 687; x_wconf 70' lang='grc' dir='ltr'>ἐγένετο</span> <span class='ocrx_word' id='word_1_160' title='bbox 3642 620 3838 684; x_wconf 83' lang='grc' dir='ltr'>κτίσις.</span> <span class='ocrx_word' id='word_1_161' title='bbox 3877 641 3897 673; x_wconf 76' lang='grc' dir='ltr'><strong>ι</strong></span> 
     </span>
    </p>
   </div>
   <div class='ocr_carea' id='block_1_21' title="bbox 2345 706 3904 779">
    <p class='ocr_par' dir='ltr' id='par_1_21' title="bbox 2345 706 3904 779">
     <span class='ocr_line' id='line_1_21' title="bbox 2345 706 3904 779; baseline 0.004 -21"><span class='ocrx_word' id='word_1_162' title='bbox 2345 706 2453 759; x_wconf 81' lang='grc' dir='ltr'><strong>Καὶ</strong></span> <span class='ocrx_word' id='word_1_163' title='bbox 2475 706 2682 770; x_wconf 82' lang='grc' dir='ltr'><strong>τούτοις</strong></span> <span class='ocrx_word' id='word_1_164' title='bbox 2720 707 2839 778; x_wconf 82' lang='grc' dir='ltr'>μεθ’</span> <span class='ocrx_word' id='word_1_165' title='bbox 2865 708 3027 779; x_wconf 69' lang='grc' dir='ltr'>ἕτερα</span> <span class='ocrx_word' id='word_1_166' title='bbox 3058 708 3317 777; x_wconf 66' lang='grc' dir='ltr'>ἐπιλέγει·</span> <span class='ocrx_word' id='word_1_167' title='bbox 3360 728 3379 760; x_wconf 73' lang='grc' dir='ltr'><strong>ι</strong></span> <span class='ocrx_word' id='word_1_168' title='bbox 3418 710 3554 764; x_wconf 75' lang='grc' dir='ltr'>Νυνὶ</span> <span class='ocrx_word' id='word_1_169' title='bbox 3576 709 3635 763; x_wconf 78' lang='grc' dir='ltr'><strong>δὲ</strong></span> <span class='ocrx_word' id='word_1_170' title='bbox 3663 710 3904 766; x_wconf 78' lang='grc' dir='ltr'><strong>πιστεύω</strong></span> 
     </span>
    </p>
   </div>
   <div class='ocr_carea' id='block_1_22' title="bbox 2350 796 3899 869">
    <p class='ocr_par' dir='ltr' id='par_1_22' title="bbox 2350 796 3899 869">
     <span class='ocr_line' id='line_1_22' title="bbox 2350 796 3899 869; baseline 0.003 -21"><span class='ocrx_word' id='word_1_171' title='bbox 2350 815 2368 848; x_wconf 75' lang='grc' dir='ltr'><strong>ι</strong></span> <span class='ocrx_word' id='word_1_172' title='bbox 2406 799 2525 860; x_wconf 74' lang='grc' dir='ltr'>ταῖς</span> <span class='ocrx_word' id='word_1_173' title='bbox 2568 796 2741 861; x_wconf 83' lang='grc' dir='ltr'><strong>θείαις</strong></span> <span class='ocrx_word' id='word_1_174' title='bbox 2794 798 3056 869; x_wconf 84' lang='grc' dir='ltr'>Γραφαῐς,</span> <span class='ocrx_word' id='word_1_175' title='bbox 3104 799 3183 853; x_wconf 81' lang='grc' dir='ltr'>ὅτι</span> <span class='ocrx_word' id='word_1_176' title='bbox 3227 796 3308 862; x_wconf 77' lang='grc' dir='ltr'>εἷς</span> <span class='ocrx_word' id='word_1_177' title='bbox 3337 798 3489 864; x_wconf 84' lang='grc' dir='ltr'>Θεὸς,</span> <span class='ocrx_word' id='word_1_178' title='bbox 3527 801 3618 852; x_wconf 74' lang='grc' dir='ltr'>καὶ</span> <span class='ocrx_word' id='word_1_179' title='bbox 3653 800 3682 852; x_wconf 93' lang='lat'><strong>6</strong></span> <span class='ocrx_word' id='word_1_180' title='bbox 3714 800 3899 853; x_wconf 82' lang='grc' dir='ltr'>τούτου</span> 
     </span>
    </p>
   </div>
   <div class='ocr_carea' id='block_1_23' title="bbox 2349 886 3900 961">
    <p class='ocr_par' dir='ltr' id='par_1_23' title="bbox 2349 886 3900 961">
     <span class='ocr_line' id='line_1_23' title="bbox 2349 886 3900 961; baseline 0.005 -23"><span class='ocrx_word' id='word_1_181' title='bbox 2349 905 2368 937; x_wconf 77' lang='grc' dir='ltr'><strong>ι</strong></span> <span class='ocrx_word' id='word_1_182' title='bbox 2402 886 2569 954; x_wconf 84' lang='grc' dir='ltr'>Λόγος</span> <span class='ocrx_word' id='word_1_183' title='bbox 2592 886 2723 951; x_wconf 86' lang='grc' dir='ltr'>Θεὸς</span> <span class='ocrx_word' id='word_1_184' title='bbox 2750 888 2986 959; x_wconf 84' lang='grc' dir='ltr'>προῆλθε</span> <span class='ocrx_word' id='word_1_185' title='bbox 3020 889 3117 961; x_wconf 73' lang='grc' dir='ltr'>μὶν</span> <span class='ocrx_word' id='word_1_186' title='bbox 3146 906 3238 943; x_wconf 78' lang='grc' dir='ltr'><strong>του</strong></span> <span class='ocrx_word' id='word_1_187' title='bbox 3261 890 3493 961; x_wconf 90' lang='grc' dir='ltr'>Πατρὸς,</span> <span class='ocrx_word' id='word_1_188' title='bbox 3523 891 3611 943; x_wconf 82' lang='grc' dir='ltr'><strong>ἴνα</strong></span> <span class='ocrx_word' id='word_1_189' title='bbox 3635 892 3813 945; x_wconf 76' lang='grc' dir='ltr'>πάντα</span> <span class='ocrx_word' id='word_1_190' title='bbox 3834 890 3900 944; x_wconf 76' lang='grc' dir='ltr'>δι’</span> 
     </span>
    </p>
   </div>
   <div class='ocr_carea' id='block_1_24' title="bbox 2350 976 3901 1050">
    <p class='ocr_par' dir='ltr' id='par_1_24' title="bbox 2350 976 3901 1050">
     <span class='ocr_line' id='line_1_24' title="bbox 2350 976 3901 1050; baseline 0.002 -21"><span class='ocrx_word' id='word_1_191' title='bbox 2350 997 2369 1028; x_wconf 74' lang='grc' dir='ltr'><strong>ι</strong></span> <span class='ocrx_word' id='word_1_192' title='bbox 2403 976 2565 1030; x_wconf 82' lang='grc' dir='ltr'>αὑτοῦ</span> <span class='ocrx_word' id='word_1_193' title='bbox 2609 978 2851 1047; x_wconf 72' lang='grc' dir='ltr'>γένηται.</span> <span class='ocrx_word' id='word_1_194' title='bbox 2888 979 3041 1033; x_wconf 84' lang='grc' dir='ltr'>Μετὰ</span> <span class='ocrx_word' id='word_1_195' title='bbox 3081 980 3138 1033; x_wconf 83' lang='grc' dir='ltr'><strong>δὲ</strong></span> <span class='ocrx_word' id='word_1_196' title='bbox 3170 977 3260 1031; x_wconf 85' lang='grc' dir='ltr'><strong>τὸν</strong></span> <span class='ocrx_word' id='word_1_197' title='bbox 3298 979 3485 1048; x_wconf 84' lang='grc' dir='ltr'>καιρὸν</span> <span class='ocrx_word' id='word_1_198' title='bbox 3521 978 3622 1049; x_wconf 84' lang='grc' dir='ltr'>τῆς</span> <span class='ocrx_word' id='word_1_199' title='bbox 3648 980 3901 1050; x_wconf 79' lang='grc' dir='ltr'>κρίσεως,</span> 
     </span>
    </p>
   </div>
   <div class='ocr_carea' id='block_1_25' title="bbox 2350 1067 3905 1141">
    <p class='ocr_par' dir='ltr' id='par_1_25' title="bbox 2350 1067 3905 1141">
     <span class='ocr_line' id='line_1_25' title="bbox 2350 1067 3905 1141; baseline 0.001 -21"><span class='ocrx_word' id='word_1_200' title='bbox 2350 1089 2369 1120; x_wconf 77' lang='grc' dir='ltr'><strong>ι</strong></span> <span class='ocrx_word' id='word_1_201' title='bbox 2406 1070 2497 1123; x_wconf 74' lang='grc' dir='ltr'><strong>καὶ</strong></span> <span class='ocrx_word' id='word_1_202' title='bbox 2520 1067 2619 1139; x_wconf 75' lang='grc' dir='ltr'>τὴν</span> <span class='ocrx_word' id='word_1_203' title='bbox 2642 1068 2750 1121; x_wconf 86' lang='grc' dir='ltr'><strong>τῶν</strong></span> <span class='ocrx_word' id='word_1_204' title='bbox 2769 1067 3021 1122; x_wconf 82' lang='grc' dir='ltr'>ἁπάντων</span> <span class='ocrx_word' id='word_1_205' title='bbox 3039 1067 3339 1141; x_wconf 81' lang='grc' dir='ltr'><strong>διόρθωσιν,</strong></span> <span class='ocrx_word' id='word_1_206' title='bbox 3373 1068 3576 1121; x_wconf 79' lang='grc' dir='ltr'>καὶτὸν</span> <span class='ocrx_word' id='word_1_207' title='bbox 3600 1069 3905 1139; x_wconf 79' lang='grc' dir='ltr'>ἀφανισμὸν</span> 
     </span>
    </p>
   </div>
   <div class='ocr_carea' id='block_1_26' title="bbox 2350 1158 3905 1230">
    <p class='ocr_par' dir='ltr' id='par_1_26' title="bbox 2350 1158 3905 1230">
     <span class='ocr_line' id='line_1_26' title="bbox 2350 1158 3905 1230; baseline 0 -19"><span class='ocrx_word' id='word_1_208' title='bbox 2350 1178 2369 1211; x_wconf 83' lang='grc' dir='ltr'><strong>ι</strong></span> <span class='ocrx_word' id='word_1_209' title='bbox 2404 1160 2503 1230; x_wconf 83' lang='grc' dir='ltr'>τῆς</span> <span class='ocrx_word' id='word_1_210' title='bbox 2541 1160 2926 1230; x_wconf 71' lang='grc' dir='ltr'><strong>ἀντικειμένης</strong></span> <span class='ocrx_word' id='word_1_211' title='bbox 2981 1159 3197 1230; x_wconf 80' lang='grc' dir='ltr'>ἁπάσης</span> <span class='ocrx_word' id='word_1_212' title='bbox 3248 1158 3545 1229; x_wconf 67' lang='grc' dir='ltr'>ἐνεργείας,</span> <span class='ocrx_word' id='word_1_213' title='bbox 3573 1159 3693 1211; x_wconf 88' lang='grc' dir='ltr'>τότε</span> <span class='ocrx_word' id='word_1_214' title='bbox 3744 1159 3905 1224; x_wconf 82' lang='grc' dir='ltr'>αὐτὸς</span> 
     </span>
    </p>
   </div>
   <div class='ocr_carea' id='block_1_27' title="bbox 2350 1236 3904 1321">
    <p class='ocr_par' dir='ltr' id='par_1_27' title="bbox 2350 1236 3904 1321">
     <span class='ocr_line' id='line_1_27' title="bbox 2350 1236 3904 1321; baseline 0.003 -22"><span class='ocrx_word' id='word_1_215' title='bbox 2350 1265 2389 1299; x_wconf 68' lang='lat' dir='ltr'><strong>i‘</strong></span> <span class='ocrx_word' id='word_1_216' title='bbox 2416 1250 2814 1321; x_wconf 76' lang='grc' dir='ltr'><strong>ὑποταγήσεται</strong></span> <span class='ocrx_word' id='word_1_217' title='bbox 2841 1236 2925 1321; x_wconf 8' lang='grc' dir='ltr'><strong>τῷη</strong></span> <span class='ocrx_word' id='word_1_218' title='bbox 2958 1250 3278 1316; x_wconf 79' lang='grc' dir='ltr'><strong>ὑποτάξαντι</strong></span> <span class='ocrx_word' id='word_1_219' title='bbox 3302 1248 3449 1319; x_wconf 84' lang='grc' dir='ltr'><strong>αὑτῷ</strong></span> <span class='ocrx_word' id='word_1_220' title='bbox 3471 1248 3541 1302; x_wconf 84' lang='grc' dir='ltr'>τὰ</span> <span class='ocrx_word' id='word_1_221' title='bbox 3571 1250 3767 1312; x_wconf 80' lang='grc' dir='ltr'>πάντα,</span> <span class='ocrx_word' id='word_1_222' title='bbox 3787 1249 3904 1321; x_wconf 79' lang='grc' dir='ltr'>Θεῷ</span> 
     </span>
    </p>
   </div>
   <div class='ocr_carea' id='block_1_28' title="bbox 2352 1337 3905 1414">
    <p class='ocr_par' dir='ltr' id='par_1_28' title="bbox 2352 1337 3905 1414">
     <span class='ocr_line' id='line_1_28' title="bbox 2352 1337 3905 1414; baseline 0.003 -24"><span class='ocrx_word' id='word_1_223' title='bbox 2352 1358 2369 1390; x_wconf 78' lang='grc' dir='ltr'><strong>ι</strong></span> <span class='ocrx_word' id='word_1_224' title='bbox 2406 1342 2701 1413; x_wconf 75' lang='grc' dir='ltr'>καὶΠατρὶ,</span> <span class='ocrx_word' id='word_1_225' title='bbox 2728 1341 2979 1406; x_wconf 78' lang='grc' dir='ltr'>ῐνόῦτως</span> <span class='ocrx_word' id='word_1_226' title='bbox 3079 1343 3136 1396; x_wconf 70' lang='grc' dir='ltr'>ἐν</span> <span class='ocrx_word' id='word_1_227' title='bbox 3169 1340 3284 1411; x_wconf 83' lang='grc' dir='ltr'>Θεῷ</span> <span class='ocrx_word' id='word_1_228' title='bbox 3310 1342 3339 1393; x_wconf 94' lang='lat'><strong>6</strong></span> <span class='ocrx_word' id='word_1_229' title='bbox 3371 1340 3560 1409; x_wconf 88' lang='grc' dir='ltr'>Λόγος,</span> <span class='ocrx_word' id='word_1_230' title='bbox 3600 1341 3788 1414; x_wconf 82' lang='grc' dir='ltr'>ὥσπερ</span> <span class='ocrx_word' id='word_1_231' title='bbox 3812 1341 3905 1395; x_wconf 81' lang='grc' dir='ltr'>καὶ</span> 
     </span>
    </p>
   </div>
   <div class='ocr_carea' id='block_1_29' title="bbox 2351 1428 3907 1505">
    <p class='ocr_par' dir='ltr' id='par_1_29' title="bbox 2351 1428 3907 1505">
     <span class='ocr_line' id='line_1_29' title="bbox 2351 1428 3907 1505; baseline 0.001 -19"><span class='ocrx_word' id='word_1_232' title='bbox 2351 1451 2369 1481; x_wconf 81' lang='grc' dir='ltr'><strong>ι</strong></span> <span class='ocrx_word' id='word_1_233' title='bbox 2402 1434 2661 1505; x_wconf 87' lang='grc' dir='ltr'>πρότερον</span> <span class='ocrx_word' id='word_1_234' title='bbox 2684 1428 2772 1504; x_wconf 76' lang='grc' dir='ltr'>ἦν,</span> <span class='ocrx_word' id='word_1_235' title='bbox 2803 1434 2909 1504; x_wconf 85' lang='grc' dir='ltr'><strong>πρὸ</strong></span> <span class='ocrx_word' id='word_1_236' title='bbox 2931 1432 3026 1487; x_wconf 90' lang='grc' dir='ltr'><strong>τοῦ</strong></span> <span class='ocrx_word' id='word_1_237' title='bbox 3044 1432 3134 1487; x_wconf 91' lang='grc' dir='ltr'><strong>τὸν</strong></span> <span class='ocrx_word' id='word_1_238' title='bbox 3162 1434 3362 1503; x_wconf 81' lang='grc' dir='ltr'>κόσμον</span> <span class='ocrx_word' id='word_1_239' title='bbox 3387 1431 3779 1498; x_wconf 80' lang='grc' dir='ltr'>εἶναι.οὒδενὸς</span> <span class='ocrx_word' id='word_1_240' title='bbox 3799 1433 3907 1503; x_wconf 80' lang='grc' dir='ltr'><strong>γὰρ</strong></span> 
     </span>
    </p>
   </div>
   <div class='ocr_carea' id='block_1_30' title="bbox 2352 1520 3906 1596">
    <p class='ocr_par' dir='ltr' id='par_1_30' title="bbox 2352 1520 3906 1596">
     <span class='ocr_line' id='line_1_30' title="bbox 2352 1520 3906 1596; baseline 0.001 -22"><span class='ocrx_word' id='word_1_241' title='bbox 2352 1542 2369 1573; x_wconf 78' lang='grc' dir='ltr'><strong>ι</strong></span> <span class='ocrx_word' id='word_1_242' title='bbox 2401 1523 2552 1588; x_wconf 78' lang='grc' dir='ltr'>ὄντος</span> <span class='ocrx_word' id='word_1_243' title='bbox 2605 1524 2865 1596; x_wconf 87' lang='grc' dir='ltr'>πρότερον</span> <span class='ocrx_word' id='word_1_244' title='bbox 2903 1523 2936 1593; x_wconf 77' lang='grc' dir='ltr'><strong>ἢ</strong></span> <span class='ocrx_word' id='word_1_245' title='bbox 2971 1523 3105 1577; x_wconf 87' lang='grc' dir='ltr'><strong>Θεοῦ</strong></span> <span class='ocrx_word' id='word_1_246' title='bbox 3133 1524 3313 1595; x_wconf 87' lang='grc' dir='ltr'>μόνου,</span> <span class='ocrx_word' id='word_1_247' title='bbox 3346 1526 3560 1578; x_wconf 77' lang='grc' dir='ltr'>πάντων</span> <span class='ocrx_word' id='word_1_248' title='bbox 3583 1524 3640 1577; x_wconf 77' lang='grc' dir='ltr'><strong>δὲ</strong></span> <span class='ocrx_word' id='word_1_249' title='bbox 3682 1524 3772 1577; x_wconf 82' lang='grc' dir='ltr'><strong>διὰ</strong></span> <span class='ocrx_word' id='word_1_250' title='bbox 3811 1520 3906 1577; x_wconf 84' lang='grc' dir='ltr'><strong>τοῦ</strong></span> 
     </span>
    </p>
   </div>
   <div class='ocr_carea' id='block_1_31' title="bbox 2351 1612 3909 1685">
    <p class='ocr_par' dir='ltr' id='par_1_31' title="bbox 2351 1612 3909 1685">
     <span class='ocr_line' id='line_1_31' title="bbox 2351 1612 3909 1685; baseline 0.001 -21"><span class='ocrx_word' id='word_1_251' title='bbox 2351 1632 2371 1664; x_wconf 76' lang='grc' dir='ltr'><strong>ι</strong></span> <span class='ocrx_word' id='word_1_252' title='bbox 2408 1614 2577 1681; x_wconf 86' lang='grc' dir='ltr'>Λόγου</span> <span class='ocrx_word' id='word_1_253' title='bbox 2598 1612 2875 1682; x_wconf 84' lang='grc' dir='ltr'>γίγνεσθαι</span> <span class='ocrx_word' id='word_1_254' title='bbox 2909 1613 3225 1684; x_wconf 83' lang='grc' dir='ltr'>μελλόντων,</span> <span class='ocrx_word' id='word_1_255' title='bbox 3253 1612 3521 1685; x_wconf 79' lang='grc' dir='ltr'>προῆλθεν</span> <span class='ocrx_word' id='word_1_256' title='bbox 3544 1615 3573 1666; x_wconf 93' lang='lat'><strong>6</strong></span> <span class='ocrx_word' id='word_1_257' title='bbox 3592 1614 3766 1681; x_wconf 85' lang='grc' dir='ltr'>Λόγος</span> <span class='ocrx_word' id='word_1_258' title='bbox 3779 1613 3909 1683; x_wconf 69' lang='grc' dir='ltr'>δρας-</span> 
     </span>
    </p>
   </div>
   <div class='ocr_carea' id='block_1_32' title="bbox 2355 1697 3903 1778">
    <p class='ocr_par' dir='ltr' id='par_1_32' title="bbox 2355 1697 3903 1778">
     <span class='ocr_line' id='line_1_32' title="bbox 2355 1697 3903 1778; baseline -0.002 -21"><span class='ocrx_word' id='word_1_259' title='bbox 2355 1726 2373 1757; x_wconf 78' lang='grc' dir='ltr'><strong>ι</strong></span> <span class='ocrx_word' id='word_1_260' title='bbox 2412 1709 2567 1777; x_wconf 75' lang='grc' dir='ltr'>στικῇ</span> <span class='ocrx_word' id='word_1_261' title='bbox 2619 1706 2887 1778; x_wconf 64' lang='grc' dir='ltr'>ἐνεργείᾳ,</span> <span class='ocrx_word' id='word_1_262' title='bbox 2933 1708 2962 1759; x_wconf 98' lang='lat'><strong>6</strong></span> <span class='ocrx_word' id='word_1_263' title='bbox 3000 1704 3167 1773; x_wconf 81' lang='grc' dir='ltr'>Λόγος</span> <span class='ocrx_word' id='word_1_264' title='bbox 3201 1697 3355 1767; x_wconf 70' lang='grc' dir='ltr'>οὗτος</span> <span class='ocrx_word' id='word_1_265' title='bbox 3379 1702 3475 1757; x_wconf 90' lang='grc' dir='ltr'><strong>τοῦ</strong></span> <span class='ocrx_word' id='word_1_266' title='bbox 3510 1704 3719 1775; x_wconf 87' lang='grc' dir='ltr'>Πατρὸς</span> <span class='ocrx_word' id='word_1_267' title='bbox 3747 1702 3845 1756; x_wconf 79' lang='grc' dir='ltr'><strong>ὢν.</strong></span> <span class='ocrx_word' id='word_1_268' title='bbox 3884 1722 3903 1753; x_wconf 76' lang='grc' dir='ltr'><strong>ι</strong></span> 
     </span>
    </p>
   </div>
   <div class='ocr_carea' id='block_1_33' title="bbox 707 1763 2251 1865">
    <p class='ocr_par' dir='ltr' id='par_1_33' title="bbox 707 1763 2250 1857">
     <span class='ocr_line' id='line_1_33' title="bbox 707 1763 2250 1857; baseline 0 -18"><span class='ocrx_word' id='word_1_269' title='bbox 707 1806 727 1839; x_wconf 75' lang='grc' dir='ltr'><strong>ι</strong></span> <span class='ocrx_word' id='word_1_270' title='bbox 762 1763 1068 1852; x_wconf 78' lang='lat' dir='ltr'><strong>tiocinatur,</strong></span> <span class='ocrx_word' id='word_1_271' title='bbox 1097 1796 1153 1842; x_wconf 91' lang='lat' dir='ltr'><strong>et</strong></span> <span class='ocrx_word' id='word_1_272' title='bbox 1170 1802 1275 1855; x_wconf 90' lang='lat' dir='ltr'><strong>qua</strong></span> <span class='ocrx_word' id='word_1_273' title='bbox 1297 1787 1616 1841; x_wconf 90' lang='lat' dir='ltr'><strong>administra</strong></span> <span class='ocrx_word' id='word_1_274' title='bbox 1642 1790 1913 1856; x_wconf 88' lang='lat' dir='ltr'><strong>componit</strong></span> <span class='ocrx_word' id='word_1_275' title='bbox 1940 1791 2117 1841; x_wconf 87' lang='lat' dir='ltr'><strong>omnia</strong></span> <span class='ocrx_word' id='word_1_276' title='bbox 2144 1787 2250 1857; x_wconf 86' lang='lat' dir='ltr'><strong>(ni-</strong></span> 
     </span>
    </p>
   </div>
   <div class='ocr_carea' id='block_1_34' title="bbox 2351 1763 3907 1865">
    <p class='ocr_par' dir='ltr' id='par_1_34' title="bbox 2351 1763 3907 1865">
     <span class='ocr_line' id='line_1_34' title="bbox 2351 1763 3907 1865; baseline -0.001 -18"><span class='ocrx_word' id='word_1_277' title='bbox 2351 1795 2456 1848; x_wconf 81' lang='grc' dir='ltr'><strong>Καὶ</strong></span> <span class='ocrx_word' id='word_1_278' title='bbox 2504 1763 2664 1848; x_wconf 48' lang='grc' dir='ltr'>πόλιν</span> <span class='ocrx_word' id='word_1_279' title='bbox 2818 1763 2983 1865; x_wconf 53' lang='lat' dir='ltr'><strong>dum</strong></span> <span class='ocrx_word' id='word_1_280' title='bbox 3008 1763 3243 1847; x_wconf 61' lang='grc' dir='ltr'>διάνοιαν</span> <span class='ocrx_word' id='word_1_281' title='bbox 3262 1763 3582 1861; x_wconf 80' lang='grc' dir='ltr'>λευκότερον</span> <span class='ocrx_word' id='word_1_282' title='bbox 3611 1763 3792 1862; x_wconf 62' lang='grc' dir='ltr'>τίθτλσι</span> <span class='ocrx_word' id='word_1_283' title='bbox 3820 1790 3907 1845; x_wconf 67' lang='lat' dir='ltr'><strong>u-</strong></span> 
     </span>
    </p>
   </div>
   <div class='ocr_carea' id='block_1_35' title="bbox 711 1875 2251 1954">
    <p class='ocr_par' dir='ltr' id='par_1_35' title="bbox 711 1876 2246 1945">
     <span class='ocr_line' id='line_1_35' title="bbox 711 1876 2246 1945; baseline 0 -16"><span class='ocrx_word' id='word_1_284' title='bbox 711 1896 730 1929; x_wconf 80' lang='grc' dir='ltr'><strong>ι</strong></span> <span class='ocrx_word' id='word_1_285' title='bbox 767 1876 841 1930; x_wconf 84' lang='lat' dir='ltr'><strong>hil</strong></span> <span class='ocrx_word' id='word_1_286' title='bbox 870 1877 1068 1930; x_wconf 86' lang='lat' dir='ltr'><strong>etenim</strong></span> <span class='ocrx_word' id='word_1_287' title='bbox 1099 1876 1379 1945; x_wconf 82' lang='lat' dir='ltr'><strong>pulchrum</strong></span> <span class='ocrx_word' id='word_1_288' title='bbox 1404 1886 1506 1938; x_wconf 84' lang='lat' dir='ltr'><strong>est,</strong></span> <span class='ocrx_word' id='word_1_289' title='bbox 1532 1890 1635 1929; x_wconf 92' lang='lat' dir='ltr'><strong>non</strong></span> <span class='ocrx_word' id='word_1_290' title='bbox 1658 1876 1949 1930; x_wconf 86' lang='lat' dir='ltr'><strong>secundum</strong></span> <span class='ocrx_word' id='word_1_291' title='bbox 1982 1877 2246 1929; x_wconf 89' lang='lat' dir='ltr'><strong>rationem</strong></span> 
     </span>
    </p>
   </div>
   <div class='ocr_carea' id='block_1_36' title="bbox 2351 1875 3911 1954">
    <p class='ocr_par' dir='ltr' id='par_1_36' title="bbox 2351 1875 3911 1954">
     <span class='ocr_line' id='line_1_36' title="bbox 2351 1875 3911 1954; baseline -0.001 -19"><span class='ocrx_word' id='word_1_292' title='bbox 2351 1898 2475 1950; x_wconf 84' lang='grc' dir='ltr'>γων·</span> <span class='ocrx_word' id='word_1_293' title='bbox 2501 1883 2613 1952; x_wconf 90' lang='grc' dir='ltr'><strong>Πρὸ</strong></span> <span class='ocrx_word' id='word_1_294' title='bbox 2638 1883 2747 1954; x_wconf 82' lang='grc' dir='ltr'>γὰρ</span> <span class='ocrx_word' id='word_1_295' title='bbox 2774 1882 2867 1935; x_wconf 89' lang='grc' dir='ltr'><strong>τοῦ</strong></span> <span class='ocrx_word' id='word_1_296' title='bbox 2882 1882 2973 1935; x_wconf 89' lang='grc' dir='ltr'><strong>τὸν</strong></span> <span class='ocrx_word' id='word_1_297' title='bbox 3002 1882 3201 1953; x_wconf 78' lang='grc' dir='ltr'>κόσμον</span> <span class='ocrx_word' id='word_1_298' title='bbox 3226 1875 3386 1945; x_wconf 77' lang='grc' dir='ltr'>εῖναι,</span> <span class='ocrx_word' id='word_1_299' title='bbox 3419 1876 3488 1953; x_wconf 79' lang='grc' dir='ltr'>ἦν</span> <span class='ocrx_word' id='word_1_300' title='bbox 3506 1883 3535 1934; x_wconf 90' lang='lat'><strong>6</strong></span> <span class='ocrx_word' id='word_1_301' title='bbox 3558 1881 3727 1949; x_wconf 82' lang='grc' dir='ltr'>Λόγος</span> <span class='ocrx_word' id='word_1_302' title='bbox 3757 1882 3911 1949; x_wconf 73' lang='grc' dir='ltr'>ἑντῳ</span> 
     </span>
    </p>
   </div>
   <div class='ocr_carea' id='block_1_37' title="bbox 706 1966 2246 2037">
    <p class='ocr_par' dir='ltr' id='par_1_37' title="bbox 706 1966 2246 2037">
     <span class='ocr_line' id='line_1_37' title="bbox 706 1966 2246 2037; baseline 0.001 -18"><span class='ocrx_word' id='word_1_303' title='bbox 706 1986 726 2019; x_wconf 81' lang='grc' dir='ltr'><strong>ι</strong></span> <span class='ocrx_word' id='word_1_304' title='bbox 760 1968 1112 2036; x_wconf 85' lang='lat' dir='ltr'><strong>exasciatum)</strong></span> <span class='ocrx_word' id='word_1_305' title='bbox 1135 1968 1223 2021; x_wconf 89' lang='lat' dir='ltr'><strong>ubi</strong></span> <span class='ocrx_word' id='word_1_306' title='bbox 1261 1981 1477 2019; x_wconf 90' lang='lat' dir='ltr'><strong>manum</strong></span> <span class='ocrx_word' id='word_1_307' title='bbox 1509 1966 1799 2022; x_wconf 73' lang='lat' dir='ltr'><strong>admovere</strong></span> <span class='ocrx_word' id='word_1_308' title='bbox 1821 1967 1972 2037; x_wconf 89' lang='lat' dir='ltr'><strong>operi</strong></span> <span class='ocrx_word' id='word_1_309' title='bbox 2016 1968 2204 2035; x_wconf 89' lang='lat' dir='ltr'><strong>incipit</strong></span> <span class='ocrx_word' id='word_1_310' title='bbox 2229 2006 2246 2031; x_wconf 92' lang='lat'><strong>,</strong></span> 
     </span>
    </p>
   </div>
   <div class='ocr_carea' id='block_1_38' title="bbox 707 2056 2249 2128">
    <p class='ocr_par' dir='ltr' id='par_1_38' title="bbox 707 2056 2249 2128">
     <span class='ocr_line' id='line_1_38' title="bbox 707 2056 2249 2128; baseline 0 -17"><span class='ocrx_word' id='word_1_311' title='bbox 707 2076 728 2111; x_wconf 77' lang='grc' dir='ltr'><strong>ι</strong></span> <span class='ocrx_word' id='word_1_312' title='bbox 766 2059 839 2111; x_wconf 86' lang='lat' dir='ltr'><strong>ita</strong></span> <span class='ocrx_word' id='word_1_313' title='bbox 880 2065 1129 2127; x_wconf 85' lang='lat' dir='ltr'><strong>tanquam</strong></span> <span class='ocrx_word' id='word_1_314' title='bbox 1165 2058 1387 2112; x_wconf 86' lang='lat' dir='ltr'><strong>alteram</strong></span> <span class='ocrx_word' id='word_1_315' title='bbox 1423 2072 1705 2126; x_wconf 84' lang='lat' dir='ltr'><strong>personam</strong></span> <span class='ocrx_word' id='word_1_316' title='bbox 1732 2056 1927 2113; x_wconf 76' lang='lat' dir='ltr'><strong>aﬂ&#39;atur</strong></span> <span class='ocrx_word' id='word_1_317' title='bbox 1957 2075 1972 2111; x_wconf 89' lang='lat'><strong>:</strong></span> <span class='ocrx_word' id='word_1_318' title='bbox 1999 2059 2131 2128; x_wconf 82' lang='lat' dir='ltr'><strong>Age,</strong></span> <span class='ocrx_word' id='word_1_319' title='bbox 2169 2058 2249 2119; x_wconf 72' lang='lat' dir='ltr'><strong>fa~</strong></span> 
     </span>
    </p>
   </div>
   <div class='ocr_carea' id='block_1_39' title="bbox 706 2145 2249 2218">
    <p class='ocr_par' dir='ltr' id='par_1_39' title="bbox 706 2145 2249 2218">
     <span class='ocr_line' id='line_1_39' title="bbox 706 2145 2249 2218; baseline 0.001 -18"><span class='ocrx_word' id='word_1_320' title='bbox 706 2167 727 2200; x_wconf 79' lang='grc' dir='ltr'><strong>ι</strong></span> <span class='ocrx_word' id='word_1_321' title='bbox 762 2148 991 2213; x_wconf 89' lang='lat' dir='ltr'><strong>ciamus,</strong></span> <span class='ocrx_word' id='word_1_322' title='bbox 1023 2147 1272 2216; x_wconf 85' lang='lat' dir='ltr'><strong>inquiens</strong></span> <span class='ocrx_word' id='word_1_323' title='bbox 1310 2165 1325 2200; x_wconf 90' lang='lat'><strong>:</strong></span> <span class='ocrx_word' id='word_1_324' title='bbox 1384 2161 1483 2217; x_wconf 86' lang='lat' dir='ltr'><strong>age</strong></span> <span class='ocrx_word' id='word_1_325' title='bbox 1521 2145 1834 2218; x_wconf 73' lang='lat' dir='ltr'><strong>elﬁngamns</strong></span> <span class='ocrx_word' id='word_1_326' title='bbox 1885 2158 2136 2203; x_wconf 85' lang='lat' dir='ltr'><strong>statuam.</strong></span> <span class='ocrx_word' id='word_1_327' title='bbox 2167 2148 2249 2202; x_wconf 77' lang='lat' dir='ltr'><strong>Ad</strong></span> 
     </span>
    </p>
   </div>
   <div class='ocr_carea' id='block_1_40' title="bbox 706 2238 2251 2303">
    <p class='ocr_par' dir='ltr' id='par_1_40' title="bbox 706 2238 2251 2303">
     <span class='ocr_line' id='line_1_40' title="bbox 706 2238 2251 2303; baseline 0 -12"><span class='ocrx_word' id='word_1_328' title='bbox 706 2258 727 2291; x_wconf 78' lang='grc' dir='ltr'><strong>ι</strong></span> <span class='ocrx_word' id='word_1_329' title='bbox 757 2240 998 2295; x_wconf 89' lang='lat' dir='ltr'><strong>eumdem</strong></span> <span class='ocrx_word' id='word_1_330' title='bbox 1022 2239 1236 2293; x_wconf 88' lang='lat' dir='ltr'><strong>modum</strong></span> <span class='ocrx_word' id='word_1_331' title='bbox 1270 2238 1643 2293; x_wconf 89' lang='lat' dir='ltr'><strong>universorum</strong></span> <span class='ocrx_word' id='word_1_332' title='bbox 1683 2238 1943 2295; x_wconf 85' lang='lat' dir='ltr'><strong>Dominus</strong></span> <span class='ocrx_word' id='word_1_333' title='bbox 1976 2238 2136 2303; x_wconf 86' lang='lat' dir='ltr'><strong>Deus,</strong></span> <span class='ocrx_word' id='word_1_334' title='bbox 2172 2240 2251 2292; x_wconf 87' lang='lat' dir='ltr'><strong>vi-</strong></span> 
     </span>
    </p>
   </div>
   <div class='ocr_carea' id='block_1_41' title="bbox 705 2330 2248 2396">
    <p class='ocr_par' dir='ltr' id='par_1_41' title="bbox 705 2330 2248 2396">
     <span class='ocr_line' id='line_1_41' title="bbox 705 2330 2248 2396; baseline 0.001 -13"><span class='ocrx_word' id='word_1_335' title='bbox 705 2350 725 2383; x_wconf 76' lang='grc' dir='ltr'><strong>ι</strong></span> <span class='ocrx_word' id='word_1_336' title='bbox 765 2341 977 2386; x_wconf 78' lang='lat' dir='ltr'><strong>ventem</strong></span> <span class='ocrx_word' id='word_1_337' title='bbox 1003 2332 1069 2386; x_wconf 86' lang='lat' dir='ltr'><strong>de</strong></span> <span class='ocrx_word' id='word_1_338' title='bbox 1095 2341 1238 2386; x_wconf 87' lang='lat' dir='ltr'><strong>terra</strong></span> <span class='ocrx_word' id='word_1_339' title='bbox 1258 2340 1489 2386; x_wconf 90' lang='lat' dir='ltr'><strong>statuam</strong></span> <span class='ocrx_word' id='word_1_340' title='bbox 1514 2330 1831 2396; x_wconf 85' lang='lat' dir='ltr'><strong>eilinxurus,</strong></span> <span class='ocrx_word' id='word_1_341' title='bbox 1851 2345 1956 2386; x_wconf 86' lang='lat' dir='ltr'><strong>non</strong></span> <span class='ocrx_word' id='word_1_342' title='bbox 1988 2332 2054 2385; x_wconf 86' lang='lat' dir='ltr'><strong>ad</strong></span> <span class='ocrx_word' id='word_1_343' title='bbox 2087 2331 2248 2385; x_wconf 88' lang='lat' dir='ltr'><strong>alium</strong></span> 
     </span>
    </p>
   </div>
   <div class='ocr_carea' id='block_1_42' title="bbox 707 2420 2251 2491">
    <p class='ocr_par' dir='ltr' id='par_1_42' title="bbox 707 2420 2251 2491">
     <span class='ocr_line' id='line_1_42' title="bbox 707 2420 2251 2491; baseline 0.002 -19"><span class='ocrx_word' id='word_1_344' title='bbox 707 2441 727 2472; x_wconf 77' lang='grc' dir='ltr'><strong>ι</strong></span> <span class='ocrx_word' id='word_1_345' title='bbox 762 2422 1012 2491; x_wconf 79' lang='lat' dir='ltr'><strong>aliquem,</strong></span> <span class='ocrx_word' id='word_1_346' title='bbox 1034 2422 1127 2477; x_wconf 90' lang='lat' dir='ltr'><strong>sed</strong></span> <span class='ocrx_word' id='word_1_347' title='bbox 1158 2423 1225 2475; x_wconf 87' lang='lat' dir='ltr'><strong>ad</strong></span> <span class='ocrx_word' id='word_1_348' title='bbox 1251 2437 1405 2477; x_wconf 90' lang='lat' dir='ltr'><strong>suum</strong></span> <span class='ocrx_word' id='word_1_349' title='bbox 1450 2422 1622 2490; x_wconf 90' lang='lat' dir='ltr'><strong>ipsius</strong></span> <span class='ocrx_word' id='word_1_350' title='bbox 1675 2420 1993 2477; x_wconf 85' lang='lat' dir='ltr'><strong>Sermonem</strong></span> <span class='ocrx_word' id='word_1_351' title='bbox 2018 2437 2075 2477; x_wconf 86' lang='lat' dir='ltr'><strong>se</strong></span> <span class='ocrx_word' id='word_1_352' title='bbox 2103 2437 2251 2475; x_wconf 87' lang='lat' dir='ltr'><strong>com-</strong></span> 
     </span>
    </p>
   </div>
   <div class='ocr_carea' id='block_1_43' title="bbox 710 2504 2269 2581">
    <p class='ocr_par' dir='ltr' id='par_1_43' title="bbox 710 2504 2269 2581">
     <span class='ocr_line' id='line_1_43' title="bbox 710 2504 2269 2581; baseline 0.001 -18"><span class='ocrx_word' id='word_1_353' title='bbox 710 2530 729 2563; x_wconf 78' lang='grc' dir='ltr'><strong>ι</strong></span> <span class='ocrx_word' id='word_1_354' title='bbox 770 2504 941 2581; x_wconf 79' lang='lat' dir='ltr'><strong>ponit,</strong></span> <span class='ocrx_word' id='word_1_355' title='bbox 965 2510 1272 2575; x_wconf 79' lang='lat' dir='ltr'><strong>Faciamus,</strong></span> <span class='ocrx_word' id='word_1_356' title='bbox 1306 2512 1483 2576; x_wconf 77' lang='lat' dir='ltr'><strong>aiens,</strong></span> <span class='ocrx_word' id='word_1_357' title='bbox 1513 2512 1796 2577; x_wconf 75' lang='lat' dir='ltr'><strong>hominm,</strong></span> <span class='ocrx_word' id='word_1_358' title='bbox 1846 2526 1950 2567; x_wconf 85' lang='lat' dir='ltr'><strong>non</strong></span> <span class='ocrx_word' id='word_1_359' title='bbox 2000 2512 2067 2566; x_wconf 85' lang='lat' dir='ltr'><strong>ad</strong></span> <span class='ocrx_word' id='word_1_360' title='bbox 2094 2512 2269 2567; x_wconf 46' lang='lat' dir='ltr'><strong>eum;</strong></span> 
     </span>
    </p>
   </div>
   <div class='ocr_carea' id='block_1_44' title="bbox 707 2600 2248 2670">
    <p class='ocr_par' dir='ltr' id='par_1_44' title="bbox 707 2600 2248 2670">
     <span class='ocr_line' id='line_1_44' title="bbox 707 2600 2248 2670; baseline 0.001 -17"><span class='ocrx_word' id='word_1_361' title='bbox 707 2620 727 2653; x_wconf 75' lang='grc' dir='ltr'><strong>ι</strong></span> <span class='ocrx_word' id='word_1_362' title='bbox 762 2602 881 2657; x_wconf 83' lang='lat' dir='ltr'><strong>dem</strong></span> <span class='ocrx_word' id='word_1_363' title='bbox 916 2601 1129 2656; x_wconf 90' lang='lat' dir='ltr'><strong>modum</strong></span> <span class='ocrx_word' id='word_1_364' title='bbox 1157 2616 1263 2670; x_wconf 89' lang='lat' dir='ltr'><strong>quo</strong></span> <span class='ocrx_word' id='word_1_365' title='bbox 1306 2612 1498 2656; x_wconf 60' lang='lat' dir='ltr'><strong>cetera</strong></span> <span class='ocrx_word' id='word_1_366' title='bbox 1529 2617 1545 2655; x_wconf 90' lang='lat'><strong>:</strong></span> <span class='ocrx_word' id='word_1_367' title='bbox 1587 2615 1709 2655; x_wconf 88' lang='lat' dir='ltr'><strong>nam</strong></span> <span class='ocrx_word' id='word_1_368' title='bbox 1759 2610 1907 2655; x_wconf 90' lang='lat' dir='ltr'><strong>certe</strong></span> <span class='ocrx_word' id='word_1_369' title='bbox 1952 2600 2248 2655; x_wconf 85' lang='lat' dir='ltr'><strong>secundum</strong></span> 
     </span>
    </p>
   </div>
   <div class='ocr_carea' id='block_1_45' title="bbox 707 2694 2250 2765">
    <p class='ocr_par' dir='ltr' id='par_1_45' title="bbox 707 2694 2250 2765">
     <span class='ocr_line' id='line_1_45' title="bbox 707 2694 2250 2765; baseline 0.003 -19"><span class='ocrx_word' id='word_1_370' title='bbox 707 2712 726 2745; x_wconf 74' lang='grc' dir='ltr'><strong>ι</strong></span> <span class='ocrx_word' id='word_1_371' title='bbox 769 2695 1032 2750; x_wconf 88' lang='lat' dir='ltr'><strong>rationem</strong></span> <span class='ocrx_word' id='word_1_372' title='bbox 1056 2696 1309 2751; x_wconf 82' lang='lat' dir='ltr'><strong>universa</strong></span> <span class='ocrx_word' id='word_1_373' title='bbox 1334 2694 1726 2750; x_wconf 81' lang='lat' dir='ltr'><strong>formabantur.</strong></span> <span class='ocrx_word' id='word_1_374' title='bbox 1764 2714 1783 2747; x_wconf 72' lang='grc' dir='ltr'><strong>ι</strong></span> <span class='ocrx_word' id='word_1_375' title='bbox 1803 2694 1964 2751; x_wconf 81' lang='lat' dir='ltr'><strong>Addit</strong></span> <span class='ocrx_word' id='word_1_376' title='bbox 1987 2696 2104 2751; x_wconf 88' lang='lat' dir='ltr'><strong>istis</strong></span> <span class='ocrx_word' id='word_1_377' title='bbox 2132 2706 2250 2765; x_wconf 91' lang='lat' dir='ltr'><strong>post</strong></span> 
     </span>
    </p>
   </div>
   <div class='ocr_carea' id='block_1_46' title="bbox 701 2783 2248 2859">
    <p class='ocr_par' dir='ltr' id='par_1_46' title="bbox 701 2783 2248 2859">
     <span class='ocr_line' id='line_1_46' title="bbox 701 2783 2248 2859; baseline 0.003 -22"><span class='ocrx_word' id='word_1_378' title='bbox 701 2786 804 2839; x_wconf 79' lang='lat' dir='ltr'><strong>alia</strong></span> <span class='ocrx_word' id='word_1_379' title='bbox 838 2798 854 2839; x_wconf 91' lang='lat'><strong>:</strong></span> <span class='ocrx_word' id='word_1_380' title='bbox 884 2784 975 2858; x_wconf 70' lang='grc' dir='ltr'><strong>[Β.</strong></span> <span class='ocrx_word' id='word_1_381' title='bbox 996 2783 1172 2859; x_wconf 83' lang='lat' dir='ltr'>CVIII]</span> <span class='ocrx_word' id='word_1_382' title='bbox 1235 2803 1255 2838; x_wconf 74' lang='grc' dir='ltr'><strong>ι</strong></span> <span class='ocrx_word' id='word_1_383' title='bbox 1309 2784 1462 2841; x_wconf 80' lang='lat' dir='ltr'><strong>Nunc</strong></span> <span class='ocrx_word' id='word_1_384' title='bbox 1519 2794 1701 2842; x_wconf 89' lang='lat' dir='ltr'><strong>autem</strong></span> <span class='ocrx_word' id='word_1_385' title='bbox 1750 2787 1922 2842; x_wconf 88' lang='lat' dir='ltr'><strong>sacris</strong></span> <span class='ocrx_word' id='word_1_386' title='bbox 1953 2786 2248 2854; x_wconf 87' lang='lat' dir='ltr'><strong>Scripturis</strong></span> 
     </span>
    </p>
   </div>
   <div class='ocr_carea' id='block_1_47' title="bbox 706 2877 2246 2946">
    <p class='ocr_par' dir='ltr' id='par_1_47' title="bbox 706 2877 2246 2946">
     <span class='ocr_line' id='line_1_47' title="bbox 706 2877 2246 2946; baseline 0.003 -18"><span class='ocrx_word' id='word_1_387' title='bbox 706 2894 727 2928; x_wconf 74' lang='grc' dir='ltr'><strong>ι</strong></span> <span class='ocrx_word' id='word_1_388' title='bbox 756 2879 936 2941; x_wconf 83' lang='lat' dir='ltr'><strong>credo,</strong></span> <span class='ocrx_word' id='word_1_389' title='bbox 963 2877 1105 2946; x_wconf 90' lang='lat' dir='ltr'><strong>quod</strong></span> <span class='ocrx_word' id='word_1_390' title='bbox 1125 2892 1262 2932; x_wconf 91' lang='lat' dir='ltr'><strong>unus</strong></span> <span class='ocrx_word' id='word_1_391' title='bbox 1290 2878 1363 2933; x_wconf 87' lang='lat' dir='ltr'><strong>sit</strong></span> <span class='ocrx_word' id='word_1_392' title='bbox 1398 2877 1560 2942; x_wconf 89' lang='lat' dir='ltr'><strong>Deus,</strong></span> <span class='ocrx_word' id='word_1_393' title='bbox 1607 2886 1664 2932; x_wconf 89' lang='lat' dir='ltr'><strong>et</strong></span> <span class='ocrx_word' id='word_1_394' title='bbox 1697 2877 1814 2946; x_wconf 86' lang='lat' dir='ltr'><strong>ejus</strong></span> <span class='ocrx_word' id='word_1_395' title='bbox 1843 2877 2075 2932; x_wconf 90' lang='lat' dir='ltr'><strong>Verbum</strong></span> <span class='ocrx_word' id='word_1_396' title='bbox 2104 2877 2246 2933; x_wconf 80' lang='lat' dir='ltr'><strong>Deus</strong></span> 
     </span>
    </p>
   </div>
   <div class='ocr_carea' id='block_1_48' title="bbox 706 2963 2245 3037">
    <p class='ocr_par' dir='ltr' id='par_1_48' title="bbox 706 2963 2245 3037">
     <span class='ocr_line' id='line_1_48' title="bbox 706 2963 2245 3037; baseline 0.003 -21"><span class='ocrx_word' id='word_1_397' title='bbox 706 2984 726 3016; x_wconf 76' lang='grc' dir='ltr'><strong>ι</strong></span> <span class='ocrx_word' id='word_1_398' title='bbox 761 2979 791 3019; x_wconf 92' lang='lat' dir='ltr'><strong>e</strong></span> <span class='ocrx_word' id='word_1_399' title='bbox 812 2963 971 3021; x_wconf 80' lang='lat' dir='ltr'><strong>Patre</strong></span> <span class='ocrx_word' id='word_1_400' title='bbox 998 2965 1212 3036; x_wconf 89' lang='lat' dir='ltr'><strong>quidem</strong></span> <span class='ocrx_word' id='word_1_401' title='bbox 1242 2967 1397 3037; x_wconf 89' lang='lat' dir='ltr'><strong>exiit,</strong></span> <span class='ocrx_word' id='word_1_402' title='bbox 1418 2976 1479 3024; x_wconf 88' lang='lat' dir='ltr'><strong>ut</strong></span> <span class='ocrx_word' id='word_1_403' title='bbox 1503 2966 1684 3023; x_wconf 89' lang='lat' dir='ltr'><strong>omnia</strong></span> <span class='ocrx_word' id='word_1_404' title='bbox 1708 2980 1804 3034; x_wconf 93' lang='lat' dir='ltr'><strong>per</strong></span> <span class='ocrx_word' id='word_1_405' title='bbox 1835 2965 1983 3021; x_wconf 85' lang='lat' dir='ltr'><strong>illum</strong></span> <span class='ocrx_word' id='word_1_406' title='bbox 2036 2966 2245 3020; x_wconf 82' lang='lat' dir='ltr'><strong>ﬂerent.</strong></span> 
     </span>
    </p>
   </div>
   <div class='ocr_carea' id='block_1_49' title="bbox 2353 1970 3912 2043">
    <p class='ocr_par' dir='ltr' id='par_1_49' title="bbox 2353 1970 3912 2043">
     <span class='ocr_line' id='line_1_49' title="bbox 2353 1970 3912 2043; baseline -0.001 -19"><span class='ocrx_word' id='word_1_407' title='bbox 2353 1991 2371 2024; x_wconf 75' lang='grc' dir='ltr'><strong>ι</strong></span> <span class='ocrx_word' id='word_1_408' title='bbox 2397 1974 2589 2043; x_wconf 91' lang='grc' dir='ltr'>Πατρί.</span> <span class='ocrx_word' id='word_1_409' title='bbox 2616 1974 2743 2026; x_wconf 84' lang='grc' dir='ltr'>ὐτε</span> <span class='ocrx_word' id='word_1_410' title='bbox 2770 1972 2827 2025; x_wconf 78' lang='grc' dir='ltr'><strong>δὲ</strong></span> <span class='ocrx_word' id='word_1_411' title='bbox 2846 1973 2875 2025; x_wconf 89' lang='lat'><strong>6</strong></span> <span class='ocrx_word' id='word_1_412' title='bbox 2903 1970 3437 2042; x_wconf 78' lang='grc' dir='ltr'>Θεὸςπαντοκράτωρ</span> <span class='ocrx_word' id='word_1_413' title='bbox 3461 1970 3637 2023; x_wconf 81' lang='grc' dir='ltr'>πάντα</span> <span class='ocrx_word' id='word_1_414' title='bbox 3652 1972 3721 2023; x_wconf 82' lang='grc' dir='ltr'>τὰ</span> <span class='ocrx_word' id='word_1_415' title='bbox 3746 1973 3803 2023; x_wconf 75' lang='grc' dir='ltr'>ὲν</span> <span class='ocrx_word' id='word_1_416' title='bbox 3822 1971 3912 2024; x_wconf 77' lang='lat'><strong>06-</strong></span> 
     </span>
    </p>
   </div>
   <div class='ocr_carea' id='block_1_50' title="bbox 2351 2058 3911 2134">
    <p class='ocr_par' dir='ltr' id='par_1_50' title="bbox 2351 2058 3911 2134">
     <span class='ocr_line' id='line_1_50' title="bbox 2351 2058 3911 2134; baseline -0.003 -18"><span class='ocrx_word' id='word_1_417' title='bbox 2351 2084 2369 2115; x_wconf 76' lang='grc' dir='ltr'><strong>ι</strong></span> <span class='ocrx_word' id='word_1_418' title='bbox 2404 2066 2583 2134; x_wconf 87' lang='grc' dir='ltr'>ρανοίς</span> <span class='ocrx_word' id='word_1_419' title='bbox 2614 2063 2709 2116; x_wconf 74' lang='grc' dir='ltr'>καὶ</span> <span class='ocrx_word' id='word_1_420' title='bbox 2749 2062 2842 2115; x_wconf 65' lang='grc' dir='ltr'><strong>ἐπὶ</strong></span> <span class='ocrx_word' id='word_1_421' title='bbox 2872 2062 2976 2131; x_wconf 84' lang='grc' dir='ltr'>γῆς</span> <span class='ocrx_word' id='word_1_422' title='bbox 3012 2058 3273 2131; x_wconf 88' lang='grc' dir='ltr'>προῦθετο</span> <span class='ocrx_word' id='word_1_423' title='bbox 3317 2060 3561 2129; x_wconf 75' lang='grc' dir='ltr'>ποιῆσαι,</span> <span class='ocrx_word' id='word_1_424' title='bbox 3585 2062 3911 2132; x_wconf 76' lang='grc' dir='ltr'>ἐνεργείαςὴ</span> 
     </span>
    </p>
   </div>
   <div class='ocr_carea' id='block_1_51' title="bbox 2351 2150 3911 2224">
    <p class='ocr_par' dir='ltr' id='par_1_51' title="bbox 2351 2150 3911 2224">
     <span class='ocr_line' id='line_1_51' title="bbox 2351 2150 3911 2224; baseline -0.003 -17"><span class='ocrx_word' id='word_1_425' title='bbox 2351 2175 2370 2207; x_wconf 83' lang='grc'><strong><em>‹</em></strong></span> <span class='ocrx_word' id='word_1_426' title='bbox 2406 2154 2500 2207; x_wconf 90' lang='grc' dir='ltr'><strong>τοῦ</strong></span> <span class='ocrx_word' id='word_1_427' title='bbox 2522 2154 2724 2224; x_wconf 78' lang='grc' dir='ltr'>κόσμου</span> <span class='ocrx_word' id='word_1_428' title='bbox 2752 2152 2961 2222; x_wconf 80' lang='grc' dir='ltr'>γένεσις</span> <span class='ocrx_word' id='word_1_429' title='bbox 2992 2150 3157 2204; x_wconf 69' lang='grc' dir='ltr'>ἐδεῖτο</span> <span class='ocrx_word' id='word_1_430' title='bbox 3179 2150 3495 2222; x_wconf 80' lang='grc' dir='ltr'>δραστικῆς·</span> <span class='ocrx_word' id='word_1_431' title='bbox 3512 2150 3606 2203; x_wconf 54' lang='grc' dir='ltr'><strong>καί⁵</strong></span> <span class='ocrx_word' id='word_1_432' title='bbox 3625 2150 3714 2204; x_wconf 80' lang='grc' dir='ltr'><strong>διὰ</strong></span> <span class='ocrx_word' id='word_1_433' title='bbox 3732 2150 3911 2214; x_wconf 78' lang='grc' dir='ltr'>τοῦτο,</span> 
     </span>
    </p>
   </div>
   <div class='ocr_carea' id='block_1_52' title="bbox 2354 2239 3914 2315">
    <p class='ocr_par' dir='ltr' id='par_1_52' title="bbox 2354 2239 3914 2315">
     <span class='ocr_line' id='line_1_52' title="bbox 2354 2239 3914 2315; baseline -0.001 -19"><span class='ocrx_word' id='word_1_434' title='bbox 2354 2264 2372 2296; x_wconf 78' lang='grc' dir='ltr'><strong>ι</strong></span> <span class='ocrx_word' id='word_1_435' title='bbox 2404 2243 2627 2315; x_wconf 82' lang='grc' dir='ltr'>μηδενὸς</span> <span class='ocrx_word' id='word_1_436' title='bbox 2654 2243 2804 2305; x_wconf 72' lang='grc' dir='ltr'>ὄντος</span> <span class='ocrx_word' id='word_1_437' title='bbox 2844 2242 3028 2313; x_wconf 75' lang='grc' dir='ltr'>ἑτέρου</span> <span class='ocrx_word' id='word_1_438' title='bbox 3078 2240 3218 2313; x_wconf 78' lang='grc' dir='ltr'>πλὴν</span> <span class='ocrx_word' id='word_1_439' title='bbox 3260 2239 3353 2295; x_wconf 89' lang='grc' dir='ltr'><strong>τοῦ</strong></span> <span class='ocrx_word' id='word_1_440' title='bbox 3378 2240 3535 2307; x_wconf 87' lang='grc' dir='ltr'>Θεοῦ,</span> <span class='ocrx_word' id='word_1_441' title='bbox 3558 2240 3760 2310; x_wconf 83' lang='grc' dir='ltr'>(πάντα</span> <span class='ocrx_word' id='word_1_442' title='bbox 3806 2241 3914 2312; x_wconf 79' lang='grc' dir='ltr'><strong>γὰρ</strong></span> 
     </span>
    </p>
   </div>
   <div class='ocr_carea' id='block_1_53' title="bbox 2353 2327 3913 2405">
    <p class='ocr_par' dir='ltr' id='par_1_53' title="bbox 2353 2327 3913 2405">
     <span class='ocr_line' id='line_1_53' title="bbox 2353 2327 3913 2405; baseline -0.001 -20"><span class='ocrx_word' id='word_1_443' title='bbox 2353 2353 2371 2385; x_wconf 75' lang='grc' dir='ltr'><strong>ι</strong></span> <span class='ocrx_word' id='word_1_444' title='bbox 2402 2333 2739 2405; x_wconf 79' lang='grc' dir='ltr'>ὁμολογεῖται</span> <span class='ocrx_word' id='word_1_445' title='bbox 2781 2332 2872 2385; x_wconf 79' lang='grc' dir='ltr'><strong>ὑπ’</strong></span> <span class='ocrx_word' id='word_1_446' title='bbox 2908 2329 3071 2386; x_wconf 86' lang='grc' dir='ltr'>αὐτοῦ</span> <span class='ocrx_word' id='word_1_447' title='bbox 3108 2327 3512 2402; x_wconf 83' lang='grc' dir='ltr'>γεγεννῆσθαι),</span> <span class='ocrx_word' id='word_1_448' title='bbox 3536 2329 3657 2384; x_wconf 76' lang='grc' dir='ltr'>τότε</span> <span class='ocrx_word' id='word_1_449' title='bbox 3681 2333 3712 2385; x_wconf 95' lang='lat'><strong>6</strong></span> <span class='ocrx_word' id='word_1_450' title='bbox 3744 2331 3913 2400; x_wconf 84' lang='grc' dir='ltr'>Λόγος</span> 
     </span>
    </p>
   </div>
   <div class='ocr_carea' id='block_1_54' title="bbox 2353 2421 3915 2497">
    <p class='ocr_par' dir='ltr' id='par_1_54' title="bbox 2353 2421 3915 2497">
     <span class='ocr_line' id='line_1_54' title="bbox 2353 2421 3915 2497; baseline -0.001 -19"><span class='ocrx_word' id='word_1_451' title='bbox 2353 2446 2371 2478; x_wconf 74' lang='grc' dir='ltr'><strong>ι</strong></span> <span class='ocrx_word' id='word_1_452' title='bbox 2401 2422 2675 2497; x_wconf 85' lang='grc' dir='ltr'>προελθὼν</span> <span class='ocrx_word' id='word_1_453' title='bbox 2690 2423 2896 2492; x_wconf 68' lang='grc' dir='ltr'>ἐγίνετο</span> <span class='ocrx_word' id='word_1_454' title='bbox 2920 2422 3013 2476; x_wconf 90' lang='grc' dir='ltr'><strong>τοῦ</strong></span> <span class='ocrx_word' id='word_1_455' title='bbox 3038 2423 3241 2492; x_wconf 78' lang='grc' dir='ltr'>κόσμου</span> <span class='ocrx_word' id='word_1_456' title='bbox 3274 2421 3521 2493; x_wconf 80' lang='grc' dir='ltr'>ποιητὴς,</span> <span class='ocrx_word' id='word_1_457' title='bbox 3542 2423 3573 2475; x_wconf 86' lang='lat'><strong>6</strong></span> <span class='ocrx_word' id='word_1_458' title='bbox 3598 2423 3690 2477; x_wconf 75' lang='grc' dir='ltr'><strong>καὶ</strong></span> <span class='ocrx_word' id='word_1_459' title='bbox 3722 2422 3915 2494; x_wconf 76' lang='grc' dir='ltr'>πρότε-</span> 
     </span>
    </p>
   </div>
   <div class='ocr_carea' id='block_1_55' title="bbox 2353 2508 3915 2587">
    <p class='ocr_par' dir='ltr' id='par_1_55' title="bbox 2353 2508 3915 2587">
     <span class='ocr_line' id='line_1_55' title="bbox 2353 2508 3915 2587; baseline -0.002 -20"><span class='ocrx_word' id='word_1_460' title='bbox 2353 2536 2371 2567; x_wconf 76' lang='grc' dir='ltr'><strong>ι</strong></span> <span class='ocrx_word' id='word_1_461' title='bbox 2401 2534 2489 2587; x_wconf 89' lang='grc' dir='ltr'><strong>ρον</strong></span> <span class='ocrx_word' id='word_1_462' title='bbox 2509 2514 2655 2569; x_wconf 73' lang='grc' dir='ltr'>ἔνδον</span> <span class='ocrx_word' id='word_1_463' title='bbox 2684 2514 2889 2585; x_wconf 83' lang='grc' dir='ltr'>νοητῶς</span> <span class='ocrx_word' id='word_1_464' title='bbox 2918 2513 3195 2584; x_wconf 77' lang='grc' dir='ltr'>ὀνομάζων</span> <span class='ocrx_word' id='word_1_465' title='bbox 3216 2512 3427 2567; x_wconf 79' lang='grc' dir='ltr'>αὐτόν.»</span> <span class='ocrx_word' id='word_1_466' title='bbox 3453 2511 3562 2565; x_wconf 77' lang='grc' dir='ltr'><strong>Καὶ</strong></span> <span class='ocrx_word' id='word_1_467' title='bbox 3586 2508 3743 2576; x_wconf 83' lang='grc' dir='ltr'>αὖθις</span> <span class='ocrx_word' id='word_1_468' title='bbox 3779 2511 3915 2583; x_wconf 74' lang='grc' dir='ltr'>μετὰ</span> 
     </span>
    </p>
   </div>
   <div class='ocr_carea' id='block_1_56' title="bbox 2348 2600 3913 2675">
    <p class='ocr_par' dir='ltr' id='par_1_56' title="bbox 2348 2600 3913 2675">
     <span class='ocr_line' id='line_1_56' title="bbox 2348 2600 3913 2675; baseline -0.001 -15"><span class='ocrx_word' id='word_1_469' title='bbox 2348 2607 2519 2660; x_wconf 82' lang='grc' dir='ltr'>πάντα</span> <span class='ocrx_word' id='word_1_470' title='bbox 2536 2604 2784 2675; x_wconf 72' lang='grc' dir='ltr'>ἐπιφέρει</span> <span class='ocrx_word' id='word_1_471' title='bbox 2809 2603 3001 2672; x_wconf 70' lang='grc' dir='ltr'>λέγων*</span> <span class='ocrx_word' id='word_1_472' title='bbox 3022 2622 3041 2654; x_wconf 78' lang='grc' dir='ltr'><strong>ι</strong></span> <span class='ocrx_word' id='word_1_473' title='bbox 3067 2603 3173 2657; x_wconf 77' lang='grc' dir='ltr'><strong>Καὶ</strong></span> <span class='ocrx_word' id='word_1_474' title='bbox 3191 2602 3279 2656; x_wconf 79' lang='grc' dir='ltr'><strong>διὰ</strong></span> <span class='ocrx_word' id='word_1_475' title='bbox 3297 2600 3452 2656; x_wconf 88' lang='grc' dir='ltr'>τοῦτο</span> <span class='ocrx_word' id='word_1_476' title='bbox 3476 2603 3576 2673; x_wconf 84' lang='grc' dir='ltr'><strong>οὐχ</strong></span> <span class='ocrx_word' id='word_1_477' title='bbox 3600 2603 3739 2656; x_wconf 80' lang='grc' dir='ltr'><strong>Υιὸγ</strong></span> <span class='ocrx_word' id='word_1_478' title='bbox 3767 2603 3913 2658; x_wconf 76' lang='grc' dir='ltr'>Θεοῦ</span> 
     </span>
    </p>
   </div>
   <div class='ocr_carea' id='block_1_57' title="bbox 2352 2693 3915 2768">
    <p class='ocr_par' dir='ltr' id='par_1_57' title="bbox 2352 2693 3915 2768">
     <span class='ocr_line' id='line_1_57' title="bbox 2352 2693 3915 2768; baseline -0.001 -19"><span class='ocrx_word' id='word_1_479' title='bbox 2352 2717 2372 2749; x_wconf 74' lang='grc' dir='ltr'><strong>ι</strong></span> <span class='ocrx_word' id='word_1_480' title='bbox 2395 2698 2580 2752; x_wconf 73' lang='grc' dir='ltr'>ἑαυτὸν</span> <span class='ocrx_word' id='word_1_481' title='bbox 2593 2696 2867 2768; x_wconf 78' lang='grc' dir='ltr'>ὀνομάζει,</span> <span class='ocrx_word' id='word_1_482' title='bbox 2885 2694 2999 2749; x_wconf 81' lang='grc' dir='ltr'>ἀλλ’</span> <span class='ocrx_word' id='word_1_483' title='bbox 3014 2694 3433 2763; x_wconf 63' lang='grc' dir='ltr'>ἆγθρωπονλνα</span> <span class='ocrx_word' id='word_1_484' title='bbox 3446 2693 3535 2748; x_wconf 73' lang='grc' dir='ltr'>διὰ</span> <span class='ocrx_word' id='word_1_485' title='bbox 3548 2694 3647 2765; x_wconf 81' lang='grc' dir='ltr'>τῆς</span> <span class='ocrx_word' id='word_1_486' title='bbox 3660 2693 3915 2768; x_wconf 76' lang='grc' dir='ltr'>τοιαύτης</span> 
     </span>
    </p>
   </div>
   <div class='ocr_carea' id='block_1_58' title="bbox 2352 2780 3916 2858">
    <p class='ocr_par' dir='ltr' id='par_1_58' title="bbox 2352 2780 3916 2858">
     <span class='ocr_line' id='line_1_58' title="bbox 2352 2780 3916 2858; baseline 0.001 -19"><span class='ocrx_word' id='word_1_487' title='bbox 2352 2808 2371 2839; x_wconf 77' lang='grc' dir='ltr'><strong>ι</strong></span> <span class='ocrx_word' id='word_1_488' title='bbox 2394 2786 2677 2858; x_wconf 83' lang='grc' dir='ltr'>ὁμολογίας</span> <span class='ocrx_word' id='word_1_489' title='bbox 2714 2786 2861 2841; x_wconf 73' lang='grc' dir='ltr'>θέσει</span> <span class='ocrx_word' id='word_1_490' title='bbox 2906 2784 2995 2839; x_wconf 86' lang='grc' dir='ltr'><strong>τὸν</strong></span> <span class='ocrx_word' id='word_1_491' title='bbox 3039 2780 3322 2858; x_wconf 75' lang='grc' dir='ltr'>ἄνθρωπον</span> <span class='ocrx_word' id='word_1_492' title='bbox 3338 2785 3425 2839; x_wconf 83' lang='grc' dir='ltr'><strong>διὰ</strong></span> <span class='ocrx_word' id='word_1_493' title='bbox 3461 2785 3558 2855; x_wconf 80' lang='grc' dir='ltr'>τὴν</span> <span class='ocrx_word' id='word_1_494' title='bbox 3588 2786 3724 2858; x_wconf 80' lang='grc' dir='ltr'>πρὸς</span> <span class='ocrx_word' id='word_1_495' title='bbox 3755 2786 3916 2841; x_wconf 76' lang='grc' dir='ltr'>αὐτὸν</span> 
     </span>
    </p>
   </div>
   <div class='ocr_carea' id='block_1_59' title="bbox 2353 2870 3915 2950">
    <p class='ocr_par' dir='ltr' id='par_1_59' title="bbox 2353 2870 3915 2950">
     <span class='ocr_line' id='line_1_59' title="bbox 2353 2870 3915 2950; baseline -0.001 -18"><span class='ocrx_word' id='word_1_496' title='bbox 2353 2900 2371 2932; x_wconf 76' lang='grc' dir='ltr'><strong>ι</strong></span> <span class='ocrx_word' id='word_1_497' title='bbox 2395 2879 2677 2934; x_wconf 88' lang='grc' dir='ltr'>κοινωνίαν</span> <span class='ocrx_word' id='word_1_498' title='bbox 2688 2870 2812 2931; x_wconf 69' lang='grc' dir='ltr'>ἴδιὸν</span> <span class='ocrx_word' id='word_1_499' title='bbox 2830 2876 2966 2931; x_wconf 76' lang='grc' dir='ltr'>Θεοῦ</span> <span class='ocrx_word' id='word_1_500' title='bbox 2984 2875 3233 2945; x_wconf 76' lang='grc' dir='ltr'>γενέσθαι</span> <span class='ocrx_word' id='word_1_501' title='bbox 3248 2877 3656 2950; x_wconf 76' lang='grc' dir='ltr'>παρασκευάσῃ·</span> <span class='ocrx_word' id='word_1_502' title='bbox 3675 2878 3768 2931; x_wconf 82' lang='grc' dir='ltr'>καὶ</span> <span class='ocrx_word' id='word_1_503' title='bbox 3780 2878 3915 2949; x_wconf 82' lang='grc' dir='ltr'>μετὰ</span> 
     </span>
    </p>
   </div>
   <div class='ocr_carea' id='block_1_60' title="bbox 2354 2962 3916 3040">
    <p class='ocr_par' dir='ltr' id='par_1_60' title="bbox 2354 2962 3916 3040">
     <span class='ocr_line' id='line_1_60' title="bbox 2354 2962 3916 3040; baseline -0.001 -18"><span class='ocrx_word' id='word_1_504' title='bbox 2354 2990 2373 3022; x_wconf 80' lang='grc' dir='ltr'><strong>ι</strong></span> <span class='ocrx_word' id='word_1_505' title='bbox 2394 2970 2458 3022; x_wconf 89' lang='grc' dir='ltr'><strong>τὸ</strong></span> <span class='ocrx_word' id='word_1_506' title='bbox 2499 2969 2650 3032; x_wconf 77' lang='grc' dir='ltr'>τέλος</span> <span class='ocrx_word' id='word_1_507' title='bbox 2680 2969 2780 3039; x_wconf 80' lang='grc' dir='ltr'>τῆς</span> <span class='ocrx_word' id='word_1_508' title='bbox 2828 2966 3075 3038; x_wconf 79' lang='grc' dir='ltr'>πράξεως</span> <span class='ocrx_word' id='word_1_509' title='bbox 3104 2962 3277 3029; x_wconf 87' lang='grc' dir='ltr'>αὖθις,</span> <span class='ocrx_word' id='word_1_510' title='bbox 3308 2967 3383 3030; x_wconf 83' lang='grc' dir='ltr'><strong>ὡς</strong></span> <span class='ocrx_word' id='word_1_511' title='bbox 3431 2967 3606 3035; x_wconf 87' lang='grc' dir='ltr'>λόγος,</span> <span class='ocrx_word' id='word_1_512' title='bbox 3636 2966 3809 3040; x_wconf 78' lang='grc' dir='ltr'>ἑνωθῇ</span> <span class='ocrx_word' id='word_1_513' title='bbox 3837 2968 3916 3038; x_wconf 79' lang='grc' dir='ltr'><strong>τῷ</strong></span> 
     </span>
    </p>
   </div>
   <div class='ocr_carea' id='block_1_61' title="bbox 708 3048 2251 3140">
    <p class='ocr_par' dir='ltr' id='par_1_61' title="bbox 708 3055 2248 3128">
     <span class='ocr_line' id='line_1_61' title="bbox 708 3055 2248 3128; baseline 0.004 -21"><span class='ocrx_word' id='word_1_514' title='bbox 708 3075 729 3107; x_wconf 76' lang='grc' dir='ltr'><strong>ι</strong></span> <span class='ocrx_word' id='word_1_515' title='bbox 764 3055 889 3111; x_wconf 84' lang='lat' dir='ltr'><strong>Post</strong></span> <span class='ocrx_word' id='word_1_516' title='bbox 907 3056 1093 3123; x_wconf 70' lang='lat' dir='ltr'><strong>iudicii</strong></span> <span class='ocrx_word' id='word_1_517' title='bbox 1126 3068 1332 3128; x_wconf 86' lang='lat' dir='ltr'><strong>tempus</strong></span> <span class='ocrx_word' id='word_1_518' title='bbox 1378 3068 1436 3115; x_wconf 91' lang='lat' dir='ltr'><strong>et</strong></span> <span class='ocrx_word' id='word_1_519' title='bbox 1492 3074 1675 3114; x_wconf 87' lang='lat' dir='ltr'><strong>rerum</strong></span> <span class='ocrx_word' id='word_1_520' title='bbox 1708 3059 1946 3113; x_wconf 88' lang='lat' dir='ltr'><strong>omnium</strong></span> <span class='ocrx_word' id='word_1_521' title='bbox 1978 3070 2248 3113; x_wconf 88' lang='lat' dir='ltr'><strong>restaura-</strong></span> 
     </span>
    </p>
   </div>
   <div class='ocr_carea' id='block_1_62' title="bbox 2351 3048 3917 3140">
    <p class='ocr_par' dir='ltr' id='par_1_62' title="bbox 2356 3048 3917 3132">
     <span class='ocr_line' id='line_1_62' title="bbox 2356 3048 3917 3132; baseline -0.001 -19"><span class='ocrx_word' id='word_1_522' title='bbox 2356 3081 2373 3113; x_wconf 85' lang='grc' dir='ltr'><strong>ι</strong></span> <span class='ocrx_word' id='word_1_523' title='bbox 2394 3058 2759 3131; x_wconf 84' lang='grc' dir='ltr'>Θεῷ,πληρῶν</span> <span class='ocrx_word' id='word_1_524' title='bbox 2774 3058 2946 3112; x_wconf 71' lang='grc' dir='ltr'>ἐκεῖνο</span> <span class='ocrx_word' id='word_1_525' title='bbox 2956 3058 3017 3111; x_wconf 93' lang='grc' dir='ltr'><strong>τὸ</strong></span> <span class='ocrx_word' id='word_1_526' title='bbox 3030 3056 3132 3110; x_wconf 75' lang='grc' dir='ltr'>ὑπὸ</span> <span class='ocrx_word' id='word_1_527' title='bbox 3144 3048 3237 3110; x_wconf 84' lang='grc' dir='ltr'><strong>τοῦ</strong></span> <span class='ocrx_word' id='word_1_528' title='bbox 3254 3057 3570 3112; x_wconf 76' lang='grc' dir='ltr'>Ἀποστόλου</span> <span class='ocrx_word' id='word_1_529' title='bbox 3588 3058 3917 3132; x_wconf 67' lang='grc' dir='ltr'>προειρημέ-</span> 
     </span>
    </p>
   </div>
   <div class='ocr_carea' id='block_1_63' title="bbox 711 3144 2251 3229">
    <p class='ocr_par' dir='ltr' id='par_1_63' title="bbox 711 3147 2249 3229">
     <span class='ocr_line' id='line_1_63' title="bbox 711 3147 2249 3229; baseline 0.003 -30"><span class='ocrx_word' id='word_1_530' title='bbox 711 3166 732 3199; x_wconf 77' lang='grc' dir='ltr'><strong>ι</strong></span> <span class='ocrx_word' id='word_1_531' title='bbox 774 3147 969 3203; x_wconf 88' lang='lat' dir='ltr'><strong>tionem</strong></span> <span class='ocrx_word' id='word_1_532' title='bbox 986 3192 1001 3215; x_wconf 92' lang='lat'><strong>,</strong></span> <span class='ocrx_word' id='word_1_533' title='bbox 1030 3156 1087 3204; x_wconf 90' lang='lat' dir='ltr'><strong>et</strong></span> <span class='ocrx_word' id='word_1_534' title='bbox 1117 3150 1373 3229; x_wconf 65' lang='lat' dir='ltr'><strong>opposita</strong></span> <span class='ocrx_word' id='word_1_535' title='bbox 1399 3149 1683 3220; x_wconf 88' lang='lat' dir='ltr'><strong>potestatis</strong></span> <span class='ocrx_word' id='word_1_536' title='bbox 1706 3150 2072 3220; x_wconf 84' lang='lat' dir='ltr'><strong>cujuscunque</strong></span> <span class='ocrx_word' id='word_1_537' title='bbox 2097 3164 2249 3203; x_wconf 83' lang='lat' dir='ltr'><strong>amo-</strong></span> 
     </span>
    </p>
   </div>
   <div class='ocr_carea' id='block_1_64' title="bbox 2351 3144 3918 3229">
    <p class='ocr_par' dir='ltr' id='par_1_64' title="bbox 2351 3144 3918 3229">
     <span class='ocr_line' id='line_1_64' title="bbox 2351 3144 3918 3229; baseline -0.006 -24"><span class='ocrx_word' id='word_1_538' title='bbox 2351 3173 2366 3205; x_wconf 87' lang='grc' dir='ltr'><strong>ι</strong></span> <span class='ocrx_word' id='word_1_539' title='bbox 2390 3168 2495 3204; x_wconf 92' lang='grc' dir='ltr'>νον.</span> <span class='ocrx_word' id='word_1_540' title='bbox 2520 3150 2654 3205; x_wconf 82' lang='grc' dir='ltr'>Τότε</span> <span class='ocrx_word' id='word_1_541' title='bbox 2670 3146 2849 3214; x_wconf 81' lang='grc' dir='ltr'>αὐτὸς</span> <span class='ocrx_word' id='word_1_542' title='bbox 2866 3144 3303 3216; x_wconf 71' lang='grc' dir='ltr'>ὑποταγήσεται</span> <span class='ocrx_word' id='word_1_543' title='bbox 3324 3146 3403 3212; x_wconf 85' lang='grc' dir='ltr'>τῷ</span> <span class='ocrx_word' id='word_1_544' title='bbox 3416 3148 3781 3229; x_wconf 73' lang='grc' dir='ltr'>ὑποτάξαντι</span> <span class='ocrx_word' id='word_1_545' title='bbox 3812 3152 3918 3204; x_wconf 85' lang='grc' dir='ltr'><strong>αὑ.</strong></span> 
     </span>
    </p>
   </div>
   <div class='ocr_carea' id='block_1_65' title="bbox 710 3232 2251 3312">
    <p class='ocr_par' dir='ltr' id='par_1_65' title="bbox 710 3236 2241 3309">
     <span class='ocr_line' id='line_1_65' title="bbox 710 3236 2241 3309; baseline 0.003 -20"><span class='ocrx_word' id='word_1_546' title='bbox 710 3255 732 3289; x_wconf 80' lang='grc' dir='ltr'><strong>ι</strong></span> <span class='ocrx_word' id='word_1_547' title='bbox 774 3236 1034 3301; x_wconf 84' lang='lat' dir='ltr'><strong>litionem,</strong></span> <span class='ocrx_word' id='word_1_548' title='bbox 1058 3247 1181 3291; x_wconf 76' lang='lat' dir='ltr'><strong>tunc</strong></span> <span class='ocrx_word' id='word_1_549' title='bbox 1197 3238 1505 3304; x_wconf 69' lang='lat' dir='ltr'><strong>subiiciatur</strong></span> <span class='ocrx_word' id='word_1_550' title='bbox 1532 3239 1637 3306; x_wconf 80' lang='lat' dir='ltr'><strong>ipse</strong></span> <span class='ocrx_word' id='word_1_551' title='bbox 1678 3239 1782 3304; x_wconf 88' lang='lat' dir='ltr'><strong>illi,</strong></span> <span class='ocrx_word' id='word_1_552' title='bbox 1816 3240 1905 3309; x_wconf 83' lang='lat' dir='ltr'><strong>qui</strong></span> <span class='ocrx_word' id='word_1_553' title='bbox 1940 3242 1988 3293; x_wconf 75' lang='lat' dir='ltr'><strong>ei</strong></span> <span class='ocrx_word' id='word_1_554' title='bbox 2022 3239 2241 3309; x_wconf 72' lang='lat' dir='ltr'><strong>subjecit</strong></span> 
     </span>
    </p>
   </div>
   <div class='ocr_carea' id='block_1_66' title="bbox 2351 3232 3913 3312">
    <p class='ocr_par' dir='ltr' id='par_1_66' title="bbox 2351 3232 3913 3312">
     <span class='ocr_line' id='line_1_66' title="bbox 2351 3232 3913 3312; baseline 0.001 -19"><span class='ocrx_word' id='word_1_555' title='bbox 2351 3260 2366 3293; x_wconf 87' lang='grc' dir='ltr'><strong>ι</strong></span> <span class='ocrx_word' id='word_1_556' title='bbox 2390 3238 2468 3305; x_wconf 81' lang='grc' dir='ltr'>τῷ</span> <span class='ocrx_word' id='word_1_557' title='bbox 2482 3238 2552 3293; x_wconf 84' lang='grc' dir='ltr'>τὰ</span> <span class='ocrx_word' id='word_1_558' title='bbox 2564 3236 2882 3301; x_wconf 63' lang='grc' dir='ltr'>πάνταλνα</span> <span class='ocrx_word' id='word_1_559' title='bbox 2892 3232 2933 3308; x_wconf 76' lang='grc' dir='ltr'><strong><em>ᾗ</em></strong></span> <span class='ocrx_word' id='word_1_560' title='bbox 2946 3234 3139 3290; x_wconf 76' lang='grc' dir='ltr'>πάντα</span> <span class='ocrx_word' id='word_1_561' title='bbox 3151 3238 3248 3291; x_wconf 72' lang='grc' dir='ltr'>καὶ</span> <span class='ocrx_word' id='word_1_562' title='bbox 3264 3236 3334 3290; x_wconf 72' lang='grc' dir='ltr'><strong>ἐν</strong></span> <span class='ocrx_word' id='word_1_563' title='bbox 3348 3236 3497 3293; x_wconf 80' lang='grc' dir='ltr'>πᾶσι</span> <span class='ocrx_word' id='word_1_564' title='bbox 3510 3241 3764 3307; x_wconf 80' lang='grc' dir='ltr'>Χριστός</span> <span class='ocrx_word' id='word_1_565' title='bbox 3778 3239 3859 3312; x_wconf 76' lang='lat' dir='ltr'><strong>(Si</strong></span> <span class='ocrx_word' id='word_1_566' title='bbox 3869 3240 3913 3310; x_wconf 91' lang='lat'><strong>).</strong></span> 
     </span>
    </p>
   </div>
   <div class='ocr_carea' id='block_1_67' title="bbox 710 3327 2251 3405">
    <p class='ocr_par' dir='ltr' id='par_1_67' title="bbox 710 3327 2245 3393">
     <span class='ocr_line' id='line_1_67' title="bbox 710 3327 2245 3393; baseline 0.002 -13"><span class='ocrx_word' id='word_1_567' title='bbox 710 3344 732 3379; x_wconf 80' lang='grc' dir='ltr'><strong>ι</strong></span> <span class='ocrx_word' id='word_1_568' title='bbox 763 3328 938 3382; x_wconf 69' lang='lat' dir='ltr'><strong>omnia</strong></span> <span class='ocrx_word' id='word_1_569' title='bbox 964 3328 1008 3393; x_wconf 81' lang='grc'>¹,</span> <span class='ocrx_word' id='word_1_570' title='bbox 1042 3327 1149 3382; x_wconf 88' lang='lat' dir='ltr'><strong>Deo</strong></span> <span class='ocrx_word' id='word_1_571' title='bbox 1195 3335 1250 3382; x_wconf 89' lang='lat' dir='ltr'><strong>et</strong></span> <span class='ocrx_word' id='word_1_572' title='bbox 1296 3327 1462 3393; x_wconf 79' lang='lat' dir='ltr'><strong>Patri,</strong></span> <span class='ocrx_word' id='word_1_573' title='bbox 1509 3337 1565 3381; x_wconf 90' lang='lat' dir='ltr'><strong>ut</strong></span> <span class='ocrx_word' id='word_1_574' title='bbox 1595 3329 1661 3382; x_wconf 90' lang='lat' dir='ltr'><strong>ad</strong></span> <span class='ocrx_word' id='word_1_575' title='bbox 1692 3344 1816 3382; x_wconf 90' lang='lat' dir='ltr'><strong>eum</strong></span> <span class='ocrx_word' id='word_1_576' title='bbox 1850 3328 2062 3383; x_wconf 92' lang='lat' dir='ltr'><strong>modum</strong></span> <span class='ocrx_word' id='word_1_577' title='bbox 2092 3330 2163 3383; x_wconf 93' lang='lat' dir='ltr'><strong>sit</strong></span> <span class='ocrx_word' id='word_1_578' title='bbox 2194 3330 2245 3382; x_wconf 91' lang='lat' dir='ltr'><strong>in</strong></span> 
     </span>
    </p>
   </div>
   <div class='ocr_carea' id='block_1_68' title="bbox 2351 3327 3917 3405">
    <p class='ocr_par' dir='ltr' id='par_1_68' title="bbox 2351 3329 3917 3405">
     <span class='ocr_line' id='line_1_68' title="bbox 2351 3329 3917 3405; baseline -0.001 -16"><span class='ocrx_word' id='word_1_579' title='bbox 2351 3355 2367 3388; x_wconf 83' lang='lat' dir='ltr'><strong>t</strong></span> <span class='ocrx_word' id='word_1_580' title='bbox 2399 3336 2587 3388; x_wconf 87' lang='grc' dir='ltr'>Ἔσται</span> <span class='ocrx_word' id='word_1_581' title='bbox 2607 3332 2714 3404; x_wconf 84' lang='grc' dir='ltr'>γὰρ</span> <span class='ocrx_word' id='word_1_582' title='bbox 2728 3329 3028 3403; x_wconf 85' lang='grc' dir='ltr'>τηνικαῦτα</span> <span class='ocrx_word' id='word_1_583' title='bbox 3053 3330 3197 3385; x_wconf 86' lang='grc' dir='ltr'>τοῦθ’</span> <span class='ocrx_word' id='word_1_584' title='bbox 3231 3332 3367 3405; x_wconf 83' lang='grc' dir='ltr'>ὅπερ</span> <span class='ocrx_word' id='word_1_585' title='bbox 3394 3334 3655 3405; x_wconf 77' lang='grc' dir='ltr'>πρότερον</span> <span class='ocrx_word' id='word_1_586' title='bbox 3668 3329 3789 3404; x_wconf 76' lang='grc' dir='ltr'><strong>ἦν.»</strong></span> <span class='ocrx_word' id='word_1_587' title='bbox 3817 3333 3917 3387; x_wconf 76' lang='grc' dir='ltr'><strong>Διὰ</strong></span> 
     </span>
    </p>
   </div>
   <div class='ocr_carea' id='block_1_69' title="bbox 710 3416 2251 3495">
    <p class='ocr_par' dir='ltr' id='par_1_69' title="bbox 710 3416 2246 3489">
     <span class='ocr_line' id='line_1_69' title="bbox 710 3416 2246 3489; baseline 0.002 -18"><span class='ocrx_word' id='word_1_588' title='bbox 710 3435 731 3471; x_wconf 77' lang='grc' dir='ltr'><strong>ι</strong></span> <span class='ocrx_word' id='word_1_589' title='bbox 766 3417 872 3472; x_wconf 88' lang='lat' dir='ltr'><strong>Deo</strong></span> <span class='ocrx_word' id='word_1_590' title='bbox 901 3417 1113 3472; x_wconf 88' lang='lat' dir='ltr'><strong>demum</strong></span> <span class='ocrx_word' id='word_1_591' title='bbox 1138 3416 1394 3480; x_wconf 86' lang='lat' dir='ltr'><strong>Verbum,</strong></span> <span class='ocrx_word' id='word_1_592' title='bbox 1418 3433 1526 3488; x_wconf 90' lang='lat' dir='ltr'><strong>quo</strong></span> <span class='ocrx_word' id='word_1_593' title='bbox 1550 3418 1697 3485; x_wconf 88' lang='lat' dir='ltr'><strong>prius</strong></span> <span class='ocrx_word' id='word_1_594' title='bbox 1718 3418 1842 3473; x_wconf 88' lang='lat' dir='ltr'><strong>olim</strong></span> <span class='ocrx_word' id='word_1_595' title='bbox 1874 3418 2067 3485; x_wconf 81' lang='lat' dir='ltr'><strong>fuerat,</strong></span> <span class='ocrx_word' id='word_1_596' title='bbox 2087 3435 2246 3489; x_wconf 91' lang='lat' dir='ltr'><strong>quam</strong></span> 
     </span>
    </p>
   </div>
   <div class='ocr_carea' id='block_1_70' title="bbox 2351 3416 3915 3495">
    <p class='ocr_par' dir='ltr' id='par_1_70' title="bbox 2351 3420 3915 3495">
     <span class='ocr_line' id='line_1_70' title="bbox 2351 3420 3915 3495; baseline -0.002 -16"><span class='ocrx_word' id='word_1_597' title='bbox 2351 3424 2606 3479; x_wconf 79' lang='grc' dir='ltr'>τοσούτων</span> <span class='ocrx_word' id='word_1_598' title='bbox 2631 3422 2947 3495; x_wconf 83' lang='grc' dir='ltr'>Μάρκελλος</span> <span class='ocrx_word' id='word_1_599' title='bbox 2977 3424 3157 3491; x_wconf 77' lang='grc' dir='ltr'>γυμνῇ</span> <span class='ocrx_word' id='word_1_600' title='bbox 3200 3424 3266 3493; x_wconf 76' lang='grc' dir='ltr'><strong>τῇ</strong></span> <span class='ocrx_word' id='word_1_601' title='bbox 3300 3421 3508 3493; x_wconf 81' lang='grc' dir='ltr'>κεφαλῇ</span> <span class='ocrx_word' id='word_1_602' title='bbox 3539 3420 3629 3475; x_wconf 87' lang='grc' dir='ltr'><strong>τὸν</strong></span> <span class='ocrx_word' id='word_1_603' title='bbox 3662 3421 3791 3476; x_wconf 85' lang='grc' dir='ltr'>Υίὸν</span> <span class='ocrx_word' id='word_1_604' title='bbox 3823 3422 3915 3476; x_wconf 85' lang='grc' dir='ltr'><strong>τοῦ</strong></span> 
     </span>
    </p>
   </div>
   <div class='ocr_carea' id='block_1_71' title="bbox 710 3503 2251 3585">
    <p class='ocr_par' dir='ltr' id='par_1_71' title="bbox 710 3503 2249 3585">
     <span class='ocr_line' id='line_1_71' title="bbox 710 3503 2249 3585; baseline 0.007 -33"><span class='ocrx_word' id='word_1_605' title='bbox 710 3520 730 3552; x_wconf 78' lang='grc' dir='ltr'><strong>ι</strong></span> <span class='ocrx_word' id='word_1_606' title='bbox 772 3505 1003 3585; x_wconf 86' lang='lat' dir='ltr'><strong>mundus</strong></span> <span class='ocrx_word' id='word_1_607' title='bbox 1034 3513 1334 3559; x_wconf 88' lang='lat' dir='ltr'><strong>crearetur.</strong></span> <span class='ocrx_word' id='word_1_608' title='bbox 1363 3503 1497 3558; x_wconf 79' lang='lat' dir='ltr'><strong>Nam</strong></span> <span class='ocrx_word' id='word_1_609' title='bbox 1522 3521 1642 3560; x_wconf 90' lang='lat' dir='ltr'><strong>cum</strong></span> <span class='ocrx_word' id='word_1_610' title='bbox 1675 3507 1823 3575; x_wconf 92' lang='lat' dir='ltr'><strong>prius</strong></span> <span class='ocrx_word' id='word_1_611' title='bbox 1862 3507 1995 3561; x_wconf 86' lang='lat' dir='ltr'><strong>nihil</strong></span> <span class='ocrx_word' id='word_1_612' title='bbox 2030 3522 2249 3577; x_wconf 90' lang='lat' dir='ltr'><strong>prorsus</strong></span> 
     </span>
    </p>
   </div>
   <div class='ocr_carea' id='block_1_72' title="bbox 2351 3503 3916 3585">
    <p class='ocr_par' dir='ltr' id='par_1_72' title="bbox 2351 3508 3916 3585">
     <span class='ocr_line' id='line_1_72' title="bbox 2351 3508 3916 3585; baseline -0.003 -16"><span class='ocrx_word' id='word_1_613' title='bbox 2351 3515 2483 3569; x_wconf 91' lang='grc' dir='ltr'>Θεοῦ</span> <span class='ocrx_word' id='word_1_614' title='bbox 2512 3514 2840 3585; x_wconf 72' lang='grc' dir='ltr'>ἐξωμόσατο.</span> <span class='ocrx_word' id='word_1_615' title='bbox 2863 3511 3048 3584; x_wconf 80' lang='grc' dir='ltr'>Είγὰρ</span> <span class='ocrx_word' id='word_1_616' title='bbox 3078 3511 3135 3564; x_wconf 70' lang='grc' dir='ltr'>ἓν</span> <span class='ocrx_word' id='word_1_617' title='bbox 3167 3514 3261 3566; x_wconf 78' lang='grc' dir='ltr'>καὶ</span> <span class='ocrx_word' id='word_1_618' title='bbox 3292 3513 3485 3566; x_wconf 78' lang='grc' dir='ltr'>ταύτὸν</span> <span class='ocrx_word' id='word_1_619' title='bbox 3507 3508 3576 3584; x_wconf 76' lang='grc' dir='ltr'>ἧν</span> <span class='ocrx_word' id='word_1_620' title='bbox 3603 3514 3631 3567; x_wconf 94' lang='lat'><strong>6</strong></span> <span class='ocrx_word' id='word_1_621' title='bbox 3656 3511 3809 3576; x_wconf 79' lang='grc' dir='ltr'>Θεὸς,</span> <span class='ocrx_word' id='word_1_622' title='bbox 3824 3514 3916 3566; x_wconf 78' lang='grc' dir='ltr'>καὶ</span> 
     </span>
    </p>
   </div>
   <div class='ocr_carea' id='block_1_73' title="bbox 710 3582 2251 3674">
    <p class='ocr_par' dir='ltr' id='par_1_73' title="bbox 710 3582 2251 3661">
     <span class='ocr_line' id='line_1_73' title="bbox 710 3582 2251 3661; baseline 0.006 -16"><span class='ocrx_word' id='word_1_623' title='bbox 710 3611 730 3643; x_wconf 79' lang='grc' dir='ltr'><strong>ι</strong></span> <span class='ocrx_word' id='word_1_624' title='bbox 766 3582 1000 3649; x_wconf 82' lang='lat' dir='ltr'><strong>exstaret</strong></span> <span class='ocrx_word' id='word_1_625' title='bbox 1029 3595 1132 3649; x_wconf 83' lang='lat' dir='ltr'><strong>nisi</strong></span> <span class='ocrx_word' id='word_1_626' title='bbox 1162 3594 1309 3651; x_wconf 91' lang='lat' dir='ltr'><strong>solus</strong></span> <span class='ocrx_word' id='word_1_627' title='bbox 1337 3596 1498 3661; x_wconf 89' lang='lat' dir='ltr'><strong>Deus,</strong></span> <span class='ocrx_word' id='word_1_628' title='bbox 1537 3598 1813 3653; x_wconf 88' lang='lat' dir='ltr'><strong>condenda</strong></span> <span class='ocrx_word' id='word_1_629' title='bbox 1844 3609 2021 3655; x_wconf 89' lang='lat' dir='ltr'><strong>autem</strong></span> <span class='ocrx_word' id='word_1_630' title='bbox 2069 3610 2251 3655; x_wconf 85' lang='lat' dir='ltr'><strong>essent</strong></span> 
     </span>
    </p>
   </div>
   <div class='ocr_carea' id='block_1_74' title="bbox 2351 3582 3914 3674">
    <p class='ocr_par' dir='ltr' id='par_1_74' title="bbox 2351 3582 3914 3674">
     <span class='ocr_line' id='line_1_74' title="bbox 2351 3582 3914 3674; baseline -0.003 -15"><span class='ocrx_word' id='word_1_631' title='bbox 2351 3608 2375 3659; x_wconf 87' lang='lat'><strong>6</strong></span> <span class='ocrx_word' id='word_1_632' title='bbox 2407 3608 2464 3659; x_wconf 77' lang='grc' dir='ltr'>ὲν</span> <span class='ocrx_word' id='word_1_633' title='bbox 2491 3582 2637 3674; x_wconf 79' lang='grc' dir='ltr'><strong>αὐτῷ</strong></span> <span class='ocrx_word' id='word_1_634' title='bbox 2668 3602 2854 3671; x_wconf 88' lang='grc' dir='ltr'>Λόγος,</span> <span class='ocrx_word' id='word_1_635' title='bbox 2882 3582 3054 3664; x_wconf 80' lang='grc' dir='ltr'>οὐδεὶς</span> <span class='ocrx_word' id='word_1_636' title='bbox 3083 3600 3139 3654; x_wconf 84' lang='grc' dir='ltr'><strong>δὲ</strong></span> <span class='ocrx_word' id='word_1_637' title='bbox 3165 3599 3381 3655; x_wconf 73' lang='grc' dir='ltr'>πώποτε</span> <span class='ocrx_word' id='word_1_638' title='bbox 3403 3582 3565 3665; x_wconf 78' lang='grc' dir='ltr'>αὐτὸς</span> <span class='ocrx_word' id='word_1_639' title='bbox 3597 3599 3791 3655; x_wconf 73' lang='grc' dir='ltr'>ἑαυτοῦ</span> <span class='ocrx_word' id='word_1_640' title='bbox 3821 3602 3914 3670; x_wconf 70' lang='grc' dir='ltr'>γό-</span> 
     </span>
    </p>
   </div>
   <div class='ocr_carea' id='block_1_75' title="bbox 712 3684 2251 3764">
    <p class='ocr_par' dir='ltr' id='par_1_75' title="bbox 712 3684 2251 3761">
     <span class='ocr_line' id='line_1_75' title="bbox 712 3684 2251 3761; baseline 0.006 -26"><span class='ocrx_word' id='word_1_641' title='bbox 712 3703 730 3735; x_wconf 80' lang='grc' dir='ltr'><strong>ι</strong></span> <span class='ocrx_word' id='word_1_642' title='bbox 765 3686 945 3739; x_wconf 88' lang='lat' dir='ltr'><strong>omnia</strong></span> <span class='ocrx_word' id='word_1_643' title='bbox 982 3700 1079 3754; x_wconf 90' lang='lat' dir='ltr'><strong>per</strong></span> <span class='ocrx_word' id='word_1_644' title='bbox 1110 3684 1367 3754; x_wconf 81' lang='lat' dir='ltr'><strong>Verbum,</strong></span> <span class='ocrx_word' id='word_1_645' title='bbox 1407 3689 1603 3758; x_wconf 88' lang='lat' dir='ltr'><strong>prodiit</strong></span> <span class='ocrx_word' id='word_1_646' title='bbox 1626 3689 1859 3744; x_wconf 79' lang='lat' dir='ltr'><strong>Verbum</strong></span> <span class='ocrx_word' id='word_1_647' title='bbox 1894 3690 2091 3745; x_wconf 82' lang='lat' dir='ltr'><strong>virtute</strong></span> <span class='ocrx_word' id='word_1_648' title='bbox 2116 3705 2251 3761; x_wconf 68' lang='lat' dir='ltr'><strong>prm-</strong></span> 
     </span>
    </p>
   </div>
   <div class='ocr_carea' id='block_1_76' title="bbox 2351 3684 3915 3764">
    <p class='ocr_par' dir='ltr' id='par_1_76' title="bbox 2351 3691 3915 3764">
     <span class='ocr_line' id='line_1_76' title="bbox 2351 3691 3915 3764; baseline -0.001 -16"><span class='ocrx_word' id='word_1_649' title='bbox 2351 3696 2477 3749; x_wconf 85' lang='grc' dir='ltr'>νοιτ’</span> <span class='ocrx_word' id='word_1_650' title='bbox 2535 3693 2600 3747; x_wconf 84' lang='grc' dir='ltr'>ἂν</span> <span class='ocrx_word' id='word_1_651' title='bbox 2638 3692 2844 3764; x_wconf 87' lang='grc' dir='ltr'>Πατὴρ,</span> <span class='ocrx_word' id='word_1_652' title='bbox 2874 3692 2949 3756; x_wconf 81' lang='grc' dir='ltr'><strong>ὡς</strong></span> <span class='ocrx_word' id='word_1_653' title='bbox 3002 3692 3107 3745; x_wconf 75' lang='grc' dir='ltr'><strong>οὐδ’</strong></span> <span class='ocrx_word' id='word_1_654' title='bbox 3135 3691 3295 3755; x_wconf 81' lang='grc' dir='ltr'>αὐτὸς</span> <span class='ocrx_word' id='word_1_655' title='bbox 3331 3692 3524 3746; x_wconf 79' lang='grc' dir='ltr'>ἑαυτοῦ</span> <span class='ocrx_word' id='word_1_656' title='bbox 3556 3693 3673 3756; x_wconf 80' lang='grc' dir='ltr'>υίὸς</span> <span class='ocrx_word' id='word_1_657' title='bbox 3716 3691 3792 3745; x_wconf 81' lang='grc' dir='ltr'>ὥν</span> <span class='ocrx_word' id='word_1_658' title='bbox 3822 3694 3915 3747; x_wconf 77' lang='grc' dir='ltr'>καὶ</span> 
     </span>
    </p>
   </div>
   <div class='ocr_carea' id='block_1_77' title="bbox 712 3777 2251 3856">
    <p class='ocr_par' dir='ltr' id='par_1_77' title="bbox 712 3777 2247 3851">
     <span class='ocr_line' id='line_1_77' title="bbox 712 3777 2247 3851; baseline 0.005 -24"><span class='ocrx_word' id='word_1_659' title='bbox 712 3795 731 3826; x_wconf 78' lang='grc' dir='ltr'><strong>ι</strong></span> <span class='ocrx_word' id='word_1_660' title='bbox 764 3777 935 3830; x_wconf 86' lang='lat' dir='ltr'><strong>ditum</strong></span> <span class='ocrx_word' id='word_1_661' title='bbox 966 3778 1269 3844; x_wconf 82' lang='lat' dir='ltr'><strong>operatrice</strong></span> <span class='ocrx_word' id='word_1_662' title='bbox 1300 3796 1316 3833; x_wconf 86' lang='lat'><strong>:</strong></span> <span class='ocrx_word' id='word_1_663' title='bbox 1349 3777 1580 3835; x_wconf 78' lang='lat' dir='ltr'><strong>Verbum</strong></span> <span class='ocrx_word' id='word_1_664' title='bbox 1606 3780 1829 3848; x_wconf 77' lang='lat' dir='ltr'><strong>inquam</strong></span> <span class='ocrx_word' id='word_1_665' title='bbox 1862 3781 1989 3835; x_wconf 78' lang='lat' dir='ltr'><strong>illud</strong></span> <span class='ocrx_word' id='word_1_666' title='bbox 2020 3782 2160 3851; x_wconf 90' lang='lat' dir='ltr'><strong>quod</strong></span> <span class='ocrx_word' id='word_1_667' title='bbox 2195 3783 2247 3835; x_wconf 92' lang='lat' dir='ltr'><strong>in</strong></span> 
     </span>
    </p>
   </div>
   <div class='ocr_carea' id='block_1_78' title="bbox 2351 3777 3914 3856">
    <p class='ocr_par' dir='ltr' id='par_1_78' title="bbox 2355 3779 3914 3856">
     <span class='ocr_line' id='line_1_78' title="bbox 2355 3779 3914 3856; baseline 0 -18"><span class='ocrx_word' id='word_1_668' title='bbox 2355 3786 2532 3856; x_wconf 90' lang='grc' dir='ltr'>μόνος,</span> <span class='ocrx_word' id='word_1_669' title='bbox 2555 3781 2634 3846; x_wconf 74' lang='grc' dir='ltr'>εἷς</span> <span class='ocrx_word' id='word_1_670' title='bbox 2654 3784 2709 3837; x_wconf 84' lang='grc' dir='ltr'><strong>δὲ</strong></span> <span class='ocrx_word' id='word_1_671' title='bbox 2741 3782 2896 3854; x_wconf 90' lang='grc' dir='ltr'>μόνος</span> <span class='ocrx_word' id='word_1_672' title='bbox 2923 3779 3011 3853; x_wconf 84' lang='grc' dir='ltr'>ἦν,</span> <span class='ocrx_word' id='word_1_673' title='bbox 3042 3783 3137 3837; x_wconf 77' lang='grc' dir='ltr'>καὶ</span> <span class='ocrx_word' id='word_1_674' title='bbox 3170 3783 3357 3847; x_wconf 81' lang='grc' dir='ltr'>ἑαυτὸς</span> <span class='ocrx_word' id='word_1_675' title='bbox 3383 3782 3461 3853; x_wconf 83' lang='grc' dir='ltr'><strong>τῷ</strong></span> <span class='ocrx_word' id='word_1_676' title='bbox 3487 3782 3680 3837; x_wconf 79' lang='grc' dir='ltr'>ἑαυτοῦ</span> <span class='ocrx_word' id='word_1_677' title='bbox 3704 3784 3862 3854; x_wconf 81' lang='grc' dir='ltr'>Λόγῳ</span> <span class='ocrx_word' id='word_1_678' title='bbox 3885 3785 3914 3837; x_wconf 92' lang='lat'><strong>6</strong></span> 
     </span>
    </p>
   </div>
   <div class='ocr_carea' id='block_1_79' title="bbox 712 3863 2251 3945">
    <p class='ocr_par' dir='ltr' id='par_1_79' title="bbox 712 3863 2246 3926">
     <span class='ocr_line' id='line_1_79' title="bbox 712 3863 2246 3926; baseline 0.005 -10"><span class='ocrx_word' id='word_1_679' title='bbox 712 3882 734 3916; x_wconf 75' lang='grc' dir='ltr'><strong>ι</strong></span> <span class='ocrx_word' id='word_1_680' title='bbox 769 3863 925 3917; x_wconf 84' lang='lat' dir='ltr'><strong>Patre</strong></span> <span class='ocrx_word' id='word_1_681' title='bbox 947 3864 1067 3920; x_wconf 78' lang='lat' dir='ltr'><strong>fuit.</strong></span> <span class='ocrx_word' id='word_1_682' title='bbox 1106 3889 1125 3917; x_wconf 75' lang='grc' dir='ltr'><em>ο</em></span> <span class='ocrx_word' id='word_1_683' title='bbox 1158 3865 1365 3923; x_wconf 77' lang='lat' dir='ltr'><strong>Rursus</strong></span> <span class='ocrx_word' id='word_1_684' title='bbox 1419 3878 1597 3923; x_wconf 85' lang='lat' dir='ltr'><strong>autem</strong></span> <span class='ocrx_word' id='word_1_685' title='bbox 1640 3870 1881 3924; x_wconf 85' lang='lat' dir='ltr'><strong>eamdem</strong></span> <span class='ocrx_word' id='word_1_686' title='bbox 1925 3870 2246 3926; x_wconf 89' lang='lat' dir='ltr'><strong>sententiam</strong></span> 
     </span>
    </p>
   </div>
   <div class='ocr_carea' id='block_1_80' title="bbox 2351 3863 3914 3945">
    <p class='ocr_par' dir='ltr' id='par_1_80' title="bbox 2354 3867 3914 3945">
     <span class='ocr_line' id='line_1_80' title="bbox 2354 3867 3914 3945; baseline 0 -18"><span class='ocrx_word' id='word_1_687' title='bbox 2354 3874 2505 3939; x_wconf 82' lang='grc' dir='ltr'>Θεὸς,</span> <span class='ocrx_word' id='word_1_688' title='bbox 2548 3874 2703 3945; x_wconf 81' lang='grc' dir='ltr'>δῆλον</span> <span class='ocrx_word' id='word_1_689' title='bbox 2746 3874 2821 3937; x_wconf 86' lang='grc' dir='ltr'>ὼς</span> <span class='ocrx_word' id='word_1_690' title='bbox 2857 3874 2915 3926; x_wconf 84' lang='grc' dir='ltr'>οὐ</span> <span class='ocrx_word' id='word_1_691' title='bbox 2951 3874 3137 3945; x_wconf 77' lang='grc' dir='ltr'>Πατὴρ</span> <span class='ocrx_word' id='word_1_692' title='bbox 3160 3867 3249 3943; x_wconf 78' lang='grc' dir='ltr'>ἦν,</span> <span class='ocrx_word' id='word_1_693' title='bbox 3282 3872 3356 3944; x_wconf 80' lang='grc' dir='ltr'>μὴ</span> <span class='ocrx_word' id='word_1_694' title='bbox 3386 3872 3721 3944; x_wconf 81' lang='grc' dir='ltr'>ὑπάρχοντος</span> <span class='ocrx_word' id='word_1_695' title='bbox 3769 3873 3914 3945; x_wconf 77' lang='grc' dir='ltr'>αὐτῷ</span> 
     </span>
    </p>
   </div>
   <div class='ocr_carea' id='block_1_81' title="bbox 707 3956 2251 4037">
    <p class='ocr_par' dir='ltr' id='par_1_81' title="bbox 707 3956 2248 4031">
     <span class='ocr_line' id='line_1_81' title="bbox 707 3956 2248 4031; baseline 0.004 -21"><span class='ocrx_word' id='word_1_696' title='bbox 707 3956 1025 4023; x_wconf 88' lang='lat' dir='ltr'><strong>explicatius</strong></span> <span class='ocrx_word' id='word_1_697' title='bbox 1049 3958 1201 4027; x_wconf 83' lang='lat' dir='ltr'><strong>ponit</strong></span> <span class='ocrx_word' id='word_1_698' title='bbox 1222 3960 1272 4013; x_wconf 92' lang='lat' dir='ltr'><strong>in</strong></span> <span class='ocrx_word' id='word_1_699' title='bbox 1296 3962 1673 4030; x_wconf 89' lang='lat' dir='ltr'><strong>sequentibus:</strong></span> <span class='ocrx_word' id='word_1_700' title='bbox 1695 3960 1781 4031; x_wconf 71' lang='grc' dir='ltr'><strong>[Β.</strong></span> <span class='ocrx_word' id='word_1_701' title='bbox 1802 3960 1907 4015; x_wconf 85' lang='lat' dir='ltr'><strong>LIV</strong></span> <span class='ocrx_word' id='word_1_702' title='bbox 1939 3962 2059 4017; x_wconf 85' lang='lat' dir='ltr'><strong>coll.</strong></span> <span class='ocrx_word' id='word_1_703' title='bbox 2092 3963 2173 4031; x_wconf 64' lang='grc' dir='ltr'>με</span> <span class='ocrx_word' id='word_1_704' title='bbox 2190 3963 2248 4016; x_wconf 86' lang='lat' dir='ltr'><strong>l7</strong></span> 
     </span>
    </p>
   </div>
   <div class='ocr_carea' id='block_1_82' title="bbox 2351 3956 3703 4037">
    <p class='ocr_par' dir='ltr' id='par_1_82' title="bbox 2357 3964 3703 4037">
     <span class='ocr_line' id='line_1_82' title="bbox 2357 3964 3703 4037; baseline 0.001 -19"><span class='ocrx_word' id='word_1_705' title='bbox 2357 3965 2505 4018; x_wconf 78' lang='grc' dir='ltr'>Υίοῦο</span> <span class='ocrx_word' id='word_1_706' title='bbox 2536 3964 2656 4018; x_wconf 73' lang='grc' dir='ltr'>οὔτε</span> <span class='ocrx_word' id='word_1_707' title='bbox 2690 3966 2833 4029; x_wconf 78' lang='grc' dir='ltr'>Υἱὸς,</span> <span class='ocrx_word' id='word_1_708' title='bbox 2872 3966 2945 4036; x_wconf 78' lang='grc' dir='ltr'>μὴ</span> <span class='ocrx_word' id='word_1_709' title='bbox 2972 3964 3277 4035; x_wconf 77' lang='grc' dir='ltr'>ὑφεστῶτος</span> <span class='ocrx_word' id='word_1_710' title='bbox 3306 3964 3455 4037; x_wconf 83' lang='grc' dir='ltr'><strong>αὑτῷ</strong></span> <span class='ocrx_word' id='word_1_711' title='bbox 3472 3967 3703 4037; x_wconf 86' lang='grc' dir='ltr'>Πατρός.</span> 
     </span>
    </p>
   </div>
   <div class='ocr_carea' id='block_1_83' title="bbox 710 4046 3914 4129">
    <p class='ocr_par' dir='ltr' id='par_1_83' title="bbox 710 4046 3914 4129">
     <span class='ocr_line' id='line_1_83' title="bbox 710 4046 3914 4129; baseline 0.003 -28"><span class='ocrx_word' id='word_1_712' title='bbox 710 4046 899 4112; x_wconf 74' lang='lat' dir='ltr'><strong>D,165</strong></span> <span class='ocrx_word' id='word_1_713' title='bbox 931 4047 996 4120; x_wconf 83' lang='grc' dir='ltr'><strong>Α]</strong></span> <span class='ocrx_word' id='word_1_714' title='bbox 1041 4068 1061 4101; x_wconf 76' lang='grc' dir='ltr'><strong>ι</strong></span> <span class='ocrx_word' id='word_1_715' title='bbox 1096 4049 1252 4105; x_wconf 88' lang='lat' dir='ltr'><strong>Prius</strong></span> <span class='ocrx_word' id='word_1_716' title='bbox 1270 4053 1413 4105; x_wconf 89' lang='lat' dir='ltr'><strong>enim</strong></span> <span class='ocrx_word' id='word_1_717' title='bbox 1436 4066 1600 4122; x_wconf 91' lang='lat' dir='ltr'><strong>quam</strong></span> <span class='ocrx_word' id='word_1_718' title='bbox 1630 4053 1860 4108; x_wconf 85' lang='lat' dir='ltr'><strong>mundus</strong></span> <span class='ocrx_word' id='word_1_719' title='bbox 1888 4055 2207 4111; x_wconf 88' lang='lat' dir='ltr'><strong>conderetur</strong></span> <span class='ocrx_word' id='word_1_720' title='bbox 2241 4097 2255 4120; x_wconf 88' lang='lat'><strong>,</strong></span> <span class='ocrx_word' id='word_1_721' title='bbox 2288 4068 2407 4112; x_wconf 89' lang='lat' dir='ltr'><strong>erat</strong></span> <span class='ocrx_word' id='word_1_722' title='bbox 2432 4056 2680 4127; x_wconf 65' lang='lat' dir='ltr'><strong>Verbum;</strong></span> <span class='ocrx_word' id='word_1_723' title='bbox 2709 4057 2762 4112; x_wconf 91' lang='lat' dir='ltr'><strong>in</strong></span> <span class='ocrx_word' id='word_1_724' title='bbox 2806 4055 2969 4111; x_wconf 83' lang='lat' dir='ltr'><strong>Patre</strong></span> <span class='ocrx_word' id='word_1_725' title='bbox 3006 4072 3125 4111; x_wconf 81' lang='lat' dir='ltr'><strong>suo.</strong></span> <span class='ocrx_word' id='word_1_726' title='bbox 3145 4055 3276 4112; x_wconf 90' lang='lat' dir='ltr'><strong>Cum</strong></span> <span class='ocrx_word' id='word_1_727' title='bbox 3316 4072 3446 4114; x_wconf 89' lang='lat' dir='ltr'><strong>vero</strong></span> <span class='ocrx_word' id='word_1_728' title='bbox 3483 4056 3623 4114; x_wconf 88' lang='lat' dir='ltr'><strong>Deus</strong></span> <span class='ocrx_word' id='word_1_729' title='bbox 3670 4059 3914 4129; x_wconf 88' lang='lat' dir='ltr'><strong>omnipo-</strong></span> 
     </span>
    </p>
   </div>
   <div class='ocr_carea' id='block_1_84' title="bbox 713 4142 3913 4219">
    <p class='ocr_par' dir='ltr' id='par_1_84' title="bbox 713 4142 3913 4219">
     <span class='ocr_line' id='line_1_84' title="bbox 713 4142 3913 4219; baseline 0.006 -31"><span class='ocrx_word' id='word_1_730' title='bbox 713 4155 733 4188; x_wconf 75' lang='grc' dir='ltr'><strong>ι</strong></span> <span class='ocrx_word' id='word_1_731' title='bbox 766 4144 883 4192; x_wconf 88' lang='lat' dir='ltr'><strong>tens</strong></span> <span class='ocrx_word' id='word_1_732' title='bbox 909 4150 1167 4195; x_wconf 87' lang='lat' dir='ltr'><strong>statueret</strong></span> <span class='ocrx_word' id='word_1_733' title='bbox 1194 4143 1372 4197; x_wconf 86' lang='lat' dir='ltr'><strong>omnia</strong></span> <span class='ocrx_word' id='word_1_734' title='bbox 1394 4157 1512 4212; x_wconf 70' lang='lat' dir='ltr'><strong>qua:</strong></span> <span class='ocrx_word' id='word_1_735' title='bbox 1545 4142 1598 4196; x_wconf 90' lang='lat' dir='ltr'><strong>in</strong></span> <span class='ocrx_word' id='word_1_736' title='bbox 1629 4143 1767 4197; x_wconf 71' lang='lat' dir='ltr'><strong>cmlo</strong></span> <span class='ocrx_word' id='word_1_737' title='bbox 1800 4154 1946 4208; x_wconf 93' lang='lat' dir='ltr'><strong>sunt,</strong></span> <span class='ocrx_word' id='word_1_738' title='bbox 1984 4154 2037 4198; x_wconf 88' lang='lat' dir='ltr'><strong>et</strong></span> <span class='ocrx_word' id='word_1_739' title='bbox 2071 4146 2121 4199; x_wconf 93' lang='lat' dir='ltr'><strong>iu</strong></span> <span class='ocrx_word' id='word_1_740' title='bbox 2154 4157 2316 4212; x_wconf 90' lang='lat' dir='ltr'><strong>terra,</strong></span> <span class='ocrx_word' id='word_1_741' title='bbox 2356 4149 2586 4204; x_wconf 89' lang='lat' dir='ltr'><strong>condere</strong></span> <span class='ocrx_word' id='word_1_742' title='bbox 2614 4170 2627 4204; x_wconf 95' lang='lat'>:</span> <span class='ocrx_word' id='word_1_743' title='bbox 2690 4147 2875 4203; x_wconf 91' lang='lat' dir='ltr'><strong>mundi</strong></span> <span class='ocrx_word' id='word_1_744' title='bbox 2907 4150 3115 4203; x_wconf 89' lang='lat' dir='ltr'><strong>creatio</strong></span> <span class='ocrx_word' id='word_1_745' title='bbox 3164 4148 3251 4201; x_wconf 88' lang='lat' dir='ltr'><strong>illa</strong></span> <span class='ocrx_word' id='word_1_746' title='bbox 3287 4148 3563 4219; x_wconf 76' lang='lat' dir='ltr'><strong>indigebat</strong></span> <span class='ocrx_word' id='word_1_747' title='bbox 3596 4150 3913 4219; x_wconf 86' lang='lat' dir='ltr'><strong>operatione</strong></span> 
     </span>
    </p>
   </div>
   <div class='ocr_carea' id='block_1_85' title="bbox 715 4229 3909 4310">
    <p class='ocr_par' dir='ltr' id='par_1_85' title="bbox 715 4229 3909 4310">
     <span class='ocr_line' id='line_1_85' title="bbox 715 4229 3909 4310; baseline 0.005 -28"><span class='ocrx_word' id='word_1_748' title='bbox 715 4249 734 4282; x_wconf 80' lang='grc' dir='ltr'><strong>ι</strong></span> <span class='ocrx_word' id='word_1_749' title='bbox 770 4229 1031 4288; x_wconf 77' lang='lat' dir='ltr'><strong>eﬂ&#39;cctiva.</strong></span> <span class='ocrx_word' id='word_1_750' title='bbox 1066 4233 1290 4298; x_wconf 87' lang='lat' dir='ltr'><strong>Idcirco,</strong></span> <span class='ocrx_word' id='word_1_751' title='bbox 1312 4249 1433 4289; x_wconf 91' lang='lat' dir='ltr'><strong>cum</strong></span> <span class='ocrx_word' id='word_1_752' title='bbox 1477 4244 1676 4303; x_wconf 63' lang='lat' dir='ltr'><strong>prater</strong></span> <span class='ocrx_word' id='word_1_753' title='bbox 1704 4234 1870 4289; x_wconf 78' lang='lat' dir='ltr'><strong>Deum</strong></span> <span class='ocrx_word' id='word_1_754' title='bbox 1900 4236 2030 4293; x_wconf 88' lang='lat' dir='ltr'><strong>nihil</strong></span> <span class='ocrx_word' id='word_1_755' title='bbox 2057 4254 2277 4307; x_wconf 87' lang='lat' dir='ltr'><strong>prorsus</strong></span> <span class='ocrx_word' id='word_1_756' title='bbox 2312 4249 2480 4305; x_wconf 81' lang='lat' dir='ltr'><strong>esset,</strong></span> <span class='ocrx_word' id='word_1_757' title='bbox 2507 4240 2651 4309; x_wconf 76' lang='lat' dir='ltr'><strong>(riam</strong></span> <span class='ocrx_word' id='word_1_758' title='bbox 2677 4249 2764 4295; x_wconf 90' lang='lat' dir='ltr'><strong>est</strong></span> <span class='ocrx_word' id='word_1_759' title='bbox 2794 4239 3031 4310; x_wconf 89' lang='lat' dir='ltr'><strong>positum</strong></span> <span class='ocrx_word' id='word_1_760' title='bbox 3068 4240 3197 4294; x_wconf 92' lang='lat' dir='ltr'><strong>illud</strong></span> <span class='ocrx_word' id='word_1_761' title='bbox 3242 4240 3295 4294; x_wconf 91' lang='lat' dir='ltr'><strong>in</strong></span> <span class='ocrx_word' id='word_1_762' title='bbox 3354 4242 3627 4308; x_wconf 81' lang='lat' dir='ltr'><strong>confesso,</strong></span> <span class='ocrx_word' id='word_1_763' title='bbox 3658 4244 3909 4298; x_wconf 82' lang='lat' dir='ltr'><strong>universa</strong></span> 
     </span>
    </p>
   </div>
   <div class='ocr_carea' id='block_1_86' title="bbox 715 4322 3913 4399">
    <p class='ocr_par' dir='ltr' id='par_1_86' title="bbox 715 4322 3913 4399">
     <span class='ocr_line' id='line_1_86' title="bbox 715 4322 3913 4399; baseline 0.005 -26"><span class='ocrx_word' id='word_1_764' title='bbox 715 4344 732 4372; x_wconf 77' lang='grc' dir='ltr'><strong>ι</strong></span> <span class='ocrx_word' id='word_1_765' title='bbox 769 4322 931 4378; x_wconf 81' lang='lat' dir='ltr'><strong>fuisse</strong></span> <span class='ocrx_word' id='word_1_766' title='bbox 968 4326 1035 4379; x_wconf 87' lang='lat' dir='ltr'><strong>ab</strong></span> <span class='ocrx_word' id='word_1_767' title='bbox 1072 4324 1163 4379; x_wconf 93' lang='lat' dir='ltr'><strong>illo</strong></span> <span class='ocrx_word' id='word_1_768' title='bbox 1186 4324 1418 4398; x_wconf 86' lang='lat' dir='ltr'><strong>condita)</strong></span> <span class='ocrx_word' id='word_1_769' title='bbox 1446 4334 1572 4380; x_wconf 92' lang='lat' dir='ltr'><strong>tunc</strong></span> <span class='ocrx_word' id='word_1_770' title='bbox 1614 4326 1909 4395; x_wconf 88' lang='lat' dir='ltr'><strong>procedens</strong></span> <span class='ocrx_word' id='word_1_771' title='bbox 1937 4327 2166 4381; x_wconf 87' lang='lat' dir='ltr'><strong>Verbum</strong></span> <span class='ocrx_word' id='word_1_772' title='bbox 2233 4329 2396 4383; x_wconf 79' lang='lat' dir='ltr'><strong>ﬂebat</strong></span> <span class='ocrx_word' id='word_1_773' title='bbox 2455 4329 2635 4384; x_wconf 84' lang='lat' dir='ltr'><strong>mundi</strong></span> <span class='ocrx_word' id='word_1_774' title='bbox 2667 4330 2935 4395; x_wconf 87' lang='lat' dir='ltr'><strong>conditor,</strong></span> <span class='ocrx_word' id='word_1_775' title='bbox 2964 4330 3108 4399; x_wconf 92' lang='lat' dir='ltr'><strong>quod</strong></span> <span class='ocrx_word' id='word_1_776' title='bbox 3160 4330 3313 4399; x_wconf 87' lang='lat' dir='ltr'><strong>prius</strong></span> <span class='ocrx_word' id='word_1_777' title='bbox 3351 4329 3502 4385; x_wconf 89' lang='lat' dir='ltr'><strong>intus</strong></span> <span class='ocrx_word' id='word_1_778' title='bbox 3530 4330 3913 4390; x_wconf 73' lang='lat' dir='ltr'><strong>intellectuali&#39;</strong></span> 
     </span>
    </p>
   </div>
   <div class='ocr_carea' id='block_1_87' title="bbox 714 4414 3906 4491">
    <p class='ocr_par' dir='ltr' id='par_1_87' title="bbox 714 4414 3906 4491">
     <span class='ocr_line' id='line_1_87' title="bbox 714 4414 3906 4491; baseline 0.004 -26"><span class='ocrx_word' id='word_1_779' title='bbox 714 4433 731 4463; x_wconf 75' lang='grc' dir='ltr'><strong>ι</strong></span> <span class='ocrx_word' id='word_1_780' title='bbox 772 4424 854 4467; x_wconf 89' lang='lat' dir='ltr'><strong>ter</strong></span> <span class='ocrx_word' id='word_1_781' title='bbox 890 4414 1147 4481; x_wconf 77' lang='lat' dir='ltr'><strong>residens,</strong></span> <span class='ocrx_word' id='word_1_782' title='bbox 1182 4414 1301 4484; x_wconf 80' lang='lat' dir='ltr'><strong>Ipse</strong></span> <span class='ocrx_word' id='word_1_783' title='bbox 1328 4417 1481 4485; x_wconf 72' lang='lat' dir='ltr'><strong>[uim</strong></span> <span class='ocrx_word' id='word_1_784' title='bbox 1516 4423 1574 4481; x_wconf 77' lang='grc' dir='ltr'><strong>›Ῑ‹</strong></span> <span class='ocrx_word' id='word_1_785' title='bbox 1603 4417 1668 4472; x_wconf 84' lang='lat' dir='ltr'><strong>Et</strong></span> <span class='ocrx_word' id='word_1_786' title='bbox 1697 4430 1887 4471; x_wconf 85' lang='lat' dir='ltr'><strong>rursus</strong></span> <span class='ocrx_word' id='word_1_787' title='bbox 1914 4419 2222 4485; x_wconf 90' lang='lat' dir='ltr'><strong>postomnia</strong></span> <span class='ocrx_word' id='word_1_788' title='bbox 2254 4419 2400 4473; x_wconf 85' lang='lat' dir='ltr'><strong>addit</strong></span> <span class='ocrx_word' id='word_1_789' title='bbox 2431 4438 2445 4472; x_wconf 86' lang='lat'><strong>:</strong></span> <span class='ocrx_word' id='word_1_790' title='bbox 2474 4438 2493 4472; x_wconf 76' lang='grc' dir='ltr'><strong>ι</strong></span> <span class='ocrx_word' id='word_1_791' title='bbox 2524 4418 2671 4474; x_wconf 81' lang='lat' dir='ltr'><strong>Hanc</strong></span> <span class='ocrx_word' id='word_1_792' title='bbox 2708 4421 2779 4474; x_wconf 91' lang='lat' dir='ltr'><strong>ob</strong></span> <span class='ocrx_word' id='word_1_793' title='bbox 2802 4434 3022 4475; x_wconf 86' lang='lat' dir='ltr'><strong>causam</strong></span> <span class='ocrx_word' id='word_1_794' title='bbox 3059 4434 3167 4474; x_wconf 92' lang='lat' dir='ltr'><strong>non</strong></span> <span class='ocrx_word' id='word_1_795' title='bbox 3195 4433 3254 4474; x_wconf 88' lang='lat' dir='ltr'><strong>se</strong></span> <span class='ocrx_word' id='word_1_796' title='bbox 3279 4420 3524 4475; x_wconf 88' lang='lat' dir='ltr'><strong>nominat</strong></span> <span class='ocrx_word' id='word_1_797' title='bbox 3550 4419 3599 4472; x_wconf 82' lang='lat' dir='ltr'><em>F</em></span> <span class='ocrx_word' id='word_1_798' title='bbox 3602 4422 3755 4476; x_wconf 76' lang='lat' dir='ltr'><strong>ilium</strong></span> <span class='ocrx_word' id='word_1_799' title='bbox 3792 4424 3906 4491; x_wconf 70' lang='lat' dir='ltr'><strong>Dei,</strong></span> 
     </span>
    </p>
   </div>
   <div class='ocr_carea' id='block_1_88' title="bbox 716 4504 3903 4581">
    <p class='ocr_par' dir='ltr' id='par_1_88' title="bbox 716 4504 3903 4581">
     <span class='ocr_line' id='line_1_88' title="bbox 716 4504 3903 4581; baseline 0.003 -21"><span class='ocrx_word' id='word_1_800' title='bbox 716 4530 732 4560; x_wconf 84' lang='grc' dir='ltr'><strong>ι</strong></span> <span class='ocrx_word' id='word_1_801' title='bbox 771 4506 861 4557; x_wconf 84' lang='lat' dir='ltr'><strong>sed</strong></span> <span class='ocrx_word' id='word_1_802' title='bbox 886 4504 1145 4559; x_wconf 78' lang='lat' dir='ltr'><strong>hominem</strong></span> <span class='ocrx_word' id='word_1_803' title='bbox 1171 4520 1190 4559; x_wconf 93' lang='lat'><em>:</em></span> <span class='ocrx_word' id='word_1_804' title='bbox 1226 4516 1282 4557; x_wconf 91' lang='lat' dir='ltr'><strong>ut</strong></span> <span class='ocrx_word' id='word_1_805' title='bbox 1309 4505 1381 4559; x_wconf 91' lang='lat' dir='ltr'><strong>ita</strong></span> <span class='ocrx_word' id='word_1_806' title='bbox 1428 4506 1721 4572; x_wconf 87' lang='lat' dir='ltr'><strong>hominem,</strong></span> <span class='ocrx_word' id='word_1_807' title='bbox 1753 4520 1852 4575; x_wconf 91' lang='lat' dir='ltr'><strong>per</strong></span> <span class='ocrx_word' id='word_1_808' title='bbox 1896 4509 2328 4561; x_wconf 88' lang='lat' dir='ltr'><strong>communionem</strong></span> <span class='ocrx_word' id='word_1_809' title='bbox 2367 4524 2487 4564; x_wconf 91' lang='lat' dir='ltr'><strong>cum</strong></span> <span class='ocrx_word' id='word_1_810' title='bbox 2529 4510 2661 4579; x_wconf 72' lang='lat' dir='ltr'><strong>ipso</strong></span> <span class='ocrx_word' id='word_1_811' title='bbox 2697 4510 3027 4579; x_wconf 90' lang='lat' dir='ltr'><strong>copulatum,</strong></span> <span class='ocrx_word' id='word_1_812' title='bbox 3054 4511 3167 4566; x_wconf 81' lang='lat' dir='ltr'><strong>ﬂeri</strong></span> <span class='ocrx_word' id='word_1_813' title='bbox 3195 4523 3514 4581; x_wconf 89' lang='lat' dir='ltr'><strong>procuraret</strong></span> <span class='ocrx_word' id='word_1_814' title='bbox 3541 4512 3735 4568; x_wconf 80' lang='lat' dir='ltr'><strong>Filium</strong></span> <span class='ocrx_word' id='word_1_815' title='bbox 3767 4515 3858 4570; x_wconf 86' lang='lat' dir='ltr'><strong>Dei</strong></span> <span class='ocrx_word' id='word_1_816' title='bbox 3890 4535 3903 4572; x_wconf 92' lang='lat'><strong>:</strong></span> 
     </span>
    </p>
   </div>
   <div class='ocr_carea' id='block_1_89' title="bbox 716 4594 3909 4673">
    <p class='ocr_par' dir='ltr' id='par_1_89' title="bbox 716 4594 3909 4673">
     <span class='ocr_line' id='line_1_89' title="bbox 716 4594 3909 4673; baseline 0.005 -25"><span class='ocrx_word' id='word_1_817' title='bbox 716 4609 733 4641; x_wconf 74' lang='grc' dir='ltr'><strong>ι</strong></span> <span class='ocrx_word' id='word_1_818' title='bbox 774 4604 827 4648; x_wconf 84' lang='lat' dir='ltr'><strong>et</strong></span> <span class='ocrx_word' id='word_1_819' title='bbox 858 4594 1004 4649; x_wconf 80' lang='lat' dir='ltr'><strong>ﬁnita</strong></span> <span class='ocrx_word' id='word_1_820' title='bbox 1035 4597 1134 4651; x_wconf 83' lang='lat' dir='ltr'><strong>hac</strong></span> <span class='ocrx_word' id='word_1_821' title='bbox 1175 4596 1591 4664; x_wconf 85' lang='lat' dir='ltr'><strong>dispensationis</strong></span> <span class='ocrx_word' id='word_1_822' title='bbox 1640 4598 1852 4653; x_wconf 90' lang='lat' dir='ltr'><strong>actione</strong></span> <span class='ocrx_word' id='word_1_823' title='bbox 1874 4637 1889 4663; x_wconf 90' lang='lat'><strong>,</strong></span> <span class='ocrx_word' id='word_1_824' title='bbox 1934 4597 2130 4652; x_wconf 87' lang='lat' dir='ltr'><strong>iterum</strong></span> <span class='ocrx_word' id='word_1_825' title='bbox 2175 4599 2320 4653; x_wconf 90' lang='lat' dir='ltr'><strong>velut</strong></span> <span class='ocrx_word' id='word_1_826' title='bbox 2358 4601 2587 4657; x_wconf 84' lang='lat' dir='ltr'><strong>Verbum</strong></span> <span class='ocrx_word' id='word_1_827' title='bbox 2620 4603 2909 4657; x_wconf 83' lang='lat' dir='ltr'><strong>aduniatur</strong></span> <span class='ocrx_word' id='word_1_828' title='bbox 2939 4602 3050 4656; x_wconf 89' lang='lat' dir='ltr'><strong>Deo</strong></span> <span class='ocrx_word' id='word_1_829' title='bbox 3083 4601 3378 4671; x_wconf 89' lang='lat' dir='ltr'><strong>adimplens</strong></span> <span class='ocrx_word' id='word_1_830' title='bbox 3408 4605 3551 4673; x_wconf 90' lang='lat' dir='ltr'><strong>quod</strong></span> <span class='ocrx_word' id='word_1_831' title='bbox 3583 4605 3788 4662; x_wconf 90' lang='lat' dir='ltr'><strong>dictum</strong></span> <span class='ocrx_word' id='word_1_832' title='bbox 3828 4607 3909 4663; x_wconf 74' lang='grc' dir='ltr'>εει</span> 
     </span>
    </p>
   </div>
   <div class='ocr_carea' id='block_1_90' title="bbox 716 4684 3908 4765">
    <p class='ocr_par' dir='ltr' id='par_1_90' title="bbox 716 4684 3908 4765">
     <span class='ocr_line' id='line_1_90' title="bbox 716 4684 3908 4765; baseline 0.006 -32"><span class='ocrx_word' id='word_1_833' title='bbox 716 4701 734 4733; x_wconf 80' lang='grc' dir='ltr'><strong>ι</strong></span> <span class='ocrx_word' id='word_1_834' title='bbox 778 4686 843 4735; x_wconf 86' lang='lat' dir='ltr'><strong>ab</strong></span> <span class='ocrx_word' id='word_1_835' title='bbox 866 4686 1141 4753; x_wconf 82' lang='lat' dir='ltr'><strong>Apostolo,</strong></span> <span class='ocrx_word' id='word_1_836' title='bbox 1182 4684 1323 4741; x_wconf 85' lang='lat' dir='ltr'><strong>Tunc</strong></span> <span class='ocrx_word' id='word_1_837' title='bbox 1370 4697 1420 4741; x_wconf 81' lang='lat' dir='ltr'><strong>et</strong></span> <span class='ocrx_word' id='word_1_838' title='bbox 1460 4690 1567 4757; x_wconf 85' lang='lat' dir='ltr'><strong>ipse</strong></span> <span class='ocrx_word' id='word_1_839' title='bbox 1618 4687 1874 4758; x_wconf 79' lang='lat' dir='ltr'><strong>subjectus</strong></span> <span class='ocrx_word' id='word_1_840' title='bbox 1916 4691 2014 4742; x_wconf 83' lang='lat' dir='ltr'><strong>erit</strong></span> <span class='ocrx_word' id='word_1_841' title='bbox 2066 4690 2184 4756; x_wconf 84' lang='lat' dir='ltr'><strong>illi,</strong></span> <span class='ocrx_word' id='word_1_842' title='bbox 2235 4693 2322 4759; x_wconf 83' lang='lat' dir='ltr'><strong>qui</strong></span> <span class='ocrx_word' id='word_1_843' title='bbox 2363 4694 2669 4763; x_wconf 81' lang='lat' dir='ltr'><strong>omnia.ipsi</strong></span> <span class='ocrx_word' id='word_1_844' title='bbox 2705 4694 3017 4763; x_wconf 82' lang='lat' dir='ltr'><strong>subjecerat,</strong></span> <span class='ocrx_word' id='word_1_845' title='bbox 3055 4704 3123 4747; x_wconf 69' lang='lat' dir='ltr'><strong>ut</strong></span> <span class='ocrx_word' id='word_1_846' title='bbox 3162 4694 3238 4748; x_wconf 84' lang='lat' dir='ltr'><strong>sic</strong></span> <span class='ocrx_word' id='word_1_847' title='bbox 3287 4694 3427 4750; x_wconf 78' lang='lat' dir='ltr'><strong>Deus</strong></span> <span class='ocrx_word' id='word_1_848' title='bbox 3470 4696 3568 4765; x_wconf 75' lang='lat' dir='ltr'><strong>ﬁat</strong></span> <span class='ocrx_word' id='word_1_849' title='bbox 3619 4699 3801 4753; x_wconf 79' lang='lat' dir='ltr'><strong>omnia</strong></span> <span class='ocrx_word' id='word_1_850' title='bbox 3855 4701 3908 4753; x_wconf 81' lang='lat' dir='ltr'><strong>in</strong></span> 
     </span>
    </p>
   </div>
   <div class='ocr_carea' id='block_1_91' title="bbox 718 4775 3907 4858">
    <p class='ocr_par' dir='ltr' id='par_1_91' title="bbox 718 4775 3907 4858">
     <span class='ocr_line' id='line_1_91' title="bbox 718 4775 3907 4858; baseline 0.007 -35"><span class='ocrx_word' id='word_1_851' title='bbox 718 4793 735 4823; x_wconf 79' lang='grc' dir='ltr'><strong>ι</strong></span> <span class='ocrx_word' id='word_1_852' title='bbox 771 4775 1200 4832; x_wconf 67' lang='grc' dir='ltr'>οωηίυοι’.Τυηε</span> <span class='ocrx_word' id='word_1_853' title='bbox 1227 4778 1367 4831; x_wconf 91' lang='lat' dir='ltr'><strong>enim</strong></span> <span class='ocrx_word' id='word_1_854' title='bbox 1394 4779 1495 4832; x_wconf 87' lang='lat' dir='ltr'><strong>erit</strong></span> <span class='ocrx_word' id='word_1_855' title='bbox 1525 4780 1663 4833; x_wconf 87' lang='lat' dir='ltr'><strong>idem</strong></span> <span class='ocrx_word' id='word_1_856' title='bbox 1693 4780 1831 4848; x_wconf 91' lang='lat' dir='ltr'><strong>quod</strong></span> <span class='ocrx_word' id='word_1_857' title='bbox 1862 4780 2008 4848; x_wconf 89' lang='lat' dir='ltr'><strong>prius</strong></span> <span class='ocrx_word' id='word_1_858' title='bbox 2035 4779 2263 4836; x_wconf 63' lang='lat' dir='ltr'><strong>fuerat.»</strong></span> <span class='ocrx_word' id='word_1_859' title='bbox 2312 4782 2441 4837; x_wconf 83' lang='lat' dir='ltr'><strong>Tam</strong></span> <span class='ocrx_word' id='word_1_860' title='bbox 2475 4786 2656 4840; x_wconf 89' lang='lat' dir='ltr'><strong>multis</strong></span> <span class='ocrx_word' id='word_1_861' title='bbox 2697 4784 2978 4839; x_wconf 77' lang='lat' dir='ltr'><strong>Marcellus</strong></span> <span class='ocrx_word' id='word_1_862' title='bbox 3037 4785 3167 4840; x_wconf 91' lang='lat' dir='ltr'><strong>illud</strong></span> <span class='ocrx_word' id='word_1_863' title='bbox 3207 4786 3339 4858; x_wconf 79' lang='lat' dir='ltr'><strong>egit,</strong></span> <span class='ocrx_word' id='word_1_864' title='bbox 3389 4796 3449 4842; x_wconf 91' lang='lat' dir='ltr'><strong>ut</strong></span> <span class='ocrx_word' id='word_1_865' title='bbox 3499 4788 3738 4844; x_wconf 87' lang='lat' dir='ltr'><strong>revelata</strong></span> <span class='ocrx_word' id='word_1_866' title='bbox 3771 4779 3907 4848; x_wconf 78' lang='lat' dir='ltr'><strong>facie</strong></span> 
     </span>
    </p>
   </div>
   <div class='ocr_carea' id='block_1_92' title="bbox 713 4865 3903 4951">
    <p class='ocr_par' dir='ltr' id='par_1_92' title="bbox 713 4865 3903 4951">
     <span class='ocr_line' id='line_1_92' title="bbox 713 4865 3903 4951; baseline 0.007 -34"><span class='ocrx_word' id='word_1_867' title='bbox 713 4865 802 4919; x_wconf 88' lang='lat' dir='ltr'><strong>Dei</strong></span> <span class='ocrx_word' id='word_1_868' title='bbox 848 4866 1039 4921; x_wconf 86' lang='lat' dir='ltr'><strong>Filium</strong></span> <span class='ocrx_word' id='word_1_869' title='bbox 1082 4869 1273 4939; x_wconf 85' lang='lat' dir='ltr'><strong>ejuret.</strong></span> <span class='ocrx_word' id='word_1_870' title='bbox 1329 4873 1385 4924; x_wconf 73' lang='lat' dir='ltr'><strong>Si</strong></span> <span class='ocrx_word' id='word_1_871' title='bbox 1414 4872 1556 4925; x_wconf 90' lang='lat' dir='ltr'><strong>enim</strong></span> <span class='ocrx_word' id='word_1_872' title='bbox 1590 4887 1727 4925; x_wconf 89' lang='lat' dir='ltr'><strong>unus</strong></span> <span class='ocrx_word' id='word_1_873' title='bbox 1772 4882 1933 4937; x_wconf 88' lang='lat' dir='ltr'><strong>atque</strong></span> <span class='ocrx_word' id='word_1_874' title='bbox 1960 4875 2099 4928; x_wconf 86' lang='lat' dir='ltr'><strong>idem</strong></span> <span class='ocrx_word' id='word_1_875' title='bbox 2131 4884 2248 4929; x_wconf 90' lang='lat' dir='ltr'><strong>erat</strong></span> <span class='ocrx_word' id='word_1_876' title='bbox 2288 4876 2448 4939; x_wconf 88' lang='lat' dir='ltr'><strong>Deus.</strong></span> <span class='ocrx_word' id='word_1_877' title='bbox 2478 4888 2534 4932; x_wconf 92' lang='lat' dir='ltr'><strong>et</strong></span> <span class='ocrx_word' id='word_1_878' title='bbox 2555 4865 2695 4947; x_wconf 86' lang='lat' dir='ltr'><strong>quod</strong></span> <span class='ocrx_word' id='word_1_879' title='bbox 2722 4878 2774 4931; x_wconf 91' lang='lat' dir='ltr'><strong>in</strong></span> <span class='ocrx_word' id='word_1_880' title='bbox 2800 4876 3037 4931; x_wconf 88' lang='lat' dir='ltr'><strong>Deoerat</strong></span> <span class='ocrx_word' id='word_1_881' title='bbox 3056 4877 3314 4944; x_wconf 91' lang='lat' dir='ltr'><strong>Verbum,</strong></span> <span class='ocrx_word' id='word_1_882' title='bbox 3370 4889 3425 4934; x_wconf 88' lang='lat' dir='ltr'><strong>et</strong></span> <span class='ocrx_word' id='word_1_883' title='bbox 3480 4895 3642 4936; x_wconf 90' lang='lat' dir='ltr'><strong>nemo</strong></span> <span class='ocrx_word' id='word_1_884' title='bbox 3668 4897 3903 4951; x_wconf 89' lang='lat' dir='ltr'><strong>unquam</strong></span> 
     </span>
    </p>
   </div>
   <div class='ocr_carea' id='block_1_93' title="bbox 713 4957 3905 5037">
    <p class='ocr_par' dir='ltr' id='par_1_93' title="bbox 713 4957 3905 5037">
     <span class='ocr_line' id='line_1_93' title="bbox 713 4957 3905 5037; baseline 0.005 -28"><span class='ocrx_word' id='word_1_885' title='bbox 713 4957 1035 5026; x_wconf 89' lang='lat' dir='ltr'><strong>sibimetipsi</strong></span> <span class='ocrx_word' id='word_1_886' title='bbox 1070 4960 1301 5013; x_wconf 85' lang='lat' dir='ltr'><strong>exsistat</strong></span> <span class='ocrx_word' id='word_1_887' title='bbox 1330 4957 1510 5024; x_wconf 90' lang='lat' dir='ltr'><strong>Pater,</strong></span> <span class='ocrx_word' id='word_1_888' title='bbox 1563 4969 1623 5012; x_wconf 92' lang='lat' dir='ltr'><strong>ut</strong></span> <span class='ocrx_word' id='word_1_889' title='bbox 1683 4975 1781 5016; x_wconf 87' lang='lat' dir='ltr'><strong>nec</strong></span> <span class='ocrx_word' id='word_1_890' title='bbox 1828 4961 1998 5017; x_wconf 83' lang='lat' dir='ltr'><strong>Filius</strong></span> <span class='ocrx_word' id='word_1_891' title='bbox 2049 4964 2332 5032; x_wconf 86' lang='lat' dir='ltr'><strong>quisquam</strong></span> <span class='ocrx_word' id='word_1_892' title='bbox 2370 4965 2473 5020; x_wconf 87' lang='lat' dir='ltr'><strong>sibi</strong></span> <span class='ocrx_word' id='word_1_893' title='bbox 2503 4966 2628 5037; x_wconf 87' lang='lat' dir='ltr'><strong>ipsi,</strong></span> <span class='ocrx_word' id='word_1_894' title='bbox 2654 4968 2746 5035; x_wconf 81' lang='lat' dir='ltr'><strong>qui</strong></span> <span class='ocrx_word' id='word_1_895' title='bbox 2773 4980 2908 5019; x_wconf 92' lang='lat' dir='ltr'><strong>unus</strong></span> <span class='ocrx_word' id='word_1_896' title='bbox 2945 4975 3109 5031; x_wconf 89' lang='lat' dir='ltr'><strong>esset,</strong></span> <span class='ocrx_word' id='word_1_897' title='bbox 3136 4982 3275 5021; x_wconf 89' lang='lat' dir='ltr'><strong>unus</strong></span> <span class='ocrx_word' id='word_1_898' title='bbox 3309 4976 3485 5024; x_wconf 89' lang='lat' dir='ltr'><strong>autem</strong></span> <span class='ocrx_word' id='word_1_899' title='bbox 3514 4967 3661 5025; x_wconf 87' lang='lat' dir='ltr'><strong>solus</strong></span> <span class='ocrx_word' id='word_1_900' title='bbox 3705 4980 3827 5025; x_wconf 84' lang='lat' dir='ltr'><strong>erat</strong></span> <span class='ocrx_word' id='word_1_901' title='bbox 3852 4967 3905 5026; x_wconf 70' lang='grc' dir='ltr'>ει</span> 
     </span>
    </p>
   </div>
   <div class='ocr_carea' id='block_1_94' title="bbox 715 5050 3900 5131">
    <p class='ocr_par' dir='ltr' id='par_1_94' title="bbox 715 5050 3900 5131">
     <span class='ocr_line' id='line_1_94' title="bbox 715 5050 3900 5131; baseline 0.005 -30"><span class='ocrx_word' id='word_1_902' title='bbox 715 5050 941 5117; x_wconf 81' lang='lat' dir='ltr'><strong>ipsemet</strong></span> <span class='ocrx_word' id='word_1_903' title='bbox 965 5067 1061 5106; x_wconf 84' lang='lat' dir='ltr'><strong>suo</strong></span> <span class='ocrx_word' id='word_1_904' title='bbox 1098 5051 1272 5105; x_wconf 87' lang='lat' dir='ltr'><strong>Verbo</strong></span> <span class='ocrx_word' id='word_1_905' title='bbox 1335 5054 1495 5117; x_wconf 87' lang='lat' dir='ltr'><strong>Dens,</strong></span> <span class='ocrx_word' id='word_1_906' title='bbox 1544 5066 1763 5123; x_wconf 87' lang='lat' dir='ltr'><strong>apparet</strong></span> <span class='ocrx_word' id='word_1_907' title='bbox 1814 5060 1955 5127; x_wconf 91' lang='lat' dir='ltr'><strong>quod</strong></span> <span class='ocrx_word' id='word_1_908' title='bbox 1991 5073 2096 5112; x_wconf 90' lang='lat' dir='ltr'><strong>non</strong></span> <span class='ocrx_word' id='word_1_909' title='bbox 2135 5068 2252 5112; x_wconf 86' lang='lat' dir='ltr'><strong>erat</strong></span> <span class='ocrx_word' id='word_1_910' title='bbox 2289 5059 2467 5129; x_wconf 87' lang='lat' dir='ltr'><strong>Pater,</strong></span> <span class='ocrx_word' id='word_1_911' title='bbox 2525 5076 2649 5115; x_wconf 90' lang='lat' dir='ltr'><strong>cum</strong></span> <span class='ocrx_word' id='word_1_912' title='bbox 2707 5060 2946 5114; x_wconf 91' lang='lat' dir='ltr'><strong>nondum</strong></span> <span class='ocrx_word' id='word_1_913' title='bbox 2998 5067 3239 5116; x_wconf 88' lang='lat' dir='ltr'><strong>exstaret</strong></span> <span class='ocrx_word' id='word_1_914' title='bbox 3306 5060 3474 5131; x_wconf 87' lang='lat' dir='ltr'><strong>ipsius</strong></span> <span class='ocrx_word' id='word_1_915' title='bbox 3515 5060 3722 5117; x_wconf 84' lang='lat' dir='ltr'><strong>Filius;</strong></span> <span class='ocrx_word' id='word_1_916' title='bbox 3754 5062 3900 5125; x_wconf 87' lang='lat' dir='ltr'><strong>item.</strong></span> 
     </span>
    </p>
   </div>
   <div class='ocr_carea' id='block_1_95' title="bbox 712 5142 2253 5209">
    <p class='ocr_par' dir='ltr' id='par_1_95' title="bbox 712 5142 2253 5209">
     <span class='ocr_line' id='line_1_95' title="bbox 712 5142 2253 5209; baseline 0.008 -20"><span class='ocrx_word' id='word_1_917' title='bbox 712 5142 856 5207; x_wconf 83' lang='lat' dir='ltr'><strong>quod</strong></span> <span class='ocrx_word' id='word_1_918' title='bbox 882 5156 983 5195; x_wconf 89' lang='lat' dir='ltr'><strong>non</strong></span> <span class='ocrx_word' id='word_1_919' title='bbox 1006 5150 1119 5195; x_wconf 89' lang='lat' dir='ltr'><strong>erat</strong></span> <span class='ocrx_word' id='word_1_920' title='bbox 1156 5142 1339 5209; x_wconf 85' lang='lat' dir='ltr'><strong>Filius,</strong></span> <span class='ocrx_word' id='word_1_921' title='bbox 1368 5158 1488 5197; x_wconf 92' lang='lat' dir='ltr'><strong>cum</strong></span> <span class='ocrx_word' id='word_1_922' title='bbox 1535 5146 1767 5199; x_wconf 87' lang='lat' dir='ltr'><strong>nondum</strong></span> <span class='ocrx_word' id='word_1_923' title='bbox 1798 5156 2039 5203; x_wconf 88' lang='lat' dir='ltr'><strong>exstaret</strong></span> <span class='ocrx_word' id='word_1_924' title='bbox 2071 5146 2253 5201; x_wconf 90' lang='lat' dir='ltr'><strong>Pater.</strong></span> 
     </span>
    </p>
   </div>
   <div class='ocr_carea' id='block_1_96' title="bbox 788 5230 2237 5309">
    <p class='ocr_par' dir='ltr' id='par_1_96' title="bbox 788 5230 2237 5309">
     <span class='ocr_line' id='line_1_96' title="bbox 788 5230 2237 5309; baseline 0.008 -28"><span class='ocrx_word' id='word_1_925' title='bbox 788 5230 862 5284; x_wconf 78' lang='lat' dir='ltr'><strong>Ex</strong></span> <span class='ocrx_word' id='word_1_926' title='bbox 896 5230 1175 5287; x_wconf 88' lang='lat' dir='ltr'><strong>antedictis</strong></span> <span class='ocrx_word' id='word_1_927' title='bbox 1202 5234 1321 5288; x_wconf 86' lang='lat' dir='ltr'><strong>ideo</strong></span> <span class='ocrx_word' id='word_1_928' title='bbox 1348 5236 1721 5303; x_wconf 85' lang='lat' dir='ltr'><strong>cognoscimus</strong></span> <span class='ocrx_word' id='word_1_929' title='bbox 1734 5253 1849 5307; x_wconf 69' lang='lat' dir='ltr'><strong>qua:</strong></span> <span class='ocrx_word' id='word_1_930' title='bbox 1862 5249 1915 5295; x_wconf 90' lang='lat' dir='ltr'><strong>et</strong></span> <span class='ocrx_word' id='word_1_931' title='bbox 1938 5240 2115 5309; x_wconf 88' lang='lat' dir='ltr'><strong>qualia</strong></span> <span class='ocrx_word' id='word_1_932' title='bbox 2135 5239 2237 5292; x_wconf 85' lang='lat' dir='ltr'><strong>iste</strong></span> 
     </span>
    </p>
   </div>
   <div class='ocr_carea' id='block_1_97' title="bbox 715 5320 2236 5396">
    <p class='ocr_par' dir='ltr' id='par_1_97' title="bbox 715 5320 2236 5396">
     <span class='ocr_line' id='line_1_97' title="bbox 715 5320 2236 5396; baseline 0.005 -21"><span class='ocrx_word' id='word_1_933' title='bbox 715 5320 873 5375; x_wconf 86' lang='lat' dir='ltr'><strong>homo</strong></span> <span class='ocrx_word' id='word_1_934' title='bbox 890 5332 1275 5379; x_wconf 84' lang='lat' dir='ltr'><strong>commentatus</strong></span> <span class='ocrx_word' id='word_1_935' title='bbox 1292 5336 1393 5391; x_wconf 89' lang='lat' dir='ltr'><strong>est,</strong></span> <span class='ocrx_word' id='word_1_936' title='bbox 1413 5326 1479 5379; x_wconf 88' lang='lat' dir='ltr'><strong>de</strong></span> <span class='ocrx_word' id='word_1_937' title='bbox 1499 5324 1673 5381; x_wconf 88' lang='lat' dir='ltr'><strong>Verbo</strong></span> <span class='ocrx_word' id='word_1_938' title='bbox 1696 5326 1785 5382; x_wconf 92' lang='lat' dir='ltr'><strong>Dei</strong></span> <span class='ocrx_word' id='word_1_939' title='bbox 1804 5344 1906 5384; x_wconf 90' lang='lat' dir='ltr'><strong>non</strong></span> <span class='ocrx_word' id='word_1_940' title='bbox 1925 5331 2236 5396; x_wconf 86' lang='lat' dir='ltr'><strong>exsistente,</strong></span> 
     </span>
    </p>
   </div>
   <div class='ocr_carea' id='block_1_98' title="bbox 2420 5230 3903 5309">
    <p class='ocr_par' dir='ltr' id='par_1_98' title="bbox 2420 5230 3903 5309">
     <span class='ocr_line' id='line_1_98' title="bbox 2420 5230 3903 5309; baseline 0.001 -20"><span class='ocrx_word' id='word_1_941' title='bbox 2420 5235 2611 5289; x_wconf 85' lang='grc' dir='ltr'>Ὃποῖα</span> <span class='ocrx_word' id='word_1_942' title='bbox 2639 5234 2739 5305; x_wconf 86' lang='grc' dir='ltr'>μὲν</span> <span class='ocrx_word' id='word_1_943' title='bbox 2757 5231 2848 5289; x_wconf 83' lang='grc' dir='ltr'>οὖν</span> <span class='ocrx_word' id='word_1_944' title='bbox 2877 5236 3005 5305; x_wconf 70' lang='grc' dir='ltr'>περὶ</span> <span class='ocrx_word' id='word_1_945' title='bbox 3032 5234 3125 5290; x_wconf 89' lang='grc' dir='ltr'><strong>τοῦ</strong></span> <span class='ocrx_word' id='word_1_946' title='bbox 3162 5235 3292 5307; x_wconf 81' lang='grc' dir='ltr'>μηδὲ</span> <span class='ocrx_word' id='word_1_947' title='bbox 3315 5230 3474 5301; x_wconf 77' lang='grc' dir='ltr'>εἶναι,</span> <span class='ocrx_word' id='word_1_948' title='bbox 3503 5236 3636 5309; x_wconf 69' lang='grc' dir='ltr'>μηδὲ</span> <span class='ocrx_word' id='word_1_949' title='bbox 3669 5243 3903 5309; x_wconf 73' lang='grc' dir='ltr'>προϋφε-</span> 
     </span>
    </p>
   </div>
   <div class='ocr_carea' id='block_1_99' title="bbox 2346 5326 3901 5399">
    <p class='ocr_par' dir='ltr' id='par_1_99' title="bbox 2346 5326 3901 5399">
     <span class='ocr_line' id='line_1_99' title="bbox 2346 5326 3901 5399; baseline 0.002 -18"><span class='ocrx_word' id='word_1_950' title='bbox 2346 5329 2533 5386; x_wconf 83' lang='grc' dir='ltr'>στάναι</span> <span class='ocrx_word' id='word_1_951' title='bbox 2585 5328 2677 5382; x_wconf 89' lang='grc' dir='ltr'><strong>τὸν</strong></span> <span class='ocrx_word' id='word_1_952' title='bbox 2731 5326 2825 5381; x_wconf 88' lang='grc' dir='ltr'><strong>τοῦ</strong></span> <span class='ocrx_word' id='word_1_953' title='bbox 2877 5326 3013 5382; x_wconf 87' lang='grc' dir='ltr'>Θεοῦ</span> <span class='ocrx_word' id='word_1_954' title='bbox 3072 5328 3219 5394; x_wconf 83' lang='grc' dir='ltr'>Υίὸν,</span> <span class='ocrx_word' id='word_1_955' title='bbox 3271 5327 3521 5399; x_wconf 49' lang='grc' dir='ltr'>ψιλὸνεβὲ</span> <span class='ocrx_word' id='word_1_956' title='bbox 3556 5327 3731 5399; x_wconf 82' lang='grc' dir='ltr'>Λόγον</span> <span class='ocrx_word' id='word_1_957' title='bbox 3761 5329 3901 5386; x_wconf 71' lang='lat' dir='ltr'><strong>Mn</strong></span> 
     </span>
    </p>
   </div>
   <div class='ocr_carea' id='block_1_100' title="bbox 792 5488 2251 5566">
    <p class='ocr_par' dir='ltr' id='par_1_100' title="bbox 792 5488 2239 5566">
     <span class='ocr_line' id='line_1_100' title="bbox 792 5488 2239 5566; baseline 0.008 -23"><span class='ocrx_word' id='word_1_958' title='bbox 792 5492 849 5550; x_wconf 59' lang='grc' dir='ltr'><strong>’Β</strong></span> <span class='ocrx_word' id='word_1_959' title='bbox 889 5488 984 5544; x_wconf 83' lang='lat' dir='ltr'><strong>Ed.</strong></span> <span class='ocrx_word' id='word_1_960' title='bbox 1008 5490 1205 5558; x_wconf 85' lang='lat' dir='ltr'><strong>Paris.,</strong></span> <span class='ocrx_word' id='word_1_961' title='bbox 1241 5509 1360 5566; x_wconf 91' lang='lat' dir='ltr'><strong>pag.</strong></span> <span class='ocrx_word' id='word_1_962' title='bbox 1395 5495 1486 5550; x_wconf 72' lang='grc'><strong>42.</strong></span> <span class='ocrx_word' id='word_1_963' title='bbox 1576 5498 1592 5527; x_wconf 83' lang='grc'>¹</span> <span class='ocrx_word' id='word_1_964' title='bbox 1630 5496 1781 5551; x_wconf 85' lang='lat' dir='ltr'><strong>Dent.</strong></span> <span class='ocrx_word' id='word_1_965' title='bbox 1813 5514 1894 5561; x_wconf 84' lang='lat' dir='ltr'><strong>Ill,</strong></span> <span class='ocrx_word' id='word_1_966' title='bbox 1922 5500 2023 5563; x_wconf 70' lang='lat'><strong>26;</strong></span> <span class='ocrx_word' id='word_1_967' title='bbox 2052 5516 2124 5564; x_wconf 81' lang='grc' dir='ltr'><strong>ιν,</strong></span> <span class='ocrx_word' id='word_1_968' title='bbox 2153 5500 2239 5555; x_wconf 78' lang='lat'><strong>39.</strong></span> 
     </span>
    </p>
   </div>
   <div class='ocr_carea' id='block_1_101' title="bbox 2351 5488 3418 5566">
    <p class='ocr_par' dir='ltr' id='par_1_101' title="bbox 2356 5494 3418 5566">
     <span class='ocr_line' id='line_1_101' title="bbox 2356 5494 3418 5566; baseline -0.003 -10"><span class='ocrx_word' id='word_1_969' title='bbox 2356 5541 2370 5556; x_wconf 98' lang='lat'><strong>.</strong></span> <span class='ocrx_word' id='word_1_970' title='bbox 2397 5498 2680 5565; x_wconf 73' lang='lat' dir='ltr'><strong>vaut,12.</strong></span> <span class='ocrx_word' id='word_1_971' title='bbox 2721 5496 2742 5527; x_wconf 78' lang='lat'>&#39;</span> <span class='ocrx_word' id='word_1_972' title='bbox 2770 5494 2930 5554; x_wconf 86' lang='lat' dir='ltr'><strong>lCor.</strong></span> <span class='ocrx_word' id='word_1_973' title='bbox 2968 5513 3058 5566; x_wconf 87' lang='lat' dir='ltr'><strong>xv,</strong></span> <span class='ocrx_word' id='word_1_974' title='bbox 3082 5497 3173 5554; x_wconf 68' lang='lat'><strong>28.</strong></span> <span class='ocrx_word' id='word_1_975' title='bbox 3244 5498 3266 5529; x_wconf 91' lang='grc'>³</span> <span class='ocrx_word' id='word_1_976' title='bbox 3292 5496 3418 5553; x_wconf 91' lang='lat' dir='ltr'><strong>ibid.</strong></span> 
     </span>
    </p>
   </div>
   <div class='ocr_carea' id='block_1_102' title="bbox 792 5622 2251 5703">
    <p class='ocr_par' dir='ltr' id='par_1_102' title="bbox 792 5622 2251 5703">
     <span class='ocr_line' id='line_1_102' title="bbox 792 5622 2251 5703; baseline 0.008 -30"><span class='ocrx_word' id='word_1_977' title='bbox 792 5622 904 5703; x_wconf 57' lang='grc' dir='ltr'><strong>(5η</strong></span> <span class='ocrx_word' id='word_1_978' title='bbox 945 5623 1139 5703; x_wconf 68' lang='grc' dir='ltr'>Πάντα</span> <span class='ocrx_word' id='word_1_979' title='bbox 1190 5630 1301 5703; x_wconf 58' lang='grc' dir='ltr'><strong>καί</strong></span> <span class='ocrx_word' id='word_1_980' title='bbox 1329 5631 1397 5683; x_wconf 79' lang='grc' dir='ltr'>ἐν</span> <span class='ocrx_word' id='word_1_981' title='bbox 1447 5629 1595 5687; x_wconf 78' lang='grc' dir='ltr'>πᾶσι</span> <span class='ocrx_word' id='word_1_982' title='bbox 1640 5632 1903 5703; x_wconf 55' lang='grc' dir='ltr'>Χριστός.</span> <span class='ocrx_word' id='word_1_983' title='bbox 1938 5632 2045 5687; x_wconf 90' lang='lat' dir='ltr'><strong>Imo</strong></span> <span class='ocrx_word' id='word_1_984' title='bbox 2089 5634 2251 5696; x_wconf 83' lang='grc' dir='ltr'>Θεός,</span> 
     </span>
    </p>
   </div>
   <div class='ocr_carea' id='block_1_103' title="bbox 2351 5622 3898 5703">
    <p class='ocr_par' dir='ltr' id='par_1_103' title="bbox 2356 5628 3898 5703">
     <span class='ocr_line' id='line_1_103' title="bbox 2356 5628 3898 5703; baseline -0.002 -17"><span class='ocrx_word' id='word_1_985' title='bbox 2356 5635 2513 5700; x_wconf 74' lang='lat' dir='ltr'><strong>vulgo</strong></span> <span class='ocrx_word' id='word_1_986' title='bbox 2554 5633 2701 5703; x_wconf 75' lang='grc' dir='ltr'>αὑτῷ</span> <span class='ocrx_word' id='word_1_987' title='bbox 2734 5635 2907 5689; x_wconf 76' lang='grc' dir='ltr'>πάντα</span> <span class='ocrx_word' id='word_1_988' title='bbox 2941 5643 2994 5689; x_wconf 86' lang='lat' dir='ltr'><strong>et</strong></span> <span class='ocrx_word' id='word_1_989' title='bbox 3024 5632 3162 5689; x_wconf 81' lang='lat' dir='ltr'><strong>infra</strong></span> <span class='ocrx_word' id='word_1_990' title='bbox 3211 5630 3386 5702; x_wconf 76' lang='grc' dir='ltr'>ἑαυτῷ</span> <span class='ocrx_word' id='word_1_991' title='bbox 3411 5640 3464 5688; x_wconf 85' lang='lat' dir='ltr'><strong>et</strong></span> <span class='ocrx_word' id='word_1_992' title='bbox 3503 5631 3593 5685; x_wconf 77' lang='grc' dir='ltr'><strong>τὸν</strong></span> <span class='ocrx_word' id='word_1_993' title='bbox 3630 5628 3725 5684; x_wconf 90' lang='grc' dir='ltr'><strong>τοῦ</strong></span> <span class='ocrx_word' id='word_1_994' title='bbox 3765 5628 3898 5687; x_wconf 56' lang='grc' dir='ltr'><strong>Κίιῦ</strong></span> 
     </span>
    </p>
   </div>
   <div class='ocr_carea' id='block_1_104' title="bbox 723 5694 2560 5773">
    <p class='ocr_par' dir='ltr' id='par_1_104' title="bbox 723 5694 2560 5773">
     <span class='ocr_line' id='line_1_104' title="bbox 723 5694 2560 5773; baseline 0.004 -24"><span class='ocrx_word' id='word_1_995' title='bbox 723 5694 860 5763; x_wconf 70' lang='lat' dir='ltr'><strong>apud</strong></span> <span class='ocrx_word' id='word_1_996' title='bbox 879 5696 1181 5761; x_wconf 80' lang='lat' dir='ltr'><strong>Apostnlmn</strong></span> <span class='ocrx_word' id='word_1_997' title='bbox 1199 5711 1251 5753; x_wconf 90' lang='lat' dir='ltr'><strong>et</strong></span> <span class='ocrx_word' id='word_1_998' title='bbox 1274 5701 1337 5755; x_wconf 82' lang='lat' dir='ltr'><strong>de</strong></span> <span class='ocrx_word' id='word_1_999' title='bbox 1362 5702 1622 5756; x_wconf 77' lang='lat' dir='ltr'><strong>sententia</strong></span> <span class='ocrx_word' id='word_1_1000' title='bbox 1642 5694 1893 5756; x_wconf 76' lang='lat' dir='ltr'><strong>Marcelli.</strong></span> <span class='ocrx_word' id='word_1_1001' title='bbox 1918 5703 1985 5757; x_wconf 67' lang='lat'><strong>5|.</strong></span> <span class='ocrx_word' id='word_1_1002' title='bbox 2009 5734 2072 5743; x_wconf 91' lang='lat'><strong><em>—</em></strong></span> <span class='ocrx_word' id='word_1_1003' title='bbox 2099 5694 2265 5773; x_wconf 69' lang='lat' dir='ltr'><strong>Supra</strong></span> <span class='ocrx_word' id='word_1_1004' title='bbox 2374 5694 2560 5771; x_wconf 67' lang='grc' dir='ltr'>Λόγον.</span> 
     </span>
    </p>
   </div>
  </div>
