4106 6414
218 407 321 465 8M

1346 407 1625 465 CONTRA
1666 408 2094 466 MARCELLI}!
2130 412 2258 467 LIB.
2297 413 2366 469 ll.

3357 414 3464 472 802

227 544 246 575 ι
283 540 400 588 ται,
422 479 619 578 κτίσιν·
660 542 682 577 s
725 522 816 577 καὶ
858 520 1119 591 ἐπιλέγω
1167 540 1185 575 ι
1226 522 1521 577 Οὐ-τοίνυν
1563 541 1718 589 ουτος
1763 527 1777 579 i

1899 543 1919 579 ι
1958 526 2141 583 omnia
2196 527 2315 597 ipse
2343 526 2591 583 conditas
2620 526 2715 592 sit,
2748 525 2844 582 sed
2875 534 3100 597 propter
3126 526 3273 583 illam
3303 542 3460 584 suam

225 634 244 665 ι
283 612 589 684 ἁγιώτατος
614 613 783 682 Λόγος
816 612 923 684 πρὸ
946 612 1048 683 τῆς
1074 612 1536 687 ινανθριινιτησεως
1568 616 1789 687 Πρωτό-

226 724 244 757 ι
284 722 444 769 τόκος
474 704 691 775 ἁπάσης
714 702 940 767 κτίσεως
965 702 1248 775 ὠνόμαστο
1282 704 1421 775 (πῶς
1440 706 1549 777 γὰρ
1567 706 1789 762 δυνατὸν

228 813 247 846 ι
284 796 379 852 τὸν
418 796 508 850 ἀεὶ
544 794 1041 866 ὕνταπρωτότοκον
1081 792 1219 849 sive!
1274 796 1791 867 τινος;)ἀλλὰτὸν

227 906 245 935 ι
286 878 501 957 πρῶτον
532 882 718 937 καινὸν
756 883 1057 956 ἄνθρωπον,
1085 886 1165 947 είς
1188 883 1250 938 ὃν
1274 885 1344 939 τὰ
1370 886 1549 940 πάντα
1586 888 1787 941 ἀνακι-

227 994 246 1027 ι
289 973 696 1045 φαλαιιὶισασθαι
745 974 1009 1046 ἐϐουλήθη
1048 976 1079 1027 ό
1110 974 1263 1040 Θεὸς,
1307 975 1496 1031 τοῦτον
1550 979 1609 1030 ai
1650 978 1786 1032 θεῖαι

228 1085 247 1118 t
284 1066 497 1137 Γραφαὶ
521 1064 867 1136 Πρωτότοκον
903 1066 1083 1134 πάσης
1124 1064 1450 1135 ὀνομάζουσι
1479 1068 1725 1131 κτίσεως.
1760 1089 1780 1121 ι
1842 1122 1843 1125 η

220 1157 329 1209 Καὶ
351 1151 506 1219 αὖθις
532 1155 780 1227 ιπιφέρει
800 1172 815 1185 ·
844 1172 863 1206 ι
904 1154 1144 1219 Ἀκούεις
1170 1156 1319 1219 ὅπως
1356 1156 1417 1210 οὐ
1460 1158 1619 1228 μόνον
1649 1157 1785 1212 ταῦ-

224 1266 244 1298 ι
280 1265 366 1314 τα,
396 1247 531 1301 ἀλλὰ
571 1248 664 1300 καὶ
702 1246 770 1299 τὰ
804 1246 1224 1318 προϋπάρχοντα
1250 1246 1306 1301 έν
1325 1264 1383 1300 τε
1414 1248 1662 1320 οὐρανοῖς
1693 1249 1785 1302 καὶ

224 1359 242 1392 ι
280 1340 374 1394 ἐπὶ
396 1341 497 1410 τῆς
525 1339 626 1410 γῆς
654 1340 713 1391 έν
742 1338 890 1409 αὑτῷ
912 1339 1051 1393 κατὰ
1080 1339 1179 1410 τὴν
1211 1340 1402 1412 καινὴν
1436 1341 1611 1396 κτίσιν
1636 1342 1783 1395 ικτί-

222 1449 241 1482 ι
283 1430 404 1485 σθαι
426 1431 729 1502 συμϐαίνει.
763 1449 783 1482 s
822 1431 1002 1485 Ταῦτα
1036 1432 1132 1501 μὲν
1163 1428 1256 1485 οὖν
1289 1433 1357 1486 δι’
1390 1426 1465 1487 ὧν
1503 1434 1783 1505 Πρωτότο-

215 1540 313 1577 κον
342 1525 521 1594 πάσης
548 1523 774 1584 κτίσεως
827 1522 913 1575 διὰ
951 1522 1050 1593 τὴν
1083 1523 1259 1594 σάρκα
1278 1524 1448 1595 ,αὑτὸν
1472 1524 1783 1596 ὠνομάσθαι

214 1614 421 1685 εἴρηκε.
478 1613 585 1665 Θια
622 1612 679 1664 δὲ
712 1612 857 1675 ὅπως
886 1613 978 1665 καὶ
1004 1612 1087 1679 τὸ,
1112 1615 1324 1682 Κύριος
1352 1614 1555 1669 ἐκτισέ
1576 1632 1653 1684 με
1689 1616 1786 1683 ἀρ-

213 1706 338 1775 χὴν
352 1704 507 1759 ὁδῶν
525 1704 715 1759 αὐτοῦ
742 1707 827 1771 εις
847 1705 990 1773 ἔργα
1005 1704 1215 1769 αὑτοῦ,
1241 1705 1403 1757 πάλιν
1424 1707 1515 1758 ἐπὶ
1537 1707 1637 1777 τὴν
1659 1707 1788 1777 σάρ-

213 1814 285 1850 κα
312 1796 600 1867 ἀναφέρει·
638 1795 715 1866 μὴ
744 1796 1023 1867 προσέχων
1051 1799 1115 1865 τῇ
1147 1795 1265 1865 θείᾳ
1294 1796 1482 1867 Γραφῇ
1512 1797 1577 1849 ἐκ
1609 1814 1781 1868 προσ-

1894 636 1915 669 ι
1946 618 2245 674 secundum
2272 632 2490 673 carnem
2516 616 2944 687 generationem.
2980 636 3001 671 ι
3038 618 3202 674 Addit
3239 628 3459 677 autem:

1894 724 1913 758 ι
1945 705 2210 774 Quocirca
2233 707 2639 763 sanctissimum
2684 707 2827 762 istud
2859 707 3119 773 Verbum,
3165 723 3271 764 non
3301 710 3456 765 dice-

1892 814 1912 847 ι
1943 796 2104 851 batur
2133 806 2260 851 ante
2282 811 2435 851 suam
2481 797 2938 862 incarnationem,
2981 799 3162 855 omnis
3187 811 3457 856 creaturas

1892 904 1913 937 ι
1951 884 2370 957 Primogenitus.
2420 886 2551 941 Nam
2585 890 2859 957 quomodo
2906 890 3021 944 lieri
3053 899 3287 960 poterat,
3320 902 3381 947 ut
3409 893 3457 946 is

1891 990 1912 1023 ι
1941 973 2032 1043 qui
2054 989 2274 1045 semper
2292 984 2434 1043 erat,
2462 976 2691 1045 alicujus
2718 988 2866 1033 esset
2893 978 3294 1049 primogenittts
3315 980 3340 1033 τ
3360 983 3458 1036 sed

1892 1084 1911 1116 ι
1942 1067 2151 1135 primus
2186 1066 2275 1121 ille
2298 1082 2471 1122 novus
2498 1068 2684 1137 homo,
2719 1070 2773 1123 in
2798 1084 2963 1138 quem
3020 1070 3200 1125 omnia
3243 1070 3459 1125 volebat

1890 1175 1909 1207 ι
1946 1156 2087 1210 Deus
2117 1156 2451 1221 recolligere,
2476 1156 2522 1211 is
2544 1157 2596 1210 in
2623 1172 2778 1211 sacra
2804 1158 3087 1227 Scriptura
3114 1160 3455 1226 nominatur,

1850 1267 1859 1278 ·
1890 1266 1909 1300 ι
1939 1248 2119 1302 omnis
2141 1258 2411 1303 creatum
2452 1247 2905 1319 Primogenitus.»
2936 1250 3108 1304 lul‘ert
3134 1261 3267 1306 tum:
3298 1270 3317 1303 ι
3340 1254 3455 1307 Au-

1890 1356 1910 1390 ι
1949 1339 2053 1404 dis,
2079 1346 2139 1393 ut
2164 1352 2271 1392 non
2301 1339 2479 1393 solum
2510 1338 2638 1407 ista,
2657 1341 2750 1395 sed
2776 1352 2833 1396 et
2862 1341 2955 1395 illa
2984 1343 3167 1397 omnia
3196 1346 3456 1411 μαιωθε-

1888 1445 1907 1477 ι
1945 1428 2141 1483 stentia
2165 1429 2281 1483 sive
2313 1443 2477 1498 super
2500 1440 2700 1485 terram
2736 1446 2832 1485 seu
2876 1433 2932 1487 in
2963 1434 3141 1507 ctelis,
3175 1434 3339 1490 inillo
3365 1450 3455 1490 se-

1888 1537 1907 1570 ι
1939 1520 2176 1575 cundum
2205 1536 2401 1575 novatn
2428 1520 2568 1575 hanc
2597 1522 2934 1579 creationem
2985 1526 3390 1581 condebantur.
3429 1545 3449 1578 ι

1880 1611 2060 1679 Atque
2090 1611 2206 1666 haec
2235 1621 2364 1667 sunt
2386 1611 2475 1665 illa
2500 1613 2701 1683 quibus
2726 1618 3045 1684 pronuntiat
3073 1618 3221 1671 illum
3246 1621 3453 1672 dictum

1881 1702 2060 1757 omnis
2082 1713 2350 1758 creatura:
2388 1702 2821 1775 Primogeuitutn
2852 1720 3072 1777 propter
3117 1722 3451 1781 assutnptatn

1883 1810 2127 1850 carnem.
2157 1793 2290 1850 Vide
2322 1806 2502 1850 autem
2533 1798 2767 1866 qualiter
2796 1799 2863 1852 ad
2896 1814 3117 1854 carnem
3150 1816 3369 1871 quoque
3397 1812 3454 1857 et

212 1886 359 1941 ὠπου
397 1887 495 1956 τῆς
536 1886 725 1956 σοφίας
764 1888 821 1941 ὲν
861 1890 977 1949 ταῖς
1008 1888 1335 1957 Παροιμίαις
1366 1888 1554 1940 τοῦτον
1586 1889 1777 1957 λεγού-

1884 1885 2013 1939 illud
2042 1886 2261 1950 referat,
2296 1886 2553 1941 Dominus
2578 1890 2815 1943 condidit
2874 1908 2955 1945 me
2996 1894 3310 1962 principium
3340 1896 3454 1948 vitt-

214 1994 282 2048 ση
317 1976 410 2029 τδν
438 1976 639 2046 τρόπον
658 1992 671 2005 ·
725 1975 864 2044 Ἐγὼ
890 1975 928 2040 ἠ
959 1976 1143 2043 σοφία
1176 1974 1608 2040 κατεσκήνωσα
1628 1977 1779 2040 ,Βου-

210 2065 354 2132 λὴν,
391 2065 492 2118 καί
522 2065 729 2129 δόξαν,
764 2064 861 2117 καί
885 2064 1127 2119 ἔννοιαν
1149 2066 1263 2135 ἐγὼ
1288 2066 1776 2136 ἐπεκαλεσάμην·

211 2156 285 2211 δι’
308 2157 456 2226 ἐμοῦ
478 2157 759 2222 βασιλεῖς
779 2157 1203 2221 βασιλεύουσι,
1250 2157 1350 2211 καὶ
1395 2162 1448 2212 οὶ
1485 2157 1780 2213 δυνάσται

210 2246 604 2315 δικαιοσύνην
630 2246 983 2315 γράφουσιν.
1024 2241 1117 2311 Ui;
1147 2248 1271 2318 ἑξῆς
1300 2247 1537 2315 ἐπιλέγει
1581 2251 1613 2319 ὴ
1641 2250 1777 2321 αὐτὴ

211 2326 409 2407 2091a.-
455 2338 552 2391 Ἐν
579 2336 739 2404 ὁδοῖς
766 2337 1150 2404 δικαιοσύνης
1186 2338 1504 2405 περιπατῶ,
1533 2339 1629 2391 καὶ
1663 2340 1779 2392 ἀνὰ

205 2427 400 2496 μέσον
420 2429 631 2495 τρίϐων
651 2427 1037 2497 δικαιώματος
1058 2427 1523 2497 ἀναστρέφομαι,
1553 2430 1654 2482 ἵνα
1674 2446 1778 2498 με-

203 2517 358 2585 ρισω
400 2516 524 2582 τοῖς
574 2516 678 2585 ἐμὲ
715 2516 1028 2587 ἀγαπῶσιν
1054 2518 1332 2587 ὕπαρξιν,
1369 2519 1467 2573 καὶ
1504 2521 1649 2587 τοὺς
1676 2527 1778 2589 θη-

207 2607 478 2673 σαυροὺς
528 2606 725 2661 αὐτῶν
758 2607 1048 2676 ἐμπλήσω
1086 2609 1343 2679 ἀγαθῶν.
1407 2614 1547 2666 Ἐὰν
1595 2614 1776 2683 ἀναγ-

209 2696 388 2765 τειλω
419 2696 560 2765 ὑμῖν
578 2700 650 2752 τὰ
675 2699 801 2753 καθ’
832 2699 1061 2768 ἡμέραν
1088 2703 1425 2771 γιγνόμενα,
1437 2708 1774 2775 μνημονεύ-

205 2800 301 2840 σω
360 2788 433 2842 τὰ
478 2788 548 2853 ἐξ
604 2788 816 2855 αἰῶνος
874 2790 1213 2860 ἀριθμῆσαι.
1270 2796 1481 2861 Κύριος
1539 2798 1777 2851 ἐκτισέν

204 2893 283 2946 με
338 2877 535 2946 ἀρχὴν
580 2876 734 2932 ὁδῶν
774 2880 959 2931 αὐτοῦ
1004 2883 1090 2947 εἱς
1123 2883 1267 2949 ἔργα
1290 2884 1496 2949 αὐτοῦ,
1529 2887 1641 2954 πρὸ
1670 2888 1775 2941 τοῦ

209 2967 423 3033 aliIn-oc
452 2970 802 3037 ἐθεμελίωσέ
826 2988 925 3041 με,
954 2973 1023 3025 ἐν
1052 2970 1209 3042 ἀρχῇ
1237 2975 1348 3042 πρὸ
1383 2977 1489 3029 τοῦ
1514 2976 1631 3043 τὴν
1658 2977 1777 3045 γῆν

209 3058 459 3127 ποιῆσαι
477 3077 491 3091 ο
520 3062 613 3114 καὶ
636 3061 706 3114 τὰ
730 3062 939 3126 τούτοις
977 3066 1248 3137 ἑξῆς(64).
1273 3063 1368 3131 Ui;
1394 3067 1468 3139 μὴ
1496 3068 1775 3139 βουληθεὶς

208 3152 310 3222 τὴν
323 3151 560 3205 διάνοιαν
573 3154 859 3223 ἐπιστῆσαι
876 3155 1210 3225 Μάρκελλος,
1231 3159 1346 3221 ἐνὸς
1361 3157 1415 3211 δὲ
1438 3159 1598 3229 μόνου
1620 3161 1775 3228 γενό-

212 3260 373 3312 μενος
404 3244 626 3310 σκοποῦ,
654 3244 747 3298 τοῦ
778 3245 851 3317 μὴ
876 3248 1203 3319 ὁμολογῆσαι
1232 3250 1320 3301 τὸν
1352 3252 1476 3304 Υίὸν
1500 3251 1593 3304 τοῦ
1617 3252 1772 3316 Θεοῦ,

208 3337 308 3408 τὴν
337 3338 701 3409 προκειμένην
732 3337 1008 3405 θεολογίαν
1036 3339 1128 3391 ἐπὶ
1158 3340 1256 3411 τὴν
1285 3344 1459 3412 σάρκα
1493 3344 1773 3412 ἀναφέρει,

209 3426 306 3479 καὶ
349 3427 448 3497 τὴν
480 3426 692 3479 εὐθεῖαν
727 3430 1134 3499 παρεκτραπεὶς
1180 3431 1314 3494 ὁδὸν,
1354 3432 1563 3509 ἁνοόίαν
1601 3434 1775 3505 ἑαυτῷ

210 3517 467 3587 ἐπενόησε
497 3519 721 3588 γράφων
749 3520 888 3572 κατὰ
916 3520 1059 3586 λέξιν
1092 3520 1282 3585 οὕτως·
1320 3540 1339 3572 ι
1378 3524 1450 3575 Τὸ
1473 3524 1653 3577 τοίνυν
1682 3543 1773 3577 κε-

216 3625 236 3656 ι
275 3606 500 3675 φάλαιω
544 3609 691 3660 τουτὶ
737 3609 833 3678 τῆς
882 3610 1205 3680 Παροιμίας,
1236 3612 1295 3663 οὑ
1328 3611 1425 3683 τὴν
1467 3613 1638 3684 ἀρχὴν
1676 3616 1774 3685 τῆς

216 3715 236 3747 ι
276 3698 544 3766 θεότητος,
598 3697 785 3768 ὥσπερ
836 3701 987 3753 αὐτοὶ
1030 3700 1326 3770 νομίζουσι,
1376 3702 1470 3754 τοῦ
1527 3705 1773 3776 Σωτῆρος

217 3805 237 3837 ι
272 3787 427 3857 ἡμῶν
455 3788 795 3858 παραστῆσαι
829 3789 1165 3859 βουλόμενον,
1196 3792 1408 3858 Κύριος
1446 3793 1648 3847 ἐκτισέ
1673 3811 1770 3862 με,

216 3893 236 3926 s
275 3877 376 3946 ἔφη
398 3893 412 3906 ’
446 3877 584 3929 ἀλλὰ
609 3878 706 3947 τὴν
734 3877 989 3949 δευτέραν
1035 3880 1177 3932 κατὰ
1214 3881 1387 3949 σάρκα
1423 3883 1731 3951 οἰκονομίαν
1754 3900 1767 3912 ⁸

217 3986 236 4018 ι
275 3968 354 4021 διὸ
384 3969 476 4020 καὶ
502 3968 731 4031 κτίσεως
772 3970 1038 4039 μέμνηται
1082 3972 1403 4042 προσφόρως
1438 3976 1532 4043 τῆς
1566 3973 1773 4044 ἀνθρω-

217 4075 235 4108 ι
277 4058 436 4128 πίνης
454 4060 702 4129 σαρκός.ι
730 4061 836 4112 Καὶ
866 4060 989 4131 ἑξῆς
1020 4062 1281 4130 ἐπιλέγω
1324 4083 1339 4113 ι
1364 4064 1477 4116 Οὐκ
1502 4062 1593 4117 οὖν
1612 4066 1768 4135 (65)ἠ

215 4169 236 4201 ι
276 4155 450 4215 κτίσις
475 4154 540 4221 τῇ
562 4152 705 4205 κατὰ
742 4153 1021 4223 ἄνθρωπον
1056 4155 1219 4209 αὐτοῦ
1246 4155 1489 4226 διαφέρει
1512 4157 1770 4227 πράγμα-

216 4251 236 4283 ι
274 4236 412 4306 τείᾳ.
461 4237 549 4289 Διό
587 4255 750 4308 φησι·
788 4243 1002 4308 Κύριος
1042 4242 1243 4297 ἔκτισέ
1273 4261 1349 4311 με
1382 4246 1579 4312 ἀρχὴν
1618 4245 1772 4299 ὁδῶν

215 4340 235 4374 ι
274 4324 480 4390 αὑτοῦ,
544 4329 630 4391 είς
686 4328 828 4398 ἔργα
885 4333 1068 4385 αὑτοῦ
1112 4332 1316 4386 ἐκτισέ
1372 4336 1769 4411 μεηδηλονότι

214 4432 235 4465 ι
274 4414 364 4467 διὰ
389 4415 486 4484 τῆς
518 4417 784 4487 παρθένου
807 4421 1019 4489 Μαρίας
1035 4462 1047 4483 ,
1070 4422 1135 4473 δι’
1158 4418 1223 4492 ἧς
1246 4426 1273 4475 ὁ
1298 4423 1426 4487 Θεὸς
1446 4427 1641 4479 ένὼσαι
1672 4430 1770 4499 τὴν

1881 1990 1997 2027 rum
2019 1991 2259 2037 suarum,
2305 1977 2373 2027 ad
2410 1994 2565 2043 opera
2599 1994 2697 2029 sna
2730 1978 2749 2007 '
2789 1988 2899 2053 :Iet
2954 1994 3167 2033 sacram
3201 1982 3446 2049 Scriptu-

1881 2079 1996 2116 ram
2031 2065 2266 2125 attende,
2310 2066 2360 2117 itt
2416 2066 2723 2120 Proverbiis
2756 2068 2856 2120 ltoe
2890 2068 3050 2123 modo
3078 2070 3391 2136 loquentem
3430 2088 3449 2126 :

1879 2136 1993 2221 Εξιο
2019 2154 2275 2216 sapientia
2306 2154 2482 2206 Iiabito
2516 2156 2569 2207 in
2603 2156 2845 2219 consilio,
2870 2169 2916 2209 et
2942 2161 3163 2211 eruditis
3192 2160 3448 2213 intersum

1890 2242 2335 2310 cogitationibus:
2365 2260 2456 2310 per
2489 2260 2569 2299 me
2592 2263 2733 2312 reges
2771 2260 3014 2317 regnant,
3035 2260 3084 2301 et
3120 2248 3289 2317 legunt
3320 2267 3448 2305 eon-

1879 2332 2073 2383 ditores
2092 2332 2241 2399 justa
2276 2332 2560 2387 decernunt
2595 2336 2637 2389 ⁸.
2672 2336 2881 2401 Quibus
2921 2339 3112 2391 eadem
3168 2339 3444 2407 Sapientia

1880 2422 1993 2476 btec
2026 2425 2304 2477 annectit:
2338 2422 2403 2477 In
2443 2426 2537 2477 viis
2554 2426 2781 2493 justitia:
2818 2444 2910 2496 ego
2955 2428 3204 2483 ambulo:
3238 2438 3287 2482 et
3315 2446 3445 2483 con-

1878 2530 2053 2567 versor
2084 2516 2138 2568 in
2170 2519 2339 2569 medio
2392 2520 2699 2571 sentitarum
2756 2522 3061 2587 a'quitatis,
3108 2530 3163 2572 ut
3211 2511 3446 2573 dividant

1878 2606 2233 2658 exsistentiam
2263 2609 2599 2677 diligentibus
2656 2627 2755 2674 nte,
2801 2620 2849 2664 et
2898 2615 3171 2665 thesauros
3208 2614 3446 2681 ipsorum

1878 2696 1941 2745 de
1971 2695 2117 2747 bonis
2164 2697 2425 2763 repleam:
2455 2699 2502 2751 si
2526 2702 2666 2753 vobis
2695 2703 3098 2767 annuntiaoero,
3122 2719 3240 2771 quia
3265 2705 3442 2770 quoti-

1877 2786 1961 2837 die
1980 2786 2195 2851 ﬁebant,
2226 2791 2521 2841 memorabo
2546 2796 2823 2845 enuntiare
2852 2810 2969 2861 qui:
3002 2808 3150 2847 erant
3180 2795 3444 2849 asteculo.

1880 2876 2133 2927 Dominus
2154 2880 2382 2943 possedit
2425 2896 2504 2931 nte
2547 2882 2598 2932 in
2624 2881 2775 2932 initio
2796 2884 2996 2934 viarum
3016 2899 3265 2948 suarum,
3292 2893 3445 2936 ante-

1876 2982 2033 3035 quam
2051 2969 2335 3035 quidquam
2358 2969 2551 3037 fureret
2568 2988 2597 3021 a
2614 2973 2871 3038 principio
2889 2974 2952 3024 ab
2976 2985 3173 3026 wterno
3194 2975 3444 3027 ordinata

1878 3072 2018 3119 sum,
2046 3058 2098 3108 in
2121 3058 2379 3123 principio
2408 3068 2686 3126 antequam
2709 3072 2901 3113 terram
2921 3063 3160 3115 conderet
3188 3065 3233 3126 ’,
3256 3076 3445 3132 etquae

1879 3158 2225 3214 sequuntur:
2266 3146 2459 3213 quibus
2521 3150 2745 3203 minime
2808 3151 2993 3206 volens
3049 3154 3394 3222 acquiescere
3426 3196 3441 3219 ,

1882 3243 1940 3299 ἧι
1973 3249 2067 3290 aut
2109 3239 2345 3293 animum
2404 3256 2564 3294 suum
2622 3243 2907 3298 advertere
2959 3244 3268 3309 Marcellus,
3312 3248 3443 3302 illud

1878 3328 2095 3381 unicum
2146 3328 2355 3382 habens
2410 3331 2463 3383 in
2514 3334 2811 3401 proposito,
2866 3345 2923 3388 ut
2968 3351 3036 3389 ne
3087 3338 3445 3395 conﬁteretur

1875 3416 2070 3470 Filium
2120 3418 2237 3484 Dei,
2263 3418 2408 3474 illam
2447 3432 2573 3477 ante
2619 3424 2819 3477 dictam
2859 3426 2911 3479 in
2946 3426 3257 3485 Proverbiis
3281 3432 3347 3485 de
3377 3448 3446 3488 eo

1878 3510 2237 3578 theologiam,
2287 3512 2354 3565 ad
2403 3526 2623 3567 carnem
2672 3514 2872 3579 refert,
2932 3528 2985 3571 et
3037 3526 3322 3589 postquam
3376 3526 3444 3578 de

1876 3614 2021 3657 recta
2054 3606 2136 3656 via
2171 3604 2557 3670 declinaverat,
2586 3606 2731 3659 invia
2782 3610 3024 3674 quaedam
3074 3612 3177 3665 sibi
3228 3618 3445 3683 excogi-

1877 3696 2032 3760 tavit,
2058 3697 2157 3750 ista
2182 3697 2443 3751 verbatitn
2457 3698 2731 3752 scribens:
2756 3697 2844 3769 [Β.
2870 3699 2968 3771 IX]
2992 3720 3009 3750 t
3026 3701 3440 3759 Proverbiornnt

1879 3805 1897 3836 ι
1948 3787 2110 3855 igitur
2139 3798 2300 3855 eaput
2334 3789 2495 3851 istud,
2532 3806 2635 3843 non
2672 3800 2730 3842 ut
2778 3791 2851 3844 illi
2888 3803 3093 3859 rentur,
3120 3797 3314 3849 docere
3344 3814 3443 3851 nos

1878 3897 1896 3928 ι
1948 3879 2204 3943 intendit,
2235 3880 2448 3934 initium
2490 3882 2791 3937 divinitatis
2825 3883 3153 3949 Servatoris,
3190 3889 3279 3943 ubi
3312 3892 3384 3941 ait
3420 3908 3435 3943 :

1878 3988 1896 4020 t
1949 3969 2201 4023 Dominus
2244 3975 2474 4038 possedit
2530 3990 2612 4027 me
2660 3976 2921 4043 principio
2954 3980 3155 4031 viarum
3187 3998 3407 4036 sitarum

1862 4080 1895 4117 ,ι
1942 4063 2036 4115 sed
2068 4064 2356 4121 secundam
2392 4065 2536 4117 illam
2567 4082 2687 4134 qius
2729 4068 2779 4120 in
2824 4083 2989 4122 carne
3019 4071 3119 4123 fuit
3152 4071 3298 4125 facta
3330 4077 3444 4128 dis-

1877 4172 1895 4205 ι
1943 4155 2312 4223 pensationem
2360 4172 2375 4214 ;
2419 4160 2670 4225 quocirca
2751 4164 3111 4228 possessionis
3173 4168 3438 4233 meminit,

1876 4264 1894 4296 ι
1942 4247 2041 4299 hoc
2069 4255 2153 4299 est
2182 4250 2360 4302 carnis
2393 4250 2602 4304 noviter
2634 4262 2848 4307 creatae.
2878 4253 2991 4307 Non
3026 4256 3209 4324 igitur,
3244 4260 3311 4310 ita
3342 4261 3439 4312 atl-

1877 4354 1897 4387 ι
1942 4340 2037 4403 dit,
2068 4350 2316 4393 creatura
2366 4342 2432 4391 ab
2466 4341 2692 4395 humana
2726 4343 2843 4412 ejus
2878 4348 3193 4415 operatione
3226 4360 3310 4403 est
3339 4353 3441 4404 dis-

1876 4446 1895 4478 ι
1942 4429 2127 4482 tincta.
2175 4430 2295 4484 ideo
2336 4432 2538 4500 inquit:
2574 4433 2825 4487 Dominus
2878 4440 3112 4490 condidit
3163 4456 3243 4492 nte
3286 4443 3440 4494 initio

214 4526 234 4558 ι
272 4509 615 4579 ἀνθρωπίνην
634 4510 808 4580 σάρκα
829 4511 905 4580 τῷ
923 4512 1112 4565 ἑαυτοῦ
1129 4516 1283 4583 Λόγῳ
1301 4516 1595 4585 προείλετο.
1625 4537 1643 4568 ι
1665 4518 1768 4571 Καὶ

1880 4538 1893 4569 ι
1940 4522 2140 4573 viarum
2169 4538 2386 4576 suarum
2437 4527 2505 4576 ad
2544 4541 2702 4591 opera
2743 4544 2857 4579 sua.
2899 4528 3000 4583 Per
3037 4530 3304 4598 Virginem
3339 4536 3441 4586 sci-

212 4591 329 4661 μεθ’
375 4594 536 4666 ἕτερα
573 4596 887 4667 προστίθησι
924 4598 1093 4665 λέγων
1133 4618 1145 4630 ·
1177 4619 1194 4651 ι
1232 4602 1432 4655 Τούτου
1476 4606 1653 4659 τοίνυν
1682 4608 1773 4659 οὓ-

214 4700 233 4732 t
272 4699 381 4746 τως
415 4686 644 4754 ἔχοντος,
672 4687 958 4765 ἀκόλουθόν
992 4692 1105 4741 ἐστι
1136 4697 1352 4747 σκοπεῖν
1385 4698 1448 4765 τῇ
1478 4697 1683 4768 διανοίᾳ
1711 4698 1771 4751 τὸ

215 4790 234 4822 ι
276 4776 660 4845 παροιμιωδῶς
720 4780 1005 4850 εἰρημένον
1069 4783 1215 4833 τουτὶ
1275 4786 1596 4852 κεφάλαιονο
1659 4790 1771 4841 K1}-

215 4880 233 4913 t
270 4880 402 4931 ριος
418 4866 703 4934 ἕκτισέμε
719 4870 916 4937 ἀρχὴν
945 4870 1099 4923 ὁδῶν
1113 4870 1318 4939 αὐτοῦ,
1338 4877 1415 4938 είς
1432 4878 1567 4947 ἔργα
1580 4878 1764 4932 αὑτοῦ.

214 4973 234 5005 ι
279 4956 501 5008 Ἕκτισε
544 4960 652 5026 γὰρ
691 4958 921 5029 ἀληθῶς,
966 4964 1023 5013 τὸ
1061 4964 1133 5032 μὴ
1160 4963 1217 5015 ὃν
1249 4967 1583 5035 πεποιηκὼς,
1629 4971 1656 5020 ό
1687 4970 1771 5020 δε-

213 5062 233 5096 i
270 5036 481 5114 σπὸτης
504 5048 657 5115 ἡμῶν
682 5049 810 5111 Θεὸς
831 5054 927 5103 οὐκ
952 5048 1113 5105 οὖσαν
1136 5054 1231 5123 τὴν
1262 5056 1458 5124 σάρκα,
1480 5058 1545 5127 ἣν
1570 5059 1773 5130 ἀνείλη-

216 5153 233 5185 t
276 5155 372 5205 φεν
400 5141 425 5189 ὁ
459 5139 648 5203 Λόγος.
690 5158 707 5190 ι
741 5143 847 5193 Καὶ
876 5146 1119 5212 ἐπιφέρει
1147 5142 1297 5207 αὖθις
1332 5146 1535 5214 λέγων’
1573 5170 1590 5201 ι
1630 5152 1770 5203 Οὐκ-

214 5248 231 5277 ι
270 5228 363 5279 οὖν
431 5227 573 5278 τοῦτ’
623 5228 799 5295 ἔστιν,
855 5237 886 5285 ὁ
944 5239 1043 5298 1(ίέ
1089 5254 1152 5297 "‘C
1198 5238 1397 5289 ἑκησέ
1444 5257 1520 5307 με
1577 5241 1775 5308 ἀρχὴν

211 5336 228 5368 ι
273 5317 429 5371 ὁδῶν
466 5320 653 5371 αὐτοῦ
694 5323 777 5385 εὶς
818 5322 959 5391 ἔργα
1006 5326 1211 5378 αιἐῖοῦ.
1261 5328 1480 5395 Ἐπὰγει
1526 5332 1603 5394 δὲ,
1654 5333 1773 5397 ΙΙρὸ

281 5491 339 5547 ἧι
376 5485 471 5538 Ed.
508 5484 704 5550 Paris.,
741 5502 859 5556 pag.
894 5488 980 5541 45.

279 5650 387 5714 (bis
432 5647 711 5719 Ktm‘tﬂrr’i
740 5652 983 5715 τούτοις..
1027 5651 1361 5719 Legendum,
1402 5656 1495 5708 καὶ
1527 5657 1593 5709 τέι
1638 5658 1762 5709 τού-

1066 5488 1079 5515 τ
1123 5488 1280 5543 Prov.
1349 5509 1465 5557 vnt,
1535 5495 1622 5547 ‘22.
1658 5558 1661 5561 ν
1698 5496 1874 5557 “ibid.

1884 4627 1902 4659 ι
1950 4609 2074 4663 licet
2102 4610 2348 4673 Mariam,
2379 4628 2536 4681 quam
2562 4615 2837 4683 prmelegit
2863 4617 3001 4672 Deus
3046 4630 3104 4671 ut
3137 4614 3315 4675 Verbo
3337 4640 3441 4677 suo

1883 4716 1900 4747 ι
1941 4713 2157 4752 carnem
2178 4701 2463 4754 humanam
2486 4703 2683 4756 uniret.
2700 4722 2718 4754 ι
2742 4704 2875 4759 Tum
2900 4711 3151 4777 deinceps
3169 4714 3434 4783 adjungit:

1877 4788 1965 4860 [Β.
2014 4789 2088 4862 Χ]
2124 4811 2141 4842 ι
2172 4792 2284 4851 lloc
2319 4808 2449 4847 sane
2485 4810 2605 4847 cum
2663 4796 2735 4850 ita
2792 4813 2851 4851 se
2909 4800 3123 4864 habent,
3158 4819 3440 4859 consenta-

1880 4898 1898 4929 ι
1948 4897 2103 4934 neum
2136 4893 2219 4938 est
2244 4885 2423 4936 animo
2452 4888 2788 4952 perpendere
2815 4890 3016 4942 dictum
3052 4893 3178 4945 illud
3209 4910 3436 4961 prover~

1876 4991 1893 5021 ι
1941 4973 2157 5025 bialiter
2178 4990 2192 5027 :
2217 4974 2468 5027 Dominus
2487 4978 2722 5029 Condidit
2752 4995 2829 5031 me
2858 4980 3064 5031 initium
3087 4984 3288 5036 viarum
3315 5005 3441 5041 sua-

1878 5081 1895 5113 t
1943 5079 2058 5114 rum
2084 5064 2133 5114 in
2149 5081 2303 5129 opera
2328 5081 2445 5117 sua.
2466 5066 2511 5118 Is
2527 5069 2725 5120 etenim
2751 5084 2876 5123 vere
2894 5072 3159 5137 condidit,
3178 5078 3269 5143 qui
3298 5081 3437 5143 quod

1879 5170 1897 5202 ι
1945 5169 2046 5203 non
2076 5162 2192 5206 erat
2218 5153 2364 5215 fecit,
2388 5155 2643 5210 Dominus
2680 5175 2872 5226 nempe
2902 5173 3081 5214 noster
3106 5164 3271 5229 Deus,
3293 5167 3437 5219 illam

1878 5259 1899 5293 ι
1947 5260 2163 5297 carnem
2217 5261 2375 5313 quam
2431 5254 2723 5316 assumpsit
2770 5249 3025 5308 Verbum.
3054 5273 3069 5302 ι
3130 5256 3295 5308 Infert
3334 5259 3436 5311 ite-

1878 5349 1992 5384 rtttn
2029 5352 2041 5385 :
2082 5352 2097 5382 t
2132 5332 2241 5387 lluc
2285 5335 2447 5403 igitur
2482 5348 2588 5403 est,
2639 5336 2897 5393 Dominus
2945 5346 3176 5397 condidit
3220 5364 3298 5399 me
3331 5351 3436 5400 ini-

1988 5493 2073 5546 12.
2149 5493 2169 5522 ⁹
2201 5492 2339 5550 ibid.
2390 5490 2591 5549 20-23.

1941 5658 2052 5737 (οὸ)
2088 5657 2263 5737 Vulgo
2292 5660 2352 5711 οὐ
2372 5660 2516 5737 Δγοῦν
2538 5704 2556 5728 ,
2581 5664 2701 5717 dein
2732 5665 2976 5737 διαφέρει
3003 5669 3305 5733 :refertur
3342 5672 3433 5731 ad,

206 5734 318 5781 ’τοις
350 5721 473 5785 ἑξῆς
502 5717 784 5777 ἀκόλουθα,
830 5732 921 5774 aut
975 5717 1149 5775 simth
1178 5724 1321 5789 quid.
1362 5726 1427 5780 Μ.
1464 5757 1531 5766 —
1556 5730 1662 5781 Καὶ
1695 5731 1762 5784 τά

213 5804 267 5812 Α.ι
298 5794 341 5812 ΙΙ
413 5798 441 5812 λι
483 5802 599 5812 .....u
643 5788 729 5812 -..ι’
746 5806 792 5812 _-
812 5808 818 5812 .

1880 5717 2081 5812 agmini?!
2102 5717 2301 5812 attuli;
2333 5717 2409 5783 cf:
2432 5750 2480 5785 (ξ.
2592 5737 2660 5788 59
2691 5739 2753 5788 Λ.
2790 5717 2929 5791 ltili-ii
2968 5717 3317 5809 t’ttlgo'papv.
3346 5717 3435 5812 Lg:

202 5794 363 5843 codd.
394 5798 447 5841 ei
482 5802 601 5841 mox
642 5788 859 5841 σκότου.

1866 5794 1926 5849 οὗ
1959 5810 2010 5852 et
2038 5800 2434 5867 κοινωνήσασαν
2460 5820 2508 5855 τ.
2542 5807 2627 5868 ἀγ.
2660 5824 2745 5859 πν.
