4106 6420
756 418 858 474 8υὸ
1440 414 1701 471 Ευδειιιι
1738 412 2202 468 ϐιΕὸΑΒΙΕΝὸΙΞ
2237 410 2387 465 OPP.
2427 409 2599 464 PARS
2636 408 2723 463 IV.
2762 440 2831 451 -—
2868 408 3279 465 DOGMATICA.
3844 404 3939 460 8οι

764 558 783 586 ι
831 538 960 587 tium
989 537 1189 588 viarum
1220 551 1455 588 suarum.
1482 535 1545 587 Et
1567 534 1713 587 addit
1738 551 1753 589 :
1785 535 1912 588 Ante
1935 534 2149 599 sa'cuta,
2173 533 2281 601 fun-

2400 550 2419 582 ι
2460 531 2565 584 τοῦ
2602 532 2814 598 αἰῶνος
2855 531 3208 599 ἐθεμελίωέ
3252 547 3348 598 με,
3397 528 3645 598 θεμέλιον
3696 528 3796 596 μὲν
3824 525 3938 579 τοῦ·

762 648 781 677 ι
826 627 962 679 darit
982 642 1090 689 me;
1120 625 1520 678 fundamentum
1546 621 1845 693 intelligens
1869 639 2086 677 carnem
2115 637 2281 683 suam.

2394 639 2412 670 ι
2451 638 2541 674 τον
2568 622 2844 691 ὀνομάζων
2862 624 2958 693 τὴν
2990 621 3128 673 κατὰ
3148 622 3323 689 σάρκα
3343 618 3506 671 αὑτοῦ
3533 616 3937 686 προορισθείσαν

760 736 781 766 ι
824 732 983 787 quam
1037 716 1327 771 secundum
1374 716 1820 782 dispensationem
1855 715 2281 782 pmoroinarat:

2394 726 2412 759 ι
2448 708 2753 777 οἰκονομίαν
2790 725 2807 743 ο
2845 710 2921 771 ὼς
2961 710 3052 761 καὶ
3079 710 3107 759 ὁ
3152 708 3451 773 Δπόστολος
3478 706 3645 773 λέγει,
3676 704 3935 773 θεμέλιον

758 824 780 854 σ
823 808 963 873 quod
984 806 1225 873 ipsumet
1248 806 1532 871 Apostolus
1551 805 1665 857 ait:
1690 803 1786 875 [ef.
1830 818 1885 870 p.
1918 803 2077 857 1541)
2108 801 2281 873 155οῚ

2393 816 2412 848 ι
2450 797 2559 866 τὰρ
2579 798 2771 851 ἀλλον
2792 799 2987 863 οὐδεὶς
3010 798 3254 851 δύναται
3280 798 3483 860 θεῖναι,
3514 796 3672 864 παρὰ
3694 795 3804 847 τὸν
3824 796 3932 845 κει-

762 912 780 943 ι
823 894 1247 949 Fundamentum
1277 895 1422 947 aliud
1472 894 1647 947 nullus
1667 910 1861 963 ponere
1883 904 2074 961 potest,
2105 905 2281 960 prave:

2392 908 2410 939 ι
2445 905 2651 957 μενον,
2698 888 2765 953 ὅς
2809 891 2977 942 ἐστιν
3033 889 3267 955 Ἰησοῦς
3305 888 3576 955 Χριστός.
3628 905 3648 939 ι
3708 885 3854 946 Ἐνὺς
3883 885 3933 935 δὲ

760 1007 777 1036 ι
824 987 956 1039 illud
978 989 1112 1056 quod
1127 988 1347 1052 positum
1381 987 1626 1052 estquod
1644 995 1718 1037 est
1744 984 1897 1039 Iesus
1918 984 2158 1038 Christus
2185 986 2281 1034 “.s

2386 980 2577 1041 αἰῶνος
2616 979 2847 1031 ἐνταῦθα
2880 980 3167 1050 μέμνηται,
3197 981 3289 1047 ἀφ’
3316 972 3377 1031 οὗ
3423 978 3491 1031 τὰ
3516 977 3657 1030 κατὰ
3681 977 3775 1029 τὸν
3812 976 3935 1044 Χρι-

752 1077 943 1132 Saeculi
982 1078 1135 1129 unius
1168 1092 1328 1145 porro
1372 1076 1611 1129 meminit
1659 1076 1711 1128 in
1741 1090 1847 1144 quo
1886 1076 2288 1130 fundamentum

753 1166 880 1224 illud
912 1168 1067 1222 debet
1097 1169 1220 1235 poni
1246 1169 1386 1235 quod
1416 1177 1497 1220 est
1518 1169 1582 1219 de
1608 1167 1843 1221 Christo.
1881 1167 2137 1222 Eamdem
2171 1184 2290 1221 rur-

750 1272 841 1311 sus
885 1258 1166 1310 conﬁrmat
1207 1259 1511 1327 opinionem
1551 1259 1798 1327 inquiens
1828 1277 1840 1311 :
1871 1258 1961 1328 [Β.
1995 1257 2134 1311 XVII
2161 1259 2287 1313 coll.

750 1365 801 1415 ιι.
835 1347 935 1401 155
961 1351 1003 1401 Α
1030 1348 1051 1419 1
1082 1369 1098 1398 ι
1124 1349 1235 1402 Non
1268 1348 1539 1402 immerito
1587 1349 1841 1417 propheta
1899 1350 1983 1402 hic
2030 1350 2242 1403 dicebat
2271 1366 2285 1401 :

754 1454 772 1485 ι
820 1436 949 1497 Ante
978 1436 1227 1487 steculunt
1274 1435 1509 1503 fundavit
1564 1450 1892 1504 me:nempe
1936 1436 2062 1489 illud
2093 1436 2289 1489 intelli-

2388 1068 2508 1120 στὸν
2548 1068 2965 1137 τεθεμελιῶσθαι
3008 1070 3129 1139 ἔφη.
3172 1070 3280 1121 Καὶ
3312 1069 3474 1121 πάλιν
3511 1069 3610 1137 τὴν
3640 1066 3810 1137 αὐτὴν
3854 1064 3934 1133 βε·-

2386 1157 2528 1210 6αιοί
2561 1158 2701 1222 λέξιν
2748 1159 3001 1226 φάσκων·
3052 1178 3070 1211 ι
3120 1159 3351 1220 Εἰκότως
3396 1160 3425 1211 ὁ
3465 1160 3749 1229 προφήτης
3804 1154 3933 1224 ἔφη,

2392 1268 2409 1298 ι
2450 1249 2568 1315 Πρὸ
2614 1249 2717 1302 τοῦ
2754 1249 2966 1315 αἰῶνος
3012 1248 3359 1317 ἑθεμελίωσέ
3401 1265 3479 1317 με
3504 1264 3516 1277 °
3544 1248 3724 1317 δῆλον,
3772 1246 3934 1298 ὅτιτὸ

2390 1359 2409 1388 ι
2451 1339 2590 1392 κατὰ
2627 1339 2802 1409 σάρκα
2840 1338 2929 1391 διὰ
2955 1339 3054 1409 τὴν
3092 1340 3224 1408 πρὸς
3251 1338 3342 1391 τὸν
3377 1337 3588 1408 άληθῶς
3617 1337 3748 1389 Υίδν
3777 1336 3932 1390 αὑτοῦ

2389 1447 2408 1479 ι
2445 1430 2617 1496 Λόγον
2643 1429 2943 1481 κοινωνίαν.
2992 1448 3009 1478 ι
3060 1430 3166 1483 Καὶ
3188 1429 3421 1497 ἐπιλέγει
3456 1428 3609 1498 ἑξῆς·
3644 1446 3664 1479 ι
3712 1424 3843 1481 Εἶτα
3880 1429 3935 1478 ἐν

754 1544 772 1575 ι
819 1541 949 1594 gens
973 1524 1379 1578 fundamentum
1414 1540 1523 1578 sua:
1552 1526 1754 1588 carnis,
1786 1525 2037 1579 nimirum
2072 1534 2281 1595 propter

2389 1538 2407 1569 ι
2445 1520 2609 1589 ἀρχῇ,
2645 1521 2799 1589 φησι,
2825 1519 2931 1589 πρὸ
2957 1518 3051 1572 τοῦ
3077 1519 3174 1589 τὴν
3203 1520 3305 1589 γῆν
3334 1520 3572 1589 ποιῆσαι.
3597 1518 3709 1587 Γῆν
3747 1519 3932 1581 ποίαν;

752 1633 771 1665 ι
816 1615 1243 1669 communionem
1288 1629 1447 1682 quam
1495 1615 1725 1668 habebat
1753 1614 1981 1670 Verbum
2022 1630 2141 1669 cum
2195 1616 2286 1670 illo

753 1723 773 1754 ι
819 1719 943 1757 vero
971 1704 1127 1757 It‘ilio.
1165 1722 1183 1756 ι
1219 1704 1479 1770 Deinceps
1516 1704 1755 1773 adiungit
1811 1704 1900 1775 [Β.
1951 1704 2110 1758 XVIII
2156 1706 2283 1759 coll.

748 1811 800 1862 p.
838 1795 939 1848 I55
964 1794 1028 1854 A,
1064 1795 1163 1848 157
1198 1795 1236 1848 D
1262 1793 1281 1864 ]
1311 1812 1323 1846 :
1359 1813 1377 1844 ι
1402 1796 1455 1847 In
1506 1796 1788 1863 principio,
1838 1796 2146 1864 priusquam
2176 1805 2287 1849 ter-

2390 1628 2407 1659 ι
2444 1608 2657 1679 Ταύτην
2705 1610 2941 1679 δηλονότι
2987 1611 3084 1680 τὴν
3117 1611 3387 1681 ἡμετέραν
3438 1609 3636 1681 σάρκα,
3667 1608 3767 1679 τὴν
3801 1611 3934 1679 μετὰ

2388 1717 2406 1747 ι
2441 1698 2536 1767 τὴν
2583 1699 2862 1770 παρακοὴν
2910 1700 3011 1769 γῆν
3047 1695 3199 1762 αὖθις
3225 1700 3537 1769 γενομένην.
3578 1698 3667 1766 Γῆ
3709 1699 3819 1767 γὰρ
3862 1699 3932 1758 εἴ,

2388 1807 2406 1837 ι
2444 1791 2602 1859 φησὶ,
2632 1792 2727 1843 καὶ
2766 1794 2850 1856 εις
2893 1790 3009 1859 γῆν
3046 1792 3375 1859 ἀπελεύση.
3413 1791 3557 1844 Ἔδει
3590 1790 3699 1861 γάρ
3733 1789 3933 1857 ταύτην

752 1904 770 1933 ι
820 1900 929 1938 ram
966 1886 1304 1953 produceret.
1340 1884 1634 1951 Quamnam
1684 1899 1812 1938 vero
1852 1886 2093 1938 terram?
2133 1884 2281 1939 Illam

2388 1897 2406 1928 ι
2444 1880 2635 1942 ίάσεως
2662 1884 2861 1949 τυχεῖν,
2892 1881 3008 1934 τινὰ
3034 1882 3229 1947 τρόπον
3264 1884 3665 1951 κοινωνήσασαν
3694 1878 3775 1951 τῷ
3801 1880 3932 1949 ἁγίῳ

754 1994 770 2025 ι
820 1989 1030 2041 nempe,
1084 1983 1141 2027 ut
1185 1984 1353 2043 patet,
1408 1990 1527 2043 qua:
1578 1984 1656 2029 est
1721 1985 1901 2028 nostra
1958 1990 2084 2028 caro
2119 1994 2131 2028 :
2165 1990 2284 2044 quin

752 2085 767 2111 ε
816 2074 932 2132 post
962 2062 1303 2116 commissum
1356 2073 1626 2132 peccatum
1659 2064 1708 2116 in
1740 2072 1935 2118 terram
1994 2066 2150 2118 rediit
2189 2067 2282 2118 de-

750 2174 768 2203 ι
818 2169 941 2207 nuo.
978 2152 1137 2206 Terra
1170 2170 1223 2206 es
1258 2154 1428 2214 enim,
1456 2154 1647 2221 inquit,
1679 2165 1727 2207 et
1748 2156 1801 2207 in
1841 2164 2034 2207 terram
2067 2165 2283 2209 reverte-

752 2264 767 2290 σ
817 2246 890 2296 ris
922 2244 983 2296 “.
1012 2243 1115 2296 Par
1162 2243 1261 2295 fuit
1304 2246 1468 2305 enim,
1500 2254 1558 2296 ut
1590 2243 1713 2297 huic
1742 2244 2037 2297 remedium
2073 2260 2283 2298 accom-

747 2351 767 2381 ‹
815 2334 1115 2385 modaretnr
1161 2332 1393 2399 quodam
1429 2342 1613 2398 pacto,
1644 2346 1738 2399 per
1775 2332 2101 2385 sanctissimi
2137 2332 2280 2386 illius

749 2439 766 2471 ι
812 2419 970 2474 Verbi
1027 2421 1587 2475 communicationem.
1628 2441 1645 2472 ι
1682 2420 1873 2476 Videte
1922 2434 2096 2475 autem
2135 2433 2192 2475 ut
2226 2424 2279 2476 in

744 2510 865 2563 istis
917 2525 1099 2563 secum
1150 2512 1377 2578 ipsemet
1436 2510 1714 2565 Marcellus
1752 2522 1965 2581 pugnet.
2004 2511 2134 2565 Nam
2188 2514 2277 2581 qui

740 2600 868 2653 alibi
904 2600 1114 2654 dixerat
1144 2619 1157 2653 :
1183 2620 1199 2651 ι
1233 2599 1559 2668 Principium
1609 2603 1813 2654 viarum
1881 2603 2087 2654 Domini
2151 2617 2279 2657 con-

747 2708 768 2741 ι
812 2690 974 2744 ditant
1012 2704 1130 2744 esse
1162 2706 1401 2754 carnem,
1427 2711 1443 2741 ι
1480 2701 1534 2745 et
1567 2692 1656 2759 qui
1690 2694 1923 2745 secundo
1965 2692 2102 2753 loco,
2132 2708 2278 2746 eam-

737 2784 859 2834 dem
916 2782 1091 2849 posuit
1132 2782 1549 2846 fundamentum,
1604 2783 1922 2848 subjungit:
1962 2780 2277 2850 Priusquam

740 2882 879 2923 terra
917 2875 1239 2933 conderetur,
1280 2874 1365 2925 ubi
1426 2873 1601 2927 denuo
1648 2887 1741 2939 per
1786 2882 1981 2925 terram
2030 2873 2277 2941 intelligit

738 2975 956 3014 carnem
990 2980 1002 3015 :
1031 2978 1199 3024 neque
1244 2963 1393 3024 vidit,
1454 2964 1646 3017 dictam
1710 2965 2186 3032 inconsequenter,
2213 2972 2269 3027 >14

737 3062 863 3106 ante
900 3068 1114 3106 carnem
1163 3055 1432 3107 conditam
1473 3069 1588 3107 esse
1627 3069 1841 3108 carnem
1876 3073 1888 3107 :
1921 3068 1971 3107 et
2001 3065 2122 3123 post
2158 3072 2274 3107 car-

2386 1988 2406 2019 s
2448 1970 2620 2039 Λόγῳ.
2662 1989 2682 2023 ι
2716 1971 2824 2024 Θέα
2844 1971 2899 2023 δὲ
2926 1972 3039 2035 πῶς
3059 1974 3116 2024 ὲν
3139 1971 3344 2035 τούτοις
3371 1974 3399 2025 ὁ
3422 1971 3737 2044 Μάρκελλος
3762 1970 3932 2040 ἑαυτῷ

2380 2059 2711 2128 περιπίπτει.
2740 2062 2921 2130 Φήσας
2948 2061 3076 2129 γοῦν
3110 2065 3165 2115 ὲν
3196 2063 3363 2132 ἑτέρῳ
3402 2080 3421 2113 ι
3457 2057 3597 2114 εἶναι
3628 2061 3732 2132 τὴν
3762 2061 3931 2132 ἀρχὴν

2386 2170 2406 2201 ι
2442 2151 2575 2203 ὁδῶν
2614 2148 2707 2201 τοῦ
2758 2152 2959 2221 Κυρίου
3015 2151 3480 2215 κατακτισθετσαν,
3531 2169 3551 2202 ι
3617 2150 3711 2203 καὶ
3774 2150 3930 2203 πάλιν

2379 2240 2657 2309 θεμέλιον
2693 2242 2789 2311 τὴν
2828 2242 2995 2312 αὐτὴν
3030 2239 3163 2295 εἶναι
3194 2241 3381 2307 εἰπὼν,
3422 2242 3620 2310 ἐπάγει
3655 2242 3741 2305 τὸ,
3776 2260 3795 2293 ι
3821 2242 3929 2313 Πρὸ

2384 2350 2402 2381 ι
2443 2331 2535 2382 τοῦ
2577 2332 2674 2401 τὴν
2710 2332 2811 2399 γῆν
2858 2334 3095 2400 ποιῆσαι.
3151 2350 3167 2382 ι
3211 2326 3321 2384 Εἶθ’
3365 2332 3652 2401 ὲρμηνεύει
3690 2331 3791 2402 τὴν
3830 2332 3929 2400 γῆν

2380 2421 2537 2473 πάλιν
2562 2422 2659 2490 τὴν
2705 2422 2878 2491 σάρκα
2917 2417 3075 2485 εἶναι,
3121 2423 3218 2493 οὐχ
3255 2423 3395 2493 ὁρῶν
3421 2423 3494 2485 ὡς
3537 2423 3791 2493 οὐδεμίαν
3820 2424 3927 2493 ἔχει

2378 2511 2713 2573 ἀκολουθίαν,
2743 2513 2847 2583 πρὸ
2872 2513 2971 2581 τῆς
3008 2514 3205 2583 σαρκὸς
3233 2514 3330 2582 τὴν
3366 2514 3545 2583 σάρκα
3580 2512 3819 2565 ἐκτίσθαι
3845 2512 3927 2565 λέ-

2378 2618 2515 2668 γειν,
2557 2603 2651 2653 καὶ
2692 2601 2827 2671 μετὰ
2865 2602 2962 2672 τὴν
3009 2604 3182 2655 κτίσιν
3228 2604 3324 2673 τῆς
3368 2602 3596 2673 σαρκὸς,
3628 2602 3789 2655 πάλιν
3833 2603 3926 2671 τὴν

2379 2692 2552 2761 σάρκα
2581 2693 2881 2761 ὀνομάζειν.
2920 2694 2977 2745 '0
3007 2693 3062 2745 δὲ
3089 2692 3195 2761 (66)
3229 2693 3305 2745 ἐτι
3336 2694 3467 2762 πρὸς
3496 2692 3700 2755 τούτοις
3735 2693 3926 2761 ἐπιφέ-

2378 2798 2461 2851 ρει
2492 2782 2615 2851 ὲξῆς
2641 2782 2830 2849 λέγων,
2858 2778 2995 2845 εἶτα,
3027 2801 3043 2832 ι
3091 2781 3200 2854 Πρὸ
3232 2782 3324 2833 τοῦ
3368 2782 3466 2845 τάς
3503 2782 3770 2846 άδύσσους
3807 2801 3925 2836 ποι-

2373 2870 2520 2937 ῆσαι,
2561 2888 2578 2918 ι
2618 2870 2994 2939 παροιμιωδῶς
3050 2871 3078 2921 ὁ
3121 2871 3402 2939 προφήτης
3444 2869 3541 2932 τάς
3595 2871 3701 2922 τῶν
3758 2871 3925 2939 ἁγίων

2374 2958 2596 3028 καρδίας
2627 2956 2761 3012 εἶναι
2784 2960 2949 3026 λέγει,
2983 2960 3079 3022 τὰς
3103 2961 3159 3012 ὲν
3187 2960 3261 3028 τῷ
3285 2960 3489 3012 ἑαυτῶν
3524 2960 3673 3029 βάθει
3702 2960 3799 3030 τὴν
3833 2960 3923 3014 τοῦ

2375 3049 2681 3118 Πνεύματος
2716 3050 2941 3119 ἐχούσας
2966 3050 3189 3121 δωρεάν.
3216 3051 3322 3103 Καὶ
3363 3051 3421 3101 ὲν
3460 3049 3667 3112 τούτοις
3702 3050 3757 3103 δὲ
3789 3052 3923 3121 πρό·

738 3158 858 3194 nem
883 3144 1168 3204 COIHIIIafII,
1201 3142 1391 3195 iterum
1440 3143 1491 3195 in
1537 3144 1715 3198 carnis
1744 3148 1957 3198 nomine
2003 3147 2270 3201 insistere.

2376 3156 2519 3207 σχες,
2554 3141 2698 3203 ὅπως
2726 3143 2802 3203 εἰς
2832 3141 2928 3211 τὴν
2956 3141 3130 3209 σάρκα
3158 3138 3398 3191 ἐκλαϐὼν
3433 3139 3679 3210 εἰρῆσθαι
3697 3141 3778 3203 τὸ,
3806 3142 3922 3194 Κύ-

738 3233 829 3286 Ille
858 3244 1032 3285 tamen
1079 3234 1175 3284 ista
1221 3232 1584 3300 superioribus
1636 3235 1699 3287 ad
1744 3236 1882 3285 hunc
1910 3235 2117 3287 modum
2144 3236 2270 3289 sub-

739 3322 905 3374 nectit
938 3334 952 3372 :
982 3321 1069 3389 ιιι.
1121 3318 1238 3371 XIX
1286 3320 1407 3373 coll.
1457 3335 1509 3388 p.
1566 3319 1664 3373 158
1694 3320 1777 3392 Β]
1815 3324 1988 3375 «Ante
2024 3322 2272 3377 formatas

742 3427 761 3459 ι
809 3414 1047 3478 abyssos.
1087 3428 1104 3460 ι
1168 3410 1389 3477 Abyssos
1466 3411 1914 3476 proverbialiter,
1966 3421 2268 3464 sanctorum

736 3502 894 3553 corda
948 3508 1217 3566 nuncupat
1253 3501 1527 3567 propheta,
1574 3500 1622 3552 in
1654 3516 1889 3567 quorum
1922 3517 2111 3568 nempe
2143 3518 2265 3569 pro-

736 3591 1087 3644 funditatibus
1118 3591 1252 3642 dona
1282 3591 1516 3657 Spiritus
1546 3593 2001 3646 recondebantur.
2043 3592 2137 3646 ilic
2158 3594 2268 3661 jam

734 3681 787 3734 in
835 3680 951 3734 istis
1006 3682 1248 3734 attendas
1298 3690 1494 3743 autem,
1548 3686 1815 3749 quomodo
1850 3686 1917 3744 is.
1944 3686 2034 3751 qui
2071 3686 2266 3737 dictum

733 3770 861 3824 illud
896 3769 1185 3823 :Dominus
1228 3772 1456 3823 condidit
1499 3789 1576 3824 me
1600 3775 1663 3837 η,
1700 3775 1765 3825 de
1793 3789 1957 3827 carne
1989 3776 2267 3831 intellexe-

734 3871 837 3923 rat,
879 3876 906 3913 a
947 3860 1220 3929 Scriptura
1261 3862 1516 3930 deinceps
1542 3864 1592 3915 in
1632 3878 1911 3932 angustum
1939 3880 2265 3937 compactus,

732 3966 851 4018 qua:
889 3952 1036 4012 dicit,
1079 3963 1348 4012 antequam
1396 3952 1745 4017 formarentur
1786 3958 1957 4024 abyssi
1982 3960 2055 4023 ¹³;
2098 3960 2267 4012 inter-

732 4053 974 4110 pretatur
1019 4040 1260 4111 abyssos,
1299 4054 1601 4097 sanctorum
1646 4047 1803 4097 corda
1843 4062 1862 4107 ε,
1887 4062 1982 4101 nec
2035 4050 2267 4103 advertit

730 4136 869 4199 quod
920 4134 1078 4184 corda
1143 4143 1470 4203 sanctorum,
1524 4144 1647 4198 puta
1701 4137 2012 4202 Abrahami,
2077 4139 2263 4205 Isaaci,

728 4219 933 4283 Jacobi,
960 4220 1175 4289 Moysis,
1211 4220 1389 4283 Heliae,
1430 4224 1822 4289 Melchisedeci,
1854 4239 1906 4280 et
1938 4230 2263 4297 reliquorum

730 4313 1104 4379 prophetarum
1130 4353 1143 4374 ,
1186 4324 1309 4366 ante
1352 4314 1655 4370 Servatoris
1701 4318 2124 4374 incarnationem
2152 4321 2264 4374 fue-

728 4411 865 4453 rant.
892 4401 988 4466 Qui
1015 4410 1188 4468 potest
1226 4416 1352 4470 ergo
1398 4402 1525 4455 illud
1559 4404 1623 4456 ad
1648 4420 1862 4459 carnem
1891 4407 2075 4461 referri
2113 4412 2261 4461 :An-

2363 3247 2494 3296 ριος
2538 3230 2735 3286 ἔκτισέ
2778 3248 2871 3299 με,
2916 3230 3103 3283 ἔπειτα
3148 3230 3639 3300 στενοχωρούμενος
3689 3230 3794 3283 ὑπὸ
3824 3231 3921 3300 τῆς

2371 3321 2587 3390 Γραφῆς
2613 3321 2891 3390 λεγούσης,
2922 3319 3037 3387 Πρὸ
3065 3319 3171 3373 τοῦ
3195 3318 3299 3383 τὰς
3325 3321 3632 3385 ἀϐύσσους
3652 3321 3918 3389 ποιῆσαι,

2368 3413 2465 3475 τὰς
2495 3412 2591 3481 μὲν
2621 3410 2882 3473 ἀϐύσσους
2903 3410 3211 3481 ὲρμηνεύει,
3235 3410 3331 3472 τὰς
3354 3410 3462 3462 τῶν
3487 3412 3651 3477 ἁγίων
3674 3396 3916 3481 καρδίας,

2368 3501 2538 3567 λέγων
2570 3501 2735 3564 αὑτὰς
2774 3497 2933 3561 εἶναι,
2967 3502 3026 3553 ού
3070 3504 3266 3571 συνορᾷ
3310 3502 3387 3565 δὲ,
3418 3503 3498 3554 ὅτι
3531 3503 3583 3554 ai
3611 3502 3719 3555 τῶν
3752 3503 3917 3571 ἁγίων

2368 3591 2600 3660 καρδίαι,
2632 3590 2725 3642 τοῦ
2767 3590 3012 3660 Ἀϐραάμ
3038 3590 3234 3660 δηλαδὴ
3261 3592 3350 3643 καὶ
3373 3591 3466 3643 τοῦ
3508 3592 3687 3645 Ἰσαάκ
3708 3594 3802 3645 καὶ
3826 3593 3916 3646 τοῦ

2380 3680 2590 3742 Ἰακὼϐ,
2620 3682 2889 3742 Μωῦσέως
2916 3697 2973 3731 τε
3009 3682 3100 3733 καὶ
3137 3679 3312 3733 Ἠλίου
3344 3682 3431 3734 καὶ
3468 3682 3795 3751 Μελχισεδὲκ
3827 3686 3920 3737 καὶ

2366 3770 2471 3821 τῶν
2496 3770 2694 3822 λοιπῶν
2728 3769 3033 3839 προφητῶν,
3058 3770 3162 3841 πρὸ
3191 3771 3287 3840 τῆς
3312 3771 3509 3840 σαρκὸς
3535 3773 3790 3840 γεγόνασι
3822 3775 3915 3826 τοῦ

2366 3862 2631 3929 Σωτῆρος.
2663 3860 2783 3922 Πῶς
2813 3858 2905 3911 οὖν
2933 3860 3152 3914 δυνατὸν
3180 3863 3269 3912 ἐπὶ
3301 3860 3396 3931 τὴν
3425 3862 3599 3931 σάρκα
3628 3863 3916 3934 ἀναφέρειν

2365 3951 2481 4017 Πρὸ
2513 3951 2615 4004 τοῦ
2646 3952 2749 4014 τὰς
2788 3952 3095 4015 ἀϐύσσους
3140 3951 3417 4017 ποιήσαις
3465 3953 3573 4004 Καὶ
3602 3953 3702 4022 μεθ
3754 3954 3915 4024 ἔτερα

2363 4042 2418 4093 δὲ
2444 4037 2596 4103 αὖθις
2637 4041 2826 4108 ἐπάγει
2864 4040 3067 4109 λέγων’
3122 4060 3141 4091 ι
3188 4042 3252 4093 Τί
3288 4042 3465 4095 τοίνυν
3498 4043 3613 4095 ἐστὶ
3654 4043 3715 4097 τὸ
3745 4046 3913 4114 κεφά-

2369 4150 2387 4182 ι
2428 4132 2589 4195 λαιον,
2621 4131 2734 4198 Πρὸ
2770 4131 2875 4185 τοῦ
2912 4131 3220 4200 προελθεῖν
3245 4133 3351 4195 τὰς
3385 4132 3610 4201 ainde;
3646 4133 3816 4188 Τοῦτο
3847 4137 3911 4205 δὴ

2350 4242 2385 4293 ,ι
2423 4226 2552 4292 ἡμῖν
2604 4222 2664 4274 τὸ
2719 4223 3012 4291 μυστήρ·ον
3066 4221 3388 4292 παρίστησιν
3442 4224 3475 4292 ἡ
3529 4224 3628 4293 τῆς
3701 4225 3910 4289 Ἐξόδου

2366 4334 2384 4365 ι
2425 4314 2626 4387 γραφὴ,
2655 4313 2779 4373 τοὺς
2801 4312 2907 4364 τῶν
2932 4311 3241 4364 ἀποστόλων
3269 4310 3468 4374 τύπους
3491 4313 3657 4366 πάλαι
3678 4332 3913 4387 προαγο-

2366 4424 2384 4455 ι
2428 4403 2667 4475 ρεύουσαο
2697 4402 2901 4455 δώδεκα
2935 4402 3041 4471 γὰρ
3069 4402 3235 4455 ὅντων
3263 4403 3353 4455 τὸν
3380 4403 3602 4473 ἀριθμὸν
3642 4405 3750 4458 τῶν
3775 4408 3913 4460 am.

729 4504 930 4561 tequam
985 4493 1157 4560 abyssi
1207 4468 1600 4559 formarentur?
1648 4494 1781 4549 Post
1835 4499 2086 4565 deinceps
2132 4501 2254 4561 alia,

2371 4516 2385 4548 ι
2427 4468 2620 4549 στόλων
2646 4493 2847 4547 δώδεκα
2877 4468 3066 4565 πηγῶν
3096 4494 3383 4564 μέμνηται.
3418 4468 3529 4565 iiii)
3565 4514 3582 4546 ι
3618 4497 3727 4550 Καὶ
3756 4494 3909 4563 αὖθις

728 4583 921 4635 iterum
948 4583 1207 4635 subinfert
1258 4583 1500 4650 inquiens
1527 4582 1615 4654 [Β.
1650 4583 1745 4637 XX
1778 4587 1901 4639 coli.
1928 4604 1981 4655 p.
2015 4589 2110 4643 I59
2142 4588 2203 4660 Β]
2240 4609 2250 4643 :

732 4689 751 4720 ι
782 4673 914 4736 Quid
950 4673 1074 4725 illud
1108 4685 1279 4727 autem
1323 4676 1621 4729 membrum
1656 4676 1756 4728 sibi
1790 4678 1938 4729 vult:
1969 4681 2254 4749 Antequam

730 4782 750 4814 ι
796 4764 959 4829 fatales
1004 4765 1407 4829 producerentur
1427 4766 1778 4833 “iEqnidem
1813 4768 1913 4821 hoc
1945 4771 2251 4839 mysterium

728 4869 750 4904 ι
800 4862 1016 4905 enarrat
1066 4853 1216 4906 nobis
1263 4852 1535 4921 Scriptura
1576 4855 1936 4910 Ειοόίηαοὶιι
1976 4875 2083 4925 qua
2126 4860 2250 4913 olint

796 5054 853 5111 ὦ
890 5048 987 5102 Ed.
1015 5048 1211 5105 Paris..
1247 5064 1365 5119 pag.
1400 5048 1489 5103 46.
1564 5053 1607 5083 ¹⁰
1642 5053 1656 5105 1
1691 5052 1815 5108 Cor.
1849 5068 1929 5117 ιιι,
1972 5056 2051 5109 11.
2130 5056 2168 5085 ¹¹
2195 5056 2329 5110 Gen.
2367 5073 2445 5121 ιιι,
2478 5060 2563 5113 19.

723 5119 1031 5175 "."Exod.
1055 5138 1144 5193 xv,
1172 5127 1261 5183 27.

792 5319 902 5386 (66)
922 5318 1103 5396 ‘ango
1133 5322 1216 5396 ᾆδε
1236 5332 1288 5396 et
1322 5324 1378 5375 οὐ
1414 5324 1644 5396 συνορῶν
1685 5325 1728 5376 δ’
1756 5327 1834 5378 ὅτι
1872 5327 2047 5379 αὐτῶν
2072 5344 2123 5379 τ.
2158 5327 2247 5393 ἀγ.

719 5390 775 5439 αἱ
810 5388 961 5456 καρδ.
999 5400 1044 5438 ιιι
1071 5390 1219 5441 τοῦτο
1248 5391 1320 5443 δέ.

790 5458 898 5526 (6'!)
914 5457 1256 5511 Δώδεκατῶν
1275 5460 1787 5530 πηγῶνμέμνηται.
1809 5461 1973 5516 Sensn
1998 5466 2248 5526 secundo,

720 5536 773 5598 et
802 5530 1019 5598 mystico
1053 5531 1151 5581 hoc
1185 5545 1363 5581 verum
1399 5546 1513 5583 esse
1544 5542 1739 5598 potest,
1769 5542 1825 5583 ut
1865 5547 1934 5584 λιι
1967 5532 2037 5584 illi
2081 5532 2249 5584 fontes

722 5596 775 5647 in
812 5595 963 5658 Elim,
999 5598 1134 5649 unde
1171 5599 1415 5653 Israelita
1454 5601 1503 5651 in
1545 5595 1761 5652 deserto
1800 5600 2247 5662 refociliabantur,

722 5677 796 5734 an
824 5665 1085 5734 apostolos
1113 5666 1565 5734 prmliguraverint
1596 5682 1609 5718 :
1649 5670 1698 5720 id
1724 5670 1863 5721 enim
1892 5672 2037 5720 multi
2067 5670 2249 5722 volunt

719 5733 791 5787 ita
813 5746 948 5785 esse.
977 5731 1350 5799 Quontodofet
1380 5747 1603 5801 muntes,
1639 5736 1816 5804 colles,
1843 5750 2022 5807 petrae,
2052 5738 2237 5803 nubes,

2360 4587 2549 4651 ὲπάγει
2581 4585 2640 4637 τὸ
2670 4585 2819 4646 αὐτὸ,
2849 4586 3071 4654 γράφων
3100 4583 3271 4647 οὕτως
3291 4602 3303 4613 ·
3339 4603 3357 4636 ι
3393 4585 3626 4649 Είκότως
3655 4584 3749 4641 οὖν
3778 4591 3907 4659 περὶ

2366 4694 2384 4728 ι
2424 4678 2521 4745 τῆς
2548 4674 2681 4729 κατὰ
2706 4676 2881 4745 σάρκα
2907 4675 3165 4743 γενέσεως
3192 4678 3221 4728 ὁ
3244 4675 3500 4747 δεσπότης
3525 4677 3611 4730 διὰ
3645 4678 3740 4731 τοῦ
3774 4698 3907 4750 προ-

2360 4786 2376 4818 ι
2418 4770 2582 4837 φήτου
2624 4765 2927 4835 Σολομῶνος
2956 4766 3220 4832 λέγοντος,
3273 4765 3378 4834 (68)
3412 4768 3528 4835 Πρὸ
3553 4769 3658 4823 τοῦ
3689 4776 3902 4839 προελ-

2353 4858 2476 4911 θεῖν
2514 4859 2619 4923 τὰς
2646 4856 2839 4924 πηγὰς
2867 4855 2982 4909 τῶν
3006 4854 3255 4923 ὑδάτων,
3284 4855 3406 4928 ἔφη.
3447 4876 3466 4908 ι
3519 4859 3640 4912 Ἐπὶ
3664 4861 3734 4914 τά
3774 4862 3900 4927 ιξίς

2641 5062 2681 5090 ¹¹
2715 5058 2872 5112 Prov.
2908 5056 3132 5121 vm,22.
3232 5061 3277 5091 "
3304 5060 3434 5115 Ibid.
3467 5062 3555 5117 25.

3691 5066 3737 5098 “
3763 5067 3894 5123 Ibid.

2346 5328 2835 5404 iapidesdicttntur.
2855 5326 2958 5381 Sed
2989 5327 3289 5404 Marcellum
3320 5330 3698 5404 ait_Eu_selnus,
3728 5349 3888 5404 quam

2344 5408 2493 5518 lrecte
2522 5396 2731 5516 vidﬁrit.
2781 5409 2938 5465 sensu
2972 5400 3163 5461 primo,
3202 5409 3256 5453 et
3298 5400 3436 5451 κατὰ
3458 5398 3693 5471 γράμμα
3728 5396 3890 5461 intel-

2362 5480 2552 5518 exisse.
2648 5502 2661 5515 .

2362 5480 2552 5518 CXISSC.
2593 5480 2661 5516 Μ.

2414 5534 2525 5601 (68)
2557 5533 2897 5607 Sodoma;
2921 5535 3223 5603 λέγοντος.
3259 5535 3558 5607 Legendum
3600 5539 3769 5607 λέγει,
3801 5541 3883 5594 vel

2343 5602 2585 5674 λέγοντος
2607 5603 2809 5674 εἴρηκε.
2838 5603 2904 5658 Μ.
2921 5634 2988 5643 —
3006 5607 3133 5674 Dein
3163 5607 3315 5674 vulgo
3336 5602 3395 5657 τὸ
3423 5605 3623 5661 λεῖπον.
3657 5602 3821 5663 Porro
3839 5610 3882 5663 R

2342 5672 2612 5748 διαδόχους
2654 5672 2892 5748 abderet,
2927 5675 3074 5748 quod
3115 5672 3302 5748 falsum
3358 5687 3450 5748 est
3474 5692 3524 5748 p.
3563 5676 3630 5731 70
3668 5678 3708 5732 ο
3751 5680 3881 5748 tim;

2348 5742 2481 5794 intra
2519 5743 2672 5810 vulgo
2700 5740 2731 5809 ἢ
2766 5742 2886 5795 καθ’
2917 5740 3010 5811 ὁρ..
3043 5754 3095 5799 et
3124 5745 3197 5808 ὡς
3222 5744 3314 5797 καὶ
3340 5744 3608 5808 πολλάκις.
