4106 6432
207 445 323 499 805

205 559 382 631 ιτσρά
428 576 550 613 τινα
586 558 823 621 διελθὼν,
859 559 1105 628 επιφέρει
1140 576 1153 588 ·

213 670 233 702 ι
274 649 411 719 περὶ
455 649 566 700 τῶν
604 647 948 718 προαγόντων
980 650 1306 719 εἰρήκαμεν,
1353 649 1640 702 ἀκόλουθόν
1672 652 1787 702 ἐστι

212 757 232 789 ι
273 738 374 790 καὶ
400 737 462 789 τό
483 737 662 788 λεῖπον
687 734 1091 806 ἀναπληρῶσαι.
1109 738 1298 790 Λείπει
1319 736 1374 788 δὲ
1396 736 1474 798 τὸ,
1507 755 1524 786 ι
1549 738 1698 789 κατὰ
1718 737 1788 791 τὰ

212 847 231 878 ι
276 828 392 896 ὄρη
412 827 510 880 καὶ
545 827 682 891 τοὺς
703 827 987 892 βουνούς.
1043 828 1154 899 Πρὸ
1180 828 1287 898 γάρ
1309 827 1404 880 τοῦ
1424 827 1494 881 τά
1521 828 1621 898 ὅρη
1641 829 1789 898 έδρα-

211 937 230 967 c
272 917 491 988 σθῆναι,
543 918 696 987 φησι,
734 919 838 987 πρὸ
874 917 930 970 δὲ
970 918 1186 971 πάντων
1229 919 1336 972 τῶν
1377 918 1600 986 βουνιῦν,
1625 920 1785 988 γεννᾷ

211 1027 230 1058 ι
280 1026 372 1077 με.
405 1009 543 1078 Ὀρη
579 1008 669 1060 καὶ
699 1008 915 1077 βουνοὺς
939 1011 1063 1070 τοὺς
1083 1009 1404 1070 ἀποστόλους
1424 1010 1656 1071 καὶτοὺς
1677 1009 1786 1060 τῶν

213 1112 232 1145 ι
269 1095 594 1147 ἀποστόλων
621 1095 894 1166 διαδόχους
939 1093 1072 1149 εἶναι
1093 1136 1107 1159 ,
1133 1097 1219 1149 ἵνα
1249 1099 1398 1169 παρὰ
1440 1099 1564 1161 τοὺς
1594 1099 1784 1162 ἀλλους

213 1201 233 1233 ι
277 1183 599 1254 ἀνθρώπους
624 1184 722 1255 τὴν
769 1188 886 1239 κατ’
913 1186 1090 1238 αὐτῶν
1108 1186 1319 1240 δικαίαν
1351 1188 1620 1241 πολιτείαν
1648 1205 1784 1260 παρ-

214 1293 234 1325 ι
277 1275 550 1344 οιμιωδῶς
596 1276 855 1346 σημαίνῃ.
921 1296 938 1327 ι
989 1276 1252 1340 Τοιαύτας
1297 1277 1446 1340 τινὰς
1490 1279 1782 1349 ἑρμηνείας

208 1368 539 1440 ἐκθέμενος,
589 1366 744 1433 αὖθις
789 1372 880 1422 ἐπὶ
924 1371 1022 1432 τὰς
1068 1371 1422 1435 ἀποστολικὰς
1468 1371 1780 1441 μεταϐαίνει

209 1460 420 1528 φωνάς,
443 1462 700 1514 τάναντία
727 1459 804 1529 τῷ
845 1460 1147 1531 ’Λποστόλῳ
1173 1461 1557 1531 φθεγγόμενος,
1600 1463 1656 1513 Ὀ
1684 1464 1780 1531 μὲν

208 1551 325 1624 γὰρ
360 1553 450 1605 τὸν
512 1553 747 1622 προόντα
807 1551 942 1605 Υιὸν
975 1553 1079 1606 τοῦ
1109 1552 1256 1607 Θεοῦ
1282 1555 1374 1605 καὶ
1401 1554 1780 1622 Πρωτότοκον

208 1639 417 1707 πάσης
453 1641 703 1703 κτίσεως
745 1638 906 1690 αὐτὸν
951 1633 1090 1690 εῖναι
1129 1639 1372 1696 ἐδίδασκε
1392 1656 1406 1668 ·
1432 1638 1498 1691 τά
1522 1638 1697 1691 πάντα
1721 1640 1778 1691 ὲν

208 1729 382 1800 αὐτῷ,
408 1729 501 1782 καὶ
517 1729 582 1781 δι’
608 1727 768 1780 αὑτοῦ
799 1728 1060 1782 ἐκτίσθαι·
1084 1729 1245 1781 αὐτόν
1277 1745 1337 1780 τε
1373 1723 1510 1780 εἶναι
1529 1729 1632 1798 πρὸ
1652 1728 1779 1781 πάν-

205 1835 320 1871 των
367 1817 576 1889 μεγάλῃ
601 1815 696 1888 βοῇ
723 1817 1148 1889 μαρτυρόμενος
1173 1819 1202 1870 ό
1235 1816 1292 1870 δὲ
1323 1817 1416 1869 ἐπὶ
1454 1817 1551 1888 τὴν
1574 1818 1774 1888 σάρκα,

1336 445 1618 501 CONTRA
1659 443 2088 502 MARCELLUM
2129 444 2257 498 LIB.
2303 444 2369 498 ll.

1192 577 1208 609 ι
1241 560 1446 612 υύκοῦν
1498 560 1773 630 ὲπειδήπει

1899 579 1917 606 ι
1963 557 2322 626 apostolorum
2348 557 2459 626 typi
2485 556 3008 624 przenuntiabantur.
3037 553 3282 611 Meminit
3311 560 3460 612 enim

3355 444 3461 500 806

1896 665 1913 697 ι
1960 656 2140 700 textus
2166 646 2256 702 ille
2280 645 2563 700 duodecim
2592 645 2820 700 lontium
2853 646 2905 699 in
2930 645 3068 699 Elim
3093 689 3110 714 ,
3163 659 3286 700 cum
3330 663 3464 716 apo-

1895 755 1913 786 ι
1961 737 2221 791 stolarum
2263 737 2463 791 chorus
2511 746 2656 790 esset
2695 735 3078 791 duodenarius.
3111 755 3130 787 ι
3171 736 3313 791 Idem
3358 739 3461 791 ite-

1889 843 2005 882 rum
2037 827 2128 883 ille
2157 827 2359 895 regerit
2407 827 2474 881 ad
2531 826 2674 881 hunc
2704 826 2944 892 modum,
2973 825 3262 896 inquiens:
3303 846 3323 878 ι
3348 827 3460 880 ble-

1893 937 1911 967 ι
1963 919 2065 970 rito
2109 916 2274 986 igitur
2298 918 2364 970 de
2395 915 2745 984 generatione
2773 918 3066 970 secundum
3095 929 3318 971 earnem
3355 917 3460 970 Do-

1891 1024 1909 1054 ι
1956 1007 2134 1060 minus
2184 1020 2278 1072 per
2318 1007 2639 1074 prOphetam
2698 1004 3044 1060 Salonionem
3077 1006 3261 1060 dixit:
3293 1009 3459 1061 Ante-

1891 1114 1910 1146 ι
1956 1113 2110 1164 quam
2139 1097 2310 1164 fontes
2351 1112 2612 1165 aquarum
2664 1098 3016 1165 provenirent.
3050 1114 3068 1146 ι
3101 1094 3156 1149 1η
3189 1099 3462 1164 sequenti-

1884 1187 2016 1248 bus,
2063 1188 2307 1254 quaedam
2355 1187 2458 1240 alia
2526 1197 2846 1256 prosecutus
2905 1187 3068 1255 stylo,
3133 1185 3455 1257 inferum.

1880 1275 2051 1348 XXII]
2079 1276 2374 1344 «Quocirca
2397 1292 2518 1331 cum
2538 1277 2896 1346 praecedentia
2917 1278 3178 1330 fuerimus
3195 1277 3458 1341 exsecuti,

1889 1388 1906 1419 ι
1951 1383 2288 1438 consequens
2331 1378 2431 1431 est,
2466 1377 2526 1420 ut
2561 1369 2704 1437 quod
2731 1377 2898 1422 restat
2924 1366 3100 1420 adhuc
3127 1367 3459 1434 expleamus.

1886 1477 1904 1507 ι
1950 1459 2137 1512 Restat
2174 1467 2351 1512 autem
2399 1458 2550 1521 illud,
2588 1474 2695 1525 quo
2724 1457 2971 1510 meminit
2997 1459 3260 1510 montium
3296 1465 3458 1522 atque

1887 1566 1904 1598 t
1949 1548 2212 1601 saltuum:
2247 1548 2320 1601 ait
2347 1549 2488 1601 enim
2522 1547 2848 1613 :Anteqnam
2880 1558 3077 1598 montes
3097 1545 3456 1610 ﬁrmarentur,

1887 1657 1904 1687 ι
1952 1653 2075 1690 ante
2107 1652 2285 1690 omnes
2317 1637 2488 1689 saltus
2531 1637 2708 1704 genuit
2744 1650 2841 1687 me.
2877 1632 3012 1687 Esse
3053 1647 3217 1703 porro
3248 1641 3460 1685 montes

1889 1746 1906 1776 ι
1955 1729 2120 1780 hosce
2145 1737 2309 1795 atque
2348 1727 2522 1780 saltus
2556 1726 2835 1793 apostolos
2869 1735 2922 1778 et
2949 1737 3292 1779 successores
3324 1737 3456 1790 apo-

1886 1833 1904 1863 α
1952 1813 2207 1867 stolorum
2249 1827 2265 1866 :
2312 1823 2371 1866 ut
2410 1814 2481 1866 ita
2537 1813 2750 1867 illorum
2783 1813 3087 1883 justissima
3116 1812 3463 1868 conversatio

208 1910 307 1962 καὶ
343 1908 544 1978 ταύτην
570 1907 896 1960 καταϐάλλει
945 1908 1042 1979 τὴν
1093 1907 1382 1977 θεολογίανο
1408 1910 1602 1981 μικρὸν
1618 1909 1773 1962 ὔστε-

1880 1923 1896 1954 ι
1945 1917 2110 1972 atque
2156 1904 2275 1957 vita:
2322 1903 2605 1968 institutio,
2635 1913 2761 1957 ante
2805 1919 3000 1959 omnes
3065 1904 3296 1960 aliorum
3327 1909 3468 1977 poli-

212 2013 309 2068 ρον
345 1998 437 2051 καὶ
485 1995 688 2066 ταύτην
719 1996 1064 2067 ἀρνούμενος.
1109 1998 1269 2065 Λέγει
1307 1997 1362 2050 δὲ
1397 1998 1572 2050 οὓτω·
1616 2018 1634 2050 ι
1678 1998 1777 2052 Διά

217 2107 238 2141 ι
278 2089 436 2142 τοῦτο
455 2088 678 2150 εἰκότως
699 2088 968 2158 ἐπιφέρει,
996 2088 1094 2152 Ὅς
1115 2089 1285 2142 ἐστιν
1303 2088 1478 2142 εἰκὼν
1498 2089 1604 2144 τοῦ
1627 2089 1776 2143 Θεοῦ

215 2198 235 2233 ι
277 2179 383 2233 τοῦ
399 2178 676 2245 ἀοράτου.
711 2197 728 2228 ι
752 2179 888 2232 Πότε
915 2179 1202 2248 γενόμενος
1228 2179 1421 2243 εἰκὼν;
1449 2181 1520 2233 Ἦ
1538 2181 1776 2251 ὁπηνίκα

208 2269 274 2323 τ’)
311 2269 431 2323 κατ’
478 2269 660 2322 εἰκόνα
684 2269 774 2322 καὶ
811 2269 930 2321 καθ’
953 2269 1213 2338 ὁμοίωσιν
1240 2270 1497 2340 ἀνείληφε
1517 2272 1775 2341 πλάσμα;

215 2379 234 2412 ι
276 2361 546 2432 Πρότερον
571 2359 701 2430 γὰρ,
735 2359 922 2430 ὥσπερ
951 2358 1207 2422 πολλάκις
1234 2360 1388 2430 ἔφην,
1418 2360 1569 2414 οὐδὲν
1595 2361 1778 2432 ἕτερον

215 2469 238 2502 ι
275 2446 344 2522 ἧς
376 2452 409 2521 ἢ
448 2452 638 2519 Λόγος·
684 2469 702 2501 ι
740 2451 835 2504 καὶ
885 2449 1131 2520 ἐπιμένει
1161 2450 1222 2504 τό
1269 2452 1400 2504 αὐτὸ
1431 2451 1777 2522 γυμνώτερον

207 2542 508 2612 διασαφῶν,
543 2543 609 2595 δι’
645 2535 718 2594 ὧν
749 2559 912 2612 φησιν
933 2558 946 2570 ·
972 2561 989 2592 ι
1016 2541 1223 2594 Οὐκοῦν
1257 2543 1635 2614 πρόδηλον,ὄτι
1672 2543 1779 2614 πρὸ

217 2653 238 2687 ι
263 2635 366 2704 τῆς
396 2634 488 2688 τοῦ
513 2634 780 2704 ἡμετέρου
817 2632 1066 2704 σώματος
1084 2634 1399 2705 ἀναλήψεως
1419 2637 1446 2687 ό
1462 2636 1630 2703 Λόγος
1657 2635 1776 2688 καθ’

215 2738 236 2774 ι
261 2721 451 2774 ἑαυτὸν
481 2721 579 2773 οὐκ
627 2716 696 2790 ἦν
723 2720 884 2773 υἱκὼν
911 2721 1004 2774 τοῦ
1025 2721 1256 2792 ἀοράτου
1294 2721 1450 2776 Θεοῦ.
1507 2725 1620 2794 Τὴν
1671 2724 1779 2794 γάρ

216 2831 238 2863 ι
263 2814 446 2866 εἰκόνα
460 2813 688 2884 ὁρᾶσθαι
709 2816 992 2883 προσήκει,
1019 2812 1103 2866 ἵνα
1123 2813 1208 2868 διὰ
1230 2815 1329 2884 τῆς
1345 2816 1546 2878 εἰκόνος
1560 2816 1621 2868 τὸ
1642 2816 1779 2879 τέως

216 2920 236 2953 ι
264 2903 338 2974 μὴ
370 2904 642 2974 ὁρώμενον
678 2904 903 2974 ὁρᾶσθαι
941 2903 1183 2974 δύνηται.
1213 2924 1231 2956 ι
1257 2906 1366 2958 Καὶ
1384 2907 1544 2960 πάλιν
1557 2908 1780 2978 προστί-

211 2994 334 3064 θησι
359 2993 528 3062 λέγων
548 3010 561 3023 ο
601 3011 621 3042 ι
664 2992 785 3054 Πῶς
812 2988 902 3044 οῦν
924 2993 1103 3045 εἰκόνα
1135 2993 1228 3046 τοῦ
1261 2995 1492 3066 ἀοράτου
1518 2994 1651 3047 Θεοῦ
1689 2994 1778 3047 τὸν

215 3102 237 3135 ι
273 3081 368 3135 τοῦ
390 3081 521 3135 Θεοῦ
563 3083 731 3148 Λόγον
767 3083 1034 3153 Ἀστέριος
1064 3079 1200 3136 εἶναι
1237 3086 1538 3154 γέγραφεν;
1573 3085 1638 3135 Δί
1671 3083 1778 3154 γὰρ

216 3193 236 3226 ι
280 3175 484 3238 εἰκόνες
541 3175 762 3234 τούτων,
798 3168 874 3228 ὧν
905 3177 1041 3227 εἰσιν
1090 3176 1316 3238 εἰκόνες,
1368 3177 1464 3228 καὶ
1504 3177 1772 3241 ἀπόντων,

217 3283 236 3316 ι
275 3264 536 3317 δεικτικαί
577 3267 729 3317 εἰσιν·
772 3265 911 3318 ὥστε
944 3267 1036 3319 καὶ
1075 3266 1164 3319 τὸν
1211 3267 1413 3318 ἀπόντα
1440 3267 1549 3335 (69)
1582 3266 1648 3319 δι’
1674 3268 1772 3319 αύ-

218 3372 236 3404 t
271 3355 378 3407 τῶν
396 3355 677 3423 φαίνεσθαι
695 3355 884 3408 δοκεῖν.
915 3357 974 3408 Εἰ
995 3357 1049 3408 δὲ
1069 3356 1160 3408 τοῦ
1186 3355 1318 3409 Θεοῦ
1347 3357 1576 3427 ἀοράτου
1598 3357 1769 3420 ὄντος,

217 3465 235 3496 ι
272 3447 498 3517 ἀόρατον
521 3443 656 3499 εἶναι
688 3451 782 3501 καὶ
804 3448 894 3500 τὸν
927 3449 1096 3513 Λόγον
1125 3449 1429 3517 συμϐαίνει,
1457 3449 1575 3512 πῶς
1609 3447 1772 3501 εἰκὼν

216 3557 236 3589 ι
274 3538 368 3590 τοῦ
402 3539 632 3608 ἀοράτου
660 3539 792 3592 Θεοῦ
820 3539 938 3592 καθ’
960 3540 1151 3592 ἑαυτὸν
1181 3541 1208 3591 ὁ
1247 3541 1414 3608 Λόγος
1447 3537 1582 3594 εἶναι
1609 3541 1770 3593 δύνα-

215 3647 233 3677 ι
273 3645 383 3689 ται,
423 3630 514 3680 καὶ
555 3630 713 3692 αὐτὸς
754 3631 981 3700 ἀόρατος
1020 3629 1130 3692 div;
1168 3630 1425 3684 ἀδύνατον
1457 3632 1565 3702 γὰρ
1597 3632 1657 3684 τὸ
1697 3631 1771 3703 μὴ

215 3739 235 3773 ι
270 3721 466 3792 ὁρατὸν
495 3722 581 3773 διὰ
617 3723 711 3774 τοῦ
748 3724 978 3795 ἀοράτου
1018 3724 1250 3794 φανῆναί
1297 3741 1448 3777 ποτε.
1484 3744 1502 3776 ι
1556 3725 1687 3778 Καὶ¹
1713 3727 1772 3778 ἐν

209 3813 417 3874 τούτοις
445 3813 499 3866 δὲ
527 3816 554 3866 ό
581 3814 893 3885 Μάρκελλος
922 3816 982 3868 ού
1012 3817 1229 3886 συνορᾷ,
1259 3817 1360 3879 ὅτι,
1393 3818 1440 3868 εἰ
1469 3816 1565 3888 τὴν
1594 3817 1771 3888 σάρκα

207 3903 430 3974 δοίημεν
462 3898 600 3954 εἶναι
627 3903 723 3973 τὴν
756 3904 935 3956 εἰκόνα
969 3905 1062 3956 τοῦ
1093 3904 1249 3966 Θεοῦ,
1283 3903 1400 3976 ὥρα
1423 3907 1517 3957 καὶ
1555 3907 1771 3959 πάντων

206 3989 507 4062 ἀνθρώπων
521 3992 616 4052 τὰς
638 3991 864 4062 σάρκας,
887 3993 981 4044 καὶ
1002 3993 1070 4045 τά
1089 3993 1197 4045 τῶν
1222 3995 1484 4063 σωμάτων
1505 3995 1771 4065 πρόσωπα

207 4084 420 4146 εἰκόνας
447 4081 584 4136 εἶναι
611 4085 785 4152 λέγειν
807 4085 897 4138 τοῦ
927 4083 1084 4138 Θεοῦ.
1115 4085 1276 4137 Ὥστε
1307 4087 1428 4138 κατ’
1448 4085 1608 4138 αὐτὸν
1660 4103 1768 4156 μη-

210 4172 302 4227 δὲν
353 4172 626 4244 ἐξαίρετον
664 4175 950 4246 ἐσχηκέναι
988 4176 1076 4228 τὸν
1110 4175 1357 4245 Σωτῆρα.
1396 4177 1452 4228 ὐ
1491 4175 1535 4228 δ’
1582 4175 1769 4249 ὥσπερ

207 4265 593 4335 ἐπιλαθόμενος
626 4260 702 4321 ὧν
734 4267 870 4337 μετά
901 4267 1070 4320 ταῦτα
1103 4269 1229 4336 περὶ
1265 4267 1362 4337 τῆς
1392 4267 1590 4336 σαρκὸς
1643 4284 1768 4319 συν-

207 4355 431 4428 έγραψε,
461 4356 644 4410 δούλου
680 4358 889 4429 μορφὴν
927 4357 1093 4427 αὐτὴν
1121 4356 1288 4409 εἰπὼν
1320 4355 1377 4422 ἐξ
1410 4355 1766 4426 ἁποστολικῆς

207 4447 576 4517 παραθέσεως,
637 4449 727 4505 καὶ
772 4449 859 4502 διὰ
917 4449 1074 4501 τοῦτο
1139 4450 1214 4519 μὴ
1273 4447 1527 4501 δύνασθαι
1590 4451 1765 4499 συνεῖ-

1883 2017 1900 2048 ι
1954 1997 2090 2060 tias,
2136 1995 2470 2066 intelligatur
2516 1997 2830 2050 denotari.»
2885 1997 3280 2064 Hujuscemodi
3332 2015 3464 2054 suas

1879 2088 2359 2156 interpretationes
2388 2087 2476 2140 ubi
2517 2096 2894 2155 pr0posuerat,
2928 2091 3110 2159 pergit
3148 2091 3368 2145 demum
3399 2095 3467 2146 ad

1879 2181 2186 2235 testimonia
2227 2179 2543 2248 apostolica,
2588 2188 2644 2233 et
2680 2180 2941 2247 Apostolo
2982 2183 3258 2234 contraria
3301 2182 3357 2235 in
3401 2198 3465 2235 os

1876 2271 2154 2340 obgannit.
2207 2269 2351 2323 tllle
2409 2271 2546 2324 enim
2600 2270 3018 2338 prcexiuenum
3083 2270 3278 2324 Filium
3338 2271 3458 2332 Dei.

1882 2379 1900 2410 ι
1947 2360 2128 2415 omnis
2170 2369 2434 2415 creatura:
2497 2360 2922 2430 Primogenitum
2970 2360 3203 2428 appellat
3233 2361 3454 2413 :omnin

1880 2475 1901 2498 ι
1949 2454 2003 2507 in
2035 2453 2129 2508 illo
2158 2461 2212 2506 et
2239 2467 2339 2518 per
2372 2451 2521 2505 illum
2553 2453 2769 2506 condita
2824 2452 2980 2505 docet
3009 2467 3023 2503 :
3059 2465 3294 2516 eumque
3327 2461 3458 2503 ante

1883 2563 1901 2594 ι
1949 2544 2129 2596 omnia
2177 2544 2453 2598 exstitisse
2506 2561 2695 2613 magna
2727 2557 2846 2596 voce
2877 2550 3248 2607 protestatur;
3285 2551 3339 2592 at
3372 2545 3453 2594 hic

1885 2655 1903 2685 ι
1949 2636 2082 2689 hanc
2109 2638 2274 2702 ipsam
2305 2636 2616 2705 theologiam
2651 2637 2720 2686 ad
2763 2649 2975 2687 carnem
3008 2634 3218 2684 deducit
3248 2646 3266 2683 :
3292 2648 3450 2699 quam

1883 2747 1901 2778 ι
1946 2737 1994 2780 et
2037 2729 2206 2795 ipsam
2235 2727 2412 2780 statim
2449 2737 2598 2796 negat
2629 2742 2646 2778 :
2676 2727 2752 2778 ait
2812 2735 2992 2777 autem
3041 2739 3055 2776 :
3095 2721 3182 2792 (Β.
3210 2721 3454 2792 LXXXI]

1884 2837 1900 2868 ι
1949 2817 2151 2872 Idcirco
2183 2820 2376 2874 merito
2409 2817 2592 2881 infert,
2628 2817 2730 2882 Qui
2774 2827 2858 2870 est
2881 2817 3054 2882 imago
3084 2816 3174 2867 Dei
3205 2813 3449 2867 invisibi-

1885 2928 1902 2960 ι
1947 2909 2036 2974 lis,
2068 2911 2284 2977 quando
2311 2920 2489 2962 autem
2537 2909 2609 2962 ita
2645 2908 2856 2961 factus?
2883 2906 3020 2959 Num
3056 2921 3178 2960 cum
3219 2905 3444 2975 ligtnen-

1884 3018 1902 3050 ι
1951 3009 2063 3052 tum
2095 2999 2388 3066 assumpsit
2414 2999 2540 3051 illud
2565 3000 2706 3066 quod
2740 2998 2939 3051 factum
2966 2996 3134 3051 estad
3161 2995 3448 3064 imaginem

1885 3107 1904 3139 ι
1949 3099 2004 3142 et
2029 3088 2480 3143 similitudinem?
2515 3094 2572 3149 ὢ
2605 3086 2765 3141 Prius
2793 3088 3017 3147 etenim.
3059 3088 3202 3154 quod
3246 3086 3436 3153 aliquo

1885 3199 1902 3230 ι
1952 3181 2050 3233 lies
2100 3179 2356 3238 diximus.
2409 3179 2540 3231 nihil
2588 3179 2734 3230 aliud
2761 3193 2925 3245 quam
2984 3178 3216 3231 Verbum
3259 3187 3395 3230 erat.
3426 3198 3444 3227 ι

1876 3270 2112 3332 Perstat,
2145 3278 2198 3321 et
2238 3268 2340 3322 hoc
2373 3268 2699 3336 explicatius
2751 3266 3005 3331 eiucidat,
3040 3268 3128 3320 ubi
3161 3268 3394 3336 loquitur
3430 3283 3446 3318 :

1875 3359 1962 3430 [Β.
1984 3358 2173 3413 XXXII
2194 3361 2319 3412 coll.
2337 3374 2388 3427 p.
2406 3359 2476 3412 24
2499 3358 2568 3431 Β]
2591 3377 2608 3409 ι
2639 3358 2730 3414 Est
2745 3373 2875 3429 ergo
2899 3357 3273 3422 manifestum,
3298 3361 3441 3428 quod

1874 3467 1976 3505 non
2012 3462 2130 3505 erat
2157 3451 2391 3504 Verbum
2434 3451 2612 3519 imago
2649 3449 2937 3502 invisibilis
2967 3450 3061 3502 Dei
3109 3457 3235 3503 ante
3265 3451 3444 3503 carnis

1873 3555 2074 3598 nostra:
2120 3543 2570 3610 assumptionem.
2603 3540 2736 3594 Nam
2780 3553 3001 3593 necesse
3040 3550 3123 3592 est
3154 3540 3443 3609 imaginem

1872 3634 2044 3688 oculis
2068 3635 2236 3696 cerni,
2255 3642 2312 3685 ut
2335 3632 2409 3684 ita
2430 3647 2525 3699 per
2545 3632 2830 3700 imaginem
2846 3632 3190 3683 discernatur
3213 3631 3265 3684 id
3291 3632 3434 3698 quod

1874 3741 1976 3778 non
1997 3734 2199 3793 poterat
2218 3732 2372 3776 antea
2401 3722 2570 3776 oculis
2598 3723 2896 3784 usurpari.)
2919 3720 3047 3773 Dein
3067 3721 3216 3772 addit
3241 3722 3443 3786 :tQue«

1879 3833 1898 3865 ι
1950 3813 2312 3866 madmodum
2342 3813 2508 3880 igitur
2531 3812 2778 3864 Asterius
2804 3808 3056 3871 allirmut,
3087 3809 3176 3862 Dei
3210 3808 3442 3862 Verbum

1877 3924 1896 3956 ι
1941 3906 2214 3960 exstitisse
2263 3903 2553 3972 imaginem
2619 3901 2906 3954 invisibilis
2971 3899 3102 3953 Dei?
3177 3900 3444 3970 Imagines

1875 4017 1892 4046 ι
1940 3996 2138 4050 etenim
2177 4004 2299 4049 sunt
2334 4009 2522 4048 earum
2565 4008 2746 4048 rerum
2801 3991 3237 4046 demonstrativa:
3275 3993 3439 4044 etiam

1877 4107 1893 4138 ι
1938 4087 2271 4150 absentium,
2310 4100 2538 4154 quarum
2579 4093 2707 4138 sunt
2751 4084 3022 4152 imagines
3060 4099 3073 4134 :
3105 4084 3179 4136 ita
3239 4092 3294 4135 ut
3343 4096 3444 4150 pi-r

1876 4195 1894 4224 ι
1943 4177 2061 4230 illas
2089 4175 2173 4229 vel
2209 4177 2487 4230 absentem
2518 4176 2787 4243 possimus
2816 4174 3038 4227 intueri.
3079 4172 3279 4238 Quodsi
3321 4174 3438 4236 Dei,

1873 4285 1892 4318 ι
1940 4284 2061 4322 cum
2094 4268 2168 4321 sit
2201 4267 2509 4332 invisibilis,
2535 4269 2757 4320 verbum
2781 4281 2995 4335 quoque
3018 4265 3292 4320 invisibile
3317 4266 3388 4319 sit
3417 4284 3432 4318 :

1873 4379 1889 4411 ι
1933 4359 2202 4427 quomodo
2235 4359 2451 4412 tandem
2489 4355 2745 4418 Verbum,
2788 4358 2838 4410 in
2869 4371 2929 4408 se
2962 4355 3256 4422 invisibile,
3293 4356 3436 4409 invi—

1871 4469 1888 4500 ι
1937 4450 2109 4504 sibilis
2144 4449 2234 4503 Dei
2275 4451 2450 4518 imago
2476 4461 2597 4502 esse
2633 4459 2808 4516 potest
2833 4447 2855 4499 ?
2880 4447 3042 4500 Certe
3083 4457 3164 4502 est
3214 4463 3435 4514 prorsus

207 4555 296 4591 vat
323 4540 442 4608 (70)
466 4539 540 4609 τῷ
561 4540 738 4610 Λόγῳ,
774 4541 862 4593 διὰ
895 4540 955 4593 τὺ
968 4540 1150 4593 δούλου
1191 4539 1402 4610 μορφὴν
1430 4533 1597 4591 εἶναι·
1633 4539 1766 4593 ἀλλά

1877 4558 1893 4589 ι
1942 4539 2298 4609 impossibile,
2347 4551 2406 4593 ut
2452 4541 2593 4607 quod
2657 4555 2761 4593 non
2813 4539 3047 4602 videtur,
3091 4555 3186 4608 per
3231 4540 3436 4607 aliquid

206 4630 300 4697 καὶ
320 4633 498 4700 γυμνῇ
528 4633 592 4700 τῇ
621 4632 825 4702 κεφαλῇ
861 4634 1036 4701 φήσας
1055 4671 1069 4694 ,
1103 4649 1121 4682 ι
1156 4630 1272 4692 πῶς
1310 4627 1538 4700 ἐγχωρεῖ
1568 4629 1664 4699 τὴν
1696 4631 1761 4683 ὲκ

214 4739 231 4769 ι
272 4722 375 4790 γῆς
401 4737 458 4773 τε
490 4717 673 4786 οὖσαν,
700 4724 792 4776 καὶ
823 4723 987 4794 μηδὲν
1028 4721 1360 4790 ὠφελοῦσαν,
1390 4723 1448 4772 ὲν
1483 4722 1592 4782 τοῖς
1629 4720 1754 4791 μέλ-

212 4830 230 4861 ι
270 4811 446 4864 λουσιν
470 4812 627 4865 αἰῶσι
660 4817 893 4866 συνεῖναι
921 4812 998 4882 τῷ
1022 4813 1199 4881 Λόγῳ;
1225 4830 1242 4862 ι
1285 4807 1421 4862 εἶναι
1452 4811 1635 4862 εἰκόνα
1665 4810 1758 4863 τοῦ

203 4902 432 4974 ἀοράτου
451 4902 609 4970 Θεοῦ,
632 4905 730 4974 τὴν
761 4905 937 4975 σάρκα
970 4904 1060 4956 ἐπὶ
1092 4904 1184 4956 τοῦ
1215 4902 1476 4972 παρόντος
1501 4901 1762 4972 διισχυρί-

205 4992 355 5056 ζεται
379 4992 847 5065 διαϐεϐαιούμενος
873 4993 1272 5063 ἀποφαντικῦλς,
1299 4993 1379 5044 ὅτι
1410 4992 1514 5062 πρὸ
1536 4991 1636 5061 τῆς
1669 4991 1761 5044 τοῦ

205 5084 470 5155 ἡμετέρου
527 5085 777 5156 σώματος
827 5085 1140 5156 ἀναλήψεως
1197 5084 1296 5136 οὐκ
1338 5078 1405 5153 ἦν
1461 5082 1628 5135 εἰκὼν
1663 5083 1758 5135 τοῦ

203 5175 432 5245 ἀοράτου
448 5173 603 5237 Θεοῦ,
624 5177 652 5228 ό
672 5176 841 5244 Λόγος
864 5176 1049 5230 αὑτοῦ.
1074 5176 1183 5229 Καὶ
1199 5172 1353 5235 αὖθις
1372 5173 1508 5244 μετὰ
1523 5172 1592 5225 τὰ
1607 5175 1761 5226 ἐκτε-

204 5265 365 5319 θέντα
411 5267 655 5338 ἐπιφέρει
695 5266 884 5335 λέγων·
931 5285 948 5318 ι
985 5268 1074 5320 Διὸ
1101 5265 1435 5336 πανταχόθεν
1473 5263 1649 5333 δῆλον,
1685 5267 1759 5316 εἰ-

278 5408 337 5466 ᾗ
388 5401 485 5456 Ed.
521 5400 717 5462 Paris..
751 5419 869 5472 pag.
901 5402 992 5456 47.

271 5540 384 5608 (69)
413 5537 806 5611 Υιιικονκαὶῌὸϋ
836 5540 1013 5594 αὐτῶν
1048 5553 1099 5596 et
1130 5540 1221 5593 τοῦ
1255 5542 1484 5611 ἀοράτου
1525 5544 1672 5602 ὄντος
1709 5551 1762 5594 et

203 5607 381 5680 σάρκα
406 5609 517 5680 δείν
535 5607 539 5608 ν
559 5610 654 5680 μὲν
683 5607 816 5662 εἷναι
827 5651 838 5661 .

273 5678 386 5749 (70)
439 5678 531 5744 Μὴ
584 5679 874 5749 ᾷύνασθαι
917 5681 1206 5733 συνεῖναι.
1270 5681 1376 5734 ’Λεί
1432 5683 1587 5744 forte,
1634 5696 1754 5733 nam

205 5750 330 5801 illud
369 5750 562 5814 posuit.
600 5748 777 5815 Neque
805 5750 967 5801 fuisse
999 5751 1274 5803 adnuitatn
1299 5756 1464 5805 verbo
1493 5757 1558 5803 ab
1597 5762 1749 5802 :clur-

204 5835 290 5879 tiu.
319 5832 418 5871 nec
449 5815 678 5870 futuram
707 5820 1080 5885 aduniendmn,
1108 5834 1162 5874 ut
1197 5822 1378 5874 statim
1405 5824 1460 5872 ἐν
1484 5825 1591 5883 τοῖς
1617 5820 1740 5887 μέλι

1871 4648 1890 4681 ι
1937 4629 2201 4683 invisibile
2237 4628 2629 4683 manifestetur.
2658 4647 2676 4680 ›
2714 4630 2826 4682 Non
2866 4629 2951 4681 hic
3001 4630 3250 4698 intelligit
3285 4630 3426 4681 Mar-

1866 4722 2061 4785 celius,
2097 4721 2238 4789 quod
2283 4722 2326 4774 si
2369 4723 2440 4775 sit
2482 4736 2706 4775 necesse
2737 4736 2955 4776 carnem
2993 4721 3278 4789 imaginem
3314 4722 3433 4774 ﬁeri

1869 4813 2004 4878 Del,
2049 4826 2244 4865 carnes
2294 4821 2349 4866 et
2391 4827 2620 4881 carpora
2666 4814 2945 4865 hominum
3002 4812 3331 4881 singulorum
3377 4823 3430 4865 et

1867 4916 2143 4970 personat,
2197 4902 2459 4972 imagines
2503 4902 2753 4956 dicantur
2809 4915 2928 4954 esse
2969 4901 3085 4958 Dei.
3130 4901 3203 4954 Ita
3245 4913 3297 4952 ut
3337 4918 3436 4970 per

1865 4995 2214 5061 semetipsum
2263 4994 2537 5062 singulare
2581 4992 2714 5046 nihil
2761 4993 2958 5046 habeat
2999 4993 3276 5047 Servatur.
3325 4995 3434 5046 Iste

1863 5098 2012 5150 vero,
2047 5094 2301 5152 tanquam
2340 5084 2540 5140 oblitus
2569 5099 2753 5138 eormn
2791 5098 2910 5152 qua:
2933 5085 3186 5153 deinceps
3213 5085 3278 5138 de
3310 5100 3428 5137 car-

1863 5188 1930 5227 ne
1969 5177 2241 5229 mandavit
2279 5176 2496 5239 litteris,
2525 5192 2646 5230 cum
2678 5191 2744 5229 ex
2775 5175 3098 5228 auctoritate
3131 5177 3426 5243 apostolica

1868 5268 2010 5322 scivi
2047 5269 2274 5322 formam
2310 5270 2454 5324 illam
2482 5267 2836 5329 nominasset,
2868 5280 2964 5320 nec
3003 5265 3205 5321 idcirco
3235 5268 3428 5320 uuieu-

1859 5541 2039 5592 λουσιν
2065 5540 2245 5593 αἰῶσι.
2270 5539 2366 5594 Ubi
2393 5539 2528 5592 forte
2547 5538 2854 5604 legendum,
2882 5549 2934 5591 et
2964 5540 3426 5607 distinguendum.

1856 5608 1992 5662 εἶναι
2024 5610 2077 5661 δὲ
2103 5611 2283 5661 εἰκόνα
2304 5611 2396 5662 τοῦ
2425 5608 2827 5680 ἁοράτουΫΘεοῦ
2859 5609 2955 5679 τὴν
2985 5613 3178 5680 σάρκα,
3213 5609 3303 5680 ἐπί
3333 5612 3430 5665 τοῦ

1856 5683 2120 5750 παρόντος
2144 5681 2528 5749 διισχυρίζεται
2562 5679 3055 5748 διαϐεϐαιούμενος.
3091 5679 3158 5731 Μ.
3188 5707 3252 5717 --
3276 5679 3424 5750 Dein

1855 5747 2011 5821 vulgo
2039 5747 2174 5821 εἶναι
2199 5747 2432 5821 semp.
2454 5761 2506 5805 et
2532 5751 2884 5819 ἀποφατικῶς
2926 5761 2980 5805 et
3015 5751 3184 5802 ταῦτα
3233 5749 3297 5802 τὰ
3341 5751 3427 5805 ὲκ-

1853 5819 2011 5874 Θέντα
2037 5820 2112 5888 τῷ
2140 5819 2256 5887 Θεῴ
2289 5819 2462 5888 Λόγῳ.
