4106 6458
1328 437 1612 495 CONTRA
1646 435 2074 493 MARCELLUM
2113 436 2242 490 LIB.
2278 435 2345 491 ll.

3325 435 3428 492 810

222 577 243 614 ι
282 559 374 615 σία
402 557 466 612 οὗ
501 557 661 629 μόνον
685 557 790 608 τῶν
818 552 909 608 ἐπὶ
941 552 1064 624 γῆς,
1098 552 1266 625 αὐτῷ,
1296 554 1430 608 ἀλλὰ
1458 557 1553 610 καὶ
1577 556 1685 608 τῶν
1715 557 1773 610 ὲν

1884 573 1899 608 ι
1945 555 2012 610 de
2067 553 2286 623 Virgine
2339 553 2628 610 Dominum
2685 563 2934 610 nostrum
2980 564 3330 624 generatum.
3376 565 3436 616 et

223 670 244 706 ι
279 651 530 725 οὐρανοῖς
554 647 780 702 δέδοται.
827 645 934 700 Kal
979 641 1133 708 αὖθις
1175 645 1292 715 μεθ’
1333 646 1496 717 ἕτερα
1537 647 1732 716 ἐπάγει
1757 665 1772 680 ·

223 755 245 792 ι
277 738 341 794 EI
375 737 486 808 γάρ
512 736 639 806 περί
667 751 811 798 τινος
838 735 993 807 δόξης
1037 735 1282 806 δοθείσης
1321 737 1468 808 αὐτῷ
1496 737 1644 810 παρὰ
1680 737 1775 792 τοῦ

223 849 244 885 ι
277 831 489 904 Πατρδς
530 828 591 882 τὸ
621 829 764 899 ἱερὸν
805 827 1132 897 Εὐαγγίλιον
1179 827 1347 896 λέγει,
1393 828 1594 900 ταύτην
1620 832 1648 883 6
1677 830 1774 883 άν-

224 938 246 975 t
279 921 492 993 θρωπος
521 917 608 972 διά
631 917 726 970 τοῦ
752 917 922 986 Λόγου
963 915 1196 986 εἰληφὼς
1228 916 1499 985 φαίνεται.
1536 917 1777 988 Μεσίτης

225 1029 244 1065 ι
278 1010 386 1080 γάρ
422 1008 728 1078 γενόμενος,
759 1005 898 1060 κατά
939 1005 1030 1060 τὸν
1065 1001 1206 1076 ἱερὸν
1263 1005 1599 1071 ’Δπόστολον,
1641 1005 1775 1060 Θεοῦ

225 1116 245 1153 ι
283 1115 342 1153 τε
371 1098 464 1152 καὶ
492 1093 812 1167 ἀνθρώπων,
843 1098 907 1166 τῇ
939 1095 1149 1163 δοθείσῃ
1187 1094 1336 1164 αὑτῷ
1367 1096 1517 1162 παρὰ
1542 1093 1636 1147 τοῦ
1665 1095 1777 1148 Πα-

225 1207 245 1241 ι
281 1187 408 1260 τρδς
451 1187 740 1259 δόξῃετοὺς
785 1184 1050 1248 θεοσεϐεῖς
1086 1184 1332 1250 ἐδόξασεν
1377 1183 1711 1256 ἀνθρώπους.
1750 1201 1770 1236 ι

218 1280 327 1334 Kal
357 1277 515 1332 πάλιν
558 1275 878 1348 προστίθησι
917 1275 1103 1330 ταῦτα’
1139 1294 1157 1326 ι
1197 1277 1305 1329 Kal
1332 1275 1529 1346 ⁴ι’γξίωσε
1559 1278 1650 1329 τὸν
1682 1293 1777 1328 πε-

224 1389 243 1423 ι
283 1370 441 1424 σόντα
465 1370 554 1423 διά
576 1370 679 1439 τῆς
719 1369 1000 1439 παρακοῆς
1025 1367 1306 1437 ἄνθρωπον
1343 1368 1422 1438 τῷ
1460 1369 1651 1422 ἑαυτοῦ
1689 1369 1776 1422 διὰ

225 1480 245 1516 ι
273 1464 371 1534 τῆς
399 1462 676 1534 Παρθένου
711 1460 1040 1531 συνοφθῆναι
1069 1460 1242 1529 Λόγῳ.
1279 1462 1409 1514 Ποία
1440 1461 1547 1532 γάρ
1580 1464 1637 1515 έν
1679 1462 1776 1514 άν-

223 1569 245 1604 t
284 1551 520 1624 θρώποις
565 1551 731 1621 ἑτέρα
764 1548 960 1620 μείζων
986 1549 1112 1614 δόξα
1155 1549 1346 1617 γένοιτ’
1377 1549 1442 1603 ἂν
1486 1551 1584 1621 τῆς
1621 1549 1775 1620 δόξης

224 1661 244 1696 ι
279 1643 517 1714 ταύτηςς
547 1641 732 1696 Εἰπὼν
753 1642 831 1706 δὲ,
858 1642 957 1705 ὅτι,
989 1641 1250 1706 ἐδόξασά
1274 1650 1366 1708 σε,
1399 1643 1647 1714 ἐπιφέρει
1686 1643 1775 1696 λέ-

223 1753 244 1789 t
278 1751 388 1805 γων
408 1753 422 1764 ·
449 1735 546 1790 καὶ
571 1733 762 1788 δήλων
783 1733 1039 1801 δοξάσω,
1068 1735 1153 1788 ἵνα
1177 1736 1242 1788 δι’
1273 1735 1573 1807 ὑπερϐολὴν
1597 1735 1777 1805 φιλαν-

224 1843 244 1879 ι
280 1827 542 1899 θρωπίας,
585 1828 646 1879 έν
682 1830 746 1897 τῇ
794 1826 930 1896 μετά
961 1827 1059 1896 τὴν
1103 1827 1394 1880 ἀνάστασιν
1439 1829 1536 1899 τῆς
1575 1827 1776 1898 σαρκὸς

1881 662 1901 696 ι
1949 643 2207 711 deinceps
2245 653 2420 698 ortum
2465 642 2631 697 fuisse
2678 643 2959 699 luciferum
2987 643 3079 713 qui
3108 644 3252 699 diem
3292 647 3436 704 indi-

1880 754 1901 789 ι
1945 744 2094 790 caret
2153 734 2256 807 [Β.
2293 723 2500 808 XCIV].
2531 753 2552 788 ι
2597 733 2920 805 Progressus
2976 735 3154 790 adhuc
3203 737 3435 799 ulterius

1875 825 1980 880 ista
2031 825 2314 894 loquitur:
2349 843 2369 876 ι
2403 824 2652 896 Suscepit
2697 828 2842 880 enim
2884 828 3045 883 homo
3089 845 3196 885 non
3256 831 3434 890 solum

1879 933 1901 969 ι
1943 925 2262 987 potestatem
2309 930 2488 970 rerum
2531 931 2718 971 earum
2765 931 2883 984 qua:
2925 916 2978 970 in
3019 928 3160 974 terra
3193 919 3431 990 fuerant,

1880 1025 1900 1059 ι
1944 1007 2039 1062 sed
2074 1017 2130 1063 et
2166 1007 2330 1062 etiam
2361 1021 2482 1076 quae
2519 1007 2572 1060 in
2614 1005 2787 1062 caelis.
2814 1005 2923 1062 Nec
2969 1007 3186 1076 injuria.
3218 1009 3354 1067 Nam
3385 1010 3436 1069 II

1880 1115 1901 1152 ι
1946 1109 2058 1154 tum
2107 1114 2227 1154 cum
2291 1099 2452 1154 homo
2510 1099 2684 1165 ﬁeret,
2733 1107 2791 1153 et
2830 1101 2923 1154 Dei
2968 1103 3234 1157 mediator
3271 1113 3438 1174 atque

1880 1207 1902 1242 ι
1947 1188 2250 1253 hominum,
2277 1204 2372 1258 per
2401 1203 2522 1242 eum
2554 1198 2608 1243 et
2649 1189 2702 1243 in
2735 1203 2801 1243 eo
2830 1192 3010 1244 omnia
3039 1205 3221 1248 creata
3253 1203 3435 1260 erant,

1881 1295 1901 1331 ι
1946 1289 2004 1331 ιιι
2029 1279 2224 1333 asserit
2259 1278 2546 1346 Apostolus
2569 1319 2586 1340 ,
2617 1294 2844 1348 quasque
2886 1280 2940 1334 in
2973 1282 3126 1338 cmlis
3170 1292 3346 1347 erant,
3381 1295 3438 1340 et

1882 1387 1902 1421 ι
1945 1384 2066 1437 qua:
2101 1369 2152 1422 in
2185 1378 2327 1422 terra
2351 1369 2418 1434 “,
2448 1383 2789 1439 consequens
2826 1382 2908 1425 est
2939 1381 3132 1427 exacte
3155 1374 3437 1429 sciendum

1882 1477 1902 1512 ι
1945 1475 2086 1525 esse,
2141 1468 2464 1529 potestatem
2503 1461 2553 1516 ei
2601 1476 2918 1517 concessam
2953 1477 3056 1517 non
3105 1474 3309 1519 tantum
3345 1479 3439 1520 eo-

1883 1568 1902 1602 ι
1944 1567 2060 1606 rum
2091 1566 2210 1622 quae
2265 1554 2316 1606 in
2363 1555 2544 1617 terris,
2597 1553 2693 1608 sed
2731 1556 2891 1607 etiam
2928 1562 2982 1608 et
3024 1569 3144 1624 quae
3173 1556 3228 1610 in
3284 1556 3440 1612 ctelis

1882 1661 1901 1696 ι
1948 1651 2124 1697 erant.
2183 1644 2240 1698 Si
2299 1643 2539 1713 loquitur
2621 1655 3024 1700 sacrosanctum
3085 1646 3436 1719 Evangelium

1880 1749 1900 1782 ι
1947 1732 2013 1786 de
2063 1731 2240 1800 aliqua
2290 1731 2363 1784 illi
2419 1746 2446 1785 a
2490 1729 2655 1787 Patre
2707 1747 2964 1788 concessa
3015 1735 3230 1806 gloria,
3293 1738 3441 1792 hanc

1883 1841 1901 1873 ι
1944 1832 2093 1877 certe
2159 1839 2254 1891 per
2306 1822 2474 1876 Deum
2528 1823 2689 1878 homo
2741 1826 3077 1881 convincitur
3141 1829 3438 1900 accepisse.

223 1935 242 1969 ι
277 1891 501 1988 δευτέρᾳ
522 1915 648 1989 δόξῃ
689 1891 777 1970 τόν
794 1891 1070 1987 πρότερον
1102 1916 1293 1986 θνητὸν
1336 1891 1619 1988 ἄνθρωπον
1646 1891 1778 1970 ἀθά-

1884 1932 1902 1965 ι
1949 1914 2146 1968 Factus
2193 1914 2459 1982 siquidem
2487 1952 2505 1979 ,
2568 1923 2628 1969 ut
2677 1926 2900 1979 sanctus
2943 1918 3059 1971 vult
3123 1891 3444 1989 Apostolus,

223 2025 242 2059 ι
279 2024 436 2062 νατον
451 2007 849 2078 ἀπεργάσηται,
866 2008 958 2060 καὶ
979 2007 1213 2080 τοσαύτῃ
1235 2008 1392 2062 αὑτὸν
1413 2007 1607 2079 δοξάσῃ
1631 2007 1776 2080 δόξῃ,

221 2115 241 2150 ι
283 2095 422 2150 ὥστε
461 2097 535 2167 μὴ
569 2098 724 2168 μόνον
758 2099 917 2151 αὑτὸν
948 2099 1048 2168 τῆς
1081 2099 1352 2169 προτέρας
1397 2098 1778 2170 ἀπαλλαγῆναι

223 2203 243 2238 ι
279 2187 541 2250 δουλείας,
571 2187 702 2240 ἀλλά
732 2188 826 2241 καὶ
860 2190 958 2259 τῆς
991 2190 1132 2262 ὑπὲρ
1163 2189 1444 2260 ἄνθρωπον
1482 2190 1778 2259 ἀξιωθῆναι

223 2296 242 2330 ι
279 2278 455 2350 δόξης.
494 2297 512 2330 ι
550 2280 658 2332 Kal
690 2275 844 2344 αὖθις
869 2281 1128 2350 ὲπιλέγει’
1166 2300 1186 2334 ι
1214 2285 1349 2348 Ἵνα,
1378 2283 1452 2346 ὡς
1478 2283 1634 2356 ἔφην,
1675 2283 1781 2337 ὑπὸ

225 2384 245 2420 ι
281 2367 375 2422 τοῦ
405 2368 650 2423 διαϐόλου
679 2371 1027 2442 ἀπατηθέντα
1059 2372 1320 2444 πρότερον
1355 2372 1446 2428 τὸν
1473 2375 1777 2446 ἄνθρωπον,

226 2478 245 2511 ι
281 2459 446 2515 αὐτὸν
465 2457 621 2526 αὖθις
643 2467 860 2534 νικῆσαι
884 2464 973 2518 τὸν
996 2464 1236 2520 διάϐολον
1258 2467 1667 2540 παρασκευάσῃ.
1681 2467 1781 2522 Διὰ

227 2567 246 2602 ι
279 2549 438 2604 τοῦτο
455 2551 710 2624 ἀνείληφε
727 2555 822 2606 τὸν
851 2555 946 2608 άνθ
955 2573 1155 2626 ρωπον,
1171 2557 1258 2610 ἵνα
1277 2556 1580 2622 ἀκολούθως
1592 2558 1781 2614 τοῦτον

225 2661 248 2695 ι
284 2643 536 2716 ἀπαρχὴν
559 2646 658 2716 τῆς
684 2645 928 2710 ἐξουσίας
950 2647 1280 2718 παραλαϐεῖν
1310 2649 1719 2723 παρασκευάσῃ.
1753 2667 1774 2704 ι

221 2733 332 2786 Kal
355 2734 706 2805 προστίθησιν
735 2735 812 2788 ἔτι
843 2736 1034 2805 λέγων·
1066 2754 1084 2788 ι
1114 2733 1279 2802 Οὗτος
1303 2738 1411 2809 γάρ
1437 2740 1582 2792 ἐστιν
1604 2740 1632 2791 6
1652 2741 1783 2809 ἀγα-

227 2843 248 2876 ι
283 2824 452 2895 πητὺς
472 2863 487 2889 ,
529 2827 559 2879 6
591 2825 670 2896 τῷ
700 2827 855 2898 Λόγῳ
887 2828 1104 2892 ἑνωθεὶς
1137 2828 1439 2900 ἄνθρωπος,
1485 2831 1613 2902 περὶ
1649 2825 1710 2887 οὗ
1751 2833 1780 2885 6

228 2934 249 2968 ι
288 2915 674 2988 εὐαγγελιστὴς
712 2917 848 2989 ἔφη’
900 2916 1085 2986 Οὗτός
1129 2921 1299 2974 ἐστιν
1345 2925 1378 2974 ό
1427 2923 1558 2985 Υἱός
1596 2938 1714 2990 μου
1748 2924 1782 2975 d

227 3027 249 3061 ι
285 3009 608 3079 ἀγαπητὸς,
629 3010 698 3063 ὲν
726 3003 774 3076 ᾧ
799 3009 1120 3078 εὐδόκησα.
1151 3030 1170 3063 ι
1192 3012 1300 3065 Καὶ
1327 3009 1480 3076 αὖθις
1511 3013 1778 3083 ἐπιφέρει·

228 3111 251 3147 ι
287 3094 408 3149 Ὀτι
439 3098 468 3149 6
489 3096 657 3165 Λόγος
685 3097 776 3150 τοῦ
808 3098 1038 3169 ἀοράτου
1066 3098 1200 3154 Θεοῦ
1246 3099 1332 3154 διὰ
1366 3100 1639 3172 Παρθένου
1668 3102 1779 3172 (77)

1883 2023 1903 2058 ι
1949 2003 2044 2058 Dei
2079 2005 2345 2058 mediator
2395 2012 2559 2074 atque
2607 2005 2888 2060 hominum
2909 2006 2974 2070 ”,
3019 2007 3164 2062 viros
3208 2010 3326 2078 pios
3379 2025 3446 2066 ea

1884 2115 1902 2147 ι
1945 2096 2112 2165 gloria
2141 2093 2476 2164 gloriﬁcavit,
2513 2110 2675 2164 quam
2730 2097 2834 2165 ipsi
2878 2097 3175 2154 donaverat
3206 2099 3390 2156 Pater.
3418 2120 3440 2154 ι

1879 2187 1946 2242 Et
1977 2187 2127 2241 addit
2164 2201 2351 2241 rursus
2391 2185 2484 2259 [ιι.
2511 2185 2693 2260 XCVI]
2735 2205 2748 2242 :
2789 2206 2807 2240 ι
2838 2189 2902 2243 Et
2945 2189 3260 2259 dignitatem
3293 2191 3442 2246 illam

1883 2295 1903 2330 ι
1949 2277 2150 2332 homini
2201 2291 2300 2348 per
2352 2287 2634 2346 peccatum
2691 2279 2842 2349 lapso
2895 2280 3202 2343 concessit,
3245 2289 3306 2336 ut
3343 2296 3444 2336 suo

1885 2387 1904 2422 ι
1953 2370 2123 2438 ipsius
2149 2369 2326 2423 Verbo
2353 2383 2449 2438 per
2474 2367 2748 2438 Virginem
2781 2371 3046 2425 uniretur.
3083 2370 3267 2440 Ecqua
3293 2372 3442 2427 enim

1884 2478 1906 2514 ι
1948 2461 2052 2515 alia
2095 2462 2262 2515 hacce
2306 2459 2482 2530 major
2513 2459 2684 2528 gloria
2723 2461 2869 2515 inter
2898 2461 3148 2517 homines
3177 2463 3445 2532 praedica-

1885 2571 1906 2604 ι
1953 2552 2077 2607 turi
2100 2550 2234 2606 Cum
2271 2551 2498 2606 dixisset
2527 2550 2820 2622 gloriﬁcam‘
2839 2565 2908 2614 te,
2940 2550 3125 2617 lnlert,
3156 2561 3208 2606 et
3247 2554 3442 2606 item.

1886 2661 1906 2695 ι
1950 2643 2258 2714 gloriﬁcabo
2278 2642 2326 2674 “
2371 2651 2480 2698 :ut
2539 2657 2605 2698 ex
2661 2641 2924 2698 immensa
2983 2658 3080 2698 sua
3131 2644 3444 2699 misericor-

1887 2752 1907 2786 ι
1952 2735 2077 2802 dia,
2144 2735 2199 2790 in
2252 2736 2488 2789 secunda
2551 2741 2674 2804 post
2739 2734 2922 2789 carnis
2986 2733 3442 2789 resurrectionem

1887 2845 1906 2880 ι
1953 2827 2157 2896 gloria,
2239 2827 2517 2882 hominem
2596 2825 2747 2897 prius
2827 2824 3110 2879 mortalem
3190 2824 3446 2880 redderet

1886 2936 1905 2970 ι
1951 2917 2334 2985 immortalem,
2363 2928 2419 2973 et
2449 2927 2596 2973 tanta
2626 2917 2776 2972 illum
2803 2916 2972 2986 gloria
3005 2914 3358 2983 gloriﬁcaret,
3378 2919 3439 2978 ιιι

1888 3025 1908 3060 ι
1948 3017 2005 3062 ιιι
2023 3022 2127 3062 non
2145 3009 2303 3062 modo
2335 3009 2595 3062 servitute
2618 3007 2782 3078 priori
2810 3006 3069 3060 liberetur
3091 3045 3106 3068 ,
3132 3006 3224 3059 sed
3255 3003 3448 3076 majori

1885 3117 1906 3150 ι
1948 3097 2114 3169 gloria
2151 3099 2416 3152 vestiatur
2443 3112 2606 3168 quam
2641 3097 2821 3166 capiat
2850 3096 3031 3150 homo.
3053 3110 3073 3147 ο
3124 3094 3190 3148 Et
3222 3094 3445 3160 iterum,

229 3201 250 3236 ι
283 3183 640 3254 τεχθήσεσθαι
686 3185 897 3257 ἔμελλε,
930 3187 1022 3240 καὶ
1051 3186 1148 3259 τὴν
1185 3187 1529 3259 ἀνθρωπίνην
1577 3187 1779 3256 ἀναλή-

1884 3189 1973 3263 [ιι.
1995 3187 2230 3261 XCVII]:
2253 3207 2272 3240 ι
2295 3187 2362 3244 Ut
2384 3189 2653 3242 hominem
2669 3186 2816 3240 illum
2835 3187 2982 3256 prius
2997 3201 3026 3240 a
3049 3183 3263 3240 diabolo
3285 3197 3452 3252 supe-

229 3291 249 3325 ι
279 3273 472 3344 ψεσθαι
497 3275 694 3348 σάρκα.
724 3278 830 3330 Kal
857 3279 942 3332 ἵνα
963 3278 1212 3349 διἀὐτῆς
1241 3280 1333 3332 τὸν
1365 3279 1626 3350 πρότερον
1652 3296 1782 3332 κατ-

229 3381 250 3415 ι
291 3364 580 3434 ισχύσαντα
640 3366 730 3420 τοῦ
777 3367 1064 3439 ἀνθρώπου
1122 3368 1363 3422 διάϐολον
1413 3368 1782 3437 καταγωνισά-

227 3469 249 3506 t
287 3471 465 3525 μενος,
492 3456 566 3528 μὴ
598 3458 756 3526 μόνον
787 3458 1062 3530 ἄφθαρτον
1086 3458 1248 3513 αὑτὸν
1278 3460 1372 3513 καὶ
1403 3461 1666 3514 ἀθάνατον
1699 3476 1784 3528 γε·

228 3558 250 3595 ε
279 3543 462 3600 νέσθαι
496 3548 910 3622 παρασκευάσῃ,
940 3549 1075 3603 ἀλλά
1105 3549 1199 3604 καὶ
1230 3550 1515 3622 σύνθρονον
1540 3552 1596 3603 ὲν
1619 3550 1784 3623 obpa-

227 3649 248 3686 ι
290 3636 393 3698 vol;
424 3635 503 3707 τῷ
542 3636 679 3708 Θεῷ.
722 3657 742 3690 ι
795 3638 978 3694 Ταῦτα
1005 3639 1063 3694 δὲ
1094 3641 1269 3696 πάντα
1301 3642 1593 3709 ἀναγκαῖον
1649 3656 1784 3694 κατ-

225 3716 366 3793 ὖχειν
390 3725 447 3777 έν
476 3727 664 3798 μνήμῃ
681 3726 768 3781 διά
791 3727 859 3782 τά
888 3729 1145 3798 μέλλοντα
1179 3730 1268 3783 ὑπ’
1294 3730 1458 3784 αὐτοῦ
1482 3730 1590 3800 (78)
1621 3727 1786 3802 Map-

221 3813 411 3870 κέλλου
445 3819 586 3872 κατὰ
626 3820 724 3888 τῆς
769 3820 987 3891 σαρκὸς,
1024 3817 1092 3893 ἧς
1126 3821 1414 3892 ἀνείληφεν
1443 3824 1470 3874 6
1508 3819 1602 3874 τοῦ
1646 3819 1780 3880 Θεοῦ

221 3905 412 3974 Λόγος,
451 3907 836 3979 προφέρεσθαι.
900 3911 985 3972 Ὠς
1016 3910 1122 3980 γάρ
1161 3912 1545 3982 άμνημονήσας
1579 3914 1783 3967 τούτων

223 3997 476 4052 ἁπάντων
501 3993 579 4053 ὦν
623 3999 854 4066 ἐξέθετο,
892 4001 1043 4066 τέλος
1073 4004 1172 4056 οὐκ
1210 4004 1382 4057 αἶσιον
1425 4005 1530 4058 οὐδ’
1564 4006 1783 4070 εὐσεϐὲς

223 4087 417 4157 ἐπάγει
456 4089 536 4160 τῷ
575 4092 827 4161 σωτηρίῳ
863 4091 1089 4163 σώματι.
1131 4094 1275 4164 Πρὸς
1316 4095 1523 4159 τούτοις
1557 4097 1778 4160 ἅπασιν,

222 4178 410 4251 ὥσπερ
441 4183 548 4236 τῶν
594 4183 873 4254 προτέρων
922 4185 1069 4255 αὑτῷ
1104 4187 1562 4258 κατωρθωμένων,
1596 4190 1784 4260 πειρᾶ-

221 4283 314 4328 ται
335 4270 602 4326 δεικνύναι
637 4273 733 4326 καὶ
759 4273 839 4336 τὸ,
871 4277 904 4327 ό
933 4277 1144 4343 Κύριος
1173 4277 1584 4341 ἐϐασίλευσεν,
1603 4280 1785 4349 ἀγαλ-

221 4363 448 4417 λιᾶσθω
474 4363 512 4431 ὴ
551 4362 649 4433 τῆ,
683 4367 761 4428 εἰς
788 4365 885 4436 τὴν
924 4368 1098 4439 σάρκα
1123 4370 1502 4440 ἀναφέρεσθαι.
1534 4370 1695 4439 Λέγει
1726 4371 1784 4426 δδ

222 4452 413 4516 οὕτως·
449 4474 468 4506 ι
512 4456 569 4508 ’0
600 4455 731 4524 γοῦν
777 4459 1036 4522 καταϐάς,
1085 4460 1176 4512 καὶ
1215 4462 1312 4531 τὴν
1345 4461 1522 4531 σάρκα
1557 4460 1644 4514 διὰ
1685 4461 1783 4533 τῆς

1886 3299 1906 3335 ι
1953 3292 2151 3346 ratum,
2205 3280 2467 3335 victorem
2496 3278 2699 3334 diaboli
2738 3277 3113 3332 constitueret.
3159 3274 3444 3330 Hominem

1887 3394 1906 3427 ι
1951 3373 2154 3430 idcirco
2179 3376 2233 3426 in
2270 3386 2328 3426 se
2353 3370 2680 3441 assumpsit,
2707 3379 2768 3424 ut
2789 3369 2928 3439 quod
2959 3381 3297 3436 consequens
3320 3364 3445 3430 fuit,

1885 3482 1906 3518 ι
1949 3465 2074 3519 huic
2107 3463 2377 3534 primitias
2413 3461 2696 3531 potestatis
2729 3474 2839 3514 suae
2865 3459 3185 3527 impertiret.
3209 3476 3228 3509 ι
3262 3456 3327 3510 Ει
3353 3471 3452 3510 an-

1879 3555 2046 3615 nectit
2066 3553 2154 3627 [R.
2173 3551 2395 3625 XXXV]
2415 3571 2427 3606 :
2451 3569 2472 3604 ι
2495 3550 2594 3608 llic
2607 3559 2694 3606 est
2709 3551 2796 3605 ille
2813 3549 3058 3614 dilectus,
3079 3549 3236 3603 homo
3254 3563 3450 3617 nempe

1885 3664 1906 3699 ι
1954 3643 2132 3700 Verbo
2176 3644 2431 3697 adunitus
2461 3660 2474 3696 :
2503 3643 2569 3698 de
2613 3656 2720 3711 quo
2760 3641 2999 3710 loquitur
3050 3638 3382 3708 evangelista
3430 3653 3446 3674 ο

1887 3755 1907 3790 ι
1952 3737 2050 3792 Hic
2075 3746 2156 3790 est
2186 3735 2356 3790 Filius
2389 3749 2540 3788 meus
2575 3734 2804 3789 dilectus
2836 3733 2888 3787 in
2919 3747 3026 3802 quo
3060 3733 3385 3800 complacui.
3421 3749 3444 3784 r

1884 3825 2240 3900 Adiungit[ﬂ.
2271 3823 2532 3897 XCVIII]:
2559 3844 2577 3877 ι
2603 3825 2753 3893 Quod
2781 3823 3013 3880 Verbum
3042 3822 3324 3878 invisibilis
3352 3821 3450 3877 Dei

1887 3935 1906 3968 ι
1952 3916 2042 3986 qui
2076 3917 2196 3982 fuit,
2221 3931 2317 3985 per
2354 3913 2630 3984 Virginem
2669 3923 2787 3968 erat
2822 3914 3160 3978 nasciturus,
3207 3921 3264 3965 et
3292 3925 3442 3965 sum¢

1887 4025 1906 4060 ι
1948 4017 2138 4074 pturus
2185 4008 2476 4062 humanam
2535 4022 2795 4070 carnem,
2852 4014 2908 4058 et
2961 4004 3014 4058 in
3067 4002 3154 4057 illa
3179 4001 3448 4057 diabolum

1888 4113 1907 4150 ι
1953 4097 2320 4174 debellaturus
2363 4098 2454 4168 qui
2500 4097 2629 4152 olim
2683 4096 3038 4166 pravaluernt
3075 4112 3088 4150 :
3123 4110 3228 4149 non
3279 4095 3332 4149 in
3371 4108 3453 4150 .eo

1887 4206 1907 4239 ι
1953 4197 2156 4242 tantum
2198 4190 2338 4258 quod
2387 4188 2534 4241 illum
2567 4188 2876 4242 redditurus
2917 4183 3018 4239 fuit
3067 4183 3454 4254 incorruptibi-

1888 4298 1909 4334 ι
1955 4279 2056 4334 lem
2103 4288 2158 4332 et
2190 4278 2574 4343 immortalem,
2617 4279 2711 4332 sed
2765 4277 2954 4332 eodem
3003 4274 3141 4330 solio
3197 4275 3251 4328 in
3297 4274 3454 4330 caelis

1885 4387 1909 4423 ι
1951 4385 2072 4425 cum
2110 4370 2220 4425 Deo
2248 4384 2652 4424 consessurum.
2687 4387 2706 4421 ι
2755 4366 2893 4422 Sunt
2926 4367 3032 4422 ista
3074 4367 3299 4421 omnino
3335 4379 3453 4420 me-

1883 4463 2052 4516 moria
2098 4462 2397 4523 retinenda,
2447 4470 2665 4530 propter
2695 4459 2787 4512 illa
2816 4472 2935 4528 quae
2971 4457 3230 4526 producet
3266 4455 3453 4510 statim

229 4561 250 4596 ι
285 4545 564 4618 Παρθένου
587 4546 924 4619 προσλαϐὼν,
959 4551 1263 4620 κατεστάθη
1285 4551 1534 4622 βασιλεὺς
1568 4551 1660 4605 ἐπὶ
1686 4551 1780 4624 τὴν

1887 4554 2113 4622 ipsemet
2168 4552 2498 4618 Marcellus,
2553 4563 2742 4607 contra
2801 4566 3020 4607 carnem
3079 4549 3226 4604 illaut
3287 4562 3452 4618 quam

231 4652 250 4686 ι
299 4635 641 4706 Ἐκκλησίαν,
666 4636 924 4706 δηλονότι,
953 4639 1038 4692 ἴνα
1067 4637 1156 4691 διά
1179 4640 1273 4693 τοῦ
1305 4642 1477 4710 Λόγου
1506 4643 1535 4693 6
1559 4643 1657 4712 τῆς
1687 4641 1781 4712 βα-

231 4742 252 4778 ι
289 4726 492 4789 σιλείας
531 4725 640 4778 τῶν
675 4725 919 4796 οὐρανῶν
966 4728 1230 4798 πρότερον
1277 4732 1644 4797 ὲκπεπτωκὼς
1690 4733 1782 4787 ἂν·-

232 4832 254 4869 ι
289 4814 505 4886 θρωπος
537 4815 817 4886 βασιλείας
858 4817 1056 4890 δυνηθῇ
1091 4823 1294 4890 τυχεῖν.
1339 4822 1536 4877 Τοῦτον
1575 4821 1665 4878 οὖν
1694 4823 1782 4878 τὸν

233 4921 254 4959 ι
284 4905 564 4977 ἄνθρωπον
588 4905 681 4960 τὸν
709 4909 990 4979 πρότερον,
1015 4909 1100 4963 διὰ
1127 4911 1222 4981 τὴν
1251 4913 1526 4985 παρακοὴν
1555 4914 1654 4984 τῆς
1689 4916 1784 4985 βα-

235 5011 253 5046 ι
293 4995 495 5059 σιλείας
539 4998 948 5062 ἐκπεπτωκότα,
998 4999 1199 5069 Κύριον
1236 5002 1328 5055 καὶ
1364 5000 1494 5054 Θεὸν
1531 5004 1780 5070 γενέσθαι

235 5103 254 5136 ι
291 5085 608 5157 βουλόμενος
633 5089 662 5139 6
699 5086 849 5149 Θεὸς,
889 5087 1090 5159 ταύτην
1131 5089 1229 5158 τὴν
1271 5091 1578 5161 οίκονομίαν
1607 5095 1785 5164 εἰργά-

235 5194 254 5228 ι
293 5193 440 5231 σατο.
486 5177 547 5231 '0
576 5171 669 5230 οὖν
699 5176 995 5244 άγιώτατος
1022 5181 1304 5250 προφήτης
1329 5181 1488 5234 Δαυῖδ
1516 5201 1781 5255 προφητι-

1886 4643 2174 4712 assumpsit
2202 4643 2294 4697 Dei
2333 4642 2592 4698 Verbum.
2627 4641 2804 4697 Veluti
2831 4643 2974 4696 enlm
3000 4641 3198 4696 oblitus
3221 4641 3451 4695 istorum

1886 4735 2122 4787 omnium
2146 4747 2265 4804 qua
2291 4733 2544 4799 adduxit,
2576 4734 2736 4790 linem
2776 4734 3000 4788 minime
3027 4741 3453 4789 consentaneum

1886 4822 2096 4892 pietati,
2162 4832 2218 4878 et
2270 4822 2563 4878 infaustum
2613 4823 2748 4879 satis
2803 4823 3017 4892 corpori
3080 4821 3456 4893 superinducit

1899 4913 2232 4969 Servatoris.
2293 4912 2442 4968 Ultra
2496 4915 2600 4968 ista
2669 4915 2882 4984 quidem
2933 4914 3140 4977 omnia,
3198 4922 3454 4979 tanquam

1886 5013 2033 5058 recte
2063 5007 2446 5070 successerint,
2482 5014 2534 5059 et
2563 5020 2629 5061 ex
2657 5007 2836 5060 animo
2857 5008 3138 5076 superiora
3166 5042 3182 5067 ,
3226 5012 3457 5057 conatur

1887 5097 2193 5159 ostendere.
2222 5105 2277 5151 et
2306 5097 2453 5151 illum
2492 5097 2653 5151 etiam
2688 5105 2923 5160 textum,
2968 5095 3223 5166 Regnavit
3267 5090 3457 5146 Donato

1890 5201 2011 5250 nua,
2049 5185 2270 5240 exsultet
2297 5197 2439 5240 terra
2475 5189 2543 5252 ”,
2584 5191 2648 5242 de
2675 5200 2839 5242 carne
2876 5186 3309 5258 intelligendum.
3364 5185 3458 5239 Ait

303 5366 362 5425 ›Ῑ‹
391 5360 486 5418 Ed.
515 5359 687 5417 Paris.
721 5377 839 5432 pag.
865 5362 952 5418 69.
1023 5364 1068 5394 “
1092 5361 1298 5417 Coloss.
1314 5379 1367 5433 ι,
1399 5362 1483 5417 I6.
1561 5361 1608 5394 ³³
1631 5362 1650 5417 I
1673 5360 1780 5416 Tim

1888 5399 1902 5427 ,
1931 5362 1982 5419 5.
2059 5359 2274 5416 “Joan.
2306 5376 2401 5427 xu,
2433 5359 2524 5418 28.
2597 5363 2642 5393 ⁸⁸
2674 5359 2816 5415 Psal.
2851 5375 2991 5425 και,
3029 5359 3081 5415 I.

299 5560 410 5702 ργ)
433 5559 606 5627 Vulgo
627 5563 724 5630 τῆς
750 5562 924 5634 Παρθ.

326 5631 415 5702 78)
443 5629 760 5682 Μέλλοντα
785 5633 884 5685 ὑπ’
914 5654 924 5685 ι

1901 5557 2142 5622 homine,
2163 5559 2372 5623 delirat,
2400 5575 2521 5612 eum
2541 5558 2678 5613 ultra
2695 5574 2880 5613 omnes
2895 5559 3159 5622 homines,
3177 5567 3296 5625 post
3325 5572 3455 5613 συνο

326 5628 415 5696 ’18)
443 5628 760 5682 Μέλλοκτα
785 5628 884 5685 θέτ’
914 5630 1120 5686 αὑτοῦ.
1149 5628 1401 5695 Omnino,
1435 5640 1492 5683 ut
1529 5629 1780 5684 Eusebiut

1899 5628 2561 5698 celatavexinauiendum.
2595 5633 2732 5698 quod
2772 5629 2921 5693 τέλος
2956 5630 3055 5682 οὐκ
3085 5630 3258 5681 αἶσιον
3304 5639 3458 5698 recte

233 5698 332 5763 ait,
368 5699 482 5754 haec
514 5709 638 5751 sunt
669 5702 1019 5767 observanda.
1056 5699 1189 5752 Nam
1239 5700 1556 5767 stupendum
1593 5702 1643 5752 in
1680 5714 1790 5752 nio-

236 5783 349 5825 rcm
377 5768 633 5822 insanivit
663 5766 964 5832 Marcellus,
986 5771 1030 5823 si
1056 5785 1180 5822 vera
1217 5766 1370 5821 nobis
1397 5768 1464 5819 de
1494 5767 1584 5822 illo
1610 5767 1790 5821 retulit

237 5838 598 5894 adversarius.
633 5835 764 5889 Nam
801 5837 867 5892 de
889 5839 1085 5892 Christi
1121 5852 1309 5904 carne,
1338 5837 1440 5891 hoc
1461 5847 1542 5892 est
1571 5837 1789 5892 Christo

475 5931 749 5991 ΡΑτιιοι.
799 5930 915 5992 Gn.
980 5930 1202 5993 XXIV.

1900 5696 2372 5769 vocat.M.—lnlra
2403 5702 2558 5767 vulgo
2579 5696 2780 5769 ταύτην
2793 5703 2981 5763 οίκον.,
3001 5698 3234 5765 ιιιλέγει,
3251 5696 3458 5769 Κύριος

1895 5764 2071 5832 Mam;
2093 5769 2216 5824 dein
2245 5764 2706 5842 λαϐόντοξχρόνου
2725 5764 2867 5824 τοῦδ.
2897 5770 2961 5826 Β.

3058 5935 3137 5993 96
