4106 6420
722 382 816 440 nl
1375 375 1635 432 EUSEBII
1671 370 2139 431 CESABIENSIS
2176 366 2287 426 ορι

2364 353 2534 425 tiaris
2571 364 2661 424 tv.
2699 397 2769 408 —
2799 364 3221 424 DOGIIATICA.
3813 362 3908 421 ιιι

730 512 905 556 autem
924 499 1012 572 [IL
1040 495 1258 568 XCIX]:
1296 514 1313 548 ι
1338 496 1438 562 Qui
1468 494 1776 560 descendit,
1807 493 1924 548 ideo
1956 501 2012 547 et
2042 504 2259 547 carnem

2365 507 2386 541 ι
2426 488 2535 551 κῶς
2553 488 2720 551 λέγει,
2774 487 2826 539 Ὀ
2852 486 3063 554 Κύριος
3097 482 3507 550 ἐϐασίλευσεν,
3534 483 3911 552 ἆτιιλλιόσθω

730 608 751 641 ι
798 587 1081 656 assumpsit
1116 588 1182 641 de
1223 584 1437 653 Virgine
1460 622 1475 647 ,
1516 597 1605 637 res
1635 592 1717 636 est
1744 581 2070 637 constitutus
2104 594 2260 647 super

2365 597 2383 629 ι
2424 578 2463 643 ἠ
2494 576 2588 646 γῆ.
2628 594 2646 627 ι
2685 576 2789 629 Καὶ
2816 576 2930 646 μεθ’
2958 576 3117 645 ἔτερα
3144 574 3423 645 έπιφέρειο
3465 592 3484 624 ι
3526 574 3607 625 Δι’
3640 574 3707 643 ἢν
3742 572 3908 625 αἰτίαν

730 696 749 729 ι
788 675 1097 739 Ecclesiam,
1128 686 1317 741 nempe
1347 673 1397 724 in
1429 685 1549 725 eum
1586 668 1767 731 tinem,
1809 679 1866 720 ut
1898 668 1977 721 sic
2010 682 2104 735 per
2135 666 2263 720 Ver-

2365 686 2383 719 ι
2421 668 2606 739 ὥσπερ
2636 667 2807 738 ἀρχὴν
2841 666 3109 737 βασιλείας
3141 663 3247 720 ἀπό
3273 682 3415 729 τινος
3441 662 3693 728 λαϐόντος
3722 663 3905 733 χρόνον

729 785 749 819 ι
796 767 939 831 bum,
975 764 1135 818 homo
1172 762 1258 831 qui
1295 761 1441 829 prius
1465 758 1721 813 cmlorum
1764 770 1933 825 regno
1964 754 2258 818 exciderat,

2367 778 2385 813 ι
2424 759 2516 813 τοῦ
2542 759 2798 812 δεσπότου
2845 758 3001 829 ἡμῶν
3032 755 3286 827 Χριστοῦ,
3319 757 3352 824 ἡ
3396 755 3703 826 προφητεία
3729 755 3904 823 φησίν·

726 873 747 909 ι
794 867 1016 923 regnum
1073 851 1202 906 illud
1257 850 1431 903 denuo
1484 854 1918 914 consequeretur.
1983 843 2261 898 Hominem

2367 866 2385 899 ι
2431 847 2574 917 Ἐγὼ
2594 846 2662 900 δὲ
2689 847 3058 915 κατεστάθην
3070 846 3368 911 ,βασιλεὺς
3390 848 3491 901 ὑπ’
3514 845 3719 900 αὑτοῦ.
3758 863 3776 895 s
3809 843 3909 897 Kal

726 962 748 995 ι
792 957 920 1013 ergo
947 943 1105 997 istum
1132 939 1225 1008 qui
1264 952 1427 1008 regno
1457 938 1608 1005 prius
1639 936 1913 989 exciderat
1954 948 2049 1003 per
2076 933 2260 987 inobe-

727 1052 746 1084 ι
791 1034 1044 1088 dientiam
1072 1044 1241 1094 suam,
1275 1028 1555 1082 Dominum
1619 1037 1673 1079 et
1723 1026 1887 1080 Deutn
1923 1024 2037 1079 ﬁeri
2085 1023 2264 1079 volens

727 1140 747 1173 s
793 1122 952 1184 Deus,
1009 1121 1143 1173 hanc
1194 1117 1547 1173 mcenomiam
1608 1117 1678 1168 ita
1726 1114 2074 1183 dispensavit.
2122 1112 2266 1178 Quo.

726 1243 747 1268 ι
790 1216 932 1271 circa
963 1212 1334 1270 sanctissimus
1378 1218 1525 1265 vates
1570 1209 1733 1262 David
1777 1207 2089 1277 prophetico
2121 1219 2267 1259 more

727 1327 747 1362 ι
796 1307 972 1362 fatur:
1011 1304 1262 1374 Regnavit
1288 1301 1567 1363 Dominus,
1593 1300 1814 1353 exsultet
1844 1312 2034 1352 terra.)
2061 1298 2123 1351 Et
2148 1307 2268 1366 post

722 1397 825 1453 alia
848 1397 1088 1465 quaedam
1128 1391 1389 1447 subinl'crt
1420 1389 1517 1461 [ἢ.
1547 1388 1609 1460 C]
1646 1408 1657 1441 :
1693 1409 1710 1439 ‹
1734 1388 1812 1443 0b
1850 1404 2005 1457 quam
2053 1403 2267 1441 causam

728 1507 747 1541 ι
792 1488 945 1558 quasi
974 1486 1225 1541 Dominus
1247 1492 1428 1537 noster
1467 1482 1623 1537 Jesus
1668 1482 1912 1537 Christus
1936 1520 1951 1545 ,
1983 1484 2130 1550 regni
2169 1482 2270 1534 ini-

726 1597 749 1631 ι
796 1578 926 1633 tium
952 1576 1257 1645 auspicatus
1283 1572 1459 1627 fuerat
1490 1586 1520 1624 a
1544 1572 1772 1641 quodam
1820 1580 2060 1640 tempore
2080 1610 2095 1636 ,
2130 1570 2267 1623 vati-

730 1689 749 1723 ι
790 1670 989 1725 ciuium
1024 1667 1169 1723 canit
1198 1663 1347 1735 :Ego
1387 1674 1561 1718 autem
1613 1678 1705 1715 rex
1732 1663 1794 1715 ab
1826 1661 1918 1715 illo
1958 1661 2267 1715 constitutus

730 1779 750 1813 s
794 1776 907 1815 sum
939 1758 1003 1812 ".
1035 1775 1054 1809 s
1108 1756 1175 1811 Et
1204 1771 1393 1810 rursus
1419 1754 1565 1808 addit
1585 1764 1609 1803 τ
1640 1753 1720 1806 0h
1742 1767 1860 1806 eam
1888 1766 2106 1806 causam
2150 1765 2267 1815 res,

2363 937 2522 991 πάλιν
2554 937 2821 1005 ἐπιφέρει·
2842 955 2860 987 ι
2885 936 2983 989 Διά
2996 935 3151 989 τοῦτο
3161 934 3267 1006 γὰρ
3282 936 3376 988 καὶ
3395 934 3663 1004 βασιλεύει
3676 932 3810 1005 (79),
3829 933 3911 986 ῖνα

2369 1046 2388 1079 ι
2420 1029 2476 1079 ὲν
2504 1029 2566 1096 τῇ
2592 1025 2904 1097 ἀνθρωπίνῃ
2934 1027 3096 1096 σαρκὶ
3123 1024 3426 1095 γενόμενος,
3461 1024 3712 1093 βασιλεύς
3737 1040 3795 1076 τε
3821 1041 3909 1077 κα-

2370 1137 2386 1166 ι
2426 1114 2646 1178 ταστὰς,
2695 1114 2780 1166 διὰ
2809 1112 2903 1166 τοῦ
2938 1114 3130 1180 Λόγου,
3176 1114 3205 1165 ὁ
3236 1111 3489 1174 κενωθεὶς
3530 1112 3793 1181 πρότερον
3824 1112 3913 1165 ἀν-

2372 1224 2390 1256 ι
2426 1204 2655 1275 θρωπος,
2685 1206 2862 1258 πᾶσαν
2895 1204 3064 1274 ἀρχὴν
3096 1202 3185 1256 τοῦ
3232 1202 3498 1265 διαὸόλου,
3542 1205 3636 1255 καὶ
3667 1203 3908 1274 δύναμιν,

2372 1314 2390 1345 ι
2431 1296 2524 1347 καὶ
2551 1293 2793 1359 ἐξουσίαν
2827 1297 3163 1367 καταργήσῃ.
3195 1314 3213 1345 ι
3248 1293 3489 1347 Τοσαῦτα
3512 1295 3640 1365 περὶ
3666 1295 3764 1365 τῆς
3791 1311 3911 1365 σαρ-

2366 1388 2459 1451 κδς
2482 1388 2574 1441 τοῦ
2617 1388 2882 1457 Σωτῆρος,
2915 1388 3233 1439 καὶτούτων
3270 1387 3349 1438 ἔτι
3390 1386 3555 1441 πολλά
3588 1386 3807 1440 πλείονα
3835 1389 3912 1441 εί-

2366 1478 2499 1542 πὼν,
2532 1478 2704 1549 φήσας
2736 1494 2792 1529 τε
2823 1477 2988 1547 αὑτὴν
3018 1473 3155 1529 εἶναι
3186 1478 3283 1548 τὴν
3317 1478 3497 1530 είκόνα
3537 1476 3629 1530 τοῦ
3660 1476 3794 1530 Θεοῦ
3824 1477 3914 1531 τοῦ

2365 1571 2616 1641 ἀοράτου,
2662 1570 2754 1623 καὶ
2794 1570 2883 1622 τὸν
2928 1569 3272 1640 Πρωτότοκον
3322 1569 3501 1640 πάσης
3545 1570 3794 1633 κτίσεως,
3830 1570 3919 1623 καὶ

2366 1661 2456 1713 τὸν
2486 1660 2727 1729 βασιλέα,
2761 1662 2853 1713 καὶ
2884 1660 2973 1712 τὸν
3025 1659 3251 1731 Ἰησοῦν,
3280 1660 3486 1713 καὶτὸν
3530 1661 3783 1728 Χριστὸν,
3832 1662 3920 1713 καὶ

2367 1752 2457 1804 τὸν
2486 1753 2787 1820 ἀγαπητὸν,
2820 1754 2913 1805 καὶ
2949 1753 3048 1805 ὅσα
3074 1750 3204 1806 ἄλλα
3234 1752 3506 1815 κατέλεξεο
3538 1752 3603 1805 δι’
3637 1753 3809 1823 αὑτήν
3838 1769 3915 1815 τε,

730 1870 749 1905 ι
796 1860 853 1904 ιιι
880 1864 1002 1905 cum
1028 1848 1261 1902 humana
1300 1861 1464 1902 carne
1496 1846 1817 1901 constitutus
1840 1885 1855 1910 ,
1888 1852 1943 1897 et
1970 1844 2271 1898 declaratus

2371 1841 2539 1894 ταῦτα
2589 1844 2761 1895 πάντα
2814 1842 3071 1912 κληθῆναι
3132 1842 3221 1895 τὸν
3264 1843 3435 1911 Λόγον
3483 1820 3918 1943 ἀποφηνάμενος,

730 1958 752 1993 ι
796 1954 914 2004 rex,
950 1938 1254 1993 exinanitus
1291 1936 1438 2005 prius
1474 1937 1657 2011 homo,
1689 1947 1847 1987 omne
1878 1932 2073 1986 diaboli
2106 1932 2269 1999 impe-

2372 1934 2551 1984 ὁποῖον
2576 1932 2725 1995 τέλος
2758 1933 2893 2003 αὑτῇ
2916 1933 3251 2003 περιτίθησιν
3278 1934 3376 2003 ήδη
3410 1932 3682 2002 θεωρῆσαι
3712 1934 3917 2005 καιρός.

732 2060 749 2088 ι
795 2036 951 2098 rium,
976 2030 1082 2088 vim
1108 2044 1161 2086 et
1189 2040 1506 2102 potestatem
1538 2044 1633 2099 per
1658 2028 1887 2081 Verbum
1919 2035 2225 2081 evacuaret.
2273 2045 2291 2078 ι
2334 2025 2435 2080 Tot
2460 2027 2567 2084 ille.
2630 2040 2685 2082 et
2722 2028 2937 2097 quidem
2969 2029 3122 2096 longe
3146 2029 3319 2097 plura,
3359 2028 3424 2081 de
3452 2042 3617 2082 carne
3650 2042 3922 2082 commen.

724 2140 811 2183 tus
850 2125 1170 2189 Servatoris,
1218 2129 1275 2187 »Β
1318 2131 1596 2192 postquam
1668 2120 1817 2173 illam
1899 2121 2198 2174 nominarat
2247 2120 2337 2174 Dei
2372 2121 2659 2190 imaginem
2703 2121 3005 2186 invisibilis,
3053 2130 3107 2176 et
3143 2120 3317 2175 omnis
3353 2128 3612 2175 creatura:
3652 2121 3922 2191 primoge.

726 2222 916 2281 nilum,
948 2226 1001 2271 et
1047 2230 1244 2285 regem,
1275 2224 1329 2268 et
1365 2212 1563 2275 Iesum,
1630 2220 1685 2265 et
1722 2211 2016 2275 Christum,
2066 2218 2118 2264 et
2161 2209 2432 2275 dilectum,
2494 2224 2548 2265 et
2609 2226 2727 2281 quae
2764 2212 2863 2266 alia
2924 2210 3411 2273 commemoravit:
3450 2212 3669 2281 insuper
3702 2212 3920 2267 addide-

726 2317 831 2374 rat,
879 2315 1096 2377 propter
1136 2305 1281 2359 illam
1336 2305 1501 2373 ipsam
1537 2316 1781 2368 carnem,
1836 2311 1913 2355 tot
1961 2301 2263 2357 nominibus
2330 2301 2561 2358 Verbum
2618 2304 2926 2373 insignitum
3006 2301 3191 2368 fuisse,
3229 2301 3389 2356 linem
3437 2311 3617 2357 tamen
3665 2302 3743 2358 illi
3791 2316 3911 2357 eum

725 2399 954 2469 sﬂingit,
983 2412 1137 2469 quem
1164 2410 1305 2450 nunc
1339 2405 1544 2461 tempus
1576 2404 1658 2448 est
1689 2403 1745 2447 ut
1775 2392 2195 2448 consideremus.

1357 2485 1503 2540 CAP.
1547 2485 1632 2537 IV.

731 2579 1071 2645 Qualemnarn
1104 2577 1254 2645 ﬁnem
1278 2574 1529 2641 subinfert
1552 2573 1833 2627 Marcellus
1877 2573 2070 2629 Christi
2096 2588 2274 2644 regno,

1102 2655 1151 2699 et
1204 2648 1348 2698 carni
1391 2659 1547 2712 quam
1596 2646 1890 2711 assumpsit.

798 2737 887 2809 [Β.
922 2735 986 2808 C]
1020 2755 1037 2787 ι
1069 2734 1215 2789 lianc
1252 2734 1449 2788 etenim
1480 2734 1549 2788 ob
1577 2748 1793 2788 causam
1826 2744 2139 2804 regnaturus
2172 2744 2272 2800 est,

736 2846 755 2879 ι
798 2829 1026 2881 humana
1057 2839 1219 2879 carne
1244 2824 1494 2893 praeditus
1534 2838 1627 2889 per
1673 2822 1902 2877 Verbum
1949 2826 2271 2878 constitutus

735 2937 756 2971 ι
798 2932 912 2981 rex,
943 2918 1101 2971 homo
1138 2915 1225 2968 ille
1252 2913 1375 2968 olim
1413 2914 1665 2982 deceptus
1694 2933 1706 2968 :
1731 2923 1786 2967 et
1814 2928 2024 2969 omnem
2053 2916 2125 2968 ita
2156 2916 2270 2968 dia“-

736 3024 757 3058 ι
798 3004 902 3061 boli
929 3002 1385 3073 potestatem,vim
1403 3016 1455 3054 et
1478 3002 1757 3069 imperium
1782 3005 2081 3058 evacuabit.
2100 3002 2269 3071 Opor-

2998 2478 3153 2531 ΚΕΦ.
3208 2480 3278 2531 Δ’.

2386 2570 2611 2624 Ὁποῖον
2637 2567 2984 2639 Μάρκελλος
3010 2568 3212 2639 ἐπάτει
3233 2570 3402 2635 τέλος
3424 2569 3497 2637 τῇ
3524 2570 3630 2623 τοῦ
3666 2571 3923 2639 Χριστοῦ

2554 2640 2858 2705 βασιλείᾳ,
2890 2638 2985 2691 καὶ
3023 2637 3095 2705 τῇ
3123 2640 3297 2705 σαρκί
3329 2639 3407 2706 ἣν
3432 2637 3738 2709 ἀνείληφέ.

2449 2746 2466 2778 ι
2506 2727 2602 2779 Διὰ
2648 2726 2801 2779 τοῦτο
2854 2726 2959 2797 γὰρ
3019 2726 3343 2795 βασιλεύσει,
3396 2729 3453 2782 ὲν
3498 2733 3564 2800 τῇ
3615 2730 3925 2804 ἀνθρωπίνῃ

2382 2838 2399 2870 ι
2435 2819 2594 2888 σαρκὶ
2642 2818 2947 2887 γενόμενος,
3000 2817 3247 2887 βασιλεύς
3292 2836 3351 2870 τε
3395 2820 3665 2882 καταστὰς
3700 2822 3789 2874 διὰ
3832 2824 3924 2876 τοῦ

2380 2927 2397 2959 ι
2436 2910 2629 2976 Λόγου,
2660 2908 2688 2958 ὁ
2721 2908 3015 2977 ἀπατηθεὶς
3046 2908 3306 2979 πρότερον
3334 2909 3613 2979 ἄνθρωπος
3652 2909 3783 2979 (80),
3823 2914 3925 2965 πᾶ-

2382 3018 2399 3050 ι
2438 3018 2533 3052 σαν
2560 3000 2732 3069 ἀρχὴν
2757 2998 2850 3051 τοῦ
2878 2998 3116 3053 διαὸόλου
3158 3001 3251 3052 καὶ
3294 3000 3517 3070 δύναμιν
3549 3003 3641 3054 καὶ
3680 3001 3925 3066 ἐξουσίαν

736 3113 757 3149 ι
801 3104 869 3148 tet
895 3094 1028 3147 enim
1054 3092 1220 3155 illum,
1245 3092 1433 3161 inquit,
1463 3106 1673 3157 regnare
1701 3108 1858 3158 usque
1887 3092 2012 3144 dum
2035 3093 2269 3145 inimicos

2382 3107 2399 3139 ι
2442 3093 2794 3160 καταργήσει;
2841 3092 2931 3142 Δεῖ
2982 3091 3089 3163 γὰρ
3148 3090 3306 3143 αὑτὸν
3360 3091 3676 3161 βασιλεύειν,
3726 3096 3926 3164 φησιν,

736 3208 757 3242 s
800 3202 919 3240 suos
942 3193 1135 3238 statuat
1167 3183 1258 3236 sub
1282 3185 1487 3250 pedibus
1519 3182 1628 3235 suis
1660 3182 1726 3237 ’⁷.
1752 3183 1842 3236 Ait
1866 3182 2028 3252 igitur
2066 3184 2273 3237 divinus

2382 3197 2400 3230 ι
2432 3180 2585 3250 ἄχρις
2612 3174 2670 3232 οὗ
2701 3181 2764 3232 ἂν
2788 3180 2852 3250 θῇ
2882 3182 3004 3243 τοὺς
3025 3180 3248 3251 ἐχθροὺς
3272 3182 3375 3235 ὑπὸ
3403 3183 3526 3245 τοὺς
3552 3184 3715 3245 πόδας
3740 3185 3925 3241 αὑτοῦ.

738 3294 760 3328 ι
803 3274 1109 3343 Apostolus,
1136 3274 1280 3342 regni
1313 3273 1508 3328 Christi
1541 3273 1700 3326 linem
1737 3283 1846 3326 tum
1872 3275 2129 3337 futurum,
2159 3290 2279 3328 cum

2380 3288 2397 3319 ι
2431 3271 2539 3339 Τῆς
2562 3270 2737 3322 τοίνυν
2766 3268 2856 3321 τοῦ
2894 3268 3147 3323 δεσπότου
3176 3269 3333 3339 ἡμῶν
3361 3270 3591 3341 Χριστοῦ
3624 3272 3925 3341 βασιλείας,

736 3382 759 3418 ι
804 3367 905 3419 sub
929 3365 1149 3433 pedibus
1179 3366 1291 3433 ejus
1314 3364 1487 3417 omnia
1521 3362 1940 3420 collocabantur.
1960 3363 2049 3433 [Β.
2077 3364 2138 3419 Cl
2156 3364 2275 3420 coll.

2379 3379 2397 3412 ι
2429 3360 2583 3413 τοῦτο
2616 3360 2677 3413 τὸ
2707 3360 2855 3422 τέλος
2881 3357 3016 3413 εἷναί
3042 3377 3203 3429 φησιν
3240 3363 3268 3413 ὁ
3302 3363 3443 3432 ἱερὸς
3494 3363 3833 3428 Ἀπόστολος,
3869 3362 3929 3416 τὸ

736 3477 759 3514 s
801 3475 855 3530 p.
880 3457 1025 3529 £89].
1050 3478 1068 3508 ι
1094 3458 1219 3511 Post
1246 3472 1409 3526 pauca
1434 3457 1672 3524 quaedam
1704 3457 1851 3509 addit
1878 3476 1891 3510 :
1928 3475 1945 3508 ι
1990 3457 2277 3513 Maximum

2378 3469 2395 3502 ι
2433 3452 2606 3505 πάντα
2638 3452 2967 3520 ὑποταγῆναι
3009 3453 3120 3513 τοῖς
3160 3451 3317 3504 ποσὶν
3356 3452 3537 3505 αὑτοῦ.
3585 3472 3604 3503 ι
3640 3454 3748 3505 Καὶ
3791 3454 3928 3523 μετά

737 3566 758 3603 ι
807 3552 895 3604 hic
947 3548 1261 3619 mysterium
1315 3548 1516 3600 revelat
1546 3547 1697 3601 nobis
1766 3548 2094 3615 Apostolus,
2153 3550 2277 3603 dum

2372 3542 2574 3612 βραχέα
2602 3544 2859 3611 ὲπιλέγεν
2894 3562 2912 3593 ι
2940 3542 3206 3611 Μέγιστον
3232 3546 3362 3613 ἡμῖν
3387 3546 3679 3615 μυστήριον
3698 3544 3927 3599 ἐνταῦθα

736 3659 758 3694 ι
804 3640 1111 3711 pronuntiat
1158 3638 1459 3691 adfuturum
1493 3638 1647 3691 linem
1675 3652 1838 3705 regno
1858 3636 2274 3693 Christi.Finem

2377 3649 2394 3682 ι
2442 3632 2759 3694 ’Δπόστολος
2813 3632 3196 3695 ἀνακαλύπτει,
3232 3632 3379 3696 τέλος
3429 3650 3523 3703 μεν
3573 3634 3789 3687 ἔσεσθαι
3836 3636 3931 3703 φά·

739 3748 758 3783 ι
806 3744 963 3799 porro
1021 3738 1150 3793 tum,
1202 3741 1321 3780 cum
1366 3738 1631 3795 ponentur
1676 3728 1854 3781 omnia
1912 3730 2009 3781 sub
2053 3730 2274 3796 pedibus

2376 3739 2394 3772 ι
2430 3738 2571 3773 σκων
2601 3725 2697 3791 τῆς
2729 3721 2959 3792 Χριστοῦ
3008 3722 3303 3791 βασιλείας,
3341 3725 3489 3786 τέλος
3518 3725 3575 3777 δὲ
3615 3726 3755 3787 τότε,
3800 3726 3929 3778 ὅταν

741 3838 761 3869 ι
811 3817 943 3884 ejus.
972 3833 992 3867 s
1025 3816 1090 3869 Et
1116 3815 1407 3881 explanatis
1448 3815 1619 3868 adhuc
1650 3816 1786 3869 idem
1818 3816 2097 3871 dilucidius
2136 3818 2273 3871 scri-

2376 3830 2395 3861 ι
2433 3812 2603 3863 πάντα
2636 3813 2875 3882 ὑποταγῇ
2908 3816 3016 3876 τοῖς
3064 3816 3217 3866 ποσὶν
3268 3814 3449 3867 αὑτοῦ.
3485 3836 3501 3866 ι
3550 3817 3659 3868 Καὶ
3689 3816 3768 3868 ἔτι
3802 3816 3931 3887 μᾶλ-

734 3908 815 3963 bit
870 3906 959 3977 [Β.
998 3903 1105 3974 Cll]
1138 3922 1148 3955 :
1182 3923 1199 3954 ι
1231 3905 1434 3956 Dictum
1458 3913 1588 3956 esta
1620 3904 1769 3957 nobis
1804 3906 1853 3956 in
1886 3906 2270 3972 superioribus,

2370 3903 2459 3954 λον
2486 3902 2975 3973 ὲπεξεργαζόμενος
3005 3904 3095 3957 τὸν
3128 3904 3289 3957 αὑτὸν
3316 3905 3491 3973 λόγον,
3524 3906 3663 3959 οὑτω
3688 3907 3890 3977 γράφει
3908 3924 3922 3940 ο

740 4017 759 4049 ι
806 3997 1084 4051 Dominum
1112 4006 1347 4047 nostrum
1373 3994 1642 4047 Christum
1671 3996 1814 4061 regni
1841 3996 1919 4047 sui
1952 3996 2267 4063 principium

2377 4013 2393 4043 ι
2437 3995 2681 4062 Ἔφαμεν
2700 3994 2755 4045 ὲν
2776 3997 2883 4057 τοῖς
2910 3996 3234 4065 προάγουσιν
3250 3997 3401 4066 ἡμῶν
3426 3999 3605 4065 ῥητοῖς
3630 3998 3719 4049 τὸν
3746 3998 3929 4051 5:01:6-

740 4104 760 4137 ι
806 4084 1079 4152 accepisse
1110 4100 1122 4134 :
1158 4082 1314 4147 idque
1341 4082 1509 4148 ipsum
1548 4080 1823 4132 docuimus
1860 4096 1889 4133 e
1931 4095 2085 4133 sacra
2120 4079 2266 4133 Scri-

2378 4103 2395 4135 (
2438 4102 2535 4153 την
2563 4086 2716 4154 ἡμῶν
2743 4086 2833 4138 τὸν
2856 4086 3088 4157 Χριστὸν
3117 4085 3287 4155 ἀρχὴν
3319 4086 3602 4155 ἐσχηκέναι
3629 4085 3922 4155 βασιλείας,

740 4194 760 4227 ι
808 4184 960 4243 plura
1007 4172 1441 4226 demonstratum.
1472 4170 1849 4223 Testimonium
1890 4172 2115 4238 printum
2163 4179 2266 4235 est,

2379 4194 2396 4225 ι
2436 4178 2497 4227 ὲκ
2531 4175 2636 4227 τῶν
2676 4176 2829 4229 θείων
2862 4176 3092 4248 Γραφῶν
3114 4175 3413 4239 ἀποδείξεσι
3451 4175 3736 4245 χρώμενοι.
3769 4179 3923 4231 Ἔστι

734 4263 845 4334 Ego
874 4266 1177 4317 constitutus
1214 4279 1327 4315 sum
1359 4263 1419 4313 ab
1453 4262 1541 4315 illo
1580 4276 1669 4314 res:
1698 4278 1851 4329 super
1890 4260 2022 4316 Sion
2047 4272 2268 4315 montem

2380 4282 2398 4316 ι
2443 4264 2539 4334 μὲν
2558 4266 2695 4336 μίαή
2712 4266 2956 4334 λέγουσα·
2989 4265 3135 4335 Ἐγὼ
3158 4265 3224 4319 δὲ
3249 4266 3617 4333 κατεστάθην
3630 4268 3926 4335 ,ϐασιλεὺς

808 4432 867 4489 ›Ῑ‹
896 4425 990 4479 Ed.
1025 4424 1189 4480 Paris.
1224 4440 1341 4494 pag.
1372 4424 1457 4481 50.
1533 4425 1576 4456 “
1608 4425 1746 4479 Psal.
1780 4441 1837 4491 ll,
1866 4424 1917 4478 6.
1992 4423 2069 4478 "l
2092 4424 2213 4479 Cor.
2244 4426 2438 4491 “,25.

2300 4522 2343 4576 Β
2372 4585 2585 4655 θαρῤεῖν
2609 4583 3049 4657 παρασκευάζον,
3071 4585 3267 4638 ὡσανεὶ
3303 4585 3472 4651 ἔλεγε.
3511 4582 3756 4657 Semper,
3794 4596 3849 4642 et
3871 4586 3924 4641 in

2373 4654 2625 4708 aeternum
2654 4654 2916 4723 regnabit.
2950 4655 3080 4707 Nam
3115 4666 3170 4707 ut
3202 4666 3345 4708 recte
3372 4657 3621 4723 observat
3654 4654 3924 4710 (Ecume-

733 4725 1170 4803 Marcellinerha‘
1193 4722 1518 4803 repetuntur,
1564 4734 1620 4775 ut
1670 4734 1722 4803 et
1753 4739 1868 4803 mox
1894 4738 1988 4791 pro
2017 4722 2269 4787 κενωθείς

2373 4725 2508 4803 nius,
2541 4724 2597 4774 τὸ
2611 4722 2919 4803 ’ᾆξ’-ρος.καὶν
2948 4724 3005 4776 τὸ
3030 4722 3140 4803 ξως
3170 4725 3230 4803 οὑ
3259 4726 3431 4803 κεῖται
3458 4722 3647 4803 χρόνου
3684 4724 3926 4803 συντελε-

734 4795 933 4849 rectius
964 4789 1274 4862 ἀπατηθείς,
1300 4804 1357 4846 ιιι
1382 4794 1538 4857 paulo
1566 4803 1683 4859 Post
1711 4789 1921 4860 legitur,
1950 4803 2015 4863 et
2034 4808 2121 4863 exp
2141 4808 2271 4859 pra:-

2375 4792 2570 4863 στικὸν,
2735 4796 2839 4854 ἀεὶ,
2864 4789 2973 4847 οἷον
3000 4793 3079 4857 τό,
3115 4792 3222 4861 ἐγὼ
3246 4792 3369 4863 μεθ’
3411 4789 3560 4863 ὑελῶν
3587 4795 3722 4861 είμι,
3746 4794 3925 4856 πάσας

733 4864 1047 4918 cedentibus
1068 4860 1314 4931 apparet;
1350 4864 1564 4915 tolerari
1590 4869 1837 4931 tamenet
1868 4864 1978 4914 haec
2006 4861 2269 4931 lectione-

2371 4860 2469 4922 τὰς
2506 4860 2731 4931 ἡμέρας,
2792 4863 3037 4931 ἓωςητῆς
3089 4860 3411 4925 συντελείας.
3452 4860 3611 4931 Quod
3647 4860 3834 4930 ipsum
3860 4865 3927 4918 de

732 4942 860 4995 test,
889 4947 1007 4983 cum
1039 4928 1448 4985 exinanitionem
1474 4932 1631 5000 regia:
1651 4929 1829 4999 gloria:
1856 4939 2104 4999 Opponat.
2128 4928 2271 4984 M.—
2375 4928 2555 4982 donec
2579 4928 2828 5000 observat
2888 4928 3245 5000 Hieronymus
3302 4942 3484 4986 contra
3520 4928 3825 4985 Helvidium
3870 4941 3923 4985 et

732 5002 883 5071 Infra
903 5000 1058 5071 vulgo
1085 5000 1181 5071 δσα
1212 4999 1393 5071 τᾶλλα.
1527 4999 1550 5071 ς
1757 5068 1776 5071 A_
2096 5066 2112 5071 _
2137 5069 2147 5071 _
2376 5010 2552 5071 noster
2580 4999 2663 5071 hic
2691 5002 2742 5053 in
2768 4999 2892 5053 ﬁne.
2931 5001 3004 5053 De
3030 4999 3128 5071 [oui
3153 5012 3325 5053 autem
3352 5016 3511 5053 sensu
3541 5011 3594 5052 et
3619 5000 3925 5071 intelligen-

804 5068 914 5137 (80)
969 5068 1020 5119 '0
1064 5068 1377 5133 ἀπατηθείς
1424 5068 1706 5134 πρότερον
1741 5068 2063 5134 ἅνθρωπος.
2095 5066 2149 5120 Id
2186 5078 2267 5121 est

2368 5068 2459 5137 tia,
2492 5070 2571 5137 ita
2597 5068 2684 5121 ille
2733 5070 2893 5120 tradit
2946 5085 2973 5121 a
3021 5068 3323 5122 Graecorum
3370 5066 3922 5137 commentariis?“

2367 5135 2661 5207 βασιλεύειν
2701 5138 2931 5192 ἐνταῦθα
2970 5140 3067 5207 οὐχ
3096 5137 3298 5200 ἁπλῶς,
3334 5138 3444 5191 ἀλλ’
3492 5131 3601 5207 οἷον
3637 5138 3718 5190 δεῖ
3758 5137 3921 5190 αὑτὸν

2360 5207 2428 5257 τὰ
2470 5206 2562 5257 τοῦ
2614 5206 2873 5275 βασιλέως
2925 5205 3114 5261 ποιεῖν.
3147 5207 3300 5259 Τοῦτ’
3342 5208 3454 5259 ἐστι
3499 5205 3754 5275 πολεμεῖν
3798 5206 3923 5275 τοὺς

2361 5275 2601 5345 ἐχθροὺς,
2616 5274 2931 5345 συμμαχεῖν
2950 5276 3247 5345 τοῖς-ἰδίοις.
3272 5276 3408 5338 Τοὺς
3444 5275 3543 5343 μὲν
3566 5274 3919 5345 τροποῦσθαι.

2358 5342 2480 5417 τοῦς
2585 5342 2833 5417 ῥύεσθαι,
2845 5342 3003 5417 ἀχρις
3026 5342 3085 5399 οὗ
3107 5346 3171 5399 ἂν
3191 5345 3276 5417 θῇ,
3297 5358 3399 5417 etc.
3424 5342 3705 5417 Marajap
3726 5344 3918 5417 ταῦτα,

2358 5412 2718 5484 οὐδενὸςίτῶν
2786 5412 3081 5484 είρήρένων
3136 5412 3311 5484 χρεία.
3377 5412 3759 5484 Ἀστασίαστος
3808 5412 3920 5482 γὰρ

2360 5434 2563 5476 ουοενος
2612 5434 2718 5466 των
2786 5434 2869 5484 ειρ
2952 5434 3081 5467 ενων
3136 5434 3311 5484 χρεια.
3392 5434 3759 5477 Αστασιαστος
3808 5434 3920 5482 γαρ

2360 5481 2583 5559 λοιπὸνὴ
2602 5434 3144 5559 gaudebit-7ng
3179 5487 3331 5559 vulgo
3351 5482 3498 5559 ὲχθρ.
3522 5483 3808 5559 ὑποπόδιον
3826 5485 3923 5559 αξι-

2359 5550 2471 5613 τοῦ,
2489 5561 2540 5605 et
2558 5548 2729 5621 βασιλ.
2748 5555 2808 5605 οὑ
2828 5554 2913 5618 τός
2939 5554 3058 5607 Mss.
3082 5554 3150 5604 ίσ.
3174 5548 3335 5617 οὑτὶυ,
3354 5548 3506 5607 codd.
3540 5548 3598 5605 οὗ
3617 5554 3697 5611 τό,
3730 5554 3767 5605 ii
3797 5549 3920 5605 τοῦ-

730 5618 888 5670 etiam
953 5626 1006 5671 et
1076 5621 1318 5672 essentia:
1379 5623 1834 5673 consunmtatione
1909 5618 2255 5685 blaspheufat.

731 5686 803 5738 Οὺ
826 5686 968 5745 τέλος
987 5686 1237 5745 ἐπιτιθεὶς
1258 5690 1323 5745 τῇ
1346 5686 1581 5745 βασιλεία
1602 5685 1717 5740 εἶπε
1734 5689 1812 5745 τὸ.
1834 5689 1987 5745 ἀγρις
2002 5686 2059 5745 οὗ
2087 5692 2149 5743 ἂν
2169 5690 2254 5745 θῆ.

2364 5637 2423 5671 το
2450 5632 2499 5673 et
2522 5618 2853 5692 ὑποταγῆναι
2889 5627 2999 5686 τοῖς
3030 5623 3183 5677 ποσὶν
3216 5621 3397 5684 αὑτοῦ,
3430 5630 3484 5674 et
3512 5622 3603 5674 ὑπ’
3640 5621 3919 5745 αὑτοῦὲα-

2364 5690 2539 5745 σιλεὺς
2584 5703 2638 5745 et
2689 5693 2903 5745 εἴληφεν
2946 5696 2974 5745 ό
3024 5691 3303 5745 ἄνθρωπος
3352 5690 3545 5745 ἀργήν.
3582 5703 3635 5745 et
3675 5691 3753 5745 τῶ
3874 5689 3919 5745 ὦ

731 5686 968 5761 Οὺ-τέλος
987 5686 1323 5761 ἐπιτιθεὶς-τῇ
1346 5686 1581 5757 βασιλείᾳ
1602 5685 1717 5761 sine
1734 5686 2059 5761 τὸ,ἀχριςοῦ
2087 5692 2149 5743 ἂν
2169 5690 2254 5760 θῇ,
2364 5690 2539 5753 σιλεύς
2584 5703 2638 5747 et
2689 5685 2903 5761 εἴληφεν
2946 5685 2988 5747 ό
3024 5691 3303 5761 ἄνθρωπος
3352 5690 3545 5761 ἀρχὴν,
3582 5703 3635 5746 et
3675 5691 3753 5761 τῷ
3799 5685 3919 5755 Θεῷ

730 5757 821 5808 καὶ
851 5756 993 5827 ἑξῆς.
1028 5756 1162 5815 Ἀλλ’
1204 5756 1503 5823 ἀξιόπιστον
1531 5756 1692 5811 ποιῶν
1718 5760 1776 5811 τὸ
1821 5756 2119 5829 εἰρημένον,
2169 5756 2259 5813 καὶ
2365 5776 2587 5813 natast.

805 4586 913 4671 (19)
933 4587 1030 4671 Διά
1050 4587 1228 4669 τοῦτο.
1244 4587 1349 4671 γὰρ
1381 4584 1477 4639 καὶ
1489 4586 1837 4671 βασιλεύειτ.
1854 4585 2102 4671 Legenda
2125 4586 2271 4671 Bact-

732 4655 911 4710 λεύσει
956 4666 1012 4708 ιιι
1064 4655 1322 4724 principio
1372 4656 1643 4722 sequentis
1683 4656 1900 4721 capitis,
1948 4657 2034 4708 ubi
2082 4658 2267 4724 eadem

2141 4808 2271 4859 pra:-

734 5138 963 5192 humana
998 5147 1175 5190 nostra
1206 5148 1414 5201 natura,
1440 5153 1556 5205 qua:
1579 5154 1627 5189 ιιι
1651 5138 1853 5189 Atlamo
1888 5152 1981 5204 per
2015 5138 2267 5203 ιιι-ξενοτί-

733 5206 996 5261 cationem
1051 5206 1336 5267 ceciderat,
1399 5208 1450 5258 in
1501 5205 1715 5258 Christo
1770 5221 1861 5271 per
1908 5206 2261 5259 obedientiam

735 5274 1096 5340 triumphavit.
1154 5273 1347 5326 Locum
1400 5290 1525 5326 vero
1583 5276 1718 5327 beati
1779 5275 2013 5340 Apostoli
2056 5289 2121 5327 ex
2173 5276 2261 5328 illa

732 5344 796 5395 ad
828 5344 845 5396 l
882 5343 1122 5397 Corinth.
1159 5358 1243 5404 xv,
1290 5343 1375 5405 28,
1429 5358 1583 5409 quem
1634 5358 1843 5395 sursum
1883 5354 2043 5411 atque
2100 5345 2259 5397 deor-

732 5427 849 5465 sum
889 5413 1021 5463 adeo
1067 5420 1242 5464 versat
1293 5413 1567 5477 Eusebius,
1618 5411 1727 5472 hic.
1770 5412 1913 5472 alibi,
1944 5421 1996 5465 et
2047 5412 2098 5465 in
2151 5415 2257 5466 ﬁne

732 5479 825 5534 ιιι».
860 5494 912 5542 v,
963 5490 1107 5533 recte
1152 5481 1444 5544 Marcellus,
1486 5482 1552 5535 de
1586 5480 1798 5535 Christo
1834 5483 2043 5534 homine
2092 5483 2257 5535 inter-

732 5548 1077 5621 pr_etatur.At
1114 5564 1331 5616 prorsus
1369 5551 1548 5617 impie,
1594 5552 1774 5603 abillo
1814 5550 1951 5621 loco,
1998 5552 2062 5602 de
2107 5552 2255 5621 regni
