4106 6410
747 393 848 451 819

1365 397 1631 454 EUSl-Jlill
1669 398 2136 456 CASSARIENSlS
2173 399 2318 456 OPP.
2358 399 2534 456 PARS
2570 401 2659 456 IV.
2696 430 2758 442 —
2803 397 3215 456 DOGMATICA.

3827 401 3920 454 8:0

747 506 849 563 bus
878 507 941 562 de
976 507 1158 562 eadem
1195 507 1280 562 illa
1309 524 1471 565 carne
1499 512 1610 580 ipse
1637 514 1942 583 scripserat.
1973 513 2027 567 in
2060 529 2271 582 sequen-

2384 517 2772 585 ἀμνημονήσας
2815 509 2889 572 ὧν
2939 517 3066 584 περὶ
3115 513 3281 582 αὐτῆς
3331 514 3418 565 διὰ
3464 514 3572 565 τῶν
3624 513 3921 582 ἔμπροσθεν

748 600 891 655 tibus
918 601 1075 654 etiam
1113 601 1202 680 ille
1235 603 1345 671 ipse
1371 605 1458 672 qui
1483 607 1948 668 determinaverat,
1982 607 2098 660 sine
2127 622 2276 661 scru-

747 689 871 760 pulo
898 728 914 751 ,
953 706 1150 760 corpus
1178 691 1482 749 Servatoris
1513 697 1748 750 futurum
1779 706 1897 764 post
1939 695 2121 762 judicii
2155 707 2281 749 tem-

744 793 844 850 pus
874 777 1048 836 Verbo
1095 797 1191 837 suo
1237 785 1646 851 destituendum,
1685 796 1876 841 metum
1909 788 2187 854 quemdam
2227 796 2282 842 et

749 873 1101 927 reverentiam
1141 889 1247 942 pra:
1275 889 1333 928 se
1365 875 1467 930 fert
1491 915 1506 940 ,
1535 887 1590 932 et
1619 893 1723 931 non
1753 892 1907 946 posse
1955 879 2029 931 ait
2062 893 2281 946 respon-

746 961 896 1027 dere,
926 966 971 1018 si
999 966 1116 1032 quis
1142 965 1284 1019 illum
1317 967 1382 1020 de
1426 966 1515 1020 illa
1545 983 1707 1022 carne
1741 969 2168 1037 interrogaverit,
2195 970 2277 1022 di-

744 1060 954 1109 cturum
986 1068 1110 1108 vero
1148 1069 1207 1108 se
1231 1054 1300 1110 ad
1325 1057 1732 1125 interrogantem
1755 1059 2061 1126 quemlibet.
2101 1076 2122 1111 ι
2160 1058 2279 1113 Noli

749 1157 771 1192 ι
809 1143 1069 1196 sciscitari
1108 1145 1172 1199 de
1201 1147 1358 1200 rebus
1385 1163 1501 1216 qum
1528 1164 1630 1202 non
1658 1149 1956 1222 didicimus.
1985 1169 2002 1199 ι
2036 1147 2132 1204 ilic
2168 1151 2277 1218 jam

743 1231 916 1300 quivis
939 1236 983 1289 ei
1009 1249 1230 1304 oggerat
1261 1258 1274 1292 :
1305 1239 1440 1305 Quid
1473 1241 1808 1309 temetipsum
1857 1243 2148 1299 deridiculo
2179 1245 2277 1298 ha-

742 1321 853 1387 bes,
886 1325 1083 1378 homo?
1111 1327 1371 1394 Quorsum
1403 1331 1455 1383 in
1489 1332 1646 1384 rebus
1675 1346 1792 1400 qua:
1818 1348 1920 1386 non
1955 1333 2205 1398 didicisti,
2229 1343 2280 1390 te

744 1427 837 1480 per
872 1417 1158 1487 prtecipitia
1208 1425 1341 1488 agis,
1373 1420 1496 1474 dum
1542 1423 1592 1476 in
1621 1425 1837 1492 scriptis
1871 1424 1990 1479 illas
2017 1425 2222 1480 decidis
2255 1424 2278 1478 2

740 1503 1002 1566 Quorsum
1038 1524 1139 1562 non
1167 1511 1405 1565 custodis
1449 1527 1510 1566 ea
1541 1526 1660 1580 qua:
1689 1515 1968 1583 suscepisti
2011 1515 2079 1569 ab
2115 1517 2280 1570 eccle-

739 1593 970 1650 siasticis
998 1595 1262 1665 Patribus,
1300 1611 1356 1654 et
1383 1602 1691 1658 doctoribus
1714 1642 1732 1668 ,
1785 1610 1842 1666 »Β
1891 1606 2158 1660 novitates
2193 1621 2278 1661 se-

739 1687 942 1753 queris,
975 1689 1066 1763 qui
1106 1705 1275 1758 nuper
1299 1701 1476 1745 natam
1514 1703 1568 1746 et
1613 1710 1642 1747 a
1675 1693 1779 1750 ﬁde
1817 1695 2043 1749 alienam
2090 1697 2278 1750 distor-

741 1775 938 1830 tionem
968 1777 1018 1831 in
1051 1779 1212 1832 vitam
1245 1781 1645 1838 subintroducis
1670 1824 1685 1846 ,
1715 1786 1838 1838 dum
1871 1800 2090 1854 regnum
2117 1786 2278 1841 Chri-

2379 604 2614 674 εἴρηκεν.
2665 600 2797 664 Εἶθ’,
2843 607 2871 658 ὁ
2922 605 3103 673 σαφῶς
3135 603 3274 655 οὕτω
3299 602 3357 654 τὺ
3388 602 3542 672 σῶμα
3570 603 3633 654 τὸ
3669 605 3922 670 σωτήριον

2377 696 2578 767 ἔρημον
2619 696 2712 748 τοῦ
2742 697 2910 762 Λόγου
2940 694 3281 766 γενήσεσθαι,
3305 693 3439 763 μετὰ
3452 693 3541 744 τὸν
3570 693 3673 761 τῆς
3701 693 3922 763 κρίσεως

2375 787 2562 857 καιρὸν
2596 789 3008 857 ἀποφηνάμενος
3059 785 3338 839 εὐλάϐειαν
3383 787 3795 852 προσποιεῖται,
3837 784 3923 834 καὶ

2379 879 2450 948 μὴ
2481 878 2672 930 εἰδέναι
2706 880 2866 946 φησὶν
2911 875 3294 948 ἀποκρίνεσθαι
3314 916 3328 938 ,
3363 875 3415 926 εί
3445 891 3528 937 τις
3561 874 3726 926 αὑτὸν
3758 874 3924 942 ἔροιτο

2377 969 2617 1040 περὶτῆς
2636 970 2854 1040 σαρκὸς,
2874 972 3040 1040 φῆσαι
3066 969 3109 1020 δ’
3123 969 3186 1021 ἂν
3209 967 3342 1037 πρὸς
3374 965 3463 1017 τὸν
3490 965 3805 1036 ἐρωτῶντα,
3834 960 3921 1026 Μή

2377 1077 2493 1113 που
2531 1061 2836 1114 πυνθάνου
2865 1061 2972 1129 (95)
3013 1059 3144 1126 περὶ
3173 1052 3260 1110 ὧν
3279 1057 3363 1126 μὴ
3397 1055 3729 1124 μεμάθηκα.
3779 1051 3922 1106 Ἀλλὰ

2376 1150 2468 1203 καὶ
2499 1152 2527 1202 ὁ
2556 1149 2729 1219 τυχὼν
2759 1145 2908 1202 εἶπεν
2941 1149 3006 1202 ἂν
3040 1149 3174 1219 πρὸς
3199 1147 3356 1198 αὐτόν
3375 1162 3387 1175 ·
3424 1144 3474 1198 τί
3515 1143 3579 1214 δὴ
3609 1139 3703 1195 οὖν
3735 1156 3922 1194 σαυτον

2377 1239 2660 1303 σκώπτεις,
2681 1239 2927 1310 ἄνθρωπε
2949 1257 2962 1303 ;
2988 1240 3050 1292 Τί
3077 1239 3132 1290 δὲ
3149 1237 3287 1290 κατὰ
3313 1235 3568 1307 κρημνῶν
3595 1234 3780 1294 ὠθεῖς,
3809 1233 3924 1301 περὶ

2374 1325 2448 1384 ὦν
2482 1333 2554 1402 μὴ
2587 1331 2906 1403 μεμάθηκας
2950 1330 3259 1401 ὁριζόμενος
3291 1328 3621 1398 ὲγγράφως;
3671 1326 3739 1376 Τί
3769 1324 3824 1376 δὲ
3859 1322 3924 1392 μὴ

2374 1423 2658 1491 φυλάττεις
2709 1423 2744 1476 ἃ
2793 1422 2944 1492 παρὰ
2969 1422 3076 1473 τῶν
3103 1417 3561 1490 ἐκκλησιαστικῶν
3587 1415 3846 1484 πατέρων
3872 1428 3924 1464 τε

2374 1515 2466 1566 καὶ
2493 1514 2822 1566 διδασκάλων
2847 1512 3204 1582 παρείληφας,
3236 1507 3572 1578 νεωτερίζεις
3611 1506 3655 1557 δ’
3677 1507 3923 1573 ἄντικρυς

2373 1607 2498 1660 νέαν
2533 1607 2627 1658 καὶ
2680 1605 2988 1671 ξενίζουσαν
3038 1604 3273 1670 εἰσάγων
3302 1599 3379 1670 τῷ
3415 1599 3512 1668 βίῳ
3563 1595 3922 1665 διαστροφὴν,

2373 1700 2544 1770 ἀρχήν
2575 1715 2630 1750 τε
2663 1698 2995 1768 πρόσκαιρον
3039 1696 3131 1747 καὶ
3157 1693 3424 1762 νεωτέραν
3452 1693 3518 1759 τῇ
3554 1688 3803 1758 βασιλεία
3839 1686 3922 1739 τοῦ

2374 1787 2604 1860 Χριστοῦ
2631 1787 2821 1849 διδοὺς,
2853 1786 2944 1839 καὶ
2977 1785 3178 1854 ταύτης
3201 1783 3352 1845 τέλος
3398 1781 3765 1849 ὑφιστάμενος
3786 1817 3802 1840 ,
3841 1778 3925 1830 καὶ

737 1865 806 1918 sti
836 1866 1227 1924 circumscribis
1261 1873 1462 1927 novitio
1500 1873 1730 1942 quodam
1766 1875 2029 1944 principio
2058 1885 2112 1930 et
2141 1886 2271 1930 tem-

2374 1878 2462 1931 τὸν
2497 1877 2591 1946 μὲν
2625 1874 2836 1945 άληθῶς
2871 1874 3130 1943 μονογενῆ
3163 1871 3254 1925 τοῦ
3313 1868 3447 1923 Θεοῦ
3484 1867 3610 1920 Υίδν
3663 1865 3924 1937 ἀρνούμε-

737 1955 902 2027 porali
920 1995 935 2020 ,
963 1957 1102 2025 quod
1129 1959 1234 2014 [ine
1258 1977 1467 2032 quoque
1503 1963 1894 2018 terminandum
1933 1980 2050 2020 esse
2078 1968 2269 2035 uoces;

737 2044 967 2115 abnegas
996 2063 1120 2103 vere
1162 2052 1490 2121 unigenitum
1540 2053 1674 2119 Dei,
1721 2055 2002 2109 substituis
2038 2053 2272 2110 Verbum

736 2131 1142 2192 insubstantiale
1186 2148 1239 2192 et
1285 2141 1670 2210 iusubsistens,
1723 2144 1864 2212 quod
1918 2145 2090 2212 ipsum
2139 2147 2273 2200 nihil

733 2223 876 2278 aliud
926 2229 1238 2293 pronuntias
1278 2244 1426 2294 esse.
1458 2247 1618 2299 quam
1647 2217 1808 2288 imum
1833 2243 1990 2303 atque
2023 2236 2274 2289 idemmet

733 2329 854 2367 cum
879 2316 1023 2371 Deo?
1047 2318 1173 2385 Quae
1203 2322 1442 2390 quisquis
1471 2324 1685 2388 dixerit,
1709 2339 1813 2378 non
1850 2326 2040 2394 injuria
2067 2327 2274 2380 dicetur

733 2404 923 2462 Filium
957 2409 1050 2465 Dei
1077 2412 1362 2482 abnegare.
1396 2412 1509 2469 Non
1542 2425 1622 2468 est
1647 2419 1788 2471 enim
1815 2416 2020 2483 Filius,
2049 2417 2272 2472 verbum

733 2500 877 2566 quod
910 2515 1011 2554 non
1040 2505 1310 2571 subsistit;
1341 2521 1459 2559 cum
1490 2521 1585 2561 nec
1618 2508 1838 2562 verbum
1881 2509 2110 2564 hominis
2129 2510 2278 2563 dica-

736 2601 842 2657 tur,
888 2591 1025 2647 iilius
1071 2594 1298 2650 hominis
1335 2613 1350 2650 :
1394 2606 1575 2667 utpote
1617 2600 1758 2667 quod
1801 2599 1911 2654 sola
1964 2600 2272 2668 operatione

733 2682 977 2737 subsistit
1003 2684 1054 2738 in
1083 2685 1346 2754 loquente.
1379 2686 1486 2742 Hoc
1517 2689 1686 2756 ipsum
1709 2689 1773 2744 de
1795 2689 1949 2744 Patre
1975 2703 2069 2743 suo
2089 2704 2273 2758 egres-

732 2788 849 2828 sum
876 2813 890 2836 ,
922 2786 1045 2831 ante
1085 2793 1250 2832 annos
1283 2779 1514 2832 nondum
1548 2794 1671 2834 cccc
1718 2781 2038 2850 completos,
2074 2780 2267 2836 Filium

733 2863 824 2920 Dei
857 2863 1052 2918 factum
1101 2866 1322 2921 inferius
1365 2884 1576 2933 narras.
1605 2886 1699 2938 per
1729 2871 1907 2925 carnis
1937 2873 2267 2941 assumptio-

732 2971 875 3019 nem,
908 2967 960 3010 et
979 2959 1218 3024 superius
1249 2957 1428 3012 Iesum
1457 2961 1726 3015 Christum
1756 2961 2106 3028 nominatum,
2131 2963 2268 3016 ima-

730 3047 902 3114 ginem
926 3048 1124 3101 dictum
1162 3050 1250 3102 Dei
1281 3050 1560 3104 invisibilis
1586 3089 1600 3113 ,
1635 3060 1688 3104 et
1715 3047 2126 3118 primogenitum
2155 3068 2272 3107 om-

730 3139 814 3191 nis
868 3146 1126 3192 creatum
1175 3159 1189 3194 :
1237 3156 1412 3208 regem
1458 3158 1671 3211 quoque
1714 3143 2086 3198 constitutum.
2141 3142 2270 3210 Quin

729 3230 929 3292 omnia,
966 3245 995 3285 a
1032 3241 1266 3294 tempore
1295 3231 1383 3283 illu
1413 3232 1688 3298 designato
1709 3273 1724 3298 ,
1772 3233 1969 3301 incepit
2000 3234 2090 3288 ille
2113 3247 2268 3299 esse;

731 3333 848 3386 quae
893 3321 1068 3372 omnia
1107 3320 1260 3373 simul
1295 3322 1626 3388 depositurus
1654 3331 1755 3385 est,
1787 3333 1908 3390 post
1929 3321 2111 3388 judicii
2142 3337 2270 3376 con-

731 3408 1158 3460 summationem.
1193 3407 1313 3462 Hart:
1352 3419 1528 3462 autem
1561 3411 1774 3463 ubinam
1823 3409 2107 3465 didicisti?
2138 3411 2272 3478 Quis

733 3497 920 3550 hurnm
955 3498 1045 3550 tibi
1095 3495 1412 3551 informatur
1455 3499 1662 3553 exstitit
1689 3500 1715 3552 7-
1758 3500 2052 3570 Episcopus
2104 3503 2269 3572 quis?

730 3585 926 3658 Synodi
955 3589 1115 3655 quae?
1149 3589 1286 3654 quod
1313 3589 1568 3657 scriptum
1608 3589 1676 3644 ab
1710 3588 1924 3642 homine
1947 3587 2272 3644 ecclesiasti-

727 3678 828 3732 co?
859 3694 1050 3746 corpus
1079 3677 1205 3731 illud
1235 3677 1541 3732 Set-vaturis
1571 3680 1870 3732 immortale
1891 3695 1997 3748 quo
2017 3679 2267 3734 secedet?

727 3771 858 3826 Nam
892 3787 1009 3824 cum
1040 3772 1370 3826 concesseris
1403 3772 1528 3824 illud
1551 3785 1671 3825 esse
1701 3771 2022 3835 immortale,
2049 3780 2104 3825 et
2133 3771 2269 3826 divi-

726 3878 854 3916 num
884 3862 1185 3930 appellaris,
1225 3876 1441 3916 necesse
1464 3873 1547 3914 est
1572 3878 1839 3930 supponas
1869 3862 2272 3930 incorruptibilo

727 3963 782 4008 et
807 3952 1280 4006 indissolvettdutn.
1308 3952 1456 4017 Quod
1499 3967 1625 4005 vero
1653 3956 1840 4005 natura
1886 3968 1980 4006 sua
2028 3953 2137 4007 tale
2166 3963 2270 4019 est,

726 4055 906 4100 manet
940 4045 1120 4110 utique
1175 4045 1470 4097 subsistens
1520 4052 1572 4096 et
1617 4042 2009 4098 indissolututn.
2053 4042 2158 4098 Sed
2214 4053 2270 4097 tu

726 4133 959 4189 Verbum
995 4133 1061 4187 ab
1086 4134 1173 4186 illo
1207 4134 1365 4196 tollis,
1405 4143 1457 4186 et
1491 4148 1611 4186 cum
1646 4133 1752 4186 Deo
1781 4133 2077 4201 conjungis.
2110 4133 2272 4193 Num.

728 4244 849 4283 nam
883 4229 1045 4294 igitur
1077 4228 1191 4279 sine
1222 4223 1397 4279 Verbo
1419 4223 1586 4278 solum
1632 4224 1883 4278 subsistet
1909 4238 2103 4302 co_rpus
2134 4224 2271 4278 istud

725 4320 778 4375 in
811 4319 1090 4374 immortali
1123 4326 1178 4370 et
1211 4319 1512 4384 incorrupta
1548 4315 2055 4378 irrationabilitate,
2095 4322 2148 4368 et
2169 4314 2270 4366 im-

727 4413 1064 4468 mobiiitate?
1105 4413 1170 4463 At
1204 4409 1432 4464 Verbum
1483 4409 1654 4476 ipsum
1703 4407 1961 4461 concedet
1990 4408 2041 4458 in
2084 4407 2269 4470 Deum,

727 4512 779 4555 et
806 4517 991 4557 rursus
1028 4500 1096 4553 illi
1127 4499 1477 4567 conjungetur
1501 4503 1626 4565 post
1651 4497 1832 4552 carnis
1853 4495 2266 4564 separationem.

801 4713 856 4770 »Β
889 4709 983 4761 Ed.
1017 4708 1182 4760 Paris.
1217 4721 1334 4774 pag.
1363 4704 1450 4757 δέ.

797 4889 905 4952 (95)
938 4887 1028 4952 Μή
1063 4904 1177 4938 που
1207 4888 1532 4939 πυνθάνου.
1585 4885 1712 4954 Leg.

727 4970 867 5010 ante.
901 4958 965 5009 Μ.
996 4958 1209 5027 —-_-ADein
1229 4957 1387 5027 vulgo
1416 4957 1467 5006 τί
1567 4952 1733 5027 obviet
1752 4952 2062 5027 ἐγγράφεις.

797 5029 907 5094 (9i)
939 5029 998 5076 Ὅ
1028 5025 1102 5092 δὴ
1139 5026 1254 5077 καί.
1295 5025 1460 5093 Vulgo
1480 5025 1563 5078 ὁδε
1595 5025 1702 5077 καί.

799 5099 909 5160 (93$)
972 5097 1064 5147 Ἐκ
1093 5094 1193 5166 τοῦ
1237 5096 1481 5162 Πατρός.
1533 5096 1691 5148 Deest
1738 5095 1844 5158 hic,
1898 5094 2100 5166 προῖόν.
2139 5093 2272 5150 Illud

733 5167 876 5218 κάτω
930 5184 941 5215 :
993 5166 1058 5216 ad
1097 5164 1380 5217 Lliristtitti
1429 5166 1639 5232 opinor.
1695 5181 1798 5218 non
1848 5165 1912 5217 ad
1945 5164 2270 5219 Mareellum

731 5237 1063 5289 referendum
1117 5244 1219 5295 est,
1289 5234 1388 5285 hoc
1446 5245 1544 5291 est.
1600 5232 1867 5286 Christum
1920 5234 2044 5287 olim
2093 5234 2267 5302 λόγον,

731 5306 893 5365 κάτω,
932 5307 981 5355 ἱη
1017 5304 1168 5354 terris
1199 5304 1550 5361 incarnattttu,
1589 5303 1778 5353 {at-tnui
1799 5303 1985 5356 Filium
2019 5305 2269 5362 hominis,

732 5390 831 5428 nun
855 5375 1001 5426 κάτω
1035 5376 1156 5440 φής,
1185 5373 1284 5422 hoc
1304 5380 1384 5422 est
1425 5373 1642 5422 inferius
1673 5373 1901 5422 allii-mas
1931 5373 2064 5423 istud
2097 5388 2111 5424 :
2150 5389 2270 5423 nam

729 5453 782 5495 et
805 5445 1022 5496 inii-rius
1058 5452 1108 5492 rt
1150 5441 1390 5509 superius
1418 5440 1639 5490 :iﬂit'tttul
1671 5455 1682 5490 ε
1710 5441 1832 5492 hinc
1863 5441 2012 5500 illud,
2042 5442 2272 5512 Χριστὸν

729 5513 1032 5583 ὠνομάσθαι
1072 5512 1180 5583 ᾇνω
1213 5525 1587 5583 ὶψιειιιρυιιιιι-
1612 5511 2108 5583 ρυιίιις-ριιιξινενίηι
2160 5512 2270 5563 ἄνω

733 5577 1045 5634 νοτιιύιίιιςιτο.
1073 5577 1287 5635 alr—li,
1309 5595 1359 5645 p.
1403 5580 1470 5632 50
1501 5577 1848 5648 τοῦτον-οὑχ
1877 5579 2272 5648 ὅλων-γεγεν-

734 5653 937 5718 νῆσθαι,
979 5653 1088 5704 ἅνω
1135 5653 1224 5702 καὶ
1255 5651 1402 5700 κάτω
1431 5651 1534 5717 φής
1565 5650 1736 5702 deleto
1763 5646 1871 5701 ἀνω
1907 5646 2271 5718 ρυειίὼνομά-

733 5717 869 5796 σθαι.
907 5724 1029 5796 Dein
1059 5721 1210 5796 vulgo
1239 5718 1361 5770 Υἱὸν
1388 5719 1480 5796 τοῦ
1600 5734 1659 5796 γ..
1687 5728 1739 5796 ε)
1768 5719 1858 5770 καὶ
1891 5717 2092 5796 Ἰησοῦν
2114 5720 2266 5796 ,Χρι-

735 5792 852 5848 εἴδη
907 5790 1210 5854 ὠνομάσθαι
1272 5799 1326 5844 ct
1378 5788 1466 5841 καὶ
1500 5789 1554 5839 δὲ
1583 5788 1670 5838 καὶ
1787 5801 1838 5843 ct
1863 5783 1963 5839 ποῦ
1992 5788 2051 5852 ἐξ
2081 5783 2196 5840 οὖν⁷
2217 5799 2270 5844 et

2371 1985 2478 2031 νος,
2501 1967 2667 2034 Λόγον
2692 1965 2747 2018 δὲ
2777 1964 2951 2033 ψιλὸν,
2987 1961 3231 2017 ἀνούσιον
3275 1959 3369 2013 καὶ
3397 1957 3767 2012 ἀνυπόστατον
3806 1957 3924 2007 ὑπο-

2370 2059 2675 2129 τιθέμενος·
2719 2057 2775 2109 ὃν
2816 2056 2922 2109 οὐδ’
2957 2056 3138 2125 ἓτερον
3179 2053 3212 2122 ἢ
3259 2052 3315 2104 ἓν
3353 2050 3448 2104 καὶ
3479 2048 3675 2102 ταύτὸν
3712 2047 3791 2114 τῷ
3815 2044 3923 2114 Θεῷ

2372 2147 2508 2203 εἶναι
2542 2150 2686 2218 φής;
2720 2149 2785 2200 '0
2808 2146 2871 2216 δὴ
2900 2146 2993 2198 καὶ⁴
3022 2143 3134 2215 (94)
3164 2144 3273 2204 πᾶς
3322 2140 3464 2194 εἴποι
3499 2140 3564 2192 ἂν
3598 2138 3923 2208 ἀρνούμενος

2370 2243 2458 2296 τὸν
2483 2241 2609 2293 Υἱὸν
2640 2237 2732 2292 τοῦ
2768 2236 2922 2300 Θεοῦ,
2951 2236 3187 2298 εἰκότως.
3241 2233 3315 2286 Οὐ
3343 2232 3450 2302 γὰρ
3478 2229 3594 2292 υἱὸς
3630 2229 3660 2280 ό
3688 2227 3766 2297 μὴ
3803 2229 3923 2295 ὑφε-

2373 2333 2509 2394 στὼς
2560 2330 2751 2398 Λόγος,
2787 2330 2860 2392 ὡς
2910 2327 3028 2381 οὐδὲ
3083 2329 3140 2380 ὲν
3193 2323 3462 2394 ἀνθρώπῳ
3495 2321 3651 2388 λόγος
3703 2319 3819 2380 υἱὸς
3863 2319 3923 2370 ἂν

2372 2440 2498 2477 ποτε
2529 2421 2717 2492 ῥηθείη
2743 2418 3048 2491 ἀνθρώπου,
3076 2415 3320 2487 ἐνεργείᾳ
3343 2414 3476 2484 μόνῃ
3502 2415 3558 2464 ὲν
3580 2409 3656 2480 τῷ
3684 2407 3921 2462 λαλοῦντι

2373 2514 2775 2582 συνιστάμενος.
2806 2510 2974 2562 Τοῦτο
2999 2509 3044 2560 δ’
3076 2510 3138 2560 ὲκ
3154 2505 3246 2558 τοῦ
3270 2504 3496 2574 Πατρός,
3529 2501 3639 2570 (95)
3668 2500 3775 2570 πρὸ
3793 2496 3921 2550 ἐτῶν

2369 2605 2475 2658 οὐδ’
2511 2605 2644 2657 ὅλων
2670 2601 3054 2674 τετρακοσίων,
3086 2599 3173 2651 διὰ.
3190 2599 3287 2666 τῆς
3315 2593 3632 2664 ἀναλήψεως
3664 2592 3764 2661 τῆς
3799 2605 3924 2661 cap-

2369 2695 2481 2758 κὸς,
2516 2694 2642 2748 Υίὸν
2677 2693 2768 2747 τοῦ
2799 2692 2932 2745 Θεοῦ
2963 2688 3315 2759 γεγεννῆσθαι
3337 2685 3517 2748 καθὼς
3543 2684 3666 2754 φὴς,
3693 2682 3788 2736 καὶ
3824 2683 3922 2749 ἰη-

2369 2783 2496 2837 σοῦν
2541 2784 2632 2838 καὶ
2681 2783 2910 2856 Χριστὸν
2950 2779 3258 2851 ὠνομάσθαι
3293 2778 3424 2842 ἄνω,
3480 2775 3664 2828 εἰκόνα
3721 2790 3782 2825 τε
3835 2769 3921 2824 τοῦ

2368 2876 2501 2928 Θεοῦ
2534 2874 2626 2929 τοῦ
2657 2875 2886 2946 ἀοράτου
2910 2872 3274 2944 χρηματίσαι,
3309 2869 3402 2921 καὶ
3453 2867 3791 2936 πρωτότοκον
3823 2862 3924 2915 πά-

2372 2984 2470 3038 σης
2503 2968 2748 3028 κτίσεως,
2776 2967 2868 3018 καὶ
2883 2965 2945 3034 δὴ
2975 2964 3066 3016 καὶ
3084 2961 3302 3031 βασιλέα
3323 2960 3444 3011 τότε
3478 2955 3733 3024 γενέσθαι
3763 2953 3923 3024 ἀρξά-

2377 3074 2533 3127 μενον
2561 3057 2763 3109 τούτων
2790 3056 3040 3108 ἀπάντων
3057 3093 3071 3116 ,
3116 3054 3180 3105 ὲκ
3211 3050 3298 3104 τοῦ
3327 3047 3653 3118 δηλωθέντος
3693 3046 3882 3117 χρόνου
3907 3087 3922 3110 ,

2373 3143 2561 3196 ἔπειτα
2590 3143 2762 3215 καιρῷ
2777 3143 2875 3211 τῆς
2895 3140 3199 3202 συντελείας
3213 3139 3413 3192 τούτων
3440 3137 3692 3189 ἁπάντων
3717 3134 3923 3205 ἀθρόως

2373 3233 2759 3304 παυθήσεσθαι.
2793 3231 2900 3285 Ποῦ
2934 3232 2995 3302 δὴ
3029 3227 3121 3284 οῦν
3164 3231 3330 3284 ταῦτα
3371 3230 3694 3300 μεμάθηκας
3715 3245 3730 3290 ;
3752 3229 3846 3290 Τίς
3869 3227 3925 3278 δέ

2373 3340 2452 3376 σοι
2490 3324 2687 3376 τούτων
2714 3323 2946 3391 κατέστη
2969 3321 3300 3385 διδάσκαλος,
3327 3321 3409 3383 τίς
3425 3319 3756 3380 ἐπισκόπων,
3782 3320 3924 3370 ποῖαι

2373 3415 2598 3477 σύνοδοι,
2632 3417 2780 3467 ποῖον
2816 3413 3276 3481 ἐκκλησιαστικὼν
3307 3411 3515 3480 ἀνδρῶν
3547 3409 3800 3479 γράμμα,
3824 3424 3922 3460 που

2366 3504 2424 3558 δέ
2457 3521 2537 3557 σοι
2568 3504 2628 3557 τὸ
2660 3504 2816 3574 σῶμα
2841 3505 2901 3556 τὸ
2921 3503 3180 3555 ἀθάνατον
3213 3503 3475 3572 χωρήσειε
3507 3499 3601 3552 τοῦ
3635 3499 3920 3567 Σωτῆρος;

2367 3596 2627 3649 ἀθάνατον
2680 3595 2784 3666 γὰρ
2837 3591 3108 3664 ὁμολογῶν
3139 3592 3233 3645 καὶ
3273 3591 3411 3645 θεῖον
3450 3589 3728 3660 ὀνομάζων
3758 3589 3888 3640 αὐτὸ
3906 3626 3921 3652 ,

2369 3687 2717 3750 πάντωςπου
2763 3686 2856 3738 καὶ
2889 3684 3161 3754 ἄφθαρτον
3203 3683 3294 3736 καὶ
3339 3682 3616 3736 ἀδιάλυτον
3656 3679 3919 3748 ὑποθήσῃ·

2369 3776 2611 3844 πεφυκὸς
2629 3775 2684 3827 δὲ
2701 3773 2956 3837 τοιοῦτον,
2983 3774 3128 3843 μένει
3150 3771 3414 3834 συνεστὼς
3437 3769 3635 3839 δηλαδὴ
3657 3772 3752 3822 καὶ
3774 3769 3924 3821 ἀδιά-

2367 3863 2544 3916 λυτον.
2591 3863 2748 3916 ’Λλλά
2775 3863 2864 3916 τὸν
2911 3863 3078 3930 Λόγον
3117 3863 3344 3933 ἀφῄρεις
3375 3862 3560 3925 αὑτοῦ,
3589 3863 3684 3914 καὶ
3710 3859 3922 3930 τῷ

2370 3958 2651 4026 συνῆπτες.
2706 3955 2910 4008 Οὐκοῦν
2945 3957 3068 4010 ἀνευ
3102 3958 3274 4022 Λόγου
3326 3955 3486 4025 μόνου
3523 3955 3635 4024 (96)
3660 3954 3724 4006 τὸ
3768 3952 3923 4022 σῶμα

2333 4090 2335 4093 .
2368 4047 2622 4117 στήσεται
2664 4047 2720 4098 ὲν
2752 4046 2996 4115 ἀθανάτῳ
3029 4046 3122 4098 καὶ
3154 4045 3412 4114 ἀφθάρτῳ
3447 4042 3636 4113 ἀλογίᾳ
3667 4042 3766 4095 καὶ
3809 4044 3922 4095 ἀκι-

2368 4137 2527 4207 νησίᾳ
2547 4137 2632 4200 ;τὺ
2663 4137 2718 4189 δὲ
2733 4137 2891 4200 αὐτὸς
2911 4139 2939 4188 ὁ
2962 4135 3132 4203 Λόγος
3153 4138 3231 4198 εἰς
3251 4135 3340 4187 τὸν
3360 4134 3491 4187 Θεὸν
3539 4135 3798 4204 χωρήσει,
3834 4132 3923 4186 καὶ

2347 4226 2762 4296 Δσυναφθήσεται
2784 4223 2937 4288 αὖθις
2962 4226 3108 4296 αὑτῷ
3139 4227 3274 4295 μετὰ
3293 4227 3381 4278 τὸν
3408 4225 3504 4294 τῆς
3537 4226 3737 4297 σαρκὸς
3766 4243 3922 4296 χωρι-

2373 4317 2524 4386 σμόν.
2556 4314 2700 4387 τΛριιι
2733 4318 2804 4388 μὴ
2854 4317 2927 4371 ὢν
2959 4320 3014 4370 ὲν
3044 4319 3120 4388 τῷ
3152 4316 3290 4386 Θεῷ,
3315 4318 3400 4369 ὅτε
3439 4319 3505 4386 τῇ
3541 4316 3705 4385 σαρκὶ
3731 4317 3917 4385 συνῆν·

2371 4405 2486 4458 ἀλλ’
2520 4405 2594 4458 ὢν
2623 4409 2679 4458 ιν
2711 4406 2854 4476 αὑτῷ
2885 4407 2974 4459 διὰ
2995 4406 3211 4467 παντὸς,
3249 4406 3514 4467 συναῖδιός
3546 4420 3605 4455 τε
3649 4403 3849 4457 {evastat
3868 4405 3921 4456 ἒν

2371 4496 2464 4548 καὶ
2511 4496 2700 4548 ταύτὸν
2753 4495 2830 4567 τῷ
2861 4496 3008 4566 Θεῷ;
3050 4496 3173 4557 Πῶς
3203 4490 3294 4548 οὖν
3335 4494 3576 4565 ὑπῆρχεν
3616 4495 3674 4546 ἐν
3709 4493 3786 4564 τῷ
3825 4493 3923 4546 σώ-

1773 4888 1844 4957 μή
1891 4904 1988 4958 μου
2024 4896 2084 4940 ut
2117 4885 2271 4956 paulo

2373 4887 2619 4958 ἀφαιρεῖς
2651 4917 2710 4929 -—
2753 4887 2983 4958 συνῆπτε
3008 4883 3642 4958 ηυξ-συνάπτεσθαι-εοττ.

2450 4953 2558 5026 (96)
2599 4959 2776 5010 Ἀνευ
2807 4953 2996 5026 Λόγου
3027 4956 3235 5022 μόνου.
3268 4957 3398 5026 Iino,
3434 4954 3625 5024 μόνως
3657 4953 3917 5026 hoevuit,

2377 5024 2547 5081 solum
2577 5027 2675 5081 hoc
2705 5041 2898 5093 corpus
2931 5024 3146 5085 Christi.
3173 5029 3288 5079 sine
3315 5024 3470 5092 Λόγῳ
3509 5038 3606 5074 suo
3634 5024 3918 5077 subsistere

2377 5097 2592 5158 debere,
2620 5096 2938 5154 immortale.
2965 5109 3083 5146 cum
3110 5105 3422 5148 cancrorum
3438 5095 3674 5146 omnium
3697 5107 3918 5160 corpora

2378 5166 2548 5217 futura
2580 5166 2684 5217 sint
2710 5161 3116 5231 λογικά.ἰ’ωιιιιιι
3151 5164 3323 5217 locum
3356 5163 3432 5215 sic
3471 5162 3610 5231 lego,
3634 5172 3700 5231 et,
3730 5162 3916 5215 distin-

2376 5252 2475 5301 guo
2499 5254 2509 5287 :
2537 5234 2762 5296 Οὐκοῦν,
2787 5230 2925 5287 ἄνευ
2949 5231 3039 5284 τοῦ
3063 5233 3255 5299 Λόγου,
3290 5232 3444 5301 μόνον
3468 5230 3636 5301 τοῦτο
3659 5230 3722 5301 τὸν
3769 5231 3917 5301 σῶμα

2374 5300 2619 5374 στήσεται
2647 5305 2692 5374 ὲ.
2808 5321 2860 5356 κ.
2880 5305 2931 5357 ἀ.
2963 5304 3085 5374 (Lat.
3104 5300 3377 5374 ἀκινησίᾳ,
3411 5302 3500 5374 ὅτε
3527 5300 3685 5374 abab;
3706 5300 3914 5374 ὁλόγος,

2371 5369 2493 5437 ett-.1,
2513 5377 2615 5443 ἄρα
2633 5373 2705 5442 μὴ
2734 5373 2826 5434 ὢν,
2851 5385 2978 5429 etc..
2996 5371 3127 5424 ἀλλὰ
3158 5369 3343 5443 προὼν
3365 5373 3419 5422 ὲν
3443 5369 3590 5443 αὐτῷ
3615 5369 3915 5443 διαπαντός.

2375 5445 2461 5495 Sic
2487 5440 2592 5494 vult
2626 5440 2880 5496 Eusebius
2917 5445 2958 5494 si
3002 5453 3116 5495 erat
3155 5440 3213 5492 ἐν
3255 5440 3544 5492 ὑποστάσει
3575 5455 3668 5491 sua
3713 5442 3917 5505 propria

2373 5527 2490 5564 cum
2535 5515 2861 5573 incarnatus.
2893 5513 2993 5577 ἔξω
3015 5521 3066 5563 et
3097 5509 3492 5580 κεχωρισμένος
3535 5519 3651 5562 erat
3688 5507 3784 5559 τοῦ
3815 5509 3917 5580 Πα-

2371 5582 2518 5662 τρός.
2550 5596 2784 5662 curatio“
2840 5591 3048 5662 animi};
3087 5577 3298 5662 saecula,
3331 5577 3630 5662 eutujsset
3661 5577 3916 5662 suvg‘iator;

2374 5647 2450 5719 τῷ
2468 5652 2676 5720 Πατρίῖ
2701 5650 2980 5720 M.—ln_fr:i
3006 5649 3072 5706 51.
3111 5653 3159 5705 in
3179 5665 3322 5706 corr.
3347 5665 3434 5719 γρ.
3453 5648 3592 5718 δίχα,
3613 5649 3734 5703 loco
3752 5647 3912 5716 δίκην.

2373 5717 2503 5776 Dein
2534 5717 2689 5790 vulgo
2709 5720 2856 5773 ἔσται
2887 5717 3010 5792 ἆρα.
