4106 6440
251 434 355 493 εει

1369 423 1651 481 CONTRA
1690 417 2117 477 MARCELLI]!
2159 416 2286 474 LIB.
2329 417 2394 474 ll.

259 567 412 622 ματι,
455 549 504 602 εί
551 549 648 619 μέν
666 547 839 617 ψυχῆς
869 546 1024 616 δίκην
1047 545 1210 599 οίκῶν
1239 546 1298 598 ἐν
1323 544 1471 615 αύτῷ
1497 543 1679 609 ;ἕσται
1709 544 1815 613 ἀρα

1939 540 2119 594 Ξηιιιο
2147 553 2276 608 ergo
2308 548 2464 594 extra
2487 539 2653 601 Deum
2685 548 2797 594 tum
2827 553 2948 602 cum
2993 551 3158 594 carne
3191 551 3481 594 conversa-

259 643 318 694 ἐν
342 640 652 699 ὑποστάσει,
685 637 776 690 τοῦ
807 636 1019 707 Πατρός
1045 634 1464 706 κεχωρισμένος,
1501 633 1608 700 ζῶν
1638 649 1698 684 τε
1725 632 1817 685 καὶ

265 731 508 802 ὑφεστὼς
535 733 592 783 ἐν
678 728 930 799 ἀνείληφε
963 727 1072 796 (97)
1113 725 1294 796 σαρκί.
1323 725 1386 777 Τί
1414 720 1507 776 οὖν
1545 723 1778 776 ἐκώλυεν
1800 760 1815 783 ,

265 824 358 877 καὶ
381 822 485 892 πρὸ
507 821 604 890 τῆς
624 817 716 870 τοῦ
745 818 946 886 κόσμου
984 816 1311 877 συστάσεως,
1337 811 1462 865 Υίδν
1492 811 1626 864 Θεοῦ
1644 809 1819 874 ζῶντα

263 913 421 965 αὐτὸν
445 909 752 980 ὁμολογεῖν;
788 895 922 961 Ἀλλ’
956 907 1097 960 sint
1126 905 1190 958 ἂν
1221 907 1371 967 ῐσως,
1393 902 1639 974 ἐνεργείᾳ
1661 904 1817 972 μόνῃ,

263 1004 379 1072 οὐχὶ
419 1001 476 1054 δέ
510 1000 692 1062 οὐσίας
727 999 1052 1060 ὑποστάσει,
1090 998 1182 1050 καὶ
1209 997 1266 1048 ἐν
1300 995 1378 1064 τῷ
1411 993 1619 1064 σώματι
1662 1008 1819 1060 γεγο-

264 1094 438 1146 νέναι-
496 1107 516 1142 ι
552 1092 808 1162 δραστικῇ
857 1089 966 1161 γὰρ
1013 1088 1259 1160 ἐνεργείᾳ
1311 1086 1480 1156 μόνῃ,
1535 1085 1702 1155 φησι,
1741 1077 1818 1154 ’τῇ

269 1202 288 1235 ι
333 1184 492 1253 σαρκὶ
509 1182 680 1235 συνὼν
704 1182 766 1234 τὸ
790 1182 955 1234 κινεῖν
979 1178 1166 1248 αὐτὴν,
1193 1177 1286 1230 καὶ
1311 1176 1590 1248 πράττειν,
1615 1175 1820 1244 ὅσαπερ

271 1289 290 1324 ι
335 1275 392 1326 ἐν
403 1272 748 1341 Εὑαγγελίοις
771 1271 1012 1342 φέρεται,
1037 1271 1194 1340 οὐσίᾳ
1215 1268 1292 1339 τῷ
1314 1267 1432 1338 Θεῷ
1456 1267 1714 1337 συνῆπτο,
1734 1262 1822 1320 οἷα

274 1383 292 1416 ι
334 1365 503 1433 Λόγος
529 1365 783 1434 ὑπάρχων
806 1362 968 1416 αὑτοῦ
997 1359 1293 1431 ἀχώριστος
1326 1361 1419 1413 καὶ
1449 1360 1815 1423 ἀδιάστατος.ι

265 1455 330 1508 Ei
354 1455 418 1525 δὴ
442 1455 610 1507 ταῦτα
643 1455 807 1522 λέγει,
853 1453 1189 1523 ἐρωτήσασιν
1221 1451 1351 1521 ήμῐν
1403 1449 1817 1519 ἀποκρινάσθω’

264 1539 394 1615 Ἆρ’
407 1545 499 1597 ἐπὶ
534 1545 697 1614 μόνην
717 1543 813 1612 τὴν
849 1544 1026 1612 σάρκα
1057 1541 1254 1611 ταύτην
1280 1543 1314 1611 ἡ
1348 1539 1442 1593 τοῦ
1479 1540 1650 1606 Λόγου
1677 1539 1824 1610 ἐνέρ-

266 1651 388 1702 γεια
428 1633 678 1702 ἔφθακεν,
707 1633 826 1702 ούχὶ
879 1633 936 1685 δέ
974 1632 1068 1684 καὶ
1111 1631 1194 1700 ἐφ’
1239 1631 1454 1703 ἐτέρους
1509 1630 1826 1701 ἀνθρώπους

264 1726 389 1786 τοὺς
408 1723 591 1792 ἁγίους
627 1723 719 1776 τοῦ
745 1723 903 1787 Θεοῦ,
934 1723 1030 1776 καὶ
1069 1724 1146 1786 είς
1199 1721 1266 1774 τά
1323 1721 1484 1774 λοιπά
1535 1721 1597 1792 δὴ
1650 1721 1826 1776 πάντα

265 1813 360 1867 τοῦ
388 1815 558 1881 Λόγου
584 1813 646 1883 δη
655 1815 1066 1885 μιουργήματας
1089 1812 1206 1882 ούχὶ
1235 1815 1264 1865 6
1295 1811 1454 1876 αὐτὸς
1481 1813 1693 1883 ἐνεργεῖ
1719 1811 1822 1864 Λό-

1917 633 2103 688 retur?
2141 647 2206 684 an
2230 633 2284 685 in
2309 631 2420 686 Deo
2449 631 2752 685 subsistens
2775 629 3123 699 sempiterno,
3151 637 3478 682 coaeternus:

1917 724 2205 784 exsistens,
2224 737 2387 775 unum
2416 731 2578 790 atque
2601 721 2742 776 idem
2771 734 2992 788 prorsus
3013 733 3133 774 cum
3164 718 3312 774 Deo?
3335 717 3482 785 Quo-

1918 813 2079 868 modo
2103 813 2265 882 igitur
2295 827 2418 866 cmn
2473 825 2701 882 corpore
2730 809 2865 877 fuit,
2896 810 2940 865 si
2970 813 3146 864 anima
3179 823 3373 878 expers
3396 810 3481 863 in-

1919 903 2183 957 habitavit
2225 901 2399 956 illud?
2429 902 2532 955 erit
2573 903 2645 955 ita
2674 902 2727 954 in
2762 901 3067 956 substantia
3115 899 3292 954 Patris
3323 911 3482 967 sepa-

1921 1004 2096 1049 ratum
2121 1035 2136 1060 ,
2169 996 2356 1049 vivens
2399 996 2585 1062 utique
2627 1003 2684 1048 et
2721 993 3021 1048 subsistens
3072 993 3126 1046 in
3173 1005 3337 1046 carne
3389 988 3481 1044 illa

1921 1101 2082 1156 quam
2131 1087 2443 1156 assumpsit.
2494 1085 2632 1152 Quid
2685 1099 2816 1153 ergo
2863 1083 3116 1153 prohibet
3141 1085 3305 1138 etiam
3355 1091 3484 1136 ante

1921 1175 2105 1230 mundi
2134 1175 2290 1244 hujus
2306 1176 2740 1230 constitutionem
2773 1174 2965 1228 Filium
2989 1174 3079 1228 Dei
3103 1174 3279 1226 vivum
3307 1172 3484 1240 ipsum

1922 1265 2172 1320 conﬁteri
2209 1265 2232 1318 ’ἒ
2292 1263 2396 1320 Sed
2451 1264 2683 1319 fortasse
2719 1263 2955 1327 dixerit,
3000 1263 3113 1318 sola
3146 1261 3484 1332 Operatione,

1922 1371 2030 1411 non
2076 1350 2396 1411 substantia:
2441 1355 2758 1426 bypostasi,
2806 1355 2859 1408 in
2911 1369 3140 1423 corpore
3195 1351 3487 1408 exstitisse.

1929 1461 1949 1495 ι
1985 1444 2272 1513 Operativa
2308 1445 2478 1508 enim,
2501 1444 2598 1508 ait,
2631 1444 2825 1498 virtute
2850 1441 3216 1511 sola,corpori
3249 1455 3488 1510 praesens

1929 1554 1950 1587 ‹
1987 1545 2137 1596 erat.
2175 1536 2241 1590 ad
2276 1535 2450 1604 ipsum
2499 1536 2820 1589 movendum
2859 1544 2915 1589 et
2945 1533 3277 1602 operandum
3305 1529 3490 1584 omnia

1928 1645 1948 1678 ί
1985 1641 2104 1696 qua:
2126 1637 2414 1680 narrantur
2445 1627 2498 1679 in
2533 1624 2862 1694 Evangeliis,
2889 1623 3195 1678 substantia
3227 1635 3358 1674 vero
3384 1619 3492 1673 Deo

1931 1733 1950 1768 ι
1987 1717 2448 1788 conjungebatur;
2477 1723 2662 1783 utpote
2693 1713 2926 1768 Verbum
2957 1714 3123 1782 ipsius
3168 1727 3289 1766 cum
3323 1718 3491 1769 esset.

1932 1825 1952 1858 ι
1990 1807 2056 1860 ab
2101 1807 2218 1876 ipso
2255 1804 2617 1874 inseparabile
2669 1815 2724 1856 et
2770 1803 3157 1857 indistinctum.
3214 1820 3232 1852 ι
3271 1806 3330 1863 ›Ῑ‹
3369 1797 3494 1853 llaec

268 1920 360 1972 γος
386 1920 401 1968 ;
427 1904 535 1956 Kal.
561 1904 665 1974 μὴν
701 1883 1116 1974 μεμαθήκαμεν,
1149 1902 1224 1965 ὼς
1255 1921 1274 1954 ι
1308 1903 1386 1973 τῷ
1425 1903 1580 1972 Λόγῳ
1615 1903 1818 1974 Κυρίου

1939 1898 1970 1951 si
2021 1896 2268 1960 dixerit,
2309 1895 2712 1950 sciscitantibus
2764 1894 2922 1948 nobis
2963 1902 3072 1946 tum
3117 1890 3437 1958 respondeat
3475 1909 3487 1942 :

267 1995 316 2048 oi
367 1995 584 2065 οὐρανοὶ
625 1994 1053 2066 ἐστερεώθησαν,
1087 2013 1105 2044 ι
1161 1994 1256 2048 καὶ
1291 2013 1310 2046 ι
1352 1995 1418 2047 δι’
1453 1993 1616 2048 αὐτοῦ
1645 1994 1820 2048 πάντα

266 2082 498 2152 ἐγένετο⁸
541 2084 633 2138 καὶ
678 2085 842 2156 χωρὶς
878 2083 1043 2138 αὑτοῦ
1068 2085 1282 2151 ἐγένετο
1313 2086 1432 2138 οὐδὲ
1466 2087 1542 2138 ἓν.
1567 2105 1584 2138 ι
1615 2085 1823 2140 Ούκοῦν

266 2176 347 2228 ὅτι
371 2177 582 2245 ἐνεργεῖ
614 2175 722 2246 (98)
756 2175 848 2228 καὶ
879 2177 972 2231 ἐπὶ
1010 2179 1220 2230 πάντων
1240 2193 1254 2207 ·
1278 2177 1520 2246 ἔγνωμεν
1575 2179 1682 2231 ἀπὸ
1717 2179 1824 2230 τῶν

269 2265 426 2319 θείων
456 2264 703 2337 Γραφῶν,
727 2269 818 2320 κα)⁸
839 2267 915 2330 ῶς
945 2269 1132 2336 Λόγος
1159 2271 1376 2334 Kvpr'ov
1403 2268 1636 2337 ἐγένετο
1680 2269 1826 2337 πρὸς

280 2355 458 2422 ὀσηὲ
496 2356 601 2409 τὸν
645 2358 748 2411 τοῦ
802 2357 1008 2424 Βεηρί·
1070 2358 1182 2420 καὶ,
1232 2360 1419 2426 Λόγος
1467 2359 1680 2426 Kvplov
1716 2359 1825 2427 (99)

270 2444 519 2513 ἐγενήθη
553 2447 698 2513 πρὸς
738 2447 983 2499 Ἡσαΐαν
1011 2446 1141 2500 υίόν
1176 2447 1349 2515 Ἀμώς
1373 2465 1386 2476 ·
1435 2449 1526 2500 καὶ
1573 2451 1652 2514 ὠς
1705 2448 1830 2517 ἐτέ-

269 2551 405 2588 γετο
441 2537 627 2603 Λόγος
654 2537 872 2603 Κυρίου
897 2537 1042 2604 πρὸς
1083 2537 1385 2606 Ἰερεμίαν-ο
1412 2557 1430 2588 ι
1466 2540 1560 2590 καὶ
1594 2541 1675 2606 ἐφ’
1701 2539 1830 2592 ἐκά-

273 2641 398 2678 στου
436 2626 492 2678 δὲ
534 2629 808 2697 προφήτου
840 2630 868 2680 6
897 2628 1058 2690 αὐτὸς
1102 2629 1318 2698 ἐνήργει
1359 2628 1451 2681 τοῦ
1491 2628 1625 2680 Θεοῦ
1656 2629 1830 2696 λόγος.

277 2716 396 2786 'Ap‘
456 2711 549 2768 οὖν
590 2716 690 2785 τῆς
738 2715 856 2787 ἴσης
908 2717 1066 2780 ἀξίας
1117 2717 1194 2788 τῷ
1257 2722 1533 2787 μονογενεῖ
1579 2719 1690 2788 Υίῷ
1738 2718 1830 2771 τοῦ

274 2805 408 2859 Θεοῦ
438 2808 706 2870 κάκείνοις
727 2809 894 2862 ἅπασι
929 2810 1114 2879 μετῆν,
1146 2810 1237 2862 καὶ
1268 2810 1429 2863 πλέον
1452 2810 1599 2862 οὐδὲν
1625 2810 1834 2880 ὑπῆρχε

276 2898 354 2968 τῷ
387 2899 616 2970 Σωτῆρι,
649 2902 696 2951 εί
720 2900 782 2969 δὴ
815 2899 1062 2971 ἐνεργείᾳ
1093 2901 1228 2973 μόνῃ
1257 2901 1362 2953 ὑπὸ
1394 2901 1487 2954 τοῦ
1522 2903 1694 2969 Λόγου
1743 2902 1834 2954 τοῦ

278 2986 354 3058 τῷ
374 2985 493 3056 Θεῷ
530 2989 868 3058 συνημμένου
898 2990 1142 3043 ἐκινεῖτο.
1189 2989 1324 3042 Ἀλλ’
1355 2991 1474 3042 οὐδὲ
1500 2991 1568 3044 τὰ
1604 2993 1692 3043 ῐσα
1727 2993 1839 3054 τοῖς

280 3078 582 3148 προφήταις
617 3077 801 3147 φέρειν
831 3077 1010 3130 δίδωσι
1035 3078 1348 3149 Μάρκελλος
1378 3079 1454 3148 τῷ
1496 3078 1716 3150 Χριστῷ
1743 3079 1838 3132 τοῦ

1920 1987 2055 2043 Num
2086 1987 2424 2058 pertingebat
2449 1987 2516 2042 ad
2548 1985 2717 2042 solam
2745 1987 2887 2040 illam
2921 2000 3140 2040 carnem
3169 1981 3494 2038 Verbiillius

1921 2080 2164 2147 operatio
2185 2079 2210 2130 ἲ
2239 2093 2416 2132 nonne
2441 2077 2606 2132 etiam
2635 2088 2690 2132 et
2717 2079 2786 2131 ad
2831 2089 3059 2132 caeteros
3107 2076 3355 2130 homines
3395 2073 3492 2128 Dei

1925 2180 2141 2224 sanctos
2165 2209 2178 2233 ,
2233 2179 2288 2224 et
2332 2171 2397 2223 ad
2441 2179 2666 2225 caeteras
2697 2184 2887 2225 omnes
2915 2185 2944 2224 a
2968 2169 3148 2224 Verbo
3194 2169 3494 2239 productas

1925 2261 2248 2316 creaturas?
2281 2261 2439 2316 Certe
2471 2261 2690 2329 quidem
2730 2260 2905 2315 edocti
2938 2277 3146 2324 sumus,
3170 2259 3346 2314 Verbo
3380 2258 3490 2310 Do-

1928 2352 2056 2405 miui
2095 2351 2263 2406 caelos
2315 2351 2691 2406 constabilitos
2725 2369 2740 2405 :
2776 2363 2827 2404 et
2853 2352 3032 2405 omnia
3056 2366 3151 2419 per
3179 2351 3327 2404 illum
3353 2348 3492 2404 facta

1928 2442 2134 2498 fuisse:
2165 2452 2251 2505 et,
2279 2445 2398 2497 sine
2439 2443 2530 2497 illo
2571 2444 2772 2498 factum
2809 2442 2972 2496 fuisse
3012 2442 3141 2496 nihil
3177 2442 3422 2496 :scimus
3464 2454 3499 2494 e

1930 2533 2128 2588 divinis
2149 2534 2469 2602 Scripturis,
2499 2535 2770 2603 quomodo
2808 2534 2897 2588 hic
2931 2534 2982 2587 iu
3021 2534 3272 2588 omnibus
3306 2545 3500 2601 opere-

1933 2635 2037 2678 tur.
2067 2625 2340 2693 Scriptum
2363 2634 2443 2679 est
2469 2644 2480 2678 :
2529 2623 2750 2680 Verbum
2780 2624 2995 2679 Domini
3037 2625 3106 2677 ad
3149 2623 3300 2688 Osee,
3324 2623 3496 2692 ﬁlium

1933 2715 2084 2769 Buri
2118 2715 2198 2779 “;
2230 2725 2317 2771 et:
2359 2715 2576 2770 Verbum
2608 2715 2820 2780 Domini
2863 2716 3059 2785 factum
3091 2726 3166 2768 est
3193 2715 3263 2768 ad
3295 2713 3498 2767 Isaiam

1935 2809 2102 2876 ﬁlium
2129 2811 2285 2864 Amos
2308 2809 2350 2840 “
2373 2826 2388 2874 ;
2410 2819 2493 2865 et:
2530 2808 2754 2863 Verbum
2778 2808 2988 2862 Domini
3031 2808 3101 2862 ad
3129 2805 3495 2863 Jeremt'am“.

1937 2901 1992 2954 in
2013 2916 2328 2970 unoquoque
2346 2903 2572 2971 denique
2597 2902 2853 2971 propheta
2871 2902 3196 2970 operabatur
3211 2898 3338 2953 illud
3358 2898 3499 2952 idem

1937 2993 2156 3046 verbmu
2207 2993 2336 3057 Dei;
2375 2992 2633 3060 aqualem
2683 2994 2846 3061 igitur
2889 2992 2964 3047 illi
2992 3006 3182 3046 omnes
3209 3005 3329 3043 cum
3362 2986 3501 3042 Filio

1942 3082 2035 3137 Dei
2084 3083 2397 3152 dignitatem
2431 3083 2852 3152 participabant,
2884 3097 2985 3136 nec
3013 3090 3131 3136 erat
3159 3081 3338 3148 aliqua
3372 3081 3505 3134 Ser-

280 3167 434 3223 Θεοῦ.
489 3171 552 3223 Oi
599 3169 696 3240 μὲν
737 3168 846 3240 γάρ
897 3170 1040 3240 ζωῆς
1093 3171 1307 3224 αἰωνίου
1337 3171 1602 3225 ἀθανάτου
1651 3190 1709 3226 τε
1748 3173 1836 3227 καὶ

1941 3174 2139 3228 vatoris
2174 3175 2560 3243 prmrogativa;
2606 3173 2649 3226 si
2706 3173 2817 3227 sola
2850 3171 2939 3226 ille
2967 3171 3280 3240 operatione
3314 3167 3501 3232 Verbi,

280 3259 633 3331 ἀτελευτήτου
683 3259 980 3323 τεύξονται,
1025 3263 1103 3323 είς
1134 3262 1258 3324 τοὺς
1292 3263 1537 3326 ἅπαντας
1557 3263 1758 3327 αίῶνας
1784 3266 1842 3317 ἐν

272 3352 348 3421 ’τῇ
377 3349 790 3422 κατηγγελμένῃ
819 3349 926 3404 τῶν
953 3352 1194 3423 οὐρανῶν
1223 3351 1464 3425 βασιλείᾳ
1508 3354 1841 3424 βιωσόμενοι,

284 3439 505 3508 ἀγαθῶν
525 3458 584 3494 τε
602 3441 1014 3505 ἀπολαύσοντες,
1045 3441 1082 3496 d
1111 3444 1415 3512 ὀφθαλμὸς
1450 3447 1560 3498 οὐκ
1587 3441 1707 3499 εἶδε
1747 3446 1844 3498 καὶ

286 3527 393 3596 οὖς
419 3534 527 3585 οὐκ
567 3532 792 3600 ἤκουσε
829 3532 926 3584 καί
970 3534 1065 3585 ἐπὶ
1099 3533 1348 3600 καρδίαν
1384 3533 1692 3602 ἀνθρώπου
1733 3537 1845 3588 οὐκ

285 3620 463 3688 ἀνέϐη
486 3640 497 3652 ·
528 3624 556 3676 6
576 3623 631 3676 δὲ
659 3624 889 3692 Χριστὸς
922 3622 1014 3676 τοῦ
1046 3624 1201 3687 Θεοῦ,
1231 3625 1389 3688 αὐτὸς
1421 3627 1448 3678 6
1479 3627 1652 3688 κοινὸς
1683 3626 1847 3680 ἀπάν-

287 3726 396 3764 των
426 3710 634 3781 Σωτὴρ,
669 3713 696 3764 ὁ
719 3713 1055 3780 πρωτότοκος
1088 3713 1193 3766 τῶν
1226 3714 1433 3785 νεκρῶν
1452 3753 1467 3776 ,
1497 3718 1529 3785 ἡ
1561 3716 1714 3780 ἐλπὶς
1749 3720 1846 3787 τῆς

287 3803 396 3858 τῶν
424 3803 592 3872 ἀγίων
625 3806 990 3870 ἀναστάσεως,
1025 3806 1180 3874 μόνος
1221 3807 1329 3875 άρα
1365 3807 1485 3858 τότε
1525 3806 1850 3878 ἀπολειφθή-

293 3902 441 3947 σεται
488 3894 901 3966 παυθησομένης
941 3895 1103 3949 αὑτοῦ
1155 3899 1251 3966 τῆς
1294 3895 1584 3964 βασιλείας,
1619 3897 1712 3950 καὶ
1751 3897 1850 3966 τῆς

295 3988 554 4052 ζωοποιοῦ
584 3991 780 4060 σαρκὸς
816 3991 1020 4060 ἐρήμου
1046 3990 1138 4043 καὶ
1180 3989 1375 4057 ἀλόγου
1421 3989 1849 4060 καταλειφθησο-

302 4077 492 4148 μένης,¹
517 4078 591 4140 ὡς
623 4079 757 4149 μήτε
783 4079 1151 4150 προῡπάρχειν
1183 4079 1343 4132 αὑτὸν
1371 4078 1497 4131 Υίὸν
1521 4079 1654 4132 Θεοῦ
1703 4080 1850 4144 ὄντα,

299 4173 431 4244 μήτε
463 4172 698 4243 διαρκεῖν
728 4175 804 4236 είς
835 4173 1080 4244 ἄπειρον,
1107 4172 1248 4227 κατά
1289 4175 1386 4245 τὴν
1413 4174 1506 4228 τοῦ
1539 4176 1852 4247 Μαρκέλλου

296 4263 654 4319 διδασκαλίαν.
687 4266 925 4329 Εἰκότως
953 4265 1058 4336 ἄρα
1093 4265 1266 4318 ταῦτα
1298 4265 1517 4334 βασιλέα
1542 4268 1618 4337 (l)
1657 4269 1746 4321 τὸν
1779 4269 1855 4332 ὡς

297 4353 508 4426 ἀληθῶς
557 4355 771 4425 θεοφιλῆ
827 4357 921 4410 καὶ
959 4357 1350 4428 τρισμακάριον
1372 4357 1510 4410 κατά
1543 4357 1637 4410 τοῦ
1667 4358 1855 4429 ἀνδρὸς

299 4446 484 4512 ἐκίνει,
516 4446 687 4500 καίτοι
721 4447 884 4518 μυρία
907 4446 1350 4512 κολακεύσαντος,
1388 4449 1481 4502 καὶ
1502 4448 1669 4502 πολλά
1705 4450 1858 4519 βασι-

1941 3265 2083 3332 quod
2131 3279 2253 3317 cum
2284 3263 2392 3329 Deo
2425 3263 2636 3316 unitum
2689 3263 2960 3326 manebat,
2998 3261 3334 3315 movebatur.
3391 3258 3506 3311 Imo

1942 3369 2070 3409 vero
2099 3355 2387 3411 Marcellus
2420 3369 2523 3408 non
2557 3354 2794 3408 admittit
2835 3352 2928 3407 Dei
2961 3351 3182 3416 Filium,
3214 3352 3282 3406 ad
3319 3365 3505 3420 aequa-

1944 3447 2021 3501 les
2057 3447 2332 3516 portiones
2357 3460 2478 3500 cum
2532 3445 2790 3514 propheta
2844 3444 3054 3513 quovis.
3097 3444 3508 3512 Consequeuter

1944 3539 2085 3593 enim
2117 3538 2192 3591 illi
2228 3539 2389 3591 vitam
2417 3546 2700 3598 atcrnam,
2745 3535 3102 3590 immortalem
3123 3573 3138 3596 .
3183 3545 3238 3588 et
3267 3532 3508 3588 indetcr—

1946 3631 2254 3685 niinabilem
2279 3671 2294 3693 ,
2337 3645 2432 3700 per
2467 3629 2658 3683 saecula
2701 3642 2890 3697 nempe
2922 3628 3102 3682 omnia
3158 3626 3210 3678 in
3243 3624 3510 3696 promisso

1948 3723 2039 3777 illo
2085 3735 2248 3790 regno
2305 3722 2566 3776 caelorum
2622 3720 2870 3783 victuri,
2922 3719 3177 3771 fruitione
3213 3714 3510 3785 gaudentes

1949 3812 2210 3866 honorum
2235 3853 2248 3872 .
2285 3828 2404 3882 quae
2432 3827 2527 3866 nec
2551 3811 2744 3865 oculus
2779 3810 2944 3873 vidit,
2976 3823 3077 3864 nec
3108 3808 3254 3862 auris
3281 3804 3508 3870 audivit,

1951 3920 2047 3959 nec
2079 3905 2318 3957 ascendit
2355 3905 2406 3956 in
2439 3918 2534 3956 cor
2568 3902 2822 3956 hominis.
2871 3900 3124 3956 Christus
3163 3907 3342 3953 autem
3373 3896 3512 3961 Dei,

1950 3995 2252 4048 communis
2289 3995 2526 4048 omnium
2565 3993 2845 4056 Scrvator,
2883 4001 3214 4046 mortuorum
3245 3989 3514 4058 primoge-

1954 4087 2098 4138 nitus
2125 4125 2139 4147 ,
2181 4087 2312 4154 ‘Spes
2345 4084 2758 4140 resurrectionis
2796 4093 3104 4138 sanctorum
3131 4122 3148 4149 ,
3197 4081 3348 4136 solus
3384 4089 3514 4134 tunc

1955 4175 2376 4245 derelinquetur.
2397 4175 2573 4228 ablato
2603 4174 2702 4228 sibi
2733 4188 2918 4243 regno,
2950 4187 3116 4228 carne
3146 4171 3389 4235 viviﬁca,
3420 4185 3518 4223 nu-

1953 4266 2018 4320 da
2052 4277 2107 4321 et
2129 4266 2430 4321 irrationali
2459 4266 2712 4320 derelicta
2747 4284 2759 4318 :
2792 4265 2996 4334 ut'qui,
3024 4282 3044 4316 ι
3082 4279 3186 4319 non
3215 4271 3334 4318 erat
3367 4261 3518 4332 prius

1955 4373 2111 4425 quam
2161 4367 2402 4413 exstaret
2448 4357 2651 4422 homo,
2707 4356 2879 4412 Filius
2935 4355 3064 4419 Dei;
3126 4373 3144 4407 ι
3194 4369 3370 4424 neque
3419 4365 3518 4422 per

1956 4449 2312 4503 :cternitatem
2345 4449 2710 4515 perseverabit
2751 4463 2870 4502 esse
2893 4486 2912 4512 ,
2955 4448 3107 4516 juxta
3155 4444 3392 4500 Marcelli
3421 4444 3519 4497 do-

298 4535 432 4600 λὲως
478 4537 722 4607 ἐγκώμια
775 4537 937 4590 αὑτοῦ
987 4539 1043 4590 ἐν
1101 4538 1490 4609 συγγράμματι
1536 4538 1831 4604 διελθόντος

1956 4540 2206 4593 ctrinam.
2234 4539 2498 4604 Quocirca
2531 4555 2636 4593 nnu
2669 4539 3189 4592 immeritolimclam
3219 4533 3516 4598 horrenda,

299 4627 482 4680 Ταῦτα
520 4628 576 4680 δέ
605 4629 698 4681 καὶ
730 4629 827 4698 τὴν
861 4629 1020 4696 ἁγίαν
1073 4627 1320 4694 σύνοδον,
1366 4631 1424 4682 ἐν
1475 4633 1541 4700 τῇ
1603 4630 1851 4702 βασιλικῇ

304 4717 654 4772 συνελθοῦσαν
708 4719 857 4772 πόλει
889 4719 947 4783 ἐξ
995 4720 1269 4790 ἐπαρχιῶν
1321 4719 1622 4791 διαφόρων,
1659 4722 1854 4774 Πόντου

304 4812 394 4863 καὶ
425 4811 830 4874 Καππαδοκίας,
878 4811 1058 4874 Ἀσίας
1091 4828 1150 4863 τε
1183 4811 1274 4863 καὶ
1293 4811 1547 4881 Φρυγίας,
1583 4814 1674 4865 καὶ
1702 4811 1858 4866 Βιθυ-

305 4901 440 4966 νίας,
476 4900 693 4974 Θρᾴκης
724 4918 784 4954 τε
825 4903 916 4955 καὶ
945 4901 1053 4955 τῶν
1097 4901 1351 4954 ἐπέκεινα
1409 4901 1589 4973 μερῶν
1615 4942 1630 4964 ,
1683 4903 1864 4973 στηλι-

382 5085 440 5143 ﬁt
470 5077 567 5132 Ed.
593 5075 764 5133 Paris.
794 5091 914 5148 pag.
945 5077 1031 5132 55.
1108 5077 1152 5109 “
1182 5077 1304 5134 Ose.
1346 5094 1385 5145 ι,
1431 5079 1480 5133 1.

381 5258 489 5329 (97)
534 5258 672 5329 Ἐκῇ
701 5259 1004 5329 ἀνείληφε.
1035 5258 1230 5312 Facilis
1255 5255 1542 5329 restitutio,
1724 5257 1866 5329 ἀνεί·

313 5321 756 5401 ληέρε.’Μ.-βεὶη
769 5321 938 5401 vulgi)
963 5331 1139 5400 σάρκα
1172 5329 1286 5401 loco
1317 5325 1478 5401 σαρκί
1497 5336 1549 5401 e‘t
1573 5321 1696 5377 an"
1714 5321 1867 5378 εἶπεν

315 5393 512 5452 ριἰιιοι
541 5401 587 5452 εί
614 5399 670 5452 δέ
695 5397 865 5451 ταῦτα
877 5393 965 5461 ’λ.,
997 5393 1156 5465 porro
1178 5393 1424 5465 ἐνέργεια
1445 5393 1696 5465 ἔφθακεν,
1717 5411 1863 5449 corr.

315 5468 542 5536 ἐφθασεν
567 5479 620 5521 et
649 5463 1050 5537 ἐστερεώθησαν
1079 5468 1172 5518 καὶ
1198 5463 1448 5537 δι’-αὑτοῦ
1480 5463 1652 5537 πάντα
1675 5468 1757 5532 ἐγ.

389 5537 498 5607 (98)
525 5539 758 5591 Οὐκοῦν
778 5531 1020 5606 ἐνεργεῖ.
1065 5537 1225 5607 Lege,
1261 5536 1359 5586 οὐκ
1392 5531 1507 5607 οὖν,
1527 5535 1609 5607 ὅτι
1639 5531 1865 5604 ἐνεργεῖ.

322 5606 385 5661 Et
402 5605 612 5668 statim,
643 5607 859 5675 ἀγαθῶν
898 5605 956 5659 τε
985 5605 1374 5659 ἀπολαύσονται
1406 5606 1475 5675 (c.
1498 5605 1530 5654 Ι.
1556 5605 1631 5675 5),

392 5675 502 5746 (99)
523 5673 707 5746 Vulgo:
713 5678 930 5746 ἐγένετο
943 5687 994 5730 et
1011 5678 1225 5746 ἐνήργει
1257 5677 1284 5727 6
1311 5673 1467 5735 αὐτὸς
1484 5681 1536 5726 ct
1552 5675 1598 5724 εἰ
1613 5673 1688 5739 δέ,
1706 5688 1863 5742 porro

319 5744 490 5816 ἧκουε
512 5753 568 5798 et
591 5744 724 5816 Θεοῦ
747 5749 776 5798 6
804 5745 974 5816 κοινὸς
1001 5744 1189 5798 amr.

396 5814 472 5883 (l)
497 5815 774 5872 Βασιλέα.
807 5815 1217 5872 Constantinum
1247 5811 1492 5880 intelligit
1521 5811 1629 5881 jam
1667 5813 1857 5867 dciuu-

1578 5080 1619 5111 ⁸¹
1655 5080 1758 5137 lsa.
1785 5097 1823 5142 l.
1855 5083 1908 5136 1.

1956 4646 2135 4699 regem
2169 4631 2315 4686 illum
2351 4646 2475 4686 vere
2505 4631 2832 4701 religiosum,
2855 4638 2910 4683 et
2935 4639 3017 4683 ter
3033 4631 3244 4682 beatum
3259 4627 3518 4681 adversus

1959 4723 2276 4788 scriptorem
2312 4722 2684 4784 concitarunt,
2719 4721 2845 4775 licet
2875 4720 2949 4774 illi
2990 4721 3042 4774 in
3079 4718 3284 4787 scripto
3314 4730 3412 4772 suo
3438 4715 3521 4769 iu-

1957 4811 2124 4866 ﬁnitis
2155 4814 2326 4868 modis
2350 4815 2778 4877 adblaudiretur,
2804 4820 2860 4866 et
2897 4811 3078 4865 multis
3108 4825 3230 4865 eum
3261 4806 3522 4863 encomiis

1958 4903 2291 4959 honestaret.
2343 4903 2472 4959 llaec
2505 4906 2560 4961 in
2601 4905 2751 4958 illum
2797 4909 3203 4959 commoverunt
3236 4912 3520 4955 sacrosan-

1985 5083 2232 5152 "1cm,
2253 5083 2324 5151 2;
2359 5085 2561 5150 xxv,1.

1962 5269 2132 5331 etum,
2162 5263 2245 5316 cui
2279 5263 2541 5331 scriptum
2572 5261 2702 5316 illud
2732 5277 2887 5316 suum
2921 5259 3210 5316 Marcellus
3238 5259 3517 5317 ochrebat.

1965 5330 2013 5402 Is
2040 5331 2367 5391 Marcellum.
2396 5330 2476 5402 ab
2518 5333 2834 5385 Eusebiauis
2871 5335 3180 5402 episcopatu
3211 5340 3437 5402 motum,
3465 5332 3520 5386 in

1963 5401 2080 5472 ejus
2109 5402 2276 5472 locum
2298 5401 2490 5472 Basilio
2513 5403 2740 5472 quodam
2761 5401 2988 5472 suhroga
2999 5412 3071 5461 to.
3088 5401 3250 5472 jussit
3273 5401 3524 5472 exsulare

1964 5470 2018 5522 iu
2060 5471 2288 5523 concilio
2336 5468 2954 5534 Constantinopolitano,
2993 5468 3135 5524 anno
3179 5468 3521 5526 Constantini

1965 5540 2175 5603 ultimo,
2207 5539 2406 5593 Christi
2442 5539 2566 5601 .356,
2621 5539 2917 5602 celebrato.
2955 5539 3107 5608 cujus
3153 5539 3240 5593 hic
3281 5541 3526 5593 meminit

1965 5609 2244 5663 Eusebius.
2275 5610 2329 5660 In
2351 5623 2456 5675 quo
2494 5609 2755 5664 Eusebius
2786 5609 2874 5663 ille
2889 5611 3209 5664 Arianorum
3284 5618 3428 5663 rotos
3501 5634 3528 5650 -

1967 5681 2171 5735 larius.
2211 5679 2336 5731 olim
2371 5679 2812 5736 Nicomediensis.
2847 5679 3191 5736 praesidebat.
3219 5623 3375 5733 br.—
3405 5623 3525 5736 ύῗι

3273 5708 3375 5733 .-
3405 5691 3525 5736 Ιυῐ

1967 5681 2138 5750 larius
2158 5720 2191 5750 ,ί
2211 5679 2336 5731 olim
2371 5679 2812 5750 Nicomediensis,
2847 5679 3191 5750 praesidebat.

1964 5749 2124 5818 vulgo
2157 5749 2349 5802 Πόντου
2378 5765 2430 5800 τε
2460 5747 2572 5804 καί.
