  <div class='ocr_page' id='page_1' title='image "/cluster/home/n/w/nwhite01/storage/ocr_20150623/24/uva.x004246623/427.png"; bbox 0 0 4106 6406; ppageno 0'>
   <div class='ocr_carea' id='block_1_1' title="bbox 698 373 804 435">
    <p class='ocr_par' dir='ltr' id='par_1_1' title="bbox 698 373 804 435">
     <span class='ocr_line' id='line_1_1' title="bbox 698 373 804 435; baseline -0.038 0"><span class='ocrx_word' id='word_1_1' title='bbox 698 373 804 435; x_wconf 68' lang='grc'><strong>023</strong></span> 
     </span>
    </p>
   </div>
   <div class='ocr_carea' id='block_1_2' title="bbox 1352 350 3185 421">
    <p class='ocr_par' dir='ltr' id='par_1_2' title="bbox 1352 350 3185 421">
     <span class='ocr_line' id='line_1_2' title="bbox 1352 350 3185 421; baseline -0.008 -2"><span class='ocrx_word' id='word_1_2' title='bbox 1352 363 1617 421; x_wconf 73' lang='lat' dir='ltr'><strong>EUSEBII</strong></span> <span class='ocrx_word' id='word_1_3' title='bbox 1653 358 2124 418; x_wconf 65' lang='lat' dir='ltr'><strong>CESARIENSIS</strong></span> <span class='ocrx_word' id='word_1_4' title='bbox 2160 356 2308 413; x_wconf 82' lang='lat' dir='ltr'><strong>OPP.</strong></span> <span class='ocrx_word' id='word_1_5' title='bbox 2345 355 2525 410; x_wconf 83' lang='lat' dir='ltr'><strong>PARS</strong></span> <span class='ocrx_word' id='word_1_6' title='bbox 2563 353 2649 408; x_wconf 83' lang='lat' dir='ltr'><strong>IV.</strong></span> <span class='ocrx_word' id='word_1_7' title='bbox 2676 385 2742 394; x_wconf 92' lang='lat'><strong>—</strong></span> <span class='ocrx_word' id='word_1_8' title='bbox 2778 350 3185 410; x_wconf 60' lang='lat' dir='ltr'><strong>DOGMITICA.</strong></span> 
     </span>
    </p>
   </div>
   <div class='ocr_carea' id='block_1_3' title="bbox 3793 344 3889 401">
    <p class='ocr_par' dir='ltr' id='par_1_3' title="bbox 3793 344 3889 401">
     <span class='ocr_line' id='line_1_3' title="bbox 3793 344 3889 401; baseline 0.01 -1"><span class='ocrx_word' id='word_1_9' title='bbox 3793 344 3889 401; x_wconf 76' lang='lat' dir='ltr'><strong>su</strong></span> 
     </span>
    </p>
   </div>
   <div class='ocr_carea' id='block_1_4' title="bbox 698 457 2236 551">
    <p class='ocr_par' dir='ltr' id='par_1_4' title="bbox 698 472 2228 551">
     <span class='ocr_line' id='line_1_4' title="bbox 698 472 2228 551; baseline -0.011 -12"><span class='ocrx_word' id='word_1_10' title='bbox 698 496 840 539; x_wconf 79' lang='lat' dir='ltr'><strong>ctam</strong></span> <span class='ocrx_word' id='word_1_11' title='bbox 879 484 1021 538; x_wconf 88' lang='lat' dir='ltr'><strong>lllam</strong></span> <span class='ocrx_word' id='word_1_12' title='bbox 1053 480 1339 551; x_wconf 82' lang='lat' dir='ltr'><strong>synodum,</strong></span> <span class='ocrx_word' id='word_1_13' title='bbox 1364 493 1483 548; x_wconf 73' lang='lat' dir='ltr'><strong>quae</strong></span> <span class='ocrx_word' id='word_1_14' title='bbox 1512 478 1576 531; x_wconf 89' lang='lat' dir='ltr'><strong>de</strong></span> <span class='ocrx_word' id='word_1_15' title='bbox 1601 474 1825 531; x_wconf 78' lang='lat' dir='ltr'><strong>diversis</strong></span> <span class='ocrx_word' id='word_1_16' title='bbox 1856 473 1987 527; x_wconf 89' lang='lat' dir='ltr'><strong>adeo</strong></span> <span class='ocrx_word' id='word_1_17' title='bbox 2017 472 2228 541; x_wconf 88' lang='lat' dir='ltr'><strong>provin-</strong></span> 
     </span>
    </p>
   </div>
   <div class='ocr_carea' id='block_1_5' title="bbox 2335 457 3891 551">
    <p class='ocr_par' dir='ltr' id='par_1_5' title="bbox 2336 457 3891 551">
     <span class='ocr_line' id='line_1_5' title="bbox 2336 457 3891 551; baseline -0.005 -30"><span class='ocrx_word' id='word_1_18' title='bbox 2336 468 2508 522; x_wconf 85' lang='grc' dir='ltr'>τεύειν</span> <span class='ocrx_word' id='word_1_19' title='bbox 2549 468 2636 521; x_wconf 80' lang='grc' dir='ltr'>τὸν</span> <span class='ocrx_word' id='word_1_20' title='bbox 2678 468 2863 538; x_wconf 81' lang='grc' dir='ltr'>ἄνδρα,</span> <span class='ocrx_word' id='word_1_21' title='bbox 2910 467 2994 519; x_wconf 71' lang='grc' dir='ltr'><strong>διὰ</strong></span> <span class='ocrx_word' id='word_1_22' title='bbox 3036 467 3143 536; x_wconf 74' lang='grc' dir='ltr'>τῆς</span> <span class='ocrx_word' id='word_1_23' title='bbox 3162 470 3280 521; x_wconf 84' lang='grc' dir='ltr'>κατ’</span> <span class='ocrx_word' id='word_1_24' title='bbox 3313 463 3474 520; x_wconf 82' lang='grc' dir='ltr'>αὐτοῦ</span> <span class='ocrx_word' id='word_1_25' title='bbox 3520 462 3762 533; x_wconf 67' lang='grc' dir='ltr'>Γραφῆς,</span> 
     </span>
    </p>
   </div>
   <div class='ocr_carea' id='block_1_6' title="bbox 699 553 2235 640">
    <p class='ocr_par' dir='ltr' id='par_1_6' title="bbox 699 553 2235 640">
     <span class='ocr_line' id='line_1_6' title="bbox 699 553 2235 640; baseline -0.008 -13"><span class='ocrx_word' id='word_1_26' title='bbox 699 572 817 640; x_wconf 90' lang='lat' dir='ltr'><strong>clis,</strong></span> <span class='ocrx_word' id='word_1_27' title='bbox 857 570 1026 627; x_wconf 84' lang='lat' dir='ltr'><strong>Ponto</strong></span> <span class='ocrx_word' id='word_1_28' title='bbox 1050 611 1066 635; x_wconf 88' lang='lat'><strong>,</strong></span> <span class='ocrx_word' id='word_1_29' title='bbox 1085 568 1425 639; x_wconf 78' lang='lat' dir='ltr'><strong>.Cappadocia</strong></span> <span class='ocrx_word' id='word_1_30' title='bbox 1446 609 1460 633; x_wconf 90' lang='lat'><strong>,</strong></span> <span class='ocrx_word' id='word_1_31' title='bbox 1488 553 1659 631; x_wconf 67' lang='lat' dir='ltr'><strong>Asia,</strong></span> <span class='ocrx_word' id='word_1_32' title='bbox 1682 564 1943 633; x_wconf 81' lang='lat' dir='ltr'><strong>Phrygia,</strong></span> <span class='ocrx_word' id='word_1_33' title='bbox 1972 562 2235 633; x_wconf 86' lang='lat' dir='ltr'><strong>Bithynia,</strong></span> 
     </span>
    </p>
   </div>
   <div class='ocr_carea' id='block_1_7' title="bbox 698 640 2235 729">
    <p class='ocr_par' dir='ltr' id='par_1_7' title="bbox 698 640 2235 729">
     <span class='ocr_line' id='line_1_7' title="bbox 698 640 2235 729; baseline -0.007 -13"><span class='ocrx_word' id='word_1_34' title='bbox 698 662 945 727; x_wconf 67' lang='lat' dir='ltr'><strong>Thracia,</strong></span> <span class='ocrx_word' id='word_1_35' title='bbox 972 672 1023 717; x_wconf 88' lang='lat' dir='ltr'><strong>et</strong></span> <span class='ocrx_word' id='word_1_36' title='bbox 1046 640 1388 717; x_wconf 64' lang='lat' dir='ltr'><strong>ulterioribu&#39;s</strong></span> <span class='ocrx_word' id='word_1_37' title='bbox 1415 659 1721 729; x_wconf 73' lang='lat' dir='ltr'><strong>regionibus</strong></span> <span class='ocrx_word' id='word_1_38' title='bbox 1752 658 1800 711; x_wconf 91' lang='lat' dir='ltr'><strong>in</strong></span> <span class='ocrx_word' id='word_1_39' title='bbox 1832 656 2029 725; x_wconf 88' lang='lat' dir='ltr'><strong>regiam</strong></span> <span class='ocrx_word' id='word_1_40' title='bbox 2053 656 2235 708; x_wconf 84' lang='lat' dir='ltr'><strong>urbem</strong></span> 
     </span>
    </p>
   </div>
   <div class='ocr_carea' id='block_1_8' title="bbox 697 746 2238 820">
    <p class='ocr_par' dir='ltr' id='par_1_8' title="bbox 697 746 2238 820">
     <span class='ocr_line' id='line_1_8' title="bbox 697 746 2238 820; baseline -0.007 -12"><span class='ocrx_word' id='word_1_41' title='bbox 697 764 1019 811; x_wconf 81' lang='lat' dir='ltr'><strong>convenerat</strong></span> <span class='ocrx_word' id='word_1_42' title='bbox 1067 772 1082 809; x_wconf 91' lang='lat'>:</span> <span class='ocrx_word' id='word_1_43' title='bbox 1128 762 1182 807; x_wconf 91' lang='lat' dir='ltr'><strong>et</strong></span> <span class='ocrx_word' id='word_1_44' title='bbox 1222 762 1280 805; x_wconf 91' lang='lat' dir='ltr'><strong>ut</strong></span> <span class='ocrx_word' id='word_1_45' title='bbox 1324 751 1526 820; x_wconf 91' lang='lat' dir='ltr'><strong>scripto</strong></span> <span class='ocrx_word' id='word_1_46' title='bbox 1575 750 1628 803; x_wconf 91' lang='lat' dir='ltr'><strong>in</strong></span> <span class='ocrx_word' id='word_1_47' title='bbox 1679 748 1824 801; x_wconf 82' lang='lat' dir='ltr'><strong>illum</strong></span> <span class='ocrx_word' id='word_1_48' title='bbox 1862 746 2238 801; x_wconf 85' lang='lat' dir='ltr'><strong>inveherentur</strong></span> 
     </span>
    </p>
   </div>
   <div class='ocr_carea' id='block_1_9' title="bbox 695 836 2237 908">
    <p class='ocr_par' dir='ltr' id='par_1_9' title="bbox 695 836 2237 908">
     <span class='ocr_line' id='line_1_9' title="bbox 695 836 2237 908; baseline -0.005 -12"><span class='ocrx_word' id='word_1_49' title='bbox 695 840 883 896; x_wconf 84' lang='lat' dir='ltr'><strong>Patres</strong></span> <span class='ocrx_word' id='word_1_50' title='bbox 907 843 990 895; x_wconf 84' lang='lat' dir='ltr'><strong>vel</strong></span> <span class='ocrx_word' id='word_1_51' title='bbox 1022 843 1213 897; x_wconf 86' lang='lat' dir='ltr'><strong>invitos</strong></span> <span class='ocrx_word' id='word_1_52' title='bbox 1236 847 1547 908; x_wconf 82' lang='lat' dir='ltr'><strong>coegerunt.</strong></span> <span class='ocrx_word' id='word_1_53' title='bbox 1578 837 1701 891; x_wconf 64' lang='lat' dir='ltr'><strong>Hmc</strong></span> <span class='ocrx_word' id='word_1_54' title='bbox 1727 845 1779 891; x_wconf 90' lang='lat' dir='ltr'><strong>et</strong></span> <span class='ocrx_word' id='word_1_55' title='bbox 1810 852 1909 892; x_wconf 88' lang='lat' dir='ltr'><strong>nos</strong></span> <span class='ocrx_word' id='word_1_56' title='bbox 1949 836 2091 903; x_wconf 88' lang='lat' dir='ltr'><strong>ipsos</strong></span> <span class='ocrx_word' id='word_1_57' title='bbox 2116 851 2237 903; x_wconf 80' lang='lat' dir='ltr'><strong>pro-</strong></span> 
     </span>
    </p>
   </div>
   <div class='ocr_carea' id='block_1_10' title="bbox 707 927 2235 999">
    <p class='ocr_par' dir='ltr' id='par_1_10' title="bbox 707 927 2235 999">
     <span class='ocr_line' id='line_1_10' title="bbox 707 927 2235 999; baseline -0.003 -16"><span class='ocrx_word' id='word_1_58' title='bbox 707 942 994 986; x_wconf 81' lang='lat' dir='ltr'><strong>traxerunt</strong></span> <span class='ocrx_word' id='word_1_59' title='bbox 1023 932 1087 985; x_wconf 89' lang='lat' dir='ltr'><strong>ad</strong></span> <span class='ocrx_word' id='word_1_60' title='bbox 1129 932 1264 985; x_wconf 88' lang='lat' dir='ltr'><strong>hanc</strong></span> <span class='ocrx_word' id='word_1_61' title='bbox 1290 946 1408 999; x_wconf 75' lang='lat' dir='ltr'><strong>qua:</strong></span> <span class='ocrx_word' id='word_1_62' title='bbox 1455 944 1561 997; x_wconf 68' lang='lat' dir='ltr'><strong>pra:</strong></span> <span class='ocrx_word' id='word_1_63' title='bbox 1612 928 1859 981; x_wconf 88' lang='lat' dir='ltr'><strong>manibus</strong></span> <span class='ocrx_word' id='word_1_64' title='bbox 1906 937 1984 981; x_wconf 87' lang='lat' dir='ltr'><strong>est</strong></span> <span class='ocrx_word' id='word_1_65' title='bbox 2030 927 2235 991; x_wconf 81' lang='lat' dir='ltr'><strong>disqui-</strong></span> 
     </span>
    </p>
   </div>
   <div class='ocr_carea' id='block_1_11' title="bbox 694 1017 2236 1087">
    <p class='ocr_par' dir='ltr' id='par_1_11' title="bbox 694 1017 2236 1087">
     <span class='ocr_line' id='line_1_11' title="bbox 694 1017 2236 1087; baseline -0.005 -9"><span class='ocrx_word' id='word_1_66' title='bbox 694 1024 945 1078; x_wconf 89' lang='lat' dir='ltr'><strong>sitionem</strong></span> <span class='ocrx_word' id='word_1_67' title='bbox 982 1060 999 1086; x_wconf 89' lang='lat'><strong>,</strong></span> <span class='ocrx_word' id='word_1_68' title='bbox 1055 1032 1114 1074; x_wconf 92' lang='lat' dir='ltr'><strong>ut</strong></span> <span class='ocrx_word' id='word_1_69' title='bbox 1172 1020 1409 1087; x_wconf 82' lang='lat' dir='ltr'><strong>vestigiis</strong></span> <span class='ocrx_word' id='word_1_70' title='bbox 1482 1019 1622 1073; x_wconf 82' lang='lat' dir='ltr'><strong>illius</strong></span> <span class='ocrx_word' id='word_1_71' title='bbox 1676 1018 1861 1087; x_wconf 83' lang='lat' dir='ltr'><strong>synodi</strong></span> <span class='ocrx_word' id='word_1_72' title='bbox 1928 1017 2236 1070; x_wconf 81' lang='lat' dir='ltr'><strong>insistentes</strong></span> 
     </span>
    </p>
   </div>
   <div class='ocr_carea' id='block_1_12' title="bbox 695 1105 2235 1171">
    <p class='ocr_par' dir='ltr' id='par_1_12' title="bbox 695 1105 2235 1171">
     <span class='ocr_line' id='line_1_12' title="bbox 695 1105 2235 1171; baseline -0.005 -5"><span class='ocrx_word' id='word_1_73' title='bbox 695 1113 997 1166; x_wconf 82' lang='lat' dir='ltr'><strong>sanctiones</strong></span> <span class='ocrx_word' id='word_1_74' title='bbox 1024 1120 1314 1171; x_wconf 86' lang='lat' dir='ltr'><strong>tueremur.</strong></span> <span class='ocrx_word' id='word_1_75' title='bbox 1351 1117 1404 1163; x_wconf 91' lang='lat' dir='ltr'><strong>et</strong></span> <span class='ocrx_word' id='word_1_76' title='bbox 1431 1107 1820 1162; x_wconf 89' lang='lat' dir='ltr'><strong>comministris</strong></span> <span class='ocrx_word' id='word_1_77' title='bbox 1855 1107 2054 1158; x_wconf 91' lang='lat' dir='ltr'><strong>nostris</strong></span> <span class='ocrx_word' id='word_1_78' title='bbox 2078 1105 2235 1158; x_wconf 85' lang='lat' dir='ltr'><strong>satis-</strong></span> 
     </span>
    </p>
   </div>
   <div class='ocr_carea' id='block_1_13' title="bbox 694 1196 2233 1268">
    <p class='ocr_par' dir='ltr' id='par_1_13' title="bbox 694 1196 2233 1268">
     <span class='ocr_line' id='line_1_13' title="bbox 694 1196 2233 1268; baseline -0.005 -15"><span class='ocrx_word' id='word_1_79' title='bbox 694 1202 1008 1263; x_wconf 83' lang='lat' dir='ltr'><strong>faceremus,</strong></span> <span class='ocrx_word' id='word_1_80' title='bbox 1044 1204 1129 1268; x_wconf 89' lang='lat' dir='ltr'><strong>qui</strong></span> <span class='ocrx_word' id='word_1_81' title='bbox 1183 1203 1293 1256; x_wconf 63' lang='lat' dir='ltr'><strong>haec</strong></span> <span class='ocrx_word' id='word_1_82' title='bbox 1354 1210 1411 1256; x_wconf 92' lang='lat' dir='ltr'><strong>ut</strong></span> <span class='ocrx_word' id='word_1_83' title='bbox 1452 1198 1861 1267; x_wconf 70' lang='lat' dir='ltr'><strong>aggrederentur</strong></span> <span class='ocrx_word' id='word_1_84' title='bbox 1894 1196 2046 1249; x_wconf 90' lang='lat' dir='ltr'><strong>nobis</strong></span> <span class='ocrx_word' id='word_1_85' title='bbox 2074 1197 2233 1248; x_wconf 87' lang='lat' dir='ltr'><strong>dede-</strong></span> 
     </span>
    </p>
   </div>
   <div class='ocr_carea' id='block_1_14' title="bbox 694 1287 2235 1358">
    <p class='ocr_par' dir='ltr' id='par_1_14' title="bbox 694 1287 2235 1358">
     <span class='ocr_line' id='line_1_14' title="bbox 694 1287 2235 1358; baseline -0.003 -15"><span class='ocrx_word' id='word_1_86' title='bbox 694 1301 819 1345; x_wconf 85' lang='lat' dir='ltr'><strong>runt</strong></span> <span class='ocrx_word' id='word_1_87' title='bbox 841 1292 890 1343; x_wconf 93' lang='lat' dir='ltr'><strong>in</strong></span> <span class='ocrx_word' id='word_1_88' title='bbox 918 1297 975 1354; x_wconf 61' lang='grc' dir='ltr'><strong>»Β</strong></span> <span class='ocrx_word' id='word_1_89' title='bbox 1009 1292 1291 1344; x_wconf 82' lang='lat' dir='ltr'><strong>mandatis.</strong></span> <span class='ocrx_word' id='word_1_90' title='bbox 1338 1289 1587 1358; x_wconf 88' lang='lat' dir='ltr'><strong>Inprimis</strong></span> <span class='ocrx_word' id='word_1_91' title='bbox 1633 1298 1832 1350; x_wconf 87' lang='lat' dir='ltr'><strong>autem,</strong></span> <span class='ocrx_word' id='word_1_92' title='bbox 1864 1287 2115 1344; x_wconf 82' lang='lat' dir='ltr'><strong>arbitror.</strong></span> <span class='ocrx_word' id='word_1_93' title='bbox 2147 1300 2235 1338; x_wconf 87' lang='lat' dir='ltr'><strong>ne-</strong></span> 
     </span>
    </p>
   </div>
   <div class='ocr_carea' id='block_1_15' title="bbox 692 1374 2231 1443">
    <p class='ocr_par' dir='ltr' id='par_1_15' title="bbox 692 1374 2231 1443">
     <span class='ocr_line' id='line_1_15' title="bbox 692 1374 2231 1443; baseline -0.003 -11"><span class='ocrx_word' id='word_1_94' title='bbox 692 1381 929 1434; x_wconf 89' lang='lat' dir='ltr'><strong>cessario</strong></span> <span class='ocrx_word' id='word_1_95' title='bbox 952 1382 1079 1434; x_wconf 91' lang='lat' dir='ltr'><strong>mihi</strong></span> <span class='ocrx_word' id='word_1_96' title='bbox 1112 1382 1211 1433; x_wconf 91' lang='lat' dir='ltr'><strong>hoc</strong></span> <span class='ocrx_word' id='word_1_97' title='bbox 1234 1379 1532 1433; x_wconf 87' lang='lat' dir='ltr'><strong>faciendum</strong></span> <span class='ocrx_word' id='word_1_98' title='bbox 1557 1376 1747 1439; x_wconf 88' lang='lat' dir='ltr'><strong>fuerat,</strong></span> <span class='ocrx_word' id='word_1_99' title='bbox 1776 1385 1991 1443; x_wconf 89' lang='lat' dir='ltr'><strong>propter</strong></span> <span class='ocrx_word' id='word_1_100' title='bbox 2021 1388 2113 1427; x_wconf 89' lang='lat' dir='ltr'><strong>eos</strong></span> <span class='ocrx_word' id='word_1_101' title='bbox 2140 1374 2231 1441; x_wconf 89' lang='lat' dir='ltr'><strong>qui</strong></span> 
     </span>
    </p>
   </div>
   <div class='ocr_carea' id='block_1_16' title="bbox 690 1462 2233 1535">
    <p class='ocr_par' dir='ltr' id='par_1_16' title="bbox 690 1462 2233 1535">
     <span class='ocr_line' id='line_1_16' title="bbox 690 1462 2233 1535; baseline -0.005 -11"><span class='ocrx_word' id='word_1_102' title='bbox 690 1470 1003 1524; x_wconf 81' lang='lat' dir='ltr'><strong>existimant</strong></span> <span class='ocrx_word' id='word_1_103' title='bbox 1030 1471 1172 1529; x_wconf 84' lang='lat' dir='ltr'><strong>hunc</strong></span> <span class='ocrx_word' id='word_1_104' title='bbox 1197 1469 1387 1535; x_wconf 77' lang='lat' dir='ltr'><strong>injuria</strong></span> <span class='ocrx_word' id='word_1_105' title='bbox 1416 1468 1573 1524; x_wconf 83' lang='lat' dir='ltr'><strong>allici.</strong></span> <span class='ocrx_word' id='word_1_106' title='bbox 1609 1468 1768 1521; x_wconf 88' lang='lat' dir='ltr'><strong>Decet</strong></span> <span class='ocrx_word' id='word_1_107' title='bbox 1791 1466 1933 1519; x_wconf 91' lang='lat' dir='ltr'><strong>enim</strong></span> <span class='ocrx_word' id='word_1_108' title='bbox 1963 1465 2099 1517; x_wconf 76' lang='lat' dir='ltr'><strong>hanc,</strong></span> <span class='ocrx_word' id='word_1_109' title='bbox 2126 1462 2233 1516; x_wconf 90' lang='lat' dir='ltr'><strong>fra-</strong></span> 
     </span>
    </p>
   </div>
   <div class='ocr_carea' id='block_1_17' title="bbox 693 1555 2231 1627">
    <p class='ocr_par' dir='ltr' id='par_1_17' title="bbox 693 1555 2231 1627">
     <span class='ocr_line' id='line_1_17' title="bbox 693 1555 2231 1627; baseline -0.003 -15"><span class='ocrx_word' id='word_1_110' title='bbox 693 1569 835 1615; x_wconf 88' lang='lat' dir='ltr'><strong>trum</strong></span> <span class='ocrx_word' id='word_1_111' title='bbox 863 1571 1165 1615; x_wconf 87' lang='lat' dir='ltr'><strong>nostrorum</strong></span> <span class='ocrx_word' id='word_1_112' title='bbox 1194 1560 1548 1627; x_wconf 86' lang='lat' dir='ltr'><strong>suspicionem</strong></span> <span class='ocrx_word' id='word_1_113' title='bbox 1580 1560 1816 1611; x_wconf 75' lang='lat' dir='ltr'><strong>eximere</strong></span> <span class='ocrx_word' id='word_1_114' title='bbox 1843 1570 1906 1609; x_wconf 78' lang='lat' dir='ltr'><strong>ex</strong></span> <span class='ocrx_word' id='word_1_115' title='bbox 1931 1555 2146 1620; x_wconf 90' lang='lat' dir='ltr'><strong>animis,</strong></span> <span class='ocrx_word' id='word_1_116' title='bbox 2176 1564 2231 1609; x_wconf 82' lang='lat' dir='ltr'><strong>et</strong></span> 
     </span>
    </p>
   </div>
   <div class='ocr_carea' id='block_1_18' title="bbox 692 1644 2231 1729">
    <p class='ocr_par' dir='ltr' id='par_1_18' title="bbox 692 1644 2231 1729">
     <span class='ocr_line' id='line_1_18' title="bbox 692 1644 2231 1729; baseline -0.006 -24"><span class='ocrx_word' id='word_1_117' title='bbox 692 1651 999 1718; x_wconf 80' lang='lat' dir='ltr'><strong>aliquandiu</strong></span> <span class='ocrx_word' id='word_1_118' title='bbox 1036 1649 1280 1702; x_wconf 87' lang='lat' dir='ltr'><strong>latentem</strong></span> <span class='ocrx_word' id='word_1_119' title='bbox 1321 1661 1373 1701; x_wconf 91' lang='lat' dir='ltr'><strong>et</strong></span> <span class='ocrx_word' id='word_1_120' title='bbox 1406 1663 1501 1718; x_wconf 88' lang='lat' dir='ltr'><strong>per</strong></span> <span class='ocrx_word' id='word_1_121' title='bbox 1535 1646 1752 1701; x_wconf 86' lang='lat' dir='ltr'><strong>latibula</strong></span> <span class='ocrx_word' id='word_1_122' title='bbox 1787 1646 2104 1729; x_wconf 71' lang='lat' dir='ltr'><strong>occultatam</strong></span> <span class='ocrx_word' id='word_1_123' title='bbox 2154 1644 2231 1713; x_wconf 81' lang='lat' dir='ltr'><strong>ip-</strong></span> 
     </span>
    </p>
   </div>
   <div class='ocr_carea' id='block_1_19' title="bbox 692 1735 2227 1805">
    <p class='ocr_par' dir='ltr' id='par_1_19' title="bbox 692 1735 2227 1805">
     <span class='ocr_line' id='line_1_19' title="bbox 692 1735 2227 1805; baseline -0.005 -11"><span class='ocrx_word' id='word_1_124' title='bbox 692 1741 803 1795; x_wconf 86' lang='lat' dir='ltr'><strong>sius</strong></span> <span class='ocrx_word' id='word_1_125' title='bbox 846 1740 897 1793; x_wconf 90' lang='lat' dir='ltr'><strong>in</strong></span> <span class='ocrx_word' id='word_1_126' title='bbox 936 1738 1127 1794; x_wconf 85' lang='lat' dir='ltr'><strong>Filium</strong></span> <span class='ocrx_word' id='word_1_127' title='bbox 1161 1738 1250 1791; x_wconf 90' lang='lat' dir='ltr'><strong>Dei</strong></span> <span class='ocrx_word' id='word_1_128' title='bbox 1284 1739 1609 1805; x_wconf 88' lang='lat' dir='ltr'><strong>impietatem</strong></span> <span class='ocrx_word' id='word_1_129' title='bbox 1636 1779 1651 1803; x_wconf 91' lang='lat'><strong>,</strong></span> <span class='ocrx_word' id='word_1_130' title='bbox 1689 1738 1741 1790; x_wconf 93' lang='lat' dir='ltr'><strong>in</strong></span> <span class='ocrx_word' id='word_1_131' title='bbox 1788 1745 2023 1804; x_wconf 86' lang='lat' dir='ltr'><strong>apertam</strong></span> <span class='ocrx_word' id='word_1_132' title='bbox 2056 1735 2227 1789; x_wconf 88' lang='lat' dir='ltr'><strong>lucem</strong></span> 
     </span>
    </p>
   </div>
   <div class='ocr_carea' id='block_1_20' title="bbox 2344 550 3891 632">
    <p class='ocr_par' dir='ltr' id='par_1_20' title="bbox 2344 550 3891 632">
     <span class='ocr_line' id='line_1_20' title="bbox 2344 550 3891 632; baseline -0.005 -19"><span class='ocrx_word' id='word_1_133' title='bbox 2344 562 2418 632; x_wconf 81' lang='grc' dir='ltr'>μὴ</span> <span class='ocrx_word' id='word_1_134' title='bbox 2456 560 2729 621; x_wconf 81' lang='grc' dir='ltr'><strong>θέλουσαν,</strong></span> <span class='ocrx_word' id='word_1_135' title='bbox 2773 558 3092 623; x_wconf 75' lang='grc' dir='ltr'>ἐξεϐιάζετο.</span> <span class='ocrx_word' id='word_1_136' title='bbox 3141 560 3324 614; x_wconf 83' lang='grc' dir='ltr'>Ταῦτα</span> <span class='ocrx_word' id='word_1_137' title='bbox 3358 558 3450 612; x_wconf 71' lang='grc' dir='ltr'>καὶ</span> <span class='ocrx_word' id='word_1_138' title='bbox 3493 558 3641 627; x_wconf 76' lang='grc' dir='ltr'>ἡμᾶς</span> <span class='ocrx_word' id='word_1_139' title='bbox 3681 555 3779 624; x_wconf 70' lang='grc'><strong>(2),</strong></span> <span class='ocrx_word' id='word_1_140' title='bbox 3805 550 3891 605; x_wconf 77' lang='grc' dir='ltr'>ἐπὶ</span> 
     </span>
    </p>
   </div>
   <div class='ocr_carea' id='block_1_21' title="bbox 2339 646 3885 722">
    <p class='ocr_par' dir='ltr' id='par_1_21' title="bbox 2339 646 3885 722">
     <span class='ocr_line' id='line_1_21' title="bbox 2339 646 3885 722; baseline -0.003 -19"><span class='ocrx_word' id='word_1_141' title='bbox 2339 652 2438 721; x_wconf 85' lang='grc' dir='ltr'><strong>τὴν</strong></span> <span class='ocrx_word' id='word_1_142' title='bbox 2467 651 2604 720; x_wconf 80' lang='grc' dir='ltr'>μετὰ</span> <span class='ocrx_word' id='word_1_143' title='bbox 2639 655 2793 719; x_wconf 80' lang='grc' dir='ltr'>χεῖρα</span> <span class='ocrx_word' id='word_1_144' title='bbox 2842 651 3079 715; x_wconf 81' lang='grc' dir='ltr'>ἐξέτασιν</span> <span class='ocrx_word' id='word_1_145' title='bbox 3131 652 3408 722; x_wconf 84' lang='grc' dir='ltr'>προελθεῖν</span> <span class='ocrx_word' id='word_1_146' title='bbox 3458 646 3885 717; x_wconf 67' lang='grc' dir='ltr'><strong>κατηνάγκασεν,</strong></span> 
     </span>
    </p>
   </div>
   <div class='ocr_carea' id='block_1_22' title="bbox 2340 736 3888 811">
    <p class='ocr_par' dir='ltr' id='par_1_22' title="bbox 2340 736 3888 811">
     <span class='ocr_line' id='line_1_22' title="bbox 2340 736 3888 811; baseline -0.005 -17"><span class='ocrx_word' id='word_1_147' title='bbox 2340 742 2471 810; x_wconf 82' lang='grc' dir='ltr'>ὁμοῦ</span> <span class='ocrx_word' id='word_1_148' title='bbox 2498 742 2552 795; x_wconf 80' lang='grc' dir='ltr'><strong>δέ</strong></span> <span class='ocrx_word' id='word_1_149' title='bbox 2592 744 2701 804; x_wconf 82' lang='grc' dir='ltr'>τοῖς</span> <span class='ocrx_word' id='word_1_150' title='bbox 2724 741 2929 805; x_wconf 79' lang='grc' dir='ltr'>δόξασιν</span> <span class='ocrx_word' id='word_1_151' title='bbox 2956 744 3020 811; x_wconf 78' lang='grc' dir='ltr'>τῇ</span> <span class='ocrx_word' id='word_1_152' title='bbox 3052 742 3179 811; x_wconf 78' lang='grc' dir='ltr'>ἁγίᾳ</span> <span class='ocrx_word' id='word_1_153' title='bbox 3208 742 3408 811; x_wconf 82' lang='grc' dir='ltr'>συνόδῳ</span> <span class='ocrx_word' id='word_1_154' title='bbox 3438 736 3888 808; x_wconf 79' lang='grc' dir='ltr'>παρισταμένους,</span> 
     </span>
    </p>
   </div>
   <div class='ocr_carea' id='block_1_23' title="bbox 2339 823 3890 900">
    <p class='ocr_par' dir='ltr' id='par_1_23' title="bbox 2339 823 3890 900">
     <span class='ocr_line' id='line_1_23' title="bbox 2339 823 3890 900; baseline -0.003 -18"><span class='ocrx_word' id='word_1_155' title='bbox 2339 831 2481 900; x_wconf 77' lang='grc' dir='ltr'>ὁμοῦ</span> <span class='ocrx_word' id='word_1_156' title='bbox 2527 832 2619 883; x_wconf 73' lang='grc' dir='ltr'>καὶ</span> <span class='ocrx_word' id='word_1_157' title='bbox 2686 834 2794 893; x_wconf 76' lang='grc' dir='ltr'>τοῖς</span> <span class='ocrx_word' id='word_1_158' title='bbox 2857 831 3276 900; x_wconf 78' lang='grc' dir='ltr'>συλλειτουργοϊς</span> <span class='ocrx_word' id='word_1_159' title='bbox 3346 829 3671 900; x_wconf 75' lang='grc' dir='ltr'>προστάξασι</span> <span class='ocrx_word' id='word_1_160' title='bbox 3738 823 3890 878; x_wconf 75' lang='grc' dir='ltr'>τοῦτο</span> 
     </span>
    </p>
   </div>
   <div class='ocr_carea' id='block_1_24' title="bbox 2341 916 3889 990">
    <p class='ocr_par' dir='ltr' id='par_1_24' title="bbox 2341 916 3889 990">
     <span class='ocr_line' id='line_1_24' title="bbox 2341 916 3889 990; baseline -0.003 -17"><span class='ocrx_word' id='word_1_161' title='bbox 2341 922 2540 990; x_wconf 74' lang='grc' dir='ltr'>πρᾶξαι</span> <span class='ocrx_word' id='word_1_162' title='bbox 2609 922 2669 973; x_wconf 83' lang='grc' dir='ltr'>τὸ</span> <span class='ocrx_word' id='word_1_163' title='bbox 2730 922 2908 973; x_wconf 77' lang='grc' dir='ltr'>ἰκανὸν</span> <span class='ocrx_word' id='word_1_164' title='bbox 2966 922 3332 990; x_wconf 83' lang='grc' dir='ltr'><strong>ποιουμένους.</strong></span> <span class='ocrx_word' id='word_1_165' title='bbox 3389 920 3635 973; x_wconf 76' lang='grc' dir='ltr'><strong>Μάλιστα</strong></span> <span class='ocrx_word' id='word_1_166' title='bbox 3681 916 3737 969; x_wconf 83' lang='grc' dir='ltr'><strong>δέ</strong></span> <span class='ocrx_word' id='word_1_167' title='bbox 3804 930 3889 984; x_wconf 74' lang='grc' dir='ltr'><strong>μοι</strong></span> 
     </span>
    </p>
   </div>
   <div class='ocr_carea' id='block_1_25' title="bbox 2340 1002 3889 1084">
    <p class='ocr_par' dir='ltr' id='par_1_25' title="bbox 2340 1002 3889 1084">
     <span class='ocr_line' id='line_1_25' title="bbox 2340 1002 3889 1084; baseline -0.005 -21"><span class='ocrx_word' id='word_1_168' title='bbox 2340 1013 2625 1079; x_wconf 81' lang='grc' dir='ltr'>ἀναγκαῖον</span> <span class='ocrx_word' id='word_1_169' title='bbox 2679 1011 2913 1079; x_wconf 82' lang='grc' dir='ltr'>ἠγοῦμαι</span> <span class='ocrx_word' id='word_1_170' title='bbox 2970 1009 3319 1084; x_wconf 83' lang='grc' dir='ltr'>γεγεννῆσθαι</span> <span class='ocrx_word' id='word_1_171' title='bbox 3379 1009 3439 1061; x_wconf 76' lang='grc' dir='ltr'>τὸ</span> <span class='ocrx_word' id='word_1_172' title='bbox 3509 1010 3743 1079; x_wconf 85' lang='grc' dir='ltr'>γράμμα</span> <span class='ocrx_word' id='word_1_173' title='bbox 3804 1002 3889 1068; x_wconf 70' lang='grc' dir='ltr'>διὰ</span> 
     </span>
    </p>
   </div>
   <div class='ocr_carea' id='block_1_26' title="bbox 2338 1094 3889 1171">
    <p class='ocr_par' dir='ltr' id='par_1_26' title="bbox 2338 1094 3889 1171">
     <span class='ocr_line' id='line_1_26' title="bbox 2338 1094 3889 1171; baseline -0.006 -17"><span class='ocrx_word' id='word_1_174' title='bbox 2338 1104 2460 1164; x_wconf 80' lang='grc' dir='ltr'>τοὺς</span> <span class='ocrx_word' id='word_1_175' title='bbox 2488 1100 2769 1171; x_wconf 72' lang='grc' dir='ltr'>ἠδικῆσθαι</span> <span class='ocrx_word' id='word_1_176' title='bbox 2798 1100 2887 1152; x_wconf 76' lang='grc' dir='ltr'><strong>τὸν</strong></span> <span class='ocrx_word' id='word_1_177' title='bbox 2916 1100 3079 1170; x_wconf 80' lang='grc' dir='ltr'>ἄνδρα</span> <span class='ocrx_word' id='word_1_178' title='bbox 3103 1099 3464 1168; x_wconf 86' lang='grc' dir='ltr'>νενομικότας.</span> <span class='ocrx_word' id='word_1_179' title='bbox 3483 1096 3601 1169; x_wconf 80' lang='grc' dir='ltr'><strong>Χρὴ</strong></span> <span class='ocrx_word' id='word_1_180' title='bbox 3616 1096 3724 1164; x_wconf 72' lang='grc' dir='ltr'>γὰρ</span> <span class='ocrx_word' id='word_1_181' title='bbox 3756 1094 3889 1146; x_wconf 79' lang='grc' dir='ltr'>ἀπο-</span> 
     </span>
    </p>
   </div>
   <div class='ocr_carea' id='block_1_27' title="bbox 2339 1187 3888 1262">
    <p class='ocr_par' dir='ltr' id='par_1_27' title="bbox 2339 1187 3888 1262">
     <span class='ocr_line' id='line_1_27' title="bbox 2339 1187 3888 1262; baseline -0.006 -17"><span class='ocrx_word' id='word_1_182' title='bbox 2339 1193 2668 1262; x_wconf 85' lang='grc' dir='ltr'>Θεραπεῦσαι</span> <span class='ocrx_word' id='word_1_183' title='bbox 2708 1192 2806 1259; x_wconf 83' lang='grc' dir='ltr'>τὴν</span> <span class='ocrx_word' id='word_1_184' title='bbox 2848 1199 2955 1243; x_wconf 80' lang='grc' dir='ltr'><strong>τῶν</strong></span> <span class='ocrx_word' id='word_1_185' title='bbox 3003 1190 3279 1260; x_wconf 75' lang='grc' dir='ltr'><strong>ἡμετέρων</strong></span> <span class='ocrx_word' id='word_1_186' title='bbox 3324 1188 3564 1255; x_wconf 74' lang='grc' dir='ltr'>ἀδελφῶν</span> <span class='ocrx_word' id='word_1_187' title='bbox 3614 1187 3888 1245; x_wconf 75' lang='grc' dir='ltr'><strong>ὑπόνοιαν,</strong></span> 
     </span>
    </p>
   </div>
   <div class='ocr_carea' id='block_1_28' title="bbox 2336 1274 3889 1353">
    <p class='ocr_par' dir='ltr' id='par_1_28' title="bbox 2336 1274 3889 1353">
     <span class='ocr_line' id='line_1_28' title="bbox 2336 1274 3889 1353; baseline -0.006 -17"><span class='ocrx_word' id='word_1_188' title='bbox 2336 1284 2421 1338; x_wconf 84' lang='grc' dir='ltr'><strong>διά</strong></span> <span class='ocrx_word' id='word_1_189' title='bbox 2456 1284 2546 1336; x_wconf 85' lang='grc' dir='ltr'><strong>τοῦ</strong></span> <span class='ocrx_word' id='word_1_190' title='bbox 2585 1282 2819 1353; x_wconf 82' lang='grc' dir='ltr'>φανερὰν</span> <span class='ocrx_word' id='word_1_191' title='bbox 2858 1282 3187 1352; x_wconf 82' lang='grc' dir='ltr'>καταστῆσαι</span> <span class='ocrx_word' id='word_1_192' title='bbox 3209 1282 3305 1349; x_wconf 83' lang='grc' dir='ltr'>τὴν</span> <span class='ocrx_word' id='word_1_193' title='bbox 3342 1282 3564 1350; x_wconf 82' lang='grc' dir='ltr'><strong>μακροῖς</strong></span> <span class='ocrx_word' id='word_1_194' title='bbox 3618 1278 3717 1345; x_wconf 76' lang='grc' dir='ltr'><strong>μὲν</strong></span> <span class='ocrx_word' id='word_1_195' title='bbox 3768 1274 3889 1345; x_wconf 75' lang='grc' dir='ltr'>χρό-</span> 
     </span>
    </p>
   </div>
   <div class='ocr_carea' id='block_1_29' title="bbox 2337 1366 3889 1445">
    <p class='ocr_par' dir='ltr' id='par_1_29' title="bbox 2337 1366 3889 1445">
     <span class='ocr_line' id='line_1_29' title="bbox 2337 1366 3889 1445; baseline -0.007 -17"><span class='ocrx_word' id='word_1_196' title='bbox 2337 1392 2443 1438; x_wconf 86' lang='grc' dir='ltr'><strong>νοις</strong></span> <span class='ocrx_word' id='word_1_197' title='bbox 2472 1375 2890 1445; x_wconf 76' lang='grc' dir='ltr'>ἐμφωλεύσαμεν</span> <span class='ocrx_word' id='word_1_198' title='bbox 2914 1373 3057 1442; x_wconf 78' lang='grc' dir='ltr'>αὑτῴ</span> <span class='ocrx_word' id='word_1_199' title='bbox 3080 1375 3157 1435; x_wconf 79' lang='grc' dir='ltr'><strong>εις</strong></span> <span class='ocrx_word' id='word_1_200' title='bbox 3199 1372 3286 1423; x_wconf 81' lang='grc' dir='ltr'>τὸν</span> <span class='ocrx_word' id='word_1_201' title='bbox 3316 1372 3442 1423; x_wconf 79' lang='grc' dir='ltr'>Υῑὸν</span> <span class='ocrx_word' id='word_1_202' title='bbox 3474 1369 3565 1421; x_wconf 84' lang='grc' dir='ltr'><strong>τοῦ</strong></span> <span class='ocrx_word' id='word_1_203' title='bbox 3587 1366 3723 1420; x_wconf 78' lang='grc' dir='ltr'>Θεοῦ</span> <span class='ocrx_word' id='word_1_204' title='bbox 3763 1368 3889 1419; x_wconf 82' lang='grc' dir='ltr'>ἀπι-</span> 
     </span>
    </p>
   </div>
   <div class='ocr_carea' id='block_1_30' title="bbox 2338 1459 3889 1537">
    <p class='ocr_par' dir='ltr' id='par_1_30' title="bbox 2338 1459 3889 1537">
     <span class='ocr_line' id='line_1_30' title="bbox 2338 1459 3889 1537; baseline -0.006 -18"><span class='ocrx_word' id='word_1_205' title='bbox 2338 1467 2508 1531; x_wconf 77' lang='grc' dir='ltr'>στίαν,</span> <span class='ocrx_word' id='word_1_206' title='bbox 2542 1468 2655 1519; x_wconf 77' lang='grc' dir='ltr'>νυνὶ</span> <span class='ocrx_word' id='word_1_207' title='bbox 2688 1466 2743 1518; x_wconf 83' lang='grc' dir='ltr'>δὲ</span> <span class='ocrx_word' id='word_1_208' title='bbox 2779 1466 3137 1537; x_wconf 78' lang='grc' dir='ltr'>ἐληλεγμένην</span> <span class='ocrx_word' id='word_1_209' title='bbox 3177 1464 3251 1535; x_wconf 79' lang='grc'><strong>(5)</strong></span> <span class='ocrx_word' id='word_1_210' title='bbox 3282 1462 3369 1515; x_wconf 81' lang='grc' dir='ltr'>διὰ</span> <span class='ocrx_word' id='word_1_211' title='bbox 3400 1464 3496 1530; x_wconf 80' lang='grc' dir='ltr'>τῆς</span> <span class='ocrx_word' id='word_1_212' title='bbox 3551 1459 3715 1513; x_wconf 79' lang='grc' dir='ltr'>αὑτοῦ</span> <span class='ocrx_word' id='word_1_213' title='bbox 3754 1472 3889 1524; x_wconf 86' lang='grc' dir='ltr'>γρα-</span> 
     </span>
    </p>
   </div>
   <div class='ocr_carea' id='block_1_31' title="bbox 2336 1551 3892 1625">
    <p class='ocr_par' dir='ltr' id='par_1_31' title="bbox 2336 1551 3892 1625">
     <span class='ocr_line' id='line_1_31' title="bbox 2336 1551 3892 1625; baseline -0.015 -5"><span class='ocrx_word' id='word_1_214' title='bbox 2336 1557 2439 1624; x_wconf 75' lang='grc' dir='ltr'><strong>φῆς</strong></span> <span class='ocrx_word' id='word_1_215' title='bbox 2460 1574 2471 1585; x_wconf 89' lang='grc'><strong>⁹</strong></span> <span class='ocrx_word' id='word_1_216' title='bbox 2504 1556 2589 1625; x_wconf 74' lang='grc' dir='ltr'>ἣν.</span> <span class='ocrx_word' id='word_1_217' title='bbox 2633 1556 2853 1625; x_wconf 82' lang='grc' dir='ltr'>μηδενὸς</span> <span class='ocrx_word' id='word_1_218' title='bbox 2886 1556 3189 1619; x_wconf 80' lang='grc' dir='ltr'><strong>καλοῦντος,</strong></span> <span class='ocrx_word' id='word_1_219' title='bbox 3220 1553 3510 1620; x_wconf 76' lang='grc' dir='ltr'><strong>αὐτόμολος</strong></span> <span class='ocrx_word' id='word_1_220' title='bbox 3542 1551 3726 1620; x_wconf 81' lang='grc' dir='ltr'>φέρων</span> <span class='ocrx_word' id='word_1_221' title='bbox 3756 1564 3892 1619; x_wconf 71' lang='grc' dir='ltr'>παρ-</span> 
     </span>
    </p>
   </div>
   <div class='ocr_carea' id='block_1_32' title="bbox 2332 1640 3888 1721">
    <p class='ocr_par' dir='ltr' id='par_1_32' title="bbox 2332 1640 3888 1721">
     <span class='ocr_line' id='line_1_32' title="bbox 2332 1640 3888 1721; baseline -0.006 -19"><span class='ocrx_word' id='word_1_222' title='bbox 2332 1649 2421 1718; x_wconf 82' lang='grc' dir='ltr'>ῆν,</span> <span class='ocrx_word' id='word_1_223' title='bbox 2464 1649 2669 1719; x_wconf 87' lang='grc' dir='ltr'>βασιλεῖ</span> <span class='ocrx_word' id='word_1_224' title='bbox 2713 1667 2771 1701; x_wconf 87' lang='grc' dir='ltr'><strong>τε</strong></span> <span class='ocrx_word' id='word_1_225' title='bbox 2816 1652 2905 1701; x_wconf 70' lang='grc' dir='ltr'>ἐπὶ</span> <span class='ocrx_word' id='word_1_226' title='bbox 2940 1652 3093 1721; x_wconf 85' lang='grc' dir='ltr'>χεῖρα</span> <span class='ocrx_word' id='word_1_227' title='bbox 3120 1648 3261 1711; x_wconf 80' lang='grc' dir='ltr'>δοὺς,</span> <span class='ocrx_word' id='word_1_228' title='bbox 3307 1646 3455 1714; x_wconf 77' lang='grc' dir='ltr'>ἠξίου</span> <span class='ocrx_word' id='word_1_229' title='bbox 3487 1642 3778 1711; x_wconf 82' lang='grc' dir='ltr'>διαγνῶναι</span> <span class='ocrx_word' id='word_1_230' title='bbox 3825 1640 3888 1693; x_wconf 75' lang='grc' dir='ltr'>τὰ</span> 
     </span>
    </p>
   </div>
   <div class='ocr_carea' id='block_1_33' title="bbox 2334 1732 3888 1811">
    <p class='ocr_par' dir='ltr' id='par_1_33' title="bbox 2334 1732 3888 1811">
     <span class='ocr_line' id='line_1_33' title="bbox 2334 1732 3888 1811; baseline -0.006 -19"><span class='ocrx_word' id='word_1_231' title='bbox 2334 1741 2786 1811; x_wconf 68' lang='grc' dir='ltr'>ἐγγεγραμμένα*</span> <span class='ocrx_word' id='word_1_232' title='bbox 2838 1740 2977 1809; x_wconf 82' lang='grc' dir='ltr'>τάχα</span> <span class='ocrx_word' id='word_1_233' title='bbox 3025 1757 3125 1793; x_wconf 90' lang='grc' dir='ltr'><strong>που</strong></span> <span class='ocrx_word' id='word_1_234' title='bbox 3162 1738 3386 1801; x_wconf 76' lang='grc' dir='ltr'>ἐλπίσας</span> <span class='ocrx_word' id='word_1_235' title='bbox 3431 1735 3537 1788; x_wconf 86' lang='grc' dir='ltr'><strong>τῶν</strong></span> <span class='ocrx_word' id='word_1_236' title='bbox 3598 1736 3679 1795; x_wconf 77' lang='grc' dir='ltr'><strong>εις</strong></span> <span class='ocrx_word' id='word_1_237' title='bbox 3730 1732 3888 1785; x_wconf 73' lang='grc' dir='ltr'>αὐτὸν</span> 
     </span>
    </p>
   </div>
   <div class='ocr_carea' id='block_1_34' title="bbox 692 1823 2236 1901">
    <p class='ocr_par' dir='ltr' id='par_1_34' title="bbox 692 1826 2236 1899">
     <span class='ocr_line' id='line_1_34' title="bbox 692 1826 2236 1899; baseline -0.002 -17"><span class='ocrx_word' id='word_1_238' title='bbox 692 1829 1044 1899; x_wconf 84' lang='lat' dir='ltr'><strong>pretrabere,</strong></span> <span class='ocrx_word' id='word_1_239' title='bbox 1090 1844 1252 1897; x_wconf 91' lang='lat' dir='ltr'><strong>quam</strong></span> <span class='ocrx_word' id='word_1_240' title='bbox 1296 1827 1511 1895; x_wconf 86' lang='lat' dir='ltr'><strong>scriptis</strong></span> <span class='ocrx_word' id='word_1_241' title='bbox 1555 1829 1605 1879; x_wconf 93' lang='lat' dir='ltr'><strong>in</strong></span> <span class='ocrx_word' id='word_1_242' title='bbox 1656 1828 1899 1895; x_wconf 70' lang='lat' dir='ltr'><strong>prmsenti</strong></span> <span class='ocrx_word' id='word_1_243' title='bbox 1942 1826 2236 1881; x_wconf 86' lang='lat' dir='ltr'><strong>convictam</strong></span> 
     </span>
    </p>
   </div>
   <div class='ocr_carea' id='block_1_35' title="bbox 2335 1823 3888 1901">
    <p class='ocr_par' dir='ltr' id='par_1_35' title="bbox 2340 1825 3888 1901">
     <span class='ocr_line' id='line_1_35' title="bbox 2340 1825 3888 1901; baseline -0.003 -17"><span class='ocrx_word' id='word_1_244' title='bbox 2340 1834 2625 1901; x_wconf 75' lang='grc' dir='ltr'><strong>ἐγκωμίων</strong></span> <span class='ocrx_word' id='word_1_245' title='bbox 2669 1833 2823 1901; x_wconf 83' lang='grc' dir='ltr'>χάριν</span> <span class='ocrx_word' id='word_1_246' title='bbox 2877 1832 3032 1895; x_wconf 76' lang='grc' dir='ltr'>αὐτὸς</span> <span class='ocrx_word' id='word_1_247' title='bbox 3093 1832 3191 1900; x_wconf 72' lang='grc' dir='ltr'>μὲν</span> <span class='ocrx_word' id='word_1_248' title='bbox 3230 1832 3407 1899; x_wconf 78' lang='grc' dir='ltr'><strong>τυχεῖν</strong></span> <span class='ocrx_word' id='word_1_249' title='bbox 3444 1825 3744 1898; x_wconf 82' lang='grc' dir='ltr'>προνομίας</span> <span class='ocrx_word' id='word_1_250' title='bbox 3795 1825 3888 1894; x_wconf 81' lang='grc' dir='ltr'>τῆς</span> 
     </span>
    </p>
   </div>
   <div class='ocr_carea' id='block_1_36' title="bbox 692 1917 2230 1988">
    <p class='ocr_par' dir='ltr' id='par_1_36' title="bbox 692 1917 2230 1988">
     <span class='ocr_line' id='line_1_36' title="bbox 692 1917 2230 1988; baseline -0.001 -16"><span class='ocrx_word' id='word_1_251' title='bbox 692 1928 933 1973; x_wconf 82' lang='lat' dir='ltr'><strong>tenemus</strong></span> <span class='ocrx_word' id='word_1_252' title='bbox 958 1919 1124 1988; x_wconf 88' lang='lat' dir='ltr'><strong>ipsius</strong></span> <span class='ocrx_word' id='word_1_253' title='bbox 1160 1934 1275 1986; x_wconf 73' lang='lat' dir='ltr'><strong>qua:</strong></span> <span class='ocrx_word' id='word_1_254' title='bbox 1301 1933 1393 1972; x_wconf 88' lang='lat' dir='ltr'><strong>sua</strong></span> <span class='ocrx_word' id='word_1_255' title='bbox 1424 1926 1631 1985; x_wconf 79' lang='lat' dir='ltr'><strong>sponte,</strong></span> <span class='ocrx_word' id='word_1_256' title='bbox 1668 1917 1811 1971; x_wconf 91' lang='lat' dir='ltr'><strong>nullo</strong></span> <span class='ocrx_word' id='word_1_257' title='bbox 1843 1918 2097 1971; x_wconf 85' lang='lat' dir='ltr'><strong>incitante</strong></span> <span class='ocrx_word' id='word_1_258' title='bbox 2142 1933 2230 1971; x_wconf 88' lang='lat' dir='ltr'><strong>re-</strong></span> 
     </span>
    </p>
   </div>
   <div class='ocr_carea' id='block_1_37' title="bbox 692 2011 2233 2080">
    <p class='ocr_par' dir='ltr' id='par_1_37' title="bbox 692 2011 2233 2080">
     <span class='ocr_line' id='line_1_37' title="bbox 692 2011 2233 2080; baseline -0.001 -14"><span class='ocrx_word' id='word_1_259' title='bbox 692 2025 810 2079; x_wconf 87' lang='lat' dir='ltr'><strong>gem</strong></span> <span class='ocrx_word' id='word_1_260' title='bbox 855 2013 1043 2066; x_wconf 88' lang='lat' dir='ltr'><strong>adiens</strong></span> <span class='ocrx_word' id='word_1_261' title='bbox 1093 2013 1144 2065; x_wconf 94' lang='lat' dir='ltr'><strong>in</strong></span> <span class='ocrx_word' id='word_1_262' title='bbox 1193 2027 1380 2065; x_wconf 84' lang='lat' dir='ltr'><strong>manus</strong></span> <span class='ocrx_word' id='word_1_263' title='bbox 1420 2012 1795 2080; x_wconf 69' lang='lat' dir='ltr'><strong>pmsentabat,</strong></span> <span class='ocrx_word' id='word_1_264' title='bbox 1830 2011 2127 2065; x_wconf 86' lang='lat' dir='ltr'><strong>obtestatus</strong></span> <span class='ocrx_word' id='word_1_265' title='bbox 2174 2019 2233 2064; x_wconf 93' lang='lat' dir='ltr'><strong>ut</strong></span> 
     </span>
    </p>
   </div>
   <div class='ocr_carea' id='block_1_38' title="bbox 692 2101 2234 2171">
    <p class='ocr_par' dir='ltr' id='par_1_38' title="bbox 692 2101 2234 2171">
     <span class='ocr_line' id='line_1_38' title="bbox 692 2101 2234 2171; baseline 0 -18"><span class='ocrx_word' id='word_1_266' title='bbox 692 2101 1005 2171; x_wconf 76' lang='lat' dir='ltr'><strong>perlegeret.</strong></span> <span class='ocrx_word' id='word_1_267' title='bbox 1037 2102 1298 2169; x_wconf 83' lang='lat' dir='ltr'><strong>Sperabat</strong></span> <span class='ocrx_word' id='word_1_268' title='bbox 1330 2102 1473 2155; x_wconf 91' lang='lat' dir='ltr'><strong>enim</strong></span> <span class='ocrx_word' id='word_1_269' title='bbox 1527 2101 1704 2154; x_wconf 85' lang='lat' dir='ltr'><strong>forsan</strong></span> <span class='ocrx_word' id='word_1_270' title='bbox 1754 2110 1972 2169; x_wconf 90' lang='lat' dir='ltr'><strong>propter</strong></span> <span class='ocrx_word' id='word_1_271' title='bbox 2005 2102 2234 2167; x_wconf 87' lang='lat' dir='ltr'><strong>impera-</strong></span> 
     </span>
    </p>
   </div>
   <div class='ocr_carea' id='block_1_39' title="bbox 695 2189 2233 2258">
    <p class='ocr_par' dir='ltr' id='par_1_39' title="bbox 695 2189 2233 2258">
     <span class='ocr_line' id='line_1_39' title="bbox 695 2189 2233 2258; baseline 0 -15"><span class='ocrx_word' id='word_1_272' title='bbox 695 2192 828 2245; x_wconf 87' lang='lat' dir='ltr'><strong>toris</strong></span> <span class='ocrx_word' id='word_1_273' title='bbox 863 2192 1089 2246; x_wconf 87' lang='lat' dir='ltr'><strong>insertas</strong></span> <span class='ocrx_word' id='word_1_274' title='bbox 1115 2190 1333 2255; x_wconf 84' lang='lat' dir='ltr'><strong>laudes,</strong></span> <span class='ocrx_word' id='word_1_275' title='bbox 1374 2189 1486 2244; x_wconf 91' lang='lat' dir='ltr'><strong>fore</strong></span> <span class='ocrx_word' id='word_1_276' title='bbox 1515 2199 1573 2244; x_wconf 93' lang='lat' dir='ltr'><strong>ut</strong></span> <span class='ocrx_word' id='word_1_277' title='bbox 1614 2193 1832 2244; x_wconf 82' lang='lat' dir='ltr'><strong>tutelam</strong></span> <span class='ocrx_word' id='word_1_278' title='bbox 1866 2200 1919 2245; x_wconf 91' lang='lat' dir='ltr'><strong>et</strong></span> <span class='ocrx_word' id='word_1_279' title='bbox 1948 2190 2233 2258; x_wconf 91' lang='lat' dir='ltr'><strong>protectio-</strong></span> 
     </span>
    </p>
   </div>
   <div class='ocr_carea' id='block_1_40' title="bbox 689 2284 2235 2353">
    <p class='ocr_par' dir='ltr' id='par_1_40' title="bbox 689 2284 2235 2353">
     <span class='ocr_line' id='line_1_40' title="bbox 689 2284 2235 2353; baseline -0.001 -17"><span class='ocrx_word' id='word_1_280' title='bbox 689 2297 813 2337; x_wconf 85' lang='lat' dir='ltr'><strong>nem</strong></span> <span class='ocrx_word' id='word_1_281' title='bbox 845 2284 1010 2353; x_wconf 85' lang='lat' dir='ltr'><strong>ipsius</strong></span> <span class='ocrx_word' id='word_1_282' title='bbox 1038 2294 1485 2352; x_wconf 79' lang='lat' dir='ltr'><strong>consequeretur,</strong></span> <span class='ocrx_word' id='word_1_283' title='bbox 1515 2284 1746 2352; x_wconf 88' lang='lat' dir='ltr'><strong>episcopi</strong></span> <span class='ocrx_word' id='word_1_284' title='bbox 1781 2298 1908 2337; x_wconf 87' lang='lat' dir='ltr'><strong>vero</strong></span> <span class='ocrx_word' id='word_1_285' title='bbox 1937 2298 2073 2351; x_wconf 87' lang='lat' dir='ltr'><strong>quos</strong></span> <span class='ocrx_word' id='word_1_286' title='bbox 2106 2297 2235 2335; x_wconf 83' lang='lat' dir='ltr'><strong>con-</strong></span> 
     </span>
    </p>
   </div>
   <div class='ocr_carea' id='block_1_41' title="bbox 690 2371 2235 2441">
    <p class='ocr_par' dir='ltr' id='par_1_41' title="bbox 690 2371 2235 2441">
     <span class='ocr_line' id='line_1_41' title="bbox 690 2371 2235 2441; baseline -0.001 -18"><span class='ocrx_word' id='word_1_287' title='bbox 690 2371 844 2427; x_wconf 78' lang='lat' dir='ltr'><strong>viciis</strong></span> <span class='ocrx_word' id='word_1_288' title='bbox 875 2371 1149 2440; x_wconf 84' lang='lat' dir='ltr'><strong>proscidit,</strong></span> <span class='ocrx_word' id='word_1_289' title='bbox 1196 2372 1469 2441; x_wconf 80' lang='lat' dir='ltr'><strong>suppliciis</strong></span> <span class='ocrx_word' id='word_1_290' title='bbox 1500 2372 1855 2425; x_wconf 88' lang='lat' dir='ltr'><strong>traderentur.</strong></span> <span class='ocrx_word' id='word_1_291' title='bbox 1892 2371 1995 2424; x_wconf 88' lang='lat' dir='ltr'><strong>Sed</strong></span> <span class='ocrx_word' id='word_1_292' title='bbox 2038 2385 2235 2440; x_wconf 84' lang='lat' dir='ltr'><strong>nequa-</strong></span> 
     </span>
    </p>
   </div>
   <div class='ocr_carea' id='block_1_42' title="bbox 691 2462 2235 2531">
    <p class='ocr_par' dir='ltr' id='par_1_42' title="bbox 691 2462 2235 2531">
     <span class='ocr_line' id='line_1_42' title="bbox 691 2462 2235 2531; baseline -0.001 -18"><span class='ocrx_word' id='word_1_293' title='bbox 691 2475 851 2531; x_wconf 82' lang='lat' dir='ltr'><strong>quam</strong></span> <span class='ocrx_word' id='word_1_294' title='bbox 880 2477 966 2517; x_wconf 88' lang='lat' dir='ltr'><strong>res</strong></span> <span class='ocrx_word' id='word_1_295' title='bbox 990 2464 1248 2521; x_wconf 86' lang='lat' dir='ltr'><strong>successit</strong></span> <span class='ocrx_word' id='word_1_296' title='bbox 1290 2478 1355 2517; x_wconf 82' lang='lat' dir='ltr'><strong>ex</strong></span> <span class='ocrx_word' id='word_1_297' title='bbox 1386 2463 1548 2515; x_wconf 90' lang='lat' dir='ltr'><strong>animi</strong></span> <span class='ocrx_word' id='word_1_298' title='bbox 1594 2465 1878 2515; x_wconf 86' lang='lat' dir='ltr'><strong>sententia.</strong></span> <span class='ocrx_word' id='word_1_299' title='bbox 1930 2462 2068 2514; x_wconf 91' lang='lat' dir='ltr'><strong>Deus</strong></span> <span class='ocrx_word' id='word_1_300' title='bbox 2119 2468 2235 2514; x_wconf 87' lang='lat' dir='ltr'><strong>erat</strong></span> 
     </span>
    </p>
   </div>
   <div class='ocr_carea' id='block_1_43' title="bbox 691 2551 2233 2621">
    <p class='ocr_par' dir='ltr' id='par_1_43' title="bbox 691 2551 2233 2621">
     <span class='ocr_line' id='line_1_43' title="bbox 691 2551 2233 2621; baseline -0.001 -15"><span class='ocrx_word' id='word_1_301' title='bbox 691 2551 833 2606; x_wconf 89' lang='lat' dir='ltr'><strong>enim</strong></span> <span class='ocrx_word' id='word_1_302' title='bbox 864 2554 1080 2607; x_wconf 87' lang='lat' dir='ltr'><strong>istorum</strong></span> <span class='ocrx_word' id='word_1_303' title='bbox 1105 2553 1269 2619; x_wconf 79' lang='lat' dir='ltr'><strong>judex</strong></span> <span class='ocrx_word' id='word_1_304' title='bbox 1296 2593 1311 2617; x_wconf 92' lang='lat'><strong>,</strong></span> <span class='ocrx_word' id='word_1_305' title='bbox 1339 2563 1392 2605; x_wconf 93' lang='lat' dir='ltr'><strong>et</strong></span> <span class='ocrx_word' id='word_1_306' title='bbox 1434 2554 1545 2621; x_wconf 86' lang='lat' dir='ltr'><strong>ipse</strong></span> <span class='ocrx_word' id='word_1_307' title='bbox 1573 2552 1726 2606; x_wconf 82' lang='lat' dir='ltr'><strong>.lesus</strong></span> <span class='ocrx_word' id='word_1_308' title='bbox 1760 2552 2007 2606; x_wconf 86' lang='lat' dir='ltr'><strong>Christus</strong></span> <span class='ocrx_word' id='word_1_309' title='bbox 2036 2568 2062 2604; x_wconf 91' lang='lat' dir='ltr'><strong>a</strong></span> <span class='ocrx_word' id='word_1_310' title='bbox 2096 2552 2233 2605; x_wconf 89' lang='lat' dir='ltr'><strong>scri-</strong></span> 
     </span>
    </p>
   </div>
   <div class='ocr_carea' id='block_1_44' title="bbox 690 2644 2229 2711">
    <p class='ocr_par' dir='ltr' id='par_1_44' title="bbox 690 2644 2229 2711">
     <span class='ocr_line' id='line_1_44' title="bbox 690 2644 2229 2711; baseline -0.001 -15"><span class='ocrx_word' id='word_1_311' title='bbox 690 2652 846 2711; x_wconf 87' lang='lat' dir='ltr'><strong>ptore</strong></span> <span class='ocrx_word' id='word_1_312' title='bbox 885 2644 1176 2711; x_wconf 75' lang='lat' dir='ltr'><strong>despicatui</strong></span> <span class='ocrx_word' id='word_1_313' title='bbox 1215 2645 1450 2698; x_wconf 87' lang='lat' dir='ltr'><strong>habitus.</strong></span> <span class='ocrx_word' id='word_1_314' title='bbox 1487 2644 1585 2708; x_wconf 89' lang='lat' dir='ltr'><strong>Qui</strong></span> <span class='ocrx_word' id='word_1_315' title='bbox 1631 2660 1749 2697; x_wconf 92' lang='lat' dir='ltr'><strong>cum</strong></span> <span class='ocrx_word' id='word_1_316' title='bbox 1798 2645 1971 2698; x_wconf 88' lang='lat' dir='ltr'><strong>cordis</strong></span> <span class='ocrx_word' id='word_1_317' title='bbox 2004 2646 2229 2697; x_wconf 85' lang='lat' dir='ltr'><strong>abscon-</strong></span> 
     </span>
    </p>
   </div>
   <div class='ocr_carea' id='block_1_45' title="bbox 691 2733 2227 2801">
    <p class='ocr_par' dir='ltr' id='par_1_45' title="bbox 691 2733 2227 2801">
     <span class='ocr_line' id='line_1_45' title="bbox 691 2733 2227 2801; baseline 0.001 -14"><span class='ocrx_word' id='word_1_318' title='bbox 691 2733 799 2787; x_wconf 87' lang='lat' dir='ltr'><strong>dita</strong></span> <span class='ocrx_word' id='word_1_319' title='bbox 836 2735 1080 2799; x_wconf 87' lang='lat' dir='ltr'><strong>rimetur,</strong></span> <span class='ocrx_word' id='word_1_320' title='bbox 1131 2736 1299 2801; x_wconf 85' lang='lat' dir='ltr'><strong>ipsum</strong></span> <span class='ocrx_word' id='word_1_321' title='bbox 1350 2737 1429 2788; x_wconf 92' lang='lat' dir='ltr'><strong>sui</strong></span> <span class='ocrx_word' id='word_1_322' title='bbox 1480 2746 1843 2789; x_wconf 87' lang='lat' dir='ltr'><strong>accusatorem</strong></span> <span class='ocrx_word' id='word_1_323' title='bbox 1888 2736 1999 2788; x_wconf 87' lang='lat' dir='ltr'><strong>fieri</strong></span> <span class='ocrx_word' id='word_1_324' title='bbox 2026 2775 2041 2797; x_wconf 96' lang='lat'><strong>,</strong></span> <span class='ocrx_word' id='word_1_325' title='bbox 2086 2736 2227 2789; x_wconf 90' lang='lat' dir='ltr'><strong>nullo</strong></span> 
     </span>
    </p>
   </div>
   <div class='ocr_carea' id='block_1_46' title="bbox 691 2824 2228 2896">
    <p class='ocr_par' dir='ltr' id='par_1_46' title="bbox 691 2824 2228 2896">
     <span class='ocr_line' id='line_1_46' title="bbox 691 2824 2228 2896; baseline 0 -17"><span class='ocrx_word' id='word_1_326' title='bbox 691 2824 999 2895; x_wconf 85' lang='lat' dir='ltr'><strong>impellente</strong></span> <span class='ocrx_word' id='word_1_327' title='bbox 1022 2866 1037 2890; x_wconf 88' lang='lat'><strong>,</strong></span> <span class='ocrx_word' id='word_1_328' title='bbox 1069 2825 1348 2893; x_wconf 81' lang='lat' dir='ltr'><strong>disposuit.</strong></span> <span class='ocrx_word' id='word_1_329' title='bbox 1395 2826 1546 2881; x_wconf 85' lang='lat' dir='ltr'><strong>Unde</strong></span> <span class='ocrx_word' id='word_1_330' title='bbox 1572 2842 1691 2880; x_wconf 91' lang='lat' dir='ltr'><strong>cum</strong></span> <span class='ocrx_word' id='word_1_331' title='bbox 1741 2829 1910 2879; x_wconf 88' lang='lat' dir='ltr'><strong>adiret</strong></span> <span class='ocrx_word' id='word_1_332' title='bbox 1943 2828 2228 2896; x_wconf 88' lang='lat' dir='ltr'><strong>imperato-</strong></span> 
     </span>
    </p>
   </div>
   <div class='ocr_carea' id='block_1_47' title="bbox 691 2914 2229 2985">
    <p class='ocr_par' dir='ltr' id='par_1_47' title="bbox 691 2914 2229 2985">
     <span class='ocr_line' id='line_1_47' title="bbox 691 2914 2229 2985; baseline -0.001 -16"><span class='ocrx_word' id='word_1_333' title='bbox 691 2930 803 2969; x_wconf 84' lang='lat' dir='ltr'><strong>rem</strong></span> <span class='ocrx_word' id='word_1_334' title='bbox 832 2918 1031 2984; x_wconf 91' lang='lat' dir='ltr'><strong>scripto</strong></span> <span class='ocrx_word' id='word_1_335' title='bbox 1070 2932 1169 2970; x_wconf 93' lang='lat' dir='ltr'><strong>suo</strong></span> <span class='ocrx_word' id='word_1_336' title='bbox 1204 2916 1599 2985; x_wconf 90' lang='lat' dir='ltr'><strong>gloriabundus,</strong></span> <span class='ocrx_word' id='word_1_337' title='bbox 1630 2915 1719 2969; x_wconf 91' lang='lat' dir='ltr'><strong>ille</strong></span> <span class='ocrx_word' id='word_1_338' title='bbox 1746 2916 1948 2984; x_wconf 84' lang='lat' dir='ltr'><strong>synodo</strong></span> <span class='ocrx_word' id='word_1_339' title='bbox 1980 2914 2229 2967; x_wconf 87' lang='lat' dir='ltr'><strong>transmi—</strong></span> 
     </span>
    </p>
   </div>
   <div class='ocr_carea' id='block_1_48' title="bbox 689 3005 2229 3077">
    <p class='ocr_par' dir='ltr' id='par_1_48' title="bbox 689 3005 2229 3077">
     <span class='ocr_line' id='line_1_48' title="bbox 689 3005 2229 3077; baseline -0.002 -16"><span class='ocrx_word' id='word_1_340' title='bbox 689 3006 761 3061; x_wconf 87' lang='lat' dir='ltr'><strong>sit</strong></span> <span class='ocrx_word' id='word_1_341' title='bbox 816 3009 1173 3077; x_wconf 76' lang='lat' dir='ltr'><strong>cognitionem</strong></span> <span class='ocrx_word' id='word_1_342' title='bbox 1237 3008 1449 3076; x_wconf 87' lang='lat' dir='ltr'><strong>scriptis</strong></span> <span class='ocrx_word' id='word_1_343' title='bbox 1507 3016 1902 3063; x_wconf 83' lang='lat' dir='ltr'><strong>contentorum.</strong></span> <span class='ocrx_word' id='word_1_344' title='bbox 1962 3005 2229 3073; x_wconf 82' lang='lat' dir='ltr'><strong>Scriptum</strong></span> 
     </span>
    </p>
   </div>
   <div class='ocr_carea' id='block_1_49' title="bbox 2335 1916 3887 1992">
    <p class='ocr_par' dir='ltr' id='par_1_49' title="bbox 2335 1916 3887 1992">
     <span class='ocr_line' id='line_1_49' title="bbox 2335 1916 3887 1992; baseline -0.006 -17"><span class='ocrx_word' id='word_1_345' title='bbox 2335 1925 2462 1992; x_wconf 85' lang='grc' dir='ltr'>παρ’</span> <span class='ocrx_word' id='word_1_346' title='bbox 2487 1921 2631 1990; x_wconf 81' lang='grc' dir='ltr'>αὐτῷ</span> <span class='ocrx_word' id='word_1_347' title='bbox 2659 1922 2735 1991; x_wconf 86' lang='grc' dir='ltr'>τῷ</span> <span class='ocrx_word' id='word_1_348' title='bbox 2768 1923 2993 1991; x_wconf 84' lang='grc' dir='ltr'>βασιλεῖ,</span> <span class='ocrx_word' id='word_1_349' title='bbox 3033 1924 3156 1984; x_wconf 78' lang='grc' dir='ltr'>τοὺς</span> <span class='ocrx_word' id='word_1_350' title='bbox 3183 1922 3226 1973; x_wconf 74' lang='grc' dir='ltr'>δ’</span> <span class='ocrx_word' id='word_1_351' title='bbox 3262 1922 3351 1973; x_wconf 80' lang='grc' dir='ltr'><strong>ὑπ’</strong></span> <span class='ocrx_word' id='word_1_352' title='bbox 3382 1916 3543 1972; x_wconf 82' lang='grc' dir='ltr'>αὑτοῦ</span> <span class='ocrx_word' id='word_1_353' title='bbox 3576 1930 3887 1985; x_wconf 79' lang='grc' dir='ltr'>κακηγορη-</span> 
     </span>
    </p>
   </div>
   <div class='ocr_carea' id='block_1_50' title="bbox 2336 2004 3887 2079">
    <p class='ocr_par' dir='ltr' id='par_1_50' title="bbox 2336 2004 3887 2079">
     <span class='ocr_line' id='line_1_50' title="bbox 2336 2004 3887 2079; baseline -0.003 -16"><span class='ocrx_word' id='word_1_354' title='bbox 2336 2010 2521 2073; x_wconf 85' lang='grc' dir='ltr'>Θέντας</span> <span class='ocrx_word' id='word_1_355' title='bbox 2572 2012 2895 2073; x_wconf 75' lang='grc' dir='ltr'><strong>ἐπισκόπους</strong></span> <span class='ocrx_word' id='word_1_356' title='bbox 2947 2010 3306 2079; x_wconf 70' lang='grc' dir='ltr'>ὑποϐληθῆναι</span> <span class='ocrx_word' id='word_1_357' title='bbox 3346 2008 3602 2078; x_wconf 71' lang='grc' dir='ltr'>τιμωρίᾳ.</span> <span class='ocrx_word' id='word_1_358' title='bbox 3665 2005 3738 2059; x_wconf 74' lang='grc' dir='ltr'><strong>Οὐ</strong></span> <span class='ocrx_word' id='word_1_359' title='bbox 3784 2004 3887 2073; x_wconf 72' lang='grc' dir='ltr'><strong>μὴν</strong></span> 
     </span>
    </p>
   </div>
   <div class='ocr_carea' id='block_1_51' title="bbox 2335 2096 3883 2171">
    <p class='ocr_par' dir='ltr' id='par_1_51' title="bbox 2335 2096 3883 2171">
     <span class='ocr_line' id='line_1_51' title="bbox 2335 2096 3883 2171; baseline -0.004 -19"><span class='ocrx_word' id='word_1_360' title='bbox 2335 2102 2453 2154; x_wconf 83' lang='grc' dir='ltr'>κατ’</span> <span class='ocrx_word' id='word_1_361' title='bbox 2501 2100 2715 2162; x_wconf 78' lang='grc' dir='ltr'>ἐλπίδας</span> <span class='ocrx_word' id='word_1_362' title='bbox 2774 2100 2921 2171; x_wconf 76' lang='grc' dir='ltr'>αὐτῷ</span> <span class='ocrx_word' id='word_1_363' title='bbox 2980 2101 3049 2153; x_wconf 86' lang='grc' dir='ltr'>τὰ</span> <span class='ocrx_word' id='word_1_364' title='bbox 3102 2100 3198 2171; x_wconf 81' lang='grc' dir='ltr'>τῆς</span> <span class='ocrx_word' id='word_1_365' title='bbox 3264 2099 3537 2159; x_wconf 79' lang='grc' dir='ltr'>ἐκόἀσεως</span> <span class='ocrx_word' id='word_1_366' title='bbox 3597 2096 3883 2167; x_wconf 71' lang='grc' dir='ltr'>προχωρεῖ,</span> 
     </span>
    </p>
   </div>
   <div class='ocr_carea' id='block_1_52' title="bbox 2336 2184 3886 2263">
    <p class='ocr_par' dir='ltr' id='par_1_52' title="bbox 2336 2184 3886 2263">
     <span class='ocr_line' id='line_1_52' title="bbox 2336 2184 3886 2263; baseline -0.005 -18"><span class='ocrx_word' id='word_1_367' title='bbox 2336 2192 2465 2255; x_wconf 83' lang='grc' dir='ltr'><strong>Θεὸς</strong></span> <span class='ocrx_word' id='word_1_368' title='bbox 2514 2192 2618 2261; x_wconf 80' lang='grc' dir='ltr'><strong>γὰρ</strong></span> <span class='ocrx_word' id='word_1_369' title='bbox 2650 2188 2715 2262; x_wconf 81' lang='grc' dir='ltr'>ἦν</span> <span class='ocrx_word' id='word_1_370' title='bbox 2766 2195 2793 2245; x_wconf 83' lang='grc' dir='ltr'>ὁ</span> <span class='ocrx_word' id='word_1_371' title='bbox 2824 2192 3022 2245; x_wconf 79' lang='grc' dir='ltr'>τούτων</span> <span class='ocrx_word' id='word_1_372' title='bbox 3055 2192 3262 2263; x_wconf 78' lang='grc' dir='ltr'>κριτὴς,</span> <span class='ocrx_word' id='word_1_373' title='bbox 3307 2190 3399 2243; x_wconf 83' lang='grc' dir='ltr'>καὶ</span> <span class='ocrx_word' id='word_1_374' title='bbox 3444 2188 3607 2251; x_wconf 78' lang='grc' dir='ltr'>αὐτὸς</span> <span class='ocrx_word' id='word_1_375' title='bbox 3658 2184 3886 2257; x_wconf 68' lang='grc' dir='ltr'>Χριστὸς</span> 
     </span>
    </p>
   </div>
   <div class='ocr_carea' id='block_1_53' title="bbox 2346 2275 3885 2352">
    <p class='ocr_par' dir='ltr' id='par_1_53' title="bbox 2346 2275 3885 2352">
     <span class='ocr_line' id='line_1_53' title="bbox 2346 2275 3885 2352; baseline -0.003 -18"><span class='ocrx_word' id='word_1_376' title='bbox 2346 2280 2567 2351; x_wconf 80' lang='grc' dir='ltr'>Ἰησοῦς,</span> <span class='ocrx_word' id='word_1_377' title='bbox 2597 2282 2625 2332; x_wconf 84' lang='grc' dir='ltr'><strong>δ</strong></span> <span class='ocrx_word' id='word_1_378' title='bbox 2659 2282 2791 2352; x_wconf 82' lang='grc' dir='ltr'>πρὸς</span> <span class='ocrx_word' id='word_1_379' title='bbox 2818 2281 2908 2334; x_wconf 87' lang='grc' dir='ltr'><strong>τοῦ</strong></span> <span class='ocrx_word' id='word_1_380' title='bbox 2945 2280 3303 2352; x_wconf 81' lang='grc' dir='ltr'>συγγραφέως</span> <span class='ocrx_word' id='word_1_381' title='bbox 3340 2279 3719 2347; x_wconf 74' lang='grc' dir='ltr'>ἀθετοῦμενος,</span> <span class='ocrx_word' id='word_1_382' title='bbox 3742 2276 3800 2339; x_wconf 69' lang='grc' dir='ltr'>ὃς</span> <span class='ocrx_word' id='word_1_383' title='bbox 3823 2275 3885 2347; x_wconf 79' lang='grc' dir='ltr'>δὴ</span> 
     </span>
    </p>
   </div>
   <div class='ocr_carea' id='block_1_54' title="bbox 2331 2367 3883 2443">
    <p class='ocr_par' dir='ltr' id='par_1_54' title="bbox 2331 2367 3883 2443">
     <span class='ocr_line' id='line_1_54' title="bbox 2331 2367 3883 2443; baseline -0.004 -19"><span class='ocrx_word' id='word_1_384' title='bbox 2331 2372 2400 2424; x_wconf 83' lang='grc' dir='ltr'>τὰ</span> <span class='ocrx_word' id='word_1_385' title='bbox 2431 2372 2632 2442; x_wconf 71' lang='grc' dir='ltr'>κρύφια</span> <span class='ocrx_word' id='word_1_386' title='bbox 2663 2373 2752 2425; x_wconf 86' lang='grc' dir='ltr'><strong>τοῦ</strong></span> <span class='ocrx_word' id='word_1_387' title='bbox 2787 2372 2972 2443; x_wconf 85' lang='grc' dir='ltr'>ἀνδρὸς</span> <span class='ocrx_word' id='word_1_388' title='bbox 3009 2371 3266 2443; x_wconf 83' lang='grc' dir='ltr'>συνορῶν,</span> <span class='ocrx_word' id='word_1_389' title='bbox 3316 2370 3474 2423; x_wconf 76' lang='grc' dir='ltr'>αὑτὸν</span> <span class='ocrx_word' id='word_1_390' title='bbox 3530 2367 3694 2421; x_wconf 82' lang='grc' dir='ltr'>αὑτοῦ</span> <span class='ocrx_word' id='word_1_391' title='bbox 3763 2384 3883 2420; x_wconf 84' lang='grc' dir='ltr'>κατ-</span> 
     </span>
    </p>
   </div>
   <div class='ocr_carea' id='block_1_55' title="bbox 2332 2456 3886 2535">
    <p class='ocr_par' dir='ltr' id='par_1_55' title="bbox 2332 2456 3886 2535">
     <span class='ocr_line' id='line_1_55' title="bbox 2332 2456 3886 2535; baseline -0.005 -20"><span class='ocrx_word' id='word_1_392' title='bbox 2332 2464 2524 2533; x_wconf 84' lang='grc' dir='ltr'>ήγορον</span> <span class='ocrx_word' id='word_1_393' title='bbox 2555 2464 2668 2533; x_wconf 79' lang='grc' dir='ltr'>ἅμα</span> <span class='ocrx_word' id='word_1_394' title='bbox 2697 2464 2785 2515; x_wconf 76' lang='grc' dir='ltr'>καὶ</span> <span class='ocrx_word' id='word_1_395' title='bbox 2814 2463 3047 2535; x_wconf 75' lang='grc' dir='ltr'>ἔλεγχον,</span> <span class='ocrx_word' id='word_1_396' title='bbox 3103 2462 3322 2532; x_wconf 83' lang='grc' dir='ltr'>μηδενὸς</span> <span class='ocrx_word' id='word_1_397' title='bbox 3355 2458 3783 2521; x_wconf 85' lang='grc' dir='ltr'>συνελαύνοντος,</span> <span class='ocrx_word' id='word_1_398' title='bbox 3814 2456 3886 2523; x_wconf 79' lang='grc' dir='ltr'>τι.</span> 
     </span>
    </p>
   </div>
   <div class='ocr_carea' id='block_1_56' title="bbox 2332 2549 3889 2623">
    <p class='ocr_par' dir='ltr' id='par_1_56' title="bbox 2332 2549 3889 2623">
     <span class='ocr_line' id='line_1_56' title="bbox 2332 2549 3889 2623; baseline -0.002 -19"><span class='ocrx_word' id='word_1_399' title='bbox 2332 2553 2553 2619; x_wconf 83' lang='grc' dir='ltr'>γνεσοαι</span> <span class='ocrx_word' id='word_1_400' title='bbox 2598 2553 3017 2623; x_wconf 79' lang='grc' dir='ltr'>παρεσκεύαζεν.</span> <span class='ocrx_word' id='word_1_401' title='bbox 3080 2552 3237 2605; x_wconf 86' lang='grc' dir='ltr'>Ὅθεν</span> <span class='ocrx_word' id='word_1_402' title='bbox 3270 2553 3299 2603; x_wconf 82' lang='grc' dir='ltr'>ὀ</span> <span class='ocrx_word' id='word_1_403' title='bbox 3354 2552 3451 2621; x_wconf 81' lang='grc' dir='ltr'>μὲν</span> <span class='ocrx_word' id='word_1_404' title='bbox 3503 2550 3595 2603; x_wconf 72' lang='grc' dir='ltr'><strong>ἐπὶ</strong></span> <span class='ocrx_word' id='word_1_405' title='bbox 3637 2549 3715 2619; x_wconf 83' lang='grc' dir='ltr'><strong>τῷ</strong></span> <span class='ocrx_word' id='word_1_406' title='bbox 3764 2564 3889 2615; x_wconf 62' lang='grc' dir='ltr'>συγα</span> 
     </span>
    </p>
   </div>
   <div class='ocr_carea' id='block_1_57' title="bbox 2332 2641 3884 2714">
    <p class='ocr_par' dir='ltr' id='par_1_57' title="bbox 2332 2641 3884 2714">
     <span class='ocr_line' id='line_1_57' title="bbox 2332 2641 3884 2714; baseline -0.001 -20"><span class='ocrx_word' id='word_1_407' title='bbox 2332 2643 2612 2711; x_wconf 80' lang='grc' dir='ltr'>γράμματι</span> <span class='ocrx_word' id='word_1_408' title='bbox 2641 2643 3101 2711; x_wconf 78' lang='grc' dir='ltr'>καλλωπιζόμενος</span> <span class='ocrx_word' id='word_1_409' title='bbox 3136 2643 3339 2712; x_wconf 87' lang='grc' dir='ltr'>βασιλεῖ</span> <span class='ocrx_word' id='word_1_410' title='bbox 3388 2642 3615 2714; x_wconf 78' lang='grc' dir='ltr'>προτῄει</span> <span class='ocrx_word' id='word_1_411' title='bbox 3638 2681 3652 2702; x_wconf 90' lang='grc'><strong>,</strong></span> <span class='ocrx_word' id='word_1_412' title='bbox 3682 2644 3709 2693; x_wconf 89' lang='grc' dir='ltr'><strong>ὁ</strong></span> <span class='ocrx_word' id='word_1_413' title='bbox 3735 2641 3788 2692; x_wconf 83' lang='grc' dir='ltr'>δὲ</span> <span class='ocrx_word' id='word_1_414' title='bbox 3819 2643 3884 2710; x_wconf 79' lang='grc' dir='ltr'>τῇ</span> 
     </span>
    </p>
   </div>
   <div class='ocr_carea' id='block_1_58' title="bbox 2335 2733 3880 2805">
    <p class='ocr_par' dir='ltr' id='par_1_58' title="bbox 2335 2733 3880 2805">
     <span class='ocr_line' id='line_1_58' title="bbox 2335 2733 3880 2805; baseline -0.002 -19"><span class='ocrx_word' id='word_1_415' title='bbox 2335 2734 2532 2805; x_wconf 79' lang='grc' dir='ltr'>συνόδῳ</span> <span class='ocrx_word' id='word_1_416' title='bbox 2574 2735 2848 2804; x_wconf 75' lang='grc' dir='ltr'>παρεδίδου</span> <span class='ocrx_word' id='word_1_417' title='bbox 2876 2736 2972 2805; x_wconf 78' lang='grc' dir='ltr'>τὴν</span> <span class='ocrx_word' id='word_1_418' title='bbox 2990 2734 3259 2805; x_wconf 84' lang='grc' dir='ltr'>διάκρισιν</span> <span class='ocrx_word' id='word_1_419' title='bbox 3277 2735 3383 2787; x_wconf 89' lang='grc' dir='ltr'><strong>τῶν</strong></span> <span class='ocrx_word' id='word_1_420' title='bbox 3407 2733 3880 2804; x_wconf 81' lang='grc' dir='ltr'>ἐγγεγραμμένων.</span> 
     </span>
    </p>
   </div>
   <div class='ocr_carea' id='block_1_59' title="bbox 2345 2823 3879 2895">
    <p class='ocr_par' dir='ltr' id='par_1_59' title="bbox 2345 2823 3879 2895">
     <span class='ocr_line' id='line_1_59' title="bbox 2345 2823 3879 2895; baseline -0.002 -19"><span class='ocrx_word' id='word_1_421' title='bbox 2345 2825 2405 2876; x_wconf 84' lang='grc' dir='ltr'><em>Ἡ</em></span> <span class='ocrx_word' id='word_1_422' title='bbox 2430 2825 2471 2876; x_wconf 77' lang='grc' dir='ltr'>δ’</span> <span class='ocrx_word' id='word_1_423' title='bbox 2492 2826 2619 2893; x_wconf 83' lang='grc' dir='ltr'>ἁγία</span> <span class='ocrx_word' id='word_1_424' title='bbox 2646 2825 2736 2878; x_wconf 86' lang='grc' dir='ltr'><strong>τοῦ</strong></span> <span class='ocrx_word' id='word_1_425' title='bbox 2760 2825 2892 2878; x_wconf 86' lang='grc' dir='ltr'>Θεοῦ</span> <span class='ocrx_word' id='word_1_426' title='bbox 2922 2826 3131 2889; x_wconf 85' lang='grc' dir='ltr'>σύνοδος</span> <span class='ocrx_word' id='word_1_427' title='bbox 3161 2824 3522 2895; x_wconf 78' lang='grc' dir='ltr'>ἀπεδοκίμαζε</span> <span class='ocrx_word' id='word_1_428' title='bbox 3541 2824 3601 2875; x_wconf 85' lang='grc' dir='ltr'>τὸ</span> <span class='ocrx_word' id='word_1_429' title='bbox 3633 2823 3879 2892; x_wconf 76' lang='grc' dir='ltr'>γράμμα.</span> 
     </span>
    </p>
   </div>
   <div class='ocr_carea' id='block_1_60' title="bbox 2332 2914 3886 2988">
    <p class='ocr_par' dir='ltr' id='par_1_60' title="bbox 2332 2914 3886 2988">
     <span class='ocr_line' id='line_1_60' title="bbox 2332 2914 3886 2988; baseline -0.001 -21"><span class='ocrx_word' id='word_1_430' title='bbox 2332 2915 2566 2978; x_wconf 86' lang='grc' dir='ltr'>Εἰκότως</span> <span class='ocrx_word' id='word_1_431' title='bbox 2592 2918 2670 2969; x_wconf 75' lang='grc' dir='ltr'>ὅτι</span> <span class='ocrx_word' id='word_1_432' title='bbox 2701 2918 2834 2988; x_wconf 83' lang='grc' dir='ltr'>μήτε</span> <span class='ocrx_word' id='word_1_433' title='bbox 2859 2919 3028 2988; x_wconf 79' lang='grc' dir='ltr'>ἀρχὴν</span> <span class='ocrx_word' id='word_1_434' title='bbox 3066 2918 3202 2987; x_wconf 82' lang='grc' dir='ltr'>μήτε</span> <span class='ocrx_word' id='word_1_435' title='bbox 3253 2916 3402 2979; x_wconf 81' lang='grc' dir='ltr'>τέλος</span> <span class='ocrx_word' id='word_1_436' title='bbox 3437 2915 3656 2978; x_wconf 75' lang='grc' dir='ltr'>εὐσεϐὲς</span> <span class='ocrx_word' id='word_1_437' title='bbox 3709 2914 3886 2984; x_wconf 81' lang='grc' dir='ltr'>ὁμολο-</span> 
     </span>
    </p>
   </div>
   <div class='ocr_carea' id='block_1_61' title="bbox 2335 3006 3005 3072">
    <p class='ocr_par' dir='ltr' id='par_1_61' title="bbox 2335 3006 3005 3072">
     <span class='ocr_line' id='line_1_61' title="bbox 2335 3006 3005 3072; baseline 0.003 -15"><span class='ocrx_word' id='word_1_438' title='bbox 2335 3008 2422 3072; x_wconf 87' lang='grc' dir='ltr'>γεῖ</span> <span class='ocrx_word' id='word_1_439' title='bbox 2451 3006 2543 3058; x_wconf 91' lang='grc' dir='ltr'><strong>τοῦ</strong></span> <span class='ocrx_word' id='word_1_440' title='bbox 2570 3006 2695 3059; x_wconf 79' lang='grc' dir='ltr'>Υἰοῦ</span> <span class='ocrx_word' id='word_1_441' title='bbox 2736 3007 2828 3058; x_wconf 89' lang='grc' dir='ltr'><strong>τοῦ</strong></span> <span class='ocrx_word' id='word_1_442' title='bbox 2852 3007 3005 3060; x_wconf 86' lang='grc' dir='ltr'>Θεοῦ.</span> 
     </span>
    </p>
   </div>
   <div class='ocr_carea' id='block_1_62' title="bbox 690 3098 3883 3172">
    <p class='ocr_par' dir='ltr' id='par_1_62' title="bbox 690 3098 3883 3172">
     <span class='ocr_line' id='line_1_62' title="bbox 690 3098 3883 3172; baseline 0.001 -18"><span class='ocrx_word' id='word_1_443' title='bbox 690 3113 852 3172; x_wconf 89' lang='lat' dir='ltr'><strong>porro</strong></span> <span class='ocrx_word' id='word_1_444' title='bbox 885 3101 1116 3170; x_wconf 78' lang='lat' dir='ltr'><strong>synodus</strong></span> <span class='ocrx_word' id='word_1_445' title='bbox 1158 3099 1546 3155; x_wconf 82' lang='lat' dir='ltr'><strong>condemnavit.</strong></span> <span class='ocrx_word' id='word_1_446' title='bbox 1588 3098 1701 3153; x_wconf 86' lang='lat' dir='ltr'><strong>Nec</strong></span> <span class='ocrx_word' id='word_1_447' title='bbox 1750 3098 1940 3167; x_wconf 90' lang='lat' dir='ltr'><strong>injuria</strong></span> <span class='ocrx_word' id='word_1_448' title='bbox 1974 3116 1986 3151; x_wconf 92' lang='lat'><strong>:</strong></span> <span class='ocrx_word' id='word_1_449' title='bbox 2016 3113 2137 3152; x_wconf 91' lang='lat' dir='ltr'><strong>cum</strong></span> <span class='ocrx_word' id='word_1_450' title='bbox 2172 3100 2236 3152; x_wconf 91' lang='lat' dir='ltr'><strong>de</strong></span> <span class='ocrx_word' id='word_1_451' title='bbox 2268 3100 2532 3168; x_wconf 82' lang='lat' dir='ltr'><strong>principio</strong></span> <span class='ocrx_word' id='word_1_452' title='bbox 2560 3109 2612 3153; x_wconf 88' lang='lat' dir='ltr'><strong>et</strong></span> <span class='ocrx_word' id='word_1_453' title='bbox 2674 3100 2779 3155; x_wconf 82' lang='lat' dir='ltr'><strong>fine</strong></span> <span class='ocrx_word' id='word_1_454' title='bbox 2818 3101 2936 3154; x_wconf 81' lang='lat' dir='ltr'><strong>Filii</strong></span> <span class='ocrx_word' id='word_1_455' title='bbox 2999 3099 3118 3167; x_wconf 77' lang='lat' dir='ltr'><strong>Dei,</strong></span> <span class='ocrx_word' id='word_1_456' title='bbox 3158 3110 3345 3156; x_wconf 85' lang='lat' dir='ltr'><strong>contra</strong></span> <span class='ocrx_word' id='word_1_457' title='bbox 3380 3115 3598 3157; x_wconf 89' lang='lat' dir='ltr'><strong>omnem</strong></span> <span class='ocrx_word' id='word_1_458' title='bbox 3628 3100 3883 3157; x_wconf 51' lang='lat' dir='ltr'><strong>determie</strong></span> 
     </span>
    </p>
   </div>
   <div class='ocr_carea' id='block_1_63' title="bbox 692 3194 1080 3263">
    <p class='ocr_par' dir='ltr' id='par_1_63' title="bbox 692 3194 1080 3263">
     <span class='ocr_line' id='line_1_63' title="bbox 692 3194 1080 3263; baseline -0.003 -14"><span class='ocrx_word' id='word_1_459' title='bbox 692 3202 785 3251; x_wconf 87' lang='lat' dir='ltr'><strong>net</strong></span> <span class='ocrx_word' id='word_1_460' title='bbox 807 3194 1080 3263; x_wconf 77' lang='lat' dir='ltr'><strong>pietatem.</strong></span> 
     </span>
    </p>
   </div>
   <div class='ocr_carea' id='block_1_64' title="bbox 701 3351 2296 3420">
    <p class='ocr_par' dir='ltr' id='par_1_64' title="bbox 701 3351 2296 3420">
     <span class='ocr_line' id='line_1_64' title="bbox 701 3351 2296 3420; baseline 0 -15"><span class='ocrx_word' id='word_1_461' title='bbox 701 3360 759 3420; x_wconf 58' lang='lat'><strong>.1.</strong></span> <span class='ocrx_word' id='word_1_462' title='bbox 819 3351 1264 3407; x_wconf 77' lang='lat' dir='ltr'><strong>REVERENDO</strong></span> <span class='ocrx_word' id='word_1_463' title='bbox 1318 3352 1680 3414; x_wconf 69' lang='grc' dir='ltr'>Αηιιοουιιι</span> <span class='ocrx_word' id='word_1_464' title='bbox 1750 3352 1843 3405; x_wconf 86' lang='lat' dir='ltr'><strong>ET</strong></span> <span class='ocrx_word' id='word_1_465' title='bbox 1921 3353 2296 3420; x_wconf 72' lang='lat' dir='ltr'><strong>DILECTOC</strong></span> 
     </span>
    </p>
   </div>
   <div class='ocr_carea' id='block_1_65' title="bbox 762 3421 2229 3488">
    <p class='ocr_par' dir='ltr' id='par_1_65' title="bbox 762 3421 2229 3488">
     <span class='ocr_line' id='line_1_65' title="bbox 762 3421 2229 3488; baseline 0 -11"><span class='ocrx_word' id='word_1_466' title='bbox 762 3421 1275 3477; x_wconf 75' lang='lat' dir='ltr'><strong>COMMINISTRO</strong></span> <span class='ocrx_word' id='word_1_467' title='bbox 1316 3422 1699 3488; x_wconf 70' lang='lat' dir='ltr'><strong>FLACILLO,</strong></span> <span class='ocrx_word' id='word_1_468' title='bbox 1734 3421 2095 3477; x_wconf 81' lang='lat' dir='ltr'><strong>EUSEBIUS</strong></span> <span class='ocrx_word' id='word_1_469' title='bbox 2145 3423 2229 3477; x_wconf 83' lang='lat' dir='ltr'><strong>IN</strong></span> 
     </span>
    </p>
   </div>
   <div class='ocr_carea' id='block_1_66' title="bbox 763 3490 1542 3547">
    <p class='ocr_par' dir='ltr' id='par_1_66' title="bbox 763 3490 1542 3547">
     <span class='ocr_line' id='line_1_66' title="bbox 763 3490 1542 3547; baseline 0 -2"><span class='ocrx_word' id='word_1_470' title='bbox 763 3490 1061 3545; x_wconf 75' lang='lat' dir='ltr'><strong>DOMINO</strong></span> <span class='ocrx_word' id='word_1_471' title='bbox 1102 3491 1432 3547; x_wconf 76' lang='lat' dir='ltr'><strong>SALUTEM</strong></span> <span class='ocrx_word' id='word_1_472' title='bbox 1476 3492 1542 3545; x_wconf 89' lang='lat' dir='ltr'><strong>D.</strong></span> 
     </span>
    </p>
   </div>
   <div class='ocr_carea' id='block_1_67' title="bbox 764 3582 2231 3651">
    <p class='ocr_par' dir='ltr' id='par_1_67' title="bbox 764 3582 2231 3651">
     <span class='ocr_line' id='line_1_67' title="bbox 764 3582 2231 3651; baseline 0.001 -16"><span class='ocrx_word' id='word_1_473' title='bbox 764 3582 977 3636; x_wconf 78' lang='lat' dir='ltr'><strong>Minime</strong></span> <span class='ocrx_word' id='word_1_474' title='bbox 1006 3582 1239 3651; x_wconf 83' lang='lat' dir='ltr'><strong>profecto</strong></span> <span class='ocrx_word' id='word_1_475' title='bbox 1272 3586 1567 3638; x_wconf 88' lang='lat' dir='ltr'><strong>mirandum</strong></span> <span class='ocrx_word' id='word_1_476' title='bbox 1598 3593 1701 3649; x_wconf 87' lang='lat' dir='ltr'><strong>est,</strong></span> <span class='ocrx_word' id='word_1_477' title='bbox 1740 3584 1780 3636; x_wconf 91' lang='lat' dir='ltr'><strong>si</strong></span> <span class='ocrx_word' id='word_1_478' title='bbox 1818 3582 1997 3651; x_wconf 90' lang='lat' dir='ltr'><strong>paucis</strong></span> <span class='ocrx_word' id='word_1_479' title='bbox 2027 3592 2080 3636; x_wconf 93' lang='lat' dir='ltr'><strong>et</strong></span> <span class='ocrx_word' id='word_1_480' title='bbox 2106 3583 2231 3637; x_wconf 89' lang='lat' dir='ltr'><strong>bre-</strong></span> 
     </span>
    </p>
   </div>
   <div class='ocr_carea' id='block_1_68' title="bbox 696 3674 2231 3741">
    <p class='ocr_par' dir='ltr' id='par_1_68' title="bbox 696 3674 2231 3741">
     <span class='ocr_line' id='line_1_68' title="bbox 696 3674 2231 3741; baseline 0.001 -15"><span class='ocrx_word' id='word_1_481' title='bbox 696 3675 835 3728; x_wconf 81' lang='lat' dir='ltr'><strong>viter</strong></span> <span class='ocrx_word' id='word_1_482' title='bbox 870 3688 931 3725; x_wconf 87' lang='lat' dir='ltr'><strong>ea</strong></span> <span class='ocrx_word' id='word_1_483' title='bbox 966 3674 1227 3728; x_wconf 87' lang='lat' dir='ltr'><strong>refutasse</strong></span> <span class='ocrx_word' id='word_1_484' title='bbox 1260 3685 1538 3729; x_wconf 87' lang='lat' dir='ltr'><strong>contentus</strong></span> <span class='ocrx_word' id='word_1_485' title='bbox 1572 3675 1784 3739; x_wconf 89' lang='lat' dir='ltr'><strong>fuerim,</strong></span> <span class='ocrx_word' id='word_1_486' title='bbox 1828 3688 1945 3741; x_wconf 69' lang='lat' dir='ltr'><strong>quae</strong></span> <span class='ocrx_word' id='word_1_487' title='bbox 1965 3674 2231 3728; x_wconf 87' lang='lat' dir='ltr'><strong>verbosis-</strong></span> 
     </span>
    </p>
   </div>
   <div class='ocr_carea' id='block_1_69' title="bbox 694 3763 2233 3834">
    <p class='ocr_par' dir='ltr' id='par_1_69' title="bbox 694 3763 2233 3834">
     <span class='ocr_line' id='line_1_69' title="bbox 694 3763 2233 3834; baseline -0.004 -13"><span class='ocrx_word' id='word_1_488' title='bbox 694 3768 829 3821; x_wconf 89' lang='lat' dir='ltr'><strong>slma</strong></span> <span class='ocrx_word' id='word_1_489' title='bbox 866 3764 1111 3820; x_wconf 81' lang='lat' dir='ltr'><strong>Marcello</strong></span> <span class='ocrx_word' id='word_1_490' title='bbox 1150 3776 1313 3829; x_wconf 88' lang='lat' dir='ltr'><strong>sunt,</strong></span> <span class='ocrx_word' id='word_1_491' title='bbox 1355 3776 1408 3819; x_wconf 90' lang='lat' dir='ltr'><strong>et</strong></span> <span class='ocrx_word' id='word_1_492' title='bbox 1436 3763 1745 3834; x_wconf 82' lang='lat' dir='ltr'><strong>garrulitate</strong></span> <span class='ocrx_word' id='word_1_493' title='bbox 1784 3779 1986 3817; x_wconf 88' lang='lat' dir='ltr'><strong>summa</strong></span> <span class='ocrx_word' id='word_1_494' title='bbox 2020 3763 2233 3830; x_wconf 88' lang='lat' dir='ltr'><strong>scriptis</strong></span> 
     </span>
    </p>
   </div>
   <div class='ocr_carea' id='block_1_70' title="bbox 695 3852 2234 3921">
    <p class='ocr_par' dir='ltr' id='par_1_70' title="bbox 695 3852 2234 3921">
     <span class='ocr_line' id='line_1_70' title="bbox 695 3852 2234 3921; baseline -0.003 -13"><span class='ocrx_word' id='word_1_495' title='bbox 695 3855 1099 3921; x_wconf 78' lang='lat' dir='ltr'><strong>comprehensa.</strong></span> <span class='ocrx_word' id='word_1_496' title='bbox 1130 3854 1313 3919; x_wconf 85' lang='lat' dir='ltr'><strong>Neque</strong></span> <span class='ocrx_word' id='word_1_497' title='bbox 1340 3858 1481 3908; x_wconf 88' lang='lat' dir='ltr'><strong>enim</strong></span> <span class='ocrx_word' id='word_1_498' title='bbox 1520 3857 1701 3913; x_wconf 86' lang='lat' dir='ltr'><strong>multis</strong></span> <span class='ocrx_word' id='word_1_499' title='bbox 1745 3855 2045 3909; x_wconf 80' lang='lat' dir='ltr'><strong>necessario</strong></span> <span class='ocrx_word' id='word_1_500' title='bbox 2079 3852 2234 3907; x_wconf 89' lang='lat' dir='ltr'><strong>refel-</strong></span> 
     </span>
    </p>
   </div>
   <div class='ocr_carea' id='block_1_71' title="bbox 696 3944 2232 4014">
    <p class='ocr_par' dir='ltr' id='par_1_71' title="bbox 696 3944 2232 4014">
     <span class='ocr_line' id='line_1_71' title="bbox 696 3944 2232 4014; baseline 0 -17"><span class='ocrx_word' id='word_1_501' title='bbox 696 3944 851 3998; x_wconf 89' lang='lat' dir='ltr'><strong>lenda</strong></span> <span class='ocrx_word' id='word_1_502' title='bbox 883 3944 1127 4007; x_wconf 84' lang='lat' dir='ltr'><strong>fuerant,</strong></span> <span class='ocrx_word' id='word_1_503' title='bbox 1158 3960 1274 4012; x_wconf 66' lang='lat' dir='ltr'><strong>qua:</strong></span> <span class='ocrx_word' id='word_1_504' title='bbox 1327 3961 1355 3997; x_wconf 91' lang='lat' dir='ltr'><strong>a</strong></span> <span class='ocrx_word' id='word_1_505' title='bbox 1397 3947 1589 4014; x_wconf 87' lang='lat' dir='ltr'><strong>seipsis</strong></span> <span class='ocrx_word' id='word_1_506' title='bbox 1635 3945 1891 4012; x_wconf 83' lang='lat' dir='ltr'><strong>rejectitia</strong></span> <span class='ocrx_word' id='word_1_507' title='bbox 1948 3944 2232 4013; x_wconf 86' lang='lat' dir='ltr'><strong>unicuique</strong></span> 
     </span>
    </p>
   </div>
   <div class='ocr_carea' id='block_1_72' title="bbox 695 4036 2229 4102">
    <p class='ocr_par' dir='ltr' id='par_1_72' title="bbox 695 4036 2229 4102">
     <span class='ocr_line' id='line_1_72' title="bbox 695 4036 2229 4102; baseline 0.001 -15"><span class='ocrx_word' id='word_1_508' title='bbox 695 4036 777 4090; x_wconf 83' lang='lat' dir='ltr'><strong>vel</strong></span> <span class='ocrx_word' id='word_1_509' title='bbox 810 4036 966 4089; x_wconf 86' lang='lat' dir='ltr'><strong>obvio</strong></span> <span class='ocrx_word' id='word_1_510' title='bbox 996 4036 1319 4089; x_wconf 87' lang='lat' dir='ltr'><strong>viderentur.</strong></span> <span class='ocrx_word' id='word_1_511' title='bbox 1351 4036 1700 4102; x_wconf 84' lang='lat' dir='ltr'><strong>Quamobrem</strong></span> <span class='ocrx_word' id='word_1_512' title='bbox 1743 4036 2024 4090; x_wconf 81' lang='lat' dir='ltr'><strong>Sull‘ectura</strong></span> <span class='ocrx_word' id='word_1_513' title='bbox 2054 4037 2229 4089; x_wconf 85' lang='lat' dir='ltr'><strong>enmi—</strong></span> 
     </span>
    </p>
   </div>
   <div class='ocr_carea' id='block_1_73' title="bbox 695 4124 2230 4191">
    <p class='ocr_par' dir='ltr' id='par_1_73' title="bbox 695 4124 2230 4191">
     <span class='ocr_line' id='line_1_73' title="bbox 695 4124 2230 4191; baseline 0.001 -14"><span class='ocrx_word' id='word_1_514' title='bbox 695 4140 765 4178; x_wconf 88' lang='lat' dir='ltr'><strong>uo</strong></span> <span class='ocrx_word' id='word_1_515' title='bbox 798 4134 961 4188; x_wconf 86' lang='lat' dir='ltr'><strong>ratus,</strong></span> <span class='ocrx_word' id='word_1_516' title='bbox 984 4139 1099 4191; x_wconf 66' lang='lat' dir='ltr'><strong>qum</strong></span> <span class='ocrx_word' id='word_1_517' title='bbox 1126 4124 1326 4179; x_wconf 79' lang='lat' dir='ltr'><strong>sautab</strong></span> <span class='ocrx_word' id='word_1_518' title='bbox 1349 4125 1559 4178; x_wconf 87' lang='lat' dir='ltr'><strong>homine</strong></span> <span class='ocrx_word' id='word_1_519' title='bbox 1590 4125 1848 4191; x_wconf 85' lang='lat' dir='ltr'><strong>profecta,</strong></span> <span class='ocrx_word' id='word_1_520' title='bbox 1887 4125 1936 4177; x_wconf 94' lang='lat' dir='ltr'><strong>in</strong></span> <span class='ocrx_word' id='word_1_521' title='bbox 1964 4125 2230 4191; x_wconf 87' lang='lat' dir='ltr'><strong>prioribus</strong></span> 
     </span>
    </p>
   </div>
   <div class='ocr_carea' id='block_1_74' title="bbox 696 4215 2229 4283">
    <p class='ocr_par' dir='ltr' id='par_1_74' title="bbox 696 4215 2229 4283">
     <span class='ocr_line' id='line_1_74' title="bbox 696 4215 2229 4283; baseline -0.001 -14"><span class='ocrx_word' id='word_1_522' title='bbox 696 4215 899 4269; x_wconf 89' lang='lat' dir='ltr'><strong>duobus</strong></span> <span class='ocrx_word' id='word_1_523' title='bbox 947 4216 1097 4270; x_wconf 84' lang='lat' dir='ltr'><strong>libris</strong></span> <span class='ocrx_word' id='word_1_524' title='bbox 1122 4255 1136 4281; x_wconf 92' lang='lat'><strong>,</strong></span> <span class='ocrx_word' id='word_1_525' title='bbox 1177 4216 1419 4270; x_wconf 86' lang='lat' dir='ltr'><strong>retulisse</strong></span> <span class='ocrx_word' id='word_1_526' title='bbox 1457 4217 1823 4270; x_wconf 84' lang='lat' dir='ltr'><strong>tantummodo</strong></span> <span class='ocrx_word' id='word_1_527' title='bbox 1856 4216 2229 4283; x_wconf 87' lang='lat' dir='ltr'><strong>contradispu-</strong></span> 
     </span>
    </p>
   </div>
   <div class='ocr_carea' id='block_1_75' title="bbox 696 4305 2229 4374">
    <p class='ocr_par' dir='ltr' id='par_1_75' title="bbox 696 4305 2229 4374">
     <span class='ocr_line' id='line_1_75' title="bbox 696 4305 2229 4374; baseline -0.003 -12"><span class='ocrx_word' id='word_1_528' title='bbox 696 4306 838 4362; x_wconf 78' lang='lat' dir='ltr'><strong>tandi</strong></span> <span class='ocrx_word' id='word_1_529' title='bbox 868 4307 1045 4360; x_wconf 86' lang='lat' dir='ltr'><strong>labore</strong></span> <span class='ocrx_word' id='word_1_530' title='bbox 1078 4306 1220 4360; x_wconf 88' lang='lat' dir='ltr'><strong>omni</strong></span> <span class='ocrx_word' id='word_1_531' title='bbox 1270 4306 1698 4374; x_wconf 80' lang='lat' dir='ltr'><strong>supersedeham,</strong></span> <span class='ocrx_word' id='word_1_532' title='bbox 1749 4314 1802 4357; x_wconf 90' lang='lat' dir='ltr'><strong>et</strong></span> <span class='ocrx_word' id='word_1_533' title='bbox 1834 4306 1997 4372; x_wconf 63' lang='lat' dir='ltr'><strong>ipsius</strong></span> <span class='ocrx_word' id='word_1_534' title='bbox 2029 4305 2229 4357; x_wconf 85' lang='lat' dir='ltr'><strong>solum-</strong></span> 
     </span>
    </p>
   </div>
   <div class='ocr_carea' id='block_1_76' title="bbox 696 4396 2231 4466">
    <p class='ocr_par' dir='ltr' id='par_1_76' title="bbox 696 4396 2231 4466">
     <span class='ocr_line' id='line_1_76' title="bbox 696 4396 2231 4466; baseline -0.001 -15"><span class='ocrx_word' id='word_1_535' title='bbox 696 4397 853 4457; x_wconf 88' lang='lat' dir='ltr'><strong>modo</strong></span> <span class='ocrx_word' id='word_1_536' title='bbox 876 4399 1035 4453; x_wconf 89' lang='lat' dir='ltr'><strong>verba</strong></span> <span class='ocrx_word' id='word_1_537' title='bbox 1068 4402 1133 4452; x_wconf 85' lang='lat' dir='ltr'><strong>ad</strong></span> <span class='ocrx_word' id='word_1_538' title='bbox 1169 4399 1337 4466; x_wconf 88' lang='lat' dir='ltr'><strong>ipsum</strong></span> <span class='ocrx_word' id='word_1_539' title='bbox 1380 4397 1722 4452; x_wconf 89' lang='lat' dir='ltr'><strong>refellendum</strong></span> <span class='ocrx_word' id='word_1_540' title='bbox 1760 4400 2143 4465; x_wconf 87' lang='lat' dir='ltr'><strong>producebam.</strong></span> <span class='ocrx_word' id='word_1_541' title='bbox 2177 4396 2231 4449; x_wconf 93' lang='lat' dir='ltr'><strong>In</strong></span> 
     </span>
    </p>
   </div>
   <div class='ocr_carea' id='block_1_77' title="bbox 766 4544 2158 4616">
    <p class='ocr_par' dir='ltr' id='par_1_77' title="bbox 766 4544 2158 4616">
     <span class='ocr_line' id='line_1_77' title="bbox 766 4544 2158 4616; baseline -0.001 -14"><span class='ocrx_word' id='word_1_542' title='bbox 766 4554 824 4614; x_wconf 59' lang='grc' dir='ltr'><strong>»Β</strong></span> <span class='ocrx_word' id='word_1_543' title='bbox 854 4548 951 4602; x_wconf 85' lang='lat' dir='ltr'><strong>Ed.</strong></span> <span class='ocrx_word' id='word_1_544' title='bbox 983 4546 1149 4601; x_wconf 88' lang='lat' dir='ltr'><strong>Paris.</strong></span> <span class='ocrx_word' id='word_1_545' title='bbox 1187 4562 1305 4616; x_wconf 76' lang='lat' dir='ltr'><strong>pag.</strong></span> <span class='ocrx_word' id='word_1_546' title='bbox 1329 4544 1419 4599; x_wconf 85' lang='lat'><strong>56.</strong></span> <span class='ocrx_word' id='word_1_547' title='bbox 1515 4550 1571 4609; x_wconf 53' lang='grc' dir='ltr'><strong>ᾗ</strong></span> <span class='ocrx_word' id='word_1_548' title='bbox 1598 4544 1693 4602; x_wconf 87' lang='lat' dir='ltr'><strong>Ed.</strong></span> <span class='ocrx_word' id='word_1_549' title='bbox 1724 4544 1890 4599; x_wconf 81' lang='lat' dir='ltr'><strong>Paris.</strong></span> <span class='ocrx_word' id='word_1_550' title='bbox 1919 4561 2035 4616; x_wconf 89' lang='lat' dir='ltr'><strong>pag.</strong></span> <span class='ocrx_word' id='word_1_551' title='bbox 2074 4547 2158 4601; x_wconf 86' lang='lat'><strong>57.</strong></span> 
     </span>
    </p>
   </div>
   <div class='ocr_carea' id='block_1_78' title="bbox 2336 3354 3883 3423">
    <p class='ocr_par' dir='ltr' id='par_1_78' title="bbox 2336 3354 3883 3423">
     <span class='ocr_line' id='line_1_78' title="bbox 2336 3354 3883 3423; baseline 0.001 -15"><span class='ocrx_word' id='word_1_552' title='bbox 2336 3356 2417 3423; x_wconf 82' lang='grc' dir='ltr'><em>Τῼ</em></span> <span class='ocrx_word' id='word_1_553' title='bbox 2505 3355 2885 3422; x_wconf 79' lang='grc' dir='ltr'><strong>ΤΙΜΙΩΤΑΤῼ</strong></span> <span class='ocrx_word' id='word_1_554' title='bbox 2965 3354 3088 3405; x_wconf 80' lang='grc' dir='ltr'><strong>ΚΑΙ</strong></span> <span class='ocrx_word' id='word_1_555' title='bbox 3150 3354 3491 3421; x_wconf 80' lang='grc' dir='ltr'><strong>ΑΓΑΠΗΤῼ</strong></span> <span class='ocrx_word' id='word_1_556' title='bbox 3580 3356 3883 3409; x_wconf 79' lang='grc' dir='ltr'><strong>ΣΥΛΛΕΙ-</strong></span> 
     </span>
    </p>
   </div>
   <div class='ocr_carea' id='block_1_79' title="bbox 2408 3422 3888 3493">
    <p class='ocr_par' dir='ltr' id='par_1_79' title="bbox 2408 3422 3888 3493">
     <span class='ocr_line' id='line_1_79' title="bbox 2408 3422 3888 3493; baseline 0.003 -19"><span class='ocrx_word' id='word_1_557' title='bbox 2408 3424 2711 3493; x_wconf 63' lang='lat' dir='ltr'><strong>ron-ro</strong></span> <span class='ocrx_word' id='word_1_558' title='bbox 2769 3424 3143 3490; x_wconf 75' lang='grc' dir='ltr'><strong>φΑΑκΙΑΑῼ</strong></span> <span class='ocrx_word' id='word_1_559' title='bbox 3209 3422 3282 3493; x_wconf 81' lang='grc' dir='ltr'><strong>(ι)</strong></span> <span class='ocrx_word' id='word_1_560' title='bbox 3360 3424 3729 3477; x_wconf 74' lang='grc' dir='ltr'><strong>εΥΣεΒιοΣ</strong></span> <span class='ocrx_word' id='word_1_561' title='bbox 3790 3426 3888 3479; x_wconf 78' lang='lat' dir='ltr'><strong>EN</strong></span> 
     </span>
    </p>
   </div>
   <div class='ocr_carea' id='block_1_80' title="bbox 2402 3492 3122 3559">
    <p class='ocr_par' dir='ltr' id='par_1_80' title="bbox 2402 3492 3122 3559">
     <span class='ocr_line' id='line_1_80' title="bbox 2402 3492 3122 3559; baseline -0.001 -15"><span class='ocrx_word' id='word_1_562' title='bbox 2402 3494 2627 3559; x_wconf 83' lang='grc' dir='ltr'><strong>ΚΥΡΙῼ</strong></span> <span class='ocrx_word' id='word_1_563' title='bbox 2668 3492 2766 3559; x_wconf 67' lang='grc' dir='ltr'>(ισ)</span> <span class='ocrx_word' id='word_1_564' title='bbox 2802 3494 3122 3545; x_wconf 78' lang='grc' dir='ltr'><strong>ΧΑΙΡΕῙΝ.</strong></span> 
     </span>
    </p>
   </div>
   <div class='ocr_carea' id='block_1_81' title="bbox 2402 3582 3883 3656">
    <p class='ocr_par' dir='ltr' id='par_1_81' title="bbox 2402 3582 3883 3656">
     <span class='ocr_line' id='line_1_81' title="bbox 2402 3582 3883 3656; baseline 0.003 -21"><span class='ocrx_word' id='word_1_565' title='bbox 2402 3584 2463 3635; x_wconf 85' lang='lat' dir='ltr'><strong>El</strong></span> <span class='ocrx_word' id='word_1_566' title='bbox 2498 3584 2631 3653; x_wconf 80' lang='grc' dir='ltr'>πρὸς</span> <span class='ocrx_word' id='word_1_567' title='bbox 2671 3583 2766 3653; x_wconf 79' lang='grc' dir='ltr'>τὴν</span> <span class='ocrx_word' id='word_1_568' title='bbox 2800 3582 3077 3653; x_wconf 81' lang='grc' dir='ltr'>ἀδόλεσχον</span> <span class='ocrx_word' id='word_1_569' title='bbox 3115 3582 3191 3652; x_wconf 84' lang='lat'><strong>(5)</strong></span> <span class='ocrx_word' id='word_1_570' title='bbox 3222 3585 3313 3636; x_wconf 81' lang='grc' dir='ltr'>καὶ</span> <span class='ocrx_word' id='word_1_571' title='bbox 3341 3585 3579 3652; x_wconf 83' lang='grc' dir='ltr'>πολυεπῆ</span> <span class='ocrx_word' id='word_1_572' title='bbox 3634 3586 3883 3656; x_wconf 85' lang='grc' dir='ltr'>Μαρκέλ-</span> 
     </span>
    </p>
   </div>
   <div class='ocr_carea' id='block_1_82' title="bbox 2334 3671 3880 3742">
    <p class='ocr_par' dir='ltr' id='par_1_82' title="bbox 2334 3671 3880 3742">
     <span class='ocr_line' id='line_1_82' title="bbox 2334 3671 3880 3742; baseline 0.003 -19"><span class='ocrx_word' id='word_1_573' title='bbox 2334 3671 2424 3723; x_wconf 89' lang='grc' dir='ltr'><strong>λου</strong></span> <span class='ocrx_word' id='word_1_574' title='bbox 2454 3672 2665 3741; x_wconf 70' lang='grc' dir='ltr'>γραςρὴν</span> <span class='ocrx_word' id='word_1_575' title='bbox 2694 3671 2761 3722; x_wconf 78' lang='grc' dir='ltr'><strong>τὰ</strong></span> <span class='ocrx_word' id='word_1_576' title='bbox 2786 3673 2911 3741; x_wconf 86' lang='grc' dir='ltr'>παρ’</span> <span class='ocrx_word' id='word_1_577' title='bbox 2935 3672 3088 3741; x_wconf 79' lang='grc' dir='ltr'>ήμῶν</span> <span class='ocrx_word' id='word_1_578' title='bbox 3133 3672 3191 3724; x_wconf 83' lang='grc' dir='ltr'><strong>ἐν</strong></span> <span class='ocrx_word' id='word_1_579' title='bbox 3223 3671 3476 3742; x_wconf 86' lang='grc' dir='ltr'>βραχέσιν</span> <span class='ocrx_word' id='word_1_580' title='bbox 3528 3675 3779 3742; x_wconf 72' lang='grc' dir='ltr'>ἧρκεσεν,</span> <span class='ocrx_word' id='word_1_581' title='bbox 3822 3676 3880 3728; x_wconf 83' lang='grc' dir='ltr'>οὑ</span> 
     </span>
    </p>
   </div>
   <div class='ocr_carea' id='block_1_83' title="bbox 2336 3761 3885 3837">
    <p class='ocr_par' dir='ltr' id='par_1_83' title="bbox 2336 3761 3885 3837">
     <span class='ocr_line' id='line_1_83' title="bbox 2336 3761 3885 3837; baseline 0.003 -24"><span class='ocrx_word' id='word_1_582' title='bbox 2336 3762 2438 3830; x_wconf 85' lang='grc' dir='ltr'><strong>χρὴ</strong></span> <span class='ocrx_word' id='word_1_583' title='bbox 2465 3761 2774 3831; x_wconf 76' lang='grc' dir='ltr'>Θαυμάζειν.</span> <span class='ocrx_word' id='word_1_584' title='bbox 2809 3763 2879 3813; x_wconf 74' lang='grc' dir='ltr'>υὺ</span> <span class='ocrx_word' id='word_1_585' title='bbox 2913 3762 3019 3831; x_wconf 81' lang='grc' dir='ltr'><strong>γὰρ</strong></span> <span class='ocrx_word' id='word_1_586' title='bbox 3059 3761 3122 3832; x_wconf 77' lang='grc' dir='ltr'><strong>δὴ</strong></span> <span class='ocrx_word' id='word_1_587' title='bbox 3156 3762 3361 3815; x_wconf 81' lang='grc' dir='ltr'>πολλῶν</span> <span class='ocrx_word' id='word_1_588' title='bbox 3395 3764 3496 3815; x_wconf 77' lang='grc' dir='ltr'>ἔδει</span> <span class='ocrx_word' id='word_1_589' title='bbox 3548 3763 3720 3832; x_wconf 91' lang='grc' dir='ltr'>λόγων</span> <span class='ocrx_word' id='word_1_590' title='bbox 3756 3766 3885 3837; x_wconf 82' lang='grc' dir='ltr'>πρὸς</span> 
     </span>
    </p>
   </div>
   <div class='ocr_carea' id='block_1_84' title="bbox 2339 3848 3884 3925">
    <p class='ocr_par' dir='ltr' id='par_1_84' title="bbox 2339 3848 3884 3925">
     <span class='ocr_line' id='line_1_84' title="bbox 2339 3848 3884 3925; baseline 0.005 -21"><span class='ocrx_word' id='word_1_591' title='bbox 2339 3853 2662 3923; x_wconf 81' lang='grc' dir='ltr'>ἀνατροπὴν,</span> <span class='ocrx_word' id='word_1_592' title='bbox 2698 3853 2804 3904; x_wconf 84' lang='grc' dir='ltr'><strong>τῶν</strong></span> <span class='ocrx_word' id='word_1_593' title='bbox 2838 3854 3057 3906; x_wconf 80' lang='grc' dir='ltr'>αὐτόθεν</span> <span class='ocrx_word' id='word_1_594' title='bbox 3088 3855 3180 3907; x_wconf 80' lang='grc' dir='ltr'>καὶ</span> <span class='ocrx_word' id='word_1_595' title='bbox 3222 3858 3334 3917; x_wconf 71' lang='grc' dir='ltr'>τοῖς</span> <span class='ocrx_word' id='word_1_596' title='bbox 3362 3854 3580 3924; x_wconf 81' lang='grc' dir='ltr'>τυχοῦσι</span> <span class='ocrx_word' id='word_1_597' title='bbox 3610 3848 3884 3925; x_wconf 81' lang='grc' dir='ltr'>κατεγνω-</span> 
     </span>
    </p>
   </div>
   <div class='ocr_carea' id='block_1_85' title="bbox 2340 3943 3884 4020">
    <p class='ocr_par' dir='ltr' id='par_1_85' title="bbox 2340 3943 3884 4020">
     <span class='ocr_line' id='line_1_85' title="bbox 2340 3943 3884 4020; baseline 0.006 -27"><span class='ocrx_word' id='word_1_598' title='bbox 2340 3943 2567 4011; x_wconf 87' lang='grc' dir='ltr'>σμένων.</span> <span class='ocrx_word' id='word_1_599' title='bbox 2604 3944 2691 3995; x_wconf 81' lang='grc' dir='ltr'><strong>Διὸ</strong></span> <span class='ocrx_word' id='word_1_600' title='bbox 2714 3943 2775 4013; x_wconf 76' lang='grc' dir='ltr'>δὴ</span> <span class='ocrx_word' id='word_1_601' title='bbox 2813 3944 2870 3995; x_wconf 88' lang='grc' dir='ltr'><strong>ἐν</strong></span> <span class='ocrx_word' id='word_1_602' title='bbox 2899 3944 3016 3996; x_wconf 72' lang='grc' dir='ltr'>δυσὶ</span> <span class='ocrx_word' id='word_1_603' title='bbox 3048 3948 3159 4006; x_wconf 87' lang='grc' dir='ltr'>τοῖς</span> <span class='ocrx_word' id='word_1_604' title='bbox 3190 3944 3443 4014; x_wconf 81' lang='grc' dir='ltr'>πρώτοις,</span> <span class='ocrx_word' id='word_1_605' title='bbox 3466 3947 3596 4017; x_wconf 80' lang='grc' dir='ltr'>μόνῃ</span> <span class='ocrx_word' id='word_1_606' title='bbox 3626 3951 3691 4019; x_wconf 76' lang='grc' dir='ltr'>τῇ</span> <span class='ocrx_word' id='word_1_607' title='bbox 3719 3964 3884 4020; x_wconf 69' lang='grc' dir='ltr'>παμπ-</span> 
     </span>
    </p>
   </div>
   <div class='ocr_carea' id='block_1_86' title="bbox 2338 4032 3884 4109">
    <p class='ocr_par' dir='ltr' id='par_1_86' title="bbox 2338 4032 3884 4109">
     <span class='ocr_line' id='line_1_86' title="bbox 2338 4032 3884 4109; baseline 0.006 -25"><span class='ocrx_word' id='word_1_608' title='bbox 2338 4032 2481 4085; x_wconf 84' lang='grc' dir='ltr'>ϐέσει</span> <span class='ocrx_word' id='word_1_609' title='bbox 2505 4033 2609 4085; x_wconf 88' lang='grc' dir='ltr'><strong>τῶν</strong></span> <span class='ocrx_word' id='word_1_610' title='bbox 2638 4034 2728 4087; x_wconf 87' lang='grc' dir='ltr'><strong>τοῦ</strong></span> <span class='ocrx_word' id='word_1_611' title='bbox 2760 4035 2946 4106; x_wconf 78' lang='grc' dir='ltr'>ἀνδρὸς</span> <span class='ocrx_word' id='word_1_612' title='bbox 2978 4035 3229 4105; x_wconf 74' lang='grc' dir='ltr'>ῥημάτων</span> <span class='ocrx_word' id='word_1_613' title='bbox 3261 4039 3596 4107; x_wconf 75' lang='grc' dir='ltr'>χρησάμενος</span> <span class='ocrx_word' id='word_1_614' title='bbox 3637 4038 3756 4109; x_wconf 77' lang='grc' dir='ltr'>δίχα</span> <span class='ocrx_word' id='word_1_615' title='bbox 3784 4041 3884 4093; x_wconf 78' lang='grc' dir='ltr'>πά-</span> 
     </span>
    </p>
   </div>
   <div class='ocr_carea' id='block_1_87' title="bbox 2338 4125 3883 4201">
    <p class='ocr_par' dir='ltr' id='par_1_87' title="bbox 2338 4125 3883 4201">
     <span class='ocr_line' id='line_1_87' title="bbox 2338 4125 3883 4201; baseline 0.005 -25"><span class='ocrx_word' id='word_1_616' title='bbox 2338 4141 2438 4194; x_wconf 85' lang='grc' dir='ltr'>σης</span> <span class='ocrx_word' id='word_1_617' title='bbox 2467 4125 2847 4196; x_wconf 60' lang='grc' dir='ltr'>ἀντιρρήσεως,</span> <span class='ocrx_word' id='word_1_618' title='bbox 2873 4126 2931 4190; x_wconf 77' lang='grc' dir='ltr'>ἐξ</span> <span class='ocrx_word' id='word_1_619' title='bbox 2962 4125 3139 4179; x_wconf 85' lang='grc' dir='ltr'>αὐτῶν</span> <span class='ocrx_word' id='word_1_620' title='bbox 3171 4128 3258 4178; x_wconf 83' lang='grc' dir='ltr'>τὸν</span> <span class='ocrx_word' id='word_1_621' title='bbox 3294 4130 3411 4179; x_wconf 85' lang='grc' dir='ltr'>κατ’</span> <span class='ocrx_word' id='word_1_622' title='bbox 3458 4128 3633 4182; x_wconf 74' lang='grc' dir='ltr'>αὐτῶν</span> <span class='ocrx_word' id='word_1_623' title='bbox 3669 4130 3883 4201; x_wconf 72' lang='grc' dir='ltr'>ἔλεγχον</span> 
     </span>
    </p>
   </div>
   <div class='ocr_carea' id='block_1_88' title="bbox 2338 4216 3882 4289">
    <p class='ocr_par' dir='ltr' id='par_1_88' title="bbox 2338 4216 3882 4289">
     <span class='ocr_line' id='line_1_88' title="bbox 2338 4216 3882 4289; baseline 0.003 -22"><span class='ocrx_word' id='word_1_624' title='bbox 2338 4216 2563 4285; x_wconf 72' lang='grc' dir='ltr'>φανερὸν</span> <span class='ocrx_word' id='word_1_625' title='bbox 2614 4216 2925 4286; x_wconf 80' lang='grc' dir='ltr'>ἐποιούμην.</span> <span class='ocrx_word' id='word_1_626' title='bbox 2978 4216 3111 4268; x_wconf 76' lang='grc' dir='ltr'>Νυνὶ</span> <span class='ocrx_word' id='word_1_627' title='bbox 3152 4216 3207 4268; x_wconf 90' lang='grc' dir='ltr'><strong>δέ</strong></span> <span class='ocrx_word' id='word_1_628' title='bbox 3250 4218 3385 4287; x_wconf 85' lang='grc' dir='ltr'>πρὸς</span> <span class='ocrx_word' id='word_1_629' title='bbox 3413 4218 3591 4287; x_wconf 81' lang='grc' dir='ltr'>ἐκείνῃ</span> <span class='ocrx_word' id='word_1_630' title='bbox 3622 4221 3689 4289; x_wconf 76' lang='grc' dir='ltr'>τῇ</span> <span class='ocrx_word' id='word_1_631' title='bbox 3727 4220 3882 4289; x_wconf 75' lang='grc' dir='ltr'>φωρᾷ</span> 
     </span>
    </p>
   </div>
   <div class='ocr_carea' id='block_1_89' title="bbox 2335 4306 3885 4383">
    <p class='ocr_par' dir='ltr' id='par_1_89' title="bbox 2335 4306 3885 4383">
     <span class='ocr_line' id='line_1_89' title="bbox 2335 4306 3885 4383; baseline 0.005 -25"><span class='ocrx_word' id='word_1_632' title='bbox 2335 4306 2427 4359; x_wconf 72' lang='grc' dir='ltr'>καὶ</span> <span class='ocrx_word' id='word_1_633' title='bbox 2457 4307 2551 4376; x_wconf 82' lang='grc' dir='ltr'>τὴν</span> <span class='ocrx_word' id='word_1_634' title='bbox 2574 4307 2877 4377; x_wconf 81' lang='grc' dir='ltr'>ἀνατροπὴν</span> <span class='ocrx_word' id='word_1_635' title='bbox 2904 4308 3010 4359; x_wconf 86' lang='grc' dir='ltr'><strong>τῶν</strong></span> <span class='ocrx_word' id='word_1_636' title='bbox 3041 4307 3218 4361; x_wconf 82' lang='grc' dir='ltr'>αὐτῶν</span> <span class='ocrx_word' id='word_1_637' title='bbox 3245 4307 3331 4361; x_wconf 83' lang='grc' dir='ltr'><strong>διὰ</strong></span> <span class='ocrx_word' id='word_1_638' title='bbox 3378 4309 3542 4379; x_wconf 84' lang='grc' dir='ltr'>τριῶν</span> <span class='ocrx_word' id='word_1_639' title='bbox 3586 4311 3692 4363; x_wconf 86' lang='grc' dir='ltr'><strong>τῶν</strong></span> <span class='ocrx_word' id='word_1_640' title='bbox 3748 4311 3885 4383; x_wconf 57' lang='grc' dir='ltr'>μετὰ</span> 
     </span>
    </p>
   </div>
   <div class='ocr_carea' id='block_1_90' title="bbox 2337 4398 3879 4482">
    <p class='ocr_par' dir='ltr' id='par_1_90' title="bbox 2337 4398 3879 4482">
     <span class='ocr_line' id='line_1_90' title="bbox 2337 4398 3879 4482; baseline 0.006 -34"><span class='ocrx_word' id='word_1_641' title='bbox 2337 4400 2517 4482; x_wconf 87' lang='grc' dir='ltr'>χεῖρας</span> <span class='ocrx_word' id='word_1_642' title='bbox 2548 4401 2907 4470; x_wconf 81' lang='grc' dir='ltr'>προσήγαγον.</span> <span class='ocrx_word' id='word_1_643' title='bbox 2952 4400 3011 4451; x_wconf 85' lang='grc' dir='ltr'><strong>Ὀ</strong></span> <span class='ocrx_word' id='word_1_644' title='bbox 3048 4400 3145 4469; x_wconf 77' lang='grc' dir='ltr'><strong>μὲν</strong></span> <span class='ocrx_word' id='word_1_645' title='bbox 3179 4398 3305 4472; x_wconf 80' lang='grc' dir='ltr'>γὰρ,</span> <span class='ocrx_word' id='word_1_646' title='bbox 3330 4400 3387 4452; x_wconf 81' lang='grc' dir='ltr'><strong>ἐν</strong></span> <span class='ocrx_word' id='word_1_647' title='bbox 3418 4418 3470 4453; x_wconf 87' lang='grc' dir='ltr'><strong>τι</strong></span> <span class='ocrx_word' id='word_1_648' title='bbox 3494 4402 3773 4472; x_wconf 77' lang='grc' dir='ltr'>διωλύγιον</span> 
     </span>
    </p>
   </div>
   <div class='ocr_carea' id='block_1_91' title="bbox 765 4690 2236 4764">
    <p class='ocr_par' dir='ltr' id='par_1_91' title="bbox 765 4690 2232 4764">
     <span class='ocr_line' id='line_1_91' title="bbox 765 4690 2232 4764; baseline 0 -19"><span class='ocrx_word' id='word_1_649' title='bbox 765 4692 839 4764; x_wconf 69' lang='grc' dir='ltr'>(ει</span> <span class='ocrx_word' id='word_1_650' title='bbox 877 4690 1177 4764; x_wconf 16' lang='grc' dir='ltr'>Ταῦταᾼκαὶ</span> <span class='ocrx_word' id='word_1_651' title='bbox 1202 4691 1631 4764; x_wconf 41' lang='grc' dir='ltr'><strong>ήμᾶςηεγιροηὶι</strong></span> <span class='ocrx_word' id='word_1_652' title='bbox 1675 4690 1761 4744; x_wconf 86' lang='lat' dir='ltr'><strong>hic</strong></span> <span class='ocrx_word' id='word_1_653' title='bbox 1791 4691 2067 4764; x_wconf 82' lang='lat' dir='ltr'><strong>Eusebius,</strong></span> <span class='ocrx_word' id='word_1_654' title='bbox 2093 4691 2232 4745; x_wconf 86' lang='lat' dir='ltr'><strong>unde</strong></span> 
     </span>
    </p>
   </div>
   <div class='ocr_carea' id='block_1_92' title="bbox 2335 4690 3880 4764">
    <p class='ocr_par' dir='ltr' id='par_1_92' title="bbox 2338 4690 3880 4764">
     <span class='ocr_line' id='line_1_92' title="bbox 2338 4690 3880 4764; baseline 0.006 -21"><span class='ocrx_word' id='word_1_655' title='bbox 2338 4690 2531 4764; x_wconf 80' lang='lat' dir='ltr'><strong>fautor,</strong></span> <span class='ocrx_word' id='word_1_656' title='bbox 2564 4702 2615 4745; x_wconf 91' lang='lat' dir='ltr'><strong>et</strong></span> <span class='ocrx_word' id='word_1_657' title='bbox 2649 4692 2715 4746; x_wconf 92' lang='lat' dir='ltr'><strong>ab</strong></span> <span class='ocrx_word' id='word_1_658' title='bbox 2764 4693 2980 4764; x_wconf 84' lang='lat' dir='ltr'><strong>Arianis</strong></span> <span class='ocrx_word' id='word_1_659' title='bbox 3032 4694 3297 4756; x_wconf 86' lang='lat' dir='ltr'><strong>inductus,</strong></span> <span class='ocrx_word' id='word_1_660' title='bbox 3340 4694 3656 4762; x_wconf 83' lang='lat' dir='ltr'><strong>Enphrouii,</strong></span> <span class='ocrx_word' id='word_1_661' title='bbox 3695 4694 3880 4764; x_wconf 84' lang='lat' dir='ltr'><strong>itidem</strong></span> 
     </span>
    </p>
   </div>
   <div class='ocr_carea' id='block_1_93' title="bbox 698 4761 2224 4827">
    <p class='ocr_par' dir='ltr' id='par_1_93' title="bbox 698 4761 2224 4827">
     <span class='ocr_line' id='line_1_93' title="bbox 698 4761 2224 4827; baseline -0.001 -14"><span class='ocrx_word' id='word_1_662' title='bbox 698 4761 917 4824; x_wconf 75' lang='lat' dir='ltr'><strong>factum.</strong></span> <span class='ocrx_word' id='word_1_663' title='bbox 942 4772 992 4811; x_wconf 90' lang='lat' dir='ltr'><strong>ut</strong></span> <span class='ocrx_word' id='word_1_664' title='bbox 1019 4762 1082 4813; x_wconf 84' lang='lat' dir='ltr'><strong>ad</strong></span> <span class='ocrx_word' id='word_1_665' title='bbox 1110 4761 1483 4813; x_wconf 76' lang='lat' dir='ltr'><strong>Cnnlutandnm</strong></span> <span class='ocrx_word' id='word_1_666' title='bbox 1510 4762 1671 4813; x_wconf 84' lang='lat' dir='ltr'><strong>hocce</strong></span> <span class='ocrx_word' id='word_1_667' title='bbox 1708 4763 1959 4827; x_wconf 88' lang='lat' dir='ltr'><strong>scriptum</strong></span> <span class='ocrx_word' id='word_1_668' title='bbox 1986 4776 2224 4813; x_wconf 79' lang='lat' dir='ltr'><strong>accesse-</strong></span> 
     </span>
    </p>
   </div>
   <div class='ocr_carea' id='block_1_94' title="bbox 702 4830 2226 4893">
    <p class='ocr_par' dir='ltr' id='par_1_94' title="bbox 702 4830 2226 4893">
     <span class='ocr_line' id='line_1_94' title="bbox 702 4830 2226 4893; baseline -0.002 -9"><span class='ocrx_word' id='word_1_669' title='bbox 702 4833 790 4891; x_wconf 86' lang='lat' dir='ltr'><strong>rit.</strong></span> <span class='ocrx_word' id='word_1_670' title='bbox 821 4830 1026 4883; x_wconf 82' lang='lat' dir='ltr'><strong>concilii</strong></span> <span class='ocrx_word' id='word_1_671' title='bbox 1065 4830 1267 4882; x_wconf 77' lang='lat' dir='ltr'><strong>scilicet</strong></span> <span class='ocrx_word' id='word_1_672' title='bbox 1305 4831 1603 4893; x_wconf 79' lang='lat' dir='ltr'><strong>imperium.</strong></span> <span class='ocrx_word' id='word_1_673' title='bbox 1650 4839 1703 4880; x_wconf 92' lang='lat' dir='ltr'><strong>et</strong></span> <span class='ocrx_word' id='word_1_674' title='bbox 1744 4832 1989 4883; x_wconf 80' lang='lat' dir='ltr'><strong>Actorum</strong></span> <span class='ocrx_word' id='word_1_675' title='bbox 2017 4831 2226 4883; x_wconf 92' lang='lat' dir='ltr'><strong>concilii</strong></span> 
     </span>
    </p>
   </div>
   <div class='ocr_carea' id='block_1_95' title="bbox 701 4897 2230 4953">
    <p class='ocr_par' dir='ltr' id='par_1_95' title="bbox 701 4897 2230 4953">
     <span class='ocr_line' id='line_1_95' title="bbox 701 4897 2230 4953; baseline -0.001 0"><span class='ocrx_word' id='word_1_676' title='bbox 701 4900 1057 4953; x_wconf 78' lang='lat' dir='ltr'><strong>defensionem</strong></span> <span class='ocrx_word' id='word_1_677' title='bbox 1092 4900 1220 4950; x_wconf 85' lang='lat' dir='ltr'><strong>:sed</strong></span> <span class='ocrx_word' id='word_1_678' title='bbox 1250 4897 1563 4952; x_wconf 69' lang='lat' dir='ltr'><strong>factiuernt.</strong></span> <span class='ocrx_word' id='word_1_679' title='bbox 1610 4898 1929 4951; x_wconf 68' lang='lat' dir='ltr'><strong>Praesidelmt</strong></span> <span class='ocrx_word' id='word_1_680' title='bbox 1970 4900 2230 4953; x_wconf 84' lang='lat' dir='ltr'><strong>Eusebius</strong></span> 
     </span>
    </p>
   </div>
   <div class='ocr_carea' id='block_1_96' title="bbox 700 4968 2227 5035">
    <p class='ocr_par' dir='ltr' id='par_1_96' title="bbox 700 4968 2227 5035">
     <span class='ocr_line' id='line_1_96' title="bbox 700 4968 2227 5035; baseline -0.002 -13"><span class='ocrx_word' id='word_1_681' title='bbox 700 4968 1325 5035; x_wconf 87' lang='lat' dir='ltr'><strong>Coustantinopolitanus.</strong></span> <span class='ocrx_word' id='word_1_682' title='bbox 1378 4968 1556 5020; x_wconf 77' lang='lat' dir='ltr'><strong>Ariani</strong></span> <span class='ocrx_word' id='word_1_683' title='bbox 1590 4976 1738 5020; x_wconf 89' lang='lat' dir='ltr'><strong>erant</strong></span> <span class='ocrx_word' id='word_1_684' title='bbox 1773 4982 1902 5034; x_wconf 92' lang='lat' dir='ltr'><strong>pene</strong></span> <span class='ocrx_word' id='word_1_685' title='bbox 1940 4983 2122 5020; x_wconf 73' lang='lat' dir='ltr'><strong>oumes</strong></span> <span class='ocrx_word' id='word_1_686' title='bbox 2178 4969 2227 5019; x_wconf 89' lang='lat' dir='ltr'><strong>in</strong></span> 
     </span>
    </p>
   </div>
   <div class='ocr_carea' id='block_1_97' title="bbox 702 5036 2228 5102">
    <p class='ocr_par' dir='ltr' id='par_1_97' title="bbox 702 5036 2228 5102">
     <span class='ocr_line' id='line_1_97' title="bbox 702 5036 2228 5102; baseline 0.001 -14"><span class='ocrx_word' id='word_1_687' title='bbox 702 5036 791 5089; x_wconf 83' lang='lat' dir='ltr'><strong>illo</strong></span> <span class='ocrx_word' id='word_1_688' title='bbox 816 5036 1039 5088; x_wconf 84' lang='lat' dir='ltr'><strong>concilio</strong></span> <span class='ocrx_word' id='word_1_689' title='bbox 1088 5036 1389 5102; x_wconf 80' lang='lat' dir='ltr'><strong>congregati</strong></span> <span class='ocrx_word' id='word_1_690' title='bbox 1428 5054 1438 5085; x_wconf 90' lang='lat'>:</span> <span class='ocrx_word' id='word_1_691' title='bbox 1499 5047 1701 5087; x_wconf 84' lang='lat' dir='ltr'><strong>tantum</strong></span> <span class='ocrx_word' id='word_1_692' title='bbox 1748 5050 1853 5087; x_wconf 82' lang='lat' dir='ltr'><strong>non</strong></span> <span class='ocrx_word' id='word_1_693' title='bbox 1898 5038 2228 5089; x_wconf 79' lang='lat' dir='ltr'><strong>ariunizztbat</strong></span> 
     </span>
    </p>
   </div>
   <div class='ocr_carea' id='block_1_98' title="bbox 700 5102 2223 5172">
    <p class='ocr_par' dir='ltr' id='par_1_98' title="bbox 700 5102 2223 5172">
     <span class='ocr_line' id='line_1_98' title="bbox 700 5102 2223 5172; baseline -0.001 -15"><span class='ocrx_word' id='word_1_694' title='bbox 700 5106 985 5171; x_wconf 78' lang='lat' dir='ltr'><strong>imperator</strong></span> <span class='ocrx_word' id='word_1_695' title='bbox 1010 5120 1023 5155; x_wconf 88' lang='lat'><strong>:</strong></span> <span class='ocrx_word' id='word_1_696' title='bbox 1048 5102 1343 5172; x_wconf 79' lang='lat' dir='ltr'><strong>Marcellum</strong></span> <span class='ocrx_word' id='word_1_697' title='bbox 1365 5103 1437 5155; x_wconf 90' lang='lat' dir='ltr'><strong>illi</strong></span> <span class='ocrx_word' id='word_1_698' title='bbox 1460 5107 1679 5156; x_wconf 73' lang='lat' dir='ltr'><strong>oderunt</strong></span> <span class='ocrx_word' id='word_1_699' title='bbox 1696 5106 1813 5160; x_wconf 87' lang='lat' dir='ltr'><strong>odio</strong></span> <span class='ocrx_word' id='word_1_700' title='bbox 1829 5106 2223 5172; x_wconf 74' lang='lat' dir='ltr'><strong>capitalissimo.</strong></span> 
     </span>
    </p>
   </div>
   <div class='ocr_carea' id='block_1_99' title="bbox 701 5171 2219 5236">
    <p class='ocr_par' dir='ltr' id='par_1_99' title="bbox 701 5171 2219 5236">
     <span class='ocr_line' id='line_1_99' title="bbox 701 5171 2219 5236; baseline -0.001 -8"><span class='ocrx_word' id='word_1_701' title='bbox 701 5172 824 5228; x_wconf 66' lang='lat' dir='ltr'><strong>Haec</strong></span> <span class='ocrx_word' id='word_1_702' title='bbox 854 5172 1087 5225; x_wconf 86' lang='lat' dir='ltr'><strong>nouideo</strong></span> <span class='ocrx_word' id='word_1_703' title='bbox 1110 5171 1246 5223; x_wconf 80' lang='lat' dir='ltr'><strong>dictu</strong></span> <span class='ocrx_word' id='word_1_704' title='bbox 1276 5182 1415 5231; x_wconf 76' lang='lat' dir='ltr'><strong>sunt,</strong></span> <span class='ocrx_word' id='word_1_705' title='bbox 1449 5182 1503 5225; x_wconf 89' lang='lat' dir='ltr'><strong>ut</strong></span> <span class='ocrx_word' id='word_1_706' title='bbox 1522 5173 1818 5227; x_wconf 75' lang='lat' dir='ltr'><strong>Marcellum</strong></span> <span class='ocrx_word' id='word_1_707' title='bbox 1846 5171 2110 5236; x_wconf 81' lang='lat' dir='ltr'><strong>tueatmtr,</strong></span> <span class='ocrx_word' id='word_1_708' title='bbox 2132 5176 2219 5226; x_wconf 82' lang='lat' dir='ltr'><strong>sed</strong></span> 
     </span>
    </p>
   </div>
   <div class='ocr_carea' id='block_1_100' title="bbox 704 5242 2228 5312">
    <p class='ocr_par' dir='ltr' id='par_1_100' title="bbox 704 5242 2228 5312">
     <span class='ocr_line' id='line_1_100' title="bbox 704 5242 2228 5312; baseline 0.001 -19"><span class='ocrx_word' id='word_1_709' title='bbox 704 5252 757 5312; x_wconf 90' lang='lat' dir='ltr'><strong>ut</strong></span> <span class='ocrx_word' id='word_1_710' title='bbox 782 5242 1093 5312; x_wconf 74' lang='lat' dir='ltr'><strong>Arianorum</strong></span> <span class='ocrx_word' id='word_1_711' title='bbox 1130 5243 1419 5312; x_wconf 84' lang='lat' dir='ltr'><strong>operarios,</strong></span> <span class='ocrx_word' id='word_1_712' title='bbox 1460 5252 1511 5293; x_wconf 80' lang='lat' dir='ltr'><strong>et</strong></span> <span class='ocrx_word' id='word_1_713' title='bbox 1538 5258 1725 5312; x_wconf 79' lang='lat' dir='ltr'><strong>operas</strong></span> <span class='ocrx_word' id='word_1_714' title='bbox 1760 5244 2069 5296; x_wconf 83' lang='lat' dir='ltr'><strong>indicemus.</strong></span> <span class='ocrx_word' id='word_1_715' title='bbox 2099 5243 2228 5304; x_wconf 80' lang='grc' dir='ltr'>Θεὸς</span> 
     </span>
    </p>
   </div>
   <div class='ocr_carea' id='block_1_101' title="bbox 701 5308 2225 5430">
    <p class='ocr_par' dir='ltr' id='par_1_101' title="bbox 701 5308 2225 5430">
     <span class='ocr_line' id='line_1_101' title="bbox 701 5308 2225 5430; baseline 0.002 -68"><span class='ocrx_word' id='word_1_716' title='bbox 701 5311 805 5430; x_wconf 47' lang='grc' dir='ltr'>γάιρ</span> <span class='ocrx_word' id='word_1_717' title='bbox 850 5308 1026 5361; x_wconf 74' lang='grc' dir='ltr'>ἔσεται</span> <span class='ocrx_word' id='word_1_718' title='bbox 1053 5310 1080 5361; x_wconf 76' lang='grc' dir='ltr'><strong>δ</strong></span> <span class='ocrx_word' id='word_1_719' title='bbox 1116 5311 1313 5363; x_wconf 84' lang='grc' dir='ltr'>τούτων</span> <span class='ocrx_word' id='word_1_720' title='bbox 1341 5314 1547 5382; x_wconf 84' lang='grc' dir='ltr'>κριτής,</span> <span class='ocrx_word' id='word_1_721' title='bbox 1574 5308 1637 5364; x_wconf 72' lang='grc' dir='ltr'><strong>ἰιι</strong></span> <span class='ocrx_word' id='word_1_722' title='bbox 1685 5314 1857 5367; x_wconf 73' lang='lat' dir='ltr'><strong>verbis</strong></span> <span class='ocrx_word' id='word_1_723' title='bbox 1894 5314 2225 5377; x_wconf 79' lang='lat' dir='ltr'><strong>Eusebianis,</strong></span> 
     </span>
     <span class='ocr_line' id='line_1_102' title="bbox 703 5378 1808 5430; baseline 0 0"><span class='ocrx_word' id='word_1_724' title='bbox 703 5392 758 5430; x_wconf 89' lang='lat' dir='ltr'><strong>se</strong></span> <span class='ocrx_word' id='word_1_725' title='bbox 818 5394 971 5430; x_wconf 73' lang='lat' dir='ltr'><strong>Sensit</strong></span> <span class='ocrx_word' id='word_1_726' title='bbox 998 5378 1361 5430; x_wconf 77' lang='lat' dir='ltr'><strong>EDiDltaniatto</strong></span> <span class='ocrx_word' id='word_1_727' title='bbox 1384 5383 1708 5430; x_wconf 74' lang='lat' dir='ltr'><strong>concludam.</strong></span> <span class='ocrx_word' id='word_1_728' title='bbox 1739 5381 1808 5430; x_wconf 81' lang='grc' dir='ltr'><strong>Μ.</strong></span> 
     </span>
    </p>
   </div>
   <div class='ocr_carea' id='block_1_102' title="bbox 703 5378 1808 5445">
    <p class='ocr_par' dir='ltr' id='par_1_102' title="bbox 703 5378 1808 5445">
     <span class='ocr_line' id='line_1_103' title="bbox 703 5378 1808 5445; baseline 0.001 -13"><span class='ocrx_word' id='word_1_729' title='bbox 703 5378 791 5432; x_wconf 86' lang='lat' dir='ltr'><strong>sed</strong></span> <span class='ocrx_word' id='word_1_730' title='bbox 818 5394 971 5431; x_wconf 86' lang='lat' dir='ltr'><strong>sensu</strong></span> <span class='ocrx_word' id='word_1_731' title='bbox 998 5378 1361 5445; x_wconf 79' lang='lat' dir='ltr'><strong>Epiphaniano</strong></span> <span class='ocrx_word' id='word_1_732' title='bbox 1380 5378 1708 5435; x_wconf 64' lang='lat' dir='ltr'><strong>concludam.</strong></span> <span class='ocrx_word' id='word_1_733' title='bbox 1739 5381 1808 5434; x_wconf 86' lang='grc' dir='ltr'><strong>Μ.</strong></span> 
     </span>
    </p>
   </div>
   <div class='ocr_carea' id='block_1_103' title="bbox 749 5445 2226 5578">
    <p class='ocr_par' dir='ltr' id='par_1_103' title="bbox 749 5445 2226 5578">
     <span class='ocr_line' id='line_1_104' title="bbox 749 5445 2226 5578; baseline 0.002 -78"><span class='ocrx_word' id='word_1_734' title='bbox 749 5448 845 5578; x_wconf 52' lang='grc' dir='ltr'><strong>ἐξ)</strong></span> <span class='ocrx_word' id='word_1_735' title='bbox 872 5445 1043 5517; x_wconf 82' lang='lat' dir='ltr'><strong>Vulgo</strong></span> <span class='ocrx_word' id='word_1_736' title='bbox 1069 5447 1268 5516; x_wconf 75' lang='grc' dir='ltr'>ἐλελιγ.</span> <span class='ocrx_word' id='word_1_737' title='bbox 1304 5461 1356 5503; x_wconf 92' lang='lat' dir='ltr'><strong>et</strong></span> <span class='ocrx_word' id='word_1_738' title='bbox 1382 5451 1521 5504; x_wconf 86' lang='lat' dir='ltr'><strong>infra</strong></span> <span class='ocrx_word' id='word_1_739' title='bbox 1542 5452 1599 5515; x_wconf 83' lang='grc' dir='ltr'>ὃς</span> <span class='ocrx_word' id='word_1_740' title='bbox 1620 5452 1675 5504; x_wconf 86' lang='grc' dir='ltr'>δὲ</span> <span class='ocrx_word' id='word_1_741' title='bbox 1693 5469 1744 5505; x_wconf 87' lang='grc' dir='ltr'>τ.</span> <span class='ocrx_word' id='word_1_742' title='bbox 1780 5469 1867 5521; x_wconf 85' lang='grc' dir='ltr'><strong>κρ.</strong></span> <span class='ocrx_word' id='word_1_743' title='bbox 1896 5462 1951 5505; x_wconf 90' lang='lat' dir='ltr'><strong>et</strong></span> <span class='ocrx_word' id='word_1_744' title='bbox 1982 5451 2226 5505; x_wconf 87' lang='grc' dir='ltr'>ἀπεδοκι-</span> 
     </span>
     <span class='ocr_line' id='line_1_105' title="bbox 816 5533 918 5570; baseline 0.02 -2"><span class='ocrx_word' id='word_1_745' title='bbox 816 5533 918 5570; x_wconf 84' lang='grc' dir='ltr'>ετο.</span> 
     </span>
    </p>
   </div>
   <div class='ocr_carea' id='block_1_104' title="bbox 816 5533 918 5570">
    <p class='ocr_par' dir='ltr' id='par_1_104' title="bbox 816 5533 918 5570">
     <span class='ocr_line' id='line_1_106' title="bbox 816 5533 918 5570; baseline 0.02 -2"><span class='ocrx_word' id='word_1_746' title='bbox 816 5533 918 5570; x_wconf 84' lang='grc' dir='ltr'>ετο.</span> 
     </span>
    </p>
   </div>
   <div class='ocr_carea' id='block_1_105' title="bbox 707 5532 2218 5655">
    <p class='ocr_par' dir='ltr' id='par_1_105' title="bbox 707 5532 2218 5655">
     <span class='ocr_line' id='line_1_107' title="bbox 749 5532 918 5570; baseline 0.012 -2"><span class='ocrx_word' id='word_1_747' title='bbox 749 5532 782 5568; x_wconf 90' lang='grc' dir='ltr'><strong>α</strong></span> <span class='ocrx_word' id='word_1_748' title='bbox 816 5533 918 5570; x_wconf 84' lang='grc' dir='ltr'>ετο.</span> 
     </span>
     <span class='ocr_line' id='line_1_108' title="bbox 707 5532 2218 5655; baseline 0.003 -18"><span class='ocrx_word' id='word_1_749' title='bbox 707 5532 848 5655; x_wconf 41' lang='grc' dir='ltr'><strong>ιἱξί)</strong></span> <span class='ocrx_word' id='word_1_750' title='bbox 898 5585 1253 5641; x_wconf 89' lang='lat' dir='ltr'><strong>lnscribuntur</strong></span> <span class='ocrx_word' id='word_1_751' title='bbox 1309 5596 1416 5642; x_wconf 90' lang='lat' dir='ltr'><strong>tres</strong></span> <span class='ocrx_word' id='word_1_752' title='bbox 1450 5600 1735 5655; x_wconf 84' lang='lat' dir='ltr'><strong>sequentes</strong></span> <span class='ocrx_word' id='word_1_753' title='bbox 1782 5591 1918 5653; x_wconf 86' lang='lat' dir='ltr'><strong>libri,</strong></span> <span class='ocrx_word' id='word_1_754' title='bbox 1952 5589 2218 5644; x_wconf 79' lang='lat' dir='ltr'><strong>Flaccilla.</strong></span> 
     </span>
    </p>
   </div>
   <div class='ocr_carea' id='block_1_106' title="bbox 705 5650 2221 5787">
    <p class='ocr_par' dir='ltr' id='par_1_106' title="bbox 705 5650 2221 5787">
     <span class='ocr_line' id='line_1_109' title="bbox 705 5650 2221 5787; baseline 0.005 -84"><span class='ocrx_word' id='word_1_755' title='bbox 705 5650 840 5787; x_wconf 54' lang='lat' dir='ltr'><strong>Erat</strong></span> <span class='ocrx_word' id='word_1_756' title='bbox 897 5664 1068 5707; x_wconf 88' lang='lat' dir='ltr'><strong>autem</strong></span> <span class='ocrx_word' id='word_1_757' title='bbox 1133 5659 1405 5724; x_wconf 85' lang='lat' dir='ltr'><strong>episcopus</strong></span> <span class='ocrx_word' id='word_1_758' title='bbox 1471 5650 1556 5711; x_wconf 79' lang='lat' dir='ltr'><strong>ille</strong></span> <span class='ocrx_word' id='word_1_759' title='bbox 1628 5650 1956 5724; x_wconf 72' lang='lat' dir='ltr'><strong>Antiochiae,-</strong></span> <span class='ocrx_word' id='word_1_760' title='bbox 2002 5660 2100 5729; x_wconf 70' lang='grc' dir='ltr'>τῆς</span> <span class='ocrx_word' id='word_1_761' title='bbox 2156 5664 2221 5711; x_wconf 80' lang='lat' dir='ltr'><strong>ad</strong></span> 
     </span>
     <span class='ocr_line' id='line_1_110' title="bbox 751 5720 2221 5787; baseline 0.005 -11"><span class='ocrx_word' id='word_1_762' title='bbox 751 5720 979 5787; x_wconf 76' lang='lat' dir='ltr'><strong>aphnen,</strong></span> <span class='ocrx_word' id='word_1_763' title='bbox 1024 5723 1254 5784; x_wconf 85' lang='lat' dir='ltr'><strong>Orientis</strong></span> <span class='ocrx_word' id='word_1_764' title='bbox 1300 5728 1665 5787; x_wconf 81' lang='lat' dir='ltr'><strong>ntetrnpolita,</strong></span> <span class='ocrx_word' id='word_1_765' title='bbox 1710 5728 1916 5783; x_wconf 62' lang='lat' dir='ltr'><strong>Ariane</strong></span> <span class='ocrx_word' id='word_1_766' title='bbox 1959 5729 2221 5785; x_wconf 76' lang='lat' dir='ltr'><strong>haereseos</strong></span> 
     </span>
    </p>
   </div>
   <div class='ocr_carea' id='block_1_107' title="bbox 751 5720 2221 5798">
    <p class='ocr_par' dir='ltr' id='par_1_107' title="bbox 751 5720 2221 5798">
     <span class='ocr_line' id='line_1_111' title="bbox 751 5720 2221 5798; baseline 0.007 -25"><span class='ocrx_word' id='word_1_767' title='bbox 751 5720 979 5794; x_wconf 73' lang='lat' dir='ltr'><strong>aphnen,</strong></span> <span class='ocrx_word' id='word_1_768' title='bbox 1024 5720 1254 5784; x_wconf 84' lang='lat' dir='ltr'><strong>Orientis</strong></span> <span class='ocrx_word' id='word_1_769' title='bbox 1300 5720 1665 5798; x_wconf 81' lang='lat' dir='ltr'><strong>ntetrnpolita,</strong></span> <span class='ocrx_word' id='word_1_770' title='bbox 1710 5720 2221 5785; x_wconf 32' lang='lat' dir='ltr'><strong>Ariane’hacrcseos</strong></span> 
     </span>
    </p>
   </div>
   <div class='ocr_carea' id='block_1_108' title="bbox 2335 4762 3875 4833">
    <p class='ocr_par' dir='ltr' id='par_1_108' title="bbox 2335 4762 3875 4833">
     <span class='ocr_line' id='line_1_112' title="bbox 2335 4762 3875 4833; baseline 0.005 -20"><span class='ocrx_word' id='word_1_771' title='bbox 2335 4762 2535 4833; x_wconf 70' lang='lat' dir='ltr'><strong>Ariani,</strong></span> <span class='ocrx_word' id='word_1_772' title='bbox 2570 4778 2868 4833; x_wconf 66' lang='lat' dir='ltr'><strong>successor.</strong></span> <span class='ocrx_word' id='word_1_773' title='bbox 2892 4763 2959 4833; x_wconf 1' lang='lat' dir='ltr'><strong>pls</strong></span> <span class='ocrx_word' id='word_1_774' title='bbox 3000 4773 3101 4824; x_wconf 79' lang='lat' dir='ltr'><strong>est,</strong></span> <span class='ocrx_word' id='word_1_775' title='bbox 3132 4766 3220 4833; x_wconf 80' lang='lat' dir='ltr'><strong>qui</strong></span> <span class='ocrx_word' id='word_1_776' title='bbox 3258 4770 3395 4833; x_wconf 78' lang='lat' dir='ltr'><strong>apud</strong></span> <span class='ocrx_word' id='word_1_777' title='bbox 3434 4764 3647 4819; x_wconf 81' lang='lat' dir='ltr'><strong>Suzom.</strong></span> <span class='ocrx_word' id='word_1_778' title='bbox 3675 4763 3765 4817; x_wconf 90' lang='lat' dir='ltr'><strong>lib.</strong></span> <span class='ocrx_word' id='word_1_779' title='bbox 3795 4780 3875 4829; x_wconf 87' lang='grc' dir='ltr'>ιιι.</span> 
     </span>
    </p>
   </div>
   <div class='ocr_carea' id='block_1_109' title="bbox 2334 4829 3901 4902">
    <p class='ocr_par' dir='ltr' id='par_1_109' title="bbox 2334 4829 3901 4902">
     <span class='ocr_line' id='line_1_113' title="bbox 2334 4829 3901 4902; baseline 0.006 -21"><span class='ocrx_word' id='word_1_780' title='bbox 2334 4844 2453 4902; x_wconf 77' lang='lat' dir='ltr'><strong>cap.</strong></span> <span class='ocrx_word' id='word_1_781' title='bbox 2484 4829 2535 4895; x_wconf 85' lang='lat'><strong>5,</strong></span> <span class='ocrx_word' id='word_1_782' title='bbox 2570 4831 2764 4902; x_wconf 69' lang='lat' dir='ltr'><strong>dicitur</strong></span> <span class='ocrx_word' id='word_1_783' title='bbox 2794 4831 3093 4902; x_wconf 83' lang='grc' dir='ltr'>Πλάκητος,</span> <span class='ocrx_word' id='word_1_784' title='bbox 3130 4829 3195 4884; x_wconf 68' lang='lat' dir='ltr'><strong>ab</strong></span> <span class='ocrx_word' id='word_1_785' title='bbox 3229 4834 3346 4886; x_wconf 80' lang='lat' dir='ltr'><strong>aliis</strong></span> <span class='ocrx_word' id='word_1_786' title='bbox 3376 4832 3641 4893; x_wconf 81' lang='lat' dir='ltr'><strong>Placidus.</strong></span> <span class='ocrx_word' id='word_1_787' title='bbox 3695 4849 3901 4890; x_wconf 64' lang='lat' dir='ltr'><strong>errore</strong></span> 
     </span>
    </p>
   </div>
   <div class='ocr_carea' id='block_1_110' title="bbox 2332 4898 3873 4967">
    <p class='ocr_par' dir='ltr' id='par_1_110' title="bbox 2332 4898 3873 4967">
     <span class='ocr_line' id='line_1_114' title="bbox 2332 4898 3873 4967; baseline 0.005 -18"><span class='ocrx_word' id='word_1_788' title='bbox 2332 4898 2688 4951; x_wconf 86' lang='lat' dir='ltr'><strong>librariorum.</strong></span> <span class='ocrx_word' id='word_1_789' title='bbox 2720 4898 3015 4967; x_wconf 82' lang='lat' dir='ltr'><strong>Aliquoties</strong></span> <span class='ocrx_word' id='word_1_790' title='bbox 3049 4903 3187 4956; x_wconf 90' lang='lat' dir='ltr'><strong>illius</strong></span> <span class='ocrx_word' id='word_1_791' title='bbox 3237 4904 3481 4956; x_wconf 88' lang='lat' dir='ltr'><strong>meminit</strong></span> <span class='ocrx_word' id='word_1_792' title='bbox 3526 4903 3873 4959; x_wconf 77' lang='lat' dir='ltr'><strong>Athanasius.</strong></span> 
     </span>
    </p>
   </div>
   <div class='ocr_carea' id='block_1_111' title="bbox 2330 4967 3877 5040">
    <p class='ocr_par' dir='ltr' id='par_1_111' title="bbox 2330 4967 3877 5040">
     <span class='ocr_line' id='line_1_115' title="bbox 2330 4967 3877 5040; baseline 0.006 -23"><span class='ocrx_word' id='word_1_793' title='bbox 2330 4967 2463 5040; x_wconf 71' lang='lat' dir='ltr'><strong>Quid</strong></span> <span class='ocrx_word' id='word_1_794' title='bbox 2487 4984 2612 5021; x_wconf 85' lang='lat' dir='ltr'><strong>vero</strong></span> <span class='ocrx_word' id='word_1_795' title='bbox 2650 4970 2905 5022; x_wconf 79' lang='lat' dir='ltr'><strong>hactenus</strong></span> <span class='ocrx_word' id='word_1_796' title='bbox 2940 4984 2966 5040; x_wconf 87' lang='lat' dir='ltr'><strong>a</strong></span> <span class='ocrx_word' id='word_1_797' title='bbox 3004 4984 3060 5023; x_wconf 84' lang='lat' dir='ltr'><strong>se</strong></span> <span class='ocrx_word' id='word_1_798' title='bbox 3095 4972 3387 5039; x_wconf 65' lang='lat' dir='ltr'><strong>praestitum</strong></span> <span class='ocrx_word' id='word_1_799' title='bbox 3425 4973 3513 5034; x_wconf 86' lang='lat' dir='ltr'><strong>sit.</strong></span> <span class='ocrx_word' id='word_1_800' title='bbox 3555 4983 3609 5026; x_wconf 92' lang='lat' dir='ltr'><strong>et</strong></span> <span class='ocrx_word' id='word_1_801' title='bbox 3633 4973 3761 5040; x_wconf 91' lang='lat' dir='ltr'><strong>quid</strong></span> <span class='ocrx_word' id='word_1_802' title='bbox 3807 4974 3877 5028; x_wconf 84' lang='lat' dir='ltr'><strong>ab.</strong></span> 
     </span>
    </p>
   </div>
   <div class='ocr_carea' id='block_1_112' title="bbox 2328 5036 3875 5165">
    <p class='ocr_par' dir='ltr' id='par_1_112' title="bbox 2328 5036 3875 5165">
     <span class='ocr_line' id='line_1_116' title="bbox 2329 5036 3875 5107; baseline 0.005 -20"><span class='ocrx_word' id='word_1_803' title='bbox 2329 5050 2391 5087; x_wconf 92' lang='lat' dir='ltr'><strong>eo</strong></span> <span class='ocrx_word' id='word_1_804' title='bbox 2436 5036 2486 5089; x_wconf 92' lang='lat' dir='ltr'><strong>in</strong></span> <span class='ocrx_word' id='word_1_805' title='bbox 2552 5042 2899 5104; x_wconf 82' lang='lat' dir='ltr'><strong>sequentibus</strong></span> <span class='ocrx_word' id='word_1_806' title='bbox 2952 5036 3108 5092; x_wconf 80' lang='lat' dir='ltr'><strong>libris</strong></span> <span class='ocrx_word' id='word_1_807' title='bbox 3159 5043 3572 5107; x_wconf 80' lang='lat' dir='ltr'><strong>exspectandum</strong></span> <span class='ocrx_word' id='word_1_808' title='bbox 3627 5036 3731 5104; x_wconf 71' lang='lat' dir='ltr'><strong>sit,</strong></span> <span class='ocrx_word' id='word_1_809' title='bbox 3782 5044 3875 5095; x_wconf 89' lang='lat' dir='ltr'><strong>do-</strong></span> 
     </span>
     <span class='ocr_line' id='line_1_117' title="bbox 2328 5104 3875 5165; baseline 0.006 -10"><span class='ocrx_word' id='word_1_810' title='bbox 2328 5116 2409 5157; x_wconf 91' lang='lat' dir='ltr'><strong>cet</strong></span> <span class='ocrx_word' id='word_1_811' title='bbox 2456 5104 2717 5160; x_wconf 83' lang='lat' dir='ltr'><strong>Eusebins</strong></span> <span class='ocrx_word' id='word_1_812' title='bbox 2770 5109 2822 5160; x_wconf 93' lang='lat' dir='ltr'><strong>in</strong></span> <span class='ocrx_word' id='word_1_813' title='bbox 2862 5108 3005 5162; x_wconf 91' lang='lat' dir='ltr'><strong>illis:</strong></span> <span class='ocrx_word' id='word_1_814' title='bbox 3067 5110 3156 5165; x_wconf 81' lang='grc' dir='ltr'>Διὸ</span> <span class='ocrx_word' id='word_1_815' title='bbox 3203 5109 3259 5163; x_wconf 78' lang='grc' dir='ltr'><strong>δέ</strong></span> <span class='ocrx_word' id='word_1_816' title='bbox 3308 5112 3363 5165; x_wconf 82' lang='grc' dir='ltr'>ἐν</span> <span class='ocrx_word' id='word_1_817' title='bbox 3418 5109 3535 5163; x_wconf 74' lang='grc' dir='ltr'>δυσὶ</span> <span class='ocrx_word' id='word_1_818' title='bbox 3583 5113 3693 5165; x_wconf 81' lang='grc' dir='ltr'>τοῖς</span> <span class='ocrx_word' id='word_1_819' title='bbox 3731 5110 3875 5165; x_wconf 81' lang='grc' dir='ltr'>ποώ-</span> 
     </span>
    </p>
   </div>
   <div class='ocr_carea' id='block_1_113' title="bbox 2502 5124 3875 5183">
    <p class='ocr_par' dir='ltr' id='par_1_113' title="bbox 2502 5124 3875 5183">
     <span class='ocr_line' id='line_1_118' title="bbox 2502 5124 3875 5183; baseline 0.006 -28"><span class='ocrx_word' id='word_1_820' title='bbox 2502 5124 2717 5183; x_wconf 63' lang='lat' dir='ltr'><strong>useutus</strong></span> <span class='ocrx_word' id='word_1_821' title='bbox 2770 5124 2822 5160; x_wconf 83' lang='lat' dir='ltr'><strong>In</strong></span> <span class='ocrx_word' id='word_1_822' title='bbox 2862 5124 3005 5162; x_wconf 70' lang='lat' dir='ltr'><strong>IIIIS:</strong></span> <span class='ocrx_word' id='word_1_823' title='bbox 3067 5124 3156 5165; x_wconf 81' lang='grc' dir='ltr'><strong>Διο</strong></span> <span class='ocrx_word' id='word_1_824' title='bbox 3203 5124 3259 5163; x_wconf 75' lang='grc' dir='ltr'>σε</span> <span class='ocrx_word' id='word_1_825' title='bbox 3308 5127 3363 5165; x_wconf 87' lang='grc' dir='ltr'>εν</span> <span class='ocrx_word' id='word_1_826' title='bbox 3418 5124 3535 5163; x_wconf 81' lang='grc' dir='ltr'>ουσι</span> <span class='ocrx_word' id='word_1_827' title='bbox 3583 5124 3693 5173; x_wconf 81' lang='grc' dir='ltr'>τοις</span> <span class='ocrx_word' id='word_1_828' title='bbox 3731 5124 3875 5183; x_wconf 83' lang='grc' dir='ltr'>πρω-</span> 
     </span>
    </p>
   </div>
   <div class='ocr_carea' id='block_1_114' title="bbox 2327 5176 2685 5237">
    <p class='ocr_par' dir='ltr' id='par_1_114' title="bbox 2327 5176 2685 5237">
     <span class='ocr_line' id='line_1_119' title="bbox 2327 5176 2685 5237; baseline 0.006 -12"><span class='ocrx_word' id='word_1_829' title='bbox 2327 5190 2454 5237; x_wconf 88' lang='grc' dir='ltr'>τοις,</span> <span class='ocrx_word' id='word_1_830' title='bbox 2488 5186 2591 5228; x_wconf 87' lang='lat' dir='ltr'><strong>etc.</strong></span> <span class='ocrx_word' id='word_1_831' title='bbox 2616 5176 2685 5227; x_wconf 85' lang='lat' dir='ltr'><strong>M.</strong></span> 
     </span>
    </p>
   </div>
   <div class='ocr_carea' id='block_1_115' title="bbox 2391 5175 3200 5318">
    <p class='ocr_par' dir='ltr' id='par_1_115' title="bbox 2391 5175 3200 5318">
     <span class='ocr_line' id='line_1_120' title="bbox 2391 5175 2685 5237; baseline 0 -10"><span class='ocrx_word' id='word_1_832' title='bbox 2391 5193 2454 5237; x_wconf 89' lang='grc' dir='ltr'><strong>ις,</strong></span> <span class='ocrx_word' id='word_1_833' title='bbox 2488 5186 2591 5228; x_wconf 88' lang='lat' dir='ltr'><strong>etc.</strong></span> <span class='ocrx_word' id='word_1_834' title='bbox 2616 5175 2685 5227; x_wconf 91' lang='grc' dir='ltr'><strong>Μ.</strong></span> 
     </span>
     <span class='ocr_line' id='line_1_121' title="bbox 2395 5244 3200 5318; baseline 0.006 -22"><span class='ocrx_word' id='word_1_835' title='bbox 2395 5244 2745 5318; x_wconf 37' lang='grc' dir='ltr'><strong>(ἕξ-Κυρίῳ.-</strong></span> <span class='ocrx_word' id='word_1_836' title='bbox 2766 5244 2930 5310; x_wconf 75' lang='lat' dir='ltr'><strong>Vulgo</strong></span> <span class='ocrx_word' id='word_1_837' title='bbox 2955 5246 3200 5318; x_wconf 77' lang='grc' dir='ltr'>Χριστῷ.</span> 
     </span>
    </p>
   </div>
   <div class='ocr_carea' id='block_1_116' title="bbox 2417 5264 3868 5388">
    <p class='ocr_par' dir='ltr' id='par_1_116' title="bbox 2417 5264 3868 5388">
     <span class='ocr_line' id='line_1_122' title="bbox 2417 5264 3200 5318; baseline 0.006 -22"><span class='ocrx_word' id='word_1_838' title='bbox 2417 5264 2489 5303; x_wconf 57' lang='grc'><strong>³1⁷)</strong></span> <span class='ocrx_word' id='word_1_839' title='bbox 2517 5264 2725 5311; x_wconf 67' lang='grc' dir='ltr'>ιιυριῳ.</span> <span class='ocrx_word' id='word_1_840' title='bbox 2777 5264 2930 5310; x_wconf 59' lang='grc' dir='ltr'>νιιιπη</span> <span class='ocrx_word' id='word_1_841' title='bbox 2968 5264 3011 5299; x_wconf 75' lang='grc' dir='ltr'><strong>Ᾱ</strong></span> <span class='ocrx_word' id='word_1_842' title='bbox 3055 5264 3200 5318; x_wconf 73' lang='grc' dir='ltr'>ιστῳ.</span> 
     </span>
     <span class='ocr_line' id='line_1_123' title="bbox 2417 5264 3868 5388; baseline 0.006 -23"><span class='ocrx_word' id='word_1_843' title='bbox 2417 5313 2626 5383; x_wconf 84' lang='lat' dir='ltr'><strong>5)ang.</strong></span> <span class='ocrx_word' id='word_1_844' title='bbox 2646 5314 2750 5388; x_wconf 75' lang='grc' dir='ltr'><strong>Καὶ</strong></span> <span class='ocrx_word' id='word_1_845' title='bbox 2772 5318 2924 5368; x_wconf 81' lang='grc' dir='ltr'>πολὺ</span> <span class='ocrx_word' id='word_1_846' title='bbox 2940 5264 3101 5369; x_wconf 63' lang='lat' dir='ltr'><strong>(1:an</strong></span> <span class='ocrx_word' id='word_1_847' title='bbox 3108 5315 3641 5388; x_wconf 65' lang='lat' dir='ltr'><strong>apxéJJov.[Saltem</strong></span> <span class='ocrx_word' id='word_1_848' title='bbox 3655 5317 3868 5388; x_wconf 81' lang='grc' dir='ltr'>πολλήν.</span> 
     </span>
    </p>
   </div>
   <div class='ocr_carea' id='block_1_117' title="bbox 2326 5380 3868 5456">
    <p class='ocr_par' dir='ltr' id='par_1_117' title="bbox 2326 5380 3868 5456">
     <span class='ocr_line' id='line_1_124' title="bbox 2326 5380 3868 5456; baseline 0.003 -21"><span class='ocrx_word' id='word_1_849' title='bbox 2326 5380 2669 5456; x_wconf 11' lang='grc' dir='ltr'>Ξειιᾲοιηιιῖιιυ</span> <span class='ocrx_word' id='word_1_850' title='bbox 2714 5385 2993 5456; x_wconf 68' lang='lat' dir='ltr'><strong>legendum</strong></span> <span class='ocrx_word' id='word_1_851' title='bbox 3026 5380 3512 5456; x_wconf 48' lang='grc' dir='ltr'>εειξπολυεπῆξιιι</span> <span class='ocrx_word' id='word_1_852' title='bbox 3541 5390 3732 5456; x_wconf 84' lang='lat' dir='ltr'><strong>docent</strong></span> <span class='ocrx_word' id='word_1_853' title='bbox 3753 5380 3868 5451; x_wconf 66' lang='lat' dir='ltr'><strong>illa,</strong></span> 
     </span>
    </p>
   </div>
   <div class='ocr_carea' id='block_1_118' title="bbox 2324 5454 3865 5523">
    <p class='ocr_par' dir='ltr' id='par_1_118' title="bbox 2324 5454 3865 5523">
     <span class='ocr_line' id='line_1_125' title="bbox 2324 5454 3865 5523; baseline 0.003 -19"><span class='ocrx_word' id='word_1_854' title='bbox 2324 5454 2501 5505; x_wconf 76' lang='lat' dir='ltr'><strong>statim</strong></span> <span class='ocrx_word' id='word_1_855' title='bbox 2527 5454 2593 5503; x_wconf 87' lang='lat' dir='ltr'><strong>ab</strong></span> <span class='ocrx_word' id='word_1_856' title='bbox 2612 5455 2761 5504; x_wconf 86' lang='lat' dir='ltr'><strong>initio</strong></span> <span class='ocrx_word' id='word_1_857' title='bbox 2785 5456 2935 5517; x_wconf 85' lang='lat' dir='ltr'><strong>primi</strong></span> <span class='ocrx_word' id='word_1_858' title='bbox 2967 5456 3081 5507; x_wconf 88' lang='lat' dir='ltr'><strong>libri</strong></span> <span class='ocrx_word' id='word_1_859' title='bbox 3107 5457 3230 5509; x_wconf 73' lang='grc' dir='ltr'>εΔιδ</span> <span class='ocrx_word' id='word_1_860' title='bbox 3255 5457 3347 5509; x_wconf 71' lang='grc' dir='ltr'>καὶ</span> <span class='ocrx_word' id='word_1_861' title='bbox 3372 5454 3512 5523; x_wconf 83' lang='grc' dir='ltr'>πέρα</span> <span class='ocrx_word' id='word_1_862' title='bbox 3530 5455 3622 5509; x_wconf 83' lang='grc' dir='ltr'><strong>τοῦ</strong></span> <span class='ocrx_word' id='word_1_863' title='bbox 3639 5457 3865 5523; x_wconf 76' lang='grc' dir='ltr'>δέοντος,</span> 
     </span>
    </p>
   </div>
   <div class='ocr_carea' id='block_1_119' title="bbox 2324 5522 3864 5596">
    <p class='ocr_par' dir='ltr' id='par_1_119' title="bbox 2324 5522 3864 5596">
     <span class='ocr_line' id='line_1_126' title="bbox 2324 5522 3864 5596; baseline 0.005 -23"><span class='ocrx_word' id='word_1_864' title='bbox 2324 5524 2401 5596; x_wconf 79' lang='grc' dir='ltr'>εἰς</span> <span class='ocrx_word' id='word_1_865' title='bbox 2425 5522 2627 5596; x_wconf 66' lang='grc' dir='ltr'>μακρὸν</span> <span class='ocrx_word' id='word_1_866' title='bbox 2646 5523 2790 5596; x_wconf 76' lang='grc' dir='ltr'><strong>αὑτῷ</strong></span> <span class='ocrx_word' id='word_1_867' title='bbox 2811 5524 2901 5596; x_wconf 77' lang='grc' dir='ltr'>καὶ</span> <span class='ocrx_word' id='word_1_868' title='bbox 2917 5524 3146 5595; x_wconf 80' lang='grc' dir='ltr'>ἄμετρον</span> <span class='ocrx_word' id='word_1_869' title='bbox 3166 5527 3333 5596; x_wconf 84' lang='grc' dir='ltr'>μῆκος</span> <span class='ocrx_word' id='word_1_870' title='bbox 3354 5522 3646 5595; x_wconf 79' lang='grc' dir='ltr'>ἐξέπεσενὴ</span> <span class='ocrx_word' id='word_1_871' title='bbox 3664 5528 3864 5596; x_wconf 71' lang='grc' dir='ltr'>γραφὴ,</span> 
     </span>
    </p>
   </div>
   <div class='ocr_carea' id='block_1_120' title="bbox 2322 5592 3865 5667">
    <p class='ocr_par' dir='ltr' id='par_1_120' title="bbox 2322 5592 3865 5667">
     <span class='ocr_line' id='line_1_127' title="bbox 2322 5592 3865 5667; baseline 0.004 -24"><span class='ocrx_word' id='word_1_872' title='bbox 2322 5592 2603 5667; x_wconf 26' lang='grc' dir='ltr'>ὼςμμόνονέ</span> <span class='ocrx_word' id='word_1_873' title='bbox 2607 5593 2717 5643; x_wconf 84' lang='grc' dir='ltr'><strong>πῶν</strong></span> <span class='ocrx_word' id='word_1_874' title='bbox 2730 5594 2859 5667; x_wconf 45' lang='grc' dir='ltr'>ἐ-γγύ</span> <span class='ocrx_word' id='word_1_875' title='bbox 2868 5612 2890 5655; x_wconf 80' lang='grc' dir='ltr'><strong>ς</strong></span> <span class='ocrx_word' id='word_1_876' title='bbox 2904 5592 3002 5667; x_wconf 78' lang='grc' dir='ltr'><strong>που</strong></span> <span class='ocrx_word' id='word_1_877' title='bbox 3017 5592 3088 5667; x_wconf 72' lang='grc' dir='ltr'><strong>μυ</strong></span> <span class='ocrx_word' id='word_1_878' title='bbox 3095 5592 3242 5667; x_wconf 15' lang='grc' dir='ltr'>ργὶων,</span> <span class='ocrx_word' id='word_1_879' title='bbox 3259 5595 3348 5648; x_wconf 72' lang='grc' dir='ltr'>τὸν</span> <span class='ocrx_word' id='word_1_880' title='bbox 3360 5596 3453 5649; x_wconf 70' lang='grc' dir='ltr'><strong>ἕνα</strong></span> <span class='ocrx_word' id='word_1_881' title='bbox 3464 5596 3616 5663; x_wconf 82' lang='grc' dir='ltr'>λόγον</span> <span class='ocrx_word' id='word_1_882' title='bbox 3637 5592 3753 5649; x_wconf 69' lang='grc' dir='ltr'><strong>ἀπα</strong></span> <span class='ocrx_word' id='word_1_883' title='bbox 3759 5592 3865 5667; x_wconf 56' lang='lat' dir='ltr'><strong>pu-</strong></span> 
     </span>
    </p>
   </div>
   <div class='ocr_carea' id='block_1_121' title="bbox 2327 5659 3482 5735">
    <p class='ocr_par' dir='ltr' id='par_1_121' title="bbox 2327 5659 3482 5735">
     <span class='ocr_line' id='line_1_128' title="bbox 2327 5659 3482 5735; baseline 0.005 -24"><span class='ocrx_word' id='word_1_884' title='bbox 2327 5659 2543 5735; x_wconf 71' lang='grc' dir='ltr'>σθῆναι.</span> <span class='ocrx_word' id='word_1_885' title='bbox 2559 5661 2628 5713; x_wconf 88' lang='grc' dir='ltr'><strong>Μ.</strong></span> <span class='ocrx_word' id='word_1_886' title='bbox 2658 5691 2726 5735; x_wconf 53' lang='grc' dir='ltr'><strong>-ῖ-</strong></span> <span class='ocrx_word' id='word_1_887' title='bbox 2746 5663 2870 5735; x_wconf 69' lang='lat' dir='ltr'><strong>Dein</strong></span> <span class='ocrx_word' id='word_1_888' title='bbox 2897 5659 3048 5732; x_wconf 78' lang='lat' dir='ltr'><strong>vulgo</strong></span> <span class='ocrx_word' id='word_1_889' title='bbox 3064 5659 3147 5735; x_wconf 63' lang='grc' dir='ltr'><strong>διὸ</strong></span> <span class='ocrx_word' id='word_1_890' title='bbox 3168 5665 3221 5717; x_wconf 83' lang='grc' dir='ltr'><strong>δέ</strong></span> <span class='ocrx_word' id='word_1_891' title='bbox 3245 5676 3298 5719; x_wconf 90' lang='lat' dir='ltr'><strong>et</strong></span> <span class='ocrx_word' id='word_1_892' title='bbox 3326 5667 3482 5735; x_wconf 73' lang='grc' dir='ltr'>φορᾷ.</span> 
     </span>
    </p>
   </div>
   <div class='ocr_carea' id='block_1_122' title="bbox 2393 5722 3865 5813">
    <p class='ocr_par' dir='ltr' id='par_1_122' title="bbox 2393 5722 3865 5813">
     <span class='ocr_line' id='line_1_129' title="bbox 2393 5722 3865 5813; baseline 0.007 -30"><span class='ocrx_word' id='word_1_893' title='bbox 2393 5722 2469 5801; x_wconf 75' lang='lat'><strong>(6)</strong></span> <span class='ocrx_word' id='word_1_894' title='bbox 2488 5732 2599 5786; x_wconf 83' lang='grc' dir='ltr'><em>Ἓν</em></span> <span class='ocrx_word' id='word_1_895' title='bbox 2619 5749 2669 5784; x_wconf 85' lang='grc' dir='ltr'><strong>τι</strong></span> <span class='ocrx_word' id='word_1_896' title='bbox 2689 5722 3019 5801; x_wconf 70' lang='grc' dir='ltr'>διωλύγιονῖ</span> <span class='ocrx_word' id='word_1_897' title='bbox 3062 5732 3173 5790; x_wconf 82' lang='lat' dir='ltr'><strong>Non</strong></span> <span class='ocrx_word' id='word_1_898' title='bbox 3197 5744 3277 5790; x_wconf 87' lang='lat' dir='ltr'><strong>est</strong></span> <span class='ocrx_word' id='word_1_899' title='bbox 3306 5722 3531 5803; x_wconf 68' lang='lat' dir='ltr'><strong>partitus</strong></span> <span class='ocrx_word' id='word_1_900' title='bbox 3558 5750 3713 5790; x_wconf 89' lang='lat' dir='ltr'><strong>suum</strong></span> <span class='ocrx_word' id='word_1_901' title='bbox 3736 5748 3865 5813; x_wconf 69' lang='lat' dir='ltr'><strong>opus</strong></span> 
     </span>
    </p>
   </div>
  </div>
