4106 6420
1185 406 1272 462 DE
1310 403 1844 462 ECCLESIASTICA
1880 403 2064 462 τ’ιὶΕο
2109 404 2270 462 OGIA
2295 403 2421 460 LIB.
2456 402 2497 457 1.

205 530 301 584 καὶ
359 527 699 591 πολυπλανὲς
743 527 1077 597 σύγγραμμα
1121 527 1412 592 συντάξας,
1453 526 1613 581 τοῦτό
1642 543 1772 598 φησι

1879 526 2049 582 tribus
2073 534 2252 582 autem
2281 525 2402 582 istis
2427 538 2537 596 prae
2564 521 2841 588 manibus,
2865 520 3080 587 libellis,
3123 520 3262 577 ultra
3291 523 3440 580 illam

208 618 593 690 πεποιηκέναι,
613 617 699 670 διὰ
724 616 783 668 τὸ
797 616 894 669 ἕνα
914 616 1198 686 γνωρίζειν
1229 615 1360 672 Θιόν
1387 634 1402 648 ·
1444 619 1517 688 μή
1538 634 1614 688 πη
1638 616 1774 688 λάθῃ

205 703 286 777 τῷ
313 705 426 777 Υίῷ
453 703 548 759 τοῦ
584 702 715 761 Θεοῦ
746 703 923 775 χώραν
953 704 1128 769 διδοὺς
1169 706 1515 770 ὑποστάσεως
1539 707 1635 777 (7),
1664 706 1773 760 διε-

209 795 316 850 λὼν
342 797 442 867 τὴν
468 796 708 866 γραφήν.
732 796 918 866 Ἡμεῖς
947 795 1005 848 δὲ
1025 795 1124 866 τὴν
1143 796 1413 864 παναγίαν
1438 797 1531 849 καὶ⁸
1549 811 1777 867 τρισμαο

209 889 400 961 καρίαν
418 887 686 966 τιμῶντες
708 889 933 960 Τριάδα,
952 890 1008 940 ἐν
1023 887 1297 952 τοσούτοις
1316 888 1414 960 τὴν
1441 889 1619 941 πᾶσαν
1643 886 1774 940 ὑπό-

209 982 356 1037 Θεσιν
387 979 818 1050 συνειλήφαμεψ
857 980 1167 1051 φεισάμενοι
1205 980 1304 1050 μὲν
1335 979 1679 1047 πολυλογίας,
1713 981 1772 1031 ὲν

207 1074 486 1143 ἑπιτόμοις
515 1071 574 1125 δὲ
608 1069 702 1124 καὶ
731 1071 953 1142 βραχέσι
981 1073 1081 1143 τὴν
1115 1071 1289 1143 ἀληθῆ
1324 1075 1772 1142 παραστήσαντες

207 1165 504 1234 θεολογίαν.
538 1165 600 1216 El
633 1163 731 1235 μὲν
763 1161 854 1217 οὖν
900 1165 1189 1236 αὐτάρκως
1232 1163 1441 1234 ἔχειτὰ
1463 1165 1768 1234 γραφέντα,

207 1256 445 1328 κρίνειας
469 1255 536 1308 ἂν
563 1255 724 1318 αὐτὸς
755 1255 1089 1324 ἐντυγχάνων
1109 1274 1122 1286 δ
1145 1259 1193 1308 εί
1219 1255 1276 1308 δέ
1293 1272 1420 1316 τινα
1448 1254 1642 1317 λείποι,
1677 1257 1770 1310 καὶ

205 1345 373 1400 ταῦτα
403 1344 879 1417 ἁναπληρώσειαςο
903 1344 1122 1416 δηλαδὴ,
1167 1345 1261 1398 ατε
1293 1344 1520 1413 ἁδελφὸς
1542 1344 1769 1414 ἀδελφοῦ

206 1437 578 1508 ὑστερήματα,
610 1434 667 1488 ετ
690 1452 788 1487 που
817 1436 912 1488 καὶ
933 1433 1226 1506 θεραπείας
1246 1434 1434 1498 δέοιτο,
1454 1435 1522 1488 δι’
1541 1437 1774 1506 ἐπανορ-

205 1527 424 1591 θώσεως
453 1524 774 1596 ἁξιώμενος.
821 1525 1124 1597 Ἐῥρὦθαί
1171 1542 1231 1578 σε
1281 1525 1374 1580 καὶ⁹
1413 1526 1773 1597 μνημονεύειν

203 1619 336 1690 ἐμοῦ
361 1619 440 1691 τῷ
468 1619 660 1690 Κυρίῳ
687 1618 773 1672 διὰ
801 1618 1000 1681 παντὸς
1031 1617 1281 1689 εὔχομαι.

1873 617 2122 687 superius
2150 617 2447 672 institutam
2481 615 2749 669 rationem
2777 652 2793 677 ,
2828 611 3207 668 refutationem
3239 627 3306 668 ex
3346 615 3444 670 ad-

1873 722 2030 764 verso
2056 708 2336 763 adornavi.
2375 706 2468 762 llle
2495 707 2712 761 unicum
2762 703 2852 758 ubi
2893 703 3082 758 enixus
3112 712 3227 757 erat
3249 701 3440 770 fetum,

1870 801 2193 856 immensum
2217 799 2348 855 illud
2377 813 2532 869 opus,
2553 807 2607 853 et
2628 795 2796 850 variis
2818 810 2884 849 ex
2907 795 3188 850 erroribus
3216 806 3447 851 contex-

1870 903 2002 958 tum,
2024 894 2126 948 hoc
2160 893 2230 946 ob
2257 906 2376 946 eam
2403 904 2619 944 causam
2652 887 2949 943 instituisse
2981 900 3038 941 se
3068 893 3274 952 narrat,
3319 901 3446 955 pro-

1877 993 2060 1054 pterea
2082 982 2222 1052 quod
2251 996 2414 1034 unum
2442 979 2614 1035 solum
2643 977 2810 1033 Deum
2854 979 3194 1044 agnoscebat.
3225 976 3446 1034 Veritus

1876 1075 2152 1138 nimirum,
2177 1087 2265 1138 ne,
2301 1073 2344 1127 si
2379 1071 2432 1126 iu
2465 1071 2647 1141 plures
2679 1069 2850 1124 libros
2877 1069 3004 1124 illud
3035 1071 3296 1140 scriptum
3321 1085 3448 1140 pro-

1875 1177 2146 1236 pagasset,
2179 1165 2584 1220 subsistentiam
2611 1162 2803 1216 exinde
2835 1161 2973 1217 Filio
3006 1163 3098 1217 Dei
3128 1163 3322 1217 alicubi
3359 1164 3444 1218 in-

1879 1253 2110 1308 dulsisse
2145 1253 2435 1308 videretur.
2467 1253 2538 1304 At
2569 1266 2670 1305 nos
2699 1251 2790 1319 qui
2820 1252 3216 1306 sanctissimam
3266 1251 3449 1306 Triui-

1877 1352 2067 1410 tatem,
2091 1350 2144 1398 et
2172 1343 2409 1398 numeris
2441 1341 2689 1396 omnibus
2709 1340 3071 1395 beatissimam
3099 1357 3443 1408 veneramur,

1878 1443 1960 1488 tot
1992 1433 2181 1500 libris,
2235 1434 2337 1488 hoc
2369 1441 2452 1488 est
2503 1432 2698 1495 tribus,
2746 1432 3083 1501 dispertitum
3131 1434 3444 1489 universum

1875 1525 2000 1596 styli
2031 1534 2406 1596 argumentum
2439 1524 2801 1580 exsolvemus.
2825 1525 2950 1579 Eam
2980 1540 3142 1594 porro
3172 1525 3445 1581 scribendi

1857 1617 2126 1678 jnivimus
2180 1617 2444 1671 rationem
2472 1656 2488 1681 ,
2533 1625 2613 1684 ut,
2666 1617 3059 1686 multiloquium
3088 1617 3442 1685 declinantes,

204 1714 531 1783 theologiam
595 1713 941 1781 conjunctam
994 1728 1130 1768 .cum
1179 1712 1403 1768 veritate
1430 1750 1446 1777 ,
1491 1712 1731 1767 breviter
1789 1719 1844 1767 et
1879 1719 2135 1780 tanquam
2163 1725 2261 1780 per
2293 1709 2690 1782 compendium,
2723 1720 3174 1783 repraesentemus
3198 1730 3212 1766 :
3240 1711 3286 1766 si
3314 1709 3446 1765 satis

201 1809 308 1863 hoc
329 1821 430 1878 pro
457 1807 720 1875 dignitate
782 1806 1043 1861 fuerimus
1084 1806 1347 1872 exsecuti,
1407 1815 1560 1860 tuum
1592 1807 1696 1861 erit
1723 1820 1843 1861 cum
1883 1805 2198 1876 perlegeris,
2244 1804 2506 1875 judicare.
2555 1805 2610 1862 Si
2642 1807 2770 1880 quid
2826 1807 3090 1873 defuerit,
3149 1815 3301 1861 tuum
3340 1805 3447 1861 erit

204 1899 520 1969 adimplere,
559 1908 814 1968 tanquam
843 1900 1009 1956 frater
1040 1899 1312 1956 fraternos
1342 1899 1607 1958 defectus.
1628 1900 1683 1954 Si
1713 1909 1766 1956 et
1801 1915 1935 1971 Opus
1963 1900 2160 1956 alicubi
2193 1901 2530 1957 correctione
2561 1912 2727 1972 atque
2794 1902 3058 1957 medicina
3123 1900 3290 1957 fuerit
3317 1942 3334 1967 ,
3384 1902 3439 1956 in

204 1995 307 2051 hac
334 2010 551 2065 quoque
596 2005 746 2065 parte
780 1995 1213 2052 reformationem
1269 1996 1570 2053 adhibebis.
1626 1996 1770 2051 Bene
1810 2004 1860 2052 te
1884 2010 2098 2067 semper
2141 1996 2320 2053 valere
2367 1996 2569 2068 jubeo,
2600 1998 2812 2068 meique
2873 1997 3077 2070 jugiter
3138 1998 3194 2053 in
3241 1997 3346 2052 tuis
3375 2000 3443 2054 ad

203 2084 371 2141 Deum
411 2087 748 2143 orationibus
778 2089 847 2143 'et
897 2088 1178 2144 sacrificiis
1207 2103 1412 2144 memor
1463 2103 1583 2158 esse
1633 2088 1788 2146 velis.

215 2265 3396 2300 Μ

1216 2419 1359 2476 NN
1388 2423 1578 2476 ΠΡΟΣ
1612 2424 2062 2480 ΜΑΡΚΕΛΔΟΝ
2087 2422 2429 2477 ΕΛΕΓΧΩΝ

720 2593 1516 2726 ΕΥΣΕΒΙΟΥ
1589 2591 1936 2727 ΤΟΥ
2010 2588 2916 2730 ΠΑΜΦΙΛΟΥ

686 2835 943 2922 ΠΕΡΙ
989 2837 1203 2923 ΤΗΣ
1278 2829 2280 2966 ΕΚΚΑΗΣΙΑΣΤΙΚΗΣ,
2323 2835 2949 2929 ΘΕΟΛΟΓΙΑΣ

1189 3029 1295 3149 Λ
1321 3031 1744 3152 ΟΓΟΣ
1835 3030 2476 3147 ΠΡΩΤΟΣ.

1103 3427 1722 3555 EUSEBII
1797 3423 2562 3556 PAMPHILI

871 3661 958 3716 DE
993 3661 1387 3721 THEOLOGIA
1425 3663 1961 3723 ECCLESIASTICA
1998 3665 2278 3722 CONTRA
2310 3659 2738 3721 MARCELLUM

1367 3843 1732 3934 LIBER
1803 3842 2296 3933 PRIMUS.

217 4228 396 4288 ΤΛΔΕ
447 4231 535 4284 T0
559 4229 856 4285 ΠΡΩΤΟΝ
885 4231 1244 4287 ΠΕΡῙΕΧΕΙ
1277 4233 1764 4292 ΣΥΓΓΡΑΜΜΑ.
1793 4241 1837 4300 C

209 4329 278 4377 α’.
319 4320 439 4394 Ὅτι
459 4319 668 4394 μάτητε
699 4320 1027 4394 Σαόέτμιον
1089 4322 1365 4379 διέϐαλλε
1395 4324 1766 4394 Μάρκελλος,

277 4391 350 4446 τὰ
379 4391 485 4446 ίσα
515 4391 674 4456 αὑτῷ
694 4391 972 4456 δοξάζων.

211 4461 278 4516 6'.
308 4462 429 4515 Ὅτι
457 4460 532 4532 τῇ
561 4462 886 4530 Ἐκκλησία.
931 4461 1036 4515 τοῦ
1079 4462 1227 4532 Θεοῦ
1270 4464 1308 4531 ή
1354 4463 1615 4532 Χριστοῦ
1666 4463 1774 4532 χώ-

268 4549 387 4601 ρις,
425 4531 540 4603 τὴν
586 4533 719 4603 step!
770 4531 998 4599 Πατρός
1028 4531 1127 4585 καὶ
1159 4534 1295 4588 Υιοῦ
1343 4531 1567 4603 γνῶσιν
1615 4531 1776 4597 ἐξαι-

270 4600 447 4672 petor
472 4600 829 4671 ἐδωρήσατο.

208 4670 283 4740 γθζ
311 4673 428 4725 ὀτι
481 4670 765 4737 ποικίλως
799 4670 1160 4739 ἐσφάλησαν
1214 4675 1269 4727 οί
1329 4672 1660 4741 ἑτερόδοξοι
1701 4672 1774 4726 ἐν

277 4741 356 4804 τῷ
383 4744 515 4810 περὶ
556 4742 691 4796 Υιοῦ
710 4743 889 4810 λόγῳ.

208 4808 272 4864 δ’.
296 4810 426 4892 ’ῼτιι
439 4808 636 4892 (idm?
666 4808 1058 4892 Xptd'tmroiic
1077 4810 1367 4892 λέτοιίσιζ
1398 4811 1698 4892 ἑαυτοὺςνυ
1715 4813 1773 4866 οι

272 4880 360 4952 μὴ
398 4880 720 4949 ὑφιστάναι
747 4883 853 4935 τὸν
905 4881 1042 4934 Υίὸν
1075 4880 1182 4936 τοῦ
1220 4882 1370 4936 Θεοῦ
1406 4881 1770 4952 ὁμολογοῦν-

275 4967 395 5018 τες.
799 4958 832 4994 ⁸

209 5028 267 5077 s'.
299 5022 488 5091 Ὅπως
517 5020 865 5088 Μάρκελλος
893 5019 999 5072 τὸν
1022 5021 1154 5075 Υἰὸν
1184 5021 1290 5075 τοῦ
1326 5021 1474 5076 Θεοῦ
1506 5021 1762 5091 ἠρνεῖτο,

277 5090 386 5160 τὴν
416 5091 742 5145 Σαόευυίου
774 5091 1005 5158 αἵρεσιν
1021 5093 1404 5162 μιμούμενος.

281 5228 338 5286 vis
364 5222 461 5277 Ed.
491 5220 668 5276 Paris.
701 5233 824 5290 pag.
849 5218 940 5275 58.

209 5356 260 5411 in
289 5354 570 5420 sectiones,
597 5354 763 5409 libros
801 5363 896 5409 aut
924 5364 1096 5410 tomos
1127 5353 1431 5421 Marcellus,
1455 5355 1578 5424 quia
1599 5354 1766 5408 Deum

209 5426 422 5481 unicum
490 5427 776 5478 fatebatur.
836 5424 1136 5489 Eusebius,
1179 5441 1330 5479 suam
1391 5425 1767 5480 refutationem

209 5497 261 5548 in
315 5506 423 5548 tres
484 5495 649 5549 libros
714 5493 994 5555 distinxit,
1055 5495 1123 5548 ab
1171 5497 1360 5548 eodem
1407 5495 1574 5559 fonte,
1641 5495 1765 5561 quia

209 5563 543 5636 Trinitatem
587 5562 1153 5636 agnoscebat._Forte
1216 5563 1459 5636 illud__Ev
1512 5582 1565 5618 τι
1626 5565 1764 5636 γρά-

206 5635 334 5704 ψας,
359 5635 497 5701 quod
533 5631 683 5686 initio
716 5633 895 5700 posuit
936 5631 1195 5687 Eusebius
1241 5634 1304 5704 de
1343 5633 1611 5698 Marcello,
1640 5631 1764 5689 Vltoc

209 5702 368 5758 sensu
400 5704 714 5769 capiendum
739 5712 842 5765 est,
875 5712 934 5754 ut
963 5716 1067 5755 non
1099 5703 1150 5756 id
1175 5702 1425 5764 voluerit,
1469 5705 1604 5757 nihil
1629 5719 1766 5771 pne-

213 5781 357 5844 terea
389 5773 666 5844 scripsisse
683 5771 1014 5844 Marcellum,
1044 5773 1184 5840 quod
1203 5781 1362 5844 negat
1386 5773 1763 5844 Hierqnymus,

212 5842 306 5908 sed
330 5859 432 5901 non
462 5831 717 5915 partitum
741 5841 845 5902 huc
868 5831 1022 5898 suum
1045 5831 1180 5921 opus
1206 5841 1259 5897 in
1273 5831 1461 5912 "plura.
1487 5831 1569 5902 νει
1588 5831 1766 5914 ’ρπιῦ

2194 4234 2397 4291 LIBRI
2436 4235 2664 4291 PRIMI
2705 4233 2990 4292 CAPITA.
3027 4241 3085 4302 ᾗ

1873 4328 1918 4384 l.
1951 4327 2240 4385 Sabellium
2263 4348 2296 4384 a
2325 4330 2578 4400 Marcello
2601 4331 2773 4395 inepte
2793 4331 3181 4400 reprehensum,
3213 4343 3332 4382 cum
3352 4345 3446 4384 eo—

1943 4400 2057 4453 dem
2088 4401 2142 4451 in
2164 4416 2339 4455 errore
2363 4417 2478 4453 cum
2501 4398 2732 4456 Sabellio
2756 4398 2866 4468 ipse
2883 4418 2974 4469 per
2996 4399 3170 4469 omnia
3191 4410 3438 4469 persetttr.

1874 4466 1942 4524 ll.
1980 4469 2134 4535 Quod
2159 4487 2254 4533 per
2275 4469 2473 4524 Christi
2511 4469 2742 4538 gratiam
2765 4466 2958 4525 collata
2980 4470 3048 4524 sit
3071 4467 3322 4523 Ecclesia:
3348 4468 3447 4538 ρει

1945 4539 2200 4661 facetum
2246 4541 2485 4610 quedam
2515 4537 2759 4610 cognitio
2813 4543 2878 4594 de
2924 4540 3084 4594 Patre
3131 4549 3288 4608 atque
3345 4537 3443 4593 Fi-

1967 4625 2039 4661 so.

1967 4625 2039 4663 ιο.

1873 4676 1962 4733 Ill.
1996 4678 2150 4744 Quod
2180 4679 2339 4733 variis
2359 4679 2624 4733 erroribus
2653 4679 2897 4745 impliciti
2921 4677 3230 4743 erraverint,
3255 4675 3320 4731 de
3343 4675 3443 4732 Fi-

1946 4748 2020 4802 lio
2058 4750 2266 4802 diversa
2298 4749 2575 4802 sentientes
2600 4749 2664 4802 ab
2692 4749 2953 4805 Ecclesia.

1876 4817 1964 4873 IV.
1997 4818 2151 4883 Quod
2180 4818 2462 4888 frustrase
2493 4819 2767 4888 indigitent
2791 4816 3121 4873 Christianos
3157 4815 3248 4887 qui
3269 4816 3443 4872 subsio

1943 4887 2190 4944 stentiam
2225 4887 2356 4942 Filii
2375 4887 2477 4944 Dei
2508 4887 2947 4957 nun’conﬁtentur

1872 5020 1938 5077 γ.
1969 5019 2120 5085 Quod
2150 5017 2430 5076 Marcellus
2459 5028 2667 5075 secutus
2691 5017 2911 5076 Scbellii
2944 5019 3192 5084 heresim
3243 5015 3448 5073 Filium

1942 5090 2040 5146 Dei
2071 5088 2311 5159 abneget.

1874 5356 1976 5411 bus
2006 5353 2342 5409 distinxisse.
2368 5351 2436 5409 ll.

1903 5495 1914 5507 .
1942 5423 2019 5495 (⁷)
2037 5424 2074 5507 .”
2088 5423 2460 5507 ἵξοθέσεωςτ
2477 5419 2609 5507 ῘῙΒΨ
2642 5417 3447 5507 331.995}???.‘ﬁSPE‘EE'APW'

1872 5486 1981 5550 ries
2001 5486 2010 5495 ’
2030 5491 2284 5547 ὑπόθεσιν
2313 5486 2416 5562 pro
2446 5486 2735 5562 alterailla
2764 5503 2898 5562 voce
2931 5488 3180 5562 positam
3196 5486 3447 5556 legimus.

1872 5565 2168 5633 Spontene,
2195 5572 2285 5618 aut
2315 5557 2396 5617 ex-
2415 5575 2600 5616 errore
2625 5560 2856 5633 librarii,
2884 5557 3088 5633 nescio.
3117 5557 3276 5633 Nam
3302 5570 3453 5633 certe

1871 5628 2083 5689 constat
2107 5645 2169 5684 ex
2196 5633 2511 5688 Athanasio.
2539 5644 2731 5686 nomen
2757 5630 3132 5691 ὑποστάσεως.
3166 5628 3451 5685 abomina-

1872 5705 2002 5758 tioni
2037 5703 2201 5756 fuisse
2224 5703 2458 5756 Arianis.
2488 5700 2558 5756 Μ.
2588 5730 2661 5743 -
2692 5699 2896 5768 Scripsi
2933 5698 3284 5764 ὑποστάσεως
3329 5714 3454 5758 cum

1873 5775 2025 5846 codd.
2052 5772 2167 5840 Loco
2197 5773 2529 5846 ῥποθέσεως·
2559 5772 2680 5830 dein
2711 5771 2870 5842 vulgo
2893 5770 2951 5825 δὲ
2981 5770 3249 5839 παναγίαν
3279 5787 3334 5825 κ.
3363 5787 3450 5846 τρ.

1873 5852 1926 5900 ct
1952 5844 2262 5911 διαπαντός.
