4106 6424
188 441 302 497 8'29

1150 438 1238 494 DE
1275 435 1810 493 ECCLESIASTICA
1851 432 2248 491 THEOLOGIA
2280 433 2409 488 LIB.
2439 433 2483 486 1.

3348 430 3452 484 830

188 577 314 625 σεις
350 562 690 627 εὐθύνοντες.
745 562 970 632 Συνάψω
1001 561 1054 614 δὲ
1114 559 1256 615 κατά
1287 559 1345 612 τὸ
1385 559 1518 612 αὐτὸ
1547 562 1612 628 τῇ
1656 559 1774 612 τού-

1879 571 2001 611 esse
2033 554 2411 609 refutationem
2437 592 2452 615 ,
2496 563 2556 605 ut
2606 551 2678 604 ita
2711 549 2939 619 singulis
2985 555 3234 602 constare
3265 557 3452 614 queat.

141 693 148 700 ι
186 671 306 708 των
330 658 501 726 φωρᾷ
532 657 630 729 τὴν
651 654 742 706 τοῦ
757 655 1004 724 Σωτῆρος
1032 652 1184 723 ἡμῶν
1212 651 1485 718 θεολογίαν
1512 650 1772 719 νεώτερον

189 745 299 813 μὲν
330 745 522 812 λέγειν
574 744 708 813 ἔχων
736 744 904 805 οὐδὲν,
938 743 1045 795 οὐδ’
1101 739 1333 812 ἐμαυτοῦ
1381 741 1542 808 σοφόν
1579 755 1631 791 τι
1679 739 1773 791 καί⁵

184 835 404 887 οἰκεῖον
435 835 663 905 εὕρεμα,
686 835 785 902 τῆς
800 834 854 886 δὲ
871 833 1192 903 Ἐκκλησίας
1217 831 1309 884 τοῦ
1335 831 1468 883 Θεοῦ
1503 831 1600 900 τὴν
1625 829 1774 883 ἀδιά-

188 927 404 996 φθορον
427 924 774 978 διδασκαλίαν
802 925 1205 994 προϊσχόμενος,
1240 923 1304 992 ἢν
1346 922 1493 990 παρά
1524 921 1632 972 τῶν
1673 921 1773 973 αὑ-

184 1015 418 1069 τοπτῶν
449 1015 543 1066 καὶ
570 1014 849 1084 αὐτηκόων
882 1013 976 1066 τοῦ
1031 1011 1227 1081 Λόγου,
1273 1011 1476 1064 ἄνωθεν
1506 1011 1565 1078 ἐξ
1597 1011 1772 1082 ἀρχῆς

188 1105 622 1177 παρα-λαϐοῦσα,
658 1105 927 1175 φυλάττει.
1033 1102 1036 1104 ⁷
1143 1110 1149 1116 ”

1877 645 2026 698 illum
2062 645 2112 697 in
2141 657 2207 698 eo
2251 643 2396 712 quod
2452 641 2650 695 Filium
2690 640 2782 693 Dei
2819 639 3190 706 abnegaveril,
3221 651 3288 690 ne
3330 635 3452 689 uni-

1875 753 1998 794 cum
2044 738 2112 793 de
2138 737 2308 792 sacris
2346 735 2543 792 litteris
2571 734 2945 788 testimonium
2998 733 3062 783 ad
3095 744 3206 784 rem
3235 727 3451 796 apposi-

1875 838 1987 884 tum
2013 868 2028 893 ,
2061 831 2114 884 in
2170 829 2484 896 longissimo
2530 827 2621 882 illo
2665 841 2829 894 opere
2855 840 2952 879 suo
2983 823 3288 892 protulisse;
3337 819 3451 874 lmo

1875 935 2026 982 vero,
2044 918 2301 988 quidquid
2324 917 2390 971 tle
2417 917 2713 985 Scripturis
2746 915 2946 976 attulit,
2971 913 3304 968 contrariam
3335 909 3450 977 pla-

1876 1023 1946 1062 ne
1986 1023 2170 1062 vocem
2217 1007 2465 1061 emisisse
2505 1007 2720 1068 sciant,
2761 1015 2815 1057 et
2848 1019 2909 1057 ea
2941 1018 3060 1072 quae
3092 1001 3159 1055 ab
3187 1000 3276 1054 illo
3302 999 3449 1052 dice-

1877 1100 2074 1153 bantur
2115 1099 2316 1166 impie,
2371 1098 2424 1153 in
2473 1107 2682 1151 rectum
2735 1095 3095 1162 retorquendo
3129 1106 3345 1147 sensum
3393 1095 3449 1144 et

187 1198 554 1266 sententiam,
590 1197 871 1253 direxisse.
907 1195 1026 1249 Istis
1058 1208 1218 1264 porro
1243 1194 1556 1262 conjunctas
1605 1191 1951 1262 copulaturus
1981 1206 2099 1245 sum
2149 1192 2214 1245 de
2247 1189 2554 1246 Servatoris
2603 1193 2777 1243 nostri
2824 1187 3106 1242 divinitate
3162 1184 3444 1239 rationes:

186 1289 332 1345 nihil
363 1305 396 1343 a
439 1303 527 1343 me
585 1289 702 1358 ipso
761 1287 970 1341 noviter
1025 1286 1389 1351 adinventum,
1426 1295 1516 1338 aut
1541 1283 1682 1338 domi
1717 1298 1848 1338 mete
1876 1291 2108 1349 natum,
2136 1296 2199 1336 ex
2239 1283 2496 1346 opinione
2539 1280 2840 1350 profectum
2909 1275 3186 1346 sapientia:
3218 1272 3449 1340 alicujus

186 1397 332 1436 mem
381 1382 699 1436 edicturus:
731 1381 822 1434 sed
865 1377 1117 1434 Ecclesiae
1178 1377 1271 1432 Dei
1339 1378 1635 1431 doctrinam
1669 1390 1778 1444 pra
1818 1390 1904 1428 me
1943 1374 2152 1428 laturus
2207 1373 2610 1442 incorruptam,
2664 1384 2844 1441 quam
2890 1383 2920 1422 ο
2979 1366 3203 1423 testibus
3255 1362 3447 1420 auritis

185 1473 326 1528 olim
363 1482 530 1542 atque
567 1470 794 1526 oculatis
820 1467 982 1523 Verbi
1021 1477 1324 1538 acceptum,
1373 1468 1440 1522 ab
1474 1467 1646 1528 initio.
1684 1465 1772 1520 illa
1787 1465 2031 1520 custodit
2053 1464 2229 1519 adhuc
2262 1464 2577 1519 inviolatam

847 1608 1003 1660 ΚΕΦ.
1052 1607 1127 1659 Ᾱ¹.

189 1721 328 1776 Ὀτι
378 1719 583 1791 μάτην
610 1717 940 1791 Σαᾷἐλλιον
961 1716 1258 1791 efﬂet/ys
1300 1714 1650 1782 Μάρκελλος
1701 1713 1772 1768 τὰ

698 1788 803 1841 ἴσα
832 1785 992 1850 αὐτῷ
1010 1783 1288 1848 δοξάζων.

261 1922 386 1993 Πρὸ
409 1921 469 1975 δὲ
499 1921 598 1991 τῆς
634 1918 837 1972 τούτων
868 1917 1185 1982 ἐξετάσεως,
1235 1917 1418 1987 ἐπειδὴ
1442 1917 1638 1988 μεταξὺ
1676 1916 1769 1970 τοῦ

191 2014 634 2085 συγγράμματος
664 2012 753 2063 τὸν
784 2010 1068 2064 Σασέτλλιον
1098 2011 1188 2062 ὑπ’
1226 2010 1390 2063 αὐτοῦ
1437 2009 1771 2078 κοπτόμενον

188 2098 383 2175 εὗρον,
414 2103 784 2171 καταπλαγεὶς
821 2103 920 2172 τῆς
973 2099 1310 2172 ἠλιθιότητος
1350 2101 1440 2153 τὸν
1481 2101 1668 2172 ἄνδρα’
1697 2099 1771 2164 ὡς

187 2196 296 2250 οὐκ
334 2195 589 2264 ἐφείσατο
634 2193 818 2257 κακῶς
867 2191 1184 2264 ἀγορεῦσαι,
1226 2192 1286 2245 ἂν
1321 2192 1535 2245 πάντων
1569 2191 1771 2261 μᾶλλον

188 2288 444 2340 ἱπαινείν
459 2285 623 2338 αὑτὸν
653 2285 839 2356 ἐχρῆν,
855 2283 1110 2354 ὁμόδοξον
1134 2283 1281 2354 αὐτῷ
1299 2283 1388 2336 καὶ
1415 2282 1771 2353 ὁμογνώμονα

188 2377 484 2446 γεγονότα,
539 2375 638 2444 οὐχ
683 2373 977 2444 ἡγησάμην
1020 2372 1084 2426 ἂν
1115 2390 1166 2425 τι
1199 2372 1487 2445 παρελθεῖν
1517 2375 1639 2443 σιγῇ
1681 2373 1771 2426 τὸν

189 2467 380 2535 λόγον,
412 2463 749 2536 παραδοῦναι
775 2465 831 2516 δὲ
847 2464 942 2517 καὶ
964 2464 1154 2516 τούτου
1183 2462 1402 2532 ἔλεγχον
1428 2461 1505 2532 τῷ
1540 2464 1770 2533 παρόντι

189 2559 506 2630 γράμματι.
548 2555 622 2608 Τὸ
661 2555 759 2625 μὲν
790 2555 897 2625 γάρ
929 2556 1054 2617 τοὺς
1121 2553 1216 2606 τοῦ
1257 2553 1386 2605 Υἱοῦ
1428 2551 1772 2621 λειτουργοὺς

190 2650 340 2721 πρὸς
373 2651 418 2716 (l
438 2649 484 2718 Ι)
516 2647 683 2700 αὐτοῦ
713 2645 1116 2714 διαϐεϐλῆσθαι,
1164 2645 1212 2696 εί
1246 2644 1340 2696 καὶ
1365 2640 1513 2712 αὑτῷ
1551 2639 1653 2712 μὲν
1680 2641 1774 2709 ψό-

193 2757 317 2807 γον,
354 2741 464 2800 τοῖς
489 2739 532 2790 δ’
557 2737 1026 2808 ἐλευθερουμένοις
1060 2736 1157 2800 τῆς
1190 2735 1325 2806 πρὸς
1360 2734 1523 2787 αὐτὸν
1575 2751 1769 2786 κοινω-

195 2829 319 2892 νίας
347 2828 586 2894 εὐδοξίαν
613 2830 914 2896 ἐπήγαγεν,
950 2830 1097 2899 ὅμως
1126 2825 1302 2896 εἴχετό
1329 2843 1472 2889 τινος
1501 2825 1772 2895 (συγγνώ-

2555 1603 2710 1658 CAP.
2748 1603 2790 1657 1.

1875 1695 2163 1751 Sabellium
2205 1714 2238 1749 α
2283 1695 2533 1749 Marcello
2564 1697 2733 1759 inepte
2779 1695 3167 1760 reprehensum,
3212 1705 3444 1747 cumco-

1941 1770 2060 1819 dem
2096 1768 2149 1819 in
2172 1781 2350 1820 errore
2371 1782 2489 1818 cum
2535 1763 2769 1820 Sabellio
2796 1764 2903 1832 ipse
2938 1780 3030 1831 per
3062 1762 3238 1816 omnia
3273 1776 3444 1816 verse-

1943 1846 2051 1888 tur.

1940 1925 2010 1978 At
2042 1926 2356 1994 priusquam
2389 1926 2472 1980 his
2519 1925 2777 1994 accingar
2799 1923 3196 1988 examinandis,
3229 1937 3353 1979 cum
3388 1923 3444 1977 in

1871 2016 2054 2085 operis
2090 2028 2346 2071 contextu
2393 2015 2880 2070 auimadvertercm
2930 2016 3222 2070 Sabellium
3274 2015 3342 2068 ab
3380 2028 3447 2073 eo

1872 2107 2011 2160 male
2038 2107 2621 2169 mulctatum,hominis
2652 2105 2955 2161 fatuitatem
2981 2106 3284 2159 admiratus
3299 2119 3442 2167 sum,

1871 2196 2012 2263 quod
2044 2195 2118 2248 illi
2142 2198 2452 2266 neutiquam
2487 2197 2811 2264 pepercerit,
2835 2195 2928 2249 sed
2961 2193 3288 2263 impetiverit
3325 2208 3440 2246 ma-

1871 2286 2083 2340 ledictis
2111 2326 2126 2350 ,
2172 2301 2328 2356 quem
2372 2288 2621 2341 laudibus
2655 2297 2781 2340 ante
2808 2286 2944 2340 alios
2975 2285 3230 2354 prosequi
3287 2284 3450 2337 debe-

1871 2377 1984 2442 bat,
2022 2387 2204 2447 utpote
2231 2379 2312 2431 sui
2348 2378 2614 2447 dogmatis
2638 2387 3049 2438 assectatorem,
3100 2385 3157 2430 et
3200 2373 3446 2443 ejusdem

1871 2485 1993 2524 cum
2023 2472 2199 2538 seipso
2222 2469 2511 2539 opinionis.
2547 2471 2767 2524 Decrevi
2797 2469 2918 2522 ideo
2953 2468 3116 2520 verba
3162 2467 3278 2533 ejus
3315 2481 3450 2519 neu-

1871 2559 2073 2627 tiquam
2101 2559 2314 2613 silentio
2348 2559 2657 2627 praeterire,
2701 2557 2795 2611 sed
2828 2557 2989 2608 veluti
3027 2555 3314 2623 quamdam
3353 2568 3448 2607 ac-

1873 2651 2174 2704 cessionem
2196 2690 2211 2714 ,
2245 2649 2390 2702 illius
2416 2649 2797 2702 refutationem
2839 2647 2966 2700 huic
2999 2647 3147 2715 operi
3182 2646 3447 2715 adjicien-

1874 2743 2018 2795 dam.
2063 2739 2341 2808 Siquidem
2383 2741 2524 2808 quod
2570 2740 2659 2792 Dei
2709 2739 2988 2792 ministros
3023 2747 3238 2791 accuset
3264 2777 3279 2802 ,
3321 2737 3450 2790 licet

1877 2830 2007 2883 illud
2061 2830 2113 2883 in
2166 2831 2336 2898 ipsius
2381 2831 2766 2884 contumeliam
2809 2831 2986 2899 potius
3017 2829 3199 2892 cedat,
3232 2827 3448 2882 laudem

199 2925 334 2989 μης)
359 2919 581 2981 εἰκότως
620 2918 681 2970 τὸ
706 2918 878 2971 δοκεῖν
899 2918 968 2971 τά
1004 2919 1077 2988 μὴ
1113 2917 1260 2986 αὑτῷ
1293 2917 1422 2985 φίλα
1455 2917 1734 2986 φαυλίζειν
1756 2932 1769 2945 ο

1876 2933 2006 2974 vero
2056 2932 2218 2989 atque
2251 2921 2706 2975 existimatiOnem
2749 2922 3008 2990 majorem
3059 2918 3315 2988 illorum,
3354 2917 3450 2986 qui

197 3008 261 3059 τὸ
284 3008 343 3060 δὲ
365 3008 542 3060 λαθεῖν
571 3009 838 3060 κόπτοντα
863 3008 1022 3060 αὑτὸν
1041 3007 1130 3059 διά
1153 3009 1250 3078 τῆς
1270 3006 1363 3059 τοῦ
1397 3006 1773 3076 ὁμογνώμονος

207 3096 527 3168 δυσφημίας
582 3097 692 3168 (19)
732 3097 1004 3160 ἀναιδείας
1065 3097 1254 3167 ἔμοιγε
1306 3098 1472 3159 δοκεῖ,
1525 3097 1638 3166 ἅμα
1682 3095 1776 3149 καὶ

203 3186 581 3258 ἀναισθησίας,
627 3189 910 3258 ὑπάρχειν.
945 3188 1067 3240 Ὀτι
1120 3189 1178 3240 δὲ
1227 3187 1381 3240 ταῦθ’
1415 3187 1588 3250 οὕτως
1636 3186 1769 3259 ἔχει,

200 3279 398 3347 γένοιτ’
434 3279 499 3333 ἂν
527 3279 741 3348 ἐλεγχος
766 3281 927 3341 αὐτὸς
960 3278 1172 3340 ἑαυτοῦ,
1202 3278 1505 3350 Υἱοπάτορα
1537 3278 1626 3331 τὸν
1644 3277 1775 3331 Θεὸν

203 3367 348 3419 κατὰ
375 3366 467 3418 τὸν
512 3366 817 3429 metum,
868 3369 916 3419 εί
946 3369 1040 3420 καὶ
1083 3367 1158 3436 μὴ
1192 3366 1383 3436 γυμνῷ
1403 3366 1480 3436 τῷ
1502 3366 1664 3437 λόγῳ,
1706 3368 1772 3437 τῇ

103 3483 105 3504 ς
201 3457 335 3526 γοῦν
359 3458 584 3529 ἀληθεία
610 3458 860 3527 εἰσάγων,
893 3458 971 3528 τῷ
1019 3459 1117 3529 τὴν
1149 3459 1444 3512 ὑπόστασιν
1483 3459 1591 3528 (l3)
1620 3461 1772 3511 ἀναι-

205 3551 323 3618 ρεῖν
377 3549 471 3601 τοῦ
516 3547 666 3612 Υίοῦ,
700 3549 793 3601 ἕνα
837 3548 894 3601 δὲ
930 3549 1060 3603 Θεὸν
1112 3548 1409 3619 ὁρίζεσθαι,
1453 3551 1543 3602 καὶ
1587 3550 1773 3602 τοῦτον

204 3637 398 3691 ἑαυτοῦ
431 3638 666 3710 Πατέρα,
694 3640 786 3692 καὶ
815 3633 881 3692 αὗ
901 3639 1058 3692 πάλιν
1084 3640 1210 3691 Υίὸν
1239 3639 1530 3692 ἀποκαλεῖν
1555 3640 1770 3694 ἑαυτοῦ.

205 3727 381 3795 Λόγον
408 3728 515 3799 γὰρ
533 3724 672 3781 εἶναι
705 3729 828 3791 δοὺς
862 3729 954 3782 τὸν
994 3730 1051 3781 ὲν
1077 3729 1155 3799 τῷ
1183 3728 1321 3800 Θεῷ,
1347 3729 1405 3781 ἓν
1434 3747 1492 3782 τε
1520 3730 1614 3782 καί
1645 3730 1770 3782 ταύο

207 3817 302 3870 τὸν
353 3819 479 3872 ὄντα
523 3818 670 3888 αὐτῷ
716 3819 904 3871 τοῦτον
943 3820 1290 3890 ὁρισάμενος.
1325 3820 1540 3890 Πατέρα
1584 3819 1771 3872 τούτου

211 3909 566 3978 χρηματίζειν
593 3909 753 3961 αὑτὸν
785 3908 914 3980 ἔφη’
946 3909 1035 3961 τόν
1063 3926 1118 3962 τε
1142 3909 1312 3978 Λόγον
1339 3910 1466 3962 Υἱὸν
1499 3907 1634 3964 εἶναι
1674 3910 1771 3963 αὐ-

208 4007 330 4071 τοῦ,
363 4010 461 4061 οὐκ
485 4007 700 4076 ἀληθῶς
724 4008 852 4061 ὅντα
878 4009 1006 4062 Υἱὸν
1045 4011 1102 4060 ἐν
1129 4010 1314 4073 οὐσίας
1342 4010 1658 4072 ὑποστάσει,
1683 4027 1774 4061 κυ-

214 4104 346 4175 ρίως
394 4105 451 4157 δὲ
501 4104 595 4157 καὶ
640 4104 852 4176 άληθῶς
909 4105 1036 4158 ὄντα
1087 4107 1277 4174 Λόγον.
1324 4107 1771 4175 Ἐπισημαίνεται

212 4204 365 4271 γοῦν,
392 4207 471 4257 ὅτι
503 4205 580 4276 μὴ
602 4205 1053 4278 καταχρηστικῶς
1079 4206 1254 4275 λόγον,
1282 4206 1418 4260 ἀλλά
1445 4207 1648 4278 κυρίως
1678 4207 1771 4259 καὶ

213 4306 426 4376 ἀληθῶς
448 4307 575 4359 ὅντα
600 4306 790 4373 Λόγον,
820 4307 915 4359 καὶ
949 4306 1110 4377 μηδὲν
1146 4306 1330 4376 ’ἐτερον
1354 4307 1386 4378 ἢ
1409 4307 1597 4374 Λόγον.
1627 4305 1760 4375 (14).

214 4403 280 4456 Εἰ
331 4404 385 4457 δὲ
417 4404 577 4474 μηδὲν
607 4404 812 4475 ἕτερον,
848 4405 1026 4474 δῆλον,
1051 4407 1125 4469 ὡς
1159 4406 1277 4458 οὐδὲ
1301 4407 1423 4468 res;
1456 4403 1522 4478 ἧν
1568 4407 1772 4478 κυρίως

218 4501 310 4551 καὶ
335 4503 568 4574 άληθῶς,
601 4503 759 4574 μέχρι
793 4503 847 4556 δὲ
879 4505 1060 4575 φωνῆς
1093 4502 1184 4555 καὶ
1212 4505 1468 4573 ὀνόματος
1504 4522 1774 4576 καταχρη-

220 4604 418 4668 στικῶς
449 4605 850 4675 ὠνομασμένος.
891 4606 988 4657 Ἐν
1009 4621 1066 4656 τε
1101 4600 1240 4656 εἶναι
1269 4604 1440 4672 λέγων
1463 4607 1557 4659 καὶ
1581 4608 1775 4661 ταύτὸν

220 4698 304 4767 τῷ
335 4701 450 4772 Θεῷ
497 4702 587 4754 τὸν
634 4702 826 4770 Λόγον,
874 4701 965 4754 τὸν
1007 4699 1375 4770 σαρκωθέντα,
1420 4701 1516 4757 καὶ¹
1568 4702 1633 4756 ὲκ
1680 4706 1778 4774 τῆς

222 4803 494 4874 Παρθένου
517 4801 795 4873 τεχθέντα,
825 4801 955 4854 Θεὸν
995 4799 1152 4852 αὑτὸν
1181 4799 1478 4868 ἀπέφηνεν.
1506 4802 1570 4853 Ὅ
1591 4801 1655 4872 δὴ
1685 4803 1786 4856 πά-

225 4904 312 4958 λαι
342 4908 431 4958 καὶ
457 4903 730 4976 πρόπαλαι
760 4903 848 4956 τὸν
874 4900 1160 4957 Σαϐελλιον
1193 4898 1561 4970 φθεγξάμενον
1593 4902 1789 4955 ἀπεδο-

303 5099 359 5156 r14
385 5089 480 5145 Ed.
512 5087 690 5143 Paris.
721 5101 845 5157 pag.
875 5085 963 5141 6|.

297 5282 403 5348 (ll)
450 5279 556 5334 Τοῦ
591 5280 726 5335 Υἳοῦ
758 5279 1154 5349 λειτουργούς.
1208 5278 1479 5347 Nusquam
1534 5281 1658 5335 alibi
1708 5281 1781 5336 ita

234 5349 467 5433 loquitur
501 5351 792 5433 En‘tsebius:
839 5353 930 5403 sed
962 5349 1117 5430 Θεοῦ,
1150 5349 1424 5433 quomodo
1452 5361 1506 5433 et
1540 5353 1629 5406 hic
1675 5351 1780 5433 legi

234 5420 404 5473 .lehet.
439 5421 683 5482 lntelligit
715 5434 828 5483 eos,
854 5435 985 5480 quos
1011 5420 1060 5472 in
1094 5422 1266 5486 primo
1293 5419 1429 5472 libro
1452 5421 1516 5473 de
1547 5419 1783 5475 nomini-

234 5489 328 5542 bus
351 5493 546 5540 t'iluVil.
580 5491 865 5548 Asterium,
885 5488 1214 5548 Narcissum,
1251 5487 1552 5551 Paulinum,
1580 5501 1688 5545 etc.
1712 5490 1778 5544 Μ.

299 5559 408 5627 (12)
449 5558 878 5626 Ὅμογνώμονος
905 5557 1284 5627 δυσφημίας.
1316 5559 1490 5622 Deest,
1521 5561 1605 5613 vel
1642 5561 1782 5623 τινά,

235 5625 317 5677 vel
362 5628 638 5679 Σαϐἐλλιον
685 5632 748 5679 de
803 5625 1035 5680 nomine?
1064 5625 1460 5694 compellatum.
1493 5628 1626 5682 Nam
1689 5632 1786 5682 αὺ-

232 5693 321 5748 τόν
353 5703 414 5748 sul
440 5697 743 5748 Marcellum
781 5699 973 5766 refero.
1003 5697 1129 5749 Vult
1153 5693 1206 5748 et
1228 5697 1499 5761 stupidum
1534 5708 1584 5752 et
1617 5699 1790 5766 impu-

237 5767 444 5818 dentem
485 5781 600 5818 esse
629 5766 765 5835 quod
789 5763 1077 5835 Sabe-Ilium
1122 5765 1503 5835 reprehendat.
1536 5784 1655 5820 cum
1684 5763 1790 5835 uno

236 5832 950 5904 cettsczitiebat.M.--Supra
968 5835 1123 5907 vulgo
1140 5834 1326 5889 τοῦτον
1346 5851 1359 5900 ;
1380 5836 1503 5891 dein
1533 5836 1636 5904 Mp.
1671 5832 1788 5904 sim

1877 3009 1943 3063 ab
1980 3009 2144 3077 ipsius
2173 3011 2549 3064 communione
2582 3017 2706 3064 sunt
2737 3010 2921 3072 alieni,
2951 3025 3053 3062 non
3084 3019 3261 3061 tamen
3290 3007 3449 3060 venia

1874 3110 2024 3154 caret
2071 3109 2126 3153 et
2165 3100 2517 3153 excusatione
2551 3119 2565 3153 :
2603 3116 2707 3155 non
2742 3101 2999 3166 absurda,
3037 3114 3157 3154 cum
3193 3114 3312 3166 qua:
3349 3099 3451 3177 mi-

1881 3191 2026 3244 nime
2053 3190 2264 3259 probet,
2301 3204 2362 3243 ea
2391 3191 2748 3257 vituperanda
2775 3191 2876 3244 sibi
2909 3199 3153 3244 censeat.
3189 3191 3258 3243 At
3300 3190 3451 3244 illum

1875 3281 2010 3335 velle
2041 3281 2306 3334 mulctare
2342 3279 2499 3344 male,
2533 3281 2609 3334 sic
2635 3290 2695 3332 ut
2721 3289 2901 3348 speret
2931 3294 2990 3334 se
3019 3281 3322 3343 latiturum,
3347 3281 3444 3349 qui

1874 3370 2118 3424 eamdem
2159 3369 2381 3438 impiam
2431 3383 2615 3423 secum
2650 3370 2826 3424 foveat
2866 3370 3178 3438 opinionem
3205 3409 3221 3431 ,
3274 3371 3454 3439 impu-

1875 3459 2071 3514 dentia
2105 3459 2384 3525 cujusdam
2427 3459 2782 3514 intoleranda:
2803 3500 2817 3524 ,
2840 3471 2895 3513 et
2925 3460 3121 3513 frontis
3149 3460 3453 3528 perfrictis-

1873 3553 2022 3604 sima:
2051 3551 2264 3604 videtur
2298 3565 2438 3612 esse,
2471 3564 2570 3604 nec
2595 3550 2816 3618 injuria.
2847 3549 2970 3604 Hzec
3017 3559 3196 3604 autem
3243 3564 3304 3604 se
3353 3551 3453 3604 ha-

1872 3640 1998 3694 bere
2031 3640 2095 3694 ad
2133 3640 2278 3694 hunc
2325 3641 2542 3694 modum
2587 3651 2762 3710 patet,
2797 3655 2971 3709 neque
3001 3640 3138 3694 falso
3167 3655 3196 3692 a
3223 3655 3310 3695 me
3360 3655 3454 3694 ca-

1873 3729 2087 3784 lumniis
2112 3745 2232 3784 eum
2274 3731 2624 3800 proscissum,
2659 3746 2724 3785 eo
2754 3735 2899 3798 quod
2949 3734 3016 3786 de
3049 3733 3325 3786 sententia
3356 3731 3456 3785 Sa-

1872 3821 2127 3884 belliana,
2146 3826 2204 3886 >14
2236 3821 2404 3875 Deum
2431 3822 2715 3891 campellet
2743 3821 3151 3876 Filio-Patrem.
3173 3823 3286 3877 Non
3306 3832 3456 3878 certe

1873 3911 2136 3974 disertim,
2160 3919 2213 3976 et
2243 3911 2604 3974 totidem,hoc
2627 3911 2804 3965 fateor
2823 3911 3030 3975 verbis;
3051 3910 3251 3965 talibus
3271 3920 3455 3968 autem

1871 4002 2072 4065 utitur,
2111 4016 2232 4070 qua:
2264 4000 2582 4070 hypostasin
2632 4000 2754 4054 Filii
2791 4001 2995 4055 directe
3027 4001 3216 4055 tollant
3249 4019 3261 4055 :
3294 4019 3457 4057 unum

1871 4093 2210 4147 solummodo
2252 4092 2439 4158 Deum‘
2473 4101 2758 4146 statuant:
2785 4103 2946 4160 atque
2984 4094 3131 4146 illum
3168 4095 3339 4164 ipsum
3374 4095 3459 4150 sui

1873 4183 2037 4250 ipsius
2060 4183 2355 4252 genitorem
2395 4201 2407 4236 :
2438 4182 2701 4238 etFilium
2737 4183 2967 4253 denique
2987 4185 3248 4238 suietiam
3268 4185 3458 4254 ipsius.

1799 4262 1847 4320 D
1873 4271 2006 4326 Dato
2033 4273 2176 4326 enim
2199 4284 2253 4328 et
2281 4274 2785 4330 concessoVerbum
2811 4276 2863 4328 in
2893 4276 3002 4329 Deo
3031 4288 3151 4329 esse
3178 4316 3192 4340 ,
3229 4275 3371 4343 quod
3404 4283 3462 4330 et

1875 4379 2038 4416 unum
2063 4373 2225 4432 atque
2248 4365 2388 4420 idem
2422 4380 2540 4419 cum
2569 4365 2684 4435 ipso
2713 4366 2960 4429 exsistat,
2985 4380 3107 4419 eum
3128 4363 3348 4432 hujusce
3365 4363 3463 4421 Pa-

1875 4463 2010 4508 trem
2047 4453 2331 4510 dicendum
2384 4456 2545 4512 docet
2576 4475 2590 4511 :
2627 4467 2683 4512 et
2711 4458 2940 4511 Verbum
2985 4457 3146 4510 etiam
3194 4456 3311 4524 ejus
3338 4472 3463 4513 esse

1877 4548 2094 4612 Filium,
2116 4563 2453 4618 nequaquam
2474 4549 2667 4603 Filium
2687 4550 3044 4606 exsistentem
3076 4551 3127 4603 in
3147 4548 3462 4604 substantiae

1878 4638 2225 4694 subsistentia
2237 4680 2251 4702 .
2265 4643 2480 4708 proprie
2496 4655 2624 4695 vero
2641 4648 2693 4694 et
2707 4641 3000 4694 secundum
3020 4639 3189 4693 verita
3201 4639 3463 4704 tem,Ver-

1885 4728 2012 4783 bum
2044 4728 2394 4785 exsistentem
2431 4740 2630 4785 tamen.
2653 4729 2925 4798 Vultergo
2962 4731 3206 4799 intelligi,
3227 4729 3463 4786 Verbum

1891 4811 2042 4872 illum
2072 4832 2213 4887 esse,
2257 4836 2359 4874 non
2392 4820 2812 4884 cataclirestice,
2835 4821 2926 4874 sed
2959 4820 3243 4874 verissime
3263 4828 3316 4874 et
3335 4834 3464 4890 pro-

1891 4907 2164 4977 priissime
2189 4910 2449 4975 Verbum,
2477 4919 2640 4978 atque
2673 4919 2869 4977 praeter
2908 4907 3167 4975 Verbum,
3209 4909 3352 4964 aliud
3375 4908 3463 4964 ni-

1889 5283 2320 5358 γράμματι]οω
2334 5281 2639 5358 γράμματι.
2673 5276 2803 5358 Dein
2837 5275 3164 5358 συγγνώμης
3184 5271 3464 5358 orneodd.

1961 5341 2074 5423 (ξδ’)
2137 5353 2256 5422 Τὴν
2317 5341 2685 5423 ὗεξςῖξττασιν.
2741 5346 2880 5423 Lege
2922 5341 3020 5414 τῷ
3062 5341 3194 5423 ’τὴν
3234 5341 3470 5393 ὑπόστα-

1894 5416 1997 5479 σιν.
2027 5416 2084 5476 In
2113 5439 2176 5477 eo
2201 5416 2350 5492 quod
2384 5421 2502 5492 Filii
2541 5416 2946 5492 subsistentiam
2979 5421 3202 5492 negaret
3249 5425 3440 5492 separa

1893 5507 2000 5548 tam
2032 5503 2087 5547 et
2117 5480 2418 5563 propriam.
2452 5490 2519 5563 Μ.
2555 5518 2625 5563 -—_-
2660 5487 2883 5563 Correxi
2915 5480 3184 5563 vulgatam
3212 5495 3277 5534 ex
3309 5480 3465 5534 codd.

1892 5565 2050 5634 ἀληθ.
2076 5552 2346 5630 sibi}:th
2370 5561 2468 5630 τὴν
2495 5559 2681 5612 ὑπόστ.
2709 5567 2763 5610 et
2785 5552 2919 5634 57.31}
2943 5553 3121 5634 out-ﬁ).
3291 5627 3301 5634 Δ
3384 5619 3418 5634 ﬂ

1966 5625 2076 5701 (Mi
2134 5625 2220 5685 'H'
2260 5625 2474 5700 Λετγοίι.
2518 5630 2694 5701 Deest
2747 5625 3112 5701 sulTulciende
3189 5625 3471 5701 sententia

1894 5689 1981 5756 δεῖ
2025 5702 2205 5769 λέγειν
2265 5689 2366 5754 aut'
2410 5700 2604 5768 simile;
2658 5697 2862 5763 statim,
2910 5706 3029 5766 post
3061 5689 3466 5761 ὠνομασμένος,
3520 5711 3534 5724 ο

1899 5776 2048 5826 deest
2072 5773 2206 5826 υἱός.
2241 5770 2310 5826 Μ.

1899 5776 2048 5832 deest
2072 5775 2206 5842 υἱός.
2241 5775 2310 5826 Μ.
