  <div class='ocr_page' id='page_1' title='image "/cluster/home/n/w/nwhite01/storage/ocr_20150623/24/uva.x004246623/431.png"; bbox 0 0 4106 6408; ppageno 0'>
   <div class='ocr_carea' id='block_1_1' title="bbox 713 379 3913 448">
    <p class='ocr_par' dir='ltr' id='par_1_1' title="bbox 713 379 3913 448">
     <span class='ocr_line' id='line_1_1' title="bbox 713 379 3913 448; baseline -0.002 0"><span class='ocrx_word' id='word_1_1' title='bbox 713 390 808 448; x_wconf 77' lang='grc'><strong>831</strong></span> <span class='ocrx_word' id='word_1_2' title='bbox 1363 387 1626 443; x_wconf 84' lang='lat' dir='ltr'><strong>EUSEBll</strong></span> <span class='ocrx_word' id='word_1_3' title='bbox 1664 385 2132 443; x_wconf 69' lang='lat' dir='ltr'><strong>C£SARIENSIS</strong></span> <span class='ocrx_word' id='word_1_4' title='bbox 2165 387 2313 443; x_wconf 88' lang='lat' dir='ltr'><strong>OPP.</strong></span> <span class='ocrx_word' id='word_1_5' title='bbox 2353 388 2528 443; x_wconf 79' lang='lat' dir='ltr'><strong>PARS</strong></span> <span class='ocrx_word' id='word_1_6' title='bbox 2566 386 2653 441; x_wconf 79' lang='grc' dir='ltr'><strong>ιγ.</strong></span> <span class='ocrx_word' id='word_1_7' title='bbox 2694 417 2763 427; x_wconf 89' lang='lat'><strong>-—</strong></span> <span class='ocrx_word' id='word_1_8' title='bbox 2800 379 3213 442; x_wconf 68' lang='lat' dir='ltr'><strong>DOGMATICA.</strong></span> <span class='ocrx_word' id='word_1_9' title='bbox 3815 386 3913 444; x_wconf 67' lang='lat'><strong>85!</strong></span> 
     </span>
    </p>
   </div>
   <div class='ocr_carea' id='block_1_2' title="bbox 720 497 2259 573">
    <p class='ocr_par' dir='ltr' id='par_1_2' title="bbox 720 501 2251 571">
     <span class='ocr_line' id='line_1_2' title="bbox 720 501 2251 571; baseline 0 -16"><span class='ocrx_word' id='word_1_10' title='bbox 720 502 970 571; x_wconf 86' lang='lat' dir='ltr'><strong>htl,qttod</strong></span> <span class='ocrx_word' id='word_1_11' title='bbox 997 506 1040 557; x_wconf 79' lang='lat' dir='ltr'><strong>si</strong></span> <span class='ocrx_word' id='word_1_12' title='bbox 1070 503 1214 555; x_wconf 83' lang='lat' dir='ltr'><strong>aliud</strong></span> <span class='ocrx_word' id='word_1_13' title='bbox 1246 501 1399 564; x_wconf 85' lang='lat' dir='ltr'><strong>nihil,</strong></span> <span class='ocrx_word' id='word_1_14' title='bbox 1422 511 1530 553; x_wconf 86' lang='lat' dir='ltr'><strong>tum</strong></span> <span class='ocrx_word' id='word_1_15' title='bbox 1559 510 1705 554; x_wconf 83' lang='lat' dir='ltr'><strong>certe</strong></span> <span class='ocrx_word' id='word_1_16' title='bbox 1739 502 1930 568; x_wconf 88' lang='lat' dir='ltr'><strong>liquet,</strong></span> <span class='ocrx_word' id='word_1_17' title='bbox 1968 504 2106 569; x_wconf 90' lang='lat' dir='ltr'><strong>quod</strong></span> <span class='ocrx_word' id='word_1_18' title='bbox 2149 520 2251 558; x_wconf 84' lang='lat' dir='ltr'><strong>non</strong></span> 
     </span>
    </p>
   </div>
   <div class='ocr_carea' id='block_1_3' title="bbox 2363 497 3917 573">
    <p class='ocr_par' dir='ltr' id='par_1_3' title="bbox 2363 497 3917 573">
     <span class='ocr_line' id='line_1_3' title="bbox 2363 497 3917 573; baseline 0.001 -20"><span class='ocrx_word' id='word_1_19' title='bbox 2363 502 2583 570; x_wconf 73' lang='grc' dir='ltr'>κίμασεν</span> <span class='ocrx_word' id='word_1_20' title='bbox 2613 505 2645 571; x_wconf 77' lang='grc' dir='ltr'><strong>ἡ</strong></span> <span class='ocrx_word' id='word_1_21' title='bbox 2667 501 2959 573; x_wconf 77' lang='grc' dir='ltr'><strong>Ἐκκλησία</strong></span> <span class='ocrx_word' id='word_1_22' title='bbox 2990 499 3081 552; x_wconf 88' lang='grc' dir='ltr'><strong>τοῦ</strong></span> <span class='ocrx_word' id='word_1_23' title='bbox 3114 497 3269 566; x_wconf 87' lang='grc' dir='ltr'>Θεοῦ,</span> <span class='ocrx_word' id='word_1_24' title='bbox 3303 500 3414 561; x_wconf 74' lang='grc' dir='ltr'>τοῖς</span> <span class='ocrx_word' id='word_1_25' title='bbox 3432 498 3617 561; x_wconf 80' lang='grc' dir='ltr'>ἀθέοις</span> <span class='ocrx_word' id='word_1_26' title='bbox 3651 500 3815 551; x_wconf 78' lang='grc' dir='ltr'>αὐτον</span> <span class='ocrx_word' id='word_1_27' title='bbox 3843 502 3917 554; x_wconf 64' lang='grc' dir='ltr'>αι</span> 
     </span>
    </p>
   </div>
   <div class='ocr_carea' id='block_1_4' title="bbox 718 589 2259 663">
    <p class='ocr_par' dir='ltr' id='par_1_4' title="bbox 718 589 2257 661">
     <span class='ocr_line' id='line_1_4' title="bbox 718 589 2257 661; baseline 0 -16"><span class='ocrx_word' id='word_1_28' title='bbox 718 589 905 645; x_wconf 77' lang='lat' dir='ltr'><strong>Filium</strong></span> <span class='ocrx_word' id='word_1_29' title='bbox 943 602 1259 661; x_wconf 80' lang='lat' dir='ltr'><strong>vere-atque</strong></span> <span class='ocrx_word' id='word_1_30' title='bbox 1285 590 1497 659; x_wconf 90' lang='lat' dir='ltr'><strong>proprie</strong></span> <span class='ocrx_word' id='word_1_31' title='bbox 1546 591 1688 644; x_wconf 88' lang='lat' dir='ltr'><strong>dicat</strong></span> <span class='ocrx_word' id='word_1_32' title='bbox 1724 632 1739 653; x_wconf 83' lang='grc'><strong>,</strong></span> <span class='ocrx_word' id='word_1_33' title='bbox 1788 593 1879 645; x_wconf 84' lang='lat' dir='ltr'><strong>sed</strong></span> <span class='ocrx_word' id='word_1_34' title='bbox 1936 591 2110 645; x_wconf 78' lang='lat' dir='ltr'><strong>Verbo</strong></span> <span class='ocrx_word' id='word_1_35' title='bbox 2151 603 2257 645; x_wconf 89' lang='lat' dir='ltr'><strong>tan-</strong></span> 
     </span>
    </p>
   </div>
   <div class='ocr_carea' id='block_1_5' title="bbox 2363 589 3759 663">
    <p class='ocr_par' dir='ltr' id='par_1_5' title="bbox 2366 590 3759 663">
     <span class='ocr_line' id='line_1_5' title="bbox 2366 590 3759 663; baseline -0.003 -18"><span class='ocrx_word' id='word_1_36' title='bbox 2366 592 2647 663; x_wconf 76' lang='grc' dir='ltr'>ρεσιώταις</span> <span class='ocrx_word' id='word_1_37' title='bbox 2668 593 3005 656; x_wconf 78' lang='grc' dir='ltr'>καταλέξασα</span> <span class='ocrx_word' id='word_1_38' title='bbox 3040 590 3170 661; x_wconf 78' lang='grc'><strong>(15).</strong></span> <span class='ocrx_word' id='word_1_39' title='bbox 3754 652 3759 655; x_wconf 97' lang='lat'><em>_</em></span> 
     </span>
    </p>
   </div>
   <div class='ocr_carea' id='block_1_6' title="bbox 719 663 3916 751">
    <p class='ocr_par' dir='ltr' id='par_1_6' title="bbox 719 663 3916 751">
     <span class='ocr_line' id='line_1_6' title="bbox 719 663 3916 751; baseline -0.001 -16"><span class='ocrx_word' id='word_1_40' title='bbox 719 685 835 735; x_wconf 78' lang='lat' dir='ltr'><strong>tum</strong></span> <span class='ocrx_word' id='word_1_41' title='bbox 856 663 1008 736; x_wconf 62' lang='lat' dir='ltr'><strong>lenus</strong></span> <span class='ocrx_word' id='word_1_42' title='bbox 1035 693 1193 749; x_wconf 88' lang='lat' dir='ltr'><strong>atque</strong></span> <span class='ocrx_word' id='word_1_43' title='bbox 1222 682 1435 735; x_wconf 83' lang='lat' dir='ltr'><strong>nomine</strong></span> <span class='ocrx_word' id='word_1_44' title='bbox 1466 682 1854 737; x_wconf 69' lang='lat' dir='ltr'><strong>catachrestice</strong></span> <span class='ocrx_word' id='word_1_45' title='bbox 1880 685 2262 751; x_wconf 86' lang='lat' dir='ltr'><strong>usurpandum.</strong></span> <span class='ocrx_word' id='word_1_46' title='bbox 2289 681 2526 750; x_wconf 84' lang='lat' dir='ltr'><strong>Cumque</strong></span> <span class='ocrx_word' id='word_1_47' title='bbox 2562 685 2793 737; x_wconf 73' lang='lat' dir='ltr'><strong>Verlinm</strong></span> <span class='ocrx_word' id='word_1_48' title='bbox 2824 686 3009 736; x_wconf 87' lang='lat' dir='ltr'><strong>doceat</strong></span> <span class='ocrx_word' id='word_1_49' title='bbox 3030 698 3189 735; x_wconf 90' lang='lat' dir='ltr'><strong>unum</strong></span> <span class='ocrx_word' id='word_1_50' title='bbox 3214 695 3333 735; x_wconf 87' lang='lat' dir='ltr'><strong>esse</strong></span> <span class='ocrx_word' id='word_1_51' title='bbox 3380 689 3540 749; x_wconf 87' lang='lat' dir='ltr'><strong>atque</strong></span> <span class='ocrx_word' id='word_1_52' title='bbox 3592 680 3735 733; x_wconf 89' lang='lat' dir='ltr'><strong>idem</strong></span> <span class='ocrx_word' id='word_1_53' title='bbox 3770 694 3916 747; x_wconf 63' lang='lat' dir='ltr'><strong>proh</strong></span> 
     </span>
    </p>
   </div>
   <div class='ocr_carea' id='block_1_7' title="bbox 717 772 3913 841">
    <p class='ocr_par' dir='ltr' id='par_1_7' title="bbox 717 772 3913 841">
     <span class='ocr_line' id='line_1_7' title="bbox 717 772 3913 841; baseline -0.001 -15"><span class='ocrx_word' id='word_1_54' title='bbox 717 788 809 827; x_wconf 78' lang='lat' dir='ltr'><strong>sus</strong></span> <span class='ocrx_word' id='word_1_55' title='bbox 838 788 959 826; x_wconf 88' lang='lat' dir='ltr'><strong>cum</strong></span> <span class='ocrx_word' id='word_1_56' title='bbox 990 773 1136 827; x_wconf 88' lang='lat' dir='ltr'><strong>Deo:</strong></span> <span class='ocrx_word' id='word_1_57' title='bbox 1172 772 1297 827; x_wconf 87' lang='lat' dir='ltr'><strong>illud</strong></span> <span class='ocrx_word' id='word_1_58' title='bbox 1329 788 1518 840; x_wconf 82' lang='lat' dir='ltr'><strong>nempe</strong></span> <span class='ocrx_word' id='word_1_59' title='bbox 1596 772 1823 825; x_wconf 68' lang='lat' dir='ltr'><strong>Vnrbum</strong></span> <span class='ocrx_word' id='word_1_60' title='bbox 1908 774 2248 825; x_wconf 79' lang='lat' dir='ltr'><strong>ineat-natum</strong></span> <span class='ocrx_word' id='word_1_61' title='bbox 2280 810 2296 836; x_wconf 89' lang='lat'><strong>,</strong></span> <span class='ocrx_word' id='word_1_62' title='bbox 2349 783 2528 826; x_wconf 85' lang='lat' dir='ltr'><strong>natum</strong></span> <span class='ocrx_word' id='word_1_63' title='bbox 2585 776 2647 826; x_wconf 86' lang='lat' dir='ltr'><strong>de</strong></span> <span class='ocrx_word' id='word_1_64' title='bbox 2689 775 2903 841; x_wconf 78' lang='lat' dir='ltr'><strong>Virgine</strong></span> <span class='ocrx_word' id='word_1_65' title='bbox 2937 792 2950 827; x_wconf 87' lang='lat'>:</span> <span class='ocrx_word' id='word_1_66' title='bbox 2993 774 3162 838; x_wconf 76' lang='lat' dir='ltr'><strong>ipsum</strong></span> <span class='ocrx_word' id='word_1_67' title='bbox 3229 787 3348 824; x_wconf 84' lang='lat' dir='ltr'><strong>esse</strong></span> <span class='ocrx_word' id='word_1_68' title='bbox 3410 773 3571 824; x_wconf 88' lang='lat' dir='ltr'><strong>Deum</strong></span> <span class='ocrx_word' id='word_1_69' title='bbox 3614 780 3913 828; x_wconf 71' lang='lat' dir='ltr'><strong>asseverat.</strong></span> 
     </span>
    </p>
   </div>
   <div class='ocr_carea' id='block_1_8' title="bbox 716 862 3914 937">
    <p class='ocr_par' dir='ltr' id='par_1_8' title="bbox 716 862 3914 937">
     <span class='ocr_line' id='line_1_8' title="bbox 716 862 3914 937; baseline 0.002 -22"><span class='ocrx_word' id='word_1_70' title='bbox 716 862 865 929; x_wconf 81' lang='lat' dir='ltr'><strong>Quod</strong></span> <span class='ocrx_word' id='word_1_71' title='bbox 913 866 1039 919; x_wconf 92' lang='lat' dir='ltr'><strong>olim</strong></span> <span class='ocrx_word' id='word_1_72' title='bbox 1090 866 1371 935; x_wconf 71' lang='lat' dir='ltr'><strong>aliquando</strong></span> <span class='ocrx_word' id='word_1_73' title='bbox 1404 881 1433 919; x_wconf 89' lang='lat' dir='ltr'><strong>a</strong></span> <span class='ocrx_word' id='word_1_74' title='bbox 1465 867 1698 920; x_wconf 88' lang='lat' dir='ltr'><strong>Sabellio</strong></span> <span class='ocrx_word' id='word_1_75' title='bbox 1731 866 2017 936; x_wconf 89' lang='lat' dir='ltr'><strong>prolatum,</strong></span> <span class='ocrx_word' id='word_1_76' title='bbox 2044 868 2110 920; x_wconf 83' lang='lat' dir='ltr'><strong>ab</strong></span> <span class='ocrx_word' id='word_1_77' title='bbox 2139 866 2376 920; x_wconf 82' lang='lat' dir='ltr'><strong>Ecclesia</strong></span> <span class='ocrx_word' id='word_1_78' title='bbox 2418 866 2521 921; x_wconf 80' lang='lat' dir='ltr'><strong>fuit</strong></span> <span class='ocrx_word' id='word_1_79' title='bbox 2566 868 2814 936; x_wconf 75' lang='lat' dir='ltr'><strong>rejectuu‘.</strong></span> <span class='ocrx_word' id='word_1_80' title='bbox 2843 910 2858 934; x_wconf 94' lang='lat'><strong>,</strong></span> <span class='ocrx_word' id='word_1_81' title='bbox 2903 869 3174 937; x_wconf 82' lang='lat' dir='ltr'><strong>ipsiusque</strong></span> <span class='ocrx_word' id='word_1_82' title='bbox 3220 879 3408 921; x_wconf 85' lang='lat' dir='ltr'><strong>auctor</strong></span> <span class='ocrx_word' id='word_1_83' title='bbox 3483 883 3602 921; x_wconf 89' lang='lat' dir='ltr'><strong>cutn</strong></span> <span class='ocrx_word' id='word_1_84' title='bbox 3649 866 3914 925; x_wconf 72' lang='lat' dir='ltr'><strong>haereticis</strong></span> 
     </span>
    </p>
   </div>
   <div class='ocr_carea' id='block_1_9' title="bbox 718 956 1358 1025">
    <p class='ocr_par' dir='ltr' id='par_1_9' title="bbox 718 956 1358 1025">
     <span class='ocr_line' id='line_1_9' title="bbox 718 956 1358 1025; baseline 0.005 -16"><span class='ocrx_word' id='word_1_85' title='bbox 718 956 895 1025; x_wconf 84' lang='lat' dir='ltr'><strong>impiis</strong></span> <span class='ocrx_word' id='word_1_86' title='bbox 960 968 1358 1013; x_wconf 86' lang='lat' dir='ltr'><strong>annumeratus.</strong></span> 
     </span>
    </p>
   </div>
   <div class='ocr_carea' id='block_1_10' title="bbox 1359 1054 1601 1108">
    <p class='ocr_par' dir='ltr' id='par_1_10' title="bbox 1359 1054 1601 1108">
     <span class='ocr_line' id='line_1_10' title="bbox 1359 1054 1601 1108; baseline 0.004 -1"><span class='ocrx_word' id='word_1_87' title='bbox 1359 1054 1506 1107; x_wconf 90' lang='lat' dir='ltr'><strong>CAP.</strong></span> <span class='ocrx_word' id='word_1_88' title='bbox 1541 1054 1601 1108; x_wconf 92' lang='lat' dir='ltr'><strong>ll.</strong></span> 
     </span>
    </p>
   </div>
   <div class='ocr_carea' id='block_1_11' title="bbox 718 1138 2259 1211">
    <p class='ocr_par' dir='ltr' id='par_1_11' title="bbox 718 1138 2259 1211">
     <span class='ocr_line' id='line_1_11' title="bbox 718 1138 2259 1211; baseline 0.003 -16"><span class='ocrx_word' id='word_1_89' title='bbox 718 1138 870 1207; x_wconf 74' lang='lat' dir='ltr'><strong>Quod</strong></span> <span class='ocrx_word' id='word_1_90' title='bbox 894 1158 981 1208; x_wconf 76' lang='lat' dir='ltr'><strong>per</strong></span> <span class='ocrx_word' id='word_1_91' title='bbox 1012 1140 1206 1196; x_wconf 78' lang='lat' dir='ltr'><strong>Christi</strong></span> <span class='ocrx_word' id='word_1_92' title='bbox 1232 1146 1454 1211; x_wconf 76' lang='lat' dir='ltr'><strong>gratiam</strong></span> <span class='ocrx_word' id='word_1_93' title='bbox 1484 1146 1670 1197; x_wconf 82' lang='lat' dir='ltr'><strong>collum</strong></span> <span class='ocrx_word' id='word_1_94' title='bbox 1698 1155 1770 1197; x_wconf 77' lang='lat' dir='ltr'><strong>est</strong></span> <span class='ocrx_word' id='word_1_95' title='bbox 1815 1145 2057 1199; x_wconf 68' lang='lat' dir='ltr'><strong>Ecclesia</strong></span> <span class='ocrx_word' id='word_1_96' title='bbox 2092 1146 2259 1201; x_wconf 69' lang='lat' dir='ltr'><strong>excel-</strong></span> 
     </span>
    </p>
   </div>
   <div class='ocr_carea' id='block_1_12' title="bbox 888 1212 2067 1283">
    <p class='ocr_par' dir='ltr' id='par_1_12' title="bbox 888 1212 2067 1283">
     <span class='ocr_line' id='line_1_12' title="bbox 888 1212 2067 1283; baseline 0.005 -20"><span class='ocrx_word' id='word_1_97' title='bbox 888 1212 993 1265; x_wconf 77' lang='lat' dir='ltr'><strong>lens</strong></span> <span class='ocrx_word' id='word_1_98' title='bbox 1017 1215 1254 1279; x_wconf 70' lang='lat' dir='ltr'><strong>quedam</strong></span> <span class='ocrx_word' id='word_1_99' title='bbox 1280 1218 1505 1283; x_wconf 78' lang='lat' dir='ltr'><strong>cognitio</strong></span> <span class='ocrx_word' id='word_1_100' title='bbox 1541 1217 1601 1267; x_wconf 77' lang='lat' dir='ltr'><strong>tle</strong></span> <span class='ocrx_word' id='word_1_101' title='bbox 1646 1214 1803 1269; x_wconf 82' lang='lat' dir='ltr'><strong>Patre</strong></span> <span class='ocrx_word' id='word_1_102' title='bbox 1823 1229 1870 1267; x_wconf 69' lang='lat' dir='ltr'><strong>et</strong></span> <span class='ocrx_word' id='word_1_103' title='bbox 1906 1214 2067 1269; x_wconf 81' lang='lat' dir='ltr'><strong>Filio.</strong></span> 
     </span>
    </p>
   </div>
   <div class='ocr_carea' id='block_1_13' title="bbox 787 1366 2255 1438">
    <p class='ocr_par' dir='ltr' id='par_1_13' title="bbox 787 1366 2255 1438">
     <span class='ocr_line' id='line_1_13' title="bbox 787 1366 2255 1438; baseline 0.005 -17"><span class='ocrx_word' id='word_1_104' title='bbox 787 1366 1037 1423; x_wconf 89' lang='lat' dir='ltr'><strong>Omnium</strong></span> <span class='ocrx_word' id='word_1_105' title='bbox 1094 1371 1359 1438; x_wconf 76' lang='lat' dir='ltr'><strong>principes</strong></span> <span class='ocrx_word' id='word_1_106' title='bbox 1404 1370 1706 1425; x_wconf 56' lang='lat' dir='ltr'><strong>Judaorum</strong></span> <span class='ocrx_word' id='word_1_107' title='bbox 1739 1372 1904 1436; x_wconf 89' lang='lat' dir='ltr'><strong>natio,</strong></span> <span class='ocrx_word' id='word_1_108' title='bbox 1942 1372 2036 1427; x_wconf 87' lang='lat' dir='ltr'><strong>Dei</strong></span> <span class='ocrx_word' id='word_1_109' title='bbox 2094 1374 2255 1429; x_wconf 88' lang='lat' dir='ltr'><strong>unius</strong></span> 
     </span>
    </p>
   </div>
   <div class='ocr_carea' id='block_1_14' title="bbox 717 1458 2256 1532">
    <p class='ocr_par' dir='ltr' id='par_1_14' title="bbox 717 1458 2256 1532">
     <span class='ocr_line' id='line_1_14' title="bbox 717 1458 2256 1532; baseline 0.005 -23"><span class='ocrx_word' id='word_1_110' title='bbox 717 1458 1074 1526; x_wconf 75' lang='lat' dir='ltr'><strong>cognitionem</strong></span> <span class='ocrx_word' id='word_1_111' title='bbox 1108 1469 1162 1513; x_wconf 91' lang='lat' dir='ltr'><strong>et</strong></span> <span class='ocrx_word' id='word_1_112' title='bbox 1214 1460 1607 1515; x_wconf 81' lang='lat' dir='ltr'><strong>confessionem</strong></span> <span class='ocrx_word' id='word_1_113' title='bbox 1661 1472 2034 1532; x_wconf 89' lang='lat' dir='ltr'><strong>susceperunt,</strong></span> <span class='ocrx_word' id='word_1_114' title='bbox 2067 1476 2256 1517; x_wconf 87' lang='lat' dir='ltr'><strong>contra</strong></span> 
     </span>
    </p>
   </div>
   <div class='ocr_carea' id='block_1_15' title="bbox 717 1546 2259 1617">
    <p class='ocr_par' dir='ltr' id='par_1_15' title="bbox 717 1546 2259 1617">
     <span class='ocr_line' id='line_1_15' title="bbox 717 1546 2259 1617; baseline 0.003 -22"><span class='ocrx_word' id='word_1_115' title='bbox 717 1558 933 1599; x_wconf 85' lang='lat' dir='ltr'><strong>errores</strong></span> <span class='ocrx_word' id='word_1_116' title='bbox 965 1546 1249 1614; x_wconf 88' lang='lat' dir='ltr'><strong>gentilitios</strong></span> <span class='ocrx_word' id='word_1_117' title='bbox 1284 1548 1351 1601; x_wconf 82' lang='lat' dir='ltr'><strong>de</strong></span> <span class='ocrx_word' id='word_1_118' title='bbox 1390 1548 1610 1603; x_wconf 87' lang='lat' dir='ltr'><strong>deorum</strong></span> <span class='ocrx_word' id='word_1_119' title='bbox 1654 1550 2013 1603; x_wconf 74' lang='lat' dir='ltr'><strong>multitudine.</strong></span> <span class='ocrx_word' id='word_1_120' title='bbox 2046 1550 2111 1601; x_wconf 86' lang='lat' dir='ltr'><strong>At</strong></span> <span class='ocrx_word' id='word_1_121' title='bbox 2136 1564 2259 1617; x_wconf 86' lang='lat' dir='ltr'><strong>gra-</strong></span> 
     </span>
    </p>
   </div>
   <div class='ocr_carea' id='block_1_16' title="bbox 719 1633 2256 1703">
    <p class='ocr_par' dir='ltr' id='par_1_16' title="bbox 719 1633 2256 1703">
     <span class='ocr_line' id='line_1_16' title="bbox 719 1633 2256 1703; baseline 0.003 -18"><span class='ocrx_word' id='word_1_122' title='bbox 719 1633 791 1685; x_wconf 83' lang='lat' dir='ltr'><strong>tia</strong></span> <span class='ocrx_word' id='word_1_123' title='bbox 818 1633 907 1687; x_wconf 89' lang='lat' dir='ltr'><strong>illa</strong></span> <span class='ocrx_word' id='word_1_124' title='bbox 961 1634 1212 1688; x_wconf 89' lang='lat' dir='ltr'><strong>salutaris</strong></span> <span class='ocrx_word' id='word_1_125' title='bbox 1268 1636 1519 1691; x_wconf 69' lang='lat' dir='ltr'><strong>Ecclesiae</strong></span> <span class='ocrx_word' id='word_1_126' title='bbox 1574 1637 2033 1703; x_wconf 75' lang='lat' dir='ltr'><strong>communicavit,</strong></span> <span class='ocrx_word' id='word_1_127' title='bbox 2096 1639 2256 1691; x_wconf 88' lang='lat' dir='ltr'><strong>veluti</strong></span> 
     </span>
    </p>
   </div>
   <div class='ocr_carea' id='block_1_17' title="bbox 719 1725 1933 1799">
    <p class='ocr_par' dir='ltr' id='par_1_17' title="bbox 719 1725 1933 1799">
     <span class='ocr_line' id='line_1_17' title="bbox 719 1725 1933 1799; baseline 0.009 -26"><span class='ocrx_word' id='word_1_128' title='bbox 719 1725 1004 1793; x_wconf 81' lang='lat' dir='ltr'><strong>quamdam</strong></span> <span class='ocrx_word' id='word_1_129' title='bbox 1062 1727 1413 1783; x_wconf 73' lang='lat' dir='ltr'><strong>excellentem</strong></span> <span class='ocrx_word' id='word_1_130' title='bbox 1484 1731 1933 1799; x_wconf 66' lang='lat' dir='ltr'><strong>praerogativam,</strong></span> 
     </span>
    </p>
   </div>
   <div class='ocr_carea' id='block_1_18' title="bbox 722 1812 2261 1887">
    <p class='ocr_par' dir='ltr' id='par_1_18' title="bbox 722 1812 2261 1887">
     <span class='ocr_line' id='line_1_18' title="bbox 722 1812 2261 1887; baseline 0.008 -22"><span class='ocrx_word' id='word_1_131' title='bbox 722 1812 904 1875; x_wconf 86' lang='lat' dir='ltr'><strong>Deum,</strong></span> <span class='ocrx_word' id='word_1_132' title='bbox 936 1812 1146 1868; x_wconf 85' lang='lat' dir='ltr'><strong>Patrem</strong></span> <span class='ocrx_word' id='word_1_133' title='bbox 1171 1815 1292 1871; x_wconf 77' lang='lat' dir='ltr'><strong>Filii</strong></span> <span class='ocrx_word' id='word_1_134' title='bbox 1318 1818 1597 1887; x_wconf 88' lang='lat' dir='ltr'><strong>unigeniti,</strong></span> <span class='ocrx_word' id='word_1_135' title='bbox 1630 1819 1886 1887; x_wconf 78' lang='lat' dir='ltr'><strong>proﬁteri.</strong></span> <span class='ocrx_word' id='word_1_136' title='bbox 1922 1822 2115 1875; x_wconf 87' lang='lat' dir='ltr'><strong>Filium</strong></span> <span class='ocrx_word' id='word_1_137' title='bbox 2163 1839 2261 1877; x_wconf 88' lang='lat' dir='ltr'><strong>au-</strong></span> 
     </span>
    </p>
   </div>
   <div class='ocr_carea' id='block_1_19' title="bbox 718 1901 2262 1982">
    <p class='ocr_par' dir='ltr' id='par_1_19' title="bbox 718 1901 2262 1982">
     <span class='ocr_line' id='line_1_19' title="bbox 718 1901 2262 1982; baseline 0.01 -30"><span class='ocrx_word' id='word_1_138' title='bbox 718 1908 822 1953; x_wconf 89' lang='lat' dir='ltr'><strong>tem</strong></span> <span class='ocrx_word' id='word_1_139' title='bbox 850 1901 1000 1955; x_wconf 89' lang='lat' dir='ltr'><strong>illum</strong></span> <span class='ocrx_word' id='word_1_140' title='bbox 1039 1905 1212 1959; x_wconf 88' lang='lat' dir='ltr'><strong>solum</strong></span> <span class='ocrx_word' id='word_1_141' title='bbox 1254 1910 1494 1976; x_wconf 80' lang='lat' dir='ltr'><strong>agnoscit</strong></span> <span class='ocrx_word' id='word_1_142' title='bbox 1519 1907 1695 1962; x_wconf 84' lang='lat' dir='ltr'><strong>Jesum</strong></span> <span class='ocrx_word' id='word_1_143' title='bbox 1727 1912 2017 1974; x_wconf 86' lang='lat' dir='ltr'><strong>Christum,</strong></span> <span class='ocrx_word' id='word_1_144' title='bbox 2042 1921 2262 1982; x_wconf 72' lang='lat' dir='ltr'><strong>praeter-</strong></span> 
     </span>
    </p>
   </div>
   <div class='ocr_carea' id='block_1_20' title="bbox 714 1992 2260 2071">
    <p class='ocr_par' dir='ltr' id='par_1_20' title="bbox 714 1992 2260 2071">
     <span class='ocr_line' id='line_1_20' title="bbox 714 1992 2260 2071; baseline 0.01 -27"><span class='ocrx_word' id='word_1_145' title='bbox 714 2000 780 2044; x_wconf 79' lang='lat' dir='ltr'><strong>ea</strong></span> <span class='ocrx_word' id='word_1_146' title='bbox 814 1992 1036 2048; x_wconf 88' lang='lat' dir='ltr'><strong>nullum.</strong></span> <span class='ocrx_word' id='word_1_147' title='bbox 1076 1995 1181 2049; x_wconf 85' lang='lat' dir='ltr'><strong>Nec</strong></span> <span class='ocrx_word' id='word_1_148' title='bbox 1226 1997 1367 2050; x_wconf 90' lang='lat' dir='ltr'><strong>illum</strong></span> <span class='ocrx_word' id='word_1_149' title='bbox 1392 1999 1681 2052; x_wconf 86' lang='lat' dir='ltr'><strong>secundum</strong></span> <span class='ocrx_word' id='word_1_150' title='bbox 1718 2002 2114 2071; x_wconf 82' lang='lat' dir='ltr'><strong>carnis,.quam</strong></span> <span class='ocrx_word' id='word_1_151' title='bbox 2146 2020 2260 2059; x_wconf 87' lang='lat' dir='ltr'><strong>sus-</strong></span> 
     </span>
    </p>
   </div>
   <div class='ocr_carea' id='block_1_21' title="bbox 714 2083 2256 2162">
    <p class='ocr_par' dir='ltr' id='par_1_21' title="bbox 714 2083 2256 2162">
     <span class='ocr_line' id='line_1_21' title="bbox 714 2083 2256 2162; baseline 0.008 -27"><span class='ocrx_word' id='word_1_152' title='bbox 714 2083 877 2150; x_wconf 89' lang='lat' dir='ltr'><strong>cepit,</strong></span> <span class='ocrx_word' id='word_1_153' title='bbox 916 2088 1313 2151; x_wconf 78' lang='lat' dir='ltr'><strong>generationem</strong></span> <span class='ocrx_word' id='word_1_154' title='bbox 1355 2087 1513 2153; x_wconf 89' lang='lat' dir='ltr'><strong>(hanc</strong></span> <span class='ocrx_word' id='word_1_155' title='bbox 1546 2090 1743 2143; x_wconf 88' lang='lat' dir='ltr'><strong>etenim</strong></span> <span class='ocrx_word' id='word_1_156' title='bbox 1776 2100 1831 2144; x_wconf 93' lang='lat' dir='ltr'><strong>et</strong></span> <span class='ocrx_word' id='word_1_157' title='bbox 1858 2093 1990 2145; x_wconf 74' lang='lat' dir='ltr'><strong>servi</strong></span> <span class='ocrx_word' id='word_1_158' title='bbox 2011 2093 2256 2162; x_wconf 80' lang='lat' dir='ltr'><strong>formam,</strong></span> 
     </span>
    </p>
   </div>
   <div class='ocr_carea' id='block_1_22' title="bbox 713 2174 2257 2250">
    <p class='ocr_par' dir='ltr' id='par_1_22' title="bbox 713 2174 2257 2250">
     <span class='ocr_line' id='line_1_22' title="bbox 713 2174 2257 2250; baseline 0.006 -21"><span class='ocrx_word' id='word_1_159' title='bbox 713 2182 771 2229; x_wconf 84' lang='lat' dir='ltr'><strong>et</strong></span> <span class='ocrx_word' id='word_1_160' title='bbox 804 2174 971 2243; x_wconf 73' lang='lat' dir='ltr'><strong>ﬁlium</strong></span> <span class='ocrx_word' id='word_1_161' title='bbox 999 2180 1220 2232; x_wconf 72' lang='lat' dir='ltr'><strong>hominis</strong></span> <span class='ocrx_word' id='word_1_162' title='bbox 1245 2194 1458 2242; x_wconf 82' lang='lat' dir='ltr'><strong>vocare,</strong></span> <span class='ocrx_word' id='word_1_163' title='bbox 1483 2181 1666 2241; x_wconf 78' lang='lat' dir='ltr'><strong>edocta</strong></span> <span class='ocrx_word' id='word_1_164' title='bbox 1690 2179 1828 2250; x_wconf 81' lang='lat' dir='ltr'><strong>luit),</strong></span> <span class='ocrx_word' id='word_1_165' title='bbox 1852 2184 1943 2237; x_wconf 85' lang='lat' dir='ltr'><strong>sed</strong></span> <span class='ocrx_word' id='word_1_166' title='bbox 1967 2185 2257 2238; x_wconf 85' lang='lat' dir='ltr'><strong>secundum</strong></span> 
     </span>
    </p>
   </div>
   <div class='ocr_carea' id='block_1_23' title="bbox 716 2261 2259 2338">
    <p class='ocr_par' dir='ltr' id='par_1_23' title="bbox 716 2261 2259 2338">
     <span class='ocr_line' id='line_1_23' title="bbox 716 2261 2259 2338; baseline 0.009 -24"><span class='ocrx_word' id='word_1_167' title='bbox 716 2261 861 2317; x_wconf 86' lang='lat' dir='ltr'><strong>illam</strong></span> <span class='ocrx_word' id='word_1_168' title='bbox 912 2265 1263 2333; x_wconf 79' lang='lat' dir='ltr'><strong>divinitatem,</strong></span> <span class='ocrx_word' id='word_1_169' title='bbox 1318 2286 1475 2338; x_wconf 87' lang='lat' dir='ltr'><strong>quam</strong></span> <span class='ocrx_word' id='word_1_170' title='bbox 1512 2285 1538 2322; x_wconf 90' lang='lat' dir='ltr'><strong>a</strong></span> <span class='ocrx_word' id='word_1_171' title='bbox 1588 2270 1743 2325; x_wconf 85' lang='lat' dir='ltr'><strong>Patre</strong></span> <span class='ocrx_word' id='word_1_172' title='bbox 1801 2283 1853 2326; x_wconf 88' lang='lat' dir='ltr'><strong>et</strong></span> <span class='ocrx_word' id='word_1_173' title='bbox 1904 2273 2012 2327; x_wconf 89' lang='lat' dir='ltr'><strong>Deo</strong></span> <span class='ocrx_word' id='word_1_174' title='bbox 2074 2276 2259 2330; x_wconf 88' lang='lat' dir='ltr'><strong>eodem</strong></span> 
     </span>
    </p>
   </div>
   <div class='ocr_carea' id='block_1_24' title="bbox 712 2353 2255 2435">
    <p class='ocr_par' dir='ltr' id='par_1_24' title="bbox 712 2353 2255 2435">
     <span class='ocr_line' id='line_1_24' title="bbox 712 2353 2255 2435; baseline 0.011 -30"><span class='ocrx_word' id='word_1_175' title='bbox 712 2353 903 2409; x_wconf 84' lang='lat' dir='ltr'><strong>habuit</strong></span> <span class='ocrx_word' id='word_1_176' title='bbox 949 2367 1073 2411; x_wconf 87' lang='lat' dir='ltr'><strong>ante</strong></span> <span class='ocrx_word' id='word_1_177' title='bbox 1107 2362 1286 2414; x_wconf 87' lang='lat' dir='ltr'><strong>omnia</strong></span> <span class='ocrx_word' id='word_1_178' title='bbox 1335 2362 1550 2426; x_wconf 69' lang='lat' dir='ltr'><strong>sarcula,</strong></span> <span class='ocrx_word' id='word_1_179' title='bbox 1589 2364 1850 2419; x_wconf 84' lang='lat' dir='ltr'><strong>universis</strong></span> <span class='ocrx_word' id='word_1_180' title='bbox 1901 2366 2255 2435; x_wconf 77' lang='lat' dir='ltr'><strong>incognitam.</strong></span> 
     </span>
    </p>
   </div>
   <div class='ocr_carea' id='block_1_25' title="bbox 715 2445 2261 2522">
    <p class='ocr_par' dir='ltr' id='par_1_25' title="bbox 715 2445 2261 2522">
     <span class='ocr_line' id='line_1_25' title="bbox 715 2445 2261 2522; baseline 0.008 -24"><span class='ocrx_word' id='word_1_181' title='bbox 715 2445 1022 2502; x_wconf 89' lang='lat' dir='ltr'><strong>Secundum</strong></span> <span class='ocrx_word' id='word_1_182' title='bbox 1048 2465 1207 2518; x_wconf 80' lang='lat' dir='ltr'><strong>quam</strong></span> <span class='ocrx_word' id='word_1_183' title='bbox 1234 2455 1657 2518; x_wconf 76' lang='lat' dir='ltr'><strong>generationem,</strong></span> <span class='ocrx_word' id='word_1_184' title='bbox 1692 2464 1929 2522; x_wconf 67' lang='lat' dir='ltr'><strong>paterna:</strong></span> <span class='ocrx_word' id='word_1_185' title='bbox 1964 2457 2261 2512; x_wconf 85' lang='lat' dir='ltr'><strong>divinitatis</strong></span> 
     </span>
    </p>
   </div>
   <div class='ocr_carea' id='block_1_26' title="bbox 716 2535 2258 2611">
    <p class='ocr_par' dir='ltr' id='par_1_26' title="bbox 716 2535 2258 2611">
     <span class='ocr_line' id='line_1_26' title="bbox 716 2535 2258 2611; baseline 0.007 -23"><span class='ocrx_word' id='word_1_186' title='bbox 716 2535 1125 2605; x_wconf 85' lang='lat' dir='ltr'><strong>plenitudinem,</strong></span> <span class='ocrx_word' id='word_1_187' title='bbox 1158 2550 1210 2595; x_wconf 88' lang='lat' dir='ltr'><strong>et</strong></span> <span class='ocrx_word' id='word_1_188' title='bbox 1254 2543 1422 2610; x_wconf 87' lang='lat' dir='ltr'><strong>ipsum</strong></span> <span class='ocrx_word' id='word_1_189' title='bbox 1468 2544 1685 2608; x_wconf 87' lang='lat' dir='ltr'><strong>Filium,</strong></span> <span class='ocrx_word' id='word_1_190' title='bbox 1724 2546 1886 2599; x_wconf 88' lang='lat' dir='ltr'><strong>Deum</strong></span> <span class='ocrx_word' id='word_1_191' title='bbox 1934 2547 2258 2611; x_wconf 89' lang='lat' dir='ltr'><strong>constituit,</strong></span> 
     </span>
    </p>
   </div>
   <div class='ocr_carea' id='block_1_27' title="bbox 717 2628 2254 2706">
    <p class='ocr_par' dir='ltr' id='par_1_27' title="bbox 717 2628 2254 2706">
     <span class='ocr_line' id='line_1_27' title="bbox 717 2628 2254 2706; baseline 0.009 -28"><span class='ocrx_word' id='word_1_192' title='bbox 717 2640 823 2679; x_wconf 91' lang='lat' dir='ltr'><strong>non</strong></span> <span class='ocrx_word' id='word_1_193' title='bbox 854 2643 881 2679; x_wconf 87' lang='lat' dir='ltr'><strong>a</strong></span> <span class='ocrx_word' id='word_1_194' title='bbox 912 2628 1091 2697; x_wconf 87' lang='lat' dir='ltr'><strong>seipso</strong></span> <span class='ocrx_word' id='word_1_195' title='bbox 1119 2646 1420 2699; x_wconf 71' lang='lat' dir='ltr'><strong>possessam</strong></span> <span class='ocrx_word' id='word_1_196' title='bbox 1451 2634 1534 2688; x_wconf 87' lang='lat' dir='ltr'><strong>vel</strong></span> <span class='ocrx_word' id='word_1_197' title='bbox 1563 2651 1590 2688; x_wconf 90' lang='lat' dir='ltr'><strong>a</strong></span> <span class='ocrx_word' id='word_1_198' title='bbox 1636 2636 1794 2689; x_wconf 84' lang='lat' dir='ltr'><strong>Patre</strong></span> <span class='ocrx_word' id='word_1_199' title='bbox 1838 2648 2161 2706; x_wconf 84' lang='lat' dir='ltr'><strong>separatam,</strong></span> <span class='ocrx_word' id='word_1_200' title='bbox 2197 2645 2254 2702; x_wconf 53' lang='grc' dir='ltr'><strong>ᾗ</strong></span> 
     </span>
    </p>
   </div>
   <div class='ocr_carea' id='block_1_28' title="bbox 715 2716 2259 2794">
    <p class='ocr_par' dir='ltr' id='par_1_28' title="bbox 715 2716 2259 2794">
     <span class='ocr_line' id='line_1_28' title="bbox 715 2716 2259 2794; baseline 0.008 -22"><span class='ocrx_word' id='word_1_201' title='bbox 715 2716 810 2772; x_wconf 86' lang='lat' dir='ltr'><strong>sed</strong></span> <span class='ocrx_word' id='word_1_202' title='bbox 842 2732 939 2773; x_wconf 90' lang='lat' dir='ltr'><strong>nec</strong></span> <span class='ocrx_word' id='word_1_203' title='bbox 965 2722 1079 2774; x_wconf 89' lang='lat' dir='ltr'><strong>sine</strong></span> <span class='ocrx_word' id='word_1_204' title='bbox 1106 2722 1367 2791; x_wconf 89' lang='lat' dir='ltr'><strong>principio</strong></span> <span class='ocrx_word' id='word_1_205' title='bbox 1396 2724 1540 2777; x_wconf 86' lang='lat' dir='ltr'><strong>illam</strong></span> <span class='ocrx_word' id='word_1_206' title='bbox 1587 2736 1639 2779; x_wconf 91' lang='lat' dir='ltr'><strong>et</strong></span> <span class='ocrx_word' id='word_1_207' title='bbox 1687 2726 2051 2794; x_wconf 86' lang='lat' dir='ltr'><strong>ingeneratam</strong></span> <span class='ocrx_word' id='word_1_208' title='bbox 2088 2731 2259 2784; x_wconf 85' lang='lat' dir='ltr'><strong>deita-</strong></span> 
     </span>
    </p>
   </div>
   <div class='ocr_carea' id='block_1_29' title="bbox 713 2809 2259 2886">
    <p class='ocr_par' dir='ltr' id='par_1_29' title="bbox 713 2809 2259 2886">
     <span class='ocr_line' id='line_1_29' title="bbox 713 2809 2259 2886; baseline 0.009 -27"><span class='ocrx_word' id='word_1_209' title='bbox 713 2814 845 2871; x_wconf 85' lang='lat' dir='ltr'><strong>tem,</strong></span> <span class='ocrx_word' id='word_1_210' title='bbox 888 2809 1081 2862; x_wconf 90' lang='lat' dir='ltr'><strong>nedum</strong></span> <span class='ocrx_word' id='word_1_211' title='bbox 1133 2811 1349 2866; x_wconf 88' lang='lat' dir='ltr'><strong>aliunde</strong></span> <span class='ocrx_word' id='word_1_212' title='bbox 1381 2814 1669 2867; x_wconf 84' lang='lat' dir='ltr'><strong>derivatam</strong></span> <span class='ocrx_word' id='word_1_213' title='bbox 1703 2817 2073 2886; x_wconf 83' lang='lat' dir='ltr'><strong>peregrinam,</strong></span> <span class='ocrx_word' id='word_1_214' title='bbox 2130 2819 2259 2873; x_wconf 87' lang='lat' dir='ltr'><strong>hos-</strong></span> 
     </span>
    </p>
   </div>
   <div class='ocr_carea' id='block_1_30' title="bbox 712 2896 2257 2976">
    <p class='ocr_par' dir='ltr' id='par_1_30' title="bbox 712 2896 2257 2976">
     <span class='ocr_line' id='line_1_30' title="bbox 712 2896 2257 2976; baseline 0.011 -28"><span class='ocrx_word' id='word_1_215' title='bbox 712 2896 901 2965; x_wconf 85' lang='lat' dir='ltr'><strong>pitam,</strong></span> <span class='ocrx_word' id='word_1_216' title='bbox 940 2909 993 2953; x_wconf 87' lang='lat' dir='ltr'><strong>et</strong></span> <span class='ocrx_word' id='word_1_217' title='bbox 1029 2917 1056 2953; x_wconf 90' lang='lat' dir='ltr'><strong>a</strong></span> <span class='ocrx_word' id='word_1_218' title='bbox 1084 2901 1242 2957; x_wconf 88' lang='lat' dir='ltr'><strong>Patre</strong></span> <span class='ocrx_word' id='word_1_219' title='bbox 1267 2904 1515 2966; x_wconf 87' lang='lat' dir='ltr'><strong>alienam.</strong></span> <span class='ocrx_word' id='word_1_220' title='bbox 1556 2908 1647 2959; x_wconf 89' lang='lat' dir='ltr'><strong>sed</strong></span> <span class='ocrx_word' id='word_1_221' title='bbox 1680 2908 1743 2960; x_wconf 90' lang='lat' dir='ltr'><strong>de</strong></span> <span class='ocrx_word' id='word_1_222' title='bbox 1772 2918 1992 2973; x_wconf 87' lang='lat' dir='ltr'><strong>paterna</strong></span> <span class='ocrx_word' id='word_1_223' title='bbox 2030 2911 2257 2976; x_wconf 86' lang='lat' dir='ltr'><strong>partici-</strong></span> 
     </span>
    </p>
   </div>
   <div class='ocr_carea' id='block_1_31' title="bbox 712 2986 2260 3068">
    <p class='ocr_par' dir='ltr' id='par_1_31' title="bbox 712 2986 2260 3068">
     <span class='ocr_line' id='line_1_31' title="bbox 712 2986 2260 3068; baseline 0.012 -31"><span class='ocrx_word' id='word_1_224' title='bbox 712 2986 949 3054; x_wconf 84' lang='lat' dir='ltr'><strong>patione.</strong></span> <span class='ocrx_word' id='word_1_225' title='bbox 981 2988 1142 3042; x_wconf 80' lang='lat' dir='ltr'><strong>veluti</strong></span> <span class='ocrx_word' id='word_1_226' title='bbox 1172 2992 1235 3043; x_wconf 89' lang='lat' dir='ltr'><strong>de</strong></span> <span class='ocrx_word' id='word_1_227' title='bbox 1259 2992 1370 3060; x_wconf 85' lang='lat' dir='ltr'><strong>jugi</strong></span> <span class='ocrx_word' id='word_1_228' title='bbox 1412 3003 1571 3060; x_wconf 90' lang='lat' dir='ltr'><strong>puteo</strong></span> <span class='ocrx_word' id='word_1_229' title='bbox 1606 2996 1656 3046; x_wconf 92' lang='lat' dir='ltr'><strong>in</strong></span> <span class='ocrx_word' id='word_1_230' title='bbox 1694 2997 1865 3061; x_wconf 88' lang='lat' dir='ltr'><strong>ipsum</strong></span> <span class='ocrx_word' id='word_1_231' title='bbox 1907 2996 2095 3061; x_wconf 83' lang='lat' dir='ltr'><strong>elIttso,</strong></span> <span class='ocrx_word' id='word_1_232' title='bbox 2136 3016 2260 3068; x_wconf 91' lang='lat' dir='ltr'><strong>pro-</strong></span> 
     </span>
    </p>
   </div>
   <div class='ocr_carea' id='block_1_32' title="bbox 3011 1050 3268 1104">
    <p class='ocr_par' dir='ltr' id='par_1_32' title="bbox 3011 1050 3268 1104">
     <span class='ocr_line' id='line_1_32' title="bbox 3011 1050 3268 1104; baseline -0.004 0"><span class='ocrx_word' id='word_1_233' title='bbox 3011 1053 3165 1104; x_wconf 77' lang='grc' dir='ltr'><strong>ΚΕΦ.</strong></span> <span class='ocrx_word' id='word_1_234' title='bbox 3194 1050 3268 1103; x_wconf 81' lang='lat' dir='ltr'><strong>B&#39;.</strong></span> 
     </span>
    </p>
   </div>
   <div class='ocr_carea' id='block_1_33' title="bbox 2362 1141 3918 1211">
    <p class='ocr_par' dir='ltr' id='par_1_33' title="bbox 2362 1141 3918 1211">
     <span class='ocr_line' id='line_1_33' title="bbox 2362 1141 3918 1211; baseline -0.001 -15"><span class='ocrx_word' id='word_1_235' title='bbox 2362 1143 2488 1196; x_wconf 73' lang='grc' dir='ltr'>Ὀτι</span> <span class='ocrx_word' id='word_1_236' title='bbox 2536 1141 2610 1211; x_wconf 74' lang='grc' dir='ltr'>τῇ</span> <span class='ocrx_word' id='word_1_237' title='bbox 2652 1144 2975 1210; x_wconf 65' lang='grc' dir='ltr'>Ἐκκλησία</span> <span class='ocrx_word' id='word_1_238' title='bbox 3020 1143 3124 1197; x_wconf 81' lang='grc' dir='ltr'><strong>τοῦ</strong></span> <span class='ocrx_word' id='word_1_239' title='bbox 3169 1142 3313 1195; x_wconf 84' lang='grc' dir='ltr'><strong>Θεοῦ</strong></span> <span class='ocrx_word' id='word_1_240' title='bbox 3348 1142 3385 1208; x_wconf 82' lang='grc' dir='ltr'><em>ἠ</em></span> <span class='ocrx_word' id='word_1_241' title='bbox 3442 1142 3699 1211; x_wconf 77' lang='grc' dir='ltr'><strong>Χριστοῦ</strong></span> <span class='ocrx_word' id='word_1_242' title='bbox 3752 1142 3918 1211; x_wconf 73' lang='grc' dir='ltr'>χάρις</span> 
     </span>
    </p>
   </div>
   <div class='ocr_carea' id='block_1_34' title="bbox 2430 1210 3920 1281">
    <p class='ocr_par' dir='ltr' id='par_1_34' title="bbox 2430 1210 3920 1281">
     <span class='ocr_line' id='line_1_34' title="bbox 2430 1210 3920 1281; baseline -0.001 -15"><span class='ocrx_word' id='word_1_243' title='bbox 2430 1214 2543 1280; x_wconf 82' lang='grc' dir='ltr'><strong>τὴν</strong></span> <span class='ocrx_word' id='word_1_244' title='bbox 2585 1210 2715 1279; x_wconf 76' lang='grc' dir='ltr'>περὶ</span> <span class='ocrx_word' id='word_1_245' title='bbox 2767 1213 2993 1281; x_wconf 79' lang='grc' dir='ltr'>Πατρός</span> <span class='ocrx_word' id='word_1_246' title='bbox 3042 1214 3137 1265; x_wconf 80' lang='grc' dir='ltr'><strong>καί</strong></span> <span class='ocrx_word' id='word_1_247' title='bbox 3169 1212 3299 1267; x_wconf 62' lang='lat' dir='ltr'><strong>me</strong></span> <span class='ocrx_word' id='word_1_248' title='bbox 3352 1210 3573 1280; x_wconf 68' lang='grc' dir='ltr'><strong>γνῶσιν</strong></span> <span class='ocrx_word' id='word_1_249' title='bbox 3612 1210 3920 1279; x_wconf 73' lang='grc' dir='ltr'>ἐξαίρετον</span> 
     </span>
    </p>
   </div>
   <div class='ocr_carea' id='block_1_35' title="bbox 2429 1282 2787 1351">
    <p class='ocr_par' dir='ltr' id='par_1_35' title="bbox 2429 1282 2787 1351">
     <span class='ocr_line' id='line_1_35' title="bbox 2429 1282 2787 1351; baseline 0.003 -16"><span class='ocrx_word' id='word_1_250' title='bbox 2429 1282 2787 1351; x_wconf 81' lang='grc' dir='ltr'>ἐδωρήσατο.</span> 
     </span>
    </p>
   </div>
   <div class='ocr_carea' id='block_1_36' title="bbox 2433 1372 3918 1444">
    <p class='ocr_par' dir='ltr' id='par_1_36' title="bbox 2433 1372 3918 1444">
     <span class='ocr_line' id='line_1_36' title="bbox 2433 1372 3918 1444; baseline -0.001 -19"><span class='ocrx_word' id='word_1_251' title='bbox 2433 1376 2505 1426; x_wconf 86' lang='grc' dir='ltr'>Τὸ</span> <span class='ocrx_word' id='word_1_252' title='bbox 2546 1374 2641 1443; x_wconf 83' lang='grc' dir='ltr'>μὲν</span> <span class='ocrx_word' id='word_1_253' title='bbox 2668 1373 2771 1444; x_wconf 81' lang='grc' dir='ltr'>γὰρ</span> <span class='ocrx_word' id='word_1_254' title='bbox 2798 1372 2926 1425; x_wconf 84' lang='grc' dir='ltr'><strong>Θεὸν</strong></span> <span class='ocrx_word' id='word_1_255' title='bbox 2948 1373 3223 1441; x_wconf 82' lang='grc' dir='ltr'>ὁμολογεῖν</span> <span class='ocrx_word' id='word_1_256' title='bbox 3241 1374 3333 1425; x_wconf 72' lang='grc' dir='ltr'><strong>ἕνα</strong></span> <span class='ocrx_word' id='word_1_257' title='bbox 3366 1373 3499 1444; x_wconf 84' lang='grc' dir='ltr'>πρὸς</span> <span class='ocrx_word' id='word_1_258' title='bbox 3516 1372 3918 1441; x_wconf 81' lang='grc' dir='ltr'>ἀντιδιαστολὴν</span> 
     </span>
    </p>
   </div>
   <div class='ocr_carea' id='block_1_37' title="bbox 2361 1462 3918 1534">
    <p class='ocr_par' dir='ltr' id='par_1_37' title="bbox 2361 1462 3918 1534">
     <span class='ocr_line' id='line_1_37' title="bbox 2361 1462 3918 1534; baseline -0.001 -19"><span class='ocrx_word' id='word_1_259' title='bbox 2361 1463 2459 1533; x_wconf 84' lang='grc' dir='ltr'>τῆς</span> <span class='ocrx_word' id='word_1_260' title='bbox 2486 1464 2746 1532; x_wconf 83' lang='grc' dir='ltr'>Ἐλλήνων</span> <span class='ocrx_word' id='word_1_261' title='bbox 2775 1462 3029 1514; x_wconf 82' lang='grc' dir='ltr'>πολυθέου</span> <span class='ocrx_word' id='word_1_262' title='bbox 3060 1462 3264 1532; x_wconf 79' lang='grc' dir='ltr'><strong>πλάνης</strong></span> <span class='ocrx_word' id='word_1_263' title='bbox 3293 1465 3495 1534; x_wconf 81' lang='grc' dir='ltr'>πρῶτοι</span> <span class='ocrx_word' id='word_1_264' title='bbox 3522 1462 3918 1534; x_wconf 71' lang='grc' dir='ltr'><strong>παρειλήφασιν</strong></span> 
     </span>
    </p>
   </div>
   <div class='ocr_carea' id='block_1_38' title="bbox 2376 1552 3916 1625">
    <p class='ocr_par' dir='ltr' id='par_1_38' title="bbox 2376 1552 3916 1625">
     <span class='ocr_line' id='line_1_38' title="bbox 2376 1552 3916 1625; baseline 0 -19"><span class='ocrx_word' id='word_1_265' title='bbox 2376 1553 2638 1606; x_wconf 78' lang='grc' dir='ltr'><strong>Ἰουδαίων</strong></span> <span class='ocrx_word' id='word_1_266' title='bbox 2672 1553 2875 1616; x_wconf 62' lang='grc' dir='ltr'>παῖδες</span> <span class='ocrx_word' id='word_1_267' title='bbox 2904 1553 2962 1605; x_wconf 87' lang='grc' dir='ltr'><strong>τὸ</strong></span> <span class='ocrx_word' id='word_1_268' title='bbox 2998 1552 3054 1605; x_wconf 77' lang='grc' dir='ltr'>δὲ</span> <span class='ocrx_word' id='word_1_269' title='bbox 3106 1553 3199 1605; x_wconf 78' lang='grc' dir='ltr'>καὶ</span> <span class='ocrx_word' id='word_1_270' title='bbox 3243 1554 3459 1625; x_wconf 80' lang='grc' dir='ltr'><strong>Πατέρα</strong></span> <span class='ocrx_word' id='word_1_271' title='bbox 3485 1554 3575 1606; x_wconf 80' lang='grc' dir='ltr'><strong>τὸν</strong></span> <span class='ocrx_word' id='word_1_272' title='bbox 3604 1555 3769 1606; x_wconf 81' lang='grc' dir='ltr'>αὑτὸν</span> <span class='ocrx_word' id='word_1_273' title='bbox 3795 1554 3916 1607; x_wconf 79' lang='grc' dir='ltr'>Υίοῦ</span> 
     </span>
    </p>
   </div>
   <div class='ocr_carea' id='block_1_39' title="bbox 2367 1640 3919 1716">
    <p class='ocr_par' dir='ltr' id='par_1_39' title="bbox 2367 1640 3919 1716">
     <span class='ocr_line' id='line_1_39' title="bbox 2367 1640 3919 1716; baseline 0.001 -22"><span class='ocrx_word' id='word_1_274' title='bbox 2367 1641 2685 1716; x_wconf 80' lang='grc' dir='ltr'><strong>μονογενοῦς</strong></span> <span class='ocrx_word' id='word_1_275' title='bbox 2716 1640 2996 1711; x_wconf 72' lang='grc' dir='ltr'>γνωρίζειν</span> <span class='ocrx_word' id='word_1_276' title='bbox 3021 1642 3294 1713; x_wconf 77' lang='grc' dir='ltr'>ἐξαίρετον</span> <span class='ocrx_word' id='word_1_277' title='bbox 3328 1644 3492 1713; x_wconf 86' lang='grc' dir='ltr'>γέρας</span> <span class='ocrx_word' id='word_1_278' title='bbox 3520 1645 3552 1711; x_wconf 81' lang='grc' dir='ltr'>ἡ</span> <span class='ocrx_word' id='word_1_279' title='bbox 3579 1643 3737 1712; x_wconf 83' lang='grc' dir='ltr'>χάρις</span> <span class='ocrx_word' id='word_1_280' title='bbox 3760 1645 3795 1712; x_wconf 84' lang='grc' dir='ltr'>ἠ</span> <span class='ocrx_word' id='word_1_281' title='bbox 3824 1658 3919 1695; x_wconf 84' lang='grc' dir='ltr'>σω-</span> 
     </span>
    </p>
   </div>
   <div class='ocr_carea' id='block_1_40' title="bbox 2009 1732 2259 1805">
    <p class='ocr_par' dir='ltr' id='par_1_40' title="bbox 2009 1734 2254 1785">
     <span class='ocr_line' id='line_1_40' title="bbox 2009 1734 2254 1785; baseline 0 0"><span class='ocrx_word' id='word_1_282' title='bbox 2009 1734 2254 1785; x_wconf 89' lang='lat' dir='ltr'><strong>eumdem</strong></span> 
     </span>
    </p>
   </div>
   <div class='ocr_carea' id='block_1_41' title="bbox 2363 1732 3918 1805">
    <p class='ocr_par' dir='ltr' id='par_1_41' title="bbox 2363 1732 3918 1805">
     <span class='ocr_line' id='line_1_41' title="bbox 2363 1732 3918 1805; baseline 0 -18"><span class='ocrx_word' id='word_1_283' title='bbox 2363 1736 2545 1805; x_wconf 79' lang='grc' dir='ltr'>τήριος</span> <span class='ocrx_word' id='word_1_284' title='bbox 2565 1737 2631 1804; x_wconf 78' lang='grc' dir='ltr'>τῇ</span> <span class='ocrx_word' id='word_1_285' title='bbox 2678 1734 2967 1804; x_wconf 71' lang='grc' dir='ltr'>Ἐκκλησία</span> <span class='ocrx_word' id='word_1_286' title='bbox 2998 1734 3307 1803; x_wconf 83' lang='grc' dir='ltr'><strong>δεδώρηται·</strong></span> <span class='ocrx_word' id='word_1_287' title='bbox 3341 1734 3464 1786; x_wconf 86' lang='grc' dir='ltr'>Υίὸν</span> <span class='ocrx_word' id='word_1_288' title='bbox 3491 1734 3545 1786; x_wconf 77' lang='grc' dir='ltr'>δὲ</span> <span class='ocrx_word' id='word_1_289' title='bbox 3574 1735 3688 1802; x_wconf 75' lang='grc'><strong>(16)</strong></span> <span class='ocrx_word' id='word_1_290' title='bbox 3720 1732 3918 1803; x_wconf 74' lang='grc' dir='ltr'>Ἰησοῦν</span> 
     </span>
    </p>
   </div>
   <div class='ocr_carea' id='block_1_42' title="bbox 2363 1818 3918 1892">
    <p class='ocr_par' dir='ltr' id='par_1_42' title="bbox 2363 1818 3918 1892">
     <span class='ocr_line' id='line_1_42' title="bbox 2363 1818 3918 1892; baseline -0.003 -18"><span class='ocrx_word' id='word_1_291' title='bbox 2363 1824 2593 1892; x_wconf 83' lang='grc' dir='ltr'>Χριστὸν</span> <span class='ocrx_word' id='word_1_292' title='bbox 2631 1821 2789 1890; x_wconf 88' lang='grc' dir='ltr'>μόνον</span> <span class='ocrx_word' id='word_1_293' title='bbox 2833 1818 2939 1873; x_wconf 74' lang='grc' dir='ltr'>οἶδε</span> <span class='ocrx_word' id='word_1_294' title='bbox 2974 1822 3067 1874; x_wconf 78' lang='grc' dir='ltr'><strong>καὶ</strong></span> <span class='ocrx_word' id='word_1_295' title='bbox 3098 1821 3285 1874; x_wconf 80' lang='grc' dir='ltr'><strong>οὐδένα</strong></span> <span class='ocrx_word' id='word_1_296' title='bbox 3315 1821 3516 1892; x_wconf 68' lang='grc' dir='ltr'>ἕτερον*</span> <span class='ocrx_word' id='word_1_297' title='bbox 3545 1820 3605 1871; x_wconf 78' lang='grc' dir='ltr'>οὐ</span> <span class='ocrx_word' id='word_1_298' title='bbox 3636 1820 3781 1873; x_wconf 82' lang='grc' dir='ltr'><strong>κατά</strong></span> <span class='ocrx_word' id='word_1_299' title='bbox 3831 1818 3918 1889; x_wconf 75' lang='grc' dir='ltr'>τὴν</span> 
     </span>
    </p>
   </div>
   <div class='ocr_carea' id='block_1_43' title="bbox 2359 1906 3919 1981">
    <p class='ocr_par' dir='ltr' id='par_1_43' title="bbox 2359 1906 3919 1981">
     <span class='ocr_line' id='line_1_43' title="bbox 2359 1906 3919 1981; baseline -0.001 -18"><span class='ocrx_word' id='word_1_300' title='bbox 2359 1912 2457 1981; x_wconf 82' lang='grc' dir='ltr'>τῆς</span> <span class='ocrx_word' id='word_1_301' title='bbox 2487 1912 2703 1981; x_wconf 79' lang='grc' dir='ltr'>σαρκὸς,</span> <span class='ocrx_word' id='word_1_302' title='bbox 2738 1911 2802 1980; x_wconf 76' lang='grc' dir='ltr'>ἢν</span> <span class='ocrx_word' id='word_1_303' title='bbox 2831 1912 3103 1979; x_wconf 82' lang='grc' dir='ltr'>ἀνείληφε,</span> <span class='ocrx_word' id='word_1_304' title='bbox 3136 1910 3367 1976; x_wconf 87' lang='grc' dir='ltr'>γένεσιν,</span> <span class='ocrx_word' id='word_1_305' title='bbox 3397 1908 3617 1978; x_wconf 82' lang='grc' dir='ltr'>(ταύτην</span> <span class='ocrx_word' id='word_1_306' title='bbox 3648 1908 3761 1978; x_wconf 76' lang='grc' dir='ltr'><strong>γὰρ</strong></span> <span class='ocrx_word' id='word_1_307' title='bbox 3788 1906 3919 1961; x_wconf 81' lang='grc' dir='ltr'>δού-</span> 
     </span>
    </p>
   </div>
   <div class='ocr_carea' id='block_1_44' title="bbox 2358 2000 3919 2073">
    <p class='ocr_par' dir='ltr' id='par_1_44' title="bbox 2358 2000 3919 2073">
     <span class='ocr_line' id='line_1_44' title="bbox 2358 2000 3919 2073; baseline -0.004 -16"><span class='ocrx_word' id='word_1_308' title='bbox 2358 2007 2471 2057; x_wconf 76' lang='grc' dir='ltr'>λου</span> <span class='ocrx_word' id='word_1_309' title='bbox 2484 2002 2744 2073; x_wconf 62' lang='grc' dir='ltr'>μορφὴν,</span> <span class='ocrx_word' id='word_1_310' title='bbox 2767 2003 2861 2055; x_wconf 78' lang='grc' dir='ltr'>καὶ</span> <span class='ocrx_word' id='word_1_311' title='bbox 2885 2002 3024 2055; x_wconf 78' lang='grc' dir='ltr'>Υίὸν</span> <span class='ocrx_word' id='word_1_312' title='bbox 3042 2003 3350 2070; x_wconf 74' lang='grc' dir='ltr'>ἀνθρώπου</span> <span class='ocrx_word' id='word_1_313' title='bbox 3372 2001 3552 2055; x_wconf 85' lang='grc' dir='ltr'>καλεῖν</span> <span class='ocrx_word' id='word_1_314' title='bbox 3575 2000 3919 2068; x_wconf 67' lang='grc' dir='ltr'>δεδίδακταυ)</span> 
     </span>
    </p>
   </div>
   <div class='ocr_carea' id='block_1_45' title="bbox 2360 2091 3919 2164">
    <p class='ocr_par' dir='ltr' id='par_1_45' title="bbox 2360 2091 3919 2164">
     <span class='ocr_line' id='line_1_45' title="bbox 2360 2091 3919 2164; baseline -0.003 -17"><span class='ocrx_word' id='word_1_315' title='bbox 2360 2096 2498 2148; x_wconf 86' lang='grc' dir='ltr'>κατὰ</span> <span class='ocrx_word' id='word_1_316' title='bbox 2530 2095 2585 2147; x_wconf 82' lang='grc' dir='ltr'>δὲ</span> <span class='ocrx_word' id='word_1_317' title='bbox 2620 2095 2715 2164; x_wconf 87' lang='grc' dir='ltr'>τὴν</span> <span class='ocrx_word' id='word_1_318' title='bbox 2744 2092 2803 2157; x_wconf 69' lang='grc' dir='ltr'><strong>ἐξ</strong></span> <span class='ocrx_word' id='word_1_319' title='bbox 2836 2093 2999 2145; x_wconf 82' lang='grc' dir='ltr'>αὑτοῦ</span> <span class='ocrx_word' id='word_1_320' title='bbox 3024 2093 3117 2145; x_wconf 88' lang='grc' dir='ltr'><strong>τοῦ</strong></span> <span class='ocrx_word' id='word_1_321' title='bbox 3152 2092 3285 2145; x_wconf 87' lang='grc' dir='ltr'>Θεοῦ</span> <span class='ocrx_word' id='word_1_322' title='bbox 3317 2094 3407 2145; x_wconf 74' lang='grc' dir='ltr'><strong>καὶ</strong></span> <span class='ocrx_word' id='word_1_323' title='bbox 3430 2091 3636 2161; x_wconf 87' lang='grc' dir='ltr'>Πατρὸς</span> <span class='ocrx_word' id='word_1_324' title='bbox 3665 2092 3774 2161; x_wconf 78' lang='grc' dir='ltr'><strong>πρὸ</strong></span> <span class='ocrx_word' id='word_1_325' title='bbox 3796 2092 3919 2143; x_wconf 82' lang='grc' dir='ltr'>πάν-</span> 
     </span>
    </p>
   </div>
   <div class='ocr_carea' id='block_1_46' title="bbox 2360 2183 3920 2253">
    <p class='ocr_par' dir='ltr' id='par_1_46' title="bbox 2360 2183 3920 2253">
     <span class='ocr_line' id='line_1_46' title="bbox 2360 2183 3920 2253; baseline -0.003 -14"><span class='ocrx_word' id='word_1_326' title='bbox 2360 2204 2465 2239; x_wconf 87' lang='grc' dir='ltr'><strong>των</strong></span> <span class='ocrx_word' id='word_1_327' title='bbox 2492 2185 2715 2239; x_wconf 74' lang='grc' dir='ltr'>αἰώνων·</span> <span class='ocrx_word' id='word_1_328' title='bbox 2751 2186 3023 2253; x_wconf 70' lang='grc' dir='ltr'>ἄγνωστον</span> <span class='ocrx_word' id='word_1_329' title='bbox 3054 2187 3163 2247; x_wconf 83' lang='grc' dir='ltr'>τοῖς</span> <span class='ocrx_word' id='word_1_330' title='bbox 3182 2186 3312 2237; x_wconf 78' lang='grc' dir='ltr'>πᾶσι</span> <span class='ocrx_word' id='word_1_331' title='bbox 3336 2184 3455 2238; x_wconf 81' lang='grc' dir='ltr'>καθ’</span> <span class='ocrx_word' id='word_1_332' title='bbox 3480 2188 3545 2252; x_wconf 77' lang='grc' dir='ltr'>ἢν</span> <span class='ocrx_word' id='word_1_333' title='bbox 3570 2183 3631 2235; x_wconf 84' lang='grc' dir='ltr'><strong>τὸ</strong></span> <span class='ocrx_word' id='word_1_334' title='bbox 3653 2183 3920 2253; x_wconf 81' lang='grc' dir='ltr'>πλήρωμα</span> 
     </span>
    </p>
   </div>
   <div class='ocr_carea' id='block_1_47' title="bbox 2359 2272 3921 2347">
    <p class='ocr_par' dir='ltr' id='par_1_47' title="bbox 2359 2272 3921 2347">
     <span class='ocr_line' id='line_1_47' title="bbox 2359 2272 3921 2347; baseline -0.002 -19"><span class='ocrx_word' id='word_1_335' title='bbox 2359 2277 2456 2345; x_wconf 78' lang='grc' dir='ltr'>τῆς</span> <span class='ocrx_word' id='word_1_336' title='bbox 2511 2277 2781 2347; x_wconf 79' lang='grc' dir='ltr'><strong>πατρικῆς</strong></span> <span class='ocrx_word' id='word_1_337' title='bbox 2810 2276 3079 2345; x_wconf 84' lang='grc' dir='ltr'>θεότητος,</span> <span class='ocrx_word' id='word_1_338' title='bbox 3111 2276 3203 2327; x_wconf 75' lang='grc' dir='ltr'>καὶ</span> <span class='ocrx_word' id='word_1_339' title='bbox 3242 2275 3403 2327; x_wconf 81' lang='grc' dir='ltr'>αὑτὸν</span> <span class='ocrx_word' id='word_1_340' title='bbox 3441 2274 3589 2338; x_wconf 78' lang='grc' dir='ltr'>Υἱὸν,</span> <span class='ocrx_word' id='word_1_341' title='bbox 3632 2272 3768 2327; x_wconf 89' lang='grc' dir='ltr'>Θεὸν</span> <span class='ocrx_word' id='word_1_342' title='bbox 3798 2275 3921 2325; x_wconf 80' lang='grc' dir='ltr'>ὑπε-</span> 
     </span>
    </p>
   </div>
   <div class='ocr_carea' id='block_1_48' title="bbox 2362 2364 3921 2437">
    <p class='ocr_par' dir='ltr' id='par_1_48' title="bbox 2362 2364 3921 2437">
     <span class='ocr_line' id='line_1_48' title="bbox 2362 2364 3921 2437; baseline -0.003 -18"><span class='ocrx_word' id='word_1_343' title='bbox 2362 2370 2613 2437; x_wconf 84' lang='grc' dir='ltr'>στήσατο,</span> <span class='ocrx_word' id='word_1_344' title='bbox 2654 2368 2753 2418; x_wconf 74' lang='grc' dir='ltr'><strong>οὐκ</strong></span> <span class='ocrx_word' id='word_1_345' title='bbox 2786 2368 3099 2436; x_wconf 86' lang='grc' dir='ltr'>ίδιόκτητον,</span> <span class='ocrx_word' id='word_1_346' title='bbox 3134 2365 3337 2419; x_wconf 75' lang='grc' dir='ltr'>καὶτοῦ</span> <span class='ocrx_word' id='word_1_347' title='bbox 3369 2364 3577 2436; x_wconf 86' lang='grc' dir='ltr'>Πατρὸς</span> <span class='ocrx_word' id='word_1_348' title='bbox 3610 2364 3921 2434; x_wconf 65' lang='grc' dir='ltr'>ἀφωρισμέ-</span> 
     </span>
    </p>
   </div>
   <div class='ocr_carea' id='block_1_49' title="bbox 2360 2453 3921 2527">
    <p class='ocr_par' dir='ltr' id='par_1_49' title="bbox 2360 2453 3921 2527">
     <span class='ocr_line' id='line_1_49' title="bbox 2360 2453 3921 2527; baseline -0.001 -20"><span class='ocrx_word' id='word_1_349' title='bbox 2360 2474 2474 2525; x_wconf 87' lang='grc' dir='ltr'>νην,</span> <span class='ocrx_word' id='word_1_350' title='bbox 2509 2457 2613 2509; x_wconf 77' lang='grc' dir='ltr'>οὐδ’</span> <span class='ocrx_word' id='word_1_351' title='bbox 2648 2457 2878 2527; x_wconf 81' lang='grc' dir='ltr'>ἀναρχόν</span> <span class='ocrx_word' id='word_1_352' title='bbox 2909 2475 3029 2510; x_wconf 88' lang='grc' dir='ltr'>τινα</span> <span class='ocrx_word' id='word_1_353' title='bbox 3076 2457 3167 2511; x_wconf 75' lang='grc' dir='ltr'><strong>καὶ</strong></span> <span class='ocrx_word' id='word_1_354' title='bbox 3200 2456 3508 2525; x_wconf 81' lang='grc' dir='ltr'>ἀγέννητον,</span> <span class='ocrx_word' id='word_1_355' title='bbox 3540 2455 3662 2508; x_wconf 69' lang='grc' dir='ltr'><strong>οὐδὲ</strong></span> <span class='ocrx_word' id='word_1_356' title='bbox 3708 2453 3921 2508; x_wconf 78' lang='grc' dir='ltr'>ἄλλοθέν</span> 
     </span>
    </p>
   </div>
   <div class='ocr_carea' id='block_1_50' title="bbox 2362 2545 3920 2621">
    <p class='ocr_par' dir='ltr' id='par_1_50' title="bbox 2362 2545 3920 2621">
     <span class='ocr_line' id='line_1_50' title="bbox 2362 2545 3920 2621; baseline -0.003 -18"><span class='ocrx_word' id='word_1_357' title='bbox 2362 2550 2522 2603; x_wconf 85' lang='grc' dir='ltr'>ποθεν</span> <span class='ocrx_word' id='word_1_358' title='bbox 2554 2550 2707 2619; x_wconf 81' lang='grc' dir='ltr'>ξένην</span> <span class='ocrx_word' id='word_1_359' title='bbox 2740 2550 2833 2603; x_wconf 76' lang='grc' dir='ltr'>καὶ</span> <span class='ocrx_word' id='word_1_360' title='bbox 2878 2549 2970 2602; x_wconf 90' lang='grc' dir='ltr'><strong>τοῦ</strong></span> <span class='ocrx_word' id='word_1_361' title='bbox 3001 2549 3211 2621; x_wconf 80' lang='grc' dir='ltr'>[ἰατρὸς</span> <span class='ocrx_word' id='word_1_362' title='bbox 3244 2547 3527 2617; x_wconf 77' lang='grc' dir='ltr'>ἀλλοτρίαν</span> <span class='ocrx_word' id='word_1_363' title='bbox 3564 2545 3920 2615; x_wconf 66' lang='grc' dir='ltr'>ἐφελκόμενον</span> 
     </span>
    </p>
   </div>
   <div class='ocr_carea' id='block_1_51' title="bbox 2363 2636 3920 2711">
    <p class='ocr_par' dir='ltr' id='par_1_51' title="bbox 2363 2636 3920 2711">
     <span class='ocr_line' id='line_1_51' title="bbox 2363 2636 3920 2711; baseline -0.004 -17"><span class='ocrx_word' id='word_1_364' title='bbox 2363 2642 2605 2711; x_wconf 85' lang='grc' dir='ltr'>θεότητα,</span> <span class='ocrx_word' id='word_1_365' title='bbox 2632 2642 2689 2709; x_wconf 79' lang='grc' dir='ltr'><strong>ἐξ</strong></span> <span class='ocrx_word' id='word_1_366' title='bbox 2718 2642 2887 2710; x_wconf 78' lang='grc' dir='ltr'>αὐτῆς</span> <span class='ocrx_word' id='word_1_367' title='bbox 2911 2640 2966 2693; x_wconf 86' lang='grc' dir='ltr'>δὲ</span> <span class='ocrx_word' id='word_1_368' title='bbox 2992 2641 3089 2711; x_wconf 82' lang='grc' dir='ltr'>τῆς</span> <span class='ocrx_word' id='word_1_369' title='bbox 3127 2639 3397 2709; x_wconf 80' lang='grc' dir='ltr'>πατρικῆς</span> <span class='ocrx_word' id='word_1_370' title='bbox 3434 2637 3722 2709; x_wconf 76' lang='grc' dir='ltr'>μετουσίας</span> <span class='ocrx_word' id='word_1_371' title='bbox 3736 2636 3920 2706; x_wconf 73' lang='grc' dir='ltr'>ὥσπερ</span> 
     </span>
    </p>
   </div>
   <div class='ocr_carea' id='block_1_52' title="bbox 2361 2728 3918 2804">
    <p class='ocr_par' dir='ltr' id='par_1_52' title="bbox 2361 2728 3918 2804">
     <span class='ocr_line' id='line_1_52' title="bbox 2361 2728 3918 2804; baseline -0.003 -17"><span class='ocrx_word' id='word_1_372' title='bbox 2361 2735 2467 2787; x_wconf 84' lang='grc' dir='ltr'><strong>ἀπὸ</strong></span> <span class='ocrx_word' id='word_1_373' title='bbox 2516 2734 2719 2804; x_wconf 86' lang='grc' dir='ltr'>πηγῆς,</span> <span class='ocrx_word' id='word_1_374' title='bbox 2768 2735 2853 2787; x_wconf 71' lang='grc' dir='ltr'><strong>ἐπ’</strong></span> <span class='ocrx_word' id='word_1_375' title='bbox 2906 2732 3065 2786; x_wconf 80' lang='grc' dir='ltr'>αὐτὸν</span> <span class='ocrx_word' id='word_1_376' title='bbox 3114 2732 3478 2802; x_wconf 87' lang='grc' dir='ltr'>προχεομένης</span> <span class='ocrx_word' id='word_1_377' title='bbox 3526 2728 3918 2800; x_wconf 79' lang='grc' dir='ltr'>πληρούμενον.</span> 
     </span>
    </p>
   </div>
   <div class='ocr_carea' id='block_1_53' title="bbox 2360 2820 3920 2896">
    <p class='ocr_par' dir='ltr' id='par_1_53' title="bbox 2360 2820 3920 2896">
     <span class='ocr_line' id='line_1_53' title="bbox 2360 2820 3920 2896; baseline -0.004 -16"><span class='ocrx_word' id='word_1_378' title='bbox 2360 2827 2519 2896; x_wconf 77' lang='grc' dir='ltr'>Μόνῳ</span> <span class='ocrx_word' id='word_1_379' title='bbox 2542 2826 2648 2896; x_wconf 81' lang='grc' dir='ltr'><strong>γὰρ</strong></span> <span class='ocrx_word' id='word_1_380' title='bbox 2666 2829 2721 2879; x_wconf 80' lang='grc' dir='ltr'>ὲν</span> <span class='ocrx_word' id='word_1_381' title='bbox 2746 2824 2892 2895; x_wconf 85' lang='grc' dir='ltr'><strong>αὐτῷ</strong></span> <span class='ocrx_word' id='word_1_382' title='bbox 2912 2827 3018 2879; x_wconf 78' lang='grc' dir='ltr'>πᾶν</span> <span class='ocrx_word' id='word_1_383' title='bbox 3045 2825 3111 2879; x_wconf 82' lang='grc' dir='ltr'><strong>τὸ</strong></span> <span class='ocrx_word' id='word_1_384' title='bbox 3139 2823 3424 2890; x_wconf 76' lang='grc' dir='ltr'>πλήρωμα</span> <span class='ocrx_word' id='word_1_385' title='bbox 3454 2822 3565 2891; x_wconf 86' lang='lat' dir='ltr'><strong>(l7)</strong></span> <span class='ocrx_word' id='word_1_386' title='bbox 3588 2820 3699 2891; x_wconf 82' lang='grc' dir='ltr'>τῆς</span> <span class='ocrx_word' id='word_1_387' title='bbox 3721 2836 3920 2889; x_wconf 71' lang='grc' dir='ltr'>πατρι-</span> 
     </span>
    </p>
   </div>
   <div class='ocr_carea' id='block_1_54' title="bbox 2359 2911 3920 2983">
    <p class='ocr_par' dir='ltr' id='par_1_54' title="bbox 2359 2911 3920 2983">
     <span class='ocr_line' id='line_1_54' title="bbox 2359 2911 3920 2983; baseline -0.003 -14"><span class='ocrx_word' id='word_1_388' title='bbox 2359 2917 2471 2982; x_wconf 83' lang='grc' dir='ltr'>κῆς</span> <span class='ocrx_word' id='word_1_389' title='bbox 2515 2918 2742 2969; x_wconf 85' lang='grc' dir='ltr'>ὲνοικεῐν</span> <span class='ocrx_word' id='word_1_390' title='bbox 2796 2918 3089 2983; x_wconf 82' lang='grc' dir='ltr'><strong>θεότητος,</strong></span> <span class='ocrx_word' id='word_1_391' title='bbox 3141 2916 3169 2967; x_wconf 85' lang='grc' dir='ltr'><strong><em>ὁ</em></strong></span> <span class='ocrx_word' id='word_1_392' title='bbox 3224 2914 3395 2983; x_wconf 80' lang='grc' dir='ltr'>μέγας</span> <span class='ocrx_word' id='word_1_393' title='bbox 3448 2913 3761 2965; x_wconf 72' lang='grc' dir='ltr'>ἐπαίδευσεν</span> <span class='ocrx_word' id='word_1_394' title='bbox 3812 2911 3920 2980; x_wconf 80' lang='grc'><strong>(18)</strong></span> 
     </span>
    </p>
   </div>
   <div class='ocr_carea' id='block_1_55' title="bbox 2370 3002 3920 3078">
    <p class='ocr_par' dir='ltr' id='par_1_55' title="bbox 2370 3002 3920 3078">
     <span class='ocr_line' id='line_1_55' title="bbox 2370 3002 3920 3078; baseline -0.004 -18"><span class='ocrx_word' id='word_1_395' title='bbox 2370 3008 2705 3071; x_wconf 81' lang='grc' dir='ltr'>Ἀπόστολος.</span> <span class='ocrx_word' id='word_1_396' title='bbox 2750 3008 2839 3063; x_wconf 88' lang='grc' dir='ltr'>Διὸ</span> <span class='ocrx_word' id='word_1_397' title='bbox 2876 3009 2939 3078; x_wconf 82' lang='grc' dir='ltr'>δὴ</span> <span class='ocrx_word' id='word_1_398' title='bbox 2972 3002 3052 3072; x_wconf 73' lang='grc' dir='ltr'>εἷς</span> <span class='ocrx_word' id='word_1_399' title='bbox 3083 3008 3213 3072; x_wconf 85' lang='grc' dir='ltr'>Θεὸς</span> <span class='ocrx_word' id='word_1_400' title='bbox 3244 3010 3309 3077; x_wconf 82' lang='grc' dir='ltr'>τῇ</span> <span class='ocrx_word' id='word_1_401' title='bbox 3351 3007 3643 3077; x_wconf 67' lang='grc' dir='ltr'>Ἐκκλησία</span> <span class='ocrx_word' id='word_1_402' title='bbox 3666 3005 3758 3058; x_wconf 83' lang='grc' dir='ltr'><strong>τοῦ</strong></span> <span class='ocrx_word' id='word_1_403' title='bbox 3789 3002 3920 3056; x_wconf 87' lang='grc' dir='ltr'>Θεοῦ</span> 
     </span>
    </p>
   </div>
   <div class='ocr_carea' id='block_1_56' title="bbox 714 3082 2259 3169">
    <p class='ocr_par' dir='ltr' id='par_1_56' title="bbox 714 3082 2255 3153">
     <span class='ocr_line' id='line_1_56' title="bbox 714 3082 2255 3153; baseline 0.012 -26"><span class='ocrx_word' id='word_1_404' title='bbox 714 3088 961 3146; x_wconf 79' lang='lat' dir='ltr'><strong>pagatam</strong></span> <span class='ocrx_word' id='word_1_405' title='bbox 1006 3095 1129 3133; x_wconf 90' lang='lat' dir='ltr'><strong>cum</strong></span> <span class='ocrx_word' id='word_1_406' title='bbox 1183 3082 1529 3149; x_wconf 86' lang='lat' dir='ltr'><strong>plenitudine.</strong></span> <span class='ocrx_word' id='word_1_407' title='bbox 1584 3086 1861 3153; x_wconf 81' lang='lat' dir='ltr'><strong>Siquidem</strong></span> <span class='ocrx_word' id='word_1_408' title='bbox 1904 3089 1957 3141; x_wconf 89' lang='lat' dir='ltr'><strong>in</strong></span> <span class='ocrx_word' id='word_1_409' title='bbox 2012 3090 2098 3145; x_wconf 89' lang='lat' dir='ltr'><strong>illo</strong></span> <span class='ocrx_word' id='word_1_410' title='bbox 2138 3094 2255 3147; x_wconf 88' lang='lat' dir='ltr'><strong>solo</strong></span> 
     </span>
    </p>
   </div>
   <div class='ocr_carea' id='block_1_57' title="bbox 2363 3082 3921 3169">
    <p class='ocr_par' dir='ltr' id='par_1_57' title="bbox 2363 3088 3921 3168">
     <span class='ocr_line' id='line_1_57' title="bbox 2363 3088 3921 3168; baseline -0.003 -19"><span class='ocrx_word' id='word_1_411' title='bbox 2363 3097 2702 3167; x_wconf 83' lang='grc' dir='ltr'>κηρύττεται·</span> <span class='ocrx_word' id='word_1_412' title='bbox 2722 3098 2814 3151; x_wconf 78' lang='grc' dir='ltr'><strong>καὶ</strong></span> <span class='ocrx_word' id='word_1_413' title='bbox 2846 3098 2943 3150; x_wconf 82' lang='grc' dir='ltr'><strong>οὐκ</strong></span> <span class='ocrx_word' id='word_1_414' title='bbox 2975 3098 3118 3150; x_wconf 80' lang='grc' dir='ltr'>ἔστιν</span> <span class='ocrx_word' id='word_1_415' title='bbox 3139 3096 3323 3168; x_wconf 73' lang='grc' dir='ltr'>ἕτερος</span> <span class='ocrx_word' id='word_1_416' title='bbox 3361 3096 3499 3167; x_wconf 87' lang='grc' dir='ltr'>πλὴν</span> <span class='ocrx_word' id='word_1_417' title='bbox 3526 3094 3712 3148; x_wconf 83' lang='grc' dir='ltr'>αὐτοῦ·</span> <span class='ocrx_word' id='word_1_418' title='bbox 3748 3088 3831 3156; x_wconf 75' lang='grc' dir='ltr'><strong>εἷς</strong></span> <span class='ocrx_word' id='word_1_419' title='bbox 3865 3091 3921 3144; x_wconf 71' lang='grc' dir='ltr'>δδ</span> 
     </span>
    </p>
   </div>
   <div class='ocr_carea' id='block_1_58' title="bbox 716 3163 2259 3259">
    <p class='ocr_par' dir='ltr' id='par_1_58' title="bbox 716 3163 2259 3247">
     <span class='ocr_line' id='line_1_58' title="bbox 716 3163 2259 3247; baseline 0.01 -30"><span class='ocrx_word' id='word_1_420' title='bbox 716 3163 963 3220; x_wconf 80' lang='lat' dir='ltr'><strong>habitare</strong></span> <span class='ocrx_word' id='word_1_421' title='bbox 1010 3170 1377 3235; x_wconf 86' lang='lat' dir='ltr'><strong>plenitudinem</strong></span> <span class='ocrx_word' id='word_1_422' title='bbox 1429 3184 1658 3239; x_wconf 78' lang='lat' dir='ltr'><strong>paterna:</strong></span> <span class='ocrx_word' id='word_1_423' title='bbox 1711 3176 1921 3228; x_wconf 74' lang='lat' dir='ltr'><strong>deitatis</strong></span> <span class='ocrx_word' id='word_1_424' title='bbox 1952 3177 1997 3207; x_wconf 75' lang='lat'>“</span> <span class='ocrx_word' id='word_1_425' title='bbox 2037 3194 2259 3247; x_wconf 76' lang='lat' dir='ltr'><strong>magnus</strong></span> 
     </span>
    </p>
   </div>
   <div class='ocr_carea' id='block_1_59' title="bbox 2363 3163 3922 3259">
    <p class='ocr_par' dir='ltr' id='par_1_59' title="bbox 2369 3163 3922 3259">
     <span class='ocr_line' id='line_1_59' title="bbox 2369 3163 3922 3259; baseline -0.001 -20"><span class='ocrx_word' id='word_1_426' title='bbox 2369 3163 2461 3241; x_wconf 66' lang='lat' dir='ltr'><strong>atati.</strong></span> <span class='ocrx_word' id='word_1_427' title='bbox 2516 3188 2805 3259; x_wconf 84' lang='grc' dir='ltr'>μονογενὴς</span> <span class='ocrx_word' id='word_1_428' title='bbox 2830 3187 2923 3240; x_wconf 87' lang='grc' dir='ltr'><strong>τοῦ</strong></span> <span class='ocrx_word' id='word_1_429' title='bbox 2956 3187 3090 3241; x_wconf 89' lang='grc' dir='ltr'>Θεοῦ</span> <span class='ocrx_word' id='word_1_430' title='bbox 3120 3163 3267 3253; x_wconf 73' lang='grc' dir='ltr'>Υἱὸς,</span> <span class='ocrx_word' id='word_1_431' title='bbox 3319 3163 3481 3241; x_wconf 79' lang='grc' dir='ltr'>εἰκὼν</span> <span class='ocrx_word' id='word_1_432' title='bbox 3526 3188 3624 3257; x_wconf 81' lang='grc' dir='ltr'>τῆς</span> <span class='ocrx_word' id='word_1_433' title='bbox 3654 3186 3922 3255; x_wconf 66' lang='grc' dir='ltr'>πατρικῆς</span> 
     </span>
    </p>
   </div>
   <div class='ocr_carea' id='block_1_60' title="bbox 716 3254 2259 3325">
    <p class='ocr_par' dir='ltr' id='par_1_60' title="bbox 716 3254 2259 3325">
     <span class='ocr_line' id='line_1_60' title="bbox 716 3254 2259 3325; baseline 0.01 -18"><span class='ocrx_word' id='word_1_434' title='bbox 716 3254 932 3310; x_wconf 89' lang='lat' dir='ltr'><strong>edocuit</strong></span> <span class='ocrx_word' id='word_1_435' title='bbox 982 3260 1285 3325; x_wconf 82' lang='lat' dir='ltr'><strong>Apostolus.</strong></span> <span class='ocrx_word' id='word_1_436' title='bbox 1353 3261 1500 3316; x_wconf 84' lang='lat' dir='ltr'><strong>Hanc</strong></span> <span class='ocrx_word' id='word_1_437' title='bbox 1544 3265 1612 3316; x_wconf 92' lang='lat' dir='ltr'><strong>ob</strong></span> <span class='ocrx_word' id='word_1_438' title='bbox 1660 3260 1881 3318; x_wconf 71' lang='lat' dir='ltr'><strong>causam</strong></span> <span class='ocrx_word' id='word_1_439' title='bbox 1930 3267 1985 3320; x_wconf 91' lang='lat' dir='ltr'><strong>in</strong></span> <span class='ocrx_word' id='word_1_440' title='bbox 2021 3267 2259 3323; x_wconf 86' lang='lat' dir='ltr'><strong>Ecclesia</strong></span> 
     </span>
    </p>
   </div>
   <div class='ocr_carea' id='block_1_61' title="bbox 2371 3277 3229 3348">
    <p class='ocr_par' dir='ltr' id='par_1_61' title="bbox 2371 3277 3229 3348">
     <span class='ocr_line' id='line_1_61' title="bbox 2371 3277 3229 3348; baseline 0.003 -18"><span class='ocrx_word' id='word_1_441' title='bbox 2371 3278 2639 3348; x_wconf 87' lang='grc' dir='ltr'>θεότητος,</span> <span class='ocrx_word' id='word_1_442' title='bbox 2662 3280 2755 3331; x_wconf 69' lang='grc' dir='ltr'><strong>κα)⁸</strong></span> <span class='ocrx_word' id='word_1_443' title='bbox 2785 3277 2871 3335; x_wconf 83' lang='grc' dir='ltr'><strong>διὰ</strong></span> <span class='ocrx_word' id='word_1_444' title='bbox 2898 3277 3053 3331; x_wconf 86' lang='grc' dir='ltr'>τοῦτο</span> <span class='ocrx_word' id='word_1_445' title='bbox 3078 3277 3229 3342; x_wconf 81' lang='grc' dir='ltr'>Θεός.</span> 
     </span>
    </p>
   </div>
   <div class='ocr_carea' id='block_1_62' title="bbox 716 3346 3921 3436">
    <p class='ocr_par' dir='ltr' id='par_1_62' title="bbox 716 3346 3921 3436">
     <span class='ocr_line' id='line_1_62' title="bbox 716 3346 3921 3436; baseline 0.007 -38"><span class='ocrx_word' id='word_1_446' title='bbox 716 3360 859 3399; x_wconf 88' lang='lat' dir='ltr'><strong>unus</strong></span> <span class='ocrx_word' id='word_1_447' title='bbox 884 3346 1029 3401; x_wconf 82' lang='lat' dir='ltr'><strong>solus</strong></span> <span class='ocrx_word' id='word_1_448' title='bbox 1062 3348 1201 3403; x_wconf 88' lang='lat' dir='ltr'><strong>Deus</strong></span> <span class='ocrx_word' id='word_1_449' title='bbox 1226 3352 1576 3405; x_wconf 86' lang='lat' dir='ltr'><strong>annuntiatur</strong></span> <span class='ocrx_word' id='word_1_450' title='bbox 1602 3372 1614 3405; x_wconf 89' lang='lat'>:</span> <span class='ocrx_word' id='word_1_451' title='bbox 1644 3369 1814 3422; x_wconf 88' lang='lat' dir='ltr'><strong>neque</strong></span> <span class='ocrx_word' id='word_1_452' title='bbox 1832 3356 1967 3409; x_wconf 89' lang='lat' dir='ltr'><strong>alius</strong></span> <span class='ocrx_word' id='word_1_453' title='bbox 1992 3359 2258 3427; x_wconf 85' lang='lat' dir='ltr'><strong>quispiam</strong></span> <span class='ocrx_word' id='word_1_454' title='bbox 2298 3376 2491 3432; x_wconf 69' lang='lat' dir='ltr'><strong>prmter</strong></span> <span class='ocrx_word' id='word_1_455' title='bbox 2515 3346 2524 3348; x_wconf 13' lang='grc' dir='ltr'>ἡ</span> <span class='ocrx_word' id='word_1_456' title='bbox 2552 3384 2673 3422; x_wconf 80' lang='lat' dir='ltr'><strong>eum</strong></span> <span class='ocrx_word' id='word_1_457' title='bbox 2709 3387 2722 3423; x_wconf 74' lang='grc' dir='ltr'><strong>ς</strong></span> <span class='ocrx_word' id='word_1_458' title='bbox 2780 3384 2917 3423; x_wconf 84' lang='lat' dir='ltr'><strong>unus</strong></span> <span class='ocrx_word' id='word_1_459' title='bbox 2987 3369 3172 3422; x_wconf 84' lang='lat' dir='ltr'><strong>itidem</strong></span> <span class='ocrx_word' id='word_1_460' title='bbox 3228 3366 3319 3423; x_wconf 84' lang='lat' dir='ltr'><strong>Dei</strong></span> <span class='ocrx_word' id='word_1_461' title='bbox 3368 3365 3535 3422; x_wconf 88' lang='lat' dir='ltr'><strong>Filius</strong></span> <span class='ocrx_word' id='word_1_462' title='bbox 3592 3367 3921 3436; x_wconf 84' lang='lat' dir='ltr'><strong>unigenitus,</strong></span> 
     </span>
    </p>
   </div>
   <div class='ocr_carea' id='block_1_63' title="bbox 718 3439 2471 3527">
    <p class='ocr_par' dir='ltr' id='par_1_63' title="bbox 718 3439 2471 3527">
     <span class='ocr_line' id='line_1_63' title="bbox 718 3439 2471 3527; baseline 0.012 -33"><span class='ocrx_word' id='word_1_463' title='bbox 718 3439 894 3510; x_wconf 75' lang='lat' dir='ltr'><strong>imago</strong></span> <span class='ocrx_word' id='word_1_464' title='bbox 939 3452 1175 3509; x_wconf 66' lang='lat' dir='ltr'><strong>paterna:</strong></span> <span class='ocrx_word' id='word_1_465' title='bbox 1228 3442 1462 3511; x_wconf 88' lang='lat' dir='ltr'><strong>deitatis,</strong></span> <span class='ocrx_word' id='word_1_466' title='bbox 1523 3454 1682 3514; x_wconf 89' lang='lat' dir='ltr'><strong>atque</strong></span> <span class='ocrx_word' id='word_1_467' title='bbox 1736 3448 1806 3502; x_wconf 90' lang='lat' dir='ltr'><strong>ita</strong></span> <span class='ocrx_word' id='word_1_468' title='bbox 1856 3450 1995 3505; x_wconf 88' lang='lat' dir='ltr'><strong>Deus</strong></span> <span class='ocrx_word' id='word_1_469' title='bbox 2031 3453 2098 3505; x_wconf 87' lang='lat' dir='ltr'><strong>ob</strong></span> <span class='ocrx_word' id='word_1_470' title='bbox 2140 3454 2241 3508; x_wconf 89' lang='lat' dir='ltr'><strong>hoc</strong></span> <span class='ocrx_word' id='word_1_471' title='bbox 2279 3458 2471 3527; x_wconf 89' lang='lat' dir='ltr'><strong>ipsum.</strong></span> 
     </span>
    </p>
   </div>
   <div class='ocr_carea' id='block_1_64' title="bbox 1335 3538 1614 3594">
    <p class='ocr_par' dir='ltr' id='par_1_64' title="bbox 1335 3538 1614 3594">
     <span class='ocr_line' id='line_1_64' title="bbox 1335 3538 1614 3594; baseline 0.011 -3"><span class='ocrx_word' id='word_1_472' title='bbox 1335 3538 1485 3593; x_wconf 81' lang='lat' dir='ltr'><strong>CAP.</strong></span> <span class='ocrx_word' id='word_1_473' title='bbox 1530 3538 1614 3594; x_wconf 93' lang='lat' dir='ltr'><strong>lll.</strong></span> 
     </span>
    </p>
   </div>
   <div class='ocr_carea' id='block_1_65' title="bbox 720 3628 2263 3704">
    <p class='ocr_par' dir='ltr' id='par_1_65' title="bbox 720 3628 2263 3704">
     <span class='ocr_line' id='line_1_65' title="bbox 720 3628 2263 3704; baseline 0.007 -22"><span class='ocrx_word' id='word_1_474' title='bbox 720 3628 873 3693; x_wconf 75' lang='lat' dir='ltr'><strong>Quod</strong></span> <span class='ocrx_word' id='word_1_475' title='bbox 907 3631 1361 3704; x_wconf 35' lang='lat' dir='ltr'><strong>variisuerroribm</strong></span> <span class='ocrx_word' id='word_1_476' title='bbox 1413 3633 1653 3701; x_wconf 83' lang='lat' dir='ltr'><strong>impliciti</strong></span> <span class='ocrx_word' id='word_1_477' title='bbox 1682 3638 1989 3704; x_wconf 69' lang='lat' dir='ltr'><strong>erraverint,</strong></span> <span class='ocrx_word' id='word_1_478' title='bbox 2025 3639 2089 3692; x_wconf 86' lang='lat' dir='ltr'><strong>de</strong></span> <span class='ocrx_word' id='word_1_479' title='bbox 2122 3638 2263 3693; x_wconf 81' lang='lat' dir='ltr'><strong>Filio</strong></span> 
     </span>
    </p>
   </div>
   <div class='ocr_carea' id='block_1_66' title="bbox 1049 3701 1935 3759">
    <p class='ocr_par' dir='ltr' id='par_1_66' title="bbox 1049 3701 1935 3759">
     <span class='ocr_line' id='line_1_66' title="bbox 1049 3701 1935 3759; baseline 0.006 -6"><span class='ocrx_word' id='word_1_480' title='bbox 1049 3701 1253 3754; x_wconf 73' lang='lat' dir='ltr'><strong>diversa</strong></span> <span class='ocrx_word' id='word_1_481' title='bbox 1281 3705 1557 3758; x_wconf 70' lang='lat' dir='ltr'><strong>sentientes</strong></span> <span class='ocrx_word' id='word_1_482' title='bbox 1590 3706 1651 3756; x_wconf 84' lang='lat' dir='ltr'><strong>ab</strong></span> <span class='ocrx_word' id='word_1_483' title='bbox 1681 3704 1935 3759; x_wconf 77' lang='lat' dir='ltr'><strong>Ecclesia.</strong></span> 
     </span>
    </p>
   </div>
   <div class='ocr_carea' id='block_1_67' title="bbox 791 3787 2257 3868">
    <p class='ocr_par' dir='ltr' id='par_1_67' title="bbox 791 3787 2257 3868">
     <span class='ocr_line' id='line_1_67' title="bbox 791 3787 2257 3868; baseline 0.01 -28"><span class='ocrx_word' id='word_1_484' title='bbox 791 3787 955 3854; x_wconf 87' lang='lat' dir='ltr'><strong>Quam</strong></span> <span class='ocrx_word' id='word_1_485' title='bbox 987 3790 1200 3858; x_wconf 86' lang='lat' dir='ltr'><strong>quidem</strong></span> <span class='ocrx_word' id='word_1_486' title='bbox 1227 3792 1507 3862; x_wconf 77' lang='lat' dir='ltr'><strong>theologize</strong></span> <span class='ocrx_word' id='word_1_487' title='bbox 1543 3795 1806 3850; x_wconf 85' lang='lat' dir='ltr'><strong>rationem</strong></span> <span class='ocrx_word' id='word_1_488' title='bbox 1830 3797 2071 3868; x_wconf 85' lang='lat' dir='ltr'><strong>plerique</strong></span> <span class='ocrx_word' id='word_1_489' title='bbox 2101 3799 2257 3854; x_wconf 83' lang='lat' dir='ltr'><strong>intel-</strong></span> 
     </span>
    </p>
   </div>
   <div class='ocr_carea' id='block_1_68' title="bbox 3013 3558 3275 3617">
    <p class='ocr_par' dir='ltr' id='par_1_68' title="bbox 3013 3558 3275 3617">
     <span class='ocr_line' id='line_1_68' title="bbox 3013 3558 3275 3617; baseline 0.015 -8"><span class='ocrx_word' id='word_1_490' title='bbox 3013 3559 3171 3617; x_wconf 72' lang='grc' dir='ltr'>ΚΕΦ,</span> <span class='ocrx_word' id='word_1_491' title='bbox 3201 3558 3275 3615; x_wconf 70' lang='lat'><strong>1&quot;.</strong></span> 
     </span>
    </p>
   </div>
   <div class='ocr_carea' id='block_1_69' title="bbox 2371 3642 3923 3713">
    <p class='ocr_par' dir='ltr' id='par_1_69' title="bbox 2371 3642 3923 3713">
     <span class='ocr_line' id='line_1_69' title="bbox 2371 3642 3923 3713; baseline -0.001 -15"><span class='ocrx_word' id='word_1_492' title='bbox 2371 3645 2494 3698; x_wconf 78' lang='grc' dir='ltr'><strong>Ὅτι</strong></span> <span class='ocrx_word' id='word_1_493' title='bbox 2527 3645 2808 3711; x_wconf 76' lang='grc' dir='ltr'>ποικίλως</span> <span class='ocrx_word' id='word_1_494' title='bbox 2850 3645 3207 3713; x_wconf 69' lang='grc' dir='ltr'>ἐσφάλησαν</span> <span class='ocrx_word' id='word_1_495' title='bbox 3262 3648 3315 3699; x_wconf 80' lang='grc' dir='ltr'>οι</span> <span class='ocrx_word' id='word_1_496' title='bbox 3355 3644 3686 3713; x_wconf 76' lang='grc' dir='ltr'>ἑτερόδοξοι</span> <span class='ocrx_word' id='word_1_497' title='bbox 3734 3645 3805 3697; x_wconf 76' lang='grc' dir='ltr'><strong>ἐν</strong></span> <span class='ocrx_word' id='word_1_498' title='bbox 3849 3642 3923 3709; x_wconf 69' lang='grc' dir='ltr'>τῷ</span> 
     </span>
    </p>
   </div>
   <div class='ocr_carea' id='block_1_70' title="bbox 2815 3714 3465 3793">
    <p class='ocr_par' dir='ltr' id='par_1_70' title="bbox 2815 3714 3465 3793">
     <span class='ocr_line' id='line_1_70' title="bbox 2815 3714 3465 3793; baseline 0.006 -26"><span class='ocrx_word' id='word_1_499' title='bbox 2815 3714 2945 3783; x_wconf 73' lang='grc' dir='ltr'>περὶ</span> <span class='ocrx_word' id='word_1_500' title='bbox 2958 3786 2966 3793; x_wconf 31' lang='grc'><strong><em>⁸</em></strong></span> <span class='ocrx_word' id='word_1_501' title='bbox 2979 3715 3083 3769; x_wconf 87' lang='grc' dir='ltr'><strong>τοῦ</strong></span> <span class='ocrx_word' id='word_1_502' title='bbox 3116 3714 3249 3769; x_wconf 85' lang='grc' dir='ltr'><strong>Υίοῦ</strong></span> <span class='ocrx_word' id='word_1_503' title='bbox 3286 3716 3465 3784; x_wconf 73' lang='grc' dir='ltr'>λόγῳ.</span> 
     </span>
    </p>
   </div>
   <div class='ocr_carea' id='block_1_71' title="bbox 2440 3806 3919 3879">
    <p class='ocr_par' dir='ltr' id='par_1_71' title="bbox 2440 3806 3919 3879">
     <span class='ocr_line' id='line_1_71' title="bbox 2440 3806 3919 3879; baseline -0.001 -20"><span class='ocrx_word' id='word_1_504' title='bbox 2440 3808 2543 3859; x_wconf 83' lang='grc' dir='ltr'>Ἦν</span> <span class='ocrx_word' id='word_1_505' title='bbox 2565 3808 2629 3879; x_wconf 81' lang='grc' dir='ltr'>δὴ</span> <span class='ocrx_word' id='word_1_506' title='bbox 2677 3806 2951 3875; x_wconf 85' lang='grc' dir='ltr'>θεολογίαν</span> <span class='ocrx_word' id='word_1_507' title='bbox 3001 3810 3049 3860; x_wconf 84' lang='grc' dir='ltr'><strong>οί</strong></span> <span class='ocrx_word' id='word_1_508' title='bbox 3076 3807 3258 3860; x_wconf 88' lang='grc' dir='ltr'>πολλοὶ</span> <span class='ocrx_word' id='word_1_509' title='bbox 3290 3809 3429 3859; x_wconf 79' lang='grc' dir='ltr'>νοεῖν</span> <span class='ocrx_word' id='word_1_510' title='bbox 3464 3806 3524 3859; x_wconf 79' lang='grc' dir='ltr'>οὐ</span> <span class='ocrx_word' id='word_1_511' title='bbox 3557 3808 3919 3878; x_wconf 76' lang='grc' dir='ltr'>χωρήσαντες,</span> 
     </span>
    </p>
   </div>
   <div class='ocr_carea' id='block_1_72' title="bbox 719 3877 2259 3971">
    <p class='ocr_par' dir='ltr' id='par_1_72' title="bbox 719 3877 2259 3945">
     <span class='ocr_line' id='line_1_72' title="bbox 719 3877 2259 3945; baseline 0.01 -16"><span class='ocrx_word' id='word_1_512' title='bbox 719 3877 886 3945; x_wconf 78' lang='lat' dir='ltr'><strong>iigcre</strong></span> <span class='ocrx_word' id='word_1_513' title='bbox 922 3894 1025 3932; x_wconf 91' lang='lat' dir='ltr'><strong>non</strong></span> <span class='ocrx_word' id='word_1_514' title='bbox 1056 3880 1315 3945; x_wconf 83' lang='lat' dir='ltr'><strong>valentes,</strong></span> <span class='ocrx_word' id='word_1_515' title='bbox 1356 3884 1531 3936; x_wconf 88' lang='lat' dir='ltr'><strong>varios</strong></span> <span class='ocrx_word' id='word_1_516' title='bbox 1587 3886 1687 3938; x_wconf 67' lang='lat' dir='ltr'><strong>sibi</strong></span> <span class='ocrx_word' id='word_1_517' title='bbox 1718 3902 1959 3940; x_wconf 88' lang='lat' dir='ltr'><strong>errorum</strong></span> <span class='ocrx_word' id='word_1_518' title='bbox 2022 3892 2259 3945; x_wconf 69' lang='lat' dir='ltr'><strong>tramites</strong></span> 
     </span>
    </p>
   </div>
   <div class='ocr_carea' id='block_1_73' title="bbox 2363 3877 3921 3971">
    <p class='ocr_par' dir='ltr' id='par_1_73' title="bbox 2364 3877 3921 3971">
     <span class='ocr_line' id='line_1_73' title="bbox 2364 3877 3921 3971; baseline 0 -20"><span class='ocrx_word' id='word_1_519' title='bbox 2364 3877 2920 3969; x_wconf 12' lang='grc' dir='ltr'>ωικίλαςήάτραποὺς</span> <span class='ocrx_word' id='word_1_520' title='bbox 2952 3900 3251 3971; x_wconf 78' lang='grc' dir='ltr'>ἐπενόησαν</span> <span class='ocrx_word' id='word_1_521' title='bbox 3301 3898 3527 3968; x_wconf 60' lang='grc' dir='ltr'>πλάνης</span> <span class='ocrx_word' id='word_1_522' title='bbox 3576 3877 3760 3968; x_wconf 77' lang='grc' dir='ltr'>οἱμὲν</span> <span class='ocrx_word' id='word_1_523' title='bbox 3793 3897 3921 3951; x_wconf 87' lang='grc' dir='ltr'>Θεὸν</span> 
     </span>
    </p>
   </div>
   <div class='ocr_carea' id='block_1_74' title="bbox 718 3970 2259 4060">
    <p class='ocr_par' dir='ltr' id='par_1_74' title="bbox 718 3970 2259 4041">
     <span class='ocr_line' id='line_1_74' title="bbox 718 3970 2259 4041; baseline 0.008 -19"><span class='ocrx_word' id='word_1_524' title='bbox 718 3970 1134 4026; x_wconf 83' lang='lat' dir='ltr'><strong>adinveneruut.</strong></span> <span class='ocrx_word' id='word_1_525' title='bbox 1169 3971 1306 4026; x_wconf 89' lang='lat' dir='ltr'><strong>Sunt</strong></span> <span class='ocrx_word' id='word_1_526' title='bbox 1336 3974 1425 4041; x_wconf 88' lang='lat' dir='ltr'><strong>qui</strong></span> <span class='ocrx_word' id='word_1_527' title='bbox 1457 3973 1651 4028; x_wconf 83' lang='lat' dir='ltr'><strong>Filium</strong></span> <span class='ocrx_word' id='word_1_528' title='bbox 1709 3977 1869 4030; x_wconf 86' lang='lat' dir='ltr'><strong>Deum</strong></span> <span class='ocrx_word' id='word_1_529' title='bbox 1918 3994 2036 4033; x_wconf 86' lang='lat' dir='ltr'><strong>esse</strong></span> <span class='ocrx_word' id='word_1_530' title='bbox 2070 3996 2259 4036; x_wconf 89' lang='lat' dir='ltr'><strong>conce-</strong></span> 
     </span>
    </p>
   </div>
   <div class='ocr_carea' id='block_1_75' title="bbox 2363 3970 3893 4060">
    <p class='ocr_par' dir='ltr' id='par_1_75' title="bbox 2363 3989 3893 4060">
     <span class='ocr_line' id='line_1_75' title="bbox 2363 3989 3893 4060; baseline -0.001 -17"><span class='ocrx_word' id='word_1_531' title='bbox 2363 3991 2541 4053; x_wconf 79' lang='grc' dir='ltr'>δόντες</span> <span class='ocrx_word' id='word_1_532' title='bbox 2560 3990 2649 4042; x_wconf 87' lang='grc' dir='ltr'><strong>τὸν</strong></span> <span class='ocrx_word' id='word_1_533' title='bbox 2675 3991 2820 4055; x_wconf 82' lang='grc' dir='ltr'>Υἰὸν,</span> <span class='ocrx_word' id='word_1_534' title='bbox 2860 3992 2950 4044; x_wconf 87' lang='grc' dir='ltr'><strong>τὸν</strong></span> <span class='ocrx_word' id='word_1_535' title='bbox 2975 3990 3020 4043; x_wconf 83' lang='grc' dir='ltr'>δ’</span> <span class='ocrx_word' id='word_1_536' title='bbox 3050 3989 3351 4060; x_wconf 79' lang='grc' dir='ltr'>ἄνθρωπον,</span> <span class='ocrx_word' id='word_1_537' title='bbox 3397 3989 3454 4042; x_wconf 83' lang='grc' dir='ltr'>ὃν</span> <span class='ocrx_word' id='word_1_538' title='bbox 3482 3989 3788 4059; x_wconf 82' lang='grc' dir='ltr'>ἀνείληφεν,</span> <span class='ocrx_word' id='word_1_539' title='bbox 3823 3991 3893 4059; x_wconf 83' lang='grc' dir='ltr'><strong>ἀρ</strong></span> 
     </span>
    </p>
   </div>
   <div class='ocr_carea' id='block_1_76' title="bbox 719 4059 2259 4153">
    <p class='ocr_par' dir='ltr' id='par_1_76' title="bbox 719 4059 2259 4139">
     <span class='ocr_line' id='line_1_76' title="bbox 719 4059 2259 4139; baseline 0.009 -28"><span class='ocrx_word' id='word_1_540' title='bbox 719 4059 906 4113; x_wconf 86' lang='lat' dir='ltr'><strong>dentes</strong></span> <span class='ocrx_word' id='word_1_541' title='bbox 930 4059 1198 4115; x_wconf 88' lang='lat' dir='ltr'><strong>hominem</strong></span> <span class='ocrx_word' id='word_1_542' title='bbox 1228 4063 1455 4130; x_wconf 69' lang='lat' dir='ltr'><strong>ejeraut,</strong></span> <span class='ocrx_word' id='word_1_543' title='bbox 1484 4078 1639 4131; x_wconf 90' lang='lat' dir='ltr'><strong>quem</strong></span> <span class='ocrx_word' id='word_1_544' title='bbox 1670 4069 1973 4136; x_wconf 83' lang='lat' dir='ltr'><strong>assumpsit.</strong></span> <span class='ocrx_word' id='word_1_545' title='bbox 2010 4070 2111 4124; x_wconf 88' lang='lat' dir='ltr'><strong>Alii</strong></span> <span class='ocrx_word' id='word_1_546' title='bbox 2144 4088 2259 4139; x_wconf 88' lang='lat' dir='ltr'><strong>pro-</strong></span> 
     </span>
    </p>
   </div>
   <div class='ocr_carea' id='block_1_77' title="bbox 2363 4059 3918 4153">
    <p class='ocr_par' dir='ltr' id='par_1_77' title="bbox 2365 4079 3918 4153">
     <span class='ocr_line' id='line_1_77' title="bbox 2365 4079 3918 4153; baseline -0.003 -17"><span class='ocrx_word' id='word_1_547' title='bbox 2365 4084 2677 4153; x_wconf 73' lang='grc' dir='ltr'>νησόῳενοι·</span> <span class='ocrx_word' id='word_1_548' title='bbox 2706 4086 2750 4136; x_wconf 78' lang='lat' dir='ltr'><strong>oi</strong></span> <span class='ocrx_word' id='word_1_549' title='bbox 2786 4083 2843 4137; x_wconf 81' lang='grc' dir='ltr'>δὲ</span> <span class='ocrx_word' id='word_1_550' title='bbox 2873 4082 3025 4152; x_wconf 77' lang='grc' dir='ltr'>ψιλὸν</span> <span class='ocrx_word' id='word_1_551' title='bbox 3062 4082 3345 4152; x_wconf 78' lang='grc' dir='ltr'>ἄνθρωπον</span> <span class='ocrx_word' id='word_1_552' title='bbox 3380 4080 3718 4149; x_wconf 80' lang='grc' dir='ltr'>ὑποθέμενοι,</span> <span class='ocrx_word' id='word_1_553' title='bbox 3751 4080 3843 4133; x_wconf 84' lang='grc' dir='ltr'><strong>τὸν</strong></span> <span class='ocrx_word' id='word_1_554' title='bbox 3876 4079 3918 4131; x_wconf 74' lang='grc' dir='ltr'>δ’</span> 
     </span>
    </p>
   </div>
   <div class='ocr_carea' id='block_1_78' title="bbox 719 4151 2259 4246">
    <p class='ocr_par' dir='ltr' id='par_1_78' title="bbox 719 4151 2259 4229">
     <span class='ocr_line' id='line_1_78' title="bbox 719 4151 2259 4229; baseline 0.008 -25"><span class='ocrx_word' id='word_1_555' title='bbox 719 4151 846 4205; x_wconf 82' lang='lat' dir='ltr'><strong>fessi</strong></span> <span class='ocrx_word' id='word_1_556' title='bbox 888 4166 1007 4206; x_wconf 92' lang='lat' dir='ltr'><strong>eum</strong></span> <span class='ocrx_word' id='word_1_557' title='bbox 1035 4152 1304 4206; x_wconf 90' lang='lat' dir='ltr'><strong>hominem</strong></span> <span class='ocrx_word' id='word_1_558' title='bbox 1355 4156 1576 4221; x_wconf 88' lang='lat' dir='ltr'><strong>nudum,</strong></span> <span class='ocrx_word' id='word_1_559' title='bbox 1631 4156 1791 4209; x_wconf 86' lang='lat' dir='ltr'><strong>Deum</strong></span> <span class='ocrx_word' id='word_1_560' title='bbox 1822 4158 1872 4211; x_wconf 91' lang='lat' dir='ltr'><strong>in</strong></span> <span class='ocrx_word' id='word_1_561' title='bbox 1905 4158 2021 4227; x_wconf 85' lang='lat' dir='ltr'><strong>ipso</strong></span> <span class='ocrx_word' id='word_1_562' title='bbox 2054 4162 2259 4229; x_wconf 80' lang='lat' dir='ltr'><strong>ignora-</strong></span> 
     </span>
    </p>
   </div>
   <div class='ocr_carea' id='block_1_79' title="bbox 2363 4151 3918 4246">
    <p class='ocr_par' dir='ltr' id='par_1_79' title="bbox 2368 4151 3918 4246">
     <span class='ocr_line' id='line_1_79' title="bbox 2368 4151 3918 4246; baseline -0.002 -19"><span class='ocrx_word' id='word_1_563' title='bbox 2368 4151 2428 4227; x_wconf 84' lang='grc' dir='ltr'>ὲν</span> <span class='ocrx_word' id='word_1_564' title='bbox 2469 4151 2613 4244; x_wconf 70' lang='grc' dir='ltr'>αῦτῷ</span> <span class='ocrx_word' id='word_1_565' title='bbox 2639 4174 2768 4227; x_wconf 89' lang='grc' dir='ltr'>Θεὸν</span> <span class='ocrx_word' id='word_1_566' title='bbox 2816 4151 3195 4246; x_wconf 79' lang='grc' dir='ltr'>ἀγνοήσαντες’</span> <span class='ocrx_word' id='word_1_567' title='bbox 3230 4174 3279 4225; x_wconf 83' lang='grc' dir='ltr'><strong>οἱ</strong></span> <span class='ocrx_word' id='word_1_568' title='bbox 3302 4172 3380 4235; x_wconf 80' lang='grc' dir='ltr'>δὲ,</span> <span class='ocrx_word' id='word_1_569' title='bbox 3424 4172 3572 4242; x_wconf 77' lang='grc' dir='ltr'>φόϐῳ</span> <span class='ocrx_word' id='word_1_570' title='bbox 3600 4172 3694 4224; x_wconf 83' lang='grc' dir='ltr'><strong>τοῦ</strong></span> <span class='ocrx_word' id='word_1_571' title='bbox 3746 4172 3918 4226; x_wconf 78' lang='grc' dir='ltr'>δοκεῖν</span> 
     </span>
    </p>
   </div>
   <div class='ocr_carea' id='block_1_80' title="bbox 718 4242 2259 4335">
    <p class='ocr_par' dir='ltr' id='par_1_80' title="bbox 718 4242 2259 4315">
     <span class='ocr_line' id='line_1_80' title="bbox 718 4242 2259 4315; baseline 0.006 -18"><span class='ocrx_word' id='word_1_572' title='bbox 718 4252 864 4297; x_wconf 89' lang='lat' dir='ltr'><strong>runt.</strong></span> <span class='ocrx_word' id='word_1_573' title='bbox 898 4242 1089 4308; x_wconf 86' lang='lat' dir='ltr'><strong>Tertii,</strong></span> <span class='ocrx_word' id='word_1_574' title='bbox 1115 4255 1255 4298; x_wconf 88' lang='lat' dir='ltr'><strong>metu</strong></span> <span class='ocrx_word' id='word_1_575' title='bbox 1283 4245 1373 4298; x_wconf 89' lang='lat' dir='ltr'><strong>Dei</strong></span> <span class='ocrx_word' id='word_1_576' title='bbox 1394 4245 1613 4299; x_wconf 80' lang='lat' dir='ltr'><strong>alterius</strong></span> <span class='ocrx_word' id='word_1_577' title='bbox 1637 4247 2032 4315; x_wconf 88' lang='lat' dir='ltr'><strong>introduceudi,</strong></span> <span class='ocrx_word' id='word_1_578' title='bbox 2056 4250 2259 4306; x_wconf 89' lang='lat' dir='ltr'><strong>Patrem</strong></span> 
     </span>
    </p>
   </div>
   <div class='ocr_carea' id='block_1_81' title="bbox 2363 4242 3921 4335">
    <p class='ocr_par' dir='ltr' id='par_1_81' title="bbox 2366 4242 3921 4335">
     <span class='ocr_line' id='line_1_81' title="bbox 2366 4242 3921 4335; baseline 0 -19"><span class='ocrx_word' id='word_1_579' title='bbox 2366 4242 2610 4334; x_wconf 83' lang='grc' dir='ltr'>δεύτερον</span> <span class='ocrx_word' id='word_1_580' title='bbox 2661 4242 2989 4335; x_wconf 78' lang='grc' dir='ltr'>εἰσηγεῖσθαι</span> <span class='ocrx_word' id='word_1_581' title='bbox 3021 4265 3175 4327; x_wconf 77' lang='grc' dir='ltr'>Θεὸν,</span> <span class='ocrx_word' id='word_1_582' title='bbox 3200 4264 3291 4317; x_wconf 86' lang='grc' dir='ltr'><strong>τὸν</strong></span> <span class='ocrx_word' id='word_1_583' title='bbox 3337 4262 3499 4317; x_wconf 83' lang='grc' dir='ltr'>αὐτὸν</span> <span class='ocrx_word' id='word_1_584' title='bbox 3528 4258 3666 4316; x_wconf 82' lang='grc' dir='ltr'>εἶναι</span> <span class='ocrx_word' id='word_1_585' title='bbox 3705 4263 3921 4335; x_wconf 77' lang='grc' dir='ltr'>Πατέρα</span> 
     </span>
    </p>
   </div>
   <div class='ocr_carea' id='block_1_82' title="bbox 718 4334 2259 4427">
    <p class='ocr_par' dir='ltr' id='par_1_82' title="bbox 718 4334 2259 4409">
     <span class='ocr_line' id='line_1_82' title="bbox 718 4334 2259 4409; baseline 0.008 -24"><span class='ocrx_word' id='word_1_586' title='bbox 718 4345 877 4404; x_wconf 85' lang='lat' dir='ltr'><strong>atque</strong></span> <span class='ocrx_word' id='word_1_587' title='bbox 892 4334 1079 4389; x_wconf 80' lang='lat' dir='ltr'><strong>Filium</strong></span> <span class='ocrx_word' id='word_1_588' title='bbox 1100 4351 1263 4389; x_wconf 88' lang='lat' dir='ltr'><strong>unum</strong></span> <span class='ocrx_word' id='word_1_589' title='bbox 1282 4351 1398 4391; x_wconf 88' lang='lat' dir='ltr'><strong>esse</strong></span> <span class='ocrx_word' id='word_1_590' title='bbox 1414 4340 1767 4408; x_wconf 88' lang='lat' dir='ltr'><strong>eumdcmque</strong></span> <span class='ocrx_word' id='word_1_591' title='bbox 1794 4340 2103 4407; x_wconf 90' lang='lat' dir='ltr'><strong>opinantur.</strong></span> <span class='ocrx_word' id='word_1_592' title='bbox 2121 4341 2259 4409; x_wconf 84' lang='lat' dir='ltr'><strong>Quas</strong></span> 
     </span>
    </p>
   </div>
   <div class='ocr_carea' id='block_1_83' title="bbox 2363 4334 3920 4427">
    <p class='ocr_par' dir='ltr' id='par_1_83' title="bbox 2368 4334 3920 4427">
     <span class='ocr_line' id='line_1_83' title="bbox 2368 4334 3920 4427; baseline 0.001 -20"><span class='ocrx_word' id='word_1_593' title='bbox 2368 4360 2461 4417; x_wconf 72' lang='grc' dir='ltr'><strong>καὶ</strong></span> <span class='ocrx_word' id='word_1_594' title='bbox 2502 4357 2625 4410; x_wconf 83' lang='grc' dir='ltr'>Υἱὸν</span> <span class='ocrx_word' id='word_1_595' title='bbox 2665 4334 2996 4427; x_wconf 83' lang='grc' dir='ltr'>ὁρισάμενοι.</span> <span class='ocrx_word' id='word_1_596' title='bbox 3043 4356 3137 4419; x_wconf 84' lang='grc' dir='ltr'>οὒς</span> <span class='ocrx_word' id='word_1_597' title='bbox 3169 4357 3500 4425; x_wconf 76' lang='grc' dir='ltr'>ἑκτραπεῖσα</span> <span class='ocrx_word' id='word_1_598' title='bbox 3538 4356 3571 4426; x_wconf 80' lang='grc' dir='ltr'><strong>ἡ</strong></span> <span class='ocrx_word' id='word_1_599' title='bbox 3630 4334 3920 4426; x_wconf 80' lang='grc' dir='ltr'>Ἐκκλησία</span> 
     </span>
    </p>
   </div>
   <div class='ocr_carea' id='block_1_84' title="bbox 718 4427 2259 4515">
    <p class='ocr_par' dir='ltr' id='par_1_84' title="bbox 718 4427 2259 4502">
     <span class='ocr_line' id='line_1_84' title="bbox 718 4427 2259 4502; baseline 0.006 -23"><span class='ocrx_word' id='word_1_600' title='bbox 718 4427 837 4481; x_wconf 80' lang='lat' dir='ltr'><strong>vias</strong></span> <span class='ocrx_word' id='word_1_601' title='bbox 865 4428 991 4480; x_wconf 88' lang='lat' dir='ltr'><strong>dum</strong></span> <span class='ocrx_word' id='word_1_602' title='bbox 1021 4427 1259 4482; x_wconf 86' lang='lat' dir='ltr'><strong>declinat</strong></span> <span class='ocrx_word' id='word_1_603' title='bbox 1290 4428 1527 4483; x_wconf 85' lang='lat' dir='ltr'><strong>Ecclesia</strong></span> <span class='ocrx_word' id='word_1_604' title='bbox 1559 4430 1674 4494; x_wconf 88' lang='lat' dir='ltr'><strong>Dei,</strong></span> <span class='ocrx_word' id='word_1_605' title='bbox 1704 4432 2027 4500; x_wconf 74' lang='lat' dir='ltr'><strong>evangelica:</strong></span> <span class='ocrx_word' id='word_1_606' title='bbox 2058 4448 2259 4502; x_wconf 69' lang='lat' dir='ltr'><strong>praeco-</strong></span> 
     </span>
    </p>
   </div>
   <div class='ocr_carea' id='block_1_85' title="bbox 2363 4427 3919 4515">
    <p class='ocr_par' dir='ltr' id='par_1_85' title="bbox 2367 4442 3919 4515">
     <span class='ocr_line' id='line_1_85' title="bbox 2367 4442 3919 4515; baseline 0 -18"><span class='ocrx_word' id='word_1_607' title='bbox 2367 4443 2460 4498; x_wconf 85' lang='grc' dir='ltr'><strong>τοῦ</strong></span> <span class='ocrx_word' id='word_1_608' title='bbox 2492 4444 2623 4498; x_wconf 89' lang='grc' dir='ltr'>Θεοῦ</span> <span class='ocrx_word' id='word_1_609' title='bbox 2655 4444 2733 4515; x_wconf 84' lang='grc' dir='ltr'>τῷ</span> <span class='ocrx_word' id='word_1_610' title='bbox 2783 4446 2879 4515; x_wconf 86' lang='grc' dir='ltr'>τῆς</span> <span class='ocrx_word' id='word_1_611' title='bbox 2914 4443 3169 4515; x_wconf 79' lang='grc' dir='ltr'>ἀληθείας</span> <span class='ocrx_word' id='word_1_612' title='bbox 3223 4442 3560 4514; x_wconf 83' lang='grc' dir='ltr'>εὐαγγελικῷ</span> <span class='ocrx_word' id='word_1_613' title='bbox 3607 4442 3919 4515; x_wconf 81' lang='grc' dir='ltr'>κηρύγματι</span> 
     </span>
    </p>
   </div>
   <div class='ocr_carea' id='block_1_86' title="bbox 718 4518 2263 4593">
    <p class='ocr_par' dir='ltr' id='par_1_86' title="bbox 718 4518 2263 4593">
     <span class='ocr_line' id='line_1_86' title="bbox 718 4518 2263 4593; baseline 0.004 -20"><span class='ocrx_word' id='word_1_614' title='bbox 718 4518 811 4573; x_wconf 91' lang='lat' dir='ltr'><strong>nio</strong></span> <span class='ocrx_word' id='word_1_615' title='bbox 838 4519 1082 4573; x_wconf 82' lang='lat' dir='ltr'><strong>veritatis</strong></span> <span class='ocrx_word' id='word_1_616' title='bbox 1108 4519 1384 4589; x_wconf 82' lang='lat' dir='ltr'><strong>gloriatur.</strong></span> <span class='ocrx_word' id='word_1_617' title='bbox 1437 4520 1611 4577; x_wconf 86' lang='lat' dir='ltr'><strong>Unum</strong></span> <span class='ocrx_word' id='word_1_618' title='bbox 1653 4523 1868 4591; x_wconf 87' lang='lat' dir='ltr'><strong>quidem</strong></span> <span class='ocrx_word' id='word_1_619' title='bbox 1899 4523 2065 4579; x_wconf 90' lang='lat' dir='ltr'><strong>Deum</strong></span> <span class='ocrx_word' id='word_1_620' title='bbox 2101 4526 2263 4593; x_wconf 85' lang='lat' dir='ltr'><strong>proli-</strong></span> 
     </span>
    </p>
   </div>
   <div class='ocr_carea' id='block_1_87' title="bbox 714 4611 2261 4684">
    <p class='ocr_par' dir='ltr' id='par_1_87' title="bbox 714 4611 2261 4684">
     <span class='ocr_line' id='line_1_87' title="bbox 714 4611 2261 4684; baseline 0.005 -21"><span class='ocrx_word' id='word_1_621' title='bbox 714 4611 814 4671; x_wconf 85' lang='lat' dir='ltr'><strong>teri</strong></span> <span class='ocrx_word' id='word_1_622' title='bbox 843 4624 921 4673; x_wconf 84' lang='lat' dir='ltr'><strong>se.</strong></span> <span class='ocrx_word' id='word_1_623' title='bbox 953 4624 1111 4679; x_wconf 81' lang='lat' dir='ltr'><strong>supra</strong></span> <span class='ocrx_word' id='word_1_624' title='bbox 1144 4626 1329 4667; x_wconf 86' lang='lat' dir='ltr'><strong>omnes</strong></span> <span class='ocrx_word' id='word_1_625' title='bbox 1364 4613 1685 4678; x_wconf 82' lang='lat' dir='ltr'><strong>venditans;</strong></span> <span class='ocrx_word' id='word_1_626' title='bbox 1715 4630 1879 4669; x_wconf 90' lang='lat' dir='ltr'><strong>unum</strong></span> <span class='ocrx_word' id='word_1_627' title='bbox 1934 4630 2146 4684; x_wconf 86' lang='lat' dir='ltr'><strong>quoque</strong></span> <span class='ocrx_word' id='word_1_628' title='bbox 2171 4615 2261 4672; x_wconf 83' lang='lat' dir='ltr'><strong>Fi-</strong></span> 
     </span>
    </p>
   </div>
   <div class='ocr_carea' id='block_1_88' title="bbox 716 4700 2261 4771">
    <p class='ocr_par' dir='ltr' id='par_1_88' title="bbox 716 4700 2261 4771">
     <span class='ocr_line' id='line_1_88' title="bbox 716 4700 2261 4771; baseline 0.003 -16"><span class='ocrx_word' id='word_1_629' title='bbox 716 4700 845 4755; x_wconf 88' lang='lat' dir='ltr'><strong>lium</strong></span> <span class='ocrx_word' id='word_1_630' title='bbox 880 4701 1210 4771; x_wconf 82' lang='lat' dir='ltr'><strong>unigenitum</strong></span> <span class='ocrx_word' id='word_1_631' title='bbox 1256 4700 1407 4771; x_wconf 77' lang='lat' dir='ltr'><strong>ejus,</strong></span> <span class='ocrx_word' id='word_1_632' title='bbox 1448 4704 1615 4759; x_wconf 83' lang='lat' dir='ltr'><strong>Deum</strong></span> <span class='ocrx_word' id='word_1_633' title='bbox 1644 4705 1710 4760; x_wconf 90' lang='lat' dir='ltr'><strong>de</strong></span> <span class='ocrx_word' id='word_1_634' title='bbox 1764 4707 1871 4761; x_wconf 83' lang='lat' dir='ltr'><strong>Deo</strong></span> <span class='ocrx_word' id='word_1_635' title='bbox 1894 4706 2076 4763; x_wconf 79' lang='lat' dir='ltr'><strong>lesum</strong></span> <span class='ocrx_word' id='word_1_636' title='bbox 2100 4706 2261 4761; x_wconf 79' lang='lat' dir='ltr'><strong>Chri-</strong></span> 
     </span>
    </p>
   </div>
   <div class='ocr_carea' id='block_1_89' title="bbox 711 4796 2262 4867">
    <p class='ocr_par' dir='ltr' id='par_1_89' title="bbox 711 4796 2262 4867">
     <span class='ocr_line' id='line_1_89' title="bbox 711 4796 2262 4867; baseline 0.003 -18"><span class='ocrx_word' id='word_1_637' title='bbox 711 4802 855 4849; x_wconf 74' lang='lat' dir='ltr'><strong>stum</strong></span> <span class='ocrx_word' id='word_1_638' title='bbox 886 4808 1183 4863; x_wconf 82' lang='lat' dir='ltr'><strong>agnoscens</strong></span> <span class='ocrx_word' id='word_1_639' title='bbox 1212 4811 1227 4860; x_wconf 87' lang='lat'><strong>;</strong></span> <span class='ocrx_word' id='word_1_640' title='bbox 1253 4796 1498 4851; x_wconf 89' lang='lat' dir='ltr'><strong>eumdem</strong></span> <span class='ocrx_word' id='word_1_641' title='bbox 1523 4797 1693 4866; x_wconf 90' lang='lat' dir='ltr'><strong>ipsum</strong></span> <span class='ocrx_word' id='word_1_642' title='bbox 1728 4796 1967 4867; x_wconf 81' lang='lat' dir='ltr'><strong>professa</strong></span> <span class='ocrx_word' id='word_1_643' title='bbox 2007 4797 2262 4853; x_wconf 78' lang='lat' dir='ltr'><strong>Servato-</strong></span> 
     </span>
    </p>
   </div>
   <div class='ocr_carea' id='block_1_90' title="bbox 713 4884 2261 4954">
    <p class='ocr_par' dir='ltr' id='par_1_90' title="bbox 713 4884 2261 4954">
     <span class='ocr_line' id='line_1_90' title="bbox 713 4884 2261 4954; baseline 0.005 -15"><span class='ocrx_word' id='word_1_644' title='bbox 713 4899 829 4940; x_wconf 85' lang='lat' dir='ltr'><strong>rem</strong></span> <span class='ocrx_word' id='word_1_645' title='bbox 862 4895 915 4939; x_wconf 91' lang='lat' dir='ltr'><strong>et</strong></span> <span class='ocrx_word' id='word_1_646' title='bbox 956 4884 1153 4942; x_wconf 75' lang='lat' dir='ltr'><strong>Filium</strong></span> <span class='ocrx_word' id='word_1_647' title='bbox 1203 4888 1457 4943; x_wconf 87' lang='lat' dir='ltr'><strong>hominis.</strong></span> <span class='ocrx_word' id='word_1_648' title='bbox 1489 4887 1588 4954; x_wconf 83' lang='lat' dir='ltr'><strong>Qui</strong></span> <span class='ocrx_word' id='word_1_649' title='bbox 1646 4904 1768 4943; x_wconf 90' lang='lat' dir='ltr'><strong>cum</strong></span> <span class='ocrx_word' id='word_1_650' title='bbox 1830 4891 2063 4945; x_wconf 89' lang='lat' dir='ltr'><strong>nondum</strong></span> <span class='ocrx_word' id='word_1_651' title='bbox 2100 4891 2261 4947; x_wconf 91' lang='lat' dir='ltr'><strong>homo</strong></span> 
     </span>
    </p>
   </div>
   <div class='ocr_carea' id='block_1_91' title="bbox 714 4974 2257 5049">
    <p class='ocr_par' dir='ltr' id='par_1_91' title="bbox 714 4974 2257 5049">
     <span class='ocr_line' id='line_1_91' title="bbox 714 4974 2257 5049; baseline 0.006 -21"><span class='ocrx_word' id='word_1_652' title='bbox 714 4974 894 5035; x_wconf 74' lang='lat' dir='ltr'><strong>factus</strong></span> <span class='ocrx_word' id='word_1_653' title='bbox 918 4975 1116 5042; x_wconf 79' lang='lat' dir='ltr'><strong>fuerat,</strong></span> <span class='ocrx_word' id='word_1_654' title='bbox 1152 4976 1321 5033; x_wconf 82' lang='lat' dir='ltr'><strong>Filius</strong></span> <span class='ocrx_word' id='word_1_655' title='bbox 1352 4978 1443 5033; x_wconf 81' lang='lat' dir='ltr'><strong>Dei</strong></span> <span class='ocrx_word' id='word_1_656' title='bbox 1471 4989 1647 5034; x_wconf 82' lang='lat' dir='ltr'><strong>tamen</strong></span> <span class='ocrx_word' id='word_1_657' title='bbox 1692 4982 2003 5037; x_wconf 79' lang='lat' dir='ltr'><strong>exsistebat.</strong></span> <span class='ocrx_word' id='word_1_658' title='bbox 2035 4980 2257 5049; x_wconf 84' lang='lat' dir='ltr'><strong>Factus,</strong></span> 
     </span>
    </p>
   </div>
   <div class='ocr_carea' id='block_1_92' title="bbox 714 5066 2257 5141">
    <p class='ocr_par' dir='ltr' id='par_1_92' title="bbox 714 5066 2257 5141">
     <span class='ocr_line' id='line_1_92' title="bbox 714 5066 2257 5141; baseline 0.008 -24"><span class='ocrx_word' id='word_1_659' title='bbox 714 5066 859 5135; x_wconf 83' lang='lat' dir='ltr'><strong>quod</strong></span> <span class='ocrx_word' id='word_1_660' title='bbox 885 5081 991 5120; x_wconf 89' lang='lat' dir='ltr'><strong>non</strong></span> <span class='ocrx_word' id='word_1_661' title='bbox 1014 5068 1162 5136; x_wconf 86' lang='lat' dir='ltr'><strong>prius</strong></span> <span class='ocrx_word' id='word_1_662' title='bbox 1189 5067 1384 5134; x_wconf 79' lang='lat' dir='ltr'><strong>fuerat,</strong></span> <span class='ocrx_word' id='word_1_663' title='bbox 1412 5070 1483 5126; x_wconf 89' lang='lat' dir='ltr'><strong>ob</strong></span> <span class='ocrx_word' id='word_1_664' title='bbox 1498 5070 1919 5141; x_wconf 78' lang='lat' dir='ltr'><strong>inexplicabilem</strong></span> <span class='ocrx_word' id='word_1_665' title='bbox 1942 5074 2257 5131; x_wconf 87' lang='lat' dir='ltr'><strong>misericor-</strong></span> 
     </span>
    </p>
   </div>
   <div class='ocr_carea' id='block_1_93' title="bbox 716 5156 1613 5226">
    <p class='ocr_par' dir='ltr' id='par_1_93' title="bbox 716 5156 1613 5226">
     <span class='ocr_line' id='line_1_93' title="bbox 716 5156 1613 5226; baseline 0.002 -13"><span class='ocrx_word' id='word_1_666' title='bbox 716 5156 817 5213; x_wconf 80' lang='lat' dir='ltr'><strong>dia:</strong></span> <span class='ocrx_word' id='word_1_667' title='bbox 843 5165 1077 5226; x_wconf 71' lang='lat' dir='ltr'><strong>paternae</strong></span> <span class='ocrx_word' id='word_1_668' title='bbox 1104 5161 1613 5217; x_wconf 73' lang='lat' dir='ltr'><strong>transcendentiam.</strong></span> 
     </span>
    </p>
   </div>
   <div class='ocr_carea' id='block_1_94' title="bbox 790 5316 1957 5393">
    <p class='ocr_par' dir='ltr' id='par_1_94' title="bbox 790 5316 1957 5393">
     <span class='ocr_line' id='line_1_94' title="bbox 790 5316 1957 5393; baseline 0.009 -24"><span class='ocrx_word' id='word_1_669' title='bbox 790 5321 849 5382; x_wconf 67' lang='lat' dir='ltr'><strong>p14</strong></span> <span class='ocrx_word' id='word_1_670' title='bbox 874 5316 971 5371; x_wconf 84' lang='lat' dir='ltr'><strong>Ed.</strong></span> <span class='ocrx_word' id='word_1_671' title='bbox 1000 5317 1167 5374; x_wconf 86' lang='lat' dir='ltr'><strong>Paris.</strong></span> <span class='ocrx_word' id='word_1_672' title='bbox 1194 5334 1312 5393; x_wconf 87' lang='lat' dir='ltr'><strong>pag.</strong></span> <span class='ocrx_word' id='word_1_673' title='bbox 1339 5321 1426 5378; x_wconf 77' lang='grc'><strong>62.</strong></span> <span class='ocrx_word' id='word_1_674' title='bbox 1499 5322 1545 5355; x_wconf 72' lang='grc'>⁸³</span> <span class='ocrx_word' id='word_1_675' title='bbox 1574 5322 1775 5380; x_wconf 84' lang='lat' dir='ltr'><strong>Coloes.</strong></span> <span class='ocrx_word' id='word_1_676' title='bbox 1805 5340 1867 5391; x_wconf 81' lang='grc' dir='ltr'><strong>ιι,</strong></span> <span class='ocrx_word' id='word_1_677' title='bbox 1904 5327 1957 5382; x_wconf 88' lang='lat'><strong>9.</strong></span> 
     </span>
    </p>
   </div>
   <div class='ocr_carea' id='block_1_95' title="bbox 807 5471 2257 5550">
    <p class='ocr_par' dir='ltr' id='par_1_95' title="bbox 807 5471 2257 5550">
     <span class='ocr_line' id='line_1_95' title="bbox 807 5471 2257 5550; baseline 0.006 -20"><span class='ocrx_word' id='word_1_678' title='bbox 807 5472 895 5545; x_wconf 73' lang='lat' dir='ltr'><strong>l5)</strong></span> <span class='ocrx_word' id='word_1_679' title='bbox 918 5471 974 5550; x_wconf 78' lang='lat' dir='ltr'><strong>lu</strong></span> <span class='ocrx_word' id='word_1_680' title='bbox 1021 5476 1145 5550; x_wconf 79' lang='lat' dir='ltr'><strong>line,</strong></span> <span class='ocrx_word' id='word_1_681' title='bbox 1191 5478 1399 5550; x_wconf 77' lang='lat' dir='ltr'><strong>legend.</strong></span> <span class='ocrx_word' id='word_1_682' title='bbox 1445 5481 1869 5550; x_wconf 79' lang='grc' dir='ltr'>ὲγκαταλέξασα.</span> <span class='ocrx_word' id='word_1_683' title='bbox 1909 5484 1981 5539; x_wconf 73' lang='grc' dir='ltr'><strong>Μ.</strong></span> <span class='ocrx_word' id='word_1_684' title='bbox 2020 5513 2092 5526; x_wconf 90' lang='lat'><strong>—-</strong></span> <span class='ocrx_word' id='word_1_685' title='bbox 2136 5484 2257 5541; x_wconf 75' lang='lat' dir='ltr'><strong>Mox</strong></span> 
     </span>
    </p>
   </div>
   <div class='ocr_carea' id='block_1_96' title="bbox 715 5545 1515 5623">
    <p class='ocr_par' dir='ltr' id='par_1_96' title="bbox 715 5545 1515 5623">
     <span class='ocr_line' id='line_1_96' title="bbox 715 5545 1515 5623; baseline 0.001 0"><span class='ocrx_word' id='word_1_686' title='bbox 715 5545 1051 5623; x_wconf 46' lang='lat'><strong>“52.1428</strong></span> <span class='ocrx_word' id='word_1_687' title='bbox 1078 5545 1515 5623; x_wconf 48' lang='lat' dir='ltr'><strong>animm</strong></span> 
     </span>
    </p>
   </div>
   <div class='ocr_carea' id='block_1_97' title="bbox 785 5611 2253 5687">
    <p class='ocr_par' dir='ltr' id='par_1_97' title="bbox 785 5611 2253 5687">
     <span class='ocr_line' id='line_1_97' title="bbox 785 5611 2253 5687; baseline 0.005 -20"><span class='ocrx_word' id='word_1_688' title='bbox 785 5611 1069 5680; x_wconf 51' lang='lat' dir='ltr'><strong>(terrm</strong></span> <span class='ocrx_word' id='word_1_689' title='bbox 1099 5611 1183 5672; x_wconf 71' lang='grc' dir='ltr'>δέ.</span> <span class='ocrx_word' id='word_1_690' title='bbox 1209 5619 1298 5673; x_wconf 87' lang='lat' dir='ltr'><strong>Sic</strong></span> <span class='ocrx_word' id='word_1_691' title='bbox 1324 5611 1631 5687; x_wconf 66' lang='lat' dir='ltr'><strong>legendum,</strong></span> <span class='ocrx_word' id='word_1_692' title='bbox 1651 5637 1776 5685; x_wconf 87' lang='lat' dir='ltr'><strong>non,</strong></span> <span class='ocrx_word' id='word_1_693' title='bbox 1814 5634 1873 5676; x_wconf 92' lang='lat' dir='ltr'><strong>ut</strong></span> <span class='ocrx_word' id='word_1_694' title='bbox 1904 5624 2032 5687; x_wconf 85' lang='lat' dir='ltr'><strong>alihi</strong></span> <span class='ocrx_word' id='word_1_695' title='bbox 2057 5624 2151 5677; x_wconf 77' lang='grc' dir='ltr'><strong>νῦν</strong></span> <span class='ocrx_word' id='word_1_696' title='bbox 2178 5624 2253 5675; x_wconf 85' lang='grc' dir='ltr'>δέ.</span> 
     </span>
    </p>
   </div>
   <div class='ocr_carea' id='block_1_98' title="bbox 718 5678 2257 5767">
    <p class='ocr_par' dir='ltr' id='par_1_98' title="bbox 718 5678 2257 5767">
     <span class='ocr_line' id='line_1_98' title="bbox 718 5678 2257 5767; baseline 0.001 -22"><span class='ocrx_word' id='word_1_697' title='bbox 718 5678 885 5767; x_wconf 40' lang='grc' dir='ltr'>ψιξιξ</span> <span class='ocrx_word' id='word_1_698' title='bbox 907 5698 1112 5767; x_wconf 50' lang='grc' dir='ltr'><strong>ηερμες.</strong></span> <span class='ocrx_word' id='word_1_699' title='bbox 1147 5688 1313 5767; x_wconf 48' lang='lat' dir='ltr'><strong>cui&quot;:</strong></span> <span class='ocrx_word' id='word_1_700' title='bbox 1344 5678 1629 5760; x_wconf 32' lang='lat' dir='ltr'><strong>cognitio;</strong></span> <span class='ocrx_word' id='word_1_701' title='bbox 1653 5703 1709 5747; x_wconf 90' lang='lat' dir='ltr'><strong>ut</strong></span> <span class='ocrx_word' id='word_1_702' title='bbox 1767 5678 1932 5765; x_wconf 79' lang='grc' dir='ltr'>γέρας</span> <span class='ocrx_word' id='word_1_703' title='bbox 1988 5686 2257 5764; x_wconf 74' lang='grc' dir='ltr'>ἐξαίρετον</span> 
     </span>
    </p>
   </div>
   <div class='ocr_carea' id='block_1_99' title="bbox 718 5749 1335 5813">
    <p class='ocr_par' dir='ltr' id='par_1_99' title="bbox 718 5749 1335 5813">
     <span class='ocr_line' id='line_1_99' title="bbox 718 5749 1335 5813; baseline -0.002 -1"><span class='ocrx_word' id='word_1_704' title='bbox 718 5749 940 5812; x_wconf 71' lang='lat' dir='ltr'><strong>dabatur</strong></span> <span class='ocrx_word' id='word_1_705' title='bbox 968 5749 1231 5813; x_wconf 63' lang='lat' dir='ltr'><strong>Ecclesiae.</strong></span> <span class='ocrx_word' id='word_1_706' title='bbox 1266 5756 1335 5812; x_wconf 72' lang='lat' dir='ltr'><strong>Il.</strong></span> 
     </span>
    </p>
   </div>
   <div class='ocr_carea' id='block_1_100' title="bbox 2369 4532 3917 4605">
    <p class='ocr_par' dir='ltr' id='par_1_100' title="bbox 2369 4532 3917 4605">
     <span class='ocr_line' id='line_1_100' title="bbox 2369 4532 3917 4605; baseline 0 -18"><span class='ocrx_word' id='word_1_707' title='bbox 2369 4534 2701 4604; x_wconf 82' lang='grc' dir='ltr'>σεμνύνεται,</span> <span class='ocrx_word' id='word_1_708' title='bbox 2736 4534 2831 4588; x_wconf 58' lang='grc' dir='ltr'><strong>ἕνα</strong></span> <span class='ocrx_word' id='word_1_709' title='bbox 2874 4535 2971 4605; x_wconf 82' lang='grc' dir='ltr'>μὲν</span> <span class='ocrx_word' id='word_1_710' title='bbox 2996 4534 3083 4586; x_wconf 86' lang='grc' dir='ltr'><strong>τὸν</strong></span> <span class='ocrx_word' id='word_1_711' title='bbox 3111 4532 3203 4586; x_wconf 69' lang='grc' dir='ltr'><strong>ἐπὶ</strong></span> <span class='ocrx_word' id='word_1_712' title='bbox 3231 4532 3444 4588; x_wconf 81' lang='grc' dir='ltr'>πάντων</span> <span class='ocrx_word' id='word_1_713' title='bbox 3470 4532 3603 4587; x_wconf 86' lang='grc' dir='ltr'>Θεὸν</span> <span class='ocrx_word' id='word_1_714' title='bbox 3632 4532 3777 4603; x_wconf 71' lang='grc' dir='ltr'>ἔχειν</span> <span class='ocrx_word' id='word_1_715' title='bbox 3820 4534 3917 4589; x_wconf 67' lang='lat' dir='ltr'><strong>a6-</strong></span> 
     </span>
    </p>
   </div>
   <div class='ocr_carea' id='block_1_101' title="bbox 2364 4622 3918 4697">
    <p class='ocr_par' dir='ltr' id='par_1_101' title="bbox 2364 4622 3918 4697">
     <span class='ocr_line' id='line_1_101' title="bbox 2364 4622 3918 4697; baseline -0.001 -18"><span class='ocrx_word' id='word_1_716' title='bbox 2364 4626 2549 4697; x_wconf 72' lang='grc' dir='ltr'>χοῦσαο</span> <span class='ocrx_word' id='word_1_717' title='bbox 2574 4622 2670 4681; x_wconf 73' lang='grc' dir='ltr'><strong>ἕνα</strong></span> <span class='ocrx_word' id='word_1_718' title='bbox 2696 4627 2751 4681; x_wconf 79' lang='grc' dir='ltr'>δὲ</span> <span class='ocrx_word' id='word_1_719' title='bbox 2792 4627 2885 4681; x_wconf 69' lang='grc' dir='ltr'><strong>καὶ</strong></span> <span class='ocrx_word' id='word_1_720' title='bbox 2928 4626 3053 4679; x_wconf 83' lang='grc' dir='ltr'>Υίὸν</span> <span class='ocrx_word' id='word_1_721' title='bbox 3088 4626 3367 4697; x_wconf 83' lang='grc' dir='ltr'>μονογενῆ,</span> <span class='ocrx_word' id='word_1_722' title='bbox 3400 4624 3529 4679; x_wconf 85' lang='grc' dir='ltr'>Θεὸν</span> <span class='ocrx_word' id='word_1_723' title='bbox 3553 4626 3618 4678; x_wconf 78' lang='grc' dir='ltr'>ὲκ</span> <span class='ocrx_word' id='word_1_724' title='bbox 3642 4624 3780 4677; x_wconf 82' lang='grc' dir='ltr'>Θεοῦ</span> <span class='ocrx_word' id='word_1_725' title='bbox 3820 4625 3918 4697; x_wconf 66' lang='grc' dir='ltr'><strong>’1ης</strong></span> 
     </span>
    </p>
   </div>
   <div class='ocr_carea' id='block_1_102' title="bbox 2369 4715 3918 4791">
    <p class='ocr_par' dir='ltr' id='par_1_102' title="bbox 2369 4715 3918 4791">
     <span class='ocr_line' id='line_1_102' title="bbox 2369 4715 3918 4791; baseline -0.001 -19"><span class='ocrx_word' id='word_1_726' title='bbox 2369 4718 2492 4772; x_wconf 87' lang='grc' dir='ltr'>σοῦν</span> <span class='ocrx_word' id='word_1_727' title='bbox 2519 4719 2750 4790; x_wconf 84' lang='grc' dir='ltr'>Χριστὸν</span> <span class='ocrx_word' id='word_1_728' title='bbox 2780 4717 3207 4791; x_wconf 68' lang='grc' dir='ltr'>ὲπιγραφομὲνη,</span> <span class='ocrx_word' id='word_1_729' title='bbox 3237 4718 3464 4789; x_wconf 81' lang='grc' dir='ltr'>Σωτῆρα</span> <span class='ocrx_word' id='word_1_730' title='bbox 3491 4717 3583 4769; x_wconf 83' lang='grc' dir='ltr'><strong>τὸν</strong></span> <span class='ocrx_word' id='word_1_731' title='bbox 3614 4715 3777 4770; x_wconf 79' lang='grc' dir='ltr'>αὐτὸν</span> <span class='ocrx_word' id='word_1_732' title='bbox 3824 4719 3918 4772; x_wconf 78' lang='grc' dir='ltr'><strong>καὶ</strong></span> 
     </span>
    </p>
   </div>
   <div class='ocr_carea' id='block_1_103' title="bbox 2366 4807 3915 4881">
    <p class='ocr_par' dir='ltr' id='par_1_103' title="bbox 2366 4807 3915 4881">
     <span class='ocr_line' id='line_1_103' title="bbox 2366 4807 3915 4881; baseline -0.001 -19"><span class='ocrx_word' id='word_1_733' title='bbox 2366 4810 2488 4863; x_wconf 83' lang='grc' dir='ltr'>Υίὸν</span> <span class='ocrx_word' id='word_1_734' title='bbox 2511 4810 2795 4881; x_wconf 84' lang='grc' dir='ltr'>ἀνθρώπου</span> <span class='ocrx_word' id='word_1_735' title='bbox 2822 4811 3118 4881; x_wconf 81' lang='grc' dir='ltr'>γινόμενον,</span> <span class='ocrx_word' id='word_1_736' title='bbox 3135 4808 3487 4880; x_wconf 70' lang='grc' dir='ltr'>όμολογοῦσω</span> <span class='ocrx_word' id='word_1_737' title='bbox 3510 4808 3637 4862; x_wconf 72' lang='grc' dir='ltr'>ὄντα</span> <span class='ocrx_word' id='word_1_738' title='bbox 3664 4808 3764 4879; x_wconf 80' lang='grc' dir='ltr'>μὲν</span> <span class='ocrx_word' id='word_1_739' title='bbox 3786 4807 3915 4861; x_wconf 85' lang='grc' dir='ltr'>Υίὸν</span> 
     </span>
    </p>
   </div>
   <div class='ocr_carea' id='block_1_104' title="bbox 2364 4900 3915 4974">
    <p class='ocr_par' dir='ltr' id='par_1_104' title="bbox 2364 4900 3915 4974">
     <span class='ocr_line' id='line_1_104' title="bbox 2364 4900 3915 4974; baseline 0.001 -19"><span class='ocrx_word' id='word_1_740' title='bbox 2364 4901 2516 4967; x_wconf 88' lang='grc' dir='ltr'>Θεοῦ,</span> <span class='ocrx_word' id='word_1_741' title='bbox 2566 4902 2695 4973; x_wconf 76' lang='grc' dir='ltr'>πρὶν</span> <span class='ocrx_word' id='word_1_742' title='bbox 2723 4902 2756 4973; x_wconf 80' lang='grc' dir='ltr'>ἢ</span> <span class='ocrx_word' id='word_1_743' title='bbox 2798 4901 2890 4955; x_wconf 68' lang='grc' dir='ltr'><strong>καὶ</strong></span> <span class='ocrx_word' id='word_1_744' title='bbox 2924 4900 3208 4974; x_wconf 78' lang='grc' dir='ltr'>ἀνθρώπου</span> <span class='ocrx_word' id='word_1_745' title='bbox 3234 4902 3502 4971; x_wconf 88' lang='grc' dir='ltr'>γενέσθαι·</span> <span class='ocrx_word' id='word_1_746' title='bbox 3535 4904 3628 4956; x_wconf 77' lang='grc' dir='ltr'>καὶ</span> <span class='ocrx_word' id='word_1_747' title='bbox 3656 4901 3815 4956; x_wconf 87' lang='grc' dir='ltr'>τοῦτο</span> <span class='ocrx_word' id='word_1_748' title='bbox 3856 4902 3915 4955; x_wconf 68' lang='grc' dir='ltr'>δὲ</span> 
     </span>
    </p>
   </div>
   <div class='ocr_carea' id='block_1_105' title="bbox 2362 4989 3912 5067">
    <p class='ocr_par' dir='ltr' id='par_1_105' title="bbox 2362 4989 3912 5067">
     <span class='ocr_line' id='line_1_105' title="bbox 2362 4989 3912 5067; baseline 0.001 -22"><span class='ocrx_word' id='word_1_749' title='bbox 2362 4993 2665 5063; x_wconf 82' lang='grc' dir='ltr'>γενόμενον,</span> <span class='ocrx_word' id='word_1_750' title='bbox 2703 4994 2837 5063; x_wconf 83' lang='grc' dir='ltr'>ὅπερ</span> <span class='ocrx_word' id='word_1_751' title='bbox 2871 4993 2972 5048; x_wconf 83' lang='grc' dir='ltr'>οὐκ</span> <span class='ocrx_word' id='word_1_752' title='bbox 3000 4989 3089 5065; x_wconf 77' lang='grc' dir='ltr'>ἦν,</span> <span class='ocrx_word' id='word_1_753' title='bbox 3137 4993 3204 5047; x_wconf 76' lang='grc' dir='ltr'>δι’</span> <span class='ocrx_word' id='word_1_754' title='bbox 3243 4994 3439 5064; x_wconf 75' lang='grc' dir='ltr'>ἄφατον</span> <span class='ocrx_word' id='word_1_755' title='bbox 3483 4992 3786 5067; x_wconf 62' lang='grc' dir='ltr'>ὑπερϐολὴν</span> <span class='ocrx_word' id='word_1_756' title='bbox 3814 4994 3912 5065; x_wconf 82' lang='grc' dir='ltr'>τῆς</span> 
     </span>
    </p>
   </div>
   <div class='ocr_carea' id='block_1_106' title="bbox 2361 5080 3156 5155">
    <p class='ocr_par' dir='ltr' id='par_1_106' title="bbox 2361 5080 3156 5155">
     <span class='ocr_line' id='line_1_106' title="bbox 2361 5080 3156 5155; baseline 0.005 -20"><span class='ocrx_word' id='word_1_757' title='bbox 2361 5080 2454 5143; x_wconf 80' lang='grc' dir='ltr'><strong>τοῦ</strong></span> <span class='ocrx_word' id='word_1_758' title='bbox 2492 5082 2702 5153; x_wconf 76' lang='grc' dir='ltr'>[ἰατρὸς</span> <span class='ocrx_word' id='word_1_759' title='bbox 2734 5081 2921 5152; x_wconf 83' lang='grc' dir='ltr'>φιλανθ</span> <span class='ocrx_word' id='word_1_760' title='bbox 2930 5084 3156 5155; x_wconf 80' lang='grc' dir='ltr'>ρωπίας.</span> 
     </span>
    </p>
   </div>
   <div class='ocr_carea' id='block_1_107' title="bbox 2430 5482 3912 5558">
    <p class='ocr_par' dir='ltr' id='par_1_107' title="bbox 2430 5482 3912 5558">
     <span class='ocr_line' id='line_1_107' title="bbox 2430 5482 3912 5558; baseline -0.003 0"><span class='ocrx_word' id='word_1_761' title='bbox 2430 5487 2540 5558; x_wconf 77' lang='grc' dir='ltr'><strong>(Π)</strong></span> <span class='ocrx_word' id='word_1_762' title='bbox 2591 5486 2660 5558; x_wconf 64' lang='grc' dir='ltr'>τὸ</span> <span class='ocrx_word' id='word_1_763' title='bbox 2688 5484 2991 5558; x_wconf 56' lang='grc' dir='ltr'><strong>πέήρωμαι</strong></span> <span class='ocrx_word' id='word_1_764' title='bbox 3031 5484 3181 5558; x_wconf 68' lang='grc' dir='ltr'>ηιυιιι</span> <span class='ocrx_word' id='word_1_765' title='bbox 3214 5484 3303 5558; x_wconf 71' lang='lat' dir='ltr'><strong>sui</strong></span> <span class='ocrx_word' id='word_1_766' title='bbox 3339 5482 3769 5558; x_wconf 64' lang='grc' dir='ltr'><strong>οηί.πλήρωμαν</strong></span> <span class='ocrx_word' id='word_1_767' title='bbox 3822 5494 3912 5542; x_wconf 64' lang='grc' dir='ltr'>θοι</span> 
     </span>
    </p>
   </div>
   <div class='ocr_carea' id='block_1_108' title="bbox 2363 5552 3701 5629">
    <p class='ocr_par' dir='ltr' id='par_1_108' title="bbox 2363 5552 3701 5629">
     <span class='ocr_line' id='line_1_108' title="bbox 2363 5552 3701 5629; baseline -0.001 -20"><span class='ocrx_word' id='word_1_768' title='bbox 2363 5552 2723 5629; x_wconf 52' lang='grc' dir='ltr'><strong>ἕχὸγιά.ᾘοει</strong></span> <span class='ocrx_word' id='word_1_769' title='bbox 2742 5552 3011 5629; x_wconf 71' lang='grc' dir='ltr'>θεότητος,</span> <span class='ocrx_word' id='word_1_770' title='bbox 3031 5558 3120 5629; x_wconf 87' lang='lat' dir='ltr'><strong>qui</strong></span> <span class='ocrx_word' id='word_1_771' title='bbox 3152 5553 3401 5629; x_wconf 82' lang='lat' dir='ltr'><strong>habebat_</strong></span> 
     </span>
    </p>
   </div>
   <div class='ocr_carea' id='block_1_109' title="bbox 2434 5622 3911 5693">
    <p class='ocr_par' dir='ltr' id='par_1_109' title="bbox 2434 5622 3911 5693">
     <span class='ocr_line' id='line_1_109' title="bbox 2434 5622 3911 5693; baseline 0.001 -14"><span class='ocrx_word' id='word_1_772' title='bbox 2434 5628 2542 5693; x_wconf 87' lang='lat' dir='ltr'><strong>(l8)</strong></span> <span class='ocrx_word' id='word_1_773' title='bbox 2582 5622 2986 5678; x_wconf 74' lang='grc' dir='ltr'>Ἐπαίδευάεν.</span> <span class='ocrx_word' id='word_1_774' title='bbox 3018 5622 3325 5692; x_wconf 83' lang='lat' dir='ltr'><strong>Apostolus,</strong></span> <span class='ocrx_word' id='word_1_775' title='bbox 3363 5622 3568 5677; x_wconf 65' lang='lat' dir='ltr'><strong>Coloss.</strong></span> <span class='ocrx_word' id='word_1_776' title='bbox 3602 5622 3641 5689; x_wconf 86' lang='lat' dir='ltr'><strong>i,</strong></span> <span class='ocrx_word' id='word_1_777' title='bbox 3678 5625 3765 5688; x_wconf 77' lang='grc'>19,</span> <span class='ocrx_word' id='word_1_778' title='bbox 3826 5624 3911 5680; x_wconf 89' lang='lat' dir='ltr'><strong>do-</strong></span> 
     </span>
    </p>
   </div>
   <div class='ocr_carea' id='block_1_110' title="bbox 2364 5693 3907 5766">
    <p class='ocr_par' dir='ltr' id='par_1_110' title="bbox 2364 5693 3907 5766">
     <span class='ocr_line' id='line_1_110' title="bbox 2364 5693 3907 5766; baseline -0.001 -19"><span class='ocrx_word' id='word_1_779' title='bbox 2364 5707 2467 5760; x_wconf 82' lang='lat' dir='ltr'><strong>cet,</strong></span> <span class='ocrx_word' id='word_1_780' title='bbox 2493 5697 2599 5766; x_wconf 78' lang='grc' dir='ltr'>πᾶν</span> <span class='ocrx_word' id='word_1_781' title='bbox 2626 5694 2686 5745; x_wconf 78' lang='grc' dir='ltr'><strong>τὸ</strong></span> <span class='ocrx_word' id='word_1_782' title='bbox 2720 5694 2986 5766; x_wconf 83' lang='grc' dir='ltr'>πλήρωμα</span> <span class='ocrx_word' id='word_1_783' title='bbox 3038 5696 3089 5747; x_wconf 91' lang='lat' dir='ltr'><strong>in</strong></span> <span class='ocrx_word' id='word_1_784' title='bbox 3126 5694 3215 5766; x_wconf 85' lang='lat' dir='ltr'><strong>illo</strong></span> <span class='ocrx_word' id='word_1_785' title='bbox 3249 5693 3601 5766; x_wconf 80' lang='grc' dir='ltr'>κατοικῆσαι,</span> <span class='ocrx_word' id='word_1_786' title='bbox 3654 5704 3711 5747; x_wconf 88' lang='lat' dir='ltr'><strong>et</strong></span> <span class='ocrx_word' id='word_1_787' title='bbox 3769 5695 3907 5766; x_wconf 80' lang='lat' dir='ltr'><strong>quod</strong></span> 
     </span>
    </p>
   </div>
   <div class='ocr_carea' id='block_1_111' title="bbox 2365 5764 3907 5834">
    <p class='ocr_par' dir='ltr' id='par_1_111' title="bbox 2365 5764 3907 5834">
     <span class='ocr_line' id='line_1_111' title="bbox 2365 5764 3907 5834; baseline -0.012 -3"><span class='ocrx_word' id='word_1_788' title='bbox 2365 5767 2450 5826; x_wconf 70' lang='lat' dir='ltr'><strong>llic</strong></span> <span class='ocrx_word' id='word_1_789' title='bbox 2476 5765 2761 5832; x_wconf 67' lang='lat' dir='ltr'><strong>iudicatur.</strong></span> <span class='ocrx_word' id='word_1_790' title='bbox 2790 5764 2993 5821; x_wconf 74' lang='lat' dir='ltr'><strong>Cbloss.</strong></span> <span class='ocrx_word' id='word_1_791' title='bbox 3027 5780 3086 5834; x_wconf 86' lang='lat' dir='ltr'><strong>II,</strong></span> <span class='ocrx_word' id='word_1_792' title='bbox 3113 5765 3170 5832; x_wconf 71' lang='grc' dir='ltr'><strong>θ,</strong></span> <span class='ocrx_word' id='word_1_793' title='bbox 3220 5765 3328 5818; x_wconf 78' lang='grc' dir='ltr'>πᾶν</span> <span class='ocrx_word' id='word_1_794' title='bbox 3360 5764 3419 5817; x_wconf 82' lang='grc' dir='ltr'><strong>τὸ</strong></span> <span class='ocrx_word' id='word_1_795' title='bbox 3484 5764 3753 5833; x_wconf 70' lang='grc' dir='ltr'>πλήρωμα</span> <span class='ocrx_word' id='word_1_796' title='bbox 3794 5764 3907 5834; x_wconf 65' lang='grc' dir='ltr'>τῆς</span> 
     </span>
    </p>
   </div>
  </div>
