4106 6402
716 340 824 397 855

1376 332 1643 391 EUSEBII
1678 331 2151 389 CE‘SARIENSIS
2189 329 2337 388 OPP.
2377 327 2555 385 PARS
2589 329 2681 385 IV.
2721 359 2789 371 —
2825 326 3245 385 DOGMATICA.

3662 0 4061 23 __-“?~.H

3807 323 3915 391 856

718 454 979 518 exstabat,
1026 458 1081 506 et
1114 451 1554 507 substantialiter
1585 451 1913 506 consistebat
1950 468 1963 504 :
1999 465 2098 505 nec
2146 464 2250 503 non

2355 448 2655 517 ὑφεστῶτα·
2682 449 2775 501 καὶ
2805 448 2895 499 τὸν
2936 445 3124 499 τούτου
3156 445 3373 514 Πατέρα
3398 442 3553 507 Θεὸν,
3590 442 3681 511 ὑφ’
3713 436 3777 495 οὗ
3823 445 3915 498 καὶ

719 544 872 601 istius
906 543 1129 615 Patrem.
1164 544 1327 597 Deum
1354 582 1369 607 ,
1428 558 1456 595 a
1505 559 1610 611 quo
1650 544 1846 597 missus
1896 541 2111 594 advenit
2142 540 2250 603 ille,

718 636 1161 704 quemadmodum
1205 635 1270 689 ab
1318 634 1432 701 ipso
1478 649 1616 701 smpe
1644 633 1856 701 ponitur
1886 634 1938 684 in
1986 631 2251 687 confesso.

716 725 879 779 Nobis
908 727 1067 794 igitur
1088 741 1221 780 unus
1246 724 1385 777 Deus
1414 734 1517 788 est,
1536 742 1567 775 α
1595 738 1695 793 quo
1722 732 1840 776 sunt
1870 726 2045 776 omnia
2066 720 2134 786 “,
2168 738 2254 777 se-

715 820 945 871 Cundum
986 816 1220 886 Apostoli
1283 816 1506 869 dictum.
1538 816 1603 868 Et
1635 828 1770 869 unus
1799 815 2051 868 Dominus
2105 815 2257 868 Jesus

715 904 963 962 Christus
1004 918 1097 976 ‘per
1143 923 1291 971 quem
1325 915 1445 958 sunt
1488 920 1660 958 omnia
1715 907 1782 966 ⁸⁸,
1820 906 1909 973 qui
1942 905 2048 958 Deo
2086 905 2256 958 Filius

716 998 1019 1066 unigenitus
1046 997 1467 1064 praeexsistebat.
1502 996 1565 1046 Et
1594 996 1799 1055 tertius,
1822 996 2112 1047 secundum
2140 1009 2257 1047 car-

716 1101 835 1141 nem
862 1086 1023 1139 Filius
1065 1086 1296 1139 hominis
1331 1103 1344 1138 :
1375 1098 1532 1153 quem
1581 1086 1848 1137 hominem
1880 1094 2058 1136 nostra
2095 1100 2255 1138 causa

714 1178 943 1245 suscepit
968 1177 1133 1230 Filius
1162 1178 1275 1231 Dei.
1302 1176 1405 1229 Sed
1442 1191 1536 1229 nec
1564 1191 1756 1243 corpus
1778 1176 1919 1243 quod
1945 1178 2253 1241 assumpsit,

712 1274 829 1317 erat
877 1264 1016 1316 idem
1052 1279 1171 1317 cum
1223 1264 1356 1317 Filio
1394 1264 1504 1327 Dei,
1547 1264 1637 1331 qui
1679 1264 1968 1330 assumpsit
2008 1278 2021 1313 :
2087 1277 2259 1329 neque

713 1352 830 1420 ipse
858 1354 949 1407 Dei
989 1355 1158 1408 Filius
1200 1370 1336 1407 unus
1363 1354 1610 1420 idemque
1631 1355 1783 1407 debet
1808 1353 2101 1407 existimari
2136 1369 2256 1406 cum

713 1445 956 1513 genitore
984 1455 1097 1499 suo.
1130 1444 1169 1497 E
1204 1445 1374 1497 tribus
1403 1452 1579 1497 autem
1634 1444 1891 1509 subjectis
1935 1444 2084 1497 hisce
2110 1484 2124 1508 ,
2184 1443 2259 1495 illi

713 1534 801 1601 qui
827 1533 1034 1587 duobus
1064 1534 1337 1588 concessis
1364 1532 1581 1588 tet-tium
1611 1532 1882 1601 rejiciuut,
1912 1536 1978 1587 ab
2022 1533 2260 1588 Ecclesia

713 1624 806 1679 Dei
846 1634 969 1680 sunt
1000 1624 1299 1694 rejiciendi.

1338 1711 1487 1766 CAP.
1532 1710 1637 1765 vu.
1666 1711 1677 1783 ι

2353 540 2513 602 αὐτὸς
2570 537 2899 591 ἀπεστάλθαι
2938 536 3172 606 συνεχῶς
3217 534 3486 606 ὁμολογεῖ.
3529 536 3694 604 Ἡμῖν
3736 534 3913 588 τοίνυν

2354 626 2431 692 εἷς
2458 630 2585 691 Θεὸς
2613 632 2641 681 ὁ
2677 628 2884 697 Πατὴρ,
2923 629 2990 691 ἐξ
3027 625 3096 683 οὗ
3128 630 3199 680 τὰ
3225 627 3439 689 πάντα,
3470 626 3611 680 κατὰ
3626 625 3717 677 τὸν
3759 627 3911 679 ’Δεό-

2356 720 2551 773 στολον·
2610 723 2701 773 καὶ
2743 717 2820 785 εἷς
2848 722 3045 792 Κύριος
3084 718 3286 788 Ἰησοῦς
3312 718 3562 789 Χριστὸς,
3612 716 3687 769 δι’
3720 710 3805 771 ὀὗ
3841 716 3912 769 τὰ

2354 809 2563 872 πάντα,
2596 813 2623 862 ὁ
2652 810 2829 880 προὼν
2858 810 2950 863 τοῦ
2980 807 3109 862 Θεοῦ
3140 808 3427 879 μονογενὴς
3453 809 3599 871 Υἱὸς,
3617 808 3714 860 καὶ
3731 804 3909 878 τρίτος

2354 900 2381 951 ὀ
2414 900 2550 951 κατὰ
2579 901 2752 971 σάρκα
2784 902 2905 963 Υἰὸς
2929 900 3228 969 ἀνθρώπου,
3261 899 3317 951 δν
3361 899 3427 951 δι’
3459 900 3605 970 ἡμᾶς
3626 899 3909 969 ἀνείληφεν

2354 992 2381 1041 ὁ
2409 991 2534 1052 Υἱὸς
2555 991 2647 1042 τοῦ
2681 991 2835 1044 Θεοῦ.
2887 992 3021 1044 Ἀλλ’
3045 992 3165 1044 οὔτε
3196 992 3223 1042 ὃ
3252 990 3502 1060 ἀνείληφε
3536 991 3697 1061 σῶμα
3720 991 3909 1044 ταύτὸν

2353 1074 2420 1147 ἦν
2440 1078 2515 1148 τῷ
2542 1079 2846 1148 ἀνειληφότι
2887 1080 2999 1149 Υἰῷ
3026 1080 3117 1133 τοῦ
3162 1078 3315 1131 Θεοῦλ
3347 1078 3468 1131 οὔτε
3514 1079 3675 1142 αὐτὸς
3712 1081 3741 1131 ὁ
3790 1078 3911 1138 Υἱὸς

2354 1169 2446 1221 τοῦ
2473 1170 2604 1221 Θεοῦ
2635 1166 2714 1231 εἷς
2747 1171 2841 1223 καὶ
2882 1173 2910 1223 ὁ
2953 1171 3113 1233 αὐτὸς
3147 1170 3210 1223 ἂν
3243 1169 3517 1240 νομισθείη
3541 1169 3618 1239 τῷ
3654 1186 3910 1240 γεγεννη-

2354 1264 2492 1314 κότι’
2525 1262 2689 1332 τριῶν
2717 1262 2779 1332 δὴ
2813 1263 3012 1317 τούτων
3043 1263 3427 1332 ὑποκειμένων,
3451 1264 3500 1315 οἰ
3521 1263 3615 1315 δύο
3662 1263 3908 1327 διδόντες,

2355 1353 2414 1405 τὸ
2448 1354 2625 1423 τρίτον
2659 1352 2701 1405 δ’
2728 1354 2963 1407 ἐκποδὼν
2996 1355 3318 1425 ποιούμενοι,
3348 1355 3443 1425 τῆς
3458 1353 3789 1425 Ἐκκλησὶας
3813 1351 3911 1409 εἷεν

2358 1442 2424 1495 ἂν
2456 1442 2765 1513 ἀπόϐλητοι.

3005 1716 3157 1769 ΚΕΦ.
3190 1718 3264 1770 Z'.

712 1821 863 1888 Quod
875 1823 1129 1891 dicersum
1152 1824 1214 1874 ab
1229 1821 1470 1875 Ecclesia
1486 1822 1672 1890 dogma
1688 1832 1903 1885 tuentes,
1922 1841 1952 1875 α
1969 1823 2250 1891 theologica

2359 1804 2546 1870 Ὅπως
2584 1806 2637 1857 οἱ
2659 1805 2986 1891 ἐτερόὸρξοί
3013 1807 3320 1891 διαφόρως-1
3336 1806 3444 1874 τῆς
3472 1808 3607 1883 περὶ
3640 1807 3749 1861 τοῦ
3784 1807 3908 1861 Υίοῡ

710 1897 772 1945 de
796 1892 888 1944 Dei
916 1890 1056 1944 Filio
1080 1894 1301 1957 ratione,
1338 1907 1437 1943 non
1468 1908 1569 1943 uno
1604 1896 1752 1944 modo
1787 1894 1896 1945 solo
1922 1890 2248 1945 exciderunt.

778 1981 1004 2034 Carnem
1035 1991 1181 2034 certe
1218 1980 1523 2034 Servatoris
1558 1980 1703 2033 athei
1750 1982 1965 2049 quidam
2016 1982 2253 2035 haeretici

708 2070 1044 2139 abnegando,
1080 2078 1133 2124 et
1190 2072 1442 2139 opinione
1494 2078 1698 2123 tantum
1753 2071 1913 2132 nuda,
1970 2080 2128 2140 atque
2160 2086 2254 2140 per

705 2161 1044 2227 phantasiam
1101 2161 1154 2213 in
1200 2161 1361 2214 terris
1407 2162 1718 2229 apparuisse
1764 2161 1933 2213 solam
1986 2162 2250 2228 dicendo,

705 2252 863 2319 primi
887 2258 1040 2304 erant
1070 2251 1161 2319 qui
1192 2250 1243 2303 in
1284 2252 1381 2303 boc
1410 2264 1605 2320 genere
1639 2266 1667 2304 a
1705 2266 1867 2318 δρορο
1891 2252 2135 2305 veritatis
2161 2267 2253 2305 ex-

705 2342 975 2396 ciderunt.
1026 2343 1186 2410 Atqui
1216 2342 1666 2411 dispensationem
1712 2342 1857 2395 illam
1887 2343 1936 2395 in
1964 2358 2125 2396 carne
2155 2344 2250 2397 ad-

705 2433 987 2499 miserunt,
1036 2434 1365 2499 abnegantes
1422 2435 1906 2501 prmexsistentiam
1952 2432 2076 2487 Filii
2136 2435 2249 2501 Dei,

704 2528 902 2589 Varias,
939 2526 1213 2593 quodjam
1238 2526 1372 2587 dixi,
1415 2540 1656 2579 errorum
1704 2526 1922 2579 semitas
1968 2526 2253 2581 adinvene-

705 2625 851 2670 runt.
886 2616 1021 2669 Sunt
1044 2617 1133 2684 qui
1167 2614 1375 2669 merum
1411 2614 1553 2667 illum
1596 2615 1865 2668 hominem
1896 2617 2247 2682 arbitrantur,

706 2706 873 2759 nihilo
904 2705 1176 2758 meliorem
1205 2704 1483 2757 hominum
1521 2712 1710 2755 natura
1770 2705 2085 2767 communi,
2144 2705 2249 2757 nisi

703 2807 958 2863 quantum
979 2796 1041 2848 ad
1065 2795 1278 2847 virtutis
1305 2795 1703 2861 prmrogativas.
1729 2795 1798 2846 At
1826 2797 1911 2863 qui
1946 2797 2117 2863 ipsum
2151 2811 2247 2847 su-

702 2900 797 2952 per
826 2884 1003 2938 omnia
1041 2883 1204 2936 Deum
1229 2896 1425 2949 corpus
1476 2882 1806 2934 inhabitasse
1847 2881 2134 2947 :iﬂirinant,
2192 2891 2246 2935 et

703 2975 873 3042 ipsum
897 2975 975 3027 sui
1017 2975 1182 3042 ipsius
1220 2972 1413 3025 Filium
1440 2973 1711 3025 exstitisse
1746 2982 2008 3034 asserunt,
2036 2984 2249 3041 propter

703 3063 847 3115 illam
874 3062 1161 3115 secundum
1185 3062 1454 3114 hominem
1490 3061 1967 3128 dispensationem,
2000 3077 2117 3113 cum
2143 3063 2247 3116 duo

705 3155 1081 3214 concederent,
1125 3154 1289 3204 Deum
1336 3163 1494 3218 atque
1556 3153 1860 3213 hominem,
1907 3166 1934 3203 a
1972 3153 2129 3203 tertio
2164 3167 2248 3205 se-

703 3240 961 3308 metipsos
978 3240 1339 3301 excluserunt,
1364 3239 1706 3291 Servatorem
1738 3241 1907 3305 ipsum
1936 3239 2023 3291 Dei
2054 3239 2246 3294 Filium

703 3331 1029 3399 unigenitum
1071 3329 1400 3396 abnegando.
1428 3334 1483 3390 ὦ
1516 3328 1663 3381 lianc
1696 3330 1820 3381 olim
1849 3329 2111 3382 Sabellius
2138 3340 2248 3383 tue-

700 3419 861 3473 batur
898 3420 1221 3472 seutentiam
1250 3438 1261 3471 :
1320 3428 1374 3472 et
1408 3420 1471 3471 ad
1522 3419 1663 3470 illam
1696 3434 1835 3472 nunc
1868 3420 2076 3472 delatus
2106 3419 2247 3472 Maro

701 3511 866 3563 celius
896 3510 1045 3562 abiit.
1074 3509 1195 3575 Qui,
1225 3525 1328 3563 non
1358 3510 1517 3562 aliter
1574 3524 1731 3577 quam
1766 3508 1931 3563 Jutlzei
1966 3511 2203 3565 infideles
2228 3550 2245 3574 ,

700 3616 757 3655 se
792 3603 954 3653 Deum
980 3615 1267 3669 agnoscere
1286 3602 1622 3669 proﬁtentur,
1642 3602 1729 3669 qui
1753 3612 1835 3655 est
1854 3616 2013 3669 super
2036 3616 2245 3666 omnes,

700 3692 881 3745 ethoc
927 3693 1270 3745 vehementer
1321 3702 1530 3761 urgent.
1589 3693 1835 3747 Secundo
1868 3707 2078 3761 quoque
2130 3693 2245 3748 loco

703 3795 919 3833 carnem
949 3790 1240 3848 agnoscunt
1260 3783 1323 3834 de
1349 3780 1563 3848 Virgine
1592 3793 1853 3849 sumptam
1870 3782 2240 3837 sanctissima:

704 3870 921 3921 tertium
954 3884 1081 3922 vero
1111 3871 1261 3932 illud,
1289 3871 1427 3936 quod
1455 3881 1537 3922 est
1561 3874 1785 3938 primhm
1824 3871 2012 3923 salutis
2049 3882 2244 3925 nostra:

702 3970 881 4026 caput,
911 3958 1122 4022 Filium,
1152 3975 1308 4027 quem
1344 3960 1484 4015 velut
1531 3962 1701 4014 obviis
1735 3960 1871 4013 ulnis
1906 3963 2242 4028 amplectitu-

702 4060 809 4112 tur,
837 4049 1006 4102 lucem
1037 4060 1196 4113 atque
1227 4053 1531 4117 veritatem,
1559 4066 1651 4121 per
1678 4053 2077 4121 abnegatiunem
2100 4056 2242 4122 Filii,

698 4155 729 4194 a
759 4141 1001 4195 veritatis
1040 4142 1153 4195 luce
1188 4143 1517 4197 exciderunt.
1550 4143 1684 4197 Hinc
1708 4155 1809 4207 est,
1837 4156 1895 4198 ut
1918 4146 2033 4199 illos
2058 4150 2243 4200 audia-

696 4247 819 4287 mus
848 4248 1009 4286 unum
1046 4234 1260 4300 quidem
1293 4234 1455 4287 Deum
1480 4238 1816 4298 conﬁtentes,
1840 4247 1890 4288 et
1918 4251 2129 4290 carnem
2154 4254 2243 4290 ve-

700 4334 953 4376 nerantes
980 4340 1007 4376 a
1039 4324 1330 4378 Servatore
1353 4336 1654 4393 susceptam
1688 4344 1703 4378 :
1738 4335 1792 4378 at
1832 4322 2023 4379 Filiqu
2053 4328 2243 4381 nihilo-

699 4415 873 4467 minus
912 4413 1003 4468 Dei
1038 4415 1424 4469 inbabitantem
1468 4416 1604 4469 hanc
1632 4431 1872 4479 carnem,
1911 4432 2036 4470 voce
2090 4428 2240 4473 tenus
2272 4443 2315 4497 υ

700 4512 860 4572 atque
890 4504 1061 4569 labiis,
1095 4521 1212 4557 cum
1249 4515 1561 4574 agnoscant,
1589 4520 1645 4559 re
1673 4507 1781 4575 ipsa
1829 4508 2042 4575 penitus
2079 4510 2241 4564 abne-

694 4604 902 4660 gantes.
926 4594 1057 4647 Nam
1088 4595 1277 4648 Filium
1309 4597 1399 4649 Dei
1451 4596 1718 4663 inquirere
1746 4597 2001 4651 debemus
2045 4599 2192 4653 illum
2225 4642 2240 4665 ,

694 4685 789 4752 qui
814 4686 955 4737 vivat
983 4693 1037 4737 et
1062 4685 1312 4739 subsistat
1335 4702 1490 4741 vere:
1520 4703 1623 4740 non
1657 4688 1794 4739 idem
1818 4691 1904 4754 qui
1933 4702 2238 4756 censeatur,

695 4788 815 4827 cum
842 4775 929 4827 illo
982 4778 1120 4843 quod
1181 4778 1467 4846 assumpsit
1497 4792 1751 4845 corpore;
1803 4793 1901 4831 nec
1935 4780 2073 4831 idem
2116 4794 2238 4831 cum

697 4862 802 4915 Deo
845 4874 1003 4931 atque
1031 4864 1205 4917 Patre.
1250 4865 1431 4934 Neque
1475 4868 1613 4919 enim
1658 4868 1948 4919 secundum
1987 4867 2237 4935 pietatem

696 4966 819 5009 Vere
852 4956 1079 5008 senserit
1135 4958 1201 5021 is,
1245 4958 1334 5024 qui
1395 4956 1589 5009 Filium
1620 4956 1898 5024 proﬁtetur
1924 4972 2042 5011 esse
2088 4957 2236 5010 illum

2739 1878 3041 1945 θεολογίας
3063 1876 3533 1930 ἐκπεπτώκασιν.

2427 1962 2535 2032 Τὴν
2583 1963 2644 2034 δὴ
2694 1965 2789 2031 μὲν
2836 1966 3010 2034 σάρκα
3059 1965 3150 2017 τοῦ
3190 1965 3436 2034 Σωτῆρος
3477 1964 3626 2018 ἀθεοί
3644 1980 3789 2028 τινες
3810 1964 3909 2018 τῶν

2354 2055 2670 2125 ἑτεροδόξων
2704 2058 3184 2127 παραιτησάμενοι,
3230 2060 3354 2131 δόξῃ
3382 2060 3437 2111 δέ
3477 2076 3581 2111 τινι
3618 2061 3909 2127 φαντασίας

2354 2138 2527 2212 ὦφθαι
2556 2147 2714 2197 αὑτὸν
2736 2148 2825 2198 ἐπὶ
2860 2148 2957 2216 τῆς
2992 2147 3095 2215 γῆς
3132 2150 3427 2218 εἰρηκότες,
3460 2149 3668 2219 πρῶτοι
3702 2149 3795 2202 τοῦ
3818 2151 3907 2219 τῆς

2353 2236 2607 2305 ἀληθείας
2636 2238 2832 2289 σκοποῦ
2883 2220 3332 2309 διημαρτήκασιν.
3363 2241 3423 2291 Ui
3451 2239 3619 2310 δὲτὴν
3653 2240 3907 2311 ἕνσαρκον

2354 2331 2659 2398 οἰκονομίαν
2695 2331 3165 2401 παραδεδεγμένοι,
3196 2332 3286 2384 τὸν
3321 2332 3376 2384 δὲ
3403 2332 3633 2403 προδντα
3654 2333 3749 2385 τοῦ
3780 2331 3906 2386 Θεοῦ

2355 2418 2478 2470 Υίὸν
2524 2421 2905 2489 ἀρνησάμενοι,
2949 2420 3212 2483 ποικίλας,
3251 2422 3324 2483 ὡς
3358 2422 3513 2491 ἔφην,
3555 2424 3773 2485 ἑαυτοῖς
3817 2424 3911 2476 ἀν-

2354 2510 2497 2572 οδίας
2530 2512 2849 2581 ἐπενόησαν.
2884 2512 2945 2564 Οἰ
2972 2512 3025 2563 δὲ
3072 2511 3222 2579 ψιλὸν
3271 2512 3572 2582 ἄνθρωπον,
3601 2512 3701 2581 τῆς
3729 2513 3909 2582 κοινῆς

2354 2601 2601 2653 ἀπάντων
2621 2603 2829 2670 φύσεως
2867 2606 2982 2655 κατ’
3012 2604 3160 2655 οὐδὲν
3195 2605 3469 2675 κρείττονα
3499 2605 3531 2674 ἢ
3561 2606 3683 2658 ὅσον
3714 2605 3910 2675 ἀρετῆς

2351 2693 2743 2761 προτερήμασι,
2779 2694 3052 2761 γεγονέναι
3095 2694 3252 2745 αὑτὸν
3298 2697 3595 2766 εἰρηκότες.
3628 2697 3692 2747 Οἱ
3733 2696 3778 2747 δ’
3826 2698 3909 2748 αύ-

2350 2783 2437 2834 τὸν
2463 2785 2737 2854 ἐνοικῆσαι
2780 2785 2867 2837 τὸν
2911 2785 3015 2837 τῶν
3044 2786 3177 2837 ὅλων
3201 2786 3330 2837 Θεὸν
3366 2785 3441 2855 τῷ
3476 2787 3684 2856 σώματι
3708 2787 3907 2856 δογμαο

2349 2875 2613 2938 τίσαντες,
2652 2876 2776 2928 Υἰόν
2803 2894 2861 2928 τε
2890 2878 3049 2929 αὑτὸν
3106 2876 3297 2929 ἑαυτοῦ
3331 2879 3660 2948 χρηματίσαι
3690 2880 3905 2945 φάντες,

2348 2964 2415 3015 δι’
2440 2967 2504 3033 ἢν
2554 2967 2811 3035 ὑπέμεινε
2860 2970 2976 3020 κατ’
3025 2968 3300 3039 ἄνθρωπον
3347 2970 3674 3038 οἰκονομίαν,
3720 2969 3813 3021 δύο
3836 2969 3907 3021 δι-

2348 3054 2525 3116 δόντες
2578 3048 2742 3117 οῦτοι,
2778 3056 2910 3107 Θεὸν
2962 3056 3052 3108 καὶ
3102 3055 3402 3126 ἄνθρωπον,
3450 3055 3542 3108 τοῦ
3592 3056 3781 3125 τρίτου
3818 3055 3905 3107 τὸν

2274 3114 2314 3168 C
2353 3114 2611 3209 μονογενῆ
2629 3114 2885 3193 τοῦΙΘεοῦ
2914 3142 3058 3206 Υἱὸν,
3080 3114 3460 3214 ἀρνησάμενοι.
3502 3114 3716 3195 Τούτων
3742 3142 3905 3195 πάλαι

2352 3234 2447 3301 μὲν
2484 3234 2781 3296 Σαϐἐλλιος,
2828 3236 2944 3286 νυνὶ
3001 3235 3055 3286 δὲ
3102 3235 3438 3303 Μάρκελλος,
3476 3238 3537 3304 τῇ
3570 3234 3765 3306 γνώμῃ
3794 3252 3906 3293 συν-

2347 3322 2706 3390 απαχθέντες,
2728 3324 2816 3375 τὸν
2842 3325 2935 3393 μὲν
2966 3326 3057 3377 ἐπὶ
3093 3326 3305 3377 πάντων
3349 3325 3479 3377 θεὸν
3514 3326 3901 3389 Ἱουδαίωντοῑς

2348 3412 2590 3473 ἀπίστοις
2614 3414 2809 3483 ὁμοίως
2854 3411 2910 3466 εὖ
2940 3416 3080 3485 μάλα
3108 3416 3303 3467 εἰδέναι
3326 3415 3771 3487 διισχυρίζονταια
3807 3416 3900 3470 καὶ

2346 3502 2592 3573 δεύτερον
2642 3506 2737 3574 τὴν
2792 3506 2963 3576 σάρκα
3007 3506 3100 3576 τὴν
3154 3509 3217 3559 ὲκ
3275 3506 3370 3575 τῆς
3415 3507 3569 3573 ἁγίας
3623 3506 3899 3578 Παρθένου

2348 3596 2841 3663 συνωμολογήκασι·
2892 3596 3000 3665 (25)
3040 3598 3100 3648 τὸ
3131 3596 3187 3649 δὲ
3218 3597 3419 3665 τρίτον,
3456 3597 3585 3649 αὐτὸ
3629 3597 3692 3648 τὸ
3731 3598 3902 3665 κεφά-

2355 3683 2505 3736 λαιον
2552 3687 2647 3755 τῆς
2680 3688 2925 3739 ἁπάντων
2964 3688 3113 3758 ἡμῶν
3167 3688 3456 3759 σωτηρίας,
3511 3689 3601 3739 τὸν
3632 3689 3760 3741 Υἰὸν
3810 3689 3899 3742 τοῦ

2346 3772 2476 3825 Θεοῦ
2508 3777 3064 3846 παραγκωνισάμενοι,
3085 3777 3197 3844 φῶς
3212 3777 3339 3828 δντα
3362 3777 3451 3828 καὶ
3475 3776 3727 3846 ἀλήθειαν
3744 3778 3899 3848 ὁμοῦ,

2345 3869 2407 3933 τῇ
2438 3867 2660 3935 ἀρνήσει
2714 3867 2804 3919 106
2856 3867 3001 3929 Υἱοῦ,
3048 3867 3256 3919 καὶτοῦ
3294 3868 3391 3935 τῆς
3437 3867 3689 3935 ἀληθείας
3728 3870 3900 3937 φωτὸς

2347 3959 2777 4012 ὲκπεπτώκασιν.
2826 3960 3014 4011 Ἔνθεν
3046 3960 3139 4011 ἕνα
3180 3954 3275 4028 μὲν
3316 3959 3446 4011 Θεὸν
3499 3962 3899 4028 ὁμολογούντων

2346 4049 2519 4100 αὐτῶν
2554 4049 2793 4112 ἀκούσει,
2838 4049 2929 4102 καὶ
2978 4050 3073 4119 τὴν
3107 4050 3281 4119 σάρκα
3319 4050 3373 4103 δὲ
3414 4050 3504 4102 τοῦ
3545 4052 3793 4123 Σωτῆρος
3820 4070 3898 4104 τις

2348 4140 2585 4210 μώντων·
2605 4142 2694 4194 τὸν
2724 4141 2778 4193 δὲ
2803 4143 3148 4211 ὲνοικήσαντα
3181 4145 3244 4212 τῇ
3284 4146 3444 4214 σαρκὶ
3469 4144 3600 4195 Θεοῦ
3634 4146 3763 4197 Υἱὸν
3794 4164 3899 4214 φω-

2344 4232 2404 4299 νῇ
2432 4232 2523 4299 μὲν
2561 4231 2651 4283 καὶ
2694 4231 2893 4299 χείλεσι
2924 4233 3390 4301 παραδεχομένων,
3436 4234 3578 4303 ἔργῳ
3615 4234 3670 4285 δὲ
3709 4254 3898 4306 παραι-

2342 4322 2630 4391 τουμένων.
2657 4323 2782 4375 Υἰὸν
2803 4324 2908 4393 γὰρ
2928 4323 3059 4375 Θεοῦ
3095 4325 3228 4393 χρῆν
3256 4323 3455 4394 ζητεῖν,
3486 4326 3699 4395 ἀληθῶς
3726 4329 3900 4390 ζῶντα

2343 4413 2433 4463 καὶ
2462 4413 2759 4479 ὑφεστῶτα·
2800 4414 2920 4466 οὔτε
2971 4416 3059 4466 τὸν
3098 4416 3275 4477 αὑτὸν,
3417 4417 3726 4484 ἀνείληφεν,
3772 4418 3898 4471 ὄντα

2346 4500 2574 4569 σώματι,
2604 4502 2725 4554 οῦτε
2750 4504 2838 4555 τὸν
2856 4504 3013 4555 αὐτὸν
3044 4504 3167 4555 ὅντα
3187 4504 3262 4573 τῷ
3288 4504 3403 4574 Θεῷ
3427 4506 3514 4557 καὶ
3540 4506 3730 4578 Πατρί.
3761 4507 3896 4560 Οῦτε

2344 4590 2448 4661 γὰρ
2467 4592 2557 4643 τὸν
2592 4592 2844 4646 ἐπέκεινα
2873 4593 2977 4645 τῶν
3014 4595 3147 4646 ὅλων
3190 4595 3318 4646 Θεὸν
3365 4596 3488 4647 Υἰὸν
3525 4597 3587 4649 ἄν
3612 4614 3698 4660 τις
3731 4597 3894 4650 εἰπὼν

2344 4683 2565 4753 εὐσεϐὴς
2590 4684 2691 4755 εἴη·
2713 4685 2875 4753 (τίνος
2900 4684 3004 4754 γὰρ
3042 4686 3189 4738 ἔσται
3217 4687 3341 4749 Υἱὸς
3370 4689 3397 4739 ὁ
3427 4688 3521 4755 τὴν
3547 4690 3781 4758 ἄναρχον
3806 4690 3893 4741 καὶ

2344 4774 2629 4843 ἀγέννητον
2660 4775 2884 4844 θεότητα
2916 4776 3366 4847 περιϐεϐλημένος
3387 4780 3425 4844 ;)
3458 4777 3578 4830 οὔτε
3611 4780 3701 4831 τὸν
3744 4795 3893 4848 μονο-

2338 4867 2465 4935 γενῆ
2496 4866 2584 4918 τοῦ
2611 4866 2741 4919 Θεοῦ
2786 4868 2912 4919 Υἰὸν
2941 4869 3097 4920 αὑτὸν
3131 4865 3266 4921 εἶναι
3314 4870 3401 4922 τὸν
3440 4871 3658 4940 Πατέρα
3700 4890 3783 4935 τις
3819 4873 3893 4924 εί-

2338 4957 2451 5009 πὼν
2488 4959 2742 5029 δράσεται
2775 4959 2871 5028 τὴν
2908 4959 3044 5012 κατά
3074 4959 3179 5011 τῶν
3207 4959 3497 5030 δυσφήμων
3533 4962 3708 5032 δίκην.

697 5039 862 5095 Deum
897 5044 984 5109 qui
1024 5052 1109 5095 est
1157 5059 1315 5111 super
1366 5046 1565 5099 omnia.
1615 5045 1844 5113 Eceujus
1896 5048 2087 5099 matris
2120 5062 2239 5100 esse
2278 5057 2450 5113 potest
2477 5049 2565 5101 ille
2592 5048 2781 5112 Filius,
2806 5052 2895 5117 qui
2940 5051 3220 5103 divinitate
3283 5052 3516 5120 ingenita
3586 5066 3639 5109 et
3686 5054 3887 5127 absque

696 5134 801 5188 ullo
832 5135 1113 5203 principio,
1142 5139 1423 5192 amicitur?
1455 5139 1562 5193 Nec
1593 5142 1634 5193 si
1661 5141 1779 5205 quis
1813 5141 2147 5209 unigenitum
2180 5142 2275 5195 Dei
2314 5141 2525 5204 Filium,
2561 5143 2921 5197 eumdemmet
2942 5153 2994 5199 et
3016 5143 3226 5199 Patrem
3258 5159 3379 5200 esse
3404 5151 3611 5213 doceat,
3635 5149 3886 5215 judicium

696 5231 888 5294 poterit
930 5231 1220 5296 declinare,
1254 5236 1396 5303 quod
1448 5247 1530 5289 est
1581 5243 1764 5289 contra
1794 5236 2083 5291 maledicos
2128 5238 2497 5291 constitutum.

768 5450 825 5507 ›Ι‹
854 5443 948 5500 Ed.
980 5447 1148 5505 Paris.
1183 5464 1299 5519 pag.
1327 5450 1414 5504 65.

1090 5625 1491 5711 τρίτονΝιιίςο
1526 5626 1658 5707 ἀλλὰ
1682 5626 1939 5711 τρὸθτρίτον
1974 5638 2025 5683 et
2056 5628 2171 5711 Mli:
2194 5645 2281 5711 γρ.

692 5687 979 5757 τυιεοχρὴ
1017 5687 1191 5760 ζητεῖν
1217 5708 1268 5751 et
1298 5687 1501 5747 καταντ.
1532 5687 1810 5748 διαπηδῶν
1832 5698 1983 5768 δίκην
2016 5711 2068 5755 et
2104 5687 2183 5751 διὸ
2205 5687 2271 5751 ’δὲ

1531 5450 1578 5483 ⁸*
1605 5449 1811 5505 Coloss.
1840 5464 1879 5518 t,
1910 5451 1993 5505 16.
2072 5451 2117 5483 ⁸⁵
2145 5450 2277 5505 Ibid.
2316 5450 2396 5504 ΓΙ.

2306 5626 2463 5746 om};
2514 5626 2629 5683 loco
2656 5624 2811 5698 ὁμοῦ,
2844 5640 2895 5686 et
2918 5649 3004 5703 γρ.
3048 5632 3295 5696 ἀκούσεις
3337 5631 3453 5690 loco
3482 5632 3731 5689 ἀκούσει.
3763 5631 3889 5688 Dein

2316 5730 2423 5764 .l‘VI
