4106 6428
189 395 290 456 837

856 511 1010 566 ΚΕΦ.
1042 510 1122 564 η’.

188 605 532 674 Παρόθσσις
569 604 678 674 τῆς
723 600 930 674 ὑγιοῦς
979 601 1072 674 εισι
1128 599 1632 667 ἐκκλησιαστικης
1673 606 1768 660 ορ-

825 669 1121 735 θοδοείας.

254 767 349 820 Διὸ
381 766 448 839 δὴ
473 766 574 836 τὴν
599 762 810 817 εὐθεῖαν
842 761 934 814 καὶ
959 757 1241 830 βασιλικὴν
1265 757 1382 811 ὁδὸν
1400 753 1766 830 ὀρθοτομοῦσα

190 857 220 930 ἢ
266 855 571 927 Ἐκκλησία
610 853 700 908 τοῦ
727 852 882 916 Θεοῦ,
913 852 1007 914 τάι,
1040 850 1146 920 μὲν
1173 847 1336 911 ἀλλας
1382 844 1768 919 παρατροπὰς

187 947 584 1016 ἀπεδοκίμασε,
616 945 727 1007 τοῖς
749 943 794 997 δ’
816 941 988 1012 αὐτῆς
1016 939 1292 1012 θρέμμασι
1318 938 1420 1009 τῆς
1447 936 1628 990 ἐνθέου
1666 934 1767 1005 χά-

188 1054 336 1110 ριτος
369 1034 701 1105 παραδίδωσι
738 1032 835 1104 τὴν
875 1031 1097 1101 γνῶσιν,
1137 1031 1255 1084 κατ’
1288 1030 1417 1083 αὐτὸ
1442 1029 1542 1098 τῆς
1576 1027 1768 1095 παλιγ-

187 1126 442 1195 γενεσίας
477 1126 771 1197 μυστήριον
810 1123 1091 1194 ὁμολογεῖν
1131 1121 1453 1175 διδάσκουσα
1497 1120 1633 1190 (καὶ)
1679 1137 1768 1171 πι-

189 1213 407 1268 στεύειν
436 1213 550 1282 (24)
569 1215 648 1277 είς
677 1214 773 1267 ἕνα
801 1210 1186 1282 Θεὸν,Πατέρα
1217 1209 1650 1280 παντοκράτορα,
1680 1223 1767 1260 τε-

186 1305 339 1358 λείαν
366 1304 461 1358 καὶ
490 1303 691 1374 ἀκριϐῆ
741 1303 832 1356 καὶ
858 1301 1146 1372 ὁλόκληρον
1181 1299 1382 1371 ταύτην
1426 1298 1622 1352 ειδέναι
1651 1296 1763 1368 (25)

187 1394 536 1464 παρέχουσαν
563 1391 658 1463 τὴν
684 1390 974 1460 θεολογίαν,
1002 1390 1037 1460 ἢ
1060 1389 1191 1444 Θεὸν
1224 1391 1320 1460 μὲν
1351 1390 1444 1442 ἕνα
1467 1387 1767 1460 παραδίδω-

189 1499 295 1546 σιν,
339 1485 672 1555 ἀφορίζουσα
708 1484 806 1554 τῆς
851 1482 1162 1553 Ἑλληνικῆς
1206 1481 1297 1534 xui
1329 1479 1586 1534 πολυθέου
1633 1477 1764 1529 πλάο

189 1590 306 1644 νης·
353 1576 570 1646 Πατέρα
596 1574 653 1626 δὲ
679 1574 838 1627 αύτὸν
863 1569 966 1625 οἶδε
1000 1573 1100 1643 τῆς
1138 1572 1430 1640 Ἰουδαϊκῆς
1461 1568 1764 1641 χωρίζουσα

188 1665 553 1728 διδασκαλίας,
603 1665 1017 1736 παντοκράτορα
1052 1663 1108 1717 δὲ
1152 1662 1309 1716 αὑτὸν
1358 1661 1625 1731 ὁμολογεῖ,
1667 1661 1765 1728 τῆς

190 1752 298 1806 τῶν
351 1754 525 1807 ἀθέων
570 1754 889 1824 ἑτεροδόξων
941 1751 1389 1823 ἀποστρεφομένη
1438 1749 1534 1819 τὴν
1579 1749 1765 1800 δυσσέ-

1191 385 1281 444 DE
1316 377 1846 442 ECCLISIASTICA
1877 371 2274 432 THEOLOGIA
2306 370 2436 428 LIB.
2470 367 2516 426 I.

2618 529 2632 544 .
2677 486 2816 543 VIII.

2618 529 2632 544 .
2677 488 2816 543 VIII.

1868 588 2195 657 Proponitur
2243 488 2636 640 οτιὴοάοξαΑῗι
2682 578 2940 635 salutaris
2986 575 3238 632 Ecclesia
3278 573 3437 645 ﬁda.

1936 744 2278 814 Quapropter
2299 743 2388 798 via
2418 741 2563 812 regia
2592 748 2752 812 atque
2783 748 2928 795 recta
2961 737 3218 795 incedens
3245 737 3438 795 Eccle-

1866 839 1946 894 sia
1999 837 2114 902 Dei,
2171 834 2489 891 diverticula
2534 849 2564 888 a
2618 847 2678 887 se
2715 833 2931 901 ablegat
2983 829 3440 900 cujusquemodi:

1867 929 2004 992 suis,
2032 927 2122 997 qui
2168 935 2310 989 sunt,
2343 925 2574 980 alumnis
2615 925 2808 994 gratia:
2844 923 3045 978 divina:
3075 923 3437 993 cognitionem

1867 1018 2210 1072 commendat
2259 1031 2272 1068 :
2319 1015 2444 1070 dum
2498 1015 2553 1069 in
2609 1015 2730 1085 ipso
2771 1013 3200 1084 regenerationis
3257 1012 3442 1069 sacra-

1866 1107 2047 1164 mento
2074 1108 2230 1162 docet
2265 1107 2530 1172 confiteri,
2584 1116 2638 1160 et
2671 1106 2895 1162 credere
2950 1106 3002 1160 in
3054 1120 3219 1160 unum
3272 1105 3441 1160 Deum

1868 1199 2085 1255 Patrem
2131 1201 2597 1269 omnipotentem,
2669 1197 2964 1266 perfectam
3027 1199 3142 1252 suis
3197 1196 3445 1252 numeris

1866 1298 2139 1350 exactam,
2159 1297 2216 1342 et
2241 1297 2670 1344 consummatam
2706 1287 2942 1355 undique
2972 1286 3114 1341 hanc
3145 1300 3258 1354 prae
3281 1300 3342 1340 se
3364 1284 3443 1339 fe-

1868 1393 1994 1434 rens
2024 1377 2346 1433 credeudam
2373 1375 2654 1444 theologia:
2684 1377 2970 1440 rationem,
3017 1388 3125 1444 qua
3151 1373 3293 1429 Deus
3320 1387 3442 1427 esse

1868 1483 2004 1522 unus
2037 1470 2285 1534 traditur,
2327 1473 2662 1539 paganorum
2716 1467 2783 1521 de
2831 1467 2936 1521 diis
2983 1467 3168 1521 multis
3219 1480 3441 1521 errores

1866 1559 2225 1622 refelluntur;
2270 1575 2371 1628 qua
2397 1558 2710 1628 agnoscitur
2752 1557 2892 1612 idem
2925 1557 3068 1612 Deus
3101 1555 3264 1635 Pater
3297 1575 3310 1635 ς
3341 1569 3441 1624 per

1865 1667 2026 1720 quam
2084 1650 2482 1706 confessionem
2533 1663 2688 1704 suam
2735 1649 3060 1703 discernitur
3113 1647 3354 1702 Ecclesia
3407 1663 3440 1701 a

1866 1741 2111 1808 Judzeis;
2157 1755 2262 1811 qua
2327 1741 2635 1808 agnoscitur
2682 1740 2825 1794 idem
2883 1738 3225 1808 omnipotens
3278 1752 3435 1802 esse,

191 1842 364 1898 δειαν.
401 1845 584 1908 Οὐδεὶς
612 1844 740 1912 γοῦν
772 1844 878 1898 τῶν
909 1842 1227 1914 ἑτεροδόξων
1257 1841 1400 1894 είποι
1433 1841 1498 1893 ἂν
1527 1839 1615 1892 τὸν
1649 1841 1760 1892 [Iu-

1866 1836 2149 1888 atheorum
2180 1841 2237 1887 et
2288 1833 2666 1886 haereticorum
2710 1831 3040 1901 impietatem
3097 1831 3437 1886 detestanda.

192 1932 325 2003 τέρα
358 1932 451 1986 τοῦ
482 1935 740 2006 Χριστοῦ,
777 1935 941 1988 αὐτὸν
969 1930 1107 1986 εἶναι
1154 1934 1246 1986 τὸν
1278 1933 1409 1986 Θεὸν
1440 1933 1532 1984 τὸν
1569 1945 1764 1985 παντο-

193 2025 458 2096 κράτορα,
483 2026 558 2090 ὡς
598 2027 718 2079 οὐδὲ
761 2026 1025 2079 Ἰουδαίων
1059 2025 1440 2096 ὁμολογήσειεν
1475 2015 1540 2076 ἀν
1566 2040 1648 2085 τις
1671 2024 1762 2076 τὸν

192 2117 326 2170 Θεὸν
351 2110 567 2187 Πατέρα
600 2113 756 2182 εἶναι,
791 2117 880 2170 τὸν
916 2118 1176 2187 μονογενῆ
1214 2117 1339 2169 Υίὸν
1369 2115 1442 2186 μὴ
1463 2114 1614 2177 είδώς
1637 2131 1650 2144 ⁸
1681 2117 1764 2168 οὐ·

193 2205 248 2258 δέ
277 2223 341 2273 γε
366 2206 562 2276 Ἕλλην
599 2206 695 2260 ἕνα
726 2207 883 2276 μόνον
910 2209 1130 2276 φήσειεν
1159 2206 1353 2260 ειδέναι
1380 2205 1531 2258 Θεόν.
1563 2205 1659 2256 Διά
1681 2221 1761 2256 τοι

193 2293 396 2346 τούτων
415 2294 664 2348 ἀπάντων
685 2295 1122 2364 ἀποκαθαίρουσα
1145 2295 1239 2365 τὴν
1260 2294 1462 2364 πλάνην
1481 2295 1512 2364 ἡ
1537 2292 1763 2364 Ἐκκλη-

195 2382 305 2447 σία,
339 2385 429 2435 τὸν
459 2383 554 2436 ἕνα
583 2383 714 2436 Θεὸν
749 2384 1024 2454 κηρύττει,
1053 2385 1215 2437 αὑτὸν
1255 2379 1391 2436 εἶναι
1424 2385 1516 2435 xui
1546 2365 1763 2454 Πατέρα

194 2477 288 2530 καὶ
321 2475 727 2548 παντοκράτορα
765 2475 1106 2540 διδάσκουσα,
1152 2475 1368 2546 Πατέρα
1402 2473 1499 2544 μὲν
1529 2474 1644 2537 ἑνὸς
1669 2464 1762 2526 τοῦ

191 2568 432 2638 Χριστοῦ
477 2569 656 2638 μόνου,
701 2567 806 2621 τῶν
855 2568 910 2620 δὲ
953 2569 1151 2622 λοιπῶν
1190 2569 1443 2622 ἁπάντων
1489 2569 1620 2623 Θεὸν
1669 2573 1763 2626 xui.

194 2657 418 2728 κτίστην
458 2658 551 2709 xui
583 2657 802 2729 Κύριον.
835 2659 987 2710 Οῦτω
1030 2659 1122 2712 xui
1156 2659 1280 2711 Υἰὸν
1327 2659 1458 2712 Θεοῦ
1501 2663 1762 2731 μονογενῆ

207 2749 413 2818 Ἰησοῦν
441 2749 669 2820 Χριστὸν
697 2751 1045 2820 παραδίδωσι,
1073 2751 1163 2802 τὸν
1185 2752 1292 2821 πρὸ
1317 2753 1529 2805 πάντων
1556 2755 1762 2808 αίὼνων

194 2839 261 2892 ὲκ
280 2839 373 2893 τοῦ
407 2841 616 2910 Πατρὸς
642 2842 1030 2911 γεγεννημένον
1051 2860 1064 2871 ·
1105 2843 1164 2893 ού
1208 2843 1298 2894 τὸν
1326 2842 1484 2894 αὑτὸν
1526 2844 1654 2896 ὄντα
1688 2845 1764 2914 τῷ

196 2931 392 3002 Πατρὶ,
428 2932 546 2984 καθ’
585 2933 772 2984 ἑαυτὸν
805 2931 859 2984 δὲ
888 2932 1018 2984 ὄντα
1051 2932 1143 2984 καὶ
1172 2922 1372 2994 ζῶντα,
1416 2933 1508 2985 xui.
1549 2934 1763 3004 ἀληθῶς

195 3021 324 3074 Υἰὸν
377 3022 598 3075 συνόντα
630 3021 764 3091 (26),
811 3022 944 3073 Θεὸν
989 3020 1099 3091 (27)
1131 3021 1194 3073 ὲκ
1229 3020 1384 3084 Θεοῦ,
1433 3022 1526 3074 xui
1559 3023 1672 3090 φῶς
1700 3025 1764 3075 ὲκ

198 3111 393 3180 φωτὸς,
430 3113 521 3164 καὶ
560 3113 700 3182 ζωὴν
739 3114 802 3165 ὲκ
847 3112 1023 3182 ζωῆς·
1069 3111 1313 3174 ἀλέκτοις
1347 3113 1440 3165 xui
1485 3114 1760 3184 ἀρρήτοις,

132 3265 141 3272 Δ
201 3203 292 3256 xui
325 3201 668 3256 παντάπασιν
708 3203 1003 3270 ἀγνώστοις
1043 3204 1194 3275 ἡμῖν,
1236 3205 1330 3256 xui
1364 3206 1764 3276 ἀκαταλήπτοις
1792 3201 1832 3229 “

201 3294 375 3364 λόγοις
407 3297 471 3347 ὲκ
497 3295 590 3348 τοῦ
611 3296 820 3366 [ἰατρὸς
849 3297 938 3348 ἐπὶ
962 3297 1202 3367 σωτηρίᾳ
1230 3298 1336 3349 τῶν
1356 3297 1491 3349 ὅλων
1513 3314 1764 3368 γεγεννη-

205 3388 380 3457 μένον,
398 3390 492 3441 xui
512 3383 828 3458 00161.10in
856 3389 951 3457 μὲν
979 3391 1088 3450 τοῖς
1116 3389 1318 3451 λοιποῖς
1341 3393 1611 3459 γεννητοῖς
1638 3390 1766 3442 ὑπο-

203 3479 422 3542 στάντα,
457 3479 574 3532 ούδὲ
602 3479 742 3549 ζωὴν
773 3480 981 3550 ἐμφερῆ
1009 3482 1118 3542 τοῖς
1156 3479 1221 3531 δι’
1245 3480 1404 3532 αὑτοῦ
1435 3480 1764 3549 γεγεννημέ-

201 3585 311 3631 νοις
344 3568 538 3634 ζῶντα,
582 3570 739 3639 μόνον
788 3571 844 3622 δὲ
898 3567 957 3634 ἐξ
991 3569 1155 3622 αὑτοῦ
1195 3569 1288 3622 τοῦ
1335 3570 1544 3639 Πατρὸς
1574 3572 1767 3623 ἀποτε-

201 3660 422 3732 χθέντα,
457 3663 549 3714 xui
577 3662 852 3732 αὑτοζωὴν
894 3662 1037 3715 ὅντα.
1068 3663 1178 3715 Kui
1204 3662 1407 3733 ἔπρεπε
1442 3661 1548 3732 γὰρ
1571 3661 1648 3731 τῷ
1676 3663 1765 3714 ἐπὶ

201 3752 418 3806 πάντων
443 3751 579 3822 Θεῷ,
614 3751 719 3823 πρὸ
756 3751 955 3814 παντὸς
990 3750 1268 3820 γεννητοῦ,
1300 3750 1392 3802 xui
1417 3750 1521 3820 πρὸ
1551 3750 1764 3803 πάντων

203 3840 433 3906 αἰώνων,
473 3842 533 3894 τὸ
568 3843 845 3911 μονογενὲς
889 3841 1044 3894 τοῦτο
1078 3840 1469 3912 προϐάλλεσθαι
1501 3841 1763 3910 γέννημα,

203 3930 389 4002 ῶσπερ
421 3932 540 3986 τινὰ
571 3932 809 4003 κρηπίδα
836 3933 928 3985 xui
960 3931 1202 4002 Θεμὲλιον
1242 3931 1477 4001 ἀρραγῆ,
1506 3930 1611 3981 τῶν
1640 3928 1767 3999 μελ-

201 4019 401 4076 λόντων
421 4023 484 4076 δι’
500 4024 658 4077 αὐτοῦ
683 4023 1052 4095 γεννήσεσθαι.
1074 4024 1164 4075 Διὸ
1279 4022 1383 4090 πρὸ
1413 4021 1626 4075 πάντων
1660 4019 1765 4073 τῶν

207 4114 507 4186 μελλόντων
530 4114 744 4169 ἔσεσθαι
775 4092 863 4167 τὸν
888 4115 1013 4166 Υίὸν
1038 4092 1248 4182 ἐγέννα,
1278 4113 1466 4184 ὥσπερ
1481 4113 1622 4174 τινὸς
1651 4129 1762 4179 φω-

202 4206 292 4268 τὸς
323 4206 535 4270 ἀκτῖνα,
557 4206 651 4257 xui
681 4204 825 4272 ζωῆς
862 4205 1062 4272 πηγὴν,
1115 4205 1206 4256 καὶ
1232 4201 1496 4273 θησαυρὸν
1526 4199 1762 4268 ἀγαθῶν,

209 4308 230 4342 ε
253 4293 308 4344 ὲν
333 4285 378 4357 ᾧ
406 4292 602 4353 πάντες
656 4293 790 4344 εἰσιν
819 4293 866 4342 oi
909 4291 1166 4362 θησαυροὶ
1203 4292 1299 4360 τῆς
1329 4290 1514 4358 σοφίας
1545 4290 1637 4341 xui
1666 4290 1765 4356 τῆς

210 4399 229 4432 ι
249 4382 500 4449 γνώσεως
534 4382 856 4453 ἀπόκρυφοι,
884 4401 901 4432 ι
939 4382 1077 4434 κατὰ
1122 4382 1210 4434 τὸν
1236 4382 1374 4434 θεῖον
1425 4379 1760 4432 Ἀπόστολον.

1863 1923 2052 1977 Nullus
2079 1933 2258 1976 autem
2295 1922 2456 1992 plane
2496 1922 2638 1976 inter
2693 1921 2850 1975 aliter
2893 1920 3242 1988 profitentes,
3275 1933 3440 1988 quam

1862 2016 2106 2075 Ecclesia
2151 2014 2346 2075 docet,
2397 2013 2744 2068 confitebitur
2773 2013 2938 2068 Deum
2973 2012 3191 2067 Patrem
3236 2011 3439 2068 Christi

1861 2126 1982 2168 esse
2028 2105 2179 2166 illum
2221 2106 2314 2180 qui
2352 2103 2494 2159 Deus
2526 2115 2610 2159 est
2645 2105 3022 2173 omnipotens;
3053 2108 3112 2166 >14
3146 2110 3206 2156 ut
3261 2117 3360 2157 nec
3407 2117 3442 2159 ο

1861 2201 2166 2258 Iudaeorum
2213 2206 2364 2257 secta
2411 2193 2679 2263 quispiam
2738 2201 2822 2247 est
2863 2190 3207 2258 professurus
3267 2189 3440 2246 Deum

1862 2295 2100 2358 Patrem,
2129 2309 2250 2349 cum
2283 2293 2401 2362 ejus
2429 2287 2628 2347 Iulium
2653 2284 2986 2353 unigenitum
3021 2297 3128 2338 non
3152 2282 3436 2337 admittat:

1862 2387 1957 2440 sed
2016 2400 2116 2441 nec
2174 2399 2508 2455 paganorum
2588 2383 2728 2438 ullus
2830 2374 3200 2440 concesserit,
3271 2388 3440 2428 unum

1863 2475 2035 2530 solum
2077 2490 2199 2531 esse
2233 2477 2426 2531 Deum.
2479 2475 2563 2530 Ab
2600 2475 2826 2530 istorum
2867 2465 3113 2527 omnium
3163 2465 3441 2519 erroribus

1863 2567 2102 2622 Ecclesia
2161 2580 2220 2620 se
2256 2566 2544 2630 mundans,
2601 2580 2766 2620 unum
2823 2565 2989 2619 Deum
3043 2555 3336 2634 pradicet.
3386 2561 3442 2607 α

1862 2659 2106 2714 emndem
2141 2672 2262 2713 esse
2291 2660 2448 2713 docet
2481 2656 2699 2713 Patrem
2740 2667 2796 2712 et
2826 2657 3250 2726 omnipotentem
3283 2671 3298 2709 :
3336 2645 3442 2705 Ps-

1864 2760 1999 2804 trem
2029 2749 2244 2818 quidem
2275 2749 2437 2804 unius
2463 2749 2632 2804 solius
2677 2747 2919 2812 Christi;
2960 2746 3199 2802 omnium
3255 2754 3434 2797 autem

1863 2838 2144 2893 Dominum
2195 2847 2249 2892 et
2295 2839 2656 2902 conditorem,
2709 2843 2763 2891 et
2815 2835 3005 2890 Deum.
3049 2835 3132 2889 Ad
3187 2832 3434 2888 eumdem

1863 2951 2073 3005 quoque
2119 2936 2335 2990 modum
2388 2934 2483 2988 Dei
2538 2933 2736 2987 Filium
2789 2932 3122 3002 unigenitum
3192 2927 3437 2996 agnoscit

1863 3042 2008 3093 eum,
2039 3029 2127 3096 qui
2163 3037 2288 3082 ante
2322 3027 2506 3081 omnia
2534 3024 2732 3080 saecula
2759 3025 2827 3079 de
2853 3023 3014 3078 Patre
3044 3023 3144 3077 fuit
3173 3022 3386 3090 genitus
3415 3039 3430 3075 :

1865 3131 1968 3170 non
2010 3116 2158 3170 illum
2186 3127 2352 3180 certe,
2392 3114 2639 3170 eumdem
2699 3129 2824 3169 cum
2864 3111 3021 3166 Patre
3060 3112 3434 3176 exsistentem,

1867 3216 1921 3261 at
1951 3222 2046 3276 per
2075 3222 2132 3262 se
2175 3198 2584 3272 subsistentem,
2631 3207 3008 3273 viventemque
3046 3217 3173 3257 vere
3218 3203 3432 3266 Filium,

1867 3310 1988 3348 cum
2018 3293 2176 3349 Patre
2214 3298 2635 3352 coexsistentem
2676 3297 2841 3351 Deum
2889 3295 2955 3350 de
2986 3294 3113 3360 Deo,
3145 3293 3321 3346 lumen
3371 3295 3438 3347 de

1866 3386 2064 3441 lumine
2090 3400 2103 3443 :
2142 3389 2305 3441 vitam
2334 3389 2398 3442 de
2426 3389 2534 3442 vita
2562 3407 2576 3453 ;
2617 3386 3078 3442 inenarrabilibus
3100 3425 3114 3448 ,
3149 3383 3438 3438 ineﬂ‘abili-
3470 3439 3475 3444 _

1866 3476 2009 3539 bus,
2062 3476 2374 3532 omnimodo
2423 3479 2718 3548 incognitis
2771 3488 2825 3531 et
2879 3476 3437 3546 imperscrutabilibus

1866 3567 2164 3621 rationibus
2194 3567 2261 3623 de
2289 3569 2449 3623 Patre
2481 3571 2746 3640 genitum,
2783 3559 2848 3623 ad
2885 3569 3115 3623 salutem
3171 3568 3438 3621 universis

1865 3660 2283 3727 procurandum.
2347 3658 2459 3713 Non
2517 3660 2773 3714 similiter
2827 3659 2950 3713 aliis
2998 3659 3431 3713 subsistentem:

1865 3764 1965 3804 nec
1989 3749 2152 3803 vitam
2183 3751 2448 3804 viventem
2477 3767 2598 3804 cum
2636 3751 2741 3806 illis
2771 3765 2952 3820 parem
2990 3751 3080 3819 qui
3111 3751 3180 3805 ab
3212 3765 3277 3804 eo
3309 3759 3436 3804 sunt

1865 3841 2078 3894 creati:
2115 3840 2286 3895 solum
2330 3841 2396 3894 de
2451 3841 2566 3895 solo
2619 3841 2782 3896 Patre
2826 3843 3062 3912 genitum
3095 3858 3109 3896 ε
3142 3842 3436 3910 ipsatnmet

1863 3931 2030 3985 vitam
2068 3931 2442 3986 exsistentem.
2479 3931 2610 3984 Erat
2659 3933 2804 3986 enim
2856 3932 2967 3988 Deo
3010 3933 3340 3988 conveniens
3381 3943 3436 3988 et

1865 4035 2183 4090 congruum,
2227 4023 2317 4090 qui
2363 4037 2523 4090 super
2560 4036 2750 4076 omnes
2787 4032 2891 4086 est,
2945 4024 3036 4092 qui
3077 4032 3203 4077 ante
3255 4025 3434 4078 omnia

1866 4113 2067 4181 genita,
2103 4121 2228 4166 ante
2265 4112 2461 4167 sarcula
2510 4115 2691 4168 omnia
2722 4114 3051 4178 exsistebat,
3102 4116 3433 4184 unigenitum

1866 4205 1968 4258 hoc
2012 4204 2258 4272 genimen
2317 4207 2653 4272 producere,
2701 4204 2863 4258 veluti
2907 4206 3194 4275 quamdam
3259 4207 3432 4260 basim

1866 4293 2103 4348 futurum
2145 4305 2199 4347 et
2228 4294 2659 4360 fundamentum,
2692 4307 2746 4350 et
2785 4297 3207 4351 sustentaculum
3240 4297 3436 4351 immo-

1866 4387 1969 4440 bile
2002 4401 2187 4441 eorum
2214 4388 2453 4442 omnium
2488 4403 2609 4457 quas
2641 4397 2798 4443 erant
2834 4389 2886 4442 in
2928 4390 3185 4444 secundis
3238 4391 3438 4462 produ-

205 4470 481 4526 Τοσούτων
514 4473 749 4541 ἀγαθῶν,
788 4475 816 4526 ό
851 4475 1006 4544 μόνος
1055 4473 1254 4541 ἀγαθὸς
1298 4473 1484 4542 Πατὴρ
1511 4472 1600 4524 τὸν
1639 4470 1765 4522 Υίὸν

1867 4476 2055 4529 cendo.
2092 4474 2243 4531 Hanc
2269 4479 2338 4531 ob
2359 4492 2580 4531 causam
2621 4476 2818 4531 Filium
2871 4479 3268 4549 progeneravit,
3313 4489 3437 4533 ante

204 4563 401 4634 ύφίστη
432 4563 704 4634 αύτοζωὴν
749 4564 895 4628 δντα,
934 4563 1190 4627 ζωοποιὸν
1222 4562 1329 4614 τῶν
1362 4562 1515 4626 ὅλων,
1549 4561 1642 4613 xui
1673 4560 1766 4612 αύ-

203 4653 381 4722 τοφῶς
406 4653 465 4706 τὸ
487 4653 755 4724 ἀληθινὸν,
782 4656 872 4707 xui
900 4655 1075 4724 πάσης
1098 4655 1286 4724 νοερᾶς
1315 4654 1406 4705 xui.
1434 4653 1653 4722 λογικῆς
1680 4653 1768 4704 ού-

206 4741 327 4805 σίας
372 4745 724 4811 φωτιστικόν’
774 4746 865 4797 καί
907 4745 1211 4812 αύτόλογον,
1261 4745 1353 4797 xui
1408 4743 1618 4812 σοφίαν,
1679 4761 1766 4796 σο-

207 4833 322 4901 φῶς
350 4831 462 4901 (28)
495 4833 562 4886 τά
587 4835 761 4886 πάντα
786 4835 880 4888 xui
929 4835 1156 4902 λογικῶς
1189 4834 1545 4903 ὑφιστάμενόν
1572 4852 1630 4886 τε
1673 4837 1766 4888 xui

205 4922 522 4976 διοικοῦντα.
553 4917 652 4975 Ὧν
689 4923 751 4994 δὴ
789 4927 944 4996 χάριν
972 4927 1000 4976 ό
1033 4926 1320 4996 μονογενὴς
1350 4925 1475 4986 Υίὸς
1503 4925 1597 4977 τοῦ
1630 4923 1764 4977 Θεοῦ

212 5014 369 5083 μόνος
428 5013 588 5077 αὐτὸς
642 5015 736 5066 xui
791 5016 910 5068 οὐδὲ
961 5015 1116 5080 ἀλλος
1163 5015 1520 5088 ἀνηγόρευται
1567 5031 1627 5068 τε
1677 5017 1772 5070 xui

207 5102 374 5158 εστιν.

278 5377 389 5450 (2})
417 5378 799 5434 Διδάσκουσα
825 5385 1146 5446 πιστεύειν,
1181 5382 1294 5450 lege
1331 5383 1424 5438 xui
1474 5382 1770 5437 πιστεύειν.

210 5443 383 5521 Corde
416 5451 554 5521 enim
584 5452 843 5521 creditur,
898 5468 994 5506 ore
1023 5453 1082 5505 ﬂt
1136 5443 1400 5508 cortiessio
1435 5469 1447 5504 :
1485 5462 1773 5521 utrumque

210 5519 448 5588 exigitur
481 5518 530 5569 in
559 5534 716 5588 sacro
739 5519 1081 5588 baptismate.

285 5585 823 5671 (ξδλιιαρέχαυσαῇ
857 5591 1186 5671 θεολογίαξε.
1237 5589 1389 5671 Lege
1434 5593 1769 5671 παρέχουσα.

1870 4581 1932 4621 ea
1980 4567 2159 4621 omnia
2205 4584 2324 4638 qua:
2367 4570 2709 4639 producenda
2767 4581 2961 4636 erant,
3002 4580 3254 4639 tauquam
3303 4571 3438 4625 lucis

1871 4658 2144 4723 cujusdam
2199 4660 2429 4724 radium,
2477 4661 2600 4716 vitae
2649 4659 2876 4726 fontem,
2914 4661 3175 4716 bonorqu
3224 4662 3438 4714 thesau-

1872 4763 2010 4810 rum,
2036 4766 2052 4798 ι
2077 4747 2129 4800 iu
2159 4764 2266 4818 quo
2283 4759 2611 4804 suntomnes
2633 4751 2911 4818 sapientiae
2939 4753 3174 4805 thesauri
3207 4753 3438 4806 abscon-

1871 4837 1962 4891 diti
1987 4848 2040 4892 et
2067 4839 2410 4908 cognitionis,
2439 4858 2456 4891 ι
2476 4843 2924 4909 quemadmodum
2951 4842 3163 4896 divinus
3196 4843 3436 4897 docebat

1871 4927 2161 4996 Apostolus
2198 4930 2264 4984 “.
2319 4931 2610 4985 Tantorum
2669 4931 2962 5003 taliumque
3000 4934 3288 4999 bonorum,
3345 4936 3435 5002 qui

1867 5019 2013 5073 solus
2063 5019 2238 5074 bonus
2301 5020 2461 5076 Pater
2505 5031 2609 5087 est,
2661 5022 2854 5076 Filium
2903 5027 3192 5093 progenuit
3253 5041 3434 5088 suum,

1871 5109 2157 5179 ipsammet
2187 5111 2351 5165 vitam
2378 5114 2726 5167 exsistentem
2747 5153 2763 5180 ,
2805 5122 2860 5168 et
2888 5115 3128 5169 omnium
3162 5129 3281 5184 quae
3313 5125 3438 5170 sunt

1941 5383 2050 5456 (es)
2087 5383 2222 5456 ηὸν
2245 5384 2740 5456 συνόνταηυεθει,
2766 5380 3063 5456 τῷίΠατρί.

1941 5452 2068 5527 (ΞἹλ
2095 5454 2201 5527 Μρ,
2235 5472 2324 5526 γρ.
2366 5453 2549 5527 Harp}
2586 5466 2712 5508 ante
2758 5452 2890 5508 Θεόν
2929 5452 3252 5527 ponendum.
3311 5454 3434 5511 Mox

1868 5525 2027 5592 vulgo
2047 5523 2126 5575 διὸ
2147 5522 2204 5575 δέ
2233 5522 2285 5577 et
2318 5524 2448 5577 αὐτὸ
2474 5522 2607 5592 φῶς,
2641 5533 2745 5577 etc.

1939 5591 2052 5661 (28)
2085 5593 2195 5644 Καὶ
2234 5595 2479 5661 σοφίαν,
2508 5592 2733 5661 σαφῶς.
2773 5593 2959 5647 Potius
2982 5591 3306 5660 αύτοσοφίαν
3327 5631 3342 5656 ,
3372 5603 3434 5661 _ut

210 5651 836 5732 Eccleslaijem'pehsuis
878 5651 1107 5732 alumnis
1138 5651 1616 5732 ΔΙιιηιιιὲἶὶιίιξιιις’ξιίὲ
1658 5670 1774 5732 sta-
1870 5651 2177 5732 αύτόλογον.
2222 5651 2389 5732 Sic'et
2421 5651 2548 5718 mss.
2581 5651 2653 5718 ér.
2781 5664 2875 5716 121
2913 5663 2974 5718 D.
3014 5663 3130 5718 Mox
3168 5651 3338 5732 vulgo.
3363 5654 3434 5715 an

215 5718 310 5780 tim
345 5718 687 5797 χωρίζουσα(
711 5725 781 5780 Μ.
811 5757 878 5768 -—
908 5727 1027 5783 Mox
1061 5730 1219 5797 vulgo
1246 5727 1337 5780 τὸν
1365 5718 1511 5782 Θεὸν
1526 5727 1767 5800 Πατέρα.

1867 5729 1924 5783 δέ
1951 5740 2004 5786 et
2033 5731 2438 5800 ἀναγορεύεται.
