4106 6460
209 472 308 527 ειι
1152 465 1241 521 ΒΕ
1281 463 1608 524 ECCLESIA
1618 463 1757 522 STIC

1863 461 2262 522 TBEOLOGIA
2297 463 2432 522 LIB.
2473 463 2514 520 1.
3365 469 3471 526 842

198 585 359 654 τρός,
382 583 616 651 ἐκεῖνος
635 580 996 653 ἐξηγήσατο.
1023 601 1040 632 ι
1078 579 1237 634 Ἀλλά
1260 581 1353 633 καὶ
1375 579 1538 633 αὑτοὺ
1560 580 1652 634 τοῦ
1676 581 1757 634 Σω

1860 627 1862 639 ,
1891 577 2138 633 eamdem
2175 572 2342 631 veluti
2371 574 2547 648 sigillo
2572 589 2675 633 suo
2699 577 3153 634 communiturus.
3200 576 3470 647 Quocirca

192 679 364 747 τῆρος
396 677 457 728 ὲν
477 676 597 739 ταῖς
624 677 749 746 περῖ
771 672 936 726 αὑτοῦ
961 669 1327 733 διδασκαλίαις
1349 669 1502 722 ταῦτ’
1527 669 1757 741 ἐπισφρα

1886 683 2011 723 cum
2032 665 2342 738 huiusmodi
2370 667 2748 724 testimonium
2783 668 2884 737 ipsi
2917 668 3296 725 universorum
3327 670 3468 728 Deus

194 767 528 837 γιςομένου,
570 766 640 818 δι’
683 759 758 817 ὦν
802 763 1006 831 ἔλεγενσ
1047 761 1210 814 οὕτω
1250 761 1360 829 γὰρ
1398 759 1757 830 ἠγάπησενι

1885 757 2236 824 exhibuerit;
2303 772 2540 828 cumque
2596 759 2819 815 disertis
2881 759 3064 817 verbis
3113 759 3464 834 Evangelista

192 857 345 926 Θεὸς
369 858 478 912 τόν
503 860 750 926 κόσμον,
781 853 937 909 ὥστε
970 854 1076 908 τόν
1103 853 1240 906 Υιὸν
1263 852 1449 907 αὑτοῦ
1473 851 1580 906 τόν
1595 870 1778 922 μονο-

189 950 342 1022 τενῆ
382 949 627 1012 ἔδωκεν,
661 948 762 1002 ἵνα
795 945 914 1013 πᾶς
942 949 975 1001 ὀ
1013 945 1317 1000 πιστεύων
1349 946 1434 1010 εὶς
1453 943 1639 999 αὑτὸν
1667 947 1777 1015 ἔχῃ

187 1042 349 1111 ζωὴν
375 1040 638 1095 αίώνιον.
670 1040 728 1094 '0
752 1041 888 1112 μετά
907 1038 1109 1101 ταύτας
1138 1037 1238 1100 τὰς
1261 1036 1444 1106 φωνὰς
1465 1036 1688 1108 γενητὸν
1716 1037 1777 1102 ἐξ

186 1135 293 1188 οὐκ
336 1133 528 1195 ὄντων,
554 1133 649 1186 καὶ
697 1132 900 1203 κτίσμα
925 1131 1035 1201 (36)
1077 1128 1419 1201 προηγμένον
1459 1129 1524 1181 ἐκ
1565 1127 1658 1182 τοῦ
1699 1129 1774 1199 μὴ

183 1224 344 1286 ὄντος
380 1224 472 1276 τὸν
497 1223 626 1277 Υίὸν
653 1223 984 1295 ὁριζόμενος,
1015 1219 1204 1292 λέληθε
1231 1218 1467 1290 τοῦνομα
1501 1219 1600 1290 μὲν
1621 1218 1772 1290 αὑτῷ

189 1315 354 1387 μόνον
386 1315 765 1386 χαριζόμενος,
781 1313 843 1367 τὸ
867 1313 911 1367 δ’
933 1312 1148 1384 ἀληθῶς
1170 1312 1296 1365 Υἱὸν
1321 1308 1460 1365 εἷναι
1495 1309 1767 1383 ἀρνούμεο

184 1421 300 1470 νος.
344 1406 404 1458 '0
445 1405 555 1476 γάρ
587 1403 646 1470 ἐξ
677 1405 777 1458 οὑκ
812 1404 979 1457 ὄντων
1017 1402 1273 1472 γεγονὼς,
1314 1401 1414 1454 οὑκ
1458 1400 1523 1454 ἂν
1553 1398 1770 1472 άληθῶς

185 1497 385 1566 γένοιτ’
409 1497 474 1551 ἂν
505 1499 631 1563 rte;
663 1496 756 1551 τοῦ
780 1495 912 1550 Θεοῦ
931 1513 944 1525 ·
978 1497 1060 1549 ὅτι
1100 1493 1232 1566 μηδὲ
1265 1493 1391 1548 ἄλλο
1420 1508 1472 1546 τι
1505 1493 1614 1546 τῶν
1646 1509 1768 1560 γεν-

185 1603 387 1660 νητων.

1881 851 2218 923 pronuntiet,
2249 865 2373 906 eum
2407 864 2532 907 esse
2556 849 2754 906 Filium
2791 851 3153 923 unigenitum,
3181 853 3307 909 dum
3338 871 3466 926 pro-

1885 941 2102 997 nuntiat
2135 958 2149 996 :
2185 941 2354 996 Deum
2385 958 2534 996 nemo
2556 942 2688 996 vidit
2714 958 2946 1011 unquam
2971 959 2990 998 :
3009 942 3330 1015 Unigenitus
3360 947 3468 1003 Fi-

1881 1034 1986 1088 lius
2030 1031 2144 1104 (aut
2186 1033 2328 1088 Deus
2361 1033 2694 1104 unigenitus)
2727 1036 2818 1105 qui
2861 1045 2972 1089 erat
3009 1038 3064 1091 in
3097 1039 3220 1092 sinu
3255 1037 3463 1106 Patris,

1881 1127 1992 1197 ipse
2011 1126 2281 1180 enarravit
2305 1124 2373 1180 ⁵³.
2407 1125 2599 1180 Adhuc
2625 1140 2749 1180 cum
2783 1125 3046 1182 Servatur
3076 1128 3297 1198 insuper
3323 1129 3459 1200 ipse,

1879 1219 2024 1272 inter
2075 1217 2402 1282 docendum,
2464 1215 2569 1272 hoc
2619 1219 2878 1288 assignet,
2928 1218 3018 1274 ubi
3057 1219 3128 1274 ita
3172 1220 3458 1291 loquitur:

1875 1309 1963 1364 Ita
1983 1308 2126 1364 Deus
2147 1309 2333 1364 dilexit
2361 1312 2622 1364 mundum
2643 1349 2660 1376 ,
2705 1321 2761 1365 ut
2791 1308 2992 1365 Filium
3021 1313 3185 1380 ipsius
3220 1314 3464 1385 unigeni-

1875 1411 1987 1455 tum
2020 1402 2260 1467 dederit,
2289 1411 2346 1456 ut
2378 1402 2551 1457 omnis
2591 1404 2680 1470 qui
2703 1402 2756 1456 in
2791 1419 2910 1458 eum
2945 1405 3258 1471 crediderit,
3300 1406 3460 1461 vitam

1873 1493 2139 1557 possideat
2170 1503 2420 1548 wternam
2467 1493 2534 1549 “.
2581 1493 2842 1564 Quisquis
2889 1495 3053 1565 igitur
3089 1501 3147 1559 vis
3175 1504 3299 1566 post
3342 1495 3459 1552 hac

1875 1585 2185 1641 testimonia
2223 1587 2563 1658 progenitum
2591 1587 2743 1642 illum
2775 1587 2843 1643 de
2868 1602 2974 1643 non
2999 1589 3256 1653 entibus,
3300 1597 3358 1646 et
3390 1604 3459 1645 ex

185 1694 296 1738 non
326 1689 456 1736 ente
512 1678 834 1749 productam
898 1677 1248 1734 aﬂirmaverit
1289 1686 1617 1739 creaturam,
1662 1676 1826 1732 istum
1868 1678 2101 1746 Filium;
2179 1695 2374 1736 nomen
2429 1682 2480 1737 ei
2557 1683 2760 1739 nudum
2827 1683 3202 1738 tantummodo
3267 1681 3458 1754 largiri

187 1770 632 1842 deprehenditur,
682 1783 870 1826 revera
925 1779 1102 1825 autem
1135 1766 1330 1826 Filium
1385 1783 1526 1836 esse,
1565 1782 1884 1841 pernegare.
1919 1771 2054 1826 Nam
2099 1774 2189 1844 qui
2252 1773 2319 1828 de
2378 1789 2482 1829 non
2554 1773 2942 1831 exsistentibus
2980 1782 3275 1845 generatus
3330 1789 3457 1842 est,

185 1869 238 1929 ls
265 1880 418 1928 certe
443 1869 536 1926 Dei
564 1867 737 1926 Filius
775 1883 897 1926 esse
933 1881 1122 1924 revera
1166 1865 1355 1938 nequit
1386 1883 1402 1922 :
1434 1881 1541 1923 non
1586 1869 1762 1937 magis
1798 1883 1960 1940 quam
2001 1869 2216 1940 quidvis
2240 1871 2392 1926 aliud
2421 1880 2689 1927 creatum.

863 1961 1019 2014 ΚΕΦ.
1050 1961 1107 2014 I'.

187 2055 307 2108 Ὅτι
330 2057 521 2125 μόνος
554 2054 621 2108 ἐκ
653 2053 758 2108 τοῦ
791 2054 1018 2121 Πατρός
1046 2055 1356 2124 γεννηθεὶς
1391 2056 1631 2122 εἰκότως
1668 2057 1768 2112 καὶ

255 2126 404 2191 Θεὸς
451 2126 548 2179 καί
589 2125 925 2196 μονογενὴς
984 2126 1113 2192 Υἱὸς
1152 2127 1340 2196 μόνος
1382 2127 1565 2193 αὐτὸς
1595 2129 1771 2183 ἀνεί-

330 2212 446 2249 ται.

330 2212 446 2249 ται.

240 2212 367 2354 ἵξῃ
406 2288 464 2341 '0
491 2286 536 2339 δ⁴
562 2285 776 2355 άληθῶς
810 2285 935 2350 Υίδς
961 2285 1056 2340 τοῦ
1087 2288 1222 2340 Θεοῦ
1260 2287 1320 2352 ἐξ
1363 2287 1525 2343 αὑτοῦ
1570 2288 1666 2342 ἆτε
1703 2287 1766 2359 δὴ

177 2378 244 2433 ἑκ
265 2379 477 2451 Πατρός
506 2378 841 2450 άποτεχθεὶς,
869 2379 1091 2442 εἰκότως
1113 2379 1206 2433 καὶ
1221 2381 1523 2452 Ἀγαπητὸς
1555 2382 1648 2434 καὶ
1664 2381 1770 2435 Μο-

177 2474 403 2542 νογενὴς
455 2471 842 2544 χρηματίζειεν
871 2472 938 2525 ἂν
968 2469 1063 2526 τοῦ
1109 2472 1350 2544 Πατρός·
1393 2472 1534 2526 οὕτω
1573 2473 1629 2526 δὲ
1675 2473 1768 2526 καὶ

176 2564 309 2628 Θεὸς
340 2564 403 2618 ἃν
428 2566 512 2635 είη
545 2563 676 2635 (58).
706 2564 771 2616 Τί
798 2563 906 2637 γὰρ
939 2563 1006 2618 ἂν
1031 2564 1242 2632 γένοιτο
1269 2563 1404 2618 Θεοῦ
1428 2565 1673 2636 γέννημα
1688 2564 1767 2636 τῷ

175 2658 530 2727 γεγεννηκότι
563 2655 1033 2728 άφωμοιωμένον;
1085 2657 1273 2723 κτίζει
1315 2657 1415 2728 μὲν
1457 2653 1552 2712 οὖν
1609 2657 1764 2728 βασι-

175 2744 299 2810 λεὺς
321 2747 497 2810 πόλιν,
523 2746 638 2800 ἀλλ’
661 2746 722 2798 οὑ
753 2746 916 2816 γεννᾷ
943 2745 1097 2798 πόλιν
1119 2763 1132 2776 ⁸
1171 2747 1366 2817 γεννᾷν
1391 2745 1448 2800 δὲ
1480 2747 1617 2813 υἱὸν,
1650 2745 1762 2800 ἀλλ’

173 2838 237 2892 οὑ
263 2839 468 2904 κτίζειν
499 2838 716 2906 λέγεται
739 2853 753 2868 ο
790 2839 882 2890 καὶ
908 2839 936 2888 ὁ
969 2837 1297 2910 δημιουργὸς
1327 2838 1602 2910 τεχνίτης,
1644 2837 1760 2891 ἀλλ’

176 2931 298 3001 οὑχ).
325 2930 507 3002 πατὴρ
545 2929 738 2997 γένοιτ’
782 2929 848 2982 ἂν
877 2927 972 2981 τοῦ
1019 2931 1154 3002 πρὸς
1195 2931 1356 2984 αὑτὸν
1402 2931 1762 3002 δημιουργου-

179 3024 342 3095 μένου
361 3039 375 3052 ·
415 3022 510 3076 τοῦ
542 3021 588 3076 δ’
615 3020 675 3088 ἐξ
699 3020 864 3075 αὑτοῦ
888 3019 1085 3088 φύντος
1117 3020 1234 3075 υίοῦ
1267 3023 1368 3076 οὑκ
1397 3022 1464 3076 ἂν
1495 3022 1760 3094 δημιουρ-

173 3116 270 3187 γὸς
311 3117 551 3188 λεχθείη.
585 3117 696 3170 Καὶ
728 3115 793 3187 δὴ
837 3115 931 3168 καὶ
962 3116 991 3168 ό
1036 3114 1145 3168 τῶν
1174 3115 1311 3170 ὅλων
1338 3115 1470 3180 Θεὸς
1518 3115 1613 3169 τοῦ
1664 3117 1761 3188 μὲν

174 3210 305 3265 Υίοῦ
334 3209 544 3282 Πατὴρ,
576 3208 669 3262 τοῦ
709 3207 766 3261 δὲ
812 3206 1016 3278 κόσμου
1043 3207 1266 3279 κτίστης
1309 3205 1376 3260 ἂν
1409 3207 1631 3272 εἰκότως
1667 3209 1760 3261 καὶ

2516 1967 2671 2024 CAP.
2717 1964 2786 2022 Χ.

1874 2058 2027 2127 Quod
2065 2076 2183 2115 cunt
2209 2060 2352 2115 solus
2377 2061 2446 2114 sit
2464 2061 2528 2114 de
2555 2057 2719 2114 Patre
2752 2061 3077 2130 progenitus,
3101 2061 3288 2116 merito
3308 2060 3454 2118 so!us

1939 2155 2134 2222 dicitur
2162 2153 2271 2222 ipse
2295 2164 2342 2208 et
2366 2152 2528 2218 Deus,
2557 2165 2604 2208 et
2634 2150 2974 2224 Unigenitus,
3000 2163 3156 2223 atque
3188 2151 3389 2208 Filius.

1942 2291 2044 2360 Qui
2084 2292 2380 2348 secundum
2421 2292 2710 2348 veritatem
2747 2290 2846 2346 Dei
2882 2291 3053 2346 Filius
3095 2300 3212 2354 est,
3257 2289 3325 2346 de
3356 2290 3450 2346 illo

1869 2385 1974 2440 hoc
1997 2395 2105 2451 est,
2136 2385 2203 2441 de
2232 2384 2391 2438 Patre
2420 2384 2660 2454 genitus,
2687 2383 2814 2453 quid
2839 2386 3035 2437 mirum
3063 2383 3106 2438 si
3132 2381 3453 2440 etDilectus

1869 2479 2074 2541 audiat,
2119 2489 2173 2533 ει
2199 2476 2374 2532 Patris
2429 2477 2514 2532 sui
2551 2473 2894 2547 Unigenitus,
2936 2475 3008 2530 ob
3065 2489 3226 2546 quam
3275 2476 3452 2547 ipsam

1866 2584 2088 2625 causam
2123 2579 2178 2626 et
2203 2570 2348 2625 Deus
2398 2567 2600 2624 fuerit?
2628 2567 2702 2622 De
2724 2567 2833 2624 Deo
2850 2568 3116 2639 siquidem
3141 2569 3271 2638 quid
3301 2571 3452 2625 aliud

1865 2662 2009 2732 gigni
2037 2662 2226 2732 possit,
2255 2675 2417 2730 quam
2455 2661 2598 2732 quod
2627 2660 2729 2730 ipsi
2760 2675 2856 2731 per
2890 2661 3074 2716 omnia
3115 2663 3190 2716 sit
3231 2661 3450 2717 similli-

1866 2755 2051 2809 mum?
2094 2753 2292 2809 Condit
2330 2753 2581 2823 equidem
2623 2752 2899 2807 civitatem
2943 2767 3062 2817 rex,
3117 2765 3224 2807 non
3266 2761 3450 2808 autem

1865 2845 2034 2917 gignit
2071 2845 2376 2909 civitatem;
2407 2845 2630 2916 gignere
2665 2857 2793 2899 vero
2825 2843 2992 2898 tilium
3014 2883 3029 2907 ,
3063 2858 3169 2898 non
3207 2843 3450 2901 condere

1864 2939 2125 2996 dicitur:
2189 2936 2384 2992 artifex
2436 2938 2603 2991 etiam
2663 2945 3035 2999 constructor,
3100 2948 3447 3005 nequaquam

1865 3046 2000 3086 vero
2037 3040 2190 3101 pater
2221 3029 2338 3099 ejus
2381 3030 2490 3084 dici
2543 3029 2730 3097 debet,
2779 3029 2921 3098 quod
2957 3027 3269 3084 construxit
3301 3045 3316 3081 :
3353 3027 3448 3098 qui

1864 3120 1958 3175 lilii
1993 3121 2138 3176 dese
2165 3120 2502 3192 progenerati
2545 3120 2795 3174 conditor
2839 3133 2947 3172 non
2990 3117 3318 3187 appellatur.
3361 3119 3447 3172 Ad

1863 3213 2116 3269 eumdem
2145 3213 2363 3268 modum
2391 3213 2770 3267 universorum
2798 3209 3100 3277 Deus,Filii
3134 3212 3218 3266 sui
3254 3209 3443 3276 Pater,

173 3303 403 3375 ποιητὴς
429 3301 657 3370 λέγοιτο.
685 3300 748 3353 El
776 3301 819 3354 δ’
847 3299 992 3365 ἅπαξ
1020 3316 1122 3352 που
1147 3300 1241 3371 τῆς
1266 3298 1487 3369 Γραφῆς
1514 3300 1757 3370 εὑρίσκει

1865 3305 2049 3358 mundi
2080 3302 2330 3357 conditor
2365 3301 2570 3370 Optimo
2591 3300 2715 3369 jure
2741 3311 2796 3355 et
2821 3309 3170 3356 constructor
3199 3300 3445 3369 appella-

171 3411 253 3457 τις
275 3393 584 3464 εἰρημένον,
610 3392 823 3459 Κύριος
856 3389 1058 3444 ἐκτισέ
1077 3408 1153 3461 με
1173 3389 1370 3459 ἀρχὴν
1389 3389 1541 3444 ὁδῶν
1570 3391 1754 3445 αὐτοῦ

171 3487 256 3552 εὶς
295 3484 441 3553 ἔργα
476 3482 663 3537 αὑτοῦ
687 3521 703 3544 ,
744 3480 834 3534 τὸν
867 3480 991 3533 νοῦν
1028 3485 1348 3535 ἐπισκοπεῖν
1381 3481 1485 3554 χρὴ
1521 3482 1630 3538 τοῦ.
1665 3483 1754 3536 λόο

171 3593 289 3644 γου,
324 3575 384 3628 ὃν
441 3575 635 3646 μικρὸν
664 3574 887 3648 ὕστερον
917 3574 1249 3646 ἐκθήσομαιο
1306 3573 1442 3629 ἀλλὰ
1483 3575 1580 3645 μὴ,
1617 3574 1754 3627 κατὰ

170 3666 510 3740 Μάρκελλον,
540 3668 606 3721 ἐκ
643 3668 768 3738 μιᾶς
797 3667 996 3733 λέξεως
1035 3667 1096 3719 τὸ
1127 3666 1462 3738 κυριώτατον
1491 3667 1589 3737 τῆς
1631 3667 1753 3719 Ἐκ-

173 3762 399 3830 κλησίας
431 3761 830 3833 παρασαλεύειν
879 3761 1073 3830 δόγμα.
1111 3762 1380 3824 Κάκεῖνος
1426 3759 1555 3831 γάρ,
1608 3759 1755 3827 ἅπαξ

170 3852 410 3916 ἀκούσας
449 3853 616 3920 Λόγον
651 3849 785 3906 εἶναι
815 3853 906 3906 τὸν
929 3851 1075 3915 Υίὸν,
1104 3849 1198 3904 ἐπὶ
1220 3851 1314 3906 τὸν
1337 3849 1623 3921 ἄνθρωπον
1657 3868 1754 3904 κα-

169 3943 444 4005 ταπεσὼν,
474 3943 573 4013 τὴν
603 3941 832 4014 ὓπαρξιν
856 3940 1034 4012 uetes:
1061 3940 1248 3994 αὑτοῦ.
1282 3942 1376 3995 Ὃν
1403 3941 1468 4013 δὴ
1498 3941 1592 3994 καὶ
1617 3941 1755 4014 πρὸς

169 4034 334 4092 αὑτοῦ
357 4036 450 4088 καὶ
475 4035 610 4105 πρὸς
634 4034 724 4087 τοῦ
742 4033 953 4106 Πατρὸς
974 4031 1416 4105 μαρτυρούμενον
1439 4029 1580 4085 εἶναι
1603 4031 1750 4095 Υἱὸν,

170 4127 290 4190 sub;
320 4129 434 4189 τοῖς
473 4127 680 4190 λοιποῖς
705 4127 982 4196 γεννητοῖς
1016 4122 1381 4194 παραϐάλλειν
1407 4123 1588 4191 ὄσιον;
1627 4123 1753 4186 Πῶς

169 4224 214 4278 δ’
242 4223 394 4278 ἔσται
430 4223 760 4294 Μονογενὴς,
788 4223 863 4293 τῷ
892 4221 1086 4293 πλήθει
1117 4221 1226 4275 τῶν
1256 4222 1555 4291 γεγονότων
1587 4237 1750 4274 συνα-

171 4317 569 4391 ριθμοὺμενος;
603 4315 711 4369 Καὶ
743 4315 845 4384 μὴν
880 4314 939 4379 ἐξ
978 4313 1147 4392 αὑτῆς
1181 4314 1277 4384 τῆς
1310 4316 1680 4386 προσηγορίας
1724 4317 1753 4367 ό

172 4411 286 4474 υίὸς
313 4411 412 4480 τὴν
440 4409 575 4479 πρὸς
617 4409 708 4461 τὸν
742 4407 951 4479 πατέρα
991 4405 1224 4478 φυσικὴν
1260 4406 1443 4477 σχέσιν
1481 4408 1750 4479 παρίστη-

171 4516 258 4555 σιν
276 4517 289 4530 ·
318 4497 394 4561 ὡς
427 4493 496 4551 αὖ
522 4498 682 4552 πάλιν
707 4496 768 4549 τὸ
804 4495 1082 4566 μονογενὲς
1121 4496 1291 4566 ὄνομα
1319 4497 1412 4549 καὶ
1439 4495 1533 4548 τοῦ
1561 4498 1750 4566 γένους

170 4591 497 4660 ἑφάπτεται,
527 4591 621 4642 καὶ
650 4590 746 4660 τῆς
777 4591 1077 4660 γεννήσεως
1105 4588 1294 4657 αὑτῆς,
1338 4587 1430 4640 καὶ
1469 4587 1562 4641 τοῦ
1592 4589 1749 4659 μόνον

1859 3403 1967 3449 tur.
1994 3393 2148 3460 Quod
2169 3394 2214 3448 si
2231 3391 2396 3447 semel
2422 3406 2519 3463 per
2540 3391 2847 3460 Scripturas
2866 3391 3177 3445 inveniatur
3201 3390 3440 3446 dictum:

1855 3487 2116 3542 Dominus
2166 3486 2404 3539 condidit
2452 3500 2531 3537 me
2573 3484 2891 3553 principium
2932 3485 3140 3538 uiarum
3175 3483 3327 3552 ejus,
3371 3486 3444 3538 ad

1854 3595 2010 3649 opera
2047 3584 2163 3649 ejus
2197 3579 2266 3646 ⁸⁸,
2289 3578 2504 3647 penitus
2545 3576 2877 3631 sententiam
2909 3574 3030 3646 ejus
3077 3575 3228 3640 dicti,
3276 3589 3442 3647 quam

1853 3671 2012 3742 paulo
2044 3681 2166 3741 post
2194 3668 2546 3740 expositurus
2577 3682 2721 3734 sum,
2748 3668 3011 3723 debemus
3031 3667 3390 3739 introspicere
3422 3687 3437 3723 :

1854 3778 1952 3819 nec
1999 3762 2142 3833 quod
2193 3761 2449 3816 Marcello
2509 3768 2829 3832 usurpatum
2882 3758 3007 3824 fuit.
3062 3771 3285 3832 propter
3335 3761 3442 3818 hoc

1854 3854 2073 3908 unicum
2126 3853 2538 3916 testimonium,
2590 3851 3025 3907 ecclesiasticum
3099 3853 3438 3923 praecipuum

1853 3943 2044 4016 dogma
2066 3944 2412 3999 labefactare.
2433 3943 2526 3998 [lle
2541 3943 2683 3999 enim
2706 3959 2829 4000 cum
2852 3945 3150 4000 audivisset
3173 3945 3253 4001 vel
3269 3946 3439 4002 semel

1853 4037 2084 4105 positum
2131 4035 2325 4090 Filium
2388 4034 2626 4090 Verbum
2678 4035 2982 4099 nominari,
3040 4035 3108 4089 ad
3163 4033 3436 4090 humanas

1854 4127 2090 4182 rationes
2120 4125 2406 4196 delapsus,
2451 4125 2622 4194 ipsius
2657 4124 2816 4193 plane
2867 4123 3089 4179 sustulit
3130 4123 3436 4178 subsisten-

1853 4219 2002 4274 tiam.
2035 4217 2168 4273 Cum
2198 4219 2289 4288 qui
2328 4232 2424 4286 per
2449 4216 2715 4288 seipsum,
2745 4225 2797 4271 et
2823 4229 2920 4285 per
2954 4214 3132 4271 Patris
3161 4215 3434 4286 prolatum

1853 4310 2244 4374 testimonium,
2281 4307 2452 4363 Filius
2479 4316 2854 4377 usurparetur,
2886 4308 2990 4360 nisi
3021 4321 3292 4362 summam
3335 4321 3434 4377 per

1851 4402 2181 4472 impietatem
2232 4416 2357 4456 cum
2418 4399 2629 4456 caeteris
2687 4399 2953 4455 creaturis
3015 4415 3118 4456 nec
3176 4402 3434 4470 componi

1851 4493 2042 4549 debeat
2074 4508 2249 4562 neque
2267 4493 2594 4562 comparari.
2624 4490 2757 4546 Nam
2787 4504 2895 4560 quo
2920 4500 3078 4561 pacto
3107 4491 3433 4564 Unigenitus

1852 4582 2104 4653 appellari
2133 4590 2331 4653 queat,
2373 4582 2466 4652 qui
2502 4597 2626 4636 cum
2661 4580 3007 4636 multitudine
3036 4592 3433 4640 annumeratur

168 4679 330 4746 εἶναι,
371 4683 466 4735 καὶ
498 4682 789 4752 μηδέτερον
826 4679 971 4751 αὑτῷ
1016 4681 1114 4752 τῆς
1159 4679 1403 4749 υἱότητος
1446 4682 1741 4737 κοινωνεῖν.

1860 4675 2261 4730 creaturarum?
2281 4675 2412 4730 Cum
2432 4674 2517 4729 vel
2539 4675 2606 4728 de
2628 4673 2862 4728 nominis
2885 4672 3057 4728 solius
3079 4675 3432 4744 usurpatione

181 4770 319 4827 Ἀλλ’
349 4773 557 4824 ἐοίκασι
578 4771 767 4824 ταύτὸν
787 4771 1087 4842 Μαρκέλλῳ
1120 4768 1287 4832 πάθος
1308 4770 1630 4823 πεπονθέναι
1653 4771 1747 4824 καὶ

168 4861 334 4922 οὑτοι.
380 4866 438 4918 '0
472 4864 569 4936 μὲν
602 4862 710 4935 γὰρ
730 4863 836 4916 δέει
865 4864 957 4917 τοῦ
995 4863 1067 4934 μὴ
1101 4862 1194 4915 δύο
1223 4862 1386 4925 Θεοὺς
1419 4864 1609 4926 είπεῖν,
1646 4863 1745 4932 τὴν

169 4957 394 5030 ἄρνησιν
415 4956 511 5010 τοῦ
533 4956 660 5010 Υἱοῦ
689 4956 1072 5028 προύϐάλλετο,
1098 4955 1196 5025 τὴν
1222 4955 1516 5007 ὑπόστασιν
1540 4954 1744 5009 ἀθετῶν

170 5050 334 5106 αὑτοῦ
356 5066 369 5081 ο
398 5052 447 5104 οί
472 5050 548 5114 δὲ,
566 5049 658 5104 δύο
687 5048 866 5112 δόντες
887 5048 1230 5110 ὑποστάσεις,
1257 5048 1357 5117 τὴν
1391 5048 1487 5117 μὲν
1519 5047 1744 5118 ἀγέννηο

159 5158 282 5204 τον,
311 5140 411 5210 τὴν
460 5139 500 5191 5‘
530 5137 590 5202 ἐξ
618 5139 715 5190 οὑκ
747 5136 914 5190 ὄντων
957 5137 1288 5197 κτισθεῖσαν,
1330 5137 1425 5189 ’ἐνα
1476 5136 1574 5205 μὲν
1609 5134 1742 5190 Θεὸν

160 5232 508 5302 ὑφίστανται.
548 5231 604 5283 '0
636 5229 690 5282 δὲ
730 5228 849 5292 Υίὸς
873 5229 972 5282 οὑκ
1006 5228 1078 5280 ἐτ’
1108 5227 1309 5290 αὑτοῖς,
1342 5226 1462 5279 οὐδὲ
1497 5228 1737 5296 Μονογε-

1852 4767 1995 4822 ﬁlius
2031 4766 2330 4822 naturalem
2380 4766 2672 4837 quamdam
2717 4764 2962 4819 obtineat
3011 4766 3079 4820 ad
3124 4765 3430 4836 genitorem

1851 4872 2006 4913 suum
2042 4857 2378 4922 relationem,
2412 4870 2645 4927 cumque
2672 4871 2868 4911 nomen
2906 4855 3059 4920 illud,
3092 4858 3428 4928 unigenitus,

1852 4947 1920 5003 ad
1949 4964 2115 5018 genus
2145 4950 2452 5019 pertingat,
2503 4957 2559 5002 et
2605 4949 3008 5020 generationem
3035 4987 3051 5014 ,
3091 4948 3265 5003 solum
3304 4963 3431 5005 eum

1849 5041 2052 5096 indicet
2077 5051 2126 5095 ct
2146 5041 2449 5095 solitarium
2487 5057 2500 5093 :
2531 5055 2633 5096 nec
2666 5041 2722 5094 in
2748 5039 3013 5095 ﬁliatione
3036 5054 3155 5107 sua,
3187 5054 3430 5110 quocun-

1849 5149 1953 5203 que
1995 5149 2116 5186 cum
2164 5134 2271 5187 alio
2322 5131 2756 5203 participantem.
2790 5132 2941 5196 ﬁAt
2989 5133 3135 5188 enim
3176 5134 3430 5188 videntur

1847 5224 2006 5278 iidem
2036 5225 2122 5278 isti
2154 5240 2275 5279 cum
2301 5224 2552 5280 Marcello
2594 5226 2784 5281 eodem
2819 5224 2978 5294 plane
3005 5225 3165 5281 modo
3213 5222 3418 5281 affecti.

250 5400 307 5458 sit
339 5393 435 5449 Ed.
464 5392 659 5456 Paris.,
695 5406 849 5461 pagg.
874 5389 963 5458 68,
990 5391 1076 5446 69.
1158 5389 1202 5420 ⁸³
1230 5387 1384 5445 Joan.
1416 5405 1453 5455 ι,
1485 5389 1570 5443 i8.
1646 5389 1691 5420 “
1717 5388 1757 5444 δι

1860 5429 1870 5443 .
1906 5402 1989 5450 ιιι,
2026 5383 2108 5438 16.
2185 5383 2231 5414 ⁸⁵
2265 5381 2421 5437 Prov.
2450 5395 2572 5448 vtn,
2607 5381 2699 5434 22.

235 5588 347 5654 (56)
377 5587 774 5671 ῌροηγμέγον.
803 5587 988 5647 Recte.
1015 5588 1168 5671 omale
1193 5587 1454 5671 autem_in
1482 5586 1732 5654 Socrate,

169 5659 600 5734 προηγούμενον,
635 5658 773 5712 forte
821 5658 1242 5730 προαγόμενονε
1292 5659 1384 5712 sed
1443 5659 1581 5712 hanc
1635 5673 1731 5713 no-

169 5742 350 5806 urant
365 5729 644 5806 lectionem
672 5728 1334 5806 malim.M.—Dein_vulgo
1352 5727 1570 5806 ⁵γένοιτο
1583 5728 1729 5806 μίός.

246 5799 362 5879 (57)¹
399 5799 462 5851 '0
482 5797 810 5876 ὅξάληθῶς.
863 5802 1116 5879 ξοειτιιεε
1139 5797 1317 5879 Jlegit,
1342 5799 1370 5849 ό
1402 5797 1446 5849 δ’
1501 5797 1728 5879 αλὺτως,

171 5867 262 5926 sed
293 5867 472 5940 minus
506 5867 718 5940 sincera
762 5880 846 5940 est
876 5870 1017 5924 illius
1044 5869 1204 5923 lectio
1237 5883 1394 5940 quant
1423 5878 1622 5924 nostra.
1655 5867 1728 5924 M.

174 5972 236 5984 _
282 5939 415 5996 Dein
439 5938 595 6006 vulgo
631 5936 723 5989 ἆτε
756 5936 832 5989 δέ.

499 6030 768 6091 Ριτιιοι..
800 6029 914 6090 Gtt.
942 6031 1153 6092 XXIV

1908 5588 2021 5659 (58)
2055 5589 2115 5643 Τί
2128 5587 2241 5658 γὰρ
2269 5587 2346 5644 ἂν
2375 5589 2627 5658 γένοιτο.
2658 5588 2819 5641 Deest
2863 5601 2962 5641 vox
3016 5587 3224 5654 γένοιτο
3281 5587 3422 5654 apud

1838 5659 2114 5714 Socratem
2147 5664 2307 5725 male,
2340 5659 2431 5727 qui
2457 5666 2512 5712 et
2536 5667 2794 5714 nostram.
2813 5659 3140 5726 scripturam
3174 5660 3421 5726 corrigit,

1834 5729 2045 5802 legend.
2086 5731 2249 5802 enim,
2274 5731 2308 5802 ἢ
2336 5726 2418 5794 τὸ,
2443 5726 2524 5802 τῷ
2543 5727 2917 5802 γεγεννηκότι.
2949 5727 3239 5802 high—Mox
3266 5730 3424 5802 vulgo

1834 5797 1965 5919 δηήμ.
2001 5799 2253 5871 τεχνίτης
2281 5797 2337 5858 et
2368 5797 2520 5855 ὲκκλ.
2558 5797 2961 5872 κπαρασκεὺειν
2990 5797 3169 5870 δόγμα
3202 5805 3256 5854 et
3287 5797 3345 5852 ὃν
3365 5797 3422 5850 δὲ

1834 5884 1904 5919 κα
1961 5879 2014 5919 et
2046 5871 2571 5919 συναοιθιιούιεενον.

1834 5871 1928 5923 καί
1961 5879 2014 5928 et
2046 5871 2273 5939 συναριθ
2283 5872 2380 5944 μού
2389 5886 2571 5944 μενον.

3018 6029 3093 6086 27
