4106 6444
728 404 834 461 843

1385 402 1654 460 EUSEBII
1693 402 2169 460 CESABIENSIS
2206 403 2354 460 OPP.
2397 405 2577 460 PARS
2614 404 2701 460 IV.
2743 438 2811 449 —
2848 405 3268 464 DOGMATICA.
3861 415 3949 469 8“

731 523 849 578 Prae
901 531 1040 576 metu
1095 534 1323 589 namque
1355 519 1468 585 ille,
1520 536 1586 575 ne
1641 521 1777 576 duos
1827 522 2102 575 videretur
2148 520 2279 577 Deos

2385 521 2482 592 νὴς
2501 521 2672 588 ἔσται,
2701 522 2821 576 οὐδὲ
2849 523 2953 596 μὴν
2969 523 3101 596 (38')
3118 525 3337 596 Κύριος,
3355 525 3474 579 οὐδὲ
3489 526 3646 590 Θεὸς,
3675 530 3840 599 μηδὲν
3865 531 3948 600 μὲν

732 616 994 684 proliteri,
1025 612 1093 667 sd
1108 609 1230 665 Filii
1259 610 1526 680 processit
1560 611 1988 680 abnegationem,
2025 612 2274 680 hyposta-

735 707 835 760 sim
899 705 1064 773 ipsius
1120 702 1426 756 inﬁciando.
1482 702 1560 755 Illi
1625 717 1756 756 vero
1811 718 1931 756 cum
1987 703 2284 756 concedant

742 775 1230 868 bypostasesduas,
1257 806 1416 846 unam
1447 787 1763 862 ingenitam,
1797 797 2029 844 creatam
2061 790 2283 843 alteram

739 889 795 940 de
851 901 956 940 non
999 884 1420 945 exsistentibus,
1460 897 1622 936 unum
1672 882 1885 951 quidem
1952 881 2287 934 substituunt

735 977 919 1029 Deum.
946 977 1013 1028 At
1041 973 1215 1026 nullus
1232 973 1437 1026 interea
1464 972 1566 1050 illis
1590 969 1754 1024 Filius
1770 969 1994 1025 habetur
2021 968 2072 1022 in
2101 984 2286 1023 nume-

731 1075 868 1132 rato,
897 1081 1002 1121 non
1042 1065 1382 1134 Unigenitus,
1439 1077 1545 1117 non
1606 1061 1882 1123 Dominus,
1940 1075 2042 1113 non
2096 1061 2280 1113 Deus:

729 1173 902 1227 neque
929 1158 1072 1211 enim
1103 1156 1393 1225 quidquam
1425 1153 1621 1221 habet_,
1670 1153 1963 1206 secundum
2003 1164 2127 1215 eos,
2163 1165 2283 1204 cum

725 1261 950 1320 paterna
985 1249 1265 1302 divinitate
1312 1259 1592 1300 commune
1625 1260 1640 1296 :
1670 1247 1762 1297 sed
1804 1257 1897 1312 per
1927 1243 2102 1295 omnia
2135 1255 2284 1294 com-

728 1343 945 1412 ponitur
1006 1355 1128 1395 cum
1164 1349 1532 1394 creaturarum
1578 1336 1730 1388 turba
1781 1336 1833 1387 in
1878 1336 1998 1399 hoc,
2040 1334 2180 1401 quod
2219 1332 2285 1388 de

729 1433 898 1488 nihilo
923 1431 1312 1502 procreabatnr
1348 1447 1360 1481 :
1396 1429 1489 1481 sed
1513 1434 1615 1481 neu
1642 1427 1704 1481 ad
1735 1427 1895 1480 istum
1938 1426 2150 1479 modum
2181 1423 2283 1478 Ec-

730 1526 916 1581 clesia.
955 1523 1087 1577 Nam
1128 1521 1318 1574 Filium
1352 1521 1440 1574 Dei
1476 1519 1732 1587 pradicet
1767 1518 1931 1572 Deum
1973 1517 2285 1570 Dominum-

729 1635 834 1690 que
859 1617 1134 1673 verissime
1157 1614 1354 1667 Filium
1379 1626 1500 1667 esse
1531 1625 1678 1675 eum,
1704 1618 1866 1678 atque
1896 1607 2062 1662 Deum
2091 1608 2281 1663 docet:

731 1731 835 1770 non
885 1712 1148 1767 communi
1211 1710 1440 1778 quadam
1486 1722 1607 1762 cum
1664 1705 1843 1760 multis
1887 1705 2132 1769 ratione,
2192 1702 2283 1772 qui

2389 613 2748 666 ὲπικοινωνῶν
2788 616 2853 684 τῇ
2889 615 2981 667 τοῦ
3023 615 3234 686 [Iatpr
3271 616 3503 689 θεότητι,
3524 622 3640 681 τοῖς
3671 619 3727 672 δὲ
3763 619 3944 685 λοιπάς

2391 704 2667 774 κτίσμασι,
2695 703 2816 764 καθ’
2842 705 2870 757 ὃ
2899 705 2958 769 ἐξ
2996 707 3094 759 οὒκ
3130 707 3297 758 ὅντων
3331 708 3562 778 ὑπέστη,
3613 709 3946 780 παρασαλλύ-

2394 813 2568 866 μενος.
2616 796 2752 848 Ἀλλ’
2777 799 2874 867 οὐχ
2902 797 3072 860 οὕτως
3094 799 3126 868 ἡ
3171 798 3462 869 Ἐκκλησία
3482 815 3496 830 ⁸
3528 801 3620 853 τὸν
3645 801 3693 854 δ’
3725 802 3851 855 Υἱδν
3869 802 3945 866 τοῦ

2389 885 2544 948 Θεοῦ,
2563 885 2691 939 Θεὸν
2722 889 2813 940 καὶ
2843 887 3042 957 Κύριον
3070 888 3449 961 ὰνακηρύττει,
3478 892 3573 944 καὶ
3595 892 3816 963 ἀληθῶς
3836 894 3946 945 rev

2388 971 2524 1029 εἶναι
2557 977 2650 1029 καὶ
2673 977 2803 1030 Θεὸν
2836 979 3073 1032 διδάσκει
3100 996 3112 1009 ⁸
3145 979 3204 1032 ού
3235 979 3375 1033 κατὰ
3410 983 3536 1045 τοὺς
3571 983 3804 1046 πολλοὺς
3833 986 3944 1048 τοὺς

2389 1067 2615 1138 ἐπίκλην
2633 1069 3026 1138 ὀνομασθέντας
3062 1071 3205 1135 υἱούς
3229 1088 3286 1123 τε
3319 1073 3410 1124 καὶ
3442 1072 3597 1137 θεοὺς
3618 1076 3748 1145 περὶ
3778 1069 3851 1129 ὧν
3877 1079 3943 1128 εἴ-

2393 1172 2569 1225 ρηται,
2610 1157 2747 1226 Ἐγὼ
2771 1154 2927 1212 εἶπαο
2969 1161 3102 1214 Θεοί
3147 1159 3316 1223 ἐστε,
3359 1161 3454 1214 καὶ
3502 1163 3623 1215 υἱοὶ
3673 1163 3946 1231 Ὑψίστου

2389 1244 2629 1310 πάντες,
2665 1245 2785 1298 καθ’
2815 1246 2842 1298 ὃ
2869 1246 2924 1298 δὲ
2961 1248 3122 1317 μόνος
3165 1248 3343 1311 αὐτὸς,
3384 1250 3413 1301 ὁ
3454 1248 3514 1313 ἐξ
3550 1249 3719 1303 αὐτοῦ
3759 1268 3943 1321 γεννη-

2391 1334 2500 1399 θεὶς
2537 1336 2630 1388 τοῦ
2664 1339 2872 1408 [ἰατρὸς
2917 1341 2972 1392 ὲν
3023 1343 3200 1411 μορφῇ
3245 1341 3455 1411 ὑπῆρχε
3490 1341 3650 1405 Θεοῦ,
3693 1343 3859 1395 εἰκών
3902 1345 3942 1395 τ’

2388 1424 2455 1498 ἦν
2487 1428 2579 1492 τοῦ
2613 1429 2746 1483 Θεοῦ
2785 1429 2878 1484 τοῦ
2925 1432 3155 1504 ἀοράτου
3197 1436 3288 1488 καὶ
3345 1433 3692 1505 Πρωτότοκος
3739 1436 3942 1503 ἁπάσης

2390 1522 2635 1584 κτίσεως.
2676 1523 2763 1576 Διὸ
2805 1525 2896 1577 καὶ
2939 1526 3104 1594 τιμᾷν
3151 1527 3243 1579 καὶ
3275 1525 3450 1579 σέϐειν
3489 1526 3582 1579 καὶ
3630 1531 3940 1596 προσκυνεῖν

2393 1613 2549 1682 μόνον
2579 1615 2758 1678 αὑτὸν,
2789 1612 2874 1669 οἶα
2906 1618 3107 1689 Κύριον
3135 1619 3230 1672 stat
3251 1619 3493 1690 Σιιηῆρα,
3526 1618 3621 1671 καὶ
3643 1617 3801 1682 Θεὸν,
3829 1617 3939 1671 tau-

2386 1703 2485 1773 τῆς
2514 1722 2578 1774 με
2587 1705 2924 1779 μάοηκαμεν.

730 1806 1141 1863 denominantur
1187 1805 1286 1870 [itii
1328 1811 1488 1871 atque
1546 1803 1652 1862 dii.
1733 1809 1917 1868 utpote
1960 1799 2027 1852 de
2083 1797 2276 1867 quibus
2315 1795 2513 1852 dicitur
2560 1818 2572 1852 :
2614 1801 2724 1871 Ego
2765 1805 2877 1857 dixi
2907 1819 2925 1856 :
2962 1805 3046 1858 Dii
3087 1808 3241 1873 estis,
3287 1817 3337 1861 et
3385 1807 3485 1875 ﬁlii
3556 1822 3733 1859 omnes
3792 1805 3939 1860 Altis-

726 1898 844 1953 mni
883 1895 928 1926 "
965 1895 1099 1949 :sed
1134 1905 1291 1964 prout
1339 1909 1433 1962 par
1463 1902 1579 1945 erat
1616 1889 1762 1943 illum
1798 1890 1969 1943 solum
2013 1889 2149 1954 dici,
2187 1888 2277 1956 qui
2317 1889 2383 1942 de
2416 1888 2508 1943 illo
2529 1895 2919 1959 procreabatur
2967 1897 3158 1963 Patre,
3219 1899 3308 1967 qui
3366 1899 3420 1952 in
3465 1897 3641 1951 forma
3676 1896 3774 1951 Dei
3804 1900 3935 1950 essi-

728 1993 905 2048 stebat
945 2008 956 2042 :
995 1999 1049 2043 et
1074 1990 1247 2057 imago
1275 1988 1448 2040 fuerat
1478 1983 1762 2038 invisibilis
1802 1982 1935 2045 Dei,
1967 1980 2364 2050 Primogenitus
2408 1982 2671 2039 universae
2729 1998 3009 2043 creaturae.
3076 1989 3337 2057 Quocirca
3397 1988 3464 2044 ab
3504 1988 3744 2044 Ecclesia
3773 1988 3936 2044 edocti

725 2103 910 2144 sumus
965 2086 1111 2140 illum
1177 2082 1345 2138 solum
1408 2079 1630 2142 colere,
1692 2076 1979 2142 venerari,

724 2181 940 2236 existat.

1367 2269 1524 2326 CAP.
1554 2268 1641 2322 XI.

726 2367 880 2432 Quod
896 2365 1128 2420 Ecclesia
1160 2377 1318 2415 unum
1344 2371 1589 2432 agnoscat
1618 2367 1665 2412 et
1693 2367 1870 2432 notum
1905 2356 2068 2432 faciat
2091 2356 2274 2421 Deum,

774 2437 908 2490 .licet
955 2451 1116 2504 nuper
1163 2427 1430 2486 admiserit
1483 2430 1631 2483 illam
1681 2428 1943 2497 formam,
2013 2427 2152 2482 Deus
2215 2433 2279 2482 de

795 2506 926 2560 Deo.

795 2598 948 2665 Quod
979 2597 1024 2653 si
1055 2605 1236 2649 autem
1275 2601 1586 2659 vereantur,
1616 2608 1684 2648 ne
1711 2593 1843 2648 duos
1869 2591 2004 2647 Deos
2038 2605 2279 2661 pronun-

727 2695 886 2746 tiasse
919 2690 1187 2750 videatur,
1215 2685 1388 2738 sciant
1418 2693 1652 2752 oportet,
1682 2684 1824 2751 quod
1856 2691 2127 2750 utcunque
2153 2679 2278 2734 licet

722 2780 917 2834 Filium
951 2777 1302 2846 prolitcamur
1322 2773 1510 2838 Deum,
1536 2788 1672 2827 unus
1698 2783 1902 2837 tamen,
1940 2780 2128 2826 nostra
2157 2785 2277 2827 sen-

723 2873 912 2934 tentia,
956 2871 1093 2923 Deus
1123 2868 1192 2921 sit
1220 2885 1232 2919 :
1272 2865 1360 2919 ille
1391 2865 1664 2928 nimirum,
1699 2865 1788 2933 qui
1822 2863 1968 2918 solus
2013 2859 2276 2930 principio

723 2966 890 3020 caret,
935 2956 1024 3024 qui
1082 2953 1351 3022 ingenitus
1397 2970 1412 3018 ;
1461 2951 1555 3020 qui
1591 2952 1861 3020 propriam
1893 2965 1921 3004 a
1948 2965 2006 3004 se
2037 2947 2276 3019 possidet

721 3046 1052 3100 divinitatem
1083 3083 1098 3108 ,
1133 3044 1221 3112 qui
1265 3043 1362 3111 ipsi
1399 3043 1618 3110 insuper
1651 3040 1787 3096 Filio
1813 3041 2105 3096 exsistendi
2143 3054 2273 3094 cau-

721 3153 857 3198 sam,
885 3147 938 3190 et
971 3136 1146 3190 taliter
1178 3135 1472 3190 exsistendi
1498 3133 1664 3189 dedit.
1687 3133 1792 3188 Per
1809 3147 1969 3203 quem
2001 3142 2055 3186 et
2101 3132 2273 3202 ipsum

724 3245 803 3290 se,
832 3227 1000 3280 Filius
1026 3225 1313 3279 conﬁtetur
1336 3226 1537 3289 vivere,
1571 3226 1658 3278 ubi
1693 3225 1788 3289 sit,
1824 3223 2274 3289 Quemadmodum

2053 2077 2280 2131 adorare
2300 2118 2314 2144 ,

2383 2085 2565 2144 utpote
2629 2080 2721 2149 qui
2787 2081 3069 2149 Dominus,
3146 2082 3424 2149 Servator,
3474 2092 3528 2138 et
3589 2082 3739 2138 Deus
3803 2082 3936 2136 illius

3020 2267 3174 2320 ΚΕΦ.
3208 2268 3311 2327 1Α’.

2379 2379 2567 2444 Ὅπως
2594 2380 2700 2434 ἕνα
2714 2379 2859 2433 Θεὸν
2881 2379 2918 2446 ὴ
2937 2381 3264 2448 Ἐκκλησία
3280 2379 3554 2450 γνωρίζει,
3577 2396 3772 2432 καιτοι
3797 2377 3940 2432 Θεὸν

2688 2453 2755 2504 ἐκ
2790 2451 2936 2505 Θεοῦ
2976 2452 3124 2505 εἶναι
3158 2449 3624 2520 παριιδεχομένη.

2447 2589 2508 2642 El
2532 2590 2586 2642 δὲ
2625 2589 2785 2657 φόϐον
2822 2589 3000 2651 αὐτοῖς
3040 2591 3272 2660 ἐμποιεῖ,
3307 2590 3380 2660 μή
3409 2606 3482 2658 πη
3514 2587 3621 2656 ἄρα
3650 2587 3742 2638 δύο
3776 2586 3934 2647 Θεοὺς

2377 2680 2486 2750 (59)
2519 2681 2868 2752 ἀναγορεύειν
2893 2680 3119 2746 δόξαιεν,
3144 2682 3396 2745 ἴστωσαν,
3425 2680 3519 2743 ὡς,
3550 2680 3644 2731 καὶ
3683 2678 3777 2730 τοῦ
3811 2677 3931 2730 Υἱοὶ·

2377 2769 2512 2841 πρὸς
2544 2771 2700 2842 ἡμῶν
2729 2769 3152 2842 ὁμολογουμένου
3181 2770 3335 2834 Θεοῦ,
3372 2766 3448 2832 εἷς
3480 2771 3543 2824 ἂν
3570 2770 3781 2836 γένοιτο
3809 2766 3932 2830 Θεὸς

2378 2864 2562 2933 μόνος·
2599 2865 2801 2926 ἐκεῖνος
2830 2865 2859 2917 ὁ
2891 2863 3046 2933 μόνος
3074 2863 3304 2934 ἄναρχος
3334 2865 3423 2916 καὶ
3451 2863 3764 2933 ἁγέννητος,
3789 2864 3817 2915 ὁ
3843 2861 3936 2931 τὴν

2377 2954 2600 3023 θεότητα
2621 2952 2822 3007 οἰκείαν
2853 2953 3206 3022 κεκτημένος,
3235 2952 3382 3022 αὑτῴ
3411 2970 3471 3006 τε
3505 2952 3581 3023 τῷ
3610 2953 3726 3023 Υἱῷ
3758 2953 3851 3005 τοῦ
3874 2949 3936 3004 εἷο

2377 3063 2486 3109 ναι,
2523 3045 2617 3098 καὶ
2648 3043 2740 3098 τοῦ
2769 3044 2956 3115 τοιῷδε
2979 3041 3136 3108 εἶναι,
3164 3045 3400 3113 γεγονὼς
3420 3043 3611 3108 αἴτιος,
3649 3043 3717 3096 δι’
3756 3044 3814 3097 ὃν
3848 3046 3937 3096 καί

2376 3137 2533 3199 αὐτὸς
2560 3138 2588 3188 ὁ
2617 3136 2742 3199 Υἱὸς
2767 3137 3017 3207 ὁμολογεῖ
3047 3135 3162 3207 ζῇν,
3199 3137 3452 3205 ἄντικρυς
3483 3135 3656 3202 λέγων
3674 3153 3686 3164 °
3732 3137 3935 3199 Καθὼς

2375 3226 2693 3279 ἀπέστειλέ
2711 3242 2788 3295 με
2814 3229 2847 3279 ό
2879 3224 2987 3286 (ὧν
3017 3224 3236 3293 Πατὴρ,
3272 3225 3430 3294 κάγὼ
3457 3224 3528 3286 ζῶ
3564 3225 3661 3278 διὰ
3701 3226 3806 3279 τὸν
3827 3230 3936 3280 Πα-

2375 3316 2530 3386 τέρα.
2574 3319 2682 3371 Καὶ
2716 3317 2916 3386 ὥσπερ
2947 3315 3055 3386 γὰρ
3091 3319 3126 3370 ό
3156 3316 3358 3384 Πατὴρ
3383 3316 3533 3383 ζωὴν
3555 3317 3679 3385 ἔχει
3709 3317 3781 3369 ἐν
3805 3317 3937 3369 ἐαυ-

2375 3409 2474 3475 τῷ,
2509 3410 2658 3462 οὕτω
2684 3410 2783 3462 καὶ
2809 3409 2888 3473 τῷ
2922 3407 3029 3474 Υιῷ
3056 3407 3239 3462 ἔδωκε
3273 3407 3425 3476 ζωὴν
3453 3408 3616 3476 ἔχειν
3635 3409 3704 3460 ἐν
3727 3407 3934 3470 ἐαυτῷ.

726 3515 926 3568 quoque
974 3508 1022 3552 et
1067 3495 1211 3550 Filio
1269 3497 1408 3549 dedit
1459 3496 1644 3550 habere
1693 3497 1852 3549 vitam
1898 3498 1955 3550 in
2006 3497 2176 3564 seipso
2206 3496 2272 3549 ⁵⁸.

2384 3502 2464 3555 Διὸ
2481 3482 2584 3555 ’καὶ
2610 3502 2764 3573 ἡμῶν
2791 3503 2883 3557 καὶ
2908 3500 3098 3555 ἑαυτοῦ
3132 3500 3262 3553 Θεὸν
3291 3497 3425 3553 εἶναι
3457 3500 3692 3552 διδάσκει
3725 3499 3816 3552 τὸν
3837 3500 3940 3551 Πα-

723 3591 894 3655 Quam
927 3589 996 3643 ob
1031 3602 1249 3643 causam
1311 3597 1549 3641 nostrum
1604 3586 1695 3641 ille
1726 3587 1892 3640 Deum
1944 3603 2065 3642 esse
2112 3589 2273 3642 docet

2384 3595 2508 3665 τέρα
2543 3596 2599 3647 ὲν
2647 3589 2727 3658 οἷς
2769 3611 2949 3665 φησιν·
2996 3592 3334 3662 Ἀνέρχομαι
3371 3593 3518 3658 πρὸς
3559 3592 3666 3643 τὸν
3710 3591 3940 3658 Πατέρα

726 3681 966 3744 Patrem,
992 3689 1152 3748 atque
1180 3693 1333 3733 suum
1375 3678 1563 3744 Deum,
1601 3679 1686 3731 ubi
1718 3678 1974 3746 loquitur,
2031 3677 2180 3732 Vado
2205 3681 2273 3733 ad

2384 3704 2493 3755 μου
2541 3686 2639 3738 καὶ
2675 3684 2903 3752 Πατέρα
2946 3683 3140 3752 ὑμῶν,
3189 3683 3286 3736 καὶ
3328 3684 3475 3736 Oed-7'
3501 3700 3618 3751 μου
3663 3684 3760 3736 καὶ
3795 3683 3942 3736 Θεὸν

727 3769 940 3825 Patrem
969 3784 1159 3832 meum,
1193 3781 1235 3821 et
1265 3769 1477 3821 Patrem
1509 3765 1732 3822 uestrum
1767 3781 1784 3819 :
1830 3767 1994 3822 Deum
2027 3785 2196 3822 meum
2224 3767 2273 3823 et

2384 3777 2560 3846 ὑμῶν.
2592 3777 2702 3830 Καὶ
2733 3775 2969 3845 κεφαλὴν
2992 3775 3046 3827 δὲ
3078 3773 3238 3826 αὑτοῦ
3273 3775 3369 3845 μὲν
3396 3775 3488 3827 τοῦ
3514 3773 3641 3827 Υιοῦ
3670 3775 3762 3827 τὸν
3787 3775 3938 3835 Θεὸν,

726 3863 892 3917 Deum
946 3875 1169 3915 vestrum
1191 3860 1234 3891 ”
1265 3878 1278 3912 τ
1307 3861 1400 3915 sed
1433 3869 1488 3915 et
1532 3869 1692 3930 caput
1721 3874 1934 3929 quoque
1982 3860 2107 3915 Filii
2157 3876 2274 3916 esse

2384 3871 2478 3938 τῆς
2508 3869 2553 3921 δ’
2590 3869 2908 3937 Ἐκκλησίας
2960 3865 3050 3919 τὸν
3075 3865 3198 3918 Υἱὸν
3245 3866 3273 3918 ὁ
3311 3867 3482 3936 μέγας
3520 3866 3840 3929 Ἀπόστολος
3869 3867 3941 3918 δι-

723 3957 888 4009 Deum
921 3956 1074 4008 docet
1100 3953 1427 4016 EcclesianB
1463 3953 1740 4006 alumnum
1783 3969 2011 4022 magnus
2040 3954 2272 4023 Aposto-

2384 3959 2584 4020 δάσκει,
2633 3958 2762 4028 ἡμῖν
2808 3957 3005 4024 λέγων·
3053 3955 3296 4024 Κεφαλὴ
3345 3954 3415 4007 δὲ
3458 3954 3564 4008 τοῦ
3613 3955 3872 4021 Χριστοῦ
3911 3957 3940 4006 ὀ

723 4050 807 4102 ius
829 4049 918 4102 ubi
944 4049 1041 4109 ait,
1074 4047 1239 4114 Caput
1269 4057 1440 4098 autem
1473 4045 1687 4110 Christi,
1728 4046 1866 4099 Deus
1893 4058 1965 4099 est
2000 4046 2064 4100 '°.
2117 4046 2273 4101 Nunc

2384 4050 2554 4114 Θεός·
2590 4048 2665 4118 πῆ
2707 4047 2764 4101 δὲ
2807 4047 2930 4117 περὶ
2972 4044 3063 4098 τοῦ
3113 4043 3243 4097 Υἱοῦ
3290 4043 3542 4113 φάσκων·
3599 4044 3707 4096 Καὶ
3756 4046 3942 4097 αὐτὸν

724 4141 916 4193 iterum
952 4139 1017 4192 de
1044 4137 1179 4192 Filio
1210 4137 1558 4205 prolocutus:
1598 4138 1760 4202 Atque
1793 4139 1961 4204 ipsum
2005 4139 2142 4190 dedit
2186 4156 2275 4190 ca-

2384 4142 2559 4195 ἔδωκε
2612 4137 2879 4208 κεφαλὴν
2916 4136 3066 4206 ὑπὲρ
3094 4137 3288 4189 πάντα
3325 4135 3397 4204 τῇ
3437 4137 3781 4202 Ἐκκλησίᾳ,
3815 4136 3943 4203 ἥτις

719 4217 813 4302 ⁸ραι
855 4249 1011 4300 super
1045 4233 1239 4294 omnia,
1276 4230 1524 4284 Ecclesia
1560 4247 1669 4284 sua:
1710 4246 1824 4298 qua:
1857 4240 1927 4283 est
1973 4246 2160 4298 corpus
2192 4232 2272 4299 ip-

2384 4234 2506 4286 ὲστὶ
2545 4233 2608 4284 τὸ
2643 4229 2811 4299 σῶμα
2838 4228 3041 4284 αὑτοῦ.
3076 4226 3284 4282 Οὐκοῦν
3323 4226 3422 4296 τῆς
3473 4227 3570 4297 μὲν
3616 4227 3940 4296 Ἑκκλψίκ

719 4327 826 4379 sius
857 4324 922 4357 ⁵ο·
955 4321 1246 4388 Quocirca,
1265 4317 1522 4388 princeps
1544 4315 1632 4368 hic
1651 4313 1908 4371 Ecclesiae
1923 4327 1976 4372 et
1995 4319 2100 4372 dux
2127 4319 2275 4373 dica-

2384 4324 2536 4385 αύτὸς
2567 4322 2674 4391 (40)
2708 4321 2944 4393 ἀρχηγὸς
2984 4321 3048 4374 ἂν
3099 4319 3205 4390 εἴη,
3239 4321 3330 4372 καὶ
3365 4318 3570 4388 κεφαλὴ
3604 4318 3659 4370 δὲ
3699 4319 3869 4372 αὐτοῦ
3915 4321 3942 4369 ὁ

722 4428 849 4472 tur:
890 4428 1049 4487 caput
1081 4427 1258 4471 autem
1291 4414 1449 4482 hujus
1483 4415 1587 4467 erit
1615 4414 1772 4466 Pater
1818 4430 1832 4465 :
1883 4413 1955 4464 ita
2001 4427 2138 4465 unus
2176 4413 2276 4466 iSte

2384 4415 2584 4482 Πατήρ·
2611 4405 2762 4476 οὗτος
2789 4407 2868 4473 εἷς
2901 4409 3032 4472 Θεὸς
3056 4412 3083 4464 ὁ
3104 4409 3194 4462 τοῦ
3237 4409 3554 4479 μονογενοῦς
3577 4409 3704 4460 Υἱοῦ
3729 4409 3942 4478 Πατὴρ,

722 4510 860 4563 Deus
885 4520 938 4563 et
966 4509 1158 4562 unicus
1189 4507 1350 4561 fuerit
1383 4507 1474 4574 qui
1508 4516 1589 4558 cst
1624 4504 1784 4557 Pater
1811 4502 1930 4556 Filii
1979 4503 2271 4571 unigeniti:

2384 4506 2474 4556 καὶ
2518 4505 2612 4573 μία
2642 4505 2673 4574 ἡ
2708 4505 2798 4557 καὶ
2829 4500 2918 4555 τοῦ
2946 4501 3112 4555 αὑτοῦ
3144 4501 3236 4553 τοῦ
3268 4500 3502 4572 Χριστοῦ
3536 4501 3766 4572 κεφαλή.
3796 4503 3940 4562 Md»;

720 4604 936 4656 unicum
965 4602 1128 4654 etiam
1159 4607 1323 4668 caput
1355 4598 1522 4665 ipsius
1554 4596 1775 4655 Christi.
1804 4593 1938 4646 Cum
1982 4608 2114 4646 vero
2154 4594 2274 4648 uni-

2384 4597 2430 4649 δὲ
2464 4595 2624 4666 οῦσης
2645 4595 2815 4665 ἀρχῆς
2837 4611 2895 4647 τε
2923 4594 3016 4647 καὶ
3041 4593 3296 4662 κεφαλῆς,
3324 4593 3440 4655 πῶς
3465 4594 3531 4646 ἂν
3559 4594 3800 4660 γένοιντο
3821 4593 3943 4646 Θεοὶ

721 4708 842 4745 cum
879 4693 946 4744 sit
968 4689 1314 4759 principium,
1345 4695 1507 4755 caput
1537 4686 1699 4738 etiam
1751 4684 1971 4735 unicum
2024 4683 2114 4747 sit,
2145 4696 2270 4749 quu-

2384 4689 2486 4752 δύο,
2517 4691 2635 4759 οὐχὶ
2665 4687 2721 4742 δὲ
2765 4683 2846 4751 εἷς
2885 4687 3089 4750 ἐκεῖνος
3136 4685 3311 4755 μόνος,
3349 4687 3376 4738 ὁ
3405 4685 3604 4754 μηδένα
3646 4686 3937 4757 ἀνώτερον.

723 4785 881 4836 modo
907 4783 995 4836 ﬂet
1018 4792 1076 4835 ut
1101 4782 1209 4835 sint
1239 4781 1343 4833 duo
1395 4779 1496 4840 Dii,
1546 4789 1599 4830 et
1638 4793 1740 4830 non
1775 4792 1936 4840 unus,
1965 4791 2155 4844 nempe
2185 4777 2270 4829 ille

2384 4780 2511 4850 μηδὲ
2542 4780 2729 4833 ἑαυτοῦ
2761 4780 2929 4832 αἴτιον
2961 4777 3144 4847 ἕτερον
3168 4775 3629 4846 ἐπιγραφόμενος;
3660 4779 3862 4830 οἰκεῖον
3887 4776 3941 4829 δὲ

718 4873 885 4938 solus,
915 4873 1003 4940 qui
1034 4871 1235 4925 nullum
1264 4885 1319 4923 se
1354 4869 1684 4936 superiorem
1736 4867 1930 4921 habet:
1966 4869 2050 4921 cui
2091 4868 2268 4921 nullus

2384 4875 2467 4926 καὶ
2495 4873 2747 4943 ἄναρχον,
2776 4873 2870 4926 καὶ
2893 4870 3182 4940 ἀγέννητον
3208 4869 3305 4936 τῆς
3334 4867 3667 4938 μοναρχικῆς
3691 4867 3940 4934 ἐξουσίας

719 4965 855 5017 alius
902 4978 1118 5018 causam
1171 4961 1495 5016 subsisteudi
1547 4959 1810 5013 contulit?
1855 4961 1970 5029 qui,
2013 4971 2071 5014 ut
2111 4975 2266 5014 suum

2384 4965 2470 5037 τὴν
2493 4966 2716 5035 θεότητα
2740 4962 3093 5034 κεκτημένος,
3119 4963 3210 5014 καὶ
3227 4961 3302 5031 τῷ
3329 4959 3441 5030 Υἰῷ
3460 4960 3556 5030 τῆς
3589 4960 3788 5013 ἑαυτοῦ
3821 4960 3938 5012 Θεό-

720 5053 1549 5125 peculiumquoddatn,deitatem
1578 5052 2008 5121 inprincipiatam
2027 5063 2081 5106 et
2110 5053 2262 5122 inge—

2384 5059 2530 5129 τητός
2566 5075 2624 5110 τε
2657 5058 2750 5110 καὶ
2776 5055 2918 5126 ζωῆς
2945 5054 3223 5124 μεταδοὺς,
3254 5056 3282 5107 ὁ
3313 5053 3370 5108 δὲ
3401 5053 3564 5106 αὐτοῦ
3599 5053 3673 5105 τὰ
3694 5052 3941 5123 σύμπαν-

721 3335 802 3372 rste
829 3319 971 3372 misit
999 3319 1167 3370 vivens
1209 3314 1369 3371 Pater
1399 3331 1415 3367 .'
1452 3326 1500 3370 et
1546 3332 1637 3386 ego
1682 3317 1793 3370 sivo
1824 3333 1916 3386 per
1957 3313 2173 3369 Patrem
2205 3315 2270 3366 ".

722 3409 790 3462 Et
814 3408 1245 3479 quemadmodum
1275 3404 1438 3459 Pater
1462 3406 1611 3459 habet
1642 3407 1798 3459 vitam
1849 3406 1902 3458 in
1948 3407 2115 3474 seipso
2149 3421 2166 3459 .'
2201 3408 2275 3457 ita

792 5217 850 5273 ᾖ
896 5210 990 5263 Ed.
1023 5207 1220 5276 Paris.,
1250 5225 1371 5280 pag.
1397 5209 1483 5263 70.
1560 5209 1604 5240 ⁸⁸
1635 5207 1773 5265 Psal.
1803 5225 1987 5276 Lxxxt,
2015 5211 2066 5268 6.
2145 5217 2360 5274 "Joan.
2391 5219 2569 5287 vt,57.
2646 5217 2692 5248 "
2720 5214 2877 5269 Joan.
2901 5213 3061 5279 τ’,ἓᾶ
3134 5213 3179 5244 ⁸⁸
3207 5211 3362 5266 Joan.
3390 5229 3480 5276 κν,
3517 5211 3605 5265 17.
3657 5210 3703 5241 ⁸⁸
3756 5205 3776 5258 1
3815 5203 3948 5261 Cor.

730 5313 805 5355 xi,
835 5299 887 5351 5.
907 5294 922 5320 ‘
965 5297 1032 5327 ⁸ο·
1061 5295 1258 5366 Ephes.
1287 5319 1328 5369 ι,
1358 5300 1446 5366 22,
1481 5296 1571 5358 9-5.

787 5460 917 5531 (58";
953 5461 1117 5530 Vulgo
1148 5463 1246 5532 μέν
1280 5477 1332 5520 et
1357 5465 1566 5535 ὑπῆρχε
1601 5463 1693 5517 τοῦ
1727 5462 1859 5518 Θεοῦ
1900 5474 1956 5519 et
2018 5465 2266 5535 μεμάθη-

2384 5535 2417 5537 __
2446 5466 2558 5537 (40)
2601 5467 2877 5535 Ἆρχηγὸς
2911 5464 2985 5518 ἂν
3028 5465 3136 5530 εἴη.
3169 5464 3329 5537 [forte
3357 5465 3526 5537 deest,
3559 5468 3656 5537 καὶ
3707 5465 3931 5537 κεφαλή.

716 5546 827 5581 κεν.
1457 5533 1480 5535 ⁷⁷
1508 5533 1535 5534 ”
2021 5533 2030 5535 ἡ
2096 5533 2104 5535 “
2226 5533 2235 5535 ⁷

2384 5533 2507 5590 Nam
2533 5533 2820 5603 caput’est,
2850 5538 2916 5588 tle
2966 5549 3072 5602 quo
3111 5534 3286 5588 ταῦτα
3334 5533 3573 5604 στρέφει,
3617 5536 3751 5591 latet
3786 5533 3935 5590 'forte

758 5598 896 5684 _(§9)
932 5600 1294 5684 Διαγορε-ύειν
1341 5603 1530 5684 ᾷόξαι,
1582 5605 1954 5684 ὲγίᾳςωσαις..
1989 5603 2155 5684 Lege_,
2218 5611 2273 5657 et

2384 5598 2683 5684 arianizans
2711 5598 3128 5684 hieEusebius“,
3172 5605 3327 5684 hisce
3368 5598 3542 5684 enim
3573 5615 3628 5684 e_t
3669 5606 3933 5661 similibus

720 5668 1004 5748 distingue,
1028 5669 1281 5748 sesama
1301 5691 1313 5701 ·
1341 5674 1656 5748 ἐνέρτωσαν.
1684 5674 1753 5727 Μ.
1781 5668 2098 5739 -Δόξαιενξ
2125 5676 2276 5727 ῐστω-

2384 5676 2696 5748 testimoniis
2724 5675 3008 5748 utebantur
3038 5674 3133 5738 illi,
3151 5683 3205 5748 et
3227 5673 3421 5748 ilium
3452 5673 3932 5748 Dei,dyupxov_ne-

724 5740 976 5822 aavcpd;
1009 5743 1128 5822 dein
1158 5743 1310 5814 vulgo
1335 5744 1401 5814 με
1420 5741 1526 5806 ζῶν
1557 5757 1612 5802 et
1639 5763 1694 5802 κ.
1723 5745 1908 5814 ὥσπερ
1933 5748 1958 5798 ὁ
1991 5747 2182 5814 Πατήρ
2214 5753 2265 5801 et

2384 5745 2594 5822 trahant,
2630 5755 2684 5801 et
2729 5745 2914 5822 ᾴῒᾷιον.
2950 5743 3024 5796 Μ.
3053 5775 3116 5786 -
3148 5744 3278 5802 Dein
3304 5746 3464 5815 vulgo
3493 5747 3526 5816 ἡ
3559 5745 3655 5799 τοῦ
3686 5740 3854 5803 ἁδινοῦ
3883 5752 3936 5798 et

723 5805 954 5876 κεφαλὴν
979 5808 1146 5876 μὲντ.
1247 5805 1274 5814 ⁷
1335 5805 1349 5814 ’
1433 5805 1438 5806 ⁷
1880 5805 1891 5814 ’
2132 5805 2161 5814 ”
2381 5805 2590 5882 γένοιτο
2620 5825 2672 5872 et
2697 5816 2813 5886 οὐχὶ
2844 5811 2940 5878 εἷς.
3095 5835 3101 5840 '
