4106 6472
215 467 323 527 ειδ

1237 459 1324 515 DE
1360 455 1887 515 ECCLESIASTICA
1928 450 2326 508 THEOLOGIA
2367 449 2498 505 LIB.
2539 448 2583 502 l.

3379 440 3476 496 8“

211 599 281 638 τα
325 582 440 654 (Η)
495 581 968 652 ὑποστησάμενοςο
1029 579 1057 630 6
1105 574 1452 629 ἀποστέλλων
1513 572 1703 626 αὐτόν·
1767 573 1796 624 6

1908 577 2143 623 aeratam
2178 581 2300 622 cum
2334 562 2680 619 monarchica
2716 569 2990 631 potestate
3043 575 3297 631 suprema
3352 572 3482 629 pos-

212 674 572 746 προστάττων
619 671 787 741 αὐτῷ,
835 672 864 723 ὁ
908 667 1313 738 ἐντελλόμενος·
1375 667 1405 717 6
1440 664 1733 718 διδάσκωνο
1770 664 1798 714 6

212 760 396 816 πάντα
429 760 578 830 αὑτῷ
603 759 951 830 παραδιδοὺς,
992 757 1020 810 6
1051 754 1287 820 δοξάζων
1328 755 1488 808 αὐτόν
1509 771 1521 782 ’
1563 756 1591 807 6
1629 755 1796 824 ὑπερ-

209 855 366 924 υψῶν
385 872 400 885 ·
435 854 465 905 6
494 851 778 915 ἀναδείξας
801 850 1024 920 βασιλέα
1057 847 1164 902 τῶν
1186 847 1322 900 ὅλων
1341 865 1354 877 ο
1387 849 1415 900 6
1445 848 1623 900 πᾶσαν
1649 845 1798 914 αύτῷ

207 945 313 1016 τὴν
344 944 528 1015 κρίσιν
554 940 881 1012 παραδιδούς
901 955 916 971 ·
963 941 991 992 6
1042 939 1130 994 καὶ
1155 940 1302 1009 ἡμᾶς
1335 937 1479 1009 αύτῷ
1519 936 1798 990 πείθεσθαι

211 1036 570 1107 βουλόμενος·
605 1035 634 1086 6
665 1034 754 1086 τὸν
786 1035 843 1086 ὲν
865 1031 1014 1102 δεξιᾷ
1045 1033 1142 1102 τῆς
1179 1029 1649 1100 μεγαλοπρεπείας
1703 1029 1800 1080 αύ-

207 1126 307 1181 τοῦ
345 1125 596 1196 κατέχειν
639 1125 822 1195 θρόνον
852 1124 1302 1194 ὲγκελευόμενος;
1347 1123 1404 1175 ἐν
1435 1122 1512 1192 τῷ
1547 1138 1801 1191 προσφω-

209 1221 327 1274 νεῖν
359 1218 509 1289 αύτῷ
541 1219 634 1271 καὶ
676 1218 854 1286 λέγειν
874 1236 887 1248 ·
925 1216 1120 1271 Κάθου
1146 1217 1213 1268 ἐκ
1241 1213 1456 1278 δεξιῶν
1485 1230 1624 1282 μου·
1655 1215 1684 1266 6
1713 1213 1800 1266 διὰ

212 1309 390 1363 ταῦτα
427 1310 628 1374 πάντα,
663 1310 756 1362 καὶ
791 1307 956 1363 αὐτοῦ
1001 1306 1260 1377 ὑπάρχων
1293 1306 1386 1359 τοῦ
1419 1305 1548 1359 Tim)
1572 1305 1724 1368 Θεὸς,
1757 1298 1800 1370 ᾧ

214 1401 538 1471 πειθόμενος
567 1403 597 1455 6
629 1399 935 1470 Μονογενὴς
956 1398 1120 1453 αὑτοῦ
1155 1402 1304 1462 παῖς,
1339 1398 1639 1452 ἐκένωσεν
1661 1398 1799 1450 eav-

214 1493 342 1557 τὸν,
376 1492 780 1547 ἐταπείνωσεν
802 1491 1038 1554 ἑαυτὸν,
1071 1490 1306 1560 μορφὴν
1321 1490 1544 1544 δούλου
1562 1490 1802 1555 ἀνείλη-

215 1600 352 1652 φεν,
376 1582 648 1650 ὑπήκοος
673 1581 846 1652 μέχρι
869 1581 1128 1636 θανάτου
1155 1580 1421 1651 γέγονεν·
1443 1573 1487 1648 ᾧ
1513 1581 1606 1634 καὶ
1630 1596 1801 1651 προσ-

216 1673 458 1746 εύχεται,
485 1668 529 1742 ᾧ
555 1673 826 1728 κελεύοντι
853 1672 1126 1726 πείθεται·
1163 1666 1206 1740 ᾧ
1241 1674 1336 1726 καῖ
1363 1673 1674 1742 εὐχαριστεῖ
1694 1688 1706 1700 ο
1742 1669 1800 1722 δν

215 1768 311 1821 καὶ
377 1766 534 1838 μόνον
584 1765 833 1837 ἀληθινὸν
885 1764 1018 1817 Θεὸν
1053 1763 1302 1834 ἡγεῖσθαι
1345 1766 1489 1834 ἡμᾶς
1539 1763 1800 1826 διδάσκει,

217 1861 442 1932 μείζονά
477 1878 538 1913 τε
571 1857 709 1913 εἶναι
758 1858 949 1912 ἑαυτοῦ
980 1859 1262 1930 ὁμολογεῖ·
1303 1859 1363 1912 ὃν
1396 1859 1489 1911 ἐπὶ
1515 1859 1646 1911 πᾶσι
1681 1856 1801 1910 τού-

1901 661 2108 724 sideus,
2146 648 2341 714 Filium
2376 655 2700 726 participem
2729 653 2862 708 fecit
2891 667 3003 706 sua:
3027 653 3150 706 vitae
3192 662 3248 706 et
3282 650 3486 706 divini-

1903 753 2032 806 tatis
2063 771 2076 806 :
2108 766 2202 806 sua
2239 743 2419 804 omnia
2452 746 2696 814 subjecta
2735 746 2783 800 ei
2816 744 3040 799 tradidit
3086 761 3099 798 :
3141 759 3265 799 cum
3308 743 3482 807 misit,

1901 845 2184 900 mandavit
2215 844 2318 907 illi,
2351 843 2404 897 in
2439 840 2725 911 praeceptis
2760 839 2928 902 dedit,
2963 837 3169 902 docuit,
3197 838 3379 892 omnia
3408 834 3482 890 illi

1902 937 2144 1003 donavit,
2199 934 2349 990 illum
2411 930 2755 1004 gloriﬁcavit,
2825 929 2976 982 illum
3031 928 3479 999 superexaltavit,

1901 1047 2086 1100 regem
2126 1030 2503 1084 universorum
2543 1017 2865 1102 declaravit,
2895 1023 3158 1088 judicium
3203 1038 3364 1078 omne
3406 1022 3480 1078 illi

1905 1124 2150 1186 tradidit.
2195 1137 2294 1178 nos
2347 1120 2517 1174 voluit
2569 1110 2642 1172 illi
2700 1102 3100 1186 ohtEmperare,
3149 1115 3312 1184 jussit
3358 1129 3481 1170 eum

1903 1219 2087 1273 sedem
2129 1230 2282 1270 suam
2343 1212 2681 1269 constituere
2737 1229 2765 1266 a
2826 1211 3017 1265 dextra
3061 1208 3485 1280 magniﬁcentia:

1903 1318 2032 1365 suae,
2080 1318 2202 1356 cum
2239 1301 2317 1356 sic
2357 1299 2506 1354 illum
2553 1298 2753 1355 affatus
2796 1302 3240 1369 proloqueretur,
3277 1298 3413 1354 Sede
3449 1309 3484 1352 tt

1903 1396 2101 1450 dea-tris
2146 1399 2295 1461 meis,
2325 1395 2417 1465 qui
2450 1395 2520 1449 ob
2552 1394 2652 1448 ista
2674 1393 2885 1462 singula
2918 1405 2972 1448 et
3004 1395 3286 1461 universa,
3314 1395 3483 1463 ipsius

1902 1485 2266 1543 Filiiexsistat
2299 1486 2470 1541 Deus:
2499 1487 2583 1540 cui
2618 1487 3022 1554 obtemperatns
3060 1485 3367 1555 unigenitus
3399 1475 3483 1540 Fi-

1905 1581 2031 1643 lius,
2072 1586 2249 1634 semet
2277 1579 2581 1632 exinanivit
2615 1579 2813 1645 ipsum,
2843 1591 2962 1631 sese
2995 1577 3324 1642 humiliavit,
3367 1576 3481 1632 for-

1905 1687 2046 1724 mam
2096 1673 2240 1725 servi
2291 1670 2589 1739 accipieus,
2635 1671 2815 1723 factus
2863 1669 3123 1724 ohediens
3175 1683 3348 1738 usque
3409 1672 3479 1724 ad

1905 1775 2156 1818 mortem.
2187 1762 2358 1829 Quem
2389 1763 2641 1830 precibus
2677 1761 3016 1830 interpellat:
3052 1761 3137 1816 cui
3161 1761 3368 1828 obedit,
3393 1762 3482 1817 cui

1903 1857 2108 1926 gratias
2159 1857 2289 1925 agit,
2339 1847 2499 1924 quem
2563 1855 2738 1908 solum
2791 1854 3010 1908 unicum
3069 1869 3259 1908 verum
3314 1855 3482 1909 Deum

213 1970 326 2017 τοις
357 1953 592 2006 καὶΘεὸν
624 1947 760 2006 εἶναι
787 1954 980 2005 ἑαυτοῦ
1011 1952 1216 2014 πάντας
1275 1953 1421 2024 ἡμᾶς
1452 1951 1645 2004 είδέναι
1679 1949 1798 2020 βού-

1908 1950 2126 2002 credere
2181 1962 2278 2002 nos
2321 1947 2477 2000 ducet
2507 1962 2724 2016 :.Quem
2772 1961 2830 2000 se
2863 1947 3124 2016 majorem
3167 1946 3478 2016 proﬁtetur,

216 2043 389 2114 λεται.
422 2045 517 2099 ⁸⁸ον
544 2044 687 2097 οὕτω
724 2044 1016 2108 δοξάζοντα
1038 2043 1127 2098 τὸν
1155 2042 1347 2097 ἑαυτοῦ
1369 2044 1606 2114 Πατέρα,
1639 2047 1801 2114 ἀμοι-

217 2136 387 2202 ϐαίως
420 2137 778 2204 άντιδοξάζων
815 2139 840 2190 6
875 2138 1084 2209 Πατὴρ,
1118 2139 1213 2190 καὶ
1245 2137 1468 2207 Κύριον,
1503 2139 1595 2189 καὶ
1618 2137 1802 2207 Σωτῆ-

218 2247 309 2302 ρα,
334 2231 428 2283 καὶ
456 2229 589 2283 Θεὸν
621 2231 729 2282 τῶν
759 2229 915 2294 ὅλων,
943 2229 1036 2282 καὶ
1067 2229 1352 2300 σύνθρονον
1383 2229 1484 2299 τῆς
1513 2229 1676 2282 αὐτοῦ
1709 2229 1804 2298 βα-

219 2320 423 2385 σιλείας
445 2321 702 2388 ἀνέδειξε.
730 2322 794 2374 "A
815 2322 879 2392 δὴ
907 2321 1308 2394 πεπαιδευμένη
1333 2323 1366 2392 ή
1399 2322 1692 2394 Ἐκκλησία
1708 2320 1800 2374 τοῦ

218 2414 374 2479 Θεοῦ,
403 2415 601 2485 ἑαυτῆς
628 2415 724 2484 μὲν
750 2416 843 2468 καὶ
869 2414 1022 2476 Θεὸν,
1055 2415 1149 2468 καὶ
1193 2414 1394 2487 Κύριον
1429 2417 1522 2470 καὶ
1557 2417 1799 2487 Σωτῆρα,

218 2506 313 2561 τοῦ
363 2507 406 2560 δ’
435 2507 526 2560 ἐπὶ
561 2508 778 2560 πάντων
808 2507 944 2561 Θεοῦ
975 2506 1101 2559 Υίὸν
1131 2508 1394 2578 μονογενῆ
1445 2509 1606 2562 αὑτὸν
1640 2507 1801 2577 γινώ-

220 2613 370 2650 σκειν
390 2637 404 2660 ,
432 2600 524 2652 καὶ
551 2600 742 2653 οὐδένα
770 2600 867 2670 μὲν
893 2599 1048 2653 ἄλλον
1069 2598 1176 2651 τῶν
1201 2599 1473 2668 γεννητῶν
1504 2599 1802 2670 ἀναγορεύ-

220 2704 302 2742 ειν
336 2689 469 2745 Θεὸν
497 2690 658 2755 ἀξιοῖ,
691 2692 849 2760 μόνον
872 2692 927 2744 δὲ
965 2691 1148 2744 τοῦτον
1183 2686 1289 2745 οἶδε
1318 2691 1472 2754 Θεὸν,
1501 2691 1560 2744 ὂν
1588 2692 1743 2761 μόνον
1776 2694 1804 2745 6

221 2781 410 2854 Πατὴρ
435 2783 495 2846 ἐξ
520 2783 715 2836 ἑαυτοῦ
744 2784 954 2852 ἐγέννα.
993 2785 1198 2856 ’Ὠσπερ
1228 2779 1320 2838 οὖν
1347 2783 1510 2847 αὐτὸς
1534 2782 1621 2837 διὰ
1650 2784 1804 2837 Σολο-

229 2872 406 2943 μῶνος
461 2874 703 2946 παρίστη
731 2874 905 2944 λέγων
931 2893 944 2906 ’
992 2875 1111 2944 Πρὸ
1137 2875 1242 2929 τοῦ
1278 2874 1384 2943 ὅρη
1416 2873 1799 2943 ἑδρασθῆναι,

225 2965 339 3034 πρὸ
367 2966 435 3020 δὲ
459 2967 704 3022 πάντων
727 2968 970 3032 ,Βουνῶν
996 2967 1177 3038 γεννᾷ
1208 2986 1301 3038 με,
1339 2962 1441 3021 ὧδέ
1475 2987 1550 3040 πη
1580 2970 1680 3040 ὅρη
1711 2971 1804 3022 καὶ

227 3054 445 3125 βουνοὺς
469 3056 568 3122 τὰς
598 3057 748 3121 Θείας
782 3045 874 3112 δὶα).
907 3057 1308 3130 ὑπερκοσμίους
1338 3058 1596 3128 δυνάμεις
1627 3060 1800 3111 αίνιτ-

226 3148 468 3219 τόμενος.

863 3423 1019 3478 ΚΕΦ.
1069 3424 1168 3477 IB'.

275 3511 368 3579 Ὠς
405 3513 670 3582 ἇρῤητος
696 3517 882 3571 αὐτοῦ
908 3520 946 3587 ἠ
966 3517 1036 3571 ἐκ
1065 3519 1171 3573 τοῦ
1205 3519 1434 3586 Πατρός
1464 3518 1768 3589 γέννησις.

301 3605 363 3657 Ei
399 3604 455 3658 δὲ
489 3605 552 3676 δὴ
581 3606 694 3674 (42)
731 3608 1142 3679 περιεργάζοιτό
1172 3627 1276 3674 τις,
1315 3612 1412 3662 καὶ
1443 3609 1559 3672 πῶς
1586 3610 1651 3662 ἂν
1685 3626 1808 3678 γεν-

229 3699 439 3770 νήσειεν
461 3701 490 3752 6
521 3699 676 3764 Θεὸς,
703 3701 818 3766 πῶς
846 3702 891 3754 δ’
916 3702 1068 3758 ἔσται
1095 3705 1284 3776 Πατὴρ
1313 3705 1380 3774 (6)
1413 3705 1668 3757 ἐπέκεινα
1700 3705 1808 3758 τῶν

228 3791 397 3857 ὅλων,
453 3792 511 3845 τὸ
540 3793 814 3864 τολμηρὸν
840 3795 936 3849 τοῦ
967 3797 1248 3867 πύσματος
1280 3800 1620 3868 κατασιγάσῃ
1651 3800 1678 3850 6
1699 3800 1806 3868 φή-

231 3903 358 3949 σας·
403 3884 707 3953 Βαθύτερά
740 3886 848 3956 (45)
879 3903 993 3941 σου
1019 3888 1104 3957 μὴ
1136 3888 1308 3955 ζήτει,
1340 3890 1433 3942 καὶ
1464 3891 1810 3962 ὑψηλότερά

227 3993 344 4033 σου
354 3977 439 4048 μὴ
455 3977 691 4042 ἐξέταζε
716 3996 728 4008 ·
760 3977 797 4032 d
819 3981 1155 4049 :rpoo'etdm
1184 3998 1302 4047 σοι,
1327 3982 1511 4036 ταῦτα
1541 3983 1802 4039 διανοοῦ·

227 4071 302 4123 οὐ
317 4068 426 4138 γάρ
443 4071 577 4123 ἐστί
590 4084 687 4123 σοι
704 4072 872 4139 χρεία
888 4073 1006 4125 τῶν
1033 4073 1328 4140 κρυπτῶν.
1350 4076 1458 4127 Καὶ
1472 4076 1499 4127 ὁ
1519 4076 1726 4140 Παῦλος
1751 4077 1808 4128 δὲ

228 4159 416 4214 εἰπών·
441 4161 510 4215 Ὠ
523 4160 715 4228 βάθος
739 4163 1003 4215 πλούτου
1024 4163 1121 4217 καὶ
1147 4167 1384 4234 σοφίας,
1409 4166 1505 4221 καί
1538 4166 1810 4235 γνώσεως

216 4251 416 4306 Θεοῦ]
452 4253 532 4317 ὠς
569 4252 1006 4322 ἀνεξερεύνητα
1052 4256 1125 4308 τὰ
1168 4257 1417 4325 κρίματα
1454 4257 1638 4312 αὐτοῦ
1661 4258 1680 4309 .'
1711 4258 1811 4311 καί

231 4342 688 4412 ἀνεξιχνίαστοι
719 4348 777 4399 αλ
811 4345 935 4399 ὁδοὶ
966 4347 1188 4400 αὑτοῦ]
1219 4348 1322 4401 Τὸν
1360 4349 1668 4420 περαιτέρω
1700 4367 1808 4419 χω-

235 4437 346 4506 ρεῖν
377 4434 693 4506 τολμῶντα,
727 4436 800 4507 μὴ
833 4439 1140 4506 ἀνεφίκτοις
1182 4441 1479 4511 ἐπιχειρεῖν
1510 4440 1542 4509 ἢ
1580 4440 1811 4493 πειθέτω

231 4522 404 4594 λέγων
423 4526 683 4598 πρότερον
709 4527 887 4590 αὐτὸς,
915 4527 950 4580 ἃ
968 4528 1029 4598 δή
1067 4546 1228 4599 φησιν
1256 4530 1314 4594 ἐξ
1339 4531 1439 4583 οὐκ
1465 4529 1632 4584 ὄντων
1655 4548 1811 4600 γεγο-

1907 2055 2180 2110 quemque
2215 2039 2390 2094 adhuc
2429 2054 2594 2108 super
2621 2039 2827 2105 omnia,
2863 2054 3019 2093 suum
3053 2054 3271 2110 quoque
3314 2041 3481 2096 Deum

1905 2147 2047 2195 esse,
2081 2147 2180 2186 nos
2205 2147 2395 2186 omnes
2431 2141 2486 2186 et
2530 2131 2774 2201 singulos
2807 2131 2949 2186 scire
2994 2132 3184 2188 voluit.
3214 2134 3383 2201 Quem
3414 2133 3482 2189 ad

1906 2225 2068 2280 istum
2108 2226 2324 2280 modum
2370 2223 2588 2278 Patrem
2620 2239 2776 2279 suum
2829 2223 3250 2294 gloriﬁcanlem,
3295 2225 3481 2291 Pater,

1905 2319 2196 2372 Viceversa
2244 2315 2586 2387 gloriﬁcavit,
2639 2329 2870 2381 eumque
2922 2316 3230 2382 Dominum,
3283 2318 3483 2373 Serva-

1909 2419 2105 2477 torem,
2137 2410 2304 2464 Deum
2335 2407 2738 2474 universorum,
2776 2417 3088 2463 consortem
3133 2409 3214 2464 sui
3262 2425 3483 2481 quoque

1907 2503 2117 2572 imperii
2150 2502 2325 2572 palam
2351 2500 2670 2556 declaravit.
2702 2498 2828 2555 llaec
2859 2516 2888 2554 a
2920 2490 3030 2556 Deo
3064 2503 3252 2557 edocta
3297 2502 3483 2560 Eccle-

1905 2596 1983 2651 sia
2024 2595 2172 2651 illum
2204 2597 2394 2661 Deum,
2424 2595 2732 2659 Dominum,
2761 2595 3131 2663 Servatorem,
3163 2589 3360 2652 Filium
3387 2595 3482 2654 hei

1915 2692 2153 2760 supremi
2190 2689 2534 2761 Unigenitum
2574 2691 2841 2762 agnoscit,
2878 2707 2979 2746 nec
3006 2691 3074 2746 ab
3112 2707 3179 2748 eo
3227 2708 3350 2747 cum
3405 2711 3484 2748 re-

1907 2785 2154 2851 cesserit,
2195 2784 2338 2849 inter
2375 2793 2680 2849 creaturas,
2715 2793 2977 2853 praeterea
3023 2785 3322 2856 quidquam
3353 2801 3483 2854 pro-'-

1907 2880 2092 2931 litetur
2138 2877 2330 2931 Deum.
2384 2875 2570 2934 Solum
2634 2874 2788 2931 illum
2822 2875 3021 2947 quippe
3073 2875 3243 2931 Deum
3297 2879 3473 2940 novit,

1904 2985 2067 3040 quem
2092 2969 2267 3026 solum
2312 2971 2379 3026 de
2409 2984 2467 3025 se
2501 2969 2688 3040 genuit
2710 2968 2891 3024 Pater.
2930 2969 3396 3037 Quemadmodum
3430 2976 3485 3022 ct

1906 3064 2023 3133 ipse
2054 3078 2151 3132 per
2190 3062 2535 3118 Salomonem
2576 3063 2820 3134 loquitur
2860 3079 2875 3115 :
2914 3059 3237 3132 Priusquam
3283 3071 3484 3115 montes

1904 3154 2289 3215 atabilirentur,
2350 3167 2472 3208 ante
2508 3171 2685 3208 omnes
2745 3154 2905 3207 colles
2932 3154 3208 3223 progenuit
3236 3169 3336 3207 me.
3383 3151 3488 3206 Pe:

1833 3284 1879 3346 ϐ
1912 3257 2123 3302 montes
2148 3255 2203 3301 et
2234 3245 2402 3300 colles
2456 3246 2529 3300 ibi
2563 3246 2806 3300 indicare
2845 3244 3012 3299 voluit
3054 3243 3270 3299 divinas
3301 3254 3357 3300 et
3390 3257 3487 3300 su-

1909 3338 2310 3407 permundanas
2348 3345 2668 3409 potestates.

2541 3428 2693 3484 CAP.
2738 3429 2847 3484 XII.

1949 3527 2007 3586 ᾗ(
2034 3521 2183 3588 Quod
2210 3523 2275 3577 ait
2312 3523 2682 3577 inenarrabilis
2708 3523 2855 3577 illius
2878 3522 2942 3576 de
2972 3521 3136 3578 Patre
3162 3525 3452 3595 generatio.

1981 3614 2138 3680 Quod
2171 3615 2216 3668 si
2243 3614 2364 3684 quis
2399 3615 2669 3671 curiosius
2703 3615 2794 3669 hic
2823 3614 3106 3686 sategerit,
3126 3625 3183 3670 et
3219 3617 3492 3686 quomodo

1910 3707 1980 3761 sit
2010 3707 2100 3764 ille
2132 3707 2277 3763 Deus
2311 3718 2462 3777 roget
2491 3728 2503 3762 :
2535 3709 2808 3778 quomodo
2839 3709 2945 3764 erit
2989 3707 3172 3774 Pater,
3203 3709 3295 3780 qui
3327 3723 3493 3780 super

1910 3800 2090 3853 omnia
2133 3801 2262 3856 est?
2310 3803 2570 3856 audacem
2619 3803 2775 3873 hujus
2827 3801 3058 3856 hominis
3110 3802 3492 3873 interrogatio-

1912 3907 2033 3944 nem
2073 3904 2388 3962 compescet
2415 3895 2461 3949 is
2487 3895 2583 3963 qui
2615 3896 2716 3959 ait,
2748 3891 3111 3958 Profundiora
3135 3904 3184 3948 te
3208 3934 3225 3959 ,
3258 3911 3321 3949 ne
3346 3905 3492 3966 quc-

1910 3979 2095 4035 alveris
2116 4023 2130 4046 ,
2180 3992 2226 4036 et
2269 3981 2558 4036 excelsiora
2607 3993 2656 4036 te
2682 4023 2698 4050 ,
2743 3998 2805 4035 ne
2834 3982 3090 4052 ,exquiras
3119 3998 3137 4035 :
3167 3982 3263 4035 illa
3293 3984 3493 4051 cogite.

1910 4089 2028 4141 qua:
2065 4070 2155 4123 tibi
2184 4071 2452 4138 imperavit
2483 4086 2500 4124 :
2529 4088 2693 4142 neque
2727 4073 2863 4125 enim
2893 4072 2986 4125 tibi
3014 4088 3142 4139 aput
3165 4084 3239 4126 est
3265 4083 3496 4128 secreto-

1912 4180 2030 4218 rum
2057 4165 2137 4228 ⁶¹;
2173 4175 2227 4218 et
2255 4162 2455 4218 Paulus
2478 4162 2555 4216 ait
2579 4165 2745 4218 etiam
2794 4179 2807 4215 :
2844 4161 2887 4218 0
2913 4163 3138 4217 altitudo
3163 4164 3489 4233 divitiarum,

1911 4257 2184 4324 sapientiae
2212 4265 2260 4310 et
2299 4256 2532 4310 scientia:
2564 4255 2705 4310 Dei!
2737 4271 2895 4325 quam
2943 4255 3493 4323 incomprehensibilia

1913 4359 2034 4402 sunt
2075 4349 2287 4418 judicia
2317 4348 2476 4420 ejus!
2526 4358 2578 4402 et
2623 4349 3112 4420 impervestigabiles
3146 4353 3241 4406 vite
3281 4352 3394 4422 ejus
3425 4353 3492 4405 “.

1913 4439 2074 4494 Hunc
2102 4454 2232 4494 vero
2265 4454 2680 4509 progressurum
2702 4439 2895 4492 audaci
2927 4440 3172 4497 facinore
3208 4442 3385 4497 adhuc
3415 4441 3499 4497 ul-

1917 4531 2090 4585 terius
2121 4532 2376 4586 cohibere
2412 4531 2606 4586 saltem
2640 4531 2894 4598 debeant,
2941 4541 2998 4586 ut
3026 4533 3307 4589 inaccessa
3344 4549 3501 4604 pror-

232 4618 398 4683 νέναι,
443 4618 558 4682 πῶς
585 4620 679 4672 καὶ
725 4619 846 4673 τίνα
872 4621 1071 4692 τρόπον
1106 4623 1335 4693 ὑπέστη,
1376 4623 1599 4694 μηδαμῆ
1640 4624 1805 4694 μηδα-

1918 4638 2010 4677 sus
2056 4625 2423 4694 aggrediatur,
2453 4638 2514 4679 ea
2547 4639 2670 4694 quae
2716 4633 2843 4679 sunt
2872 4623 2941 4678 ah
2970 4625 3086 4694 ipso
3121 4627 3271 4695 prius
3298 4627 3499 4697 posita,

235 4708 352 4778 μῶς
383 4709 512 4762 ὄντα
536 4711 816 4782 πρότερον.
845 4713 919 4764 Ού
945 4711 1053 4784 γάρ
1089 4712 1152 4783 δὴ
1189 4715 1328 4768 κατά
1362 4715 1487 4778 τοὺς
1518 4718 1645 4788 παρ’
1681 4717 1809 4787 ἡμῖν

233 4797 502 4868 τεχνίτας,
525 4799 655 4872 ὓλην
685 4802 1154 4872 προῦποκειμένην
1179 4801 1354 4856 λαὸὼν
1379 4807 1499 4867 ταῖς
1523 4806 1726 4876 χερσὶν,
1756 4806 1814 4858 τὸ

235 4889 346 4942 πᾶν
371 4891 715 4961 ἐτεκτήνατο.
746 4893 953 4965 Ὥσπερ
983 4893 1048 4964 δὴ
1092 4893 1267 4957 τοῦτο,
1299 4897 1365 4964 τῇ
1403 4893 1561 4962 φύσει
1596 4895 1812 4965 ἀμήχα-

233 4995 344 5045 νον,
372 4980 496 5034 ὅσον
523 4982 609 5033 ἐπ’
640 4981 963 5053 ἀνθρώποις,
988 4983 1132 5052 λέγω
1159 4983 1215 5036 δὲ
1246 4983 1308 5036 τὸ
1343 4983 1606 5054 μηδαμῶς
1641 4985 1816 5055 ὑπάρ-

233 5089 328 5143 χον
353 5073 419 5126 ἐκ
442 5071 536 5125 τοῦ
563 5072 636 5143 μὴ
671 5073 819 5138 ὄντος
853 5078 931 5138 είς
960 5075 1020 5128 τὸ
1046 5071 1185 5129 εἷναι
1216 5077 1506 5147 παράγειν,
1555 5076 1702 5148 αύτῷ
1725 5079 1814 5130 δυ-

235 5165 392 5230 Ἷατὸν
421 5165 680 5234 κατέστη,
713 5167 805 5218 καὶ
827 5167 1015 5236 γέγονε
1049 5167 1159 5238 (44)
1181 5167 1287 5221 τῶν
1311 5167 1446 5221 ὅλων
1477 5169 1726 5240 ποιητὴς,
1755 5171 1814 5222 οὐ

312 5291 371 5349 EB
402 5283 497 5339 Ed.
531 5282 729 5349 Paris,
765 5301 886 5356 pag.
917 5287 1005 5340 7i.

307 5444 420 5522 (λίς.)
473 5445 1024 5522 ’Υποστησάμενος.
1050 5447 1211 5522 Deest
1247 5451 1396 5522 αὐτῷ
1421 5492 1436 5515 ,
1473 5467 1664 5519 nempe
1726 5452 1818 5507 Fi-

232 5515 330 5569 lio.
365 5515 490 5568 Haec
520 5519 724 5580 omnia,
753 5515 830 5572 de
852 5522 1069 5574 homine
1102 5519 1321 5577 Christo
1368 5515 1424 5575 in
1460 5515 1632 5578 sacris
1664 5523 1814 5578 litte-

235 5587 315 5638 ris
345 5586 594 5651 recitata,
629 5590 694 5639 ad
720 5590 972 5654 deitatem
1003 5590 1187 5644 retulit
1244 5591 1530 5655 Eusebius,
1563 5594 1813 5646 Arianma

239 5655 344 5732 lide
367 5669 612 5732 prorsus.
642 5656 714 5710 Μ.
741 5661 951 5732 ῖ-Δᾷίογκ
985 5663 1144 5732 vulgo
1169 5661 1258 5732 τὸν
1282 5665 1344 5713 ὲκ
1371 5661 1548 5726 δεξιᾶς
1585 5679 1635 5714 τ.
1663 5679 1720 5732 μ.
1763 5674 1816 5717 ct

234 5725 396 5777 ἐταπ.
427 5725 616 5802 ἑαύτὸν
651 5745 706 5780 u..
741 5727 893 5802 δούλ.
919 5725 1100 5802 λαϐὼν
1129 5725 1454 5802 γενόμενος,
1476 5725 1679 5802 nituisse
1727 5749 1816 5788 se-

233 5805 436 5872 (ἶυὲίέίθ
461 5795 704 5872 γέγονεν,
730 5809 784 5872 ει
816 5801 908 5852 καὶ
939 5795 1210 5854 κελεύοντι
1244 5795 1295 5857 et
1333 5803 1431 5872 τῆς
1475 5801 1811 5872 seuseu-ﬂag,

234 5875 291 5920 et
430 5882 561 5939 r:_e_r:.
587 5875 640 5920 et
669 5868 868 5939 Σαλομ.

314 5935 427 6008 (4‘2)
468 5935 633 6008 Vulgo
659 5937 723 6010 δή
753 5935 885 6010 om.;
934 5941 1057 5998 dein
1102 5943 1256 6013 vulgo
1310 5943 1410 6013 τῆς
1464 5943 1713 6010 πεύσεως
1765 5955 1817 6004 et

1918 4716 1984 4768 de
2007 4716 2466 4786 progeneratione
2492 4730 2522 4768 e
2565 4731 2672 4771 non
2701 4715 3100 4774 exsisteutibus
3134 4736 3146 4773 :
3182 4721 3326 4788 quod
3361 4735 3501 4789 quo-

1923 4808 2084 4861 modo
2117 4807 2228 4862 ﬁeri
2264 4809 2438 4877 potuit
2485 4807 2648 4862 velim
2700 4809 2976 4880 explicet,
3010 4825 3131 4865 cum
3186 4813 3503 4882 neutiquam

1923 4897 2112 4952 nullibi
2159 4909 2436 4953 exstarent
2468 4899 2575 4954 illa.
2612 4899 2731 4955 Non
2778 4901 2946 4963 enim,
2997 4911 3057 4955 ut
3088 4901 3328 4957 artiﬁces
3362 4906 3505 4972 apud

1925 5003 2023 5043 nos
2049 4988 2243 5056 solent,
2278 4989 2564 5045 materiam
2593 4991 2978 5061 prwjacentem
3027 5001 3305 5061 acceptam
3336 4991 3509 5045 mani-

1925 5080 2046 5149 hus,
2087 5083 2400 5138 universum
2428 5082 2627 5139 exinde
2676 5082 3042 5138 conformavit
3071 5101 3084 5136 :
3120 5084 3214 5139 sed
3245 5095 3305 5139 ut
3328 5084 3505 5154 ipsum

1925 5173 2028 5228 hoc
2080 5187 2286 5231 natura:
2337 5177 2554 5246 quidem
2610 5174 2948 5245 impossibile
2997 5175 3197 5241 fuerat,
3245 5185 3504 5247 quantum

1105 5288 1148 5318 ⁶¹
1172 5288 1322 5346 Eccl.
1358 5303 1441 5354 ιιι,
1471 5287 1566 5346 22.
1647 5291 1691 5322 “
1717 5289 1878 5346 Rom.
1907 5309 1984 5360 ιι,
2014 5295 2104 5353 53.

1921 5458 2294 5527 κατασιγάση.

1992 5529 2105 5597 (45)
2131 5525 2438 5596 Βαθύτερά
2466 5544 2602 5582 σου.
2639 5527 2814 5582 Locus
2845 5537 2928 5580 est
2954 5525 3129 5581 Sirae.
3156 5544 3238 5591 ιιι,
3268 5526 3360 5589 2'2,
3420 5526 3515 5580 ubi

1918 5595 2152 5671 legimus
2183 5595 2539 5671 χαλεπώτερά
2569 5615 2666 5671 σου
2705 5601 2780 5671 μὴ
2831 5597 3006 5668 ζήτει,
3041 5599 3136 5651 καὶ
3187 5596 3518 5671 ἰσχυρότερά

1923 5684 2014 5720 σου
2041 5668 2115 5739 μὴ
2148 5669 2402 5735 ἐξέταζε,
2440 5668 2524 5723 ubi
2553 5670 2658 5724 alia
2697 5668 2804 5724 eiut
2848 5673 2898 5722 iu
2933 5673 3178 5724 eamdem
3223 5668 3341 5739 cum
3368 5669 3518 5739 histis

1921 5738 2266 5814 sententiam.
2289 5739 2360 5793 M.
2385 5772 2452 5780 —
2481 5742 2609 5794 Dein
2645 5742 2801 5809 vulgo
2823 5742 3118 5811 ἐπιχωρεῖν
3157 5741 3194 5807 ἡ
3218 5750 3273 5795 et
3303 5738 3338 5794 ά
3359 5738 3418 5793 δὲ
3450 5757 3514 5814 φ.

1924 5819 1978 5861 et
2004 5811 2120 5890 ora»)
2146 5811 2504 5890 ἐπεκτείνατο
2541 5822 2596 5864 et
2622 5814 2979 5890 tgoayotyeiv/

1998 5881 2108 5948 (ιι)
2144 5881 2264 5932 Ίὶῐιν
2291 5883 2449 5937 ὅλων
2481 5879 2757 5949 ποιητής.
2780 5879 2893 5934 γει
2923 5879 2982 5934 tit
3026 5883 3078 5933 in
3110 5882 3354 5952 margine
3387 5879 3512 5942 fuit,

1927 5954 2146 6022 ποιητῇ,
2180 5955 2365 6012 statim
2393 5953 2553 6010 αὑτοῦ
2583 5953 2700 6008 υἱοῦ
2736 5953 2975 6023 γένησις.
3019 5952 3092 6009 Μ.
3127 5983 3195 5995 —-
3242 5955 3372 6010 Dein
3414 5952 3512 6007 τοῦ
