4106 6444
709 419 815 477 847
1411 412 1676 471 Ευεεειι
1713 413 2078 473 CESARIEN
2087 411 2189 468 SIS

2321 411 2375 466 P.
2417 410 2596 468 PARS
2633 412 2721 469 IV.
2764 444 2833 456 —
2871 411 3289 472 DOGMATICA.
3827 416 3919 472 848

707 533 930 602 quidem
970 529 1036 586 ad
1081 528 1374 584 humanum
1427 531 1685 599 operandi
1746 533 1962 585 modum
2015 538 2220 600 spectat

2321 564 2330 590 ι
2360 529 2481 581 κατ’
2513 527 2816 600 ἄνθρωπον,
2844 531 3100 602 ἀρρήτοις
3131 530 3186 584 δὲ
3221 531 3316 584 καὶ
3346 527 3650 602 ἀφράστοις
3678 529 3814 600 ἡμῖν
3842 529 3917 584 λό-

709 625 962 681 nimirum
982 663 999 690 ,
1048 623 1116 678 de
1163 621 1347 677 nullibi
1370 623 1667 679 exsistcnte
1693 625 1948 688 materia,
1974 624 2221 678 essential

2359 635 2492 688 γοις,
2523 619 2662 672 οὕτω
2693 621 2787 674 καὶ
2828 620 2961 673 πολὺ
2995 620 3154 674 πλέον
3201 622 3235 692 ἠ
3271 620 3363 674 τοῦ
3393 619 3734 690 Μονογενοῦς
3768 623 3920 678 αὐτοῦ

711 732 890 773 rerum
922 725 1281 771 constructam
1328 714 1462 771 dare
1497 731 1512 769 :
1543 715 1641 786 ipsi
1679 725 1855 770 tamen
1891 715 2221 769 universitati

2356 711 2607 784 γέννησις
2630 713 3040 786 ἀνεξερεύνητος
3061 715 3154 768 καὶ
3185 715 3582 786 ἀνεξιχνίαστος
3605 714 3673 768 ἂν
3699 716 3810 786 εἴη,
3836 718 3918 789 οὐ)

706 807 974 865 conditori
1001 807 1254 878 possibile
1277 806 1374 862 fuit
1391 808 1569 878 plane,
1593 817 1647 864 et
1669 807 1868 863 factum
1893 820 1995 863 est.
2029 807 2220 877 Captm

2356 803 2505 872 ἡμῖν,
2532 802 2608 865 ὡς
2631 802 2698 856 ἂν
2730 803 2862 874 φαίη
2891 821 2994 866 τις,
3041 805 3242 874 μόνοις,
3283 803 3419 858 ἀλλὰ
3446 805 3541 858 καὶ
3580 803 3785 868 πάσαις
3811 810 3924 870 ταῖς

707 902 809 957 hoc
858 903 1148 956 humanum
1199 901 1530 954 transcendit
1569 913 1833 969 prorsus:
1876 913 2048 968 neque
2101 899 2221 967 ltuju

2355 892 2652 961 κρείττοσιν
2679 893 2710 963 ἢ
2742 893 2862 947 καθ’
2887 895 3031 965 ἡμᾶς
3059 895 3340 965 δυνάμεσι.
3372 895 3452 948 Τὰ
3474 895 3585 968 γὰρ
3610 895 3808 967 μακρῷ
3830 897 3922 967 τὴν

2355 984 2513 1052 φύσιν
2546 984 2939 1055 ὑποδεόηκότα,
2994 985 3142 1039 κάτω
3186 1003 3244 1040 τε
3289 987 3383 1040 καὶ
3433 987 3773 1058 πορρωτάτω
3830 988 3922 1057 τῆς

2352 1077 2588 1148 ἀρρήτου
2627 1078 2720 1130 καὶ
2745 1076 2932 1149 θεῑκῆς
2969 1078 3280 1132 καθεστῶτα
3307 1079 3514 1143 οὐσίας,
3561 1079 3680 1143 πῶς
3713 1079 3782 1134 ἂν
3808 1081 3920 1148 ὲφί-

2353 1185 2498 1221 κοιτο
2523 1167 2625 1238 τῆς
2661 1168 2914 1223 ἐπέκεινα
2947 1171 3040 1224 καὶ
3069 1170 3329 1224 ἀνωτάτω
3369 1170 3759 1242 καταλήψεως
3803 1172 3922 1235 Πῶς

2349 1259 2393 1312 δ’
2421 1259 2486 1313 ἂν
2503 1260 2571 1313 τὰ
2602 1259 2676 1332 μὴ
2703 1260 2830 1314 ὄντα
2853 1261 3129 1332 πρότερον,
3153 1261 3219 1315 δι’
3247 1261 3411 1315 αὑτοῦ
3445 1262 3492 1316 δ’
3520 1264 3585 1316 ὲκ
3610 1263 3707 1315 τοῦ
3741 1264 3818 1334 μὴ
3841 1262 3922 1316 δν-

2348 1368 2437 1416 τος
2470 1354 2550 1415 εις
2579 1351 2640 1405 τὸ
2675 1347 2811 1406 εἶναι
2851 1355 3209 1424 προαχθέντα,
3242 1352 3336 1406 τοῦ
3377 1355 3816 1424 παραγαγόντος,
3849 1358 3924 1408 αξ-

2347 1443 2457 1496 τίου
2487 1459 2546 1496 τε
2578 1444 2757 1509 αὐτοῖς
2785 1445 2884 1517 τῆς
2907 1445 3188 1517 ὑπάρξεως
3211 1445 3519 1516 γενομένου,
3555 1446 3706 1518 σχοίη
3741 1447 3808 1502 ἄν
3838 1464 3918 1511 τις

695 1543 916 1606 sidunt,
944 1553 1000 1598 et
1025 1543 1092 1598 ab
1118 1541 1204 1596 illa
1246 1542 1425 1596 divina
1463 1541 1814 1597 inenarrabili
1845 1545 2082 1600 essentia
2125 1562 2221 1600 sun

2348 1533 2454 1605 πρὸ
2493 1534 2594 1605 τῆς
2623 1537 2888 1606 γενέσεως
2936 1535 3034 1605 τὴν
3089 1536 3322 1605 γνῶσιν;
3370 1539 3550 1589 Ἧπου
3583 1554 3646 1604 γε
3679 1538 3843 1607 ἡμεῖς
3871 1540 3917 1590 οι

695 1632 1002 1704 longissimo
1023 1642 1076 1688 et
1119 1632 1356 1689 inferiori
1395 1641 1568 1689 tractu
1597 1643 1824 1701 semota,
1850 1637 2118 1705 quomodo
2147 1651 2221 1705 pot

2346 1623 2540 1694 χθιζοὶ,
2586 1625 2761 1697 δέρμα
2807 1626 2898 1679 καὶ
2952 1625 3123 1698 κρέας
3159 1625 3529 1697 ἐνδεδυμένοι·
3579 1627 3791 1690 ὀστέοις
3827 1629 3917 1680 καὶ

696 1725 856 1779 terint
902 1725 1208 1796 cognitione
1256 1740 1354 1781 sua
1405 1726 1470 1780 ad
1521 1725 1774 1791 sublimia
1824 1729 1956 1782 etin
1983 1728 2221 1783 altissimi

2344 1716 2554 1786 νεύροις
2592 1717 2909 1788 ὲνειρμὲνοι,
2971 1717 3064 1770 καὶ
3101 1717 3233 1788 μηδὲ
3265 1717 3332 1771 τὰ
3363 1717 3484 1771 καθ’
3516 1719 3662 1788 ἡμᾶς
3695 1720 3910 1782 εἰδότες,

693 1817 885 1885 posita,
931 1816 1215 1887 aspirare?
1256 1817 1357 1885 Qui
1411 1819 1608 1887 poterit
1643 1818 1781 1882 ﬁeri,
1823 1829 1881 1873 ut
1906 1819 2087 1874 animo
2122 1822 2221 1890 qui:

2343 1807 2441 1878 τὴν
2478 1808 2603 1879 περὶ
2642 1809 2750 1862 τῶν
2777 1809 3030 1880 ἀρρήτων
3059 1808 3337 1863 ἀκίνδυνον
3379 1809 3721 1880 ποιησόμεθα
3755 1811 3913 1882 ζήτη-

689 1923 751 1966 ea
781 1919 1098 1979 assequatur
1145 1911 1283 1980 (quae
1329 1911 1456 1965 olim
1505 1912 1724 1966 omnino
1777 1926 1882 1966 non
1931 1911 2212 1967 exstabant

2344 1915 2457 1964 σιν;
2483 1901 2600 1964 πῶς
2635 1902 2823 1969 ἐγέννα
2854 1901 2944 1954 τὸν
2971 1901 3096 1954 Υίὸν
3121 1902 3150 1954 ὁ
3175 1901 3361 1974 Πατὴρ
3395 1902 3913 1973 πολυπραγμονοῦν-

688 2004 782 2058 sed
827 2004 894 2058 de
939 2019 1044 2058 non
1079 2017 1228 2067 esse,
1261 2003 1325 2056 ad
1372 2003 1665 2058 subsistere
1710 2019 1901 2067 suum,
1946 2019 2042 2074 per
2070 2003 2221 2058 Dt‘tllI

2339 2006 2449 2054 τες.
2478 1991 2595 2042 ’Ότι
2619 1990 2791 2044 δὲκαὶ
2817 1990 2924 2044 τῶν
2953 1989 3103 2064 παρά
3124 1991 3289 2054 πόδας
3318 1991 3486 2064 μυρία
3509 1993 3607 2064 τὴν
3636 1993 3911 2064 ἡμετέραν

685 2103 811 2149 sunt
852 2094 1107 2164 producta
1141 2094 1367 2165 originis
1397 2105 1668 2150 auctorem
1697 2133 1712 2159 ,
1743 2109 2074 2164 causamque
2105 2095 2221 2160 ipsi:

2336 2079 2695 2152 διαδιδράσκει
2727 2080 2924 2150 γνῶσιν
2951 2081 3106 2152 δῆλον
3132 2081 3198 2134 ἀν
3226 2081 3311 2153 εἵη
3339 2081 3569 2136 ἐνθένδε.
3594 2083 3692 2145 Τίς
3720 2083 3830 2158 γὰρ
3849 2085 3910 2139 ἂν

684 2186 982 2241 exsistendi
1019 2185 1390 2253 exsistentem)
1415 2196 1538 2240 ante
1559 2201 1708 2241 suam
1741 2187 1976 2255 ipsorum
2005 2188 2221 2256 primam

2335 2167 2509 2218 εἰπεῖν
2541 2166 2671 2237 ἔχοι,
2710 2169 2826 2232 πῶς
2846 2169 3161 2240 καθεῖρκται
3186 2169 3265 2240 τῷ
3291 2170 3502 2241 σώματι
3533 2173 3568 2243 ἡ
3593 2172 3764 2244 ψυχὴ,
3799 2175 3909 2237 πῶς

681 2276 1087 2348 productionem
1116 2275 1140 2330 ?
1177 2276 1283 2330 Aut
1325 2291 1424 2330 nos
1454 2277 1579 2330 heri
1616 2288 1775 2346 atque
1809 2255 2014 2332 nudius,
2043 2279 2221 2333 tertius

2335 2255 2534 2323 ἕξεισιὲ
2581 2259 2696 2322 πῶς
2719 2259 2776 2312 δὲ
2801 2260 2898 2330 τὴν
2937 2262 3109 2332 ἀρχὴν
3142 2262 3456 2334 είσεκρίθη;
3491 2264 3674 2317 ὁποῖον
3713 2265 3774 2320 δὲ
3813 2269 3908 2320 αὐ-

683 2346 870 2436 pellcm
913 2369 1084 2422 induti
1117 2378 1277 2439 atque
1304 2384 1522 2424 carnem
1554 2387 1568 2424 :
1604 2371 1816 2425 ossibus
1855 2381 2018 2442 atque
2047 2371 2221 2425 nervis

2332 2348 2432 2417 τῆς
2459 2349 2519 2402 τὸ
2555 2346 2728 2417 εἷδος;
2760 2351 2812 2404 τί
2849 2351 2909 2405 τὸ
2947 2353 3164 2423 σχῆμα;
3203 2352 3285 2417 τίς
3322 2355 3356 2425 ἡ
3400 2357 3612 2426 μορφή;
3649 2357 3733 2421 τίς
3769 2359 3907 2429 ἡού-

707 995 783 1050 rei
816 995 953 1050 ratio
982 994 1366 1064 comprehendi
1411 1007 1660 1048 sermone
1699 1001 1792 1048 aut
1819 993 2124 1047 annuntiari
2160 1008 2254 1060 pu-

703 1095 827 1144 test.
875 1086 956 1141 Ad
996 1084 1242 1142 eumdem
1291 1085 1538 1148 modum,
1564 1094 1618 1141 et
1650 1084 1816 1140 multo
1836 1084 2049 1154 quidem
2084 1084 2255 1152 magis

701 1177 960 1248 nnigeniti
995 1175 1109 1244 ejus
1150 1177 1271 1232 Filii
1298 1176 1589 1247 generatio,
1615 1176 2168 1247 incomprehensibilis
2197 1187 2254 1230 et

701 1268 1113 1338 investigabilis,
1144 1283 1249 1323 non
1283 1268 1434 1323 nobis
1453 1267 1807 1333 solummodo,
1839 1268 1930 1322 sed
1951 1277 2005 1322 et
2039 1268 2252 1321 virtuti-

700 1362 800 1415 bus
850 1361 917 1416 iis
948 1359 1130 1425 fuerit,
1160 1375 1284 1432 qua
1307 1373 1403 1414 nos
1446 1358 1605 1430 longo
1637 1368 1896 1427 superant
1941 1360 2245 1417 intervallo.

699 1451 978 1521 Siquidem
1001 1451 1089 1506 illa
1128 1465 1244 1521 qua:
1282 1465 1378 1520 per
1403 1460 1650 1504 naturam
1676 1465 1828 1505 suam
1856 1451 2077 1510 inferius
2120 1456 2250 1509 sub-

682 2459 1090 2529 compaginati:
1130 2462 1222 2530 qui
1273 2475 1371 2517 nec
1413 2462 1502 2516 illa
1551 2463 1765 2530 quidem
1822 2464 2069 2517 novimus
2114 2478 2234 2532 qua:

675 2553 827 2622 juxta
863 2567 961 2607 nos
988 2552 1331 2621 consistunt,
1371 2556 1642 2624 quomodo
1691 2557 1811 2609 sine
1841 2555 2079 2624 periculo
2119 2557 2232 2611 dis-

678 2644 1023 2713 quisitionem
1076 2645 1141 2700 de
1190 2644 1551 2701 ineifabilibus
1580 2646 1972 2704 instituemus?
2003 2649 2234 2716 qualiter

683 2741 743 2801 »Β
780 2735 972 2790 Filium
1001 2751 1154 2791 suum
1191 2740 1480 2806 progenuit
1509 2737 1692 2805 Pater,
1722 2747 2026 2806 satageutes
2059 2759 2073 2795 :
2106 2755 2229 2794 cum

676 2828 957 2881 innumera
991 2827 1098 2882 sint
1124 2827 1234 2892 illa,
1260 2843 1377 2895 qua:
1406 2843 1526 2882 cum
1575 2830 1640 2882 ad
1694 2831 1857 2898 pedes
1901 2832 2060 2886 etiam
2101 2848 2229 2886 nos-

673 2928 787 2976 tros
817 2920 1217 2990 provolvautur,
1259 2920 1412 2976 nobis
1443 2930 1621 2976 tamen
1661 2923 1876 2992 penitus
1914 2933 2042 2978 sunt
2071 2924 2224 2978 inco-

672 3011 841 3080 gnita.
868 3009 1127 3080 Exemplo
1165 3024 1277 3065 rem
1321 3010 1478 3066 istam
1513 3011 1812 3069 illustrabo.
1846 3013 2040 3083 Ecquis
2078 3015 2223 3068 enim

669 3102 802 3157 mihi
836 3103 1087 3172 expedire
1117 3103 1338 3173 poterit,
1372 3102 1550 3157 anima
1573 3107 1783 3173 corpori
1809 3107 2077 3173 quomodo
2093 3121 2225 3162 con-

669 3196 996 3249 catenatur?
1031 3195 1262 3264 qualiter
1308 3195 1432 3248 inde
1470 3197 1675 3248 exeat?
1707 3196 1940 3262 qualiter
1976 3196 2217 3266 ingressa

668 3285 769 3340 fuit
801 3287 868 3339 ab
919 3286 1115 3339 initio?
1146 3302 1264 3355 quae
1295 3287 1464 3357 ipsius
1504 3286 1758 3354 species?
1803 3287 1979 3357 qualis
2028 3289 2222 3359 ﬁgura,

667 3378 861 3443 forma,
885 3379 1116 3443 habitus,
1148 3380 1384 3432 essentia
1411 3379 1434 3431 ?
1462 3377 1702 3432 Nondum
1732 3394 1828 3448 per
1855 3379 2219 3436 curiositatem

665 3485 837 3526 meam
869 3470 1030 3524 ullam
1071 3483 1317 3523 naturam
1340 3484 1439 3540 ego
1463 3469 1760 3523 daemonum
1784 3470 2034 3541 indagavi
2062 3488 2078 3527 :
2115 3488 2219 3527 non

663 3563 891 3632 explicui
947 3563 1278 3616 substantias
1327 3561 1642 3632 angelorum
1677 3578 1690 3615 :
1725 3576 1831 3616 non
1876 3563 2110 3632 qualiter
2161 3580 2220 3620 se

663 3655 895 3710 habeant
926 3655 1278 3725 principatus,
1318 3653 1518 3717 throni,
1555 3653 1953 3711 dominationes
1987 3673 2000 3709 :
2032 3657 2098 3710 de
2121 3670 2220 3724 po-

663 3746 947 3801 testatibus
975 3784 990 3808 ,
1018 3754 1071 3798 et
1125 3745 1306 3798 mundi
1345 3745 1774 3801 moderatoribus
1817 3747 2011 3802 rescivi
2064 3749 2214 3804 nihil.

661 3835 726 3891 Et
752 3837 796 3891 si
817 3850 948 3890 sane
980 3836 1045 3888 ab
1075 3837 1193 3890 istis
1221 3850 1304 3890 me
1337 3851 1440 3890 non
1459 3835 1761 3905 expediam,
1783 3837 1909 3905 quid
1939 3839 2066 3893 mihi
2095 3855 2218 3908 pro-

661 3927 804 3980 derit
835 3927 1158 3996 investigare
1207 3929 1491 3982 scientiam
1515 3968 1530 3992 ,
1561 3929 1626 3982 de
1652 3929 1853 3985 deitate
1900 3929 2213 4002 ingenerata

658 4027 714 4074 et
758 4019 1020 4088 principio
1053 4021 1200 4074 omni
1250 4022 1576 4089 superiore?
1628 4021 1765 4088 Quid
1801 4023 1866 4078 de
1919 4024 2214 4080 inaccessis

659 4112 984 4181 quiestlortes
1022 4112 1284 4166 instituo?
1327 4115 1597 4181 quomodo
1629 4113 1769 4170 Deus
1809 4118 2068 4185 prodierit
2103 4118 2212 4174 Pa-

661 4216 743 4259 ter
769 4202 889 4258 Filii
926 4204 1008 4258 sui
1041 4204 1344 4274 unigeniti?
1376 4207 1529 4275 quasi
1565 4221 1666 4260 non
1696 4205 1963 4262 suiIiceret
1989 4210 2042 4264 in
2080 4213 2216 4266 dile-

657 4295 729 4350 cti
759 4296 840 4350 sui
866 4296 1230 4352 testimonium
1269 4309 1490 4366 paterna
1523 4297 1611 4350 illa
1642 4313 1770 4363 vox,
1803 4315 1964 4369 quam
1987 4302 2053 4357 de
2075 4305 2213 4359 coelo

656 4387 1008 4457 promulgavit
1038 4391 1243 4455 dicens,
1271 4389 1373 4443 Hic
1401 4399 1476 4444 est
1510 4389 1686 4445 Filius
1715 4408 1857 4446 meus
1888 4393 2129 4459 dilectus,
2155 4397 2210 4450 in

651 4493 754 4546 quo
791 4479 1102 4545 complacni,
1136 4480 1302 4548 ipsum
1335 4482 1513 4535 audite
1535 4481 1603 4536 ⁸³.
1637 4481 1788 4548 Quod
1819 4483 1863 4537 si
1909 4485 2204 4554 praecipiat,

653 4568 794 4624 hunc
818 4569 1028 4635 audire,
1061 4572 1312 4625 mandato
1344 4573 1467 4627 huic
1491 4575 1639 4642 regio
1669 4577 2102 4644 obtemperantes
2123 4579 2214 4633 Fi-
2247 4597 2290 4652 ι)
2317 4607 2380 4676 τὴ

651 4661 778 4714 lium
830 4661 1083 4716 dilectum
1124 4666 1428 4721 audiamus.
1471 4666 1746 4732 Quodnam
1783 4684 1914 4725 vero
1953 4672 2087 4727 illud
2120 4674 2210 4739 sit,

650 4752 792 4817 quod
817 4766 914 4805 nos
938 4751 1006 4805 de
1038 4753 1214 4821 seipso
1241 4754 1536 4825 intelligere
1567 4758 1812 4823 volebat,
1845 4762 1958 4829 ipse
1984 4779 2082 4818 nos
2111 4767 2209 4818 do-

655 4841 816 4906 cebit,
837 4841 922 4894 ubi
943 4843 1049 4896 ait:
1081 4842 1171 4897 Sic
1191 4847 1327 4898 enim
1356 4845 1489 4900 Deus
1509 4849 1689 4903 dilexit
1710 4855 1983 4920 mundum,
2013 4866 2067 4908 ut
2103 4855 2211 4910 Fi-

655 4929 782 4982 lium
816 4947 968 4983 suum
1001 4934 1319 5002 unigenitum
1355 4938 1520 5000 daret,
1551 4952 1604 4992 ut
1637 4944 1801 4996 omnis
1833 4946 1922 5012 qui
1961 4951 2122 5000 credit
2156 4951 2209 5003 in

648 5038 763 5074 eum
783 5039 883 5076 non
909 5035 1104 5090 pereat,
1124 5029 1212 5080 sed
1225 5028 1409 5081 habent
1425 5031 1578 5082 vitam
1593 5047 1833 5088 retentam
1849 5039 1913 5094 “.
1959 5039 2031 5094 Illi
2055 5043 2214 5110 igitur

649 5117 972 5169 credendum
1023 5127 1141 5179 est.
1198 5130 1255 5172 ut
1284 5122 1447 5175 vitam
1479 5135 1734 5180 zetemam
1782 5144 2203 5202 consequamur.

644 5207 777 5262 Nam
815 5210 905 5278 qui
933 5210 984 5262 iu
1013 5226 1159 5272 eum,
1191 5212 1379 5280 inquit,
1414 5217 1606 5280 credit,
1643 5219 1805 5276 habet
1847 5224 2010 5278 vitam
2043 5236 2203 5281 aeter-

643 5314 796 5366 ttntn;
837 5316 940 5357 non
976 5302 1064 5372 qui
1101 5309 1378 5375 cognoscit
1416 5312 1688 5377 quomodo
1713 5322 1875 5369 natus
1903 5329 1986 5372 est
2012 5319 2078 5374 de
2102 5320 2203 5374 Pa-

715 5443 772 5499 >I<
813 5437 913 5493 Ed.
941 5442 1137 5507 Paris,
1166 5459 1285 5514 pag.
1316 5448 1403 5506 72.
1499 5451 1543 5483 ⁸³
1566 5451 1750 5509 Matth.
1786 5461 1979 5526 xvu,5.

643 5641 1039 5734 Eooqylayélvfoq
1065 5646 1232 5730 αἰτίου
1263 5679 1327 5734 —‘-
1362 5653 1512 5723 σχοίη
1542 5654 1606 5708 ἂν
1636 5657 1732 5726 τῆς
1751 5658 1969 5730 πρώτης
2001 5665 2193 5734 γεννή-

643 5719 778 5803 iam):
811 5709 988 5803 (timid.
1027 5715 1308 5801 γενέσεως)
1339 5709 1512 5803 τξγνί
1540 5727 1603 5779 Κ.
1635 5709 1806 5795 ρίῦθί

641 5772 674 5838 ἡ
709 5772 992 5856 πρὶοήμεξς
1020 5772 1072 5835 et
1094 5772 1460 5856 ποιησῶμεθσί.

713 5843 818 5914 (45)
848 5843 1382 5924 Πολυπριιῖτμονεῖν.
1413 5843 1567 5918 Dccst
1598 5864 1771 5935 λόγον,
1801 5871 2004 5939 opinor.
2042 5873 2104 5929 Μ.
2124 5905 2191 5914 -

2321 5843 2392 5862 ,νυ
2435 5843 2691 5887 μυνυγινῐ]
2743 5843 2760 5871 ι
2783 5843 2859 5871 ιον
2882 5843 2966 5873 υπε

2321 5881 2356 5932 τὸ
2402 5899 2580 5950 γεγεν.
2611 5896 2662 5944 et
2685 5890 2880 5954 0.856;
2907 5895 2966 5946 ἐς

2335 2440 2451 2505 σία;
2487 2440 2650 2495 Οὔπω
2685 2460 2774 2514 μοι
2807 2442 2896 2497 τδν
2923 2447 3049 2515 περὶ
3067 2445 3334 2516 δαιμόνων
3365 2445 3476 2518 (45)
3510 2449 3709 2519 (λόγον)
3745 2451 3909 2505 πολυ-

2332 2533 2682 2600 πραγμονεῖν,
2718 2531 2780 2586 ού
2805 2533 2894 2586 τὸν
2922 2535 3049 2606 περὶ
3073 2534 3260 2600 οὐσίας
3287 2536 3532 2604 ἀγγέλων
3553 2555 3568 2569 ·
3598 2539 3662 2592 ού
3689 2540 3784 2594 τὸν
3813 2558 3906 2595 πε·

2332 2619 2388 2690 ρὶ
2412 2619 2592 2693 ἀρχῶν
2621 2623 2716 2675 καὶ
2742 2621 2967 2694 θρόνων,
3017 2624 3110 2677 καὶ
3151 2627 3515 2698 κυριοτήτων·
3561 2628 3623 2681 οὐ
3660 2629 3756 2684 τὸν
3779 2632 3906 2706 περὶ

2329 2710 2606 2776 ἐξουσιῶν,
2633 2714 2726 2766 καὶ
2759 2716 3230 2788 κοσμοκρατόρων.
3266 2719 3328 2771 Εἰ
3358 2718 3405 2772 δ’
3441 2720 3499 2772 ὲν
3525 2720 3739 2785 τούτοις
3763 2723 3903 2776 ᾶπα-

2327 2820 2412 2857 σιν
2441 2805 2844 2877 ἀμηχανοῦμεν,
2882 2806 2936 2860 τί
2969 2807 3050 2861 δεῖ
3087 2808 3187 2880 τὴν
3216 2809 3344 2882 περὶ
3383 2809 3482 2882 τῆς
3521 2811 3763 2883 ἀνάρχου
3812 2814 3901 2866 καὶ

2324 2896 2619 2967 ἀγεννήτου
2653 2897 2902 2967 θεότητος
2933 2899 3131 2967 γνῶσιν
3161 2900 3566 2972 διερευνᾶσθαι;
3611 2903 3676 2955 Τί
3705 2903 3773 2956 τὰ
3805 2906 3902 2957 ἀν-

2323 2987 2516 3057 έφικτα
2538 2989 2779 3060 ὲρωτᾷν;
2815 2990 2929 3053 πῶς
2955 2989 3085 3043 Υἱοῦ
3125 2991 3441 3061 μονογενοῦς
3471 2993 3500 3045 ὀ
3528 2992 3661 3058 Θεὸς
3694 2994 3901 3064 ὑπέστη

2323 3079 2549 3151 ﬂat-{19;
2585 3081 2660 3144 ὡς
2689 3081 2762 3152 μὴ
2800 3081 3152 3152 ἀπαρκούσης
3186 3085 3315 3153 ἡμῖν
3338 3083 3435 3153 τῆς
3471 3084 3749 3155 πατρικῆς
3785 3103 3898 3154 φω-

2321 3167 2422 3236 νῆς
2455 3167 2588 3239 πρὸς
2623 3169 2924 3239 μαρτυρίαν
2969 3169 3063 3222 τοῦ
3101 3169 3428 3242 Ἀγαπητοῦ,
3481 3171 3541 3224 δν
3595 3174 3898 3244 ἀνεκήρυξε

2250 3249 2292 3307 C
2325 3255 2494 3310 είπών
2517 3274 2529 3288 ο
2567 3254 2753 3324 Οὗτός
2772 3260 2938 3312 ἐστιν
2973 3262 3008 3313 ὀ
3045 3261 3176 3326 Υἱός
3198 3279 3317 3330 μου
3349 3265 3382 3316 ό
3405 3262 3733 3332 ἀγαπητὸς,
3760 3265 3831 3319 ἑν
3853 3259 3902 3331 ᾧ

2323 3343 2655 3411 ηὐδόκησα,
2681 3345 2871 3398 αὐτοῦ
2893 3347 3160 3402 ἀκούετε.
3183 3349 3246 3402 Εί
3277 3348 3339 3420 δὴ
3364 3350 3582 3402 ἀκούειν
3607 3351 3774 3404 αὑτοῦ
3805 3355 3898 3420 ὲγ-

2323 3434 2619 3498 κελεύεται,
2647 3434 2907 3507 βασιλικῷ
2935 3437 3085 3508 νόμῳ
3111 3438 3550 3512 πειθαρχοῦντες,
3577 3441 3898 3514 ἀκούσωμεν

2319 3525 2412 3580 τοῦ
2447 3526 2727 3597 ἀγαπητοῦ
2771 3527 2920 3580 Υίοῦ.
2958 3527 3021 3581 Τί
3055 3529 3114 3583 δὲ
3143 3524 3296 3594 οὗτος
3323 3532 3452 3602 περὶ
3482 3533 3674 3587 ἑαυτοῦ
3715 3533 3899 3604 βούλε-

2318 3631 2408 3667 ται
2466 3617 2612 3686 ἡμᾶς
2668 3616 2884 3680 είδέναι,
2947 3621 3286 3692 παραστήσει
3318 3619 3524 3688 λέγων’
3577 3623 3742 3678 οὕτω
3785 3626 3897 3694 τὰρ

2317 3705 2632 3776 ἠγάπησεν
2666 3709 2699 3760 ό
2729 3707 2871 3773 Θεὸς
2903 3708 3010 3762 τὸν
3037 3713 3285 3779 κόσμον,
3310 3709 3466 3765 ὥστε
3485 3712 3594 3767 τὸν
3627 3714 3767 3768 Υίὸν
3790 3719 3893 3769 αὺ-

2318 3796 2424 3849 τοῦ
2467 3795 2575 3848 τὸν
2613 3798 2908 3866 μονογενῆ
2947 3798 3187 3866 ἔδωκεν,
3239 3802 3337 3854 ἵνα
3365 3800 3485 3868 πᾶς
3522 3807 3557 3857 ὀ
3597 3808 3897 3860 πιστεύων

2316 3887 2404 3951 εἰς
2448 3886 2636 3940 αὑτὸν
2659 3888 2771 3957 ἐχῃ
2806 3887 2965 3957 ζωὴν.
2978 3891 3233 3944 αἰώνιον.
3279 3893 3601 3948 Πιστευτέον
3632 3895 3766 3966 δῆτα
3796 3901 3894 3950 αύ-

2316 3975 2415 4044 τῷ,
2465 3975 2540 4038 ὠς
2581 3975 2646 4030 ἂν
2677 3977 2778 4048 τῆς
2815 3979 3030 4030 αἰωνίου
3061 3979 3315 4053 τύχοιμεν
3342 3980 3509 4051 ζωῆς.
3565 3983 3630 4036 '0
3661 3984 3776 4055 γὰρ
3800 4003 3892 4039 zi-

2315 4066 2569 4129 στεύων,
2614 4069 2797 4137 φησὶν,
2828 4071 2914 4135 είς
2945 4070 3131 4123 αὐτὸν
3152 4071 3273 4140 ἔχει
3306 4071 3461 4139 ζωὴν
3496 4073 3758 4139 αἰώνιον,
3793 4078 3890 4147 οὐχ

2314 4156 2343 4206 ὁ
2374 4153 2653 4222 γινώσκων
2685 4157 2830 4219 ὅπως
2851 4158 2916 4209 ὲκ
2937 4157 3028 4210 τοῦ
3069 4159 3278 4230 Πατρὸς
3313 4159 3652 4232 γεγέννηται·
3690 4163 3753 4214 οὐ
3781 4165 3892 4234 γὰρ

2318 4245 2382 4297 ἄν
2405 4261 2509 4296 τινι
2539 4245 2705 4316 μετῆν
2737 4247 2880 4318 ζωῆς
2909 4248 3150 4312 αἰωνίου,
3183 4251 3232 4302 εί
3265 4249 3330 4320 δὴ
3373 4249 3516 4304 τοῦτ’
3543 4252 3782 4324 εἴρηται,
3811 4258 3891 4310 ὅτι

2314 4333 2531 4401 Μηδεὶς
2556 4334 2707 4405 ἔγνω
2750 4338 2857 4390 τὸν
2883 4339 3115 4408 Πατέρα
3153 4343 3206 4394 ει
3231 4341 3316 4410 μὴ
3351 4344 3385 4395 ὀ
3420 4344 3582 4409 Υίόςο
3604 4347 3763 4414 μηδὲ
3785 4349 3891 4401 τὸν

2325 4424 2460 4476 Υἱόν
2495 4442 2582 4490 τις
2618 4425 2768 4495 ἔγνω
2815 4430 2868 4482 εί
2894 4428 2972 4496 μὴ
3004 4431 3192 4497 μόνος
3239 4433 3272 4483 ό
3300 4431 3604 4501 γεννήσας
3635 4437 3826 4491 αὑτὸν
3857 4442 3889 4491 ὀ

2313 4515 2535 4583 Πατήρ.
2582 4517 2848 4589 Ἀπαρκεῖ
2874 4520 3158 4590 τοιγαροῦν
3183 4522 3311 4591 ἡμῖν
3344 4524 3378 4592 ἡ
3407 4525 3589 4589 πίστις
3616 4529 3754 4597 πρὸς
3783 4546 3889 4583 σω-

2388 4623 2517 4677 ριον,
2544 4609 2577 4678 ἡ
2609 4608 2738 4662 Θεὸν
2763 4610 2983 4680 Πατέρα
3015 4612 3426 4688 παντοκράτορα
3455 4616 3770 4688 παρέχουσα
3800 4638 3888 4688 γι-

2319 4695 2563 4761 νώσκειν,
2592 4701 2685 4752 καί
2715 4701 2805 4752 τὸν
2846 4703 3103 4771 μονογενῆ
3135 4686 3300 4755 αὑτοῦ
3333 4705 3458 4758 Υίὸν
3487 4686 3882 4780 ἐπιγράφεσθαι

2320 4789 2560 4858 Σωτῆρα.
2605 4793 2700 4855 Ὃς
2747 4792 2810 4862 δὴ
2863 4793 2994 4862 πρὸς
3042 4797 3147 4857 τοῖς
3197 4795 3393 4860 ἄλλοις,
3450 4800 3546 4852 καὶ
3599 4801 3753 4854 ταῦθ’
3785 4797 3884 4856 ὧδε

2321 4881 2618 4951 παρεδίδου,
2649 4882 2819 4950 λέγων
2840 4901 2850 4913 ·
2888 4883 2957 4937 Τὸ
2980 4887 3412 4955 γεγεννημένον
3441 4890 3508 4942 ἐκ
3529 4891 3641 4958 τῆς
3661 4895 3885 4968 σαρκὸς

2317 4971 2471 5039 σάρξ
2490 4974 2639 5035 ἐστι,
2690 4977 2786 5028 καὶ
2822 4975 2886 5028 τό
2931 4980 3361 5046 γεγεννημένον
3385 4981 3451 5034 ἐκ
3480 4984 3588 5038 τοῦ
3625 4989 3884 5055 πνεύμα-

2313 5078 2413 5127 τος
2458 5065 2691 5133 πνεῦμά
2734 5067 2891 5118 ἐστι’
2944 5069 3176 5136 πνεῦμα
3216 5070 3284 5123 δὲ
3313 5075 3345 5127 ὀ
3369 5076 3532 5139 Θεός.
3571 5077 3662 5128 Διὸ
3694 5079 3882 5131 ἕπεται

2311 5155 2467 5216 νοεῖν,
2515 5155 2590 5217 ὼς
2636 5155 2729 5207 καὶ
2758 5156 2817 5207 τὸ
2857 5162 3250 5230 γεγεννημένον
3281 5165 3343 5216 ὲκ
3369 5164 3462 5216 τοῦ
3490 5164 3626 5218 Θεοῦ
3656 5167 3787 5231 Θεὸς
3817 5169 3879 5222 ἂν

2307 5243 2413 5312 εἴη.
2446 5246 2592 5315 "Utrm
2629 5247 2685 5298 δὲ
2738 5249 2837 5317 τῆς
2879 5250 3110 5317 γεώδους
3161 5255 3360 5326 σαρκὸς
3400 5258 3427 5308 ὁ
3472 5258 3880 5315 ἐπέκειναοτῶν

2304 5331 2438 5385 ὅλων
2462 5335 2590 5400 Θεὸς
2625 5339 3054 5411 ἀπηλλοτρίωται
3103 5347 3194 5399 καὶ
3237 5347 3644 5417 ἁπεσχοίνισται
3677 5355 3743 5422 τῇ
3777 5353 3872 5420 φύν

2074 5464 2124 5496 ⁸⁸
2148 5465 2304 5524 Joan.
2341 5489 2421 5536 Ill,
2458 5478 2540 5531 16,

2304 5669 2431 5768 iisin
2462 5674 2619 5768 vulgo
2648 5676 2705 5730 ὃν
2736 5680 2964 5768 ἐκήρυξε
2993 5683 3167 5753 λέγων
3187 5696 3250 5768 ‘et
3279 5690 3326 5741 εἰ
3355 5688 3410 5741 δὲ
3445 5692 3666 5749 ἀκούειν
3704 5707 3754 5750 et
3786 5713 3873 5768 γε-

2302 5740 2522 5830 γένηται
2549 5740 2601 5798 et
2636 5740 2996 5830 ttat‘eiffijtoﬁg
3024 5740 3078 5808 ei
3106 5756 3242 5830 πρὸς

2301 5827 2392 5905 τρο
2435 5820 2710 5905 μονογενῆη
2735 5820 2859 5905 ἶξίὸν
2882 5820 3078 5903 ὑπογρ.
3107 5820 3333 5899 Σωτῆρα
3355 5846 3367 5859 ·
3400 5820 3461 5894 ὃς
3493 5833 3576 5885 δέ.
3611 5820 3874 5905 Porro

2971 5911 3020 5947 τι
3056 5907 3106 5951 et
3140 5913 3303 5969 σαρκ.
3333 5906 3658 5973 γεννήσεως.
