4106 6414
261 413 387 468 8H9
1319 416 1405 472 DE
1446 416 1982 474 ECCLESIASTICA
2029 417 2423 480 TllEOLOClA
2468 425 2598 482 LIB.
2641 427 2681 481 l.
3453 438 3562 497 850

260 552 390 600 σει,
417 548 660 609 τοσουτῳ
686 539 789 610 χρὴ
817 540 956 590 νοεῖν
987 538 1078 591 καὶ
1106 539 1205 610 τῆς
1233 539 1341 591 τῶν
1364 540 1584 612 σαρκῶν
1613 542 1876 609 γενέσεως

1932 552 1952 600 ι
1985 552 2084 596 trc.
2111 542 2280 600 Nemo
2305 549 2449 602 enim
2477 557 2588 604 tum
2619 549 2785 605 vitam
2818 562 3244 624 consequeretur
3268 565 3553 624 :eternam,

259 627 762 700 ἀπηλλοτριῶσθαι
795 627 882 681 τὸν
912 630 1132 700 τρόπον,
1164 630 1285 685 καθ’
1315 631 1373 685 ὃν
1405 633 1434 684 ὁ
1457 631 1645 703 Πατὴρ
1678 632 1870 701 ἐγέννα

1973 636 2018 690 si
2073 636 2186 692 lucc
2228 640 2467 696 conditio
2499 651 2700 698 statuta
2749 643 2940 700 fuisset
2969 664 2984 701 :
3019 647 3178 716 quia,
3211 647 3383 704 Nemo
3412 656 3555 708 novit

255 717 368 771 τὸν
397 719 547 774 Υίόν.
592 720 666 773 οὑ
697 719 803 791 γάρ
842 739 895 774 τι
937 721 1278 794 προϊέμενος,
1323 722 1435 777 οὐδ’
1466 723 1866 797 ἀλλοιούμενος,

1973 723 2193 781 Patrem
2223 730 2325 783 nisi
2370 728 2562 796 Filius,
2579 748 2740 802 neque
2775 731 2978 789 Filium
3005 738 3123 806 quis
3147 740 3288 794 novit
3318 741 3423 796 nisi
3453 742 3555 798 Pa-

252 809 402 864 οὺδέ
431 829 495 880 γε
526 811 842 883 παθητικῶς
867 813 1202 885 κινούμενος,
1224 815 1334 868 οὐδ’
1367 815 1506 880 ὅλως
1537 817 1716 871 τιτῶν
1738 819 1868 889 ⁴ἡμῖν

1969 830 2051 873 ter
2072 823 2236 885 solus,
2267 826 2355 894 qui
2390 824 2540 878 illum
2589 829 2857 895 generavit
2887 829 2953 884 ".
3001 829 3209 885 Sullicit
3235 845 3367 904 ergo
3397 837 3554 889 nobis

251 902 760 973 συνεγνωσμένων,
796 905 1100 976 ὑπομένων,
1136 906 1333 978 ὑφίστη
1366 908 1550 963 αὑτόν.
1588 910 1722 963 Οὐδὲ
1758 911 1866 983 γὰρ

1970 912 2036 964 ad
2067 913 2296 968 salutem
2334 916 2468 970 lides
2491 956 2508 978 ,
2543 932 2605 972 ea
2655 933 2775 987 quae
2814 920 2980 975 Deum
3009 923 3166 978 nobis
3195 902 3420 980 exhibet
3457 927 3551 981 Pa-

252 991 440 1062 σῶμα
469 987 559 1062 ἦν,
589 994 666 1058 ὡς
700 995 999 1068 ἀπόρροιαν
1025 996 1134 1067 (46)
1168 998 1202 1070 ἢ
1247 999 1495 1069 μείωσιν,
1553 999 1587 1072 ἢ
1623 1000 1863 1064 ἔκτασιν,

1971 1009 2108 1056 trem
2133 1041 2150 1066 ,
2179 1004 2607 1076 omnipotentem
2637 1047 2655 1073 ,
2689 1017 2742 1062 et
2795 1007 2992 1065 Filium
3046 1011 3220 1080 ipsius
3265 1012 3551 1084 subsignat

249 1083 292 1177 ᾗ
353 1085 678 1177 μεταξολὴνν
721 1087 1016 1163 ἢτροπὴνν
1062 1090 1278 1162 Hoc»
1329 1093 1361 1164 ἢ
1408 1093 1596 1166 μέρος.
1630 1095 1663 1167 ἢ
1695 1094 1865 1161 πάθος

1993 1095 2343 1153 iervatorem.
2377 1096 2480 1163 Qui
2509 1107 2563 1152 et
2602 1097 2718 1159 ipse
2761 1099 2904 1156 inter
2929 1102 3037 1156 alia
3071 1102 3227 1158 nobis
3253 1103 3357 1158 ista
3399 1083 3550 1160 com-
3609 1162 3614 1177 Ι

251 1175 364 1225 ἐπ’
395 1173 546 1246 αὑτῷ
572 1175 920 1246 λογίσασθαιο
952 1181 1157 1236 τούτων
1189 1183 1236 1237 δ’
1271 1185 1428 1248 ἐκτὸς
1470 1187 1728 1242 ἁπάντων
1765 1190 1864 1262 ἄῤ-

1969 1188 2245 1243 mendavit
2276 1189 2561 1260 inquiens:
2593 1192 2745 1256 Quod
2784 1202 2966 1246 natum
3002 1203 3078 1248 est
3122 1209 3188 1248 ea:
3209 1210 3391 1261 carne,
3422 1210 3547 1251 caro

257 1267 439 1336 ρητον
469 1270 600 1340 ἡμῖν
647 1272 740 1324 καὶ
769 1273 1199 1342 ἀνεπιλόγιστον,
1237 1277 1437 1347 μᾶλλον
1470 1280 1527 1333 δὲ
1562 1281 1710 1354 πάσῃ
1739 1300 1862 1351 γεν-

1965 1289 2043 1334 est
2074 1293 2167 1346 ;et
2197 1284 2336 1350 quod
2380 1297 2558 1338 natum
2608 1295 2684 1338 est
2715 1300 2779 1338 ea:
2821 1287 3010 1351 spiritu
3033 1327 3048 1350 ,
3092 1287 3312 1355 spiritus
3341 1298 3418 1341 est
3456 1287 3540 1355 ⁸⁶;

253 1363 407 1431 νητῇ
444 1360 604 1429 φύσει
628 1363 1045 1436 ἀνεξερεύνητον
1077 1368 1172 1420 καὶ
1202 1369 1606 1440 ἀνεξιχνίαστον
1637 1375 1735 1445 τὴν
1762 1393 1857 1445 γε-

1964 1370 2106 1428 Deus
2155 1384 2331 1428 autem
2375 1376 2593 1442 spiritus
2627 1387 2702 1430 est
2741 1376 2808 1429 ⁸⁷.
2844 1377 3196 1446 Consequens
3246 1378 3408 1448 igitur
3435 1387 3542 1445 est,

253 1455 617 1524 νεσιουργίαν
664 1457 882 1530 ὑφίστη.
925 1459 1091 1532 Γεννᾷ
1126 1463 1224 1533 μὲν
1252 1461 1346 1519 οὖν
1380 1467 1474 1520 καὶ
1516 1469 1545 1521 ὁ
1581 1469 1733 1539 ἥλιος
1760 1470 1856 1541 τὴν

1960 1477 2021 1520 ut
2044 1465 2592 1537 intelligamus,quod
2624 1477 2808 1523 natum
2831 1479 2917 1523 est
2949 1469 3016 1524 de
3050 1469 3178 1536 Deo,
3211 1469 3380 1524 Deum
3397 1484 3537 1525 esse.

255 1544 479 1617 αὐγὴν,
522 1547 740 1616 λέγεται
782 1549 837 1602 δὲ
875 1552 969 1604 καὶ
1009 1554 1038 1606 ὁ
1077 1554 1206 1619 Υἱὸς
1251 1559 1619 1630 ἀπαύγασμα
1661 1563 1857 1631 φωτὸς

1963 1559 2232 1626 Quantum
2265 1574 2395 1614 vero
2426 1559 2569 1614 Deus
2595 1561 2683 1616 ille
2722 1561 3098 1616 universorum
3130 1575 3293 1631 super
3319 1576 3537 1616 carnem

252 1637 462 1692 ἀϊδίου
493 1639 592 1693 καὶ
614 1641 980 1712 ἀπαύγασμα
1005 1646 1114 1716 τῆς
1139 1647 1346 1716 δόξης,
1373 1650 1434 1704 οὑ
1461 1653 1560 1723 μὲν
1585 1655 1724 1707 κατά
1754 1657 1854 1728 τὴν

1959 1654 2099 1710 hanc
2124 1665 2399 1710 terrenam
2437 1655 2708 1711 exaltatus
2735 1695 2751 1719 ,
2796 1657 2865 1711 ab
2916 1655 3064 1710 illius
3114 1655 3276 1711 modo
3310 1653 3539 1710 recessit

251 1729 531 1803 αἰσθητὴν
562 1731 656 1786 τοῦ
680 1735 856 1801 φωτὸς
880 1738 1064 1793 εἰκόνα
1089 1741 1366 1807 (ἐπέκεινα
1390 1742 1500 1815 γὰρ
1525 1745 1727 1810 παντὸς
1755 1763 1853 1800 πα·

1953 1755 2010 1800 et
2037 1762 2295 1802 mensura
2326 1765 2339 1801 :
2368 1747 2422 1802 in
2473 1756 2686 1802 tantum
2720 1747 2879 1804 nobis
2907 1747 3087 1803 animo
3117 1746 3535 1817 concipiendum

256 1823 668 1895 ραδείγματος),
690 1826 953 1899 ἀρρήτοις
982 1831 1144 1886 αὑτὸν
1183 1835 1276 1888 καὶ
1319 1837 1725 1909 ἀκαταλήπτοις
1766 1841 1848 1895 λό-

1914 1902 1919 1910 _
1953 1832 2038 1894 est
2071 1878 2086 1903 ,
2136 1841 2352 1894 modum
2402 1839 2554 1894 illum
2580 1881 2596 1906 ,
2637 1839 2936 1896 secundum
2963 1854 3123 1909 quem
3158 1839 3320 1895 Pater
3351 1840 3535 1910 genuit

252 1931 380 1983 γοις
405 1916 628 1988 ὑφίστη,
649 1919 745 1971 καὶ
769 1919 955 1975 τοῦτον
979 1922 1076 1977 ἕνα
1107 1927 1198 1978 καὶ
1220 1928 1519 2000 Μονογενῆ.
1551 1932 1842 1988 Δυσσεσῶν

1908 1916 1920 1948 ⁵
1958 1930 2182 1997 Filium,
2218 1931 2402 1986 multis
2436 1931 2652 2000 quidem
2687 1933 3023 2002 parasangis,
3054 1932 3333 1988 carnalem
3366 1947 3529 2004 gene-

249 2005 317 2058 δὲ
349 2005 441 2058 καὶ
479 2005 656 2060 ἀθέων
697 2010 927 2082 ἀνδρῶν,
976 2012 1073 2085 τὴν
1101 2015 1360 2072 πολύθεον
1393 2019 1602 2091 πλάνην
1623 2041 1846 2097 νενοση-

1953 2021 2107 2074 randi
2150 2023 2368 2076 modum
2404 2037 2757 2090 exsuperare.
2795 2029 2853 2086 »Β
2907 2022 3093 2091 Neque
3137 2024 3282 2078 enim
3326 2023 3530 2092 aliquid

251 2098 452 2162 κότων,
483 2101 892 2174 ἀππεφράχθω
937 2109 1046 2160 πᾶν
1079 2109 1271 2180 στόμα,
1310 2115 1358 2166 οἱ
1397 2113 1490 2167 τοῦ
1525 2118 1847 2187 μονογενοῦς

1949 2113 2271 2180 emittendo,
2310 2114 2505 2170 nedum
2555 2115 2672 2183 ipse
2723 2115 2986 2170 alteratus
3010 2155 3026 2180 ,
3063 2126 3155 2169 aut
3189 2132 3286 2185 per
3316 2116 3528 2186 passio-

254 2189 389 2244 Υίοῦ
412 2191 511 2262 τὴν
532 2193 804 2265 ἐξαίρετον
824 2200 919 2252 καὶ
942 2199 1246 2266 ἰδιάζουσαν
1261 2205 1513 2278 γέννησιν
1539 2211 1618 2274 είς
1641 2211 1846 2281 πλῆθος

1948 2221 2070 2262 nem
2111 2205 2343 2262 ali‘ecms
2382 2207 2716 2276 aliqualiter,
2741 2220 2795 2264 et
2819 2249 2835 2276 ,
2867 2221 2927 2265 ut
2977 2210 3260 2280 expediam
3316 2209 3525 2272 verbo.

249 2285 685 2374 καταϐάλλοντες
725 2291 956 2358 Πατέρα
983 2293 1216 2364 ἀνδρῶν
1258 2315 1322 2351 τε
1353 2299 1504 2353 θεῶν
1535 2305 1842 2378 τε.ἀνειρή-

1947 2299 2082 2354 nihil
2112 2314 2300 2354 eorum
2335 2301 2640 2364 subeundo,
2681 2317 2802 2371 qua:
2837 2303 3039 2359 nostris
3067 2302 3262 2356 animis
3281 2311 3412 2357 sunt
3436 2317 3527 2358 co-

250 2371 433 2440 κασιν,
500 2377 636 2448 ὁμοῦ
687 2380 786 2448 μὲν
836 2381 1032 2453 ἄνδρας
1079 2386 1334 2455 μίξαντες
1382 2389 1546 2456 θεοῖς,
1592 2371 1839 2465 όμοῦῠόὲ

1942 2393 2184 2461 gnitione
2217 2391 2701 2460 apprehensibilia,
2733 2393 2883 2448 illum
2911 2395 3209 2449 subsistere
3241 2393 3390 2449 fecit.
3405 2392 3527 2451 Non

248 2465 464 2530 τούτοις
495 2468 712 2541 όμοφυῆ
747 2472 838 2525 καὶ
865 2474 958 2526 τὸν
992 2477 1152 2529 αὑτὸν
1179 2481 1559 2553 εἰσηγούμενοι
1596 2488 1836 2559 Πατέρα.

1941 2485 2084 2540 enim
2120 2499 2320 2555 corpus
2354 2495 2471 2541 erat
2500 2485 2668 2550 Patri,
2723 2495 2784 2541 ut
2817 2485 3073 2541 emuxum
3117 2488 3252 2556 ipsi,
3281 2487 3525 2542 diminu-

264 2558 401 2611 Ἀλλ’
432 2560 553 2614 οὑδὲ
595 2562 693 2632 μὲν
723 2565 971 2636 ἐνεργείᾳ
997 2567 1283 2644 δαιμονικῇ
1318 2573 1378 2625 τὸ
1401 2574 1662 2642 δυσσεὸὲς
1686 2558 1839 2634 sopri.

1944 2578 2167 2642 tionem,
2207 2578 2612 2646 extensionem,
2641 2581 3176 2642 lransmutationem,
3211 2579 3525 2634 conversio-

247 2649 344 2702 ni.
375 2650 535 2706 ἀθεον
567 2655 878 2726 προήκαντο
912 2660 1082 2729 ῥῆμα,
1115 2661 1194 2733 τῷ
1218 2663 1396 2736 θνητῷ
1429 2668 1523 2721 καὶ
1549 2670 1837 2746 παθητικῷ

1940 2686 2062 2726 nem
2091 2709 2108 2737 ,
2135 2669 2338 2726 ﬂuxum
2365 2710 2382 2736 ,
2412 2682 2596 2742 partes
2616 2711 2631 2736 ,
2669 2672 2980 2742 passionem
3025 2672 3387 2728 attribuamus
3413 2672 3522 2727 ulio

247 2743 342 2795 καὶ
380 2742 739 2816 ἁμαρτητικῷ
767 2747 913 2816 γένει
944 2750 1050 2804 τῶν
1088 2753 1391 2825 ἀνθρώπων
1433 2760 1693 2830 ὁμοφυεῖς
1741 2742 1837 2820 καί

1937 2772 2116 2833 pacto.
2147 2764 2230 2818 Ab
2281 2763 2401 2819 istis
2431 2772 2614 2818 autem
2652 2765 2911 2819 omnibus
2960 2764 3099 2819 liber
3131 2774 3186 2819 et
3231 2772 3478 2819 semotus
3502 2802 3518 2826 .

245 2832 545 2901 ὁμοπαθεῖς
577 2834 753 2901 θεοὺς,
795 2839 886 2892 καὶ
924 2839 1015 2894 τὸν
1058 2842 1264 2897 τούτων
1295 2847 1471 2901 κοινὸν
1510 2851 1833 2924 ὑποθέμενοι

1936 2832 2303 2922 generationis
2339 2854 2557 2908 modum
2607 2855 2810 2910 subivit
2837 2854 2949 2919 ille,
2985 2869 3090 2909 non
3117 2854 3516 2924 explicabilem,

247 2923 484 2997 Πατέρα,
537 2927 753 2992 πάντως
791 2946 894 2983 που
929 2936 1041 2996 τοῖς
1070 2938 1257 2988 παισὶν
1290 2923 1778 3013 παρωμοιωμένον,
1805 2951 1833 3002 ὁ

1935 2943 2531 3012 incomprehensibilem
2571 2969 2580 3001 :
2623 2947 2732 3002 imo
2757 2955 2814 3001 et
2844 2947 3110 3002 universae
3139 2959 3514 3002 creaturarum

244 3016 287 3070 δ’
309 3017 756 3088 ἐκκλησιαστικδς
781 3023 954 3095 κήρυξ
983 3026 1099 3090 ἑνὸς
1128 3027 1260 3108 Θεοῦ
1283 3029 1379 3083 ἕνα
1417 3039 1677 3108 μονογενῆ
1705 3039 1831 3092 Υἱὸν

1933 3045 2140 3090 natura:
2169 3075 2184 3102 ,
2219 3036 2379 3094 nullis
2410 3038 2653 3108 veStigiis
2702 3039 3035 3094 odorandam
3062 3080 3080 3107 ,
3113 3040 3258 3092 nulla
3292 3039 3516 3094 investi-

244 3112 355 3173 τοῖς
404 3113 569 3166 πᾶσιν
626 3113 1010 3186 ἀνακηρύττει,
1063 3119 1122 3172 ὃν
1183 3122 1324 3194 ὑπὲρ
1381 3127 1479 3196 τῆς
1542 3128 1650 3182 τῶν
1713 3148 1832 3199 γεν-

1932 3130 2154 3195 gatione
2205 3131 2620 3200 assequendam.
2665 3129 2944 3202 Prngignit
2993 3133 3210 3200 quidem
3252 3130 3501 3200 splendo-

245 3200 422 3314 ζητῶν
491 3203 747 3260 ἁπάντων
815 3209 1086 3278 σωτηρίας
1148 3228 1206 3263 τε
1272 3215 1365 3267 καὶ
1407 3218 1664 3287 προνοίας
1723 3222 1866 3295 inp-4

1891 3242 1895 3294 ς
1933 3235 2045 3275 rem
2075 3221 2142 3277 de
2168 3237 2227 3277 se
2255 3221 2358 3277 sol.
2392 3221 2604 3276 Dicitur
2638 3200 2818 3278 autem
2846 3221 3038 3314 Filius,
3088 3225 3337 3291 splendor
3375 3223 3512 3276 lucis

246 3281 387 3385 ‘FW
419 3377 432 3385 .
510 3378 524 3385 -
1456 3281 1467 3287 ν
1645 3281 1657 3283 —
1768 3281 1780 3292 '
1856 3281 1895 3298 ν
1931 3324 2144 3368 (eterna:
2175 3315 2269 3371 “z
2316 3325 2365 3369 et
2405 3315 2590 3383 gloriae
2613 3315 2862 3385 splendor
2891 3289 2959 3383 “.,
3007 3316 3103 3370 sed
3151 3330 3259 3369 non
3311 3327 3511 3369 secun-

242 3375 368 3429 dum
417 3377 555 3435 lucis
608 3382 882 3440 sensibilis
914 3385 1227 3458 imaginem.
1270 3389 1404 3447 Nam
1441 3410 1606 3466 supra
1637 3404 1816 3460 omnis
1856 3407 2087 3477 exempli
2159 3407 2567 3462 similitudinem
2596 3448 2612 3472 ,
2681 3406 3148 3464 inenarrabilibus
3173 3423 3298 3462 eum
3334 3406 3510 3463 modis

239 3480 296 3524 et
347 3470 928 3544 incomprehendendis
977 3484 1235 3552 produxit
1296 3487 1460 3546 Pater
1509 3512 1522 3547 :
1579 3511 1812 3569 eumque
1852 3519 1860 3555 l

1891 3470 2030 3557 num-
2054 3513 2109 3558 et
2160 3503 2534 3576 Unigenitum.
2603 3502 2792 3572 lmpiis
2853 3514 3032 3559 autem
3072 3504 3346 3571 omnibus,
3377 3512 3433 3559 et
3475 3519 3506 3559 a

238 3563 440 3632 pietate
481 3570 743 3636 remotis,
789 3587 880 3643 qui
934 3577 1125 3633 morbo
1172 3578 1422 3638 laborant
1468 3586 1534 3642 de
1589 3563 1813 3648 deorum
1852 3596 2223 3662 multitudine,
2271 3563 2614 3654 vobtunntur
2673 3614 2768 3654 ora
2803 3616 2818 3653 :
2855 3599 2946 3665 qui
2976 3600 3304 3672 singularem
3342 3600 3504 3655 istam

236 3668 292 3715 et
313 3671 568 3717 aeternam
598 3666 858 3737 unigeniti
899 3669 1016 3726 Filii
1056 3677 1495 3748 generationem,
1531 3683 1584 3739 in
1622 3687 2026 3748 nmltitudinem
2089 3694 2344 3749 deorsum
2407 3691 2741 3764 conjiciunt,
2800 3691 3020 3750 Patrem
3097 3696 3367 3749 hominum
3407 3711 3507 3752 no-

236 3755 506 3814 minantes
545 3762 864 3864 deoruinque
885 3807 902 3834 ,
947 3767 1194 3828 homines
1237 3773 1339 3830 diis
1363 3782 1777 3840 commiscenles
1798 3828 1814 3852 ,
1855 3786 2071 3844 Patrem
2101 3801 2467 3862 supponentes
2527 3793 2611 3849 bis
2676 3808 3060 3864 congenerem.
3095 3794 3235 3860 Alii,
3268 3809 3364 3863 per
3388 3795 3500 3850 dae—

236 3861 457 3955 monum
514 3853 927 3955 operationem,
983 3857 1206 3926 impium
1268 3863 1410 3921 istud
1470 3874 1688 3926 verbum
1757 3886 1811 3930 et
1852 3879 2120 3935 atlteismo
2179 3882 2395 3952 plenum
2469 3884 2767 3955 protulere,
2815 3885 2944 3941 deos
2985 3900 3342 3955 congeneres,
3400 3886 3502 3943 iis-

234 3938 466 4009 demque
499 3943 840 4014 passionibus
874 3944 1161 4016 obnoxios,
1187 3953 1383 4020 quibus
1420 3961 1670 4026 mortale,
1729 3978 1854 4032 pass

1880 3968 2002 4029 bile.
2075 3979 2128 4025 et
2192 3972 2470 4040 peccabile
2492 3989 2662 4044 genus
2708 3975 2989 4030 hominum
3020 3976 3283 4047 subiacet.
3307 3977 3498 4035 horum

231 4033 582 4128 omniurnet
628 4034 960 4104 singulorum
1021 4039 1237 4097 Patrem
1307 4045 1498 4115 Deum,
1549 4053 1777 4123 singulis
1826 4067 1880 4112 et
1933 4064 2202 4118 universis
2247 4068 2559 4121 assimiluri.
2609 4065 2798 4124 Przeco
2843 4079 3022 4124 autem
3079 4070 3496 4128 Ecclesiasticus

232 4123 530 4237 uniusPei;
561 4142 723 4181 unum
758 4131 1060 4196 annuntiat,
1089 4143 1144 4188 et
1185 4138 1522 4208 unigenitum
1549 4145 1748 4202 Filium
1782 4169 1795 4204 :
1837 4167 1996 4221 quem
2053 4157 2216 4214 Pater
2266 4161 2334 4214 ad
2381 4161 2611 4216 salutem
2646 4163 3067 4230 universorum,
3151 4173 3206 4218 et
3269 4165 3497 4237 singulis

232 4216 625 4283 providendum
656 4223 941 4288 creaturis,
972 4226 1268 4287 subsistere
1295 4233 1446 4289 l'ecit.

877 4316 1142 4373 ΚΕΦᾸΡ.
1845 4351 1884 4394 η
2530 4339 2683 4394 CAP.
2730 4339 2862 4394 Xlll.

878 4339 1034 4371 nb‘l’.
1049 4339 1142 4373 11⁷.

226 4395 355 4452 .Ott
396 4399 694 4469 ἀναγκαία
733 4405 832 4504 περ
866 4409 1164 4504 σωτήριος
1200 4415 1332 4504 Τοῖς
1376 4416 1570 4474 πᾶσιν
1623 4424 1658 4490 ὴ
1703 4425 1810 4480 τοῦ
1844 4361 1847 4405 1

2530 4339 2683 4394 CAP.
2730 4339 2862 4395 Xlll.

1801 4428 1810 4473 i
1844 4351 1884 4406 Β
1988 4426 2142 4493 Quod
2171 4429 2424 4483 adventus
2455 4428 2586 4484 Filii
2622 4433 2862 4487 omnibus
2893 4433 3052 4504 fuerit
3093 4436 3344 4492 salutaris
3373 4448 3422 4493 et

759 4478 893 4532 Γλοῦ
928 4479 1272 4540 ἐπιστασία,
1307 4478 1322 4483 ’
1643 4478 1655 4490 “
1783 4478 1796 4480 ⁷
2173 4478 2380 4482 mw---

1256 4525 1272 4540 ι
1643 4478 1655 4490 1
1992 4478 2028 4493 ἢ
2532 4519 2787 4556 ιιεεεεδιιγι
2797 4520 2877 4560 us.

303 4564 520 4638 Ἐπειδὴ
545 4567 655 4638 γὰρ
675 4572 708 4640 ἡ
733 4569 841 4625 τῶν
873 4575 1171 4666 γεγονότων
1194 4578 1355 4646 φύσις
1383 4581 1443 4634 ὲν
1474 4582 1687 4655 σώμασι
1712 4588 1806 4641 καὶ

1982 4587 2430 4660 Quandoquidem
2463 4607 2596 4648 vero
2645 4609 2826 4648 rerum
2871 4608 3353 4667 progeneratarum
3395 4615 3493 4657 na-

221 4657 553 4729 ἀσωμάτοις,
587 4661 852 4733 ἐμψύχοις
877 4682 936 4717 τε
967 4665 1059 4718 καὶ
1083 4643 1595 4742 ἀξμύγοις,λογικοίς
1623 4695 1683 4731 τε
1709 4682 1803 4734 καὶ

1991 4643 2025 4654 ,
2223 4643 2246 4660 ι
2478 4643 2590 4648 ν---
2871 4643 3353 4667 τ--ο--.-.-....-...
3395 4643 3466 4657 ..-

1907 4690 2048 4747 tura,
2086 4698 2207 4752 quae
2233 4683 2596 4740 dilferentiatn
2634 4688 2828 4742 sortita
2867 4700 2953 4745 est
2979 4691 3360 4761 multiplicem,
3393 4709 3491 4765 per

218 4749 450 4819 ἀλόγοις,
499 4752 713 4823 θνητοῖς
752 4773 812 4808 τε
856 4758 949 4811 καὶ
976 4759 1280 4828 ἀθανάτοις,
1314 4766 1375 4818 τὸ
1416 4767 1672 4842 διάφορον
1705 4788 1799 4823 κε-

1904 4788 2198 4841 corporeas
2224 4787 2277 4831 et
2304 4777 2657 4846 incorporeas
2691 4787 2961 4838 essentias
2980 4824 2994 4849 ,
3022 4785 3291 4842 animatas
3319 4799 3377 4843 et
3402 4789 3489 4844 in-

219 4846 462 4944 κτημένη
487 4885 502 4908 ,
531 4846 611 4916 τῷ
646 4848 784 4922 ὑπὲρ
811 4853 1028 4906 πάντων
1063 4857 1155 4908 καὶ
1182 4859 1275 4912 ἐπὶ
1307 4862 1524 4915 πάντων
1549 4863 1668 4935 Θεῷ
1699 4883 1795 4918 πε-

1902 4869 2174 4924 animatas
2205 4911 2218 4932 ,
2247 4873 2546 4927 rationales
2571 4916 2581 4935 .
2611 4886 2666 4930 et
2697 4876 3078 4944 it-ralionales,
3123 4883 3378 4938 mortales
3434 4896 3489 4941 et

216 4933 395 5000 ’ἀζειν
424 4939 515 4990 καὶ
543 4937 650 4992 τῶν
673 4941 773 5011 τῆς
798 4944 962 4997 αὑτοῦ
996 4946 1248 5018 θεότητος
1283 4933 1662 5025 μαρμαρυγῶν
1695 4958 1792 5030 οὑχ

1900 4957 2242 5017 immortales
2266 5003 2281 5028 ,
2332 4933 2770 5038 appropinquare
2803 4971 2913 5026 Deo
2940 5012 2956 5038 ,
3108 4933 3485 5045 ευρὲῖξιῖιηῇι

211 5042 246 5069 η
265 5043 296 5082 α
327 5045 385 5081 τε
419 5025 486 5100 ἦν
524 5031 770 5102 μετέχειν
800 5034 867 5088 δι’
897 5037 1204 5110 ὑπερϐολὴν
1234 5043 1331 5114 τῆς
1355 5045 1463 5100 ἀπὸ
1492 5045 1585 5099 τοῦ
1616 5025 1795 5119 κρείέζ

1897 5058 1952 5103 et
1986 5067 2082 5120 per
2115 5055 2297 5108 omnia
2328 5068 2544 5124 prmest,
2569 5065 2626 5123 >14
2665 5061 2808 5114 illius
2830 5062 3136 5119 divinitatis
3162 5065 3484 5135 splendores

211 5135 361 5184 ιονος
381 5121 691 5192 ἐλλείψεως,
727 5128 943 5198 μακρὰν
970 5129 1026 5182 δὲ
1068 5133 1161 5185 καὶ
1189 5137 1544 5207 πορρωτάτω,
1577 5138 1789 5206 φύσεως

1897 5141 2044 5196 ιιυΙΙο
2098 5145 2257 5198 modo
2303 5149 2482 5216 potuit
2521 5151 2848 5219 participare
2877 5191 2891 5216 ,
2938 5153 3008 5206 ob
3060 5153 3280 5207 nimiam
3335 5155 3481 5208 illam

211 5209 480 5284 ἀσθενείᾳ,
510 5213 770 5269 διολισθὲν
793 5218 860 5271 ἂν
889 5217 998 5290 εἴη,
1029 5222 1138 5292 (47)
1177 5227 1225 5278 εί
1258 5226 1333 5298 μὴ
1358 5227 1492 5281 Θεοῦ
1540 5231 1790 5303 Σωτῆρος

1895 5248 2048 5288 suam
2086 5236 2452 5293 delicientiam
2480 5281 2495 5305 ,
2524 5257 2621 5312 per
2669 5259 2828 5312 quam
2869 5263 2898 5298 a
2940 5254 3132 5300 natura
3183 5247 3268 5301 illa
3310 5247 3479 5302 subli-

211 5297 362 5372 ῑτυχε
414 5302 628 5374 βοηθοῦ,
669 5305 892 5371 εἰκότως
923 5310 956 5380 ἡ
991 5315 1228 5386 πατρικὴ
1265 5297 1791 5390 φιλανθρωπίαρττὸν

1899 5327 2140 5385 missima
2181 5344 2510 5389 semovetur.
2545 5334 2696 5391 Unde
2725 5351 2924 5407 magno
2947 5378 2964 5405 ,
3014 5341 3125 5394 imo
3160 5339 3478 5410 longissimo

282 5468 344 5528 >14
370 5465 467 5522 Ed.
502 5468 700 5536 Paris.,
723 5487 881 5544 pagg.
904 5475 1086 5540 75,74.
1118 5479 1162 5509 ν’
1181 5477 1370 5537 Matth.
1409 5484 1594 5552 xt,27.
1626 5485 1926 5554 “Joanan,
1963 5487 2014 5543 6.
2057 5491 2275 5546 "Juan.
2299 5494 2480 5559 mil.
2558 5495 2604 5530 ⁸³
2620 5496 2747 5563 Sap.
2779 5511 2885 5561 vn,
2918 5497 3006 5552 26.
3089 5501 3133 5532 “
3149 5499 3376 5569 ﬁebnt,
3417 5503 3471 5557 3.

281 5701 388 5775 (ιθ)
419 5705 586 5777 Vu.go
623 5713 720 5764 xui.
755 5713 1000 5782 μείωσιν,
1036 5714 1154 5769 dein
1185 5718 1310 5789 ῥοὴν
1340 5731 1392 5775 et
1419 5740 1766 5800 γεννησιουρ-

281 5791 325 5818 ιν
354 5785 410 5818 pl
439 5777 530 5818 νηὶ
553 5779 583 5818 Α
610 5779 762 5818 ὅλην·
791 5794 839 5818 ιιι
869 5785 948 5818 ληι-
988 5784 1144 5818 me...
1198 5805 1354 5818 ..η-..η
1408 5795 1628 5818 ..1.Δ..-1
1720 5810 1758 5818 κ.

1959 5739 2069 5818 (67)
2106 5743 2174 5818 Et
2197 5741 2476 5818 μὴμΘεοῦ
2505 5747 2822 5818 Σωτήριος.
2860 5747 2935 5802 Ita
2977 5749 3186 5818 legend.
3245 5752 3471 5806 omnino

206 5773 325 5858 τίαν
354 5785 410 5827 et
439 5773 583 5831 καΐό
610 5773 767 5850 ἥλιος
791 5794 844 5835 et
868 5785 966 5837 ἀπ.
987 5773 1166 5855 δόξης,
1185 5773 1361 5856 ’ροὶτό
1379 5773 1386 5775 ἡ
1405 5773 1764 5868 "et

206 5843 449 5957 fila:ng
476 5851 1074 5957 ,οὲυκὲταξάὲλοζτεξίξι
1095 5858 1256 5957 ἀνδρί
1288 5863 1379 5917 καὶ
1412 5863 1571 5922 Θεῶν.
1619 5869 1754 5925 Dein

1959 5773 2069 5810 μιν
2106 5773 2174 5796 ιιι
2197 5773 2476 5832 μηνσδυυ
2505 5773 2822 5818 ἀωτηριυς.
2861 5773 2942 5830 Ili:
2977 5773 3186 5834 legent].
3245 5773 3469 5806 mnnmo

1876 5812 2367 5957 ssll'?:’ivdllliﬁt'tuflgi
2382 5818 2504 5892 μή],
2535 5824 2738 5885 statim,
2766 5835 3047 5893 χωροεντα
3075 5821 3178 5896 [sic
3208 5831 3260 5880 et
3280 5822 3469 5900 codd.)

205 5914 350 5968 ἄλλοι
379 5915 434 5970 δὲ
473 5918 570 5990 μέν
593 5932 648 5976 et
677 5920 756 5989 τῷ
783 5923 929 5992 διαφ.
966 5914 1069 5996 διν.
1095 5929 1163 5980 το.
1191 5914 1267 5982 τό.
