4106 6434
690 440 786 495 851

1358 439 1625 499 EUSEBII
1664 439 2143 497 CJESARIENSIS
2181 438 2330 497 OPP.
2372 440 2547 496 PARS
2587 440 2674 497 IV.
2713 473 2782 483 —
2823 439 3234 499 DOGMATICA.

3799 435 3905 499 sm

690 556 992 620 lu'ervallo,
1020 565 1242 626 propter
1265 556 1561 610 naturalem
1593 570 1745 611 suam
1778 556 2144 611 inﬁrmitatem
2175 556 2224 610 al

2345 557 2507 611 αὐτοῦ
2554 557 2815 628 μονογενῆ
2861 557 3033 611 Παῖδα
3079 557 3170 609 ἐπὶ
3208 556 3340 609 πᾶσι
3389 553 3641 624 καθίστη,
3689 552 3785 606 καὶ
3819 551 3905 608 διά

689 651 778 705 illo
805 649 1132 715 excidisset,
1163 648 1266 705 nisi
1309 649 1474 707 Deum
1509 647 1807 715 adjutorem
1844 649 2019 717 ipsum
2052 651 2237 703 nauci-

688 750 950 807 sceretur,
985 748 1212 809 paterna
1242 740 1332 793 illa
1375 740 1466 793 Dei
1498 738 1888 802 misericordia,
1920 754 2019 793 nec
2049 742 2239 795 imme-

687 834 811 900 rito,
845 848 1001 888 suum
1031 832 1219 888 Filium
1266 831 1597 903 unigenitum
1627 846 1788 900 super
1817 845 2008 888 omnes
2036 832 2239 888 consti-

685 926 808 993 tuit,
842 935 1025 995 utpote
1049 925 1136 995 qui
1167 938 1263 993 per
1290 924 1470 981 omnia
1489 932 1834 990 commearet,
1858 924 2106 978 omnibus
2123 925 2237 980 loco

683 1017 1041 1074 moderatoris
1070 1014 1405 1085 prmsideret,
1440 1024 1495 1069 et
1522 1014 1641 1069 illos
1668 1014 1886 1083 largiter
1909 1014 1973 1069 de
2004 1030 2096 1071 sua
2125 1032 2237 1071 mu-

684 1106 956 1167 niﬁcentia
993 1106 1265 1175 irrigaret.
1317 1104 1593 1161 Universis
1631 1106 1896 1172 siquidem
1938 1115 1990 1161 et
2016 1107 2238 1177 singulis

682 1213 807 1253 eum
856 1197 1037 1263 Pater,
1068 1199 1158 1265 qui
1190 1205 1489 1268 genuerat,
1536 1209 1642 1252 tam
1693 1198 1782 1265 qui
1814 1208 1940 1253 sunt
1982 1199 2035 1257 in
2062 1200 2235 1267 caelis,

682 1299 843 1357 quam
877 1291 968 1361 qui
1008 1304 1169 1360 super
1199 1298 1387 1355 terras,
1423 1297 1690 1358 pastorem
1724 1290 2002 1345 constituit
2032 1299 2087 1345 et
2110 1290 2236 1346 Ser-

681 1389 921 1437 vatorem
944 1421 960 1443 ,
986 1390 1285 1438 curatorem
1329 1380 1475 1434 dedit
1511 1390 1564 1434 et
1606 1381 1900 1449 custodem,
1965 1382 2233 1437 medicum

684 1473 744 1530 et'
762 1473 1175 1542 gubernatorem
1217 1472 1411 1526 solum.
1447 1470 1522 1525 Illi
1555 1486 1737 1533 rerum
1769 1472 2006 1529 omnium
2033 1473 2234 1542 guber-

682 1563 879 1623 nacula
924 1563 976 1617 in
1028 1577 1217 1619 manus
1265 1561 1447 1628 dedit,
1482 1563 1571 1631 qui
1600 1573 1656 1617 et
1689 1564 1777 1619 illa
1811 1564 2149 1633 produceret,
2181 1572 2236 1619 et

680 1654 945 1723 producta
996 1663 1325 1723 procuraret.
1360 1655 1413 1709 Id
1440 1658 1581 1719 quod
1615 1657 1730 1725 ipse
1758 1656 1951 1721 docet,
2000 1655 2088 1710 ubi
2137 1657 2231 1722 ait,

684 1746 875 1802 Omnia
895 1747 1021 1803 mihi
1042 1746 1237 1801 tradam
1274 1758 1392 1802 sunt
1437 1765 1469 1802 α
1495 1746 1654 1803 Patre
1675 1751 1791 1804 med
1812 1750 1879 1805 "'.
1910 1749 1974 1804 Et
2005 1765 2187 1805 rursus
2215 1768 2227 1805 :

682 1837 845 1896 Pater
870 1838 1005 1893 enim
1030 1838 1201 1910 diligit
1231 1838 1452 1903 Filium,
1476 1851 1522 1895 et
1546 1843 1717 1895 omnia
1742 1841 1818 1895 illi
1840 1842 1895 1894 in
1928 1859 2113 1895 manus
2144 1844 2232 1897 de-

2343 648 2554 702 πάντων
2582 648 2881 719 χωροῦντα,
2912 650 3004 703 καὶ
3036 652 3146 713 τοῖς
3169 652 3333 702 πᾶσιν
3371 648 3784 713 ἐπιστατοῦντα,
3814 650 3903 702 καὶ

2340 738 2437 803 τὰς
2489 738 2547 803 ἐξ
2600 740 2765 793 αὑτοῦ
2825 740 3085 811 χορηγίας
3137 739 3460 809 ἐπάρδοντα.
3528 739 3750 793 Πάντων
3798 738 3906 812 γὰρ

2339 830 2565 902 ἀθρόως,
2600 832 2707 885 τῶν
2740 849 2798 885 τε
2827 836 2945 887 κατ’
2970 833 3215 904 οὐρανὸν,
3250 834 3342 885 καὶ
3374 832 3481 886 τῶν
3525 835 3616 886 ἐπὶ¹
3652 833 3756 904 γῆς
3797 850 3907 887 ποι-

2342 923 2475 991 μένα
2526 922 2621 975 καὶ
2662 922 2909 993 Σωτῆρα,
2959 914 3225 995 κηδεμόνα
3274 939 3333 975 τε
3382 922 3477 975 καὶ
3523 922 3758 991 φύλακα,
3813 921 3907 975 καὶ

2342 1013 2519 1083 ίατρὸν
2542 1052 2557 1076 ,
2607 1013 2701 1065 καὶ
2748 1013 3083 1086 κυόερνήτην
3133 1014 3291 1086 μόνον
3342 1014 3503 1071 αὐτὸν
3558 1015 3587 1065 ό
3638 1014 3907 1083 γεννήσας

2338 1104 2575 1171 ἀνέδειξε
2626 1105 2837 1176 Πατὴρ,
2882 1108 2983 1178 τῆς
3020 1106 3126 1161 τῶν
3166 1106 3302 1163 ὅλων
3350 1104 3660 1169 συπάσεὼς
3707 1123 3767 1157 τε
3810 1105 3903 1159 καὶ

2335 1197 2648 1265 διοικήσεως
2692 1196 2836 1267 μόνῳ
2855 1198 2981 1261 τοὺς
3006 1197 3197 1262 οἴακας
3214 1197 3347 1267 (ιιι)
3364 1196 3673 1267 ἐγχειρίσας
3693 1214 3704 1225 ’
3724 1194 3753 1247 ὃ
3766 1195 3906 1248 διδά-

2339 1305 2454 1341 σκει
2496 1287 2665 1356 λέγων
2698 1289 2888 1353 αὐτός’
2939 1288 3144 1343 Πάντα
3179 1305 3281 1358 μοι
3321 1287 3616 1357 παρεδόθη
3648 1288 3767 1343 ὑπὸ
3795 1286 3902 1340 τοῦ

2334 1381 2560 1448 Πατρός
2569 1398 2707 1449 μου.
2726 1380 2835 1434 Καὶ
2850 1375 2949 1434 αὗθ
2957 1396 3024 1445 ις,
3042 1380 3218 1450 Ὀτὰρ
3236 1380 3433 1449 Πατὴρ
3451 1378 3615 1449 φιλεῖ
3630 1380 3735 1432 τὸν
3745 1377 3901 1440 Υἱὸν,

2336 1474 2432 1525 καὶ
2462 1472 2657 1525 πάντα
2683 1470 2942 1525 δέδωκεν
2976 1472 3045 1524 ἐν
3072 1471 3146 1540 τῇ
3182 1471 3334 1541 χειρί
3363 1471 3570 1543 αὐτοῦ.
3611 1471 3669 1524 '0
3694 1470 3764 1533 δ’,
3812 1463 3903 1523 οἷα

2336 1563 2497 1632 σοφὸς
2524 1563 2878 1634 κυϐερνήτης,
2910 1563 3000 1615 τὸν
3022 1562 3220 1634 κλῆρον
3248 1561 3400 1634 παρά
3421 1561 3515 1616 τοῦ
3534 1562 3757 1633 Πατρὺς
3777 1561 3903 1614 ὕπο-

2330 1654 2667 1723 δεδεγμένος,
2704 1653 2897 1717 ἐπιδάς
2926 1653 3019 1706 τοῦ
3070 1653 3381 1722 σύμπαντος
3425 1655 3651 1723 κόσμου,
3698 1656 3811 1708 ἀνω
3840 1670 3899 1708 τε

2334 1747 2469 1817 πρὸς
2493 1748 2583 1799 τὸν
2610 1746 2774 1800 αὐτοῦ
2794 1746 3012 1817 Πατέρα
3037 1745 3267 1816 βλέπων,
3299 1738 3420 1815 ἄγει
3440 1747 3532 1799 καὶ
3556 1746 3711 1816 φέρει
3735 1745 3902 1814 πηδα-

2331 1842 2553 1912 λιουχῶν
2580 1843 2640 1895 τὸ
2660 1844 2787 1907 πᾶν,
2817 1842 2935 1896 οὑδέ
2974 1843 3038 1897 τὸ
3078 1840 3437 1913 σμικρότατον
3483 1836 3592 1895 τῶν
3631 1837 3899 1909 δεομένων

680 1929 845 1982 dis".
892 1927 1047 1999 isque
1090 1929 1238 1985 velut
1289 1931 1519 1999 prudens
1551 1933 1878 2002 gubernator
1922 1932 2224 2004 quispiam.

2332 1932 2433 2003 τῆς
2480 1933 2539 1999 ἐξ
2591 1932 2755 1986 αὑτοῦ
2800 1932 3062 2005 χορηγίας
3103 1930 3377 2004 παρορῶν,
3406 1929 3514 1983 οὐδ’
3542 1927 3898 2002 ὑπερφρονῶν

681 2030 879 2076 sortem
909 2022 1054 2078 illam
1086 2026 1174 2079 ubi
1207 2025 1275 2081 de
1302 2024 1458 2083 Patre
1487 2035 1816 2095 susceperat,
1863 2041 2025 2097 super
2070 2043 2227 2083 mun-

680 2114 805 2169 dum
846 2117 1145 2177 ascendens
1181 2119 1492 2174 universum
1518 2158 1535 2186 ,
1565 2134 1884 2189 sursumque
1916 2121 1982 2176 ad
2015 2120 2228 2176 Patrem

679 2221 837 2262 suum
864 2209 1107 2273 intuitus,
1137 2209 1537 2266 universitatem
1586 2224 1765 2264 rerum
1797 2211 1942 2282 agit,
1981 2210 2084 2268 fert
2114 2227 2230 2269 mo-

680 2299 919 2356 derando
952 2300 1184 2372 singula,
1215 2315 1316 2356 nec
1345 2300 1426 2357 vel
1460 2301 1848 2358 minutissimas
1879 2318 1965 2358 res
2005 2319 2107 2375 ope
2150 2305 2231 2376 ip-

678 2391 790 2447 sius
821 2406 1088 2463 operaque
1114 2393 1415 2463 indigentcs
1434 2436 1449 2459 ,
1477 2395 1695 2464 insuper
1735 2394 1933 2461 habet,
1962 2407 2054 2451 aut
2085 2397 2230 2453 vllis-

678 2483 843 2541 simas
877 2485 1177 2554 despectui.
1227 2484 1471 2556 Cumque
1517 2486 1718 2557 jugiter
1766 2487 1986 2543 assistat
2034 2488 2225 2543 horum

677 2577 903 2649 singulis
924 2617 941 2643 ,
976 2578 1170 2649 cuique
1199 2580 1275 2634 rei
1308 2578 1499 2635 dividit
1536 2595 1597 2635 ea
1625 2595 1746 2649 quae
1792 2580 2096 2636 conducunt
2128 2598 2143 2634 :
2174 2590 2230 2637 et

678 2662 931 2741 tanquam
967 2670 1203 2727 medicus
1248 2673 1551 2743 suppeditat
1608 2673 1897 2737 universis,
1931 2686 2050 2742 quae
2080 2671 2227 2728 salu-

677 2770 783 2826 tem
827 2762 1073 2821 videntur
1138 2763 1383 2819 allatura.
1439 2764 1572 2819 Hinc
1619 2764 1903 2820 admodum
1941 2779 2177 2835 congrue
2206 2804 2222 2830 ,

674 2871 847 2925 neque
878 2856 1042 2912 vitam
1078 2855 1405 2915 abhorrebat
1429 2858 1739 2927 victumque
1770 2857 2082 2911 humanum.
2116 2854 2223 2913 Sed

670 2963 793 3003 cum
824 2949 891 3003 ab
920 2949 1066 3003 omni
1087 2957 1229 3005 retro
1257 2948 1599 3019 antiquitate,
1631 2947 1927 3004 subsidium
1960 2946 2222 3004 submini-

668 3037 878 3099 strabat
926 3036 1225 3103 amueuter,
1259 3038 1567 3094 hominibus
1619 3038 1710 3107 qui
1763 3052 1794 3092 a
1827 3036 2025 3093 mulo
2071 3036 2223 3092 vixe-

669 3138 819 3195 runt,
874 3128 984 3184 Deo
1011 3130 1151 3193 caris
1179 3141 1232 3183 et
1268 3130 1460 3185 amicis
1490 3150 1503 3185 :
1541 3145 1681 3185 nunc
1704 3131 1938 3185 humana
1963 3130 2133 3186 forma
2161 3145 2222 3187 se

669 3220 1105 3291 conspiciendum
1151 3220 1431 3284 insinuans
1475 3221 1771 3293 majoribus
1824 3219 2215 3278 ﬂebrcorum:

2335 2024 2441 2077 τῶν
2491 2023 2860 2098 βραχυτάτων.
2902 2024 2993 2077 Διδ
3018 2023 3103 2096 δὴ,
3141 2025 3251 2087 τοῖς
3276 2023 3460 2084 πᾶσιν,
3483 2020 3607 2074 ἐπεὶ
3635 2020 3899 2091 πάρεστιν

2336 2115 2575 2186 ἑκάστῳ,
2609 2115 2786 2187 νέμων
2811 2115 2879 2169 τά
2910 2113 3213 2186 πρόσφορα,
3241 2115 3306 2185 τῇ
3341 2130 3401 2165 τε
3431 2112 3539 2165 τῶν
3576 2110 3712 2166 ὅλων
3737 2109 3898 2182 θερα-

2336 2208 2463 2279 πείᾳ
2493 2208 2646 2278 δίκην
2680 2206 2862 2279 ίατροῧ
2899 2204 2969 2260 τά
3006 2206 3241 2277 ἁρμόδια
3265 2205 3401 2276 πρὸς
3428 2201 3701 2275 σωτηρίαν
3726 2203 3897 2273 ἐπαρ-

2334 2298 2464 2354 κῶν.
2501 2299 2662 2355 Ὅθεν
2695 2299 2917 2359 εἰκότως
2946 2298 3067 2351 οὐδὲ
3109 2296 3202 2387 τοῦ
3226 2296 3345 2351 κατ’
3381 2294 3663 2367 ἄνθρωπον
3695 2293 3893 2365 ὑπερε-

2335 2396 2567 2467 φρόνησε
2619 2393 2757 2465 βίου,
2810 2392 2944 2447 ἀλλά
3002 2393 3095 2448 καλ⁵
3147 2384 3313 2446 πάλαι
3362 2390 3627 2462 πρότερον
3670 2384 3786 2452 τοῖς
3834 2387 3894 2454 ἐξ

2332 2488 2523 2553 αίῶνος
2550 2486 2816 2557 φιλοθέοις
2844 2485 3067 2555 ἀνδράσι
3096 2484 3193 2557 τὴν
3216 2482 3276 2549 ἐξ
3300 2481 3463 2537 αὑτοῦ
3494 2484 3753 2555 παρεῖχεν
3782 2482 3899 2534 ἐπι·

2331 2581 2570 2650 κουρίαν,
2604 2575 2707 2635 ὧδε
2744 2580 2840 2652 μὲν
2873 2562 3194 2651 ἀνθρωπείῳ
3226 2577 3461 2648 σχήματι
3484 2577 3597 2637 τοῖς
3628 2570 3893 2645 Ἐϐραίων

2330 2671 2698 2744 προπάτορσιν
2720 2670 3156 2741 ἐπιφαινόμενος,
3177 2661 3278 2722 ὧδε
3298 2667 3356 2721 δέ
3389 2668 3499 2729 τοῖς
3518 2665 3722 2719 τούτων
3759 2664 3893 2718 ἀτω-

2326 2764 2499 2831 γόνοις
2538 2763 2825 2833 ἀρμοδίους
2870 2762 3281 2833 διαταττόμενος
3329 2760 3544 2831 νόμους,
3593 2757 3693 2830 ήδη
3719 2755 3779 2810 δὲ
3802 2756 3894 2811 καὶ

2325 2858 2436 2919 τοῖς
2466 2856 2774 2927 μετέπειτα,
2800 2854 2891 2909 διά
2915 2853 3226 2928 προφητῶν,
3257 2852 3553 2925 μελλούσης
3579 2848 3741 2904 αὐτοῦ
3770 2848 3891 2902 Oso-

2326 2947 2548 3018 φανείας
2573 2949 2770 3003 ἀπασιν
2795 2947 3091 3019 ἐκλάμψειν
3114 2943 3683 3019 ἀνθρώσωις,ἐεεδίδου
3708 2940 3893 2995 θεσπί-

2327 3059 2523 3111 σματα.
2577 3041 2665 3105 Ὧς
2708 3041 2765 3096 δέ
2806 3042 2836 3095 ό
2880 3040 2992 3111 (ιε)
3047 3038 3248 3093 τούτων
3296 3037 3634 3109 προσήλαυνε
3677 3035 3888 3106 χρόνος,

2325 3135 2504 3206 ἔργοις
2558 3133 2792 3205 ἐπλήρου
2842 3132 3087 3187 παλαιιῖιν
3137 3128 3399 3203 χρησμῶν
3451 3127 3887 3199 ἀποτελέσματα,

2327 3227 2418 3279 καὶ
2448 3224 2511 3297 δὴ
2542 3224 2719 3298 παρῆν
2740 3222 2924 3280 λοιπὸν
2956 3219 3156 3294 ἀναμὶξ
3181 3222 3259 3293 τῷ
3290 3219 3466 3292 θνητῷ
3495 3219 3595 3291 βίῳ
3625 3218 3736 3289 (49)
3766 3233 3891 3273 συν-

670 3290 817 3366 nunc
855 3325 984 3366 vero
1016 3311 1246 3380 posteris
1282 3310 1525 3377 illorum,
1562 3290 1735 3382 'Ieges
1777 3312 1909 3381 ipsis
1958 3327 2222 3384 congruas

2325 3290 2732 3389 αγελαξόμεως.
2781 3315 2952 3380 Αὐτός
3005 3290 3075 3369 τε⁷
3118 3310 3190 3387 ἢν
3294 3290 3387 3367 τού
3413 3290 3887 3383 Θεοῦμονογειὴς
3986 3334 3991 3339 ·

668 3402 1015 3474 promulgans
1047 3420 1061 3457 :
1100 3410 1156 3457 et
1182 3409 1455 3470 postremo
1482 3416 1579 3475 per
1605 3402 1915 3474 praphetas,
1943 3404 2222 3461 vaticiniis

668 3493 855 3559 variis,
889 3492 1027 3561 apud
1071 3492 1442 3561 posteritatem
1466 3532 1481 3554 .
1516 3507 1670 3549 suam
1693 3493 1928 3549 divinam
1960 3496 2099 3552 inter
2125 3496 2221 3551 Ιιο-

667 3584 841 3649 mines
870 3583 1323 3653 dispensationem
1359 3582 1528 3639 multo
1554 3594 1680 3639 ante
1706 3586 2054 3643 annuntians.
2078 3585 2219 3654 Qua-

666 3690 786 3738 rum
814 3676 1054 3747 quidem,
1082 3675 1222 3747 apud
1250 3674 1501 3730 saeculum
1537 3677 1686 3746 prius
1715 3676 2055 3732 oraculorum
2076 3693 2219 3734 com-

663 3768 1013 3840 plementum,
1064 3766 1154 3821 ubi
1190 3776 1400 3836 tempus
1430 3767 1761 3837 advenerat,
1790 3770 2164 3839 consignatum
2193 3813 2208 3837 ,

664 3857 838 3925 reipsa
865 3854 1115 3912 effectum
1147 3856 1317 3911 dedit.
1355 3856 1561 3926 Sulque
1592 3856 1814 3926 factum,
1849 3866 1909 3913 ut
1937 3858 2212 3931 deinceps,

663 3946 803 4017 apud
846 3946 1094 4002 homines
1140 3948 1375 4002 humano
1413 3963 1565 4004 more
1593 3960 1926 4007 versaretur.
1977 3950 2215 4023 Eratque

661 4038 971 4107 unigenitus
1016 4037 1106 4093 Dei
1146 4036 1315 4093 Filius
1344 4038 1480 4106 ipse,
1524 4039 1617 4108 qui
1658 4041 1710 4094 in
1745 4040 1975 4108 imagine
2006 4043 2211 4110 divina,

658 4128 762 4185 hoc
794 4138 879 4185 est
900 4144 1129 4199 corpore
1157 4134 1514 4184 instrumento
1544 4170 1560 4195 ,
1590 4145 1713 4186 cum
1746 4132 1982 4190 humano
2020 4151 2215 4207 genere

655 4222 1119 4277 conversationem
1152 4221 1338 4275 habuit
1365 4263 1379 4288 ,
1411 4222 1650 4277 docendo
1670 4263 1686 4288 ,
1715 4226 1956 4281 sanando
1979 4269 1993 4293 ,
2022 4228 2215 4285 divina

655 4328 768 4376 suae
813 4314 1089 4385 sapientia:
1128 4311 1387 4370 ineﬂ'abili
1439 4313 1687 4369 doctrina
1732 4316 2109 4375 lnstitueudo:
2149 4329 2208 4389 ὦ

653 4406 854 4476 quique
888 4407 1081 4471 adhuc,
1112 4406 1176 4461 ad
1206 4417 1395 4465 nutum
1434 4408 1514 4462 sui
1547 4406 1725 4463 Patris
1753 4450 1767 4475 ,
1804 4413 1871 4467 de
1902 4412 2212 4469 misericor-

649 4497 738 4554 dia
771 4496 887 4565 ejus
916 4498 1262 4567 exsuperanti
1294 4514 1465 4569 usque
1494 4499 1558 4553 ad
1594 4510 1782 4569 portas
1806 4504 1995 4560 mortis
2019 4510 2207 4573 evasit,

648 4605 756 4661 quo
772 4599 838 4691 et
868 4588 1021 4654 illos,
1053 4590 1143 4691 qui
1192 4591 1265 4646 ibi
1314 4593 1717 4660 detinebantur,
1756 4597 1944 4665 gratia:
1993 4612 2207 4667 quoque
2237 4636 2281 4691 ο

647 4682 937 4754 participes
968 4696 1079 4737 sua
1115 4681 1315 4737 faceret
1339 4724 1354 4749 ,
1386 4686 1451 4738 ad
1474 4686 1639 4739 vitam
1673 4700 1777 4740 una
1800 4699 1979 4742 secum
2027 4697 2205 4743 extra-

644 4787 782 4833 ctos.
830 4777 909 4831 Ad
942 4776 1103 4831 istum
1126 4776 1347 4831 modum
1379 4778 1519 4831 Deus
1550 4778 1601 4831 iu
1646 4778 1861 4835 Christo
1882 4789 2022 4844 erat,
2048 4797 2203 4836 mun-

643 4870 769 4923 dum
798 4868 1158 4927 reconcilians
1204 4868 1345 4925 sibi:
1378 4870 1456 4924 sic
1491 4872 1543 4923 in
1575 4886 1738 4927 carne
1785 4873 1959 4928 obivit
1982 4888 2201 4931 (nconc-

642 4963 806 5017 miam
838 5002 855 5029 ,
889 4970 1175 5031 antequam
1210 4962 1322 5031 ipse
1380 4962 1738 5029 subsistebat,
1781 4966 2066 5022 divinitate
2116 4982 2202 5036 pa-

638 5061 807 5109 terna:
834 5054 1018 5124 gloria:
1060 5053 1355 5110 honoratus
1384 5070 1398 5108 :
1433 5070 1538 5109 nou
1573 5056 1811 5125 rapinam
1844 5059 2048 5114 ducens
2078 5072 2199 5114 esse

634 5149 898 5220 aequalem
944 5149 1086 5216 Deo,
1116 5150 1461 5219 semetipsum
1496 5160 1676 5212 tamen
1719 5153 2044 5210 exiuauiens
2070 5196 2087 5222 ,
2141 5164 2196 5212 et
2233 5156 2457 5214 formam
2526 5164 2665 5219 servi

2322 3412 2466 3476 Υἱὸς,
2488 3412 2564 3474 ὼς
2588 3413 2645 3463 ἐν
2672 3408 2946 3480 ἀγάλματι
2973 3407 3124 3480 θείῳ,
3150 3407 3226 3479 τῷ
3249 3408 3344 3462 τοῦ
3373 3405 3621 3478 σώματος
3646 3405 3883 3477 ὀργάνῳ,

2317 3502 2395 3575 τῷ
2446 3502 2552 3558 τῶν
2600 3502 2899 3575 ἀνθρώπων
2943 3499 3249 3574 καθομιλῶν
3298 3502 3445 3571 γένει
3490 3500 3888 3575 διδασκαλίαις,

2318 3596 2629 3669 θεραπείαις
2654 3594 2837 3648 ἐνθέου
2871 3594 3065 3666 σοφίας
3087 3634 3103 3656 ,
3136 3595 3465 3667 ἀπορρήτοις
3496 3593 3880 3664 παιδεύμασιν.

2317 3688 2427 3761 (50)
2462 3688 2598 3759 Ἤδη
2642 3687 2699 3741 δὲ
2746 3686 2923 3741 αὐτῶν
2970 3687 3131 3759 μέχρι
3178 3686 3408 3740 θανάτου
3456 3684 3638 3739 πυλῶν
3685 3684 3882 3757 ῆλαυνε

2318 3778 2579 3853 πατρικοῦ
2625 3777 2887 3849 νεύματος
2928 3777 3339 3851 ὑπερϐαλλούσῃ
3372 3775 3769 3850 φιλανθρωπίᾳ,
3806 3775 3884 3841 ὡς

2315 3868 2381 3923 ἀν
2408 3868 2502 3922 καὶ
2542 3866 2665 3930 τοὺς
2698 3866 2823 3939 τῇδε
2870 3866 2969 3937 τῆς
3012 3868 3205 3922 ἐαυτυύ
3240 3865 3593 3933 καταξιώσειε
3636 3867 3878 3941 χάριτος,

2315 3959 2408 4013 ἐπὶ
2456 3958 2553 4032 τὴν
2601 3959 2728 4031 παρ’
2766 3958 2914 4030 αὑτῷ
2956 3958 3100 4025 ζωὴν
3134 3959 3501 4031 παρελχύσας.
3550 3957 3708 4013 Ούτω
3750 3957 3880 4023 ea;

2309 4046 2378 4121 ἦν
2411 4052 2469 4103 ἐν
2498 4048 2714 4123 Χριστῷ
2754 4050 2956 4122 κόσμον
2990 4050 3370 4105 καταλλάσσων
3397 4048 3605 4121 ἐαυτῷο
3649 4050 3745 4105 καὶ
3782 4048 3880 4121 τὴν

2313 4144 2574 4215 ἐνσαρκον
2614 4143 2900 4214 ὑπέμεινεν
2948 4144 3279 4216 οίκονομιαν,
3319 4143 3500 4216 προὼν
3549 4144 3647 4215 μὲν
3686 4143 3875 4216 αὐτῆς,

2312 4236 2404 4289 καὶ
2429 4234 2816 4307 προϋπάρχων,
2852 4234 3063 4307 θεότητι
3093 4235 3364 4306 πατρικῆς
3389 4235 3546 4306 δόξης
3578 4234 3878 4309 τετιμημέ-

2310 4345 2398 4391 νος
2417 4346 2430 4358 ·
2456 4327 2517 4380 οὐ
2542 4328 2648 4399 μὴν
2683 4346 2702 4379 ι
2719 4328 3010 4399 ἀρπαγμὸν
3037 4321 3334 4401 ἡγούμενος
3360 4328 3421 4382 τὸ
3449 4323 3588 4382 εἶναι
3620 4328 3713 4382 ῐσα
3735 4325 3874 4400 Θεῷ,

2315 4439 2332 4469 ι
2362 4419 2549 4472 ἐαυτὸν
2582 4418 2628 4472 δ’
2657 4413 2749 4473 οὖν
2778 4418 3038 4484 κενώσας,
3078 4422 3171 4475 καὶ
3215 4421 3427 4491 μορφὴν
3454 4421 3644 4475 δούλου
3673 4420 3873 4486 λαϐὼν,

2313 4528 2333 4561 ι
2367 4509 2720 4564 ἐταπείνωσεν
2750 4510 2961 4575 ἐαυτὸν,
2992 4512 3230 4583 ὑπήκοος
3266 4512 3345 4582 τῷ
3381 4513 3555 4583 Πατρὶ
3585 4513 3874 4583 γενόμενος

2315 4620 2333 4654 ι
2370 4602 2529 4675 μέχρι
2584 4601 2832 4669 θανάτου,
2874 4623 2893 4655 ι
2951 4604 3039 4668 ἵν’,
3097 4603 3284 4674 ὥσπερ
3323 4605 3352 4656 ό
3393 4602 3621 4667 θάνατος
3660 4603 3731 4658 δι’
3756 4605 3873 4667 ἐνὸς

2308 4693 2720 4765 ἁμαρτήσαντος
2763 4693 3048 4767 ἀνθρώπου
3093 4695 3290 4758 παντὸς
3342 4696 3733 4767 κατεκυρίευσε
3782 4698 3881 4766 γέ-ι

2308 4801 2449 4849 νους,
2485 4785 2626 4838 οὕτω
2654 4785 2744 4839 καὶ
2775 4787 2809 4859 η
2842 4785 3057 4851 αἰώνιος
3083 4787 3196 4860 ζωὴ
3217 4787 3304 4842 διά
3333 4787 3433 4859 τῆς
3462 4788 3628 4843 αὐτοῦ
3650 4789 3872 4861 χάριτος

2306 4876 2413 4929 τῶν
2470 4878 2581 4953 (51)
2629 4882 2709 4944 είς
2762 4879 2923 4934 αὐτὸν
2982 4877 3388 4952 [πιστευόντων]
3451 4882 3547 4934 καὶ
3597 4881 3666 4937 δι’
3705 4880 3866 4937 αὐτοῦ

2305 4968 2381 5039 τῷ
2426 4969 2541 5042 Θεῷ
2593 4972 2684 5026 καὶ
2716 4972 2888 5043 Πατρὶ
2925 4972 3088 5027 αὐτοῦ
3137 4974 3572 5045 γνωριζομένων,
3624 4973 3867 5046 βασιλεύ-

2306 5079 2465 5119 σειεν.

2741 5176 3023 5220 assumens
3049 5206 3064 5233 ,
3111 5160 3414 5221 humiliavit
3440 5178 3500 5221 se
3530 5164 3709 5221 iactus
3736 5165 3860 5223 obe-

717 5339 775 5397 ›Ῑ‹
810 5331 909 5387 Ed.
940 5332 1137 5398 Paris.,
1162 5350 1284 5406 pag.
1309 5336 1395 5391 75.
1486 5338 1531 5369 "
1560 5336 1745 5398 Matth.
1768 5357 1845 5409 ιι,
1871 5343 1959 5397 27.
2036 5343 2079 5375 “
2104 5343 2259 5401 Joan.
2291 5362 2371 5413 ιιι,
2397 5346 2484 5402 55.

634 5612 663 5637 ν
700 5552 836 5616 (37⁸)
866 5551 1036 5621 Vulgo
1060 5555 1381 5628 ἐγχειρήσας
1400 5569 1452 5613 et
1484 5561 1649 5614 πᾶσιν
1687 5563 1808 5614 ἐπεὶ
1846 5563 2104 5633 πάρεστιν
2148 5573 2201 5620 et

634 5638 673 5678 ιι)
703 5621 757 5674 δὲ
790 5624 887 5678 μέν
918 5634 971 5678 et
992 5620 1093 5678 ὧδε
1116 5629 1243 5678 τοῖς.

627 5624 673 5687 ᾧ
703 5624 757 5674 δὲ
790 5624 887 5693 μέν
918 5634 971 5678 et
992 5624 1093 5679 ὧδε
1114 5624 1243 5689 τοῖς.
1268 5624 1278 5628 ⁷
1927 5624 1937 5633 ¹

700 5692 812 5759 (48)
852 5694 913 5746 ’0
956 5698 1180 5749 τούτων
1226 5700 1616 5765 προσήλαυνε.
1676 5702 1908 5756 Τούτων.
1956 5703 2191 5771 Nempe,

628 5762 823 5828 quibus
863 5763 1181 5828 πολυμερῶς
1234 5769 1327 5820 καὶ
1377 5772 1747 5828 πολυτρόπως.
1812 5786 1991 5828 Datres
2058 5775 2186 5828 olim

635 5902 867 5971 explicat
893 5903 1055 5969 enim,
1087 5905 1224 5974 quod
1260 5907 1472 5976 ponitur
1500 5926 1527 5965 a
1568 5902 1627 5966 ΒΣ
1676 5902 1932 5969 Ρειιιοέἰιι
1959 5913 2092 5971 lleb.
2132 5932 2177 5983 ι,

2303 5566 2467 5645 Ξηὲτ
2497 5600 2562 5645 :—
2600 5568 2714 5624 Ilox
2742 5571 2903 5645 vulgo
2923 5571 3013 5625 καὶ
3044 5572 3350 5645 δὲ-παρείη.

2496 5641 3064 5718 ξυγαγςέαζόμενος.
3091 5638 3751 5718 Ροτιέῃσυναυλιζόμενος.
3782 5647 3846 5703 Ι.

2365 5708 2475 5787 (50)
2502 5710 2671 5787 vulgo
2684 5710 2797 5787 11613
2821 5712 2884 5787 δή
2910 5724 2965 5767 et
2985 5712 3091 5783 ιιρ.
3121 5731 3213 5787 γρ.
3245 5715 3371 5787 saw
3416 5708 3536 5787 loco
3568 5708 3845 5782 ’θανάτους

632 5766 823 5828 quibus
863 5766 1181 5846 πολυμερῶς
1234 5769 1327 5820 καὶ
1377 5772 1747 5843 πολυτρόπως,
1812 5786 1991 5839 patres
2058 5766 2187 5828 oliui

632 5832 895 5885 allocutus
922 5846 1004 5885 εει
1038 5852 1049 5885 Ζ
1085 5837 1202 5885 nleo
1225 5836 1506 5885 legendum
1533 5842 1851 5885 «ansarum:
1880 5845 2136 5885 nrmlnriil
2169 5864 2181 5876 ο

2458 5766 2731 5852 ιυιεοντῇ·
2768 5766 2998 5854 esse,
3024 5766 3089 5839 ειν
3127 5766 3220 5839 se
3249 5766 3847 5862 τείινδξεμῑρῖάιῖνι

773 5841 895 5913 utus
922 5846 1004 5913 est
1038 5852 1049 5885 :
1085 5836 1506 5913 ideolegemlmu
1533 5836 1855 5913 παρέλαυνέ,
1880 5845 2140 5911 praeteriit
2168 5864 2181 5899 :
2288 5866 2377 5912 τος

2356 5891 2528 5986 Z301?
2534 5923 2583 5986 ις
2600 5923 2782 5977 αὐτόν
2820 5924 3053 5989 Apparet
3077 5929 3259 5986 deesse
3281 5929 3367 5986 hic
3382 5927 3842 5987 πιστευόντων...

4004 5698 4005 5741 ι

4001 5764 4003 5827 Α

3999 5836 4001 5913 4

3992 6208 3993 6259 l
