4106 6424
227 401 333 460 853
1222 403 1308 458 DE
1349 405 1880 460 ECCLESIASTICA
1917 403 2308 460 TilEOLOGlA
2345 403 2470 458 LIB.
2514 405 2550 456 l.
3384 402 3488 456 854

226 519 384 576 diens
410 517 558 574 Patri
584 534 753 589 usque
780 519 845 574 ad
905 528 1153 574 mortem.
1223 520 1300 574 Ita
1337 529 1393 574 ut
1427 521 1875 590 quemadmodum
1916 537 2064 576 mors
2097 537 2195 591 per
2223 535 2386 574 unum
2412 519 2685 574 hominem
2721 529 3054 590 peccantem,
3087 519 3138 574 in
3173 532 3342 588 genus
3369 521 3487 573 uni-

225 630 448 673 versum
487 617 764 672 dominata
809 617 979 672 fuerat
1012 635 1024 668 :
1055 618 1133 673 sic
1170 625 1226 670 et
1271 617 1380 671 vita
1432 627 1652 678 aeterna,
1704 631 1801 685 per
1840 617 2011 683 ipsius
2073 617 2299 687 gratiam
2325 657 2340 679 ,
2379 614 2663 684 imperium
2731 615 2785 668 in
2825 628 2920 670 eos
2971 627 3161 668 omnes
3193 610 3486 679 obtineret,

223 710 318 780 qui
353 711 410 766 in
439 709 590 766 ilium
637 708 960 772 crederent,
986 718 1038 764 et
1069 723 1162 775 per
1189 707 1337 762 illum
1363 752 1378 775 ,
1412 709 1519 764 Deo
1555 720 1609 764 et
1659 707 1805 762 Patri
1847 709 2036 777 ipsius,
2073 709 2275 779 cogniti
2310 705 2844 764 commendarentur.

869 802 1026 854 ΚΕΦ.
1064 802 1158 852 ΙΔν.

225 893 352 951 ὀτι
393 895 654 964 εὐλόγως
692 895 730 962 ὴ
770 894 1098 964 Ἐκκλησία
1141 891 1212 945 τὰ
1249 893 1401 964 αὐτὰ
1427 891 1814 961 φρονήσαντα

438 963 744 1029 Σαϐελλίῳ
768 963 1124 1032 Μάρκελλον
1159 963 1584 1032 ἀπεδοκίμασε.

291 1054 536 1118 Εἰκότως
570 1052 684 1125 (59.)
732 1052 796 1123 δὴ
838 1052 1012 1106 ταῦτα
1046 1051 1390 1124 κηρύττουσα
1423 1055 1455 1122 ἠ
1496 1051 1810 1124 Ἐκκλησία,

221 1145 415 1218 ὥσπερ
445 1163 497 1198 τι
527 1144 781 1216 κίϐδηλον
807 1142 1269 1216 παραχαράξαντα
1294 1144 1555 1213 νόμισμα,
1586 1143 1686 1212 τὴν
1716 1141 1813 1212 ἄρ-

222 1254 380 1308 νησιν
404 1235 505 1290 τοῦ
541 1235 670 1289 Υίοῦ
723 1234 818 1288 τοῦ
871 1232 1006 1288 Θεοῦ
1027 1273 1042 1297 ,
1088 1234 1179 1287 τὸν
1224 1232 1506 1287 Σαϐέλλιον
1562 1233 1812 1288 ἀπεδοκί-

225 1346 389 1403 μασε,
433 1329 609 1382 καίτοι
660 1327 792 1381 Θεὸν
817 1324 914 1379 ἕνα
961 1325 1179 1388 ειδέναι,
1217 1324 1329 1397 (55)
1360 1326 1456 1378 καὶ
1480 1324 1620 1395 πλὴν
1643 1323 1808 1378 αὑτοῦ

223 1416 300 1489 μὴ
325 1413 492 1483 εἶναι,
532 1415 835 1488 Μαρκέλλῳ
867 1413 1262 1485 παραπλησίως
1294 1413 1522 1482 λέγοντα
1542 1431 1554 1442 ’
1585 1413 1681 1465 καὶ
1714 1414 1811 1466 αὺ-

219 1510 314 1574 τοῦ
354 1511 414 1564 δὲ
461 1508 557 1563 τοῦ
589 1508 841 1579 Σωτῆρος
871 1506 1028 1578 ἡμῶν
1065 1507 1115 1560 οι
1158 1507 1584 1578 πρωτοκήρυκες
1625 1505 1811 1559 Ἐϐιω-

219 1600 408 1666 ναίους
442 1596 722 1670 ὠνόμαζον
757 1597 1016 1670 Ἐϐραῖκῇ
1061 1600 1212 1668 φωνῇ
1239 1596 1398 1664 ,·(54)
1430 1614 1679 1667 πτωχους
1707 1596 1808 1666 τὴν

219 1689 468 1748 διάνοιαν
500 1687 922 1752 ἀποκαλοῦντες,
951 1688 1078 1750 τοὺς
1115 1687 1211 1739 ἕνα
1240 1686 1344 1756 μὲν
1367 1685 1500 1740 Θεὸν
1551 1685 1809 1754 λέγοντας

220 1783 445 1848 ειδέναι,
477 1783 572 1836 καὶ
610 1779 704 1834 τοῦ
730 1780 981 1850 Σωτῆρος
1015 1779 1077 1832 τὸ
1111 1779 1271 1849 σῶμα
1314 1777 1389 1851 μὴ
1418 1776 1805 1850 ἀρνουμένους,

219 1873 319 1946 τὴν
349 1873 408 1928 δὲ
437 1873 530 1927 τοῦ
564 1871 690 1926 Υίοῦ
719 1871 944 1943 θεότητα
981 1870 1055 1942 μὴ
1088 1871 1316 1933 εἰδότας.
1355 1870 1466 1923 Καὶ
1511 1869 1602 1922 τὸν
1634 1871 1808 1941 Σαμο-

221 1966 393 2028 casta
420 1965 485 2038 δὴ
512 1965 715 2035 καίπερ
756 1963 963 2036 Ἰησοῦν
1001 1964 1092 2016 τὸν
1131 1963 1367 2034 Χριστὸν
1395 1960 1488 2016 τοῦ
1507 1961 1644 2015 Θεοῦ
1669 1957 1807 2015 εἶναι

217 2058 562 2121 διδάσκοντα,
593 2055 725 2110 Θεόν
746 2073 806 2108 τε
838 2055 934 2109 ἕνα
959 2055 1052 2108 τὸν
1083 2056 1176 2107 ἐπὶ
1205 2055 1423 2109 πάντων
1450 2054 1650 2125 ὁμοίιος
1678 2056 1807 2124 ὁμο-

1827 812 1877 864 Α

2518 797 2667 852 CAP.
2716 795 2853 850 XIV.

1964 887 2116 954 Quod
2147 887 2411 951 Ecclesia,
2446 905 2536 959 ner
2561 891 2839 959 immerito,
2872 887 3182 942 Marcellum
3214 891 3442 959 ἠθικὴ,

2063 963 2296 1012 eamdem
2332 975 2450 1012 cum
2473 958 2705 1014 Sabellio
2739 958 2992 1027 {aventem
3023 958 3341 1028 Opinionem.

1986 1049 2117 1112 iure
2146 1050 2352 1118 optimo
2396 1049 2665 1116 Ecclesia,
2694 1065 2814 1118 qua:
2861 1051 3142 1105 veritatem
3166 1052 3325 1106 istam
3361 1066 3484 1122 pro-

1916 1141 2124 1207 fitetur,
2156 1139 2446 1196 Sabellium
2473 1156 2504 1196 a
2536 1157 2594 1197 se
2625 1141 2882 1210 rejectum
2917 1141 3210 1212 ablegavit,
3241 1141 3334 1210 qui
3367 1151 3487 1196 tan-

1913 1246 2075 1304 quam
2115 1233 2479 1288 adullerinum
2535 1233 2803 1302 quoddam
2850 1234 3157 1298 nomisma,
3213 1232 3335 1288 Filii
3393 1234 3485 1289 Dei

1912 1325 2256 1393 consignavit
2276 1325 2691 1397 abnegationem
2723 1343 2739 1380 :
2793 1334 3072 1396 utcunque
3103 1341 3269 1383 unum
3317 1326 3484 1381 Deum

1911 1419 2002 1474 ille
2050 1418 2398 1474 conﬁteretur
2425 1459 2440 1482 ,
2474 1427 2530 1473 et
2551 1460 2566 1483 ,
2601 1418 3053 1486 quemadmodum
3088 1433 3234 1475 nunc
3253 1418 3484 1476 Marcel-

1913 1510 2017 1576 lus,
2081 1510 2262 1580 palam
2295 1509 2733 1580 proloqueretur,
2771 1524 2831 1564 se
2863 1509 3078 1564 nonnisi
3121 1525 3286 1565 unum
3316 1509 3486 1566 Deum

1910 1600 2244 1668 agniturum.
2281 1600 2390 1656 Sed
2421 1610 2477 1655 et
2509 1599 2816 1657 Servatoris
2851 1603 3020 1657 nostri
3051 1603 3212 1673 primi
3244 1601 3316 1658 illi
3345 1617 3486 1673 pras-

1909 1708 2076 1749 cones
2104 1692 2413 1759 Ehionasos,
2442 1693 2548 1748 hoc
2580 1701 2665 1747 est
2687 1694 2986 1759 mendicos,
3024 1693 3288 1751 ﬂebraice
3309 1695 3487 1751 nomi-

1912 1795 2114 1840 narunt
2139 1784 2280 1850 illos,
2309 1795 2534 1853 propter
2563 1784 2868 1840 intellectus
2914 1786 3192 1856 animique
3219 1785 3484 1842 mendici-

1913 1887 2098 1942 tatem,
2131 1877 2227 1948 qui
2260 1891 2322 1933 se
2353 1876 2521 1932 Deum
2555 1892 2720 1931 unum
2763 1885 2974 1930 tantum
3027 1877 3309 1946 agnituros
3333 1876 3485 1932 dice-

1911 1968 2060 2030 bant,
2083 1975 2140 2022 et
2169 1967 2297 2022 licet
2322 1981 2545 2022 carnem
2569 1965 2768 2023 Christi
2803 1981 2906 2022 non
2961 1967 3322 2037 abnegarent,
3355 1965 3479 2021 Filii

1913 2070 2089 2115 tamen
2113 2059 2208 2114 Dei
2248 2059 2589 2115 divinitatem
2627 2074 2733 2115 non
2769 2059 3096 2114 fatebantur.
3130 2058 3236 2115 Sed
3267 2069 3320 2115 et
3346 2057 3485 2114 Pau-

217 2148 482 2220 λογοῦντα
509 2147 812 2218 Μαρκέλλῳ
829 2187 846 2215 ,
876 2148 982 2219 τῆς.
1016 2147 1339 2216 Ἑκκλησίας
1359 2144 1453 2199 τοῦ
1479 2144 1614 2198 Θεοῦ
1650 2145 1804 2198 ἀλλό-

1911 2149 2023 2203 lum
2059 2149 2126 2203 de
2150 2149 2458 2214 Samosata,
2491 2148 2726 2204 alienum
2784 2149 2853 2203 ab
2899 2149 3142 2204 Ecclesia
3169 2151 3484 2221 pronuntia-

216 2259 372 2314 τριον
401 2240 687 2311 ἀπέφηναν
745 2241 796 2292 cl.
832 2239 1270 2310 ὲκχλησιαστικοὶ
1309 2237 1571 2309 Πατέρες,
1613 2237 1694 2290 ὅτι
1731 2237 1806 2308 μὴ

219 2335 316 2388 καὶ
339 2333 471 2386 Υίὸν
495 2331 653 2396 Θεοῦ,
682 2333 778 2385 καὶ
805 2331 958 2396 Θεὸν,
982 2330 1090 2403 πρὸ
1115 2331 1214 2401 τῆς
1246 2329 1515 2399 ὲνσάρκου
1539 2327 1808 2396 γενέσεως

217 2425 352 2480 ὂντα
380 2426 472 2478 τὸν
501 2424 737 2496 Χριστὸν
763 2422 1048 2495 ὡμολόγει.
1089 2421 1229 2475 Ἀλλ’
1253 2414 1407 2485 οὗτος
1436 2421 1536 2490 μὲν
1555 2460 1570 2482 ,
1608 2419 1693 2496 ᾼὼς
1725 2422 1808 2483 τίς

216 2516 310 2570 τὸν
345 2494 581 2588 Χριστὸν
613 2494 856 2581 ἀσεϐῶν,
891 2515 990 2586 τῆς
1023 2514 1348 2583 Ἑκκλησίας
1383 2513 1547 2570 αὐτοῦ
1589 2494 1808 2583 μακρὰν

215 2607 509 2677 ἡλαύνετο’
546 2605 831 2671 Σαϐέλλιος
856 2606 923 2674 δ’,
955 2606 1030 2670 ὡς
1059 2607 1140 2670 είς
1160 2606 1328 2659 αὑτὸν
1358 2603 1691 2676 πλημμελῶν
1714 2604 1808 2656 τὸν

220 2700 463 2772 ῌατέρα,
493 2698 552 2753 ὃν
575 2699 703 2752 Υίὸν
733 2697 912 2768 λέγειν
945 2697 1167 2768 ἐτόλμα,
1200 2697 1298 2768 τὴν
1337 2696 1459 2767 ίσην
1485 2698 1597 2760 τοῖς
1627 2694 1808 2758 ἀθέοις

218 2789 573 2862 αίρεσιὼταις
605 2789 796 2860 ὑπεῖχε
827 2788 1114 2860 τιμωρίαν.
1169 2788 1281 2860 (55)
1325 2788 1407 2843 Τὰ
1451 2787 1541 2842 ίσα
1585 2787 1631 2840 δ’
1656 2787 1807 2858 αὐτῷ

221 2881 575 2951 ὑπειδόμενος
600 2879 916 2952 Μάρκελλος
965 2878 1177 2945 παθεῖν,
1237 2879 1559 2951 καινοτέραν
1615 2877 1806 2946 ἐξεῦρε

220 2976 289 3044 τῇ
323 2973 504 3048 πλάνῃ
533 2975 801 3045 μηχανὴν,
825 2971 957 3026 Θεὸν
985 2973 1194 3026 καὶτὸν
1227 2974 1284 3025 ὲν
1323 2971 1472 3043 αὑτῷ
1503 2972 1675 3041 Λόγον
1707 2971 1805 3025 ἕνα

226 3065 326 3140 μὲν
367 3061 508 3121 εἶναι
554 3063 886 3139 ὁριζόμενος,
922 3062 1015 3117 δύο
1051 3064 1096 3117 δ’
1131 3062 1280 3133 αὐτῷ
1312 3063 1526 3134 Πατρὸς
1554 3063 1648 3116 καὶ
1674 3060 1804 3115 Υίοῦ

220 3159 580 3231 χαριζόμενος
615 3158 934 3230 ἑπηγορίας.
981 3156 1059 3210 Οὐ
1096 3156 1201 3228 μὴν
1230 3155 1417 3211 ἔλαθεν
1437 3196 1452 3220 ,
1483 3154 1590 3207 οὐδ’
1614 3154 1806 3222 ἐξέφυ-

222 3266 341 3319 γεν,
371 3249 471 3319 ὀψέ
505 3265 636 3303 ποτε
664 3247 936 3319 φωραθεὶς
958 3250 1073 3312 τοῖς
1097 3246 1210 3317 (56)
1236 3246 1398 3310 αὐτὸς
1428 3243 1593 3300 αὑτοῦ
1620 3244 1805 3300 δικτύ-

219 3359 326 3407 οις.
365 3341 533 3412 Πλὴν,
554 3341 649 3395 καὶ¹
675 3341 802 3412 πρὶν
828 3338 1051 3402 ἁλῶναι,
1086 3337 1385 3409 συνειδήσει
1414 3336 1802 3407 πληττόμενος,

222 3435 304 3497 εις
326 3433 639 3502 ἀποσκευὴν
661 3432 761 3502 τῆς
789 3431 1062 3496 ὑπονοίας,
1091 3429 1430 3501 βλασφημεῖν
1457 3428 1684 3500 ὥρμητο
1711 3429 1805 3482 τὸν

223 3525 532 3581 Σαϐίλλιον.

1913 2249 2036 2293 ruut
2058 2237 2251 2294 Patres
2271 2238 2656 2305 ecclesiastici,
2682 2225 2809 2295 licet
2833 2239 3015 2295 Jesutn
3051 2240 3144 2295 Dei
3200 2240 3480 2296 Christum

1911 2331 2258 2400 profiteretur
2286 2346 2301 2384 :
2337 2331 2502 2386 Deum
2547 2347 2710 2387 unum
2738 2348 2900 2404 super
2923 2347 3132 2400 omnes,
3161 2333 3389 2403 perinde
3416 2347 3484 2388 ac

1912 2418 2221 2485 Marcellus,
2266 2433 2616 2493 agnosceret,
2655 2434 2944 2493 propterea
2976 2425 3120 2495 quod
3150 2439 3256 2480 non
3316 2424 3480 2480 simul

1911 2514 2162 2568 crederet
2195 2512 2468 2569 Christum
2496 2513 2668 2570 fuisse
2715 2513 2911 2570 Filium
2946 2516 3041 2572 Dei
3069 2527 3126 2573 et
3159 2516 3328 2573 Deum
3354 2525 3483 2571 ante

1909 2617 2062 2659 suam
2115 2604 2565 2661 incarnationem.
2600 2605 2887 2675 Quocirca,
2922 2608 3086 2664 veluti
3126 2609 3179 2664 in
3203 2608 3480 2665 Christum

1911 2695 2129 2765 impius,
2165 2694 2322 2767 longe
2375 2697 2476 2751 fuit
2525 2698 2593 2754 ab
2644 2699 2885 2756 Ecclesia
2915 2699 3113 2755 Christi
3147 2699 3480 2756 eliminatos.

1911 2786 2179 2844 Sabellius
2208 2789 2427 2860 insuper
2459 2796 2517 2856 >14
2549 2791 2711 2847 veluti
2742 2793 2941 2864 impius
2963 2793 3203 2863 inipsum
3237 2791 3478 2856 Patrem.

1910 2897 2070 2952 quem
2106 2880 2299 2936 Filium
2338 2885 2609 2954 appellare
2637 2900 2801 2940 ausus
2834 2884 3031 2950 fuerat,
3059 2885 3306 2940 eamdem
3339 2898 3482 2951 quo-

1909 2987 2014 3042 que
2042 2985 2257 3042 poenam
2302 2987 2426 3028 cum
2457 2974 2724 3030 haereticis
2747 2974 3028 3045 sacrilegis
3055 2972 3279 3030 subivit.
3336 2969 3480 3027 Iar-

1909 3063 2078 3118 eellus
2131 3065 2338 3118 veritus
2376 3079 2443 3119 ne
2473 3065 2590 3134 pari
2619 3079 2740 3119 cum
2763 3065 2854 3120 illo
2887 3079 3045 3134 pana
3103 3050 3477 3130 mulctarEtu.

1911 3153 2101 3209 haensi
2137 3168 2249 3208 sua:
2295 3154 2604 3208 machinam
2644 3153 3068 3209 sumaminandte
3102 3169 3294 3208 novam
3325 3154 3483 3208 adin-

1908 3244 2091 3310 veuit;
2155 3245 2320 3298 Deum
2351 3253 2512 3314 atque
2537 3245 2774 3300 Verbum
2805 3246 2857 3300 in
2901 3245 3032 3313 Deo,
3066 3260 3231 3299 unum
3260 3245 3480 3316 quidem

1910 3335 2337 3400 determinando,
2362 3337 2456 3391 sed
2483 3336 2658 3392 eidem
2689 3336 2958 3407 geminam
2994 3336 3477 3404 uomenclaturam,

1909 3429 2087 3482 Patris
2152 3439 2312 3497 atque
2360 3425 2480 3481 Filii
2533 3427 2858 3496 adaptando.
2937 3425 3046 3482 Sed
3082 3441 3258 3497 neque
3289 3427 3378 3482 ille
3403 3427 3477 3481 ita

1828 3516 1871 3572 C
1907 3521 2065 3574 latuit
2095 3536 2110 3574 :
2143 3533 2243 3574 nec
2275 3533 2397 3574 sero
2432 3520 2557 3574 licet
2590 3518 2861 3585 irretitus,
2903 3533 3001 3573 sua
3044 3519 3216 3590 ipsius
3242 3517 3377 3574 retia
3403 3516 3485 3574 ei-

225 3617 414 3691 t'ugere
441 3617 640 3689 potuit.
673 3617 742 3672 At
773 3617 1090 3683 enimvero,
1143 3616 1458 3684 priusquam
1525 3615 2044 3685 deprehenderetur,
2111 3615 2452 3671 conscientia
2520 3615 2835 3670 stimulante
2884 3615 3129 3686 propria,
3161 3623 3221 3669 ut
3260 3627 3478 3670 omnem

227 3731 258 3771 a
287 3732 347 3772 se
370 3715 738 3788 suspicionem
770 3715 1108 3777 amoliretur,
1128 3714 1198 3769 ad
1225 3711 1522 3767 Sabellium
1546 3713 1798 3784 prorupit
1836 3713 2277 3768 couviciandum.

853 3807 1011 3864 ΚΕΦ.
1064 3808 1165 3862 lE'.

234 3900 486 3968 Ὁποίοις
500 3901 730 3972 ῥήμασι
740 3899 1086 3972 Μάρκελλος
1104 3899 1212 3972 τὸν
1227 3900 1553 3972 radiiqu
1564 3898 1797 3972 ligones,

329 3969 844 4044 προσποιούμενος
875 3970 962 4040 μὴ
996 3972 1068 4026 τὰ
1101 3971 1206 4024 tua
1228 3969 1389 4036 αὺτῷ
1422 3969 1685 4047 φρονεῖν.

298 4061 488 4127 Ὅπως
513 4059 571 4114 δὲ
602 4060 692 4116 τὸν
724 4059 893 4132 ἄνδρα
924 4059 1167 4114 διέϐαλεν
1207 4059 1466 4130 ὀνομαστὶ
1498 4057 1801 4130 μνημονεύ-

229 4170 325 4218 σας
358 4151 544 4217 αὑτοῦ,
580 4151 902 4215 ἐπάκουσον,
929 4151 1103 4206 ταῦτα
1129 4153 1256 4223 περὶ
1298 4149 1464 4206 αὐτοῦ
1500 4151 1801 4222 γράφοντος

226 4245 414 4309 αὐταῖς
437 4243 750 4308 συλλαϐαἴςο
789 4263 807 4296 s
829 4242 1111 4307 Σαϐέλλιος
1142 4243 1250 4314 γὰρ
1282 4244 1376 4296 καὶ
1407 4243 1569 4306 αὐτὸς
1594 4243 1692 4313 τῆς
1717 4243 1802 4313 ὀρ-

233 4355 253 4387 ι
287 4333 387 4405 ea;
429 4332 716 4405 όλισθήσας
773 4333 1024 4398 πίστεως,
1079 4332 1202 4386 οὔτε
1252 4333 1345 4388 τὸν
1389 4332 1521 4386 Θεὸν
1557 4330 1800 4404 ἀκριϐῶς

232 4446 251 4479 ι
287 4426 449 4496 Im,
478 4425 603 4479 οὔτε
629 4425 720 4480 τὸν
761 4426 915 4494 ἆγιον
945 4425 1110 4480 αὑτοῦ
1138 4423 1328 4494 Λόγον.
1371 4424 1429 4478 '0
1455 4423 1564 4494 γὰρ
1607 4423 1681 4494 μὴ
1709 4424 1800 4477 τὸν

231 4538 250 4570 s
288 4518 458 4588 Λόγον
477 4518 638 4585 γνοὺς
659 4517 893 4588 ⁴ἢγνόίιισε
920 4518 1015 4571 καὶ
1038 4517 1131 4570 τὸν
1154 4517 1394 4588 Πατέρα.
1441 4515 1649 4582 οὐδεὶς
1689 4518 1800 4588 γὰρ

2544 3806 2696 3862 CAP.
2729 3807 2846 3863 XV.

1911 3943 2115 4010 Quibus
2151 3943 2318 3998 verbis
2384 3941 2672 3996 Marcellus
2726 3941 3020 3998 Sabellium
3058 3938 3318 4007 concidit,
3354 3943 3484 3997 dum

2250 4013 2314 4077 ab
2343 4029 2403 4067 eo
2435 4029 2488 4068 se
2521 4014 2685 4068 videri
2715 4014 2821 4067 vult
2848 4014 3146 4067 dissentire.

1979 4147 2116 4204 Audi
2160 4164 2289 4205 vero
2331 4149 2528 4220 quibus
2566 4149 2657 4206 ille
2695 4149 2874 4205 verbis
2905 4147 3203 4204 Sabellium
3235 4156 3481 4213 accusat,

1909 4241 1962 4295 in
1996 4241 2198 4310 quibus
2249 4241 2398 4296 illum
2446 4242 2735 4311 compellat
2762 4243 2828 4296 de
2851 4243 3089 4296 nomine.
3131 4240 3269 4295 Sunt
3300 4248 3483 4295 autem

1907 4348 2030 4403 quae
2053 4333 2246 4391 scribit
2281 4334 2398 4389 haec
2445 4336 2744 4404 ipsissitna.
2775 4332 2863 4405 [Β.
2911 4331 3204 4404 XXXVIII]
3238 4350 3257 4382 ι
3290 4332 3484 4388 Sabel-

1913 4443 1931 4475 ι
1963 4424 2064 4480 lius
2099 4434 2279 4479 autem
2308 4425 2398 4480 ille
2432 4440 2554 4479 cum
2581 4440 2610 4478 a
2636 4435 2784 4480 recta
2824 4423 2929 4478 lide
2981 4423 3272 4485 deviasset.
3307 4436 3484 4490 neque

1914 4535 1932 4568 ι
1973 4517 2136 4570 Deum
2176 4526 2368 4572 exacte
2427 4517 2792 4586 agnoscebat,
2848 4530 3022 4586 neque
3075 4514 3480 4569 sanctissimum

232 4631 249 4661 s
286 4605 431 4671 οἶδε,
479 4610 633 4681 φησι,
679 4609 785 4662 τὸν
837 4607 1070 4676 Πατέρα
1135 4610 1188 4662 ει
1227 4607 1313 4678 μὴ
1383 4611 1415 4661 ό
1476 4608 1630 4675 Υἱὸς,
1687 4608 1800 4680 (57)

1913 4627 1933 4660 ι
1971 4609 2090 4673 eius
2133 4607 2389 4664 Verbum.
2431 4609 2562 4662 Nam
2595 4609 2685 4679 qui
2719 4608 2962 4664 Verbum
2994 4607 3290 4669 nesciebat,
3339 4607 3384 4662 is
3432 4618 3486 4662 et

231 4722 250 4754 ι
280 4701 576 4764 τουτέστιν,
613 4702 642 4755 ὸ
671 4700 840 4768 Λόγος
866 4701 932 4754 δι’
964 4700 1130 4754 αὑτοῦ
1162 4700 1260 4770 τὴν
1298 4699 1391 4753 τοῦ
1428 4700 1641 4771 Πατρὸς
1667 4717 1802 4772 παρ-

231 4811 252 4848 t
284 4792 399 4863 ἕχει
434 4791 654 4860 γνῶσιν.
697 4791 853 4846 Οὕτω
915 4791 1022 4865 γὰρ
1059 4792 1152 4846 καὶ
1182 4792 1319 4864 πρὸς
1362 4791 1487 4856 τοὺς
1521 4792 1800 4862 οἰομένους

230 4899 249 4933 s
291 4880 590 4953 τηνικαῦτα
631 4880 739 4934 τῶν
780 4881 1048 4936 Ἰουδαίων
1095 4879 1293 4936 εἰδέναι
1344 4882 1436 4936 τὸν
1467 4881 1620 4948 Θεὸν,
1670 4883 1799 4936 ἀθε-

299 4999 360 5061 ›Ῑ‹
397 4994 498 5053 Ed.
524 4995 723 5060 Paris.,
747 5012 868 5068 pag.
901 4997 991 5051 76.
1051 4999 1095 5030 τ’
1129 4997 1316 5058 Matth.
1348 5015 1427 5066 ιι,
1455 4999 1549 5057 27.

295 5151 408 5294 (52)
439 5151 608 5224 Vulgo
634 5153 692 5207 δέ
712 5163 764 5208 et
790 5154 948 5223 Θεοῦ,
976 5155 1284 5211 Σαϐέλλιον.

322 5224 412 5292 55)
475 5225 583 5278 Kal
641 5223 827 5291 πλήν.
885 5227 1200 5280 Audendum
1254 5229 1284 5281 h

322 5223 412 5292 53)
475 5223 583 5278 Kal
641 5223 827 5291 πλήν.
885 5227 1200 5280 Audendum
1254 5229 1362 5289 hic,
1407 5227 1491 5282 vel
1535 5227 1676 5294 ἑνός,
1717 5227 1801 5282 vel

227 5293 392 5368 αὑτοῦ
421 5294 546 5368 [hoc
574 5297 737 5368 estin
761 5294 1148 5368 codd.],_etiam
1177 5298 1395 5368 εβέναι,
1417 5315 1513 5368 pro
1543 5293 1702 5351 εἶναι.
1727 5297 1798 5355 Μ.

299 5364 721 5438 (54)]ζτωχοὺς
756 5364 870 5434 τὴν
891 5364 1179 5438 διάνοιαν.
1204 5364 1497 5423 Transtulit
1533 5369 1602 5422 ab
1651 5370 1799 5435 lgna-

233 5435 328 5510 ειη,
367 5435 433 5489 ad
473 5435 806 5510 Philadelph.
843 5438 956 5510 διαὶ⁸
983 5437 1172 5510 ξοτινὸ
1202 5438 1460 5510 τοιοῦτος,
1485 5438 1654 5510 πένης
1699 5439 1796 5510 τὴν

229 5503 466 5560 διάνοιαν
496 5503 572 5568 ὡς
600 5506 828 5576 ἐπίκλην
866 5507 1082 5572 Ἐϐιών,
1113 5511 1179 5576 de
1223 5508 1306 5563 his
1336 5507 1556 5576 Origen.
1611 5503 1798 5563 contra

230 5577 461 5651 Celsum,
493 5575 583 5628 lib.
614 5591 674 5651 tt,
723 5579 783 5630 Οί
836 5577 942 5651 απὸ
984 5575 1252 5651 Ἰουδαίων
1292 5579 1371 5641 εἰς
1399 5575 1666 5651 ,Χριστὸν
1712 5597 1798 5632 πι-

232 5646 540 5721 στεῦοντες,
594 5645 655 5698 οὐ
716 5647 1148 5721 καταλελοίπασι.
1188 5647 1280 5700 τὸν
1339 5645 1566 5720 πάτριον
1611 5650 1795 5721 νόμον.

231 5715 414 5792 βιοῦσι
474 5715 580 5786 γὰρ
631 5718 748 5792 κατ’
798 5718 994 5792 αὑτὸν-.
1047 5715 1320 5787 ἐπώνυμοι
1365 5715 1467 5792 τῆς
1513 5715 1800 5792 κατὰξτὴν

232 5785 455 5858 ἐκδοχὴν
488 5785 781 5858 πτωχείας,
798 5787 892 5841 τοῦ
919 5788 1083 5858 νόμου
1113 5785 1486 5858 γεγενημένοι.
1520 5789 1709 5844 Ἐϐιών
1738 5785 1798 5844 τε

232 5803 455 5910 excepi:
488 5803 777 5856 πτωχειας,
798 5805 892 5841 του
919 5803 1083 5858 νομου
1113 5803 1486 5858 γεγενημενοι.
1521 5803 1709 5844 ἐοιων
1738 5808 1798 5844 τε

232 5856 339 5930 γὰρ
408 5856 619 5927 πτωχὸς
652 5857 799 5929 παρὰ
839 5857 1109 5924 Ἰουδαίοις
1134 5857 1407 5914 καλεῖται’
1472 5860 1563 5914 καὶ
1611 5860 1799 5915 Ἐϐίω-

1915 4717 1933 4749 ‹
1974 4699 2184 4754 l'atrem
2223 4700 2408 4769 utique
2437 4700 2738 4768 ignorabat.
2773 4697 2942 4752 Nemo
2964 4699 3120 4760 enim,
3154 4697 3347 4767 inquit.
3372 4695 3480 4751 1³οο

1912 4811 1930 4844 ι
1973 4804 2100 4847 trem
2129 4794 2265 4847 novit
2297 4794 2394 4846 nisi
2420 4790 2594 4846 Filius
2620 4793 2690 4859 ",
2715 4792 2819 4847 hoc
2874 4803 2958 4846 eat
3012 4791 3246 4851 Verbum
3274 4806 3371 4861 per
3402 4806 3462 4844 se

1917 4905 1935 4936 ι
1978 4884 2156 4939 Patris
2185 4886 2546 4955 cognitiouem
2570 4884 2807 4950 exhibet.
2859 4882 2971 4938 lioc
3021 4883 3166 4938 enim
3196 4883 3359 4938 modo
3387 4881 3471 4937 ειυ-

1908 5160 2046 5230 ναῖοι
2101 5158 2545 5230 χρηματίζουσιν,
2576 5160 2624 5212 οἱ
2665 5159 2806 5230 ἀπὸ-
2830 5157 3104 5230 Ἰουδαίων
3145 5158 3237 5211 τὸν
3275 5157 3450 5230 Ἰησοῦ

1906 5228 1981 5293 ὼς
2024 5228 2258 5302 Χριστὸν
2280 5228 2732 5302 παραδεξάμενοι.
2760 5228 2915 5285 M.—
2945 5229 3068 5285 Mox
3098 5231 3256 5300 vulgo
3288 5228 3456 5300 ὲνσάρ

1906 5317 2012 5371 κου
2023 5300 2365 5371 γεννήσεως.

1976 5365 2088 5442 (55)
2116 5365 2296 5442 Vulgo
2318 5371 2387 5438 τᾲ
2423 5371 2467 5442 δ’
2496 5365 2586 5424 ἴσα
2612 5370 2760 5442 αὐτῷ
2783 5381 2837 5424 et
2869 5369 3181 5442 ὲξέφευγεν.

1977 5439 2092 5510 (56)
2122 5439 2249 5508 Τοῖς
2281 5441 2485 5508 αὐτοῖς
2507 5443 2694 5498 αὐτοῦ
2729 5439 3016 5508 δικτύοις.
3077 5441 3236 5495 Deest
3279 5439 3483 5510 aliquid

1902 5510 2180 5566 sententiae
2207 5512 2512 5576 iniciendae,
2540 5515 2810 5569 irretitum
2841 5513 2951 5565 vult
2979 5511 3095 5566 suis
3145 5513 3372 5566 retibus.
3402 5510 3479 5567 Μ.

1899 5582 2152 5636 —Codd.
2175 5587 2289 5648 τοῖς
2309 5582 2469 5646 αὐτὸς
2494 5583 2659 5638 αὑτοῦ
2682 5601 2697 5650 ;
2728 5582 2852 5638 dein
2883 5581 3042 5651 vulgo
3068 5581 3369 5635 διέϐαλλεν.

1973 5651 2083 5723 (57)
2096 5653 2418 5736 Τουτέστινὸ
2438 5653 2594 5722 λόγος
2618 5673 2630 5686 ο
2660 5656 2686 5707 ὁ
2703 5653 2811 5725 γὰρ
2828 5652 2984 5722 λόγος
3001 5653 3068 5706 δι’
3084 5652 3247 5739 αὑτοῦ
3275 5653 3318 5705 Β
3335 5661 3389 5706 et

2001 5724 2065 5775 A.
2098 5722 2232 5775 Dem
2265 5737 2424 5775 vulgo
2455 5725 2709 5775 παοὲνοι.
2751 5741 2874 5775 mox
2904 5724 3081 5775 οὐδεὶς
3113 5739 3372 5775 γινωσκει
3458 5741 3478 5775 :

1902 5721 2065 5776 78'A.
2098 5722 2232 5798 Dein
2265 5737 2426 5798 vulgo
2455 5721 2726 5798 παρέχοι,⁷
2751 5721 2874 5798 suos
2904 5724 3081 5798 οὐδεὶς
3113 5721 3372 5792 γινώσκει
3391 5721 3479 5798 _B;

1901 5807 2066 5868 porro
2087 5793 2243 5868 vulgo
2263 5793 2516 5867 ὴτφίιλει.
2539 5793 2584 5854 Β
2604 5793 2815 5855 induxit
2845 5793 3110 5867 ἀκριϐῶς,
3144 5810 3264 5851 mox
3322 5793 3488 5865 vulgo-

1902 5861 2128 5934 ἔγραψε·
