4106 6406
688 384 791 441 855
1347 374 1613 434 EUSEBII
1651 368 2128 431 CASSARIENSIS
2162 367 2313 426 OPP.
2354 365 2535 423 PARS
2574 363 2657 421 IV.
2685 394 2751 406 -
2789 360 3206 420 DOGMATICA.
3810 352 3906 411 858

692 522 709 553 ι
749 501 892 556 datos
920 496 1231 567 alloquitur,
1264 496 1354 566 qui
1381 504 1508 551 tunc
1530 492 1787 565 temporis
1815 506 1875 548 se
1901 490 2068 547 Deum
2098 488 2241 546 scire
2268 493 2313 551 Α

2285 493 2313 551 ι
2346 505 2367 539 ι
2404 484 2627 548 τοῦντας
2652 484 2695 537 δ’
2718 480 2879 537 αὐτοῦ
2922 481 3013 534 τὸν
3041 478 3232 548 Λόγον,
3280 476 3348 530 δι’
3373 467 3434 529 οὗ
3650 468 3906 567 γινώσκο-

690 616 705 642 ι
750 564 1170 653 arbitrabantur,
1222 564 1454 642 Verbum
1484 564 1663 641 autem
1701 584 1793 639 Dei
1845 582 2235 653 repudiabant;

2344 598 2362 630 ι
2403 596 2492 633 ται
2526 578 2555 631 6
2591 576 2740 638 Θεὸς,
2788 574 2969 643 ἔλεγεν
2992 586 3005 601 ⁸
3027 571 3238 636 Οὐδεὶς
3267 565 3637 639 ἐπιγινώσκει
3662 564 3771 618 τὸν
3795 566 3906 617 Παι-

692 704 707 730 ‹
745 694 852 749 quo
880 686 1058 735 tamen
1086 678 1173 733 ille
1210 677 1324 733 solo
1366 674 1693 731 intermedio
1728 670 2140 743 agnoscebatur,
2164 670 2242 724 ait

2343 690 2362 723 ι
2402 670 2541 741 τέρα
2574 672 2627 725 ει
2647 670 2734 740 μὴ
2768 672 2801 723 ὁ
2840 666 2999 732 Υἱός,
3023 664 3118 719 καὶ
3144 655 3282 729 ᾧᾶν
3300 665 3333 717 ό
3357 659 3485 726 Υἱὸς
3506 658 3903 749 ἀποκαὶιῖιέξει.

691 789 709 821 ι
751 747 915 826 enim:
949 768 1116 824 Nemo
1146 770 1283 822 novit
1313 766 1525 822 Patrem
1558 767 1654 821 nisi
1681 763 1875 830 Filius,
1895 772 1942 818 et
1962 764 2047 817 cui
2068 760 2240 816 Filius

2345 780 2365 813 ι
2404 760 2621 830 Ἐπειδὴ
2654 759 2764 831 γὰρ
2794 758 3053 812 ἀδύνατον
3084 749 3152 825 ἦν
3177 754 3379 825 ἑτέρως
3398 751 3599 821 γνῶναι
3638 749 3730 802 τὸν
3759 747 3906 809 Θεὸν,

694 880 711 913 ι
746 860 987 917 reuelabit
1011 860 1078 915 ⁷³.
1104 859 1237 913 Nam
1267 874 1388 915 cum
1424 859 1531 913 alio
1557 857 1747 928 quovis
1790 855 1949 911 modo
1996 854 2242 923 impossi-

2346 870 2364 902 ι
2403 850 2490 904 διὰ
2541 848 2635 903 τοῦ
2690 849 2820 902 ιδιου
2873 848 3045 913 Λόγου
3088 844 3278 906 ειδέναι
3334 843 3494 896 αὐτὸν
3533 842 3659 903 τοὺς
3698 838 3909 909 ἀνθρὼ-

694 973 711 1003 ι
754 951 861 1008 bile
888 952 1075 1008 fuisset
1127 965 1453 1022 cognoscere
1483 950 1669 1015 Deum,
1725 961 1821 1017 per
1864 960 2018 1001 suum
2074 946 2242 1014 ipsius

2346 961 2363 993 ι
2397 958 2531 1005 πους
2566 940 2824 1003 διδάσκει,
2858 938 2997 992 ὥστε
3020 934 3221 1006 ἐσφάλη
3273 933 3370 1004 μὲν
3404 933 3674 996 κάκεῖνος,
3718 931 3793 1001 μὴ
3822 929 3909 983 τὸν

692 1065 709 1095 ι
757 1045 1009 1110 Verbum,
1044 1043 1125 1098 sui
1148 1044 1504 1113 cognitionem
1538 1042 1842 1097 hominibus
1874 1039 2015 1093 Deus
2041 1038 2239 1108 imper-

2345 1055 2365 1087 ι
2408 1034 2625 1107 Πατέρα
2676 1036 2769 1089 καὶ
2805 1034 2895 1087 τὸν
2937 1031 3124 1085 τούτου
3170 1029 3338 1097 Λόγον
3380 1026 3621 1098 ἀκριϐῶς
3668 1024 3849 1093 γνούς.
3886 1040 3904 1074 ι

691 1154 711 1187 s
749 1136 938 1203 tiebat,
968 1146 1030 1190 ut
1056 1149 1273 1190 errasse
1308 1134 1454 1189 illum
1487 1132 1790 1187 certissime
1836 1139 2068 1190 constet,
2118 1145 2240 1184 cum

2340 1126 2525 1181 Ταῦτα
2545 1126 2858 1199 Μάρκελλος
2888 1125 3093 1195 ἔγραφε
3118 1163 3131 1183 ,
3161 1121 3261 1191 τῆς
3296 1118 3385 1173 τοῦ
3420 1115 3763 1181 Σαδελλίζειν
3789 1116 3911 1168 ὐπο-

698 1244 717 1277 ι
756 1240 927 1295 neque
949 1224 1161 1282 Patrem
1197 1227 1463 1281 exactiore
1496 1225 1673 1285 modo,
1709 1238 1884 1291 neque
1914 1223 2029 1290 ejus
2050 1220 2240 1275 Filium

2341 1222 2487 1284 νοίας
2520 1219 2801 1291 καθαίρων
2825 1217 3038 1280 ἑαυτὸν,
3073 1215 3235 1285 μέχρι
3264 1210 3449 1281 φωνῆς
3480 1210 3575 1263 καὶ
3602 1209 3768 1277 λόγου
3791 1225 3803 1237 ο
3845 1209 3907 1277 τῇ

701 1336 721 1370 ι
762 1320 1101 1391 intelligeret.
1141 1340 1161 1373 ι
1196 1320 1319 1375 Huic
1354 1319 1465 1388 ipsa
1493 1317 1782 1375 Marcellus
1830 1316 2105 1371 mandavit
2161 1316 2243 1368 lit-

2341 1328 2405 1380 γε
2434 1312 2531 1381 μὲν
2560 1309 2782 1384 γνώμῃ,
2813 1309 2903 1362 καὶ
2950 1310 3015 1379 τῇ
3053 1305 3186 1377 πρὸς
3224 1303 3313 1357 τὸν
3350 1301 3517 1371 ἄνδρα
3566 1297 3909 1391 ὁμοφροσύξῃ

696 1413 848 1479 teris,
880 1413 1006 1467 dum
1043 1428 1101 1467 se
1135 1412 1244 1466 vult
1270 1424 1501 1480 purgare
1545 1426 1574 1463 a
1600 1410 1902 1481 suspicione
1935 1410 2078 1463 omni
2138 1406 2241 1461 Sa-

2343 1403 2619 1459 ἀλίσκεται
2658 1405 2767 1465 τοῖς
2801 1401 2984 1462 αὐτοῖς
3036 1397 3227 1465 ἐκείνῳ
3277 1393 3724 1466 περιπειρόμενος
3771 1390 3912 1461 βέλε-

690 1507 1007 1562 bellianismi
1041 1526 1052 1559 :
1083 1505 1173 1560 sed
1206 1504 1386 1573 lingua
1426 1512 1630 1556 tantum
1660 1514 1713 1557 et
1744 1515 1875 1557 voce
1904 1509 2077 1556 tenus.
2111 1499 2241 1554 Nam

2344 1513 2447 1549 σιν.
2489 1494 2575 1558 Ὠς
2607 1494 2791 1565 ἔμοιγε
2819 1494 2915 1547 καὶ
2940 1493 3007 1546 δι’
3036 1491 3198 1563 εὐχῆς
3237 1487 3475 1559 ὑπῆρξεν
3507 1485 3571 1539 ἂν
3602 1484 3663 1537 τὸ
3692 1482 3769 1553 μὴ
3794 1484 3911 1535 τότε

688 1609 949 1668 quantum
982 1599 1047 1652 ad
1077 1597 1236 1651 animi
1262 1598 1583 1651 sententiam
1612 1596 1719 1657 sui,
1757 1606 1811 1649 et
1840 1610 1961 1648 cum
2013 1593 2105 1647 illo
2149 1593 2245 1646 ho-

2344 1589 2525 1651 αὐτοῖς
2562 1587 2725 1640 αὑτὸν
2754 1586 3069 1657 περιπεσεῖν
3096 1602 3108 1615 ·
3161 1582 3277 1637 νυνὶ
3320 1580 3375 1634 δὲ
3404 1578 3592 1633 κάκιον
3636 1577 3669 1647 ἢ
3704 1577 3913 1638 ἐκεῖνος

691 1691 833 1744 mine
858 1688 1277 1758 conspirantem,
1309 1688 1497 1744 iisdem
1549 1688 1743 1756 quibus
1769 1686 1876 1749 ille,
1910 1684 2030 1741 telis
2078 1683 2243 1738 conli-

2345 1678 2677 1749 πλημμελῶν
2703 1679 2967 1748 φαίνεται.
2986 1678 3044 1730 '0
3060 1675 3157 1747 μὲν
3183 1673 3291 1744 γὰρ
3305 1674 3441 1742 τάχα
3473 1687 3573 1723 που
3608 1667 3916 1738 σφαλλόμε-

690 1793 788 1833 xus
830 1792 948 1834 esse
979 1778 1432 1848 deprehenditur,
1466 1788 1524 1832 ut
1573 1778 1701 1831 mihi
1734 1777 1949 1846 quidem
2002 1776 2130 1829 illud
2180 1776 2234 1828 in

2345 1788 2431 1833 νος
2450 1770 2630 1840 ὴγνόει
2656 1786 2669 1800 ·
2711 1773 2739 1823 ό
2771 1770 2848 1834 δὲ,
2878 1767 3153 1839 ὁμολογῶν
3172 1764 3436 1835 ἐσφάλθαι
3460 1761 3570 1833 (58)
3600 1762 3691 1815 τὸν
3721 1759 3915 1830 ἄνδρα,

686 1870 827 1926 votis
849 1870 953 1935 sit,
991 1886 1061 1927 ne
1096 1871 1150 1925 in
1189 1870 1345 1937 hujus
1377 1870 1703 1923 mentionem
1743 1867 2045 1922 istiusmodi
2106 1866 2239 1920 inci-
2269 1872 2307 1927 Β

2296 1863 2570 1925 ικᾶπειτα
2618 1862 2779 1914 αὑτὸν
2824 1860 2979 1914 ὠθῶν
3031 1860 3122 1914 ἐπὶ
3156 1859 3247 1912 τὸν
3298 1854 3547 1929 προφανῆ
3597 1854 3695 1924 τῆς
3746 1851 3917 1920 αὐτῆς

689 1964 854 2019 disset
886 1983 898 2018 :
933 1963 1075 2017 ultra
1125 1964 1275 2017 illum
1300 1963 1497 2032 quippe
1525 1962 1735 2016 videtur
1781 1974 2098 2030 progressus
2134 1959 2237 2043 im-

2342 1953 2655 2018 δυσσεϐείας
2724 1954 3029 2043 κρημνὸν,θ
3060 1952 3312 2022 οὐδεμιᾶς
3387 1948 3583 2017 γένοιτ’
3634 1946 3700 2000 ἂν
3769 1944 3917 2009 ἄξιος

686 2054 904 2119 pietate.
938 2052 1029 2106 ille
1049 2052 1190 2108 enim
1214 2050 1478 2114 fortassis,
1508 2064 1602 2118 per
1627 2049 1985 2118 ignorantiam
2006 2042 2234 2101 erravit:

2346 2046 2690 2118 συγγνώμης.
2723 2046 2882 2099 Ἀλλὰ
2909 2039 3020 2117 γὰρ
3047 2041 3462 2113 διασκεψώμεθα
3488 2040 3556 2095 τὰ
3591 2039 3914 2109 λελεγμένα.

692 2150 749 2206 an
788 2142 877 2199 ille
900 2153 1098 2213 autem,
1129 2146 1363 2213 quicum
1403 2145 1723 2198 conliteatur
1787 2142 1936 2197 illum
1972 2142 2241 2196 hominem
2284 2143 2588 2207 aberrasse,
2655 2151 2708 2197 et
2744 2152 2919 2197 tamen
2984 2146 3331 2210 semetipsum
3368 2140 3421 2193 in
3468 2136 3606 2191 idem
3650 2119 3918 2205 protrusi‘

688 2237 970 2292 manifeste
1026 2238 1375 2309 praecipitium
1430 2237 1755 2307 impietatis,
1816 2238 1975 2292 venia
2016 2250 2235 2306 prorsus
2273 2238 2417 2292 omni
2444 2237 2716 2308 indignum
2748 2252 2807 2293 se
2837 2238 3104 2309 praestitit.
3133 2234 3243 2292 Sed
3298 2235 3413 2305 ipsa
3448 2232 3564 2304 ejus
3622 2232 3768 2288 dicta
3830 2233 3913 2285 in-

688 2328 1077 2398 trospiciamus.

1287 2424 1438 2479 CAP.
1484 2424 1624 2480 XVI.
2072 2429 2078 2433 “

2072 2429 2078 2433 ’
2969 2420 3123 2473 ΚΕΦ.
3166 2420 3278 2480 ις’.

1287 2424 1438 2479 CAP.
1484 2424 1624 2480 XVI.
2072 2429 2078 2433 “

688 2513 958 2578 Quomodo
986 2532 1013 2568 e
1055 2518 1163 2569 suis
1195 2516 1360 2583 ipsius
1390 2518 1552 2569 verbis
1577 2515 1976 2583 deprehenditur
2000 2515 2235 2568 eamdem

2969 2420 3123 2473 ΚΕΦ.
3166 2420 3185 2471 Ι
3249 2425 3279 2469 ’.

2345 2514 2538 2578 Ὀπως
2575 2512 2885 2583 siliquam
2917 2511 3014 2583 διᾲ
3046 2420 3372 2583 (animo
3406 2508 3639 2583 φωνῶν,
3662 2508 3737 2563 τὰ
3768 2508 3918 2565 αὐτὰ

722 2586 889 2647 ipsam
920 2579 1223 2653 opinionem
1246 2601 1362 2639 cum
1394 2579 1854 2651 Sabellio‘fovere,
1897 2584 2202 2639 Marcellus.

2088 2585 2202 2639 llus.
2552 2581 2629 2646 τῷ
2657 2582 2953 2645 Σαϐελλίῳ
2984 2579 3243 2645 δοξάζων
3273 2584 3305 2634 ό
3333 2581 3709 2648 Μάρκελλος.

755 2674 1023 2743 Imprimis
1050 2676 1178 2730 illud
1206 2679 1413 2741 statuit,
1459 2692 1559 2731 nec
1589 2676 1875 2731 Sabellium
1910 2691 2009 2731 nec
2025 2674 2237 2731 Judaeos

2414 2674 2633 2745 Πρῶτον
2675 2674 2771 2743 μὲν
2814 2669 2905 2726 οὖν
2952 2675 3090 2744 μήτε
3133 2672 3223 2725 τὸν
3259 2672 3565 2735 Σαϐἐλλιον,
3603 2673 3745 2744 μήτε
3783 2673 3913 2726 Ἰου-

684 2767 965 2835 agnovisse
999 2768 1186 2832 Deum,
1220 2782 1284 2821 eo
1309 2772 1451 2835 quod
1477 2767 1708 2823 Verbum
1742 2769 2075 2838 ignorabant.
2105 2767 2236 2822 Ver-

2341 2769 2519 2831 δαίους
2549 2767 2850 2836 ὴγνωκέναι
2864 2766 2951 2820 τὸν
2967 2766 3097 2819 Θεὸν
3114 2766 3237 2838 ἔφη,
3262 2765 3340 2837 τῷ
3362 2766 3437 2837 μὴ
3457 2766 3545 2819 τὸν
3557 2766 3728 2833 Λόγον
3744 2768 3917 2834 ἠγνω-

687 2857 810 2911 hum
844 2872 973 2914 vero
1004 2857 1277 2927 quodnam
1327 2859 1681 2929 intelligebat,
1717 2860 2105 2927 dispiciendum
2138 2876 2235 2915 no-

2345 2858 2495 2911 κέναι
2523 2857 2862 2927 αὑτούς.(59)
2878 2856 3188 2927 Σκέψασθαι
3216 2858 3273 2911 δὲ
3308 2859 3414 2929 χρὴ
3452 2858 3634 2910 ὁποῖον
3666 2856 3916 2910 ὑποτίθε-

682 2946 765 3002 bis
793 2958 895 3004 est.
948 2948 1223 3018 Siquidem
1283 2950 1476 3004 Filium
1514 2951 1604 3004 Dei
1653 2951 2005 3020 unigenitum,
2060 2951 2235 3004 sul‘si-

2344 2968 2430 3003 ται
2463 2951 2661 3017 Λόγον·
2714 2950 2776 3001 Ei
2824 2948 2922 3019 μὲν
2954 2946 3063 3018 γὰρ
3094 2947 3187 3000 τὸν
3221 2948 3346 3000 Υἱὺν
3371 2948 3465 3001 τοῦ
3510 2946 3645 3001 Θεοῦ
3681 2947 3775 3001 τὸν
3817 2964 3912 3019 μο-

682 3050 912 3096 stentem
942 3041 1122 3095 vivum
1144 3055 1283 3107 esse,
1320 3041 1595 3097 enimvero
1630 3043 1768 3097 hunc
1798 3043 1867 3097 ita
1900 3056 2074 3112 neque
2102 3044 2239 3112 ipse-

2346 3042 2556 3112 νογενῆ,
2590 3043 2679 3094 τὸν
2714 3038 3018 3109 ὑφεστῶτα,
3070 3041 3159 3095 καὶ
3205 3040 3380 3104 ζῶντα
3404 3078 3418 3103 ,
3466 3038 3579 3092 ἀλλ’
3615 3038 3723 3092 οὐδ’
3754 3038 3913 3103 αὐτὸς

684 3141 794 3184 met
825 3131 1320 3201 agnovit.Cumque
1368 3133 1621 3187 Servator
1659 3141 1843 3187 noster
1882 3132 2239 3187 diversimoole
2268 3158 2305 3217 ρ

2293 3159 2309 3214 ς
2343 3132 2530 3186 τοῦτον
2565 3132 2725 3201 ἔγνω.
2756 3132 2959 3185 Αὐτίκα
2991 3133 3035 3185 δ’
3060 3127 3174 3195 οὖν,
3216 3131 3307 3185 τοῦ
3347 3132 3600 3201 Σωτῆρος
3625 3130 3784 3201 ἡμῶν
3805 3131 3914 3184 δια-

686 3219 1009 3274 mentionem
1045 3219 1163 3274 Filii
1218 3221 1449 3277 fecerit:
1492 3231 1545 3275 et
1587 3222 1860 3276 multoties
1890 3221 2236 3292 Uuigenitum

2343 3224 2521 3293 φόρως
2555 3222 3021 3294 μνημονεύσαντος
3051 3222 3144 3275 τοῦ
3187 3222 3336 3287 Υίοῦ,
3369 3222 3461 3275 καὶ
3509 3220 3771 3286 πολλάκις
3822 3238 3914 3291 μο-

687 3305 835 3361 illum
864 3306 1235 3376 appellaverit,
1267 3324 1367 3363 nec
1394 3309 1587 3363 alicubi
1622 3323 1681 3364 se
1706 3306 1942 3362 Verbum
2002 3310 2237 3362 nomina—

2342 3312 2530 3383 νογενῆ
2568 3312 2692 3369 Υἱὺν
2732 3312 3058 3377 ἀνειπόντος,
3094 3311 3190 3365 καὶ
3218 3312 3484 3383 μηδέποτε
3512 3312 3684 3378 Λόγον
3726 3311 3914 3363 ἑαυτὸν

684 3395 842 3460 verit,
878 3397 972 3450 sed
1010 3395 1207 3466 ubique
1234 3412 1327 3465 per
1344 3396 1629 3466 Evangelia
1664 3411 1722 3451 se
1744 3396 1836 3450 Dei
1871 3396 2061 3450 Filium
2087 3412 2240 3450 usur-

2340 3405 2791 3469 ἀποκαλέσαντος,
2832 3405 2918 3459 διὰ
2944 3405 3158 3459 πάντων
3195 3404 3252 3457 δὲ
3278 3403 3384 3456 τῶν
3413 3402 3761 3471 Εὑαγγελίων
3788 3402 3913 3455 Υιὺν

685 3486 894 3554 paverit
926 3505 939 3539 :
967 3486 1036 3541 ob
1064 3501 1289 3556 eamque
1320 3488 1491 3557 ipsam
1528 3486 1923 3569 confessionem
1945 3526 1961 3552 ,
2024 3486 2233 3541 Petrum

2338 3498 2471 3553 Θεοῦ
2498 3495 2635 3553 εἶναι
2658 3497 2985 3562 διδάξαντος,
3022 3498 3105 3565 ἐφ’
3144 3490 3187 3564 ᾧ
3232 3495 3325 3550 καὶ
3362 3495 3660 3565 μακαρίζει
3687 3494 3780 3548 τὸν
3811 3495 3912 3549 Πέ-

680 3576 894 3630 beatum
923 3577 1293 3644 praedicaverit
1337 3589 1557 3648 propter
1602 3579 1749 3661 illam
1791 3578 2182 3635 confessionem
2217 3594 2229 3630 :

2338 3610 2462 3662 τρον
2492 3592 2771 3662 εἰρηκότα,
2804 3590 2886 3643 Σὺ
2913 3585 2972 3643 εἴ
2999 3592 3031 3642 ὁ
3059 3589 3333 3656 Χριστὸς,
3370 3591 3401 3643 ὀ
3436 3589 3571 3653 Υἱὸς
3622 3588 3731 3642 τοῦ
3764 3586 3911 3644 Θεοῦ

684 3664 762 3719 Tu
800 3682 853 3719 es
876 3667 964 3720 ille
987 3665 1246 3731 Christus,
1278 3666 1451 3721 Filius
1484 3667 1578 3721 Dei
1608 3669 1707 3722 vivi
1735 3668 1779 3699 ⁷⁸
1808 3685 1826 3720 :
1865 3669 2013 3737 Cujus
2043 3669 2239 3724 revela-

2337 3682 2442 3735 τοῦ
2472 3681 2713 3749 (armc-
2744 3684 2837 3735 καὶ
2865 3681 2961 3752 τὴν
2993 3680 3194 3750 γνῶσιν
3227 3679 3374 3749 αὐτῷ
3406 3680 3805 3751 ἀποκαλύψεως
3820 3680 3910 3733 τοῦ

681 3756 881 3808 tionem
933 3770 963 3809 a
1013 3755 1171 3811 Patre
1204 3756 1502 3828 profectam
1535 3758 1583 3813 ei
1625 3759 1762 3812 dixit
1792 3760 2108 3824 iunotuisse,
2146 3760 2232 3813 ubi

2338 3771 2549 3842 Πατρδς
2577 3772 2851 3839 γεγονέναι
2886 3772 3151 3841 μαρτυρεῖ
3173 3788 3370 3841 φησας,
3394 3770 3694 3837 Μακάριος
3723 3767 3799 3835 εἴ,
3822 3770 3912 3824 Σί-

681 3847 1029 3915 testificatur,
1069 3848 1261 3906 Beatus
1296 3869 1370 3917 es,
1399 3849 1580 3905 Simon
1600 3851 1855 3921 Barjona,
1900 3856 2018 3923 quia
2043 3871 2166 3907 caro
2188 3866 2235 3907 et

2333 3880 2462 3930 μων
2483 3859 2767 3928 Βαριωνᾶ,
2800 3863 2887 3915 ὅτι
2916 3862 3073 3931 σὰρξ
3105 3864 3203 3917 καὶ
3228 3857 3370 3931 αἷμα
3402 3863 3513 3916 οὐκ
3554 3860 3912 3929 ἀπεκάλυψέ

683 3941 898 4011 sanguis
928 3943 1023 3996 hoc
1068 3944 1157 3996 tibi
1191 3960 1292 3996 non
1331 3945 1595 4011 reuelauit,
1637 3948 1725 3999 sed
1765 3944 1928 3998 Pater
1977 3964 2119 4000 meus
2147 3946 2234 4015 qui

2340 3966 2459 4015 σοι,
2489 3952 2625 4004 ἀλλ’
2671 3953 2704 4005 ὁ
2736 3950 2935 4020 Πατήρ
2954 3970 3076 4021 μου
3106 3955 3139 4005 ό
3186 3950 3492 4019 οὐράνιοςο
3535 3952 3563 4004 ό
3603 3950 3911 4021 Θαυμαστὸς

684 4042 757 4086 est
782 4032 834 4084 in
858 4032 1000 4088 cretis
1054 4034 1120 4089 ".
1163 4034 1261 4089 Vir
1288 4034 1390 4089 iste
1423 4036 1771 4097 admirabilis,
1811 4036 2091 4092 obturatas
2141 4038 2236 4090 ha-

2338 4038 2489 4106 οὗτος
2519 4042 2706 4113 ὥσπερ
2736 4042 3064 4114 βεϐυσμένος
3093 4041 3160 4095 τὰ
3202 4036 3335 4105 ὦτα,
3374 4042 3547 4095 ταῦτα
3590 4043 3736 4096 κατά
3768 4042 3910 4108 λέξιν

684 4124 817 4178 bens
850 4138 1031 4187 aures,
1055 4123 1167 4180 haec
1197 4125 1410 4180 disertis
1453 4124 1631 4180 verbis
1683 4126 1869 4181 scribit
1900 4143 1913 4177 :
1952 4145 1970 4179 ι
2006 4126 2068 4180 Ει
2099 4129 2237 4182 hanc

2336 4131 2536 4200 γράφει
2558 4150 2571 4162 ο
2609 4152 2627 4184 ι
2668 4134 2777 4186 Καὶ
2820 4134 2907 4187 διὰ
2931 4133 3088 4188 τοῦτο
3110 4135 3207 4205 οὐχ
3238 4135 3367 4187 Υἱὸν
3406 4134 3767 4186 Θεοῦ·ἑ;ιυτὸν
3796 4136 3910 4186 ὀνο-

682 4216 851 4285 ipsam
889 4215 959 4269 ob
986 4216 1247 4271 rationem
1274 4216 1457 4271 nullibi
1494 4232 1552 4272 se
1586 4216 1779 4270 Filium
1814 4218 1904 4271 Dei
1951 4220 2235 4283 nominat,

2344 4242 2362 4273 ι
2405 4224 2583 4293 μάζει,
2615 4224 2746 4278 ἀλλὰ
2770 4225 3040 4295 πανταχοῦ
3070 4226 3197 4278 Υἰὸν
3215 4223 3498 4296 ἀνθρώπου
3521 4225 3715 4278 ἑαυτὸν
3743 4225 3908 4293 λέγει.

683 4306 883 4374 ubique
910 4313 1089 4360 autem
1113 4306 1306 4360 Filium
1362 4307 1617 4374 hominis,
1668 4317 1724 4361 ut
1755 4317 1848 4377 per
1900 4308 2038 4365 hanc
2082 4325 2234 4364 suam

2344 4333 2362 4364 ι
2404 4316 2487 4367 ἵνα
2523 4315 2610 4368 διά
2652 4317 2751 4387 τῆς
2805 4316 3057 4387 τοιαύτης
3089 4316 3412 4387 ὁμολογίας,
3469 4315 3581 4386 (60)
3638 4316 3786 4370 Θέσει
3821 4317 3908 4369 τὸν

681 4397 1096 4464 confessionem,
1128 4408 1313 4454 notum
1346 4399 1566 4461 faceret,
1603 4414 1724 4456 eum
1759 4400 1848 4470 qui
1900 4416 2083 4456 revera
2119 4412 2237 4456 erat

2346 4424 2362 4455 ι
2404 4406 2702 4477 ἄνθρωπον,
2732 4407 2819 4461 διὰ
2848 4409 2946 4479 τῆς
2967 4409 3101 4480 πρὸς
3116 4408 3275 4461 αὐτὸν
3308 4409 3610 4471 κοινωνίας,
3628 4408 3757 4461 Υἱὸν
3776 4408 3908 4461 Θεοῦ

682 4489 855 4546 Filius
876 4490 1127 4556 hominis,
1151 4500 1368 4561 propter
1394 4493 1821 4547 communionem
1847 4492 2012 4555 illam,
2044 4492 2235 4546 Filium
2269 4510 2303 4566 ι]

2287 4510 2316 4566 ζ)
2348 4516 2365 4547 ι
2408 4498 2655 4564 γενέσθαι
2696 4500 3109 4571 παρασκευάσῃ.
3148 4519 3166 4551 ι
3223 4499 3382 4569 Ὁρᾷς
3444 4501 3593 4561 ὅπως
3630 4500 3757 4552 Υἱὸν
3814 4501 3908 4571 μὲν

681 4582 774 4635 Dei
810 4584 1177 4637 constitutum.
1223 4603 1240 4634 ι
1266 4582 1422 4638 Vides
1449 4594 1643 4648 autem,
1679 4585 1817 4652 quod
1851 4599 1952 4638 non
2000 4585 2158 4639 audet
2191 4600 2248 4639 se

2345 4591 2505 4643 αὑτὸν
2535 4591 2628 4643 τοῦ
2651 4591 2787 4645 Θεοῦ
2818 4591 3097 4662 ὁμολογεῖν
3134 4593 3194 4644 οὐ
3219 4590 3410 4661 τολμᾷ,
3443 4591 3517 4654 ὼς
3539 4592 3605 4645 ἂν
3645 4593 3719 4663 μὴ
3752 4594 3906 4646 ἐκπέο

686 4674 776 4727 Dei
836 4674 1028 4728 Filium
1076 4676 1353 4743 profiteri:
1406 4692 1471 4729 ne
1516 4692 1543 4729 a
1586 4678 1835 4743 dogmate
1903 4676 1992 4728 illo
2030 4677 2243 4730 excidat

2343 4698 2422 4733 σοι
2448 4678 2540 4733 τοῦ
2572 4681 2860 4735 Σαδελλίου
2882 4683 3167 4752 δόγματος·
3193 4681 3318 4734 Υίὸν
3340 4680 3395 4733 δὲ
3417 4680 3706 4751 ἀνθρώπου
3735 4682 3902 4745 καλεῖ,

681 4766 1009 4821 Sabelliano.
1050 4767 1246 4821 Filium
1299 4782 1431 4822 vero
1470 4769 1722 4831 hominis,
1759 4777 1979 4836 propter
2020 4783 2237 4822 carnem

2336 4770 2401 4831 δι’
2432 4773 2496 4842 ἣν
2526 4772 2775 4843 ἀνείληφε
2811 4774 3006 4845 σάρκα.
3040 4774 3148 4827 Καὶ
3208 4772 3377 4839 Λόγον
3437 4772 3493 4825 δὲ
3544 4772 3610 4826 δι’
3640 4772 3763 4826 ὅλου
3815 4773 3904 4827 τοῦ

680 4855 824 4909 illam
886 4871 1044 4925 quam
1094 4858 1405 4927 assumpsit,
1457 4858 1718 4911 nominat.
1785 4857 2017 4911 Verbum
2057 4866 2235 4911 autem

2342 4864 2539 4916 οἰκείου
2575 4866 3005 4935 συγγράμματος
3037 4864 3288 4935 ὀνομάζει
3324 4865 3558 4934 συνεχῶς
3607 4867 3902 4937 ἐπισημαι-

678 4944 879 5015 ubique
911 4946 965 4999 in
1000 4946 1091 5002 illo
1112 4962 1211 5001 suo
1235 4948 1434 5015 scripto
1468 4946 1752 5017 compellat
1783 4946 2138 5016 frequentius,
2181 4956 2237 5002 ut

2335 4952 2576 5021 νόμενος,
2608 4954 2685 5017 ὡς
2715 4955 2865 5007 οὐδὲν
2894 4954 3004 5024 (61)
3031 4954 3214 5025 ἕτερον
3251 4949 3316 5023 ἦν
3363 4954 3548 5021 Λόγος.
3593 4955 3705 5007 Καὶ
3745 4958 3801 5008 ὲν
3824 4951 3901 5020 οἷς

678 5034 940 5089 indicaret
962 5035 1115 5099 illud,
1147 5037 1246 5091 nisi
1268 5035 1518 5101 Verbum,
1544 5036 1675 5091 nihil
1703 5053 1922 5097 prorsus
1942 5039 2231 5095 exstitisse.

2334 5042 2377 5096 δ’
2403 5041 2494 5097 οὖν
2524 5046 2614 5098 τὸν
2645 5045 2925 5099 Σαϐἐλλιον
2960 5046 3776 5117 καταμέμφεται,παρατίθεται
3806 5047 3899 5119 μὲν

749 5158 806 5215 >3
842 5152 937 5208 Ed.
966 5150 1161 5219 Paris.,
1194 5169 1320 5225 pag.
1351 5154 1439 5206 '77.
1499 5154 1544 5185 "
1612 5153 1799 5210 Matth.
1828 5154 2011 5219 εκεῖ.
2077 5158 2123 5185 ⁷⁸
2155 5154 2343 5208 Matth.
2375 5172 2483 5221 ni,
2513 5156 2598 5210 lb’.
2676 5163 2721 5189 ”
2754 5166 2886 5215 tota.
2920 5164 3004 5227 16,
3047 5170 3130 5226 Π.

744 5312 855 5383 (58)
892 5314 1072 5399 'Vulgo
1114 5315 1395 5399 hauddum
1459 5324 1515 5371 et
1576 5315 1765 5368 ἑαυτὸν
1818 5311 1952 5371 ὧθεν
2007 5330 2061 5374 et
2090 5319 2236 5384 ἄξιος
2340 5337 2365 5399 ς]

2340 5322 2563 5399 obscura
2597 5344 2614 5393 ;
2654 5326 3011 5399 hoc_volelm_t,
3040 5327 3132 5380 τὸν
3159 5326 3463 5398 ἄνθρωπον,
3496 5341 3689 5396 nempe
3719 5331 3893 5399 φύσει,

677 5381 864 5465 enim.
891 5381 958 5465 Et
988 5381 1069 5465 bis
1106 5381 1459 5465 ἠγνωκιξναι.¹
1521 5454 1540 5465 _
1655 5457 1666 5465 _
1818 5456 1856 5465 η
1970 5458 1983 5465 _
2140 5381 2152 5384 ἰ
2172 5460 2183 5465 _
2218 5381 2229 5384 v

2338 5392 2482 5465 βεσει
2512 5381 2710 5450 [οεῖιιηι
2752 5397 2841 5449 Dei
2893 5381 3104 5455 Filium,
3141 5381 3357 5465 propter
3400 5381 3542 5450 illam
3593 5381 3894 5457 κᾈίνὼνὶοὶνζ

748 5454 1229 5538 Σκέψασθαι
1350 5457 1485 5525 χρή.
1521 5454 1604 5538 ita
1655 5457 1798 5538 lego.‘
1815 5456 1944 5538 {iam
1970 5458 2071 5538 hoc
2085 5460 2229 5538 vult,
2335 5462 2369 5516 hi

1861 5474 1944 5511 am
1970 5458 2071 5538 hoc
2085 5460 2229 5538 vult,
2335 5462 2504 5538 M._—7
2530 5466 2659 5520 Dein
2690 5467 2852 5538 vulgq
2872 5468 2968 5538 μὲν
2992 5454 3312 5538 Θεοῦαὑτὸν
3334 5468 3482 5538 όμολ.

680 5522 943 5611 ΘςιΙὺοιΙίυε
974 5522 1735 5611 ιιιςιηίηζιμλάγοῇὸᾳυίό’ρεῖ-
1783 5526 1935 5611 λόγον
1970 5522 2231 5611 intelligat

2402 5535 2512 5611 (δι)
2544 5522 2901 5611 "armis;
2921 5542 2953 5592 ό
2974 5539 3181 5607 Λόγος.
3213 5536 3353 5605 Lege
3368 5522 3428 5611 Ῐει
3461 5538 3536 5611 μὴ
3564 5542 3592 5593 δ
3620 5540 3815 5611 Λόγος,
3849 5542 3893 5595 id

683 5596 969 5678 fidcemu‘s.
1006 5596 1140 5678 Num
1178 5597 1386 5678 lilium?
1419 5596 1488 5649 Μ.
1529 5627 1598 5678 _——
1620 5597 1742 5678 Mos
1785 5603 1940 5678 vulgo
1965 5596 2228 5678 μηδέποτε
2330 5596 2631 5678 οηῖηιίυιι,
2667 5596 2809 5662 nullo
2834 5596 2943 5664 alio
2980 5596 3195 5678 nomine
3230 5596 3574 5678 appellatum.
3600 5641 3673 5651 —
3705 5596 3895 5668 Μ.Ἰήιο

678 5662 863 5752 ἑαυτὸν
907 5666 1059 5733 λόγον
1082 5677 1135 5752 et
1163 5667 1323 5752 potine
1350 5669 1664 5752 ξπουράνιος
1696 5676 1751 5752 et
1794 5662 1945 5732 οὗτος
1965 5662 1976 5667 ”
1995 5662 2224 5742 ὑπερϐε-

2332 5662 2678 5752 ’θεθηδυτηέί
2709 5680 2835 5749 quid
2892 5662 3043 5752 adeo
3085 5673 3152 5752 ἦν
3183 5680 3215 5746 η
3265 5662 3424 5747 λόγος
3484 5680 3556 5735 cr.
3590 5696 3644 5751 ρ.
3680 5662 3888 5747 {me

677 5732 1027 5821 6'thtévqc'et
1055 5732 1175 5821 υἱὸν
1200 5732 1499 5821 ἀνρριςοποιί
1517 5740 1603 5791 ἴνα
1630 5738 1737 5821 διὰ.
1756 5806 1767 5816 ο
1862 5808 1873 5819 υ
1903 5808 1915 5819 0
2101 5732 2113 5742 ’

1574 5756 1603 5791 τι
1630 5738 1767 5821 διξὰ..
2329 5732 2487 5814 porro
2522 5732 2679 5819 vulgo
2703 5732 3052 5821 παρατίθεται
3081 5732 3195 5813 τ’ἀς.

750 5803 860 5873 (till)
889 5804 1057 5860 Θέσει
1110 5810 1213 5863 τόν
1264 5803 1592 5876 ἄνθρωπον.
1649 5805 1948 5877 Trajectitia
1992 5820 2134 5880 sunt,
2168 5821 2221 5867 et
