4106 6410
223 377 346 435 B57

1236 379 1328 436 DE
1364 379 1905 438 ECCLESIAS‘I’ICA
1947 377 2358 438 THEOLOGIA
2394 375 2526 434 LIB.
2565 376 2609 434 ι.

3415 365 3525 433 838

223 493 333 558 τάς
381 493 489 549 τοῦ
519 494 776 568 Σωτῆρος
801 493 1007 565 φωνὰς,
1046 495 1113 549 δι’
1154 485 1232 549 ὧν
1261 494 1366 567 ἔφη
1393 511 1407 527 ο
1444 495 1658 562 Οὐδείς
1685 493 1820 566 Erro

1947 493 2002 548 In
2038 493 2132 549 illo
2157 501 2338 548 autem
2363 505 2526 563 passu
2555 503 2664 560 quo
2697 487 2995 546 Sabellium
3051 494 3298 554 accusat,
3353 483 3524 543 verba

222 585 346 640 τὸν
370 586 618 657 Πατέρα
638 589 692 642 sl
717 586 804 658 μὴ
835 590 868 641 ὀ
907 586 1061 654 mc,
1091 587 1189 640 καὶ
1216 579 1264 654 ᾦ
1288 587 1366 642 ἂν
1396 591 1430 642 ὁ
1455 588 1588 655 Υἱὸς
1608 588 1835 642 ἀποκα-

1942 583 2252 640 Servatoris
2295 580 2796 647 commemoravit,
2839 581 3039 650 quibus
3072 580 3187 634 ait:
3225 576 3396 634 Nemo
3426 592 3522 631 no-

221 678 458 747 λύψει.
493 679 707 749 Ὥσπερ
748 677 806 732 δὲ
855 677 1325 750 ἐπανορθούμενος
1355 679 1544 745 αὑτάς,
1587 679 1709 734 ἀντὶ
1739 679 1820 733 τοί

1937 676 2010 731 ait
2037 672 2254 729 Patrem
2278 673 2382 728 nisi
2413 669 2612 737 Filius,
2635 683 2683 726 et
2700 673 2787 726 cui
2815 670 2992 727 Filius
3015 671 3173 726 voluit
3199 671 3430 724 reuelare
3449 667 3518 724 ".

233 769 393 824 Υιοῦ
439 771 639 840 Λόγον
678 764 834 832 αὖθις
877 769 1159 841 ὀνομάζει,
1196 763 1299 824 ὦδε
1333 771 1525 840 λέγων·
1564 789 1582 820 ι
1625 769 1820 836 Οὐδεὶς

1939 767 2071 834 Quae
2117 766 2245 822 dum
2297 765 2512 829 recitat,
2557 773 2812 833 tanquam
2880 774 3256 826 correcturus,
3304 767 3363 826 ἧι
3420 777 3521 833 pro

224 879 248 914 s
290 861 419 932 γὰρ
442 857 592 926 οἶδε,
621 862 774 932 φησὶ,
803 862 910 917 τὸν
937 864 1166 932 Πατέρα
1189 867 1240 918 εὶ
1273 861 1360 933 μὴ
1398 866 1431 916 ό
1468 865 1619 928 Υἱὸς,
1652 861 1838 915 τουτέ-

224 971 248 1006 s
291 971 425 1008 στιν
472 957 500 1008 ὁ
550 957 761 1025 Λόγος,
801 975 818 1006 ι
849 957 943 1010 καὶ
976 956 1226 1028 ἐπιφέρει
1248 974 1262 987 ο
1297 975 1315 1007 r
1350 956 1407 1010 '0
1433 955 1540 1026 γὰρ
1569 955 1740 1023 Λόγος
1768 954 1835 1008 δι’

227 1064 248 1096 r
303 1044 518 1098 ἑαυτοῦ
545 1044 643 1116 τὴν
656 1045 867 1118 [ἰατρὸς
885 1046 1111 1118 παρέχει
1143 1045 1365 1114 γνῶσιν,
1393 1065 1410 1095 ι
1435 1046 1529 1098 καὶ
1550 1043 1836 1114 προστίθηο

1943 856 2087 913 Filio
2141 856 2372 914 Verbum
2418 870 2544 912 eum
2604 855 2923 911 nominavit.
2979 855 3072 911 Sic
3123 854 3264 910 enim
3321 852 3515 907 fatur:

1945 968 1965 1002 r
2011 948 2182 1004 Nemo
2205 950 2342 1003 novit
2396 947 2614 1002 Patrem
2641 947 2743 1001 nisi
2774 945 2972 1013 Filius,
3006 947 3110 1002 hoc
3137 954 3222 1002 est
3265 943 3517 1012 Verbum,

1942 1061 1962 1092 ι
1995 1042 2198 1112 quibus
2233 1040 2384 1098 addit
2421 1059 2433 1094 :
2477 1038 2714 1094 Verbum
2750 1038 2950 1093 etenim
2978 1052 3075 1107 per
3107 1051 3170 1092 se
3209 1035 3389 1091 Patris
3419 1051 3518 1092 ex-

222 1153 342 1190 σινο
377 1156 400 1190 ι
447 1137 732 1192 ’Λδῦνατον
761 1133 829 1210 ἦν
861 1138 1059 1208 ἑτέρως
1084 1137 1288 1205 γνῶναι
1303 1137 1394 1190 τὸν
1408 1136 1610 1207 Θεὸν,ἢ
1634 1135 1721 1192 διὰ
1739 1135 1820 1190 τοῐ

1943 1155 1962 1187 ι
1995 1133 2145 1189 hibet
2173 1131 2537 1205 cognitionem
2567 1147 2582 1185 :
2611 1129 2808 1200 quibus
2842 1128 3131 1199 adjungit:
3177 1125 3518 1198 lmpossibile

229 1247 249 1280 ι
264 1228 414 1282 ἰδίου
429 1230 630 1297 Λόγου.
647 1249 664 1281 ι
676 1232 784 1284 Καὶ
800 1226 952 1292 αὖθις
968 1231 1181 1298 Λόγον,
1203 1228 1323 1282 ἀντὶ
1339 1227 1430 1282 τοῦ
1455 1227 1612 1291 Υιοῦ,
1629 1227 1828 1298 τίθησιο

1943 1249 1959 1281 ι
1993 1225 2259 1296 siquidem
2287 1233 2409 1280 erat
2433 1223 2679 1291 alioquin
2703 1221 2873 1277 Deum
2897 1234 3248 1293 cognoscere,
3288 1219 3393 1274 nisi
3416 1233 3517 1289 per

223 1321 332 1375 καὶ
374 1321 475 1373 τὸν
502 1321 655 1390 ἅγιον
695 1320 858 1375 αὑτοῦ
893 1321 1065 1390 Λόγον
1099 1319 1382 1375 ἀποκαλεῖ.
1439 1320 1549 1372 Καὶ
1587 1321 1646 1372 ὲν
1691 1319 1820 1374 οῦτοι

1940 1341 1958 1373 ι
1993 1320 2267 1389 proprium
2298 1317 2466 1390 ipsius
2505 1314 2765 1372 Verbum.
2803 1335 2823 1370 ›
2861 1315 3058 1372 lterum
3083 1325 3264 1370 autem
3295 1330 3394 1384 pro
3426 1313 3518 1369 Fi-

223 1412 610 1486 βραχυτάτοις
644 1415 850 1485 ῥήμασι
883 1410 1143 1476 πολλάκις
1194 1414 1291 1482 μὲν
1323 1412 1696 1482 ἐμνημόνευσε
1732 1411 1820 1465 Λό-

1933 1412 2005 1467 lio
2067 1411 2349 1467 substituit
2417 1407 2683 1464 Verbum:
2716 1417 2773 1464 et
2809 1418 3058 1464 sanctum
3115 1407 3232 1478 ejus
3280 1406 3516 1464 Verbum

219 1523 360 1574 γου,
403 1506 538 1560 Υἰοῦ
557 1507 613 1560 δὲ
638 1506 746 1558 οὐδ’
763 1505 928 1571 ἅπαξ.
959 1505 1114 1559 Ἀλλά
1133 1507 1226 1559 καὶ
1255 1506 1424 1575 αὐτὴν
1447 1504 1540 1558 τοῦ
1580 1505 1830 1576 Σωτῆρος

227 1599 540 1667 μεταποιεί
568 1596 667 1668 τὴν
690 1595 868 1667 ῥῆσιν,
894 1597 1015 1650 ἀντὶ
1046 1595 1161 1661 τοῦ,
1181 1597 1208 1648 ό
1229 1596 1355 1660 Υἱὸς
1375 1595 1618 1664 ἐπάγων,
1645 1595 1830 1648 τουτέ-

226 1703 363 1739 στιν
407 1689 443 1740 ό
473 1688 666 1756 Λόγος
686 1729 701 1752 ,
746 1685 866 1757 οὐχὶ
902 1685 1102 1758 μᾶλλον
1132 1687 1231 1757 τῆς
1263 1685 1358 1738 τοῦ
1394 1685 1524 1738 Υἱοῦ
1555 1685 1828 1756 σημασίας

1933 1505 2195 1559 nominat.
2235 1502 2390 1570 Sa'pe
2420 1517 2648 1558 numero
2683 1511 2863 1556 autem
2901 1516 3000 1572 per
3043 1514 3206 1556 voces
3232 1511 3342 1555 tam
3375 1515 3514 1570 pau-

1931 1598 2182 1653 cissimas
2216 1595 2402 1663 Verbi,
2436 1595 2624 1650 nullibi
2661 1602 2843 1650 autem
2889 1593 3039 1658 Filii,
3079 1594 3409 1648 mentionem
3441 1592 3515 1648 fa-

1929 1690 2026 1744 cit.
2056 1687 2196 1755 Quin
2223 1698 2278 1745 et
2307 1688 2496 1759 ipsam
2537 1685 2848 1742 Servatoris
2899 1687 3194 1742 dictionem
3245 1684 3515 1742 transfor-

227 1779 596 1853 ἁρμοζούσης
627 1781 691 1850 τῇ
715 1779 807 1834 τοῦ
838 1779 1053 1851 Πατρὸς
1085 1779 1375 1850 ὲπηγορίᾳ.
1408 1777 1570 1830 Ὅθεν
1601 1776 1820 1840 εἰκότως

1938 1789 2048 1835 mat
2084 1796 2098 1832 :
2134 1780 2222 1834 ubi
2261 1794 2360 1850 pro
2395 1779 2556 1845 Filio,
2589 1779 2880 1843 subinfert.
2941 1780 3048 1836 hoc
3095 1788 3181 1836 est
3231 1779 3510 1836 Verbum:

222 1875 254 1926 ὁ
277 1852 397 1943 μὲν
418 1871 607 1945 Σωτὴρ
639 1871 929 1943 προσφυῶς
959 1872 1236 1941 ἐφήρμοσε
1264 1872 1328 1941 τῇ
1356 1868 1448 1923 τοῦ
1481 1869 1690 1940 Πατρὸς
1726 1867 1820 1940 τὴν

1931 1871 2094 1942 idque
2118 1887 2242 1926 cum
2273 1869 2398 1928 Filii
2435 1873 2750 1945 appellatio,
2791 1874 2962 1928 multo
3015 1872 3186 1943 magis
3210 1871 3513 1941 paternita-

222 1965 332 2018 τοῦ
368 1963 502 2018 Υἱοῦ
538 1962 797 2032 συζυγίαν
816 1981 829 1993 ⁸
848 1964 876 2016 ὁ
916 1962 973 2015 δὲ
1004 1961 1096 2014 τὸν
1126 1961 1253 2013 Υἱὸν
1279 1962 1450 2013 εἰπεῖν
1480 1959 1824 2030 παραιτησά-

231 2074 408 2127 μενος
433 2057 545 2111 ἀνω
568 2055 716 2109 κάτω
743 2055 834 2109 τὸν
863 2054 1034 2122 Λόγον
1062 2051 1173 2121 (ϐξ.)
1205 2051 1390 2123 θρυλεὶ
1421 2053 1514 2105 καὶ
1536 2049 1824 2105 Σαὸελλίου

229 2150 344 2220 μὲν
395 2149 714 2219 κατηγορεῖ,
766 2146 858 2199 τὸν
907 2146 1034 2199 Υἱὸν
1089 2143 1457 2216 ἀρνουμένου·
1516 2143 1708 2196 ταύτὸν
1767 2143 1823 2196 δὲ

225 2241 501 2314 πράττων
547 2241 760 2310 ἐκείνῳ,
796 2237 1210 2310 σχηματίζεται,
1253 2240 1320 2309 τῇ
1351 2237 1470 2292 κατ’
1501 2235 1664 2291 αὑτοῦ
1706 2235 1823 2288 δια-

227 2334 372 2406 ϐολῇ
391 2335 494 2407 τὴν
511 2338 611 2405 τῆς
639 2333 956 2399 κακοδοξίας
981 2333 1238 2386 ὑπόνοιαν
1264 2331 1531 2385 ἐκκλίνειν
1556 2331 1818 2400 οἰόμενος.

228 2428 299 2480 El.
335 2427 436 2497 μὲν
464 2422 557 2480 οῦν
582 2425 660 2496 τῷ
682 2426 952 2497 Σαδελλίῳ
983 2424 1258 2496 μέμφεται
1287 2423 1378 2477 τὸν
1408 2423 1537 2476 Υἰὸν
1565 2422 1658 2477 τοῦ
1686 2413 1821 2476 Θεοῦ

227 2517 583 2590 ἀρνουμένῳ,
634 2519 809 2589 ἑαυτῷ
832 2519 1095 2590 πρότερον
1117 2517 1255 2589 χρῆν
1291 2515 1640 2588 μέμψασθαι·
1685 2517 1733 2570 εἰ
1764 2516 1821 2570 δὲ

229 2612 322 2665 δτι
361 2612 422 2665 ὃν
454 2612 616 2676 αὐτὸς
657 2611 884 2683 ὡρίζετο
919 2612 1109 2680 Λόγον,
1145 2609 1431 2673 Σαϐέλλιος
1471 2609 1689 2679 ἠγνόειο
1721 2610 1821 2664 οὐκ

225 2703 415 2775 ὀρθῶς
437 2703 596 2757 τοῦτό
621 2721 683 2772 γε
710 2705 918 2776 ᾐτιᾶτο.
953 2703 1091 2758 Οὔτε
1117 2703 1227 2774 γὰρ
1250 2702 1557 2766 Σαόέλλιον,
1579 2700 1692 2755 οὔτ’
1720 2702 1821 2756 αὑ⁸

227 2796 364 2862 τοὺς
406 2796 714 2861 Ἰουδαίους,
748 2798 874 2860 τοὺς
900 2796 990 2849 τὸν
1015 2795 1250 2866 Χριστὸν
1276 2793 1368 2846 τοῦ
1387 2793 1522 2847 Θεοῦ
1555 2793 1820 2864 ἀρνουμέ-

228 2905 381 2952 νους,
415 2888 476 2941 ὄν
500 2905 634 2958 φησι
661 2888 980 2960 Μάρκελλος
1002 2889 1059 2940 ὲν
1088 2887 1165 2959 τῷ
1193 2885 1311 2956 Θεῷ
1343 2882 1481 2940 εἶναι
1510 2886 1713 2954 Λόγον,
1748 2883 1817 2936 δι’

229 2975 298 3035 οῦ
322 2981 512 3035 Μωσεῖ
539 2980 634 3032 καὶ
666 2981 780 3044 τοῖς
815 2981 1118 3051 προφήταις
1143 2977 1570 3050 κεχρημάτικεν,
1619 2976 1818 3046 ἀγνοῆ-

232 3089 350 3134 σαι,
385 3070 575 3125 τοῦτον
617 3071 672 3123 δὲ
703 3070 946 3142 ἀκριϐῶς
978 3070 1199 3134 εἰδέναι,
1230 3069 1326 3123 καὶ
1359 3071 1388 3123 ό
1414 3071 1521 3132 πᾶς
1548 3067 1690 3121 εἴποι
1725 3066 1812 3132 ἀν,

1931 1965 1999 2019 tis
2021 1963 2286 2021 vocabulo
2311 1966 2638 2023 conveniret
2677 1982 2838 2037 quam
2871 1964 3033 2021 Verbi
3065 1982 3080 2019 :
3123 1981 3246 2019 cum
3289 1975 3344 2020 et
3396 1964 3514 2032 ipse

1929 2055 2189 2112 Servator
2215 2057 2370 2128 juxta
2421 2059 2856 2129 congruentiam,
2913 2057 3108 2113 Filium
3162 2071 3287 2112 cum
3350 2053 3514 2110 Patre

1927 2148 2298 2219 copulaverat.
2361 2149 2441 2205 lta
2486 2163 2703 2221 semper
2763 2150 3035 2221 refugiens
3089 2149 3511 2220 appellationem

1927 2240 2070 2304 Filii,
2101 2241 2359 2312 Verbum,
2389 2256 2584 2298 vocem
2619 2258 2820 2314 susque
2847 2242 3022 2312 deque
3057 2250 3257 2297 versat.
3319 2239 3516 2296 Sabel-

1927 2334 2056 2388 lium
2087 2342 2234 2390 certe
2274 2333 2497 2388 damnat
2536 2333 2899 2406 abnegantem
2945 2333 3165 2398 Filium,
3215 2341 3270 2387 et
3329 2340 3509 2386 tamen

1925 2440 1985 2481 se
2010 2423 2346 2480 conformem
2371 2424 2546 2480 eidem
2572 2434 2792 2495 praestat
2818 2442 2832 2479 :
2863 2424 3018 2493 quasi
3054 2431 3238 2493 posset
3285 2431 3340 2478 et
3398 2421 3512 2478 vel-

1925 2519 2020 2588 let,
2071 2519 2142 2573 ab
2189 2519 2334 2575 illius
2367 2518 2752 2583 accusatione,
2810 2519 3179 2588 suspicionem
3236 2517 3512 2572 haereseos

1923 2611 2161 2668 amoliri.
2191 2611 2324 2668 Cum
2352 2612 2395 2667 si
2423 2611 2586 2667 vellet
2610 2611 2904 2668 Sabellium
2936 2612 3006 2667 ob
3040 2611 3092 2665 id
3123 2611 3298 2680 ipsum
3325 2610 3510 2664 redar-

1921 2720 2106 2776 guere,
2137 2707 2284 2776 quod
2310 2704 2508 2758 Filium
2536 2703 2626 2759 ille
2665 2705 2759 2760 Dei
2793 2705 3114 2774 abnegarct,
3150 2703 3508 2774 semetipsum

1921 2806 2046 2852 ante
2066 2811 2190 2851 eum
2223 2797 2459 2852 debebat
2489 2811 2772 2853 accusare.
2802 2798 2956 2865 Quod
2983 2797 3030 2852 si
3058 2795 3331 2853 Sahellius
3355 2797 3511 2866 igno-

1921 2889 2100 2954 rabat,
2122 2903 2282 2957 quem
2315 2899 2474 2944 vocat
2517 2889 2633 2961 ipse
2672 2891 2936 2957 Verbum,
2981 2906 3087 2946 non
3125 2899 3244 2945 erat
3269 2890 3373 2945 hoc
3407 2905 3506 2944 no-

1919 2983 2063 3038 mine
2088 2983 2440 3038 incusandus.
2469 2983 2607 3039 Nam
2651 2999 2752 3040 nec
2773 2993 2924 3040 certe
2945 2983 3243 3050 Sahellius,
3289 2999 3358 3039 ne
3385 2983 3510 3053 qui-

1920 3072 2041 3127 dem
2090 3071 2263 3129 ,ιιιάωί
2315 3075 2409 3143 qui
2468 3073 2746 3132 Christum
2785 3077 2932 3131 illum
2979 3076 3075 3132 Dei
3138 3077 3506 3142 abnuebant,

229 3165 296 3218 οὐ
326 3164 486 3235 μόνον
519 3164 787 3218 Ἰουδαίων
815 3163 950 3217 ἀλλά
979 3164 1073 3217 καὶ
1113 3163 1398 3234 Ἑλλήνων.
1453 3161 1684 3230 Λογικὸν
1707 3159 1816 3232 γάρ

1923 3178 2080 3234 quem
2109 3163 2399 3255 blarcellus
2429 3165 2684 3234 amrmat,
2725 3168 2777 3223 in
2812 3169 2925 3224 Deo
2961 3165 3200 3222 Verbum
3225 3180 3368 3231 esse.
3410 3181 3509 3237 per

228 3257 318 3320 τίς
343 3257 443 3310 οὑκ
465 3255 530 3308 ἂν
549 3255 932 3328 ὁμολογήσειεν
959 3251 1098 3308 εἶναι
1125 3255 1216 3308 τὸν
1240 3253 1393 3317 Θεὸν,
1411 3252 1488 3316 ὡς
1515 3253 1608 3306 καὶ
1631 3251 1815 3322 σοφὸν,

233 3349 330 3402 καὶ
355 3349 559 3418 ἀγαθὸν
590 3349 684 3402 καὶ
715 3348 939 3403 δυνατόν
962 3367 977 3412 ;
1013 3346 1302 3411 Σαϐέλλιος
1326 3347 1383 3400 δὲ
1406 3346 1565 3399 τοῦτο
1597 3346 1694 3416 μὲν
1718 3345 1820 3398 οὐκ

231 3441 301 3494 ἂν
349 3441 612 3512 ἀρνηθείη
653 3441 886 3506 εἰδέναι,
930 3441 1011 3494 ὅτι
1044 3439 1100 3494 δὲ
1133 3441 1207 3512 μὴ
1254 3441 1346 3492 καί
1379 3439 1508 3492 Υἱὸν
1549 3437 1642 3490 τοῦ
1681 3435 1817 3491 Θεοῦ

231 3532 412 3596 ζῶντα
449 3532 543 3585 καὶ
571 3532 880 3601 ὑφεστῶτα,
907 3532 1040 3586 ὄντα
1061 3548 1120 3586 τε
1144 3532 1236 3584 καὶ
1265 3529 1499 3602 προόντα
1530 3528 1629 3599 τῆς
1684 3546 1819 3601 σαρ-

231 3627 327 3690 κὸς
383 3626 657 3698 ὁμολογεῖ.
697 3625 916 3696 Ταύτης
951 3626 1113 3678 ἕνεκα
1161 3624 1260 3694 τῆς
1297 3623 1435 3694 πρὸς
1497 3621 1818 3694 Μάρκελλον

233 3715 575 3788 συμφωνίας,
612 3715 814 3786 ὁμοίως
853 3714 1005 3785 αὑτῷ
1041 3715 1141 3785 τῆς
1173 3714 1266 3768 τοῦ
1305 3714 1441 3767 Θεοῦ
1495 3714 1822 3784 Ἐκκλησίας

228 3809 426 3879 ἠλάθη.
463 3808 585 3872 Πῶς
608 3809 664 3862 δὲ
688 3807 758 3861 τὰ
792 3808 883 3862 ἴσα
913 3808 1231 3880 Μάρκελλος
1255 3807 1330 3878 τῷ
1353 3807 1627 3880 Σαϐελλίῳ
1659 3807 1822 3879 ἐφρό-

227 3919 328 3965 νει,
364 3901 523 3972 δῆλος
575 3900 642 3954 ἂν
692 3900 778 3970 εἴη
828 3901 888 3965 ἐξ
921 3894 996 3954 ὧν
1043 3899 1102 3954 ἓν
1139 3902 1233 3953 καὶ
1288 3901 1482 3954 ταύτὸν
1541 3896 1680 3955 εἶναι
1729 3899 1821 3954 τὸν

227 3994 360 4046 θεὸν
414 3995 510 4047 καὶ
569 3994 660 4047 τὸν
714 3994 879 4047 αὐτοῦ
911 3993 1080 4063 Λόγον
1131 3993 1482 4060 διεστείλατο,
1549 3995 1678 4048 ποτὲ
1721 3993 1821 4064 μὲν

227 4087 411 4149 αὐτοῖς
444 4087 683 4157 ῥήμασιν
713 4084 901 4139 εἰπών.

1922 3267 2082 3324 quem
2106 3253 2310 3310 Mosem
2367 3265 2423 3313 et
2464 3258 2758 3328 prophetas
2809 3258 3209 3327 alloquebatur.
3248 3255 3362 3314 lmo
3400 3273 3508 3313 non

1921 3342 2291 3401 soliseJudaei
2323 3347 2428 3404 hoc
2479 3348 2662 3404 dicent
2722 3350 2967 3420 apprime
3022 3349 3363 3420 intelligere,
3411 3347 3510 3405 sed

1921 3436 2022 3505 ipsi
2057 3437 2224 3492 etiam
2259 3439 2482 3510 pagani.
2512 3439 2649 3495 Nam
2673 3441 2798 3510 quis
2823 3457 2926 3495 non
2964 3440 3132 3496 Deum
3183 3449 3364 3498 mente
3387 3455 3512 3498 esse

1921 3530 2208 3599 praeditum
2235 3531 2516 3599 fatebitur,
2550 3542 2611 3590 ut
2664 3534 2994 3605 sapientem,
3051 3543 3114 3589 ut
3172 3534 3372 3590 bonum
3400 3574 3418 3600 ,
3448 3549 3510 3588 at

1922 3623 2240 3689 potentem?
2275 3621 2544 3679 Sahellius
2575 3623 2725 3680 nullo
2747 3635 2896 3680 certe
2937 3634 3099 3682 ῐιὶὸαο
3152 3632 3417 3680 lateretur
3446 3640 3510 3683 se

1919 3714 2022 3769 hoc
2055 3714 2328 3784 ignorare.
2358 3717 2498 3783 Quin
2549 3716 2747 3772 Filium
2774 3717 2867 3774 Dei
2894 3719 3077 3772 vivum
3113 3730 3167 3773 et
3203 3717 3510 3773 subsisten-

1919 3816 2048 3875 tem,
2073 3810 2169 3879 ‘qui
2195 3820 2251 3866 et
2275 3818 2440 3875 esset,
2468 3820 2523 3865 et
2555 3822 2680 3867 ante
2709 3825 2931 3866 carnem
2969 3820 3306 3881 assumptam
3336 3819 3505 3876 esset,

1918 3911 2262 3970 agnosceret.
2304 3900 2370 3956 Et
2404 3912 2584 3958 tamen
2623 3903 2693 3958 ob
2716 3903 2859 3958 hanc
2890 3902 3060 3971 ipsam
3085 3917 3210 3956 cum
3242 3901 3344 3956 hoc
3374 3900 3512 3955 Mar-

1919 3992 2057 4048 cello
2086 3996 2634 4062 contesserationem,
2660 3996 2870 4068 ejectus
2900 3994 2988 4049 ille
3027 3994 3129 4049 fuit
3162 3992 3232 4048 ab
3262 3992 3509 4050 Ecclesia

1920 4086 2035 4142 Dei.
2064 4085 2184 4153 Quo
2239 4099 2400 4159 pacto
2459 4103 2644 4145 autem
2705 4089 2991 4145 Marcellus
3027 4089 3260 4154 dicatur,
3314 4087 3505 4142 eadem

229 4191 349 4230 cum
379 4175 616 4232 Sabellio
648 4179 921 4248 opinatus,
989 4179 1336 4237 manifestum
1406 4181 1536 4245 (let,
1593 4188 1880 4249 propterea
1919 4180 2060 4250 quod
2097 4197 2264 4237 unum
2317 4194 2479 4254 atque
2537 4183 2680 4240 idem
2725 4185 3045 4257 proﬁteatur
3094 4182 3285 4246 Deum,
3341 4189 3510 4251 atque

228 4267 396 4339 ipsius
425 4267 522 4324 Dei
553 4267 810 4335 Verbum,
847 4272 1000 4326 hisce
1038 4273 1332 4343 aliquando
1364 4275 1545 4330 verbis
1572 4287 1727 4328 usus.

863 4368 1024 4423 ΚΕΦ.
1065 4369 1165 4424 1Ζ’.

229 4455 429 4523 Ὅπως
464 4455 701 4526 ἠρνεῖτο
732 4457 1288 4584 γυμιηλτζῑῧιεραλῇ
1321 4463 1437 4531 τὴν
1467 4464 1813 4518 ὑπόστασιν

859 4548 968 4584 του
1069 4549 1171 4584 ου.

859 4548 968 4584 του
1017 4548 1171 4586 110v.

303 4641 323 4673 ι
356 4623 420 4676 El
461 4623 559 4694 μὲν
585 4622 692 4694 γάρ
722 4624 756 4694 ἡ
786 4623 881 4678 τοῦ
917 4624 1030 4692 (65)
1077 4625 1390 4696 πνεύματος
1433 4626 1678 4692 ἐξέτασις
1724 4628 1812 4697 γί-

233 4731 253 4764 ι
295 4729 478 4780 γνοιτο
537 4701 694 4784 μόνη,
730 4714 788 4768 ἓν
837 4716 932 4768 καὶ
969 4716 1166 4770 ταύτὸν
1213 4718 1444 4782 εἰκότως
1477 4718 1545 4772 ἂν
1583 4719 1612 4771 ὁ
1643 4718 1814 4787 Λόγος

239 4824 258 4855 r
298 4801 438 4860 εἶναι
467 4805 544 4876 τῷ
572 4806 690 4876 Θεῷ
718 4809 980 4876 φαίνοιτο·
1005 4828 1023 4860 ι
1054 4807 1164 4875 (64)
1196 4809 1326 4864 ποτὲ
1354 4809 1411 4864 δὲ
1449 4812 1812 4882 παραϐάλλων

220 4898 300 4970 τῷ
331 4899 659 4970 ἀνθρωπείῳ
699 4900 842 4971 λόγῳ
883 4901 976 4955 τὸν
1017 4901 1112 4954 τοῦ
1160 4901 1319 4967 Θεοῦ,
1361 4903 1455 4956 καὶ
1517 4904 1804 4974 ἐπιλέγων,

227 5009 245 5042 ι
280 4991 338 5043 ἓν
389 4990 485 5044 καὶ
515 4991 712 5044 ταύτὸν
747 4987 885 5046 εἶναι
921 4991 1000 5063 τῷ
1054 4991 1380 5064 ἀνθρωπείῳ
1424 4995 1517 5047 τὸν
1570 4997 1628 5048 ὲν
1658 4994 1808 5066 αὐτῷ

229 5101 246 5135 t
282 5083 478 5151 Λόγον,
529 5082 706 5136 οὐδενὶ
739 5081 1104 5155 χωριζόμενον
1135 5085 1309 5158 ἑτέρῳ
1340 5087 1374 5158 ἢ
1429 5087 1567 5160 μόνῃ
1602 5089 1670 5158 τῇ
1703 5086 1805 5158 τῆς

299 5223 357 5280 >Ῑι
391 5215 492 5271 Ed.
533 5215 734 5283 Paris.,
762 5233 885 5290 pag.
919 5219 1008 5283 78,
1038 5219 1125 5275 79.
1202 5221 1249 5251 ’⁸
1284 5221 1475 5279 Matth.
1502 5239 1580 5288 τι,
1603 5224 1691 5280 27.

301 5431 412 5499 (Οἳ)
449 5429 619 5499 νιιιαο
653 5431 870 5499 θρύλλει
921 5443 976 5488 ει
1020 5434 1190 5499 ἒῖρῆν
1243 5438 1416 5499 μέμψ.
1476 5449 1532 5497 et
1567 5443 1807 5499 ὁρίζεται

231 5431 1190 5576 ..;::>Ju::a::a::.:m
1243 5438 1416 5510 μέμψο
1476 5449 1532 5497 ει

301 5573 412 5649 (6.5)
466 5573 811 5649 Πγεύματος
841 5573 1140 5649 ἐξέτασις.
1199 5575 1348 5644 Vult,
1377 5581 1589 5649 opinor,
1622 5592 1678 5639 ut
1722 5599 1809 5640 se-

228 5644 464 5697 cundum
495 5646 774 5710 deitatem,
812 5648 900 5698 vel
923 5647 1158 5700 divinam
1198 5644 1466 5704 rationein
1497 5644 1808 5712 considere-

233 5712 701 5798 ιειηελόγονειιιοᾼιιι
722 5713 971 5798 πνεῦμα,
1002 5717 1102 5798 ipsi
1126 5718 1342 5798 ponitur
1363 5737 1461 5790 pro
1491 5722 1648 5798 Deo;
1681 5728 1808 5798 quia

233 5740 351 5767 ιιιιιδ
379 5740 555 5781 Αυγυν,
580 5740 701 5767 nam
734 5740 971 5786 πνευμα,
1007 5740 1102 5783 ψει
1126 5740 1342 5786 ponitur
1363 5740 1461 5790 ι)Γο
1493 5740 1603 5780 ueo
1635 5743 1648 5779 :
1721 5742 1768 5781 lll

230 5782 496 5862 Senator
519 5784 684 5862 diuit,
712 5783 851 5840 Deus
881 5789 1102 5862 spiritus
1137 5789 1419 5862 estfloan.
1452 5808 1527 5858 tv,
1556 5740 1768 5862 24):“.

298 5853 412 5920 (64)
446 5852 595 5908 "ore
624 5853 691 5909 δὲ
731 5855 1151 5926 παραϐάλλων.
1206 5852 1525 5930 Marcellus,
1575 5852 1806 5924 Verbum

2450 4372 2508 4429 >11
2549 4364 2703 4421 CAP.
2744 4365 2909 4422 XVII.

2027 4455 2182 4522 Quod
2205 4457 2638 4526 manifestissime
2664 4469 2903 4529 perneget
2933 4459 3246 4530 hypostasin
3273 4455 3431 4513 Filii.

1990 4568 2009 4602 ι
2053 4551 2140 4623 [Β.
2168 4549 2306 4604 LXII
2331 4551 2454 4607 coll.
2481 4567 2534 4622 p.
2593 4551 2744 4624 l07.]
2774 4551 3050 4620 Siquidem
3074 4552 3244 4608 solius
3282 4551 3508 4620 spiritus

1923 4661 1941 4694 ι
1986 4644 2294 4712 disquisitio
2359 4643 2472 4707 ﬁat,
2526 4645 2771 4709 omnino,
2835 4660 2936 4700 nec
2996 4644 3216 4714 injuria,
3261 4642 3504 4700 Verbum

1919 4755 1937 4787 ι
1981 4751 2142 4790 unum
2172 4746 2333 4806 atque
2363 4738 2504 4792 idem
2538 4754 2662 4792 cum
2698 4738 2807 4793 Deo
2839 4737 3108 4792 videbitur
3128 4744 3268 4794 esse.
3291 4756 3310 4789 ι
3336 4735 3505 4792 Com-

1913 4842 2120 4897 ponens
2169 4838 2348 4884 autem
2394 4828 2684 4900 aliquando
2728 4830 2966 4884 Verbum
2999 4828 3090 4882 Dei
3115 4843 3237 4883 cum
3264 4827 3509 4882 humano

1915 4916 2111 4980 verbo,
2171 4916 2422 4987 adiungit
2468 4937 2480 4972 :
2519 4936 2538 4970 ι
2595 4917 2768 4973 Unum
2811 4929 2976 4987 atque
3011 4934 3106 4989 per
3128 4917 3312 4974 omnia
3356 4915 3506 4974 idem

1919 5024 1937 5057 ι
1980 5023 2102 5062 cum
2152 5010 2372 5064 homine
2403 5025 2525 5064 esse
2580 5011 2709 5066 illud
2756 5012 2897 5081 quod
2937 5014 2989 5065 in
3019 5013 3133 5081 ipso
3164 5012 3323 5071 inest.
3369 5009 3504 5063 Ver-

1918 5117 1937 5150 ι
1979 5101 2106 5156 bum
2155 5102 2326 5158 nihilo
2354 5104 2572 5176 quidem
2616 5104 2685 5160 ab
2729 5103 2838 5160 alio
2881 5103 3347 5168 discriminatum,
3397 5101 3504 5159 nisi

1911 5445 2027 5507 Dei.
2053 5461 2176 5501 cum
2214 5446 2450 5501 hominis
2479 5447 2647 5502 verbo
2676 5447 3070 5515 componebat,
3100 5456 3149 5501 et
3196 5445 3502 5515 ἐνδιάθετον

1905 5527 1965 5592 et
1991 5518 2342 5592 προφορικόν,
2376 5517 2655 5592 legendum
2682 5517 2762 5590 τῷ
2787 5514 2844 5572 ἐν
2865 5517 3160 5592 ἀνθρώπῳ,
3187 5533 3290 5592 non
3313 5514 3504 5592 st'pdy—

1910 5587 2186 5658 θρωπείῳ,
2218 5596 2363 5656 patet
2385 5587 2452 5642 ex
2476 5589 2640 5654 paulo
2663 5587 2791 5658 post
2808 5587 3186 5658 sequentibus.
3207 5587 3500 5658 Nix—Dein

1907 5641 2410 5744 viilgo_r:5.i150.p.
2443 5641 2630 5744 .55..
2652 5641 2753 5744 ῥίς
2771 5641 2862 5732 ἦλα.
2889 5641 3503 5744 ἰἓζ›’ἑτο“ηνιιιεοῇιτρα;

1909 5727 2013 5817 ψεν
2039 5739 2094 5784 et
2114 5727 2324 5817 τούτοις
2348 5727 2513 5817 αὑτὸν
2546 5731 2735 5796 εἰπὼν,
2763 5727 2858 5817 πρ.
2898 5742 2949 5787 ct
2982 5727 3245 5802 χωρῆσαι
3267 5738 3320 5785 et
3372 5727 3500 5785 ﬁtt-

1914 5801 2136 5856 σκόπτει
2160 5813 2213 5857 ct
2242 5801 2301 5855 οὗ
2334 5802 2442 5878 γὰρ
2477 5800 2540 5855 ἄν
2572 5815 2624 5860 οι
2650 5800 2872 5874 παρείην
