4106 6430
668 389 778 452 839

1364 383 1629 439 EUSEBII
1666 382 2130 439 CESARIENSIS
2166 381 2315 439 OPP.
2358 381 2533 438 PARS
2568 381 2658 438 IV.
2697 413 2766 427 —
2800 380 3219 439 DOGMATICA.

677 528 702 565 ι
738 510 914 578 operis
944 506 1307 562 tantummodo
1343 506 1598 561 efﬁcacia.
1647 525 1667 559 ι
1698 506 1961 575 Quocirca
2002 506 2091 561 ubi
2149 505 2221 558 ita

2338 521 2352 554 ι
2388 502 2637 575 πράξεως
2676 502 2943 575 ἐνεργείᾳ.
2972 520 2991 555 s
3016 502 3235 574 Διόπερ,
3267 503 3398 556 ποτὲ
3439 502 3539 573 μὲν
3562 500 3887 572 ἀπεφαίνετο

670 600 875 666 statuit,
924 597 1237 667 priusquam
1292 599 1520 653 mundus
1579 600 1964 667 produceretur
1997 639 2012 661 ,
2094 597 2225 651 nihil

672 689 893 747 omnino
942 692 1138 758 praeter
1207 688 1372 742 Deum
1439 688 1725 753 exstitisse,
1780 698 1836 742 et
1897 686 2023 741 alibi
2075 687 2226 741 hisce

667 778 801 845 Ipsis
837 777 1019 833 verbis
1066 778 1277 832 utitur:
1325 795 1343 827 ι
1381 775 1518 831 Cum
1568 776 1799 831 nondum
1848 777 1951 832 iste
1997 776 2225 831 mundus

675 887 697 921 s
737 869 1026 940 productus
1068 867 1258 934 fuerat,
1312 876 1507 937 praeter
1547 869 1710 922 Deum
1749 866 1963 936 quidem
2028 866 2223 931 solum,

677 978 698 1014 ι
739 960 873 1016 nihil
924 969 1044 1018 erat
1092 959 1271 1026 aliud;
1302 978 1321 1012 ι
1364 970 1418 1013 et
1463 959 1550 1014 ubi
1598 958 1837 1012 divinum
1900 957 2030 1013 illud
2092 957 2226 1013 Ver—

670 1052 840 1118 bum,
905 1059 1090 1107 nostro
1144 1050 1432 1107 indicativo
1494 1064 1587 1120 per
1647 1049 1830 1104 omnia
1907 1049 2227 1107 assimiiavit

671 1146 856 1209 verbo,
905 1144 959 1199 in
996 1143 1191 1213 quibus
1224 1143 1324 1198 ista
1357 1143 1548 1197 scribit
1602 1140 1695 1213 [Β.
1752 1140 1841 1195 LV
1875 1141 1997 1197 coll.
2053 1156 2105 1211 p.
2158 1140 2227 1197 59

672 1236 737 1291 D.
770 1235 871 1291 us
900 1232 1191 1307 0.1258.)
1236 1250 1296 1287 τι
1335 1232 1790 1300 Quemadmodum
1842 1248 1930 1289 res
1965 1234 2227 1289 universa:

679 1346 700 1380 ι
738 1340 858 1398 qua:
884 1327 1158 1398 producta:
1181 1325 1409 1389 fuerunt,
1434 1340 1464 1379 a
1491 1323 1650 1380 Patre
1676 1325 2109 1396 producebantur
2130 1338 2227 1394 per

682 1436 703 1470 s
740 1416 1001 1485 Verbum,
1058 1417 1123 1473 ad
1152 1414 1397 1472 eumdem
1421 1414 1634 1471 modum
1662 1426 1717 1473 et
1737 1432 1856 1487 qua:
1886 1432 1917 1471 a
1962 1416 2122 1472 Patre
2142 1416 2226 1471 di-

2325 594 2550 665 πρὸτῆς
2575 594 2669 647 τοῦ
2700 596 2907 665 κόσμου
2953 594 3261 657 συστάσεως
3304 594 3469 666 μηδὲν
3518 594 3711 665 ἕτερον
3757 590 3887 650 εἶναι

2328 687 2465 758 πλὴν
2504 685 2639 740 Θεοῦ
2659 727 2674 751 ,
2734 688 2829 741 καὶ
2880 686 3043 741 πάλιν
3089 687 3269 751 αὐτοῖς
3306 688 3545 758 ῥήμασιν
3580 685 3787 754 ἔλεγεν,
3814 688 3886 743 ὅτι

2329 798 2348 830 s
2396 779 2561 850 μήπω
2592 778 2686 832 τοῦ
2718 780 2922 851 κόσμου
2947 778 3244 847 γεγονότος.
3267 779 3421 832 οὐδὲν
3460 778 3649 850 ἕτερον
3669 772 3739 849 ἦν
3758 777 3884 848 πλὴν

2330 889 2349 920 ι
2393 869 2528 923 Θεοῦ
2578 869 2772 941 μόνουο
2816 890 2835 922 ι
2889 870 3019 923 ποτὲ
3057 868 3115 923 δέ
3150 868 3227 939 τῷ
3264 869 3519 941 ἡμετέρῳ
3571 868 3885 941 σημαντικιί

2326 962 2468 1033 λόγῳ
2502 962 2593 1015 τὸν
2624 960 2718 1014 τοῦ
2744 960 2879 1015 Θεοῦ
2910 960 3263 1033 Μρὲδαλλεν,
3294 961 3354 1014 ἐν
3377 956 3459 1025 οἷς
3487 954 3592 1016 ὧδε
3614 961 3855 1033 ἐγραφεν
3878 977 3889 990 ·

2332 1072 2351 1105 ι
2374 1054 2586 1125 Ὠσπερ
2611 1052 2681 1107 τὰ
2700 1054 2963 1122 γεγονότα
2990 1052 3165 1108 πάντα
3192 1052 3297 1107 ὑπὸ
3326 1052 3422 1106 τοῦ
3456 1053 3674 1124 Πατρὸς
3693 1051 3783 1106 διά
3799 1052 3893 1106 τοῦ

2330 1162 2349 1195 ι
2396 1144 2570 1213 Λόγου
2606 1143 2849 1213 γέγονεν,
2904 1143 3049 1196 οὕτω
3083 1142 3176 1196 καὶ
3224 1141 3294 1195 τά
3342 1140 3611 1212 λεγόμενα
3649 1141 3755 1194 ὑπὸ
3802 1138 3894 1194 τοῦ

2328 1253 2349 1283 ι
2389 1234 2604 1307 Πατρὸς
2631 1233 2719 1289 διά
2748 1232 2843 1286 τοῦ
2874 1234 3048 1302 Λόγου
3072 1232 3411 1305 σημαίνεται.
3454 1249 3473 1284 ι
3515 1232 3629 1286 Καὶ
3653 1231 3721 1303 δὴ
3741 1230 3896 1299 λόγον

2326 1324 2653 1397 σημαντικὸν
2676 1327 2733 1380 ἐν
2774 1324 2985 1388 τούτοις
3014 1324 3175 1377 αὐτὸν
3213 1320 3469 1387 ἀνειπὼν,
3507 1321 3715 1393 προῖὼν
3748 1322 3894 1391 ιξῆς,

2325 1415 2625 1488 ἀχώριστον
2668 1415 2832 1470 αὐτὸν
2862 1418 2932 1486 τῇ
2976 1416 3288 1479 ὑποστάσει,
3313 1413 3372 1469 ἐν
3401 1414 3495 1467 καὶ
3523 1414 3723 1467 ταύτὸν
3755 1410 3897 1467 εἶναι

678 1529 698 1561 s
733 1510 1015 1570 cehantur,
1044 1524 1139 1581 per
1154 1507 1388 1564 Verbum
1422 1508 1650 1565 indicem
1672 1508 2021 1565 edebantur.)
2048 1510 2227 1580 Atque

2338 1508 2401 1580 τῷ
2448 1508 2623 1579 Πατρὶ
2669 1506 3026 1577 παρίστησιν,
3071 1497 3174 1557 ὧδέ
3216 1521 3293 1575 πη
3342 1503 3543 1572 λέγων’
3585 1520 3607 1553 ι
3647 1500 3899 1555 Τοῦτοδδ

673 1603 773 1668 ita,
800 1615 921 1655 cum
950 1600 1052 1656 hoc
1076 1607 1229 1670 pacto
1271 1600 1621 1655 indicativum
1647 1598 1870 1655 verbum
1904 1598 2222 1669 compellans-

673 1698 759 1746 set
799 1690 995 1762 ipsum.
1029 1704 1279 1746 sermone
1324 1691 1699 1765 progrediente
1746 1698 1925 1745 tamen
1973 1689 2224 1744 eumdem

670 1780 849 1852 ipsum
892 1794 920 1835 a
950 1778 1109 1835 Patre
1138 1780 1549 1851 inseparabilem
1572 1781 1907 1850 pronuntiat,
1934 1780 2076 1849 quod
2101 1794 2224 1848 spe-

670 1876 786 1925 etet
824 1869 893 1925 ad
943 1869 1261 1941 hypostasin
1318 1886 1506 1938 suam,
1564 1885 1836 1939 unumque
1886 1885 2011 1925 cum
2065 1869 2225 1925 Patre

672 1967 834 2031 atque
880 1960 1017 2015 idem
1068 1960 1246 2027 docet,
1296 1962 1443 2017 hisce
1488 1960 1714 2016 verbis:
1756 1980 1775 2015 ι
1816 1960 1995 2031 Atque
2056 1960 2223 2027 istud,

675 2064 699 2101 ι
736 2050 949 2120 opinor,
1000 2052 1091 2122 qui
1122 2062 1269 2108 recte
1313 2054 1497 2110 volunt
1535 2066 1748 2121 sapere,
1796 2067 1900 2107 non
1934 2052 2223 2109 admodum

675 2156 699 2195 v
734 2140 1021 2197 diﬂculter
1048 2142 1323 2198 colierturi
1352 2150 1477 2198 sunt
1506 2143 1573 2197 ab
1600 2143 1724 2198 exili
1755 2142 1991 2214 quodam
2041 2154 2095 2199 et
2119 2143 2225 2199 hu-

675 2247 696 2282 v
737 2230 849 2285 miii
896 2231 1038 2286 inter
1065 2231 1310 2287 homines
1332 2232 1594 2303 exemplo.
1621 2231 1755 2287 Nam
1785 2248 1883 2288 nec
1907 2234 2223 2299 humanum,

677 2340 695 2371 ι
743 2320 813 2377 ab
840 2320 1056 2377 homine
1084 2324 1327 2391 verbum,
1349 2332 1621 2394 potestate
1657 2326 1836 2396 quivis
1866 2335 1920 2381 et
1949 2326 2228 2398 hypostasi

675 2432 697 2467 ι
735 2413 1088 2483 separaverit.
1125 2414 1217 2469 Est
1248 2415 1394 2470 enim
1422 2416 1669 2483 verbum,
1696 2431 1860 2472 unum
1893 2424 2055 2487 atque
2086 2419 2226 2473 idem

676 2520 697 2553 s
728 2517 849 2559 cum
877 2504 1091 2559 homine
1122 2519 1138 2557 :
1168 2520 1273 2560 non
1296 2505 1452 2559 aliter
1476 2505 1696 2562 omnino
1725 2506 2045 2577 separabiie,
2064 2522 2226 2577 quam

679 2609 709 2657 ο,
735 2592 901 2648 solius
940 2594 1271 2663 operationis
1315 2591 1528 2649 eiecto.
1562 2614 1581 2648 ι
1606 2594 1723 2662 Qua
1773 2594 2123 2653 similitudine
2170 2606 2229 2651 et

674 2682 801 2738 alibi
831 2697 959 2739 usus
982 2692 1085 2749 est,
1118 2685 1204 2741 ubi
1237 2687 1313 2739 ait
1341 2685 1432 2758 [Β.
1467 2686 1599 2759 LVI]
1628 2704 1641 2740 :
1679 2704 1700 2738 ι
1729 2685 2071 2755 Qumcunque
2102 2698 2229 2742 sunt

2329 1618 2349 1652 s
2395 1599 2575 1673 ῥᾴδιον
2594 1595 2745 1669 οἶμαι
2758 1600 2873 1661 τοῖς
2896 1594 3237 1669 εὐφρονοῦσι,
3268 1596 3363 1649 καὶ
3390 1593 3497 1648 ἀπὸ
3524 1592 3725 1665 μικροῦ
3753 1608 3900 1655 τινος

2329 1710 2357 1741 r
2392 1690 2486 1745 καὶ
2499 1687 2752 1744 ταπεινοῦ
2767 1688 2887 1743 καθ’
2904 1690 2937 1759 ἡ
2946 1687 3053 1759 μᾶς
3065 1684 3503 1759 παραδείγματος
3524 1683 3750 1753 γνῶναι.
3764 1682 3900 1736 οὐδὲ

2331 1800 2348 1832 s
2390 1780 2499 1854 γὰρ
2532 1780 2623 1834 τὸν
2653 1778 2747 1834 τοῦ
2767 1777 3055 1851 ἀνθρώπου
3074 1777 3231 1846 λόγον
3244 1776 3471 1848 δυνάμει
3490 1776 3586 1829 καὶ
3605 1776 3901 1831 ὑποστάσει

2335 1892 2353 1925 ι
2392 1872 2623 1949 χωρίσαι
2644 1874 2751 1926 τινὶ
2780 1871 3024 1926 δυνατόν.
3054 1870 3152 1925 Ἕν
3193 1869 3301 1941 γάρ
3328 1870 3443 1922 ἐστι
3475 1867 3569 1922 καὶ
3597 1866 3797 1921 ταύτὸν
3824 1865 3902 1937 τῷ

2336 1985 2354 2017 v
2393 1963 2661 2038 ἀνθρώπῳ
2685 1964 2714 2017 ό
2739 1963 2916 2033 λόγος,
2957 1964 3051 2018 καὶ
3074 1962 3251 2017 ούδενὶ
3292 1960 3660 2034 χωριζόμενος
3706 1958 3899 2031 ἑτέρῳ,

2335 2076 2353 2110 ι
2398 2057 2433 2128 ἢ
2463 2057 2602 2129 μόνῃ
2636 2058 2704 2128 τῇ
2731 2054 2833 2126 τῆς
2862 2054 3117 2127 πράξεως
3147 2054 3420 2127 ἐνεργείᾳ.
3451 2070 3471 2104 s
3511 2052 3623 2107 Καὶ
3650 2046 3809 2115 αὖθις
3834 2053 3901 2121 τῇ

2328 2151 2464 2223 αὐτῇ
2501 2148 2764 2222 κέχρηται
2794 2145 2961 2200 εἰκόνι
2993 2148 3051 2200 ἐν
3088 2141 3171 2210 οἷς
3198 2161 3363 2217 φησι*
3401 2162 3421 2197 ι
3460 2144 3646 2198 Πάντα
3669 2143 3780 2214 γάρ
3801 2142 3903 2197 ὅσα

2337 2259 2356 2293 s
2397 2241 2465 2295 ἂν
2492 2243 2523 2295 ό
2557 2239 2746 2312 Πατὴρ
2773 2237 2931 2312 λέγῃ,
2954 2236 3127 2292 ταῦτα
3172 2234 3450 2307 πανταχοῦ
3482 2235 3573 2289 διά
3597 2234 3693 2288 τοῦ
3727 2234 3900 2303 Λόγου

2337 2354 2355 2385 ι
2394 2334 2567 2403 λέγων
2596 2332 2861 2403 φαίνεται.
2878 2330 3053 2386 Τοῦτο
3080 2332 3137 2386 δέ
3162 2330 3322 2402 δῆλόν
3353 2330 3475 2383 ἐστι
3496 2329 3594 2383 καὶ
3622 2329 3719 2399 ἀφ’
3742 2327 3897 2400 ἡμῶν

2337 2445 2357 2478 s
2401 2425 2603 2489 αὐτῶν,
2637 2425 2738 2479 δσα
2768 2422 2940 2496 μικρά
2974 2421 3229 2495 μεγάλοις
3253 2421 3346 2476 καὶ
3374 2420 3541 2484 θείοις
3578 2419 3897 2474 ἀπεικάσαι.

2338 2539 2356 2570 ι
2401 2519 2512 2572 Καὶ
2556 2518 2723 2589 ἡμεῖς
2750 2514 2880 2587 γάρ,
2919 2513 3095 2573 πάντα
3123 2514 3226 2569 ὅσα
3251 2511 3319 2567 ἀν
3358 2510 3634 2582 θέλωμεν,
3668 2507 3814 2564 κατά
3843 2508 3903 2562 τὸ

2338 2630 2356 2662 ι
2394 2608 2612 2663 δυνατὸν
2640 2606 2817 2674 λέγειν
2841 2621 2904 2658 τε
2934 2604 3029 2659 καὶ
3050 2606 3244 2669 ποιεῖν,
3260 2602 3338 2673 τῷ
3360 2600 3617 2674 ἡμετέρῳ
3642 2599 3902 2670 ποιοῦμεν

2339 2722 2356 2753 ι
2395 2701 2557 2772 λόγῳ.
2601 2718 2621 2753 s
2654 2695 2840 2753 Ταῦτα
2870 2696 2931 2750 ού
2974 2695 3175 2767 μᾶλλον
3206 2692 3525 2767 Μαρκέλλου
3553 2693 3588 2764 ἢ
3608 2691 3902 2746 Σαδελλίου

678 2791 701 2826 s
740 2786 862 2843 qua
883 2771 1041 2829 Pater
1064 2773 1208 2863 loqui
1238 2774 1677 2863 deprehenditur,
1720 2776 1811 2830 illa
1840 2777 2020 2831 omnia
2049 2777 2228 2847 prolo-

2338 2771 2574 2863 λέγοντος
2617 2788 2833 2845 ἀκούειν
2870 2788 3135 2859 προσήκει
3155 2785 3413 2857 νομίζειν,
3437 2786 3487 2838 εί
3522 2782 3598 2856 μὴ
3622 2783 3730 2857 ἀρα
3762 2782 3905 2838 τοῦτ’

676 2881 701 2916 s
737 2864 921 2935 quitur
949 2878 1046 2932 per
1075 2862 1306 2919 Verbum
1356 2880 1532 2920 suum.
1576 2860 1754 2937 Atque
1802 2867 1906 2922 hoc
1961 2868 2015 2921 in
2073 2868 2230 2926 nobis

2338 2860 2668 2938 ἐπισκώπτοι
2694 2878 2968 2950 Σασελλιῳ
2996 2875 3338 2951 Μάρκελλος,
3354 2877 3437 2930 δτι
3466 2874 3541 2947 μὴ
3567 2875 3799 2939 ἀναιδῶς
3815 2873 3905 2929 τὸν

680 2969 703 3007 s
743 2955 873 3023 ipsis
898 2965 1122 3025 apparet
1148 2968 1269 3009 esse
1300 2956 1394 3019 ita,
1422 2956 1687 3026 siquidem
1709 2958 1890 3029 parvis
1919 2958 2078 3014 liceat
2106 2974 2226 3014 ma-

2338 2980 2391 3031 ἐν
2418 2974 2497 3047 τῷ
2522 2972 2642 3046 Θεῷ
2670 2971 3003 3044 σημαντικὸν
3029 2970 3221 3038 Λόγον,
3260 2967 3339 3033 ὡς
3368 2968 3532 3031 αὐτὸς
3553 2966 3747 3033 οῐεται,
3778 2966 3906 3021 Υίὸν

679 3063 699 3099 ι
737 3062 843 3118 gna
868 3062 1209 3119 componere.
1259 3046 1393 3103 Nam
1422 3063 1755 3120 quascunque
1802 3065 1901 3106 nos
1941 3049 2095 3121 juxta
2130 3068 2231 3107 no-

2338 3066 2533 3137 ἐτόλμα
2551 3062 2854 3136 ὀνομάζειν.
2886 3062 2960 3116 ού
2983 3061 3093 3133 γάρ
3119 3056 3187 3116 αὖ
3218 3059 3449 3131 τοσαύτη
3478 3056 3628 3130 αὐτῷ
3642 3055 3906 3129 λογισμοῦ

677 3167 689 3183 ι
740 3148 912 3191 strum
941 3151 1129 3207 posse,
1171 3137 1352 3194 dicere
1380 3138 1463 3192 vel
1498 3138 1682 3196 facere
1718 3143 2101 3213 cupiverimus,
2134 3158 2231 3208 per

684 3243 705 3253 Α
742 3238 981 3253 _.u.s...-...
1030 3244 1127 3253 μ--
1177 3228 1398 3253 ---1.----
1448 3230 1534 3253 :II-
1571 3229 1753 3253 -Ω.-ι-
1791 3233 1973 3253 J-_._._
2107 3233 2227 3253 II“-

2338 3160 2516 3231 παρῆν
2537 3158 2711 3221 ἀνοια,
2730 3156 2805 3220 ὡς
2831 3153 3002 3223 Λόγον
3030 3154 3229 3224 ὁμοίως
3244 3149 3570 3253 ἀνθρωποις,
3581 3149 3692 3253 fat
3716 3148 3800 3253 τῷ
3818 3147 3909 3253 ἐπὶ

680 3243 705 3280 s
742 3238 983 3283 nostrum
1030 3244 1130 3284 nos
1177 3228 1402 3285 verbum
1447 3230 1539 3287 illa
1567 3229 1759 3287 eﬂecta
1785 3233 1997 3289 damus.
2051 3253 2071 3287 ι
2106 3233 2232 3291 Haec

2338 3228 2551 3305 πάντων
2583 3249 2779 3303 διδόναι
2808 3244 2946 3317 Θεῷ.
2990 3244 3115 3299 Οὐδ’
3143 3243 3315 3309 οὕτως
3345 3241 3551 3313 ἠλίθιος
3580 3235 3671 3313 ἦν,
3699 3240 3779 3304 ὡς
3819 3237 3909 3293 τὸν

676 3332 777 3373 nos
818 3328 1029 3388 oportet
1073 3321 1385 3378 existimare
1432 3337 1538 3379 nou
1569 3324 1745 3379 minus
1782 3323 2094 3382 Marcellum
2152 3326 2232 3382 di-

2338 3342 2412 3414 μὴ
2435 3340 2714 3411 ὑφεστῶτα
2736 3338 2921 3409 λόγον,
2950 3336 3079 3391 Υίὸν
3094 3335 3229 3390 Θεοῦ
3250 3334 3451 3390 καλεῖν.
3475 3334 3695 3403 Διόπερ,
3720 3328 3911 3384 2:160.-

678 3414 891 3463 centem
930 3409 1136 3473 audire.
1173 3427 1336 3481 quam
1371 3409 1687 3470 Sabeliium.
1728 3414 1838 3471 Nisi
1886 3416 2025 3473 forte
2051 3418 2232 3473 riden-

2338 3409 2444 3498 λιος
2481 3409 2591 3486 -ἐνα
2646 3430 2779 3485 Θεὸν
2831 3427 3023 3494 εἰπὼν,
3076 3427 3171 3482 τὸν
3228 3426 3287 3481 δέ
3333 3425 3461 3479 Υίὸν
3505 3422 3906 3496 ἀρνησάμενος,

675 3498 803 3553 dum
843 3499 1060 3556 volebat
1088 3500 1381 3557 Sabellium
1425 3502 1710 3561 Marcellus
1747 3506 2067 3577 propinare;
2108 3509 2232 3579 quia

2338 3524 2616 3597 ἐπομένως
2652 3526 2720 3593 τῇ
2764 3520 2914 3592 αὐτῷ
2941 3518 3160 3593 δοθείσῃ
3193 3515 3464 3581 ύποθισει,
3492 3515 3584 3569 τὸν
3614 3513 3778 3568 αὐτὸν
3802 3512 3912 3566 Πα-

678 3606 784 3685 uon
815 3592 1089 3685 audebat,
1150 3594 1292 3664 quod
1339 3610 1503 3652 ausus
1529 3606 1614 3653 est
1667 3598 1801 3667 ipse,
1834 3598 2066 3655 Verbum
2106 3600 2232 3657 illud

2338 3592 2468 3685 τέρα
2488 3609 2626 3666 εῖναι
2645 3592 2739 3665 καὶ
2754 3608 2880 3663 Υίὸν
2901 3592 3461 3679 ἐφασκε.Μάρκελλος
3480 3603 3535 3659 δέ
3553 3602 3689 3675 (65),
3711 3602 3914 3673 ὁμοίως

675 3679 774 3739 Del
811 3682 1193 3752 indicativum,’
1237 3690 1381 3758 quod
1421 3689 1693 3745 existimat
1748 3699 1988 3759 tantum,
2038 3691 2234 3750 Filium

676 3774 774 3832 Dei
814 3776 1112 3833 nominare.
1153 3778 1313 3836 Certe
1364 3796 1471 3837 non
1520 3796 1586 3837 eo
1610 3782 1855 3854 prorupit
1897 3782 1944 3839 is
1989 3784 2233 3850 insanity,

680 3875 741 3921 ut
773 3881 1102 3935 sermonem,
1154 3885 1250 3939 per
1296 3872 1479 3930 omnia
1515 3872 1753 3929 humano
1801 3874 2133 3930 simillimum
2173 3882 2232 3941 sit

682 3956 794 4013 Deo
818 3957 1056 4013 omnium
1105 3974 1358 4029 supremo
1390 3960 1615 4016 auderet
1642 3962 1936 4019 ascribere.
1988 3962 2094 4019 Sed
2137 3979 2240 4019 nec

678 4060 747 4103 eo
770 4048 1015 4105 stultitim
1043 4050 1279 4113 devenit,
1306 4062 1365 4106 ut
1400 4051 1622 4107 verbum
1656 4052 1871 4124 aliquod
1923 4068 2026 4109 nou
2059 4056 2240 4111 subsi-

678 4156 852 4216 stens,
897 4146 1094 4203 Filium
1147 4148 1241 4204 Dei
1270 4148 1593 4203 nominaret.
1648 4146 1910 4215 Quocirca
1944 4152 2035 4221 qui
2075 4166 2238 4205 unum

678 4237 814 4294 dixit
854 4237 1020 4293 Deum
1067 4238 1354 4307 Sabellius,
1406 4236 1598 4294 Filium
1621 4253 1749 4293 vero
1780 4239 2085 4310 abnegavit,
2114 4256 2242 4296 con-

676 4339 1004 4402 sequenter,
1061 4332 1351 4387 secundum
1404 4345 1554 4387 suam
1608 4332 2025 4400 suppositionem
2093 4347 2244 4386 eum-

675 4422 798 4477 dem
851 4420 1135 4477 aﬂirmavit
1160 4421 1396 4487 Patrem,
1430 4436 1590 4492 quem
1630 4429 1685 4478 et
1723 4420 1937 4476 Filium.
1968 4419 2246 4478 Marcellus

2337 3704 2531 3775 ἐκείνῳ
2554 3702 2612 3756 ἐν
2636 3700 2731 3755 καὶ
2752 3698 2949 3755 ταύτὸν
2978 3694 3117 3751 εἶναι
3152 3696 3244 3751 τὸν
3264 3695 3417 3761 Θεὸν,
3450 3694 3545 3748 καὶ
3564 3693 3657 3747 τὸν
3683 3695 3743 3747 ἐν
3765 3691 3915 3762 αὐτῷ

2338 3790 2511 3859 Λόγον
2542 3787 2736 3851 διδοὺς,
2773 3786 2949 3858 μάτην
2976 3782 3239 3854 ἐσφάλθαι
3265 3782 3355 3837 τὸν
3377 3781 3684 3843 Σαδέλλιον,
3717 3781 3839 3853 οὐχὶ
3858 3780 3914 3833 δέ

2340 3883 2434 3937 καὶ
2458 3880 2649 3934 ἐαυτὸν
2676 3877 2943 3949 ὁμολογεῖ.
2990 3875 3061 3929 Ἤ
3110 3874 3221 3947 γὰρ
3256 3874 3503 3928 κάκεῖνον
3549 3870 3912 3943 ἀποδέχεσθαι

2340 3972 2499 4044 χρῆν,
2526 3969 2561 4041 ἢ
2592 3969 2687 4022 καὶ
2724 3964 2887 4022 αὑτὸν
2923 3964 3233 4038 μέμφεσθαι
3258 3979 3273 3993 ο
3308 3965 3343 4037 η
3382 3964 3737 4037 μεμφόμενον
3772 3964 3915 4017 ἐκεῖ-

2342 4080 2456 4129 νον,
2490 4062 2591 4135 τὴν
2628 4060 2820 4131 ὁμοίαν
2850 4057 3002 4130 αὐτῷ
3041 4054 3360 4123 κακοδοξίαν
3398 4055 3785 4127 ἐκτρέπεσθαι,
3822 4054 3917 4109 καὶ

2346 4152 2421 4223 μὴ
2449 4148 2883 4224 ἀνδριαντοποιοῦ
2920 4148 3077 4218 δίκην
3112 4144 3459 4200 ὑποτίθεσθαι
3500 4143 3592 4198 τὸν
3637 4143 3797 4210 Θεὸν,
3848 4146 3916 4215 τῇ

2345 4242 2537 4297 ἐαυτοῦ
2576 4241 2870 4313 ἐνθυμήσει
2896 4240 2991 4294 καὶ
3013 4237 3091 4310 τῷ
3116 4237 3230 4309 ίδίῳ
3248 4235 3496 4308 λογισμῷ
3536 4234 3921 4308 προσδιαλεγό-

2350 4352 2528 4409 μενον,
2561 4334 2719 4388 αὐτόν
2746 4350 2804 4389 τε
2835 4331 3012 4403 ἐαυτῷ
3046 4328 3547 4405 παρακελευόμενον
3568 4328 3774 4399 λέγειν,
3802 4328 3918 4399 (οδ)

2350 4428 2484 4496 ’Λγε
2527 4425 2861 4495 ποιήσωμεν,
2903 4421 3005 4490 ἀγε
3051 4419 3344 4491 πλάσωμεν
3390 4417 3707 4490 ἀνδριάντα.
3766 4418 3922 4475 οὕτω

676 4528 807 4569 vero
836 4515 928 4585 qui
965 4516 1185 4579 perinde
1238 4524 1401 4585 atque
1447 4515 1535 4570 ille
1570 4516 1733 4570 Deum
1777 4530 1942 4569 unum
1995 4515 2232 4585 idemque

2348 4518 2456 4590 γὰρ
2477 4516 2568 4570 καὶ
2588 4514 2677 4568 τὸν
2687 4514 2817 4568 Θεὸν
2834 4512 3111 4584 εἰρηκέναι
3123 4511 3205 4575 τὸ,
3221 4510 3573 4580 Ποιήσωμεν
3586 4511 3921 4580 ἄνθρωπον,

676 4606 948 4663 statuebat
978 4622 1099 4662 cum
1134 4604 1308 4663 Verbo
1333 4624 1451 4672 suo,
1481 4608 1661 4677 inepte
1690 4619 1913 4663 accusat
1938 4608 2237 4663 Sabeiiium

673 4700 899 4767 erroris,
928 4714 1150 4769 prorsus
1177 4701 1277 4755 nisi
1310 4716 1368 4757 se
1391 4710 1446 4757 et
1472 4715 1685 4757 errasse
1710 4699 1961 4757 fateatur.
1994 4700 2127 4755 Nam
2159 4700 2243 4754 vel

677 4806 802 4849 cum
846 4792 1082 4848 Sabellio
1112 4793 1431 4861 conspirare
1480 4794 1731 4859 debebat,
1771 4794 1855 4849 vel
1886 4794 2239 4861 semetipsum

678 4886 1031 4953 redarguere,
1071 4893 1163 4940 aut
1204 4886 1248 4941 si
1300 4887 1625 4955 redarguere
1664 4884 1962 4941 Sabellium
2003 4882 2239 4948 volebat,

677 4978 921 5033 eamdem
968 4994 1185 5050 pravam
1220 4995 1371 5034 suam
1417 4979 1663 5034 haresim
1707 4977 1958 5046 abiurare
1987 4993 2111 5033 eum
2151 4977 2244 5032 de—

678 5070 845 5128 cuit:
887 5085 987 5127 nec
1035 5070 1327 5129 admodum
1382 5070 1613 5141 alicujus
1657 5080 1851 5127 statuae
1902 5068 2241 5134 conﬂatoris,

681 5164 849 5220 Deum
886 5178 1189 5235 supponere
1226 5165 1640 5235 colloquentem.
1673 5179 1793 5217 cum
1824 5178 1920 5218 sua
1943 5160 2239 5217 ratiOcina-

684 5258 853 5320 tione,
897 5264 953 5310 et
998 5256 1161 5311 animi
1218 5258 1299 5312 sui
1356 5254 1758 5326 intelligentia:
1803 5256 2087 5325 ipsumque
2140 5248 2243 5304 sibi

683 5346 785 5419 ipsi
811 5348 1161 5417 imperantem
1190 5349 1531 5405 introducere
1558 5351 1625 5404 ad
1659 5349 1801 5403 hunc
1842 5347 2057 5403 modum
2092 5360 2106 5395 :
2140 5341 2245 5396 Fa-

770 5492 832 5553 rIv
865 5488 962 5545 Ed.
984 5488 1179 5559 Paris.,
1207 5507 1329 5563 pag.
1367 5491 1455 5549 80.

779 5650 846 5707 65
897 5652 1065 5722 Vulgo
1089 5654 1287 5726 ὁμοίως
1316 5654 1465 5725 αὐεῷ
1488 5665 1540 5710 et
1560 5655 1712 5708 ἀποδ.
1744 5654 1929 5725 ἐχρῆν.

757 5650 869 5794 ἕθδί
900 5725 1030 5794 Ἄγε
1066 5727 1431 5794 ποιήσωμεν.
1471 5724 1774 5792 Legemium
1810 5727 1929 5794 ποιή

779 5721 1030 5797 66)ᾲ”ᾼτε
1066 5721 1447 5796 uessicamer
1471 5721 2155 5797 legentiuiii"5zroti)owpev.
2193 5732 2249 5797 ut

688 5791 823 5850 alias
850 5791 1116 5863 habetur,
1160 5791 1341 5856 statim
1378 5814 1472 5868 pro
1512 5791 1812 5866 μηδέποτε,
1861 5791 2083 5852 restitue
2122 5795 2251 5848 ποτέ

2348 4611 2472 4681 ἔφη,
2501 4607 2773 4680 meum
2803 4606 2901 4678 μὲν
2921 4603 3238 4668 ἐνδιάθετον,
3262 4603 3338 4667 ὼς
3360 4601 3731 4676 ἐπ’ἀνθρώπῳ
3744 4604 3920 4673 λόγον,

2351 4701 2478 4755 ποτὲ
2518 4700 2574 4752 δέ
2598 4695 2954 4771 σημαντικὸν,
2971 4695 3152 4759 ὡςτὸν
3186 4697 3243 4749 ἐν
3264 4697 3397 4766 ἡμῖν
3422 4694 3758 4768 προφορικὸν
3779 4735 3794 4755 ,
3831 4693 3925 4748 καὶ

2350 4798 2408 4849 ἐν
2444 4793 2521 4866 τῷ
2535 4791 2654 4864 Θεῷ
2683 4788 3048 4845 ὑποτίθεσθαι.
3080 4786 3267 4842 Ταῦτα
3289 4788 3401 4860 γὰρ
3429 4786 3717 4841 Σαδελλίου
3743 4786 3926 4859 ἢἹου·

2350 4886 2515 4940 δαίων
2543 4882 2688 4947 τινὸς
2720 4880 2832 4936 τῶν
2856 4881 2947 4934 τὸν
2978 4878 3107 4933 Υίὸν
3136 4877 3232 4932 τοῦ
3270 4876 3408 4931 Θεοῦ
3444 4875 3925 4949 ἀπαρακαλύπτως

2349 4977 2692 5049 ἀρνουμένων
2706 4971 2930 5030 ἀνεκτὸν
2952 4965 3021 5043 ἦν
3053 4967 3301 5042 μᾶλλωῆ
3320 4964 3646 5039 Χριστιανοῦ
3680 4965 3931 5035 λέγοντος

2350 5066 2587 5123 ἀκούειν.
2627 5067 2686 5121 '0
2707 5066 2775 5133 δ’,
2794 5065 2983 5136 ὥσπερ
3002 5060 3539 5133 ἐγκαλλωπιζόμινος
3564 5061 3633 5130 τῇ
3662 5058 3926 5129 Ἰουδαϊκῇ

2348 5159 2681 5231 διδασκαλίᾳ,
2714 5159 2773 5229 τῇ
2796 5154 3094 5228 Ἐκκλησία
3119 5150 3356 5226 Χριστοῦ
3386 5151 3515 5223 περὶ
3554 5150 3648 5203 τοῦ
3692 5150 3769 5220 μὴ
3796 5144 3929 5203 εἶναι

2350 5252 2441 5305 τὸν
2473 5252 2598 5306 Υίὸν
2638 5249 2734 5304 τοῦ
2774 5247 2932 5313 Θεοῦ,
2978 5246 3041 5300 τὸ
3085 5244 3377 5310 δυσσεδέςικ
3400 5242 3551 5297 τουτὶ
3613 5240 3710 5295 καὶ
3774 5238 3927 5294 ἄθεον

2354 5344 2561 5414 εἰσάγει
2592 5343 2788 5414 δόγμα,
2824 5339 2933 5415 πρὸ
2965 5337 3062 5393 τοῦ
3102 5339 3195 5393 τὸν
3229 5337 3433 5407 κόσμον
3473 5330 3731 5401 γενέσθαι
3769 5329 3927 5401 μηδὲν

2432 5668 2481 5704 ν.
2521 5648 2592 5703 Μ.
2613 5678 2683 5690 --
2700 5644 2869 5726 Vulgo
2900 5660 3060 5726 supra
3095 5642 3445 5721 πλάσσωμεν.
3470 5637 3587 5726 hic:
3613 5634 3931 5726 vuigoans

2360 5709 2421 5793 δὴ
2446 5738 2576 5845 σηέι.
2629 5727 2684 5770 et
2715 5709 2867 5776 ἐκκλ.
2898 5709 2993 5778 τοῦ
3024 5732 3111 5786 χρ.
3144 5724 3195 5771 et
3226 5709 3335 5765 τοῦ
3354 5709 3673 5781 ποιηθέντος
3709 5709 3857 5777 αὖτῷ
3882 5716 3933 5762 et

2360 5809 2506 5849 παρα
2539 5786 2867 5857 εδειγμένον.
