4106 6410
223 409 330 469 Mi

1191 413 1280 470 DE
1327 411 1869 472 ECCLESIASTICA
1911 411 2315 470 THEOLOGIA
2354 410 2482 470 LIB.
2524 411 2565 472 I.

3423 420 3528 473 8(‘2

223 529 416 603 ἓτερον
450 529 588 589 εἶναι
626 536 764 608 πλὴν
796 535 931 590 Θεοῦ
968 537 1152 609 μόνου,
1181 536 1247 590 δι’
1278 536 1400 591 ὅλου
1429 534 1524 589 τοῦ
1561 536 1794 607 πονηθέν

1926 536 2137 592 ciamus
2168 535 2421 603 agedum,
2467 536 2697 603 agedum
2735 535 3022 603 ﬁngamus,
3081 551 3183 607 age
3216 538 3447 596 conﬂem
3463 553 3528 592 us

225 639 321 689 τος
337 625 488 698 αὺτῷ
515 630 943 701 συγγράμματος
965 629 1407 695 κατασκευάζων,
1432 629 1497 682 ἵν’
1514 627 1814 702 ἀποκλείσῃ

223 715 305 788 τῷ
346 719 461 792 Υξῷ
505 720 603 792 τὴν
655 722 907 794 πάροδον.
955 724 1115 778 Ἀλλὰ
1145 723 1240 777 καὶ
1272 722 1595 793 σεμνύνεται
1629 722 1814 792 αὐχῶν

223 810 324 863 ενα
378 811 511 866 Θεὸν
557 812 772 867 ειδέναι·
824 814 900 880 ὡς
957 816 1078 886 οὐχ).
1128 815 1222 869 καὶ
1250 814 1408 886 ἡμῶν
1434 814 1593 869 τοῦτο
1624 815 1811 883 λεγόν-

220 919 355 966 των,
386 903 478 957 τὸν
507 904 634 959 Υίὸν
680 906 773 961 τοῦ
803 907 938 962 Θεοῦ
973 907 1188 978 ἀληθῶς
1227 907 1357 960 Υίὸν
1402 903 1542 961 εἶναι
1573 907 1812 980 παραδε-

222 993 546 1067 δειγμένων,
583 1000 714 1071 παρ’
731 1000 895 1054 αὐτοῦ
909 999 1391 1072 τεμεμαθηκότων
1409 1001 1505 1056 ενα
1522 1000 1810 1072 γνωρίζειν

221 1086 378 1154 Θεὸν,
411 1089 574 1145 αὐτόν
604 1109 666 1146 τε
687 1088 825 1147 εἶναι
847 1093 981 1149 Θεὸν
1014 1095 1149 1166 ὁμοῦ
1171 1096 1267 1150 καὶ
1290 1095 1512 1167 Πατέρα
1531 1091 1645 1164 (67)
1675 1092 1806 1146 Υίοῦ

218 1179 318 1234 τοῦ
350 1182 695 1253 μονογενοῦς,
722 1187 917 1242 ἑαυτοῦ
932 1188 1139 1260 δηλαδὴ
1150 1188 1304 1253 όντος
1317 1187 1532 1260 άληθῶς
1545 1185 1678 1240 Υἱοῦ
1701 1185 1808 1258 πρὸ

219 1271 442 1328 πάντων
470 1274 681 1330 αίώνων
716 1277 776 1344 ἐξ
809 1279 976 1334 αὐτοῦ
1001 1280 1394 1350 γεγενημένου,
1420 1280 1516 1333 καὶ
1543 1278 1605 1333 οὐ
1646 1277 1806 1349 μόνον

1924 635 2185 682 statuam.
2218 626 2292 680 lla
2327 629 2472 682 enim
2504 629 2764 697 supponit
2801 630 2966 683 Deum
3013 629 3306 701 aliquando
3335 635 3516 703 prolo-

1921 728 2130 781 culum,
2165 715 2454 772 Faciamus
2485 719 2748 772 hominem
2777 721 2843 774 ".
2870 720 3147 791 Nusquam
3172 733 3325 778 certe
3359 732 3518 779 vocat

1921 811 2159 866 Verbum
2197 812 2342 865 intus
2370 811 2748 878 constitutum,
2777 817 3050 882 quotnodo
3084 814 3234 884 loqui
3271 830 3388 870 mos
3421 824 3516 870 est

1918 904 1972 957 in
2010 904 2292 957 humanis:
2319 915 2375 958 at
2413 906 2684 959 interdum
2727 915 2882 961 vocat
2918 908 3296 972 indicativum,
3337 908 3515 963 similv

1915 999 2103 1054 limum
2137 1009 2326 1055 nostro
2355 1001 2520 1055 verbo
2544 1001 2841 1074 prolatitio.
2873 1001 3030 1057 Esset
3055 1002 3158 1058 hoc
3190 1003 3244 1057 in
3273 1000 3514 1058 Sabellio

1914 1092 2136 1162 quidem
2214 1093 2538 1158 tolerabile:
2569 1095 2654 1150 vel
2701 1095 2752 1160 in
2786 1094 3098 1151 Judzrorum
3167 1095 3353 1166 aliquo
3415 1095 3514 1167 qui

1912 1187 2031 1241 sine
2062 1186 2515 1255 tergiversatione
2545 1188 2724 1258 aliqua
2762 1187 2956 1243 Filium
2981 1188 3075 1243 Dei
3108 1197 3512 1260 pernegaturus

1910 1287 2055 1334 esset
2092 1300 2107 1334 :
2145 1289 2200 1333 at
2233 1281 2356 1350 quis
2393 1281 2509 1336 haec
2537 1281 2810 1336 dicentem
2837 1280 3213 1338 Christianum
3240 1282 3416 1338 lerat?
3441 1283 3513 1338 At

1913 1371 2005 1426 ille
2051 1372 2212 1428 veluti
2251 1375 2342 1443 qui
2399 1374 2729 1446 gloriaretur
2777 1376 2844 1431 de
2890 1374 3212 1442 Judaismo,
3277 1375 3510 1448 impium

1912 1465 2108 1537 dogma
2146 1476 2312 1536 atque
2349 1469 2574 1523 atlieum
2617 1467 2918 1523 introducit
2969 1468 3020 1522 in
3063 1466 3387 1534 Ecclesiam,
3421 1465 3513 1523 Fi-

216 1364 394 1434 Λόγου
437 1367 775 1440 κεκλημένου
826 1369 934 1442 πρὸ
966 1371 1063 1442 τῆς
1103 1370 1420 1442 ἀναλήψεως
1450 1370 1550 1441 τῆς
1579 1370 1803 1442 σαρκὸς,

217 1458 355 1530 ὅπερ
379 1459 411 1511 ό
441 1462 687 1528 γενναῖος
727 1461 1046 1534 διορίζεται,
1096 1462 1232 1516 ἀλλὰ
1270 1463 1365 1516 καὶ
1409 1462 1584 1534 μυρία
1615 1460 1801 1537 ἕτερα,

213 1552 244 1604 ό
261 1550 319 1606 δὲ
353 1549 460 1606 κᾶν
488 1552 684 1624 τούτῳ,
711 1555 813 1626 τῆς
833 1553 987 1620 θείας
1005 1555 1233 1629 Γραφῆς
1259 1555 1678 1628 καταψεύδεται,
1697 1557 1794 1628 πρὸ

1913 1558 2044 1614 lium
2070 1560 2165 1615 Dei
2189 1562 2504 1631 neutiquam
2535 1563 2837 1626 exstitisse,
2885 1572 3013 1617 ante
3057 1560 3244 1616 mundi
3299 1561 3508 1631 produ-

212 1644 316 1717 τῆς
372 1646 640 1719 ἑνσάρκου
697 1649 1003 1720 παρουσίας
1055 1650 1221 1727 μηδὲν
1259 1650 1448 1724 ἕτερον
1502 1651 1794 1724 κεκλῆσθαι

1911 1650 2145 1707 ctionem
2176 1671 2191 1707 :
2224 1669 2346 1708 cum
2375 1654 2493 1709 solo
2521 1653 2632 1709 Deo
2664 1665 2894 1724 excepto
2926 1653 3059 1709 nihil
3083 1653 3244 1724 plane
3267 1662 3511 1710 exstaret

213 1739 377 1794 αὑτὸν
399 1739 889 1814 άπισχυριζόμενος
915 1742 948 1812 ἢ
969 1742 1159 1826 Λόγον.

1911 1745 2030 1799 ibi:
2076 1746 2289 1816 hecque
2338 1746 2516 1818 ipsum
2565 1747 2946 1812 constabilire,
2987 1745 3326 1819 perscripti
3357 1745 3508 1802 illius

214 1833 300 1889 sui
330 1848 644 1904 processum
673 1845 906 1892 conatur
939 1836 1255 1894 universum
1288 1855 1304 1893 :
1343 1839 1396 1894 in
1427 1854 1549 1896 eum
1603 1839 1790 1905 linem,
1827 1848 1887 1895 ut
1918 1839 2059 1896 Filio
2124 1856 2344 1898 omnem
2410 1844 2618 1899 aditum
2653 1845 2721 1898 ad
2767 1843 3184 1899 subsistentiam
3236 1841 3508 1904 interclu-

213 1931 328 1987 dat.
365 1928 473 1987 Sed
504 1941 561 1988 et
587 1932 812 2004 insuper
840 1936 1195 2003 vehementer
1227 1938 1509 2006 gloriatur.
1543 1951 1604 1994 se
1634 1953 1800 1992 unum
1843 1940 2219 1995 tantummodo
2265 1940 2432 1996 Deum
2504 1956 2838 2013 agnoscere:
2902 1942 3062 2012 quasi
3097 1942 3201 1998 hoc
3247 1956 3346 1998 nos
3395 1957 3505 1996 non

212 2024 598 2082 conﬁteremur
626 2043 752 2084 cum
776 2029 891 2096 illo,
920 2031 1014 2109 qui
1044 2040 1223 2096 tamen
1257 2031 1350 2096 Dei
1381 2048 1568 2094 revera
1599 2033 1798 2088 Filium
1836 2048 1963 2091 esse
2015 2036 2352 2106 accepimus,
2399 2046 2453 2093 et
2513 2038 2582 2093 ab
2622 2038 2854 2106 ipsumet
2895 2037 3061 2092 etiam
3128 2036 3270 2092 Filio
3335 2053 3505 2092 unum

212 2119 381 2178 Daem
413 2135 713 2194 agnoscere
747 2125 926 2182 edocti
966 2126 1191 2191 fuimus,
1223 2128 1510 2200 ipsumque
1544 2130 1712 2185 Deum
1732 2144 1854 2192 esse
1893 2131 2244 2203 simulatque
2263 2132 2478 2189 Patrem
2505 2133 2631 2189 Filii
2655 2135 2949 2205 unigeniti,
2978 2135 3062 2190 sui
3088 2148 3285 2206 nempe
3303 2134 3504 2205 ipsius,

209 2213 302 2284 qui
336 2230 435 2273 nos
471 2217 553 2274 sic
576 2218 782 2287 docuit,
823 2222 916 2293 qui
966 2238 1093 2280 vere
1129 2223 1299 2285 Filius
1336 2225 1639 2281 exsistebat
1663 2236 1793 2281 ante
1837 2229 2025 2284 omnia
2066 2229 2288 2295 secula,
2330 2231 2398 2286 de
2434 2229 2526 2286 illo
2577 2229 2743 2286 Patre
2800 2231 3038 2302 genitus,
3064 2244 3226 2301 quem
3265 2247 3371 2287 non
3408 2246 3501 2286 so,

211 2311 318 2367 lum
362 2311 601 2370 Verbum
671 2319 1000 2389 compellare
1047 2319 1290 2377 solemus
1320 2362 1336 2387 ,
1387 2321 1554 2378 etiam
1591 2330 1719 2378 ante
1758 2336 2074 2395 susceptam
2097 2339 2341 2391 carnem,
2377 2326 2455 2380 uti
2484 2325 2636 2380 illum
2682 2323 3091 2406 circumscribit
3155 2325 3335 2382 bonus
3397 2325 3506 2381 iste

207 2410 313 2476 vir,
347 2410 442 2466 sed
475 2411 656 2469 multis
683 2413 805 2470 aliis
838 2416 1153 2473 nominibus
1180 2456 1197 2481 ,
1250 2418 1346 2487 qui
1410 2417 1515 2486 hoc
1573 2418 1691 2489 ipso
1740 2419 2010 2484 mendacii
2071 2421 2321 2493 coarguit
2347 2419 2714 2490 Scripturam,
2758 2420 2895 2478 dum
2940 2419 3322 2477 vehementius
3354 2433 3506 2476 asse-

206 2513 362 2560 verat
413 2503 564 2562 illum
611 2506 759 2566 nullo
789 2507 896 2565 alio
943 2510 1166 2566 nomine
1219 2510 1498 2568 exstitisse
1525 2520 1740 2581 notum,
1772 2520 1904 2568 ante
1935 2526 2090 2568 suam
2125 2513 2584 2569 incarnationem.

846 2605 1005 2660 ΚΕΦ.
1047 2607 1152 2660 IH’.

205 2689 406 2772 ὀξως
451 2693 567 2762 πρὸ
613 2693 728 2772 stic
776 2696 1288 2772 έναναρωπῄσεως
1357 2690 1562 2772 οὐδένα
1589 2699 1798 2772 ἕτερον

272 2761 870 2842 ἔφασκεν-εἶναιτὰ
916 2761 1054 2842 flor
1076 2761 1126 2839 ἦ
1145 2761 1363 2840 Λόγον,
1407 2769 1571 2839 αὐτῷ
1602 2761 1798 2842 μόθον

274 2832 482 2904 ὅμοιον
507 2835 588 2903 τῷ
613 2837 750 2907 παρ’
773 2832 1128 2908 ἀνθρὼποις’.

286 2923 620 2980 Ἑπάκουσον
665 2916 820 2996 γοῦν,
862 2927 940 2992 ὠς
975 2921 1377 2984 διαϐεϐαιοῦται
1396 2969 1413 2995 ,
1460 2929 1646 2993 αὐτοῖς
1695 2928 1798 3001 ρήο

209 3032 339 3089 μασι
389 3016 576 3073 τοῦτον
616 3020 846 3093 γράφων
885 3020 978 3075 τὸν
1016 3021 1252 3094 τρόπον’
1308 3041 1328 3074 ι
1375 3022 1538 3076 Ὥστε
1587 3037 1794 3076 παντα-

210 3131 231 3166 ι
275 3112 431 3186 κόθεν
463 3113 576 3187 (68)
612 3115 740 3170 ἐστὶ
770 3114 953 3186 δῆλον,
987 3116 1151 3190 μηδὲν
1185 3117 1374 3190 ἓτερον
1414 3119 1481 3190 τῇ
1529 3115 1793 3189 ὰῖῦιότητι

212 3223 230 3257 ι
271 3203 367 3259 τοῦ
389 3203 563 3275 Λόγου
592 3205 886 3279 ἁρμόττειν
911 3205 1102 3278 ὄνομα,
1140 3206 1173 3278 ἢ
1203 3205 1372 3275 τοῦθ’,
1405 3207 1543 3279 ὅπερ
1564 3208 1594 3261 ό
1625 3205 1796 3275 ἁγιώ-

208 3317 230 3358 s
272 3315 433 3362 τατος
463 3297 558 3352 τοῦ
590 3297 727 3353 Θεοῦ
771 3297 1020 3370 μαθητὴς
1057 3299 1153 3353 καὶ
1185 3298 1483 3362 ἀπόστολος
1517 3297 1792 3371 Ἰωάννης,

207 3410 227 3444 ι
273 3393 332 3446 ἑν
379 3392 522 3465 ἀρχῇ
571 3390 667 3446 τοῦ
722 3389 1057 3461 Εὐαγγελίου
1108 3391 1352 3466 εἴρηκεν.
1409 3390 1630 3464 Ἐπειδὴ
1685 3391 1793 3464 γὰρ

209 3501 228 3536 ι
278 3482 416 3555 μετὰ
459 3482 560 3556 τὴν
605 3484 708 3556 τῆς
762 3483 964 3556 σαρκὸς
1002 3484 1269 3557 ἀνάληψιν
1315 3484 1554 3557 Χριστός
1597 3501 1659 3538 τε
1701 3483 1795 3539 καὶ

205 3593 226 3627 ι
284 3575 489 3647 Ἰησοῦς
516 3574 865 3649 κηρύττεται,
895 3575 1007 3649 ζωή
1041 3594 1102 3631 τε
1137 3577 1230 3631 καὶ
1268 3577 1420 3644 ὁδὸς,
1476 3578 1572 3632 καὶ
1611 3577 1793 3650 ἡμέρα

208 3682 228 3717 ι
273 3668 366 3721 καὶ
397 3667 732 3736 ἀνάστασις,
777 3667 873 3724 κα)⁵
922 3667 1062 3740 θύρα
1125 3669 1222 3724 καὶ
1268 3668 1470 3742 ἄρτος,
1518 3669 1615 3724 κο.)⁸
1661 3669 1715 3724 εῐ
1736 3686 1792 3724 τι

183 3775 226 3810 «ι
269 3757 458 3831 ἕτερον
512 3759 621 3814 suae
679 3759 792 3814 τῶν
837 3759 1000 3817 θείων
1045 3760 1366 3834 ὀνομάζοιτο
1419 3762 1673 3836 Γραφῶν,
1730 3761 1805 3832 οὐ,

205 3871 225 3904 ι
272 3852 424 3926 παρὰ
477 3853 636 3908 τοῦτο
678 3855 894 3924 ἀγνοεῖν
947 3856 1096 3929 ἡμᾶς
1143 3857 1412 3928 προσήκει
1469 3856 1531 3911 τὸ
1577 3856 1793 3930 πρῶτον

2443 2615 2506 2675 ἧς
2531 2607 2688 2666 CAP.
2741 2606 2924 2665 XVIII.

1903 2702 2062 2771 Quod
2091 2703 2311 2773 afﬁrmet
2361 2700 2560 2773 Filium
2590 2712 2713 2756 ante
2742 2708 3074 2773 assumptum
3114 2715 3325 2754 carnem

1969 2768 2192 2843 prorsus
2226 2771 2377 2827 aliud
2408 2772 2672 2827 exstitisse
2691 2787 2854 2840 quam
2905 2768 3154 2834 Verbum,
3187 2769 3497 2831 Consimilit-

1974 2860 2119 2899 ntunt
2143 2844 2377 2898 humano
2407 2845 2585 2898 verba.

1971 2937 2110 2993 Audi
2130 2947 2317 2992 autem
2335 2936 2610 3007 quomodo
2625 2937 2730 2992 hoc
2749 2935 2926 3007 ipsum
2945 2935 3162 2998 doceat,
3184 2934 3313 2991 dum
3332 2934 3506 2992 disea-

1898 3028 1972 3085 tis
1994 3028 2214 3100 quidem
2242 3027 2518 3083 verbisita
2550 3027 2745 3084 scribit
2774 3025 2867 3102 [Β.
2889 3026 3166 3101 XXXVII}
3190 3044 3236 3082 ει
3257 3027 3409 3082 Adeo
3441 3035 3505 3083 It

1903 3137 1924 3172 σ
1968 3119 2126 3191 plane
2147 3121 2295 3176 omni
2315 3121 2478 3176 modo
2509 3121 2861 3186 manifestum
2888 3121 3072 3189 fuerit,
3093 3121 3302 3178 nullum
3332 3121 3502 3179 alium

1903 3228 1924 3261 ι
1967 3223 2162 3266 nomen
2189 3209 2478 3266 aeternitati
2503 3208 2663 3266 Verbi
2681 3212 3071 3270 convenienter
3092 3212 3500 3280 ascribendum,

1903 3324 1922 3356 ι
1963 3318 2126 3374 quam
2151 3304 2257 3360 hoc
2281 3302 2482 3374 ipsum,
2505 3306 2651 3376 quod
2681 3321 2711 3360 a
2742 3304 3092 3362 sanctissimo
3127 3305 3222 3362 Dei
3247 3306 3505 3377 apostolo

1903 3414 1923 3449 ι
1965 3406 2020 3451 et
2048 3395 2320 3466 discipulo
2364 3395 2600 3465 Joanne,
2652 3399 2705 3453 in
2745 3399 3022 3471 principio
3050 3400 3275 3471 ponitur
3312 3398 3498 3454 Evan-

1904 3509 1922 3544 ι
1963 3489 2109 3562 gelii.
2176 3489 2460 3562 Siquidem
2513 3493 2581 3558 is,
2642 3501 2766 3562 post
2820 3503 3158 3565 assumptum
3223 3507 3498 3560 carnem,

1903 3603 1932 3648 ι,
1961 3584 2212 3640 Christus
2250 3593 2306 3640 et
2329 3582 2492 3641 Iesus
2507 3585 3103 3657 praedicatur,vitaque
3125 3593 3184 3642 et
3212 3585 3324 3651 via,
3356 3585 3494 3652 dies,

1903 3697 1930 3741 ι,
1968 3679 2322 3744 resurrectio,
2358 3679 2584 3746 ostium,
2617 3677 2795 3750 panis,
2832 3688 2888 3737 et
2919 3687 3041 3751 qua
3062 3689 3264 3737 cetera
3294 3678 3369 3735 illi
3398 3693 3500 3735 no-

1903 3789 1922 3822 ι
1969 3771 2112 3826 mina
2173 3771 2227 3827 in
2287 3770 2590 3844 Scripturis
2657 3773 3032 3828 sacrosanctis
3092 3772 3491 3836 ascribuntur,

1905 3884 1932 3923 ι
1970 3874 2152 3926 tamen
2190 3882 2299 3921 non
2330 3866 2593 3922 debemus
2634 3869 2912 3937 ignorare,
2946 3867 3092 3938 quod
3137 3865 3393 3938 princeps
3417 3864 3498 3922 illi

207 3966 227 4000 ι
271 3947 463 4020 ονομα,
497 3948 578 4002 ὅτι
616 3946 792 4018 Λόγος
833 3946 944 4020 (69)
988 3944 1080 4023 ἦν.
1124 3949 1225 4003 Διὰ
1252 3949 1414 4004 τοῦτο
1457 3949 1589 4022 γὰρ,
1623 3949 1720 4004 καὶ
1767 3951 1794 4003 ό

1906 3975 1925 4009 ι
1970 3971 2164 4016 nomen
2217 3955 2456 4016 Verbum
2508 3956 2708 4015 fuerat.
2741 3955 2824 4016 0b
2874 3957 3016 4040 hanc
3047 3957 3223 4028 ipsam
3272 3970 3495 4013 causam

204 4059 224 4095 ι
263 4041 569 4113 ἁγιώτατος
608 4042 1003 4116 εὑαγγελιστὴς
1031 4044 1126 4097 καὶ
1162 4041 1410 4117 μαθητὴς
1431 4043 1524 4099 τοῦ
1554 4041 1784 4116 Κυρίου,

202 4153 223 4189 ι
266 4135 470 4208 σφόδρα
503 4135 824 4209 ἐγρηγορὼς
852 4136 933 4209 τῷ
964 4135 1257 4210 πνεύματι,
1286 4136 1385 4209 τῆς
1418 4135 1626 4193 ἄνωθεν
1662 4154 1791 4208 μνη-

202 4248 220 4282 ι
267 4229 507 4302 μονεύων
539 4211 754 4304 apii“,
793 4231 887 4284 καὶ
942 4229 1166 4304 μηδενὸς
1205 4229 1319 4302 (70)
1364 4230 1654 4302 νεωτέρου,
1693 4229 1790 4282 Ἐν

201 4339 220 4374 ι
263 4321 422 4410 ἀρχῇ
461 4317 541 4406 ἦν
565 4326 599 4378 ό
635 4322 848 4404 Λάιος.
893 4321 1019 4396 ἔφη.
1061 4323 1162 4378 καὶ
1202 4325 1236 4377 δ
1273 4324 1465 4392 Λόγος
1512 4317 1594 4392 ἦν
1638 4319 1788 4392 πρὸς

202 4434 220 4467 ι
263 4414 371 4470 τὸν
405 4413 576 4480 Θεὸν,
604 4415 704 4469 καὶ
745 4414 890 4482 Θεὸς
925 4411 1006 4487 ἦν
1040 4419 1073 4471 ό
1101 4417 1312 4486 Λόγος,
1348 4417 1437 4469 ἵνα
1465 4414 1616 4488 δείξῃ
1649 4413 1704 4467 εί
1730 4431 1785 4468 τι

202 4526 220 4554 ι
265 4508 448 4574 καινὸν
472 4509 568 4563 καὶ
606 4498 870 4580 νεώτερον
897 4508 1089 4579 ὄνομα,
1119 4508 1263 4562 τοῦτ’
1302 4508 1411 4562 ἀπὸ
1444 4509 1545 4580 τῆς
1592 4507 1786 4579 καινῆς

200 4620 220 4656 ι
263 4601 410 4679 αὐτῷ
457 4602 552 4657 καὶ
591 4601 721 4666 νέας
750 4600 958 4674 ὑπῆρξε
991 4600 1136 4667 κατὰ
1179 4601 1359 4673 σάρκα
1401 4601 1733 4672 οίκονομίας.
1761 4619 1781 4652 ι

197 4695 303 4750 Καὶ
331 4693 462 4767 ἐξῆς
507 4695 782 4763 ἐπιλέγει·
826 4713 846 4746 ι
875 4693 1104 4757 Οὐκοῦν,
1151 4691 1259 4765 πρὸ
1304 4693 1406 4764 μὲν
1447 4691 1542 4746 τοῦ
1592 4691 1788 4745 κατελ-

201 4809 220 4842 ι
264 4787 374 4844 θεῖν
425 4790 520 4844 καὶ⁵
569 4788 660 4843 διὰ
706 4788 806 4860 τῆς
843 4787 1120 4860 Παρθένου
1163 4779 1456 4858 τεχθῆναι,
1505 4786 1678 4855 Λόγος
1716 4781 1784 4857 ἦν

190 4903 206 4932 ι
482 4883 660 4949 Ἐπεὶ,
701 4882 746 4934 τί
773 4882 888 4955 (7i)
923 4882 1110 4955 ἕτερον
1140 4876 1233 4953 ἢν,
1266 4880 1374 4952 πρὸ
1403 4879 1501 4934 τοῦ
1546 4879 1647 4951 τὴν
1687 4881 1783 4934 άν-

190 4996 206 5026 t
263 4975 542 5048 θρωπίνην
565 4975 859 5042 ἀναλαϐεῖν
884 4977 1064 5050 σάρκα
1095 4975 1158 5030 τὸ
1194 4973 1455 5027 κατελθὸν
1486 4972 1573 5027 ἐπ’
1615 4971 1782 5044 ὲσχά-

189 5093 206 5123 ι
260 5088 369 5126 των
395 5069 504 5126 τῶν
544 5066 808 5142 ἡμερῶν;
851 5069 926 5133 ὼς
959 5055 1062 5122 ’καὶ
1093 5066 1259 5146 αύτὸς
1301 5065 1532 5138 ἔγραφε.
1579 5066 1692 5118 Καὶ
1721 5064 1784 5117 τὸ

190 5184 205 5214 ι
258 5150 516 5237 γεννηθὲν
541 5165 608 5217 ὲκ
658 5161 758 5232 τῆς
803 5161 965 5231 ἁγίας
997 5160 1297 5234 Παρθένου,
1337 5159 1492 5214 οὐδὲν
1523 5159 1712 5232 ἕτερον
1745 5159 1780 5230 ἢ

191 5279 206 5310 ι
265 5259 497 5328 Λόγος.»
548 5254 664 5310 Καὶ
710 5254 872 5311 πάλιν
923 5254 1208 5327 ἐπιφέρει·
1265 5274 1283 5306 ι
1320 5253 1592 5324 Πρότερον
1651 5253 1779 5326 γὰρ,

190 5364 208 5398 ι
261 5346 448 5418 ὥσπερ
493 5345 756 5408 πολλάκις
788 5344 946 5417 ἔφην,
972 5345 1124 5400 οὐδὲν
1153 5346 1339 5416 ἕτερον
1370 5342 1438 5418 ἦν
1474 5345 1507 5416 ἢ
1538 5344 1728 5415 Λόγος.
1755 5364 1774 5396 a

271 5495 328 5556 is
367 5489 463 5547 Ed.
491 5488 838 5560 Paris.,pag.
861 5489 947 5545 8i.
1000 5490 1045 5521 ⁷⁷
1079 5488 1215 5547 Gen.
1255 5507 1296 5557 ι,
1329 5487 1420 5544 26.
1496 5487 1544 5520 ⁷⁸
1569 5485 1730 5543 Joan.
1756 5502 1795 5553 ι,
1831 5488 1881 5544 1.

265 5654 376 5725 (67)
419 5656 528 5710 Καὶ
559 5654 699 5725 Υιὸν
721 5657 1111 5724 μονογενοῦς.
1163 5652 1329 5725 Ροιοι
1376 5653 1664 5725 legendum
1692 5655 1780 5724 (ex

203 5723 366 5788 codd.
385 5727 505 5796 dedi
533 5724 755 5796 Πατέρα
789 5725 920 5779 Υἱοῦ
955 5727 1047 5780 τοῦ
1075 5744 1194 5796 μον.
1230 5735 1280 5780 et
1306 5723 1478 5796 delevi
1521 5740 1647 5796 mox
1671 5723 1780 5780 τῶν

205 5806 320 5869 ante
349 5794 836 5869 aitbvwvlllarépa
861 5797 994 5869 Υίοῦ
1051 5794 1396 5869 μονογενοῦς,
1443 5795 1636 5869 Statim
1669 5813 1783 5869 _t_'c-

202 5867 390 5939 scribe.
410 5868 508 5939 ,ὁδε
537 5858 644 5922 κᾶν
673 5858 845 5939 τούτῳ
874 5867 976 5938 [sic
1008 5858 1272 5938 ct‘codd,
1310 5858 1470 5939 vulgo
1491 5858 1639 5924 ὧδεῙ.
1668 5866 1741 5923 Μ.

266 5937 374 6010 (68)
408 5937 573 6011 Vulgo
607 5938 724 5992 ἐστὶ
749 5937 928 6010 δῆλον.

1899 4066 1917 4099 ι
1961 4047 2339 4104 sanctissimus
2381 4047 2715 4118 evangelista
2771 4057 2827 4103 et
2889 4046 3191 4118 discipulus
3240 4045 3493 4112 Domini,

1901 4157 1922 4191 ι
1967 4139 2122 4195 valde
2146 4139 2368 4211 quidem
2394 4140 2482 4196 ille
2507 4142 2702 4211 spiritu
2733 4141 2996 4213 vigilans,
3027 4140 3118 4195 ubi
3145 4138 3314 4204 illius,
3343 4137 3495 4209 quod

1900 4253 1919 4286 ι
1957 4246 2078 4290 erat
2101 4234 2168 4289 ab
2197 4235 2346 4296 omni
2377 4245 2528 4291 retro
2561 4235 2871 4291 aeternitate
2907 4235 3167 4305 principii
3211 4233 3489 4298 meminit,

1899 4345 1918 4378 ι
1965 4341 2065 4382 nec
2093 4326 2321 4384 inferius
2348 4328 2710 4394 descendens,
2751 4326 2820 4383 In
2853 4327 3138 4400 principio,
3175 4327 3336 4392 dixit,
3375 4335 3490 4382 erat

1898 4437 1916 4470 ι
1967 4415 2191 4474 Verbum
2215 4435 2234 4474 :
2265 4429 2315 4474 et
2367 4417 2590 4474 Verbum
2654 4429 2768 4475 erat
2807 4421 2950 4488 apud
2992 4419 3162 4474 Deum
3189 4436 3209 4472 :
3248 4429 3295 4477 et
3347 4417 3488 4474 Deus

1897 4532 1914 4565 ι
1951 4523 2065 4568 erat
2111 4511 2248 4567 illud
2300 4511 2617 4579 Verbum",
2672 4523 2730 4568 ut
2760 4514 2840 4569 sic
2879 4512 3225 4578 ostenderet,
3262 4513 3307 4567 si
3339 4513 3490 4583 quod

1897 4625 1915 4657 ι
1956 4605 2103 4661 aliud
2131 4607 2198 4662 de
2220 4621 2358 4662 novo
2382 4617 2437 4662 et
2460 4607 2723 4663 novitium
2754 4606 2830 4660 illi
2865 4604 3235 4676 adaptabatur
3261 4619 3486 4671 nomen,

1895 4715 1915 4749 ι
1960 4698 2086 4752 illud
2113 4699 2162 4754 ei
2196 4699 2516 4764 accessisse,
2551 4714 2579 4752 a
2614 4713 2751 4753 nova
2784 4697 2874 4757 illa
2902 4712 3003 4753 sua
3036 4695 3336 4754 secundum
3362 4711 3490 4752 car-

1895 4809 1912 4843 ι
1958 4806 2079 4846 nem
2105 4791 2533 4860 dispensatione.
2585 4809 2604 4844 ι
2640 4788 2851 4857 Quibus
2877 4789 3134 4858 adjunxit
3161 4790 3215 4845 in
3249 4804 3490 4860 sequen-

1889 4883 2072 4939 tibus:
2110 4903 2130 4938 ι
2167 4886 2438 4952 Quocirca
2466 4884 2784 4964 priusquam
2809 4883 2915 4939 huc
2945 4884 3014 4938 ad
3053 4898 3154 4939 nos
3184 4883 3484 4940 descende-

1895 4995 1914 5029 ι
1958 4984 2060 5043 ret,
2095 4987 2150 5034 et
2194 4979 2262 5032 de
2313 4978 2532 5049 Virgine
2573 4986 2911 5042 nasceretur,
2942 4975 3176 5034 Verbum
3212 4991 3313 5032 nec
3347 4992 3490 5047 pra:-

1891 5089 1911 5123 ι
1953 5083 2098 5127 terea
2129 5073 2422 5144 quidquam
2448 5072 2569 5128 fuit.
2596 5072 2732 5128 Nam
2759 5072 2887 5144 quid
2925 5081 3045 5127 erat
3068 5071 3210 5125 aliud
3229 5109 3245 5134 ,
3274 5085 3488 5140 quaeso,

1891 5183 1908 5215 ι
1956 5165 2268 5234 priusquam
2308 5165 2597 5220 humanam
2647 5176 2951 5222 assumeret
2985 5179 3229 5228 carnem,
3259 5164 3310 5219 id
3342 5165 3492 5234 quod

1892 5277 1910 5308 r
1954 5258 2231 5315 descendit
2262 5259 2314 5313 in
2340 5260 2651 5316 novissimis
2682 5259 2910 5316 diebus?
2936 5258 3080 5331 quod
3115 5268 3170 5312 et
3205 5256 3381 5320 ipsum
3420 5256 3491 5312 ab

1893 5367 1912 5401 ι
1952 5366 2019 5406 eo
2052 5352 2314 5422 scriptum
2339 5349 2659 5408 afﬁrmatur.
2689 5353 3000 5420 Enimvero,
3030 5348 3171 5421 quod
3198 5350 3265 5403 de
3298 5356 3490 5402 sancta

1957 5662 2072 5731 (69)
2099 5663 2270 5730 Vulgo
2301 5663 2397 5716 ὢν.

1960 5729 2074 5806 (70)
2099 5735 2228 5790 Post
2257 5739 2308 5789 It.
2345 5752 2394 5787 ν.
2428 5734 2492 5788 Il.
2519 5734 2781 5804 ὀνόματος
2797 5732 3044 5806 ἐμνήσθη
3062 5731 3144 5787 vel
3161 5729 3338 5790 simile
3355 5730 3493 5803 quid

1886 5805 2156 5862 excidisse
2185 5807 2378 5862 credit.

1956 5876 2070 5950 (7t)
2097 5876 2270 5954 Vulgo
2297 5872 2366 5949 ἦν
2395 5877 2616 5949 Erepsi;
2650 5893 2774 5935 mox
2815 5875 2972 5950 vulgo
3001 5872 3231 5948 ἔγραψε.
