4106 6442
642 399 750 456 863

1308 391 1578 452 EUSEBII
1618 391 2097 454 CESARIENSIS
2134 391 2286 447 OPP.
2328 390 2509 448 PARS
2544 391 2633 447 IV.
2675 424 2744 435 -
2782 392 3202 450 DOGMATICA.

3805 387 3916 441 εει

650 538 669 570 ι
714 515 931 586 Virgine
961 514 1310 577 nascebatur,
1355 512 1486 569 nihil
1521 513 1622 569 nisi
1663 514 1897 568 Verbum
1927 523 2063 568 erat.
2107 531 2126 565 ι
2157 512 2220 567 Ει

2328 513 2434 566 Καὶ
2463 512 2815 584 προστίθησιν
2840 507 2995 575 αὖθις
3023 512 3249 581 φάσκων
3267 528 3279 541 ο
3318 530 3336 563 ι
3370 509 3430 563 '0
3466 508 3569 579 μὲν
3598 505 3712 576 γὰρ
3734 504 3915 571 Λόγος

645 604 914 661 subinfert
930 605 1105 661 denuo
1126 602 1218 677 [Β.
1246 602 1407 659 XLIII
1424 603 1627 674 coll.‘p.
1649 604 1743 666 35,
1762 604 1821 656 ο.
1842 602 1911 657 R.
1945 599 2209 675 XXXVIJ

650 720 668 751 ι
716 698 875 753 Prius
906 699 1075 763 enim,
1108 700 1182 753 uti
1215 699 1416 753 dictum
1444 707 1529 754 est
1556 713 1718 767 saepe,
1761 696 1895 781 nihil
1942 697 2046 751 nlsi
2083 695 2215 751 Ver-

648 808 666 837 ι
710 788 1052 844 buml’uerat.
1094 808 1114 841 ›
1162 788 1243 843 Ad
1288 804 1407 857 qua:
1452 788 1701 856 deinceps
1749 785 2012 841 accedunt
2066 787 2209 839 ista:

647 899 665 929 ι
710 880 945 935 Verbum
972 880 1185 949 quidem
1219 881 1269 934 in
1311 880 1580 951 principio
1616 888 1751 939 erat.
1778 878 1913 933 nihil
1949 878 2215 934 exsistens

650 991 665 1019 ι
710 972 880 1035 aliud,
907 988 1068 1042 quam
1093 970 1353 1028 Verbum.
1389 972 1561 1029 Verbo
1590 971 1929 1025 autem'huic
1959 970 2215 1026 adunitus

647 1080 666 1111 ι
714 1063 898 1126 homo,
928 1078 1049 1117 cum
1074 1064 1222 1132 prius
1238 1078 1343 1119 non
1361 1073 1533 1128 esset,
1563 1063 1724 1117 homo
1744 1059 1924 1125 ﬂebat,
1950 1062 2091 1130 quod
2117 1075 2215 1115 nos

647 1174 663 1203 ‹
717 1153 898 1220 docuit
938 1152 1215 1210 Joannes:
1252 1154 1321 1209 Et
1368 1153 1589 1210 Verbum
1637 1168 1761 1207 caro
1807 1157 2004 1222 factum
2037 1161 2113 1207 est
2144 1154 2213 1217 ",

649 1264 667 1293 ι
711 1253 769 1300 ut
812 1245 979 1301 solius
1023 1245 1185 1302 Verbi
1223 1247 1470 1302 videatur
1507 1247 1575 1301 ob
1626 1247 1732 1301 hoc
1781 1246 1954 1315 ipsum
2017 1243 2217 1300 fecisse

651 1356 668 1385 s
713 1338 1065 1394 mentionem.
1112 1336 1243 1392 Nam
1291 1337 1405 1393 sive
1436 1337 1660 1402 Christi,
1692 1352 1787 1392 seu
1816 1336 2051 1391 nominis
2087 1333 2215 1393 Jesu

650 1450 670 1481 ι
716 1431 1059 1487 meminerint
1088 1445 1257 1485 sacrae
1274 1431 1512 1496 Litterae,
1539 1430 1788 1485 videntur
1807 1429 1893 1484 bis
1911 1428 2218 1493 nominibus

654 1540 673 1571 ι
709 1521 1033 1591 compellare
1055 1520 1292 1575 Verbum
1335 1521 1465 1575 illud
1508 1522 1625 1585 Dei,
1668 1525 1726 1584 »14
1767 1530 1889 1591 post
1912 1529 2215 1587 susceptam

653 1633 671 1663 ι
714 1627 954 1671 carnem.
1017 1611 1169 1679 Quod
1212 1612 1257 1666 si
1315 1612 1441 1683 quis
1491 1612 1758 1681 receperit
1786 1626 1843 1667 se
1875 1620 2217 1667 ostensurum

653 1726 670 1755 ι
716 1718 906 1759 nomen
939 1703 1158 1771 Christi,
1191 1702 1313 1758 Filii
1334 1744 1349 1766 ,
1381 1712 1507 1757 ante
1540 1702 1676 1757 Novi
1704 1702 2042 1758 Testamenti
2080 1711 2219 1756 tem-

656 1815 672 1845 ι
713 1811 840 1863 pora
860 1805 1200 1864 usurpatum,
1227 1805 1281 1850 et
1302 1793 1472 1849 Verbo
1497 1795 1812 1862 ascriptum,
1832 1793 1878 1848 is
1900 1792 2036 1848 sciat
2055 1805 2217 1861 opor-

2318 623 2337 656 ι
2385 596 2457 657 ὲν
2490 605 2632 676 ἀρχῇ
2671 600 2759 676 ἦν,
2799 604 2963 677 μηδὲν
3009 605 3194 676 ἕτερον
3238 603 3313 657 ὢν
3357 603 3392 673 ἢ
3434 600 3631 669 Λόγος·
3662 600 3694 651 ὁ
3727 598 3783 651 δὲ
3835 596 3915 665 τῷ

2318 715 2338 747 ι
2383 695 2541 767 Λόγῳ
2576 695 2798 762 ἑνωθεὶς
2846 696 3154 769 ἄνθρωπος,
3197 696 3297 749 οὑκ
3328 695 3405 748 ὢν
3442 693 3714 764 πρότερον
3747 687 3915 757 γέγο-

2318 808 2337 840 ι
2384 806 2473 842 νεν
2520 788 2823 860 ἄνθρωπος,
2854 788 2929 853 ὼς
2970 788 3208 843 διδάσκει
3257 788 3403 858 ἡμᾶς
3454 786 3569 857 (72)
3604 782 3870 850 Ἰωάννης
3894 796 3909 808 ⁹

2320 898 2339 931 ι
2386 880 2496 934 Καὶ
2530 881 2562 932 ό
2610 881 2806 949 Λόγος
2850 877 3007 947 σὰρξ
3057 876 3312 946 ἐγένετο.
3367 874 3468 927 Διά
3513 871 3676 925 τοῦτο
3722 868 3913 921 τοίνυν

2320 991 2339 1024 ι
2385 971 2479 1025 τοῦ
2512 972 2685 1040 Λόγου
2723 971 3076 1043 μνημονεύων
3117 970 3363 1038 φαίνεται
3410 968 3588 1037 μόνον.
3623 965 3753 1017 Είτε
3794 958 3914 1031 γὰρ

2320 1084 2339 1118 ι
2400 1064 2596 1137 Ἰησοῦ,
2633 1063 2744 1118 εἴτε
2776 1062 3012 1136 Χριστοῦ
3043 1062 3301 1133 ὀνόματος
3345 1057 3673 1132 μνημονεύοι
3711 1057 3747 1125 ή
3783 1051 3914 1106 θεία

2320 1174 2340 1208 ι
2388 1154 2597 1226 Γραφὴ,
2623 1154 2713 1208 τὸν
2749 1153 2886 1225 μετά
2912 1154 3013 1224 τῆς
3036 1150 3378 1224 ἀνθρωπίνης
3415 1148 3546 1203 ὄντα
3574 1142 3786 1217 σαρκὸς
3808 1138 3912 1195 τοῦ

2324 1267 2343 1300 ι
2391 1247 2526 1301 Θεοῦ
2560 1248 2731 1316 Λόγον
2755 1245 3045 1318 ὀνομάζειν
3085 1245 3352 1315 φαίνεται.
3386 1242 3448 1295 Ei
3470 1240 3527 1293 δέ
3560 1256 3647 1301 τις
3672 1236 3775 1291 καὶ
3798 1233 3916 1305 πρὸ

2324 1359 2342 1392 ι
2386 1340 2486 1410 τῆς
2517 1339 2662 1401 Νέας
2684 1336 2977 1408 Διαθήκης,
2998 1336 3105 1407 (75)
3135 1334 3229 1389 τοῦ
3259 1330 3517 1405 Χριστοῦ,
3544 1328 3680 1381 Υίοῦ
3710 1327 3912 1396 ὄνομα,

2323 1450 2343 1484 ι
2389 1431 2499 1500 (74)
2525 1430 2601 1501 τῷ
2634 1429 2792 1499 Λόγῳ
2822 1430 2969 1500 μόνῳ
3010 1427 3281 1481 δεικνύναι
3318 1421 3575 1479 δύνασθαι
3625 1416 3912 1488 ἐπαγγέλ-

2324 1542 2342 1575 ι
2386 1522 2550 1585 λοιτο,
2576 1521 2797 1592 εὑρήσει
2827 1520 2985 1574 τοῦτο
3012 1515 3364 1591 προφητικῶς
3398 1513 3708 1585 εἰρημένον.
3737 1530 3756 1562 ι
3796 1508 3915 1564 Καὶ

2323 1614 2441 1686 μεθ’
2483 1614 2645 1685 ἕτερα
2693 1613 2889 1682 ἐπάγει
2930 1611 3140 1681 λέγων·
3189 1626 3208 1659 ι
3240 1606 3477 1669 Εἰκότως
3518 1600 3612 1657 οὖν
3655 1602 3767 1673 πρὸ
3808 1600 3914 1670 τῆς

2326 1725 2345 1758 ι
2388 1705 2615 1760 καθόδου
2658 1705 2820 1760 τοῦτο
2884 1699 2974 1776 ἦν,
3032 1704 3167 1775 ὅπερ
3215 1699 3473 1762 πολλάκις
3519 1696 3752 1767 ἔφαμεν,
3794 1691 3912 1763 (τε)

2328 1817 2347 1849 ι
2394 1798 2596 1867 Λόγοςο
2628 1798 2767 1868 μετά
2808 1798 2865 1851 δὲ
2897 1797 2993 1869 τὴν
3023 1796 3266 1858 κάθοδον,
3296 1794 3391 1847 καὶ
3429 1792 3525 1863 τὴν
3565 1790 3667 1860 τῆς
3705 1786 3915 1859 σαρκὸς

659 1906 677 1935 ο
721 1895 816 1952 tet,
854 1886 970 1941 haec
1013 1886 1195 1941 omnia
1232 1884 1547 1956 prophetice
1603 1884 1677 1938 ita
1713 1884 1879 1939 dicta.
1916 1902 1936 1936 ι
1991 1882 2059 1937 Ει
2099 1888 2223 1953 post

2332 1908 2351 1942 ι
2397 1866 2663 1960 ἀνάληψιν
2724 1866 2995 1961 διαφόρων
3061 1889 3154 1942 καὶ
3205 1886 3326 1949 ,τῶν
3380 1881 3693 1955 ὲπηγοριῶν
3747 1876 3913 1933 τετύ-

650 1987 843 2033 cretera
879 1976 1147 2032 subinl‘ert
1183 1976 1476 2046 inquiens:
1512 1994 1531 2028 ι
1570 1975 1689 2031 Non
1722 1975 1991 2031 immerito
2020 1974 2217 2047 igitur,

657 2089 675 2119 ι
724 2070 827 2134 iam
876 2084 1019 2141 saepe
1062 2068 1322 2133 diximus,
1362 2077 1487 2123 ante
1532 2084 1688 2125 suum
1726 2068 2046 2137 descensum
2103 2077 2222 2123 erat

655 2182 671 2210 ι
715 2159 946 2215 Verbum
972 2178 987 2213 :
1018 2169 1139 2231 post
1170 2160 1489 2215 descensum
1512 2168 1567 2214 et
1592 2159 1771 2215 cernis
1792 2158 2212 2228 assumptionem

655 2275 673 2306 ι
714 2256 891 2311 varias
932 2255 1126 2310 exinde
1170 2253 1559 2324 appellationes
1600 2254 1855 2309 obtinuit.
1916 2272 1935 2307 ι
1977 2252 2042 2308 Et
2102 2253 2216 2308 haec

648 2356 775 2401 sunt
802 2346 1017 2416 quidem
1057 2344 1167 2408 illa,
1222 2344 1419 2414 quibus
1446 2344 1882 2408 demonstratur,
1904 2341 2214 2397 Marcellum

648 2437 1043 2505 deprehensum
1064 2435 1266 2490 Filium
1294 2435 1385 2489 Dei
1404 2434 1551 2488 illum
1579 2434 1847 2488 viventem
1887 2448 2014 2489 vere
2036 2442 2089 2487 et
2118 2448 2215 2488 ex-

650 2535 932 2587 sistentem
971 2546 1101 2587 vere
1134 2530 1431 2601 abnegasse
1461 2547 1473 2581 :
1512 2540 1567 2587 et
1598 2530 1797 2585 nudum
1838 2538 2045 2585 tantum
2080 2528 2215 2585 Ver-

650 2622 1106 2693 bumimaginari.
1141 2620 1246 2677 Sed
1274 2631 1329 2677 et
1359 2622 1577 2692 insuper
1610 2631 1852 2693 apparet,
1890 2636 1956 2676 ex
1992 2622 2057 2677 iis
2096 2637 2217 2692 qua:

651 2714 704 2769 in
735 2714 1163 2784 praecedentibus
1190 2713 1257 2767 de
1298 2712 1466 2782 ipsius
1508 2711 1648 2767 libro
1692 2712 1865 2781 posita
1916 2719 2064 2777 sunt,
2125 2728 2218 2766 cu-

643 2803 885 2874 jusmodi
916 2803 1065 2857 illum
1089 2803 1324 2859 Verbum
1354 2817 1474 2858 esse
1502 2802 1843 2873 opinabatur,
1873 2816 1994 2857 cum
2024 2817 2216 2859 exem-

649 2893 741 2965 plo
764 2895 832 2949 de
856 2894 1091 2948 humano
1120 2894 1286 2949 verbo
1312 2902 1573 2948 uteretur.
1624 2892 1801 2947 Unum
1829 2907 2021 2964 nempe
2046 2893 2217 2950 idem-

2334 2000 2353 2033 ι
2398 1998 2552 2052 χηκε.
2582 2000 2601 2033 ι
2644 1981 2831 2035 Ταῦτα
2876 1982 2977 2053 μὲν
3002 1979 3115 2044 οὖν,
3141 1980 3207 2035 δι’
3242 1973 3317 2033 ὧν
3340 1974 3660 2048 Μάρκελλος
3690 1972 3914 2027 ἁλίσκε-

2325 2091 2438 2137 ται,
2477 2072 2567 2127 τὸν
2606 2074 2703 2144 μὶν
2732 2074 2861 2127 Υίὸν
2888 2073 2980 2127 τοῦ
3017 2073 3151 2127 Θεοῦ
3179 2073 3272 2127 τὸν
3307 2071 3456 2134 ὂντα,
3486 2069 3580 2122 καὶ
3606 2066 3790 2132 ζῶντα
3818 2063 3915 2118 καὶ

2319 2164 2533 2235 ἀληθῶς
2560 2163 2686 2218 Υίὸν
2716 2164 2845 2219 ὄντα
2869 2163 3221 2237 ἀρνούμενος,
3266 2162 3439 2231 Λόγον
3475 2159 3533 2213 δὲ
3566 2156 3722 2229 ψιλὸν
3758 2154 3913 2209 εἰσά-

2320 2274 2452 2327 γων.
2490 2256 2769 2312 Δέδεικται
2802 2257 2859 2311 δὲ
2889 2257 2979 2311 διὰ
3008 2256 3117 2310 τῶν
3160 2252 3467 2325 ἔμπροσθεν
3495 2244 3914 2321 παρατεθεισῶν

2320 2350 2484 2405 αὑτοῦ
2516 2351 2708 2422 φωνῶν
2746 2352 2841 2404 καὶ
2866 2352 3047 2404 ὁποῖον
3076 2350 3237 2404 αὑτὸν
3268 2344 3406 2400 εἶναι
3428 2346 3597 2414 Λόγον
3625 2338 3917 2396 ὑπετίθετο

2324 2444 2732 2516 παραδείγματι
2764 2444 3042 2515 χρώμενος
3079 2442 3157 2513 τῷ
3189 2440 3515 2512 ἀνθρωπείῳ
3558 2438 3725 2505 λόγῳ,
3753 2435 3813 2486 ἓν
3856 2448 3916 2485 τε

2325 2536 2420 2588 καὶ
2450 2535 2645 2589 ταύτὸν
2674 2523 2814 2590 εἶναι
2846 2536 3019 2605 λέγων
3053 2533 3215 2589 αὑτὸν
3254 2532 3332 2603 τῷ
3365 2530 3504 2601 Θεῷ.
3531 2529 3643 2582 Καὶ
3675 2527 3741 2595 δὴ
3783 2521 3917 2577 ταύυ

2323 2646 2424 2699 την
2466 2628 2639 2701 ἀρχὴν
2691 2629 3173 2701 ὑποστησάμενος,
3230 2624 3535 2687 ἀκολούθως
3575 2624 3640 2674 ὲκ
3672 2618 3775 2688 τῆς
3825 2616 3913 2669 δυο

2325 2718 2510 2789 θείσης
2538 2717 2687 2789 αὑτῷ
2735 2719 3086 2781 ὑποστάσεως
3128 2717 3219 2770 ἐπὶ
3264 2714 3327 2768 τὸ
3359 2708 3789 2781 καταψεύδεσθαι
3817 2705 3915 2775 τῆς

2324 2809 2682 2865 θεοπνεύστου
2712 2813 2935 2885 Γραφῆς
2971 2809 3325 2882 διαστρόφους
3353 2824 3412 2859 τε
3447 2804 3617 2874 αὐτῆς
3645 2797 3916 2855 ποιεῖσθαι

2322 2902 2423 2966 τάς
2449 2905 2761 2977 ἑρμηνείας.

651 3002 757 3057 que
804 2987 949 3042 illum
1003 3003 1124 3043 cum
1170 2988 1281 3043 Deo
1330 3002 1449 3043 esse
1500 2996 1765 3043 statuens.
1819 2985 1930 3041 Hoc
1962 2992 2029 3042 ad
2082 2988 2227 3047 hunc
2302 2997 2525 3053 modum
2591 2999 2890 3055 constituto
2916 2996 3187 3069 principio
3231 3003 3626 3061 consequenter
3656 2987 3724 3041 ad
3772 2984 3915 3041 hanc

651 3097 804 3137 suam
856 3080 1306 3151 suppositionem,
1361 3081 1536 3149 pergit
1582 3081 1648 3135 ad
1718 3081 2060 3137 mendacium
2113 3082 2408 3154 Scriptura:
2472 3090 2902 3162 impingendum,
2974 3099 3029 3145 et
3072 3089 3138 3143 ad
3192 3086 3338 3140 illam
3406 3078 3913 3151 interpretandam,

652 3175 919 3230 detortam
941 3174 996 3229 in
1035 3177 1357 3231 sententiam
1388 3191 1561 3230 suam.

1280 3268 1430 3325 CAP.
1474 3268 1613 3324 XIX.

658 3361 811 3428 Quod
836 3380 1000 3434 sacra:
1018 3361 1326 3434 Sqiptura’,
1354 3378 1455 3415 non
1480 3361 1843 3434 tantummodo
1875 3361 2102 3417 Verbum
2134 3382 2230 3434 ap-

722 3433 910 3501 pellent
940 3433 1035 3487 Dei
1068 3431 1286 3497 Filium,
1318 3435 1408 3487 sed
1444 3433 1699 3485 sexcentis
1734 3432 1852 3486 aliis
1882 3434 2099 3489 diversis
2140 3431 2234 3490 no-

724 3504 972 3567 minibus,
1000 3505 1161 3557 etiam
1186 3512 1307 3557 ante
1332 3502 1751 3557 incarnationem
1772 3518 1947 3558 suam.

730 3592 805 3647 De
828 3594 1022 3661 quibus
1044 3594 1286 3662 quidem.
1307 3593 1353 3649 si
1378 3594 1430 3647 in
1465 3593 1737 3663 praesenti,
1764 3594 2038 3665 paulisper
2063 3596 2231 3668 dispi-

659 3690 889 3750 ciamus,
926 3700 1036 3739 non
1079 3686 1311 3741 absurde
1335 3686 1578 3740 facturos
1600 3684 1948 3751 arbitramur,
1978 3695 2036 3743 ut
2059 3689 2230 3758 ignari

659 3779 850 3831 hrum
881 3791 1061 3831 rerum
1098 3776 1421 3847 intelligant,
1461 3777 1664 3831 nullam
1703 3777 1861 3848 plane
1893 3777 2230 3849 Scripturam

661 3870 811 3924 illius
845 3868 1028 3923 favere
1066 3868 1328 3939 opinioni,
1356 3868 1447 3938 qui
1487 3868 1715 3923 novitati
1760 3870 1986 3925 studens
2020 3884 2050 3925 a
2085 3880 2232 3926 recta

661 3962 769 4014 tlde
808 3960 1118 4015 aberravit:
1146 3959 1256 4014 imo
1278 3960 1438 4030 plane
1466 3960 1799 4015 contrarium
1839 3961 2234 4031 proloquantur

661 4065 881 4109 enmes:
898 4050 1264 4106 etocclamant
1276 4050 1393 4107 suis
1407 4050 1730 4106 testimoniis
1747 4062 1931 4107 contra
1950 4068 2234 4123 perversas

661 4144 833 4213 ipsius
872 4142 1230 4198 narrationes.
1262 4142 1496 4198 Omnino
1524 4149 1703 4196 autem
1733 4157 1955 4198 necesse
1974 4142 2234 4198 {uitiatuil

665 4232 906 4304 aggredi,
938 4242 1221 4301 propterea
1265 4233 1407 4303 quod
1438 4240 1586 4298 sunt,
1614 4232 1704 4301 qui
1739 4233 2044 4300 suspiciunt
2072 4234 2233 4287 istum

661 4326 961 4393 hominem,
1009 4340 1076 4379 ne
1126 4324 1247 4393 quis
1311 4322 1547 4378 fortasse
1601 4322 1669 4377 de
1698 4322 1912 4377 illorum
1987 4339 2233 4389 numero,

663 4432 759 4488 per
818 4432 1094 4473 sacrarum
1180 4415 1509 4471 Litterarum
1590 4415 1976 4487 ignorantiam,
2048 4416 2237 4472 existi-

662 4519 776 4566 met
811 4510 977 4566 ferire
1011 4511 1157 4564 illum
1177 4524 1397 4579 scOpum
1437 4506 1701 4563 veritatis.
1743 4509 1922 4576 Atque
1950 4507 2081 4561 illud
2111 4518 2236 4562 ante

661 4605 767 4660 alia
802 4603 856 4657 in
891 4604 1248 4673 quaestionem
1280 4616 1557 4667 vocemus,
1600 4600 1741 4671 quod
1772 4601 2042 4655 allirmare
2072 4616 2236 4658 ausus

663 4706 766 4759 cst.
800 4695 998 4751 Filium
1033 4696 1119 4751 Dei
1145 4694 1287 4749 nullo
1310 4694 1418 4749 alio
1450 4693 1688 4759 nomine,
1723 4693 1828 4748 nisi
1857 4693 2019 4750 Verbi
2048 4704 2233 4749 notum

667 4786 1043 4857 appellatione,
1109 4786 1422 4855 priusquam
1486 4786 1551 4841 de
1604 4783 1828 4855 Virgine
1884 4794 2227 4841 nasceretur.

665 4871 829 4943 quue
856 4874 925 4929 ob
961 4889 1081 4928 eam
1107 4887 1326 4929 causam
1353 4874 1497 4943 quod
1526 4884 1653 4929 ante
1675 4876 2017 4945 praesentiam
2048 4877 2231 4931 incar-

663 4966 905 5020 nationis
934 4966 1067 5020 nihil
1092 4965 1234 5019 aliud
1280 4972 1338 5032 ›Ῑ‹
1388 4981 1547 5037 quam
1590 4967 1824 5022 Verbum
1852 4977 1973 5022 erat
2005 4986 2019 5023 :
2058 4982 2237 5037 neque

664 5058 772 5113 alio
804 5057 914 5112 ullo
979 5060 1221 5125 nomine,
1264 5060 1366 5116 nisi
1415 5060 1729 5129 prophetice
1760 5070 2065 5115 vocaretur.
2104 5060 2238 5115 Ver-

744 5183 802 5242 ›Ῑ‹
839 5176 934 5234 Ed.
968 5176 1163 5244 Paris.,
1194 5194 1317 5247 pag.
1358 5178 1539 5245 8i,8'5.
1578 5179 1622 5209 τ’
1652 5176 1809 5232 Joan.
1840 5194 1878 5235 ι.
1902 5179 1991 5232 IL

2258 3278 2305 3342 C

2974 3272 3131 3325 ΚΕΦ.
3173 3269 3272 3323 ΙΘ¹.

2336 3366 2525 3432 Ὅπως
2554 3366 2615 3417 αἱ
2642 3362 2788 3419 θεῖαι
2806 3363 3036 3433 Γραφαὶ
3068 3363 3140 3416 οὐ
3162 3361 3360 3433 νμόνρν
3381 3358 3594 3433 Λόγον,
3813 3350 3911 3404 και

2397 3422 2583 3505 μυρία
2619 3422 2866 3505 Αὲτεραξ
3064 3422 3205 3505 apd,
3237 3428 3345 3505 ττῖς
3405 3422 3915 3495 ἐνανθρωπήσσως

2401 3500 2702 3575 ibi-25yde
2731 3500 2841 3559 τὸν
2871 3503 3008 3559 Υίὸν
3038 3502 3143 3557 τοῦ
3175 3500 3370 3555 θεοῦ.

2405 3596 2518 3666 (76)
2558 3590 2659 3650 Ὧν
2692 3596 2970 3667 βραχείας,
2999 3594 3091 3648 ὲπὶ
3118 3591 3209 3645 τοῦ
3245 3590 3530 3662 παρόντος,
3566 3586 3750 3650 καλῶς
3776 3586 3914 3658 ἔχειν

2333 3690 2506 3759 ἐφάνη
2535 3706 2624 3759 μοι
2651 3685 3065 3757 διασκέψασθαι,
3093 3688 3203 3749 τοῖς
3232 3701 3289 3737 τε
3314 3681 3599 3751 ἀγνοοῦσιν
3628 3679 3913 3747 ἐπιδεῖξαι,

2334 3782 2409 3845 ὡς
2452 3782 2677 3852 οὐδεμία
2723 3780 2820 3852 μὲν
2852 3779 3001 3851 αύτῷ
3044 3776 3416 3849 νεωτερίζοντι
3448 3775 3544 3829 καὶ
3592 3775 3693 3846 τῆς
3732 3772 3915 3842 ὑγιοῦς

2337 3874 2722 3947 ὲκτρεπομένῳ
2774 3874 3008 3937 πίστεως
3057 3871 3273 3942 συνᾴδει
3337 3868 3548 3941 Γραφὴ,
3606 3865 3915 3920 τούναντίον

2336 3962 2393 4013 δὲ
2428 3963 2598 4015 πᾶσαι
2640 3960 3108 4031 ἀντιφθέγγονται,
3143 3959 3239 4013 καὶ
3285 3954 3752 4029 ἀντιμαρτυροῦσι
3799 3957 3917 4018 ταῖς

2336 4053 2435 4106 οὐκ
2471 4052 2643 4125 ὀρθῶς
2680 4052 2826 4125 αύτῷ
2866 4052 3337 4124 παραληφθείσαις
3378 4050 3716 4119 διηγήσεσιν.
3744 4047 3915 4117 Ὅπερ

2338 4148 2502 4218 ἐχρῆν
2536 4146 2766 4217 μάλιστα
2797 4149 2908 4211 τοῖς
2952 4147 3045 4200 τὸν
3078 4145 3249 4217 ἀνδρα
3280 4143 3511 4215 τιμῶσιν
3553 4139 3910 4207 ἐνδείξασθαι,

2345 4241 2545 4312 μήποτ’
2584 4240 2693 4311 ἀρα
2718 4257 2800 4304 τις
2862 4238 3042 4293 αὐτῶν
3070 4238 3297 4311 ἀπειρίᾳ
3328 4237 3439 4291 τῶν
3483 4236 3644 4290 θείων
3684 4236 3915 4303 ἀναγνω-

2345 4334 2529 4404 μάτων
2577 4334 2862 4403 τυγχάνειν
2904 4334 3067 4387 αὑτὸν
3112 4332 3207 4386 τοῦ
3263 4332 3362 4403 τῆς
3411 4330 3671 4403 ἀληθείας
3716 4331 3911 4385 σκοποῦ

2340 4425 2628 4495 νομίσειεν.
2664 4426 2773 4479 Καὶ
2799 4425 2863 4495 δὴ
2896 4424 3325 4497 τοῦτονπρῶτον
3348 4422 3763 4493 διασκοπητέον,
3794 4423 3822 4476 ὃ
3849 4422 3907 4494 δὴ

2340 4518 2433 4571 καὶ
2458 4518 2790 4590 τετόλμηκεν
2819 4517 3223 4591 ἀποφήνασθαι,
3253 4518 3381 4589 πρὶν
3429 4515 3688 4587 τεχθῆναι
3710 4515 3797 4569 διὰ
3820 4516 3911 4586 τῆς

2268 4642 2310 4696 D
2343 4606 2617 4677 Παρθένου
2646 4608 2736 4661 τὸν
2752 4608 2878 4661 Υἱὸν
2897 4606 2991 4660 τοῦ
3015 4605 3173 4670 Θεοῦ,
3203 4606 3276 4677 μὴ
3302 4604 3412 4675 (77)
3430 4603 3731 4674 κεκλῆσθαι
3750 4604 3911 4675 ἑτέρῳ

2343 4696 2621 4768 ὀνόματιῆ
2660 4697 2849 4767 Λόγον.
2884 4696 3036 4767 Μηδὲ
3085 4698 3192 4767 γὰρ
3223 4692 3359 4749 εἶναι
3396 4696 3558 4750 αὐτόν
3589 4713 3643 4749 τι
3682 4696 3787 4766 πρὸ
3821 4695 3910 4767 τῆς

2341 4788 2604 4859 ὲνσάρκου
2627 4789 2927 4860 παρουσίας
2948 4787 2979 4857 ἢ
3005 4787 3197 4855 Λόγον,
3224 4787 3345 4858 μηδ’
3364 4784 3681 4857 ὠνομάσθαι
3698 4786 3907 4856 ἑτέρως.

2342 4882 2387 4933 εί
2430 4881 2502 4953 μὴ
2546 4880 2654 4950 ἀρα
2695 4880 3079 4953 προφητικῶςο
3124 4879 3295 4947 Λόγον
3358 4878 3467 4949 γᾲρ
3521 4874 3661 4932 εἷναί
3713 4895 3774 4931 τε
3824 4880 3907 4932 καὶ

2344 4969 2678 5041 ὠνομάσθαι,
2710 4972 2806 5024 καὶ
2849 4970 3001 5023 οὐδὲν
3046 4970 3233 5040 ἕτερον
3283 4970 3499 5038 φάσκει,
3543 4967 3681 5040 μετά
3729 4969 3785 5023 δὲ
3818 4971 3907 5042 τὴν

2347 5060 2607 5133 ἐνσαρκον
2642 5061 2962 5133 παρουσίαν,
3003 5060 3273 5135 διαφόρων
3320 5061 3414 5114 καὶ
3466 5060 3575 5113 τῶν
3612 5059 3907 5131 ὲπηγοριῶν

742 5318 857 5391 ('72)
900 5317 1070 5388 Vulgo
1099 5319 1141 5391 ό
1165 5319 1337 5373 Ἰωάν.
1368 5317 1433 5374 li.
1468 5318 1690 5372 alterum
1713 5318 1995 5390 ἄνθρωπος
2018 5318 2159 5375 deiet
2190 5333 2219 5373 e

2351 5320 2561 5388 legend.
2623 5320 2942 5383 ὑπόστασιν,
2993 5322 3083 5391 Itie
3141 5335 3239 5391 pro
3283 5318 3655 5383 ὑποστάσεως,
3713 5317 3904 5389 legend.

671 5406 792 5441 mus
834 5405 993 5460 μονον
1021 5390 1185 5444 scrib.

674 5456 1023 5582 Υ.(ἶ⁵)ΜΤ⁰ὗ
1074 5458 1353 5528 Χριστοῦ,
1408 5458 1516 5513 τοῦ
1557 5458 1718 5514 Υἱοῦ.
1786 5456 2022 5530 Legend.
2070 5459 2104 5529 ἢ
2144 5458 2239 5513 τοῦ

727 5548 827 5582 ιου.
918 5570 928 5579 .

727 5548 827 5582 εου.
862 5548 928 5581 Μ.

747 5602 857 5671 (74)
894 5598 982 5666 Τῷ
1019 5602 1178 5671 λόγῳ
1219 5601 1403 5670 μόνῳ.
1465 5597 1708 5655 Obscure
1739 5639 1753 5662 ,
1812 5609 1865 5655 et
1926 5598 2240 5671 imperfecte

677 5670 823 5743 illud.
844 5675 988 5743 (quod
1024 5670 1271 5743 τῷλόγῳ
1304 5672 1465 5742 μόνῳ.
1505 5672 1642 5725 idem
1674 5682 1788 5734 est,
1821 5684 1883 5743 ac
1917 5670 1962 5724 si
2012 5670 2237 5743 diceret,

673 5742 753 5811 τῷ
795 5740 937 5822 λόγῳ
970 5740 1126 5811 μονον
1185 5740 1341 5822 ever,
1380 5740 1551 5822 deest
1578 5751 1763 5822 autem
1788 5810 1799 5822 D
1826 5740 2238 5822 διαφερόμενον,

677 5810 1119 5883 προστιθέμενον,
1152 5825 1243 5867 aut
1274 5813 1445 5866 simile
1468 5812 1614 5883 quid.
1649 5810 1902 5883 Δοθείσης
1934 5810 2081 5883 αύτῷ
2110 5811 2241 5863 ὑπο-

677 5866 954 5951 στάσεως,ι
982 5866 1135 5941 antea
1158 5866 1384 5939 tuemini
1413 5866 1664 5936 ὑπόθεσιν
1696 5866 1975 5955 scriptum,
2016 5866 2102 5937 ubi
2125 5890 2243 5938 erat

2352 5392 2659 5465 ὑποθέσεως
2684 5392 2762 5465 [et
2778 5392 2865 5465 sic
2886 5389 3116 5465 _codd.].‘

2420 5464 2530 5527 (75)
2554 5458 2737 5533 Vulg'o
2766 5463 2795 5514 ὁ
2826 5462 2995 5529 Λόγος
3028 5458 3082 5516 εἰ
3106 5462 3243 5533 infra
3275 5458 3523 5515 ὑπέθετο.

2416 5533 2527 5601 (76)
2545 5530 2762 5601 Initium
2786 5534 2954 5601 ipsum
2979 5531 3540 5601 capitisgdepravatum
3567 5538 3671 5596 est,
3703 5530 3901 5593 legend.

2349 5596 2481 5677 περι
2511 5596 2609 5657 ’ὧν
2659 5602 2781 5677 διάμ
2807 5596 2958 5677 θρα..
2994 5596 3099 5659 etc.
3136 5599 3208 5656 II.
3236 5596 3307 5643 -ἱ-
3338 5599 3462 5655 Mox
3497 5601 3658 5671 vulgo
3697 5602 3903 5677 οὐδεμία

2346 5672 2492 5729 αὑτῶ
2519 5691 2567 5729 ν.
2598 5684 2653 5727 et
2681 5675 2710 5726 ὁ
2738 5672 2795 5725 δὲ
2814 5672 2936 5728 καί.

2418 5728 2531 5830 (7⁸η
2559 5744 2656 5830 μὴ
2673 5742 3005 5830 ,εεκλήσθο
3020 5742 3132 5825 1Ψο
3147 5740 3460 5830 κεκλῇσθαι.
3479 5740 3748 5830 υμνοι
3766 5743 3906 5818 nugo

2348 5813 2661 5887 ὠνομάσθαι
2696 5814 2880 5887 ἕτερον
2912 5826 2967 5873 et
2991 5813 3144 5870 τοῦτο
3178 5814 3234 5867 δὲ
3258 5813 3353 5869 οὖν
3377 5829 3475 5884 πρ.
3500 5813 3737 5869 δεκτέον.
