4106 6440
251 400 359 460 885

1245 396 1333 456 DE
1368 397 1911 456 ECCLESIASTICA
1953 397 2354 456 THEOLOGIA
2395 397 2526 454 LIB.
2569 398 2611 454 1.

3431 403 3540 463 866

252 525 636 597 τετυχηκέναι.
681 524 852 580 Τοῦτο
877 523 943 595 δὴ
975 517 1072 578 οὖν
1100 520 1313 595 πρῶτοι
1349 522 1586 589 δεκτέον,
1612 522 1817 595 ἅμαθῶ

1952 523 2080 578 bum
2108 536 2238 578 vero
2255 531 2310 579 et
2333 532 2458 579 erat
2480 532 2593 578 tum
2617 532 2670 578 et
2695 522 2998 589 dicebatur,
3024 532 3081 579 et
3106 523 3247 581 nihil
3275 525 3445 585 aliud.
3469 531 3539 586 At

253 618 351 672 ιιαὶ
383 618 494 672 τῶν
528 617 691 672 θείων
734 616 969 690 Γραφῶν
1007 615 1475 689 ἀνεπιστημόνως,
1510 614 1674 669 αὐτὸν
1707 616 1817 670 ἀπο

1947 621 2235 684 postquam
2269 628 2434 670 carne
2483 625 2698 685 sumpta
2729 613 2969 680 advenit,
3020 617 3260 675 diversis
3313 620 3535 686 quidem

256 711 589 786 φηνάμενον.

907 975 1062 1029 ΚΕΦ.
1104 975 1190 1030 K'.

250 1064 617 1136 Παραθέσεις
786 1065 1088 1136 ἑρμηνεῖαι
1128 1065 1363 1136 parum;
1401 1062 1520 1119 τῶν
1567 1063 1689 1136 ἀπὸ
1728 1063 1839 1134 τῆς

319 1135 482 1203 θείας
526 1135 775 1206 Γραφῆς
801 1135 1186 1202 ἀποδείξεων,
1225 1137 1295 1190 ἐν
1322 1135 1489 1202 ὅλοις
1518 1135 1838 1204 τριάκοντα

318 1210 690 1278 κεφαλαίοις.

316 1306 386 1353 α’.
425 1299 650 1373 Πρῶτον
698 1299 800 1370 μὲν
831 1297 942 1371 γάρ
975 1297 1137 1362 αὐτὸς
1171 1303 1200 1352 ὁ
1237 1297 1380 1363 Θετος
1441 1299 1838 1372 εὐαγγελιστὴς

263 1391 535 1463 Ἰωάννης,
553 1392 582 1444 ὁ
599 1390 665 1462 δὴ
682 1389 818 1462 (77‘)
836 1390 1010 1458 Λόγον
1026 1389 1188 1444 αὐτὸν
1214 1390 1472 1453 ἀνειπὼν,
1490 1392 1591 1444 οὐκ
1615 1394 1695 1455 εἰς
1727 1409 1835 1458 μα-

248 1484 400 1557 κρὸν,
437 1483 555 1538 ἀλλ’
601 1482 762 1546 εὐθὺς
811 1483 907 1536 καὶ
950 1482 1102 1555 παρὰ
1155 1484 1290 1538 πόδα
1323 1483 1456 1538 Θεὸν
1495 1485 1657 1538 αὑτὸν
1695 1484 1833 1537 ὠνό-

247 1593 406 1648 μασε,
453 1577 667 1647 φήσαςο
727 1573 837 1629 Καὶ
893 1573 1039 1641 Θεὸς
1074 1570 1153 1645 ἦν
1185 1578 1219 1629 ό
1263 1577 1476 1644 Λόγος.
1525 1577 1834 1647 Δυνάμενος

243 1668 373 1738 γοῦν
398 1668 596 1732 εἰπεῖν,
625 1667 739 1739 (78)
765 1667 860 1720 καὶ
881 1667 1018 1722 Θεοῦ
1045 1663 1114 1740 ἦν
1135 1668 1165 1720 ό
1200 1667 1393 1736 Λόγος,
1417 1666 1577 1723 τοῦτο
1607 1669 1704 1740 μὲν
1732 1669 1832 1722 οὐκ

241 1761 368 1833 ἔφη,
394 1760 472 1823 ὡς
494 1759 560 1814 ἂν
603 1760 677 1831 μή
707 1777 790 1823 τις
817 1759 980 1814 αὑτὸν
1017 1758 1096 1831 τῷ
1126 1758 1277 1832 παρὰ
1304 1758 1610 1832 ἀνθρώποις
1642 1761 1830 1832 ὅμοιον

1947 702 2121 758 titulis
2158 705 2546 776 usurpabatur.
2577 705 2735 773 Quod
2782 707 2850 762 ab
2891 707 2985 763 illo
3025 707 3100 763 ita
3128 710 3390 780 positum,
3433 712 3539 768 im-

1943 795 2122 864 perite
2147 796 2375 861 dictum,
2407 806 2462 852 et
2485 812 2582 868 per
2611 813 2882 854 summam
2922 797 3331 870 Scripturarum
3376 802 3530 871 igno-

1945 887 2201 956 rantiam,
2227 898 2354 944 ante
2381 889 2563 946 omnia
2606 890 3092 947 demonstrandum
3111 902 3217 948 est.

2578 980 2732 1037 CAP.
2776 980 2896 1037 XX.

1942 1091 2242 1162 Proposita:
2281 1113 2376 1162 per
2421 1106 2601 1170 partes
2629 1114 2657 1151 ε
2683 1100 2851 1152 sacris
2901 1097 3138 1164 Litteris,
3169 1108 3219 1155 et
3250 1099 3534 1170 explicata:

2405 1182 2514 1222 xu
2553 1169 3061 1224 demonstrationes.

2013 1304 2066 1358 t.
2103 1301 2376 1372 Imprimis
2418 1302 2752 1374 evangelista
2805 1302 3049 1358 Joannes
3111 1318 3252 1374 ipse,
3311 1305 3405 1375 qui
3465 1306 3534 1360 de
3627 1289 3630 1296 ’

1940 1393 2103 1450 Verbi
2137 1394 2505 1466 appellatione
2551 1411 2676 1452 eum
2709 1398 2958 1467 agnovit,
2990 1412 3097 1453 non
3129 1397 3318 1455 multis
3356 1397 3533 1454 inter-

1937 1488 2152 1557 positis,
2184 1489 2313 1558 quin
2359 1490 2566 1554 statim,
2602 1497 2658 1545 et
2709 1488 2765 1544 in
2815 1492 3105 1559 procinctu
3154 1491 3323 1558 velut,
3359 1491 3532 1546 Deum

1935 1581 2190 1635 eumdem
2223 1581 2479 1652 appellat,
2509 1581 2767 1652 inquiens
2801 1599 2815 1637 :
2844 1581 2916 1637 Et
2950 1581 3095 1639 Deus
3121 1593 3236 1640 erat
3283 1581 3532 1639 Verbum.

1935 1671 2071 1728 Cum
2106 1673 2252 1728 enim
2290 1673 2340 1730 ei
2387 1673 2549 1729 facile
2575 1673 2771 1731 fuisset
2794 1676 2980 1732 dicere
3009 1693 3024 1730 :
3053 1684 3111 1732 et
3143 1678 3387 1732 divinum
3409 1690 3532 1732 erat

1934 1763 2200 1831 Verbum,
2237 1764 2342 1821 hoc
2374 1781 2483 1821 non
2533 1767 2607 1821 ita
2658 1773 2865 1837 posuit,
2897 1783 2969 1824 ne
2997 1770 3125 1840 quis
3155 1768 3309 1824 illum
3338 1770 3532 1838 opina-

241 1849 378 1907 εἶναι
436 1853 662 1924 φήσειεο
711 1850 845 1905 Θεὸν
888 1851 945 1904 δὲ
996 1851 1160 1906 αὐτὸν
1201 1851 1390 1916 καλεῖ,
1434 1852 1498 1904 τὸ
1553 1853 1817 1925 ὑπερφυὲς

1935 1865 2093 1909 retur
2139 1855 2376 1910 similem
2431 1860 2672 1912 humano
2721 1858 2940 1914 cuidam
2989 1860 3158 1916 verbo
3202 1861 3526 1916 exstitisse:

239 1945 334 1999 τοῦ
370 1945 499 2013 περὶ
547 1943 710 1996 αὑτὸν
757 1943 1097 2015 Θεοπρεποῧς
1141 1941 1486 2016 ἀξιώματος,
1536 1943 1679 1998 οὕτω
1712 1945 1824 1999 δει-

240 2052 392 2099 κνυς.

308 2128 372 2200 β’.
412 2126 670 2190 Μεταϐὰς
697 2126 756 2180 δὲ
794 2128 879 2197 ἐφ’
906 2127 1096 2199 ἑτέραν
1139 2128 1383 2182 ἐπίνοιαν
1427 2128 1526 2201 τῆς
1558 2129 1686 2201 περὶ
1731 2131 1827 2183 αὑ-

234 2220 329 2274 τοῦ
373 2220 714 2289 δοξολογίας,
756 2221 885 2286 Φῶς
933 2221 1094 2274 αὑτὸν
1125 2220 1409 2292 ὠνόμασε,
1449 2223 1825 2294 προϋπάρχειν

234 2313 397 2368 αὐτὸν
446 2313 545 2383 τῆς
599 2312 696 2364 τοῦ
763 2311 1014 2383 σώματος
1060 2311 1416 2383 ἀναλήψεως,
1479 2311 1622 2365 κατὰ
1665 2310 1825 2365 τοῦτο

235 2407 367 2461 αὐτὸ
423 2405 704 2478 δηλώσας,
769 2406 828 2458 ὲν
890 2399 972 2470 οἷς
1029 2406 1157 2477 περὶ
1202 2405 1298 2459 τοῦ
1359 2405 1666 2460 Βαπτιστοῦ
1715 2424 1822 2478 φη-

235 2519 341 2556 σιν·

302 2594 369 2664 γ’.
418 2595 538 2647 Οὐκ
577 2588 658 2663 ἦν
704 2590 934 2659 ἐκεῖνος
982 2590 1050 2644 τὸ
1086 2589 1232 2660 φῶς,
1274 2589 1414 2644 ἀλλ’
1456 2590 1557 2642 ἳνα
1597 2606 1823 2659 μαρτυ-

224 2690 394 2759 ρήσῃ
420 2687 555 2755 περὶ
581 2684 688 2740 τοῦ
717 2684 930 2755 φωτὸς,
957 2683 989 2738 ὃ
1016 2684 1246 2754 φωτίζει
1273 2681 1472 2736 πάντα
1508 2683 1824 2751 ἄνθρωπον

229 2782 557 2851 ἐρχόμενον
601 2780 687 2844 εὶς
725 2777 832 2830 τὸν
882 2778 1136 2847 κόσμον.
1187 2777 1285 2828 Ἐν
1328 2773 1408 2840 τῷ
1465 2776 1674 2845 κόσμῳ
1719 2771 1818 2846 ἦν,

231 2872 330 2929 καὶ
369 2876 402 2927 ὀ
438 2872 666 2940 κόσμος
713 2868 787 2921 δι’
833 2867 1019 2922 αὐτοῦ
1068 2865 1330 2936 ἐγένετο,
1366 2866 1464 2918 καὶ
1512 2868 1545 2918 ὁ
1589 2866 1820 2934 κόσμος

230 2965 418 3022 αὐτὸν
464 2965 576 3018 οὐκ
606 2964 778 3031 ἔγνω.
811 2961 916 3026 Εἰς
963 2958 1036 3011 τὰ
1073 2957 1194 3012 lota
1235 2953 1404 3027 ἦλθε,
1446 2956 1546 3009 καὶ
1580 2959 1635 3009 οἱ
1681 2957 1819 3010 ιδιοι

229 3055 415 3112 αὑτὸν
442 3055 515 3108 οὐ
563 3050 925 3120 παρέλαϐον.
967 3049 1129 3119 Ὁρᾷς
1172 3049 1321 3111 ὅπως
1367 3045 1578 3110 τούτοις
1616 3048 1678 3100 οϋ
1719 3048 1820 3100 A6-

231 3165 324 3216 γον
356 3146 538 3217 μόνον,
563 3144 638 3206 ὡς
667 3142 842 3195 ἐδόκει
881 3139 1211 3211 Μαρκέλλῳ,
1240 3137 1376 3192 ἀλλὰ
1407 3139 1500 3192 καὶ
1533 3139 1688 3202 Θεὸν,
1721 3140 1817 3192 καὶ

1931 1949 2029 2004 sed
2058 1949 2298 2020 appellat
2328 1965 2451 2005 eum
2486 1950 2656 2006 Deum
2686 1968 2699 2005 :
2724 1968 2833 2023 quo
2863 1953 3062 2009 divinae
3095 1954 3379 2026 dignitatis
3410 1955 3530 2026 ejus

1931 2040 2449 2096 excellentissimam
2492 2044 2756 2100 indicaret
2782 2055 3055 2100 naturam.

2000 2133 2056 2188 2.
2099 2131 2400 2190 Transiens
2461 2137 2591 2191 hinc
2661 2138 2729 2190 ad
2791 2137 2954 2192 aliam
3021 2135 3527 2194 considerationem

1929 2224 2245 2294 quamdam,
2278 2225 2427 2282 illius
2471 2240 2635 2297 quam
2669 2228 2908 2284 habebat
2936 2226 3381 2298 glorificationis,
3414 2227 3526 2281 Lu-

1928 2332 2038 2369 cem
2092 2317 2242 2371 illum
2291 2326 2474 2384 vocat,
2510 2329 2566 2375 et
2613 2334 2714 2390 per
2740 2320 2893 2376 illum
2926 2321 3105 2392 ipsum
3141 2321 3354 2377 titulum
3387 2336 3528 2392 pra:-

1927 2409 2208 2464 exstitisse
2240 2421 2363 2464 eum
2397 2410 2643 2466 indicare
2672 2411 2844 2467 voluit
2875 2422 3003 2468 ante
3028 2423 3371 2482 assumptum
3401 2428 3528 2470 cor-

1927 2515 2028 2570 pus
2055 2515 2212 2555 suum
2244 2520 2257 2555 :
2289 2502 2559 2572 siquidem
2583 2503 2651 2559 de
2679 2504 2924 2573 Baptista
2965 2504 3180 2562 locutus
3197 2505 3309 2561 ait:

1997 2593 2052 2649 5.
2091 2593 2221 2648 Non
2248 2602 2366 2648 erat
2399 2595 2487 2648 ille
2523 2594 2638 2659 lux,
2672 2597 2762 2650 sed
2801 2606 2858 2650 ut
2885 2599 3247 2652 testimonium
3284 2597 3529 2667 perhibt-

1926 2698 2003 2740 ret
2033 2687 2100 2741 de
2128 2686 2329 2740 lumine
2366 2685 2484 2754 illo,
2513 2688 2653 2758 quod
2694 2687 2964 2743 illuminat
3008 2705 3214 2744 omnem
3255 2691 3525 2746 hominem

1924 2779 2210 2833 venientem
2231 2779 2285 2833 in
2320 2778 2458 2832 hunc
2481 2781 2761 2835 mundum.
2796 2778 2863 2834 In
2901 2783 3099 2836 mundo
3129 2792 3269 2848 erat,
3302 2793 3351 2837 et
3374 2798 3524 2837 muttv

1923 2870 2023 2922 dus
2043 2885 2136 2938 per
2167 2870 2339 2938 ipsum
2369 2870 2546 2939 factus
2568 2881 2666 2934 est,
2690 2880 2739 2925 el
2771 2871 3002 2926 mundus
3042 2888 3161 2926 cum
3189 2890 3294 2928 non
3322 2890 3523 2944 cogno-

1923 2965 2012 3014 uit.
2046 2961 2112 3013 In
2142 2961 2362 3030 propria
2393 2963 2557 3026 venit,
2595 2971 2646 3015 et
2677 2964 2761 3016 sui
2813 2980 2933 3017 eum
2975 2981 3081 3018 non
3123 2980 3426 3034 receperunt
3449 2967 3520 3024 ³⁸.

1924 3050 2088 3107 Vides
2119 3063 2326 3119 autem,
2358 3063 2416 3107 ut
2457 3054 2512 3108 in
2552 3054 2672 3109 istis
2724 3070 2833 3109 non
2869 3054 3109 3110 Verbum
3147 3057 3520 3128 solummodo,

1922 3144 2017 3199 sed
2068 3154 2123 3199 et
2170 3145 2337 3201 Deum
2385 3154 2442 3199 et
2499 3145 2701 3211 lucem,
2736 3146 2890 3201 ἱΙΙιιιιι
2945 3147 3277 3213 nominavit,
3326 3161 3520 3208 contra

232 3241 345 3312 φῶς
387 3239 550 3293 αὐτὸν
581 3237 856 3307 ὠνόμασε,
891 3233 1266 3306 προϋπάρχειν
1302 3250 1360 3286 τε
1397 3233 1560 3287 αὑτὸν
1590 3232 1814 3300 ἐδίδαξε,

1927 3253 2083 3308 quam
2149 3237 2404 3292 Marcello
2467 3238 2784 3293 videbatur.
2840 3237 3245 3295 Praeexstitisse
3304 3256 3524 3312 quoque

230 3335 322 3388 καὶ
359 3334 453 3385 τὸν
497 3331 702 3401 κόσμον
729 3328 796 3382 δι’
824 3327 989 3381 αὐτοῦ
1019 3326 1322 3395 γεγονέναι.
1350 3327 1559 3397 Ὠσπερ
1591 3328 1701 3398 γὰρ
1729 3326 1818 3379 διὰ

226 3425 322 3480 τοῦ
365 3423 502 3477 Θεοῦ
563 3421 675 3494 (⁸79)
743 3420 919 3489 Λόγου
967 3418 1328 3488 γεγεννῆσθαι
1367 3418 1434 3471 τὰ
1467 3421 1674 3484 πάντα,
1725 3421 1819 3472 καὶ

228 3519 397 3589 χωρὶς
425 3515 591 3569 αὑτοῦ
632 3512 888 3582 γενέσθαι
935 3513 1088 3566 οὐδὲν
1134 3511 1501 3582 προείρηκεν,
1547 3511 1690 3565 οὓτω
1723 3513 1818 3565 καὶ

225 3613 313 3665 διὰ
341 3609 450 3681 (80)
490 3607 585 3662 τοῦ
618 3607 794 3676 φωτός
815 3623 828 3638 ο
861 3607 914 3659 '0
941 3606 1053 3675 γὰρ
1081 3605 1329 3674 κόσμος,
1353 3605 1511 3676 φησὶ,
1538 3605 1612 3658 δι’
1629 3607 1816 3661 αὑτοῦ

225 3704 482 3774 ἐγένετο.
521 3703 616 3766 Ὠς
647 3697 786 3754 εἶναι
819 3699 875 3752 ἓν
917 3700 1010 3752 καὶ
1050 3697 1246 3752 ταύτὸν
1285 3695 1354 3751 τῦ
1397 3697 1523 3767 φῶς
1567 3697 1665 3752 καὶ
1709 3699 1818 3754 τὸν

229 3797 378 3850 Θεὸν
414 3798 628 3865 Λόγον,
658 3793 846 3862 Λέγων
874 3791 930 3845 δὲ
963 3792 1030 3844 δι’
1060 3791 1226 3844 αὐτοϋ
1263 3791 1645 3862 γεγεννῆσθαι,
1685 3793 1816 3846 ποτὲ

231 3885 327 3954 μὲν
355 3883 446 3935 τὸν
480 3883 707 3951 κόσμον,
741 3879 872 3932 ποτὲ
911 3877 967 3930 δὲ
1009 3878 1078 3932 τὰ
1111 3879 1310 3942 πάντα,
1360 3877 1422 3931 τὸ
1461 3878 1570 3949 (8i)
1606 3881 1815 3952 ὑπηρε-

225 3977 375 4028 τικὸν
403 3975 499 4028 τοῦ
533 3973 668 4026 Θεοῦ
699 3972 1021 4044 παρίστησι.
1063 3971 1372 4040 Δυνάμενος
1408 3971 1539 4040 γοῦν
1579 3975 1607 4026 ό
1650 3973 1815 4042 εὐαγ-

227 4067 476 4138 γελιστὴς
533 4067 726 4127 εἰπεῖν,
776 4063 980 4117 Πάντα
1035 4063 1134 4116 ὑπ’
1184 4063 1370 4117 αὑτοῦ
1420 4064 1678 4134 ἐγένετο,
1721 4065 1817 4118 καὶ

225 4156 408 4224 αὖθις,
444 4159 554 4213 Καὶ
593 4160 626 4212 ὀ
664 4157 893 4225 κόσμος
921 4156 1022 4210 ὑπ’
1049 4155 1237 4209 αὑτοῦ
1265 4155 1525 4225 ἐγένετο,
1551 4157 1670 4228 οὐχ,
1712 4160 1815 4212 ὑπ’

225 4251 429 4315 αὑτοῦ,
465 4250 591 4320 ἔφη,
625 4248 760 4302 άλλὰ
786 4248 858 4301 δι’
881 4248 1067 4302 αὑτοῦ
1101 4244 1181 4317 ἦν
1211 4264 1223 4276 ·
1252 4249 1316 4299 ἵν’
1340 4249 1487 4319 ἡμᾶς
1518 4249 1817 4323 ἀναπέμψῃ

225 4348 315 4398 ἐπὶ
344 4346 440 4416 τὴν
468 4345 578 4397 τῶν
606 4343 744 4395 ὅλων
777 4340 1090 4412 ποιητικὴν,
1122 4338 1216 4391 τοῦ
1258 4341 1471 4411 Πατρὸς
1505 4339 1810 4394 αὐθεντίαν.

237 4437 395 4490 Ἀλλὰ
427 4435 526 4490 καὶ
555 4439 587 4489 ό
619 4435 877 4503 κόσμος,
906 4434 1088 4503 φησὶν,
1131 4431 1320 4485 αὐτὸν
1350 4434 1460 4486 οὐκ
1492 4432 1668 4502 ἔγνω.
1709 4434 1813 4488 Τὸν

221 4527 280 4580 δὲ
318 4529 411 4580 ἐπὶ
453 4527 671 4579 πάντων
699 4526 830 4578 Θεὸν
861 4528 1116 4594 φυσικαῖς
1148 4525 1382 4587 ἐννοίαις
1412 4525 1651 4589 ἅπαντες
1679 4528 1811 4599 ὁμο⁴

1922 3329 2154 3384 allii-mat
2213 3329 2362 3384 illum
2413 3345 2427 3382 :
2478 3337 2534 3384 et
2589 3331 2853 3383 mundum
2917 3345 3015 3399 per
3067 3331 3246 3401 ipsum
3308 3333 3520 3392 factum

1919 3423 2112 3478 fuisse.
2139 3422 2612 3490 Quemadmodum
2641 3423 2789 3476 enim
2819 3422 2873 3477 in
2897 3425 3337 3493 praecedentibus
3365 3429 3521 3483 dixe-

1921 3523 2027 3582 rat,
2059 3515 2241 3570 omnia
2268 3513 2528 3584 producta
2561 3513 2734 3568 fuisse
2760 3529 2857 3584 per
2897 3514 3138 3571 Verbum
3167 3516 3286 3585 Dei,
3311 3530 3368 3574 et
3396 3519 3519 3576 sine

1920 3607 2013 3662 illo
2072 3607 2207 3662 nihil
2250 3606 2412 3678 plane
2465 3616 2858 3678 procreatum,
2921 3608 3002 3662 ita
3055 3624 3276 3679 quoque
3323 3623 3380 3666 et
3423 3627 3521 3682 per

1920 3695 2095 3753 lucem
2127 3697 2247 3751 ait:
2279 3694 2424 3750 Nam
2456 3695 2712 3759 mundus,
2757 3695 2962 3766 inquit,
2999 3713 3092 3765 per
3136 3697 3290 3751 illum
3340 3699 3517 3768 [actus

1919 3800 2015 3852 eu,
2058 3797 2119 3842 ut
2150 3791 2224 3843 ita
2257 3802 2397 3841 unus
2429 3788 2682 3853 idemque
2717 3784 2903 3854 fuerit,
2937 3784 3077 3851 Lux,
3111 3795 3165 3842 et
3198 3785 3342 3842 Deus
3383 3786 3515 3841 Ver-

1920 3883 2063 3936 bum.
2081 3880 2332 3948 Cumque
2365 3894 2463 3950 per
2492 3879 2640 3934 illum
2674 3877 2910 3934 aﬂirmet
2941 3877 3147 3934 factum
3177 3895 3325 3936 nunc
3355 3897 3518 3935 mun-

1918 3978 2072 4039 dum,
2113 3989 2257 4029 nunc
2315 3984 2515 4029 caetera
2565 3972 2778 4038 omnia,
2826 3971 3140 4028 subindicat
3193 3972 3344 4028 illum
3400 3973 3520 4031 Deo

1918 4066 2383 4122 subministrasse.
2415 4061 2548 4117 Nam
2587 4067 2648 4126 νζ(
2683 4077 2807 4117 cum
2855 4070 3044 4131 posset
3075 4060 3143 4116 ad
3184 4061 3350 4116 istum
3399 4077 3516 4118 mo-

1919 4159 2044 4213 dum
2068 4155 2317 4228 proferre
2338 4153 2672 4222 evangelista
2699 4169 2714 4205 :
2755 4153 2951 4207 Omnia
2980 4154 3047 4207 ab
3078 4152 3171 4207 illo
3195 4153 3340 4222 facta
3361 4165 3513 4222 sunt,

1919 4260 2081 4318 atque
2115 4250 2313 4304 iterum
2349 4263 2363 4302 :
2395 4245 2631 4301 Mundus
2664 4251 2727 4299 ab
2762 4245 2855 4298 illo
2887 4245 3064 4314 factus
3107 4254 3206 4313 est,
3241 4260 3348 4301 non
3379 4246 3513 4304 illud

1917 4344 2118 4415 posuit,
2152 4343 2217 4395 ab
2244 4360 2304 4397 eo
2331 4359 2348 4396 :
2383 4341 2478 4395 sed
2507 4357 2601 4408 per
2625 4357 2764 4395 eum.
2807 4339 2926 4407 Quo
2961 4339 3174 4395 scilicet
3204 4340 3512 4398 remitteret

1918 4452 2014 4493 nos
2061 4435 2128 4492 ad
2181 4436 2551 4490 authenticam
2583 4433 2763 4489 Patris
2793 4434 2977 4488 omnia
3007 4433 3230 4488 creandi
3265 4441 3511 4503 potesta-

1919 4543 2048 4584 tem.
2097 4527 2206 4582 Sed
2256 4537 2312 4582 οι
2345 4529 2599 4591 mundus,
2634 4527 2834 4595 inquit,
2868 4526 3042 4595 ipsum
3087 4540 3191 4578 non
3243 4526 3512 4595 cognovit.

224 4618 471 4686 λογοῦσιν
510 4617 808 4688 ἄνθρωποι,
836 4615 931 4670 καὶ
963 4616 1172 4686 πρῶτοξ
1210 4633 1272 4683 γε
1309 4617 1578 4670 Ἰουδαίων
1622 4620 1813 4685 παῖδες

1927 4621 2051 4677 Cum
2084 4623 2276 4687 Deum,
2308 4620 2402 4691 qui
2454 4618 2527 4673 sit
2571 4633 2738 4690 super
2767 4617 2974 4682 omnia,
3015 4631 3115 4687 per
3145 4617 3396 4673 notiones
3429 4617 3513 4671 in-

224 4711 288 4762 ἑκ
319 4711 426 4762 τῶν
480 4705 832 4779 προφητικῶν
886 4706 925 4758 Γ
931 4706 1116 4778 ραφῶν
1165 4707 1694 4777 χειραγωγούμενοι,
1735 4710 1812 4774 ὠς

226 4805 321 4858 καὶ
350 4803 511 4866 αὐτὸς
541 4803 778 4873 παρίστη
815 4799 1154 4872 Μάρκελλος,
1182 4802 1237 4852 ἐν
1264 4806 1376 4865 τοῖς
1419 4802 1545 4873 ἑξῆς
1578 4802 1805 4874 προϊών.

225 4895 434 4949 Οὐκοῦν
469 4894 654 4965 ἕτερος
679 4890 748 4964 ἦν
779 4888 951 4955 οὗτος,
977 4893 1035 4945 ὃν
1060 4895 1089 4945 ὁ
1121 4894 1324 4964 κόσμος
1359 4895 1458 4947 οὐκ
1491 4895 1651 4963 ἔγνω,
1677 4895 1809 4959 Θεὸς

224 4989 318 5042 καὶ
332 4989 522 5056 Λόγος,
553 4986 668 5057 φῶς
687 4985 946 5057 ὑπάρχων
977 5003 1034 5038 τε
1052 4988 1145 5038 καὶ
1159 4987 1550 5057 ὠνομασμένος
1569 5007 1582 5016 ·
1606 4989 1721 5057 φῶς
1743 4988 1800 5040 δὲ

224 5081 322 5136 οὐκ
336 5081 613 5152 αἰσθητὸν,
634 5078 755 5132 οὐδὲ
775 5079 883 5151 (8‘2)
900 5079 1118 5150 σαρκῶν
1132 5080 1266 5151 (82⁴)
1282 5079 1590 5152 ὀφθαλμοὺς
1606 5081 1807 5153 ὁμοίως

301 5275 359 5333 ᾖ(
384 5269 481 5326 Ed.
511 5269 716 5330 Paris..
752 5283 874 5339 pag.
901 5266 990 5325 8|.
1075 5267 1121 5298 ⁸ο
1154 5267 1312 5322 .loan.
1347 5284 1386 5332 ι,
1420 5265 1476 5333 8,
1517 5267 1604 5321 ll.

321 5478 430 5548 77')
456 5477 626 5548 Vulgo
658 5480 766 5533 ὅδε.

321 5542 545 5622 78)’Καὶ
561 5542 718 5622 ’Θερς
739 5551 818 5619 ἦν
846 5551 878 5603 ό
901 5550 1111 5622 Λόγος.
1142 5546 1393 5622 lino,qu
1420 5545 1562 5608 Θεῖος
1579 5542 1741 5622 _[ded_i
1764 5559 1796 5600 e

1917 4714 2055 4768 sitas
2084 4730 2113 4766 a
2144 4721 2340 4767 natura
2375 4720 2711 4782 cognoscant
2738 4725 2932 4766 omnes
2961 4726 2976 4765 :
3009 4708 3280 4779 imprimis
3324 4720 3508 4765 autem

1918 4807 2012 4861 illii
2053 4805 2384 4872 Iudaeorum,
2455 4804 2878 4860 manuductione
2919 4801 3330 4872 Scripturarum
3382 4817 3511 4872 pro-

1916 4899 2300 4969 pheticarum,
2349 4896 2494 4966 quod
2554 4897 2940 4968 progrediente
3005 4908 3259 4950 sermone
3321 4893 3511 4949 docuit

1915 4990 2147 5060 ipsemet
2181 4988 2489 5045 Marcellus.
2523 4987 2794 5054 Quocirca
2839 4997 2960 5042 erat
3005 4986 3147 5041 alius
3187 4987 3292 5042 iste
3335 5001 3504 5054 quem

1917 5083 2154 5139 mundus
2198 5100 2306 5139 non
2343 5081 2618 5154 cognovit,
2670 5077 2813 5136 Deus
2852 5088 3018 5149 atque
3064 5076 3330 5145 Verbum,
3383 5077 3506 5132 Lux

2000 5473 2090 5527 79)
2121 5474 2225 5526 Ἵσ.
2261 5473 2419 5542 λόγον
2446 5469 2552 5540 Mp.
2586 5470 2707 5525 Mox
2731 5469 2892 5542 vulgo
2915 5468 3035 5522 οὐδὲ
3064 5467 3124 5542 ἓν
3161 5483 3258 5539 πρ.

2000 5474 2090 5527 79ὶ
2121 5474 2225 5526 Ἵσ.
2261 5474 2419 5542 λόγον
2446 5474 2552 5540 Mp.
2586 5474 2707 5525 Mox
2731 5474 2892 5542 vulgo
2915 5474 3035 5522 οὐδὲ
3064 5474 3124 5520 ἓν
3161 5483 3258 5539 πρ.

1977 5474 2092 5619 280)
2123 5544 2234 5598 Τοῦ
2270 5544 2500 5619 Δςριιοξός.
2561 5543 2758 5619 ξΟ-γὰρ
2797 5545 3058 5619 κόσμος..
3082 5538 3366 5619 Lege_t'_em,
3406 5537 3498 5591 Ἐν

227 5609 470 5693 ςοὶιιὶξκ.
511 5609 709 5693 Θεοϋ],’
733 5609 943 5693 poterat
980 5609 1220 5693 Ioannes
1255 5609 1478 5693 dixisse,
1507 5609 1630 5693 καίΔ
1653 5615 1796 5693 θεῖος

1927 5609 2197 5693 τῷξκόσμῳ
2221 5609 2330 5686 γᾶρ
2368 5611 2456 5693 ἦν,
2487 5616 2584 5693 καὶ
2610 5609 2873 5693 όκόσμος
2903 5609 2970 5665 δι’
2999 5609 3183 5666 αὑτοῦ.
3223 5609 3334 5666 Hoc
3386 5620 3496 5678 est,

225 5686 292 5763 ἦν
325 5693 353 5743 ὁ
379 5690 554 5761 ὶόγος,
578 5703 631 5745 at
654 5684 807 5763 dixit,
836 5691 934 5763 καὶ
964 5691 1109 5763 Θεὸς
1125 5686 1225 5760 ἦν,
1255 5688 1456 5758 aliquid
1484 5688 1631 5763 aliud
1662 5688 1801 5763 dixit

1927 5684 2114 5763 [uidua
2143 5684 2265 5763 erat
2291 5684 2345 5742 et
2375 5684 2679 5763 dicebatur.
2715 5684 2787 5744 Μ.

228 5757 498 5828 ῥηίδια-,ὂ
546 5761 768 5831 φωτίζει
802 5761 978 5816 πάντα
1017 5757 1646 5833 ἄκιθρὼπον;“-πιυιῇιεις
1665 5757 1800 5833 citat

227 5824 614 5904 evangelista-tn
638 5874 652 5899 ,
697 5824 858 5904 apud,
877 5849 1039 5904 quem
1070 5824 1288 5904 ilegitur
1310 5824 1327 5894 ,
1352 5824 1431 5899 ἦν
1463 5827 1542 5904 τὸΔ
1562 5825 1690 5898 φῶς
1732 5827 1801 5882 τὸ

228 5899 514 5973 und-1rd)“
529 5903 560 5956 ὃ
574 5901 820 5974 φωτίζει.
845 5899 989 5958 Μζ-
1001 5903 1142 5958 lnfru
1154 5899 1313 5974 vulgo
1329 5899 1704 5972 προϋπάρχειν
1719 5915 1793 5952 τε.

1981 5757 2091 5823 (81)
2143 5756 2544 5826 ’Υπηρετικόκ
2585 5756 2749 5813 Forte
2776 5753 2967 5826 αὐτοϋ,
2996 5753 3075 5826 τῷ
3101 5751 3242 5823 Θεῷ.
3277 5750 3351 5810 Μ.

1984 5825 2298 5915 eam
2322 5827 2607 5915 9“?""§2‘V°

1982 5897 2118 5969 (8⁵2⁸)
2153 5897 2286 5956 Οὐδὲ
2319 5897 2468 5973 όφο.,
2501 5897 2609 5972 ΜΡ.
