4106 6408
680 368 786 427 861

680 486 952 541 exsistens
977 493 1029 539 et
1056 485 1480 555 appellatuslux.
1511 486 1628 542 Lux
1660 497 1841 543 autem
1874 503 1979 542 non
2014 487 2250 543 sensibia
2274 491 2324 548 Α

680 575 771 641 lis,
806 591 909 631 non
942 576 1242 645 corporalis
1275 595 1289 631 :
1318 593 1421 631 non
1454 594 1573 645 qua:
1608 578 1817 642 oculos,
1848 588 1907 631 ut
1934 577 2015 633 sol
2049 578 2247 631 illumi-

681 675 826 723 nret
851 689 868 722 :
911 682 1035 720 nam
1069 669 1148 723 sic
1177 669 1317 724 illius
1353 670 1488 723 adeo
1539 671 1828 740 participes
1872 670 2067 725 ﬂerent
2096 684 2248 724 crea-

680 769 813 814 tura:
850 759 1211 815 irrationales.
1252 760 1407 815 Nunc
1436 761 1612 829 qualis
1641 772 1759 816 erat
1790 761 1877 815 ille
1910 762 2003 815 lux
2029 777 2127 817 nos
2154 764 2248 818 do-

678 862 787 916 cet,
819 852 1113 921 inquiens:
1144 853 1273 907 Erat
1322 863 1497 907 autem
1543 854 1637 907 lux
1681 853 1993 908 illuminans
2038 872 2246 909 omnem

675 950 939 1003 hominem
966 948 1241 1001 venientem
1279 945 1334 999 in
1353 945 1491 999 hunc
1521 948 1797 999 mundum.
1830 946 1912 999 Ad
1944 944 2089 1001 solos
2118 960 2246 1013 ergo

676 1037 923 1091 homines
972 1034 1275 1103 pertinebat
1332 1034 1610 1089 rationalis
1668 1036 1773 1089 ista
1827 1036 1940 1091 lux.
1976 1035 2242 1103 Quocirca

674 1143 773 1196 per
800 1128 1095 1197 potentiam
1127 1142 1279 1180 suam
1311 1127 1567 1194 pranlitus
1600 1128 1885 1182 intellectu
1914 1139 1969 1183 et
2002 1130 2239 1194 ratione,

674 1222 767 1292 qui
810 1230 893 1275 est
935 1220 1048 1284 lux,
1082 1222 1148 1273 ad
1198 1220 1485 1290 imaginem
1536 1234 1690 1274 suam
1726 1229 1781 1275 et
1832 1221 2241 1276 similitudinem

674 1306 963 1367 rationales
1021 1312 1229 1365 animas
1277 1322 1331 1366 et
1376 1310 1741 1381 intelligentes
1797 1314 2069 1382 produxit.
2124 1314 2241 1368 Non

672 1414 790 1459 erat
817 1419 946 1475 ergo
970 1405 1057 1458 illa
1085 1406 1173 1458 lux
1210 1405 1515 1468 sensibilis;
1547 1416 1604 1459 ut
1640 1421 1812 1475 neque
1846 1408 1986 1461 Deus
2012 1416 2128 1461 erat
2157 1407 2243 1461 ille

671 1496 763 1564 qui
802 1502 887 1551 est
917 1510 1081 1564 super
1104 1497 1377 1549 universa.
1418 1494 1561 1550 Deus
1588 1499 1731 1551 enim
1768 1497 1855 1551 lux
1884 1506 1989 1564 est,
2018 1509 2072 1553 et
2102 1508 2244 1554 tene—

670 1586 781 1640 bra
806 1602 911 1641 non
944 1590 1066 1639 sunt
1096 1587 1147 1638 in
1183 1600 1268 1639 eo.
1296 1585 1410 1639 Lux
1436 1596 1615 1640 autem
1652 1597 1735 1640 est
1757 1587 2059 1650 inaccessa,
2096 1591 2241 1656 quod

668 1675 957 1747 Apostolus
993 1679 1169 1743 docet,
1205 1676 1291 1730 ubi
1327 1681 1402 1730 ait
1435 1696 1447 1730 :
1479 1677 1668 1731 Lucem
1700 1679 1949 1733 habitans
2004 1681 2238 1735 inacces-

669 1788 805 1833 sam,
833 1782 981 1839 quem
1035 1782 1183 1823 nemo
1212 1771 1358 1831 vidit,
1402 1771 1492 1823 sed
1536 1788 1626 1823 nec
1653 1782 1821 1837 potest
1849 1773 2021 1825 videre
2044 1772 2109 1828 ⁸⁸.
2140 1772 2241 1825 Ille

1347 367 1611 423 EUSEBII
1651 365 2130 422 CESAHIENSIS
2168 364 2318 421 OPP.
2360 364 2543 422 PARS
2583 364 2673 421 IV.
2714 396 2782 407 —
2821 364 3243 423 DOGMATICA.
3839 361 3931 416 863

2353 487 2485 557 ἡλίῳ
2535 485 2797 556 φωτίζον·
2850 487 2989 541 οὕτω
3034 488 3141 559 γὰρ
3193 486 3260 541 ἂν
3312 484 3407 539 καὶ
3451 485 3484 555 ἡ
3549 479 3663 535 τῶν
3728 478 3929 549 ἀλόγων

2349 578 2502 641 ζώων
2576 580 2737 649 φύσις
2812 584 3056 651 μετεῖχεν
3129 578 3317 633 αὑτοῦ.
3378 576 3513 631 Νυνὶ
3570 575 3629 627 δὲ
3693 571 3929 626 διδάσκει

2346 672 2528 723 όποιον
2585 667 2653 743 ἦν
2713 673 2860 742 φῶς,
2910 672 3113 740 λέγων·
3163 667 3284 727 Ἦν
3339 668 3453 737 (85)
3522 665 3591 719 τὸ
3653 663 3817 734 φῶς,
3867 663 3928 714 τὸ

2346 760 2595 829 φωτίζον
2636 763 2834 817 πάντα
2854 764 3167 831 ἄνθρωπον
3203 763 3528 830 ἐρχόμενον
3549 744 3638 824 είς
3662 757 3771 809 τὸν
3790 755 3929 808 κέσ-

2342 872 2477 923 μον.
2514 856 2651 924 (85⁶)
2679 858 2854 910 Μόνον
2883 855 2988 928 ἄρα
3015 853 3083 927 ἦν
3114 854 3414 924 ἀνθρώπων
3429 853 3491 905 τὸ
3527 851 3746 919 λογικὸν
3777 849 3928 902 τοῦτο

2347 950 2481 1017 φῶς.
2522 950 2610 1003 Διὸ
2635 950 2860 1020 δυνάμει
2905 952 3064 1021 νοερᾷ
3101 950 3194 1003 καὶ
3224 948 3412 1018 λογικῇ
3454 946 3552 1010 τάς
3588 947 3710 999 κατ’
3751 943 3929 996 εἰκόνα

2344 1045 2441 1115 τὴν
2474 1042 2637 1096 αὑτοῦ
2671 1044 2764 1095 καὶ
2802 1044 3059 1113 ὁμοίωσιν
3102 1040 3475 1110 πεποιημένας
3514 1036 3696 1108 ψυχὰς
3738 1032 3928 1105 νοεράς

2345 1134 2439 1186 καὶ
2470 1133 2693 1201 λογικὰς
2723 1132 3107 1205 ἀπειργάζετο.
3144 1133 3230 1195 Ὠς
3256 1131 3312 1182 δὲ
3336 1131 3431 1183 οὐκ
3468 1128 3732 1198 αἰσθητὸν
3774 1122 3930 1192 ἐτύγ-

2346 1245 2472 1298 χανε
2513 1227 2648 1295 φῶς,
2680 1227 2851 1290 οὕτως
2892 1228 3013 1280 οὐδὲ
3044 1227 3103 1279 τὸ
3148 1225 3400 1278 ἐπέκεινα
3433 1222 3543 1275 τῶν
3586 1222 3728 1276 ὅλων
3771 1218 3928 1282 0.076;

2343 1321 2371 1371 6
2398 1319 2528 1381 Θεὸς
2550 1316 2638 1389 ἦν.
2680 1319 2741 1371 '0
2772 1318 2883 1389 γάρ
2932 1318 3064 1382 Θεὸς
3114 1318 3227 1386 φῶς
3270 1319 3405 1378 ἐστι,
3450 1316 3545 1368 καὶ
3590 1314 3784 1367 σκοτία
3831 1313 3929 1364 οῦκ

2345 1410 2489 1462 ἔστιν
2524 1412 2579 1461 ὲν
2615 1409 2761 1477 αὐτῷ
2784 1411 3027 1479 οὐδεμία.
3066 1410 3174 1463 Καὶ
3211 1409 3318 1481 γὰρ
3356 1413 3383 1463 6
3432 1409 3529 1479 μὲν
3562 1402 3681 1475 φῶς
3722 1404 3926 1475 ἀπρόσ-

2347 1520 2455 1555 ιτον
2478 1499 2567 1573 ἦν,
2592 1502 2663 1566 ὡς
2692 1505 2718 1555 6
2746 1503 2885 1565 θεῖος
2926 1503 3244 1565 Ἀπόστολος
3274 1501 3513 1554 διδάσκει
3536 1540 3548 1563 ,
3584 1498 3781 1565 λέγων’
3800 1494 3927 1559 Φῶς

2342 1594 2519 1648 οἰκῶν
2564 1598 2910 1663 ἀπρόσιτον,
2967 1595 3039 1649 ὃν
3096 1593 3256 1649 εἶδεν
3302 1594 3534 1660 οὐδεὶς,
3576 1591 3727 1665 ¹οὐδ’
3782 1588 3928 1643 ιδεῖν

2342 1687 2609 1741 δύναται.
2658 1687 2707 1739 Ὀ
2740 1687 2790 1739 δ’
2830 1688 2897 1740 ἐν
2926 1682 3014 1753 τῷ
3054 1688 3256 1757 κόσμῳ
3290 1682 3387 1755 ἦν,
3432 1682 3694 1752 φωτίζων
3733 1680 3926 1734 πάντα

2343 1778 2657 1848 ἄνθρωπον
2685 1782 3007 1849 ἑρχήιενον
3053 1782 3138 1846 είς
3179 1779 3283 1831 τὸν
3326 1778 3577 1847 κόσμον.
3628 1773 3796 1827 Ἀλλὰ
3834 1774 3925 1825 καὶ

669 1870 841 1915 autem
873 1861 927 1912 in
960 1863 1154 1914 mundo
1197 1866 1331 1926 erat,
1365 1862 1675 1915 illuminans
1732 1880 1932 1916 omnem
1978 1866 2233 1918 hominem

2347 1877 2373 1925 6
2414 1840 2635 1942 κόσμος,
2672 1840 2839 1941 (piget,-
2876 1870 2961 1924 διὰ
3006 1840 3158 1923 τοῦδε
3210 1869 3299 1922 τοῦ
3348 1840 3523 1937 φωτὸς
3554 1866 3784 1935 γέγονε,
3834 1862 3921 1915 τοῦ

667 1952 951 2007 venientem
1011 1953 1066 2006 in
1119 1954 1392 2005 mundum.
1448 1952 1553 2007 Sed
1600 1962 1654 2007 et
1700 1956 1955 2018 mundus,
2005 1957 2100 2019 ait,
2144 1972 2241 2025 per

666 2044 809 2098 lianc
839 2043 1017 2098 lucem
1049 2043 1223 2099 tactus
1257 2055 1409 2109 erat;
1453 2046 1729 2112 nimirum,
1758 2049 1899 2115 quod
1952 2063 2239 2117 supremus

664 2134 848 2197 Pater,
874 2151 971 2204 per
999 2133 1194 2189 Filium
1234 2149 1390 2191 suum
1434 2138 1685 2193 universa
1736 2141 2112 2194 constituerat.
2144 2143 2238 2194 At-

663 2242 771 2295 que
815 2228 886 2282 lta
941 2238 1051 2281 tres
1102 2228 1217 2281 istae
1272 2228 1684 2298 appellationes,
1731 2231 1784 2284 in
1839 2247 2005 2286 unum
2060 2232 2235 2288 locum

662 2323 933 2386 congestae
984 2331 1014 2368 a
1070 2316 1339 2387 theologo,
1378 2316 1433 2370 in
1473 2320 1741 2389 principio
1786 2319 2091 2391 Scriptura
2123 2340 2237 2379 sua:

660 2408 935 2479 leguntur,
963 2410 1085 2477 qua:
1113 2410 1199 2477 pie
1225 2410 1445 2479 quidem
1480 2417 1536 2464 et
1567 2411 1687 2466 sine
1732 2412 1843 2467 ulla
1881 2414 2115 2479 oﬂ‘ensa,
2142 2433 2239 2484 po-

660 2507 915 2553 testatem
968 2499 1271 2569 insignium
1330 2498 1457 2555 Filii
1513 2501 1649 2567 Dei,
1697 2518 1897 2575 nempe
1962 2504 2234 2575 Verbum,

660 2590 804 2646 Deus
830 2601 995 2660 atque
1025 2590 1139 2647 lux.
1522 2643 1529 2649 .

731 2685 785 2739 ι.
828 2684 1085 2751 Quartam
1123 2685 1211 2739 his
1244 2685 1483 2741 annectit
1526 2687 1666 2742 idem
1702 2702 1767 2743 eo
1790 2688 1927 2756 loco,
1975 2692 2237 2765 Unigeni—

663 2790 775 2833 tum
806 2778 1079 2849 appellans
1101 2780 1222 2836 istis
1243 2781 1503 2835 vocibus:
1525 2781 1594 2834 Et
1640 2780 1861 2838 Verbum
1884 2803 2007 2841 caro
2031 2788 2233 2856 factum

670 2883 769 2938 est,
810 2885 857 2927 et
887 2873 1133 2925 habitavit
1162 2873 1216 2925 in
1247 2870 1393 2926 nobis
1423 2895 1434 2928 :
1469 2873 1538 2926 Et
1576 2875 1801 2931 vidimus
1827 2878 2049 2946 gloriam
2093 2884 2229 2951 ejus,

660 2966 887 3038 gloriam
924 2968 1077 3036 quasi
1114 2964 1378 3036 Unigeniti
1405 2986 1437 3020 a
1462 2967 1668 3033 'Patre,
1700 2972 1908 3040 plenum
1948 2977 2138 3046 gratia:
2181 2987 2232 3032 et

664 3058 901 3112 veritatis
923 3052 993 3113 ⁸⁷⁸.
1031 3056 1106 3111 lta
1135 3075 1349 3129 quoque
1376 3070 1430 3113 et
1461 3058 1777 3131 Unigenitus
1808 3066 2092 3123 dicebatur
2118 3068 2229 3137 ille,

2348 1966 2679 2036 κρείττονος,
2722 1964 2923 2037 δηλαδὴ
2974 1964 3067 2015 τοῦ
3116 1962 3327 2035 [ἰατρὸς
3383 1960 3469 2013 διὰ
3522 1959 3617 2012 τοῦ
3685 1956 3820 2010 Υίοῦ
3867 1954 3923 2008 τὸ

2349 2060 2454 2111 πᾶν
2489 2059 2897 2127 συνισταμένου.
2932 2059 3090 2129 Τρεῖς
3125 2058 3222 2127 μὲν
3249 2055 3313 2125 δὴ
3347 2047 3504 2108 αὗται
3538 2052 3679 2106 κατὰ
3703 2050 3764 2103 τὸ
3795 2047 3923 2103 αὺτδ

2345 2148 2452 2199 τῶν
2479 2143 2571 2200 τοῦ
2612 2144 2740 2200 Υίοῦ
2779 2146 2871 2200 τοῦ
2905 2147 3038 2200 Θεοῦ
3071 2146 3181 2217 (84)
3220 2144 3529 2215 δυναμένων
3563 2140 3799 2212 εὔφημοι
3834 2138 3922 2192 καὶ

2345 2238 2585 2302 εὐσεϐεῖς
2637 2238 2925 2309 ὲπηγορίαι
2964 2236 3042 2309 τῷ
3097 2235 3328 2306 θεολόγῳ
3365 2235 3463 2305 τῆς
3494 2233 3722 2305 Γραφῆς
3767 2231 3922 2299 ἀρχο-

2348 2330 2493 2400 μένῳ
2533 2328 2999 2403 παρελείφθησαν⁹
3031 2331 3060 2383 6
3091 2328 3283 2397 Λόγος,
3325 2328 3419 2380 καὶ
3465 2328 3493 2379 6
3537 2324 3693 2389 Θεὸς,
3730 2323 3827 2376 καί
3866 2320 3921 2373 τὸ

2347 2423 2479 2493 φῶς.

2412 2694 2474 2750 δ’.
2520 2696 2657 2768 Ἤδη
2727 2696 2783 2749 δὲ
2838 2697 2931 2749 καὶ
2997 2695 3263 2767 τετάρτην
3335 2694 3689 2767 προστίθησιν
3741 2696 3770 2749 6
3824 2693 3919 2750 αὗο

2341 2781 2452 2851 τὸς,
2488 2786 2767 2856 Μονογενῆ
2819 2788 2909 2839 τὸν
2964 2787 3126 2840 αὑτὸν
3180 2785 3487 2850 ἀποκαλῶν,
3531 2788 3587 2839 ὲν
3634 2781 3715 2849 οἷς
3756 2799 3916 2857 gnat“

2340 2880 2449 2933 Kal
2510 2882 2543 2934 ὁ
2600 2882 2789 2949 Λόγος
2849 2879 3005 2947 σὰρξ
3076 2879 3342 2949 ἐγένετο,
3401 2881 3499 2933 καὶ
3568 2877 3921 2943 ἐσκήνωσε⁸

2339 2974 2409 3025 ἐν
2464 2972 2627 3042 ἡμῖν,
2701 2972 2798 3025 καὶ
2855 2972 3225 3041 ἐθεασάμεθα
3283 2972 3400 3039 τὴν
3464 2970 3655 3034 δόξαν
3711 2968 3917 3034 αὐτοῦς

2340 3064 2529 3129 δόξαν
2602 3066 2680 3131 ὡς
2743 3063 3124 3133 Μονογενοῦς
3202 3064 3359 3132 παρὰ
3436 3064 3696 3131 Πατρός,
3764 3064 3919 3130 πλή-

656 3152 969 3222 priusquam
1039 3152 1439 3206 incarnaretur.
1494 3153 1628 3208 Nam
1694 3167 1971 3228 utcunque
2043 3171 2229 3216 nostra

2337 3174 2451 3224 ρης
2509 3156 2749 3225 χάριτος
2801 3155 2899 3209 καὶ
2950 3156 3254 3224 ἀληθείας.
3311 3155 3517 3209 Οὐκοῦν
3572 3156 3667 3209 καὶ
3720 3158 3749 3207 6
3806 3156 3917 3208 Μδ-

658 3255 843 3304 causa,
869 3242 1012 3309 quod
1037 3242 1113 3294 ait
1146 3260 1158 3294 :
1186 3240 1322 3294 Caro
1345 3243 1521 3311 factus
1544 3257 1616 3299 est
1644 3244 1844 3301 Sermo.
1873 3247 2233 3305 Nihilominus

2337 3251 2562 3319 νογενὴς
2610 3248 2702 3301 τοῦ
2752 3247 2885 3300 Θεοῦ
2943 3250 3069 3318 πρὶν
3127 3248 3159 3317 ἢ
3208 3247 3306 3315 τὴν
3367 3249 3544 3317 σάρκα
3601 3246 3913 3307 ἀναλαῦεῖν,

657 3344 759 3386 nos
797 3329 897 3399 ipsi
952 3332 1147 3400 quibus
1185 3333 1425 3388 revelare
1476 3340 1533 3398 ὦ
1582 3339 1833 3407 dignatus
1862 3351 1946 3395 est
1981 3340 2235 3397 divinita-

2336 3340 2721 3411 ἐχρημάτιζεν.
2770 3340 2831 3391 Et
2890 3339 2998 3409 γὰρ
3054 3339 3149 3391 καὶ
3202 3339 3273 3392 τὰ
3334 3339 3601 3408 μάλιστα,
3648 3339 3816 3409 φησι,
3854 3337 3919 3391 δι’

659 3430 770 3478 tem
801 3437 977 3491 suam,
1014 3428 1327 3495 neutiquam
1375 3429 1425 3483 in
1474 3443 1693 3483 carnem
1746 3433 2118 3501 respicientes,
2150 3444 2233 3491 est

2337 3436 2500 3504 ἡμᾶς,
2534 3436 2561 3486 6
2596 3434 2786 3502 Λόγος
2808 3432 2963 3500 σὰρξ
2984 3431 3241 3500 ἐγένετο,
3280 3431 3393 3485 ἀλλ’
3425 3434 3573 3502 ὅμως
3619 3434 3807 3502 ἡμεῖς,
3840 3426 3919 3496 οἷς

658 3512 806 3566 enim
843 3528 970 3568 caro
1010 3518 1153 3570 servi
1210 3515 1404 3583 l‘orma,
1438 3521 1529 3575 sed
1580 3521 1632 3573 in
1674 3521 1837 3590 ipsius
1886 3523 2113 3593 gloriam
2148 3526 2232 3580 in-

657 3615 892 3671 tuentes,
924 3622 1043 3677 quae
1091 3620 1245 3665 extra
1296 3612 1513 3679 quidem
1564 3627 1763 3681 corpus
1806 3630 1835 3667 a
1885 3627 2068 3671 mente
2097 3633 2229 3687 pura

654 3696 850 3752 visitur
892 3710 948 3753 et
983 3700 1263 3767 defaecata,
1310 3704 1538 3759 vidimus
1571 3705 1687 3774 ejus
1717 3706 1967 3775 gloriam,
1999 3710 2228 3777 gloriam

654 3786 1003 3857 ineffabilem,
1032 3800 1083 3844 et
1138 3804 1354 3861 captum
1405 3794 1699 3863 quemlibet
1746 3796 2041 3854 humanum
2076 3808 2227 3852 tran-

654 3882 1028 3947 scendentem,
1057 3884 1269 3951 qualem
1307 3884 1563 3939 nimirum
1600 3887 1723 3955 quis
1772 3888 2055 3959 imaginari
2099 3886 2228 3946 velit

657 3972 891 4042 gloriam
946 3972 1219 4044 Unigeniti
1275 3977 1389 4030 Dei.
1449 3977 1578 4030 Erat
1626 3988 1807 4032 autem
1836 3996 1865 4035 a
1900 3983 2083 4049 Patre,
2120 3984 2225 4038 ista

656 4066 853 4138 gloria.
892 4067 1294 4121 Animadvertis
1332 4084 1437 4125 non
1466 4070 1556 4124 hic
1580 4072 1707 4135 dici,
1734 4073 1965 4129 vidimus
1991 4076 2223 4144 gloriam

655 4157 793 4228 ejus,
832 4158 1059 4229 gloriam
1098 4159 1258 4213 veluti
1291 4158 1477 4227 Verbi,
1522 4179 1586 4216 ne
1629 4174 1737 4216 tum
1780 4181 1901 4219 cum
1931 4168 2139 4221 dixerat
2169 4168 2222 4221 in

653 4251 1122 4321 pracedentibus;
1158 4251 1383 4306 Verbum
1446 4271 1571 4307 caro
1614 4256 1811 4323 factum
1856 4258 1977 4323 fuit,
2020 4260 2114 4313 sed
2168 4270 2225 4312 ut

653 4341 878 4413 intelligi
925 4354 1104 4412 posset
1137 4344 1435 4413 cujusmodi
1494 4344 1724 4401 Verbum
1762 4345 1852 4401 ille
1891 4360 2012 4400 eum
2058 4362 2227 4418 pone-

654 4446 757 4500 ret,
806 4434 1070 4508 (minime
1108 4438 1323 4507 quidem
1378 4438 1731 4492 indicativum
1763 4454 1775 4489 ε
1810 4454 1935 4493 nam
1983 4440 2221 4497 Verbum

2332 3525 2667 3596 κατηξίωσεν
2699 3524 3030 3591 ἐνδείξασθαι
3057 3524 3153 3594 τὴν
3186 3524 3375 3577 ἑαυτοῦ
3414 3524 3643 3595 θεότητα
3667 3564 3680 3589 ,
3709 3526 3811 3576 οὐκ
3844 3526 3918 3585 είς

2329 3619 2428 3688 τὴν
2453 3618 2631 3688 σάρκα
2665 3616 2996 3687 ἀφορῶντες,
3023 3616 3160 3687 αὕτη
3206 3615 3313 3687 γάρ
3347 3616 3459 3685 (85)
3503 3616 3686 3688 μορφὴ
3732 3615 3917 3669 δούλου

2328 3705 2416 3780 ἦν,
2454 3710 2566 3762 ἀλλ’
2592 3712 2671 3771 εἰς
2696 3711 2794 3780 τὴν
2823 3707 2980 3774 δόξαν
3012 3707 3176 3761 αὐτοῦ
3211 3709 3309 3781 τὴν
3340 3708 3495 3771 ἐκτὸς
3535 3708 3630 3761 τοῦ
3666 3707 3918 3778 σώματος

2329 3801 2405 3871 νῷ
2432 3801 2655 3871 καθαρῷ
2684 3800 3087 3871 θεωρουμένην,
3122 3801 3464 3872 ἐθεασάμεθα
3495 3800 3594 3873 τὴν
3623 3800 3784 3868 δόξαν
3832 3804 3918 3855 a5-

2329 3895 2445 3959 τοῦ,
2499 3894 2657 3959 δόξαν
2716 3895 2954 3966 ἄρρητον
3012 3894 3105 3947 καὶ
3156 3894 3334 3948 πάντα
3390 3893 3598 3963 θνητῶν
3658 3894 3915 3965 λογισμὸν

2330 3986 2781 4057 ὑπερϐαίνουσαν,
2815 3987 3004 4039 ὁποίαν
3024 4004 3107 4051 τις
3129 3989 3397 4058 ὲννοήσειε
3427 3986 3583 4049 δόξαν
3611 3986 3743 4039 Υίοῦ
3777 3986 3909 4040 Θεοῦ

2332 4080 2670 4150 μονογενοῦς.
2714 4076 2819 4133 Ἦν
2857 4079 2913 4132 δὲ
2958 4079 3094 4151 αὕτη
3152 4080 3303 4151 παρὰ
3353 4078 3447 4134 τοῦ
3501 4079 3713 4151 Πατρὺς
3764 4080 3908 4147 δόξα,

2337 4174 2500 4242 Ὁρᾷς
2528 4212 2540 4235 ,
2574 4174 2718 4235 ὅπως
2763 4172 2860 4225 οὐκ
2898 4168 3049 4239 εἷπε,
3084 4172 3176 4226 καὶ
3224 4168 3565 4242 ἐθεασάμεθα
3610 4172 3712 4244 τὴν
3757 4172 3910 4236 δόξαν

2327 4265 2511 4329 αὐτοῦ,
2541 4263 2693 4328 δόξαν
2719 4263 2793 4327 ὡς
2824 4264 3018 4332 Λόγου,
3048 4262 3224 4317 καίτοι
3276 4262 3571 4335 προειπὼν,
3625 4263 3690 4316 '0
3720 4266 3909 4334 Λόγος

2325 4354 2480 4423 σὰρξ
2508 4353 2762 4423 ἐγένετο,
2791 4354 2905 4407 ἀλλ’
2936 4356 3021 4406 ἵνα
3037 4354 3224 4428 διδάξῃ
3260 4356 3439 4409 ὁποῖον
3469 4354 3632 4407 αὑτὸν
3671 4355 3906 4426 ὑπεστή-

2327 4466 2456 4503 σατο
2483 4449 2671 4518 Λόγοψ
2704 4449 2807 4519 (ὅτι
2839 4449 2912 4521 μὴ
2937 4451 3289 4522 σημαντικὸν,
3314 4452 3429 4514 πῶς
3450 4452 3559 4522 γὰρ
3590 4454 3685 4505 καὶ
3712 4447 3823 4507 οἷόν
3848 4470 3903 4505 τε

652 4530 868 4599 quidem
908 4530 1035 4595 tale,
1067 4545 1197 4584 caro
1231 4530 1346 4585 ﬁeri
1396 4530 1676 4602 nequibat)
1704 4532 2055 4601 Unigenitum
2085 4550 2221 4604 pra:—

2337 4537 2394 4613 ἧν
2416 4543 2506 4595 τὸν
2532 4543 2769 4597 τοιοῦτον
2794 4545 2971 4614 σάρκα
3007 4542 3257 4611 γενέσθαι
3280 4542 3339 4612 ;·)
3393 4545 3705 4612 ἀναγκαίως
3744 4547 3906 4599 Μονο-

652 4622 883 4689 dixerat,
913 4634 969 4677 et
1016 4622 1239 4690 gloriam
1301 4622 1415 4692 ejus
1453 4623 1633 4689 talem,
1688 4626 1904 4695 qualem
1945 4624 2068 4682 Filii
2121 4626 2216 4684 Dei

652 4714 915 4785 unigeniti
965 4714 1193 4783 gloriam
1228 4716 1594 4785 intelligimus.
1626 4717 1690 4771 Et
1716 4718 1943 4788 gloriam
1990 4720 2063 4773 illi
2100 4735 2219 4776 eam

648 4818 676 4857 a
712 4802 871 4858 Patre
922 4820 1134 4873 quoque
1188 4806 1344 4859 docet
1391 4816 1445 4858 et
1496 4823 1600 4863 non
1650 4810 1867 4865 aliunde
1914 4811 2220 4867 advenisse.

647 4898 782 4952 Nam
826 4914 925 4953 nec
966 4900 1279 4969 ingenitam,
1324 4919 1420 4957 nec
1459 4906 1726 4975 principio
1777 4914 2075 4974 carentem,
2119 4924 2220 4964 nec

644 5004 677 5042 a
721 5006 779 5045 se
814 5006 1139 5061 possessam,
1178 5003 1234 5047 et
1276 5010 1378 5047 non
1427 4996 1644 5051 aliunde
1690 4998 1919 5068 gloriam
1957 4999 2212 5067 habebat,

648 5085 801 5139 seda
830 5084 990 5139 Patre
1036 5100 1133 5140 suo
1185 5097 1462 5154 acceptam
1498 5109 1511 5142 :
1541 5091 1681 5157 quod
1741 5092 1901 5146 docet
1958 5094 2071 5163 ipse
2128 5093 2214 5147 in-

650 5175 845 5245 quiens
875 5194 887 5228 :
923 5176 1105 5242 Pater,
1144 5178 1381 5249 glori/ica
1418 5196 1497 5233 me
1539 5181 1707 5250 gloria
1738 5182 1830 5237 illa
1878 5202 2035 5254 quam
2074 5189 2213 5255 apud

651 5278 701 5323 te
748 5272 931 5338 habui,
979 5283 1099 5327 ante
1152 5275 1572 5329 constitutionem
1617 5278 1768 5331 istius
1815 5279 2090 5343 mundi”,
2120 5281 2208 5335 cui

2330 4635 2459 4705 γενῆ
2518 4633 2678 4688 αὑτὸν
2730 4638 2977 4707 προεῖπε.
3020 4634 3132 4687 Καὶ
3162 4634 3260 4705 τὴν
3304 4632 3459 4699 δόξαν
3486 4634 3650 4688 αὑτοῦ
3703 4637 3903 4710 ταύτην

2330 4724 2467 4780 εἶναι
2493 4724 2765 4794 διδάσκει,
2817 4726 2938 4781 καθ’
2971 4727 3038 4797 ἣν
3075 4731 3270 4781 νοεῖται
3304 4728 3599 4799 μονογενὴς
3637 4728 3733 4782 τοῦ
3768 4730 3901 4785 Θεοῦ

2328 4816 2473 4883 Υίός.
2524 4817 2817 4890 ’Υπάρχειν
2842 4836 2903 4872 τε
2933 4818 3042 4890 (86)
3078 4818 3245 4890 αὐτῷ,
3274 4820 3427 4891 φησὶ,
3472 4819 3571 4891 τὴν
3607 4820 3767 4887 δόξαν
3808 4822 3903 4876 οὐκ

2328 4911 2546 4966 ἄλλοθεν
2574 4912 2607 4983 ἢ
2640 4911 2790 4984 παρὰ
2814 4908 2908 4963 τοῦ
2936 4910 3147 4982 Πατρός
3169 4924 3183 4937 ⁶
3212 4910 3272 4963 οὐ
3307 4910 3416 4983 γὰρ
3442 4909 3759 4982 ἀγέννητον,
3786 4913 3900 4967 οὺδῆ

2328 5005 2579 5077 ἄναρχον,
2611 5006 2731 5059 οὐδὲ
2766 5004 3062 5075 ίδιόκτητον
3094 4999 3206 5076 εἶχε
3232 5004 3330 5073 τὴν
3355 4988 3543 5071 δόξαν,
3571 5005 3706 5059 ἀλλὰ
3755 5005 3897 5078 παρξ

2323 5096 2413 5149 τοῦ
2472 5098 2681 5169 Πατρὸς
2716 5094 2894 5148 λαϐών
2948 5095 3077 5167 (87).
3132 5093 3202 5150 Ὃ
3227 5094 3289 5167 δὴ
3327 5097 3420 5150 καὶ
3459 5096 3619 5160 αὐτὸς
3659 5098 3897 5168 mpm:

2323 5188 2512 5259 λέγων,
2530 5188 2743 5257 Πάτερ,
2781 5188 3048 5253 δόξασόν
3071 5205 3147 5257 με
3171 5187 3245 5257 τῇ
3277 5188 3447 5257 δόξῃ,
3470 5187 3553 5256 ἢν
3588 5185 3755 5257 εἶχον
3784 5185 3896 5257 ,περὶ

2320 5282 2426 5337 τοῦ
2458 5282 2565 5336 τὸν
2597 5284 2829 5351 κόσμον
2858 5282 3008 5336 εἶναι
3029 5282 3189 5353 παρὰ
3212 5281 3335 5337 σοί.
3368 5281 3582 5367 ὐνίκαὶ
3613 5279 3896 5352 auitam:

725 5436 783 5495 »Β
813 5432 910 5487 Ed;
954 5432 1150 5503 Paris.,
1179 5452 1301 5510 pag.
1329 5439 1416 5495 85.
1492 5440 1578 5497 ιιι
1606 5440 1746 5497 Tim.
1768 5460 1838 5510 vi,
1872 5445 1961 5503 16.
2037 5445 2083 5478 ⁸³
2107 5443 2233 5500 Joan

2337 5445 2433 5506 .14.
2512 5448 2557 5480 ⁸⁸
2581 5447 2742 5507 Joan.
2764 5463 2899 5517 xvn,
2930 5448 2983 5505 5.

724 5590 967 5672 ίὲἔὴᾝξθ,
994 5598 1019 5649 ὁ
1048 5597 1203 5672 ηχος
1231 5601 1404 5672 vulso-

721 5663 1075 5745 (ξξξχξδίόνων
1106 5663 1352 5745 δὴ).ᾘοὶ
1384 5674 1543 5745 vulgo
1576 5676 1813 5731 διδάσκει
1846 5676 2174 5744 Απόστολος.

722 5732 962 5871 ἒ84)Μρ.
996 5740 1067 5791 ῑσ.
1106 5732 1401 5811 δυνάμεων.
1452 5732 1587 5799 infra
1617 5754 1769 5812 vulgo
1814 5732 2202 5823 ὲχρτδμάτισέν.

745 5802 835 5871 85)
868 5806 1033 5871 Vulgo
1073 5828 1180 5869 om.
1228 5816 1338 5867 καί.
1374 5815 1517 5871 infra
1561 5817 1749 5871 θνητὸν
1806 5822 1828 5871 )
1928 5794 2202 5871 incusat.

816 5794 835 5875 ί
868 5794 1033 5880 νὺιςο
1073 5828 1180 5869 om.
1228 5794 1338 5867 καί.
1364 5794 1764 5886 ἰἠιιέἐόνήὲἕν”

2323 5629 2793 5757 “ﬁgienda?
2824 5684 2905 5741 vel
2934 5680 3105 5740 αὑτοῦ
3138 5684 3269 5753 Μρ..
3291 5687 3451 5757 vulgo
3481 5686 3686 5745 αὐτόνο-

2416 5686 2507 5749 86)
2541 5686 2611 5736 ίσ.
2646 5686 2793 5753 αὐτῷ
2824 5686 2905 5741 vel
2934 5686 3105 5740 αὑτοῦ
3138 5686 3269 5753 Μρ..
3291 5687 3451 5757 vulgo
3481 5686 3686 5745 αὐτόνο-

2390 5686 2501 5833 élt?)
2530 5752 2704 5833 ~Vulgo
2729 5755 2834 5815 ὅδε.
2860 5767 2927 5833 et_
2945 5774 3062 5833 ιιιοκ
3096 5759 3245 5833 παρά
3273 5775 3365 5813 σου
3383 5757 3696 5833 οιιιδόξασά
3720 5774 3786 5819 σε
3803 5757 3895 5819 καὶ

2312 5833 2367 5880 et
2391 5824 2557 5879 αὑτοῦ
2594 5826 2794 5889 πάντες
2823 5837 2877 5883 et
2904 5828 3093 5882 ἀκούει
3126 5824 3258 5883 Σάο.
