4106 6414
232 351 335 416 869

1187 360 1270 415 DE
1310 358 1848 416 ECCLESlASTlCA
1888 358 2284 416 THEOLOGIA
2324 360 2458 419 LIB.
2497 359 2540 416 1.

3395 360 3500 416 870

232 474 407 541 λέγων
439 474 468 527 6
499 475 711 548 Πατήρο
751 475 859 531 Καὶ
890 473 1154 539 ἐδόξασα
1201 475 1299 528 καὶ
1329 475 1514 528 πάλιν
1551 474 1806 539 δοξάσω.

1920 478 2254 544 respondens
2295 475 2370 528 ait
2416 474 2580 529 Pater
2612 489 2628 528 :
2659 472 2726 528 Et
2760 473 3060 544 glori/icui
3104 483 3174 540 te,
3210 486 3256 531 et
3307 477 3496 532 iterum

235 569 344 621 Kal.
384 569 464 622 ἐτι
512 571 713 641 μᾶλλον
752 570 852 642 τὴν
904 570 1200 624 ὑπόστασιν
1246 569 1410 623 αὑτοῦ
1449 570 1760 639 συνίστησιν
1788 571 1816 623 6

235 658 397 722 αὐτὸς
445 660 835 733 εὐαγγελιστὴς
866 662 1177 733 ἐπιφέρων,
1245 662 1494 732 Ἰωάννης
1543 663 1818 733 μαρτυρεῖ

232 750 360 822 περὶ
386 750 548 804 αὑτοῦ
576 752 670 804 καὶ
695 752 934 824 κέκραγε
976 754 1149 821 λέγων
1176 771 1188 784 ο
1221 748 1412 820 Οὗτος
1443 751 1521 824 ἦν
1553 758 1585 808 ό
1621 757 1814 809 ὀπίσω

232 854 346 904 μου
369 837 691 907 ἐρχόμενος
715 879 729 903 ,
759 841 826 907 ὃς
857 843 1197 912 ἔμπροσθέν
1232 859 1348 911 μου
1386 845 1633 913 γέγονεν
1653 884 1668 907 ,
1723 844 1813 898 ὅτι

233 927 460 998 πρῶτός
485 949 601 1000 μου
643 930 744 1004 ἦν,
781 935 868 988 ὅτι
919 935 989 988 ἐκ
1034 935 1144 988 τοῦ
1191 933 1584 1004 πληρώματος
1625 936 1811 990 αὑτοῦ

231 1020 400 1089 ἡμεῖς
430 1022 653 1091 πάντες
703 1026 1011 1096 ἐλάϐομεν.
1066 1027 1228 1080 Ἀλλὰ
1280 1027 1507 1096 βοῶντος
1545 1029 1810 1087 Ἰωάννου,

231 1112 310 1163 ὅτι
339 1113 553 1183 πρῶτος
598 1112 666 1186 ἦν
704 1118 865 1170 αὑτοῦ
893 1159 908 1182 ,
933 1118 1030 1171 οὐκ
1073 1119 1258 1171 ἀκούει
1300 1122 1327 1171 6
1357 1119 1472 1183 νέος
1501 1120 1808 1182 Σαϐἐλλιος,

231 1204 405 1257 καίτοι
433 1207 572 1258 κατὰ
593 1209 772 1280 σάρκα
793 1210 1000 1280 προῆγε
1047 1210 1139 1262 τοῦ
1168 1208 1384 1281 (88-89)
1423 1211 1520 1282 τὴν
1547 1213 1760 1279 γένεσιν
1784 1215 1810 1265 6

231 1295 538 1367 Βαπτιστὴς
583 1299 851 1367 Ἰωάννης.
886 1300 1008 1362 Πῶς
1042 1294 1133 1352 οὖν
1157 1300 1513 1370 μαρτύρεται,
1550 1300 1632 1352 ὅτι
1659 1301 1807 1371 πρῶ-

225 1403 318 1452 τος
345 1388 507 1442 αὐτοῦ
543 1385 609 1460 ἦν
634 1393 730 1460 ;τῇ
759 1392 855 1460 μὲν
884 1391 992 1461 γάρ
1017 1393 1159 1446 κατὰ
1189 1395 1364 1463 σάρκα
1396 1394 1673 1462 γεννήσει,
1709 1394 1808 1446 οὐκ

226 1475 294 1550 ἦν
318 1481 532 1552 πρῶτος
559 1481 724 1534 αὑτοῦ
749 1486 775 1534 6
798 1485 988 1554 Σωτήρ
1013 1500 1026 1514 ⁸
1062 1484 1262 1537 οὐκοῦν
1285 1485 1407 1537 καθ’
1440 1486 1468 1537 6
1495 1485 1809 1555 Μονογενὴς

225 1565 292 1642 ἦν
321 1568 414 1622 τοῦ
437 1570 591 1634 Θεοῦ,
624 1569 836 1641 πρῶτος
867 1567 933 1644 ἦν
966 1573 1056 1626 τοῦ
1087 1575 1355 1632 Ἰωάννου.
1384 1575 1476 1627 καὶ
1500 1574 1807 1646 ἔμπροσθεν

227 1661 390 1714 αὐτοῦ
416 1662 656 1729 γέγονεν.
689 1658 814 1733 Ἀρ*
836 1661 928 1717 οὖν
949 1666 1254 1736 ἐπιδέχεται
1271 1666 1442 1720 ταῦτα
1465 1668 1557 1719 ἐπὶ
1583 1666 1672 1720 τὸν
1698 1669 1808 1720 [Ια-

227 1752 360 1823 τέρα
383 1754 475 1805 καὶ
489 1752 621 1806 Θεὸν
646 1753 751 1806 τῶν
771 1756 906 1807 ὅλων
942 1757 1328 1828 ἀναφέρεσθαι,
1358 1758 1390 1828 ἢ
1425 1759 1519 1811 ἐπὶ
1551 1758 1805 1812 άνούσιον

1918 565 2224 636 glari/icaba
2243 567 2311 620 “.
2371 567 2476 623 Sed
2519 568 2698 622 adhuc
2737 567 2970 622 ulterius
3021 568 3358 640 evangelista
3410 569 3500 624 ille

1917 657 2060 712 idem
2089 657 2157 712 de
2186 658 2465 728 hypostasi
2492 658 2666 726 ipsius
2691 657 2943 728 perhibet
2973 660 3368 727 testimonium,
3405 662 3496 715 ubi

1916 747 2150 804 Joannes
2198 749 2442 819 Baptista
2491 750 2860 805 testimonium
2894 751 2942 804 ei
2973 751 3269 820 perhibuit,
3293 762 3349 808 et
3380 754 3498 808 cla-

1917 843 2086 897 mavit
2117 844 2302 899 dicens
2336 843 2482 898 :Hic
2531 854 2646 898 erat
2688 845 2778 913 qui
2807 853 2923 912 post
2964 861 3046 899 me
3091 845 3325 910 ueniens,
3373 857 3496 900 ante

1915 955 1996 992 me
2028 937 2199 1006 factus
2231 949 2328 1003 est,
2361 939 2483 1008 quia
2518 940 2667 1006 prior
2696 953 2776 990 me
2821 949 2956 1002 erat,
2989 940 3114 1008 quia
3157 941 3222 994 de
3265 941 3495 1008 plenitu-

1913 1036 2038 1088 dine
2065 1035 2179 1105 ejus
2206 1051 2382 1088 omnes
2412 1034 2706 1101 accepimus
2723 1035 2790 1090 ⁸⁸.
2835 1034 2941 1090 Sed
2976 1035 3300 1089 clamantem
3327 1031 3461 1089 Joan
3480 1063 3496 1074 ο

1914 1143 2036 1182 nem
2068 1127 2211 1196 quod
2261 1127 2411 1195 prior
2450 1126 2567 1195 ipso
2609 1123 2792 1190 fuerit,
2822 1127 3093 1183 Sabellius
3153 1142 3260 1181 non
3320 1127 3493 1192 audit,

1914 1234 2188 1290 utcunque
2231 1221 2298 1274 de
2330 1221 2685 1288 generatione
2724 1212 2869 1292 apud
2898 1219 3115 1273 Patrem
3143 1219 3387 1289 Baptista
3412 1221 3497 1274 in-

1913 1315 2172 1367 stituebat
2227 1327 2552 1367 sermonem.
2607 1312 2892 1378 Quomodo
2937 1312 3100 1378 igitur
3146 1312 3195 1366 ei
3246 1312 3495 1367 testimo-

1912 1408 2058 1460 nium
2087 1406 2355 1474 perbibet,
2395 1405 2539 1474 quod
2570 1414 2697 1461 ante
2736 1405 2912 1474 ipsum
2959 1403 3120 1457 erat?
3148 1404 3315 1458 Certe
3346 1404 3491 1471 quod

1911 1506 2122 1566 spectat
2174 1497 2357 1551 carnis
2403 1497 2848 1567 generationem,
2889 1491 3152 1549 Servatur
3214 1508 3322 1546 non
3373 1500 3496 1546 erat

1911 1599 2036 1641 ante
2057 1604 2179 1642 eum
2211 1604 2224 1639 :
2257 1591 2570 1644 necessario
2598 1588 2708 1642 vult
2747 1588 3044 1642 secundum
3075 1601 3220 1651 eam,
3251 1599 3355 1653 qua
3396 1583 3493 1638 Dei

1911 1680 2108 1734 dicitur
2144 1678 2486 1750 Unigenitus.
2531 1679 2841 1734 Secundum
2893 1680 3037 1735 hanc
3095 1682 3247 1747 prior
3285 1677 3493 1731 Joanne

1913 1765 2035 1830 fuit,
2068 1776 2124 1820 et
2151 1777 2278 1821 ante
2314 1782 2437 1821 eum
2501 1766 2855 1819 nascebatur.
2899 1765 3218 1818 Patieturne
3269 1764 3371 1816 ista
3424 1764 3493 1816 ad

230 1845 320 1896 καὶ
333 1844 700 1897 ἀνυπόστατον
716 1847 773 1897 ὲν
804 1846 882 1916 τῷ
912 1846 1028 1915 Θεῷ
1066 1847 1337 1914 Λόγοντὸν
1376 1847 1534 1899 αὑτὸν
1570 1847 1699 1902 ὄντα
1730 1848 1806 1917 τῷ

1910 1849 2121 1904 Patrem
2156 1860 2212 1905 et
2242 1852 2618 1905 universorum
2648 1850 2818 1905 Deum
2852 1851 3068 1913 referri,
3101 1865 3168 1902 an
3202 1849 3381 1917 potius
3419 1849 3488 1900 ad

228 1934 378 2007 Θεῷ;
428 1938 537 1989 Καὶ
569 1936 683 2001 πῶς
723 1937 787 1992 ἂν
816 1938 899 2008 εἴη
923 1939 1142 1991 δυνατὸν
1174 1941 1300 2009 περὶ
1335 1939 1425 1992 τοῦ
1457 1939 1533 2010 μὴ
1565 1941 1808 2010 ὑφεστῶ-

227 2044 315 2091 τος
342 2028 499 2095 λόγου
517 2027 769 2097 λέγεσθαι
791 2031 869 2094 τὸ,
899 2029 1275 2098 Ἐμπροσθέν
1297 2049 1415 2100 μου
1438 2031 1644 2100 γέγονε
1669 2049 1686 2093 ;
1713 2032 1807 2094 Τίς

227 2117 271 2169 δ’
301 2117 442 2172 οὕτω
468 2120 683 2190 μανείη,
719 2120 792 2186 ὡς
848 2122 1065 2192 νομίσαι
1101 2122 1352 2192 Ἰωάννην
1384 2121 1473 2174 τὸν
1497 2122 1806 2194 Βαπτιστὴν

226 2210 353 2280 περὶ
369 2209 462 2263 τοῦ
480 2212 614 2265 Θεοῦ
632 2212 739 2266 τῶν
759 2213 894 2266 ὅλων
910 2213 1187 2285 εἰρηκέναι
1203 2213 1675 2282 τὸ,”Εμπροσθέν
1688 2233 1806 2284 μου

225 2299 430 2370 γέγονε
449 2343 464 2366 ,
497 2304 592 2356 καὶ
637 2306 721 2357 ὅτι
776 2304 1004 2373 πρῶτός
1025 2324 1146 2376 μου
1170 2302 1282 2376 ἦν;
1311 2305 1516 2359 Οὐκοῦν
1541 2309 1806 2362 δέδεικται

223 2394 309 2445 διά
351 2395 557 2448 τούτων
614 2398 981 2468 προῦπάρχων
1028 2399 1127 2468 τῆς
1177 2399 1419 2452 Ἰωάννου
1471 2401 1734 2468 γενέσεως
1779 2403 1808 2453 6

225 2486 664 2558 θεολογούμενος,
700 2490 794 2541 καὶ
852 2490 1158 2561 ἔμπροσθεν
1202 2491 1367 2545 αὑτοῦ
1412 2492 1649 2560 γεγονὼς
1694 2491 1806 2557 (90)

225 2579 450 2650 συνέστη
474 2598 531 2632 τε
565 2582 625 2634 οὑ
664 2583 824 2652 μόνον
862 2584 1032 2651 Λόγος
1052 2625 1067 2649 ,
1098 2583 1234 2636 ἀλλὰ
1270 2587 1361 2637 καὶ
1389 2583 1520 2647 Θεὸς
1547 2585 1638 2638 καὶ
1669 2585 1804 2652 φῶς,

222 2673 313 2725 καὶ
337 2673 666 2743 Μονογενὴς,
701 2674 806 2745 πρὸ
841 2675 943 2745 τῆς
985 2676 1248 2747 ἐνσάρκου
1294 2679 1592 2748 παρουσίας
1635 2678 1808 2750 ὑπάρ-

220 2782 328 2834 χων
355 2782 412 2816 τε
441 2765 532 2818 καὶ
557 2766 971 2837 ὠνομασμένος.
1000 2769 1216 2822 Τούτων
1249 2768 1303 2821 δὲ
1340 2769 1501 2822 πόθεν
1540 2771 1574 2830 ή
1608 2771 1806 2837 γνῶσις

222 2856 296 2927 τῷ
328 2857 705 2928 εὐαγγελιστῇ,
736 2860 900 2921 αὐτὸς
939 2859 1166 2930 δηλώσει
1189 2859 1360 2926 λέγων
1393 2859 1550 2929 ἐξῆς,
1583 2863 1610 2912 6
1635 2862 1807 2914 Μονο-

225 2949 384 3020 γενὴς
416 2950 540 3014 Υἱὸς
576 2955 606 3004 ὁ
630 2950 703 3003 ὢν
738 2953 816 3015 εἰς
838 2953 929 3004 τὸν
960 2952 1156 3004 κόλπον
1180 2951 1273 3004 τοῦ
1302 2952 1514 3022 Πατρὸς
1536 2991 1549 3014 ,
1600 2953 1807 3013 ἐκεῖνος

229 3040 549 3112 ἐξηγήσατο.
605 3043 766 3114 Ὁρᾷς
820 3041 971 3113 παρά
1021 3043 1165 3106 τίνος
1209 3041 1493 3112 μεμάθηκε
1539 3041 1632 3094 τοῦ
1680 3041 1804 3094 Υῑοῦ

230 3133 328 3202 τὴν
353 3132 646 3201 θεολογίαν.
1329 3171 1332 3176 “

1912 1944 2136 1996 verbum
2185 1942 2613 1996 involuntarium
2655 1953 2710 1996 et
2749 1943 3048 1996 inexistens
3086 1941 3140 1994 in
3170 1941 3313 2005 Deo,
3347 1941 3491 2008 quod

1911 2050 2031 2088 cum
2051 2033 2159 2089 Deo
2191 2035 2328 2089 idem
2353 2035 2422 2088 sit
2443 2035 2466 2087 τ
2488 2034 2592 2090 Sed
2614 2037 2677 2091 de
2704 2037 2867 2089 verbo
2894 2051 2998 2089 non
3027 2033 3380 2098 subsistente,
3405 2044 3490 2085 est

1912 2123 2243 2195 impossibile
2265 2135 2326 2179 ut
2353 2125 2568 2178 dicatur
2606 2125 2743 2178 illud
2779 2142 2791 2177 :
2831 2127 2968 2178 Ante
3013 2140 3093 2178 me
3134 2123 3329 2191 fuerat.
3355 2121 3490 2188 Quis

1911 2220 2047 2271 adeo
2078 2217 2302 2272 insanus
2335 2226 2439 2278 est,
2473 2227 2531 2270 ut
2562 2217 2816 2285 Opinetur
2842 2215 3143 2284 Baptistam
3179 2217 3244 2270 de
3266 2215 3486 2269 univer-

1912 2325 2092 2366 sorum
2139 2309 2250 2364 Deo
2304 2309 2492 2363 istbaec
2552 2324 2890 2375 usurpasse:
2923 2308 3056 2360 Erat
3097 2319 3218 2361 ante
3277 2324 3376 2369 me,
3435 2319 3491 2362 et

1910 2405 2057 2472 prius
2081 2418 2158 2454 me
2205 2403 2412 2470 genitus
2437 2411 2511 2454 est
2535 2401 2560 2452 .9
2599 2406 2656 2464 >14
2688 2400 2825 2454 lliuc
2857 2400 3024 2468 igitur
3053 2401 3489 2454 demonstratum

1910 2505 2018 2560 est,
2051 2509 2174 2549 eum
2224 2494 2291 2548 de
2341 2493 2498 2558 cujus
2538 2492 2826 2546 divinitate
2862 2493 3062 2561 agitur,
3093 2499 3219 2545 ante
3247 2492 3487 2560 genitum

1909 2586 2172 2642 Joannem
2227 2585 2575 2640 substitisse:
2611 2592 2665 2638 et
2715 2585 2866 2653 prius
2907 2581 2997 2636 illo
3046 2584 3284 2652 genitum
3317 2582 3489 2637 exsti-

1911 2677 2091 2731 tisse:
2132 2675 2223 2746 qui
2277 2691 2381 2730 non
2422 2674 2593 2730 solum
2645 2676 2803 2729 modo
2859 2672 3123 2738 Verbum,
3182 2674 3277 2729 sed
3325 2675 3488 2737 Deus,

1911 2769 2027 2833 lux,
2060 2768 2406 2838 Unigenitus,
2437 2777 2566 2821 ante
2595 2766 2886 2820 adventum
2915 2764 2968 2818 in
2999 2779 3166 2819 carne
3192 2774 3246 2818 et
3291 2774 3407 2819 erat
3432 2774 3490 2818 et

1909 2861 2212 2914 dicebatur.
2275 2859 2430 2914 Unde
2488 2874 2619 2912 vero
2673 2859 2788 2912 haec
2841 2856 3082 2925 cognitio
3139 2856 3489 2923 evangelista:

1909 2951 2224 3013 accesserit,
2243 2951 2356 3020 ipse
2378 2966 2474 3005 nos
2502 2950 2717 3005 docebit
2744 2950 2796 3002 in
2823 2947 3203 3015 sequentibus,
3227 2946 3488 3014 Unigeni-

1911 3049 1997 3094 tus
2037 3039 2228 3104 Filius,
2273 3040 2366 3108 qui
2397 3051 2516 3094 erat
2556 3041 2606 3093 in
2649 3041 2770 3093 sinu
2806 3037 3010 3098 l’atris,
3038 3039 3153 3105 ipse
3181 3036 3484 3091 enarravit»

1914 3131 2073 3184 Vides
2098 3129 2258 3186 Verbi
2292 3130 2592 3184 divinitatis
2633 3129 2872 3183 rationes
2899 3127 3039 3182 unde
3063 3125 3274 3181 didicit.
3383 3175 3392 3182 .

298 3224 356 3277 ε’.
386 3228 460 3279 Οὐ
489 3197 594 3296 γάρ
630 3227 831 3296 Μωσῆς
856 3242 1016 3294 φησιν
1043 3224 1176 3294 (9|).
1227 3225 1356 3278 οὐδέ
1389 3226 1681 3296 προφητῶν
1725 3244 1806 3290 τις

1980 3222 2031 3277 5.
2073 3221 2190 3276 Non
2238 3221 2451 3292 Moyses
2499 3222 2594 3286 ait,
2633 3222 2726 3277 sed
2772 3234 2875 3275 nec
2915 3215 3298 3288 pr0phetarum
3340 3217 3491 3287 quis-

229 3314 334 3366 τῶν
365 3315 501 3384 μετὰ
529 3315 731 3368 Μωσέα
752 3333 763 3344 ·
796 3313 914 3365 οὐδέ
941 3330 1003 3380 γε
1025 3314 1272 3381 ἀγγέλων
1296 3331 1398 3376 τις,
1429 3315 1461 3383 ἢ
1491 3315 1596 3366 τῶν
1633 3333 1810 3386 κρειτ-

230 3403 398 3458 τόνων
441 3404 723 3474 δυνάμεων
743 3443 756 3466 ,
790 3403 902 3456 ἀλλ’
926 3403 1086 3466 αὐτὸς
1119 3405 1147 3455 6
1198 3406 1488 3474 μονογενὴς
1519 3404 1642 3467 Υἱὸς
1669 3406 1808 3458 τοῦτ’

229 3495 547 3566 ἐξηγήσατο.
575 3495 779 3549 Οὐκοῦν
823 3498 851 3549 6
891 3497 987 3567 μὲν
1029 3496 1256 3566 ἀόρατος
1297 3496 1428 3559 Θεὸς
1471 3497 1569 3549 οὐκ
1615 3497 1810 3568 ἐξηγή-

232 3604 394 3651 σατο,
431 3590 460 3641 6
507 3587 562 3640 δὲ
614 3587 903 3659 μονογενὴς
946 3587 1069 3650 Υἱὸς
1117 3587 1309 3658 ὁρατὸς
1345 3588 1665 3658 γενόμενος,
1711 3591 1809 3658 τὴν

230 3679 471 3751 περὶτοῦ
502 3680 713 3751 [ἰατρὸς
746 3678 1049 3751 ἀνθρώποις
1075 3680 1334 3750 ἐξήγησιν
1363 3681 1674 3750 ἐποιήσατο,
1703 3682 1810 3733 ἐτε-

232 3795 320 3849 ρος
366 3776 438 3830 ὢν
482 3775 681 3847 δηλαδὴ
730 3775 877 3846 παρὰ
905 3777 994 3828 τὸν
1046 3776 1276 3845 ἀόρατον
1330 3774 1495 3828 Θεόν⁶
1539 3776 1677 3829 ἀλλὰ
1716 3775 1808 3829 καὶ

231 3869 597 3939 προῦπάρχων
626 3865 715 3938 ἦν,
751 3868 852 3920 οὐκ
896 3869 952 3920 ἐν
980 3870 1044 3938 τῇ
1094 3867 1300 3938 διανοίᾳ
1332 3866 1422 3919 τοῦ
1452 3867 1663 3939 Πατρὸς
1687 3907 1700 3932 ,
1734 3868 1808 3931 ὡς

232 3957 402 4010 ἐδόκει
430 3958 754 4030 Μαρκέλλῳ,
789 3957 901 4009 ἀλλ’
928 3959 982 4010 ἐν
1014 3961 1124 4021 τοῖς
1148 3957 1366 4020 κόλποις
1401 3956 1592 4020 αὐτοῦ,
1619 3955 1808 4030 ὥσπερ

234 4049 345 4117 (92)
371 4041 433 4120 δὴ
462 4051 594 4119 ἡμῖν
623 4047 951 4119 ἐπήγγελται
974 4050 1003 4101 6
1036 4048 1225 4120 Σωτὴρ
1248 4049 1328 4112 εἰς
1349 4049 1580 4113 κόλπους
1614 4050 1808 4120 Ἀδρα-

234 4141 312 4211 ὰμ
338 4143 432 4194 καὶ
469 4140 653 4194 Ἰσαὰκ
668 4142 769 4193 ’καὶ
808 4139 998 4193 Ἰακὼό
1027 4139 1522 4201 διαναπαύσασθαι,
1549 4139 1691 4193 οὕτω
1715 4142 1807 4193 καὶ

232 4236 259 4284 6
292 4234 416 4296 Υἱὸς
446 4237 522 4296 εις
544 4234 633 4286 τὸν
663 4234 859 4286 κόλπον
886 4228 954 4303 ἦν
984 4231 1078 4284 τοῦ
1105 4232 1316 4302 [ἰατρὸς
1339 4272 1354 4298 ,
1385 4233 1481 4302 οὐχ
1529 4230 1610 4295 εἷς
1656 4234 1748 4286 καὶ
1779 4235 1806 4285 6

232 4325 390 4388 αὐτὸς
431 4323 504 4378 ὢν
533 4325 609 4395 τῷ
648 4325 840 4394 Ila-:91,
871 4324 992 4374 ἐπεὶ
1025 4322 1158 4393 μηδὲ
1189 4324 1348 4392 ἡμεῖς
1375 4324 1530 4376 αὐτοὶ
1570 4323 1805 4394 ἐσόμεθα

231 4420 342 4480 τοῖς
366 4418 540 4486 ἁγίοις
581 4417 870 4485 πατράσιν.
917 4414 1075 4467 Ἀλλὰ
1102 4414 1209 4485 γὰρ
1237 4415 1330 4467 ἐπὶ
1369 4415 1580 4480 τούτοις
1627 4418 1803 4487 τήρει,

232 4511 376 4573 ὃπως
400 4510 535 4580 μετά
551 4510 609 4563 τὸ
626 4507 769 4571 ἅπαξ
790 4508 1049 4578 ὀνομάσαι
1069 4508 1239 4575 Λόγον
1264 4506 1357 4561 καὶ
1373 4505 1502 4560 Θεὸν
1525 4507 1615 4560 τὸν
1641 4508 1802 4562 αὑτὸν

233 4603 493 4664 ἀνειπεῖν,
527 4602 619 4654 καὶ
644 4601 756 4669 φῶς
780 4598 1144 4668 ἀποκαλέσαι,
1177 4598 1272 4651 καὶ
1303 4598 1580 4669 Μονογενῆ
1611 4600 1798 4667 φάναι,

234 4695 327 4746 καὶ
350 4695 475 4746 Υἱὸν
501 4693 632 4746 Θεοῦ
677 4691 1036 4762 ὁμολογῆσαι,
1069 4693 1166 4746 οὐκ
1206 4692 1284 4744 ἔτι
1315 4691 1484 4758 Λόγον
1523 4691 1798 4762 ὀνομάζει,

234 4787 366 4839 ἀλλὰ
399 4786 491 4838 καὶ
521 4785 682 4838 αὑτὸν
712 4784 893 4836 λοιπὸν
933 4787 1134 4854 ιστορεῖ
1182 4784 1272 4836 τὸν
1305 4785 1568 4854 Σωτῆρα,
1603 4784 1663 4836 οὐ
1695 4784 1799 4836 Λό-

235 4896 326 4946 γον
354 4876 545 4930 ἐαυτὸν
568 4875 943 4929 ἀποκαλοῦντα
965 4914 980 4937 ,
1028 4875 1163 4930 ἀλλὰ
1197 4876 1326 4928 Υἱὸν
1355 4877 1448 4928 καὶ
1496 4875 1796 4945 Μονογενῆ,

235 4971 324 5022 καὶ
355 4970 486 5037 φῶς,
522 4969 614 5020 καὶ
640 4967 783 5038 ζωὴν
802 4976 821 5031 ⁷,
865 4969 958 5019 καὶ
985 4967 1243 5036 ἀλήθειαν
1261 5007 1275 5032 ,
1309 4967 1404 5020 καὶ
1427 4965 1562 5020 ἄλλα
1599 4966 1768 5037 μυρία
1786 4985 1799 4996 '

234 5063 418 5133 ὥσπερ
440 5059 532 5115 οὖν
557 5059 786 5115 ἀκοῦσαι
819 5061 1077 5134 πάρεστιν
1100 5059 1264 5113 αὑτοῦ
1291 5053 1391 5113 ὧδέ
1419 5076 1497 5130 πη
1519 5059 1799 5111 διδάσκον-

234 5169 321 5214 τος
343 5170 356 5182 ·
393 5153 553 5204 Οὕτω
575 5150 683 5220 γὰρ
708 5149 1021 5218 ἠγάπησεν
1038 5154 1068 5204 d
1089 5149 1230 5215 Θεὸς
1255 5149 1360 5203 τὸν
1372 5151 1623 5218 κόσμον,
1645 5146 1800 5200 ὥστε

235 5245 340 5297 τὸν
384 5243 516 5298 Υἰὸν
539 5241 722 5297 αὑτοῦ
764 5242 869 5294 τὸν
889 5239 1185 5311 μονογενῆ
1224 5240 1448 5294 ἔδωκεν
1471 5280 1484 5301 ,
1521 5239 1623 5291 ἵνα
1682 5235 1800 5303 πᾶς

1911 3315 2055 3384 piam
2087 3321 2210 3383 post
2252 3313 2491 3382 Moysem
2517 3327 2532 3365 :
2558 3327 2663 3367 non
2697 3326 2726 3366 e
2770 3323 2998 3365 numero
3028 3307 3366 3378 angelorum,
3395 3319 3491 3362 aut

1911 3405 2223 3462 sublimium
2255 3405 2452 3474 aliquis
2479 3411 2808 3473 potestatum
2841 3421 2855 3455 :
2881 3401 2976 3457 sed
3017 3402 3132 3470 ipse
3160 3398 3331 3456 Filius
3359 3401 3488 3455 uni-

1911 3499 2146 3567 genitus,
2189 3499 2292 3552 boc
2329 3497 2644 3551 enarrabat.
2701 3495 3028 3565 Unigenitus
3064 3491 3256 3555 Filius,
3304 3491 3486 3548 factus

1910 3588 2162 3652 visibilis,
2199 3590 2599 3642 enarrationem
2645 3587 2712 3641 de
2749 3585 2910 3640 Patre
2941 3584 3085 3654 apud
3130 3585 3377 3638 homines
3402 3585 3489 3638 in-

1910 3682 2170 3736 stituebat
2194 3682 2360 3744 alius,
2384 3694 2576 3749 nempe
2601 3680 2901 3744 exsistens,
2942 3679 3010 3732 ab
3040 3677 3294 3732 invisibili
3336 3675 3483 3730 Deo:

1910 3773 2002 3826 sed
2028 3782 2081 3826 et
2112 3771 2529 3839 praeexsistebat
2563 3769 2654 3824 ille
2688 3786 2822 3833 non,
2851 3769 2995 3838 quod
3025 3767 3278 3822 Marcello
3311 3768 3485 3821 visum

1909 3872 2011 3926 est,
2052 3863 2105 3916 in
2156 3872 2336 3916 mente
2377 3861 2590 3926 Patris;
2616 3860 2711 3915 sed
2756 3861 2810 3914 in
2857 3862 2978 3914 sinu
3021 3857 3180 3927 ejus:
3212 3859 3487 3928 quomodo

1908 3954 2160 4019 promisit
2213 3952 2472 4008 Servatur
2527 3952 2704 4016 nobis,
2763 3967 2864 4006 nos
2914 3951 2969 4004 in
3010 3951 3133 4004 sinu
3181 3951 3482 4016 Abraham,

1908 4042 2077 4110 Isaac,
2110 4051 2164 4098 et
2193 4040 2363 4098 Jacob
2401 4042 2681 4114 quieturos
2716 4058 2731 4097 :
2764 4043 2839 4097 ita
2873 4051 2928 4098 et
2973 4040 3090 4110 ipse
3124 4049 3247 4095 erat
3279 4041 3332 4095 in
3361 4040 3483 4096 sinu

1908 4135 2106 4201 Patris,
2135 4151 2243 4192 non
2271 4152 2411 4191 unus
2450 4136 2699 4204 idemque
2725 4150 2846 4188 cum
2879 4148 2977 4190 suo
3003 4133 3186 4186 Patre.
3214 4131 3346 4186 Nam
3385 4148 3485 4189 nec

1909 4243 2007 4282 nos
2037 4227 2202 4283 futuri
2237 4242 2428 4282 sumus
2458 4227 2620 4282 iidem
2656 4243 2778 4281 cum
2821 4225 3025 4280 sanctis
3070 4225 3177 4280 illis
3215 4227 3480 4294 patribus.

1908 4320 2014 4376 Sed
2045 4331 2101 4376 et
2143 4321 2272 4376 illud
2318 4321 2541 4391 insuper
2571 4319 2972 4374 observandum
3005 4319 3173 4381 venit,
3217 4318 3362 4387 quod
3394 4318 3484 4373 ubi

1906 4414 2073 4470 semel
2089 4413 2320 4468 Verbum
2341 4413 2741 4474 nominaverant,
2771 4410 3019 4466 eumdem
3047 4411 3211 4466 etiam
3237 4419 3292 4464 et
3317 4410 3483 4465 Deum

1906 4515 1961 4559 et
1989 4505 2163 4560 lucem
2200 4505 2358 4570 dixit,
2383 4515 2438 4559 et
2467 4503 2811 4572 Unigenitum
2844 4501 3155 4572 appellavit,
3193 4511 3249 4555 et
3289 4500 3485 4556 Filium

1907 4597 2002 4652 Dei
2033 4598 2340 4650 conﬁtetur.
2376 4593 2486 4650 Nec
2544 4577 2800 4664 deinceps
2835 4594 2986 4647 illum
3035 4591 3273 4648 Verbum
3322 4607 3482 4648 usur-

1906 4701 2019 4760 pat,
2053 4692 2147 4746 sed
2176 4700 2228 4746 et
2261 4689 2604 4743 Servatorem
2633 4695 3043 4749 commemorat,
3063 4685 3283 4754 insuper
3309 4685 3484 4753 ipsum

1907 4793 1967 4834 se
1997 4778 2267 4836 dicentem
2309 4795 2416 4833 non
2448 4779 2706 4841 Verbum,
2742 4778 2834 4831 sed
2877 4774 3073 4828 Filium
3119 4774 3483 4842 unigenitum,

1908 4871 2104 4937 lucem,
2141 4872 2329 4934 vitam,
2375 4871 2683 4932 veritatem,
2717 4876 2773 4923 et
2800 4873 3058 4921 sexcenta
3095 4867 3314 4934 quidem
3351 4866 3477 4920 alia.

1904 4964 2167 5018 Nimirum
2198 4965 2388 5018 audire
2416 4964 2543 5018 licet
2578 4963 2752 5031 ipsum
2793 4963 2873 5015 sic
2908 4962 3192 5014 docentem
3225 4976 3239 5012 :
3275 4957 3362 5012 Sic
3400 4963 3483 5012 di—

1905 5054 2032 5106 lexit
2078 5054 2218 5107 Deus
2263 5056 2540 5114 mundum,
2588 5062 2643 5103 ut
2689 5050 2889 5103 Filium
2938 5065 3093 5102 suum
3156 5051 3483 5117 unigenitum

1906 5151 2077 5209 daret,
2109 5157 2162 5199 ut
2191 5149 2359 5200 omnis
2389 5146 2478 5216 qui
2511 5145 2685 5198 credet
2733 5145 2786 5197 in
2821 5159 2936 5196 eum
2975 5157 3077 5193 non
3113 5155 3286 5207 pereat
3314 5143 3381 5194 ⁸⁸.
3419 5143 3485 5196 Ει

1907 5239 2101 5294 iterum
2129 5258 2140 5292 :
2171 5238 2352 5308 Neque
2400 5242 2539 5292 enim
2585 5240 2728 5293 misit
2789 5238 2929 5292 Deus
2986 5235 3187 5290 Filium
3239 5253 3392 5289 suum
3429 5241 3492 5293 in

309 5432 368 5492 >14
393 5426 493 5482 Ed.
515 5423 711 5492 Paris.,
744 5439 866 5495 pag.
891 5421 980 5479 86.
1055 5422 1102 5453 "
1133 5420 1290 5476 Joan.
1321 5436 1417 5486 xu,
1445 5419 1536 5474 28.
1593 5419 1637 5450 ⁸⁸
1663 5417 1806 5473 Joan.

1926 5418 2011 5485 15,
2048 5420 2129 5474 l6.
2206 5420 2250 5450 ³⁸
2282 5416 2436 5472 Joan.
2469 5419 2669 5482 "1,16.

310 5668 520 5738 (88-89)
551 5667 714 5737 Vulgo
739 5669 944 5738 πατρός
966 5679 1018 5723 et
1050 5665 1185 5720 infra
1210 5662 1422 5734 πρῶτος
1456 5663 1618 5716 αὐτοῦ
1641 5657 1709 5734 ἦν
1745 5671 1801 5718 et

238 5742 328 5794 ἐπὶ
350 5739 597 5794 ἀκούσιον
624 5751 676 5792 et
698 5741 940 5809 νομίσας.

307 5811 414 5880 (90)
445 5803 778 5878 Συνέστηκεν
807 5810 866 5862 οὐ
902 5808 1058 5878 vulgo
1092 5816 1144 5862 et
1172 5807 1265 5861 τοῦ
1299 5807 1426 5860 Υἱοῦ
1458 5803 1760 5873 θεολογίαν.

1976 5657 2056 5728 (91
2105 5657 2255 5712 Ἀλλ’
2280 5658 2423 5712 οὐδὲ
2468 5657 2798 5727 προφητῶν
2863 5652 3134 5728 τις-,Βίης
3175 5661 3264 5709 est
3293 5664 3421 5708 vera
3438 5650 3504 5707 le

1908 5725 2365 5800 ctio.M.A-V(Ego
2398 5725 2555 5787 codd.
2579 5725 2806 5788 Secutus
2836 5743 2963 5785 sum
2992 5725 3009 5795 )

1975 5799 2086 5873 (92)
2129 5798 2403 5870 Vulgo6é.
