4106 6408
662 393 759 450 871

1398 382 1669 445 EUSEBII
1706 373 2184 442 CESARIENSlS
2220 384 2371 443 OPP.
2414 379 2596 440 PARS
2627 380 2718 439 IV.
2755 410 2824 422 —
2859 379 3278 438 DOGMATICA.

3804 385 3907 442 872

662 507 940 570 mundum,
978 511 1035 555 ut
1056 501 1257 571 iudicet
1292 502 1547 554 mundum
1566 500 1632 554 ".
1675 498 1738 553 Et
1768 500 1927 553 tertio
1953 515 1966 551 :
1996 498 2099 564 Qui
2126 512 2225 551 non

2332 498 2365 549 ό
2422 496 2724 551 πιστεύων
2762 498 2849 562 εις
2877 494 3067 550 αὐτὸν
3099 494 3187 565 μὴ
3207 494 3523 564 ἀπόληται.
3557 495 3671 551 Καὶ
3703 498 3899 552 πάλιν·

660 595 850 657 credit,
873 593 989 661 jam
1020 592 1296 660 judicatus
1342 601 1440 654 est,
1474 591 1598 659 quia
1628 605 1731 642 non
1762 588 1931 641 credit
1955 588 2010 641 in
2038 602 2227 640 nomen

660 683 919 756 κείρειιίιᾶ
969 679 1101 734 Fitii
1130 680 1226 736 Dei
1248 680 1314 735 ³⁸.
1342 678 1425 745 ιω
1465 680 1567 734 hoc
1596 678 1649 731 in
1676 678 1790 732 loco
1821 677 2014 730 iterum
2042 691 2057 730 :
2086 675 2227 730 Deus

660 774 804 829 dedit
833 781 881 826 et
898 773 1041 825 misit
1065 768 1487 835 Filium,mundi
1509 767 1879 830 Servatorem;
1909 777 1963 821 et
1985 768 2077 837 qui
2112 769 2227 821 mit-

663 867 898 932 tebatur,
922 873 1041 920 erat
1068 864 1288 919 omnino
1308 862 1445 917 alius
1468 877 1497 915 a
1519 863 1783 917 mittente.
1814 859 2076 927 Quocirca
2097 861 2225 914 mihi

660 957 878 1012 videtur
901 954 1155 1012 Servator
1170 955 1223 1008 iu
1246 953 1617 1022 sequentibus,
1646 961 1899 1022 tanquam
1918 949 2226 1006 Marcellum

661 1056 719 1104 et
759 1057 983 1105 caeteros
1012 1048 1103 1117 qui
1160 1055 1368 1101 natura:
1387 1042 1505 1100 Filii
1551 1044 1808 1109 invident,
1853 1045 2229 1114 pronuntiasse

662 1143 807 1214 quod
833 1142 1087 1211 scriptum
1108 1148 1191 1195 est
1214 1156 1226 1194 :
1244 1137 1296 1193 Ν
1300 1155 1431 1194 anne
1454 1142 1507 1193 in
1531 1139 1638 1208 leqe
1660 1150 1828 1194 vestra
1847 1140 2096 1207 scriptum
2116 1148 2225 1193 est:

670 1240 731 1301 »Β
767 1234 876 1304 Ego
920 1234 1054 1300 dixi,
1088 1234 1162 1287 dii
1198 1233 1339 1288 estis.
1383 1230 1488 1286 Eos
1531 1233 1669 1286 dixit
1710 1232 1853 1295 deos,
1890 1241 1957 1284 ad
1986 1247 2114 1300 quos
2146 1231 2230 1301 fa-

663 1338 804 1382 ctum
823 1336 899 1381 est
924 1328 1130 1380 verbum
1156 1325 1459 1393 Deimeqtte
1482 1324 1666 1393 poterit
1692 1323 1905 1377 dissolui
1927 1321 2224 1391 Scriptura.

663 1418 828 1484 Quem
874 1416 1036 1470 Pater
1068 1415 1434 1483 sanctiﬁcuuit,
1469 1424 1517 1467 et
1566 1417 1620 1467 in
1664 1416 1913 1468 mundum
1948 1416 2109 1477 misit,
2137 1431 2228 1468 vos

661 1510 836 1562 dicitis
864 1524 882 1562 :
907 1510 1059 1573 Quod
1086 1508 1431 1575 blasphemas,
1460 1505 1703 1575 quoniam
1730 1506 1865 1571 dixi,
1885 1506 2020 1574 quod
2052 1502 2100 1557 Γ
2102 1506 2227 1560 ilius

662 1602 761 1655 Dei
786 1618 900 1655 sum
920 1601 988 1653 ⁸⁸.
1013 1599 1247 1653 Audisne
1287 1598 1374 1652 hic
1420 1597 1629 1666 quoties
1667 1611 1725 1650 se
1758 1595 2011 1651 Servator
2059 1597 2229 1651 nomi~

662 1701 755 1747 net
792 1705 901 1746 non
937 1687 1191 1753 Verbum,
1219 1688 1311 1742 sed
1351 1685 1548 1740 Filium
1592 1694 1647 1738 et
1676 1683 2018 1755 Unigenitum
2049 1703 2062 1737 :
2096 1701 2227 1753 qua-

663 1783 787 1837 liter
833 1787 954 1835 sese
990 1794 1019 1832 a
1052 1778 1213 1832 Patre
1268 1776 1489 1830 missum
1536 1775 1725 1829 doceat
1763 1793 1777 1829 :
1809 1784 1862 1828 et
1916 1775 2225 1843 priusquam

663 1875 985 1937 mitteretur,
1028 1868 1422 1925 sanctificatum
1454 1884 1471 1934 ;
1520 1876 1608 1933 et,
1628 1842 2104 1936 quemadmodum,
2133 1881 2227 1920 eos
2258 1842 2299 1898 Β

662 1964 750 2034 qui
782 1970 1074 2033 gravantur
1095 1958 1337 2014 conﬁteri
1369 1958 1544 2028 ipsum
1574 1956 1767 2012 Filium
1793 1971 1912 2012 esse
1933 1955 2049 2021 Dei,
2076 1972 2227 2010 aver-

660 2063 825 2119 setur,
852 2069 883 2109 e
913 2052 1108 2108 divinis
1140 2050 1436 2119 Scripturis
1470 2048 1688 2113 docens,
1716 2049 1857 2117 quod
1889 2062 1993 2102 non
2020 2056 2224 2102 tantum

664 2144 757 2199 lilii
794 2144 908 2208 Dei,
961 2144 1056 2198 sed
1089 2142 1250 2195 etiam
1286 2140 1357 2194 dii
1399 2140 1652 2194 mortales
1681 2139 1925 2195 homines
1953 2138 2225 2209 appellen-

665 2245 753 2291 tur
785 2254 799 2290 :
834 2244 891 2290 ut
930 2236 1147 2289 minime
1181 2232 1497 2301 blaspheme
1523 2231 1725 2286 dictum
1752 2231 2034 2297 habeatur,
2058 2231 2227 2285 conli-

666 2326 769 2381 teri
801 2325 948 2380 illum
973 2324 1154 2385 simul,
1180 2334 1235 2378 et
1262 2322 1355 2377 Dei
1381 2320 1599 2386 Filium,
1626 2332 1681 2375 et
1716 2320 1907 2384 Deum,
1944 2335 2102 2388 quem
2126 2319 2227 2374 Pa-

660 2428 748 2473 ter
780 2414 1136 2471 sanetiiicavit
1164 2423 1217 2469 et
1246 2414 1299 2468 in
1338 2413 1593 2467 mundum
1618 2412 1783 2467 misit.
1814 2411 1952 2477 Quid
1982 2426 2111 2481 ergo
2138 2411 2225 2465 ille

659 2507 988 2578 patiebatur,
1016 2507 1106 2576 qui
1134 2515 1256 2576 post
1288 2505 1449 2558 hasce
1477 2517 1637 2557 voces
1657 2518 1819 2558 ausus
1854 2512 1937 2557 est
1962 2504 2223 2557 exsertim

660 2598 862 2665 dicere,
886 2597 1122 2654 Verbum
1148 2610 1271 2651 esse
1296 2594 1468 2660 illum,
1486 2608 1589 2649 nec
1617 2604 1875 2665 praeterea
1899 2595 2221 2665 quidquam:

660 2696 823 2756 atque
860 2688 929 2743 ob
955 2702 1073 2743 eam
1110 2701 1330 2741 causam
1372 2684 1445 2738 ita
1491 2684 1716 2739 totidem
1753 2685 1932 2740 verbis
1962 2685 2221 2748 scribere,

661 2777 752 2849 [Β.
778 2777 946 2833 XXIV
984 2778 1106 2833 coll.
1150 2794 1201 2848 p.
1230 2774 1325 2847 42]
1359 2793 1379 2827 ι
1418 2774 1537 2831 Νοιι
1574 2776 1813 2830 nominat
1852 2792 1975 2831 eum
2010 2776 2100 2831 Dei
2132 2776 2223 2831 Fi-

662 2882 685 2919 ι
729 2866 860 2922 lium
897 2882 913 2920 :
940 2870 1034 2923 sed
1058 2867 1250 2937 ubique
1266 2865 1460 2920 Filium
1484 2866 1713 2920 hominis
1740 2867 1926 2935 seipse
1957 2867 2220 2937 appellat,

664 2976 684 3009 ι
728 2968 788 3013 ιιι
814 2958 894 3014 sic
923 2974 1019 3028 per
1051 2957 1353 3013 istiusmodi
1377 2956 2092 3022 conlessionem,hominem
2125 2976 2222 3014 na-

661 3069 682 3104 s
728 3050 971 3107 turaliter
990 3052 1359 3116 exsistentem,
1395 3050 1488 3106 Dei
1532 3050 1724 3105 Filium
1765 3050 1961 3106 factum
2004 3067 2225 3121 persua-

2324 590 2407 643 οὐ
2456 588 2566 658 rdp
2624 588 2985 649 ἀπέστειλεν
3029 589 3063 641 ό
3125 588 3271 654 Θεὸς
3319 588 3427 641 τόν
3480 586 3620 642 Υιὸν
3662 591 3754 655 εις
3799 589 3906 644 τὸν

2326 682 2579 749 κόσμον,
2612 680 2713 735 ἵνα
2740 681 2913 750 κρίνῃ
2934 678 3040 734 τὸν
3066 681 3319 749 κόσμον.
3358 680 3468 734 Ka‘t
3498 676 3657 745 αὖθις
3677 701 3694 717 ο
3737 682 3793 734 '0
3838 682 3905 737 δὲ

2264 775 2271 780 ”
2321 771 2408 842 μὴ
2442 773 2746 826 πιστεύων
2792 757 2908 841 ἤδη
2938 770 3221 840 κέκριται,
3256 771 3348 825 ὅτι
3393 774 3466 827 οὐ
3498 775 3903 827 πεπίστευκεν

2326 867 2413 932 εις
2453 864 2520 918 τὸ
2548 864 2738 934 ὄνομα
2785 862 2894 918 τοῦ
2962 862 3333 933 μονογενοῦς
3384 864 3519 918 Υίοῦ
3569 863 3678 918 τοῦ
3728 864 3901 919 Θεοῦ.

2327 957 2437 1010 Καὶ
2493 954 2728 1009 ἐνταῦθα
2788 955 2983 1010 πάλιν⁶
3045 955 3110 1008 '0
3171 954 3290 1023 μὲν
3341 956 3487 1022 Θεὸς
3526 955 3733 1010 ἐδίδου
3798 956 3901 1010 καὶ

2326 1048 2664 1105 ἀπέστελλε
2704 1048 2813 1103 τὸν
2849 1046 2986 1103 Υίὸν
3024 1046 3266 1116 Σωτῆρα
3310 1047 3417 1101 τοῦ
3460 1048 3695 1118 κόσμου
3717 1088 3732 1111 ,
3777 1048 3808 1100 6
3846 1046 3905 1103 δὲ

2326 1141 2680 1196 ἀπεστέλλετο
2741 1141 2929 1212 ἕτερος
2989 1140 3066 1195 ὢν
3126 1140 3325 1212 δηλαδὴ
3396 1140 3550 1213 παρὰ
3616 1142 3711 1196 τὸν
3768 1142 3905 1198 ἁπο-

2327 1237 2633 1292 οτὲλλοντα.
2682 1236 2774 1289 Διό
2817 1253 2905 1307 μοι
2962 1235 3110 1290 δοκεῖ
3158 1235 3247 1289 διὰ
3302 1233 3407 1287 τῶν
3443 1234 3607 1305 ἑξῆς,
3648 1235 3727 1299 ὡς
3763 1235 3903 1307 πρὸς

2326 1325 2487 1380 αὑτὸν
2519 1325 2833 1397 Μάρκελλον
2863 1327 2952 1381 καὶ
2980 1325 3117 1397 πρὸς
3139 1328 3265 1390 τοὺς
3297 1326 3783 1397 διαφθονουμένους
3833 1331 3900 1399 τῇ

2326 1417 2420 1471 τοῦ
2446 1417 2576 1470 Υίοῦ
2606 1417 2765 1486 φύσει
2801 1417 3218 1489 ἀναγεγράφθαι
3258 1419 3419 1482 αὐτὸς
3454 1421 3482 1472 6
3511 1419 3703 1491 Σωτὴρ
3742 1421 3901 1492 ἡμῶν

2326 1508 2594 1579 εἰρηκώςο
2632 1512 2753 1563 Οὐκ
2788 1510 2921 1563 ἐστι
2948 1508 3352 1581 γεγραμμένον
3380 1510 3448 1564 ἐν
3480 1510 3561 1576 τῷ
3582 1513 3778 1580 νόμῳ,
3813 1512 3902 1566 ὅτι

2324 1601 2439 1670 ἐγὼ
2456 1598 2612 1655 εἶπαο
2644 1602 2775 1655 Θεοί
2803 1602 2941 1655 ἐστε
2960 1619 2974 1669 ;
3010 1604 3079 1655 Et
3097 1602 3366 1668 ἐκείνους
3383 1595 3511 1655 εἷπε
3532 1603 3729 1669 θεοὺς,
3751 1603 3904 1673 πρὸς

2328 1691 2435 1756 οὓς
2458 1695 2491 1746 ό
2524 1694 2705 1763 λόγος
2727 1692 2964 1762 ἐγένετο
2982 1693 3089 1748 τοῦ
3114 1694 3282 1748 Θεοῦ⁸
3309 1694 3406 1747 καὶ
3431 1696 3502 1749 οὐ
3523 1694 3775 1748 δύναται
3793 1699 3903 1750 ,ιυ-

2329 1781 2502 1850 θῆναι
2525 1784 2562 1851 ἠ
2586 1784 2817 1853 Γραφῇ.
2838 1786 2941 1838 Ὃν
2961 1787 2994 1839 ό
3014 1784 3216 1854 Πατὴρ
3236 1786 3471 1855 ήγιάσε,
3499 1786 3599 1839 καὶ
3621 1786 3893 1841 ἀπέστει-

2326 1876 2434 1927 λεν
2450 1878 2536 1940 είς
2552 1875 2659 1928 τὸν
2676 1876 2925 1945 κόσμον,
2946 1877 3117 1947 ὑμεῖς
3134 1877 3357 1947 λέγετε,
3382 1878 3471 1931 ὅτι
3487 1878 3901 1949 βλασφημεῖς,

2328 1965 2413 2018 ὅτι
2435 1961 2624 2030 εἷπον,
2650 1967 2779 2031 Υίὸς
2810 1967 2917 2021 τοῦ
2950 1969 3099 2023 Θεοῦ
3140 1971 3275 2038 ειμι.
3300 1970 3543 2034 Ἀκούεις
3568 1969 3761 2031 ὁσάκις
3788 1968 3901 2040 (93)

2326 2058 2484 2120 αὐτὸς
2498 2061 2525 2111 ὁ
2540 2058 2728 2130 Σωτὴρ
2744 2060 2937 2112 ἑαυτὸν
2956 2062 3019 2114 οὐ,
3028 2061 3218 2130 Λόγον,
3232 2060 3368 2115 ἀλλὰ
3384 2061 3512 2115 Υίδν
3525 2062 3797 2133 ὠνόμασε,
3813 2063 3904 2116 καὶ

2325 2149 2601 2221 Μονογενῆ
2637 2154 2953 2223 προσεῖπεν·
2971 2154 3119 2215 ὅπως
3147 2152 3203 2205 δὲ
3227 2153 3560 2208 ἀπεστάλθαι
3581 2155 3793 2217 ἑαυτὸν,
3811 2154 3905 2207 καὶ

2326 2239 2580 2310 ήγιάσθαι
2610 2241 2715 2313 πρὸ
2740 2242 2834 2296 τοῦ
2857 2242 3224 2315 ἀποσταλῆναι
3259 2242 3364 2296 ὑπὸ
3391 2245 3485 2298 τοῦ
3502 2241 3714 2317 Πατρὸς
3729 2246 3903 2300 ἐδίδα-

2328 2347 2446 2394 σκε,
2483 2333 2575 2386 καὶ
2591 2333 2667 2396 ὡς
2686 2334 2813 2398 τοὺς
2828 2334 3119 2399 ὀκνοῦντας
3143 2336 3271 2390 Υίδν
3297 2337 3458 2390 αὐτὸν
3482 2338 3765 2409 ὁμολογεῖν
3807 2339 3903 2393 τοῦ

2326 2422 2458 2476 Θεοῦ
2481 2424 2736 2491 δυσωπεῖ,
2768 2426 3032 2480 διδάσκων
3058 2430 3121 2481 ὲκ
3144 2430 3242 2499 τῆς
3268 2429 3417 2494 θείας
3456 2430 3681 2501 Γῳφῆς
3698 2469 3715 2496 ,
3737 2432 3814 2496 ὡς
3840 2433 3902 2485 ού

2330 2516 2487 2584 μόνον
2504 2516 2611 2568 υἱοὶ
2627 2516 2783 2581 Θεοῦ,
2799 2516 2935 2569 ἀλλὰ
2950 2518 3042 2571 καὶ
3062 2516 3172 2572 θεοὶ
3199 2519 3381 2590 θνητοὶ
3394 2521 3492 2593 τὴν
3521 2521 3684 2591 φύσιν
3709 2523 3901 2595 ἄνδρες

2326 2614 2630 2686 ἐκλήθησαν
2650 2632 2665 2646 ·
2696 2616 2777 2669 διὸ
2798 2617 2871 2688 μὴ
2916 2619 3110 2690 χρῆναι
3140 2618 3379 2688 νομίζειν
3418 2617 3738 2690 βλάσφημον
3764 2616 3901 2673 εἶναι

2324 2705 2385 2758 τὸ
2435 2708 2529 2759 καὶ
2569 2707 2698 2760 Υἱὸν
2744 2708 2878 2762 Θεοῦ
2926 2710 3022 2763 καὶ
3055 2709 3187 2763 Θεὸν
3226 2711 3507 2781 ὁμολογεῖν
3546 2712 3605 2763 ὃν
3647 2713 3676 2764 ὁ
3710 2710 3900 2783 Πατὴρ

2324 2798 2519 2866 ἠγίασε
2545 2799 2640 2853 καὶ
2666 2800 2980 2855 ἀπέστειλεν
3006 2802 3084 2867 είς
3110 2801 3201 2855 τὸν
3245 2802 3467 2872 κόσμον.
3506 2802 3572 2854 Τί
3605 2797 3699 2855 οὖν
3733 2804 3901 2873 ἐχρῆν

2324 2890 2516 2943 παθεῖν
2564 2891 2656 2945 τὸν
2702 2892 2838 2962 μετὰ
2886 2892 2985 2957 τὰς
3017 2893 3283 2957 τοσαύτας
3328 2894 3511 2961 φωνὰς
3547 2894 3898 2966 τολμήσαντα

2326 2979 2512 3047 φάναι,
2533 2978 2641 3050 (94)
2660 2998 2680 3030 ι
2715 2981 2834 3035 ὅλον
2857 2977 2995 3036 εἶναι
3025 2983 3319 3050 αὑτὸνηκα)⁵
3349 2983 3498 3037 οὐδὲν
3518 2984 3727 3053 ἕτερον,
3760 3003 3779 3036 ι
3811 2985 3899 3038 αὑ-

2324 3071 2527 3137 τολεξεί
2560 3089 2620 3125 τε
2646 3073 2923 3143 εἰρηκότα,
2962 3093 2980 3126 ι
3011 3075 3104 3129 καὶ
3128 3072 3216 3130 διὰ
3241 3075 3427 3137 τοῦτο,
3456 3078 3555 3146 οὑχ
3586 3078 3715 3131 Υίὸν
3763 3078 3896 3133 Θεοῦ

664 3162 683 3197 ι
730 3147 875 3212 deat,
916 3160 1015 3215 per
1058 3144 1361 3212 bujusmodi
1393 3160 1513 3200 cum
1543 3144 1651 3199 Deo
1695 3144 2147 3199 communionem.
2190 3164 2210 3197 ι

2333 3180 2351 3214 ι
2384 3162 2545 3215 αὑτὸν
2563 3161 2835 3232 ὀνομάζει,
2858 3163 2991 3217 ἀλλὰ
3016 3164 3289 3235 πανταχοῦ
3317 3166 3440 3218 Υίὸν
3465 3144 3757 3237 ἀνθρώπου
3782 3170 3899 3220 ἐαυ-

658 3233 785 3291 Ηαξε
814 3251 935 3289 cum
993 3236 1242 3290 dicantur
1288 3250 1318 3289 a
1355 3235 1629 3301 Marcello,
1686 3234 1853 3289 miror
1894 3249 1993 3303 ego
2027 3235 2222 3303 quibus

658 3328 831 3383 oculis
884 3339 1080 3383 contra
1139 3329 1318 3394 tueri,
1378 3329 1571 3397 quibus
1614 3325 1816 3381 labellis
1857 3329 2224 3381 contradicere

659 3428 741 3475 tot
772 3422 966 3474 audeat
1008 3419 1348 3473 testimoniis.
1376 3419 1514 3484 Quin
1560 3428 1613 3473 et
1651 3418 1842 3473 ducem
1894 3434 2013 3474 esse
2053 3421 2222 3489 ipsum

657 3524 718 3563 se
740 3508 997 3562 Servator
1040 3508 1117 3561 ait
1143 3519 1503 3577 congruenter
1533 3509 1599 3564 iis
1635 3523 1754 3579 quae
1798 3511 1863 3563 de
1923 3510 2040 3565 luce
2100 3521 2224 3565 sunt

657 3598 934 3668 praedicta,
959 3597 1095 3670 Ego,
1131 3600 1401 3670 inquiens,
1436 3616 1549 3654 sum
1578 3602 1673 3654 lux
1711 3601 1893 3656 mundi
1909 3604 1978 3656 ⁹⁰.
2025 3605 2091 3658 Et
2124 3608 2224 3659 ite-

658 3703 775 3743 rum
807 3704 821 3739 :
852 3686 963 3756 Ego
992 3705 1108 3741 sum
1140 3688 1252 3755 lux,
1282 3699 1329 3742 et
1356 3691 1568 3752 veritas,
1587 3701 1633 3743 et
1662 3692 1766 3745 vita
1786 3692 1853 3744 ".
1876 3692 1939 3746 Et
1967 3693 2178 3748 demum
2202 3709 2220 3749 :

658 3778 775 3833 Luto
811 3780 945 3833 venit
976 3780 1029 3833 in
1059 3782 1331 3846 mundum,
1371 3793 1419 3835 et
1450 3783 1743 3836 dilexerunt
1775 3784 2007 3840 homines
2057 3790 2223 3858 magis

658 3870 896 3925 tenebras
917 3887 1073 3940 quam
1101 3872 1268 3925 lucem
1292 3875 1357 3926 θ’.
1377 3872 1527 3939 Quod
1552 3875 1598 3928 si
1631 3875 1751 3945 quis
1775 3878 2091 3947 interroget,
2123 3896 2223 3934 un-

658 3964 727 4016 de
777 3961 1019 4025 advenit,
1064 3962 1409 4031 respondebit
1460 3963 1505 4017 is
1542 3966 1633 4033 qui
1680 3965 1861 4032 dixit,
1896 3966 1997 4031 Qui
2036 3970 2224 4023 desur-

661 4067 777 4104 sum
819 4051 949 4105 venit
998 4067 1151 4119 super
1202 4068 1377 4107 omnes
1417 4066 1489 4107 est
1520 4055 1589 4121 ",
1624 4065 1678 4109 et
1713 4056 1816 4121 Qui
1855 4059 1917 4110 de
1967 4058 2093 4113 calo
2137 4077 2225 4115 ve-

663 4141 761 4206 nit,
785 4140 924 4208 quod
960 4140 1104 4201 vidit,
1130 4151 1177 4195 et
1203 4143 1420 4209 audivit,
1463 4147 1791 4213 testiﬁcatur.
1817 4149 1861 4179 "
1892 4150 2023 4216 Quis
2045 4162 2225 4206 autem

663 4239 781 4286 erat
799 4231 886 4284 ille
919 4233 1010 4302 qui
1042 4232 1107 4288 de
1137 4233 1274 4287 ccelo
1303 4234 1497 4289 venit?
1540 4234 1675 4290 Num
1724 4254 1826 4293 non
1869 4256 2030 4305 caro,
2064 4257 2227 4310 quam

664 4324 954 4392 assumpsit
998 4322 1303 4380 Servatur?
1358 4325 1742 4396 Nequaquam,
1789 4333 1881 4384 sed
1926 4332 2039 4401 ipse
2090 4342 2226 4399 erat,

661 4428 853 4484 nempe
878 4415 965 4469 lux
988 4415 1422 4488 Verbum,atque
1449 4419 1607 4484 Deus,
1634 4418 1954 4491 Unigenitus
1989 4425 2223 4482 existens

2329 3272 2347 3305 ι
2381 3254 2470 3307 τὸν
2502 3252 2667 3322 λέγει,
2705 3255 2793 3308 ἵνα
2824 3254 2911 3307 διὰ
2939 3256 3038 3324 τῆς
3063 3255 3314 3328 τοιαύτης
3341 3256 3626 3327 ὁμολογίας
3661 3257 3775 3328 (95)
3810 3258 3895 3312 θέ-

2329 3362 2348 3396 ι
2379 3360 2460 3396 σει
2504 3344 2595 3396 τὸν
2626 3342 2911 3414 ἄνθρωπον
2931 3385 2948 3410 ,
2976 3344 3065 3399 διὰ
3113 3345 3212 3417 τῆς
3240 3345 3375 3416 πρὸς
3401 3345 3562 3399 αὐτὸν
3590 3347 3896 3412 κοινωνίας,

2328 3453 2346 3484 ι
2374 3433 2505 3486 Υξὸν
2550 3432 2684 3486 Θεοῦ
2730 3434 2985 3501 γενέσθαι
3035 3436 3449 3509 παρασκευάσῃ.
3487 3454 3506 3488 ι
3558 3436 3746 3490 Ταῦτα
3789 3438 3898 3509 γάρ

2320 3524 2637 3597 Μάρκελλος
2678 3523 2847 3577 εἰπὼν
2869 3564 2884 3589 ,
2912 3526 3012 3578 οὐκ
3051 3523 3147 3580 οἷδ’
3177 3526 3325 3591 ὅπως
3353 3527 3558 3590 ὁποίοις
3596 3528 3898 3599 ὁφθαλμοῖς

2320 3610 2430 3677 οἷός
2459 3631 2520 3666 τε
2558 3610 2626 3686 ἦν
2653 3614 3023 3681 ἀντιϐλέπειν,
3054 3615 3088 3686 ἢ
3124 3616 3296 3680 ποίοις
3340 3617 3573 3687 χείλεσιν
3603 3620 3897 3689 ἀντιφθέγ-

2320 3705 2533 3773 γεσθαι,
2559 3707 2680 3768 ταῖς
2707 3705 2999 3770 τοσαύταις
3032 3707 3377 3779 μαρτυρίαις.
3418 3709 3529 3761 Καὶ
3561 3709 3678 3778 φῶς
3711 3709 3769 3762 δὲ
3797 3711 3895 3764 αύ-

2320 3799 2410 3851 τὸν
2440 3794 2577 3850 εἶναι
2596 3798 2626 3849 6
2654 3797 2840 3870 Σωτὴρ
2868 3800 3126 3870 παρίστη,
3155 3800 3458 3871 συμφώνως
3488 3804 3602 3865 τοῖς
3634 3804 3763 3873 περὶ
3802 3803 3895 3858 τοῦ

2322 3887 2498 3955 φωτὸς
2528 3887 2941 3957 προαποδοθεῖσι
2967 3929 2981 3952 ,
3006 3888 3178 3956 λέγων
3197 3928 3212 3955 ,
3230 3889 3374 3958 Ἐγώ
3403 3892 3519 3961 είμι
3551 3891 3616 3943 τὸ
3644 3892 3774 3960 φῶς
3790 3894 3896 3949 τοῦ

2323 3979 2572 4047 κόσμου.
2596 3978 2705 4031 Καὶ
2718 3978 2900 4032 πάλιν·
2918 3979 3057 4050 Ἐγώ
3074 3983 3189 4051 εδμι
3206 3982 3271 4035 τὸ
3287 3979 3431 4051 φῶς,
3449 3984 3547 4036 καὶ
3565 3984 3605 4051 ὴ
3620 3983 3895 4050 ἀλήθεια,

2322 4071 2420 4123 καὶ
2443 4072 2479 4138 ἡ
2499 4068 2631 4139 ζωή.
2653 4072 2761 4125 Καὶ
2787 4067 2941 4135 αὖθις
2957 4086 2972 4101 ⁸
2992 4072 3113 4127 Ὅτι
3132 4072 3198 4127 τὸ
3218 4072 3345 4143 φῶς
3364 4075 3664 4142 ἐλήλυθεν
3685 4079 3775 4145 είς
3790 4078 3898 4131 τὸν

2324 4161 2572 4228 κόσμον,
2616 4160 2713 4214 καὶ
2752 4162 3079 4231 ἠγάπησαν
3123 4167 3177 4218 οί
3217 4164 3509 4232 ἄνθρωποι
3538 4164 3785 4236 μᾶλλον
3828 4168 3897 4222 τὸ

2325 4250 2545 4315 σκότος
2573 4251 2612 4318 ἣ
2636 4250 2704 4303 τὸ
2726 4251 2870 4320 φῶς.
2903 4254 3014 4307 Καὶ
3044 4252 3099 4307 ei
3120 4254 3184 4322 γέ
3215 4272 3298 4318 τις
3324 4256 3529 4325 ἔροιτο,
3566 4257 3734 4311 πόθεν
3766 4258 3893 4329 ἐλή-

2328 4340 2503 4405 λυθεν,
2539 4344 2912 4415 ἀποκρινεῖται
2933 4349 2961 4400 6
2994 4347 3181 4412 εἰπὼν,
3227 4349 3280 4401 '0
3311 4350 3528 4404 ἄνωθεν
3544 4349 3895 4421 ἐρχόμενος,

2328 4434 2524 4494 ἐπάνω
2554 4435 2794 4490 πάντων
2812 4438 3012 4504 ἐστὶν,
3042 4443 3157 4505 καὶ,
3203 4442 3266 4494 '0
3291 4443 3359 4496 ἐκ
3387 4443 3492 4498 τοῦ
3509 4445 3773 4517 οὐρανοῦ
3803 4449 3895 4517 ἐρ-

661 4515 716 4560 et
745 4505 934 4563 Filius.
974 4508 1023 4563 is
1048 4509 1136 4562 illa
1167 4511 1349 4564 omnia
1382 4525 1501 4581 quae
1524 4513 1675 4579 vidit,
1704 4524 1759 4568 et
1784 4514 2007 4580 audivit,
2035 4520 2221 4571 testiii-

2323 4527 2591 4595 χόμενος,
2630 4530 2661 4583 ὃ
2694 4530 2915 4600 ἑώρακε
2946 4532 3045 4586 καὶ
3072 4533 3330 4603 ἤκουσε,
3355 4505 3673 4608 μαρτιφέἲξ
3708 4545 3807 4609 Τίς
3830 4505 3893 4599 ’δ’

662 4606 836 4654 catur.
868 4601 949 4653 An
978 4601 1180 4655 audivit
1204 4603 1315 4657 hinc
1339 4611 1392 4657 et
1428 4604 1577 4670 vidit,
1608 4620 1727 4661 cum
1762 4607 1814 4663 in
1855 4609 2014 4663 terris
2040 4624 2221 4664 versa-

663 4691 858 4744 retur?
890 4690 1024 4755 Non,
1051 4693 1143 4747 sed
1175 4694 1341 4763 prius.
1380 4690 1449 4748 At
1483 4712 1727 4765 quamam
1765 4698 1853 4753 illa
1899 4711 2075 4767 erant,
2103 4718 2220 4771 quae

663 4790 719 4833 et
743 4780 894 4846 vidit,
919 4782 1018 4835 nisi
1050 4782 1211 4838 Pater
1238 4785 1260 4839 ?
1295 4785 1464 4851 Quem
1513 4787 1600 4842 ille
1631 4791 1856 4857 audivit,
1897 4802 2092 4861 praeter
2120 4793 2223 4848 Pa-

665 4872 837 4925 trem?
866 4872 1013 4927 Adeo
1036 4884 1213 4929 autem
1236 4878 1585 4947 semetipsum
1608 4879 1845 4936 Verbum
1882 4898 2221 4955 nequaquam

664 4962 1077 5032 signiﬁcativum
1101 4981 1221 5022 esse
1244 4968 1519 5038 professus
1550 4980 1653 5039 est,
1688 4981 1745 5038 >14
1772 4979 1863 5030 sed
1880 4976 2074 5032 Filium
2100 4994 2222 5035 vere

665 5056 843 5109 vivum
900 5069 955 5111 et
1000 5060 1423 5130 subsistentem,
1458 5077 1515 5121 ut
1560 5068 1632 5124 ita
1669 5070 1830 5125 luerit
1873 5072 2218 5141 prolocutus,

666 5145 826 5201 Pater
842 5148 1009 5221 diligit
1040 5149 1327 5221 Filium,et
1357 5158 1532 5212 omnia
1557 5162 1770 5214 tradidit
1792 5164 1847 5216 in
1872 5180 2033 5217 manu
2061 5168 2171 5233 ejus
2197 5184 2209 5220 :

664 5239 751 5304 qui
781 5241 940 5293 credit
975 5244 1028 5295 in
1061 5241 1283 5311 Filium,
1312 5249 1468 5302 vitam
1503 5252 1655 5307 habet
1693 5262 1943 5308 (sternam
1982 5257 2052 5308 ".
2080 5258 2215 5313 Cre-

2319 4614 2387 4689 ἦν
2415 4621 2444 4670 ὁ
2473 4620 2761 4689 ἐρχόμενος
2782 4624 2847 4675 ὲκ
2865 4622 2960 4675 τοῦ
2982 4624 3247 4696 ούρανοῦ;
3280 4629 3428 4698 Μήτι
3452 4647 3514 4699 γε
3558 4634 3591 4703 ἡ
3630 4635 3791 4707 σὰρξ,
3825 4640 3893 4711 ῆν

2321 4711 2604 4781 ἀνείληφεν
2629 4717 2657 4765 ὁ
2686 4713 2916 4785 Σωτήρς
2949 4716 3231 4787 Οὐδαμῶς,
3269 4719 3386 4772 ἀλλ’
3421 4722 3583 4787 αὐτὸς
3624 4726 3891 4798 δηλονότι,

2318 4802 2379 4854 τὸ
2401 4803 2533 4872 φῶς,
2567 4806 2662 4858 καὶ
2689 4808 2717 4859 ὁ
2752 4807 2922 4874 Λόγος
2945 4847 2959 4871 ,
2993 4810 3083 4862 καὶ
3111 4812 3140 4863 6
3169 4810 3299 4874 Θεὸς
3320 4852 3336 4877 ,
3364 4815 3459 4868 καὶ
3493 4817 3521 4868 6
3553 4818 3889 4895 Μονογενὴς,

2320 4895 2414 4949 καὶ
2448 4897 2475 4947 ὀ
2511 4896 2656 4962 Υἱὸς,
2678 4898 2838 4961 αὐτὸς
2872 4897 2946 4951 ὣν
2964 4902 3135 4954 ταῦτα
3171 4903 3363 4960 πάντα.
3415 4908 3483 4961 Ἀ
3526 4908 3743 4980 ἑώρακε
3784 4918 3892 4969 τοὶ-

2320 5004 2413 5041 νυν
2442 4982 2593 5052 οὗτος
2617 4990 2710 5043 καὶ
2735 4989 2771 5043 ἃ
2794 4991 3015 5061 ἤκουσε,
3055 4994 3215 5066 φησὶ,
3249 5002 3531 5070 μαρτυρεῖ.
3563 5004 3778 5059 Οὐκοῦν
3799 5009 3892 5061 καὶ

2318 5076 2463 5147 ἑώρα
2489 5080 2582 5131 καὶ
2603 5079 2802 5149 ἤκουσε
2842 5081 2971 5150 πρὶν
3012 5083 3104 5135 ἐπὶ
3132 5083 3233 5154 γῆς
3274 5086 3463 5141 ἐλθεῖν.
3494 5088 3626 5144 Τίνα
3651 5092 3709 5146 δὲ
3741 5094 3889 5167 ἑώρα

2323 5167 2432 5241 (96)
2465 5172 2497 5243 ἢ
2532 5173 2623 5225 τὸν
2654 5172 2904 5243 Πατέρα;
2933 5171 3087 5238 Τίνος
3113 5174 3170 5228 δὲ
3196 5177 3425 5247 ἤκουσεν
3458 5180 3493 5251 ἢ
3518 5180 3611 5235 τοῦ
3636 5184 3886 5257 Πατρόςς

2323 5262 2461 5317 οὕτω
2503 5263 2561 5317 δὲ
2596 5263 2789 5318 ἑαυτὸν
2810 5304 2825 5329 ,
2861 5264 2921 5318 οὑ
2960 5266 3131 5337 Λόγον
3171 5272 3535 5341 σημαντικὸν,
3579 5275 3716 5333 ἀλλὰ
3763 5279 3887 5334 Υίὸν

738 5398 795 5455 ›Ῑ‹
836 5392 930 5446 Ed.
960 5394 1155 5463 Paris.,
1188 5414 1307 5469 pag.
1347 5398 1435 5458 87.
1509 5404 1554 5435 ⁸⁷
1580 5403 1733 5488 Joan.
1760 5422 1843 5478 ιιι,
1876 5408 1962 5463 l7.
2035 5410 2081 5442 ⁸⁸
2115 5410 2224 5465 Ibid

739 5477 752 5504 ι
805 5462 853 5504 6,
937 5465 982 5497 η
1031 5464 1161 5504 Lm.
1229 5486 1282 5504 ...
1332 5472 1400 5504 to
1518 5476 1565 5504 ss
1601 5477 1707 5504 “...;
1759 5479 1815 5504 ἰι
1922 5479 1967 5504 οι
1999 5478 2111 5504 1ι.ε.ι
2182 5483 2225 5504 τι

2323 5414 2389 5504 ἐξ.
2509 5419 2676 5504 .Joa_n“.
2703 5428 2991 5504 {554-36.
3062 5433 3111 5467 "
3140 5432 3292 5491 Joan.
3332 5450 3447 5504 vnt,
3483 5435 3573 5494 ιε.
3650 5437 3694 5471 ’⁸
3723 5436 3883 5498 Josu.

665 5474 753 5515 ινι
805 5462 857 5516 6.
937 5465 982 5497 ⁸³
1030 5462 1419 5541 luam-"119.

654 5660 1044 5799 05£%5)r\iiét‘lqo
1075 5682 1184 5722 om.
1215 5672 1374 5739 αὐτός
1398 5691 1412 5743 ;
1440 5690 1559 5733 mox
1602 5674 1759 5751 vulg‘o
1815 5682 2128 5758 άπεστάλθη
2154 5696 2210 5745 et

738 5802 846 5874 (94)
880 5804 983 5876 Mp.
1013 5807 1083 5861 ῐσ.
1110 5807 1281 5879 λόγον.

1518 5471 1849 5533 "thiasi.
1922 5478 2133 5536 “ibid.
2181 5483 2269 5541 δε.
2345 5471 2809 5562 nituisset:

2387 5694 2497 5771 (ἓξ)
2657 5716 2728 5754 ισ.
2765 5703 2943 5771 φύσει.

2386 5766 2495 5839 (96)
2524 5766 2692 5845 vulgo
2715 5766 2827 5829 καί.
