4106 6462
184 482 292 536 875

1141 472 1227 527 DE
1267 470 1805 527 ECCLESIASTLA
1845 467 2238 525 THEOLOGIA
2280 467 2408 524 LIB.
2453 468 2494 522 l.

3350 472 3454 525 874

181 592 401 666 άληθῶς
457 590 642 655 ζῶντα
705 590 796 642 καὶ
853 584 1140 655 ύψεστῶτα
1201 584 1506 646 ἐδίδασκεν,
1549 581 1626 646 ὡς
1684 580 1757 634 λέ·

1876 580 2054 634 dimus
2083 579 2285 645 itaque,
2312 577 2455 647 quod
2505 576 2702 632 Filium
2754 593 2912 632 suum
2944 577 3090 633 Deus
3124 594 3244 633 cum
3269 580 3458 652 dilige-

182 706 297 756 γειν
320 729 335 750 ,
371 687 437 742 '0
458 687 665 755 Πατὴρ
702 679 904 753 ἀγαπᾷ
933 681 1038 734 τὸν
1089 679 1222 736 Υἱὸν
1251 679 1349 732 καί
1379 677 1574 731 πάντα
1595 677 1772 731 δέδω-

182 799 288 836 κεν
316 777 395 832 ἐν
438 779 515 847 τῇ
550 777 704 848 χειρί
755 775 972 830 αὐτοῦ·
1008 777 1040 828 ό
1089 772 1388 826 πιστεύων
1415 770 1528 839 (97)
1554 771 1641 834 είς
1665 768 1771 821 τὸν

192 875 335 926 Υίὸν
367 871 496 940 ἔχει
531 867 687 938 ζωὴν
728 869 986 923 αἰώνιον.
1043 863 1392 933 Πιστεύωμεν
1430 862 1642 926 τοίνυν,
1687 861 1768 913 ὃτι

1879 682 1960 725 ret
1990 671 2172 734 Pater,
2199 670 2384 726 omnia
2415 670 2516 739 ipsi
2564 669 2617 723 in
2648 684 2842 724 manus
2877 670 3120 724 tradidit.
3163 673 3458 728 Attenden-

1873 763 1997 815 dum
2037 773 2121 818 est
2165 776 2328 831 porro
2372 761 2564 816 sedulo
2603 761 2670 814 ad
2704 761 2858 827 illud,
2894 764 3097 825 omnia,
3135 774 3320 832 utpote
3347 782 3459 837 quo

1875 869 2055 908 rerum
2085 855 2328 908 omnium
2363 853 2732 909 subsistentia:
2765 857 3299 926 comprehendantur
3325 876 3472 914 :unm

180 965 271 1018 τὸν
295 965 425 1018 Υἱδν
455 961 690 1031 ἀγαπῶν
713 961 946 1031 όΠατὴρ
979 959 1152 1011 πάντα
1172 955 1400 1009 δέδωκεν
1432 956 1491 1008 ὲν
1529 957 1594 1024 τῇ
1625 953 1757 1025 χειρῖ

1871 945 1938 1001 de
1979 955 2038 1000 et
2078 945 2266 1001 videre
2303 945 2575 1014 quispiam
2634 956 2819 1016 posset
2872 949 3300 1017 magnitudinem
3349 967 3449 1020 ρος

181 1056 366 1109 αὑτοῦ.
419 1054 728 1126 Ἐπιμελῶς
752 1054 809 1108 δὲ
839 1048 1166 1122 προσεκτέον
1199 1047 1277 1118 τῷ
1298 1045 1495 1101 πάντα
1525 1045 1628 1115 τῆς
1658 1047 1757 1099 τῶν

1871 1036 2055 1096 tentla:
2086 1035 2209 1091 Filii
2253 1038 2382 1104 Dei;
2412 1038 2538 1091 dum
2578 1039 2865 1109 recogitet,
2906 1051 3168 1111 quantam
3211 1044 3458 1114 qualem-

181 1149 456 1220 γεννητῶν
501 1147 786 1220 ὑπάρξεως
815 1145 1069 1198 ἁπάντων
1095 1139 1477 1213 περιληπτικῷ
1517 1139 1630 1192 δντι
1656 1178 1670 1202 ,
1699 1139 1765 1192 δι’

175 1235 236 1297 οὗ
270 1242 332 1297 τὺ
369 1242 604 1314 μέγεθος
631 1242 730 1310 τῆς
749 1237 843 1293 τοῦ
869 1237 1000 1290 Υίοῦ
1033 1236 1130 1288 τοῦ
1158 1234 1294 1288 Θεοῦ
1326 1232 1629 1302 δυνάμεως,
1667 1230 1764 1283 ίδοι

175 1333 242 1386 ἂν
268 1350 374 1397 τις,
411 1333 676 1403 ἐννοήσας
700 1332 800 1401 ὅσῃ
836 1330 928 1381 καὶ
960 1328 1123 1398 ὁποίᾳ
1161 1327 1305 1397 χειρὶ
1348 1326 1495 1397 παρὰ
1526 1324 1620 1378 τοῦ
1654 1325 1766 1377 Πα-

173 1427 301 1497 τρὸς
333 1425 663 1480 ὑπεδέδεκτο
696 1423 794 1492 τὴν
842 1421 948 1473 τῶν
998 1419 1166 1472 ὄντων
1205 1419 1460 1472 ἁπάντων
1508 1417 1760 1489 ὓπαρξιν.

173 1517 236 1570 El
266 1517 376 1586 γὰρ
409 1514 476 1585 δὴ
507 1514 678 1583 μέγας
781 1511 1005 1580 σύμπας
1047 1507 1274 1578 οὐρανός
1311 1525 1387 1567 τε,
1413 1507 1506 1560 καὶ
1539 1505 1760 1576 κόσμος,

175 1609 268 1660 καί
310 1607 522 1659 τούτων
566 1603 648 1656 ἔτι
717 1601 915 1672 μακρῷ
969 1599 1252 1670 κρείττονα
1300 1599 1394 1652 καὶ
1441 1597 1764 1669 διαφέροντα

172 1697 430 1766 τυγχάνει
476 1694 548 1748 τὰ
595 1693 852 1747 ἐπέκεινα
874 1691 981 1744 τῶν
1023 1688 1316 1761 ὁρωμένων
1360 1690 1419 1742 ἐν
1452 1689 1762 1759 ἀσωμάτοις

174 1791 266 1843 καὶ
297 1787 624 1858 ὰφθάρτοις,
651 1787 861 1855 ωεραίς
886 1800 943 1836 τε
969 1783 1063 1844 καὶ
1096 1782 1271 1845 θείαις
1306 1780 1590 1850 ὑφεστῶτα
1611 1780 1761 1834 δυνά-

1868 1143 1974 1196 que
1997 1128 2051 1184 in
2095 1145 2314 1185 manum
2380 1131 2580 1186 tradita
2625 1133 2698 1187 sit
2735 1148 2764 1186 a
2809 1132 2975 1191 Patre
3013 1150 3196 1191 rerum
3236 1139 3458 1192 univer-

1867 1235 2049 1274 sarum
2081 1221 2451 1276 subsistentia.
2487 1222 2544 1278 Si
2593 1238 2846 1294 magnum
2904 1227 2976 1282 sit
3021 1227 3221 1284 malum
3265 1239 3320 1284 et
3353 1231 3456 1286 hoc

1869 1311 2200 1376 universum,
2227 1323 2375 1369 certe
2407 1329 2526 1383 qua:
2553 1329 2716 1383 supra
2746 1325 2873 1370 sunt
2896 1317 2999 1371 ista
3020 1319 3196 1374 oculis
3224 1335 3456 1390 usurpa-

1869 1412 1940 1466 ta,
1967 1403 2021 1456 in
2051 1405 2414 1473 potestatibus
2437 1407 2790 1462 subsistentia
2818 1409 3178 1480 incorporeis,
3206 1413 3454 1467 incorru-

1867 1496 2170 1565 ptibilibus,
2206 1497 2638 1570 intelligibilibus
2663 1511 2719 1556 et
2758 1502 2980 1568 divinis,
3021 1504 3192 1559 multo
3230 1507 3450 1575 quidem

1868 1590 2017 1644 hisce
2063 1599 2190 1646 sunt
2215 1591 2528 1662 majora,et
2558 1594 2627 1647 ab
2677 1595 2796 1651 istis
2842 1595 3000 1667 longe
3045 1597 3451 1668 discrepantia:

1863 1697 2035 1750 eique
2065 1683 2133 1738 ab
2165 1683 2284 1739 istis
2310 1685 2589 1754 universa,
2617 1703 2738 1757 qua:
2771 1704 2894 1744 cum
2923 1699 3142 1758 captum
3170 1701 3454 1747 transcen-

1864 1772 1995 1826 dant
2047 1784 2309 1840 nostrum,
2343 1789 2585 1832 nostram
2621 1793 2840 1848 quoque
2891 1781 3453 1853 refugiuntCOgnitio-

175 1897 322 1951 μεσι,
369 1879 552 1933 πάντα
596 1895 657 1930 τε
702 1878 802 1930 ὅσα
849 1875 941 1929 τὸν
990 1875 1259 1947 ἡμέτερον
1319 1873 1757 1945 διαδιδράσκοντα

1866 1880 2012 1919 nem.
2041 1864 2143 1921 Ista
2189 1869 2369 1923 omnia
2400 1880 2456 1926 et
2504 1871 2711 1941 singula
2751 1887 2874 1926 cum
2926 1876 3085 1928 unica
3122 1874 3210 1928 illa
3259 1890 3456 1933 manu3

342 1931 444 2038 τὴν
475 1966 750 2039 ἡμετέραν
791 1966 991 2034 γνῶσιν
1011 1931 1277 2019 ’λανθάνει
1297 1980 1311 1995 ·
1343 1931 1549 2019 τούτων
1588 1965 1757 2018 ἀπάν-

1867 1957 1988 2012 Filii
2026 1957 2120 2013 Dei
2165 1961 2429 2032 unigeniti
2473 1931 2865 2032 apprehendat,
2901 1968 3160 2034 potentia:
3197 1981 3310 2022 sua:
3340 1931 3450 2023 vir-'-

172 2077 278 2114 των
321 2059 421 2130 μία
454 2057 548 2113 τοῦ
578 2056 915 2126 Μονογενοῦς
959 2057 1087 2109 Υίοῦ
1126 2055 1220 2109 τοῦ
1271 2055 1404 2110 Θεοῦ
1443 2057 1565 2128 χεὶρ
1602 2074 1759 2128 περι-

171 2150 532 2223 δραττομένη,
566 2149 664 2220 τῆς
691 2147 1153 2220 ἀπειρομεγέθους
1173 2146 1336 2201 αὑτοῦ
1357 2147 1643 2220 δυνάμεως
1663 2149 1762 2220 τὴν

173 2243 373 2316 ἀρετὴν
409 2243 782 2298 ἐπιδείκνυται
820 2241 950 2312 (98).
991 2241 1056 2295 Ὀ
1078 2239 1142 2313 δὴ
1158 2242 1252 2295 καὶ
1288 2241 1354 2293 δι’
1380 2241 1572 2312 ἑτέρας
1602 2241 1762 2295 πάλιν

174 2338 337 2400 αὐτὸς
391 2339 421 2390 ό
473 2336 601 2400 Υἱὸς
649 2336 886 2408 παρίστη
925 2333 1130 2404 φωνῆς,
1179 2333 1386 2401 λέγων,
1433 2332 1636 2387 Πάντα
1658 2351 1764 2402 μοι

173 2428 478 2498 παρεδόθη
514 2427 633 2483 ὑπὸ
686 2426 789 2480 τοῦ
846 2426 1078 2494 Πατρός
1119 2442 1262 2494 μου.
1312 2420 1448 2488 Εἶθ’,
1475 2423 1551 2488 ὡς
1604 2424 1761 2494 ἡμῶν

176 2519 528 2593 ἀπορούντων
549 2559 565 2584 ,
587 2518 673 2582 τίς
709 2517 829 2572 ποτ’
861 2513 951 2590 ἦν,
983 2515 1078 2570 καὶ
1125 2517 1155 2569 ό
1188 2515 1452 2588 πηλίκος,
1487 2517 1517 2568 δ
1543 2515 1643 2587 τὴν
1674 2533 1761 2568 το-

175 2611 379 2684 σαύτην
396 2609 865 2683 παρακαταθήκην
881 2607 1325 2679 ύποδεδεγμένος,
1346 2607 1444 2676 Μὴ
1460 2605 1636 2676 ζήτει,
1659 2624 1762 2678 φη-

178 2694 252 2770 ei,
264 2704 409 2775 μηδ’
444 2702 649 2773 ἐρώτα.
694 2703 769 2756 Οὐ
800 2702 908 2773 γάρ
936 2700 1049 2771 ἔχει
1084 2700 1245 2769 φύσιν
1273 2698 1581 2771 ἀνθρώποις
1621 2717 1759 2770 γνω-

179 2797 458 2869 ρίζεσθαι,
503 2796 616 2849 ἀλλ’
659 2795 779 2849 οὐδὲ
821 2797 942 2857 ταῖς
997 2794 1268 2864 κρείττοσι
1315 2793 1411 2847 καὶ
1462 2792 1762 2863 θειοτέραις

176 2889 470 2960 δυνάμεσιν
497 2889 530 2958 ἡ
559 2886 793 2958 ἀκριϐὴς
820 2886 915 2939 τοῦ
961 2884 1092 2938 Υίοῦ
1133 2884 1227 2937 τοῦ
1258 2884 1393 2938 Θεοῦ
1433 2884 1755 2956 κατάληψις.

174 2983 267 3035 Διὸ
314 2982 622 3052 προφήσας,
668 2977 868 3032 Πάντα
893 2994 994 3046 μοι
1022 2975 1322 3045 παρεδόθη
1355 2977 1474 3030 ὑπὸ
1497 2975 1604 3032 τοῦ
1642 2978 1760 3030 Πα-

177 3073 466 3142 τρόςμου,
494 3072 777 3142 ἐπήγαγε·
827 3067 939 3122 Καί
981 3065 1180 3132 οὐδεὶς
1231 3066 1340 3136 (99)
1381 3063 1756 3135 ἐπιγινώσκει

175 3164 283 3218 τὸν
311 3163 474 3228 Υιόν,
487 3165 537 3217 εὶ
547 3161 632 3232 μὴ
652 3164 684 3215 ό
699 3159 916 3229 Πατήρ.
942 3156 1256 3226 Σεσιγάσθω
1270 3158 1450 3211 τοίνυν
1471 3159 1578 3221 πᾶς
1593 3157 1758 3227 άπόρ-

1867 2058 2059 2116 tutem,
2083 2063 2300 2106 omnem
2331 2054 2760 2124 magnitudinem
2781 2071 3146 2128 supergressa:
3172 2059 3451 2130 patefacit.

1865 2140 2017 2208 Quod
2061 2142 2258 2212 ipsum,
2289 2152 2345 2198 et
2374 2160 2473 2211 per
2505 2146 2667 2201 aliam
2715 2162 2870 2202 suam
2903 2162 3096 2204 vocem
3126 2150 3333 2206 indicat
3362 2151 3455 2207 Fi-

1863 2231 1968 2289 lius
2007 2233 2094 2287 ubi
2144 2232 2415 2304 loquitur,
2459 2235 2652 2290 Omnia
2677 2238 2802 2292 mihi
2831 2240 3028 2294 tradita
3056 2250 3181 2295 sunt
3221 2259 3254 2296 a
3294 2243 3454 2297 Patre

1864 2341 1976 2380 meo
2002 2326 2068 2377 ”.
2090 2324 2293 2382 Deinde
2320 2342 2385 2383 ac
2413 2328 2460 2383 si
2493 2345 2590 2384 nos
2616 2329 2670 2385 in
2694 2331 2904 2388 incerto
2933 2333 3456 2406 liaareremus,quis-

1865 2431 1988 2470 nam
2025 2416 2114 2472 ille
2154 2428 2321 2484 esset,
2353 2429 2409 2474 et
2450 2420 2652 2492 qualis,
2688 2425 2780 2494 qui
2813 2425 3122 2494 depositum
3168 2441 3453 2498 receperat

1862 2507 2206 2576 istiusmodi,
2264 2509 2483 2575 Nolito,
2561 2514 2677 2580 ait,
2755 2532 2992 2586 quererere
3067 2533 3160 2572 nec
3222 2520 3452 2577 interro-

1860 2617 1988 2669 gare
2013 2603 2168 2672 quis?
2221 2601 2342 2660 Non
2395 2616 2481 2662 est
2521 2609 2668 2665 enim
2727 2610 2816 2665 ille
2856 2611 2982 2665 talis
3037 2614 3130 2683 qui
3167 2613 3236 2669 ab
3272 2617 3452 2673 homi-

1864 2695 2023 2748 nibus
2055 2696 2226 2764 possit
2251 2701 2643 2768 comprehendi
2673 2722 2685 2755 :
2721 2704 2830 2760 imo
2873 2722 2943 2762 ne
2966 2710 3184 2778 quidem
3207 2710 3452 2782 perfecte

1863 2783 2089 2854 intelligi
2121 2794 2303 2856 potest
2350 2786 2422 2841 ab
2453 2788 2650 2857 illisce,
2681 2807 2804 2862 qua:
2839 2805 2968 2849 sunt
3008 2812 3268 2868 superne,
3295 2810 3452 2871 pote-

1863 2873 2100 2930 statibus
2134 2892 2150 2943 ;
2181 2891 2304 2932 cum
2355 2877 2426 2933 sit
2465 2877 2638 2935 Filius
2685 2881 2803 2938 Dei.
2852 2883 3123 2952 Quocirca
3164 2899 3450 2960 postquam

1859 2966 2272 3032 enuntiaverat,
2309 2967 2506 3023 Omnia
2539 2973 2672 3026 milii
2721 2973 2850 3028 data
2891 2988 3014 3032 sunt
3046 2996 3080 3033 a
3105 2977 3274 3034 Patre
3311 2997 3450 3046 meo,

1861 3051 2081 3111 intulit:
2115 3056 2183 3111 Et
2229 3074 2380 3113 nemo
2423 3062 2564 3114 novit
2612 3061 2835 3130 Filium,
2869 3069 2973 3122 nisi
3019 3069 3186 3126 Pater
3207 3073 3274 3126 ’⁷.
3306 3072 3452 3140 Quo-

1860 3148 2007 3203 circa
2046 3148 2266 3206 silentio
2307 3152 2617 3208 involvatur
2649 3157 2827 3213 omnis
2860 3159 2927 3214 de
2957 3159 3098 3216 Filio
3127 3162 3222 3217 Dei
3264 3179 3450 3219 sermo

178 3258 340 3327 ρητος
379 3256 507 3327 περὶ
546 3252 640 3307 τοῦ
680 3251 811 3305 Υίοῦ
842 3249 937 3304 τοῦ
973 3249 1108 3304 Θεοῦ
1133 3250 1304 3318 Λόγος
1323 3289 1339 3314 ,
1369 3251 1462 3304 καὶ
1500 3249 1648 3320 μόνῳ
1673 3248 1752 3320 τῷ

1863 3241 1949 3309 qui
1972 3249 2056 3294 est
2089 3240 2489 3309 inenarrabilis,
2520 3253 2576 3298 et
2607 3245 2708 3300 soli
2743 3248 2860 3318 ejus
2907 3247 3054 3306 Patri
3095 3255 3452 3311 commende-

174 3348 349 3420 Πατρὶ
365 3343 795 3418 παραδεδόσθωή
815 3343 911 3413 τῆς
941 3340 1001 3407 ἐξ
1028 3340 1192 3396 αὑτοῦ
1210 3342 1475 3409 γενέσεως
1495 3340 1659 3396 αὑτοῦ
1679 3341 1758 3414 (ﬁ)

173 3440 373 3508 γνῶσις
393 3478 408 3502 ,
447 3437 581 3509 μηδὲ
617 3435 926 3508 περαιτέρω
949 3453 1031 3498 τις
1054 3433 1235 3506 ζητῶν
1269 3434 1519 3505 χωρείτω
1544 3434 1757 3504 φύσεως

174 3531 304 3603 πέρι
320 3531 414 3584 καὶ
427 3530 616 3593 οὐσίας
632 3529 963 3600 ἀπορρήτου.
987 3527 1140 3597 Μόνη
1162 3525 1222 3579 δὲ
1241 3526 1372 3596 ἡμῖν
1389 3526 1422 3596 ἡ
1443 3527 1606 3579 αὑτοῦ
1629 3527 1759 3596 περὶ

170 3621 342 3677 αὐτοῦ
366 3621 681 3676 διδασκαλία
711 3623 778 3691 τῇ
806 3619 907 3688 τῆς
931 3618 1165 3681 πίστεως
1188 3615 1525 3686 βεδαιούσθω
1549 3616 1753 3690 χάριτι,

170 3713 359 3784 σαφῶς
384 3713 560 3768 πάντα
577 3710 724 3780 αὑτῷ
742 3710 847 3763 ὑπὸ
864 3707 957 3761 τοῦ
975 3706 1186 3779 Πατρδς
1211 3707 1609 3777 παραδεδόσθαι
1631 3725 1755 3760 παι-

165 3807 416 3860 δεύουσα.
451 3802 659 3858 Οὐκοῦν
697 3803 724 3854 ό
764 3802 861 3872 μὲν
875 3800 1004 3864 Θεὸς
1033 3798 1206 3854 ἐδίδου
1230 3800 1326 3852 καὶ
1343 3800 1630 3872 παρεδίδου
1657 3801 1751 3854 ἐπὶ

170 3895 452 3968 βελτιώσει
475 3895 569 3950 καὶ
595 3893 831 3964 ὠφελείᾳ
847 3931 862 3954 ,
885 3887 973 3943 οἷα
994 3890 1209 3962 Σωτῆρι
1235 3891 1330 3944 καὶ
1353 3891 1522 3963 ἰατρῷ
1543 3891 1636 3944 καὶ
1661 3909 1755 3944 κυ-

164 3989 402 4061 ϐερνήτῃ
448 3986 558 4041 τῶν
606 3985 742 4038 ὅλων
787 3985 888 4055 τὴν
926 3982 1232 4054 παράδοσιν
1255 3980 1605 4054 ποιούμενος⁵
1648 3982 1753 4037 όδὲ

164 4081 296 4146 Υἱὸς
328 4079 622 4150 nauem,
661 4067 764 4132 καῖ
799 4072 890 4129 οἷα
927 4074 1118 4136 πιστὸς
1153 4072 1622 4145 παραθηκοφύλαξ
1653 4075 1755 4144 τὴν

163 4175 313 4229 δόσιν
331 4171 586 4242 ὑπείκετο
608 4170 708 4239 (2),
730 4169 830 4239 οὑχ
848 4168 924 4232 ὠς
941 4169 1112 4238 Λόγος
1139 4166 1394 4230 άνούσιος
1421 4168 1513 4220 καὶ
1545 4166 1749 4220 ἀνυπό-

166 4283 387 4330 στατος,
405 4265 522 4320 ἀλλ’
553 4264 629 4328 ὡς
662 4261 878 4332 άληθῶς
896 4261 1022 4326 Υἱὸς
1057 4260 1132 4314 ὢν
1159 4260 1471 4329 Μονογενὴς
1495 4259 1590 4313 καὶ
1612 4261 1752 4329 ἀγα-

163 4359 343 4431 πητὸς
375 4355 471 4410 τοῦ
502 4354 740 4426 Πατρός.

1861 3339 1951 3385 tur
1990 3331 2136 3388 illius
2181 3332 2248 3389 de
2290 3335 2471 3405 seipso
2508 3339 2880 3406 generationis
2912 3343 3105 3400 modus
3154 3353 3209 3401 et
3253 3347 3453 3402 intelli-

1859 3423 2042 3492 gentia
2080 3439 2097 3476 :
2133 3436 2233 3480 nec
2261 3425 2621 3495 disquirendo
2648 3431 2918 3499 quispiam
2952 3436 3334 3506 progrediatur
3369 3439 3451 3492 ul-

1860 3513 2060 3582 terius,
2095 3515 2148 3569 in
2195 3525 2389 3570 natura
2424 3527 2478 3574 et
2509 3520 2815 3577 substantia
2859 3524 3228 3598 inenarrabili.
3277 3529 3451 3599 lpsius

1858 3613 2041 3658 autem
2074 3606 2141 3660 de
2193 3607 2374 3678 seipse
2407 3609 2657 3667 doctrina
2704 3613 3047 3671 solummodo
3085 3634 3183 3687 per
3216 3621 3450 3690 gratiam

1858 3712 1979 3768 qua
2007 3713 2075 3754 ex
2106 3698 2218 3756 ilde
2240 3711 2324 3758 est
2348 3703 2631 3775 obsignata
2677 3717 2894 3762 maneat
2927 3726 3084 3778 :qua:
3116 3713 3300 3767 omnia
3327 3714 3452 3784 qui-

1859 3791 1980 3844 dem
2022 3790 2122 3860 ipsi
2163 3794 2362 3850 tradita
2412 3811 2441 3850 a
2494 3795 2658 3854 Patre
2695 3812 2798 3854 suo
2833 3799 3122 3856 manifeste
3156 3801 3450 3859 admodum.

1859 3898 1958 3939 nos
1989 3885 2166 3941 docet.
2199 3887 2355 3943 Dedit
2395 3903 2528 3960 ergo
2555 3889 2698 3946 Deus
2733 3901 2897 3961 atque
2929 3893 3152 3950 tradidit
3183 3894 3257 3950 illi
3308 3897 3451 3954 hanc

1859 3976 2209 4034 traditionem
2262 3996 2439 4050 suam,
2470 3981 2539 4038 ad
2579 3985 3018 4041 emendationem
3045 3997 3099 4040 et
3141 3988 3448 4057 profectum

1859 4070 2257 4140 universitatis,
2282 4082 2542 4145 tanquam
2579 4075 2885 4142 Servatori,
2912 4078 3146 4142 medico,
3175 4081 3451 4150 guberna-

1861 4165 1961 4220 tori
1985 4167 2252 4222 omnium.
2288 4175 2347 4233 at
2380 4169 2552 4225 Filius
2574 4184 2639 4224 ea
2673 4170 2902 4242 recepit,
2927 4181 2981 4227 et
3013 4183 3273 4244 tanquam
3311 4176 3452 4230 ﬁdus

1858 4259 2128 4330 quispiam
2153 4260 2384 4332 depositi
2411 4273 2595 4320 custos
2634 4265 2832 4320 donum
2878 4265 3008 4321 illud
3042 4269 3184 4338 apud
3214 4283 3274 4324 se
3306 4268 3451 4325 deti-

1855 4353 2006 4419 nuit,
2049 4369 2156 4410 non
2205 4365 2264 4410 ut
2291 4357 2528 4413 Verbum
2591 4358 2957 4416 insubsistens
3012 4368 3068 4416 et
3133 4361 3443 4417 substantia

163 4466 382 4516 carens,
412 4448 506 4504 sed
541 4457 794 4515 tanquam
824 4445 891 4510 is,
950 4444 1043 4513 qui
1069 4459 1196 4501 vere
1217 4459 1341 4500 cum
1390 4445 1464 4500 sit
1498 4443 1668 4498 Filius
1689 4481 1704 4507 ,
1738 4444 2048 4515 unigenitus
2087 4457 2143 4503 et
2186 4447 2414 4506 dilectus
2452 4449 2623 4516 Patri,
2664 4451 2733 4506 ad
2765 4451 2909 4518 hzec,
2943 4454 3293 4524 semetipsum
3333 4456 3448 4526 ipse

164 4542 468 4598 nominavit
490 4554 684 4611 panem
713 4539 854 4601 vitae,
879 4537 1127 4607 inquiens
1159 4554 1175 4590 :

236 4637 307 4702 ζ’.
344 4637 465 4690 Ἐτι
511 4635 646 4707 πρὸς
688 4633 896 4696 τούτοις
929 4635 1023 4686 κα)⁵
1065 4634 1228 4704 ἄρτον
1274 4631 1370 4703 τῆς
1413 4631 1556 4703 ζωῆς
1591 4630 1750 4694 αὐτὸς

1928 4632 1982 4686 7.
2023 4634 2138 4705 Ego
2165 4654 2280 4691 sum
2306 4639 2458 4706 panis
2494 4639 2635 4694 vim.
2676 4639 2789 4710 Ego
2816 4657 2930 4695 sum
2961 4642 3112 4705 panis
3158 4643 3247 4698 ille
3278 4645 3444 4700 vivus.

165 4727 362 4785 ἑαυτὸν
380 4725 649 4797 ὠνόμαζε,
672 4725 843 4794 λέγων
863 4743 875 4755 ·
913 4723 1054 4795 Ἐγώ
1068 4726 1184 4794 ειμι
1200 4727 1232 4778 ό
1249 4721 1426 4792 ἄρτος
1444 4722 1554 4791 τῆς
1572 4722 1742 4790 ζωῆς.

176 4819 323 4892 Ἐγώ
352 4822 470 4891 ειμι
502 4822 536 4874 ό
563 4819 740 4888 ἄρτος
772 4821 805 4873 ό
831 4816 961 4884 ζῶν,
992 4820 1025 4872 ό
1056 4818 1126 4872 ἐκ
1151 4816 1258 4872 τοῦ
1283 4815 1544 4884 οὐρανοῦ
1571 4831 1748 4869 κατα-

165 4910 295 4977 stic.
347 4909 459 4964 Καὶ
512 4908 660 4971 ὅπως
709 4907 923 4979 ὑπῆρχε
973 4905 1103 4971 ζῶν,
1147 4905 1391 4976 διεσάφει
1440 4903 1746 4977 τρανότατα

162 5001 459 5075 διαρθρῶν,
488 5003 546 5056 ὲν
577 4996 658 5063 οἷς
691 5017 844 5072 φησι,
877 4999 1082 5065 Καθὼς
1113 4996 1433 5053 ἀπέστειλέ
1460 5014 1537 5067 με
1577 4999 1610 5050 ό
1638 4994 1749 5058 ζῶν

162 5093 392 5162 Πατὴρ,
433 5091 595 5161 κάγὼ
623 5089 696 5152 ζῶ
732 5090 829 5145 διὰ
853 5091 959 5143 τὸν
989 5089 1238 5160 Πατέρα.
1274 5088 1384 5144 Καὶ
1422 5089 1486 5142 '0
1517 5089 1751 5158 τρώγων

155 5205 256 5256 με,
284 5185 561 5252 κάκεῖνος
588 5182 753 5250 ζήσει
784 5181 858 5235 δι’
886 5182 1007 5250 ἐμέ.
1041 5179 1213 5236 Τοῦτο
1243 5181 1298 5234 δὲ
1325 5178 1420 5234 καὶ
1451 5182 1511 5234 ὲν
1543 5180 1751 5251 ἑτέροις

161 5277 404 5342 ἐδίδαξεν
437 5275 606 5330 εἰπών
623 5292 636 5305 ο
676 5276 901 5340 ’Ὠσπερ
930 5274 1038 5343 γὰρ
1064 5277 1097 5328 ό
1116 5273 1320 5340 Πατὴρ
1345 5270 1499 5340 ζωὴν
1524 5271 1649 5341 ἔχει
1680 5272 1751 5324 ἐν

161 5369 376 5436 ἐαυτῷ,
409 5369 561 5424 οὕτω
595 5367 694 5423 καὶ
745 5365 824 5432 τῷ
874 5365 989 5430 Υίῷ
1019 5366 1096 5436 (5)
1125 5365 1349 5420 ἔδωκεν
1391 5365 1558 5436 ἔχειν
1594 5363 1749 5432 ζωὴν

239 5515 300 5573 υἷε
338 5506 434 5562 εδ.
458 5505 628 5561 Paris.
655 5520 777 5574 pag.
812 5501 1001 5565 88,89.

230 5568 288 5614 οῖ
306 5575 499 5632 Matth.
528 5591 606 5640 τι,
631 5568 755 5630 ΞῚῘ
798 5575 844 5605 ’⁷
869 5575 999 5628 ibid.
1075 5571 1120 5604 ’⁸
1143 5568 1297 5625 Ioan.
1323 5586 1395 5634 VI,
1424 5571 1514 5636 35,
1541 5571 1634 5628 ιι.
1709 5573 1756 5606 ⁹¹’
1784 5571 1915 5628 ibid.
1948 5570 2039 5626 58.

231 5754 344 5823 (97)
383 5753 554 5818 Vulgo
587 5752 914 5822 πιστεύομεν
963 5761 1017 5806 et
1073 5753 1197 5808 dein
1243 5749 1530 5821 ὑπάρξεως
1563 5753 1738 5808 ἁπάν-

158 5823 266 5884 των
298 5835 349 5879 el
374 5823 715 5879 ἀπεδέδεκτο.

231 5897 347 5962 (98)
378 5894 548 5964 V'nlgo
571 5894 738 5964 Bosel
769 5893 878 5946 ἀπὸ
910 5891 1004 5946 τοῦ
1031 5912 1089 5945 π.

232 5960 346 6040 (99)
374 5960 543 6037 Vulgo
567 5963 825 6034 γινώσκει
859 5973 913 6017 et
943 5979 1064 6019 mox
1089 5960 1486 6033 παραδιδόσθω.

487 6059 760 6122 Panos.
806 6056 925 6120 Gtt.
979 6059 1025 6124 Χ
1043 6056 1211 6118 XIV.

1853 4728 1945 4796 qui
1986 4729 2053 4783 de
2077 4730 2204 4783 celo
2243 4732 2488 4787 descendi
2513 4732 2580 4785 ’⁸.
2609 4730 2854 4799 Qualiter
2893 4743 3074 4788 autem
3120 4740 3276 4792 vivus
3303 4739 3447 4794 exsi-

1854 4819 2055 4886 stebat,
2084 4823 2425 4890 apertissime
2464 4823 2763 4878 deeiaravit
2815 4824 3092 4892 inquiens.
3128 4825 3256 4880 dum
3300 4827 3444 4882 auir-

1857 4919 1990 4974 mat,
2019 4910 2475 4977 Quemadmodum
2513 4915 2659 4969 misit
2697 4931 2779 4969 me
2820 4917 2994 4971 vivens
3046 4915 3227 4982 Pater,
3273 4929 3322 4973 et
3350 4936 3445 4989 ego

1857 5002 1971 5054 rivo
2003 5018 2098 5071 per
2117 5001 2337 5058 Patrem
2364 5005 2433 5061 ”.
2454 5006 2521 5061 Et
2552 5025 2566 5060 :
2596 5006 2702 5073 Qui
2735 5025 2816 5062 me
2837 5010 3087 5078 comedit,
3121 5010 3210 5066 ille
3234 5025 3445 5082 propter

1857 5109 1938 5146 me
1990 5095 2118 5150 vivet
2145 5096 2182 5148 ⁸.
2228 5095 2342 5152 Hoc
2371 5097 2546 5168 ipsum
2577 5099 2706 5154 alibi
2761 5099 3006 5166 edocuit,
3044 5102 3338 5173 inquiens:
3375 5103 3444 5159 Et

1855 5187 2297 5252 quemadmodum
2349 5187 2514 5245 Pater
2547 5192 2705 5245 vitam
2754 5193 2906 5246 habet
2946 5196 3000 5247 in
3035 5197 3330 5261 semetipso,
3366 5199 3446 5251 ita

1858 5287 1905 5330 et
1935 5273 2082 5332 Filio
2114 5279 2263 5334 dedit
2310 5280 2502 5337 habere
2530 5284 2691 5336 vitam
2721 5284 2775 5338 in
2819 5287 3155 5357 semetipso’.
3192 5287 3321 5343 Erat
3343 5287 3445 5357 igi-

1859 5377 1947 5421 tur
1981 5370 2140 5437 panis
2178 5371 2305 5427 vita
2341 5390 2354 5425 :
2397 5380 2454 5427 et
2492 5373 2546 5427 in
2594 5373 2737 5428 caelo
2785 5375 3136 5442 subsistebat,
3167 5377 3447 5450 angelicas

2118 5573 2133 5602 ¹
2171 5571 2303 5627 ibid.
2379 5573 2400 5604 ’
2427 5571 2584 5629 Joan.
2613 5591 2668 5639 τ,
2702 5573 2795 5632 ‘26.

2020 5754 2192 5831 Yitlgo
2217 5756 2514 5831 om.at'aroii
2544 5767 2596 5812 et
2628 5775 2746 5831 mna
2775 5759 3187 5831 παραδίδοσθαι.

1917 5823 1997 5893 (Ξ)
2035 5823 2206 5895 Vulgo
2239 5828 2415 5897 ὲπείχ.
2447 5839 2501 5882 et
2548 5845 2668 5884 mox
2704 5823 2870 5899 ἄρτον
2900 5831 3001 5900 τῆς
3052 5829 3109 5891 ζ.
3137 5844 3197 5887 et
3241 5827 3466 5900 τρανῶς

1847 5912 2009 5948 τατα.

1920 5963 1999 6036 (3)
2034 5965 2205 6039 Vulgo
2227 5968 2480 6024 δέδωκεν.

3081 6061 3174 6121 Ἃ
