4106 6460
668 438 772 493 875

1342 411 1600 472 EUSEBII
1639 400 2103 466 (LESARIENSIS
2138 394 2266 453 OPP

2373 390 2504 447 ΛΚΒ
2538 387 2631 443 ιν.
2670 416 2737 427 ——-
2777 376 3192 438 DOGMATICA.

3817 365 3928 418 876

672 558 896 609 virtutes
918 547 1149 615 irrigans
1174 550 1337 608 atque
1371 532 1638 596 nutriens,
1668 542 1752 597 pet
1801 539 1911 580 sua:
1939 517 2234 576 divinitatis
2264 556 2271 578 λ

2372 528 2402 563 ν·
2427 505 2635 571 ἑαυτῷ.
2668 507 2731 555 Ἀ
2742 506 2789 574 ρ’
2818 496 2910 554 οὖν
2940 498 3034 551 καὶ
3059 496 3221 566 άρτος
3246 487 3312 563 ἦν
3333 490 3475 559 ζωῆς
3499 503 3511 518 ⁸
3543 486 3641 539 καὶ
3668 484 3927 554 ὑπῆρχεν

2464 600 2489 611 -
2566 599 2577 614 ο
2705 595 2733 615 -ν
2797 592 2892 615 -L-
2928 586 3220 615 L-....\...A.-
3246 583 3502 615 anulum...
3536 576 3791 615 ιράηδωυ
3830 574 3924 615 ψιὶ

672 609 1044 716 potestatem;
1043 633 1167 688 Haec
1203 636 1325 685 erat
1348 624 1459 691 ille,
1496 620 1811 691 priusquam
1841 616 1892 670 in
1916 623 2112 667 terram
2142 609 2234 664 de-

675 705 954 791 scenderet
988 725 1194 793 ;Filius
1225 728 1362 783 erat,
1389 717 1555 770 vitam
1589 714 1641 768 in
1692 711 1868 777 seipso
1911 705 2233 762 continens:

676 828 743 880 ad
772 837 894 879 eum
920 819 1136 874 modum
1168 828 1275 883 quo
1306 810 1360 864 in
1393 823 1451 863 se
1486 806 1714 861 habebat
1733 802 1899 855 vitam
1930 797 2110 853 Pater.
2140 794 2239 847 Pa-

677 919 774 973 tris
800 916 943 971 euim
975 911 1057 966 sui
1103 907 1268 961 vitam
1315 912 1369 957 et
1398 900 1595 955 divinat
1640 910 1749 951 sua
1788 893 1913 947 vita:
1945 888 2087 958 quod
2117 901 2241 955 pro-

677 1010 850 1081 prium
917 1004 1090 1057 fuerat
1137 1007 1299 1066 atque
1335 991 1605 1063 peculiare
1640 987 1743 1059 (ob
1774 984 1915 1055 quod
1952 981 2098 1036 solus
2148 979 2243 1034 ba-

679 1070 807 1155 bere
852 1094 1049 1151 dicitur
1082 1084 1565 1144 immortalitatem,
1605 1074 2057 1148 quemadmodum
2090 1070 2242 1124 locu-

680 1202 767 1246 tus
829 1198 911 1242 est
955 1182 1170 1238 divinus
1226 1172 1739 1247 Apostolus)netno
1792 1176 1990 1236 praeter
2051 1160 2245 1217 Filium

679 1279 955 1353 possidere
1004 1272 1201 1344 poterit
1238 1268 1364 1337 :qui
1407 1275 1463 1321 et
1500 1265 1677 1334 imago
1717 1260 1803 1315 sui
1851 1256 2031 1311 Patris
2072 1254 2164 1318 sit,
2195 1261 2251 1307 et

684 1345 858 1428 tactus
886 1381 1099 1437 quoque
1128 1364 1194 1418 ad
1251 1358 1542 1428 imaginem
1584 1352 1783 1407 Patris.
1815 1349 1957 1404 Ante
1996 1362 2125 1402 vero
2170 1345 2251 1398 di-

682 1473 825 1520 ctam
882 1460 969 1515 ille
1015 1460 1177 1511 vitam
1209 1450 1472 1522 possidet,
1513 1460 1619 1502 non
1675 1444 1791 1498 sine
1820 1438 2109 1512 principio,
2147 1452 2252 1489 non

686 1553 1006 1623 ingenitam,
1045 1562 1195 1602 suam
1242 1540 1544 1612 propriam,
1575 1536 1725 1591 velut
1750 1531 1927 1589 Patris
1956 1528 2253 1601 possessio-

670 1615 833 1705 -nevtn,
856 1640 947 1695 sed
970 1650 1128 1706 quam
1154 1632 1362 1701 accepit
1384 1644 1414 1683 a
1446 1628 1625 1682 Patre.
1678 1626 1753 1678 Ita
1776 1622 1922 1677 enim
1953 1620 2049 1683 ait,
2066 1616 2135 1671 Et
2164 1615 2258 1669 Fi-

689 1739 761 1789 tio
794 1734 937 1788 dedit
974 1732 1135 1783 vitam
1169 1725 1357 1777 habere
1388 1722 1444 1773 in
1491 1716 1784 1783 semetipso,
1818 1708 2258 1782 quemadmodum

693 1824 852 1877 Pater
873 1819 1029 1872 habet
1063 1818 1242 1877 vitam,
1278 1814 1332 1865 in
1366 1811 1552 1878 seipse.
1583 1805 1677 1859 llle
1705 1817 1831 1873 ergo
1859 1801 2025 1864 dedit,
2054 1796 2260 1864 accepit

2335 606 2392 655 ὲν
2424 600 2500 670 τῷ
2526 595 2761 669 οὐρανῷ,
2795 592 2892 655 τὰς
2924 586 3220 657 ἀγγελικὰς
3246 583 3502 651 δυνάμεις
3534 576 3791 648 ἐπάρδων
3830 574 3926 627 καὶ

2334 662 2548 763 τρέφων
2576 662 2641 756 τῇ
2668 662 2767 755 της
2795 683 3045 750 θεότητος
3070 672 3236 729 αὑτοῦ
3263 672 3509 740 δυνάμει.
3542 668 3655 721 Kal.
3679 662 3926 717 τοσαῦτα

2337 756 2425 854 ἦν,
2448 756 2590 853 ⁷πρὶν
2641 778 2733 832 ἐπὶ
2767 778 2869 846 γῆς
2903 772 3093 826 ἐλθεῖνο
3148 766 3274 827 Υἱός
3316 781 3376 817 τε
3407 761 3474 833 ἦν
3509 760 3655 831 ζωὴν
3686 756 3831 827 ἔχων
3867 756 3925 806 ὲν

2340 847 2519 945 ἑαυτῷ
2564 870 2765 942 ὁμοίως
2794 867 2872 937 τῷ
2904 864 3079 937 Πατρὶ
3112 860 3258 931 ζωὴν
3286 857 3460 927 ἔχοντι
3488 857 3571 933 Ϋὲν
3608 849 3813 917 ἐαυτῷ.
3851 847 3925 901 Τὸ

2341 966 2450 1036 γὰρ
2481 932 2757 1033 ἐξαίρετον
2787 932 2881 1011 καὶ
2913 932 3112 1018 ἰδιάζον
3140 952 3239 1021 τῆς
3266 932 3593 1018 τοῦπατρὸς
3616 939 3923 1010 ἀγεννήτου

2344 1030 2438 1115 ttat
2471 1030 2657 1128 θεῖκῆς
2683 1053 2849 1123 ζωῆς,
2876 1052 2943 1106 δι’
2977 1051 3043 1121 ἢν
3077 1048 3234 1120 μόνος
3274 1044 3419 1114 ἔχειν
3452 1037 3755 1093 ἀθανασίαν
3784 1030 3926 1085 κατὰ

2345 1152 2435 1205 τόν
2468 1124 2624 1202 θεῖον-
2652 1143 2971 1198 Ἀπόστολον
2992 1140 3227 1212 εἴρηται,
3268 1134 3425 1205 μόνος
3456 1130 3521 1184 ἂν
3549 1128 3662 1199 ἔχοι
3692 1128 3722 1179 ὁ
3754 1124 3883 1186 Υἱός
3907 1139 3923 1152 '

2349 1244 2443 1296 ἀτε
2476 1237 2637 1291 εἰκὼν
2686 1234 2778 1286 τοῦ
2812 1231 3026 1301 Πατρός
3075 1228 3171 1282 καὶ
3219 1223 3358 1279 κατά
3399 1220 3555 1274 τοῦτο
3615 1216 3923 1286 τυγχάνων.

2354 1333 2507 1401 Ἔχει
2551 1328 2609 1381 δὲ
2654 1326 2750 1397 τὴν
2800 1308 3094 1395 εἰρημένην
3143 1318 3309 1387 ζωὴν,
3353 1314 3450 1368 οὐκ
3500 1312 3757 1380 ἄναρχον,
3806 1305 3925 1359 οὐδὲ

2353 1396 2665 1491 ἀγέννητον,
2699 1416 2819 1470 οὐδὲ
2866 1412 3163 1481 ἰδιόκτητον
3190 1407 3390 1477 ὁμοίως
3426 1401 3505 1474 τῷ
3552 1401 3751 1471 Haupt,
3793 1396 3925 1449 ἀλλά

2353 1487 2503 1582 παρά
2542 1487 2635 1564 τοῦ
2676 1507 2889 1578 Πατρός
2927 1501 3129 1557 λαϐὼν.
3164 1497 3321 1553 Οὕτω
3359 1497 3466 1569 γάρ
3496 1510 3659 1565 φησι·
3696 1493 3809 1545 Kal
3850 1487 3928 1552 τῷ

2365 1606 2473 1671 Υὶῷ
2496 1604 2677 1658 ἔδωκε
2705 1599 2858 1667 ζωὴν
2882 1597 2951 1649 ἐν
2986 1591 3188 1657 ἐαυτῷ
3212 1591 3377 1660 ἔχειν
3400 1588 3498 1658 (ι),
3528 1585 3725 1650 καθὼς
3757 1586 3792 1637 ό
3818 1584 3929 1635 Παρ-

2358 1698 2467 1765 τὴρ
2492 1693 2644 1762 ζωὴν
2678 1692 2805 1762 ἔχει
2831 1683 3126 1749 ἐνέαυτῷ.
3162 1680 3369 1736 Οὐκοῦν
3393 1680 3422 1732 ό
3451 1678 3547 1749 μὲν
3577 1676 3801 1735 ἔδωκεν,
3823 1675 3851 1725 ό
3873 1671 3928 1724 δὲ

2361 1763 2567 1857 εἴληφε.
2602 1784 2713 1837 Καὶ
2767 1782 2925 1852 μόνος
2974 1775 3118 1831 τοῦτ’
3158 1773 3349 1844 εἰληφε
3390 1770 3452 1823 τὸ
3493 1768 3685 1839 γέρας,
3734 1766 3811 1827 ὡς
3857 1763 3931 1833 μὴ

693 1857 713 1877 ι
742 1857 842 1877 ...υ
873 1857 1027 1872 ........
1066 1857 1242 1877 -.......,
1366 1857 1552 1878 --τω
1715 1857 1726 1859 ν
1768 1857 1795 1873 υ
2012 1857 2022 1864 ,
2185 1857 2198 1864 _

692 1918 815 1969 iste.
849 1912 1116 1978 Solusque
1142 1908 1279 1961 hanc
1304 1904 1466 1957 habet
1493 1901 1592 1955 iste
1614 1893 2121 1966 praerogativam,ut
2151 1903 2254 1942 non

2372 1878 2554 1942 ἔξωθέν
2599 1875 2763 1927 ποθεν
2802 1870 2952 1941 αὐτῷ
2999 1864 3317 1940 πορίζεσθαι
3358 1862 3557 1933 ὁμοίως
3590 1861 3702 1921 τοῖς
3730 1857 3932 1917 λοιποῖς

2372 1971 2427 1978 μ-
2562 1968 2573 1978 .
2652 1967 2677 1978 ..
2732 1968 2742 1978 .
3089 1962 3143 1978 ,ν
3192 1956 3255 1978 ορ,
3297 1949 3930 1978 __--.:.r-.._-..l-......-.'.,

693 2026 721 2059 e
754 2006 886 2061 foris
932 2002 1151 2057 aliunde
1186 1998 1251 2052 ad
1304 1994 1455 2049 illum
1505 1988 1802 2045 accesserit
1842 1985 1973 2047 vita,
2002 1982 2263 2053 quemad-

698 2097 909 2150 modum
954 2090 1170 2147 caateris
1196 2083 1463 2142 creaturis
1493 2080 1752 2136 accedere
1792 2074 1946 2138 solet,
1969 2072 2063 2127 sed
2095 2072 2148 2126 in
2180 2084 2265 2123 se—

698 2190 814 2256 ipso
844 2182 1225 2239 scaturieutem
1259 2176 1401 2229 illam
1432 2180 1630 2237 teneat,
1662 2166 1954 2223 secundum
1996 2163 2265 2219 conditio-

697 2295 818 2333 netu
846 2276 958 2344 ejus
980 2289 1100 2345 quae
1135 2274 1187 2327 in
1208 2270 1368 2325 Patre
1407 2274 1511 2323 est.
1552 2263 1837 2332 Quocirca,
1871 2274 1991 2328 quae
2036 2255 2261 2327 partici-

701 2384 829 2445 pant
859 2372 928 2426 de
981 2370 1089 2423 vita
1140 2365 1343 2428 omnia,
1382 2361 1568 2415 vivunt
1615 2356 1703 2411 illa
1748 2355 1814 2409 de
1862 2352 1984 2407 Filii
2023 2349 2269 2419 largitate

699 2443 1100 2535 supererogata,
1144 2458 1289 2513 solus
1341 2462 1519 2508 autem
1561 2452 1677 2521 ipse
1706 2449 1869 2502 vitam
1903 2446 2063 2500 habet
2100 2443 2155 2497 in
2185 2456 2270 2496 se-

656 2626 661 2630 ,
703 2561 817 2629 ipso
844 2555 1247 2615 scaturientem,
1283 2542 1441 2601 Patre
1481 2544 1627 2599 illam
1656 2540 1939 2611 largiente,
1974 2537 2039 2591 ad
2082 2548 2268 2589 eorunt

704 2624 858 2705 usum
888 2656 943 2703 et
981 2644 1292 2699 fruitionem
1315 2682 1329 2706 ,
1360 2638 1452 2709 qui
1486 2636 1739 2703 deinceps
1778 2639 1934 2686 erant
1968 2630 2073 2681 vita
2096 2624 2269 2679 viviti-

703 2742 882 2797 candi.
913 2738 970 2793 ld
994 2737 1137 2807 quod
1180 2736 1403 2804 ipsemet
1441 2735 1671 2782 testatur
1698 2724 1969 2791 inquiens.
2005 2717 2271 2785 Quemad-

704 2833 913 2887 modum
930 2842 1010 2882 me
1039 2827 1178 2879 misit
1206 2824 1375 2876 vivens
1401 2817 1579 2880 Pater,
1600 2826 1647 2870 et
1674 2829 1765 2883 ego
1795 2814 1905 2867 vivo
1931 2822 2141 2880 propter
2164 2809 2271 2863 Pa-

704 2935 854 2977 trem.
886 2919 952 2973 Et
980 2935 993 2969 :
1023 2915 1123 2981 Qui
1150 2911 1393 2971 comedit,
1417 2908 1507 2961 ille
1537 2914 1744 2974 prapter
1765 2917 1844 2955 me
1870 2902 2016 2955 vivet.
2062 2896 2161 2951 Hic
2195 2908 2268 2951 est

703 3006 878 3075 panis,
911 3004 999 3073 qui
1022 3002 1085 3053 de
1120 3000 1245 3053 caelo
1272 2994 1589 3051 descendit'.
1614 2990 1775 3046 Vides
1803 2998 2001 3054 autem,
2035 2998 2093 3043 ut
2116 2987 2271 3056 panis

707 3107 825 3153 erat
869 3096 1015 3161 vitae,
1045 3092 1209 3149 etiam
1250 3089 1376 3143 dum
1426 3088 1599 3140 adhuc
1630 3084 1683 3138 in
1716 3082 1869 3138 ccelis
1908 3090 2071 3136 esset.
2101 3086 2162 3144 >14
2191 3078 2272 3134 Ob

710 3204 871 3257 quam
901 3187 1073 3257 ipsam
1112 3196 1332 3238 causam
1363 3178 1557 3247 legitur
1587 3174 1779 3229 alicubi
1816 3173 2036 3235 dictum,
2074 3170 2271 3225 Panem

714 3276 1022 3347 angelorum
1060 3270 1354 3327 comedebat
1382 3268 1535 3320 homo
1564 3266 1608 3318 ⁸.
1636 3262 1954 3332 Priusquam
1987 3277 2115 3331 ergo
2148 3262 2272 3315 mit-

714 3377 936 3431 teretur,
965 3363 1177 3419 vivebat
1211 3363 1263 3415 in
1320 3358 1491 3421 cmlo,
1523 3365 1576 3411 et
1616 3371 1708 3426 per
1745 3355 1959 3409 Patrem
2010 3353 2225 3407 vivebat
2258 3372 2272 3408 :

716 3476 819 3515 non
851 3466 909 3512 ut
933 3456 1160 3511 Verbum
1188 3450 1632 3521 signiﬁcativum;
1679 3461 1782 3501 non
1814 3455 1868 3499 ut
1915 3460 2076 3499 unum
2119 3454 2278 3514 atque

718 3553 855 3605 idem
899 3564 1019 3603 cum
1054 3547 1163 3598 Deo
1198 3545 1484 3607 exsistens,
1515 3541 1609 3595 sed
1650 3547 1906 3607 tanquam
1941 3538 1985 3590 is
2028 3536 2118 3605 qui
2149 3536 2276 3590 sub-

718 3644 953 3701 sisteret,
984 3648 1038 3691 et
1082 3635 1243 3687 vitam
1294 3632 1395 3685 sibi
1440 3629 1708 3700 propriam
1749 3627 2054 3695 possidebat
2089 3646 2101 3678 :
2134 3626 2277 3678 illam

721 3732 943 3793 scilicet,
976 3742 1135 3795 quam
1170 3724 1323 3778 Pater
1348 3720 1605 3789 elargitus
1637 3719 1709 3772 illi
1734 3718 1930 3772 fuerat.
1957 3716 2283 3786 Progressus

722 3827 918 3882 .lenuo,
949 3815 1319 3871 excellentiam
1369 3823 1607 3881 paternae
1638 3809 1819 3878 gloria
1858 3808 1980 3863 dum
2012 3807 2277 3868 insinuat,

725 3914 801 3964 ait
830 3928 843 3964 :
890 3908 1335 3973 Quemadmodum
1371 3920 1451 3956 me
1479 3900 1638 3955 Pater
1670 3902 1865 3968 docuit,
1910 3901 2008 3953 ista
2038 3900 2280 3967 loquor“.

729 4002 813 4067 Et,
856 4000 958 4064 Qui
994 4015 1072 4051 tne
1103 3998 1265 4057 misit,
1297 3997 1340 4047 is
1370 4010 1567 4047 mecum
1598 4002 1713 4047 est:
1748 4009 1849 4045 non
1882 4009 1961 4046 me
1983 3993 2178 4045 dimisit
2208 4008 2287 4045 so-

728 4098 858 4158 lum,
885 4093 1130 4162 quoniam
1159 4106 1249 4159 ego
1267 4089 1606 4155 ubique,quw
1627 4096 1743 4138 sunt
1764 4085 1863 4151 ipsi
1892 4085 2285 4152 complacentia,

730 4189 864 4256 facio
882 4186 922 4239 ⁸.
952 4183 1111 4239 Omni
1154 4181 1307 4235 modo
1335 4181 1421 4234 hic
1446 4179 1571 4232 mihi
1603 4178 1857 4232 observes
1888 4175 2064 4237 velim,
2092 4175 2220 4245 quid
2237 4184 2290 4228 et

730 4279 1016 4347 quomodo,
1054 4276 1265 4343 ubique,
1301 4272 1528 4324 dicatur.
1544 4269 1655 4322 Non
1684 4265 2020 4330 enirn,Nuuc
2055 4263 2290 4329 ait,dum

735 4371 785 4422 in
836 4369 993 4421 terris
1042 4380 1137 4436 per
1174 4375 1396 4416 carnem
1430 4374 1549 4413 cum
1588 4358 1897 4412 hominibus
1928 4370 2135 4420 versor,
2175 4369 2293 4422 quae

733 4456 875 4512 Patri
907 4466 1029 4511 suut
1052 4452 1463 4522 complacentia,
1494 4448 1634 4501 facio
1668 4467 1681 4502 :
1708 4448 1799 4500 sed
1843 4460 2054 4514 semper
2092 4454 2144 4499 et
2176 4447 2292 4498 ubi-

2363 1971 2494 2035 ζῶσι
2524 1968 2622 2039 τὴν
2647 1967 2814 2037 ζωὴν,
2854 1964 2969 2017 ἀλλ’
3000 1964 3060 2015 ὲν
3085 1956 3262 2028 ἐαυτῷ
3292 1952 3643 2026 πηγάζουσαν
3672 1951 3818 2020 ἔχειν
3842 1949 3936 2001 αὺ-

2361 2058 2479 2129 τὴν,
2518 2037 2661 2110 κατά
2706 2055 2804 2123 τὴν
2850 2055 2909 2107 ἐν
2943 2050 3020 2122 τῷ
3052 2048 3245 2120 Πατρε.
3276 2046 3367 2099 Διὸ
3400 2044 3577 2097 πάντα
3612 2041 3713 2111 μὲν
3742 2039 3812 2092 τά
3841 2037 3935 2105 τῆς

2364 2150 2509 2220 ζωῆς
2544 2148 2744 2219 μέτοχα
2778 2145 2837 2213 ἐξ
2873 2141 3230 2215 ἐπιχορηγίας
3254 2137 3346 2193 τοῦ
3385 2135 3513 2189 Υἱοῦ
3545 2133 3645 2204 ζῇ·
3689 2132 3850 2203 μόνος
3880 2129 3936 2181 δὲ

2365 2242 2523 2303 αὐτὸς
2550 2240 2903 2311 πηγάζουσαν
2937 2236 3080 2307 ζωὴν
3110 2234 3222 2304 ἔχει
3265 2233 3322 2284 ὲν
3356 2225 3554 2297 ἑαυτῷ,
3594 2224 3692 2277 τοῦ
3730 2220 3940 2294 Harpe;

2367 2332 2515 2402 αὐτῷ
2540 2330 2696 2385 τοῦτο
2723 2326 3110 2401 δωρησαμένου
3142 2327 3220 2387 εἰς
3248 2321 3547 2377 ἀπόλαυσιν
3578 2317 3690 2370 τῶν
3727 2313 3940 2386 μελλόν-

2366 2443 2471 2478 των
2484 2425 2548 2478 δι’
2566 2423 2728 2477 αὑτοῦ
2743 2418 3141 2485 ζωοποιεωθαι.
3169 2417 3233 2469 Ὃ
3248 2415 3311 2485 δὴ
3332 2412 3407 2484 (5)
3424 2412 3519 2465 καὶ
3530 2409 3692 2473 αὐτὸς
3703 2408 3943 2462 διδάσκει

2367 2516 2568 2585 λέγων’
2603 2512 2803 2577 Καθὼς
2835 2507 3159 2567 ἀπέστειλέ
3179 2523 3255 2578 με
3305 2510 3338 2573 ό
3380 2503 3491 2567 ζῶν
3529 2502 3756 2570 Πατὴρ,
3788 2496 3949 2568 κάγὼ

2369 2608 2440 2669 ζῶ
2466 2608 2563 2662 διὰ
2590 2608 2698 2661 τὸν
2722 2604 2974 2673 Πατέρα.
3020 2601 3162 2656 Καί’
3201 2600 3263 2652 '0
3285 2598 3518 2666 τρώγων
3540 2611 3638 2666 με,
3668 2591 3949 2655 κάκεῖνος

2369 2700 2529 2767 ζῆσει
2556 2699 2631 2753 δι’
2658 2697 2783 2768 ἐμέ.
2807 2694 2997 2763 Οὗτός
3028 2696 3199 2749 ἐστιν
3216 2696 3248 2746 ό
3275 2689 3453 2759 ἄρτος
3486 2691 3518 2742 ὀ
3548 2687 3616 2741 ἐκ
3639 2684 3748 2740 τοῦ
3776 2686 3950 2751 οὐρα-

2368 2793 2481 2847 νοῦ
2508 2790 2785 2856 καταϐάς.
2828 2790 2989 2860 Ὁρᾷς
3014 2788 3161 2849 ὅπως
3196 2784 3291 2838 καὶ
3324 2785 3379 2835 ὲν
3416 2777 3631 2849 οὐρανῷ
3660 2776 3949 2846 ὑπάρχων.

2370 2884 2531 2954 ἄρτος
2560 2878 2627 2953 ἦν
2657 2880 2930 2953 (conquere
2959 2875 3205 2931 λέλεκται
3267 2890 3367 2926 που
3391 2887 3404 2901 ·
3428 2871 3636 2937 Ἄρτον
3683 2865 3952 2935 ἀγγέλων

2370 2978 2588 3044 ἔφαγεν
2600 2978 2630 3027 ό
2644 2973 2970 3041 ἅνθρωπος.
2984 2968 3093 3022 Καὶ
3113 2966 3242 3038 πρὶν
3258 2961 3591 3018 ἀπεστάλθαι
3607 2960 3717 3029 ἄρα
3743 2956 3851 3010 ὑπὸ
3864 2954 3951 3008 τοῦ

2376 3067 2607 3137 Πατρὸς,
2638 3066 2693 3117 ὲν
2739 3060 2948 3133 οὐρανῷ
2975 3056 3043 3129 ἦν
3076 3057 3172 3130 (6),
3205 3056 3299 3111 καὶ
3339 3052 3431 3125 ἔζη
3471 3052 3557 3104 διὰ
3599 3051 3690 3103 τὸν
3734 3049 3954 3120 Πατέρα

2374 3162 2471 3229 οὐχ
2496 3158 2570 3220 ὡς
2584 3157 2753 3226 Λόγος
2782 3148 3240 3225 σημαντικὸς,οὑδ’
3264 3148 3339 3211 ὼς
3363 3146 3419 3199 ἓν
3442 3146 3536 3198 καὶ
3555 3143 3754 3197 ταύτὸν
3779 3144 3955 3211 ὑπάρ-

2377 3270 2484 3321 χων
2516 3250 2591 3319 τῷ
2619 3248 2754 3319 Θεῷ,
2782 3247 2895 3300 ἀλλ’
2922 3245 2997 3308 ὡς
3024 3230 3270 3313 ὗφεστὼς
3310 3242 3405 3294 καὶ
3435 3238 3577 3307 ζωὴν
3610 3236 3748 3288 ἰδίαν
3790 3235 3955 3303 ἔχων,

2376 3346 2440 3415 ἢν
2487 3346 2514 3396 ό
2562 3343 2748 3413 Πατὴρ
2779 3339 2927 3409 αὐτῷ
2972 3338 3188 3391 δέδωκε.
3227 3335 3334 3389 Καὶ
3366 3331 3566 3403 προῖὼν
3614 3331 3669 3383 δὲ
3723 3328 3852 3396 ἑξῆς
3897 3326 3958 3378 τὸ

2378 3436 2637 3506 ὑπερέχον
2690 3434 2789 3502 τῆς
2852 3431 2943 3484 τοῦ
2982 3429 3194 3502 Πατρδς
3242 3426 3398 3497 δόξης
3447 3421 3718 3494 παριστὰς
3767 3419 3954 3488 ἔλεγε·

2375 3526 2577 3591 Καθὼς
2617 3522 2852 3587 ἐδίδαξέ
2881 3520 3215 3590 μεηατὴρ,
3263 3516 3451 3571 ταῦτα
3474 3510 3664 3569 λαλῶ,
3704 3511 3851 3569 ,Καὶ’
3899 3510 3959 3563 ὀ

2379 3619 2617 3687 πέμψας
2647 3632 2723 3684 με
2741 3614 2867 3683 μετ’
2897 3612 3040 3681 ἐμοῦ
3067 3613 3256 3665 ἐστιν.
3280 3611 3399 3663 Οὐκ
3425 3605 3620 3676 ἀφῆκὲ
3641 3624 3717 3674 με
3746 3606 3960 3674 μόνον,

2380 3711 2468 3765 ὅτι
2494 3710 2608 3777 ἐγὼ
2630 3709 2701 3762 τὰ
2737 3705 2960 3775 ἀρεστὰ
3000 3702 3158 3769 αὐτῷ
3202 3702 3349 3756 ποιῶ
3384 3701 3662 3755 πάντοτε.
3695 3700 3868 3769 Τηρει
3906 3698 3960 3748 δὲ

2382 3802 2642 3874 ἀκριϐῶς,
2660 3803 2805 3861 ὅπως
2822 3800 3035 3869 εἴρηται
3065 3799 3338 3850 πάντοτε.
3357 3796 3430 3848 Οὐ
3459 3794 3588 3862 γὰρ,
3616 3791 3959 3861 Νῦν,φησὶν,

2383 3895 2469 3947 ὅτε
2503 3894 2593 3944 ἐπὶ
2629 3892 2729 3960 γῆς
2758 3888 3063 3960 ἀνθρώποις
3095 3887 3183 3940 διὰ
3228 3886 3425 3955 σαρκὸς
3456 3883 3649 3953 ὁμιλῶ,
3726 3884 3794 3934 τὰ
3841 3884 3964 3952 ἀρε-

2388 3982 2576 4055 στὰτῷ
2608 3983 2877 4053 (Ἰ)Πατρ“ι
2926 3981 3349 4052 διαπράττομαι,
3393 3977 3526 4029 ἀλλά
3565 3978 3662 4027 καὶ
3708 3976 3960 4027 πάντοτε.

2388 4075 2495 4127 Καὶ
2526 4072 2694 4125 ταῦτα
2733 4072 2789 4123 δὲ
2840 4071 3020 4124 λαλεῖν
3065 4070 3421 4142 μαρτύρεται,
3476 4067 3641 4136 ἅπερ,
3687 4065 3764 4127 ὡς
3818 4064 3963 4132 παρά

2387 4164 2737 4227 διδασκάλου,
2771 4163 2922 4233 παρὰ
2959 4162 3055 4214 τοῦ
3107 4161 3317 4232 Πατρός
3378 4157 3729 4229 μεμάθηκεν
3772 4151 3963 4208 οὐκοῦν

2390 4258 2483 4308 καὶ
2517 4255 2830 4308 διδάσκαλον
2861 4253 3223 4325 ἐπιγράφεται
3251 4252 3341 4305 τὸν
3371 4252 3613 4321 Πατέρα,
3654 4250 3847 4318 ἕτερος
3871 4248 3961 4309 ὢν,

2391 4350 2607 4420 δηλαδὴ,
2659 4348 2786 4418 παρ’
2836 4347 3021 4410 αὐτὸν,
3077 4346 3129 4398 εἴ
3148 4363 3211 4413 γε
3238 4347 3342 4407 πᾶς
3382 4345 3486 4413 ὅτῳ
3526 4339 3966 4413 μαθητευόμενος

2393 4444 2575 4513 ἕτερος
2600 4441 2852 4512 τυγχάνει
2881 4440 2974 4492 τοῦ
2999 4439 3354 4499 διδάσκοντος.
3388 4437 3449 4489 Εἰ
3491 4434 3534 4486 δ’
3562 4435 3621 4486 ὲν
3647 4433 3729 4502 τῷ
3753 4431 3876 4501 Θεῷ
3902 4426 3967 4500 ἦν

734 4559 855 4611 que.
893 4542 1016 4596 Hac
1042 4552 1221 4594 autem
1258 4540 1331 4593 ita
1362 4553 1419 4593 se
1447 4536 1680 4591 locutum
1709 4544 1957 4599 testatur,
1986 4544 2042 4588 ut
2081 4534 2171 4604 qui
2206 4534 2271 4587 ill:

2394 4537 2421 4588 ό
2449 4535 2635 4603 Λόγος,
2684 4532 2749 4585 δι’
2780 4534 2837 4585 δν
2879 4533 2972 4585 καὶ
3009 4530 3227 4598 λογικὸς
3265 4528 3330 4582 ἂν
3358 4528 3546 4599 ῥηθείη
3581 4525 3692 4579 τῶν
3717 4525 3815 4578 τοῦ
3859 4524 3967 4577 Ila-

736 4640 1015 4701 acceperat
1043 4644 1071 4682 a
1099 4628 1258 4681 Patre
1278 4641 1395 4679 suo.
1427 4624 1688 4692 Quocirca
1714 4626 1984 4678 doctorem
2014 4638 2167 4677 suum
2208 4624 2289 4676 in-

739 4721 925 4779 scribit
956 4720 1192 4781 Patrem,
1224 4716 1359 4770 altus
1389 4717 1455 4770 ab
1484 4731 1548 4770 eo
1592 4716 1773 4783 procul
1797 4714 1960 4769 dubio
1989 4716 2292 4769 exsistens:

739 4816 1001 4883 siquidem
1034 4810 1209 4865 omnis
1231 4810 1321 4869 qui
1352 4810 1418 4862 ab
1446 4807 1551 4861 alio
1570 4808 2114 4869 edocetur,diversus
2146 4808 2298 4875 plane

742 4910 808 4960 ab
837 4907 926 4961 illo
948 4905 1179 4967 exsistit,
1207 4902 1296 4971 qui
1337 4902 1513 4955 docet.
1551 4901 1702 4967 Quod
1745 4900 1788 4955 si
1830 4900 1883 4953 in
1916 4899 2025 4954 Deo
2069 4899 2296 4953 Verbum

743 5007 856 5051 erat
888 5000 1127 5067 (propter
1176 4994 1317 5064 quod
1354 4992 1560 5060 logicus
1598 4991 1806 5046 dicatur
1847 4991 1976 5060 ille),
2016 4991 2300 5061 cogitatio-

746 5104 872 5142 nunt
908 5088 989 5141 sui
1027 5085 1200 5139 Patris
1230 5094 1282 5138 et
1316 5097 1569 5139 sensuum
1617 5084 1986 5135 tantummodo
2028 5079 2299 5149 signiﬁca-

748 5178 914 5231 tivutu
946 5194 961 5230 :
991 5176 1081 5245 qui
1136 5183 1311 5245 potest
1362 5172 1499 5237 ﬁeri,
1546 5180 1603 5224 ut
1649 5170 1718 5224 sit
1768 5169 1880 5239 ipse
1921 5170 2177 5238 magister
2218 5171 2299 5223 sui

752 5268 915 5335 ipsius
961 5262 1315 5321 ittformator?
1351 5261 1646 5328 Quomodo,
1678 5274 1797 5313 cum
1844 5275 1871 5313 a
1913 5260 2020 5315 Deo
2044 5262 2116 5315 sit
2156 5260 2300 5314 iuse—

832 5411 890 5465 ὦ
919 5403 1014 5457 Ed.
1047 5403 1221 5457 Paris.
1250 5417 1371 5471 pag.
1407 5399 1495 5454 90.

825 5476 844 5504 ³
864 5474 1015 5527 Joan.
1049 5488 1119 5537 Vl,
1177 5473 1266 5535 58,
1290 5472 1377 5525 59.

760 5612 904 5734 τωδὶ)
933 5610 1100 5682 Vulgo
1129 5613 1184 5664 ὲν
1202 5610 1377 5682 ἑαυτῷ
1398 5612 1573 5681 ἔχειν;
1614 5626 1773 5680 supra
1800 5611 1954 5679 vulgo
1999 5612 2139 5663 κατὰ
2187 5608 2309 5662 τοῦ-

831 5752 906 5822 (5)
933 5750 1099 5822 Vulgo
1125 5752 1201 5805 δέ.

834 5820 907 5892 (Gl
939 5820 1056 5876 Mss.
1081 5822 1207 5889 ιζην
1234 5838 1247 5887 ;
1272 5837 1391 5877 mox
1416 5824 1570 5892 vulgo
1594 5820 1697 5875 οὐδ’
1716 5823 1790 5884 ὡς
1807 5832 1855 5877 et
1879 5822 2002 5890 ἑξῆς
2020 5821 2306 5893 ὑπεροχήν,

2396 4627 2521 4699 τρδς
2564 4626 2849 4697 νοημάτων
2902 4624 3236 4695 σημαντικός
3282 4638 3365 4685 τις
3404 4621 3508 4673 ὤν’
3549 4618 3667 4678 πῶς
3705 4619 3773 4670 ἂν
3812 4614 3969 4676 αὐτὸς

2401 4718 2587 4771 ἑαυτοῦ
2617 4718 2825 4786 γένοιτο
2846 4715 3163 4777 διδάσκαλος
3188 4730 3201 4779 ;
3232 4714 3356 4783 Πῶς
3380 4712 3422 4765 δ’
3448 4710 3754 4782 ἀχώριστος
3777 4707 3854 4760 ὢν
3879 4704 3969 4758 τοῦ

2401 4810 2551 4875 Θεοῦ,
2578 4810 2766 4862 ἑαυτὸν
2792 4808 2973 4875 ἔλεγεν
2999 4804 3364 4869 ἀπεστάλθαι;
3390 4803 3513 4865 Πῶς
3539 4802 3615 4863 δὲ,
3638 4800 3697 4854 ἓν
3721 4801 3821 4853 καὶ
3846 4799 3970 4853 ταὺ-

2402 4902 2491 4955 τδν
2539 4901 2796 4971 ὑπάρχων
2837 4900 2915 4969 τῷ
2966 4899 3107 4971 Θεῷ,
3152 4898 3218 4951 τὰ
3266 4896 3470 4967 ἀρεστὰ
3521 4895 3788 4965 πράττειν
3830 4891 3975 4961 αὑτῷ

2403 4991 2823 5062 διεμαρτύρετο;
2871 4990 2933 5042 Εἰ
2966 4990 3023 5042 δὲ
3052 4990 3186 5061 πρὸς
3226 4988 3399 5041 ταῦτα
3441 4985 3589 5053 λέγοι
3630 4983 3975 5054 Μάρκελλος,

2404 5079 2459 5131 ὲν
2500 5081 2565 5149 τῇ
2600 5079 2764 5148 σαρκὶ
2795 5078 2921 5131 ὄντα
2964 5080 3056 5131 τὸν
3100 5078 3291 5145 Λόγον,
3330 5075 3531 5138 ταύτας
3576 5076 3862 5145 εἰρηκέναι
3884 5075 3978 5135 τὰς

2407 5172 2605 5238 φωνὰς,
2641 5172 2737 5224 καὶ
2770 5171 2821 5223 τί
2843 5172 2999 5225 τοῦτο
3022 5173 3265 5242 φήσομεν
3297 5170 3432 5241 πρὸς
3457 5168 3552 5221 τὸν
3597 5168 3674 5239 μὴ
3695 5166 3979 5239 ὁμολογεῖν

2406 5263 2495 5317 τὸν
2548 5263 2674 5315 Υἱὸν
2716 5263 2791 5333 (8)
2850 5264 3012 5317 αὑτὸν
3071 5258 3228 5327 εἶναι,
3256 5262 3393 5315 ἀλλὰ
3426 5262 3598 5329 Λόγον
3634 5261 3833 5331 μόνως
3866 5259 3980 5319 Πῶς

1454 5475 1475 5499 δ
1502 5470 1639 5524 Psal.
1670 5485 1871 5533 Lxxvu,
1893 5470 1995 5534 25';
2030 5471 2069 5523 ll
2107 5471 2260 5525 Esdr.

2402 5472 2483 5523 15.
2560 5472 2580 5502 ⁸
2614 5468 2770 5524 loau.
2807 5485 2923 5533 VIII,
2953 5470 3044 5525 28.
3119 5468 3294 5523 ‘ibid.
3316 5466 3411 5522 ‘29.

2414 5620 2466 5664 et
2499 5610 2633 5663 intra
2664 5609 2747 5661 ὃτι
2771 5609 2880 5662 ἐπί.

2485 5680 2563 5747 (7i
2594 5678 2759 5750 Vulgo
2778 5679 2925 5749 αὐτῷ
2952 5680 3048 5750 τῷ.
3236 5748 3243 5750 ξ
3525 5720 3529 5727 .

2488 5750 2561 5821 (8)
2594 5748 2759 5820 Vulgo
2791 5747 2985 5822 τὸνμὴ
3003 5747 3163 5821 όμολ.
3200 5748 3293 5801 τὸν
3318 5747 3469 5803 Υἱόν.
