4106 6458
140 390 242 443 8ῗῖ

1095 390 1183 445 DE
1217 388 1764 447 ECCLESIASTICA
1802 389 2199 446 TIIEOLOGIA
2239 390 2368 446 LIB.
2407 391 2446 446 I.

3309 393 3413 449 ὃῗῆ

137 505 181 558 δ’
211 506 269 556 ἐν
308 509 374 576 τῇ
414 509 581 580 σαρκὶ
619 507 710 580 ἦν,
743 511 832 564 ὅτε
865 509 1040 564 ταῦτα
1079 509 1294 578 ἐλεγεν;
1329 509 1471 582 Ἀρά
1503 525 1568 577 γε
1600 507 1728 571 ζῶν.

1837 507 2117 575 parabilis,
2162 508 2385 562 missum
2435 505 2638 562 fatetur
2695 509 3049 579 semetipsum
3085 510 3418 577 anoniodo

136 596 230 648 καὶ
267 596 538 664 ὑφεστὼς,
574 601 671 652 καὶ
704 600 798 653 τοῦ
830 601 1044 674 Πατρὸς
1090 599 1350 671 ὑπάρχων
1385 601 1573 665 ὲκτός;
1620 601 1730 653 Καὶ

136 684 220 749 τίς
246 681 315 756 ἦν
346 688 375 739 6
408 688 602 760 Πατὴρ
649 690 784 755 τότε,
821 692 895 762 μὴ
938 692 1030 745 τὸν
1062 693 1258 744 οἰκεῖον
1297 691 1631 762 κεκτημένος
1670 693 1730 744 ἐν

133 776 314 850 ἑαυτῷ
344 782 544 850 Λόγον,
575 783 692 836 ἀλλ’
727 784 972 853 ὑφεστὼς
1001 784 1128 839 ἄνευ
1173 785 1376 852 Λόγου;
1423 783 1649 836 ὲνοικῶν
1673 784 1729 836 δὲ

133 875 192 927 ἐν
222 877 286 946 τῇ
338 877 506 948 σαρκὶ
547 880 577 932 6
619 879 809 949 Λόγος,
841 880 918 933 ὅτ’
948 881 1042 932 ἐπὶ
1084 880 1188 950 γῆς
1228 882 1466 934 ἐποιεῖτο
1487 879 1586 944 τὰς
1617 881 1729 933 δια-

132 968 346 1040 τριϐὰς,
369 970 419 1022 εἱ
445 969 547 1040 μὶν
571 970 668 1024 τοῦ
689 971 900 1043 Πατρὸς
921 971 1078 1036 ἐκτὸς
1095 966 1184 1042 ἦν,
1203 971 1312 1037 ζῶν
1338 972 1432 1026 καὶ⁵
1457 972 1726 1042 ὑφεστὼς,

133 1060 225 1112 καὶ
263 1061 365 1130 τὴν
414 1061 601 1132 σάρκα
645 1061 808 1116 κινῶν
853 1061 1033 1132 ψυχῆς
1083 1062 1258 1134 δίκην,
1291 1062 1478 1132 ἔτερος
1523 1063 1726 1134 δηλαδὴ

133 1152 282 1224 παρᾶ
310 1153 403 1207 τὸν
434 1154 678 1228 Πατέρα,
721 1157 814 1210 καὶ
851 1153 943 1208 δύο
974 1154 1136 1208 πάλιν
1179 1155 1526 1219 ὑποστάσεις,
1565 1155 1729 1218 αὑτός

130 1260 189 1297 τε
218 1244 310 1298 καὶ
338 1246 368 1298 6
391 1246 620 1318 Πατὴρ,
652 1247 919 1318 ὑπῆρχον.
949 1246 1187 1311 Μάταιός
1209 1265 1268 1299 τε
1296 1248 1402 1310 πᾶς
1424 1249 1450 1300 6
1470 1246 1726 1317 Μαρκέλ-

132 1334 223 1388 λου
277 1337 602 1408 πεφώραται
662 1337 853 1401 πόνος,
903 1336 1134 1408 ουσιώδη
1177 1339 1351 1408 Λόγον
1400 1338 1579 1402 ζῶντα
1633 1338 1728 1391 καὶ

134 1427 448 1495 ὑφεστῶτα,
491 1429 583 1482 τὸν
618 1430 675 1481 ὲν
693 1431 771 1499 τῇε
787 1432 946 1505 σαρκὶ
982 1432 1270 1499 γενόμενον
1293 1430 1628 1501 ὁριζομένου.
1666 1432 1728 1483 Εἰ

129 1519 174 1572 δ’
195 1521 352 1585 ἐκτὸς
396 1522 613 1593 ὑπῆρχε
657 1523 751 1576 τοῦ
785 1523 920 1577 Θεοῦ
967 1524 1044 1596 (9)
1067 1527 1095 1578 6
1134 1527 1192 1577 ὲν
1229 1523 1308 1594 τῷ
1338 1523 1553 1593 σώματι
1587 1542 1725 1578 κατ-

127 1613 293 1666 οικῶν
352 1613 558 1682 Λόγος,
599 1614 799 1684 ἦνωται
836 1615 894 1668 δὲ
938 1617 1032 1670 καὶ
1071 1616 1309 1687 συνῆπτο
1355 1615 1434 1686 τῷ
1465 1616 1604 1687 Θεῷ,
1651 1615 1729 1679 ὡς

128 1702 187 1755 ἒν
211 1706 306 1757 καὶ
330 1705 528 1759 ταὺτὺν
559 1701 698 1758 εἶναί
727 1723 783 1758 τε
814 1706 962 1777 αὑτῴ
984 1707 1043 1772 ἐξ
1069 1708 1314 1779 ἀνάγκης
1345 1706 1528 1771 δώσει,
1556 1707 1590 1778 ἢ
1624 1708 1725 1760 αὑ-

127 1794 219 1848 τὸν
255 1792 398 1850 εἶναι
431 1797 526 1849 τὸν
567 1797 786 1868 Πατέρα
823 1800 882 1851 ἐν
911 1802 976 1870 τῇ
1017 1800 1262 1871 σαρκὶ,ῆ
1308 1799 1421 1870 (10)
1461 1799 1552 1851 τὸν
1595 1799 1722 1852 Υἱὸν

132 1888 418 1956 ὑφεστῶτα
452 1890 572 1943 καθ’
607 1891 799 1944 ἑαυτὸν
828 1893 920 1944 καὶ
949 1892 1275 1964 ἐνεργοῦντα
1298 1896 1356 1946 ὲν
1383 1891 1462 1962 τῷ
1484 1891 1718 1962 σώματι,

129 1979 364 2052 ἢψυχὴν
408 1981 723 2053 ἀνθρώπου,
771 1983 881 2054 ἢεί
928 1985 1096 2054 μηδὲν
1139 1983 1364 2048 τούτων,
1415 1985 1721 2056 αὐτόματον

129 2072 393 2126 κινεῖσθαι
433 2073 533 2145 τὴν
579 2074 778 2146 σάρκα,
823 2077 1028 2146 ἄψυχον
1072 2071 1238 2130 οὖσαν
1284 2078 1379 2130 καὶ
1410 2077 1623 2146 ἄλογον.
1659 2079 1721 2130 ΕΞ

135 2164 230 2233 μὲν
259 2161 352 2218 οὖν
397 2166 492 2219 τὸν
525 2167 743 2239 Πατέρα
790 2168 960 2236 λέγοι,
1011 2168 1163 2222 ἔσται
1213 2170 1241 2222 6
1290 2170 1481 2241 Πατὴρ
1509 2171 1657 2242 αὑτῷ
1694 2174 1722 2224 6

131 2257 410 2327 γεννηθεὶς
457 2261 553 2312 καὶ
593 2259 779 2313 παθὼν
818 2261 911 2314 καὶ
944 2263 1052 2316 πᾶν
1093 2261 1254 2334 ἔργον
1293 2262 1722 2335 ἀνθρωποπαθὲς

129 2349 449 2420 ὑπομείνας,
464 2351 492 2402 ὃ
514 2349 578 2422 δὴ
601 2350 972 2423 φθεγξάμενον
987 2353 1272 2409 manu»;
1291 2356 1544 2419 ἀσεϐείας
1561 2357 1724 2427 ἐγρά-

129 2440 266 2508 ψατο
300 2442 520 2514 γραφὴν
545 2443 637 2496 τοῦ
673 2444 807 2497 Θεοῦ
849 2447 880 2515 ή
917 2446 1234 2517 Ἐκκλησία.
1278 2449 1338 2500 Εἰ
1377 2449 1434 2501 δὲ
1481 2449 1571 2503 τὸν
1608 2450 1721 2500 Πα-

1831 614 1951 650 cum
1985 599 2056 651 sil.
2094 614 2257 650 unum
2285 609 2446 668 alque
2473 599 2612 652 idem
2646 615 2767 654 cum
2799 601 2924 664 Deo,
2951 615 3010 655 se
3045 602 3151 655 Deo
3180 603 3419 671 complu-

1829 690 2005 741 centia
2051 691 2312 758 perlicere
2363 700 2602 746 testatur
2631 691 2654 745 ?
2682 693 2838 758 Quod
2872 695 2916 748 si
2975 696 3302 762 respondeat
3351 698 3418 748 ad

1831 779 1945 833 hare
1973 779 2284 846 Marcellus,
2330 781 2566 838 Verbum
2616 799 2840 841 carnem
2890 785 3089 842 factum
3128 788 3242 844 haec
3288 804 3421 860 pro-

1830 873 2146 928 nuntiasse:
2177 883 2231 928 et
2259 875 2387 944 quid
2422 877 2564 932 istud
2597 877 2820 946 inquam
2866 879 2931 931 ad
2962 879 3116 946 illud,
3150 895 3255 934 non
3287 896 3420 935 con-

1833 963 1972 1015 literi
1999 978 2124 1018 eum
2160 963 2355 1020 Filium
2386 981 2524 1032 esse,
2549 969 2644 1023 sed
2673 968 2850 1024 solum
2880 968 3141 1025 Verbum.
3175 970 3420 1039 Qualiter

1829 1070 1958 1110 vero
1987 1055 2041 1110 in
2083 1072 2248 1112 carne
2287 1058 2388 1114 fuit
2417 1074 2538 1114 cum
2568 1062 2682 1116 haec
2709 1061 3123 1132 proloqueretur
3148 1064 3172 1117 τ
3207 1064 3420 1121 Numne

1830 1147 2040 1212 vivens,
2083 1149 2423 1214 subsistens,
2456 1161 2612 1207 extra
2672 1151 2886 1207 Patrem
2940 1155 3320 1210 constitutus?
3353 1156 3422 1211 Et

1827 1240 2191 1310 quis,qua2so,
2217 1252 2334 1296 erat
2362 1252 2471 1296 tum
2498 1244 2588 1298 ille
2617 1243 2802 1309 Pater,
2829 1245 2918 1313 qui
2944 1261 3101 1300 suum
3127 1246 3178 1300 in
3204 1261 3264 1302 se
3289 1247 3421 1301 Ver-

1829 1333 1954 1382 bum
1987 1339 2114 1384 tunc
2144 1347 2249 1386 non
2276 1333 2632 1402 possidebat?
2659 1335 2754 1390 sed
2780 1335 2898 1390 sine
2943 1349 3045 1389 suo
3081 1334 3259 1390 Verbo
3287 1337 3418 1391 sub-

1829 1421 2058 1477 sistebat
2093 1421 2116 1475 ?
2150 1437 2372 1478 carnem
2420 1438 2550 1480 vero
2598 1425 2837 1481 Verbum
2894 1434 3022 1480 tunc
3071 1426 3417 1493 inhabitans,

1829 1531 1952 1568 cum
1996 1516 2047 1570 in
2095 1516 2256 1572 terris
2295 1517 2383 1572 bic
2432 1528 2891 1586 conversaretur,
2942 1520 3210 1590 siquidem
3263 1531 3416 1576 extra

1829 1622 1985 1660 suum
2040 1606 2254 1663 Patrem
2305 1610 2519 1676 fuerat,
2556 1611 2784 1678 vivens,
2819 1615 3144 1678 subsistens,
3198 1629 3418 1669 carnem

1833 1713 2054 1753 movens
2078 1702 2146 1755 ad
2176 1701 2351 1755 instar
2383 1703 2601 1766 animae,
2632 1703 2855 1757 omnino
2881 1713 3000 1759 erat
3039 1705 3180 1759 alius
3203 1720 3231 1757 a
3262 1704 3422 1760 Patre

1830 1806 1950 1855 suo,
1975 1792 2172 1847 et-dua:
2193 1802 2304 1846 tum
2327 1793 2672 1864 hypostases,
2714 1797 2826 1866 ipse
2851 1805 3014 1866 atque
3039 1797 3217 1860 Pater,
3243 1797 3425 1853 subsi-

1753 1872 1795 1926 Β
1824 1883 2060 1938 stebant.
2088 1884 2449 1942 Frustraueus
2472 1887 2549 1942 eri
2560 1897 2756 1958 tporro
2781 1887 3019 1944 Marcelli
3047 1890 3198 1943 labor
3221 1890 3422 1955 omnis,

1824 1974 1915 2042 qui
1945 1975 2115 2043 illum,
2153 1980 2294 2046 quod
2338 1978 2388 2032 in
2427 1994 2595 2033 carne
2630 1978 2732 2034 fuit
2765 1979 3126 2036 substantiale
3159 1978 3422 2045 Verbum,

1825 2069 2027 2132 vivum,
2054 2079 2109 2124 et
2140 2071 2443 2126 subsistens
2469 2073 2873 2128 determinavit.
2903 2073 3061 2142 Quod
3101 2076 3143 2127 si
3184 2073 3418 2128 Verbum

1824 2161 1954 2215 illud
1982 2162 2125 2231 quod
2152 2162 2496 2219 inhabitabat
2529 2180 2773 2229 carnem,
2818 2178 2974 2223 extra
3018 2170 3182 2222 Deum
3224 2168 3424 2230 fuerat,

1825 2255 2034 2308 unitum
2091 2269 2222 2308 vero
2274 2255 2375 2309 fuit
2423 2268 2478 2312 ct
2518 2259 2829 2329 copulatum
2889 2259 3109 2325 eidem,
3159 2269 3422 2328 tanquam

1829 2351 1887 2408 >14
1919 2361 2084 2398 unum
2125 2357 2286 2416 atqne
2315 2349 2454 2402 idem
2482 2364 2604 2403 cum
2652 2364 2717 2404 eo
2761 2369 2773 2404 :
2803 2351 3025 2405 omnino
3055 2367 3424 2406 concessurus

1824 2449 1905 2492 est
1929 2436 2003 2490 illi
2033 2439 2427 2506 exsistentiam,
2457 2451 2508 2495 ct
2542 2441 2714 2511 ipsum
2739 2457 2953 2511 quoque
2978 2457 3121 2508 esse,
3158 2459 3281 2497 cum
3315 2459 3432 2498 car.

128 2529 261 2600 τέρα
303 2531 482 2600 λέγειν
527 2533 587 2584 οὑ
637 2532 854 2604 Θεμιτὸν
900 2536 1414 2609 ὲνανθρωπήσαντα,
1458 2540 1548 2593 τὸν
1603 2539 1722 2592 Υἱὸν

1832 2543 1895 2582 ne
1920 2529 2269 2584 exsistentem
2297 2530 2539 2600 Patrem,
2572 2541 2628 2588 et
2655 2533 2852 2588 Filium
2878 2550 2908 2588 ε
2936 2549 2994 2590 se
3016 2545 3070 2589 et
3103 2549 3198 2605 per
3222 2549 3281 2590 se
3307 2537 3433 2590 sub-

129 2623 413 2691 ὁμολογεῖν
457 2625 692 2696 ἀνάγκη,
737 2626 887 2697 αὑτῷ
936 2627 1410 2700 μαθητευομένους
1449 2631 1607 2684 τοῦτο
1649 2632 1725 2684 δι-

129 2718 399 2773 δάσκοντι.
441 2720 505 2772 Εἰ
544 2720 600 2773 δὲ
648 2719 835 2773 τοῦτον
878 2723 1094 2792 άρνοῖτο
1133 2724 1451 2794 Μάρκελλος
1489 2725 1725 2794 ὑφεστά-

127 2829 237 2874 ναι,
263 2811 382 2881 ὥρα
413 2811 568 2880 ψιλὸν
594 2813 878 2885 ἄνθρωπον
923 2814 1084 2867 αὑτὸν
1125 2817 1478 2871 ὑποτίθεσθαι
1503 2819 1567 2869 ἐκ
1616 2817 1721 2870 σὼ-

136 2920 304 2972 ματος
335 2904 443 2956 καὶ·
468 2904 651 2974 ψυχῆς
700 2906 1029 2971 συνεστῶτα,
1074 2908 1150 2970 ὡς
1194 2908 1357 2980 μηδὲν
1401 2910 1500 2979 τῆς
1538 2911 1724 2978 κοινῆς

132 2995 438 3066 ἀνθρώπων
466 2997 805 3051 διαλλάττειν
835 2998 1070 3067 φύσεως.
1119 3002 1279 3056 Ἀλλά
1308 3003 1401 3056 καὶ
1428 3004 1588 3056 τοῦτο
1629 3006 1728 3073 τῆς

1827 2622 2132 2689 sistentem,
2162 2632 2216 2677 et
2251 2625 2303 2677 in
2329 2639 2558 2694 corpore
2580 2637 2892 2697 operantem
2933 2646 2949 2682 :
2978 2639 3073 2682 aut
3105 2628 3294 2684 saltem
3328 2630 3427 2683 hu-

1830 2728 2043 2766 manam
2088 2715 2322 2770 animam
2363 2733 2376 2769 :
2411 2717 2454 2771 si
2495 2718 2627 2772 nihil
2681 2719 2916 2786 horum;
2974 2732 3085 2774 tum
3129 2732 3281 2778 certe
3329 2738 3426 2776 sua

1830 2817 2024 2877 sponte
2070 2822 2166 2877 per
2194 2823 2252 2864 se
2283 2812 2488 2865 moveri
2531 2827 2776 2876 carnem,
2822 2813 3057 2867 fateatur
3085 2829 3307 2868 necesse
3344 2827 3431 2867 est

1835 2902 2129 2954 inanimam
2185 2913 2241 2956 et
2295 2903 2661 2958 irrationalem
2709 2924 2722 2958 :
2773 2907 2856 2960 sin
2907 2921 3037 2961 vero
3093 2910 3432 2961 concesserit

1835 3007 1954 3046 esse
1986 2991 2201 3046 Patrem
2236 3011 2249 3046 :
2279 2994 2382 3047 erit
2413 2994 2484 3048 illi
2511 2994 2692 3059 Pater,
2729 2999 2964 3067 genitus,
2995 3012 3208 3066 passus,
3235 3008 3288 3051 et
3313 3014 3430 3051 om-

145 3088 472 3159 Ἐκκλησίας
485 3090 820 3160 ἀπελήλαται
836 3091 895 3144 τὸ
905 3091 1100 3163 δόγμα·
1119 3094 1147 3146 ὃ
1162 3093 1218 3146 δὲ
1244 3095 1408 3148 πάλαι
1433 3097 1529 3165 μὲν
1551 3096 1728 3148 Ἐϐιω-

1837 3085 1924 3136 nia
1955 3083 2192 3137 humana
2223 3099 2385 3152 opera
2425 3086 2516 3155 qui
2554 3088 2774 3140 subivit.
2817 3087 2971 3154 Quod
3008 3103 3131 3144 cum
3164 3088 3431 3143 Sabellius

135 3184 290 3243 ναῖοι,
321 3183 519 3235 νεωστὶ
544 3183 600 3235 δὲ
633 3185 662 3236 6
685 3185 1034 3254 Σαμοσατεὺς
1075 3185 1167 3238 καὶ
1198 3186 1247 3239 οἱ
1283 3187 1512 3257 ἐπίκλην
1541 3187 1600 3251 ἐξ
1638 3188 1732 3239 αὑ-

1836 3175 1965 3229 olim
2013 3173 2324 3239 afﬁrmavit,
2363 3177 2642 3246 inscripsit
2680 3179 2727 3232 ei
2778 3180 2954 3233 dicam
3001 3181 3296 3249 impietatis
3331 3180 3433 3234 Ec-

133 3270 223 3323 τοῦ
258 3271 552 3324 Παυλιανοὶ
579 3245 946 3344 φρονήσαντες
984 3245 1116 3345 (ll),
1161 3245 1478 3344 δυσελςιήμων¹
1500 3245 1728 3343 ὑπέμει-

1837 3269 1997 3323 clesia
2053 3267 2172 3322 Dei.
2231 3268 2384 3335 Quod
2420 3271 2464 3324 si
2518 3271 2669 3324 nefas
2713 3272 2778 3324 sit
2820 3272 3025 3331 dicere.
3091 3274 3430 3327 incarnatum

129 3381 226 3418 ναν
248 3365 422 3435 δίκην.
444 3365 508 3417 Τί
532 3365 596 3436 δὴ
620 3361 710 3418 οὖν
736 3366 982 3420 λείπεται
1009 3367 1146 3437 μετὰ
1168 3365 1396 3436 ταῦταῆ
1422 3366 1518 3437 τὴν
1549 3366 1727 3436 σάρκα

133 3459 291 3528 μόνον
323 3460 563 3529 εἰσάγειν
589 3459 709 3530 δίχα
738 3461 939 3524 παντὸς
977 3462 1188 3516 ἑνοίκου
1227 3460 1337 3513 τῶν
1376 3461 1533 3530 δίκην
1577 3461 1729 3530 παρὰ

128 3553 242 3616 τοῖς
271 3551 698 3622 Θαυματοποιοίς
743 3554 1052 3624 αὐτόματον
1081 3553 1410 3623 κινουμένην
1433 3569 1446 3612 ;
1472 3554 1583 3607 Καὶ
1613 3554 1728 3616 πῶς

129 3644 161 3714 ἡ
189 3643 348 3715 σὰρξ,
373 3645 468 3698 καὶ
501 3645 630 3697 αὑτὸ
655 3645 777 3699 καθ’
805 3645 968 3700 ἑαυτὸ
999 3648 1060 3700 τὸ
1097 3646 1282 3713 σῶμα,
1311 3645 1433 3715 δίχα
1462 3645 1554 3698 τοῦ
1577 3648 1730 3715 ἐνερ-

128 3735 353 3806 γοῦντος
403 3735 555 3791 εἶπεν
592 3738 700 3809 (l2)
735 3738 820 3802 ἂν,
869 3740 1075 3806 Καθὼς
1120 3737 1362 3803 ἐδίδαξέ
1402 3756 1498 3808 με,
1542 3739 1728 3792 ταῦτα

126 3828 336 3895 .ιαλῶ;
367 3831 485 3894 πῶς
507 3831 614 3902 εὲή
649 3830 804 3902 σὰρξ,
841 3826 993 3884 εἶπεν
1019 3831 1084 3883 ἂν
1103 3832 1210 3892 ὅτι,
1246 3830 1394 3898 Ἐγὼ
1416 3832 1485 3884 τὰ
1506 3831 1731 3898 ἀρεστὰ

125 3920 289 3985 αὐτῷ
337 3921 484 3975 ποιῶ
526 3915 824 3984 advecta;
863 3922 988 3984 Πῶς
1021 3921 1081 3974 δὲ
1123 3924 1158 3991 ἡ
1209 3919 1348 3991 σὰρξ
1396 3919 1729 3972 ἀπεστάλθαι

128 4012 329 4082 ἑαυτὴν
367 4013 520 4084 παρὰ
554 4011 648 4064 τοῦ
692 4014 908 4083 Πατρὸς
946 4012 1172 4080 ἕλεγεν;
1215 4008 1363 4084 'Apa
1413 4011 1469 4064 δὲ
1509 4011 1729 4080 Πατέρα

126 4104 231 4173 τῆς
263 4105 466 4174 σαρκὸς
495 4103 590 4156 τὸν
631 4102 763 4155 Θεὸν
809 4104 989 4169 λέγειν
1034 4104 1203 4167 ὅσιον,
1238 4104 1270 4172 ἢ
1307 4103 1508 4173 μᾶλλον
1543 4102 1636 4154 τοῦ
1673 4103 1730 4153 ἐν

127 4198 272 4267 αὑτῆ
338 4194 725 4258 κατοικοῦντός
749 4211 808 4248 τε
845 4197 938 4247 καὶ
978 4195 1359 4266 ὲνεργοῦντος;
1404 4196 1499 4258 Τίς
1537 4191 1629 4248 οὖν
1663 4189 1730 4265 ἦν

126 4279 322 4351 οὗτοςς
353 4286 569 4356 Πότερα
617 4288 645 4339 6
680 4287 738 4338 ὲν
762 4285 840 4356 τῷ
870 4287 981 4354 (15)
1009 4286 1128 4357 Θεῷ
1172 4287 1362 4355 Λόγος,
1389 4288 1550 4350 αὑτὸς
1594 4286 1666 4340 ὢν
1703 4289 1731 4338 6

129 4380 266 4443 Θεὸς
306 4377 452 4432 κατὰ
483 4377 796 4438 Σαδέλλιον,
847 4377 901 4448 ἢ,
945 4379 1080 4450 ὅπερ
1124 4380 1270 4433 ὅσιον
1303 4380 1395 4433 καὶ
1425 4379 1620 4450 ἀληθὲς
1647 4379 1729 4431 λέ-

130 4488 274 4539 γειν,
299 4472 328 4524 6
355 4469 464 4534 ζῶν
489 4471 580 4523 καὶ
607 4468 854 4538 ὑφεστὼς
880 4471 1194 4542 Μονογενὴς
1222 4472 1348 4535 Υἱὸς
1371 4471 1462 4525 τοῦ
1486 4472 1642 4527 Θεοῦ.
1670 4474 1730 4524 ΕΞ

129 4559 191 4613 δὲ
224 4557 496 4630 μηδέτερα
535 4557 738 4612 τούτων
765 4559 936 4628 λέγοι,
964 4560 1022 4624 ἐξ
1060 4562 1309 4632 ἀνάγκης
1362 4563 1729 4634 ὑποστήσεται

137 4651 320 4724 ψυχὴν
361 4651 672 4722 ἀνθρώπου,
711 4654 803 4706 καὶ
837 4653 988 4705 ἔσται
1024 4654 1174 4725 αὑτῴ
1210 4655 1363 4723 ψιλὸς
1393 4655 1677 4727 ἄνθρωπος
1704 4659 1730 4707 6

134 4743 397 4815 Χριστός.
440 4747 551 4798 Καὶ
581 4745 764 4798 οὑκέτι
822 4745 1126 4809 Σασέλλιος,
1174 4748 1470 4810 Παυλιανὸς
1517 4749 1561 4801 δ’
1599 4753 1729 4820 ἡμῖν

131 4835 313 4898 ἔσται,
337 4837 365 4888 6
394 4835 514 4899 νέος
559 4837 930 4909 συγγραφεύς.
961 4839 1021 4892 Εἰ
1045 4839 1102 4892 δὲ
1140 4839 1232 4892 τὸν
1255 4845 1312 4894 ὲν
1344 4840 1421 4910 τῷ
1451 4841 1570 4913 Θεῷ
1594 4846 1726 4916 φαίη

132 4928 311 4997 Λόγον
343 4929 619 4997 ἐνοικῆσαι
647 4933 713 4999 τῇ
741 4932 924 5002 σαρκὶ,
952 4931 1104 4985 οὐδὲν
1126 4930 1312 5003 ἕτερον
1332 4934 1460 4988 ὄντα
1485 4935 1726 5006 ῆΛόγον,

133 5022 233 5076 καὶ
262 5022 437 5090 Λόγον
467 5023 802 5093 σημαντικὸν
836 5025 868 5094 ἥ
893 5025 1243 5097 ἐνεργητικόν
1263 5043 1274 5054 ’
1303 5027 1397 5080 καὶ
1436 5027 1552 5093 πῶς
1573 5022 1726 5093 οὗτος

133 5107 294 5168 εἶπεν
317 5115 384 5168 ἂν
403 5114 502 5185 ζῇν
529 5113 832 5179 ἰδιάζουσαν
856 5116 1000 5187 ζωὴν
1023 5115 1176 5187 παρὰ
1212 5117 1304 5171 τὸν
1327 5118 1548 5189 Πατέρα
1571 5136 1584 5182 ;
1615 5119 1724 5173 ῐῐοῦ

131 5205 194 5258 δὲ
221 5206 385 5266 αὑτὸς
407 5204 713 5257 ἀπέσταλτο
738 5205 1080 5273 συνημμένος
1108 5207 1503 5278 καὶὴνωμένος
1529 5209 1616 5260 ἀεὶ
1650 5209 1726 5280 τῷ

217 5412 275 5469 >11
317 5404 417 5459 Ed.
442 5405 616 5461 Paris.
645 5422 765 5476 pag.
799 5405 890 5458 9|.

214 5589 292 5659 (9)
338 5590 564 5673 "ngrid
591 5591 848 5673 ὑπάρχει
895 5594 993 5647 τοῦ
1048 5594 1219 5673 θεοῦ.
1269 5596 1484 5673 ξξθιίιιξι⁸
1519 5601 1735 5673 ὑπῆρχε
1779 5606 1788 5614 ‘

143 5659 248 5730 [sic
270 5659 480 5742 c‘oddz}.
513 5659 832 5742 utﬁvm'vdt,
865 5674 920 5718 et
949 5666 1240 5737 συνῆπται.
1268 5668 1338 5722 Μ.
1367 5669 1553 5726 -Μοκ
1579 5659 1728 5742 νῖἶοξο

1846 5659 2025 5742 δίκηνί
2038 5670 2137 5742 τὴν
2156 5659 2213 5720 τέ.

145 5731 312 5786 σαρκὶ
345 5731 450 5784 και
465 5750 513 5786 τ.
547 5732 694 5786 ϊιόν.

146 5799 594 5940 “gigas?
635 5806 805 5873 deest,
841 5816 895 5862 et
921 5823 1042 5864 mox
1068 5807 1226 5877 vulgo
1252 5809 1338 5862 ὅδε
1361 5809 1550 5881 φθεγξ.
1577 5827 1629 5868 et
1661 5813 1732 5868 in-

1832 3359 2001 3413 fuisse
2035 3358 2251 3414 Patrem
2279 3377 2293 3426 ;
2329 3374 2554 3416 necesse
2590 3372 2674 3416 cst
2708 3362 2774 3416 de
2811 3362 2948 3416 Filio
2981 3363 3082 3416 hoc
3114 3361 3434 3430 pronuntie-

1834 3467 1979 3515 mus,
2014 3461 2084 3506 ah
2115 3453 2286 3521 ipsius
2315 3453 2502 3507 schola
2529 3463 2586 3508 et
2619 3454 2929 3522 disciplina,
2961 3454 3051 3523 qui
3096 3456 3200 3510 hoc
3225 3455 3431 3517 docuit,

1831 3543 2079 3614 profecti.
2136 3545 2290 3610 Quod
2346 3546 2392 3599 si
2454 3545 2602 3600 illum
2635 3547 2992 3618 abnegaverit
3043 3547 3432 3602 subsistentem

1831 3634 2142 3702 Marcellus,
2181 3651 2389 3693 merum
2420 3640 2569 3694 illum
2603 3641 2874 3694 hominem
2901 3641 3166 3695 concedat
3196 3649 3410 3706 Oportet

1831 3727 1900 3782 de
1937 3741 2166 3798 corpore
2198 3738 2363 3798 atque
2393 3731 2574 3784 anima
2603 3731 2956 3785 constitutum
2985 3751 2998 3784 :
3032 3732 3102 3785 ita
3143 3741 3201 3785 ut
3229 3749 3255 3783 a
3291 3720 3435 3792 com:

1835 3822 1980 3874 muni
2025 3831 2218 3877 natura
2251 3823 2530 3877 hominum
2571 3824 2882 3879 nullatenus
2938 3826 3176 3880 recedat.
3233 3826 3340 3880 Sed
3369 3839 3426 3881 et

1835 3915 2026 3981 dogma
2059 3927 2163 3967 noc
2208 3913 2453 3969 Ecclesia
2482 3916 2670 3981 rejecit
2703 3917 2867 3970 etiam
2911 3931 2926 3970 :
2960 3918 3102 3985 quod
3147 3933 3269 3972 cum
3301 3919 3431 3974 olim

1836 4003 2074 4058 Ebionrei
2113 4015 2431 4060 tuerentur:
2482 4016 2537 4061 et
2564 4023 2668 4061 non
2707 4009 2777 4062 ita
2815 4009 3025 4075 pridem
3058 4022 3431 4081 propugnaret

1836 4095 2248 4163 Samosatenus,
2278 4109 2335 4152 et
2365 4099 2458 4169 qui
2495 4100 2563 4155 ab
2614 4101 2703 4155 illo
2735 4101 3183 4166 denominantur,
3221 4103 3435 4157 Paulin-

1837 4192 1911 4256 ni,
1944 4189 2297 4261 blasphemia:
2319 4192 2670 4256 sententiam,
2696 4194 2762 4246 ab
2795 4192 3035 4250 Ecclesia
3066 4195 3230 4249 latam
3264 4195 3317 4248 in
3340 4212 3436 4251 eos

1836 4282 2138 4338 subierunt.
2169 4283 2308 4350 Quid
2347 4297 2477 4354 ergo
2508 4294 2679 4340 reStat
2711 4284 2880 4348 aliud,
2913 4301 3076 4356 quam
3120 4298 3178 4341 ut
3209 4303 3433 4342 carnem

1838 4380 2142 4435 introducat
2176 4379 2376 4434 nudam
2411 4381 2562 4435 omni
2592 4395 2819 4449 prorsus
2856 4383 3214 4437 habitatore?
3246 4387 3435 4438 admo-

1836 4473 1962 4526 dum
1999 4486 2185 4526 eorum
2229 4486 2517 4541 poparum,
2569 4488 2706 4544 quos
2737 4474 2944 4544 seipsos
2986 4475 3320 4539 motitantes,
3371 4493 3433 4530 a-

1836 4574 2007 4634 gvrta
2044 4564 2479 4619 circumducunt.
2515 4564 2579 4618 Et
2607 4580 2715 4634 quo
2748 4574 2908 4632 pacto
2942 4581 3094 4632 caro,
3139 4576 3194 4620 et
3230 4568 3434 4636 ipsum-

1841 4666 1950 4712 inet
1971 4671 2068 4727 per
2098 4659 2337 4727 seipsum
2389 4671 2579 4724 corpus
2612 4658 2820 4726 absque
2858 4657 2966 4712 ullo
3007 4660 3325 4727 inoperante
3354 4661 3433 4713 di-

1837 4749 1999 4816 xerit,
2041 4749 2172 4815 Quw
2203 4748 2291 4803 ille
2323 4765 2403 4803 me
2452 4749 2653 4815 docuit,
2707 4766 2770 4803 ea
2804 4752 3133 4820 proloquor?
3164 4753 3437 4819 quonme

1835 4857 1964 4897 caro
1993 4841 2215 4904 dixerit,
2266 4840 2377 4911 Ego
2419 4859 2638 4908 semper,
2681 4852 2729 4894 ct
2757 4843 2948 4912 ubique
2979 4859 3041 4896 ea
3074 4860 3282 4911 operor,
3317 4859 3437 4913 qua:

1834 4943 1954 4985 sunt
1982 4931 2061 4983 illi
2097 4930 2518 5000 complacentia.’
2547 4931 2667 4998 Quo
2728 4943 2904 5001 pacto,
2941 4949 3000 4987 se
3047 4948 3180 4988 caro
3211 4935 3434 4989 missam

1837 5026 2032 5081 dixerit
2067 5040 2097 5078 a
2137 5026 2331 5093 patre?
2373 5028 2530 5080 Anne
2582 5017 2766 5081 carnis
2793 5036 3002 5097 patrem
3032 5028 3215 5082 dicere
3243 5028 3431 5092 Deum,

1835 5128 2081 5172 sanctum
2111 5116 2240 5172 est?
2276 5126 2371 5172 aut
2398 5119 2576 5187 potius
2607 5118 2746 5187 ejus,
2771 5120 2863 5190 qui
2891 5135 3113 5176 carnem
3151 5121 3354 5177 insidet
3382 5138 3438 5175 et

1836 5211 2143 5266 inhabitet?
2172 5210 2304 5276 Quis
2339 5212 2556 5266 tandem
2603 5214 2690 5267 ille
2724 5213 2924 5267 fuerit?
2953 5214 3166 5270 Numne
3203 5215 3433 5270 Verbum

1918 5598 1963 5665 (ι
1985 5597 2029 5667 l)
2060 5599 2382 5674 ᾁυσφημξας
2413 5598 2484 5653 Μ.
2518 5601 2571 5656 in
2617 5616 2801 5668 conn;
2848 5618 2974 5658 mox
3009 5606 3166 5674 vulgo
3196 5607 3248 5658 τί
3289 5606 3346 5660 δέ
3380 5618 3436 5661 et

1922 5711 2424 5814 t'lf‘éi'ilpgueimtsv
2450 5760 2464 5804 ;
2497 5759 2619 5799 mox
2657 5746 2818 5814 vulgo
2848 5746 2913 5799 ἂν
2941 5744 3056 5814 ξγὼ
3086 5747 3180 5802 τί,

1923 5809 2038 5896 (ἱξ)
2063 5809 2238 5882 Vulgo
2284 5830 2393 5869 om.
2417 5814 2514 5896 τῷ,
2551 5826 2607 5871 et
2662 5809 2809 5871 intra
2853 5809 3017 5888 vulgo
3054 5815 3476 5888 συνημμένοςὶ,

1849 5881 2142 5948 ἡνομένος.
