4106 6414
269 386 374 440 895

1227 381 1316 435 DE
1356 380 1897 437 ECCLESIASTICA
1950 382 2352 438 THEOLOGIA
2392 383 2524 441 ΜΒ.
2562 383 2603 439 Ι.

3436 388 3543 445 893

264 496 394 558 τοῦ,
426 488 516 561 οἷς
542 494 891 563 ἐθέλησενέ
910 494 1054 561 Θεὸς
1086 496 1394 564 γνωρίσαι,
1426 495 1568 560 τίςό
1587 493 1844 560 πλοῦτος

1956 512 2083 567 quos
2126 496 2287 551 voluit
2345 496 2484 551 Deus
2540 500 2871 565 cognoscere.
2914 513 3160 568 quando;
3201 500 3306 553 sint
3338 499 3544 556 divitia

264 584 373 653 τῆς
389 584 573 663 δόξῃς
588 587 696 642 τοῦ
700 589 1038 657 μυστηρίου
1052 588 1267 641 τούτου
1281 586 1352 639 ἐν
1364 584 1490 650 τοῖς
1503 586 1765 644 ἔθνεσιν,
1785 585 1852 651 ὅς

263 678 393 731 ἐστι
409 679 663 748 Χριστὸς
674 679 742 732 ἐν
756 677 917 749 ὑμῖν,
937 680 975 746 ἠ
992 679 1169 743 ἐλπίς
1179 676 1290 747 τῆς
1304 676 1509 744 δόξης.
1526 678 1689 747 Ὁρᾷς
1706 676 1853 741 ὅπως

268 770 564 842 μυστήριον
605 766 675 841 ἦν
730 770 1225 842 ἀποκεκρυμμένον
1290 770 1575 842 πρότερον,
1636 769 1753 821 νυνὶ
1795 769 1851 822 δὲ

265 862 599 933 φανερωθδν,
627 864 657 916 ὁ
690 862 816 925 Υἱὸς
842 862 935 916 τοῦ
964 863 1121 918 Θεοῦ.
1150 863 1350 934 Διόπερ
1380 862 1430 915 οἱ
1466 863 1565 933 μὲν
1597 860 1689 914 τοῦ
1715 860 1850 913 Θεοῦ

264 956 537 1026 προφῆται
575 954 652 1025 τῷ
693 955 1016 1028 προφητικῷ
1062 956 1335 1025 πνεύματι
1372 953 1647 1026 μυστικῶς
1687 954 1850 1007 αὐτὸν

264 1050 595 1118 ἑθεολόγουν.
640 1049 714 1103 Τὸ
744 1050 799 1105 δὲ
846 1049 1048 1121 πλῆθος
1095 1049 1190 1102 τοῦ
1234 1048 1502 1103 Ἰουδαίων
1552 1048 1740 1111 ἔθνους
1791 1050 1849 1101 ὲν

263 1142 455 1212 ἀγνοίᾳ
490 1141 753 1213 ἐτύγχανε
795 1142 888 1196 τοῦ
938 1142 1321 1214 κεκρυμμένου
1372 1141 1691 1213 μυστηρίου·
1728 1139 1848 1193 ὅθεν

261 1233 391 1287 Θεὸν
435 1234 534 1305 μὲν
564 1234 871 1289 ὲδιδάσκετο
899 1236 995 1288 ενα
1039 1234 1257 1299 εἰδέναι,
1286 1234 1376 1288 διὰ
1401 1232 1461 1288 τὸ
1498 1236 1563 1304 τῇ
1598 1232 1848 1303 πολυθὲῳ

260 1326 437 1399 πλάνῃ
472 1326 710 1398 συνεχῶς
746 1326 1144 1399 ὑποσύρεσθαι·
1203 1326 1424 1397 Πατέρα
1468 1326 1524 1379 δὲ
1573 1326 1703 1379 δντα
1754 1324 1846 1378 τὸν

258 1418 391 1474 Θεὸν
421 1419 548 1472 Υίοῦ
574 1419 667 1473 τοῦ
693 1418 1031 1488 Μονογενοῦς
1066 1420 1269 1489 ἠγνόειο
1296 1420 1454 1471 τοῦτο
1481 1417 1589 1489 γὰρ
1619 1416 1847 1486 ἐφυλάτ-

256 1528 379 1566 τετο
436 1514 502 1583 τῇ
582 1512 641 1577 ἐξ
671 1510 839 1565 ὲθνῶν
881 1510 1176 1581 Ἐκκλησία
1221 1510 1283 1562 τὸ
1340 1510 1660 1580 μυστήριον,
1724 1508 1844 1561 κατ’

256 1603 533 1675 ἐξαίρετον
588 1602 746 1675 χάριν
793 1604 930 1674 αὐτῇ
978 1603 1372 1674 δεδωρημένον.
1420 1601 1506 1654 Ἐν
1532 1600 1682 1671 αὐτῷ
1736 1602 1846 1671 γάρ

255 1693 382 1757 εισι,
414 1691 553 1745 κατά
596 1692 687 1745 τὸν
724 1692 1065 1756 ’Λπόστολον,
1099 1692 1300 1754 πάντες
1341 1692 1391 1743 οἱ
1434 1689 1698 1761 θησαυροὶ
1744 1693 1843 1761 τῆς

1954 592 2192 659 mysterii
2217 591 2371 644 istius
2402 591 2454 642 in
2480 590 2745 659 gentibus,
2778 588 2870 657 qui
2909 599 2985 644 ut
3020 588 3266 645 Christus
3293 592 3348 643 in
3376 592 3540 655 vobis,

1952 699 2069 752 apes
2107 684 2293 753 gloriw
2316 684 2431 753 ejus
2461 683 2527 735 ⁸¹.
2570 680 2733 736 Vides
2778 692 2839 737 ut
2864 666 3244 737 absconditum
3286 683 3391 739 hoc
3417 698 3541 753 my-

1951 776 2179 832 sterium
2221 776 2400 831 fuerat
2433 776 2582 846 prius
2611 816 2628 841 ,
2663 789 2807 829 nunc
2844 782 3024 829 autem
3052 772 3354 828 revelatum
3390 794 3403 829 :
3448 774 3541 829 Fi-

1950 869 2057 923 lius
2093 867 2209 923 Dei.
2267 867 2608 936 Quapropter
2661 868 2943 936 prophetae
2996 866 3089 921 Dei
3142 866 3431 937 mysticum
3484 869 3538 923 in

1953 963 2173 1016 modum
2234 959 2557 1031 prophetico
2606 957 2817 1029 Spiritu
2866 974 2990 1015 eum
3048 958 3413 1025 deiﬁcarunt;
3442 957 3541 1015 Ju-

1948 1056 2192 1111 deorum
2240 1064 2427 1108 autem
2443 1052 2622 1109 omnis
2651 1052 2946 1107 multitudo
2968 1052 3023 1106 in
3048 1053 3351 1123 ignorantia
3379 1052 3540 1107 istius

1950 1146 2198 1220 mysterii
2250 1146 2641 1218 persistebant.
2705 1144 2875 1199 Deum
2914 1144 3133 1215 quidem
3164 1160 3333 1198 unum
3366 1159 3536 1214 agno-

1948 1255 2100 1296 scere
2131 1240 2331 1305 edocti,
2354 1254 2421 1294 eo
2454 1238 2598 1308 quod
2657 1236 2710 1292 in
2750 1251 2971 1292 errores
3003 1237 3069 1291 de
3108 1236 3333 1289 deorum
3392 1235 3536 1289 mul-

1951 1330 2183 1385 titudine
2213 1330 2409 1398 saepius
2432 1327 2931 1383 abstrahebantur:
2961 1324 3179 1381 Patrem
3208 1313 3533 1380 vero‘Deum

1947 1420 2209 1489 unigeniti
2242 1421 2326 1474 sui
2352 1418 2471 1474 Filii
2507 1419 2855 1489 ignorabant.
2907 1417 3044 1473 Nam
3086 1417 3190 1473 bne
3240 1418 3307 1472 de
3354 1418 3535 1487 genti-

1948 1512 2053 1567 bus
2102 1510 2363 1568 Ecclesiae
2410 1510 2798 1565 reservabatur
2846 1508 3169 1580 mysterium
3199 1547 3214 1571 ,
3274 1518 3532 1577 tauquam

1950 1601 2131 1672 gratia
2168 1584 2417 1670 quaedam
2452 1599 2754 1662 excellens,
2781 1599 2882 1667 ipsi
2915 1598 3301 1669 impertienda.
3354 1604 3415 1660 ἦε
3473 1595 3532 1650 In

1949 1696 2065 1763 ipso
2096 1692 2242 1747 enim
2278 1701 2427 1758 sunt,
2465 1692 2608 1760 quod
2626 1691 2921 1761 Apostolus
2949 1691 3208 1746 observat
3235 1689 3306 1755 ⁸³,
3340 1702 3538 1743 omnes

255 1784 448 1853 σοφίας
500 1784 595 1838 καὶ
624 1784 880 1852 γνώσεως
912 1785 1240 1856 ἀπόκρυφοι.
1287 1783 1445 1837 Ἀλλά
1480 1783 1589 1856 γὰρ
1640 1785 1729 1839 διά
1756 1802 1842 1837 το-

1951 1787 2195 1841 thesauri
2221 1783 2527 1841 absconditi
2550 1784 2902 1851 cognitionis.
2964 1780 3256 1835 Enimvero
3293 1788 3373 1833 tot
3418 1779 3534 1846 jam

254 1852 458 1929 σοῦτων
478 1879 507 1930 ό
531 1876 625 1930 τοῦ
655 1875 790 1930 Θεοῦ
841 1878 1031 1945 Λόγος,
1126 1852 1183 1929 ἐν
1212 1878 1355 1948 ἀρχῇ
1396 1878 1533 1949 πρὸς
1558 1852 1664 1930 *τὸν
1687 1876 1840 1940 Θεὸν,

1949 1878 2301 1944 testimoniis,
2333 1877 2429 1932 Dei
2459 1876 2591 1931 illud
2632 1874 2869 1931 Verbum
2897 1872 3040 1944 quod
3096 1872 3149 1925 in
3202 1871 3361 1926 initio
3412 1879 3538 1925 erat

250 1966 311 2018 οὐ
368 1966 526 2035 μόνον
570 1966 740 2033 Λόγος
788 1965 1145 2035 κεκλημένος,
1184 1966 1259 2028 ὼς
1294 1966 1615 2037 Μάρκελλος
1645 1965 1840 2029 οἴεται,

249 2056 561 2126 ἀπεδείχθη,
600 2057 735 2109 ἀλλά
769 2057 862 2109 καὶ
896 2056 1041 2120 Υίὸς,
1076 2058 1168 2110 καὶ
1196 2058 1529 2128 Μονογενὴς,
1564 2059 1657 2110 καὶ
1705 2058 1840 2127 φῶς,

249 2148 344 2199 καὶ
376 2148 557 2215 ἄρτος,
592 2146 931 2217 καῖ’ῐησοῦς,
961 2148 1055 2199 καὶ
1082 2149 1335 2215 Χριστὸς,
1368 2150 1463 2202 καὶ
1492 2148 1716 2221 Κύριος,
1750 2150 1843 2202 καὶ

248 2239 555 2310 ἀρχιερεὺς.
582 2242 677 2293 καὶ
699 2240 1061 2312 ἀπαύγασμα.
1087 2241 1181 2293 καὶ
1203 2243 1513 2314 χαρακτὴρ,
1538 2244 1634 2295 καὶ
1655 2240 1840 2303 εἰκὼν,

248 2330 343 2383 καὶ
369 2330 720 2398 Πρωτότοκος
761 2334 942 2405 πάσης
975 2335 1227 2399 κτίσεως,
1258 2336 1354 2389 καὶ
1388 2336 1539 2407 πηγὴ
1559 2336 1723 2408 ζωῆς,
1750 2338 1844 2390 καὶ

249 2419 500 2493 ἀλήθεια,
528 2424 623 2475 καὶ
649 2426 913 2495 ποταμὸς,
964 2426 1060 2479 καὶ
1092 2426 1429 2500 δικαιοσύνη,
1466 2429 1559 2481 καὶ
1587 2429 1737 2498 ἣλιος
1767 2430 1845 2482 δι-

248 2513 564 2584 καιοσύνης,
615 2516 709 2567 καὶ
750 2516 933 2585 σοφία,
966 2518 1061 2571 καὶ
1092 2518 1248 2584 ξύλον
1291 2520 1454 2590 ζωῆς,
1491 2521 1583 2574 καὶ
1617 2520 1841 2590 Κύριος,

250 2604 343 2657 καὶ
372 2604 523 2667 Θεὸς,
562 2606 655 2659 καὶ
706 2607 1036 2677 Ἀγαπητὸς,
1074 2610 1167 2660 καὶ
1202 2611 1399 2679 ἱερεὺς,
1446 2610 1543 2663 καὶ
1580 2609 1840 2681 βραχίων,

252 2693 365 2764 (55)
413 2696 507 2748 xui.
547 2698 829 2768 σωτήριον,
872 2701 966 2752 καὶ
999 2699 1174 2753 πάντα
1207 2701 1401 2764 ταῦτα,
1472 2700 1547 2753 ὢν
1576 2702 1669 2755 καὶ
1712 2717 1844 2773 προ-

251 2789 515 2860 ὔπάρχων
544 2790 645 2857 τῆς
669 2791 891 2861 σαρκὸς,
914 2792 1244 2862 ὠνομάζετο·
1277 2794 1351 2857 ὡς
1368 2796 1423 2847 αί
1454 2796 1843 2866 παρατεθεῖσαι

251 2882 463 2952 Γραφαὶ
509 2882 864 2951 δεδηλώκασι.
915 2884 1034 2938 Τίνι
1058 2885 1238 2937 τοίνυν
1268 2886 1434 2956 λόγῳ,
1459 2888 1632 2939 ταῦτα
1664 2887 1845 2941 πάντα

250 2976 447 3045 παρεὶς
481 2975 818 3045 Μάρκελλος,
842 2977 935 3028 ἐπὶ
971 2977 1131 3046 μόνου
1167 2978 1259 3030 τοῦ
1290 2980 1463 3046 Λόγου
1490 2979 1730 3043 istaut;
1780 2980 1841 3031 οὐ

248 3060 536 3115 διαϐαίνων
574 3065 673 3134 μὲν
706 3064 799 3116 καὶ
840 3065 935 3117 ἐπὶ
968 3064 1067 3127 τὰς
1095 3065 1288 3130 λοιπὰς
1313 3069 1651 3139 ἐπωνυμίας,
1684 3070 1843 3139 μόνον

248 3154 306 3206 δὲ
357 3154 530 3223 Λόγον
578 3157 738 3209 αὑτὸν
793 3153 932 3209 εἶναι
971 3158 1195 3227 φάσκων
1231 3159 1323 3213 τοῦ
1353 3159 1509 3213 Θεοῦ’
1542 3162 1633 3214 καὶ
1685 3162 1842 3232 λόγον

254 3248 610 3315 σημαντικὸν,
657 3250 784 3301 ποτὲ
822 3248 922 3317 μὲν
951 3248 1291 3319 ἡσυχάζοντα
1328 3254 1385 3304 ὲν
1410 3251 1485 3322 τῷ
1519 3253 1658 3324 Θεῷ,
1712 3254 1842 3307 ποτὲ

1947 3254 2039 3307 Dei
2076 3252 2311 3307 Verbum
2341 3266 2461 3307 esse
2489 3250 2718 3315 statuit;
2754 3258 2808 3303 et
2842 3248 3070 3300 verbum
3097 3243 3318 3313 quidem
3357 3242 3532 3310 signi-
3644 3252 3647 3253 '

252 3336 308 3389 δὲ
336 3338 588 3408 ἐνεργείᾳ
635 3340 770 3412 μόνῃ
807 3340 1069 3394 λαλοῦντα
1111 3342 1143 3411 ἢ
1182 3344 1521 3413 πράττοντα;
1557 3342 1633 3398 Ἦ
1654 3346 1742 3399 διὰ
1782 3346 1843 3398 τὸ

252 3428 630 3495 Σαῦελλιάζειν
664 3431 944 3503 ἄντικρυς,
977 3435 1072 3487 καὶ
1096 3435 1169 3505 μὴ
1201 3437 1476 3491 πιστεύειν
1506 3440 1583 3503 εἰς
1609 3441 1699 3491 τὸν
1716 3441 1841 3493 Υίὸν

251 3520 343 3574 τοῦ
369 3521 524 3587 Θεοῦ,
563 3524 696 3593 μηδὲ
717 3525 1004 3595 γνωρίζειν
1037 3527 1097 3579 τὸ
1127 3529 1423 3597 μυστήριον
1460 3530 1523 3582 τὸ
1557 3531 1842 3601 προϋπάρ-

253 3630 346 3681 χον
379 3614 477 3684 μὲν
514 3614 701 3678 πάλαι,
764 3617 900 3687 μόνῃ
939 3617 996 3669 δὲ
1047 3621 1121 3686 τῇ
1149 3609 1446 3691 Ἐκκλησία
1482 3620 1577 3673 τοῦ
1607 3622 1840 3692 Χριστοῦ

255 3705 342 3757 ἱιά
394 3707 493 3776 τῆς
548 3708 709 3761 αὑτοῦ
744 3709 1059 3780 φανερωθὲν
1092 3711 1331 3780 χάριτος.
1379 3715 1441 3766 Ei
1474 3714 1527 3766 δὲ
1568 3713 1711 3781 λέγοι
1745 3733 1845 3784 μυ-

259 3799 473 3869 στήριον
527 3795 666 3853 εἷναι
716 3802 1095 3871 ἀγνοούμενον,
1148 3805 1207 3857 τὸ
1246 3804 1353 3875 (56)
1391 3806 1560 3874 Λόγον
1608 3805 1751 3874 ἔχειν
1786 3810 1844 3859 ἐν

258 3891 432 3962 ἑαυτῷ
460 3892 550 3945 τὸν
576 3893 729 3955 Θεὸν,
758 3893 1057 3965 κεχρῆσθαι
1074 3895 1235 3966 λόγῳ,
1253 3897 1409 3949 τοῦτο
1436 3897 1543 3969 γὰρ
1560 3899 1708 3969 αὐτῷ
1725 3901 1847 3953 Μα-

260 3982 470 4054 ρκέλλῳ
500 3984 648 4039 δοκεῖ
671 3985 807 4053 (57),
854 3984 1044 4038 τοῦτον
1068 3987 1329 4057 γράφοντι
1357 3987 1445 4040 τὸν
1467 3990 1686 4060 τρόπον·
1723 4010 1740 4041 ι
1779 3992 1843 4043 Τί

264 4091 282 4125 ι
318 4074 428 4146 γὰρ
457 4076 643 4146 ἕτερον
692 4073 760 4147 ἦν
800 4078 1293 4147 ἀποκεκρυμμένον
1332 4084 1662 4153 μυστήριον,
1705 4086 1844 4138 κατά

266 4184 284 4215 ι
313 4166 404 4219 τὸν
432 4167 601 4237 Λόγον
624 4186 637 4233 ;
665 4168 837 4233 οὕτως
863 4170 919 4222 δὲ
948 4166 1017 4241 ἦν
1042 4173 1534 4242 ἀποκεκρυμμένον
1561 4177 1616 4227 ἐν
1630 4176 1706 4245 τῷ
1726 4176 1846 4246 Θεῷ

265 4274 283 4306 ι
316 4255 472 4309 τοῦτο
524 4258 790 4329 πρότερον
843 4260 904 4312 τὸ
942 4262 1262 4331 μυστήριον,
1304 4261 1444 4315 ὣστε
1490 4264 1693 4334 μηδένα
1748 4265 1841 4318 τοῦ

265 4367 282 4399 ι
318 4347 581 4420 προτέρου
602 4349 733 4402 λαοῦ
775 4351 960 4420 σαφῶς
985 4352 1053 4403 τὰ
1070 4352 1211 4405 κατά
1237 4352 1327 4405 τὸν
1352 4354 1523 4421 Λόγον
1556 4355 1773 4409 εἰδέναι·
1821 4376 1839 4409 ι

260 4442 306 4492 εἰ
332 4439 396 4511 δὴ
416 4437 508 4494 οὖν
536 4442 693 4495 τοῦτο
729 4443 899 4509 λέγοι,
939 4443 1276 4512 μανθανέτω,
1323 4445 1402 4497 ὅτι
1434 4447 1527 4498 καὶ
1558 4448 1667 4509 πᾶς
1712 4447 1843 4499 ’1ου-

1945 1966 2088 2035 apud
2118 1965 2312 2027 Deum,
2340 1981 2447 2021 non
2490 1965 2652 2019 modo
2696 1964 2838 2032 quod
2895 1961 3182 2018 Marcellus
3233 1961 3537 2030 opinatur,

1950 2060 2181 2113 Verbum
2203 2058 2408 2113 dictum
2433 2067 2538 2120 est.
2576 2061 2670 2118 sed
2701 2068 2756 2112 et
2782 2056 2973 2123 Filius,
3007 2065 3061 2111 et
3098 2053 3444 2125 Unigenitus.
3477 2063 3538 2107 et

1946 2152 2059 2217 lux,
2079 2161 2133 2207 et
2162 2151 2337 2222 panis,
2368 2160 2424 2207 et
2453 2149 2635 2215 Jesus,
2663 2160 2718 2205 et
2742 2149 3014 2215 Christus,
3047 2158 3102 2203 et
3141 2145 3428 2208 Dominus,
3478 2155 3535 2199 et

1944 2244 2214 2308 Pontifex,
2264 2253 2318 2298 ct
2354 2245 2632 2311 splendor,
2662 2252 2716 2298 et
2760 2242 3068 2304 character,
3116 2248 3173 2293 et
3223 2237 3426 2308 imago,
3478 2248 3537 2290 et

1947 2336 2348 2406 Primogcnitus
2392 2335 2570 2390 omnis
2608 2344 2911 2389 creatum:
2952 2342 3009 2386 et
3040 2330 3164 2385 fons
3186 2331 3333 2393 vitaz,
3369 2337 3422 2384 et
3449 2343 3535 2383 ve-

1947 2429 2421 2495 ritas,etﬂumen,
2467 2438 2523 2483 et
2551 2427 2789 2498 justitia.
2822 2438 2876 2483 et
2927 2426 3011 2483 sol
3064 2424 3309 2494 iustitiae,
3350 2434 3406 2478 et
3450 2438 3536 2477 sa-

1945 2523 2172 2591 pientia,
2198 2534 2254 2577 et
2279 2523 2487 2592 lignum
2511 2523 2657 2588 vitae,
2693 2532 2749 2576 et
2779 2520 3060 2585 Dominus,
3088 2527 3146 2575 et
3185 2519 3347 2580 Deus,
3372 2524 3429 2570 et
3453 2515 3535 2569 di-

1945 2612 2138 2676 lectus,
2170 2621 2225 2666 et
2254 2611 2544 2673 Sacerdos.
2581 2620 2637 2666 et
2676 2611 2986 2675 brachium,
3020 2619 3076 2664 et
3124 2606 3366 2662 salutare
3408 2628 3418 2660 :
3477 2615 3533 2661 et

1945 2704 2097 2759 hisce
2126 2704 2345 2772 quidem
2372 2703 2625 2757 omnibus
2644 2701 3021 2771 appellabatur
3046 2698 3381 2761 nominibus,
3406 2712 3531 2750 cum

1945 2797 2257 2862 exsisteret,
2281 2805 2332 2850 et
2367 2794 2771 2865 prmexsisteret
2804 2803 2929 2847 ante
2960 2807 3183 2847 carnem
3214 2796 3484 2857 sumptam
3513 2801 3530 2843 :

1946 2898 2004 2941 ut
2026 2904 2055 2942 e
2076 2888 2301 2956 prolatis
2324 2888 2413 2943 hic
2449 2886 2753 2956 Scripturis
2781 2896 3062 2940 ostensum
3092 2891 3197 2939 est.
3233 2880 3365 2947 Quae
3389 2881 3532 2932 ratio

1944 2976 2257 3031 Marcellum
2288 2977 2380 3031 hic
2413 2976 2727 3041 commovit,
2760 2985 2817 3027 ut
2843 2975 2960 3028 istis
3006 2972 3279 3026 universis
3304 2978 3531 3039 praetcr-

1946 3069 2148 3133 missis,
2181 3069 2234 3123 in
2265 3067 2382 3121 solo
2404 3068 2581 3121 Verbo
2615 3064 2918 3121 resideret?
2955 3064 3141 3131 Neque
3166 3062 3313 3116 enim
3350 3071 3533 3113 trans-

1948 3162 2046 3214 ivit
2074 3161 2140 3214 ad
2194 3168 2424 3214 caeteras
2475 3156 2939 3220 nomenclaturas,
2976 3152 3320 3208 solummodo
3378 3149 3527 3202 illum

1945 3344 2247 3406 licativum,
2278 3342 2550 3395 interdum
2582 3340 2635 3394 in
2660 3341 2767 3394 Deo
2800 3338 3220 3407 conquiescens,
3257 3334 3529 3387 interdqu

1943 3452 2002 3491 re
2033 3445 2086 3490 et
2123 3450 2220 3490 ore
2250 3434 2544 3505 prolatum,
2573 3432 2658 3486 vel
2694 3432 2863 3487 etiam
2906 3443 3161 3500 operans.
3191 3425 3353 3481 Certe
3398 3440 3531 3495 pro-

1941 3537 2125 3595 pterea
2158 3526 2300 3596 quod
2333 3524 2807 3586 Sabellianizaret,
2846 3521 3022 3575 necin
3053 3519 3146 3573 Dei
3176 3517 3371 3571 Filium
3407 3531 3533 3570 cre-

1942 3616 2121 3679 deret,
2171 3630 2270 3670 nec
2300 3620 2620 3684 agnosceret
2653 3613 2971 3683 mysterium
3028 3608 3179 3673 illud,
3215 3608 3359 3677 quod
3416 3609 3533 3677 qui-

1944 3708 2065 3762 dem
2096 3708 2509 3777 prmexsistebat
2542 3705 2669 3761 olim
2724 3722 2736 3757 :
2800 3712 2854 3757 at
2889 3703 2985 3757 soli
3020 3701 3223 3756 Christi
3275 3700 3533 3756 Ecclesia:

1943 3816 2039 3870 per
2074 3801 2245 3870 ipsius
2275 3799 2501 3867 gratiam
2538 3798 2841 3851 revelatum
2866 3805 2969 3849 est.
2998 3794 3149 3859 Quod
3177 3793 3221 3846 si
3245 3793 3388 3845 dicat
3417 3808 3534 3864 my-

1945 3893 2170 3946 sterium
2202 3891 2331 3945 illud
2361 3892 2695 3961 incognitum
2732 3904 2874 3955 esse,
2911 3890 3077 3941 Deum
3110 3900 3233 3939 cum
3256 3886 3310 3938 iu
3338 3899 3398 3938 se
3429 3884 3532 3937 ha-

1946 3985 2099 4039 beret
2134 3984 2399 4047 Verbum,
2430 3983 2597 4037 verbo
2631 3982 2722 4037 illo
2756 3996 2937 4045 usum,
2965 3979 3067 4033 hoc
3093 3977 3361 4045 siquidem
3389 3973 3535 4027 Mar-

1945 4076 2084 4131 cello
2115 4076 2329 4129 videtur
2374 4076 2446 4129 ita
2502 4090 2643 4137 esse,
2675 4088 2798 4129 cum
2828 4074 2908 4127 sic
2941 4070 3223 4141 scripserit
3258 4088 3271 4123 :
3314 4087 3332 4119 ι
3392 4066 3532 4134 Quill

1952 4185 1973 4219 ι
2008 4167 2153 4220 aliud
2189 4166 2367 4219 fuerat
2398 4167 2717 4237 mysterium
2759 4164 2893 4219 illud
2934 4162 3340 4223 absconditum,
3366 4174 3531 4228 quam

1952 4277 1972 4310 ι
2002 4257 2243 4314 Verbum
2270 4257 2294 4310 ?
2322 4256 2398 4309 lla
2434 4266 2614 4311 autem
2644 4258 2694 4309 in
2721 4257 2828 4310 Deo
2846 4254 2997 4319 olim,
3021 4264 3141 4309 erat
3166 4254 3270 4307 hoc
3298 4252 3532 4305 abscon-

1952 4368 1971 4401 ι
2003 4349 2176 4402 ditum
2228 4348 2573 4417 mysterium;
2620 4356 2679 4400 ut
2730 4361 2887 4400 nemo
2918 4345 3059 4415 apud
3105 4343 3347 4413 priorem
3378 4340 3530 4394 illum

1953 4460 1971 4494 ι
2006 4442 2263 4511 populum
2300 4439 2632 4510 intelligeret
2696 4438 2861 4502 clune,
2914 4451 3036 4505 quae
3087 4433 3408 4503 spectabant
3464 4435 3531 4486 all

258 4530 421 4586 δαίων
461 4533 585 4585 τῶν
619 4533 711 4586 τὸν
759 4535 992 4605 Χριστὸν
1032 4533 1125 4587 τοῦ
1160 4536 1296 4589 Θεοῦ
1346 4538 1421 4609 μὴ
1455 4540 1844 4607 ὲπεγνωκότων

1957 4550 1975 4585 ι
2016 4530 2275 4585 Verbum.
2311 4548 2330 4582 ι
2366 4528 2424 4583 Si
2456 4534 2557 4583 hoc
2586 4528 2849 4597 posuerit,
2884 4528 3062 4580 discat
3104 4528 3339 4595 opertet,
3387 4524 3532 4593 quod

259 4624 640 4695 ὁμολογήσειεν
680 4624 746 4679 ἀν
779 4626 870 4679 τὸν
922 4626 1093 4694 Λόγον
1148 4627 1290 4695 ἔχειν
1333 4628 1424 4680 τὸν
1468 4629 1622 4695 Θεὸν,
1646 4631 1740 4683 καὶ
1770 4632 1845 4702 μὴ

261 4715 399 4772 εἶναι
425 4720 635 4786 ἄλογον.
656 4718 827 4772 Τοῦτο
865 4719 921 4772 δὲ
952 4721 1045 4772 καὶ
1072 4720 1359 4783 Σαϐέλλιος
1388 4722 1569 4786 αὐτὸς,
1612 4725 1706 4777 καὶ
1736 4728 1845 4789 πᾶς

263 4808 465 4878 Ἕλλην
509 4826 569 4862 τε
602 4810 695 4862 καὶ
737 4810 1029 4880 βάρϐαρος,
1066 4812 1093 4863 ὁ
1123 4812 1254 4864 Θεὸν
1288 4807 1426 4865 εἶναι
1454 4815 1843 4885 ὑφιστάμενος,

262 4900 676 4969 ἀναμφιλέκτως
698 4905 940 4971 φήσειεν*
970 4905 1035 4954 "A
1045 4921 1121 4973 μα
1149 4902 1259 4974 γάρ
1279 4904 1355 4974 τῷ
1379 4906 1509 4960 Θεὸν
1539 4910 1733 4971 εἰπεῖν,
1750 4908 1845 4961 καὶ

264 4991 423 5060 σοφὸν
458 4993 618 5044 αὐτὸν
649 4996 777 5056 νοεῖ,
828 4994 920 5046 καὶ
952 4993 1187 5062 λογικὸν,
1225 4996 1317 5047 καὶ
1364 4996 1607 5061 δυνατὸν,
1642 4999 1735 5051 καὶ
1766 4998 1845 5050 δί-

263 5100 437 5148 καιον,
469 5084 563 5137 καὶ
607 5084 830 5153 ἀγαθόν.
871 5087 1027 5138 Ποῖον
1061 5084 1153 5141 οὖν
1195 5091 1495 5161 μυστήριον
1523 5087 1591 5163 ἦν
1640 5094 1843 5146 ἀποκε-

263 5176 575 5246 κρυμμένον
602 5177 661 5231 τὸ
709 5179 821 5240 τοῖς
876 5180 1041 5230 πᾶσιν
1095 5181 1551 5253 ὁμολογοῦμενοπ
1592 5185 1688 5247 Τίς
1738 5185 1847 5257 γὰρ

264 5266 359 5317 οὐκ
409 5266 475 5317 ἂν
532 5266 674 5318 εἴποι
731 5268 787 5319 ἐν
834 5266 911 5337 τῷ
968 5268 1086 5338 Θεῷ
1137 5270 1329 5338 σοφίαν
1385 5268 1543 5340 εἶναι,
1603 5275 1696 5327 καὶ
1753 5275 1846 5326 δύο

374 5425 431 5481 >I<
470 5419 565 5472 Ed.
604 5422 768 5475 Paris.
807 5439 927 5485 pas.
972 5423 1092 5477 100.

370 5490 647 5545 διϐυιοηε.
688 5510 725 5559 ι,
758 5494 945 5547 25-27.
1023 5497 1067 5527 "
1099 5494 1309 5549 Coloss.
1353 5514 1412 5557 ll,
1467 5498 1519 5550 3.

336 5603 448 5671 (55)
608 5608 700 5659 καὶ
722 5610 1034 5681 δικαιοσύνη
1061 5611 1216 5663 ροιίίῖ.

340 5675 451 5728 (56)
530 5676 589 5727 όν
628 5681 782 5728 \‘ulrzo
806 5683 1132 5728 t-nntrai-ml.

340 5675 451 5741 (56)
486 5675 589 5728 Τόν
628 5681 782 5743 vulgo
806 5692 991 5733 contra
1012 5675 1132 5734 (rod.

340 5746 449 5813 (57)
479 5746 810 5814 Μαρκέλλῳ
836 5750 1015 5804 δοκεῖ.
1040 5751 1261 5805 Rei-tius
1288 5751 1482 5816 ὲδοκει,
1516 5754 1720 5814 statim,
1762 5755 1840 5805 le-

272 5817 496 5886 gendum
528 5818 740 5887 Opinor,
774 5817 806 5888 ῆ
840 5820 896 5873 τὸ
931 5824 1069 5875 κατὰ
1096 5822 1182 5875 τὸν
1214 5820 1392 5890 λόγον,
1435 5842 1575 5885 nios,
1608 5826 1839 5894 d‘.'a{t:;t~

1951 4626 2259 4681 Iudaeorum
2286 4622 2532 4693 quilibet,
2562 4624 2651 4691 qui
2682 4622 2961 4677 Christum
2988 4619 3081 4673 Dei
3116 4634 3224 4672 non
3248 4626 3531 4687 agnoscat,

1952 4719 2189 4773 Verbum
2222 4726 2404 4770 tamen
2450 4714 2652 4769 habere
2701 4713 2871 4767 Deum
2917 4712 3271 4766 conﬁtebitur
3305 4746 3318 4769 ,
3363 4724 3537 4777 neque

1950 4826 2069 4866 esse
2117 4812 2266 4865 illum
2325 4807 2566 4879 alogum.
2605 4807 2718 4861 Hoc
2784 4807 3019 4875 ipsemet
3074 4803 3389 4857 Sabellius:
3430 4802 3537 4856 hoc

1949 4904 2203 4957 ethnicus
2232 4899 2411 4969 quivis
2448 4899 2707 4953 fatebitur
2738 4917 2751 4952 :
2799 4898 2902 4951 hoc
2929 4895 3217 4955 barbarus.
3241 4893 3333 4962 qui
3368 4892 3539 4945 Deum

1952 5000 2221 5066 agnoscit.
2248 4997 2365 5051 sine
2385 4996 2641 5064 scrupulo
2674 4992 3042 5049 confitebitur.
3100 4991 3235 5044 Nam
3269 4992 3371 5043 hoc
3420 4991 3540 5057 ipso

1916 5091 2094 5157 «quod
2137 5090 2301 5144 Deum
2330 5085 2715 5149 conﬁteantur,
2752 5084 3053 5153 sapientem
3082 5081 3413 5148 intelligunt,
3446 5094 3537 5129 ra-

1956 5181 2232 5244 tioualem,
2257 5188 2553 5249 potentem,
2581 5176 2787 5243 justum
2818 5216 2832 5239 ,
2881 5176 3105 5229 bonum.
3153 5172 3219 5225 Et
3265 5168 3537 5239 quodnam

1960 5280 2070 5324 tum
2109 5271 2426 5340 mysterium
2483 5270 2585 5323 hoc
2640 5268 2913 5323 occultum
2961 5266 3162 5328 fuerat,
3221 5262 3365 5331 quod
3418 5272 3541 5317 erat

1950 5618 2147 5685 λέκτῳ,
2186 5629 2237 5669 ρι
2279 5617 2413 5668 Θεὸν
2449 5618 2640 5674 εἰπεῖν,
2679 5630 2781 5668 non
2816 5614 2955 5685 Θεῷ.
2982 5613 3125 5667 M.—-
3150 5612 3269 5685 Mm;
3306 5612 3549 5685 \llligljf")

1950 5676 2332 5757 ἀμφιλέκτως,
2400 5688 2503 5756 Mp.
2552 5676 2967 5757 ἀναμφιλέκτως
3025 5697 3080 5740 et
3126 5684 3186 5738 τὸ
3239 5682 3355 5755 Θεῷ
3386 5676 3546 5756 (ΜΡ.

1949 5762 2101 5812 Θεὸν.
