4106 6420
233 403 333 459 9M
1233 406 1321 463 DE
1359 403 1905 464 ECCLESIASTICA
1936 402 2352 461 TIIEOLOGIA.
2385 401 2514 457 LIB.
2559 401 2620 455 Il.
3414 403 3520 458 902

234 520 538 576 ὑπόστασιν
565 519 662 575 τοῦ
692 521 822 575 Υἱοῦ
855 526 1033 594 γυμνῇ
1063 527 1129 594 τῇ
1158 525 1389 595 κεφαλῇ,
1416 525 1552 596 πρὸς
1584 524 1684 594 τῆς
1720 524 1811 576 τῶι

1936 520 2068 576 nihil
2099 534 2320 590 prorsus
2366 518 2648 572 exstitisse
2685 527 2885 586 prmter
2918 516 3088 572 Deum
3120 517 3297 573 docet.
3343 517 3520 576 Verba

232 613 513 684 γεννητῶν
544 615 906 686 δημιουργίας
949 615 1114 686 μηδὲν
1161 618 1347 686 ἕτερον
1388 612 1525 668 εἶναι
1569 616 1709 685 πλὴν
1732 615 1811 668 τοί

1933 625 2110 668 autem
2137 613 2258 684 ejus
2286 612 2402 666 haec
2433 613 2548 678 ipsa
2574 619 2734 663 sunt:
2762 608 2835 681 [Β
2866 609 3000 664 XCII
3029 620 3083 664 et
3119 609 3298 685 XCIII]
3340 631 3359 665 ι
3383 612 3553 669 Con-'

232 704 372 758 Θεοῦ
407 707 575 778 μόνου
614 708 1079 778 ἀποφαινόμενοςο
1124 709 1324 780 γράφει
1360 707 1404 761 δ’
1441 705 1535 762 οὖν
1558 703 1661 762 ὦδε
1692 707 1811 761 κατέ

1936 723 1954 755 ι
2000 718 2206 758 cessem
2241 702 2315 757 illi
2354 702 2604 772 gloriam,
2651 701 2908 756 Asterius
2939 712 2995 755 et
3032 703 3289 772 gloriam,
3318 712 3374 759 et
3408 721 3517 760 non

231 799 380 865 λέξιν
411 801 583 872 ἰΤὴν
606 801 854 855 δοθεῖσαν
879 802 1027 873 αὑτῷ
1050 801 1206 866 δόξαν
1243 801 1519 873 Ἀστέριος
1535 802 1692 866 δόξαν
1707 803 1811 855 όνο-

1930 814 1965 856 ι
1999 793 2225 864 gloriam
2268 792 2513 846 nominat
2555 809 2568 845 :
2607 789 2737 844 dum
2791 805 2896 843 non
2935 790 3325 857 reminiscitur,
3373 789 3520 861 quod

239 909 260 943 ι
303 890 491 962 μάζει,
514 894 610 945 καὶ
639 893 700 944 οὐ
719 893 878 960 δόξαν
902 895 1062 965 μόνον
1080 894 1212 964 (70),
1233 894 1369 948 ἀλλὰ
1387 897 1479 948 καὶ
1496 894 1811 965 προκόσμιοε

1937 906 1954 938 ι
2003 901 2126 940 cum
2165 885 2402 939 nondum
2454 883 2686 936 mundus
2731 891 2876 936 esset
2919 881 3206 948 conditus,
3245 884 3383 938 nihil
3422 899 3522 939 ex-

242 1004 260 1036 ι
299 984 478 1052 δόξαν.
497 985 613 1038 Οὐκ
627 985 841 1051 ἐννοῶν,
870 988 974 1050 ὅτι,
1003 989 1166 1058 μήπω
1187 987 1280 1040 τοῦ
1296 988 1502 1058 κόσμου
1520 989 1807 1056 γεγονότος

1937 1001 1953 1030 ι
1999 978 2178 1034 stabat
2212 975 2354 1030 aliud
2391 987 2589 1062 praeter
2618 975 2792 1029 solum
2836 975 3024 1029 Deum.
3048 994 3068 1028 ι
3102 975 3210 1032 Sed
3251 986 3308 1031 et
3351 977 3523 1032 idem-

241 1096 260 1126 ‹
305 1077 419 1145 (71)
446 1076 602 1130 οὐδὲν
616 1079 804 1150 ἕτερον
844 1074 913 1149 ἦν
936 1077 1073 1149 πλὴν
1089 1077 1223 1131 Θεοῦ
1251 1078 1434 1148 μόνου.
1475 1097 1494 1128 ι
1532 1077 1643 1129 Καὶ
1674 1074 1811 1138 αὖθις

1934 1072 2222 1141 metipsum
2286 1068 2608 1131 conﬁrmat,
2683 1067 2936 1138 inquiens
3004 1084 3020 1122 :
3087 1086 3108 1121 ι
3176 1069 3386 1126 Caelum
3468 1081 3523 1127 et

233 1170 296 1224 τὸ
334 1170 471 1225 αὐτὸ
506 1170 721 1241 βεσαιοῖ
753 1172 929 1240 λέγων
949 1188 963 1202 ο
996 1191 1014 1223 ι
1051 1172 1295 1243 Οὐρανὸς
1322 1173 1415 1226 καὶ
1430 1171 1503 1241 γῆ
1519 1171 1612 1224 καὶ
1647 1169 1811 1223 πάντα

1935 1177 1953 1210 ι
2001 1170 2168 1223 terra,
2197 1169 2250 1212 et
2283 1173 2403 1228 quae
2430 1159 2480 1211 in
2514 1159 2667 1212 caelis
2692 1169 2819 1212 sunt
2849 1167 2904 1212 et
2935 1159 2988 1213 in
3021 1168 3168 1213 terra
3201 1161 3458 1218 universa
3489 1179 3520 1216 a

240 1283 258 1315 ι
295 1264 364 1317 τὰ
402 1266 460 1317 ἐν
491 1265 746 1335 οὐρανοῖς
789 1265 884 1318 καὶ
915 1265 1007 1317 ἐπὶ
1027 1264 1128 1335 τῆς
1150 1265 1253 1335 γῆς
1275 1264 1426 1330 ὄντα,
1444 1265 1549 1318 ὑπὸ
1567 1263 1667 1317 τοῦ
1691 1264 1811 1317 Θεοί

1933 1268 1953 1300 ε
2005 1252 2111 1305 Deo
2148 1249 2368 1304 fuerunt
2418 1249 2580 1303 facta.
2636 1248 2751 1304 Hoc
2797 1249 2842 1303 si
2883 1251 3110 1315 credat,
3165 1267 3392 1308 necesse
3437 1266 3524 1309 est

241 1375 259 1407 ‹
295 1357 609 1426 γεγένηται.
635 1358 696 1410 Εί
721 1357 902 1410 τοίνυν
927 1356 1087 1409 τοῦτο
1121 1357 1386 1421 πιστεύοι,
1423 1359 1636 1428 ἀνάγκη
1663 1357 1811 1411 αὐτοι

1936 1359 1952 1391 ι
2002 1342 2144 1409 quod
2184 1341 2458 1410 conspiret
2497 1342 2614 1411 ejus
2649 1341 2836 1410 opinio
2863 1355 2986 1396 cum
3017 1356 3105 1407 es,
3133 1341 3286 1410 Quod
3322 1358 3524 1413 praeter

239 1468 257 1498 ι
301 1450 521 1501 κάκεῖνο
568 1448 969 1520 συνομολογεῖν,
1019 1449 1099 1501 ὅτι
1161 1448 1300 1520 πλὴν
1338 1448 1472 1503 Θεοῦ
1517 1450 1671 1503 οὐδὲν
1713 1450 1829 1502 ἐτε-

241 1561 258 1590 ι
301 1557 412 1610 ρον.
451 1559 472 1590 ι

887 1628 1044 1679 ΚΕΦ.
1100 1627 1175 1681 B'.

343 1719 539 1785 Ὅπως
574 1718 672 1771 καί
691 1715 1028 1778 Ἰουδαΐζιιηι
1054 1719 1128 1788 τῇ
1159 1719 1307 1788 δόξῃ
1328 1721 1715 1791 διελέγχεται.

314 1813 478 1884 Ὁρᾷς
525 1811 776 1863 Ἰουδαῖον
802 1810 913 1880 (72)
944 1812 1222 1882 ἄντικρυς,
1249 1813 1342 1867 τὸν
1390 1816 1668 1889 Μονογενῆ
1697 1815 1826 1871 Υίὸν

1934 1452 1952 1484 ι
2003 1434 2167 1488 Deum
2199 1435 2327 1487 nihil
2359 1442 2498 1487 erat.
2528 1453 2545 1481 ι

2545 1619 2602 1675 »Β
2642 1611 2798 1668 CAP.
2844 1617 2910 1672 Il.

2001 1708 2152 1770 Quod
2185 1706 2478 1759 Judaizore
2506 1709 2922 1772 deprehenditur
2958 1710 3012 1764 in
3054 1714 3299 1779 Opinione
3329 1730 3448 1769 sua.

1999 1797 2160 1851 Vides
2196 1809 2252 1849 ut
2285 1808 2491 1851 tantum
2524 1814 2631 1852 non
2670 1800 2999 1856 seJudzeum
3049 1816 3292 1873 prazstet,
3327 1823 3524 1876 perue-

230 1905 326 1957 τοῦ
357 1903 517 1968 Θεοῦ,
563 1903 630 1956 δι’
654 1896 714 1957 οὗ
761 1903 832 1956 τὰ
873 1905 1050 1957 πάντα
1079 1904 1322 1972 γέγονεν,
1366 1907 1719 1978 ἀρνούμενον.
1758 1910 1811 1961 Ei

1927 1906 2058 1957 guns
2089 1891 2179 1945 Dei
2213 1890 2404 1944 Filium
2438 1891 2806 1961 unigenitum,
2845 1909 2942 1964 per
2984 1911 3145 1965 quem
3175 1901 3356 1956 omnia
3390 1918 3523 1958 con-

232 1997 341 2069 γὰρ
369 1997 510 2068 πλὴν
541 1993 679 2049 Θεοῦ
703 1996 854 2049 οὐδὲν
879 1997 1066 2066 ἕτερον
1098 1993 1166 2068 ἦν
1199 1999 1307 2070 πρὸ
1339 2000 1438 2069 τῆς
1479 1999 1574 2051 τοῦ
1613 2002 1819 2071 κόσμου

231 2091 518 2158 γενέσεως.
549 2092 650 2144 οὐκ
696 2087 764 2162 ἦν
815 2092 923 2161 ἄρα
966 2093 994 2143 6
1035 2091 1180 2154 Υἱός.
1227 2094 1336 2144 Καὶ
1384 2093 1501 2155 πῶς
1549 2094 1726 2148 πάντα
1754 2095 1820 2148 δι’

231 2181 394 2235 αὑτοῦ
427 2183 643 2250 ἐγένετο
680 2183 772 2235 καὶ
805 2184 973 2252 χωρὶς
1008 2183 1172 2236 αὑτοῦ
1206 2185 1421 2252 ἐγένετο
1453 2185 1575 2238 οὐδὲ
1621 2186 1716 2250 ἓν;
1763 2189 1820 2240 '0

235 2277 331 2345 μὲν
355 2271 448 2328 οὖν
493 2277 762 2338 Ἰουδαῖος,
800 2279 828 2330 6
857 2277 947 2330 τὸν
985 2279 1217 2349 Χριστὸν
1250 2277 1344 2331 τοῦ
1385 2279 1519 2332 Θεοῦ
1554 2280 1822 2352 ἀρνούμε-

232 2384 341 2432 νος,
382 2368 488 2438 πρὸ
525 2369 624 2439 τῆς
667 2368 760 2421 τοῦ
796 2370 1000 2440 κόσμου
1037 2370 1303 2438 γενέσεως
1341 2373 1493 2425 οὐδὲν
1524 2367 1635 2426 οἶδε
1680 2373 1820 2446 πλὴν

231 2460 365 2514 Θεοῦ
389 2461 571 2531 μόνου,
593 2461 1112 2532 συμμαρτυροῦντος
1146 2462 1295 2533 αὐτῷ
1328 2464 1650 2536 Μαρκέλλου
1680 2465 1816 2536 (73)°

229 2556 265 2623 η
289 2553 346 2605 δὲ
380 2552 616 2623 Χριστοῦ
634 2553 952 2624 Ἐκκλησία,
987 2554 1085 2605 σὺν
1124 2557 1407 2627 παρρησίᾳ
1437 2557 1587 2629 πάσῃ
1617 2558 1818 2628 σεμνύ-

231 2662 383 2698 νεται
414 2646 646 2712 λέγουσα
667 2663 680 2675 ·
716 2646 890 2714 Ἡμῖν
923 2643 1012 2712 εἷς
1054 2647 1197 2715 Θεὸς
1228 2652 1258 2701 ό
1291 2649 1513 2718 Πατὴρ,
1549 2650 1620 2715 ἐξ
1646 2646 1719 2706 οὗ
1746 2651 1819 2706 τὰ

231 2737 460 2792 πάνταο
497 2737 593 2791 καὶ
631 2736 717 2804 εἷς
758 2740 975 2806 Κύριος
1021 2740 1259 2807 Ἰησοῦς
1297 2742 1572 2810 Χριστός,
1625 2742 1701 2796 δι’
1744 2739 1817 2799 οὗ

232 2829 306 2883 τὰ
334 2828 546 2882 πάντα.
588 2831 756 2883 Ἐπὰν
795 2831 851 2882 δὲ
894 2830 1046 2902 λέγῃ,
1093 2833 1173 2884 Δι’
1197 2829 1269 2888 οὗ
1304 2835 1377 2887 τὰ
1415 2835 1632 2900 πάντα,
1679 2830 1818 2889 οἶδεν

232 2923 394 2975 αὑτὸν
421 2922 526 2993 πρὸ
555 2924 790 2975 πάντων.
835 2923 996 2975 Ὥστε
1028 2925 1132 2995 πρὸ
1177 2925 1278 2994 τῆς
1305 2926 1396 2979 τοῦ
1429 2928 1634 2999 κόσμου
1666 2929 1818 2996 γενέ-

235 3031 371 3078 σεως
386 3017 414 3066 6
435 3015 608 3083 λέγων
629 3015 776 3067 οὐδὲν
793 3015 979 3085 ἕτερον
1002 3012 1138 3068 εἶναι
1165 3015 1303 3087 πλὴν
1337 3017 1474 3070 Θεοῦ
1504 3019 1690 3088 μόνου,
1715 3020 1816 3089 τῆς

234 3106 490 3177 ἀληθείας
528 3106 943 3176 καταψεύδεται.
987 3107 1091 3160 Σὺν
1127 3107 1233 3179 γὰρ
1259 3107 1336 3178 τῷ
1378 3109 1523 3179 μόνῳ
1553 3109 1674 3180 Θεῷ
1722 3112 1814 3164 καὶ

1926 1984 2081 2037 didit.
2137 1985 2410 2054 Siquidem
2468 1994 2667 2052 printer
2721 1987 2891 2041 Deum
2946 1989 3081 2043 nihil
3135 2002 3258 2046 erat
3329 1995 3516 2062 aliud,

1925 2078 2233 2147 priusquam
2289 2077 2520 2132 mundus
2559 2079 3010 2147 producebatur:
3049 2091 3161 2137 tum
3215 2096 3366 2142 certe
3408 2104 3516 2144 non

1924 2179 2042 2224 erat
2071 2167 2269 2236 Filius;
2297 2179 2349 2224 et
2383 2180 2521 2233 tum,
2551 2173 2824 2240 quomodo
2848 2174 3030 2227 omnia
3062 2191 3160 2245 per
3190 2177 3341 2232 illum
3373 2179 3516 2238 facta

1925 2262 2156 2329 fuerant,
2185 2273 2237 2318 et
2269 2263 2388 2316 sine
2417 2276 2482 2316 eo
2528 2263 2734 2318 factum
2765 2275 2847 2319 est
2899 2266 3074 2320 nihil?
3103 2266 3264 2324 Certe
3300 2270 3518 2330 Iudaeus

1923 2356 2013 2424 qui
2044 2355 2318 2410 Christum
2352 2369 2471 2409 esse
2501 2364 2766 2426 pernegat
2794 2357 2885 2410 Dei
2919 2355 3139 2425 Filium,
3171 2370 3298 2417 ante
3325 2367 3515 2420 mundi

1922 2452 2367 2507 constitutionem
2394 2460 2652 2520 agnoscet
2673 2452 2947 2506 exstitisse
2972 2452 3131 2520 plane
3157 2455 3290 2509 nihil
3317 2470 3516 2526 praeter

1921 2544 2092 2600 solum
2125 2544 2291 2618 Deum
2321 2561 2335 2597 :
2373 2547 2460 2597 cui
2503 2545 2753 2612 perhibet
2786 2543 3074 2601 Marcellus
3110 2550 3509 2608 testimonium.

1921 2642 1990 2695 At
2036 2638 2240 2695 Christi
2293 2638 2565 2704 Ecclesia,
2614 2656 2737 2694 cum
2785 2641 2934 2695 omni
2972 2641 3224 2699 libertate
3275 2646 3514 2713 gloriose

1921 2733 2243 2804 proﬁtetur:
2281 2731 2448 2785 Nobis
2481 2749 2620 2786 unus
2668 2732 2808 2786 Deus
2856 2743 2933 2786 est
2971 2732 3155 2801 Pater,
3192 2752 3219 2789 e
3250 2753 3354 2806 quo
3387 2749 3512 2793 sunt

1920 2828 2136 2881 omnia:
2167 2836 2215 2880 et
2248 2842 2382 2878 unus
2421 2824 2678 2878 Dominus
2722 2824 2880 2880 Jesus
2927 2825 3190 2894 Christus,
3235 2848 3328 2897 per
3357 2849 3512 2903 quem

1909 2900 2045 2974 ~sunt
2079 2919 2254 2972 omnia
2286 2919 2352 2968 ⁶¹¹.
2413 2915 2547 2970 Cum
2595 2932 2726 2972 vero
2785 2919 2931 2974 dicat
2969 2935 2982 2969 :
3024 2919 3130 2976 Per
3185 2940 3340 2993 quem
3369 2900 3512 2981 sunt

1920 3012 2119 3076 omnia,
2150 3013 2298 3064 illum
2330 3010 2577 3079 agnoscit
2605 3019 2734 3064 ante
2760 3014 2967 3067 omnia.
2997 3014 3150 3069 Adeo
3177 3026 3236 3069 ut
3267 3019 3358 3087 qui
3396 3028 3514 3073 tue-

1921 3114 2027 3168 tur,
2077 3112 2202 3157 ante
2247 3104 2506 3157 mundum
2554 3103 2872 3166 conditum,
2909 3104 3045 3158 nihil
3093 3107 3315 3162 omnino
3362 3110 3513 3166 aliud

233 3200 263 3250 6
289 3198 595 3267 Μονογινὴς
610 3197 778 3251 αὐτοῦ
797 3198 922 3261 Υἱὸς
945 3193 1013 3268 ἦν
1043 3199 1149 3268 πρὸ
1170 3199 1270 3268 τῆς
1285 3202 1379 3253 τοῦ
1395 3201 1600 3270 κόσμου
1620 3203 1811 3256 συστά-

1922 3195 2091 3250 fuisse
2129 3205 2324 3266 praeter
2367 3193 2573 3257 Deum,
2627 3195 2911 3249 veritatem
2965 3198 3135 3266 ipsam
3192 3201 3507 3257 mentiatur.

237 3305 394 3351 σεως,
424 3289 516 3341 καὶ
543 3289 621 3358 τῷ
665 3289 842 3358 Πατρὶ
875 3289 1058 3360 συνῆν.
1107 3290 1277 3342 Τοῦτο
1317 3291 1418 3362 γὰρ
1453 3292 1657 3359 ἐδίδαξε
1701 3293 1816 3364 (Ἠ)

233 3380 328 3433 νῦν
348 3380 440 3433 καὶ
467 3381 494 3432 6
524 3381 712 3432 εἰπών·
741 3381 860 3433 Ἐπ’
876 3379 1141 3448 ἐσχάτου
1165 3382 1274 3452 (75)
1299 3381 1418 3436 τῶν
1430 3383 1666 3452 ἡμερῶν
1691 3386 1818 3439 τού-

230 3489 347 3524 των
362 3472 670 3539 ἐλάλησεν
703 3472 850 3540 ἡμῖν
870 3473 940 3524 ἐν
972 3472 1101 3536 Υἱῷ,
1128 3473 1201 3525 ὃν
1231 3475 1411 3541 ἔθηκε
1435 3477 1817 3545 κληρονόμον

229 3563 490 3630 πάντων,
523 3565 597 3618 δι’
628 3561 700 3620 οὗ
738 3566 833 3618 καὶ
878 3566 1129 3632 ἐποίησε
1167 3567 1308 3632 τοὺς
1336 3566 1581 3633 αἰῶνας.
1619 3571 1727 3622 Καὶ
1758 3571 1816 3622 ἐν

229 3658 558 3728 Παροιμίαις
583 3657 669 3710 διὰ
691 3657 1055 3727 Σολομῶντος,
1075 3658 1236 3720 αὐτὸς
1263 3660 1290 3710 6
1322 3659 1445 3722 Υἱὸς
1475 3660 1603 3731 περὶ
1620 3661 1814 3714 ἑαυτοῦ

229 3747 467 3802 διδάσκει
502 3747 707 3815 λέγων·
779 3748 988 3801 Ἠνίκα
1031 3747 1311 3815 ἡτοίμαζε
1359 3746 1467 3799 τὸν
1513 3747 1812 3815 οὐρανὸν,

229 3841 641 3910 συμπαρήμην
681 3839 858 3904 αὐτῷ.
899 3839 1058 3893 Ἀλλὰ
1096 3840 1210 3892 καί’
1235 3839 1426 3904 Αὐτὸς
1452 3839 1533 3906 ἦν
1563 3839 1628 3892 τὸ
1665 3839 1812 3908 φῶς,

227 3934 320 3987 τὸ⁸
346 3931 593 4002 φωτίζον
626 3933 824 3985 πάντα
859 3932 1175 3999 ἄνθρωπον
1211 3933 1541 4000 ἐρχόμενον
1573 3935 1660 3997 είς
1706 3930 1816 3984 τὸν

228 4028 477 4096 κόσμον.
517 4025 758 4096 Ἐπειδὴ’
805 4026 901 4076 Ἐν
950 4023 1028 4089 τῷ
1064 4025 1268 4092 κόσμῳ
1289 4020 1368 4093 ἦν
1396 4026 1490 4078 καὶ
1517 4028 1549 4078 ό
1585 4028 1814 4093 κόσμος

227 4119 300 4171 δι’
319 4118 501 4172 αὐτοῦ
525 4118 780 4188 ἐγένετο.
806 4119 867 4169 Εἰ
895 4117 949 4169 δὲ
981 4119 1008 4169 6
1043 4116 1246 4186 κόσμος
1283 4117 1351 4170 δι’
1376 4116 1543 4170 αὑτοῦ
1574 4118 1809 4186 ἐγένετο,

224 4213 402 4284 δῆλον,
443 4215 516 4277 ὡς
565 4214 883 4285 προϋπῆρχε
928 4211 1021 4264 τοῦ
1063 4212 1293 4282 κόσμου.
1346 4215 1460 4266 Οὐκ
1497 4213 1608 4285 ἄρα
1651 4214 1812 4283 μόνος

225 4305 293 4381 ἦν
315 4311 342 4360 6
373 4309 502 4370 Θεὸς
532 4309 637 4379 πρὸ
665 4309 765 4378 τῆς
803 4308 894 4360 τοῦ
929 4308 1134 4376 κόσμου
1181 4309 1491 4370 συστάσεως
1513 4325 1525 4337 ·
1561 4309 1726 4378 συνῆν
1752 4307 1811 4360 δὲ

227 4399 374 4469 αὑτῷ
402 4401 429 4451 6
449 4399 759 4469 Μονογενὴς
803 4398 968 4452 αὐτοῦ
999 4398 1146 4461 Υἱὸς,
1181 4400 1259 4460 είς
1291 4397 1350 4448 ὃν
1371 4397 1592 4468 ἀφορῶν
1633 4399 1660 4450 6
1701 4398 1811 4449 Πα-

225 4494 330 4564 τὴρ
375 4494 622 4563 ἔχαιρεν,
659 4493 733 4554 ὡς
771 4492 1008 4546 διδάσκει
1048 4491 1230 4554 αὐτὸς,
1262 4491 1336 4544 ὢν
1368 4491 1480 4560 (76)
1537 4493 1570 4560 ἡ
1623 4491 1804 4559 σοφία,

1921 3287 2040 3344 Una
2067 3288 2265 3342 etenim
2299 3300 2422 3340 cum
2462 3285 2552 3338 illo
2583 3285 2697 3340 solo
2732 3283 2862 3353 Deo,
2907 3293 2962 3342 et
2993 3289 3305 3359 unigenitus
3341 3293 3515 3362 ipsius

1919 3381 2086 3437 Filius
2111 3389 2228 3436 erat
2252 3389 2378 3436 ante
2409 3379 2596 3436 mundi
2625 3381 3039 3449 productionem
3068 3396 3083 3437 :
3112 3392 3168 3437 et
3195 3399 3318 3438 cum
3349 3384 3512 3442 Patre

1917 3473 2368 3527 conversabatur.
2414 3471 2528 3527 Hoc
2571 3472 2773 3527 etenim
2804 3473 3022 3526 edocuit
3071 3474 3116 3527 is
3178 3476 3272 3545 qui
3323 3477 3510 3534 dixit:

1917 3564 1984 3618 In
2007 3564 2390 3619 novissimishis
2412 3564 2614 3629 diebus,
2637 3565 2843 3618 locutus
2867 3575 2941 3618 est
2971 3566 3122 3619 nobis
3146 3567 3198 3620 in
3213 3565 3357 3621 Filio
3388 3586 3507 3634 suo,

1915 3673 2069 3727 quem
2100 3657 2274 3724 posuit
2308 3657 2567 3711 hwredem
2605 3659 2861 3722 omnium,
2909 3675 3002 3728 per
3032 3676 3184 3730 quem
3223 3672 3272 3715 et
3308 3668 3511 3718 uetula

1917 3751 2155 3806 condidit
2177 3751 2241 3805 ”.
2272 3751 2335 3805 Et
2369 3752 2422 3804 in
2464 3751 2773 3806 Proverbiis
2804 3767 2902 3822 per
2933 3751 3308 3820 Salomonem,
3336 3755 3508 3812 Filius

1918 3847 2031 3916 ipse
2058 3847 2123 3900 de
2151 3862 2209 3900 se
2233 3845 2436 3909 docuit,
2465 3845 2598 3900 Cum
2631 3857 2842 3916 pararet
2874 3849 3082 3908 cretum,
3116 3850 3332 3903 aderam
3369 3852 3418 3905 ei
3439 3853 3504 3906 “.

1917 3937 2021 3992 Sed
2051 3947 2104 3993 et
2125 3939 2252 3992 Erat
2295 3938 2404 4008 ipse
2438 3938 2550 4005 lux,
2577 3940 2885 3994 illuminans
2910 3957 3110 3994 omnem
3133 3942 3394 3996 hominem
3421 3961 3511 3997 ue—

1916 4031 2140 4085 nientem
2161 4032 2214 4083 in
2235 4030 2372 4082 hunc
2394 4032 2646 4084 mundum
2663 4031 2725 4083 ⁸⁸.
2742 4030 3210 4100 Quandoquidem,
3227 4033 3292 4088 In
3311 4041 3511 4092 mundo

1914 4131 2112 4189 erat,et
2136 4126 2360 4176 mundus
2376 4138 2464 4190 per
2485 4124 2653 4187 ipsum
2678 4121 2854 4191 factus
2885 4123 2985 4191 fuit
3004 4123 3050 4154 ⁸⁸
3086 4126 3237 4189 Quod
3261 4126 3305 4179 si
3333 4127 3507 4181 factus

1915 4213 2014 4268 fuit
2042 4230 2140 4285 per
2170 4216 2344 4285 ipsum
2383 4218 2637 4278 mundus,
2669 4226 2818 4270 certe
2854 4227 3000 4284 patet
3038 4216 3169 4271 illud
3202 4220 3348 4287 quod
3377 4233 3508 4274 ante

1915 4307 2175 4360 mundum
2213 4304 2390 4359 fuerat
2418 4305 2553 4373 ipse.
2583 4306 2848 4371 Quocirca
2883 4305 3052 4370 solus,
3083 4317 3208 4360 ante
3244 4309 3505 4365 mundum

1914 4398 2188 4452 conditum
2240 4413 2344 4451 non
2390 4407 2507 4450 erat
2555 4397 2696 4452 Deus
2736 4416 2749 4450 :
2797 4391 3226 4454 conversabatur
3268 4416 3390 4456 cum
3439 4419 3507 4459 eo

1915 4490 2222 4559 unigenitus
2248 4489 2364 4558 ejus
2398 4488 2585 4556 Filius,
2626 4491 2677 4543 in
2707 4504 2866 4558 quem
2897 4505 3019 4544 cum
3054 4490 3219 4545 Pater
3252 4493 3502 4550 intueba-

226 4585 395 4653 λέγων
438 4587 495 4637 ἐν
540 4586 900 4655 Παροιμίαις·
952 4582 1100 4652 Ἐγὼ
1148 4582 1312 4651 ἤμην
1347 4578 1388 4654 ᾖ
1441 4582 1807 4651 προσέχαιρε

1917 4590 2022 4642 tur,
2055 4581 2359 4650 gaudebat,
2398 4581 2541 4650 quod
2591 4581 2704 4649 ipse
2753 4593 2853 4634 nos
2887 4581 3102 4646 docuit,
3141 4582 3228 4636 illa
3273 4584 3326 4639 in
3365 4583 3502 4642 Pro-

227 4679 352 4730 καθ’
379 4678 625 4746 ἡμέραν.
663 4677 774 4730 Καὶ
815 4677 975 4739 αὐτὸς
1003 4676 1060 4728 δὲ
1093 4677 1121 4728 ὁ
1160 4677 1309 4740 Υἱὸς,
1357 4677 1480 4739 ταῖς
1509 4677 1806 4746 πατρικαῖς

225 4770 449 4834 ἐννοίαις
500 4771 819 4834 ἐνατενίζων
852 4811 864 4833 ,
931 4769 1272 4840 εὐφροσύνης
1335 4769 1659 4840 ἐπληροῦτο.
1715 4768 1806 4820 Διό

227 4877 406 4930 φησιν’
445 4863 874 4929 Ηὺςοραινόμην
901 4861 968 4913 δὲ
1006 4861 1264 4914 ἐνώπιον
1301 4861 1488 4915 αὐτοῦ
1519 4863 1588 4914 ἐν
1623 4859 1807 4915 παντὶ

224 4951 422 5019 καιρῷ.
472 4951 659 5006 Ταῦτα
695 4954 791 5022 μὲν
827 4955 862 5023 ἡ
893 4953 1132 5024 Χριστοῦ
1149 4953 1446 5023 Ἐκκλησία
1494 4955 1562 5006 τὰ
1605 4953 1805 5024 εὐσεϐῆ

225 5047 316 5100 καὶ
350 5047 468 5100 Θεῖα
497 5047 771 5117 μυστήρια
797 5046 1192 5101 παραλαϐοῦσα
1221 5047 1501 5117 φυλάττει.
1550 5046 1607 5098 ὐ
1641 5046 1694 5099 δὲ
1721 5046 1808 5097 λέ-

231 5171 287 5227 ›Ι‹
325 5165 418 5220 Ed.
462 5165 638 5222 Paris.
676 5183 799 5236 pag.
838 5167 962 5220 106.

297 5238 338 5266 ⁶²
380 5237 550 5293 ICor.
578 5255 706 5303 vni,
737 5237 789 5291 6.
905 5239 950 5269 ⁸³
989 5236 1157 5293 Hebr.
1210 5255 1261 5304 ι,
1307 5238 1362 5292 2.

226 5306 312 5358 50.
386 5309 432 5339 ⁸⁸
473 5309 602 5363 ibid.

288 5403 397 5542 (7οζ
427 5405 600 5460 Μόνον
624 5405 710 5460 ἀλ.
741 5425 793 5458 κ.
827 5423 922 5477 πρ.
955 5406 1000 5459 δ.
1039 5405 1199 5473 vulgo
1225 5422 1332 5458 om.

291 5475 368 5542 (7i
435 5476 624 5530 Οὐδὲν
675 5478 878 5542 ἕτερον
920 5473 999 5542 ἦν
1051 5476 1221 5542 πλὴν
1264 5495 1330 5531 το

291 5478 397 5544 (71)
435 5478 624 5530 οὐδὲν
675 5478 878 5544 ἕτερον
920 5478 999 5546 ἦν
1051 5478 1221 5544 πλὴν
1264 5478 1370 5532 τοῦ
1406 5478 1574 5532 Θεοῦ.
1635 5478 1789 5530 Solus

225 5543 364 5618 Deus
398 5560 515 5599 erat
555 5560 807 5601 creatura
859 5551 1023 5612 nulla,
1064 5550 1165 5602 hoc
1197 5551 1357 5603 IOtics
1386 5552 1610 5618 urgebat
1644 5546 1789 5599 Mar-

225 5615 622 5689 celius,coutra
673 5619 968 5682 Asterium,
1025 5619 1116 5689 qui
1160 5618 1432 5673 Christum
1457 5615 1792 5672 'creaturam

226 5687 471 5757 docebat.
502 5691 593 5740 sed
651 5690 835 5742 multis
896 5687 1106 5744 saeculis
1162 5691 1361 5742 mundo
1405 5690 1791 5757 antiquiorem.

228 5753 504 5832 Eusebius,
553 5760 766 5832 Asterio
800 5760 1117 5832 σύμψηφος,
1161 5753 1797 5832 arreptuminterpreta-

230 5833 313 5876 tur
333 5813 546 5890 millies,
580 5829 644 5882 de
680 5813 883 5899 negata.
912 5813 1388 5900 Ii‘iii‘iwi'iypiistasi.
1447 5829 1516 5886 Μ.
1553 5813 1791 5883 -Ἰιιῐτα

227 5900 379 5965 vulgo
406 5901 559 5952 αὑτὸν
604 5902 862 5969 κάκείνῳ.

1478 5238 1524 5268 ⁸⁸
1565 5236 1728 5292 Prov.
1778 5250 1899 5300 vm,
1947 5233 2038 5287 27.

1913 4674 2120 4729 verbiis
2151 4673 2451 4742 Sapientia,
2493 4675 2784 4743 inquiens:
2821 4673 2933 4744 Ego
2963 4691 3108 4730 eram
3135 4679 3189 4729 in
3221 4693 3326 4746 qua
3371 4695 3506 4748 gau-

1913 4766 2065 4819 debat
2097 4767 2344 4820 continuo
2368 4765 2433 4816 °'.
2482 4765 2586 4819 Sed
2631 4776 2686 4820 et
2728 4769 2957 4836 Ipsemet
2995 4767 3162 4824 Filius
3193 4771 3508 4838 replebatur

1913 4855 2308 4922 oblectatione,
2355 4857 2478 4909 dum
2515 4859 2565 4911 in
2619 4866 2872 4926 paternas
2923 4859 3283 4929 cogitationes
3320 4861 3502 4918 intue-

1915 4958 2088 5004 retur.
2117 4947 2379 5014 Quocirca
2411 4948 2573 5014 dixit,
2611 4949 2924 5004 Oblectabar
2960 4965 3137 5005 autem
3167 4968 3347 5007 coram
3383 4955 3504 5019 illo,

1915 5044 2057 5094 omni
2112 5053 2337 5108 tempore
2375 5039 2442 5092 ⁸⁸.
2494 5037 2620 5094 Haec
2678 5053 2804 5096 sunt
2865 5041 2970 5112 illa,
3007 5047 3261 5115 mysteria
3312 5060 3503 5101 sacro-

2151 5233 2196 5264 “
2233 5228 2393 5284 Joan.
2438 5246 2488 5295 i,
2521 5233 2575 5288 9.
2671 5233 2716 5265 ⁸⁸
2757 5235 2886 5291 ibid.
2921 5235 3006 5290 i0.

3105 5237 3146 5269 "
3188 5235 3351 5292 Prov.
3382 5253 3502 5306 vut,

2001 5401 2091 5472 72)
2136 5401 2448 5474 Ἰουδαῖον-λ
2479 5401 2615 5474 Nam
2663 5398 2836 5458 ἆυᾱωί
2869 5443 2884 5468 ,
2947 5403 3331 5474 paternitatem
3391 5403 3504 5460 Deo

435 5476 624 5530 Οὐδὲν
675 5463 886 5544 ἕτερον’
920 5473 999 5546 ἦν
1051 5463 1221 5544 πλῆν
1264 5478 1370 5532 τοῦ
1406 5477 1574 5532 Θεοῦ.
1635 5475 1794 5530 Solus

1917 5463 2289 5546 letrahebant,
2309 5463 2481 5546 αὐτῷ.
2511 5470 2587 5546 M_.

1977 5543 2092 5612 (7'5)
2147 5542 2509 5609 Μαρκέλλῳ.
2562 5541 2699 5595 Tum
2760 5541 3050 5613 legendum
3120 5543 3389 5609 Ἰουδαῖοι,
3447 5557 3503 5601 et

1905 5613 2446 5686 συμμαρτυροῦντες,
2469 5613 2709 5686 higergo
2731 5630 2954 5686 repone,
2980 5614 3328 5686 Μαρκέλλου,
3355 5621 3500 5686 quod

1903 5683 2031 5758 cuni
2052 5683 2214 5758 imin
2247 5683 2357 5758 Mp.
2386 5693 2488 5758 est.
2523 5683 2604 5739 M.
2632 5683 2701 5723 ὲ
2731 5683 2852 5739 Mox
2890 5689 3050 5758 vulgo
3083 5683 3258 5755 λέγοι.

1977 5756 2093 5828 (34)
2133 5755 2257 5828 Mss-
2297 5755 2470 5828 ἡμᾶςτ
2872 5826 2879 5828 _
2937 5811 2940 5815 .

1974 5825 2086 5894 (75)
2133 5825 2299 5893 Vulgo
2323 5825 2582 5895 ἐσχάτων
2613 5838 2666 5880 et
2698 5842 2818 5881 mox
2854 5826 3136 5883 ἁπάντων.

1972 5901 2086 5970 (76)
2131 5899 2191 5952 Ἠ
2226 5900 2430 5966 σοφία,
2467 5899 2563 5950 καὶ
2594 5899 2811 5969 λόγων.
2841 5900 2933 5956 Sic
2963 5901 3173 5972 legend.
3212 5900 3288 5953 M.
