4106 6406
704 397 807 451 903

1366 390 1632 448 EUSEBII
1674 390 2155 448 CESARIENSIS
2192 390 2347 449 OPP.
2390 393 2571 447 PARS
2609 393 2675 447 IV
2743 423 2812 431 —
2852 390 3275 446 DOGMATICA.
3865 398 3945 453 θοι

705 520 906 575 sancta,
937 524 1054 579 quae
1083 507 1248 564 semel
1286 516 1507 577 accepta
1548 506 1747 563 Christi
1784 508 2019 563 Ecclesia
2051 508 2140 579 pie
2176 524 2265 563 cu-

2374 529 2507 579 γων,
2541 529 2560 562 ι
2601 514 2769 583 μήπω
2818 509 2911 563 τοῦ
2965 510 3171 579 κόσμου
3220 507 3527 576 γεγονότος
3580 504 3749 576 μηδὲν
3795 505 3948 578 ἓτερον

702 604 885 658 stodit.
911 600 960 656 ls
990 616 1143 665 vero,
1168 601 1258 670 qui
1279 610 1481 665 tuetur,
1501 618 1520 653 ι
1547 611 1673 656 ante
1691 602 1945 655 mundum
1977 604 2272 666 conditum,

702 694 832 749 nihil
850 704 1044 762 praeter
1066 693 1237 748 solum
1260 692 1424 745 Deum
1444 694 1743 757 exstitisse,
1770 712 1788 743 ι
1819 707 1850 745 e
1875 692 2085 746 duobus
2110 708 2271 746 unum

700 786 1008 841 necessario
1039 784 1334 849 constituit,
1364 782 1658 839 Sabellium
1699 798 1777 847 se,
1806 783 1888 837 vel
1919 781 2185 838 Judaeum.
2210 790 2268 847 >14

700 876 833 931 Nam
865 878 907 932 si
944 878 1010 933 de
1036 877 1115 931 sui
1151 876 1311 929 animi
1347 875 1615 930 sententia
1651 873 1845 929 Filium
1881 886 2062 944 neget,
2096 876 2270 929 solum

701 970 869 1024 Deum
901 966 1192 1038 professus,
1236 965 1452 1021 Iudaeus
1502 977 1584 1022 est
1628 967 1718 1036 qui
1766 966 2040 1022 Christum
2078 968 2271 1037 rejicit.

704 1061 797 1116 Vel
820 1062 863 1117 si
897 1060 1069 1114 Verbo
1100 1070 1256 1115 tenus
1286 1059 1529 1130 agnoscit
1554 1058 1677 1113 Filii
1710 1058 2066 1122 vocabulum,
2096 1060 2270 1127 ipsum

700 1163 879 1208 autem
912 1152 1103 1211 Filium
1138 1167 1257 1208 esse
1294 1168 1459 1207 unum
1490 1150 1658 1205 Deum
1699 1150 1868 1215 dicat,
1897 1167 2061 1204 unum
2110 1158 2273 1220 atque

700 1246 969 1313 eumdem,
999 1245 1069 1299 ita
1100 1252 1156 1299 et
1187 1243 1396 1297 Patrem
1426 1253 1480 1297 et
1506 1242 1705 1298 Filium
1732 1242 2110 1297 arbitrabitur.
2136 1242 2271 1298 Nam

699 1340 745 1393 si
777 1347 903 1395 ante
930 1339 1210 1403 mundum,
1234 1337 1365 1391 nihil
1393 1334 1641 1391 exstabat
1672 1336 1829 1407 plane
1854 1347 2050 1405 praeter
2080 1335 2269 1401 Deum,

701 1432 816 1501 ipse
850 1431 934 1488 vel
978 1430 1138 1488 Pater
1165 1438 1219 1487 et
1250 1429 1416 1486 Filius
1471 1430 1633 1486 simul
1668 1432 1773 1486 erit
1802 1451 1815 1485 :
1861 1431 1941 1487 vel
1976 1442 2127 1487 certe
2168 1448 2271 1487 non

698 1526 948 1592 genuerit
984 1523 1173 1579 lilium.

1340 1615 1492 1672 CAP.
1536 1615 1624 1672 III.

701 1705 969 1773 Quomodo
1008 1706 1103 1760 Dei
1146 1705 1368 1777 Verbum
1410 1709 1465 1760 in
1514 1707 1621 1761 Deo
1659 1708 1933 1772 exaislens,
1963 1710 2075 1762 sine
2124 1710 2271 1777 prin-

1063 1777 1197 1843 cipio
1224 1776 1477 1845 deﬁnivit,
1506 1788 1553 1831 et
1589 1778 1905 1847 ingenitum.

766 1867 872 1923 Sed
921 1834 1131 1921 videtur
1170 1834 1625 1930 Earcellus'eum,
1649 1834 1743 1935 qui
1782 1868 1833 1920 in
1875 1867 1981 1921 Deo
2014 1878 2133 1922 erat
2168 1867 2269 1923 Lo-
2300 1834 2365 1943 Β.

698 1975 821 2029 gon,
857 1960 1150 2015 secundum
1183 1975 1342 2029 quem
1381 1952 1581 2028 logicos
1630 1958 1969 2028 intelligitur,
2017 1959 2264 2013 eumdem

696 2061 816 2101 esse
854 2054 907 2103 et
937 2046 1131 2101 Filium
1170 2048 1460 2107 arbitrari:
1494 2058 1553 2102 ut
1591 2048 1665 2102 ita
1699 2048 1814 2117 ipse
1860 2049 1929 2102 sit
1969 2049 2051 2103 sui
2101 2048 2270 2117 ipsius

696 2136 883 2203 Pater,
909 2148 965 2192 et
990 2152 1021 2191 o
1048 2152 1309 2192 converso
1334 2136 1418 2191 sui
1449 2137 1619 2208 ipsius
1646 2138 1837 2194 Filius.
1868 2140 2087 2194 Audisis
2115 2155 2267 2210 ergo,

695 2244 816 2298 qua:
847 2230 1065 2284 totidem
1092 2230 1270 2287 verbis
1293 2232 1512 2301 scripsit
1538 2248 1553 2285 :
1585 2229 1655 2304 [Β
1692 2230 1826 2286 XCII
1858 2232 1985 2287 coll.
2013 2248 2066 2303 p.
2100 2233 2169 2288 59
2200 2233 2261 2306 Β]

700 2341 720 2373 ε
760 2322 901 2376 Ante
958 2322 1196 2379 universi
1247 2325 1658 2389 conditionem,
1708 2335 1865 2390 erat,
1919 2333 1980 2379 ut
2029 2326 2265 2391 videtur,

700 2430 721 2464 ε
767 2412 923 2482 quies
953 2412 1091 2479 alta,
1137 2414 1192 2469 in
1241 2413 1354 2470 Deo
1399 2415 1575 2471 Verbo
1626 2417 1925 2471 exsistente
1972 2434 1987 2485 ς
2028 2417 2072 2472 si
2126 2417 2269 2472 enim

701 2521 722 2557 ι
767 2504 953 2559 credat
988 2505 1232 2560 Asterius
1270 2504 1437 2561 Deum
1473 2520 1594 2561 esse
1627 2507 1867 2562 universi
1911 2507 2268 2573 conditorem,

701 2611 721 2644 ε
767 2603 912 2648 certe
954 2594 1106 2650 nobis
1150 2595 1278 2649 illud
1324 2610 1687 2651 concessurus
1714 2606 1833 2661 est,
1866 2596 2013 2651 illum
2056 2612 2272 2668 semper

701 2703 723 2736 ι
768 2686 1064 2749 exstitisse,
1109 2702 1384 2757 nunquam
1435 2688 1731 2744 exsistendi
1778 2688 2105 2757 principium
2146 2702 2267 2744 sor-

701 2794 721 2826 ε
768 2778 942 2840 titum,
985 2779 1167 2831 omnia
1216 2788 1394 2833 autem
1446 2779 1516 2833 ab
1564 2777 1655 2832 illo
1686 2778 1829 2832 facta
1887 2777 2080 2843 fuisse,
2122 2780 2269 2833 etde

700 2888 719 2920 ε
765 2868 933 2922 nihilo
981 2868 1187 2923 facta.»
1237 2868 1399 2925 Vides
1440 2880 1501 2924 ut
1550 2871 1718 2925 Deum
1763 2878 2011 2925 statuens
2063 2871 2268 2939 absque

692 2961 837 3013 omni
872 2961 1134 3031 principio
1165 2958 1401 3016 Verbum
1433 2962 1579 3032 quod
1620 2962 1672 3016 in
1712 2960 1803 3017 illo
1833 2970 1974 3029 erat,
2006 2964 2057 3017 in
2086 2964 2269 3033 quiete

693 3050 922 3111 statuit,
975 3060 1100 3105 ante
1174 3050 1359 3107 mundi
1436 3051 1818 3117 condituram,
1886 3053 2265 3108 constitutum.

693 3139 879 3211 Pergit
911 3156 1090 3211 porro,
1134 3150 1189 3197 et
1224 3143 1465 3213 adiungit
1510 3160 1524 3196 :
1580 3160 1600 3195 ι
1642 3140 1700 3197 Si
1749 3142 1895 3197 istud
1937 3140 2161 3209 credat,
2213 3155 2269 3199 et

2378 599 2515 656 εἶναι
2555 603 2695 673 πλὴν
2725 601 2861 655 Θεοῦ
2902 602 3085 671 μόνου,
3119 620 3137 650 ι
3176 600 3323 652 δυεῖν
3350 598 3601 669 θάτερον
3629 597 3816 650 ἑαυτὸν
3846 599 3947 651 ὄντα

2377 696 2636 767 παρίστη,
2670 694 2703 765 ἢ
2752 694 3025 754 Ἰουδαῖον,
3056 694 3088 763 ἢ
3120 691 3442 745 Σαὸέλ>.ιον.
3482 691 3556 743 Ἦ
3602 688 3715 761 γὰρ
3758 689 3947 743 αὐτόθεν

2374 785 2701 856 ἀρνούμενος
2738 785 2831 837 τὸν
2880 784 3028 849 Υἰὺν,
3059 783 3193 836 Θεὸν
3223 783 3280 835 δὲ
3338 783 3517 853 μόνον
3552 781 3805 850 εἰσάγων,
3840 781 3943 835 Ἰου-

2373 878 2521 940 δαῖος
2590 876 2741 929 ἔσται
2790 876 2885 929 τὸν
2930 875 3167 947 Χριστὸν
3220 874 3665 945 ἀρνούμενοςυῆ
3703 874 3850 945 μέχρι
3879 874 3945 924 λό-

2374 987 2468 1037 γου
2500 968 2613 1041 (77)
2641 968 2739 1039 τὴν
2772 968 2867 1021 τοῦ
2884 967 3011 1022 Υίοῦ
3030 968 3332 1040 πρόσρησιν
3363 966 3945 1037 ἁποδεχόμενος,αὑτδν

2371 1062 2415 1114 δ’
2450 1057 2589 1114 εἶναι
2622 1060 2852 1130 φάσκων
2886 1060 2982 1114 τὸν
3036 1060 3136 1115 ἕνα
3178 1059 3332 1123 Θεὸν,
3393 1058 3534 1112 Υίὸν
3567 1059 3707 1129 όμοῦ
3740 1058 3841 1128 (78)
3870 1061 3944 1110 καὶ

2374 1154 2610 1225 Πατέρα,
2640 1154 2731 1205 τὸν
2760 1151 3048 1206 Σαόἐλλιον
3076 1151 3463 1207 ὲνανεώσεται.
3500 1151 3571 1204 El
3603 1150 3713 1222 γὰρ
3745 1148 3840 1222 πρὸ
3866 1148 3942 1201 τοῦ

2373 1245 2576 1315 κόσμου
2610 1244 2763 1296 οὐδὲν
2789 1243 2978 1314 ἓτερον
3006 1238 3077 1314 ἦν
3106 1242 3245 1313 πλὴν
3267 1242 3433 1308 Θεοῦ,
3492 1242 3666 1305 αὐτὸς
3688 1240 3829 1294 ἔσται
3852 1240 3942 1292 Ila-

2372 1333 2473 1405 τὴρ
2498 1335 2591 1388 καὶ
2619 1334 2767 1400 Υίὸς,
2796 1335 2830 1405 ἢ
2857 1334 2980 1387 οὐδὲ
3006 1334 3117 1399 ἕξει
3151 1336 3283 1387 υἱόν.

3041 1605 3198 1658 ΚΕΦ.
3241 1604 3315 1657 Γ’.

2374 1687 2573 1753 Ὅπως
2598 1688 2706 1743 τὸν
2726 1691 2918 1760 Λόγον
2946 1691 3055 1746 τοῦ
3079 1693 3228 1747 Θεοῦ
3254 1694 3324 1747 ἐν
3354 1691 3441 1759 τῷ
3472 1690 3603 1758 Θεῷ
3622 1691 3769 1746 ὄντα
3786 1691 3938 1760 bap-

2590 1776 2704 1829 χον
2726 1758 2879 1818 εἶναι
2906 1762 3005 1816 καὶ
3044 1763 3379 1833 ἀγέννητον
3410 1758 3691 1832 ὡρίζετο.

2455 1852 2592 1905 Ἀλλ’
2623 1852 2767 1907 ἔοικε
2793 1853 3114 1924 Μάρκελλος
3130 1856 3220 1910 τὸν
3248 1859 3306 1909 ὲν
3338 1854 3498 1922 αὐτῷ
3529 1854 3612 1927 τῷ
3641 1854 3762 1926 Θεῷ
3774 1854 3939 1923 Λόγον,

2370 1945 2491 1999 καθ’
2508 1946 2568 2000 ὃν
2584 1946 2796 2017 λογικὸς
2824 1949 3046 2011 νοεῖται,
3068 1947 3248 2002 τοῦτον
3273 1944 3415 2002 εἶναι
3445 1949 3689 2019 φάσκειν
3703 1949 3793 2001 σὺν
3813 1948 3939 2001 Υίόψ

2370 2038 2510 2092 ὥστε
2536 2034 2677 2093 εἶναι
2709 2038 2874 2092 αὑτὸν
2897 2039 3092 2093 ἑαυτοῦ
3126 2040 3347 2113 Πατέρα
3375 2041 3473 2095 καὶ
3499 2037 3572 2095 αὖ
3612 2041 3774 2096 πάλιν
3801 2040 3942 2093 αὑτὸν

2371 2130 2565 2184 ἑαυτοῦ
2594 2131 2741 2186 Υίόν.
2776 2132 3109 2187 Ἐπάκουσον
3133 2131 3266 2201 γοῦν
3301 2132 3411 2186 τῶν
3452 2133 3628 2188 αὑτοῦ
3654 2133 3858 2203 φωνῶν,
3887 2132 3940 2185 δι’

2369 2216 2442 2277 ὧν
2472 2220 2660 2277 τοῦτον
2700 2223 2901 2294 γράφει
2937 2224 3032 2278 τὸν
3075 2225 3276 2295 τρόπον
3302 2242 3315 2255 ·
3354 2244 3373 2275 ι
3414 2226 3532 2298 Πρὸ
3577 2226 3691 2297 γὰρ
3732 2226 3827 2295 τῆς
3868 2224 3942 2293 δη-

2376 2332 2395 2365 ι
2439 2314 2726 2384 μιουργίας
2768 2314 2989 2385 ἁπάσης
3033 2313 3235 2384 ἡσυχία
3256 2324 3339 2378 τις
3377 2310 3465 2385 ἦν,
3502 2316 3585 2379 ὡς
3613 2314 3781 2381 εἰκὸς,
3811 2314 3941 2373 ὄντος

2376 2424 2395 2456 ι
2430 2408 2489 2459 εν
2511 2406 2589 2477 τῷ
2614 2406 2732 2478 Θεῷ
2761 2406 2857 2460 τοῦ
2888 2406 3086 2474 Λόγου.
3108 2408 3172 2460 Ei
3199 2406 3307 2479 γὰρ
3334 2408 3575 2481 ποιητὴν
3593 2408 3847 2462 ἁπάντων
3866 2404 3941 2457 τὸν

2377 2517 2396 2549 ι
2433 2497 2565 2551 Θεὸν
2629 2498 2907 2570 Ἀστέριος
2960 2499 3324 2554 πεπίστευκεν
3376 2495 3561 2565 εἶναι,
3651 2500 3810 2570 δῆλον
3872 2496 3941 2550 ὅτι

2376 2607 2395 2641 ι
2438 2590 2857 2662 συνομολογήσει
2892 2592 3027 2661 ἡμῖν
3061 2592 3156 2645 καὶ
3189 2591 3371 2655 αὐτὸς,
3405 2592 3499 2645 τὸν
3531 2592 3639 2663 μὲν
3673 2592 3762 2645 ἀεὶ
3783 2589 3939 2659 ὕπαρ·

2376 2698 2396 2731 ι
2433 2692 2551 2752 χειν
2569 2722 2583 2747 ,
2623 2681 2757 2751 μηδὲ
2788 2682 3010 2737 πώποτε
3040 2681 3215 2755 ἀρχὴν
3237 2682 3332 2736 τοῦ
3368 2682 3511 2737 εἶναι
3541 2683 3801 2746 λαϐόντα,
3826 2682 3938 2736 τάδε

2376 2788 2395 2823 ι
2434 2772 2760 2841 γεγενῆσθαί
2802 2788 2863 2824 τε
2894 2770 3002 2825 ὑπὸ
3027 2772 3215 2836 αὑτοῦ,
3259 2772 3353 2827 καὶ
3381 2772 3441 2839 ἐξ
3472 2775 3578 2828 οὐκ
3606 2774 3777 2828 ὄντων
3803 2789 3941 2843 γεγε-

2373 2880 2394 2914 (
2434 2862 2646 2933 νῆσθαι.
2680 2881 2700 2915 ι
2750 2863 2911 2936 Ὁρᾷς
2954 2864 3124 2929 ὅπως,
3162 2864 3256 2917 τὸν
3288 2864 3420 2920 Θεὸν
3448 2866 3692 2938 ἄναρχον
3720 2868 3939 2937 ὑποστη-

2370 2954 2627 3026 σάμενος,
2646 2956 2739 3009 τὸν
2767 2956 2939 3025 Λόγον
2962 2959 3021 3010 εν
3052 2955 3202 3027 αὐτῷ
3220 2957 3347 3011 ὄντα
3366 2958 3424 3011 ὲν
3452 2960 3662 3031 ἠσυχίᾳ
3684 2955 3821 3013 εἶναι
3848 2958 3939 3031 πρὸ

2368 3047 2468 3117 τῆς
2493 3047 2853 3120 δημιουργίας
2875 3048 2988 3121 (79)
3018 3047 3147 3120 ἔφη,
3183 3049 3275 3103 καὶ
3299 3049 3507 3121 προῖὼν
3529 3050 3665 3121 ἑξῆς
3694 3050 3934 3118 ἑπιλέγευ

2376 3155 2394 3188 ι
2432 3138 2495 3192 El
2522 3139 2701 3192 τοίνυν
2746 3140 2906 3192 τοῦτο
2948 3140 3217 3209 πιστεύει,
3266 3141 3478 3213 ἀνάγκη
3527 3143 3697 3197 αὑτὸν
3741 3143 3937 3197 κάκεῖνο

699 3248 720 3282 ι
768 3232 897 3287 illud
954 3248 1168 3303 quoque
1231 3247 1355 3288 eum
1422 3232 1582 3288 lateri
1656 3246 1879 3289 necesse
1940 3244 2059 3301 est,
2128 3237 2268 3305 quod

2380 3248 2400 3281 ι
2440 3230 2836 3303 συνομολογεῖν,
2858 3232 2939 3285 ὅτι
2965 3232 3104 3305 πλὴν
3130 3233 3287 3300 Θεοῦ,
3310 3234 3461 3289 οὐδὲν
3480 3235 3675 3308 ἓτερον
3696 3232 3781 3308 ἧν.
3800 3232 3935 3305 Εἶχεν

698 3338 719 3372 ι
764 3321 920 3390 plane
956 3334 1150 3392 praeter
1184 3324 1357 3379 Deum
1392 3322 1523 3377 nihil
1553 3333 1667 3377 erat
1696 3323 1861 3379 aliud.
1899 3324 2095 3381 Habuit
2118 3341 2269 3398 ergo,

699 3430 719 3464 ι
770 3405 1001 3468 Veibum
1052 3416 1106 3469 in
1182 3415 1343 3469 Patre
1412 3414 1747 3483 subsistens,
1798 3432 1953 3472 suam
2025 3418 2269 3489 peculia-

699 3518 720 3556 ι
768 3519 879 3558 rem
930 3506 1174 3574 gloriam.
1200 3524 1220 3558 ι
1262 3504 1398 3561 Hinc
1422 3506 1713 3576 profectus,
1747 3516 1824 3568 et_
1848 3517 2135 3575 aeternum,
2170 3512 2270 3567 hoc

692 3604 777 3649 est
804 3597 1096 3666 ingenitum
1124 3610 1244 3651 esse
1275 3595 1505 3651 Verbum
1545 3598 1895 3667 pronuntiat:
1929 3596 2021 3670 [Κ.
2056 3600 2267 3656 XLVIII

693 3688 819 3741 coll.
849 3704 899 3756 p.
926 3688 995 3741 35
1027 3687 1090 3760 C]
1126 3707 1144 3740 ι
1173 3688 1339 3753 Audis
1388 3703 1518 3759 ergo
1564 3688 1799 3759 Spiritus
1851 3692 2029 3748 sancti
2068 3708 2269 3749 conso-

698 3800 717 3832 ι
768 3782 1034 3847 uantiam,
1064 3780 1154 3852 qui
1198 3795 1296 3851 per
1342 3782 1541 3837 multas
1587 3792 1641 3837 et
1683 3784 1928 3840 diversas
1970 3800 2263 3855 personas,

701 3892 719 3923 ε
766 3873 926 3927 Verbi
960 3875 1249 3929 aeternitati
1286 3875 1654 3929 testimonium
1693 3877 1957 3943 perhibet.
1988 3897 2005 3929 ι
2044 3878 2111 3932 Ει
2144 3894 2265 3932 τιιτο

695 3979 827 4019 sus:
867 3982 886 4015 ι
917 3964 981 4017 Et
1018 3966 1087 4019 ob
1140 3965 1243 4021 hoc
1294 3966 1469 4035 ipsum
1528 3968 1808 4022 exorditur
1848 3969 1915 4023 ab
1964 3974 2267 4027 aeternitate

701 4074 720 4104 ε
770 4051 948 4118 Verbi,
990 4053 1056 4107 In
1083 4056 1341 4125 principio
1380 4067 1489 4110 erat
1526 4055 1776 4122 Verbum,
1804 4067 1853 4113 et
1898 4058 2121 4115 Verbum
2153 4070 2265 4114 erat

700 4162 721 4196 ι
769 4146 908 4212 apud
939 4144 1127 4211 Deum,
1154 4157 1202 4199 et
1234 4144 1373 4201 Deus
1415 4158 1526 4201 erat
1575 4146 1800 4202 Verbum
1826 4149 1891 4203 “.
1929 4149 2127 4208 Tribus
2178 4153 2265 4209 hic

700 4256 719 4288 ε
760 4239 1029 4293 continuis
1063 4239 1386 4294 testimoniis
1418 4256 1547 4294 usus
1574 4242 1932 4298 aeternitatem
1960 4242 2116 4301 Verbi
2151 4244 2263 4299 vult

699 4348 719 4381 ε
766 4330 1177 4385 constabilire.»
1233 4330 1480 4397 Qualiter
1531 4346 1658 4385 vere
1703 4332 1935 4387 Verbum
1980 4336 2261 4390 counitum

691 4432 812 4477 crat
844 4423 973 4485 Deo,
998 4432 1054 4476 et
1083 4438 1205 4477 cum
1239 4422 1331 4477 illo
1356 4438 1459 4477 uua
1492 4422 1816 4491 ingenitum,
1853 4433 2065 4479 tueatur
2085 4442 2262 4496 operae

692 4516 924 4586 pretium
961 4526 1077 4580 est,
1124 4524 1183 4569 ut
1232 4514 1397 4585 ipsius
1443 4516 1622 4570 verbis
1671 4516 1906 4585 positum
1957 4519 2257 4573 audiamus.

698 4624 718 4658 ι
742 4606 1202 4676 Dispensationem
1219 4607 1433 4676 quidem
1462 4606 1517 4660 in
1535 4622 1699 4662 carne
1730 4607 1868 4664 illius
1890 4609 1955 4663 ad
1993 4610 2261 4666 hominem

692 4707 943 4766 spectare
974 4695 1321 4767 intelligimus
1351 4716 1363 4751 :
1404 4707 1461 4751 at
1492 4712 1641 4763 vero,
1672 4700 1968 4753 secundum
2007 4699 2259 4770 spiritum

693 4788 1053 4842 aeternitatem
1102 4788 1219 4857 ejus
1292 4789 1499 4843 unitam
1574 4804 1695 4844 cum
1758 4790 1921 4847 Patre
1988 4792 2263 4848 credimus

693 4894 829 4935 esse.
866 4896 886 4930 ι

1332 4970 1485 5026 CAP.
1544 4970 1631 5026 IV.

731 5071 791 5129 vlt
834 5062 1109 5129 Quomodo
1148 5079 1336 5139 unum‘
1352 5064 1671 5139 otqueidem
1698 5080 1806 5121 esse
1834 5066 2042 5121 verbum
2070 5076 2226 5139 atque

1294 5132 1465 5188 Deum
1488 5136 1645 5191 dixit.

764 5225 865 5292 Qui
896 5226 962 5278 ad
994 5226 1136 5281 hunc
1178 5226 1393 5280 modum
1443 5226 1496 5280 in
1538 5228 1649 5282 Deo
1689 5227 1911 5283 verbum
1961 5244 2083 5285 esse
2131 5245 2265 5286 con-

768 5347 827 5412 ᾖ(
855 5340 957 5412 _Etl.
980 5338 1152 5412 Paris.
1176 5356 1298 5412 pag.
1337 5341 1593 5407 105,I06.

788 5411 811 5442 ⁸
847 5408 1003 5465 Joan.
1032 5427 1072 5476 ι,
1102 5411 1154 5465 l.

766 5504 877 5576 (Ἰῖ)
914 5505 978 5559 Ἠ
996 5504 1171 5575 μέχρι
1200 5508 1406 5576 τιότου.
1437 5505 1599 5560 Forte
1629 5505 1807 5576 μόνου.
1840 5508 1909 5562 Μ.

766 5507 855 5567 (‘77
914 5507 978 5559 Ἠ
996 5507 1171 5575 μέχρι
1200 5508 1406 5576 λότου.
1437 5507 1599 5560 Forte
1629 5507 1807 5576 μόνου.
1840 5508 1909 5562 Μ.

765 5507 877 5645 (78;
922 5576 1030 5630 Καὶ
1060 5574 1290 5644 Πατέρα
1339 5578 1749 5631 ἐνανεώσεται.
1788 5577 1967 5645 Forte,
2012 5581 2105 5637 ἕνα
2167 5584 2258 5637 καὶ

694 5645 855 5699 αὐτὸν
886 5646 1183 5715 νομίσεται,
1218 5656 1314 5702 huc
1346 5657 1449 5706 est.
1473 5647 1692 5702 Subellii
1723 5649 1960 5704 tuebitur
1983 5652 2253 5709 hmresim.

694 5717 885 5788 Addidi
916 5732 978 5769 ex
1013 5718 1169 5788 codd.
1200 5717 1289 5770 τὸν
1331 5718 1619 5771 Σαδέλλιον
1654 5716 1726 5771 cl'.
1759 5733 1812 5788 ρ.
1852 5720 1951 5775 107
1997 5721 2039 5774 D
2068 5723 2163 5779 ﬁll.
2196 5722 2255 5775 In

694 5791 799 5863 ﬂus-
829 5787 1035 5863 ille!!!“
1082 5786 1275 5863 “.838..-
1301 5788 1527 5863 ἢεὺῖδς
1560 5789 1722 5863 ista:
1762 5786 2132 5863 “stipam
2164 5795 2258 5846 καὶ

692 5854 891 5925 Υἱὸ;,ἦ
923 5854 1333 5923 ὃλως,οὓθ’ἒξει’
1353 5859 1497 5927 Υἱόν,
1523 5861 1571 5915 ei
1600 5860 1701 5915 hoc
1724 5869 1805 5914 est
1832 5854 2159 5919 lud‘aismus.
2186 5863 2255 5917 Μ.

2380 3342 2398 3375 ι
2438 3320 2531 3377 οὖν
2562 3326 2663 3395 τὴν
2708 3324 2915 3380 οίκείαν
2940 3325 3099 3392 δόξαν
3124 3329 3152 3381 ό
3180 3328 3375 3397 Λόγος,
3406 3328 3482 3383 ὢν
3510 3332 3573 3383 ἐν
3603 3329 3686 3401 τῷ
3710 3329 3887 3401 Πατρί.
3913 3346 3928 3379 ι

2380 3413 2658 3469 Ἐντεῦθεν
2701 3416 2947 3482 είκότως,
2989 3419 3081 3471 καὶ
3142 3419 3332 3487 ἀΐδιον,
3387 3419 3695 3475 τοῦτ’ἐστιν
3738 3422 3934 3490 ἀγέννηο

2367 3523 2481 3573 τον,
2510 3503 2650 3561 εἷναί
2680 3526 2813 3581 φησι
2846 3510 2939 3562 τὸν
2974 3510 3170 3580 Λόγον,
3203 3506 3306 3566 ὦδε
3349 3514 3579 3585 γράφων
3599 3532 3615 3547 ·
3644 3535 3663 3566 ι
3714 3515 3931 3576 Ἀκούεις

2373 3617 2393 3651 ι
2433 3599 2613 3653 τοίνυν
2643 3600 2746 3671 τῆς
2776 3604 3099 3673 συμφωνίας
3126 3604 3218 3658 τοῦ
3258 3606 3415 3673 ἁγίου
3458 3606 3811 3679 Πνεῦματος,
3859 3605 3931 3659 διὰ

2372 3708 2393 3742 ι
2430 3690 2640 3745 πολλῶν
2665 3693 2758 3747 καὶ
2784 3694 3059 3767 διαφόρων
3081 3696 3387 3767 προσώπων
3410 3702 3478 3771 τῇ
3498 3701 3593 3755 τοῦ
3620 3702 3793 3771 Λόγου
3812 3716 3929 3773 μαρ-

2373 3801 2392 3836 ι
2431 3785 2700 3857 τυρούσης
2731 3787 3016 3859 ἁῑδιότητι.
3059 3808 3077 3839 ι
3109 3790 3219 3844 Καὶ
3248 3789 3409 3844 πάλιν
3429 3807 3442 3821 ·
3480 3812 3499 3845 ι
3540 3795 3655 3848 Καὶ
3686 3793 3774 3848 διὰ
3797 3790 3929 3845 τοῦτο

2372 3896 2392 3928 ‹
2437 3877 2665 3949 ἄρχεται
2696 3879 2797 3950 μὲν
2840 3880 2946 3933 ἀπὸ
2990 3880 3092 3953 τῆς
3130 3883 3430 3954 άῖδιότητος
3465 3886 3561 3939 τοῦ
3594 3888 3792 3956 Λόγου,
3844 3886 3928 3939 Ἐν

2372 3989 2392 4024 ι
2424 3970 2586 4042 ἀρχῇ
2624 3968 2706 4043 ἦν
2731 3971 2843 4043 (80)
2876 3976 2909 4027 ό
2945 3974 3156 4043 Λόγος,
3195 3975 3391 4045 λέγων,
3436 3978 3536 4031 καὶ
3584 3983 3620 4033 d
3660 3981 3841 4050 Λόγος
3863 3974 3927 4047 ἦν

2372 4082 2391 4115 ι
2438 4063 2588 4132 πρὸς
2607 4065 2715 4118 τὸν
2736 4064 2901 4129 Θεὸν,
2922 4066 3022 4119 καὶ
3051 4068 3195 4135 Θεὸς
3217 4065 3339 4139 ἦνό
3358 4070 3572 4140 Λόγος*
3591 4072 3768 4144 τρισὶν
3790 4069 3925 4125 ἐπαλ-

2372 4173 2391 4207 ι
2436 4156 2615 4227 λήλοις
2632 4158 2955 4232 μαρτυρίαις
2982 4158 3263 4231 χρώμενος
3292 4161 3391 4235 τὴν
3424 4163 3703 4237 ἁῖδιότητα
3734 4165 3820 4219 τοῦ
3835 4163 3922 4219 Λό-

2372 4269 2391 4302 ι
2432 4267 2530 4319 γου
2547 4250 2817 4306 δεικνύναι
2835 4251 3104 4323 βούλεται.
3132 4274 3151 4307 ι
3177 4255 3365 4319 Ὅπως
3380 4256 3437 4310 δὲ
3465 4256 3707 4329 ἡνῶσθαι
3739 4252 3921 4328 τῷΘεῷ

2366 4346 2460 4398 καὶ⁵
2476 4346 2867 4416 συναγέννητον
2889 4340 3026 4401 εἶναι
3054 4346 3204 4418 αὐτῷ
3222 4348 3314 4401 τὸν
3348 4348 3518 4417 Λόγον
3550 4348 3779 4419 ἔφασκε,
3807 4346 3921 4418 πάρ-

2364 4453 2510 4489 εστιν
2536 4437 2700 4490 αὑτοῦ
2729 4436 3051 4505 ἐπακοῦσαι,
3098 4432 3202 4493 ὧδέ.
3247 4455 3325 4512 πη
3366 4438 3635 4509 λέγοντος·
3661 4461 3681 4495 ι
3714 4441 3820 4513 Τὴν
3840 4438 3921 4510 μιν

2366 4528 2510 4583 κατὰ
2532 4530 2709 4602 σάρκα
2756 4532 3069 4603 οἰκονομίαν
3084 4532 3162 4603 τῷ
3182 4531 3450 4605 ἀνθρώπῳ
3478 4533 3755 4607 διαφέρειν
3784 4529 3919 4603 γινώ-

2294 4592 2339 4648 D
2372 4592 2728 4697 ωομεν-τὴν
2754 4624 2812 4679 δὲ
2839 4592 2981 4680 κατα
3026 4592 3242 4697 πνεῦμα
3284 4592 3562 4699 αἲδιόῖτητα
3582 4592 3825 4701 ’ἡνῶσθαι
3857 4622 3919 4694 τῷ

2370 4715 2545 4788 Πατρί
2577 4716 3038 4789 πεπιστεύκαμεν.
3081 4736 3101 4771 ι

3018 4988 3172 5042 ΚΕΦ.
3214 4990 3288 5043 Δ⁹.

2370 5074 2567 5142 Ὅπως
2587 5076 2657 5129 ἓν
2678 5078 2775 5133 καὶ
2795 5079 2983 5133 αὑτὸν
3007 5076 3161 5205 eis:
3188 5081 3295 5136 τόν
3322 5083 3519 5153 Λόγον
3540 5085 3639 5137 καὶ
3671 5083 3773 5138 τόν
3792 5082 3912 5135 Θεὸν

3152 5169 3237 5205 τε.

3152 5169 3237 5221 τε.

2441 5236 2641 5293 Τοῦτον
2680 5239 2791 5311 (81)
2834 5240 2899 5311 δὴ
2938 5242 3028 5295 τὸν
3058 5244 3259 5315 τρόπον
3291 5247 3351 5299 ἑν
3376 5244 3457 5316 τῷ
3484 5244 3607 5317 Θεῷ
3625 5246 3754 5312 δοὺς
3796 5238 3910 5297 εἶναι

2364 5516 2711 5647 ὖιέιὲζηῶἷὰ
2747 5521 2806 5576 δὲ
2845 5539 2966 5592 γεγ.
3006 5524 3285 5581 transtulit
3308 5524 3481 5582 lout.
3515 5521 3906 5601 omnio(1t&w9)

2576 5662 2674 5743 _S_ie
2696 5662 2843 5743 Mpi
2870 5663 3035 5743 codd1
3052 5675 3127 5743 et.
3144 5668 3305 5738 vulgo
3333 5669 3421 5739 ὶφ’

2433 5730 2875 5814 (ειη-νιμεοξςεν
2898 5735 3040 5814 αρχῇ
3068 5730 3162 5814 οὖν
3189 5730 3394 5796 εῖωοὶ
3423 5730 3514 5793 ἐπ’
3547 5741 3819 5814 ἀλλήλαις.

2431 5801 2719 5875 (διξνυιεδ
2739 5803 2796 5857 δέ
2827 5816 2881 5861 et
2920 5801 3134 5877 ἔνᾚεῷ.
