  <div class='ocr_page' id='page_1' title='image "/cluster/home/n/w/nwhite01/storage/ocr_20150623/24/uva.x004246623/470.png"; bbox 0 0 4106 6428; ppageno 0'>
   <div class='ocr_carea' id='block_1_1' title="bbox 1119 383 2499 449">
    <p class='ocr_par' dir='ltr' id='par_1_1' title="bbox 1119 383 2499 449">
     <span class='ocr_line' id='line_1_1' title="bbox 1119 383 2499 449; baseline -0.006 -1"><span class='ocrx_word' id='word_1_1' title='bbox 1119 391 1214 449; x_wconf 81' lang='lat' dir='ltr'><strong>DE</strong></span> <span class='ocrx_word' id='word_1_2' title='bbox 1251 389 1789 449; x_wconf 70' lang='lat' dir='ltr'><strong>ECCLESIASTICA</strong></span> <span class='ocrx_word' id='word_1_3' title='bbox 1828 383 2227 446; x_wconf 71' lang='lat' dir='ltr'><strong>THEOLOGIA</strong></span> <span class='ocrx_word' id='word_1_4' title='bbox 2261 385 2392 442; x_wconf 81' lang='lat' dir='ltr'><strong>LIB.</strong></span> <span class='ocrx_word' id='word_1_5' title='bbox 2432 384 2499 440; x_wconf 88' lang='lat' dir='ltr'><strong>ll.</strong></span> 
     </span>
    </p>
   </div>
   <div class='ocr_carea' id='block_1_2' title="bbox 3367 383 3475 440">
    <p class='ocr_par' dir='ltr' id='par_1_2' title="bbox 3367 383 3475 440">
     <span class='ocr_line' id='line_1_2' title="bbox 3367 383 3475 440; baseline -0.028 -1"><span class='ocrx_word' id='word_1_6' title='bbox 3367 383 3475 440; x_wconf 67' lang='grc' dir='ltr'><strong>Μ’)</strong></span> 
     </span>
    </p>
   </div>
   <div class='ocr_carea' id='block_1_3' title="bbox 211 499 1798 584">
    <p class='ocr_par' dir='ltr' id='par_1_3' title="bbox 211 507 1792 584">
     <span class='ocr_line' id='line_1_3' title="bbox 211 507 1792 584; baseline -0.009 -11"><span class='ocrx_word' id='word_1_7' title='bbox 211 520 380 583; x_wconf 68' lang='grc' dir='ltr'><strong>ιιιούς⁴</strong></span> <span class='ocrx_word' id='word_1_8' title='bbox 425 516 558 572; x_wconf 78' lang='grc' dir='ltr'><strong>ἀλλὰ</strong></span> <span class='ocrx_word' id='word_1_9' title='bbox 583 515 676 570; x_wconf 85' lang='grc' dir='ltr'><strong>τὸν</strong></span> <span class='ocrx_word' id='word_1_10' title='bbox 708 514 804 584; x_wconf 74' lang='grc' dir='ltr'><strong>μὶν</strong></span> <span class='ocrx_word' id='word_1_11' title='bbox 825 512 925 566; x_wconf 69' lang='grc' dir='ltr'><strong>ἕνα</strong></span> <span class='ocrx_word' id='word_1_12' title='bbox 951 511 1171 580; x_wconf 88' lang='grc' dir='ltr'><strong>Πατέρα</strong></span> <span class='ocrx_word' id='word_1_13' title='bbox 1199 509 1382 570; x_wconf 80' lang='grc' dir='ltr'><strong>δώσει.</strong></span> <span class='ocrx_word' id='word_1_14' title='bbox 1410 508 1500 562; x_wconf 82' lang='grc' dir='ltr'><strong>τὸν</strong></span> <span class='ocrx_word' id='word_1_15' title='bbox 1523 508 1583 562; x_wconf 72' lang='grc' dir='ltr'><strong>δι</strong></span> <span class='ocrx_word' id='word_1_16' title='bbox 1604 507 1792 579; x_wconf 69' lang='grc' dir='ltr'><strong>ἕτερον</strong></span> 
     </span>
    </p>
   </div>
   <div class='ocr_carea' id='block_1_4' title="bbox 1901 499 3477 584">
    <p class='ocr_par' dir='ltr' id='par_1_4' title="bbox 1901 499 3477 573">
     <span class='ocr_line' id='line_1_4' title="bbox 1901 499 3477 573; baseline -0.004 -11"><span class='ocrx_word' id='word_1_17' title='bbox 1901 505 2024 561; x_wconf 85' lang='lat' dir='ltr'><strong>deos</strong></span> <span class='ocrx_word' id='word_1_18' title='bbox 2056 513 2298 567; x_wconf 86' lang='lat' dir='ltr'><strong>statuet,</strong></span> <span class='ocrx_word' id='word_1_19' title='bbox 2328 518 2435 558; x_wconf 90' lang='lat' dir='ltr'><strong>non</strong></span> <span class='ocrx_word' id='word_1_20' title='bbox 2458 500 2672 573; x_wconf 88' lang='lat' dir='ltr'><strong>cogitur</strong></span> <span class='ocrx_word' id='word_1_21' title='bbox 2691 499 2850 558; x_wconf 77' lang='lat' dir='ltr'><strong>fateri</strong></span> <span class='ocrx_word' id='word_1_22' title='bbox 2902 501 3038 556; x_wconf 81' lang='lat' dir='ltr'><strong>duos</strong></span> <span class='ocrx_word' id='word_1_23' title='bbox 3062 507 3266 571; x_wconf 80' lang='lat' dir='ltr'><strong>patres,</strong></span> <span class='ocrx_word' id='word_1_24' title='bbox 3300 516 3477 572; x_wconf 75' lang='lat' dir='ltr'><strong>neque</strong></span> 
     </span>
    </p>
   </div>
   <div class='ocr_carea' id='block_1_5' title="bbox 218 598 1794 672">
    <p class='ocr_par' dir='ltr' id='par_1_5' title="bbox 218 598 1794 672">
     <span class='ocr_line' id='line_1_5' title="bbox 218 598 1794 672; baseline -0.01 -6"><span class='ocrx_word' id='word_1_25' title='bbox 218 612 361 666; x_wconf 79' lang='grc' dir='ltr'><strong>Υίόν.</strong></span> <span class='ocrx_word' id='word_1_26' title='bbox 422 609 578 663; x_wconf 82' lang='grc' dir='ltr'><strong>Κατὰ</strong></span> <span class='ocrx_word' id='word_1_27' title='bbox 623 608 716 660; x_wconf 90' lang='grc' dir='ltr'>τὸν</span> <span class='ocrx_word' id='word_1_28' title='bbox 755 604 915 658; x_wconf 82' lang='grc' dir='ltr'>αὑτὸν</span> <span class='ocrx_word' id='word_1_29' title='bbox 953 600 1046 657; x_wconf 83' lang='grc' dir='ltr'><strong>οὖν</strong></span> <span class='ocrx_word' id='word_1_30' title='bbox 1089 602 1289 672; x_wconf 80' lang='grc' dir='ltr'><strong>τρόπον</strong></span> <span class='ocrx_word' id='word_1_31' title='bbox 1335 601 1458 654; x_wconf 73' lang='grc' dir='ltr'><strong>οὑδὶ</strong></span> <span class='ocrx_word' id='word_1_32' title='bbox 1502 599 1597 654; x_wconf 87' lang='grc' dir='ltr'><strong>δύο</strong></span> <span class='ocrx_word' id='word_1_33' title='bbox 1638 598 1794 661; x_wconf 75' lang='grc' dir='ltr'><strong>θεοὺς</strong></span> 
     </span>
    </p>
   </div>
   <div class='ocr_carea' id='block_1_6' title="bbox 215 691 1792 776">
    <p class='ocr_par' dir='ltr' id='par_1_6' title="bbox 215 691 1792 776">
     <span class='ocr_line' id='line_1_6' title="bbox 215 691 1792 776; baseline -0.009 -18"><span class='ocrx_word' id='word_1_34' title='bbox 215 705 423 776; x_wconf 76' lang='grc' dir='ltr'><strong>ἀνάγκη</strong></span> <span class='ocrx_word' id='word_1_35' title='bbox 455 700 639 757; x_wconf 81' lang='grc' dir='ltr'><strong>δοῦναι</strong></span> <span class='ocrx_word' id='word_1_36' title='bbox 666 698 757 752; x_wconf 90' lang='grc' dir='ltr'>τὸν</span> <span class='ocrx_word' id='word_1_37' title='bbox 789 698 889 761; x_wconf 84' lang='grc' dir='ltr'><strong>τάς</strong></span> <span class='ocrx_word' id='word_1_38' title='bbox 921 697 1015 751; x_wconf 84' lang='grc' dir='ltr'><strong>δύο</strong></span> <span class='ocrx_word' id='word_1_39' title='bbox 1040 697 1368 758; x_wconf 79' lang='grc' dir='ltr'><strong>ὑποστάσεις</strong></span> <span class='ocrx_word' id='word_1_40' title='bbox 1393 693 1627 747; x_wconf 82' lang='grc' dir='ltr'><strong>τιθέντα.</strong></span> <span class='ocrx_word' id='word_1_41' title='bbox 1657 691 1792 746; x_wconf 75' lang='grc' dir='ltr'><strong>Οὐδὲ</strong></span> 
     </span>
    </p>
   </div>
   <div class='ocr_carea' id='block_1_7' title="bbox 213 784 1792 867">
    <p class='ocr_par' dir='ltr' id='par_1_7' title="bbox 213 784 1792 867">
     <span class='ocr_line' id='line_1_7' title="bbox 213 784 1792 867; baseline -0.009 -18"><span class='ocrx_word' id='word_1_42' title='bbox 213 795 320 867; x_wconf 77' lang='grc' dir='ltr'><strong>γὰρ</strong></span> <span class='ocrx_word' id='word_1_43' title='bbox 349 794 620 862; x_wconf 71' lang='grc' dir='ltr'><strong>ἰσοτίμους</strong></span> <span class='ocrx_word' id='word_1_44' title='bbox 647 789 816 853; x_wconf 79' lang='grc' dir='ltr'><strong>αὑτὰς</strong></span> <span class='ocrx_word' id='word_1_45' title='bbox 840 789 1156 860; x_wconf 76' lang='grc' dir='ltr'><strong>ὁριζόμεθα,</strong></span> <span class='ocrx_word' id='word_1_46' title='bbox 1185 787 1294 841; x_wconf 71' lang='grc' dir='ltr'><strong>οὐδ’</strong></span> <span class='ocrx_word' id='word_1_47' title='bbox 1326 788 1494 856; x_wconf 75' lang='grc' dir='ltr'><strong>ἄμφω</strong></span> <span class='ocrx_word' id='word_1_48' title='bbox 1524 784 1792 856; x_wconf 83' lang='grc' dir='ltr'><strong>ἁνάρχους</strong></span> 
     </span>
    </p>
   </div>
   <div class='ocr_carea' id='block_1_8' title="bbox 214 876 1794 954">
    <p class='ocr_par' dir='ltr' id='par_1_8' title="bbox 214 876 1794 954">
     <span class='ocr_line' id='line_1_8' title="bbox 214 876 1794 954; baseline -0.008 -13"><span class='ocrx_word' id='word_1_49' title='bbox 214 888 308 941; x_wconf 63' lang='grc' dir='ltr'><strong>δια)⁵</strong></span> <span class='ocrx_word' id='word_1_50' title='bbox 349 884 708 954; x_wconf 79' lang='grc' dir='ltr'><strong>άγεννήτους’</strong></span> <span class='ocrx_word' id='word_1_51' title='bbox 751 880 888 936; x_wconf 82' lang='grc' dir='ltr'><strong>ἀλλὰ</strong></span> <span class='ocrx_word' id='word_1_52' title='bbox 933 881 1060 952; x_wconf 87' lang='grc' dir='ltr'><strong>μίαν</strong></span> <span class='ocrx_word' id='word_1_53' title='bbox 1106 879 1204 951; x_wconf 83' lang='grc' dir='ltr'><strong>μὲν</strong></span> <span class='ocrx_word' id='word_1_54' title='bbox 1237 877 1336 949; x_wconf 79' lang='grc' dir='ltr'><strong>τὴν</strong></span> <span class='ocrx_word' id='word_1_55' title='bbox 1373 876 1667 946; x_wconf 76' lang='grc' dir='ltr'><strong>ἀγέννητον</strong></span> <span class='ocrx_word' id='word_1_56' title='bbox 1700 876 1794 928; x_wconf 78' lang='grc' dir='ltr'><strong>καὶ</strong></span> 
     </span>
    </p>
   </div>
   <div class='ocr_carea' id='block_1_9' title="bbox 217 961 1796 1046">
    <p class='ocr_par' dir='ltr' id='par_1_9' title="bbox 217 961 1796 1046">
     <span class='ocr_line' id='line_1_9' title="bbox 217 961 1796 1046; baseline -0.008 -15"><span class='ocrx_word' id='word_1_57' title='bbox 217 961 467 1046; x_wconf 75' lang='grc' dir='ltr'><strong>ἄναρχον,</strong></span> <span class='ocrx_word' id='word_1_58' title='bbox 496 973 729 1043; x_wconf 84' lang='grc' dir='ltr'><strong>θατέραν</strong></span> <span class='ocrx_word' id='word_1_59' title='bbox 753 973 808 1026; x_wconf 80' lang='grc' dir='ltr'><strong>δὲ</strong></span> <span class='ocrx_word' id='word_1_60' title='bbox 841 973 1103 1042; x_wconf 77' lang='grc' dir='ltr'>γεννητὴν</span> <span class='ocrx_word' id='word_1_61' title='bbox 1129 971 1223 1023; x_wconf 76' lang='grc' dir='ltr'><strong>καὶ</strong></span> <span class='ocrx_word' id='word_1_62' title='bbox 1251 969 1426 1040; x_wconf 82' lang='grc' dir='ltr'><strong>ἀρχὴν</strong></span> <span class='ocrx_word' id='word_1_63' title='bbox 1455 967 1544 1021; x_wconf 82' lang='grc' dir='ltr'>τὸν</span> <span class='ocrx_word' id='word_1_64' title='bbox 1576 967 1796 1037; x_wconf 78' lang='grc' dir='ltr'><strong>Πατέρα</strong></span> 
     </span>
    </p>
   </div>
   <div class='ocr_carea' id='block_1_10' title="bbox 222 1054 1794 1136">
    <p class='ocr_par' dir='ltr' id='par_1_10' title="bbox 222 1054 1794 1136">
     <span class='ocr_line' id='line_1_10' title="bbox 222 1054 1794 1136; baseline -0.007 -16"><span class='ocrx_word' id='word_1_65' title='bbox 222 1067 580 1136; x_wconf 74' lang='grc' dir='ltr'><strong>κεκτημένην.</strong></span> <span class='ocrx_word' id='word_1_66' title='bbox 615 1065 706 1118; x_wconf 88' lang='grc' dir='ltr'><strong>Διὸ</strong></span> <span class='ocrx_word' id='word_1_67' title='bbox 744 1065 838 1120; x_wconf 75' lang='grc' dir='ltr'><strong>καὶ</strong></span> <span class='ocrx_word' id='word_1_68' title='bbox 866 1063 1030 1126; x_wconf 85' lang='grc' dir='ltr'><strong>αὐτὸς</strong></span> <span class='ocrx_word' id='word_1_69' title='bbox 1071 1065 1100 1115; x_wconf 85' lang='grc' dir='ltr'><strong>ό</strong></span> <span class='ocrx_word' id='word_1_70' title='bbox 1147 1062 1273 1124; x_wconf 85' lang='grc' dir='ltr'><strong>Υἱὸς</strong></span> <span class='ocrx_word' id='word_1_71' title='bbox 1305 1062 1400 1114; x_wconf 76' lang='grc' dir='ltr'><strong>καὶ</strong></span> <span class='ocrx_word' id='word_1_72' title='bbox 1433 1057 1626 1114; x_wconf 74' lang='grc' dir='ltr'><strong>ἑαυτοῦ</strong></span> <span class='ocrx_word' id='word_1_73' title='bbox 1658 1054 1794 1110; x_wconf 77' lang='grc' dir='ltr'><strong>εἶναι</strong></span> 
     </span>
    </p>
   </div>
   <div class='ocr_carea' id='block_1_11' title="bbox 221 1149 1794 1229">
    <p class='ocr_par' dir='ltr' id='par_1_11' title="bbox 221 1149 1794 1229">
     <span class='ocr_line' id='line_1_11' title="bbox 221 1149 1794 1229; baseline -0.006 -15"><span class='ocrx_word' id='word_1_74' title='bbox 221 1158 348 1214; x_wconf 74' lang='grc' dir='ltr'>Θεὸν</span> <span class='ocrx_word' id='word_1_75' title='bbox 371 1159 461 1212; x_wconf 89' lang='grc' dir='ltr'>τὸν</span> <span class='ocrx_word' id='word_1_76' title='bbox 487 1160 651 1214; x_wconf 75' lang='grc' dir='ltr'><strong>αὑτοῦ</strong></span> <span class='ocrx_word' id='word_1_77' title='bbox 683 1157 897 1229; x_wconf 79' lang='grc' dir='ltr'><strong>Πατέρα</strong></span> <span class='ocrx_word' id='word_1_78' title='bbox 916 1157 1173 1221; x_wconf 73' lang='grc' dir='ltr'><strong>διδάσκει,</strong></span> <span class='ocrx_word' id='word_1_79' title='bbox 1201 1156 1258 1209; x_wconf 77' lang='grc' dir='ltr'><strong>ἐν</strong></span> <span class='ocrx_word' id='word_1_80' title='bbox 1282 1149 1363 1217; x_wconf 74' lang='grc' dir='ltr'><strong>οἷς</strong></span> <span class='ocrx_word' id='word_1_81' title='bbox 1392 1170 1526 1223; x_wconf 70' lang='grc' dir='ltr'><strong>φησι</strong></span> <span class='ocrx_word' id='word_1_82' title='bbox 1545 1169 1557 1182; x_wconf 86' lang='grc'>·</span> <span class='ocrx_word' id='word_1_83' title='bbox 1604 1149 1794 1219; x_wconf 76' lang='grc' dir='ltr'><strong>Ἀγέρ-</strong></span> 
     </span>
    </p>
   </div>
   <div class='ocr_carea' id='block_1_12' title="bbox 215 1240 1793 1326">
    <p class='ocr_par' dir='ltr' id='par_1_12' title="bbox 215 1240 1793 1326">
     <span class='ocr_line' id='line_1_12' title="bbox 215 1240 1793 1326; baseline -0.008 -19"><span class='ocrx_word' id='word_1_84' title='bbox 215 1270 392 1326; x_wconf 74' lang='grc' dir='ltr'><strong>χομαι</strong></span> <span class='ocrx_word' id='word_1_85' title='bbox 428 1252 582 1320; x_wconf 75' lang='grc' dir='ltr'><strong>πρὸς</strong></span> <span class='ocrx_word' id='word_1_86' title='bbox 614 1251 720 1304; x_wconf 72' lang='grc' dir='ltr'>τὸν</span> <span class='ocrx_word' id='word_1_87' title='bbox 750 1247 980 1317; x_wconf 82' lang='grc' dir='ltr'><strong>Πατέρα</strong></span> <span class='ocrx_word' id='word_1_88' title='bbox 1015 1264 1156 1317; x_wconf 87' lang='grc' dir='ltr'><strong>μου,</strong></span> <span class='ocrx_word' id='word_1_89' title='bbox 1197 1245 1296 1300; x_wconf 80' lang='grc' dir='ltr'><strong>καί</strong></span> <span class='ocrx_word' id='word_1_90' title='bbox 1337 1243 1572 1311; x_wconf 80' lang='grc' dir='ltr'><strong>Πατέρα</strong></span> <span class='ocrx_word' id='word_1_91' title='bbox 1603 1240 1793 1310; x_wconf 82' lang='grc' dir='ltr'><strong>ὑμῶν,</strong></span> 
     </span>
    </p>
   </div>
   <div class='ocr_carea' id='block_1_13' title="bbox 217 1333 1796 1412">
    <p class='ocr_par' dir='ltr' id='par_1_13' title="bbox 217 1333 1796 1412">
     <span class='ocr_line' id='line_1_13' title="bbox 217 1333 1796 1412; baseline -0.009 -14"><span class='ocrx_word' id='word_1_92' title='bbox 217 1344 311 1398; x_wconf 72' lang='grc' dir='ltr'><strong>καὶ</strong></span> <span class='ocrx_word' id='word_1_93' title='bbox 344 1343 492 1397; x_wconf 68' lang='lat' dir='ltr'><strong>Gedr-</strong></span> <span class='ocrx_word' id='word_1_94' title='bbox 509 1360 654 1412; x_wconf 69' lang='grc' dir='ltr'><strong>μου,</strong></span> <span class='ocrx_word' id='word_1_95' title='bbox 694 1341 792 1394; x_wconf 74' lang='grc' dir='ltr'><strong>καὶ</strong></span> <span class='ocrx_word' id='word_1_96' title='bbox 821 1341 970 1394; x_wconf 78' lang='grc' dir='ltr'><strong>Θεὸν</strong></span> <span class='ocrx_word' id='word_1_97' title='bbox 1001 1337 1188 1408; x_wconf 79' lang='grc' dir='ltr'><strong>ὑμῶν.</strong></span> <span class='ocrx_word' id='word_1_98' title='bbox 1234 1337 1291 1390; x_wconf 91' lang='grc' dir='ltr'><strong>Ὀ</strong></span> <span class='ocrx_word' id='word_1_99' title='bbox 1329 1336 1427 1406; x_wconf 79' lang='grc' dir='ltr'><strong>μὲν</strong></span> <span class='ocrx_word' id='word_1_100' title='bbox 1453 1334 1517 1406; x_wconf 76' lang='grc' dir='ltr'><strong>δὴ</strong></span> <span class='ocrx_word' id='word_1_101' title='bbox 1542 1333 1676 1396; x_wconf 84' lang='grc' dir='ltr'><strong>Θεὸς</strong></span> <span class='ocrx_word' id='word_1_102' title='bbox 1703 1333 1796 1384; x_wconf 76' lang='grc' dir='ltr'><strong>καὶ</strong></span> 
     </span>
    </p>
   </div>
   <div class='ocr_carea' id='block_1_14' title="bbox 216 1422 1793 1501">
    <p class='ocr_par' dir='ltr' id='par_1_14' title="bbox 216 1422 1793 1501">
     <span class='ocr_line' id='line_1_14' title="bbox 216 1422 1793 1501; baseline -0.005 -19"><span class='ocrx_word' id='word_1_103' title='bbox 216 1429 404 1501; x_wconf 78' lang='grc' dir='ltr'><strong>Πατὴρ</strong></span> <span class='ocrx_word' id='word_1_104' title='bbox 435 1430 533 1482; x_wconf 74' lang='grc' dir='ltr'><strong>καὶ</strong></span> <span class='ocrx_word' id='word_1_105' title='bbox 575 1427 739 1482; x_wconf 77' lang='grc' dir='ltr'><strong>αὑτοῦ</strong></span> <span class='ocrx_word' id='word_1_106' title='bbox 778 1427 870 1480; x_wconf 77' lang='grc' dir='ltr'><strong>τοῦ</strong></span> <span class='ocrx_word' id='word_1_107' title='bbox 911 1426 1040 1480; x_wconf 85' lang='grc' dir='ltr'><strong>Υίοῦ</strong></span> <span class='ocrx_word' id='word_1_108' title='bbox 1071 1427 1181 1496; x_wconf 70' lang='grc'><strong>(94)</strong></span> <span class='ocrx_word' id='word_1_109' title='bbox 1213 1425 1348 1487; x_wconf 83' lang='grc' dir='ltr'><strong>Θεὸς</strong></span> <span class='ocrx_word' id='word_1_110' title='bbox 1390 1423 1466 1476; x_wconf 83' lang='grc' dir='ltr'><strong>ὢν</strong></span> <span class='ocrx_word' id='word_1_111' title='bbox 1496 1422 1793 1476; x_wconf 66' lang='grc' dir='ltr'><strong>δείκνυται.</strong></span> 
     </span>
    </p>
   </div>
   <div class='ocr_carea' id='block_1_15' title="bbox 215 1514 1797 1593">
    <p class='ocr_par' dir='ltr' id='par_1_15' title="bbox 215 1514 1797 1593">
     <span class='ocr_line' id='line_1_15' title="bbox 215 1514 1797 1593; baseline -0.006 -18"><span class='ocrx_word' id='word_1_112' title='bbox 215 1521 304 1575; x_wconf 86' lang='grc' dir='ltr'><strong>Διὸ</strong></span> <span class='ocrx_word' id='word_1_113' title='bbox 325 1521 388 1593; x_wconf 79' lang='grc' dir='ltr'><strong>δὴ</strong></span> <span class='ocrx_word' id='word_1_114' title='bbox 420 1517 502 1584; x_wconf 75' lang='grc' dir='ltr'><strong>εἷς</strong></span> <span class='ocrx_word' id='word_1_115' title='bbox 532 1520 666 1584; x_wconf 83' lang='grc' dir='ltr'><strong>Θεὸς</strong></span> <span class='ocrx_word' id='word_1_116' title='bbox 695 1523 760 1592; x_wconf 73' lang='grc' dir='ltr'><strong>τῇ</strong></span> <span class='ocrx_word' id='word_1_117' title='bbox 798 1519 1088 1591; x_wconf 59' lang='grc' dir='ltr'><strong>Ἐκκλησία</strong></span> <span class='ocrx_word' id='word_1_118' title='bbox 1112 1519 1222 1589; x_wconf 82' lang='grc'><strong>(95)</strong></span> <span class='ocrx_word' id='word_1_119' title='bbox 1256 1517 1350 1570; x_wconf 81' lang='grc' dir='ltr'><strong>τοῦ</strong></span> <span class='ocrx_word' id='word_1_120' title='bbox 1376 1515 1505 1570; x_wconf 84' lang='grc' dir='ltr'><strong>Υίοῦ</strong></span> <span class='ocrx_word' id='word_1_121' title='bbox 1532 1514 1797 1588; x_wconf 87' lang='grc' dir='ltr'><strong>κηρύττε-</strong></span> 
     </span>
    </p>
   </div>
   <div class='ocr_carea' id='block_1_16' title="bbox 211 1606 1797 1682">
    <p class='ocr_par' dir='ltr' id='par_1_16' title="bbox 211 1606 1797 1682">
     <span class='ocr_line' id='line_1_16' title="bbox 211 1606 1797 1682; baseline -0.004 -18"><span class='ocrx_word' id='word_1_122' title='bbox 211 1627 339 1674; x_wconf 82' lang='grc' dir='ltr'><strong>ται,</strong></span> <span class='ocrx_word' id='word_1_123' title='bbox 373 1613 403 1665; x_wconf 84' lang='grc' dir='ltr'><strong>ό</strong></span> <span class='ocrx_word' id='word_1_124' title='bbox 423 1610 482 1665; x_wconf 72' lang='grc' dir='ltr'><strong>δὲ</strong></span> <span class='ocrx_word' id='word_1_125' title='bbox 514 1610 666 1675; x_wconf 83' lang='grc' dir='ltr'>Υἱὸς,</span> <span class='ocrx_word' id='word_1_126' title='bbox 703 1612 792 1664; x_wconf 83' lang='grc' dir='ltr'><strong>ὅτε</strong></span> <span class='ocrx_word' id='word_1_127' title='bbox 831 1611 930 1682; x_wconf 82' lang='grc' dir='ltr'><strong>μὲν</strong></span> <span class='ocrx_word' id='word_1_128' title='bbox 955 1611 1114 1673; x_wconf 83' lang='grc' dir='ltr'><strong>αὐτὸς</strong></span> <span class='ocrx_word' id='word_1_129' title='bbox 1142 1608 1547 1682; x_wconf 71' lang='grc' dir='ltr'><strong>παραϐάλλεται</strong></span> <span class='ocrx_word' id='word_1_130' title='bbox 1574 1607 1652 1677; x_wconf 83' lang='grc' dir='ltr'>τῷ</span> <span class='ocrx_word' id='word_1_131' title='bbox 1683 1606 1797 1658; x_wconf 86' lang='grc' dir='ltr'><strong>Πα-</strong></span> 
     </span>
    </p>
   </div>
   <div class='ocr_carea' id='block_1_17' title="bbox 212 1698 1795 1776">
    <p class='ocr_par' dir='ltr' id='par_1_17' title="bbox 212 1698 1795 1776">
     <span class='ocr_line' id='line_1_17' title="bbox 212 1698 1795 1776; baseline -0.004 -20"><span class='ocrx_word' id='word_1_132' title='bbox 212 1705 302 1776; x_wconf 76' lang='grc' dir='ltr'><strong>τρὶ</strong></span> <span class='ocrx_word' id='word_1_133' title='bbox 332 1703 431 1756; x_wconf 82' lang='grc' dir='ltr'><strong>οὐκ</strong></span> <span class='ocrx_word' id='word_1_134' title='bbox 467 1701 546 1756; x_wconf 62' lang='grc' dir='ltr'><strong>ἔτ’</strong></span> <span class='ocrx_word' id='word_1_135' title='bbox 589 1703 740 1757; x_wconf 82' lang='grc' dir='ltr'><strong>εσται</strong></span> <span class='ocrx_word' id='word_1_136' title='bbox 767 1705 862 1756; x_wconf 82' lang='grc' dir='ltr'><strong>καὶ</strong></span> <span class='ocrx_word' id='word_1_137' title='bbox 891 1702 1056 1756; x_wconf 76' lang='grc' dir='ltr'><strong>αὐτοῦ</strong></span> <span class='ocrx_word' id='word_1_138' title='bbox 1085 1701 1180 1756; x_wconf 82' lang='grc' dir='ltr'><strong>τοῦ</strong></span> <span class='ocrx_word' id='word_1_139' title='bbox 1223 1700 1436 1774; x_wconf 89' lang='grc' dir='ltr'><strong>Πατρὸς</strong></span> <span class='ocrx_word' id='word_1_140' title='bbox 1475 1699 1631 1763; x_wconf 74' lang='grc' dir='ltr'>Θεὸς,</span> <span class='ocrx_word' id='word_1_141' title='bbox 1679 1698 1795 1751; x_wconf 84' lang='grc' dir='ltr'><strong>ἀλλ’</strong></span> 
     </span>
    </p>
   </div>
   <div class='ocr_carea' id='block_1_18' title="bbox 215 1789 1794 1867">
    <p class='ocr_par' dir='ltr' id='par_1_18' title="bbox 215 1789 1794 1867">
     <span class='ocr_line' id='line_1_18' title="bbox 215 1789 1794 1867; baseline -0.004 -18"><span class='ocrx_word' id='word_1_142' title='bbox 215 1794 341 1859; x_wconf 83' lang='grc' dir='ltr'><strong>Υίὸς</strong></span> <span class='ocrx_word' id='word_1_143' title='bbox 384 1795 680 1867; x_wconf 77' lang='grc' dir='ltr'><strong>μονογενὴς</strong></span> <span class='ocrx_word' id='word_1_144' title='bbox 708 1795 803 1849; x_wconf 80' lang='grc' dir='ltr'><strong>καὶ</strong></span> <span class='ocrx_word' id='word_1_145' title='bbox 840 1794 1124 1864; x_wconf 81' lang='grc' dir='ltr'><strong>ἀγαπητὸς</strong></span> <span class='ocrx_word' id='word_1_146' title='bbox 1150 1793 1316 1848; x_wconf 79' lang='grc' dir='ltr'>αὑτοῦ</span> <span class='ocrx_word' id='word_1_147' title='bbox 1337 1834 1352 1855; x_wconf 83' lang='grc'><strong>.</strong></span> <span class='ocrx_word' id='word_1_148' title='bbox 1380 1793 1476 1847; x_wconf 70' lang='grc' dir='ltr'><strong>καὶ</strong></span> <span class='ocrx_word' id='word_1_149' title='bbox 1501 1791 1665 1846; x_wconf 79' lang='grc' dir='ltr'><strong>είκὼν</strong></span> <span class='ocrx_word' id='word_1_150' title='bbox 1700 1789 1794 1844; x_wconf 77' lang='grc' dir='ltr'><strong>τοῦ</strong></span> 
     </span>
    </p>
   </div>
   <div class='ocr_carea' id='block_1_19' title="bbox 1898 591 3470 662">
    <p class='ocr_par' dir='ltr' id='par_1_19' title="bbox 1898 591 3470 662">
     <span class='ocr_line' id='line_1_19' title="bbox 1898 591 3470 662; baseline -0.003 -10"><span class='ocrx_word' id='word_1_151' title='bbox 1898 598 2034 656; x_wconf 77' lang='lat' dir='ltr'><strong>filios</strong></span> <span class='ocrx_word' id='word_1_152' title='bbox 2063 599 2218 662; x_wconf 82' lang='lat' dir='ltr'><strong>duos,</strong></span> <span class='ocrx_word' id='word_1_153' title='bbox 2247 596 2343 652; x_wconf 84' lang='lat' dir='ltr'><strong>sed</strong></span> <span class='ocrx_word' id='word_1_154' title='bbox 2381 610 2548 649; x_wconf 89' lang='lat' dir='ltr'><strong>unum</strong></span> <span class='ocrx_word' id='word_1_155' title='bbox 2594 609 2663 648; x_wconf 78' lang='lat' dir='ltr'><strong>ex</strong></span> <span class='ocrx_word' id='word_1_156' title='bbox 2689 593 2763 649; x_wconf 87' lang='lat' dir='ltr'><strong>iis</strong></span> <span class='ocrx_word' id='word_1_157' title='bbox 2783 591 3026 655; x_wconf 88' lang='lat' dir='ltr'><strong>Patrem,</strong></span> <span class='ocrx_word' id='word_1_158' title='bbox 3063 591 3292 646; x_wconf 90' lang='lat' dir='ltr'><strong>alterum</strong></span> <span class='ocrx_word' id='word_1_159' title='bbox 3337 609 3470 651; x_wconf 85' lang='lat' dir='ltr'><strong>vero</strong></span> 
     </span>
    </p>
   </div>
   <div class='ocr_carea' id='block_1_20' title="bbox 1894 685 3474 755">
    <p class='ocr_par' dir='ltr' id='par_1_20' title="bbox 1894 685 3474 755">
     <span class='ocr_line' id='line_1_20' title="bbox 1894 685 3474 755; baseline -0.003 -11"><span class='ocrx_word' id='word_1_160' title='bbox 1894 689 2154 745; x_wconf 85' lang='lat' dir='ltr'><strong>concedet</strong></span> <span class='ocrx_word' id='word_1_161' title='bbox 2173 702 2295 744; x_wconf 81' lang='lat' dir='ltr'><strong>esse</strong></span> <span class='ocrx_word' id='word_1_162' title='bbox 2323 686 2540 742; x_wconf 82' lang='lat' dir='ltr'><strong>Filium.</strong></span> <span class='ocrx_word' id='word_1_163' title='bbox 2575 687 2662 741; x_wconf 79' lang='lat' dir='ltr'><strong>‘Ad</strong></span> <span class='ocrx_word' id='word_1_164' title='bbox 2703 685 2956 740; x_wconf 81' lang='lat' dir='ltr'><strong>eumdem</strong></span> <span class='ocrx_word' id='word_1_165' title='bbox 3004 697 3220 755; x_wconf 80' lang='lat' dir='ltr'><strong>quoque</strong></span> <span class='ocrx_word' id='word_1_166' title='bbox 3252 687 3474 740; x_wconf 88' lang='lat' dir='ltr'><strong>modum</strong></span> 
     </span>
    </p>
   </div>
   <div class='ocr_carea' id='block_1_21' title="bbox 1894 775 3477 851">
    <p class='ocr_par' dir='ltr' id='par_1_21' title="bbox 1894 775 3477 851">
     <span class='ocr_line' id='line_1_21' title="bbox 1894 775 3477 851; baseline -0.002 -16"><span class='ocrx_word' id='word_1_167' title='bbox 1894 795 2069 851; x_wconf 87' lang='lat' dir='ltr'><strong>neque</strong></span> <span class='ocrx_word' id='word_1_168' title='bbox 2098 793 2321 835; x_wconf 85' lang='lat' dir='ltr'><strong>necesse</strong></span> <span class='ocrx_word' id='word_1_169' title='bbox 2347 793 2432 834; x_wconf 82' lang='lat' dir='ltr'><strong>est</strong></span> <span class='ocrx_word' id='word_1_170' title='bbox 2455 793 2579 834; x_wconf 91' lang='lat' dir='ltr'><strong>eum</strong></span> <span class='ocrx_word' id='word_1_171' title='bbox 2611 779 2745 832; x_wconf 88' lang='lat' dir='ltr'><strong>duos</strong></span> <span class='ocrx_word' id='word_1_172' title='bbox 2778 777 2910 832; x_wconf 87' lang='lat' dir='ltr'><strong>deos</strong></span> <span class='ocrx_word' id='word_1_173' title='bbox 2958 775 3114 833; x_wconf 78' lang='lat' dir='ltr'><strong>fateri</strong></span> <span class='ocrx_word' id='word_1_174' title='bbox 3137 817 3152 840; x_wconf 93' lang='lat'><strong>,</strong></span> <span class='ocrx_word' id='word_1_175' title='bbox 3209 779 3300 848; x_wconf 82' lang='lat' dir='ltr'><strong>qui</strong></span> <span class='ocrx_word' id='word_1_176' title='bbox 3339 779 3477 833; x_wconf 84' lang='lat' dir='ltr'><strong>duas</strong></span> 
     </span>
    </p>
   </div>
   <div class='ocr_carea' id='block_1_22' title="bbox 1895 867 3476 941">
    <p class='ocr_par' dir='ltr' id='par_1_22' title="bbox 1895 867 3476 941">
     <span class='ocr_line' id='line_1_22' title="bbox 1895 867 3476 941; baseline -0.003 -13"><span class='ocrx_word' id='word_1_177' title='bbox 1895 872 2176 928; x_wconf 72' lang='lat' dir='ltr'><strong>admiserit</strong></span> <span class='ocrx_word' id='word_1_178' title='bbox 2217 872 2560 941; x_wconf 84' lang='lat' dir='ltr'><strong>hypostases.</strong></span> <span class='ocrx_word' id='word_1_179' title='bbox 2602 868 2737 923; x_wconf 81' lang='lat' dir='ltr'><strong>Nam</strong></span> <span class='ocrx_word' id='word_1_180' title='bbox 2789 883 2964 938; x_wconf 88' lang='lat' dir='ltr'><strong>neque</strong></span> <span class='ocrx_word' id='word_1_181' title='bbox 2994 867 3112 923; x_wconf 81' lang='lat' dir='ltr'><strong>illas</strong></span> <span class='ocrx_word' id='word_1_182' title='bbox 3143 870 3349 925; x_wconf 83' lang='lat' dir='ltr'><strong>honore</strong></span> <span class='ocrx_word' id='word_1_183' title='bbox 3377 886 3476 939; x_wconf 89' lang='lat' dir='ltr'><strong>pa-</strong></span> 
     </span>
    </p>
   </div>
   <div class='ocr_carea' id='block_1_23' title="bbox 1895 944 3480 1036">
    <p class='ocr_par' dir='ltr' id='par_1_23' title="bbox 1895 944 3480 1036">
     <span class='ocr_line' id='line_1_23' title="bbox 1895 944 3480 1036; baseline -0.003 -15"><span class='ocrx_word' id='word_1_184' title='bbox 1895 980 1983 1021; x_wconf 90' lang='lat' dir='ltr'><strong>res</strong></span> <span class='ocrx_word' id='word_1_185' title='bbox 2021 960 2309 1036; x_wconf 87' lang='lat' dir='ltr'><strong>ponimus;</strong></span> <span class='ocrx_word' id='word_1_186' title='bbox 2366 976 2540 1031; x_wconf 87' lang='lat' dir='ltr'><strong>neque</strong></span> <span class='ocrx_word' id='word_1_187' title='bbox 2567 944 2754 1014; x_wconf 75' lang='lat' dir='ltr'><strong>ambas</strong></span> <span class='ocrx_word' id='word_1_188' title='bbox 2775 961 3042 1030; x_wconf 77' lang='lat' dir='ltr'><strong>principio</strong></span> <span class='ocrx_word' id='word_1_189' title='bbox 3078 970 3351 1028; x_wconf 85' lang='lat' dir='ltr'><strong>carentes,</strong></span> <span class='ocrx_word' id='word_1_190' title='bbox 3383 971 3480 1016; x_wconf 88' lang='lat' dir='ltr'><strong>aut</strong></span> 
     </span>
    </p>
   </div>
   <div class='ocr_carea' id='block_1_24' title="bbox 1897 1051 3478 1128">
    <p class='ocr_par' dir='ltr' id='par_1_24' title="bbox 1897 1051 3478 1128">
     <span class='ocr_line' id='line_1_24' title="bbox 1897 1051 3478 1128; baseline -0.004 -15"><span class='ocrx_word' id='word_1_191' title='bbox 1897 1058 2208 1128; x_wconf 68' lang='lat' dir='ltr'><strong>ingenuitas;</strong></span> <span class='ocrx_word' id='word_1_192' title='bbox 2247 1056 2344 1110; x_wconf 90' lang='lat' dir='ltr'><strong>sed</strong></span> <span class='ocrx_word' id='word_1_193' title='bbox 2387 1068 2551 1108; x_wconf 87' lang='lat' dir='ltr'><strong>uuam</strong></span> <span class='ocrx_word' id='word_1_194' title='bbox 2587 1067 2653 1108; x_wconf 79' lang='lat' dir='ltr'><strong>ex</strong></span> <span class='ocrx_word' id='word_1_195' title='bbox 2684 1051 2788 1106; x_wconf 80' lang='lat' dir='ltr'><strong>illis</strong></span> <span class='ocrx_word' id='word_1_196' title='bbox 2820 1052 3298 1122; x_wconf 80' lang='lat' dir='ltr'><strong>ingenitam,.sin&#39;e</strong></span> <span class='ocrx_word' id='word_1_197' title='bbox 3323 1053 3478 1122; x_wconf 83' lang='lat' dir='ltr'><strong>prin-</strong></span> 
     </span>
    </p>
   </div>
   <div class='ocr_carea' id='block_1_25' title="bbox 1897 1145 3480 1218">
    <p class='ocr_par' dir='ltr' id='par_1_25' title="bbox 1897 1145 3480 1218">
     <span class='ocr_line' id='line_1_25' title="bbox 1897 1145 3480 1218; baseline -0.002 -13"><span class='ocrx_word' id='word_1_198' title='bbox 1897 1148 2042 1218; x_wconf 88' lang='lat' dir='ltr'><strong>cipio</strong></span> <span class='ocrx_word' id='word_1_199' title='bbox 2067 1149 2419 1202; x_wconf 86' lang='lat' dir='ltr'><strong>exsistentem</strong></span> <span class='ocrx_word' id='word_1_200' title='bbox 2445 1163 2461 1212; x_wconf 88' lang='lat'><strong>;</strong></span> <span class='ocrx_word' id='word_1_201' title='bbox 2494 1146 2720 1199; x_wconf 86' lang='lat' dir='ltr'><strong>alteram</strong></span> <span class='ocrx_word' id='word_1_202' title='bbox 2750 1159 2883 1198; x_wconf 83' lang='lat' dir='ltr'><strong>vero</strong></span> <span class='ocrx_word' id='word_1_203' title='bbox 2905 1145 3166 1215; x_wconf 83' lang='lat' dir='ltr'><strong>genitam,</strong></span> <span class='ocrx_word' id='word_1_204' title='bbox 3193 1145 3480 1202; x_wconf 86' lang='lat' dir='ltr'><strong>etPatrem</strong></span> 
     </span>
    </p>
   </div>
   <div class='ocr_carea' id='block_1_26' title="bbox 1897 1236 3481 1308">
    <p class='ocr_par' dir='ltr' id='par_1_26' title="bbox 1897 1236 3481 1308">
     <span class='ocr_line' id='line_1_26' title="bbox 1897 1236 3481 1308; baseline -0.001 -13"><span class='ocrx_word' id='word_1_205' title='bbox 1897 1242 1979 1296; x_wconf 88' lang='lat' dir='ltr'><strong>sui</strong></span> <span class='ocrx_word' id='word_1_206' title='bbox 2011 1240 2180 1308; x_wconf 85' lang='lat' dir='ltr'><strong>ipsius</strong></span> <span class='ocrx_word' id='word_1_207' title='bbox 2211 1239 2536 1308; x_wconf 84' lang='lat' dir='ltr'><strong>principium</strong></span> <span class='ocrx_word' id='word_1_208' title='bbox 2571 1236 2964 1306; x_wconf 69' lang='lat' dir='ltr'><strong>possidentem.</strong></span> <span class='ocrx_word' id='word_1_209' title='bbox 3009 1237 3376 1304; x_wconf 85' lang='lat' dir='ltr'><strong>Quamobrem</strong></span> <span class='ocrx_word' id='word_1_210' title='bbox 3424 1248 3481 1293; x_wconf 89' lang='lat' dir='ltr'><strong>et</strong></span> 
     </span>
    </p>
   </div>
   <div class='ocr_carea' id='block_1_27' title="bbox 1901 1326 3478 1400">
    <p class='ocr_par' dir='ltr' id='par_1_27' title="bbox 1901 1326 3478 1400">
     <span class='ocr_line' id='line_1_27' title="bbox 1901 1326 3478 1400; baseline -0.002 -15"><span class='ocrx_word' id='word_1_211' title='bbox 1901 1331 2016 1400; x_wconf 89' lang='lat' dir='ltr'><strong>ipse</strong></span> <span class='ocrx_word' id='word_1_212' title='bbox 2062 1329 2232 1382; x_wconf 81' lang='lat' dir='ltr'><strong>Filius</strong></span> <span class='ocrx_word' id='word_1_213' title='bbox 2262 1327 2432 1382; x_wconf 89' lang='lat' dir='ltr'><strong>Deum</strong></span> <span class='ocrx_word' id='word_1_214' title='bbox 2465 1341 2623 1381; x_wconf 88' lang='lat' dir='ltr'><strong>suum</strong></span> <span class='ocrx_word' id='word_1_215' title='bbox 2671 1326 2831 1380; x_wconf 90' lang='lat' dir='ltr'><strong>docet</strong></span> <span class='ocrx_word' id='word_1_216' title='bbox 2872 1340 2995 1382; x_wconf 83' lang='lat' dir='ltr'><strong>esse</strong></span> <span class='ocrx_word' id='word_1_217' title='bbox 3031 1327 3246 1382; x_wconf 83' lang='lat' dir='ltr'><strong>Patrem</strong></span> <span class='ocrx_word' id='word_1_218' title='bbox 3298 1344 3478 1393; x_wconf 88' lang='lat' dir='ltr'><strong>suum,</strong></span> 
     </span>
    </p>
   </div>
   <div class='ocr_carea' id='block_1_28' title="bbox 1899 1415 3480 1489">
    <p class='ocr_par' dir='ltr' id='par_1_28' title="bbox 1899 1415 3480 1489">
     <span class='ocr_line' id='line_1_28' title="bbox 1899 1415 3480 1489; baseline -0.001 -16"><span class='ocrx_word' id='word_1_219' title='bbox 1899 1420 1952 1473; x_wconf 92' lang='lat' dir='ltr'><strong>in</strong></span> <span class='ocrx_word' id='word_1_220' title='bbox 1987 1418 2183 1489; x_wconf 87' lang='lat' dir='ltr'><strong>quibus</strong></span> <span class='ocrx_word' id='word_1_221' title='bbox 2219 1418 2328 1485; x_wconf 80' lang='lat' dir='ltr'><strong>ait,</strong></span> <span class='ocrx_word' id='word_1_222' title='bbox 2371 1415 2522 1471; x_wconf 75' lang='lat' dir='ltr'><strong>Vada</strong></span> <span class='ocrx_word' id='word_1_223' title='bbox 2563 1419 2632 1471; x_wconf 91' lang='lat' dir='ltr'><strong>ad</strong></span> <span class='ocrx_word' id='word_1_224' title='bbox 2681 1417 2896 1471; x_wconf 80' lang='lat' dir='ltr'><strong>Patrem</strong></span> <span class='ocrx_word' id='word_1_225' title='bbox 2939 1433 3143 1481; x_wconf 68' lang='lat' dir='ltr'><strong>meum,</strong></span> <span class='ocrx_word' id='word_1_226' title='bbox 3174 1427 3221 1471; x_wconf 90' lang='lat' dir='ltr'><strong>et</strong></span> <span class='ocrx_word' id='word_1_227' title='bbox 3259 1417 3480 1473; x_wconf 79' lang='lat' dir='ltr'><strong>Patrem</strong></span> 
     </span>
    </p>
   </div>
   <div class='ocr_carea' id='block_1_29' title="bbox 1897 1509 3483 1566">
    <p class='ocr_par' dir='ltr' id='par_1_29' title="bbox 1897 1509 3483 1566">
     <span class='ocr_line' id='line_1_29' title="bbox 1897 1509 3483 1566; baseline 0.001 -2"><span class='ocrx_word' id='word_1_228' title='bbox 1897 1524 2126 1564; x_wconf 82' lang='lat' dir='ltr'><strong>vestrum</strong></span> <span class='ocrx_word' id='word_1_229' title='bbox 2156 1524 2176 1565; x_wconf 90' lang='lat'><strong><em>:</em></strong></span> <span class='ocrx_word' id='word_1_230' title='bbox 2210 1509 2378 1564; x_wconf 80' lang='lat' dir='ltr'><strong>Deum</strong></span> <span class='ocrx_word' id='word_1_231' title='bbox 2431 1526 2605 1564; x_wconf 83' lang='lat' dir='ltr'><strong>meum</strong></span> <span class='ocrx_word' id='word_1_232' title='bbox 2654 1520 2702 1563; x_wconf 86' lang='lat' dir='ltr'><strong>et</strong></span> <span class='ocrx_word' id='word_1_233' title='bbox 2759 1509 2927 1563; x_wconf 87' lang='lat' dir='ltr'><strong>Deum</strong></span> <span class='ocrx_word' id='word_1_234' title='bbox 2983 1511 3303 1563; x_wconf 78' lang='lat' dir='ltr'><strong>vestrum&quot;.</strong></span> <span class='ocrx_word' id='word_1_235' title='bbox 3340 1510 3483 1566; x_wconf 84' lang='lat' dir='ltr'><strong>Deus</strong></span> 
     </span>
    </p>
   </div>
   <div class='ocr_carea' id='block_1_30' title="bbox 1900 1600 3481 1672">
    <p class='ocr_par' dir='ltr' id='par_1_30' title="bbox 1900 1600 3481 1672">
     <span class='ocr_line' id='line_1_30' title="bbox 1900 1600 3481 1672; baseline 0 -14"><span class='ocrx_word' id='word_1_236' title='bbox 1900 1613 2048 1658; x_wconf 88' lang='lat' dir='ltr'><strong>certe</strong></span> <span class='ocrx_word' id='word_1_237' title='bbox 2076 1610 2131 1657; x_wconf 92' lang='lat' dir='ltr'><strong>et</strong></span> <span class='ocrx_word' id='word_1_238' title='bbox 2153 1603 2336 1669; x_wconf 84' lang='lat' dir='ltr'><strong>Pater,</strong></span> <span class='ocrx_word' id='word_1_239' title='bbox 2371 1602 2542 1672; x_wconf 77' lang='lat' dir='ltr'><strong>ipsius</strong></span> <span class='ocrx_word' id='word_1_240' title='bbox 2567 1617 2784 1672; x_wconf 82' lang='lat' dir='ltr'><strong>quoque</strong></span> <span class='ocrx_word' id='word_1_241' title='bbox 2812 1600 2939 1655; x_wconf 76' lang='lat' dir='ltr'><strong>Filii</strong></span> <span class='ocrx_word' id='word_1_242' title='bbox 2971 1601 3116 1656; x_wconf 85' lang='lat' dir='ltr'><strong>Deus</strong></span> <span class='ocrx_word' id='word_1_243' title='bbox 3161 1615 3283 1657; x_wconf 86' lang='lat' dir='ltr'><strong>esse</strong></span> <span class='ocrx_word' id='word_1_244' title='bbox 3309 1603 3481 1658; x_wconf 83' lang='lat' dir='ltr'><strong>doce-</strong></span> 
     </span>
    </p>
   </div>
   <div class='ocr_carea' id='block_1_31' title="bbox 1902 1693 3482 1765">
    <p class='ocr_par' dir='ltr' id='par_1_31' title="bbox 1902 1693 3482 1765">
     <span class='ocr_line' id='line_1_31' title="bbox 1902 1693 3482 1765; baseline 0 -15"><span class='ocrx_word' id='word_1_245' title='bbox 1902 1705 2006 1750; x_wconf 91' lang='lat' dir='ltr'><strong>tur.</strong></span> <span class='ocrx_word' id='word_1_246' title='bbox 2046 1693 2313 1762; x_wconf 85' lang='lat' dir='ltr'><strong>Quocirca</strong></span> <span class='ocrx_word' id='word_1_247' title='bbox 2349 1709 2489 1749; x_wconf 89' lang='lat' dir='ltr'><strong>unus</strong></span> <span class='ocrx_word' id='word_1_248' title='bbox 2519 1693 2659 1748; x_wconf 88' lang='lat' dir='ltr'><strong>Deus</strong></span> <span class='ocrx_word' id='word_1_249' title='bbox 2701 1695 2846 1763; x_wconf 86' lang='lat' dir='ltr'><strong>apud</strong></span> <span class='ocrx_word' id='word_1_250' title='bbox 2873 1693 3176 1750; x_wconf 87' lang='lat' dir='ltr'><strong>Ecclesiam</strong></span> <span class='ocrx_word' id='word_1_251' title='bbox 3210 1697 3482 1765; x_wconf 70' lang='lat' dir='ltr'><strong>praedica-</strong></span> 
     </span>
    </p>
   </div>
   <div class='ocr_carea' id='block_1_32' title="bbox 1904 1785 3484 1856">
    <p class='ocr_par' dir='ltr' id='par_1_32' title="bbox 1904 1785 3484 1856">
     <span class='ocr_line' id='line_1_32' title="bbox 1904 1785 3484 1856; baseline 0 -14"><span class='ocrx_word' id='word_1_252' title='bbox 1904 1799 2012 1852; x_wconf 89' lang='lat' dir='ltr'><strong>tur,</strong></span> <span class='ocrx_word' id='word_1_253' title='bbox 2042 1787 2165 1842; x_wconf 81' lang='lat' dir='ltr'><strong>Filii</strong></span> <span class='ocrx_word' id='word_1_254' title='bbox 2197 1787 2377 1842; x_wconf 88' lang='lat' dir='ltr'><strong>Pater.</strong></span> <span class='ocrx_word' id='word_1_255' title='bbox 2423 1785 2600 1841; x_wconf 77' lang='lat' dir='ltr'><strong>Filius</strong></span> <span class='ocrx_word' id='word_1_256' title='bbox 2643 1798 2827 1842; x_wconf 86' lang='lat' dir='ltr'><strong>autem</strong></span> <span class='ocrx_word' id='word_1_257' title='bbox 2877 1787 3095 1856; x_wconf 83' lang='lat' dir='ltr'><strong>quando</strong></span> <span class='ocrx_word' id='word_1_258' title='bbox 3144 1801 3268 1842; x_wconf 89' lang='lat' dir='ltr'><strong>cum</strong></span> <span class='ocrx_word' id='word_1_259' title='bbox 3323 1786 3484 1842; x_wconf 84' lang='lat' dir='ltr'><strong>Patre</strong></span> 
     </span>
    </p>
   </div>
   <div class='ocr_carea' id='block_1_33' title="bbox 213 1877 1798 1959">
    <p class='ocr_par' dir='ltr' id='par_1_33' title="bbox 213 1883 1795 1959">
     <span class='ocr_line' id='line_1_33' title="bbox 213 1883 1795 1959; baseline -0.001 -21"><span class='ocrx_word' id='word_1_260' title='bbox 213 1884 346 1939; x_wconf 81' lang='grc' dir='ltr'>Θεοῦ</span> <span class='ocrx_word' id='word_1_261' title='bbox 377 1886 471 1940; x_wconf 84' lang='grc' dir='ltr'><strong>τοῦ</strong></span> <span class='ocrx_word' id='word_1_262' title='bbox 500 1887 758 1958; x_wconf 81' lang='grc' dir='ltr'><strong>ἀοράτου,</strong></span> <span class='ocrx_word' id='word_1_263' title='bbox 785 1887 880 1941; x_wconf 76' lang='grc' dir='ltr'><strong>καὶ</strong></span> <span class='ocrx_word' id='word_1_264' title='bbox 905 1886 1255 1959; x_wconf 66' lang='grc' dir='ltr'><strong>ἀπαύγασμα,</strong></span> <span class='ocrx_word' id='word_1_265' title='bbox 1275 1889 1374 1958; x_wconf 81' lang='grc' dir='ltr'><strong>τῆς</strong></span> <span class='ocrx_word' id='word_1_266' title='bbox 1408 1885 1684 1957; x_wconf 80' lang='grc' dir='ltr'><strong>πατρικῆς</strong></span> <span class='ocrx_word' id='word_1_267' title='bbox 1708 1883 1795 1937; x_wconf 82' lang='grc' dir='ltr'><strong>δό-</strong></span> 
     </span>
    </p>
   </div>
   <div class='ocr_carea' id='block_1_34' title="bbox 1901 1877 3479 1959">
    <p class='ocr_par' dir='ltr' id='par_1_34' title="bbox 1901 1877 3479 1951">
     <span class='ocr_line' id='line_1_34' title="bbox 1901 1877 3479 1951; baseline -0.002 -15"><span class='ocrx_word' id='word_1_268' title='bbox 1901 1893 2270 1950; x_wconf 83' lang='lat' dir='ltr'><strong>comparatur,</strong></span> <span class='ocrx_word' id='word_1_269' title='bbox 2307 1895 2413 1934; x_wconf 91' lang='lat' dir='ltr'><strong>non</strong></span> <span class='ocrx_word' id='word_1_270' title='bbox 2465 1879 2577 1947; x_wconf 85' lang='lat' dir='ltr'><strong>jam</strong></span> <span class='ocrx_word' id='word_1_271' title='bbox 2623 1877 2807 1934; x_wconf 81' lang='lat' dir='ltr'><strong>Patris</strong></span> <span class='ocrx_word' id='word_1_272' title='bbox 2860 1878 3028 1951; x_wconf 84' lang='lat' dir='ltr'><strong>ipsius</strong></span> <span class='ocrx_word' id='word_1_273' title='bbox 3067 1878 3208 1933; x_wconf 83' lang='lat' dir='ltr'><strong>Deus</strong></span> <span class='ocrx_word' id='word_1_274' title='bbox 3256 1878 3479 1941; x_wconf 91' lang='lat' dir='ltr'><strong>dicitur,</strong></span> 
     </span>
    </p>
   </div>
   <div class='ocr_carea' id='block_1_35' title="bbox 210 1973 1795 2048">
    <p class='ocr_par' dir='ltr' id='par_1_35' title="bbox 210 1973 1795 2048">
     <span class='ocr_line' id='line_1_35' title="bbox 210 1973 1795 2048; baseline -0.003 -17"><span class='ocrx_word' id='word_1_275' title='bbox 210 1975 311 2045; x_wconf 75' lang='grc' dir='ltr'><strong>ξης</strong></span> <span class='ocrx_word' id='word_1_276' title='bbox 336 1992 351 2006; x_wconf 74' lang='grc'><strong>⁸</strong></span> <span class='ocrx_word' id='word_1_277' title='bbox 387 1975 537 2030; x_wconf 73' lang='grc' dir='ltr'><strong>σέϐει</strong></span> <span class='ocrx_word' id='word_1_278' title='bbox 563 1993 622 2028; x_wconf 86' lang='grc' dir='ltr'><strong>τε</strong></span> <span class='ocrx_word' id='word_1_279' title='bbox 650 1976 744 2029; x_wconf 73' lang='grc' dir='ltr'><strong>καὶ</strong></span> <span class='ocrx_word' id='word_1_280' title='bbox 769 1979 1085 2048; x_wconf 73' lang='grc' dir='ltr'><strong>προσκυνεῖ,</strong></span> <span class='ocrx_word' id='word_1_281' title='bbox 1116 1977 1210 2030; x_wconf 82' lang='grc' dir='ltr'><strong>καὶ</strong></span> <span class='ocrx_word' id='word_1_282' title='bbox 1233 1976 1445 2042; x_wconf 76' lang='grc' dir='ltr'><strong>δοξάζει</strong></span> <span class='ocrx_word' id='word_1_283' title='bbox 1477 1977 1570 2030; x_wconf 86' lang='grc' dir='ltr'><strong>τὸν</strong></span> <span class='ocrx_word' id='word_1_284' title='bbox 1602 1973 1795 2030; x_wconf 74' lang='grc' dir='ltr'><strong>ἑαυτοῦ</strong></span> 
     </span>
    </p>
   </div>
   <div class='ocr_carea' id='block_1_36' title="bbox 207 2065 1794 2140">
    <p class='ocr_par' dir='ltr' id='par_1_36' title="bbox 207 2065 1794 2140">
     <span class='ocr_line' id='line_1_36' title="bbox 207 2065 1794 2140; baseline 0.002 -21"><span class='ocrx_word' id='word_1_285' title='bbox 207 2065 454 2139; x_wconf 77' lang='grc' dir='ltr'><strong>Πατέρα,</strong></span> <span class='ocrx_word' id='word_1_286' title='bbox 509 2067 659 2122; x_wconf 73' lang='grc' dir='ltr'>Θεὸν</span> <span class='ocrx_word' id='word_1_287' title='bbox 697 2068 862 2121; x_wconf 86' lang='grc' dir='ltr'>αὐτὸν</span> <span class='ocrx_word' id='word_1_288' title='bbox 907 2068 1001 2124; x_wconf 72' lang='grc' dir='ltr'><strong>καὶ</strong></span> <span class='ocrx_word' id='word_1_289' title='bbox 1050 2069 1270 2122; x_wconf 79' lang='grc' dir='ltr'><strong>ἑαυτοῦ</strong></span> <span class='ocrx_word' id='word_1_290' title='bbox 1325 2069 1761 2140; x_wconf 71' lang='grc' dir='ltr'><strong>ἐπιγραφόμενος</strong></span> <span class='ocrx_word' id='word_1_291' title='bbox 1773 2085 1794 2099; x_wconf 53' lang='grc'><strong>⁷·</strong></span> 
     </span>
    </p>
   </div>
   <div class='ocr_carea' id='block_1_37' title="bbox 215 2153 1799 2233">
    <p class='ocr_par' dir='ltr' id='par_1_37' title="bbox 215 2153 1799 2233">
     <span class='ocr_line' id='line_1_37' title="bbox 215 2153 1799 2233; baseline 0.001 -21"><span class='ocrx_word' id='word_1_292' title='bbox 215 2161 308 2213; x_wconf 75' lang='grc' dir='ltr'><strong>καὶ</strong></span> <span class='ocrx_word' id='word_1_293' title='bbox 347 2157 606 2231; x_wconf 78' lang='grc' dir='ltr'><strong>εὕχεσθαι</strong></span> <span class='ocrx_word' id='word_1_294' title='bbox 653 2160 1085 2233; x_wconf 79' lang='grc' dir='ltr'><strong>ἀναγέγραπται,</strong></span> <span class='ocrx_word' id='word_1_295' title='bbox 1135 2155 1180 2230; x_wconf 81' lang='grc' dir='ltr'>ᾧ</span> <span class='ocrx_word' id='word_1_296' title='bbox 1223 2161 1318 2215; x_wconf 74' lang='grc' dir='ltr'><strong>καὶ</strong></span> <span class='ocrx_word' id='word_1_297' title='bbox 1366 2163 1697 2233; x_wconf 77' lang='grc' dir='ltr'><strong>εὐχαριστεῖ,</strong></span> <span class='ocrx_word' id='word_1_298' title='bbox 1753 2153 1799 2229; x_wconf 84' lang='grc' dir='ltr'>ᾧ</span> 
     </span>
    </p>
   </div>
   <div class='ocr_carea' id='block_1_38' title="bbox 217 2250 1798 2324">
    <p class='ocr_par' dir='ltr' id='par_1_38' title="bbox 217 2250 1798 2324">
     <span class='ocr_line' id='line_1_38' title="bbox 217 2250 1798 2324; baseline 0.001 -21"><span class='ocrx_word' id='word_1_299' title='bbox 217 2251 312 2303; x_wconf 76' lang='grc' dir='ltr'><strong>καὶ</strong></span> <span class='ocrx_word' id='word_1_300' title='bbox 357 2250 601 2322; x_wconf 77' lang='grc' dir='ltr'><strong>ὑπήκοος</strong></span> <span class='ocrx_word' id='word_1_301' title='bbox 649 2252 812 2323; x_wconf 83' lang='grc' dir='ltr'><strong>μέχρι</strong></span> <span class='ocrx_word' id='word_1_302' title='bbox 859 2252 1088 2306; x_wconf 90' lang='grc' dir='ltr'><strong>θανάτου</strong></span> <span class='ocrx_word' id='word_1_303' title='bbox 1131 2253 1359 2320; x_wconf 82' lang='grc' dir='ltr'><strong>γίνεται.</strong></span> <span class='ocrx_word' id='word_1_304' title='bbox 1419 2251 1702 2324; x_wconf 79' lang='grc' dir='ltr'><strong>Ὁμολογεῖ</strong></span> <span class='ocrx_word' id='word_1_305' title='bbox 1737 2269 1798 2305; x_wconf 82' lang='grc' dir='ltr'><strong>τε</strong></span> 
     </span>
    </p>
   </div>
   <div class='ocr_carea' id='block_1_39' title="bbox 213 2340 1796 2419">
    <p class='ocr_par' dir='ltr' id='par_1_39' title="bbox 213 2340 1796 2419">
     <span class='ocr_line' id='line_1_39' title="bbox 213 2340 1796 2419; baseline 0.002 -22"><span class='ocrx_word' id='word_1_306' title='bbox 213 2340 314 2414; x_wconf 77' lang='grc' dir='ltr'><strong>ζῇν</strong></span> <span class='ocrx_word' id='word_1_307' title='bbox 341 2342 432 2398; x_wconf 79' lang='grc' dir='ltr'><strong>διὰ</strong></span> <span class='ocrx_word' id='word_1_308' title='bbox 460 2342 555 2398; x_wconf 84' lang='grc' dir='ltr'>τὸν</span> <span class='ocrx_word' id='word_1_309' title='bbox 588 2344 837 2417; x_wconf 73' lang='grc' dir='ltr'><strong>Πατέρα,</strong></span> <span class='ocrx_word' id='word_1_310' title='bbox 890 2345 984 2398; x_wconf 80' lang='grc' dir='ltr'><strong>καὶ</strong></span> <span class='ocrx_word' id='word_1_311' title='bbox 1026 2347 1193 2415; x_wconf 80' lang='grc' dir='ltr'><strong>μηδὲν</strong></span> <span class='ocrx_word' id='word_1_312' title='bbox 1239 2345 1500 2399; x_wconf 82' lang='grc' dir='ltr'><strong>δύνασθαι</strong></span> <span class='ocrx_word' id='word_1_313' title='bbox 1535 2347 1796 2419; x_wconf 83' lang='grc' dir='ltr'><strong>πράττειν</strong></span> 
     </span>
    </p>
   </div>
   <div class='ocr_carea' id='block_1_40' title="bbox 213 2433 1799 2509">
    <p class='ocr_par' dir='ltr' id='par_1_40' title="bbox 213 2433 1799 2509">
     <span class='ocr_line' id='line_1_40' title="bbox 213 2433 1799 2509; baseline 0.002 -22"><span class='ocrx_word' id='word_1_314' title='bbox 213 2433 344 2488; x_wconf 66' lang='grc' dir='ltr'><strong>ἄνευ</strong></span> <span class='ocrx_word' id='word_1_315' title='bbox 376 2433 468 2490; x_wconf 83' lang='grc' dir='ltr'><strong>τοῦ</strong></span> <span class='ocrx_word' id='word_1_316' title='bbox 505 2435 748 2508; x_wconf 86' lang='grc' dir='ltr'><strong>Πατρὸς·</strong></span> <span class='ocrx_word' id='word_1_317' title='bbox 793 2436 885 2490; x_wconf 78' lang='grc' dir='ltr'><strong>καὶ</strong></span> <span class='ocrx_word' id='word_1_318' title='bbox 911 2437 988 2508; x_wconf 82' lang='grc' dir='ltr'><strong>μὴ</strong></span> <span class='ocrx_word' id='word_1_319' title='bbox 1018 2437 1082 2490; x_wconf 86' lang='grc' dir='ltr'><strong>τὸ</strong></span> <span class='ocrx_word' id='word_1_320' title='bbox 1112 2437 1309 2491; x_wconf 79' lang='grc' dir='ltr'><strong>ἑαυτοῦ</strong></span> <span class='ocrx_word' id='word_1_321' title='bbox 1343 2436 1556 2509; x_wconf 82' lang='grc' dir='ltr'><strong>θέλημα</strong></span> <span class='ocrx_word' id='word_1_322' title='bbox 1601 2441 1799 2504; x_wconf 74' lang='grc' dir='ltr'><strong>ποιεῖν,</strong></span> 
     </span>
    </p>
   </div>
   <div class='ocr_carea' id='block_1_41' title="bbox 207 2525 1795 2602">
    <p class='ocr_par' dir='ltr' id='par_1_41' title="bbox 207 2525 1795 2602">
     <span class='ocr_line' id='line_1_41' title="bbox 207 2525 1795 2602; baseline 0.003 -22"><span class='ocrx_word' id='word_1_323' title='bbox 207 2526 349 2580; x_wconf 71' lang='grc' dir='ltr'><strong>ἀλλὰ</strong></span> <span class='ocrx_word' id='word_1_324' title='bbox 381 2525 442 2580; x_wconf 89' lang='grc' dir='ltr'><strong>τὸ</strong></span> <span class='ocrx_word' id='word_1_325' title='bbox 471 2525 570 2581; x_wconf 78' lang='grc' dir='ltr'><strong>τοῦ</strong></span> <span class='ocrx_word' id='word_1_326' title='bbox 603 2527 837 2602; x_wconf 84' lang='grc' dir='ltr'><strong>Πατρός.</strong></span> <span class='ocrx_word' id='word_1_327' title='bbox 865 2529 1027 2598; x_wconf 80' lang='grc' dir='ltr'><strong>Λέγει</strong></span> <span class='ocrx_word' id='word_1_328' title='bbox 1059 2528 1102 2581; x_wconf 77' lang='grc' dir='ltr'><strong>δ’</strong></span> <span class='ocrx_word' id='word_1_329' title='bbox 1133 2526 1226 2583; x_wconf 77' lang='grc' dir='ltr'><strong>οὖν</strong></span> <span class='ocrx_word' id='word_1_330' title='bbox 1251 2531 1444 2593; x_wconf 75' lang='grc' dir='ltr'><strong>αὑταῖς</strong></span> <span class='ocrx_word' id='word_1_331' title='bbox 1473 2531 1795 2596; x_wconf 77' lang='grc' dir='ltr'><strong>συλλαϐαἶςο</strong></span> 
     </span>
    </p>
   </div>
   <div class='ocr_carea' id='block_1_42' title="bbox 218 2615 1800 2691">
    <p class='ocr_par' dir='ltr' id='par_1_42' title="bbox 218 2615 1800 2691">
     <span class='ocr_line' id='line_1_42' title="bbox 218 2615 1800 2691; baseline 0.003 -19"><span class='ocrx_word' id='word_1_332' title='bbox 218 2615 337 2672; x_wconf 75' lang='grc' dir='ltr'><strong>Ὅτι</strong></span> <span class='ocrx_word' id='word_1_333' title='bbox 364 2619 738 2688; x_wconf 75' lang='grc' dir='ltr'><strong>καταϐέϐηκα</strong></span> <span class='ocrx_word' id='word_1_334' title='bbox 761 2621 830 2674; x_wconf 79' lang='grc' dir='ltr'><strong>ἐκ</strong></span> <span class='ocrx_word' id='word_1_335' title='bbox 855 2621 960 2675; x_wconf 84' lang='grc' dir='ltr'><strong>τοῦ</strong></span> <span class='ocrx_word' id='word_1_336' title='bbox 985 2622 1268 2689; x_wconf 76' lang='grc' dir='ltr'><strong>οὐρανοῦ.</strong></span> <span class='ocrx_word' id='word_1_337' title='bbox 1294 2625 1408 2691; x_wconf 84' lang='grc' dir='ltr'><strong>οὐχ</strong></span> <span class='ocrx_word' id='word_1_338' title='bbox 1439 2623 1539 2676; x_wconf 79' lang='grc' dir='ltr'><strong>ἵνα</strong></span> <span class='ocrx_word' id='word_1_339' title='bbox 1566 2623 1800 2690; x_wconf 78' lang='grc' dir='ltr'><strong>ποιήσω</strong></span> 
     </span>
    </p>
   </div>
   <div class='ocr_carea' id='block_1_43' title="bbox 209 2709 1802 2783">
    <p class='ocr_par' dir='ltr' id='par_1_43' title="bbox 209 2709 1802 2783">
     <span class='ocr_line' id='line_1_43' title="bbox 209 2709 1802 2783; baseline 0.001 -19"><span class='ocrx_word' id='word_1_340' title='bbox 209 2709 282 2764; x_wconf 75' lang='grc' dir='ltr'><strong>τὸ</strong></span> <span class='ocrx_word' id='word_1_341' title='bbox 307 2709 540 2780; x_wconf 68' lang='grc' dir='ltr'><strong>θέλημα</strong></span> <span class='ocrx_word' id='word_1_342' title='bbox 564 2710 631 2764; x_wconf 86' lang='grc' dir='ltr'><strong>τὸ</strong></span> <span class='ocrx_word' id='word_1_343' title='bbox 650 2711 824 2780; x_wconf 69' lang='grc' dir='ltr'><strong>ἐμὸν,</strong></span> <span class='ocrx_word' id='word_1_344' title='bbox 849 2711 1008 2765; x_wconf 70' lang='grc' dir='ltr'><em>ἀλλὰ</em></span> <span class='ocrx_word' id='word_1_345' title='bbox 1036 2711 1103 2765; x_wconf 81' lang='grc' dir='ltr'><strong>τὸ</strong></span> <span class='ocrx_word' id='word_1_346' title='bbox 1140 2711 1369 2782; x_wconf 74' lang='grc' dir='ltr'><strong>θέλημα</strong></span> <span class='ocrx_word' id='word_1_347' title='bbox 1395 2713 1502 2767; x_wconf 85' lang='grc' dir='ltr'><strong>τοῦ</strong></span> <span class='ocrx_word' id='word_1_348' title='bbox 1525 2712 1802 2783; x_wconf 75' lang='grc' dir='ltr'><strong>πέμψαν-</strong></span> 
     </span>
    </p>
   </div>
   <div class='ocr_carea' id='block_1_44' title="bbox 217 2799 1800 2877">
    <p class='ocr_par' dir='ltr' id='par_1_44' title="bbox 217 2799 1800 2877">
     <span class='ocr_line' id='line_1_44' title="bbox 217 2799 1800 2877; baseline 0.002 -22"><span class='ocrx_word' id='word_1_349' title='bbox 217 2802 322 2868; x_wconf 67' lang='grc' dir='ltr'><strong>τός</strong></span> <span class='ocrx_word' id='word_1_350' title='bbox 349 2817 459 2873; x_wconf 77' lang='grc' dir='ltr'><strong>με’</strong></span> <span class='ocrx_word' id='word_1_351' title='bbox 501 2803 598 2856; x_wconf 74' lang='grc' dir='ltr'><strong>καὶ</strong></span> <span class='ocrx_word' id='word_1_352' title='bbox 625 2799 822 2877; x_wconf 82' lang='grc' dir='ltr'><strong>αὖθις·</strong></span> <span class='ocrx_word' id='word_1_353' title='bbox 868 2806 951 2858; x_wconf 85' lang='grc' dir='ltr'><strong>Οὐ</strong></span> <span class='ocrx_word' id='word_1_354' title='bbox 989 2803 1247 2874; x_wconf 79' lang='grc' dir='ltr'><strong>δύναμαι</strong></span> <span class='ocrx_word' id='word_1_355' title='bbox 1295 2804 1411 2874; x_wconf 60' lang='grc' dir='ltr'><strong>ἐγὼ</strong></span> <span class='ocrx_word' id='word_1_356' title='bbox 1457 2806 1652 2859; x_wconf 78' lang='grc' dir='ltr'><strong>ποιεῖν</strong></span> <span class='ocrx_word' id='word_1_357' title='bbox 1699 2807 1800 2858; x_wconf 75' lang='grc' dir='ltr'><strong>ἀπ’</strong></span> 
     </span>
    </p>
   </div>
   <div class='ocr_carea' id='block_1_45' title="bbox 218 2899 1804 2971">
    <p class='ocr_par' dir='ltr' id='par_1_45' title="bbox 218 2899 1804 2971">
     <span class='ocr_line' id='line_1_45' title="bbox 218 2899 1804 2971; baseline -0.001 -16"><span class='ocrx_word' id='word_1_358' title='bbox 218 2899 480 2970; x_wconf 69' lang='grc' dir='ltr'><strong>ἐμαυτοῦ</strong></span> <span class='ocrx_word' id='word_1_359' title='bbox 508 2899 688 2955; x_wconf 70' lang='grc' dir='ltr'><strong>οὐδὲν</strong></span> <span class='ocrx_word' id='word_1_360' title='bbox 709 2917 725 2931; x_wconf 89' lang='grc'><strong>·</strong></span> <span class='ocrx_word' id='word_1_361' title='bbox 758 2901 952 2966; x_wconf 81' lang='grc' dir='ltr'><strong>καθὼς</strong></span> <span class='ocrx_word' id='word_1_362' title='bbox 985 2902 1202 2965; x_wconf 77' lang='grc' dir='ltr'><strong>ἀκούω,</strong></span> <span class='ocrx_word' id='word_1_363' title='bbox 1237 2902 1437 2971; x_wconf 74' lang='grc' dir='ltr'><strong>κρίνω,</strong></span> <span class='ocrx_word' id='word_1_364' title='bbox 1471 2900 1572 2954; x_wconf 75' lang='grc' dir='ltr'><strong>καὶ</strong></span> <span class='ocrx_word' id='word_1_365' title='bbox 1615 2903 1654 2970; x_wconf 81' lang='grc' dir='ltr'><strong><em>ἠ</em></strong></span> <span class='ocrx_word' id='word_1_366' title='bbox 1681 2901 1804 2971; x_wconf 82' lang='grc' dir='ltr'><strong>κρι-</strong></span> 
     </span>
    </p>
   </div>
   <div class='ocr_carea' id='block_1_46' title="bbox 215 2990 1802 3063">
    <p class='ocr_par' dir='ltr' id='par_1_46' title="bbox 215 2990 1802 3063">
     <span class='ocr_line' id='line_1_46' title="bbox 215 2990 1802 3063; baseline 0.001 -18"><span class='ocrx_word' id='word_1_367' title='bbox 215 3007 320 3057; x_wconf 84' lang='grc' dir='ltr'><strong>σις</strong></span> <span class='ocrx_word' id='word_1_368' title='bbox 347 2993 386 3060; x_wconf 78' lang='grc' dir='ltr'><em>ἠ</em></span> <span class='ocrx_word' id='word_1_369' title='bbox 415 2990 534 3061; x_wconf 72' lang='grc' dir='ltr'><strong>ἐμὴ</strong></span> <span class='ocrx_word' id='word_1_370' title='bbox 562 2990 762 3047; x_wconf 77' lang='grc' dir='ltr'><strong>δικαία</strong></span> <span class='ocrx_word' id='word_1_371' title='bbox 802 2992 958 3057; x_wconf 76' lang='grc' dir='ltr'><strong>ἐστὶ,</strong></span> <span class='ocrx_word' id='word_1_372' title='bbox 985 2991 1075 3045; x_wconf 83' lang='grc' dir='ltr'><strong>ὅτι</strong></span> <span class='ocrx_word' id='word_1_373' title='bbox 1104 2994 1176 3046; x_wconf 88' lang='grc' dir='ltr'><strong>οὐ</strong></span> <span class='ocrx_word' id='word_1_374' title='bbox 1206 2990 1355 3061; x_wconf 58' lang='lat' dir='ltr'><strong>(inci:</strong></span> <span class='ocrx_word' id='word_1_375' title='bbox 1384 2993 1449 3047; x_wconf 85' lang='grc' dir='ltr'><strong>τὸ</strong></span> <span class='ocrx_word' id='word_1_376' title='bbox 1477 2992 1707 3063; x_wconf 72' lang='grc' dir='ltr'><strong>θέλημα</strong></span> <span class='ocrx_word' id='word_1_377' title='bbox 1734 2993 1802 3047; x_wconf 86' lang='grc' dir='ltr'><strong>τὸ</strong></span> 
     </span>
    </p>
   </div>
   <div class='ocr_carea' id='block_1_47' title="bbox 1899 1970 3483 2042">
    <p class='ocr_par' dir='ltr' id='par_1_47' title="bbox 1899 1970 3483 2042">
     <span class='ocr_line' id='line_1_47' title="bbox 1899 1970 3483 2042; baseline -0.003 -14"><span class='ocrx_word' id='word_1_378' title='bbox 1899 1975 1994 2028; x_wconf 87' lang='lat' dir='ltr'><strong>sed</strong></span> <span class='ocrx_word' id='word_1_379' title='bbox 2027 1971 2200 2028; x_wconf 82' lang='lat' dir='ltr'><strong>Filius</strong></span> <span class='ocrx_word' id='word_1_380' title='bbox 2233 1971 2577 2041; x_wconf 82' lang='lat' dir='ltr'><strong>unigenitus,</strong></span> <span class='ocrx_word' id='word_1_381' title='bbox 2627 1984 2683 2028; x_wconf 90' lang='lat' dir='ltr'><strong>et</strong></span> <span class='ocrx_word' id='word_1_382' title='bbox 2713 1972 2942 2026; x_wconf 90' lang='lat' dir='ltr'><strong>dilectus</strong></span> <span class='ocrx_word' id='word_1_383' title='bbox 2968 1970 3088 2042; x_wconf 83' lang='lat' dir='ltr'><strong>ejus</strong></span> <span class='ocrx_word' id='word_1_384' title='bbox 3132 1987 3149 2025; x_wconf 87' lang='lat'><strong>:</strong></span> <span class='ocrx_word' id='word_1_385' title='bbox 3191 1981 3245 2026; x_wconf 89' lang='lat' dir='ltr'><strong>et</strong></span> <span class='ocrx_word' id='word_1_386' title='bbox 3298 1971 3483 2042; x_wconf 93' lang='lat' dir='ltr'><strong>imago</strong></span> 
     </span>
    </p>
   </div>
   <div class='ocr_carea' id='block_1_48' title="bbox 1899 2063 3477 2134">
    <p class='ocr_par' dir='ltr' id='par_1_48' title="bbox 1899 2063 3477 2134">
     <span class='ocr_line' id='line_1_48' title="bbox 1899 2063 3477 2134; baseline -0.002 -16"><span class='ocrx_word' id='word_1_387' title='bbox 1899 2063 1992 2119; x_wconf 90' lang='lat' dir='ltr'><strong>Dei</strong></span> <span class='ocrx_word' id='word_1_388' title='bbox 2045 2063 2367 2126; x_wconf 65' lang='lat' dir='ltr'><strong>invisibilis,</strong></span> <span class='ocrx_word' id='word_1_389' title='bbox 2411 2073 2467 2117; x_wconf 84' lang='lat' dir='ltr'><strong>et</strong></span> <span class='ocrx_word' id='word_1_390' title='bbox 2519 2063 2934 2133; x_wconf 74' lang='lat' dir='ltr'><strong>resplendenti&#39;a&#39;</strong></span> <span class='ocrx_word' id='word_1_391' title='bbox 2964 2073 3210 2131; x_wconf 62' lang='lat' dir='ltr'><strong>paterna</strong></span> <span class='ocrx_word' id='word_1_392' title='bbox 3243 2063 3432 2134; x_wconf 71' lang='lat' dir='ltr'><strong>gloria:</strong></span> <span class='ocrx_word' id='word_1_393' title='bbox 3463 2081 3477 2115; x_wconf 93' lang='lat'><strong>:</strong></span> 
     </span>
    </p>
   </div>
   <div class='ocr_carea' id='block_1_49' title="bbox 1900 2153 3482 2222">
    <p class='ocr_par' dir='ltr' id='par_1_49' title="bbox 1900 2153 3482 2222">
     <span class='ocr_line' id='line_1_49' title="bbox 1900 2153 3482 2222; baseline -0.001 -11"><span class='ocrx_word' id='word_1_394' title='bbox 1900 2157 2162 2219; x_wconf 87' lang='lat' dir='ltr'><strong>honorat,</strong></span> <span class='ocrx_word' id='word_1_395' title='bbox 2208 2157 2396 2211; x_wconf 86' lang='lat' dir='ltr'><strong>adorat</strong></span> <span class='ocrx_word' id='word_1_396' title='bbox 2427 2168 2483 2210; x_wconf 91' lang='lat' dir='ltr'><strong>et</strong></span> <span class='ocrx_word' id='word_1_397' title='bbox 2506 2166 2799 2210; x_wconf 84' lang='lat' dir='ltr'><strong>veneratur</strong></span> <span class='ocrx_word' id='word_1_398' title='bbox 2845 2171 3002 2210; x_wconf 90' lang='lat' dir='ltr'><strong>suum</strong></span> <span class='ocrx_word' id='word_1_399' title='bbox 3038 2153 3281 2222; x_wconf 79' lang='lat' dir='ltr'><strong>Patrem,</strong></span> <span class='ocrx_word' id='word_1_400' title='bbox 3312 2155 3482 2210; x_wconf 90' lang='lat' dir='ltr'><strong>Deum</strong></span> 
     </span>
    </p>
   </div>
   <div class='ocr_carea' id='block_1_50' title="bbox 1897 2246 3481 2318">
    <p class='ocr_par' dir='ltr' id='par_1_50' title="bbox 1897 2246 3481 2318">
     <span class='ocr_line' id='line_1_50' title="bbox 1897 2246 3481 2318; baseline -0.002 -14"><span class='ocrx_word' id='word_1_401' title='bbox 1897 2262 2021 2304; x_wconf 85' lang='lat' dir='ltr'><strong>eum</strong></span> <span class='ocrx_word' id='word_1_402' title='bbox 2050 2257 2106 2300; x_wconf 89' lang='lat' dir='ltr'><strong>et</strong></span> <span class='ocrx_word' id='word_1_403' title='bbox 2144 2247 2314 2316; x_wconf 87' lang='lat' dir='ltr'><strong>ipsius</strong></span> <span class='ocrx_word' id='word_1_404' title='bbox 2351 2247 2517 2301; x_wconf 88' lang='lat' dir='ltr'><strong>Deum</strong></span> <span class='ocrx_word' id='word_1_405' title='bbox 2551 2247 2858 2301; x_wconf 79' lang='lat' dir='ltr'><strong>inscribens</strong></span> <span class='ocrx_word' id='word_1_406' title='bbox 2899 2264 2913 2300; x_wconf 87' lang='lat'><strong>:</strong></span> <span class='ocrx_word' id='word_1_407' title='bbox 2950 2246 3036 2301; x_wconf 90' lang='lat' dir='ltr'><strong>cui</strong></span> <span class='ocrx_word' id='word_1_408' title='bbox 3068 2248 3274 2318; x_wconf 83' lang='lat' dir='ltr'><strong>gratias</strong></span> <span class='ocrx_word' id='word_1_409' title='bbox 3297 2261 3481 2318; x_wconf 88' lang='lat' dir='ltr'><strong>agere,</strong></span> 
     </span>
    </p>
   </div>
   <div class='ocr_carea' id='block_1_51' title="bbox 1899 2338 3484 2410">
    <p class='ocr_par' dir='ltr' id='par_1_51' title="bbox 1899 2338 3484 2410">
     <span class='ocr_line' id='line_1_51' title="bbox 1899 2338 3484 2410; baseline 0.001 -15"><span class='ocrx_word' id='word_1_410' title='bbox 1899 2343 1986 2395; x_wconf 90' lang='lat' dir='ltr'><strong>cui</strong></span> <span class='ocrx_word' id='word_1_411' title='bbox 2027 2355 2216 2410; x_wconf 88' lang='lat' dir='ltr'><strong>preces</strong></span> <span class='ocrx_word' id='word_1_412' title='bbox 2247 2338 2472 2395; x_wconf 82' lang='lat' dir='ltr'><strong>fundere</strong></span> <span class='ocrx_word' id='word_1_413' title='bbox 2500 2341 2720 2404; x_wconf 89' lang='lat' dir='ltr'><strong>dicitur,</strong></span> <span class='ocrx_word' id='word_1_414' title='bbox 2753 2339 2840 2393; x_wconf 89' lang='lat' dir='ltr'><strong>cui</strong></span> <span class='ocrx_word' id='word_1_415' title='bbox 2888 2340 3149 2395; x_wconf 88' lang='lat' dir='ltr'><strong>obediens</strong></span> <span class='ocrx_word' id='word_1_416' title='bbox 3193 2354 3364 2410; x_wconf 86' lang='lat' dir='ltr'><strong>usque</strong></span> <span class='ocrx_word' id='word_1_417' title='bbox 3413 2341 3484 2396; x_wconf 86' lang='lat' dir='ltr'><strong>ad</strong></span> 
     </span>
    </p>
   </div>
   <div class='ocr_carea' id='block_1_52' title="bbox 1901 2425 3483 2503">
    <p class='ocr_par' dir='ltr' id='par_1_52' title="bbox 1901 2425 3483 2503">
     <span class='ocr_line' id='line_1_52' title="bbox 1901 2425 3483 2503; baseline -0.001 -18"><span class='ocrx_word' id='word_1_418' title='bbox 1901 2442 2132 2487; x_wconf 88' lang='lat' dir='ltr'><strong>mortem</strong></span> <span class='ocrx_word' id='word_1_419' title='bbox 2167 2430 2364 2487; x_wconf 78' lang='lat' dir='ltr'><strong>fuerat.</strong></span> <span class='ocrx_word' id='word_1_420' title='bbox 2410 2437 2469 2495; x_wconf 54' lang='grc' dir='ltr'><strong>ᾖ</strong></span> <span class='ocrx_word' id='word_1_421' title='bbox 2503 2431 2727 2486; x_wconf 81' lang='lat' dir='ltr'><strong>Fatetur</strong></span> <span class='ocrx_word' id='word_1_422' title='bbox 2763 2425 2822 2486; x_wconf 80' lang='lat' dir='ltr'><strong>se</strong></span> <span class='ocrx_word' id='word_1_423' title='bbox 2853 2432 3039 2486; x_wconf 79' lang='lat' dir='ltr'><strong>vivere</strong></span> <span class='ocrx_word' id='word_1_424' title='bbox 3090 2446 3189 2503; x_wconf 87' lang='lat' dir='ltr'><strong>per</strong></span> <span class='ocrx_word' id='word_1_425' title='bbox 3236 2430 3483 2496; x_wconf 83' lang='lat' dir='ltr'><strong>Patrem,</strong></span> 
     </span>
    </p>
   </div>
   <div class='ocr_carea' id='block_1_53' title="bbox 1905 2521 3480 2593">
    <p class='ocr_par' dir='ltr' id='par_1_53' title="bbox 1905 2521 3480 2593">
     <span class='ocr_line' id='line_1_53' title="bbox 1905 2521 3480 2593; baseline 0 -16"><span class='ocrx_word' id='word_1_426' title='bbox 1905 2538 2006 2578; x_wconf 88' lang='lat' dir='ltr'><strong>nec</strong></span> <span class='ocrx_word' id='word_1_427' title='bbox 2047 2526 2338 2593; x_wconf 85' lang='lat' dir='ltr'><strong>quidquam</strong></span> <span class='ocrx_word' id='word_1_428' title='bbox 2375 2539 2536 2593; x_wconf 82' lang='lat' dir='ltr'><strong>posse</strong></span> <span class='ocrx_word' id='word_1_429' title='bbox 2563 2523 2743 2578; x_wconf 82' lang='lat' dir='ltr'><strong>facere</strong></span> <span class='ocrx_word' id='word_1_430' title='bbox 2773 2521 2890 2578; x_wconf 88' lang='lat' dir='ltr'><strong>sine</strong></span> <span class='ocrx_word' id='word_1_431' title='bbox 2920 2522 3112 2589; x_wconf 84' lang='lat' dir='ltr'><strong>Patre;</strong></span> <span class='ocrx_word' id='word_1_432' title='bbox 3153 2539 3259 2579; x_wconf 91' lang='lat' dir='ltr'><strong>non</strong></span> <span class='ocrx_word' id='word_1_433' title='bbox 3303 2539 3480 2588; x_wconf 88' lang='lat' dir='ltr'><strong>suam,</strong></span> 
     </span>
    </p>
   </div>
   <div class='ocr_carea' id='block_1_54' title="bbox 1901 2614 3483 2686">
    <p class='ocr_par' dir='ltr' id='par_1_54' title="bbox 1901 2614 3483 2686">
     <span class='ocr_line' id='line_1_54' title="bbox 1901 2614 3483 2686; baseline 0 -15"><span class='ocrx_word' id='word_1_434' title='bbox 1901 2616 1995 2671; x_wconf 83' lang='lat' dir='ltr'><strong>sed</strong></span> <span class='ocrx_word' id='word_1_435' title='bbox 2024 2614 2205 2671; x_wconf 85' lang='lat' dir='ltr'><strong>Patris</strong></span> <span class='ocrx_word' id='word_1_436' title='bbox 2234 2616 2566 2670; x_wconf 78' lang='lat' dir='ltr'><strong>voluntatem</strong></span> <span class='ocrx_word' id='word_1_437' title='bbox 2602 2617 2799 2670; x_wconf 71' lang='lat' dir='ltr'><strong>facere.</strong></span> <span class='ocrx_word' id='word_1_438' title='bbox 2833 2615 2923 2670; x_wconf 80' lang='lat' dir='ltr'><strong>Ait</strong></span> <span class='ocrx_word' id='word_1_439' title='bbox 2951 2616 3146 2686; x_wconf 64' lang='lat' dir='ltr'><strong>igitur,</strong></span> <span class='ocrx_word' id='word_1_440' title='bbox 3170 2629 3227 2671; x_wconf 87' lang='lat' dir='ltr'><strong>et</strong></span> <span class='ocrx_word' id='word_1_441' title='bbox 3257 2617 3483 2673; x_wconf 83' lang='lat' dir='ltr'><strong>IOtidem</strong></span> 
     </span>
    </p>
   </div>
   <div class='ocr_carea' id='block_1_55' title="bbox 1901 2703 3484 2783">
    <p class='ocr_par' dir='ltr' id='par_1_55' title="bbox 1901 2703 3484 2783">
     <span class='ocr_line' id='line_1_55' title="bbox 1901 2703 3484 2783; baseline 0.003 -19"><span class='ocrx_word' id='word_1_442' title='bbox 1901 2713 2118 2781; x_wconf 90' lang='lat' dir='ltr'><strong>quidem</strong></span> <span class='ocrx_word' id='word_1_443' title='bbox 2144 2711 2346 2779; x_wconf 82' lang='lat' dir='ltr'><strong>verbis,</strong></span> <span class='ocrx_word' id='word_1_444' title='bbox 2381 2709 2533 2778; x_wconf 85' lang='lat' dir='ltr'><strong>Quod</strong></span> <span class='ocrx_word' id='word_1_445' title='bbox 2561 2712 2627 2766; x_wconf 81' lang='lat' dir='ltr'><strong>de</strong></span> <span class='ocrx_word' id='word_1_446' title='bbox 2661 2711 2788 2766; x_wconf 74' lang='lat' dir='ltr'><strong>caelo</strong></span> <span class='ocrx_word' id='word_1_447' title='bbox 2823 2714 3103 2778; x_wconf 86' lang='lat' dir='ltr'><strong>descendi,</strong></span> <span class='ocrx_word' id='word_1_448' title='bbox 3160 2731 3263 2768; x_wconf 81' lang='lat' dir='ltr'><strong>non</strong></span> <span class='ocrx_word' id='word_1_449' title='bbox 3297 2703 3353 2768; x_wconf 82' lang='lat' dir='ltr'><strong>ut</strong></span> <span class='ocrx_word' id='word_1_450' title='bbox 3389 2713 3484 2783; x_wconf 85' lang='lat' dir='ltr'><strong>fa-</strong></span> 
     </span>
    </p>
   </div>
   <div class='ocr_carea' id='block_1_56' title="bbox 1898 2790 3487 2877">
    <p class='ocr_par' dir='ltr' id='par_1_56' title="bbox 1898 2790 3487 2877">
     <span class='ocr_line' id='line_1_56' title="bbox 1898 2790 3487 2877; baseline 0 -19"><span class='ocrx_word' id='word_1_451' title='bbox 1898 2790 2426 2860; x_wconf 35' lang='lat' dir='ltr'><strong>cerem&#39;voluutatent</strong></span> <span class='ocrx_word' id='word_1_452' title='bbox 2460 2821 2660 2871; x_wconf 70' lang='lat' dir='ltr'><strong>meant,</strong></span> <span class='ocrx_word' id='word_1_453' title='bbox 2707 2805 2797 2859; x_wconf 82' lang='lat' dir='ltr'><strong>sed</strong></span> <span class='ocrx_word' id='word_1_454' title='bbox 2831 2805 3152 2868; x_wconf 69' lang='lat' dir='ltr'><strong>uoluntatem</strong></span> <span class='ocrx_word' id='word_1_455' title='bbox 3198 2805 3348 2874; x_wconf 80' lang='lat' dir='ltr'><strong>ejus,</strong></span> <span class='ocrx_word' id='word_1_456' title='bbox 3391 2807 3487 2877; x_wconf 87' lang='lat' dir='ltr'><strong>qui</strong></span> 
     </span>
    </p>
   </div>
   <div class='ocr_carea' id='block_1_57' title="bbox 1900 2896 3486 2968">
    <p class='ocr_par' dir='ltr' id='par_1_57' title="bbox 1900 2896 3486 2968">
     <span class='ocr_line' id='line_1_57' title="bbox 1900 2896 3486 2968; baseline 0.002 -18"><span class='ocrx_word' id='word_1_457' title='bbox 1900 2897 2041 2951; x_wconf 77' lang='lat' dir='ltr'><strong>misit</strong></span> <span class='ocrx_word' id='word_1_458' title='bbox 2069 2915 2150 2952; x_wconf 82' lang='lat' dir='ltr'><strong>ms</strong></span> <span class='ocrx_word' id='word_1_459' title='bbox 2171 2898 2238 2954; x_wconf 74' lang='grc' dir='ltr'><strong>τ’.</strong></span> <span class='ocrx_word' id='word_1_460' title='bbox 2268 2896 2337 2951; x_wconf 81' lang='lat' dir='ltr'><strong>Et</strong></span> <span class='ocrx_word' id='word_1_461' title='bbox 2365 2897 2563 2952; x_wconf 87' lang='lat' dir='ltr'><strong>iterum</strong></span> <span class='ocrx_word' id='word_1_462' title='bbox 2601 2912 2616 2949; x_wconf 91' lang='lat'><strong>:</strong></span> <span class='ocrx_word' id='word_1_463' title='bbox 2653 2896 2778 2951; x_wconf 84' lang='lat' dir='ltr'><strong>Non</strong></span> <span class='ocrx_word' id='word_1_464' title='bbox 2819 2913 3033 2967; x_wconf 80' lang='lat' dir='ltr'><strong>possunt</strong></span> <span class='ocrx_word' id='word_1_465' title='bbox 3078 2914 3173 2968; x_wconf 84' lang='lat' dir='ltr'><strong>ego</strong></span> <span class='ocrx_word' id='word_1_466' title='bbox 3200 2900 3374 2966; x_wconf 81' lang='lat' dir='ltr'><strong>facere</strong></span> <span class='ocrx_word' id='word_1_467' title='bbox 3418 2901 3486 2953; x_wconf 81' lang='lat' dir='ltr'><strong>de</strong></span> 
     </span>
    </p>
   </div>
   <div class='ocr_carea' id='block_1_58' title="bbox 1901 2983 3488 3060">
    <p class='ocr_par' dir='ltr' id='par_1_58' title="bbox 1901 2983 3488 3060">
     <span class='ocr_line' id='line_1_58' title="bbox 1901 2983 3488 3060; baseline 0.003 -18"><span class='ocrx_word' id='word_1_468' title='bbox 1901 2992 2208 3058; x_wconf 80' lang='lat' dir='ltr'><strong>memetipso</strong></span> <span class='ocrx_word' id='word_1_469' title='bbox 2255 2990 2543 3060; x_wconf 82' lang='lat' dir='ltr'><strong>quidquam</strong></span> <span class='ocrx_word' id='word_1_470' title='bbox 2576 3005 2596 3043; x_wconf 92' lang='lat'><strong><em>:</em></strong></span> <span class='ocrx_word' id='word_1_471' title='bbox 2651 2983 3124 3060; x_wconf 26' lang='lat' dir='ltr'><strong>quemadmodum”</strong></span> <span class='ocrx_word' id='word_1_472' title='bbox 3159 2992 3352 3058; x_wconf 84' lang='lat' dir='ltr'><strong>audio,</strong></span> <span class='ocrx_word' id='word_1_473' title='bbox 3409 2992 3488 3047; x_wconf 79' lang='lat' dir='ltr'><strong>ita</strong></span> 
     </span>
    </p>
   </div>
   <div class='ocr_carea' id='block_1_59' title="bbox 215 3082 1798 3156">
    <p class='ocr_par' dir='ltr' id='par_1_59' title="bbox 215 3082 1798 3156">
     <span class='ocr_line' id='line_1_59' title="bbox 215 3082 1798 3156; baseline 0.002 -19"><span class='ocrx_word' id='word_1_474' title='bbox 215 3082 382 3153; x_wconf 69' lang='grc' dir='ltr'><strong>ἐμὸν,</strong></span> <span class='ocrx_word' id='word_1_475' title='bbox 426 3083 590 3139; x_wconf 68' lang='lat' dir='ltr'><strong>ma</strong></span> <span class='ocrx_word' id='word_1_476' title='bbox 627 3084 695 3140; x_wconf 84' lang='grc' dir='ltr'><strong>τὸ</strong></span> <span class='ocrx_word' id='word_1_477' title='bbox 735 3084 966 3154; x_wconf 71' lang='grc' dir='ltr'><strong>θέλημα</strong></span> <span class='ocrx_word' id='word_1_478' title='bbox 1007 3086 1110 3139; x_wconf 85' lang='grc' dir='ltr'><strong>τοῦ</strong></span> <span class='ocrx_word' id='word_1_479' title='bbox 1155 3086 1508 3156; x_wconf 76' lang='grc' dir='ltr'><strong>πέμψαντός</strong></span> <span class='ocrx_word' id='word_1_480' title='bbox 1544 3103 1622 3156; x_wconf 76' lang='grc' dir='ltr'><strong>με</strong></span> <span class='ocrx_word' id='word_1_481' title='bbox 1663 3085 1798 3156; x_wconf 79' lang='grc'><strong>(96).</strong></span> 
     </span>
    </p>
   </div>
   <div class='ocr_carea' id='block_1_60' title="bbox 1901 3082 3488 3156">
    <p class='ocr_par' dir='ltr' id='par_1_60' title="bbox 1901 3084 3488 3153">
     <span class='ocr_line' id='line_1_60' title="bbox 1901 3084 3488 3153; baseline 0.001 -17"><span class='ocrx_word' id='word_1_482' title='bbox 1901 3085 2122 3153; x_wconf 74' lang='lat' dir='ltr'><strong>judico,</strong></span> <span class='ocrx_word' id='word_1_483' title='bbox 2171 3095 2216 3135; x_wconf 88' lang='lat' dir='ltr'><strong>et</strong></span> <span class='ocrx_word' id='word_1_484' title='bbox 2265 3098 2437 3135; x_wconf 84' lang='lat' dir='ltr'><strong>meum</strong></span> <span class='ocrx_word' id='word_1_485' title='bbox 2487 3084 2752 3150; x_wconf 78' lang='lat' dir='ltr'><strong>judicium</strong></span> <span class='ocrx_word' id='word_1_486' title='bbox 2802 3096 3000 3137; x_wconf 85' lang='lat' dir='ltr'><strong>rectum</strong></span> <span class='ocrx_word' id='word_1_487' title='bbox 3029 3093 3142 3147; x_wconf 85' lang='lat' dir='ltr'><strong>est,</strong></span> <span class='ocrx_word' id='word_1_488' title='bbox 3199 3084 3324 3150; x_wconf 83' lang='lat' dir='ltr'><strong>quia</strong></span> <span class='ocrx_word' id='word_1_489' title='bbox 3381 3101 3488 3137; x_wconf 80' lang='lat' dir='ltr'><strong>non</strong></span> 
     </span>
    </p>
   </div>
   <div class='ocr_carea' id='block_1_61' title="bbox 215 3172 1801 3250">
    <p class='ocr_par' dir='ltr' id='par_1_61' title="bbox 215 3172 1801 3250">
     <span class='ocr_line' id='line_1_61' title="bbox 215 3172 1801 3250; baseline 0.002 -21"><span class='ocrx_word' id='word_1_490' title='bbox 215 3174 330 3229; x_wconf 68' lang='grc' dir='ltr'><strong>Καὶ</strong></span> <span class='ocrx_word' id='word_1_491' title='bbox 357 3176 438 3229; x_wconf 80' lang='grc' dir='ltr'><strong>ὅτι</strong></span> <span class='ocrx_word' id='word_1_492' title='bbox 477 3193 541 3245; x_wconf 87' lang='grc' dir='ltr'><strong>γε</strong></span> <span class='ocrx_word' id='word_1_493' title='bbox 587 3177 771 3248; x_wconf 70' lang='grc' dir='ltr'><strong>ιτερος</strong></span> <span class='ocrx_word' id='word_1_494' title='bbox 817 3172 886 3248; x_wconf 80' lang='grc' dir='ltr'><strong>ἦν</strong></span> <span class='ocrx_word' id='word_1_495' title='bbox 935 3177 964 3229; x_wconf 82' lang='grc' dir='ltr'><strong>ὀ</strong></span> <span class='ocrx_word' id='word_1_496' title='bbox 1001 3178 1222 3248; x_wconf 72' lang='grc' dir='ltr'><strong>πέμψας</strong></span> <span class='ocrx_word' id='word_1_497' title='bbox 1259 3178 1421 3231; x_wconf 83' lang='grc' dir='ltr'>αὑτὸν</span> <span class='ocrx_word' id='word_1_498' title='bbox 1469 3180 1596 3250; x_wconf 82' lang='grc' dir='ltr'><strong>παρ’</strong></span> <span class='ocrx_word' id='word_1_499' title='bbox 1638 3179 1801 3232; x_wconf 83' lang='grc' dir='ltr'>αὑτὸν</span> 
     </span>
    </p>
   </div>
   <div class='ocr_carea' id='block_1_62' title="bbox 222 3265 1802 3338">
    <p class='ocr_par' dir='ltr' id='par_1_62' title="bbox 222 3265 1802 3338">
     <span class='ocr_line' id='line_1_62' title="bbox 222 3265 1802 3338; baseline 0.003 -20"><span class='ocrx_word' id='word_1_500' title='bbox 222 3266 554 3337; x_wconf 76' lang='grc' dir='ltr'><strong>παρίστησιν</strong></span> <span class='ocrx_word' id='word_1_501' title='bbox 604 3265 731 3336; x_wconf 78' lang='grc' dir='ltr'><strong>ἑξῆς</strong></span> <span class='ocrx_word' id='word_1_502' title='bbox 771 3265 982 3336; x_wconf 83' lang='grc' dir='ltr'><strong>λέγων·</strong></span> <span class='ocrx_word' id='word_1_503' title='bbox 1032 3267 1165 3320; x_wconf 81' lang='grc' dir='ltr'><strong>Ἐὰν</strong></span> <span class='ocrx_word' id='word_1_504' title='bbox 1205 3266 1322 3338; x_wconf 72' lang='grc' dir='ltr'><strong>ἐγὼ</strong></span> <span class='ocrx_word' id='word_1_505' title='bbox 1354 3267 1636 3338; x_wconf 80' lang='grc' dir='ltr'><strong>μαρτυρῶ</strong></span> <span class='ocrx_word' id='word_1_506' title='bbox 1667 3269 1802 3338; x_wconf 75' lang='grc' dir='ltr'><strong>περὶ</strong></span> 
     </span>
    </p>
   </div>
   <div class='ocr_carea' id='block_1_63' title="bbox 212 3354 1802 3429">
    <p class='ocr_par' dir='ltr' id='par_1_63' title="bbox 212 3354 1802 3429">
     <span class='ocr_line' id='line_1_63' title="bbox 212 3354 1802 3429; baseline 0.002 -18"><span class='ocrx_word' id='word_1_507' title='bbox 212 3355 498 3426; x_wconf 75' lang='grc' dir='ltr'><strong>ἐμαυτοῦ,</strong></span> <span class='ocrx_word' id='word_1_508' title='bbox 528 3358 567 3426; x_wconf 76' lang='grc' dir='ltr'><strong><em>ἡ</em></strong></span> <span class='ocrx_word' id='word_1_509' title='bbox 592 3359 890 3428; x_wconf 81' lang='grc' dir='ltr'><strong>μαρτυρία</strong></span> <span class='ocrx_word' id='word_1_510' title='bbox 905 3375 1026 3428; x_wconf 82' lang='grc' dir='ltr'><strong>μου</strong></span> <span class='ocrx_word' id='word_1_511' title='bbox 1049 3354 1163 3415; x_wconf 82' lang='grc' dir='ltr'><strong>οὖκ</strong></span> <span class='ocrx_word' id='word_1_512' title='bbox 1189 3360 1361 3414; x_wconf 76' lang='grc' dir='ltr'><strong>ἐστιν</strong></span> <span class='ocrx_word' id='word_1_513' title='bbox 1382 3359 1636 3429; x_wconf 71' lang='grc' dir='ltr'><strong>ἀληθής.</strong></span> <span class='ocrx_word' id='word_1_514' title='bbox 1672 3363 1802 3414; x_wconf 77' lang='grc' dir='ltr'><strong>Ἀλ-</strong></span> 
     </span>
    </p>
   </div>
   <div class='ocr_carea' id='block_1_64' title="bbox 216 3447 1801 3523">
    <p class='ocr_par' dir='ltr' id='par_1_64' title="bbox 216 3447 1801 3523">
     <span class='ocr_line' id='line_1_64' title="bbox 216 3447 1801 3523; baseline 0.003 -21"><span class='ocrx_word' id='word_1_515' title='bbox 216 3451 328 3515; x_wconf 72' lang='grc' dir='ltr'><strong>λος</strong></span> <span class='ocrx_word' id='word_1_516' title='bbox 364 3449 540 3504; x_wconf 74' lang='grc' dir='ltr'><strong>ἐστίν</strong></span> <span class='ocrx_word' id='word_1_517' title='bbox 589 3453 624 3505; x_wconf 87' lang='lat' dir='ltr'><strong>d</strong></span> <span class='ocrx_word' id='word_1_518' title='bbox 668 3450 989 3520; x_wconf 73' lang='grc' dir='ltr'><strong>μαρτυρῶν</strong></span> <span class='ocrx_word' id='word_1_519' title='bbox 1029 3452 1164 3520; x_wconf 80' lang='grc' dir='ltr'><strong>περὶ</strong></span> <span class='ocrx_word' id='word_1_520' title='bbox 1203 3452 1369 3521; x_wconf 82' lang='grc' dir='ltr'><strong>ἐμοῦ.</strong></span> <span class='ocrx_word' id='word_1_521' title='bbox 1420 3447 1555 3506; x_wconf 84' lang='grc' dir='ltr'><strong>Εῐτα</strong></span> <span class='ocrx_word' id='word_1_522' title='bbox 1590 3470 1801 3523; x_wconf 86' lang='grc' dir='ltr'><strong>μνημο-</strong></span> 
     </span>
    </p>
   </div>
   <div class='ocr_carea' id='block_1_65' title="bbox 213 3541 1802 3618">
    <p class='ocr_par' dir='ltr' id='par_1_65' title="bbox 213 3541 1802 3618">
     <span class='ocr_line' id='line_1_65' title="bbox 213 3541 1802 3618; baseline 0.003 -24"><span class='ocrx_word' id='word_1_523' title='bbox 213 3541 414 3606; x_wconf 82' lang='grc' dir='ltr'><strong>νεύσας</strong></span> <span class='ocrx_word' id='word_1_524' title='bbox 451 3543 546 3597; x_wconf 83' lang='grc' dir='ltr'>τοῦ</span> <span class='ocrx_word' id='word_1_525' title='bbox 590 3543 933 3608; x_wconf 80' lang='grc' dir='ltr'><strong>Βαπτιστοῦ,</strong></span> <span class='ocrx_word' id='word_1_526' title='bbox 981 3543 1073 3597; x_wconf 88' lang='grc' dir='ltr'>τὸν</span> <span class='ocrx_word' id='word_1_527' title='bbox 1112 3545 1332 3618; x_wconf 80' lang='grc' dir='ltr'><strong>Πατέρα</strong></span> <span class='ocrx_word' id='word_1_528' title='bbox 1369 3546 1621 3618; x_wconf 84' lang='grc' dir='ltr'><strong>μάρτυρα</strong></span> <span class='ocrx_word' id='word_1_529' title='bbox 1663 3541 1802 3598; x_wconf 68' lang='grc' dir='ltr'><strong>εἶναι</strong></span> 
     </span>
    </p>
   </div>
   <div class='ocr_carea' id='block_1_66' title="bbox 216 3634 1804 3708">
    <p class='ocr_par' dir='ltr' id='par_1_66' title="bbox 216 3634 1804 3708">
     <span class='ocr_line' id='line_1_66' title="bbox 216 3634 1804 3708; baseline 0.003 -21"><span class='ocrx_word' id='word_1_530' title='bbox 216 3634 383 3689; x_wconf 77' lang='grc' dir='ltr'><strong>αὐτοῦ</strong></span> <span class='ocrx_word' id='word_1_531' title='bbox 424 3634 692 3699; x_wconf 81' lang='grc' dir='ltr'><strong>διδάσκει,</strong></span> <span class='ocrx_word' id='word_1_532' title='bbox 731 3634 954 3704; x_wconf 78' lang='grc' dir='ltr'><strong>φάσκων</strong></span> <span class='ocrx_word' id='word_1_533' title='bbox 973 3653 988 3666; x_wconf 79' lang='grc'><em>’</em></span> <span class='ocrx_word' id='word_1_534' title='bbox 1038 3637 1150 3690; x_wconf 71' lang='grc' dir='ltr'><strong>Καὶ</strong></span> <span class='ocrx_word' id='word_1_535' title='bbox 1206 3640 1239 3691; x_wconf 86' lang='grc' dir='ltr'><strong>ό</strong></span> <span class='ocrx_word' id='word_1_536' title='bbox 1277 3636 1512 3706; x_wconf 74' lang='grc' dir='ltr'><strong>πέμψας</strong></span> <span class='ocrx_word' id='word_1_537' title='bbox 1559 3654 1638 3708; x_wconf 85' lang='grc' dir='ltr'><strong>με</strong></span> <span class='ocrx_word' id='word_1_538' title='bbox 1685 3641 1804 3691; x_wconf 83' lang='lat' dir='ltr'><strong>Ha-</strong></span> 
     </span>
    </p>
   </div>
   <div class='ocr_carea' id='block_1_67' title="bbox 217 3726 1802 3801">
    <p class='ocr_par' dir='ltr' id='par_1_67' title="bbox 217 3726 1802 3801">
     <span class='ocr_line' id='line_1_67' title="bbox 217 3726 1802 3801; baseline -0.01 -5"><span class='ocrx_word' id='word_1_539' title='bbox 217 3726 352 3795; x_wconf 63' lang='grc' dir='ltr'><strong>τθίρν</strong></span> <span class='ocrx_word' id='word_1_540' title='bbox 375 3726 562 3793; x_wconf 80' lang='grc' dir='ltr'><strong>αὐτὸς</strong></span> <span class='ocrx_word' id='word_1_541' title='bbox 585 3730 1001 3798; x_wconf 79' lang='grc' dir='ltr'><strong>μεμαρτύρηκε</strong></span> <span class='ocrx_word' id='word_1_542' title='bbox 1023 3728 1156 3798; x_wconf 73' lang='grc' dir='ltr'><strong>περὶ</strong></span> <span class='ocrx_word' id='word_1_543' title='bbox 1179 3728 1345 3799; x_wconf 81' lang='grc' dir='ltr'><strong>ἐμοῦ.</strong></span> <span class='ocrx_word' id='word_1_544' title='bbox 1368 3730 1478 3782; x_wconf 73' lang='grc' dir='ltr'><strong>Καὶ</strong></span> <span class='ocrx_word' id='word_1_545' title='bbox 1506 3728 1802 3801; x_wconf 84' lang='grc' dir='ltr'><strong>προστίθη-</strong></span> 
     </span>
    </p>
   </div>
   <div class='ocr_carea' id='block_1_68' title="bbox 218 3819 1804 3892">
    <p class='ocr_par' dir='ltr' id='par_1_68' title="bbox 218 3819 1804 3892">
     <span class='ocr_line' id='line_1_68' title="bbox 218 3819 1804 3892; baseline 0.003 -21"><span class='ocrx_word' id='word_1_546' title='bbox 218 3833 308 3872; x_wconf 82' lang='grc' dir='ltr'><strong>σιν</strong></span> <span class='ocrx_word' id='word_1_547' title='bbox 326 3835 340 3848; x_wconf 88' lang='grc'><strong>·</strong></span> <span class='ocrx_word' id='word_1_548' title='bbox 369 3820 413 3871; x_wconf 85' lang='lat' dir='ltr'><em>E</em></span> <span class='ocrx_word' id='word_1_549' title='bbox 419 3821 440 3873; x_wconf 84' lang='grc' dir='ltr'><strong>ι</strong></span> <span class='ocrx_word' id='word_1_550' title='bbox 464 3819 577 3888; x_wconf 90' lang='lat'><strong>(97)</strong></span> <span class='ocrx_word' id='word_1_551' title='bbox 601 3820 869 3891; x_wconf 73' lang='grc' dir='ltr'><strong>ἠγαπᾶτέ</strong></span> <span class='ocrx_word' id='word_1_552' title='bbox 895 3839 990 3892; x_wconf 84' lang='grc' dir='ltr'><strong>με,</strong></span> <span class='ocrx_word' id='word_1_553' title='bbox 1011 3821 1266 3892; x_wconf 82' lang='grc' dir='ltr'><strong>ἐχάρητε</strong></span> <span class='ocrx_word' id='word_1_554' title='bbox 1294 3821 1390 3886; x_wconf 80' lang='grc' dir='ltr'><strong>ἂν,</strong></span> <span class='ocrx_word' id='word_1_555' title='bbox 1441 3821 1531 3876; x_wconf 88' lang='grc' dir='ltr'><strong>ὅτι</strong></span> <span class='ocrx_word' id='word_1_556' title='bbox 1559 3824 1804 3892; x_wconf 81' lang='grc' dir='ltr'><strong>πορεύο-</strong></span> 
     </span>
    </p>
   </div>
   <div class='ocr_carea' id='block_1_69' title="bbox 211 3911 1804 3984">
    <p class='ocr_par' dir='ltr' id='par_1_69' title="bbox 211 3911 1804 3984">
     <span class='ocr_line' id='line_1_69' title="bbox 211 3911 1804 3984; baseline 0.001 -19"><span class='ocrx_word' id='word_1_557' title='bbox 211 3927 321 3981; x_wconf 80' lang='grc' dir='ltr'><strong>μαι</strong></span> <span class='ocrx_word' id='word_1_558' title='bbox 354 3911 511 3980; x_wconf 73' lang='grc' dir='ltr'><strong>πρὸς</strong></span> <span class='ocrx_word' id='word_1_559' title='bbox 552 3911 659 3966; x_wconf 80' lang='grc' dir='ltr'>τὸν</span> <span class='ocrx_word' id='word_1_560' title='bbox 691 3913 924 3982; x_wconf 80' lang='grc' dir='ltr'><strong>Πατέρα</strong></span> <span class='ocrx_word' id='word_1_561' title='bbox 946 3933 958 3944; x_wconf 94' lang='grc'><strong>·</strong></span> <span class='ocrx_word' id='word_1_562' title='bbox 1001 3915 1091 3967; x_wconf 85' lang='grc' dir='ltr'><strong>ὅτι</strong></span> <span class='ocrx_word' id='word_1_563' title='bbox 1132 3918 1164 3969; x_wconf 86' lang='grc' dir='ltr'><strong>ό</strong></span> <span class='ocrx_word' id='word_1_564' title='bbox 1212 3913 1414 3984; x_wconf 81' lang='grc' dir='ltr'><strong>Πατήρ</strong></span> <span class='ocrx_word' id='word_1_565' title='bbox 1441 3931 1563 3984; x_wconf 86' lang='grc' dir='ltr'><strong>μου</strong></span> <span class='ocrx_word' id='word_1_566' title='bbox 1592 3914 1804 3984; x_wconf 72' lang='grc' dir='ltr'><strong>μείζων</strong></span> 
     </span>
    </p>
   </div>
   <div class='ocr_carea' id='block_1_70' title="bbox 211 3998 1804 4079">
    <p class='ocr_par' dir='ltr' id='par_1_70' title="bbox 211 3998 1804 4079">
     <span class='ocr_line' id='line_1_70' title="bbox 211 3998 1804 4079; baseline 0.003 -24"><span class='ocrx_word' id='word_1_567' title='bbox 211 4001 334 4072; x_wconf 85' lang='grc' dir='ltr'>μοῦ</span> <span class='ocrx_word' id='word_1_568' title='bbox 387 4002 544 4057; x_wconf 71' lang='grc' dir='ltr'><strong>ἐστι.</strong></span> <span class='ocrx_word' id='word_1_569' title='bbox 587 4004 666 4056; x_wconf 78' lang='grc' dir='ltr'><strong>Δι’</strong></span> <span class='ocrx_word' id='word_1_570' title='bbox 714 3998 790 4058; x_wconf 79' lang='grc' dir='ltr'><strong>ὧν</strong></span> <span class='ocrx_word' id='word_1_571' title='bbox 832 4007 1086 4060; x_wconf 82' lang='grc' dir='ltr'><strong>ἁπάντων</strong></span> <span class='ocrx_word' id='word_1_572' title='bbox 1119 4007 1302 4079; x_wconf 74' lang='grc' dir='ltr'><strong>ἓτερον</strong></span> <span class='ocrx_word' id='word_1_573' title='bbox 1335 4007 1524 4061; x_wconf 77' lang='grc' dir='ltr'><strong>ἑαυτὸν</strong></span> <span class='ocrx_word' id='word_1_574' title='bbox 1563 4007 1657 4060; x_wconf 80' lang='grc' dir='ltr'><strong>τοῦ</strong></span> <span class='ocrx_word' id='word_1_575' title='bbox 1692 4008 1804 4061; x_wconf 87' lang='grc' dir='ltr'><strong>Πα-</strong></span> 
     </span>
    </p>
   </div>
   <div class='ocr_carea' id='block_1_71' title="bbox 215 4092 1804 4171">
    <p class='ocr_par' dir='ltr' id='par_1_71' title="bbox 215 4092 1804 4171">
     <span class='ocr_line' id='line_1_71' title="bbox 215 4092 1804 4171; baseline 0.004 -24"><span class='ocrx_word' id='word_1_576' title='bbox 215 4092 347 4166; x_wconf 86' lang='grc' dir='ltr'><strong>τρὸς</strong></span> <span class='ocrx_word' id='word_1_577' title='bbox 369 4094 667 4150; x_wconf 77' lang='grc' dir='ltr'><strong>δείκνυται.</strong></span> <span class='ocrx_word' id='word_1_578' title='bbox 708 4098 822 4150; x_wconf 77' lang='grc' dir='ltr'><strong>Καὶ</strong></span> <span class='ocrx_word' id='word_1_579' title='bbox 852 4099 912 4151; x_wconf 88' lang='grc' dir='ltr'><strong>τὸ</strong></span> <span class='ocrx_word' id='word_1_580' title='bbox 944 4098 1210 4171; x_wconf 82' lang='grc' dir='ltr'><strong>ὑπερέχον</strong></span> <span class='ocrx_word' id='word_1_581' title='bbox 1246 4103 1344 4170; x_wconf 81' lang='grc' dir='ltr'><strong>τῆς</strong></span> <span class='ocrx_word' id='word_1_582' title='bbox 1372 4099 1533 4170; x_wconf 84' lang='grc' dir='ltr'><strong>δόξης</strong></span> <span class='ocrx_word' id='word_1_583' title='bbox 1563 4099 1657 4153; x_wconf 81' lang='grc' dir='ltr'><strong>τοῦ</strong></span> <span class='ocrx_word' id='word_1_584' title='bbox 1693 4100 1804 4153; x_wconf 85' lang='grc' dir='ltr'><strong>Πα-</strong></span> 
     </span>
    </p>
   </div>
   <div class='ocr_carea' id='block_1_72' title="bbox 213 4186 1800 4262">
    <p class='ocr_par' dir='ltr' id='par_1_72' title="bbox 213 4186 1800 4262">
     <span class='ocr_line' id='line_1_72' title="bbox 213 4186 1800 4262; baseline 0.001 -22"><span class='ocrx_word' id='word_1_585' title='bbox 213 4186 346 4257; x_wconf 85' lang='grc' dir='ltr'><strong>τρὸς</strong></span> <span class='ocrx_word' id='word_1_586' title='bbox 377 4187 667 4259; x_wconf 83' lang='grc' dir='ltr'><strong>περίστησι</strong></span> <span class='ocrx_word' id='word_1_587' title='bbox 694 4188 783 4242; x_wconf 82' lang='grc' dir='ltr'><strong>διὰ</strong></span> <span class='ocrx_word' id='word_1_588' title='bbox 805 4189 899 4242; x_wconf 79' lang='grc' dir='ltr'><strong>τοῦ</strong></span> <span class='ocrx_word' id='word_1_589' title='bbox 923 4190 1015 4244; x_wconf 84' lang='grc' dir='ltr'>τὸν</span> <span class='ocrx_word' id='word_1_590' title='bbox 1041 4190 1140 4262; x_wconf 83' lang='grc' dir='ltr'><strong>μὲν</strong></span> <span class='ocrx_word' id='word_1_591' title='bbox 1168 4190 1565 4246; x_wconf 80' lang='grc' dir='ltr'><strong>ἀπεσταλκέναι</strong></span> <span class='ocrx_word' id='word_1_592' title='bbox 1596 4191 1800 4260; x_wconf 83' lang='grc' dir='ltr'><strong>λέγειν,</strong></span> 
     </span>
    </p>
   </div>
   <div class='ocr_carea' id='block_1_73' title="bbox 215 4278 1800 4354">
    <p class='ocr_par' dir='ltr' id='par_1_73' title="bbox 215 4278 1800 4354">
     <span class='ocr_line' id='line_1_73' title="bbox 215 4278 1800 4354; baseline 0.001 -22"><span class='ocrx_word' id='word_1_593' title='bbox 215 4278 414 4332; x_wconf 74' lang='grc' dir='ltr'><strong>ἑαυτὸν</strong></span> <span class='ocrx_word' id='word_1_594' title='bbox 442 4279 502 4332; x_wconf 84' lang='grc' dir='ltr'><strong>δὲ</strong></span> <span class='ocrx_word' id='word_1_595' title='bbox 539 4281 875 4334; x_wconf 72' lang='grc' dir='ltr'><strong>ἀπεστάλθαι</strong></span> <span class='ocrx_word' id='word_1_596' title='bbox 896 4298 908 4312; x_wconf 89' lang='grc'>·</span> <span class='ocrx_word' id='word_1_597' title='bbox 949 4282 1044 4336; x_wconf 75' lang='grc' dir='ltr'><strong>καὶ</strong></span> <span class='ocrx_word' id='word_1_598' title='bbox 1073 4284 1139 4335; x_wconf 80' lang='grc' dir='ltr'><strong>ὲκ</strong></span> <span class='ocrx_word' id='word_1_599' title='bbox 1171 4281 1264 4336; x_wconf 82' lang='grc' dir='ltr'><strong>τοῦ</strong></span> <span class='ocrx_word' id='word_1_600' title='bbox 1304 4282 1535 4354; x_wconf 78' lang='grc' dir='ltr'><strong>οὐρανοῦ</strong></span> <span class='ocrx_word' id='word_1_601' title='bbox 1567 4281 1800 4354; x_wconf 79' lang='grc' dir='ltr'><strong>κατελη-</strong></span> 
     </span>
    </p>
   </div>
   <div class='ocr_carea' id='block_1_74' title="bbox 215 4369 1802 4446">
    <p class='ocr_par' dir='ltr' id='par_1_74' title="bbox 215 4369 1802 4446">
     <span class='ocr_line' id='line_1_74' title="bbox 215 4369 1802 4446; baseline 0.003 -24"><span class='ocrx_word' id='word_1_602' title='bbox 215 4369 444 4441; x_wconf 86' lang='grc' dir='ltr'><strong>λυθῆναι</strong></span> <span class='ocrx_word' id='word_1_603' title='bbox 472 4371 570 4442; x_wconf 82' lang='grc' dir='ltr'><strong>οὐχ</strong></span> <span class='ocrx_word' id='word_1_604' title='bbox 603 4372 688 4427; x_wconf 76' lang='grc' dir='ltr'><strong>ἵνα</strong></span> <span class='ocrx_word' id='word_1_605' title='bbox 721 4375 921 4446; x_wconf 77' lang='grc' dir='ltr'><strong>ποιήσῃ</strong></span> <span class='ocrx_word' id='word_1_606' title='bbox 961 4374 1024 4427; x_wconf 86' lang='grc' dir='ltr'><strong>τὸ</strong></span> <span class='ocrx_word' id='word_1_607' title='bbox 1052 4373 1261 4445; x_wconf 86' lang='grc' dir='ltr'><strong>θέλημα</strong></span> <span class='ocrx_word' id='word_1_608' title='bbox 1300 4375 1362 4428; x_wconf 91' lang='grc' dir='ltr'><strong>τὸ</strong></span> <span class='ocrx_word' id='word_1_609' title='bbox 1405 4373 1624 4436; x_wconf 78' lang='grc' dir='ltr'><strong>ἑαυτοῦ,</strong></span> <span class='ocrx_word' id='word_1_610' title='bbox 1668 4373 1802 4427; x_wconf 79' lang='grc' dir='ltr'><strong>ἀλλὰ</strong></span> 
     </span>
    </p>
   </div>
   <div class='ocr_carea' id='block_1_75' title="bbox 213 4460 1802 4538">
    <p class='ocr_par' dir='ltr' id='par_1_75' title="bbox 213 4460 1802 4538">
     <span class='ocr_line' id='line_1_75' title="bbox 213 4460 1802 4538; baseline 0.003 -23"><span class='ocrx_word' id='word_1_611' title='bbox 213 4460 278 4515; x_wconf 77' lang='grc' dir='ltr'><strong>τὸ</strong></span> <span class='ocrx_word' id='word_1_612' title='bbox 319 4461 416 4516; x_wconf 80' lang='grc' dir='ltr'><strong>τοῦ</strong></span> <span class='ocrx_word' id='word_1_613' title='bbox 459 4463 777 4533; x_wconf 80' lang='grc' dir='ltr'><strong>πέμψαντος</strong></span> <span class='ocrx_word' id='word_1_614' title='bbox 816 4465 1000 4521; x_wconf 80' lang='grc' dir='ltr'><strong>αὐτόν.</strong></span> <span class='ocrx_word' id='word_1_615' title='bbox 1057 4467 1168 4519; x_wconf 77' lang='grc' dir='ltr'><strong>Καὶ</strong></span> <span class='ocrx_word' id='word_1_616' title='bbox 1217 4466 1269 4519; x_wconf 83' lang='grc' dir='ltr'><strong>τί</strong></span> <span class='ocrx_word' id='word_1_617' title='bbox 1329 4467 1394 4520; x_wconf 86' lang='grc' dir='ltr'>ἂν</span> <span class='ocrx_word' id='word_1_618' title='bbox 1451 4466 1588 4538; x_wconf 78' lang='grc' dir='ltr'><strong>πρὸς</strong></span> <span class='ocrx_word' id='word_1_619' title='bbox 1631 4468 1802 4520; x_wconf 87' lang='grc' dir='ltr'><strong>ταύτα</strong></span> 
     </span>
    </p>
   </div>
   <div class='ocr_carea' id='block_1_76' title="bbox 1902 3175 3489 3246">
    <p class='ocr_par' dir='ltr' id='par_1_76' title="bbox 1902 3175 3489 3246">
     <span class='ocr_line' id='line_1_76' title="bbox 1902 3175 3489 3246; baseline 0.001 -15"><span class='ocrx_word' id='word_1_620' title='bbox 1902 3193 2083 3242; x_wconf 73' lang='lat' dir='ltr'><strong>quaro</strong></span> <span class='ocrx_word' id='word_1_621' title='bbox 2102 3177 2424 3232; x_wconf 64' lang='lat' dir='ltr'><strong>voluntatem</strong></span> <span class='ocrx_word' id='word_1_622' title='bbox 2443 3191 2635 3239; x_wconf 79' lang='lat' dir='ltr'><strong>meum,</strong></span> <span class='ocrx_word' id='word_1_623' title='bbox 2664 3178 2755 3230; x_wconf 82' lang='lat' dir='ltr'><strong>sed</strong></span> <span class='ocrx_word' id='word_1_624' title='bbox 2781 3178 3103 3231; x_wconf 72' lang='lat' dir='ltr'><strong>uoluntatem</strong></span> <span class='ocrx_word' id='word_1_625' title='bbox 3145 3175 3330 3233; x_wconf 83' lang='lat' dir='ltr'><strong>Patris</strong></span> <span class='ocrx_word' id='word_1_626' title='bbox 3347 3219 3362 3244; x_wconf 93' lang='lat'><strong>,</strong></span> <span class='ocrx_word' id='word_1_627' title='bbox 3394 3181 3489 3246; x_wconf 87' lang='lat' dir='ltr'><strong>qui</strong></span> 
     </span>
    </p>
   </div>
   <div class='ocr_carea' id='block_1_77' title="bbox 1903 3264 3486 3336">
    <p class='ocr_par' dir='ltr' id='par_1_77' title="bbox 1903 3264 3486 3336">
     <span class='ocr_line' id='line_1_77' title="bbox 1903 3264 3486 3336; baseline 0.001 -15"><span class='ocrx_word' id='word_1_628' title='bbox 1903 3269 2047 3321; x_wconf 71' lang='lat' dir='ltr'><strong>misit</strong></span> <span class='ocrx_word' id='word_1_629' title='bbox 2078 3283 2159 3322; x_wconf 84' lang='lat' dir='ltr'><strong>me</strong></span> <span class='ocrx_word' id='word_1_630' title='bbox 2181 3266 2249 3321; x_wconf 84' lang='lat'><strong>&quot;.</strong></span> <span class='ocrx_word' id='word_1_631' title='bbox 2283 3266 2461 3320; x_wconf 84' lang='lat' dir='ltr'><strong>Alium</strong></span> <span class='ocrx_word' id='word_1_632' title='bbox 2491 3280 2622 3321; x_wconf 90' lang='lat' dir='ltr'><strong>vero</strong></span> <span class='ocrx_word' id='word_1_633' title='bbox 2647 3264 2814 3322; x_wconf 79' lang='lat' dir='ltr'><strong>fuisse</strong></span> <span class='ocrx_word' id='word_1_634' title='bbox 2838 3267 3015 3336; x_wconf 89' lang='lat' dir='ltr'><strong>ipsum</strong></span> <span class='ocrx_word' id='word_1_635' title='bbox 3035 3308 3052 3333; x_wconf 96' lang='lat'><strong>,</strong></span> <span class='ocrx_word' id='word_1_636' title='bbox 3101 3268 3268 3323; x_wconf 89' lang='lat' dir='ltr'><strong>alium</strong></span> <span class='ocrx_word' id='word_1_637' title='bbox 3302 3278 3486 3324; x_wconf 75' lang='lat' dir='ltr'><strong>autem</strong></span> 
     </span>
    </p>
   </div>
   <div class='ocr_carea' id='block_1_78' title="bbox 1903 3356 3487 3432">
    <p class='ocr_par' dir='ltr' id='par_1_78' title="bbox 1903 3356 3487 3432">
     <span class='ocr_line' id='line_1_78' title="bbox 1903 3356 3487 3432; baseline -0.001 -17"><span class='ocrx_word' id='word_1_638' title='bbox 1903 3361 1994 3432; x_wconf 83' lang='lat' dir='ltr'><strong>qui</strong></span> <span class='ocrx_word' id='word_1_639' title='bbox 2029 3361 2175 3415; x_wconf 86' lang='lat' dir='ltr'><strong>misit</strong></span> <span class='ocrx_word' id='word_1_640' title='bbox 2197 3360 2391 3428; x_wconf 89' lang='lat' dir='ltr'><strong>ipsum,</strong></span> <span class='ocrx_word' id='word_1_641' title='bbox 2421 3359 2579 3414; x_wconf 88' lang='lat' dir='ltr'><strong>docet</strong></span> <span class='ocrx_word' id='word_1_642' title='bbox 2600 3359 2847 3429; x_wconf 87' lang='lat' dir='ltr'><strong>inquiens</strong></span> <span class='ocrx_word' id='word_1_643' title='bbox 2886 3375 2901 3413; x_wconf 92' lang='lat'>:</span> <span class='ocrx_word' id='word_1_644' title='bbox 2934 3356 2994 3414; x_wconf 87' lang='lat' dir='ltr'><strong>Si</strong></span> <span class='ocrx_word' id='word_1_645' title='bbox 3015 3375 3108 3428; x_wconf 86' lang='lat' dir='ltr'><strong>ego</strong></span> <span class='ocrx_word' id='word_1_646' title='bbox 3127 3361 3487 3415; x_wconf 82' lang='lat' dir='ltr'><strong>testimonium</strong></span> 
     </span>
    </p>
   </div>
   <div class='ocr_carea' id='block_1_79' title="bbox 1903 3453 3489 3524">
    <p class='ocr_par' dir='ltr' id='par_1_79' title="bbox 1903 3453 3489 3524">
     <span class='ocr_line' id='line_1_79' title="bbox 1903 3453 3489 3524; baseline 0.001 -17"><span class='ocrx_word' id='word_1_647' title='bbox 1903 3456 2203 3524; x_wconf 79' lang='lat' dir='ltr'><strong>perhibeam</strong></span> <span class='ocrx_word' id='word_1_648' title='bbox 2245 3454 2308 3507; x_wconf 85' lang='lat' dir='ltr'><strong>de</strong></span> <span class='ocrx_word' id='word_1_649' title='bbox 2357 3454 2588 3521; x_wconf 58' lang='grc' dir='ltr'><strong>μείρεο,</strong></span> <span class='ocrx_word' id='word_1_650' title='bbox 2628 3453 2992 3506; x_wconf 82' lang='lat' dir='ltr'><strong>testimonium</strong></span> <span class='ocrx_word' id='word_1_651' title='bbox 3040 3469 3210 3506; x_wconf 78' lang='lat' dir='ltr'><strong>meum</strong></span> <span class='ocrx_word' id='word_1_652' title='bbox 3253 3470 3355 3508; x_wconf 84' lang='lat' dir='ltr'><strong>non</strong></span> <span class='ocrx_word' id='word_1_653' title='bbox 3407 3465 3489 3509; x_wconf 80' lang='lat' dir='ltr'><strong>est</strong></span> 
     </span>
    </p>
   </div>
   <div class='ocr_carea' id='block_1_80' title="bbox 1905 3542 3485 3614">
    <p class='ocr_par' dir='ltr' id='par_1_80' title="bbox 1905 3542 3485 3614">
     <span class='ocr_line' id='line_1_80' title="bbox 1905 3542 3485 3614; baseline -0.001 -14"><span class='ocrx_word' id='word_1_654' title='bbox 1905 3560 2118 3609; x_wconf 75' lang='lat' dir='ltr'><strong>verum;</strong></span> <span class='ocrx_word' id='word_1_655' title='bbox 2150 3545 2287 3596; x_wconf 83' lang='lat' dir='ltr'><strong>alius</strong></span> <span class='ocrx_word' id='word_1_656' title='bbox 2311 3555 2386 3597; x_wconf 92' lang='lat' dir='ltr'><strong>est</strong></span> <span class='ocrx_word' id='word_1_657' title='bbox 2417 3544 2521 3614; x_wconf 78' lang='lat' dir='ltr'><strong>qui</strong></span> <span class='ocrx_word' id='word_1_658' title='bbox 2539 3546 2602 3597; x_wconf 89' lang='lat' dir='ltr'><strong>de</strong></span> <span class='ocrx_word' id='word_1_659' title='bbox 2631 3561 2711 3597; x_wconf 85' lang='lat' dir='ltr'><strong>rue</strong></span> <span class='ocrx_word' id='word_1_660' title='bbox 2734 3542 3128 3609; x_wconf 78' lang='lat' dir='ltr'><strong>testiﬁcatur&quot;.</strong></span> <span class='ocrx_word' id='word_1_661' title='bbox 3155 3542 3485 3599; x_wconf 72' lang='lat' dir='ltr'><strong>Mentionem</strong></span> 
     </span>
    </p>
   </div>
   <div class='ocr_carea' id='block_1_81' title="bbox 1905 3630 3486 3706">
    <p class='ocr_par' dir='ltr' id='par_1_81' title="bbox 1905 3630 3486 3706">
     <span class='ocr_line' id='line_1_81' title="bbox 1905 3630 3486 3706; baseline 0.004 -15"><span class='ocrx_word' id='word_1_662' title='bbox 1905 3637 2101 3691; x_wconf 88' lang='lat' dir='ltr'><strong>dehinc</strong></span> <span class='ocrx_word' id='word_1_663' title='bbox 2131 3635 2383 3706; x_wconf 67' lang='lat' dir='ltr'><strong>Baptistae</strong></span> <span class='ocrx_word' id='word_1_664' title='bbox 2409 3630 2660 3705; x_wconf 65' lang='lat' dir='ltr'><strong>&#39;l&#39;aciens,</strong></span> <span class='ocrx_word' id='word_1_665' title='bbox 2702 3639 2914 3694; x_wconf 87' lang='lat' dir='ltr'><strong>Patrem</strong></span> <span class='ocrx_word' id='word_1_666' title='bbox 2943 3657 3098 3696; x_wconf 86' lang='lat' dir='ltr'><strong>suum</strong></span> <span class='ocrx_word' id='word_1_667' title='bbox 3161 3642 3237 3697; x_wconf 90' lang='lat' dir='ltr'><strong>illi</strong></span> <span class='ocrx_word' id='word_1_668' title='bbox 3290 3651 3486 3698; x_wconf 88' lang='lat' dir='ltr'><strong>testem</strong></span> 
     </span>
    </p>
   </div>
   <div class='ocr_carea' id='block_1_82' title="bbox 1903 3730 3483 3802">
    <p class='ocr_par' dir='ltr' id='par_1_82' title="bbox 1903 3730 3483 3802">
     <span class='ocr_line' id='line_1_82' title="bbox 1903 3730 3483 3802; baseline 0.003 -20"><span class='ocrx_word' id='word_1_669' title='bbox 1903 3742 2023 3782; x_wconf 89' lang='lat' dir='ltr'><strong>esse</strong></span> <span class='ocrx_word' id='word_1_670' title='bbox 2056 3741 2354 3794; x_wconf 81' lang='lat' dir='ltr'><strong>asseverat,</strong></span> <span class='ocrx_word' id='word_1_671' title='bbox 2405 3730 2689 3800; x_wconf 87' lang='lat' dir='ltr'><strong>inquiens,</strong></span> <span class='ocrx_word' id='word_1_672' title='bbox 2745 3731 2808 3785; x_wconf 83' lang='lat' dir='ltr'><strong>Et</strong></span> <span class='ocrx_word' id='word_1_673' title='bbox 2845 3734 2936 3802; x_wconf 89' lang='lat' dir='ltr'><strong>qui</strong></span> <span class='ocrx_word' id='word_1_674' title='bbox 2981 3749 3066 3787; x_wconf 84' lang='lat' dir='ltr'><strong>me</strong></span> <span class='ocrx_word' id='word_1_675' title='bbox 3117 3733 3262 3788; x_wconf 81' lang='lat' dir='ltr'><strong>misit</strong></span> <span class='ocrx_word' id='word_1_676' title='bbox 3299 3731 3483 3801; x_wconf 82' lang='lat' dir='ltr'><strong>Pater,</strong></span> 
     </span>
    </p>
   </div>
   <div class='ocr_carea' id='block_1_83' title="bbox 1903 3819 3487 3889">
    <p class='ocr_par' dir='ltr' id='par_1_83' title="bbox 1903 3819 3487 3889">
     <span class='ocr_line' id='line_1_83' title="bbox 1903 3819 3487 3889; baseline 0.004 -17"><span class='ocrx_word' id='word_1_677' title='bbox 1903 3819 2013 3885; x_wconf 82' lang='lat' dir='ltr'><strong>ipse</strong></span> <span class='ocrx_word' id='word_1_678' title='bbox 2036 3820 2348 3889; x_wconf 77' lang='lat' dir='ltr'><strong>testiﬁcatus</strong></span> <span class='ocrx_word' id='word_1_679' title='bbox 2376 3831 2451 3874; x_wconf 88' lang='lat' dir='ltr'><strong>est</strong></span> <span class='ocrx_word' id='word_1_680' title='bbox 2487 3824 2553 3876; x_wconf 77' lang='lat' dir='ltr'><strong>de</strong></span> <span class='ocrx_word' id='word_1_681' title='bbox 2578 3838 2659 3876; x_wconf 85' lang='lat' dir='ltr'><strong>me</strong></span> <span class='ocrx_word' id='word_1_682' title='bbox 2679 3823 2748 3876; x_wconf 86' lang='lat'><strong>&quot;.</strong></span> <span class='ocrx_word' id='word_1_683' title='bbox 2783 3823 2945 3877; x_wconf 81' lang='lat' dir='ltr'><strong>Addit</strong></span> <span class='ocrx_word' id='word_1_684' title='bbox 2974 3835 3186 3877; x_wconf 85' lang='lat' dir='ltr'><strong>autem:</strong></span> <span class='ocrx_word' id='word_1_685' title='bbox 3231 3822 3300 3877; x_wconf 84' lang='lat' dir='ltr'><strong>Et</strong></span> <span class='ocrx_word' id='word_1_686' title='bbox 3330 3825 3378 3879; x_wconf 85' lang='lat' dir='ltr'><strong>si</strong></span> <span class='ocrx_word' id='word_1_687' title='bbox 3408 3827 3487 3878; x_wconf 79' lang='lat' dir='ltr'><strong>di-</strong></span> 
     </span>
    </p>
   </div>
   <div class='ocr_carea' id='block_1_84' title="bbox 1903 3913 3488 3987">
    <p class='ocr_par' dir='ltr' id='par_1_84' title="bbox 1903 3913 3488 3987">
     <span class='ocr_line' id='line_1_84' title="bbox 1903 3913 3488 3987; baseline 0.006 -24"><span class='ocrx_word' id='word_1_688' title='bbox 1903 3913 2065 3980; x_wconf 84' lang='lat' dir='ltr'><strong>ligitis</strong></span> <span class='ocrx_word' id='word_1_689' title='bbox 2099 3929 2202 3980; x_wconf 89' lang='lat' dir='ltr'><strong>me,</strong></span> <span class='ocrx_word' id='word_1_690' title='bbox 2229 3915 2529 3982; x_wconf 73' lang='lat' dir='ltr'><strong>gaudentis</strong></span> <span class='ocrx_word' id='word_1_691' title='bbox 2573 3915 2752 3984; x_wconf 84' lang='lat' dir='ltr'><strong>utique</strong></span> <span class='ocrx_word' id='word_1_692' title='bbox 2788 3916 2926 3984; x_wconf 86' lang='lat' dir='ltr'><strong>quod</strong></span> <span class='ocrx_word' id='word_1_693' title='bbox 2964 3919 3038 3969; x_wconf 89' lang='lat' dir='ltr'><strong>ad</strong></span> <span class='ocrx_word' id='word_1_694' title='bbox 3071 3913 3285 3971; x_wconf 85' lang='lat' dir='ltr'><strong>Patrem</strong></span> <span class='ocrx_word' id='word_1_695' title='bbox 3321 3919 3488 3987; x_wconf 85' lang='lat' dir='ltr'><strong>pro/i-</strong></span> 
     </span>
    </p>
   </div>
   <div class='ocr_carea' id='block_1_85' title="bbox 1903 4004 3486 4077">
    <p class='ocr_par' dir='ltr' id='par_1_85' title="bbox 1903 4004 3486 4077">
     <span class='ocr_line' id='line_1_85' title="bbox 1903 4004 3486 4077; baseline 0.006 -22"><span class='ocrx_word' id='word_1_696' title='bbox 1903 4007 2092 4058; x_wconf 84' lang='lat' dir='ltr'><strong>ciscor.</strong></span> <span class='ocrx_word' id='word_1_697' title='bbox 2130 4004 2396 4070; x_wconf 76' lang='lat' dir='ltr'><strong>Quoniam</strong></span> <span class='ocrx_word' id='word_1_698' title='bbox 2444 4005 2611 4060; x_wconf 88' lang='lat' dir='ltr'><strong>Pater</strong></span> <span class='ocrx_word' id='word_1_699' title='bbox 2667 4023 2747 4061; x_wconf 84' lang='lat' dir='ltr'><strong>me</strong></span> <span class='ocrx_word' id='word_1_700' title='bbox 2802 4009 2980 4077; x_wconf 75' lang='lat' dir='ltr'><strong>major</strong></span> <span class='ocrx_word' id='word_1_701' title='bbox 3027 4021 3102 4062; x_wconf 89' lang='lat' dir='ltr'><strong>est</strong></span> <span class='ocrx_word' id='word_1_702' title='bbox 3145 4009 3210 4062; x_wconf 85' lang='lat'><strong>&quot;&#39;.</strong></span> <span class='ocrx_word' id='word_1_703' title='bbox 3276 4007 3486 4076; x_wconf 84' lang='lat' dir='ltr'><strong>Quibus</strong></span> 
     </span>
    </p>
   </div>
   <div class='ocr_carea' id='block_1_86' title="bbox 1903 4097 3480 4172">
    <p class='ocr_par' dir='ltr' id='par_1_86' title="bbox 1903 4097 3480 4172">
     <span class='ocr_line' id='line_1_86' title="bbox 1903 4097 3480 4172; baseline 0.006 -23"><span class='ocrx_word' id='word_1_704' title='bbox 1903 4097 2154 4152; x_wconf 89' lang='lat' dir='ltr'><strong>omnibus</strong></span> <span class='ocrx_word' id='word_1_705' title='bbox 2186 4098 2421 4154; x_wconf 87' lang='lat' dir='ltr'><strong>ostendit</strong></span> <span class='ocrx_word' id='word_1_706' title='bbox 2471 4113 2530 4154; x_wconf 90' lang='lat' dir='ltr'><strong>se</strong></span> <span class='ocrx_word' id='word_1_707' title='bbox 2569 4099 2734 4153; x_wconf 84' lang='lat' dir='ltr'><strong>alium</strong></span> <span class='ocrx_word' id='word_1_708' title='bbox 2787 4114 2817 4153; x_wconf 90' lang='lat' dir='ltr'><strong>a</strong></span> <span class='ocrx_word' id='word_1_709' title='bbox 2859 4099 3042 4167; x_wconf 87' lang='lat' dir='ltr'><strong>Patre,</strong></span> <span class='ocrx_word' id='word_1_710' title='bbox 3097 4109 3154 4155; x_wconf 89' lang='lat' dir='ltr'><strong>et</strong></span> <span class='ocrx_word' id='word_1_711' title='bbox 3197 4111 3480 4172; x_wconf 76' lang='lat' dir='ltr'><strong>paternam</strong></span> 
     </span>
    </p>
   </div>
   <div class='ocr_carea' id='block_1_87' title="bbox 1903 4188 3486 4261">
    <p class='ocr_par' dir='ltr' id='par_1_87' title="bbox 1903 4188 3486 4261">
     <span class='ocr_line' id='line_1_87' title="bbox 1903 4188 3486 4261; baseline 0.006 -19"><span class='ocrx_word' id='word_1_712' title='bbox 1903 4188 2127 4258; x_wconf 87' lang='lat' dir='ltr'><strong>gloriam</strong></span> <span class='ocrx_word' id='word_1_713' title='bbox 2157 4191 2416 4261; x_wconf 86' lang='lat' dir='ltr'><strong>majorem</strong></span> <span class='ocrx_word' id='word_1_714' title='bbox 2442 4190 2681 4247; x_wconf 87' lang='lat' dir='ltr'><strong>insinuat</strong></span> <span class='ocrx_word' id='word_1_715' title='bbox 2701 4207 2854 4260; x_wconf 85' lang='lat' dir='ltr'><strong>esse;</strong></span> <span class='ocrx_word' id='word_1_716' title='bbox 2884 4209 3004 4247; x_wconf 91' lang='lat' dir='ltr'><strong>cum</strong></span> <span class='ocrx_word' id='word_1_717' title='bbox 3043 4208 3102 4249; x_wconf 87' lang='lat' dir='ltr'><strong>se</strong></span> <span class='ocrx_word' id='word_1_718' title='bbox 3127 4196 3196 4250; x_wconf 88' lang='lat' dir='ltr'><strong>ab</strong></span> <span class='ocrx_word' id='word_1_719' title='bbox 3231 4195 3322 4250; x_wconf 92' lang='lat' dir='ltr'><strong>illo</strong></span> <span class='ocrx_word' id='word_1_720' title='bbox 3353 4197 3486 4252; x_wconf 82' lang='lat' dir='ltr'><strong>mis-</strong></span> 
     </span>
    </p>
   </div>
   <div class='ocr_carea' id='block_1_88' title="bbox 1903 4283 3486 4360">
    <p class='ocr_par' dir='ltr' id='par_1_88' title="bbox 1903 4283 3486 4360">
     <span class='ocr_line' id='line_1_88' title="bbox 1903 4283 3486 4360; baseline 0.006 -27"><span class='ocrx_word' id='word_1_721' title='bbox 1903 4296 2021 4334; x_wconf 91' lang='lat' dir='ltr'><strong>sum</strong></span> <span class='ocrx_word' id='word_1_722' title='bbox 2063 4283 2245 4348; x_wconf 86' lang='lat' dir='ltr'><strong>dicat,</strong></span> <span class='ocrx_word' id='word_1_723' title='bbox 2287 4297 2345 4338; x_wconf 88' lang='lat' dir='ltr'><strong>se</strong></span> <span class='ocrx_word' id='word_1_724' title='bbox 2379 4299 2524 4360; x_wconf 74' lang='lat' dir='ltr'><strong>vero</strong></span> <span class='ocrx_word' id='word_1_725' title='bbox 2568 4285 2636 4339; x_wconf 83' lang='lat' dir='ltr'><strong>de</strong></span> <span class='ocrx_word' id='word_1_726' title='bbox 2679 4285 2818 4340; x_wconf 62' lang='lat' dir='ltr'><strong>coelo</strong></span> <span class='ocrx_word' id='word_1_727' title='bbox 2864 4287 3251 4354; x_wconf 84' lang='lat' dir='ltr'><strong>descendisse,</strong></span> <span class='ocrx_word' id='word_1_728' title='bbox 3288 4302 3394 4342; x_wconf 91' lang='lat' dir='ltr'><strong>nou</strong></span> <span class='ocrx_word' id='word_1_729' title='bbox 3425 4299 3486 4342; x_wconf 89' lang='lat' dir='ltr'><strong>ut</strong></span> 
     </span>
    </p>
   </div>
   <div class='ocr_carea' id='block_1_89' title="bbox 1903 4373 3482 4449">
    <p class='ocr_par' dir='ltr' id='par_1_89' title="bbox 1903 4373 3482 4449">
     <span class='ocr_line' id='line_1_89' title="bbox 1903 4373 3482 4449; baseline 0.005 -23"><span class='ocrx_word' id='word_1_730' title='bbox 1903 4387 2054 4426; x_wconf 82' lang='lat' dir='ltr'><strong>suam</strong></span> <span class='ocrx_word' id='word_1_731' title='bbox 2088 4373 2418 4429; x_wconf 84' lang='lat' dir='ltr'><strong>voluntatem</strong></span> <span class='ocrx_word' id='word_1_732' title='bbox 2455 4375 2696 4440; x_wconf 81' lang='lat' dir='ltr'><strong>faceret,</strong></span> <span class='ocrx_word' id='word_1_733' title='bbox 2728 4379 2823 4432; x_wconf 83' lang='lat' dir='ltr'><strong>sed</strong></span> <span class='ocrx_word' id='word_1_734' title='bbox 2855 4377 3186 4431; x_wconf 84' lang='lat' dir='ltr'><strong>voluntatem</strong></span> <span class='ocrx_word' id='word_1_735' title='bbox 3217 4379 3358 4449; x_wconf 86' lang='lat' dir='ltr'><strong>ejus,</strong></span> <span class='ocrx_word' id='word_1_736' title='bbox 3389 4380 3482 4448; x_wconf 88' lang='lat' dir='ltr'><strong>qui</strong></span> 
     </span>
    </p>
   </div>
   <div class='ocr_carea' id='block_1_90' title="bbox 1905 4462 3484 4533">
    <p class='ocr_par' dir='ltr' id='par_1_90' title="bbox 1905 4462 3484 4533">
     <span class='ocr_line' id='line_1_90' title="bbox 1905 4462 3484 4533; baseline 0.006 -19"><span class='ocrx_word' id='word_1_737' title='bbox 1905 4462 2052 4516; x_wconf 91' lang='lat' dir='ltr'><strong>misit</strong></span> <span class='ocrx_word' id='word_1_738' title='bbox 2095 4477 2241 4518; x_wconf 88' lang='lat' dir='ltr'><strong>eum.</strong></span> <span class='ocrx_word' id='word_1_739' title='bbox 2291 4464 2431 4530; x_wconf 83' lang='lat' dir='ltr'><strong>Quid</strong></span> <span class='ocrx_word' id='word_1_740' title='bbox 2481 4468 2549 4520; x_wconf 86' lang='lat' dir='ltr'><strong>ad</strong></span> <span class='ocrx_word' id='word_1_741' title='bbox 2609 4467 2713 4522; x_wconf 87' lang='lat' dir='ltr'><strong>ista</strong></span> <span class='ocrx_word' id='word_1_742' title='bbox 2750 4466 2997 4524; x_wconf 86' lang='lat' dir='ltr'><strong>dicturus</strong></span> <span class='ocrx_word' id='word_1_743' title='bbox 3043 4477 3130 4523; x_wconf 86' lang='lat' dir='ltr'><strong>est</strong></span> <span class='ocrx_word' id='word_1_744' title='bbox 3173 4469 3484 4533; x_wconf 76' lang='lat' dir='ltr'><strong>Marcellus,</strong></span> 
     </span>
    </p>
   </div>
   <div class='ocr_carea' id='block_1_91' title="bbox 212 4551 1798 4629">
    <p class='ocr_par' dir='ltr' id='par_1_91' title="bbox 212 4551 1798 4629">
     <span class='ocr_line' id='line_1_91' title="bbox 212 4551 1798 4629; baseline 0.004 -24"><span class='ocrx_word' id='word_1_745' title='bbox 212 4551 352 4624; x_wconf 76' lang='grc' dir='ltr'><strong>φαίη</strong></span> <span class='ocrx_word' id='word_1_746' title='bbox 390 4552 503 4623; x_wconf 85' lang='grc'><strong>(98)</strong></span> <span class='ocrx_word' id='word_1_747' title='bbox 535 4554 868 4626; x_wconf 81' lang='grc' dir='ltr'><strong>Μάρκελλος,</strong></span> <span class='ocrx_word' id='word_1_748' title='bbox 903 4556 1116 4611; x_wconf 81' lang='grc' dir='ltr'><strong>ἀκούων</strong></span> <span class='ocrx_word' id='word_1_749' title='bbox 1153 4557 1246 4610; x_wconf 79' lang='grc' dir='ltr'><strong>τοῦ</strong></span> <span class='ocrx_word' id='word_1_750' title='bbox 1282 4558 1705 4629; x_wconf 81' lang='grc' dir='ltr'><strong>κατεληλυθότος</strong></span> <span class='ocrx_word' id='word_1_751' title='bbox 1741 4559 1798 4624; x_wconf 79' lang='grc' dir='ltr'><strong>ἑξ</strong></span> 
     </span>
    </p>
   </div>
   <div class='ocr_carea' id='block_1_92' title="bbox 1901 4551 3488 4629">
    <p class='ocr_par' dir='ltr' id='par_1_92' title="bbox 1905 4557 3488 4628">
     <span class='ocr_line' id='line_1_92' title="bbox 1905 4557 3488 4628; baseline 0.005 -21"><span class='ocrx_word' id='word_1_752' title='bbox 1905 4569 2026 4607; x_wconf 93' lang='lat' dir='ltr'><strong>cum</strong></span> <span class='ocrx_word' id='word_1_753' title='bbox 2069 4569 2192 4609; x_wconf 88' lang='lat' dir='ltr'><strong>eum</strong></span> <span class='ocrx_word' id='word_1_754' title='bbox 2222 4557 2313 4625; x_wconf 85' lang='lat' dir='ltr'><strong>qui</strong></span> <span class='ocrx_word' id='word_1_755' title='bbox 2344 4558 2410 4612; x_wconf 94' lang='lat' dir='ltr'><strong>de</strong></span> <span class='ocrx_word' id='word_1_756' title='bbox 2437 4557 2577 4612; x_wconf 75' lang='lat' dir='ltr'><strong>cmlo</strong></span> <span class='ocrx_word' id='word_1_757' title='bbox 2607 4559 2923 4622; x_wconf 87' lang='lat' dir='ltr'><strong>descendit,</strong></span> <span class='ocrx_word' id='word_1_758' title='bbox 2977 4560 3079 4614; x_wconf 87' lang='lat' dir='ltr'><strong>ista</strong></span> <span class='ocrx_word' id='word_1_759' title='bbox 3125 4561 3240 4628; x_wconf 89' lang='lat' dir='ltr'><strong>ipsa</strong></span> <span class='ocrx_word' id='word_1_760' title='bbox 3286 4561 3488 4617; x_wconf 86' lang='lat' dir='ltr'><strong>docen-</strong></span> 
     </span>
    </p>
   </div>
   <div class='ocr_carea' id='block_1_93' title="bbox 211 4642 1798 4722">
    <p class='ocr_par' dir='ltr' id='par_1_93' title="bbox 211 4644 1798 4722">
     <span class='ocr_line' id='line_1_93' title="bbox 211 4644 1798 4722; baseline 0.005 -25"><span class='ocrx_word' id='word_1_761' title='bbox 211 4644 452 4716; x_wconf 76' lang='grc' dir='ltr'><strong>οὐρανοῦ</strong></span> <span class='ocrx_word' id='word_1_762' title='bbox 484 4645 654 4700; x_wconf 83' lang='grc' dir='ltr'><strong>ταῦτα</strong></span> <span class='ocrx_word' id='word_1_763' title='bbox 680 4648 1056 4714; x_wconf 84' lang='grc' dir='ltr'><strong>διδάσκοντος;</strong></span> <span class='ocrx_word' id='word_1_764' title='bbox 1097 4649 1172 4702; x_wconf 82' lang='grc' dir='ltr'><strong>Οὐ</strong></span> <span class='ocrx_word' id='word_1_765' title='bbox 1215 4651 1324 4720; x_wconf 81' lang='grc' dir='ltr'><strong>γὰρ</strong></span> <span class='ocrx_word' id='word_1_766' title='bbox 1363 4651 1533 4722; x_wconf 85' lang='grc' dir='ltr'><strong>δήπου</strong></span> <span class='ocrx_word' id='word_1_767' title='bbox 1565 4653 1660 4704; x_wconf 80' lang='grc' dir='ltr'><strong>καὶ</strong></span> <span class='ocrx_word' id='word_1_768' title='bbox 1703 4650 1798 4706; x_wconf 78' lang='grc' dir='ltr'><strong>νῦν</strong></span> 
     </span>
    </p>
   </div>
   <div class='ocr_carea' id='block_1_94' title="bbox 1901 4642 3492 4722">
    <p class='ocr_par' dir='ltr' id='par_1_94' title="bbox 1905 4642 3492 4721">
     <span class='ocr_line' id='line_1_94' title="bbox 1905 4642 3492 4721; baseline 0.004 -21"><span class='ocrx_word' id='word_1_769' title='bbox 1905 4657 2012 4701; x_wconf 89' lang='lat' dir='ltr'><strong>tem</strong></span> <span class='ocrx_word' id='word_1_770' title='bbox 2045 4650 2253 4703; x_wconf 89' lang='lat' dir='ltr'><strong>audiat.</strong></span> <span class='ocrx_word' id='word_1_771' title='bbox 2287 4648 2426 4713; x_wconf 81' lang='lat' dir='ltr'><strong>Non,</strong></span> <span class='ocrx_word' id='word_1_772' title='bbox 2455 4652 2668 4720; x_wconf 90' lang='lat' dir='ltr'><strong>opinor,</strong></span> <span class='ocrx_word' id='word_1_773' title='bbox 2698 4651 2826 4705; x_wconf 91' lang='lat' dir='ltr'><strong>illud</strong></span> <span class='ocrx_word' id='word_1_774' title='bbox 2853 4642 3087 4719; x_wconf 86' lang='lat' dir='ltr'><strong>allegare</strong></span> <span class='ocrx_word' id='word_1_775' title='bbox 3118 4653 3337 4721; x_wconf 89' lang='lat' dir='ltr'><strong>poterit,</strong></span> <span class='ocrx_word' id='word_1_776' title='bbox 3367 4668 3492 4708; x_wconf 83' lang='lat' dir='ltr'><strong>car-</strong></span> 
     </span>
    </p>
   </div>
   <div class='ocr_carea' id='block_1_95' title="bbox 211 4739 1798 4819">
    <p class='ocr_par' dir='ltr' id='par_1_95' title="bbox 211 4739 1798 4819">
     <span class='ocr_line' id='line_1_95' title="bbox 211 4739 1798 4819; baseline 0.004 -27"><span class='ocrx_word' id='word_1_777' title='bbox 211 4740 314 4811; x_wconf 77' lang='grc' dir='ltr'><strong>τὴν</strong></span> <span class='ocrx_word' id='word_1_778' title='bbox 346 4739 530 4810; x_wconf 85' lang='grc' dir='ltr'><strong>σάρκα</strong></span> <span class='ocrx_word' id='word_1_779' title='bbox 555 4741 650 4794; x_wconf 75' lang='grc' dir='ltr'><strong>τοῦ</strong></span> <span class='ocrx_word' id='word_1_780' title='bbox 683 4743 933 4815; x_wconf 83' lang='grc' dir='ltr'><strong>Σωτῆρος</strong></span> <span class='ocrx_word' id='word_1_781' title='bbox 962 4743 1134 4798; x_wconf 80' lang='grc' dir='ltr'><strong>ταῦτα</strong></span> <span class='ocrx_word' id='word_1_782' title='bbox 1167 4745 1395 4819; x_wconf 84' lang='grc' dir='ltr'><strong>φάσκειν</strong></span> <span class='ocrx_word' id='word_1_783' title='bbox 1426 4746 1559 4817; x_wconf 83' lang='grc' dir='ltr'><strong>ὲρετ.</strong></span> <span class='ocrx_word' id='word_1_784' title='bbox 1591 4746 1666 4799; x_wconf 78' lang='grc' dir='ltr'><strong>Οὐ</strong></span> <span class='ocrx_word' id='word_1_785' title='bbox 1689 4745 1798 4816; x_wconf 86' lang='grc' dir='ltr'><strong>γὰρ</strong></span> 
     </span>
    </p>
   </div>
   <div class='ocr_carea' id='block_1_96' title="bbox 1901 4739 3489 4819">
    <p class='ocr_par' dir='ltr' id='par_1_96' title="bbox 1909 4741 3489 4812">
     <span class='ocr_line' id='line_1_96' title="bbox 1909 4741 3489 4812; baseline 0.004 -18"><span class='ocrx_word' id='word_1_786' title='bbox 1909 4757 2028 4794; x_wconf 80' lang='lat' dir='ltr'><strong>ueni</strong></span> <span class='ocrx_word' id='word_1_787' title='bbox 2061 4741 2368 4797; x_wconf 84' lang='lat' dir='ltr'><strong>Servatnris</strong></span> <span class='ocrx_word' id='word_1_788' title='bbox 2395 4745 2495 4798; x_wconf 87' lang='lat' dir='ltr'><strong>hoc</strong></span> <span class='ocrx_word' id='word_1_789' title='bbox 2522 4746 2880 4812; x_wconf 88' lang='lat' dir='ltr'><strong>prolocutam.</strong></span> <span class='ocrx_word' id='word_1_790' title='bbox 2934 4744 3046 4798; x_wconf 71' lang='lat' dir='ltr'><strong>Non</strong></span> <span class='ocrx_word' id='word_1_791' title='bbox 3077 4747 3222 4800; x_wconf 88' lang='lat' dir='ltr'><strong>enim</strong></span> <span class='ocrx_word' id='word_1_792' title='bbox 3252 4761 3387 4802; x_wconf 88' lang='lat' dir='ltr'><strong>caro</strong></span> <span class='ocrx_word' id='word_1_793' title='bbox 3419 4748 3489 4801; x_wconf 85' lang='lat' dir='ltr'><strong>de</strong></span> 
     </span>
    </p>
   </div>
   <div class='ocr_carea' id='block_1_97' title="bbox 212 4830 1798 4908">
    <p class='ocr_par' dir='ltr' id='par_1_97' title="bbox 212 4830 1798 4908">
     <span class='ocr_line' id='line_1_97' title="bbox 212 4830 1798 4908; baseline 0.004 -25"><span class='ocrx_word' id='word_1_794' title='bbox 212 4833 248 4902; x_wconf 76' lang='grc' dir='ltr'>ἡ</span> <span class='ocrx_word' id='word_1_795' title='bbox 282 4830 424 4904; x_wconf 81' lang='grc' dir='ltr'><strong>σὰρξ</strong></span> <span class='ocrx_word' id='word_1_796' title='bbox 451 4835 518 4886; x_wconf 78' lang='grc' dir='ltr'><strong>ὲκ</strong></span> <span class='ocrx_word' id='word_1_797' title='bbox 543 4834 637 4887; x_wconf 84' lang='grc' dir='ltr'><strong>τοῦ</strong></span> <span class='ocrx_word' id='word_1_798' title='bbox 667 4835 897 4906; x_wconf 75' lang='grc' dir='ltr'><strong>οὐρανοῦ</strong></span> <span class='ocrx_word' id='word_1_799' title='bbox 930 4835 1279 4906; x_wconf 69' lang='grc' dir='ltr'><strong>κατελήλυθα.</strong></span> <span class='ocrx_word' id='word_1_800' title='bbox 1316 4836 1450 4890; x_wconf 88' lang='grc' dir='ltr'><strong>Τίνα</strong></span> <span class='ocrx_word' id='word_1_801' title='bbox 1479 4836 1655 4890; x_wconf 86' lang='grc' dir='ltr'><strong>τοίνυν</strong></span> <span class='ocrx_word' id='word_1_802' title='bbox 1686 4840 1798 4908; x_wconf 77' lang='grc' dir='ltr'><strong>ἐρεῖ</strong></span> 
     </span>
    </p>
   </div>
   <div class='ocr_carea' id='block_1_98' title="bbox 1901 4830 3490 4908">
    <p class='ocr_par' dir='ltr' id='par_1_98' title="bbox 1909 4834 3490 4906">
     <span class='ocr_line' id='line_1_98' title="bbox 1909 4834 3490 4906; baseline 0.004 -20"><span class='ocrx_word' id='word_1_803' title='bbox 1909 4834 2048 4889; x_wconf 69' lang='lat' dir='ltr'><strong>caelo</strong></span> <span class='ocrx_word' id='word_1_804' title='bbox 2076 4836 2377 4891; x_wconf 80' lang='lat' dir='ltr'><strong>descendit.</strong></span> <span class='ocrx_word' id='word_1_805' title='bbox 2425 4837 2727 4903; x_wconf 89' lang='lat' dir='ltr'><strong>Quemnam</strong></span> <span class='ocrx_word' id='word_1_806' title='bbox 2773 4851 2902 4906; x_wconf 84' lang='lat' dir='ltr'><strong>ergo</strong></span> <span class='ocrx_word' id='word_1_807' title='bbox 2956 4836 3204 4891; x_wconf 86' lang='lat' dir='ltr'><strong>dicturus</strong></span> <span class='ocrx_word' id='word_1_808' title='bbox 3256 4850 3365 4897; x_wconf 90' lang='lat' dir='ltr'><strong>est.</strong></span> <span class='ocrx_word' id='word_1_809' title='bbox 3421 4839 3490 4892; x_wconf 82' lang='lat' dir='ltr'><strong>de</strong></span> 
     </span>
    </p>
   </div>
   <div class='ocr_carea' id='block_1_99' title="bbox 325 4969 1089 5043">
    <p class='ocr_par' dir='ltr' id='par_1_99' title="bbox 325 4969 1089 5043">
     <span class='ocr_line' id='line_1_99' title="bbox 325 4969 1089 5043; baseline 0.005 -19"><span class='ocrx_word' id='word_1_810' title='bbox 325 4977 387 5033; x_wconf 51' lang='grc' dir='ltr'><strong>ᾖ</strong></span> <span class='ocrx_word' id='word_1_811' title='bbox 421 4970 521 5025; x_wconf 85' lang='lat' dir='ltr'><strong>Ed.</strong></span> <span class='ocrx_word' id='word_1_812' title='bbox 557 4969 750 5036; x_wconf 85' lang='lat' dir='ltr'><strong>Paris.,</strong></span> <span class='ocrx_word' id='word_1_813' title='bbox 795 4989 913 5043; x_wconf 82' lang='lat' dir='ltr'><strong>pag.</strong></span> <span class='ocrx_word' id='word_1_814' title='bbox 966 4973 1089 5028; x_wconf 81' lang='grc' dir='ltr'><strong>ΗΟ.</strong></span> 
     </span>
    </p>
   </div>
   <div class='ocr_carea' id='block_1_100' title="bbox 318 5061 3485 5135">
    <p class='ocr_par' dir='ltr' id='par_1_100' title="bbox 318 5061 3485 5135">
     <span class='ocr_line' id='line_1_100' title="bbox 318 5061 3485 5135; baseline 0.003 -19"><span class='ocrx_word' id='word_1_815' title='bbox 318 5063 365 5095; x_wconf 75' lang='grc'>’⁸</span> <span class='ocrx_word' id='word_1_816' title='bbox 394 5061 554 5117; x_wconf 81' lang='lat' dir='ltr'><strong>Joan.</strong></span> <span class='ocrx_word' id='word_1_817' title='bbox 597 5081 685 5130; x_wconf 80' lang='lat' dir='ltr'><strong>xx,</strong></span> <span class='ocrx_word' id='word_1_818' title='bbox 719 5067 807 5120; x_wconf 78' lang='lat' dir='ltr'><strong>i7.</strong></span> <span class='ocrx_word' id='word_1_819' title='bbox 906 5067 951 5097; x_wconf 80' lang='grc'>⁷³</span> <span class='ocrx_word' id='word_1_820' title='bbox 980 5063 1136 5122; x_wconf 81' lang='lat' dir='ltr'><strong>Joan.</strong></span> <span class='ocrx_word' id='word_1_821' title='bbox 1185 5081 1264 5130; x_wconf 82' lang='lat' dir='ltr'><strong>vr,</strong></span> <span class='ocrx_word' id='word_1_822' title='bbox 1313 5066 1404 5124; x_wconf 76' lang='lat'><strong>38.</strong></span> <span class='ocrx_word' id='word_1_823' title='bbox 1478 5065 1529 5098; x_wconf 84' lang='grc'><strong>⁷⁸</strong></span> <span class='ocrx_word' id='word_1_824' title='bbox 1556 5066 1714 5122; x_wconf 75' lang='lat' dir='ltr'><strong>ioan.</strong></span> <span class='ocrx_word' id='word_1_825' title='bbox 1755 5084 1810 5130; x_wconf 71' lang='grc' dir='ltr'><strong>τ,</strong></span> <span class='ocrx_word' id='word_1_826' title='bbox 1849 5065 1941 5122; x_wconf 77' lang='lat'><strong>30.</strong></span> <span class='ocrx_word' id='word_1_827' title='bbox 2015 5065 2234 5121; x_wconf 75' lang='lat' dir='ltr'><strong>&quot;&#39;ibid.</strong></span> <span class='ocrx_word' id='word_1_828' title='bbox 2277 5065 2367 5128; x_wconf 75' lang='lat'><strong>3|,</strong></span> <span class='ocrx_word' id='word_1_829' title='bbox 2410 5063 2498 5118; x_wconf 74' lang='grc'><strong>52.</strong></span> <span class='ocrx_word' id='word_1_830' title='bbox 2577 5065 2780 5121; x_wconf 82' lang='lat' dir='ltr'><strong>&quot;ibid.</strong></span> <span class='ocrx_word' id='word_1_831' title='bbox 2815 5067 2908 5123; x_wconf 77' lang='lat'><strong>37.</strong></span> <span class='ocrx_word' id='word_1_832' title='bbox 3006 5067 3364 5135; x_wconf 77' lang='lat' dir='ltr'><strong>&quot;Joan.x1v,</strong></span> <span class='ocrx_word' id='word_1_833' title='bbox 3391 5068 3485 5126; x_wconf 72' lang='lat'><strong>28.</strong></span> 
     </span>
    </p>
   </div>
   <div class='ocr_carea' id='block_1_101' title="bbox 215 5194 1800 5275">
    <p class='ocr_par' dir='ltr' id='par_1_101' title="bbox 215 5194 1800 5275">
     <span class='ocr_line' id='line_1_101' title="bbox 215 5194 1800 5275; baseline 0.001 -17"><span class='ocrx_word' id='word_1_834' title='bbox 215 5194 576 5275; x_wconf 76' lang='lat' dir='ltr'><strong>sequentibus</strong></span> <span class='ocrx_word' id='word_1_835' title='bbox 596 5211 653 5275; x_wconf 85' lang='lat' dir='ltr'><strong>et</strong></span> <span class='ocrx_word' id='word_1_836' title='bbox 687 5203 1024 5275; x_wconf 68' lang='lat' dir='ltr'><strong>p.158_Bil</strong></span> <span class='ocrx_word' id='word_1_837' title='bbox 1065 5201 1242 5275; x_wconf 80' lang='lat' dir='ltr'><strong>deleto</strong></span> <span class='ocrx_word' id='word_1_838' title='bbox 1287 5205 1462 5274; x_wconf 79' lang='grc' dir='ltr'><strong>λέγων</strong></span> <span class='ocrx_word' id='word_1_839' title='bbox 1498 5206 1641 5274; x_wconf 86' lang='lat' dir='ltr'><strong>quod</strong></span> <span class='ocrx_word' id='word_1_840' title='bbox 1675 5215 1800 5275; x_wconf 84' lang='lat' dir='ltr'><strong>post</strong></span> 
     </span>
    </p>
   </div>
   <div class='ocr_carea' id='block_1_102' title="bbox 213 5272 1797 5343">
    <p class='ocr_par' dir='ltr' id='par_1_102' title="bbox 213 5272 1797 5343">
     <span class='ocr_line' id='line_1_102' title="bbox 213 5272 1797 5343; baseline 0.002 -16"><span class='ocrx_word' id='word_1_841' title='bbox 213 5272 348 5327; x_wconf 81' lang='grc' dir='ltr'>Υίοῦ</span> <span class='ocrx_word' id='word_1_842' title='bbox 381 5274 542 5343; x_wconf 72' lang='lat' dir='ltr'><strong>vulgo</strong></span> <span class='ocrx_word' id='word_1_843' title='bbox 596 5273 809 5342; x_wconf 84' lang='lat' dir='ltr'><strong>legitur.</strong></span> <span class='ocrx_word' id='word_1_844' title='bbox 863 5273 1044 5343; x_wconf 87' lang='lat' dir='ltr'><strong>Possis</strong></span> <span class='ocrx_word' id='word_1_845' title='bbox 1083 5281 1137 5326; x_wconf 92' lang='lat' dir='ltr'><strong>et</strong></span> <span class='ocrx_word' id='word_1_846' title='bbox 1183 5273 1297 5338; x_wconf 73' lang='grc' dir='ltr'><strong>θεὶς</strong></span> <span class='ocrx_word' id='word_1_847' title='bbox 1348 5272 1638 5343; x_wconf 74' lang='lat' dir='ltr'><strong>cOujicere,</strong></span> <span class='ocrx_word' id='word_1_848' title='bbox 1672 5272 1797 5330; x_wconf 74' lang='lat' dir='ltr'><strong>eum</strong></span> 
     </span>
    </p>
   </div>
   <div class='ocr_carea' id='block_1_103' title="bbox 214 5341 1797 5413">
    <p class='ocr_par' dir='ltr' id='par_1_103' title="bbox 214 5341 1797 5413">
     <span class='ocr_line' id='line_1_103' title="bbox 214 5341 1797 5413; baseline 0 -15"><span class='ocrx_word' id='word_1_849' title='bbox 214 5359 340 5398; x_wconf 78' lang='lat' dir='ltr'><strong>mox</strong></span> <span class='ocrx_word' id='word_1_850' title='bbox 370 5341 581 5396; x_wconf 85' lang='grc' dir='ltr'><strong>τιθέναι</strong></span> <span class='ocrx_word' id='word_1_851' title='bbox 598 5341 874 5413; x_wconf 85' lang='lat' dir='ltr'><strong>sequatur.</strong></span> <span class='ocrx_word' id='word_1_852' title='bbox 897 5342 953 5396; x_wconf 91' lang='lat' dir='ltr'><strong>In</strong></span> <span class='ocrx_word' id='word_1_853' title='bbox 981 5357 1126 5398; x_wconf 90' lang='lat' dir='ltr'><strong>corr.</strong></span> <span class='ocrx_word' id='word_1_854' title='bbox 1160 5342 1230 5398; x_wconf 76' lang='grc' dir='ltr'><strong>Μ.</strong></span> <span class='ocrx_word' id='word_1_855' title='bbox 1259 5364 1279 5395; x_wconf 85' lang='lat' dir='ltr'><strong>s</strong></span> <span class='ocrx_word' id='word_1_856' title='bbox 1314 5341 1476 5399; x_wconf 81' lang='lat' dir='ltr'><strong>Forte</strong></span> <span class='ocrx_word' id='word_1_857' title='bbox 1495 5346 1649 5405; x_wconf 79' lang='grc' dir='ltr'><strong>Θεοῦ.</strong></span> <span class='ocrx_word' id='word_1_858' title='bbox 1670 5348 1797 5400; x_wconf 91' lang='lat' dir='ltr'><strong>etin</strong></span> 
     </span>
    </p>
   </div>
   <div class='ocr_carea' id='block_1_104' title="bbox 213 5413 1802 5485">
    <p class='ocr_par' dir='ltr' id='par_1_104' title="bbox 213 5413 1802 5485">
     <span class='ocr_line' id='line_1_104' title="bbox 213 5413 1802 5485; baseline 0.003 -20"><span class='ocrx_word' id='word_1_859' title='bbox 213 5414 728 5485; x_wconf 75' lang='lat' dir='ltr'><strong>versionequiduas</strong></span> <span class='ocrx_word' id='word_1_860' title='bbox 761 5417 812 5468; x_wconf 92' lang='lat' dir='ltr'><strong>in</strong></span> <span class='ocrx_word' id='word_1_861' title='bbox 845 5413 955 5469; x_wconf 87' lang='lat' dir='ltr'><strong>Deo</strong></span> <span class='ocrx_word' id='word_1_862' title='bbox 984 5414 1323 5485; x_wconf 78' lang='lat' dir='ltr'><strong>bypostaseis</strong></span> <span class='ocrx_word' id='word_1_863' title='bbox 1355 5434 1372 5470; x_wconf 86' lang='lat'><strong>:</strong></span> <span class='ocrx_word' id='word_1_864' title='bbox 1400 5419 1677 5470; x_wconf 80' lang='lat' dir='ltr'><strong>Arianizat</strong></span> <span class='ocrx_word' id='word_1_865' title='bbox 1715 5417 1802 5470; x_wconf 90' lang='lat' dir='ltr'><strong>hic</strong></span> 
     </span>
    </p>
   </div>
   <div class='ocr_carea' id='block_1_105' title="bbox 1906 5204 3491 5279">
    <p class='ocr_par' dir='ltr' id='par_1_105' title="bbox 1906 5204 3491 5279">
     <span class='ocr_line' id='line_1_105' title="bbox 1906 5204 3491 5279; baseline 0.003 -21"><span class='ocrx_word' id='word_1_866' title='bbox 1906 5220 2020 5279; x_wconf 85' lang='lat' dir='ltr'><strong>ram</strong></span> <span class='ocrx_word' id='word_1_867' title='bbox 2064 5204 2348 5279; x_wconf 72' lang='lat' dir='ltr'><strong>promsuit</strong></span> <span class='ocrx_word' id='word_1_868' title='bbox 2381 5205 2750 5279; x_wconf 84' lang='lat' dir='ltr'><strong>intelligenda,</strong></span> <span class='ocrx_word' id='word_1_869' title='bbox 2801 5216 2855 5260; x_wconf 91' lang='lat' dir='ltr'><strong>et</strong></span> <span class='ocrx_word' id='word_1_870' title='bbox 2903 5217 3083 5262; x_wconf 86' lang='lat' dir='ltr'><strong>tamen</strong></span> <span class='ocrx_word' id='word_1_871' title='bbox 3130 5209 3292 5262; x_wconf 84' lang='lat' dir='ltr'><strong>etiam</strong></span> <span class='ocrx_word' id='word_1_872' title='bbox 3345 5210 3491 5279; x_wconf 85' lang='lat' dir='ltr'><strong>apud</strong></span> 
     </span>
    </p>
   </div>
   <div class='ocr_carea' id='block_1_106' title="bbox 1904 5277 3487 5346">
    <p class='ocr_par' dir='ltr' id='par_1_106' title="bbox 1904 5277 3487 5346">
     <span class='ocr_line' id='line_1_106' title="bbox 1904 5277 3487 5346; baseline 0.004 -20"><span class='ocrx_word' id='word_1_873' title='bbox 1904 5277 2084 5344; x_wconf 88' lang='lat' dir='ltr'><strong>ipsum</strong></span> <span class='ocrx_word' id='word_1_874' title='bbox 2107 5277 2354 5346; x_wconf 61' lang='lat' dir='ltr'><strong>quaedam</strong></span> <span class='ocrx_word' id='word_1_875' title='bbox 2389 5291 2536 5333; x_wconf 81' lang='lat' dir='ltr'><strong>sunt.</strong></span> <span class='ocrx_word' id='word_1_876' title='bbox 2572 5292 2692 5343; x_wconf 59' lang='lat' dir='ltr'><strong>quae</strong></span> <span class='ocrx_word' id='word_1_877' title='bbox 2723 5278 2790 5330; x_wconf 81' lang='lat' dir='ltr'><strong>de</strong></span> <span class='ocrx_word' id='word_1_878' title='bbox 2846 5279 3067 5332; x_wconf 82' lang='lat' dir='ltr'><strong>hmuiue</strong></span> <span class='ocrx_word' id='word_1_879' title='bbox 3120 5295 3346 5346; x_wconf 87' lang='lat' dir='ltr'><strong>prorsus</strong></span> <span class='ocrx_word' id='word_1_880' title='bbox 3382 5277 3487 5334; x_wconf 81' lang='lat' dir='ltr'><strong>ca-</strong></span> 
     </span>
    </p>
   </div>
   <div class='ocr_carea' id='block_1_107' title="bbox 1907 5345 3492 5470">
    <p class='ocr_par' dir='ltr' id='par_1_107' title="bbox 1907 5345 3492 5470">
     <span class='ocr_line' id='line_1_107' title="bbox 1907 5345 3492 5470; baseline 0.003 -70"><span class='ocrx_word' id='word_1_881' title='bbox 1907 5345 2264 5470; x_wconf 45' lang='lat' dir='ltr'><strong>pil’untitr.&amp;lltu</strong></span> <span class='ocrx_word' id='word_1_882' title='bbox 2322 5345 2456 5400; x_wconf 87' lang='lat' dir='ltr'><strong>ludit</strong></span> <span class='ocrx_word' id='word_1_883' title='bbox 2510 5346 2597 5400; x_wconf 87' lang='lat' dir='ltr'><strong>hic</strong></span> <span class='ocrx_word' id='word_1_884' title='bbox 2645 5358 2835 5402; x_wconf 82' lang='lat' dir='ltr'><strong>auctor</strong></span> <span class='ocrx_word' id='word_1_885' title='bbox 2864 5345 3133 5412; x_wconf 43' lang='grc' dir='ltr'><strong>ὕπουλος(</strong></span> <span class='ocrx_word' id='word_1_886' title='bbox 3176 5360 3233 5404; x_wconf 89' lang='lat' dir='ltr'><strong>et</strong></span> <span class='ocrx_word' id='word_1_887' title='bbox 3280 5350 3492 5420; x_wconf 81' lang='grc' dir='ltr'><strong>σαπρὸς</strong></span> 
     </span>
     <span class='ocr_line' id='line_1_108' title="bbox 1909 5432 2240 5470; baseline -0.009 0"><span class='ocrx_word' id='word_1_888' title='bbox 1909 5433 1939 5470; x_wconf 92' lang='lat' dir='ltr'><strong>u</strong></span> <span class='ocrx_word' id='word_1_889' title='bbox 1985 5432 2125 5470; x_wconf 83' lang='lat' dir='ltr'><strong>mue.</strong></span> <span class='ocrx_word' id='word_1_890' title='bbox 2228 5455 2240 5467; x_wconf 92' lang='lat'><strong>.</strong></span> 
     </span>
    </p>
   </div>
   <div class='ocr_carea' id='block_1_108' title="bbox 1909 5432 2240 5484">
    <p class='ocr_par' dir='ltr' id='par_1_108' title="bbox 1909 5432 2240 5484">
     <span class='ocr_line' id='line_1_109' title="bbox 1909 5432 2240 5484; baseline -0.009 -14"><span class='ocrx_word' id='word_1_891' title='bbox 1909 5432 2125 5484; x_wconf 79' lang='lat' dir='ltr'><strong>unique.</strong></span> <span class='ocrx_word' id='word_1_892' title='bbox 2172 5432 2240 5468; x_wconf 73' lang='grc' dir='ltr'><strong>Μ.</strong></span> 
     </span>
    </p>
   </div>
   <div class='ocr_carea' id='block_1_109' title="bbox 213 5483 1802 5608">
    <p class='ocr_par' dir='ltr' id='par_1_109' title="bbox 213 5483 1802 5608">
     <span class='ocr_line' id='line_1_110' title="bbox 213 5483 1802 5608; baseline 0.001 -71"><span class='ocrx_word' id='word_1_893' title='bbox 213 5493 334 5608; x_wconf 55' lang='grc' dir='ltr'><strong>υἱώ</strong></span> <span class='ocrx_word' id='word_1_894' title='bbox 335 5483 542 5550; x_wconf 85' lang='lat' dir='ltr'><strong>passim</strong></span> <span class='ocrx_word' id='word_1_895' title='bbox 605 5483 888 5541; x_wconf 84' lang='lat' dir='ltr'><strong>Eusebius.</strong></span> <span class='ocrx_word' id='word_1_896' title='bbox 941 5502 961 5536; x_wconf 74' lang='grc' dir='ltr'><strong>ι</strong></span> <span class='ocrx_word' id='word_1_897' title='bbox 1019 5483 1091 5526; x_wconf 62' lang='grc' dir='ltr'><strong>ὲ-</strong></span> <span class='ocrx_word' id='word_1_898' title='bbox 1148 5483 1268 5539; x_wconf 74' lang='lat' dir='ltr'><strong>Mox</strong></span> <span class='ocrx_word' id='word_1_899' title='bbox 1321 5489 1482 5558; x_wconf 84' lang='lat' dir='ltr'><strong>vulgo</strong></span> <span class='ocrx_word' id='word_1_900' title='bbox 1535 5487 1657 5540; x_wconf 77' lang='grc' dir='ltr'><strong>οὐδὲ</strong></span> <span class='ocrx_word' id='word_1_901' title='bbox 1706 5487 1802 5540; x_wconf 82' lang='grc' dir='ltr'><strong>δύο</strong></span> 
     </span>
     <span class='ocr_line' id='line_1_111' title="bbox 213 5570 388 5608; baseline 0.006 -2"><span class='ocrx_word' id='word_1_902' title='bbox 213 5571 247 5606; x_wconf 89' lang='grc' dir='ltr'><strong>υ</strong></span> <span class='ocrx_word' id='word_1_903' title='bbox 339 5570 388 5608; x_wconf 85' lang='grc' dir='ltr'><strong>ς.</strong></span> 
     </span>
    </p>
   </div>
   <div class='ocr_carea' id='block_1_110' title="bbox 213 5570 388 5615">
    <p class='ocr_par' dir='ltr' id='par_1_110' title="bbox 213 5570 388 5615">
     <span class='ocr_line' id='line_1_112' title="bbox 213 5570 388 5615; baseline 0 -8"><span class='ocrx_word' id='word_1_904' title='bbox 213 5570 388 5615; x_wconf 78' lang='grc' dir='ltr'><strong>υωυς.</strong></span> 
     </span>
    </p>
   </div>
   <div class='ocr_carea' id='block_1_111' title="bbox 287 5620 952 5694">
    <p class='ocr_par' dir='ltr' id='par_1_111' title="bbox 287 5620 952 5694">
     <span class='ocr_line' id='line_1_113' title="bbox 287 5620 952 5694; baseline 0.011 -21"><span class='ocrx_word' id='word_1_905' title='bbox 287 5622 408 5694; x_wconf 70' lang='grc'><strong>(94)</strong></span> <span class='ocrx_word' id='word_1_906' title='bbox 432 5620 608 5694; x_wconf 70' lang='lat' dir='ltr'><strong>Vulgo</strong></span> <span class='ocrx_word' id='word_1_907' title='bbox 634 5625 770 5679; x_wconf 78' lang='grc' dir='ltr'><strong>Θεοῦ</strong></span> <span class='ocrx_word' id='word_1_908' title='bbox 805 5624 952 5688; x_wconf 72' lang='grc' dir='ltr'><strong>Υἱός.</strong></span> 
     </span>
    </p>
   </div>
   <div class='ocr_carea' id='block_1_112' title="bbox 291 5692 1797 5765">
    <p class='ocr_par' dir='ltr' id='par_1_112' title="bbox 291 5692 1797 5765">
     <span class='ocr_line' id='line_1_114' title="bbox 291 5692 1797 5765; baseline 0.002 -18"><span class='ocrx_word' id='word_1_909' title='bbox 291 5692 424 5765; x_wconf 64' lang='grc'><strong>(95)</strong></span> <span class='ocrx_word' id='word_1_910' title='bbox 449 5693 560 5748; x_wconf 84' lang='grc' dir='ltr'><strong>Τοῦ</strong></span> <span class='ocrx_word' id='word_1_911' title='bbox 603 5695 734 5750; x_wconf 81' lang='grc' dir='ltr'><strong>Υιοῦ</strong></span> <span class='ocrx_word' id='word_1_912' title='bbox 784 5696 1158 5765; x_wconf 82' lang='grc' dir='ltr'><strong>κηρύττεται.</strong></span> <span class='ocrx_word' id='word_1_913' title='bbox 1202 5693 1468 5751; x_wconf 85' lang='lat' dir='ltr'><strong>Utrumne</strong></span> <span class='ocrx_word' id='word_1_914' title='bbox 1498 5696 1797 5751; x_wconf 84' lang='lat' dir='ltr'><strong>Ecclesiam</strong></span> 
     </span>
    </p>
   </div>
   <div class='ocr_carea' id='block_1_113' title="bbox 223 5761 1802 5834">
    <p class='ocr_par' dir='ltr' id='par_1_113' title="bbox 223 5761 1802 5834">
     <span class='ocr_line' id='line_1_115' title="bbox 223 5761 1802 5834; baseline 0.004 -18"><span class='ocrx_word' id='word_1_915' title='bbox 223 5761 348 5834; x_wconf 70' lang='lat' dir='ltr'><strong>Filii</strong></span> <span class='ocrx_word' id='word_1_916' title='bbox 374 5763 544 5827; x_wconf 78' lang='lat' dir='ltr'><strong>dixit;</strong></span> <span class='ocrx_word' id='word_1_917' title='bbox 582 5779 648 5818; x_wconf 84' lang='lat' dir='ltr'><strong>an</strong></span> <span class='ocrx_word' id='word_1_918' title='bbox 693 5766 826 5819; x_wconf 86' lang='grc' dir='ltr'>Θεὸν</span> <span class='ocrx_word' id='word_1_919' title='bbox 851 5761 989 5826; x_wconf 55' lang='grc' dir='ltr'><strong>ποῦ,</strong></span> <span class='ocrx_word' id='word_1_920' title='bbox 1028 5765 1181 5826; x_wconf 84' lang='grc' dir='ltr'><strong>Υίοῦ.</strong></span> <span class='ocrx_word' id='word_1_921' title='bbox 1211 5768 1313 5819; x_wconf 87' lang='lat' dir='ltr'><strong>hoc</strong></span> <span class='ocrx_word' id='word_1_922' title='bbox 1361 5769 1560 5834; x_wconf 71' lang='lat' dir='ltr'><strong>pqtins.</strong></span> <span class='ocrx_word' id='word_1_923' title='bbox 1605 5769 1668 5821; x_wconf 82' lang='lat' dir='ltr'><strong>Et</strong></span> <span class='ocrx_word' id='word_1_924' title='bbox 1723 5772 1802 5822; x_wconf 65' lang='lat' dir='ltr'><strong>sic</strong></span> 
     </span>
    </p>
   </div>
   <div class='ocr_carea' id='block_1_114' title="bbox 222 5829 1801 5907">
    <p class='ocr_par' dir='ltr' id='par_1_114' title="bbox 222 5829 1801 5907">
     <span class='ocr_line' id='line_1_116' title="bbox 222 5829 1801 5907; baseline 0.003 -22"><span class='ocrx_word' id='word_1_925' title='bbox 222 5833 364 5907; x_wconf 44' lang='lat' dir='ltr'><strong>fo‘rle</strong></span> <span class='ocrx_word' id='word_1_926' title='bbox 394 5834 550 5907; x_wconf 71' lang='lat' dir='ltr'><strong>ileest</strong></span> <span class='ocrx_word' id='word_1_927' title='bbox 587 5835 953 5907; x_wconf 8' lang='lat' dir='ltr'><strong>bicglla‘rﬁp;</strong></span> <span class='ocrx_word' id='word_1_928' title='bbox 989 5838 1176 5890; x_wconf 74' lang='lat' dir='ltr'><strong>Statim</strong></span> <span class='ocrx_word' id='word_1_929' title='bbox 1227 5829 1375 5905; x_wconf 55' lang='lat' dir='ltr'><strong>lege,</strong></span> <span class='ocrx_word' id='word_1_930' title='bbox 1403 5829 1448 5903; x_wconf 84' lang='grc' dir='ltr'>ᾧ</span> <span class='ocrx_word' id='word_1_931' title='bbox 1503 5838 1598 5890; x_wconf 79' lang='grc' dir='ltr'><strong>καὶ</strong></span> <span class='ocrx_word' id='word_1_932' title='bbox 1648 5837 1801 5907; x_wconf 76' lang='grc' dir='ltr'><strong>εὔχε-</strong></span> 
     </span>
    </p>
   </div>
   <div class='ocr_carea' id='block_1_115' title="bbox 223 5901 1802 5964">
    <p class='ocr_par' dir='ltr' id='par_1_115' title="bbox 223 5901 1802 5964">
     <span class='ocr_line' id='line_1_117' title="bbox 223 5901 1802 5964; baseline 0.001 -4"><span class='ocrx_word' id='word_1_933' title='bbox 223 5901 371 5960; x_wconf 76' lang='grc' dir='ltr'><strong>σθαι.</strong></span> <span class='ocrx_word' id='word_1_934' title='bbox 408 5902 533 5959; x_wconf 69' lang='lat' dir='ltr'><strong>Haec</strong></span> <span class='ocrx_word' id='word_1_935' title='bbox 561 5905 742 5960; x_wconf 87' lang='lat' dir='ltr'><strong>omnia</strong></span> <span class='ocrx_word' id='word_1_936' title='bbox 775 5909 841 5963; x_wconf 91' lang='lat' dir='ltr'><strong>de</strong></span> <span class='ocrx_word' id='word_1_937' title='bbox 868 5901 1006 5962; x_wconf 39' lang='lat' dir='ltr'><strong>Pilio</strong></span> <span class='ocrx_word' id='word_1_938' title='bbox 1035 5901 1333 5962; x_wconf 78' lang='lat' dir='ltr'><strong>secundum</strong></span> <span class='ocrx_word' id='word_1_939' title='bbox 1374 5901 1612 5962; x_wconf 85' lang='lat' dir='ltr'><strong>divinam</strong></span> <span class='ocrx_word' id='word_1_940' title='bbox 1649 5901 1802 5964; x_wconf 57' lang='lat' dir='ltr'><strong>na&#39;Cu-</strong></span> 
     </span>
    </p>
   </div>
   <div class='ocr_carea' id='block_1_116' title="bbox 1979 5482 3486 5556">
    <p class='ocr_par' dir='ltr' id='par_1_116' title="bbox 1979 5482 3486 5556">
     <span class='ocr_line' id='line_1_118' title="bbox 1979 5482 3486 5556; baseline 0 -15"><span class='ocrx_word' id='word_1_941' title='bbox 1979 5482 2091 5554; x_wconf 74' lang='lat'><strong>(98)</strong></span> <span class='ocrx_word' id='word_1_942' title='bbox 2125 5487 2231 5540; x_wconf 74' lang='grc' dir='ltr'><strong>Καὶ</strong></span> <span class='ocrx_word' id='word_1_943' title='bbox 2256 5485 2346 5538; x_wconf 83' lang='grc' dir='ltr'><strong>ὅτι</strong></span> <span class='ocrx_word' id='word_1_944' title='bbox 2377 5502 2444 5553; x_wconf 78' lang='grc' dir='ltr'><strong>τε</strong></span> <span class='ocrx_word' id='word_1_945' title='bbox 2471 5485 2673 5553; x_wconf 79' lang='grc' dir='ltr'><strong>ἔτερος</strong></span> <span class='ocrx_word' id='word_1_946' title='bbox 2691 5482 2795 5556; x_wconf 76' lang='grc' dir='ltr'><strong>ἦν.</strong></span> <span class='ocrx_word' id='word_1_947' title='bbox 2828 5486 2943 5539; x_wconf 67' lang='grc' dir='ltr'><strong>Ιιτεο</strong></span> <span class='ocrx_word' id='word_1_948' title='bbox 2967 5501 2999 5536; x_wconf 89' lang='lat' dir='ltr'><strong>e</strong></span> <span class='ocrx_word' id='word_1_949' title='bbox 3026 5485 3212 5540; x_wconf 83' lang='lat' dir='ltr'><strong>codice</strong></span> <span class='ocrx_word' id='word_1_950' title='bbox 3242 5486 3486 5554; x_wconf 85' lang='lat' dir='ltr'><strong>supplevi</strong></span> 
     </span>
    </p>
   </div>
   <div class='ocr_carea' id='block_1_117' title="bbox 1910 5556 3483 5621">
    <p class='ocr_par' dir='ltr' id='par_1_117' title="bbox 1910 5556 3483 5621">
     <span class='ocr_line' id='line_1_119' title="bbox 1910 5556 3483 5621; baseline -0.003 -11"><span class='ocrx_word' id='word_1_951' title='bbox 1910 5556 2165 5611; x_wconf 88' lang='lat' dir='ltr'><strong>Biblioth.</strong></span> <span class='ocrx_word' id='word_1_952' title='bbox 2212 5556 2512 5609; x_wconf 74' lang='lat' dir='ltr'><strong>Bodlename</strong></span> <span class='ocrx_word' id='word_1_953' title='bbox 2543 5558 2755 5610; x_wconf 78' lang='lat' dir='ltr'><strong>altero;</strong></span> <span class='ocrx_word' id='word_1_954' title='bbox 2795 5557 3021 5609; x_wconf 82' lang='lat' dir='ltr'><strong>deerant</strong></span> <span class='ocrx_word' id='word_1_955' title='bbox 3048 5559 3192 5610; x_wconf 87' lang='lat' dir='ltr'><strong>enim</strong></span> <span class='ocrx_word' id='word_1_956' title='bbox 3232 5557 3283 5609; x_wconf 90' lang='lat' dir='ltr'><strong>in</strong></span> <span class='ocrx_word' id='word_1_957' title='bbox 3341 5574 3483 5621; x_wconf 74' lang='lat' dir='ltr'><strong>tum,</strong></span> 
     </span>
    </p>
   </div>
   <div class='ocr_carea' id='block_1_118' title="bbox 1907 5626 3484 5698">
    <p class='ocr_par' dir='ltr' id='par_1_118' title="bbox 1907 5626 3484 5698">
     <span class='ocr_line' id='line_1_120' title="bbox 1907 5626 3484 5698; baseline 0 -17"><span class='ocrx_word' id='word_1_958' title='bbox 1907 5643 2076 5697; x_wconf 86' lang='lat' dir='ltr'><strong>usque</strong></span> <span class='ocrx_word' id='word_1_959' title='bbox 2092 5632 2180 5688; x_wconf 83' lang='lat' dir='ltr'><strong>ad,</strong></span> <span class='ocrx_word' id='word_1_960' title='bbox 2207 5626 2391 5681; x_wconf 83' lang='grc' dir='ltr'><strong>Ταῦτα</strong></span> <span class='ocrx_word' id='word_1_961' title='bbox 2402 5629 2510 5698; x_wconf 85' lang='grc' dir='ltr'><strong>γὰρ</strong></span> <span class='ocrx_word' id='word_1_962' title='bbox 2522 5627 2728 5682; x_wconf 79' lang='grc' dir='ltr'><strong>οῐετθαι</strong></span> <span class='ocrx_word' id='word_1_963' title='bbox 2741 5627 2832 5681; x_wconf 90' lang='grc' dir='ltr'><strong>τὸν</strong></span> <span class='ocrx_word' id='word_1_964' title='bbox 2844 5626 3086 5698; x_wconf 86' lang='grc' dir='ltr'><strong>Πατέρα,</strong></span> <span class='ocrx_word' id='word_1_965' title='bbox 3103 5626 3395 5681; x_wconf 74' lang='lat' dir='ltr'><strong>exclusive.</strong></span> <span class='ocrx_word' id='word_1_966' title='bbox 3415 5627 3484 5681; x_wconf 80' lang='grc' dir='ltr'><strong>Μ.</strong></span> 
     </span>
    </p>
   </div>
   <div class='ocr_carea' id='block_1_119' title="bbox 2001 5698 2600 5767">
    <p class='ocr_par' dir='ltr' id='par_1_119' title="bbox 2001 5698 2600 5767">
     <span class='ocr_line' id='line_1_121' title="bbox 2001 5698 2600 5767; baseline -0.003 -15"><span class='ocrx_word' id='word_1_967' title='bbox 2001 5700 2091 5767; x_wconf 80' lang='lat'><strong>97)</strong></span> <span class='ocrx_word' id='word_1_968' title='bbox 2139 5699 2304 5767; x_wconf 78' lang='lat' dir='ltr'><strong>Vulgo</strong></span> <span class='ocrx_word' id='word_1_969' title='bbox 2328 5698 2600 5766; x_wconf 81' lang='grc' dir='ltr'><strong>ἀγαπᾶτε.</strong></span> 
     </span>
    </p>
   </div>
   <div class='ocr_carea' id='block_1_120' title="bbox 1999 5766 3486 5839">
    <p class='ocr_par' dir='ltr' id='par_1_120' title="bbox 1999 5766 3486 5839">
     <span class='ocr_line' id='line_1_122' title="bbox 1999 5766 3486 5839; baseline -0.001 -17"><span class='ocrx_word' id='word_1_970' title='bbox 1999 5770 2089 5834; x_wconf 89' lang='lat'><strong>98)</strong></span> <span class='ocrx_word' id='word_1_971' title='bbox 2119 5766 2288 5839; x_wconf 82' lang='lat' dir='ltr'><strong>Vulgo</strong></span> <span class='ocrx_word' id='word_1_972' title='bbox 2333 5770 2362 5821; x_wconf 89' lang='grc' dir='ltr'><strong>ό</strong></span> <span class='ocrx_word' id='word_1_973' title='bbox 2417 5769 2485 5821; x_wconf 79' lang='grc' dir='ltr'><strong>Μ.</strong></span> <span class='ocrx_word' id='word_1_974' title='bbox 2511 5781 2565 5822; x_wconf 85' lang='lat' dir='ltr'><strong>et</strong></span> <span class='ocrx_word' id='word_1_975' title='bbox 2597 5770 2736 5825; x_wconf 82' lang='lat' dir='ltr'><strong>inl&#39;ra</strong></span> <span class='ocrx_word' id='word_1_976' title='bbox 2766 5766 3055 5837; x_wconf 76' lang='grc' dir='ltr'><strong>ὲπελέγξει</strong></span> <span class='ocrx_word' id='word_1_977' title='bbox 3088 5775 3145 5822; x_wconf 90' lang='lat' dir='ltr'><strong>et</strong></span> <span class='ocrx_word' id='word_1_978' title='bbox 3172 5768 3268 5821; x_wconf 66' lang='grc' dir='ltr'><strong>καὶ</strong></span> <span class='ocrx_word' id='word_1_979' title='bbox 3301 5767 3486 5832; x_wconf 81' lang='grc' dir='ltr'><strong>καθὼς</strong></span> 
     </span>
    </p>
   </div>
   <div class='ocr_carea' id='block_1_121' title="bbox 1905 5839 2696 5913">
    <p class='ocr_par' dir='ltr' id='par_1_121' title="bbox 1905 5839 2696 5913">
     <span class='ocr_line' id='line_1_123' title="bbox 1905 5839 2696 5913; baseline 0.004 -20"><span class='ocrx_word' id='word_1_980' title='bbox 1905 5843 1966 5896; x_wconf 88' lang='grc' dir='ltr'>τὸ</span> <span class='ocrx_word' id='word_1_981' title='bbox 1993 5840 2204 5913; x_wconf 80' lang='grc' dir='ltr'><strong>θέλημά</strong></span> <span class='ocrx_word' id='word_1_982' title='bbox 2239 5858 2340 5913; x_wconf 80' lang='grc' dir='ltr'><strong>μου</strong></span> <span class='ocrx_word' id='word_1_983' title='bbox 2367 5851 2420 5896; x_wconf 85' lang='lat' dir='ltr'><strong>et</strong></span> <span class='ocrx_word' id='word_1_984' title='bbox 2450 5839 2696 5911; x_wconf 85' lang='grc' dir='ltr'><strong>συμφθῆ.</strong></span> 
     </span>
    </p>
   </div>
  </div>
