4106 6448
295 435 397 492 913

1244 436 1335 496 DE
1372 439 1909 498 ECCLESIASTICA
1954 439 2350 502 THEOLOGIA
2389 443 2518 501 LIB.
2558 443 2624 501 ll.

3461 451 3571 510 9H

300 551 566 625 μώμενος,
601 553 679 619 ὠς
709 554 804 609 ml.
827 554 898 608 δι’
935 554 1102 612 αὑτοῦ
1139 557 1436 630 ὁρώμενος.
1479 561 1540 614 ⁸0
1567 559 1677 633 γὰρ
1715 563 1884 634 ἑωρα-

1993 580 2090 632 per
2115 563 2288 632 ipsum
2322 550 2494 620 visus.
2531 563 2668 619 Nam
2699 565 2791 634 qui
2839 563 3038 621 Filium
3083 567 3237 635 vidit,
3286 568 3334 626 is
3381 571 3573 641 utique

298 642 408 708 κὼς
435 642 525 697 τὸν
557 643 688 697 Υἱὸν
714 643 929 716 ἑώρακε
961 644 1040 718 (5)
1067 647 1159 702 τὸν
1184 648 1425 719 Πατέρα,
1452 650 1552 720 τὴν
1585 650 1880 722 ἀγέννητον

298 735 544 807 θεότητα,
588 729 700 788 οἷον
747 735 806 788 ἑν
848 737 1046 791 εἰκόνει
1088 737 1183 792 καὶ
1221 739 1532 812 κατόπτρῳ,
1566 741 1625 795 έν
1651 739 1728 812 τῷ
1767 739 1882 811 Υἱῷ

298 824 843 899 χαρακτηριζομένην
895 826 1059 898 ὀρῶν.
1133 829 1518 900 Ἅπαύνασμα
1580 828 1691 900 γάρ
1750 830 1881 884 ἐστι

297 919 488 990 φωτὸς
509 917 707 973 ἀιδίου
733 919 833 974 καὶ
871 921 1197 990 εισοπτρον
1222 922 1604 991 άκηλίδωτον
1629 922 1739 993 τῆς
1771 923 1881 978 τοῦ

301 1010 447 1066 Θεοῦ
465 1011 792 1081 ἐνεργείας,
819 1011 918 1065 καὶ
936 1011 1115 1067 εικὼν
1132 1010 1244 1081 τῆς
1275 1013 1644 1083 ἀγαθότητος
1673 1015 1878 1069 αὐτοῦ·

299 1106 474 1160 πάντα
512 1104 568 1158 δὲ
606 1104 782 1159 ταῦτα
811 1103 961 1177 παρὰ
997 1103 1092 1158 τοῦ
1136 1104 1350 1177 Πατρὸς
1394 1104 1598 1171 λαθὼν,
1624 1105 1687 1172 ἐξ
1717 1105 1882 1159 αὑτοῦ

297 1213 358 1251 τι
386 1197 605 1270 καὶτῆς
637 1196 891 1268 θεότητος
923 1196 1024 1268 τὴν
1062 1196 1242 1264 δόξαν,
1282 1198 1359 1261 ὡς
1390 1197 1456 1252 ἂν
1501 1199 1631 1263 Υἱὸς
1663 1200 1886 1270 γνήσιος

300 1293 393 1346 καὶ
435 1292 751 1364 μονογενὴς,
786 1287 1024 1361 εἰληφὼς
1053 1289 1189 1360 ἔχει.
1238 1289 1375 1343 Ἀλλ’
1404 1293 1466 1344 ού
1509 1292 1604 1345 καὶ
1637 1293 1665 1345 ό
1695 1289 1886 1361 Πατὴρ

301 1385 451 1457 παρά
495 1401 640 1448 τινος
685 1383 905 1454 εἴληφεο
962 1381 1182 1437 πάντων
1211 1382 1256 1436 δ’
1291 1382 1453 1446 αὑτὸς
1495 1383 1571 1437 ὢν
1615 1385 1756 1456 ἁρχὴ
1792 1385 1886 1438 καί

300 1475 450 1548 πηγὴ
479 1476 572 1529 καὶ
603 1473 728 1545 ῥίζα
760 1473 869 1527 τῶν
904 1473 1163 1544 ἀγαθῶν,
1209 1475 1434 1541 εἰκότως
1471 1472 1551 1540 εἷς
1597 1477 1692 1531 καὶ
1726 1478 1887 1549 μόνος

299 1565 680 1638 ἀναγορεύοιτο
710 1565 776 1619 ἂν
805 1564 959 1630 Θεός.

937 1659 1095 1714 ΚΕΦ.
1159 1662 1240 1714 Η’.

311 1751 569 1818 ὀποιοις
611 1750 843 1823 ῥήμασι
887 1752 1244 1823 Μάρκελλος
1299 1753 1534 1822 ἠρνεῖτο
1592 1753 1698 1806 τὸν
1752 1755 1889 1809 Υλὸν

937 1821 1042 1877 τοῦ
1077 1823 1246 1879 Θεοῦ.

384 1935 547 1990 Ἀλλὰ
576 1935 783 1990 τούτων
810 1937 872 1992 ιν
895 1937 1088 2008 ἀγνοίᾳ
1109 1936 1405 2008 -τυγχάνων
1438 1937 1515 2010 (6)
1543 1936 1882 2010 Μάρκελλος,

299 2030 361 2083 ού
395 2029 643 2100 βούλεται
679 2028 778 2101 μὲν
810 2026 1027 2104 ἀληθῶς
1053 2029 1146 2084 τὸν
1170 2029 1299 2083 Υἱὸν
1328 2031 1393 2083 ἐκ
1420 2029 1514 2083 τοῦ
1546 2031 1758 2102 Πατρὸς
1793 2047 1887 2100 γε-

301 2119 613 2191 γεννῆσθαι,
650 2121 728 2185 ὡς
758 2121 884 2174 Υἱὸν
919 2121 1098 2186 ζῶντα
1130 2122 1225 2175 καὶ
1267 2121 1574 2192 ὑφεστῶταο
1606 2119 1694 2177 οἷα
1725 2123 1782 2176 δὲ
1801 2123 1886 2176 λό-

301 2229 396 2283 γον
429 2213 590 2269 αὑτὸν
622 2214 956 2285 σημαντικόν
987 2232 1132 2279 τινος
1163 2216 1196 2286 ἢ
1237 2215 1656 2286 προστακτικὸν,
1693 2215 1886 2286 προελ-

303 2304 414 2358 θεῖν
438 2303 532 2356 τοῦ
561 2302 698 2357 Θεοῦ
731 2304 952 2373 φάσκει.
1002 2307 1202 2359 ’Λκουε
1231 2305 1276 2358 δ’
1312 2300 1404 2359 οὖν
1437 2305 1763 2369 ἀκαλύπτους
1791 2307 1885 2360 καὶ

301 2395 458 2452 τοῦτο
488 2395 736 2464 λέγοντος
768 2396 932 2450 αὑτοῦ
972 2397 1156 2450 ταῖσδε
1193 2400 1314 2462 ταῖς
1349 2401 1582 2468 φωναῐςο
1626 2417 1644 2450 ι
1680 2398 1752 2450 Τὸ
1789 2399 1884 2468 μὲν

309 2506 326 2537 ι
369 2483 461 2541 οὖν
487 2488 591 2559 πρὸ
619 2487 727 2541 τῶν
758 2487 968 2542 αἰώνων
1001 2488 1162 2541 αὑτὸν
1189 2487 1553 2557 γεγεννῆσθαι
1583 2487 1752 2558 φῆσαι
1782 2488 1882 2558 (7),

307 2599 326 2632 t
375 2581 683 2646 ἀκολούθως
714 2581 991 2653 εἰρηκέναι
1030 2579 1197 2635 δοκεῖ.
1232 2580 1271 2633 Γ
1275 2580 1483 2650 έννημα
1517 2581 1625 2651 γὰρ
1651 2579 1712 2632 τὸ
1747 2596 1882 2651 προ-

308 2693 328 2725 t
373 2673 524 2728 ελθὸν
571 2673 664 2728 τοῦ
706 2673 1008 2745 προεμένου
1047 2672 1254 2741 γίνεται
1300 2671 1533 2744 Πατρὸς,
1570 2671 1798 2743 θάτερον
1837 2672 1882 2724 δ’

309 2782 328 2816 ι
374 2764 473 2816 οὑκ
506 2762 586 2816 ἔτι
616 2762 784 2832 ὑγιῶς
815 2763 921 2816 οὐδ’
951 2763 1190 2828 εὐσεϐῶς
1232 2764 1393 2819 αὑτὸν
1428 2762 1881 2836 παραλέλειπται.

309 2873 327 2906 ι
372 2856 445 2909 Τὸ
473 2856 584 2928 γὰρ
614 2858 688 2930 μὴ
718 2859 888 2927 Λόγον
915 2853 1054 2911 εἶναι
1081 2857 1251 2928 φῆσαι
1281 2857 1372 2911 τὸν
1401 2855 1461 2921 ἐξ
1491 2855 1657 2910 αὑτοῦ
1690 2857 1884 2928 προελ-

309 2965 328 2998 ‹
371 2946 534 3002 θόντα
566 2951 679 3018 (καὶ
730 2949 919 3003 τοῦτον
946 2945 1085 3004 εἶναι
1116 2951 1208 3002 τὸν
1241 2949 1341 3020 τῆς
1369 2950 1673 3020 γεννήσεως
1707 2947 1884 3019 ἁληθῆ

309 3059 326 3090 ι
376 3039 634 3110 τρόπον),
686 3039 798 3093 ἀλλ’
843 3039 1060 3111 ἀληθῶς
1094 3041 1220 3094 Υἱὸν
1272 3040 1431 3110 μόνον
1478 3040 1715 3111 ἔμφασιν
1763 3057 1884 3094 τινα

308 3145 327 3176 t
373 3129 482 3189 τοῖς
502 3127 788 3181 ἀκούουσιν
810 3127 1155 3201 ἀνθρωπίνης
1167 3127 1342 3199 ὅψεως
1359 3130 1620 3201 παρέχειν
1636 3128 1845 3184 εἴωθεν.
1861 3152 1880 3182 ι

306 3212 415 3270 Εἴθ’
462 3218 543 3272 ὅτι
593 3218 728 3290 μηδὲ
777 3221 1099 3290 γεγέννηται
1155 3223 1220 3274 ὲκ
1255 3220 1349 3274 τού
1391 3222 1606 3293 Harpe;
1647 3225 1675 3281 ό
1716 3221 1885 3291 Λόγος

1984 664 2040 709 et
2061 654 2273 710 Patrem
2309 655 2466 722 vidit,
2493 655 2622 712 dum
2666 655 2926 712 deitatem
2955 658 3280 729 ingenitam,
3315 660 3482 717 veluti
3513 661 3569 716 in

1981 749 2221 820 imagine
2249 757 2416 820 atque
2441 750 2665 820 speculo
2695 751 2749 806 in
2771 749 2910 807 Filio
2937 753 3447 822 cbaracterisatam,
3480 755 3569 810 in-

1986 848 2185 894 tuetur.
2225 839 2327 894 Est
2353 841 2492 896 enim
2530 842 2780 912 splendor
2811 854 3023 900 (eterna
3067 845 3201 900 lucis
3231 862 3249 900 :
3293 856 3343 902 et
3385 861 3570 915 spectt-

1984 930 2094 984 lunt
2145 933 2543 993 mundissimum
2586 937 2906 1004 Operationt's
2969 946 3205 1006 paterna:
3239 953 3259 991 :
3297 948 3348 993 et
3387 939 3566 1009 ίιιιοςο

1987 1023 2234 1078 bonitatis
2265 1027 2435 1094 ipsius
2471 1025 2537 1081 “.
2569 1027 2695 1085 [iac
2725 1041 2904 1085 autem
2939 1031 3120 1086 omnia
3150 1046 3275 1087 cunt
3307 1032 3375 1088 de
3403 1032 3569 1089 Patro

1985 1115 2335 1185 suscepisset,
2366 1118 2435 1173 ab
2462 1118 2554 1174 illo
2591 1129 2646 1175 et
2678 1120 2907 1190 gloriam
2937 1123 3260 1192 divinitatis,
3303 1133 3568 1196 tanquam

1991 1207 2156 1265 Filius
2188 1210 2425 1268 dilectus
2464 1221 2519 1267 et
2553 1213 2860 1284 unigenitus
2907 1216 3140 1285 accepit,
3191 1216 3288 1272 sed
3340 1232 3446 1272 non
3493 1217 3569 1272 ita

1988 1299 2149 1356 i-‘ater
2181 1316 2211 1356 a
2255 1317 2530 1373 quoquam
2579 1305 2814 1374 accepit,
2864 1321 2990 1360 cum
3043 1307 3114 1361 sit
3171 1307 3286 1378 ipse
3326 1309 3569 1364 omnium

1987 1389 2315 1461 principium
2362 1401 2416 1447 et
2462 1392 2583 1448 fons
2613 1401 2666 1448 et
2692 1393 2846 1449 radix
2878 1395 3146 1451 bonorum
3170 1413 3186 1464 ;
3207 1395 3350 1454 unde
3372 1397 3570 1453 merito

1989 1495 2128 1536 unus
2155 1489 2208 1537 et
2237 1481 2389 1538 solus
2415 1484 2740 1554 [medicatur
2761 1485 2922 1542 Deus.

2558 1697 2616 1755 μΙι
2667 1690 2818 1747 CAP.
2863 1691 2997 1748 Vill.

2063 1783 2263 1852 Quibus
2298 1786 2462 1840 verbis
2496 1783 2784 1839 Marcellus
2819 1785 3092 1856 abnegauit
3129 1783 3336 1840 Filium
3378 1785 3495 1842 Dei.

1917 1924 1960 1980 Β
2061 1895 2186 1951 litec
2216 1913 2337 1952 cutn
2373 1897 2585 1967 ignoret
2613 1897 2922 1964 Marcellus,
2950 1913 3059 1953 non
3093 1897 3205 1951 vult
3256 1896 3455 1953 Filium
3501 1896 3568 1953 de

1987 1988 2147 2044 Patre
2176 2004 2364 2045 revera
2395 1999 2600 2055 natum,
2647 1989 2810 2044 veluti
2843 1989 3023 2044 vivum
3047 2000 3100 2043 et
3128 1990 3516 2045 subsistentem
3547 2007 3563 2046 :

1986 2091 2042 2135 at
2075 2082 2140 2138 de
2169 2081 2281 2136 Deo
2309 2096 2589 2151 egressum
2621 2079 2772 2136 illum
2818 2095 2923 2135 non
2953 2081 3111 2135 aliter
3137 2081 3235 2145 ait,
3269 2096 3430 2151 quam
3467 2096 3566 2134 eu—

1981 2174 2152 2244 jusvis
2179 2173 2498 2243 imperativa
2548 2183 2643 2227 aut
2686 2173 2980 2229 indicativa
3031 2189 3145 2228 vox-
3174 2173 3240 2229 de
3276 2175 3394 2244 ipso
3429 2173 3560 2229 erit.

1985 2266 2120 2320 Audi
2155 2279 2286 2321 vero
2320 2266 2496 2335 ipsum
2522 2264 2844 2321 clarissimis
2871 2265 3050 2320 verbis
3087 2266 3190 2320 hoc
3231 2265 3372 2321 idem
3419 2265 3567 2320 δαιτ-

1987 2367 2222 2413 mantem
2250 2357 2341 2428 [Β.
2366 2355 2560 2422 XXXI,
2593 2357 2746 2423 coll.,
2779 2373 2832 2426 p.
2864 2356 2934 2412 56
2985 2356 3072 2428 8.]
3126 2375 3144 2408 t
3176 2355 3404 2412 Videtur
3436 2373 3566 2426 ergo

1991 2471 2008 2502 ι
2057 2452 2204 2506 hisce
2243 2458 2640 2520 consequenter
2669 2449 2978 2515 dicendum,
3007 2459 3132 2505 ante
3159 2450 3357 2506 saecula
3388 2450 3566 2521 ipsum

1992 2562 2010 2594 ι
2057 2553 2396 2614 generatum.
2443 2543 2576 2598 Nam
2618 2544 2761 2614 quod
2811 2544 2877 2599 de
2930 2543 3097 2599 Patre
3153 2545 3568 2613 praeexsistente

1991 2654 2009 2687 ι
2060 2637 2357 2707 egreditur,
2413 2636 2660 2706 genimen
2710 2635 2826 2706 ejus
2854 2645 2957 2692 est.
2997 2636 3157 2692 Aliud
3196 2652 3330 2692 vero
3365 2649 3425 2693 ut
3469 2637 3565 2703 sit,

1992 2747 2010 2780 t
2057 2729 2163 2784 dici
2209 2744 2315 2784 non
2359 2738 2537 2798 potest
2577 2744 2700 2784 cum
2747 2745 2883 2784 sana
2930 2729 3132 2800 pietate
3185 2727 3560 2798 coniunctum.

1992 2838 2010 2871 ι
2058 2819 2192 2874 Nam
2216 2820 2298 2876 vel
2332 2819 2608 2876 aﬂirmare
2634 2835 2740 2877 non
2783 2836 2905 2876 esse
2933 2821 3081 2876 illum
3117 2819 3374 2887 Verbum,
3418 2821 3562 2891 quod

1991 2933 2008 2965 ι
2057 2928 2123 2968 ex
2149 2929 2215 2969 eo
2243 2916 2519 2985 egreditur
2553 2916 2631 2986 (et
2656 2915 2800 2972 hunc
2829 2915 3003 2986 ipsum
3038 2929 3158 2972 esse
3208 2931 3350 2972 verat
3396 2931 3564 2986 gene-

1993 3022 2012 3054 ι
2057 3004 2287 3059 rationis
2314 3003 2589 3072 modum),
2635 3005 2730 3059 sed
2764 3020 2892 3060 vere
2914 3004 3134 3068 Filium,
3166 3020 3268 3063 nec
3299 3015 3559 3076 prmterea

1993 3112 2014 3146 t
2060 3096 2351 3166 quidquam
2402 3095 2778 3168 :‘relationetn
2829 3097 3116 3166 quamdam
3172 3097 3400 3152 visionis
3457 3098 3564 3151 ltu-

1994 3207 2011 3239 t
2061 3204 2233 3243 mana:
2259 3188 2472 3244 videtur
2498 3189 2840 3244 audientibus
2857 3190 3171 3246 exhibere.»
3192 3190 3395 3246 Deinde
3422 3192 3565 3259 quod

305 3277 724 3380 ﬁiptﬂ&;'a§5£
776 3277 923 3380 λέγει
973 3277 1106 3384 πρὸς
1154 3312 1329 3380 λέξιν(
1373 3331 1391 3366 ι
1442 3277 1710 3367 Ὁποένυν
1744 3277 1884 3385 ιερδξ

1991 3295 2163 3349 neque
2211 3277 2443 3334 Verbum
2496 3280 2561 3334 de
2591 3278 2755 3334 Patre
2803 3293 2904 3335 suo
2947 3292 3237 3349 generetur
3297 3281 3565 3346 insinuat,

304 3400 599 3465 απόστολος
628 3402 722 3455 καὶ
753 3403 1002 3476 μαθητὴς
1030 3401 1124 3456 τοῦ
1158 3405 1366 3476 Κυρίου
1404 3405 1686 3476 Ἰωάννης,
1722 3406 1888 3462 ὰῖδιό-

303 3508 461 3562 τητος
489 3492 652 3546 αὑτοῦ
671 3493 1044 3565 μνημονεύων,
1073 3495 1278 3566 ἀληθὴς
1301 3497 1550 3565 ἐγίγνετο
1579 3496 1671 3551 τοῦ
1714 3498 1887 3567 Λόγου

308 3585 546 3656 μάρτυς·
616 3586 711 3639 Ἐν
754 3584 913 3656 ἀρχῇ
939 3582 1019 3657 ἦν
1047 3588 1074 3640 ὁ
1106 3589 1312 3657 Λόγος,
1348 3589 1453 3643 καὶ
1495 3592 1528 3644 ὁ
1577 3593 1770 3660 Λόγος
1815 3587 1889 3661 ἦν

302 3678 450 3747 πρὸς
477 3679 582 3733 τὸν
625 3679 790 3744 Θεὸν,
825 3680 920 3734 καὶ
953 3680 1093 3747 Θεὸς
1118 3679 1196 3752 ἦν
1228 3686 1262 3737 ὁ
1304 3683 1535 3753 Λόγος·
1593 3683 1743 3737 οὐδὲν
1793 3701 1888 3752 γε-

301 3771 495 3836 νέσεως
539 3772 769 3826 ἐνταῦθα
800 3774 1150 3845 μνημονεύων
1192 3775 1286 3829 τοῦ
1331 3776 1537 3846 Λόγου.
1573 3795 1591 3827 ι
1635 3775 1792 3828 Οὑτω
1822 3775 1890 3849 δὴ

301 3863 390 3920 τὸν
432 3864 556 3920 Υἱὸν
592 3865 685 3920 τοῦ
721 3865 855 3920 Θεοῦ
886 3867 1215 3938 ἀρνούμενος
1242 3870 1335 3923 τὸν
1366 3869 1428 3922 ὲν
1461 3868 1539 3940 τῷ
1567 3869 1686 3939 Θεῷ
1710 3869 1884 3937 Λόγον

303 3958 429 4010 ποτε
475 3959 570 4028 μὲν
608 3958 753 4012 ἔνδον
790 3955 930 4012 εἶναι
974 3960 1031 4011 ὲν
1075 3958 1154 4030 τῷ
1203 3959 1326 4030 Θεῷ
1374 3960 1599 4030 ἔφασκε,
1655 3961 1784 4014 ποτὲ
1827 3960 1886 4013 δὲ

301 4049 545 4121 προϊέναι
578 4050 670 4103 τοῦ
704 4049 838 4104 Θεοῦ
858 4067 872 4081 ο
914 4052 1009 4104 καὶ
1038 4051 1228 4105 ἄλλοτε
1263 4053 1426 4106 πάλιν
1460 4051 1885 4123 ἀναδραμεῖσθαι

300 4145 379 4206 εἰς
407 4144 496 4196 τὸν
535 4143 687 4208 Θεὸν,
719 4145 814 4198 καὶ
847 4142 1064 4197 ἔσεσθαι
1098 4144 1156 4195 ὲν
1184 4145 1357 4216 αύτῷ,
1390 4145 1464 4210 ὡς
1497 4147 1591 4198 καὶ
1621 4144 1887 4216 πρότερον

299 4229 387 4303 ἧν.
437 4235 770 4289 Ἑπάκουσον
818 4235 862 4287 δ’
901 4235 1052 4298 ὅπως
1103 4233 1278 4288 ταῦτα
1329 4235 1473 4304 λέγει
1521 4235 1730 4299 τούτοις
1775 4239 1888 4298 τοῖς

305 4327 544 4397 ῥήμασι·
590 4346 608 4378 t
659 4327 795 4383 Νυνὶ
835 4327 890 4380 δὲ
922 4327 1165 4380 πιστεύω
1216 4329 1338 4392 ταῖς
1388 4327 1560 4402 θεέαις
1619 4329 1883 4400 Γραφαῖς,

308 4435 325 4468 ι
371 4418 451 4470 ὅτι
492 4411 572 4482 εἷς
601 4420 628 4471 ό
657 4418 812 4482 Θεὸς,
842 4419 936 4471 καὶ
976 4421 1005 4471 ό
1053 4419 1243 4472 τούτου
1286 4419 1458 4489 Λόγος
1504 4418 1744 4490 προῆλθε
1787 4419 1886 4488 μὲν

310 4524 328 4557 ι
373 4507 464 4560 τοῦ
497 4508 726 4579 Πατρὺς,
753 4509 839 4562 ἵνα
865 4508 1043 4563 πάντα
1084 4507 1150 4561 δι’
1182 4509 1346 4567 αὑτοῦ
1384 4511 1627 4582 γένηται·
1665 4510 1802 4580 μετὰ
1830 4509 1886 4562 δὲ

1987 3373 2114 3426 duttt
2161 3372 2231 3426 ita
2268 3371 2524 3440 loquitur.
2553 3390 2570 3423 ι
2606 3369 2845 3427 Sanctus
2890 3372 3008 3427 ideo
3050 3373 3346 3443 apostolus,
3373 3385 3429 3429 et
3465 3376 3569 3428 Do.

1995 3485 2012 3516 ι
2055 3465 2184 3520 mitti
2215 3463 2516 3533 discipulus
2567 3463 2843 3530 Joannes,
2898 3481 3023 3520 uutn
3079 3467 3403 3522 aeternitatis
3450 3467 3567 3536 ejus

1996 3576 2013 3608 t
2064 3557 2393 3611 mentionem
2432 3555 2585 3622 facit,
2618 3558 2934 3613 verissimus
2960 3561 3125 3614 verbo
3154 3559 3308 3613 testis
3338 3559 3572 3614 adhibe-

1995 3669 2012 3701 t
2063 3659 2170 3715 tur,
2208 3647 2277 3702 In
2310 3651 2590 3719 principio,
2618 3650 2894 3719 inquiens,
2923 3662 3035 3705 erat
3071 3649 3318 3718 Verbum,
3350 3663 3396 3707 et
3445 3651 3572 3706 Ver-

1995 3763 2012 3795 t
2063 3744 2184 3797 bunt
2223 3742 2356 3797 illud
2411 3754 2524 3800 erat
2576 3748 2716 3814 apud
2770 3744 2960 3808 Deum,
3001 3755 3048 3799 et
3085 3744 3222 3800 Deus
3274 3759 3385 3801 erat
3441 3747 3570 3801 Ver-

1994 3856 2013 3889 ι
2060 3839 2182 3892 bunt
2230 3838 2297 3892 ⁸³.
2327 3837 2599 3903 Nusquam
2643 3838 3014 3906 generationis
3041 3837 3208 3894 Verbi
3249 3841 3411 3895 isthic
3453 3855 3570 3896 ηια-

1995 3951 2012 3984 ι
2061 3931 2232 3986 tttittit.
2266 3949 2284 3983 ι
2349 3929 2505 3985 Hunc
2532 3931 2598 3985 ad
2632 3933 2847 3987 modum
2882 3930 3078 3986 Filiqu
3132 3933 3224 3988 Dei
3265 3935 3564 4005 abnegans,

1991 4024 2224 4078 Verbum
2257 4038 2392 4077 vero
2425 4032 2671 4078 statuens
2705 4023 2758 4077 in
2797 4025 2903 4080 Deo
2938 4025 3231 4094 assistens,
3275 4026 3571 4094 aliquando

1991 4115 2118 4169 illud
2169 4116 2314 4170 intus
2365 4115 2564 4178 inDeo
2608 4115 2724 4169 vult
2770 4130 2914 4182 esse,
2970 4115 3241 4171 interdum
3274 4117 3351 4172 ait
3383 4133 3414 4172 e
3457 4117 3573 4176 Deo

1987 4208 2190 4277 egredi,
2230 4208 2498 4262 interdum
2535 4207 2602 4262 ad
2641 4207 2808 4264 Deum
2843 4223 3144 4273 recurrere,
3170 4209 3341 4279 ipsum
3369 4212 3570 4266 iterum

1987 4313 2041 4355 et
2073 4302 2125 4354 itt
2156 4300 2268 4355 Deo
2314 4301 2459 4356 velut
2496 4309 2652 4355 antea
2702 4300 2962 4356 residere.
3011 4302 3149 4358 Audi
3204 4317 3334 4359 vero
3368 4305 3569 4375 quibus

1988 4394 2167 4450 verbis
2235 4385 2644 4449 boc'allirtnet.
2708 4392 2818 4466 [IL
2876 4391 3009 4463 Vill,
3054 4396 3180 4451 coll.
3247 4412 3301 4467 p.
3353 4397 3416 4452 41
3477 4397 3559 4470 ΩΙ

1994 4506 2012 4540 ι
2060 4488 2232 4543 Credo
2259 4499 2437 4542 autem
2481 4503 2579 4557 ego
2624 4503 2768 4542 nunc
2807 4488 3110 4558 Scripturis
3146 4489 3370 4556 divinis,
3423 4494 3570 4560 quod

309 4615 328 4648 ι
373 4598 461 4650 τὸν
515 4564 705 4672 καιρὸν
739 4601 835 4671 τῆς
889 4601 1145 4672 κρίσεως,
1195 4602 1288 4654 καὶ
1468 4564 1577 4654 τῶν
1627 4564 1884 4655 ἁπάντων

1996 4600 2014 4634 ‹
2064 4596 2201 4635 unus
2242 4582 2312 4636 sit
2360 4580 2501 4635 Deus
2545 4581 2855 4634 dicentibus
2892 4619 2908 4646 ,
2951 4588 3007 4635 et
3052 4564 3198 4650 quod
3255 4581 3347 4636 Dei
3411 4583 3573 4648 hujus

2007 4691 2018 4695 -
2069 4673 2296 4695 ιτ,...ι.---..
2331 4671 2588 4695 ..ι----,..2ι
2631 4671 2692 4695 .1-
2722 4670 2884 4695 n__.--
2951 4678 3004 4695 ..ι
3046 4669 3221 4695 ληιηζ-
3268 4685 3368 4695 ..Α-
3418 4672 3567 4695 :II---_.

311 4711 327 4739 t
373 4689 674 4760 διόρθωσιν,
722 4693 814 4744 καὶ
857 4691 948 4745 τὸν
997 4693 1305 4763 ἀφανισμὸν
1352 4694 1450 4765 τῆς
1500 4694 1884 4764 ἀντικειμένης

310 4798 329 4829 t
377 4779 594 4852 ἁπάσης
641 4783 947 4853 ἐνεργείας,
996 4781 1113 4836 τότε
1156 4784 1317 4846 αὐτὸς
1365 4786 1767 4854 ὑποταγήσεται
1807 4783 1884 4854 τῷ

311 4889 330 4922 ι
378 4873 703 4938 ὑποτάξαντι
737 4874 884 4945 αύτῷ
927 4875 996 4930 τὰ
1041 4877 1217 4929 πάντα
1265 4875 1384 4947 Θεῷ
1430 4876 1524 4930 καὶ
1570 4878 1774 4947 Πατρί·
1819 4877 1884 4929 ἶν’

313 4982 329 5012 ι
373 4961 542 5027 οὑτως
628 4967 684 5017 ἐν
713 4963 790 5034 τῷ
819 4964 936 5036 Θεῷ
973 4969 1001 5018 ὁ
1037 4967 1230 5034 Λόγος,
1271 4967 1461 5039 ὥσπερ
1493 4969 1588 5020 καὶ
1616 4968 1882 5040 πρότερον

311 5074 329 5107 ι
375 5051 444 5126 ἦν
479 5056 586 5127 πρὸ
633 5056 724 5109 τοῦ
753 5057 844 5109 τὸν
883 5059 1084 5129 κόσμον
1119 5058 1290 5112 εῖναι·
1339 5061 1554 5124 οὐδενὸς
1583 5062 1692 5131 γὰρ
1733 5061 1884 5124 ὄντος

311 5168 329 5199 ι
378 5149 640 5220 πρότερον
679 5145 745 5219 ἦν
784 5147 876 5202 τοῦ
919 5149 1053 5202 Θεοῦ
1089 5152 1273 5222 μόνου,
1308 5151 1524 5206 πάντων
1559 5153 1615 5206 δὲ
1661 5152 1747 5205 διὰ
1789 5151 1883 5204 τού

311 5260 329 5290 ι
377 5241 550 5309 Λόγου
602 5242 846 5316 γίνεσθαι
903 5241 1224 5312 μελλόντων,
1299 5243 1570 5315 προῆλθεν
1638 5247 1665 5298 ὁ
1711 5247 1884 5312 Λόγος

311 5354 329 5383 ι
374 5334 633 5405 δραστικῇ
661 5332 931 5406 ἐνεργείᾳ,
963 5334 1133 5401 Λόγος
1174 5335 1268 5388 τοῦ
1307 5337 1519 5407 lla-cpe;
1557 5335 1654 5394 ὢν,
1709 5356 1728 5386 ›
1776 5337 1886 5389 Kc).

312 5423 466 5477 πάλιν
498 5424 596 5496 τὴν
645 5424 816 5496 αὐτὴν
855 5423 1093 5478 διάνοιαν
1136 5424 1454 5497 λευκότερον
1494 5425 1730 5497 τίθησιν,
1782 5418 1884 5478 ιῖἡε

382 5543 441 5601 >14
475 5536 571 5591 Ecl.
596 5537 797 5604 Paris.,
827 5554 943 5607 pag.
979 5536 1103 5592 ΗΞ.

377 5629 424 5661 ⁸⁸
445 5629 571 5698 Sap.
601 5645 720 5697 vttt,
742 5630 831 5684 9.6.
907 5629 953 5662 ⁸⁸
978 5629 1133 5688 Joau.
1174 5647 1212 5698 ι,
1243 5631 1288 5686 l.

377 5743 456 5810 (5)
482 5739 653 5812 Vulgo
679 5745 772 5797 καί¹
810 5761 860 5797 τ.
897 5745 964 5799 ll.

381 5813 461 5880 (ὃ)
498 5812 664 5880 Vulgo
689 5815 719 5865 ὁ
755 5813 822 5868 Μ.
852 5824 906 5870 et
938 5830 1060 5870 mox
1092 5818 1208 5879 ταῖς
1240 5817 1319 5871 δέ.

374 5882 451 5955 (7i
491 5884 846 5952 Ἁκελούθως
887 5884 1209 5955 εἰρηκέναι.
1242 5889 1338 5945 Cui
1376 5887 1594 5946 landcnt
1620 5889 1721 5946 hoc
1753 5889 1880 5943 ἀκύ-

1999 4691 2018 4724 ι
2069 4673 2299 4728 Verbum
2331 4671 2595 4741 processit
2628 4671 2694 4725 de
2722 4670 2905 4737 Patre,
2951 4678 3009 4724 ut
3043 4669 3225 4726 omnia
3267 4685 3369 4741 per
3418 4672 3571 4726 illum

1999 4786 2018 4819 ι
2067 4768 2273 4822 iietenl.
2311 4767 2380 4820 At
2413 4775 2532 4836 post
2571 4765 2761 4837 judicii
2818 4774 3032 4835 tempus
3077 4766 3462 4830 consummati,
3515 4775 3573 4821 et

1997 4881 2014 4913 ι
2065 4861 2440 4915 universorum
2502 4858 2998 4924 restaurationem,
3077 4870 3132 4915 et
3197 4859 3571 4913 amolitionetn

1998 4973 2015 5006 t
2065 4953 2396 5023 operationis
2431 4951 2832 5021 cujuscunque:
2883 4951 2951 5004 ad
2987 4953 3296 5021 oppositum
3349 4959 3476 5006 tunc
3517 4959 3574 5005 et

1999 5066 2016 5098 ι
2064 5048 2178 5116 ipse
2225 5045 2540 5114 subjicietur
2572 5045 2705 5109 Deo,
2742 5043 2834 5114 qui
2892 5043 3126 5113 subjecit
3158 5043 3256 5113 ipsi
3294 5043 3574 5109 universa,

1998 5159 2015 5192 t
2059 5149 2113 5193 ιιι
2139 5139 2391 5208 deinceps
2422 5137 2636 5193 futurus
2672 5139 2741 5194 sit
2787 5136 2968 5192 denuo
3000 5137 3055 5191 itt
3090 5135 3200 5191 Deo
3238 5135 3401 5191 Patre
3438 5136 3574 5192 Ver-

1999 5251 2016 5283 ι
2063 5234 2208 5297 bum,
2239 5229 2696 5301 quemadmodum
2734 5229 2932 5296 fuerat,
2986 5230 3300 5297 priusquam
3340 5229 3575 5282 mundus

1996 5345 2016 5378 ι
2063 5328 2409 5380 conderetur.
2443 5321 2578 5378 Nam
2614 5338 2736 5377 cunt
2788 5332 2987 5393 praeter
3021 5322 3189 5376 Deum
3237 5320 3371 5374 nihil
3416 5323 3575 5391 plane

1996 5439 2014 5472 ι
2058 5426 2322 5486 exstaret,
2369 5425 2425 5471 et
2475 5429 2572 5486 per
2611 5413 2850 5471 Verbum
2919 5425 3077 5471 erant
3119 5415 3303 5471 omnia
3362 5415 3571 5485 produ-

1995 5744 2221 5800 λουοονι
2254 5745 2501 5799 humana
2531 5743 2909 5815 generationi‘!
2964 5751 3111 5799 certe
3146 5742 3300 5798 deest
3347 5741 3576 5813 aliquid.

1994 5819 2124 5883 Qua:
2151 5825 2476 5943 δὲιιιιιὶίιιυτ,
2510 5817 2762 5872 videntur
2805 5822 3057 5885 corrupta
3089 5831 3232 5883 esse,
3278 5825 3379 5870 nec
3426 5832 3454 5870 ιι
3493 5833 3580 5871 tne

1992 5904 2159 5944 sanan
2201 5904 2253 5942 υ.
2351 5925 2365 5941 .
