4106 6396
662 361 767 416 915

1326 366 1596 423 EUbEBIl
1628 364 2095 422 CESARIENSIS
2132 365 2281 421 ()PP.
2323 366 2499 423 PARS
2537 367 2623 421 lV.
2664 399 2735 409 —
2772 365 3192 423 DOGMATICA.

3808 368 3904 427 916

671 503 689 534 s
736 489 932 550 cemla,
959 485 1216 554 processit
1244 498 1366 539 cum
1409 484 1674 541 ell'ectuali
1712 485 1948 540 ellicacia
1986 487 2215 541 Verbum

2328 486 2542 558 γράφων
2563 505 2574 516 -
2619 506 2636 537 ε
2677 487 2789 557 Πρὸ
2828 486 2935 556 γὰρ
2960 484 3053 537 τοῦ
3082 487 3173 539 τὸν
3202 484 3407 556 κόσμον
3444 480 3608 543 εἶναι.
3640 480 3713 557 ἦν
3739 486 3769 538 ό
3798 486 3895 540 Λό-

673 597 691 628 ι
739 579 879 647 quod
916 577 1085 631 Patris
1108 587 1247 631 eral.
1280 597 1298 629 ι
1334 579 1503 645 Quam
1546 580 1789 635 eamdem
1829 579 2045 632 demum
2091 594 2218 633 sen-

672 669 890 722 tentiam
946 670 1249 737 expressius
1329 672 1399 723 ita
1441 670 1651 739 posuit:
1691 668 1783 742 [ἢ.
1828 667 1959 734 LIV,
1991 670 2115 726 coll.
2151 670 2213 723 st

668 759 864 827 D,163
899 760 964 823 A,
1009 761 1108 813 164
1145 760 1229 831 8.]
1269 779 1287 811 ι
1328 760 1463 816 Cum
1504 764 1733 817 nondum
1799 771 1943 814 esset
1988 762 2219 814 mundus

671 870 690 902 ε
737 851 845 915 hic,
882 850 1114 906 Verbum
1149 865 1265 907 erat
1295 856 1347 909 in
1379 854 1541 909 Patre
1567 870 1663 909 suo
1694 874 1706 908 :
1747 860 1804 919 ixi
1844 864 1899 908 at
1944 869 2067 907 cum
2110 853 2221 905 Deo

670 962 687 992 ί
734 944 1089 1011 complacaret
1132 946 1481 1015 omnipotenti
1524 962 1707 1002 creare
1748 947 1927 1002 omnia
1970 962 2097 1016 qua:
2164 946 2219 999 in

671 1052 690 1083 ι
737 1034 888 1088 caelis
914 1044 1149 1089 erantet
1188 1036 1239 1090 in
1268 1048 1429 1101 terra,
1472 1037 1537 1089 ad
1568 1037 1749 1091 mundi
1803 1037 2219 1107 productionem

670 1145 687 1174 ι
738 1127 1111 1193 requirebatur
1154 1129 1396 1196 operatio
1441 1126 1707 1183 effectiva.
1767 1128 1834 1183 Et
1874 1144 1996 1183 cum
2026 1142 2223 1197 prater

671 1238 689 1267 ε
742 1218 907 1272 Deum
955 1219 1129 1273 solum
1181 1235 1283 1273 non
1337 1229 1576 1274 exstaret
1630 1221 1767 1277 alius
1814 1220 1959 1293 (nam
2006 1222 2075 1276 ab
2108 1224 2222 1291 ipso

670 1329 688 1358 ι
738 1310 908 1367 fuisse
940 1312 1153 1367 condita
1186 1311 1436 1366 universa
1469 1313 1523 1367 in
1559 1313 1809 1368 confesso
1841 1315 2077 1383 ponitur)
2109 1327 2220 1371 tum

672 1421 691 1451 ε
735 1405 1033 1471 procedens
1054 1400 1286 1457 Verbum
1322 1402 1471 1467 illud,
1502 1404 1641 1472 quod
1679 1406 1828 1474 prius
1876 1404 2221 1461 intellectuali

671 1513 694 1546 ε
744 1495 900 1550 modo
926 1495 1067 1549 intus
1108 1494 1319 1561 agebat,
1374 1498 1706 1562 comparavit
1734 1512 1793 1552 se
1824 1507 1883 1551 ut
1914 1497 2097 1553 mundi
2129 1498 2225 1554 lie-

676 1605 695 1635 ε
745 1596 826 1641 ret
861 1587 1124 1648 conditor,
1158 1604 1177 1637 ι
1206 1585 1474 1641 subinfert
1498 1596 1677 1641 autem
1719 1598 1837 1657 post
1876 1588 1993 1643 haec
2042 1587 2225 1643 omnia

669 1676 909 1729 demum.
950 1691 970 1725 ε
1003 1672 1155 1731 Hanc
1188 1674 1257 1728 ob
1299 1690 1538 1741 causam,
1597 1691 1702 1730 non
1750 1679 1983 1748 appellat
2026 1693 2085 1733 se
2129 1679 2221 1733 Dei

674 1785 694 1818 ε
738 1766 956 1829 Filium,
988 1767 1079 1821 sed
1109 1769 1306 1836 ubique
1346 1782 1403 1823 se
1434 1778 1589 1823 vocat
1631 1770 1798 1823 illium
1856 1771 2132 1825 hominis:
2164 1781 2222 1825 ut

674 1878 693 1909 ι
738 1872 833 1927 per
861 1858 998 1912 lianc
1022 1874 1172 1913 suam
1202 1859 1589 1915 confessionem
1630 1876 1750 1913 eum
1778 1864 1867 1931 qui
1895 1871 2011 1915 erat
2034 1862 2217 1930 homo,

674 1970 692 1996 ι
740 1965 834 2019 per
874 1950 1304 2004 communionem
1356 1964 1476 2004 cum
1510 1949 1688 2005 Verbo
1728 1951 1916 2007 Filium
1959 1952 2051 2007 Dei
2100 1968 2219 2009 esse

672 2062 692 2093 ε
739 2043 1092 2112 disponeret:
1125 2053 1177 2099 et
1204 2054 1577 2099 consummato
1603 2042 1704 2099 hoc
1749 2060 1849 2100 suo
1891 2060 2078 2115 opere,
2116 2048 2214 2102 ite-

673 2155 692 2187 s
743 2150 860 2191 rum
900 2136 1036 2204 ipse,
1074 2134 1220 2189 velut
1259 2134 1494 2191 Verbum
1524 2135 1841 2190 aduniretur
1870 2136 1983 2193 Deo
2010 2154 2026 2201 ;
2050 2136 2131 2193 sic
2163 2148 2222 2192 ut

671 2246 690 2277 ι
738 2226 1051 2295 adimpleret
1087 2227 1213 2281 illud
1252 2227 1393 2295 quod
1420 2226 1709 2295 Apostolus
1739 2228 1973 2289 dicebat.
2001 2227 2149 2283 Tunc
2172 2240 2221 2285 et

670 2337 690 2371 ι
736 2320 845 2386 ipse
890 2319 1195 2387 subjiciatur
1232 2330 1299 2383 et,
1336 2320 1426 2389 qui
1457 2321 1557 2387 ipsi
1597 2321 1776 2374 omnia
1830 2322 2049 2391 subjecit
2089 2322 2218 2387 Deo,

670 2428 691 2460 s
734 2420 787 2462 ut
817 2410 885 2463 sit
920 2409 1055 2463 Deus
1087 2412 1263 2463 omnia
1290 2410 1344 2461 in
1365 2411 1603 2463 omnibus
1626 2409 1692 2463 ⁸⁸.
1725 2407 1877 2464 Tunc
1904 2420 2085 2465 autem
2107 2427 2223 2467 om-

671 2521 690 2551 ε
734 2502 822 2555 nia
853 2503 1002 2564 ﬁent,
1033 2516 1153 2572 quae
1180 2502 1331 2571 prius
1356 2500 1592 2556 fuerant.
1619 2520 1639 2554 ι
1672 2500 1795 2557 Hac
1818 2516 1937 2556 cum
1959 2503 2025 2558 de
2048 2500 2222 2559 Verbo

667 2592 951 2649 Harcellus
980 2595 1247 2648 edisserat
1267 2632 1284 2659 ,
1316 2592 1408 2648 illo
1437 2594 1690 2648 nimirum
1723 2602 1942 2663 propter
1970 2594 2112 2661 quod
2143 2594 2223 2648 lo—

666 2686 812 2752 gicos
850 2684 989 2740 Dens
1028 2685 1245 2752 dicitur,
1285 2685 1338 2739 in
1378 2686 1643 2741 maximas
1690 2686 1883 2740 incidit
1918 2688 2221 2756 angustias,

2326 600 2343 629 ε
2391 597 2484 647 γος
2518 580 2575 631 ἑν
2608 579 2685 649 τῷ
2715 581 2918 653 Πατρί·
2948 581 3036 633 ὅτε
3074 579 3129 633 δὲ
3162 579 3240 650 (8)
3269 581 3299 633 6
3332 577 3739 649 παντοκράτωρ
3771 577 3895 643 Θεὸς

2326 688 2344 721 ι
2391 671 2565 724 πάντα
2597 671 2666 725 τὰ
2705 688 2765 724 τε
2813 674 2871 726 ἐν
2918 672 3163 742 οὐρανοῖς
3212 670 3308 724 καὶ
3352 670 3445 723 ἐπὶ
3493 672 3600 741 γῆς
3636 669 3892 740 προέθετο

2326 779 2345 811 s
2390 760 2633 829 ποιῆσαι,
2681 762 2962 832 ἐνεργείας
3006 763 3037 832 ἡ
3086 759 3179 813 τοῦ
3218 760 3421 831 κόσμου
3463 760 3680 829 γένεσις
3726 759 3892 812 ἐδεῖτο

2327 870 2347 904 ι
2393 852 2717 924 δραστικῆς,
2762 856 2855 907 καὶ
2899 854 2985 907 διὰ
3016 852 3205 915 τοῦτο,
3243 852 3471 922 μηδενὸς
3509 853 3666 915 ὄντος
3705 850 3887 923 ἑτέρου

2329 963 2347 995 ι
2392 943 2529 1015 πλὴν
2559 944 2694 998 Θεοῦ
2745 945 2762 1017 (
2786 946 2962 999 πάντα
2991 945 3098 1015 γὰρ
3124 943 3459 1015 ὁμολογεῖται
3488 944 3580 997 ὑπ’
3605 942 3773 997 αὐτοῦ
3796 959 3887 1012 γε-

2328 1055 2347 1086 (
2391 1035 2742 1107 γεννῆσθαι),
2782 1038 2900 1091 τότε
2933 1039 2963 1090 6
2994 1033 3493 1107 Λόγος,προελθὼν
3539 1035 3754 1103 ἐγίνετο
3796 1035 3885 1089 τοῦ

2326 1146 2346 1178 s
2389 1128 2593 1198 κόσμου
2646 1130 2894 1199 ποιητὴς,
2944 1132 2973 1182 6
3024 1129 3119 1182 καὶ
3174 1128 3433 1200 πρότερον
3484 1128 3633 1181 ἔνδον
3684 1125 3887 1196 νοητῶς

2327 1239 2345 1271 ι
2394 1221 2694 1292 ἑτοιμὰζων
2724 1222 2904 1278 αὐτόν.
2942 1241 2961 1275 ι
2995 1222 3105 1275 Καὶ
3135 1217 3289 1285 αὖθις
3324 1220 3460 1291 μετὰ
3491 1220 3672 1274 πάντα
3703 1217 3889 1287 tingit-

2326 1327 2409 1381 ρει
2450 1311 2653 1380 λέγων’
2689 1330 2707 1362 ι
2755 1313 2865 1366 Καὶ
2900 1312 2987 1366 διὰ
3031 1312 3187 1366 τοῦτο
3214 1312 3310 1382 οὐχ
3337 1311 3468 1364 Υίὸν
3513 1309 3649 1364 Θεοῦ
3698 1309 3887 1363 ἑαυτὸν

2327 1423 2347 1455 r
2390 1404 2661 1475 ὀνομάζει,
2706 1403 2841 1458 ἀλλὰ
2880 1404 3155 1482 πανταχοῦ
3206 1404 3330 1459 Υίδν
3365 1402 3651 1475 ἀνθρώπου
3700 1401 3890 1456 ἑαυτὸν

2328 1515 2348 1549 r
2392 1496 2540 1565 λέγει
2564 1514 2577 1527 ·
2613 1497 2700 1550 ῐνα
2737 1496 2827 1550 διὰ
2857 1496 2959 1567 τῆς
2988 1496 3245 1568 τοιαύτης
3291 1494 3581 1567 ὁμολογίας
3612 1493 3762 1548 θέσει
3800 1491 3888 1547 τὸν

2330 1606 2348 1641 ι
2390 1589 2673 1660 ἄνθρωπον
2727 1590 2816 1645 διὰ
2864 1591 2965 1661 τῆς
3016 1589 3154 1662 πρὸς
3205 1588 3364 1643 αὑτὸν
3422 1588 3713 1651 κοινωνίας
3763 1586 3890 1640 Υίὸν

2330 1701 2350 1734 ι
2394 1680 2529 1735 Θεοῦ
2561 1681 2815 1751 γενέσθαι
2847 1682 3243 1755 παρασκευάσῃ
3264 1699 3277 1712 ’
3328 1681 3421 1735 κα)⁵
3459 1680 3598 1750 μετὰ
3651 1678 3716 1733 τό
3742 1678 3891 1743 τέλος

2330 1795 2349 1827 ι
2392 1776 2492 1846 τῆς
2528 1774 2779 1846 πράξεως
2822 1770 3005 1839 αὖθις,
3040 1775 3116 1839 ὡς
3167 1774 3368 1843 Λόγος,
3414 1772 3587 1844 mag
3628 1771 3709 1843 τῷ
3749 1771 3897 1843 Θεῷ,

2252 1829 2291 1883 Β
2325 1884 2343 1915 σ
2638 1829 2815 1917 έκεῖνο
2852 1864 2914 1917 τὸ
3070 1829 3163 1918 τοῦ
3218 1829 3535 1917 ’Λποστόλου

2324 1976 2343 2008 r
2397 1958 2533 2011 Τότε
2560 1954 2743 2023 αὐτὸς
2766 1956 3207 2027 ὑποταγήσεται
3242 1956 3323 2022 τῷ
3344 1954 3709 2019 ὑποτάξαντι
3734 1952 3895 2019 αὑτῷ

2325 2069 2343 2101 ε
2386 2049 2457 2103 τὰ
2482 2048 2699 2114 πάντα,
2724 2050 2825 2103 ἵνα
2844 2044 2888 2121 ᾖ
2913 2050 2986 2104 τὰ
3013 2051 3210 2104 πάντα
3236 2048 3424 2103 καὶέν
3446 2044 3639 2103 πᾶσιν
3661 2050 3696 2102 d
3728 2047 3890 2115 Θεός.

2326 2158 2346 2191 r
2395 2140 2587 2193 Ἔσται
2626 2140 2735 2211 γὰρ
2764 2138 3061 2210 τηνικαῦτα
3096 2137 3244 2193 τοῦθ’
3275 2139 3412 2202 ὅπερ
3453 2137 3717 2209 πρότερον
3743 2132 3837 2209 ἧν.
3869 2155 3889 2189 a

2323 2229 2569 2283 Τοσαῦτα
2613 2229 2931 2300 Μάρκελλος
2976 2229 3104 2302 περὶ
3140 2227 3231 2283 τοῦ
3265 2228 3442 2297 Λόγου
3474 2227 3680 2293 είπὼν,
3709 2228 3807 2282 τοῦ
3840 2227 3896 2281 ἑν

2324 2320 2403 2392 τῷ
2440 2320 2580 2392 Θεῷ,
2624 2321 2745 2374 καθ’
2775 2320 2805 2373 ὂ
2834 2319 3062 2392 νοοῦμεν
3110 2320 3272 2375 αὑτὸν
3305 2318 3521 2386 λογικὸν
3552 2314 3725 2383 εῐναι,
3753 2317 3901 2389 δεινῇ

2326 2412 2601 2484 δυσχωρίᾳ
2620 2412 3024 2485 περιπέπτωκε,
3051 2410 3327 2483 τολμήσας
3350 2412 3505 2475 turb;
3527 2409 3621 2465 τοῦ
3643 2408 3783 2463 Θεοῦ
3815 2426 3903 2477 γε-

2326 2504 2539 2571 γονέναι
2587 2504 2717 2557 ποτὲ
2773 2504 2937 2574 φάναι
2968 2504 3060 2557 τὸν
3100 2506 3158 2558 ὲν
3199 2502 3349 2575 αὐτῷ
3369 2504 3566 2573 Λόγον,
3600 2502 3697 2557 καὶ
3739 2502 3901 2556 πάλιν

2328 2595 2475 2659 me;
2508 2595 2671 2649 αὑτοῦ
2702 2596 2838 2667 μετὰ
2865 2595 2953 2649 τὸν
2986 2596 3175 2669 καιρὸν
3206 2598 3307 2668 τῆς
3344 2597 3594 2668 κρίσεως·
3633 2595 3703 2649 ἶν’
3732 2594 3902 2657 οὕτως

2327 2684 2361 2762 ᾗ
2396 2692 2454 2742 ἐν
2482 2688 2560 2759 τῷ
2584 2688 2703 2762 Θεῷ
2733 2690 2952 2755 ἑνωθεὶς
2985 2686 3154 2762 αὐτῷ,
3180 2690 3370 2762 ὥσπερ
3397 2691 3492 2745 καὶ
3516 2690 3783 2763 πρότερον
3813 2684 3900 2759 ἦν.

664 2791 826 2830 ιιιιευς
859 2775 1129 2829 afﬁrmare
1160 2785 1316 2830 extra
1344 2775 1511 2829 Deum
1552 2775 1882 2845 processisse
1920 2776 2213 2846 aliquando
2250 2782 2343 2846 qui
2394 2780 2447 2834 in
2484 2782 2593 2836 Deo
2631 2791 2749 2835 erat
2784 2782 2945 2850 logon
2984 2801 2996 2836 :
3030 2791 3088 2837 et
3146 2796 3337 2837 rursus
3394 2791 3519 2853 post
3546 2782 3738 2851 iudicii
3766 2791 3902 2836 tem-

665 2885 764 2939 pus
824 2869 988 2924 Deum
1020 2870 1193 2924 denuo
1265 2870 1680 2940 ingressurum:
1716 2877 1776 2924 ut
1845 2870 1917 2923 ita
1951 2869 2168 2924 demunt
2212 2872 2469 2929 adunitus
2508 2874 2618 2931 Deo
2657 2874 2939 2941 subsistat,
2988 2876 3449 2945 quemadmodum
3488 2884 3547 2930 et
3581 2873 3738 2944 prius
3765 2873 3900 2929 sub-

662 2965 897 3020 stiterat.

1298 3057 1452 3112 CAP.
1488 3055 1577 3113 IX.

771 3149 1044 3219 Refutatio
1081 3164 1337 3218 peracute
1370 3150 1531 3218 hujus
1570 3149 1797 3204 hominis
1829 3150 2119 3204 sententia.

736 3244 888 3300 Nunc
949 3246 1164 3301 demum
1226 3246 1293 3299 ad
1352 3244 1810 3315 interregationes
1882 3246 2224 3315 respondeat.

665 3336 807 3404 Quid
846 3337 912 3391 de
948 3344 1191 3405 tempore
1216 3337 1539 3391 intermedio
1563 3336 1765 3391 sentire
1795 3336 2075 3401 debemus,
2104 3353 2225 3391 cum

665 3440 823 3486 extra
859 3430 1024 3484 Deum
1060 3440 1205 3484 esset
1244 3429 1436 3499 logos?
1478 3428 1758 3496 Quomodo
1792 3428 2175 3499 egrediebatur
2206 3430 2230 3485 ‘.’

664 3522 767 3590 Qui
801 3531 969 3577 status
996 3521 1090 3577 Dei
1128 3521 1303 3576 fuerat
1341 3521 1548 3576 interea
1574 3520 1701 3575 dum
1743 3521 1901 3590 logon
1929 3522 1982 3575 in
2013 3537 2075 3577 se
2122 3523 2226 3578 sibi

663 3616 940 3687 proprium
971 3628 1078 3668 non
1107 3613 1374 3670 haberet?
1417 3614 1462 3668 si
1495 3612 1639 3668 enim
1683 3620 1803 3681 post
1856 3613 2040 3667 mundi
2092 3627 2227 3669 con-

664 3709 1081 3766 summationem
1108 3708 1163 3763 in
1204 3708 1315 3763 Deo
1341 3708 1447 3761 erit
1485 3708 1655 3778 logos.
1697 3707 1773 3761 uti
1822 3707 1973 3776 prius
2027 3706 2226 3777 fuerat,

665 3801 937 3870 quomodo
973 3800 1079 3855 erit
1112 3797 1291 3870 Logos
1326 3814 1357 3853 e
1387 3799 1495 3853 Deo
1518 3799 1821 3867 egressus?
1863 3800 1908 3853 si
1946 3802 2090 3854 enim
2130 3816 2229 3870 per

665 3907 727 3947 se
769 3892 1074 3947 subsistens
1120 3907 1150 3945 a
1210 3890 1319 3946 Deo
1376 3903 1498 3947 erat
1533 3893 1692 3957 alius,
1729 3902 1840 3946 tum
1890 3891 2229 3949 frustraneus

666 3993 755 4037 est
801 3984 977 4038 omnis
1022 3981 1259 4039 Marcelli
1310 3981 1485 4039 labor.
1535 3984 1691 4050 Quod
1741 3984 1788 4038 si
1844 3994 1999 4039 extra
2060 3985 2228 4040 Deum

664 4090 919 4145 egressus
956 4076 1127 4145 logos,
1171 4087 1231 4131 ut
1252 4086 1495 4133 nostrum
1550 4076 1879 4147 prolatitium
1927 4078 2066 4133 solet
2103 4093 2229 4134 ver-

666 4169 818 4230 bum,
871 4175 1023 4222 extra
1084 4166 1252 4222 Deum
1312 4170 1688 4238 permanebat,
1734 4170 2079 4239 inseparalus
2116 4180 2227 4223 tum

666 4267 817 4313 certe
862 4272 1099 4328 semper,
1143 4267 1199 4313 et
1244 4258 1391 4314 omni
1435 4268 1680 4329 tempore
1737 4261 1900 4315 etiam
1954 4271 2066 4316 tum
2107 4276 2227 4317 cum

666 4360 1003 4422 operaretur,
1037 4362 1158 4407 erat
1200 4352 1345 4407 intus
1382 4351 1435 4405 in
1479 4353 1604 4406 Deo.
1642 4358 1699 4416 >14
1726 4354 1877 4419 Quod
1919 4352 1961 4409 si
2001 4355 2106 4419 sic,
2138 4363 2227 4409 ιδ·-

667 4452 789 4491 men
822 4437 1078 4501 undetfit,
1120 4449 1177 4493 ut
1207 4440 1258 4493 in
1297 4440 1437 4494 diem
1465 4437 1655 4506 iudicii
1687 4443 2235 4511 comperendinetur?

666 4531 744 4584 ait
775 4530 918 4584 enim
952 4540 1075 4585 tunc
1108 4532 1216 4585 Deo
1266 4532 1413 4587 illum
1470 4534 1918 4600 readuniendum,
1949 4543 2005 4589 et
2045 4551 2232 4606 perpe-

671 4634 762 4677 tuo
792 4621 1057 4687 futurum,
1089 4625 1227 4680 sicut
1256 4626 1386 4679 olim
1421 4628 1570 4695 prius
1609 4626 1711 4682 fuit
1738 4646 1751 4683 :
1806 4630 1904 4684 sed
1953 4643 2052 4684 nec
2081 4628 2233 4697 logos

667 4716 759 4784 qui
797 4716 863 4770 de
916 4716 1024 4771 Deo
1076 4719 1359 4785 processit,
1400 4721 1575 4790 qualis
1613 4731 1731 4775 erat
1780 4723 1948 4791 prius,
1998 4724 2233 4778 exStabit

670 4811 814 4874 talis,
843 4812 936 4866 sed
971 4822 1025 4867 et
1061 4813 1201 4868 Deus
1234 4816 1317 4869 sui
1354 4817 1523 4885 ipsius
1549 4818 1831 4874 dissimilis
1864 4819 2079 4877 futurus
2104 4832 2226 4876 est:

667 4913 857 4973 utpote
887 4903 977 4971 qui
1005 4904 1134 4959 olim
1182 4905 1343 4975 logon
1399 4922 1561 4963 suum
1608 4911 1659 4964 in
1707 4926 1766 4966 se
1802 4913 2055 4978 habebat,
2082 4924 2136 4968 et
2177 4915 2229 4967 in

671 4994 776 5049 line
810 4997 990 5049 mundi
1031 4999 1280 5053 eumdem
1309 5012 1701 5070 resumpturus,
1742 5014 1796 5059 et
1817 5006 2031 5059 futurus
2055 5008 2233 5075 qualis

668 5086 795 5139 olim
825 5091 974 5153 prius
1001 5088 1216 5143 fuerat:
1246 5091 1455 5147 interea
1498 5097 1757 5164 temporis
1792 5098 2131 5152 dissimiliter
2174 5113 2231 5152 se

552 5186 557 5190 '
673 5177 976 5232 habiturus.
1026 5179 1130 5234 Sed
1159 5190 1215 5234 et
1249 5180 1399 5253 logos
1428 5184 1493 5238 ad
1526 5187 1773 5241 eumdem
1822 5189 2037 5242 modum
2076 5199 2228 5243 extra

674 5268 838 5323 Deum
870 5272 1100 5340 positus,
1135 5288 1239 5328 non
1276 5274 1487 5331 futurus
1512 5289 1596 5332 est
1637 5280 1706 5341 is,
1747 5280 1836 5347 qui
1874 5282 2025 5350 prius
2058 5282 2235 5334 fuerat

668 5373 791 5416 ante
840 5365 1022 5419 mundi
1077 5370 1617 5423 consummationem.
1676 5370 1898 5441 Ecquid,
1959 5374 2109 5429 hisce
2158 5371 2233 5426 ita

743 5483 800 5539 »Β
830 5477 929 5533 Ed-
953 5478 1152 5543 Paris.,
1181 5498 1333 5554 pagg.
1367 5485 1488 5552 “5,
1521 5487 1640 5544 lu.

738 5568 783 5601 ⁸⁸
811 5568 829 5621 Ι
857 5568 980 5625 Cor.
1012 5596 1107 5637 xv,
1132 5573 1223 5628 28.

743 5663 820 5730 (8)
850 5662 1019 5742 Vulgo
1039 5666 1118 5742 τῷ
1152 5669 1568 5742 παντοκράτορα
1592 5667 1713 5742 Θεῷ
1736 5678 1790 5722 et
1816 5668 1915 5740 τὴν
1956 5688 2051 5742 πρ.
2072 5670 2231 5724 αὑτὸν

672 5733 1039 5854 κοινωνὲανει
1067 5733 1187 5795 loco
1213 5733 1463 5809 πράξεως
1493 5733 1557 5793 ll.
1591 5733 1821 5810 κρίσεως
1852 5733 1903 5796 et
1924 5733 2044 5797 det'u
2077 5742 2234 5810 vulgo

672 5818 841 5854 οπως
888 5821 947 5854 .ν.

672 5818 841 5865 ουτως
863 5818 947 5874 ην.

2988 3059 3147 3113 ΚΕΦ.
3188 3058 3273 3113 Θ¹.

2496 3152 2785 3219 Ἔλεγχος
2817 3146 2929 3218 τῆς
2953 3149 3061 3204 τοῦ
3084 3149 3312 3217 ἀνδρὸς
3346 3146 3731 3215 κακοδοξίας.

2401 3243 2540 3314 Ὅρα
2574 3242 2751 3296 τοίνυν
2800 3240 3075 3313 ἐρωτῶσιν
3102 3241 3233 3311 ἡμῖν
3274 3239 3436 3292 αὐτὸν
3481 3240 3899 3311 ἀποκρίνασθαι.

2328 3335 2393 3387 Τί
2422 3331 2513 3388 οὖν
2542 3335 2598 3389 ὲν
2616 3332 2694 3404 τῷ
2724 3333 2923 3405 μεταξὺ
2954 3332 3150 3407 χρόνῳ,
3174 3333 3263 3385 ὅτε
3290 3334 3444 3397 ἐκτὸς
3467 3326 3536 3403 ἧν
3564 3332 3594 3385 ό
3615 3332 3789 3401 Λόγος
3810 3329 3907 3385 τοῦ

2329 3426 2488 3492 Θεοῦ,
2520 3430 2787 3499 προσήκει
2809 3429 2982 3492 νοεῖν;
3012 3424 3137 3488 Πῶς
3168 3424 3225 3478 δὲ
3274 3423 3578 3496 προῆλθενς
3632 3424 3719 3476 Ἔν
3743 3423 3906 3495 ὁποία

2326 3519 2382 3572 δὲ
2407 3514 2475 3591 ἦν
2507 3519 2614 3589 ἄρα
2643 3518 2973 3572 καταστάσει
3003 3519 3032 3571 6
3060 3516 3215 3581 Θεὸς,
3242 3518 3317 3587 μὴ
3350 3516 3489 3587 ἔχων
3510 3515 3570 3569 εν
3600 3515 3785 3587 ἑαυτῷ
3811 3514 3904 3570 τὸν

2330 3615 2529 3666 οίκείον
2560 3611 2841 3679 Λόγονςεί
2869 3609 2977 3681 γὰρ
3006 3610 3098 3664 ἐπὶ
3134 3608 3211 3681 (9)
3258 3609 3538 3681 συντελείᾳ
3566 3608 3661 3663 τοῦ
3705 3607 3906 3673 παντὸς

2329 3706 2480 3759 ἔσται
2516 3707 2545 3759 ό
2586 3705 2755 3773 Λόγος
2778 3706 2837 3757 εν
2868 3700 2945 3774 τῷ
2990 3703 3129 3775 Θεῷ,
3163 3703 3352 3776 ὥσπερ
3400 3704 3495 3757 καὶ
3545 3703 3811 3775 πρότερον
3838 3698 3905 3773 ἦν

2329 3800 2437 3871 πρὸ
2469 3798 2562 3853 τοῦ
2586 3814 2781 3869 καιρου
2812 3798 2909 3869 τῆς
2932 3798 3261 3863 συντελείας,
3294 3796 3409 3861 πῶς
3435 3796 3589 3851 ἔσται
3616 3798 3645 3851 ό
3670 3796 3845 3865 Λόγος
3874 3796 3901 3849 ό

2331 3890 2605 3962 προελθὼν
2619 3890 2713 3944 τοῦ
2736 3888 2870 3943 Θεοῦ
2891 3907 2907 3956 ;
2931 3890 2993 3943 Εί
3016 3889 3253 3963 μὲνγὰρ,
3286 3888 3406 3942 καθ’
3431 3889 3620 3943 ἑαυτὸν
3638 3886 3903 3960 ὑφεστὼς,

2329 3986 2517 4054 ἕτερος
2542 3985 2788 4053 ἐγίγνετο
2816 3982 2910 4036 τοῦ
2934 3981 3094 4047 Θεοῦ,
3120 3983 3349 4053 μάταιος
3374 3984 3401 4035 6
3430 3981 3752 4053 Μαρκέλλου
3805 3982 3903 4034 πό-

2330 4092 2421 4139 νος
2443 4092 2456 4105 ·
2488 4076 2538 4127 εί
2562 4074 2641 4137 δὲ,
2673 4073 2764 4127 καὶ
2798 4070 3075 4143 προελθὼν
3092 4070 3185 4126 τοῦ
3213 4070 3371 4135 Θεοῦ,
3413 4071 3553 4126 κατά
3583 4072 3675 4125 τὸν
3701 4074 3759 4126 εν
3775 4075 3903 4144 ἡμῖν

2332 4166 2665 4240 προφορικδν
2694 4166 2870 4234 λόγον,
2888 4164 3044 4236 ἔμενε
3071 4163 3167 4217 τοῦ
3196 4164 3410 4237 Πατρδς
3434 4162 3759 4236 ἀχώριστος,
3775 4167 3900 4220 οὐκ·

2336 4261 2431 4315 οῦν
2472 4262 2559 4315 ἀεὶ
2593 4260 2688 4315 καὶ
2715 4258 2804 4313 διὰ
2838 4259 3035 4323 παντὸς
3053 4253 3121 4330 ἦν
3146 4260 3205 4311 ὲν
3237 4257 3316 4329 τῷ
3347 4256 3488 4329 Θεῷ.
3514 4259 3609 4313 καὶ
3638 4259 3729 4311 ὅτε
3754 4258 3904 4331 ἑνήρ-

2334 4372 2441 4425 γει.
2468 4353 2593 4417 Πῶς
2614 4348 2707 4407 οὖν
2731 4356 2811 4417 εἰς
2838 4352 2928 4406 τὸν
2954 4351 3053 4421 τῆς
3086 4352 3319 4423 κρίσεως
3349 4350 3661 4421 ἀναπέμπει
3693 4349 3901 4421 καιρὸν,

2335 4445 2457 4500 τότε
2486 4445 2661 4515 λέγων
2691 4446 2855 4499 αὐτὸν
2896 4444 3263 4515 ἑνωθήσεσθαι
3288 4444 3367 4513 τῷ
3405 4442 3543 4514 Θεῷ,
3566 4442 3661 4496 καὶ
3686 4440 3903 4497 ἔσεσθαι

2337 4539 2527 4611 ὥσπερ
2551 4539 2645 4594 καὶ
2678 4539 2940 4611 πρότερον
2975 4532 3079 4608 ἧν;
3109 4536 3171 4589 Εί
3193 4537 3303 4607 γὰρ
3329 4536 3450 4590 τότε
3478 4535 3631 4588 ἔσται
3665 4534 3905 4607 (10)ὦσ-

2340 4649 2446 4703 περ
2474 4632 2567 4685 καὶ
2598 4632 2860 4704 πρότερον
2889 4626 2977 4702 ἦν,
3012 4629 3135 4684 οὔτε
3171 4632 3200 4683 6
3222 4629 3414 4698 Λόγος,
3443 4630 3469 4681 6
3510 4626 3789 4699 προελθὼν
3812 4626 3903 4682 τοῦ

2334 4725 2491 4789 Θεοῦ,
2520 4727 2702 4787 ὁποῖος
2731 4720 2799 4795 ἦν
2826 4724 3108 4796 πρότερον,
3137 4721 3387 4795 ὑπάρξει.
3424 4720 3583 4775 Ἀλλὰ
3609 4722 3705 4775 καὶ
3750 4722 3906 4786 αὐτὸς

2329 4818 2358 4869 6
2391 4816 2521 4879 Θεὸς
2564 4814 2718 4868 ἔσται
2768 4811 2944 4881 ἑαυτῷ
2997 4811 3268 4881 ἀνόμοιος,
3302 4808 3468 4864 πάλαι
3514 4809 3613 4881 μὲν
3657 4808 3797 4880 ἔχων
3850 4810 3905 4863 ἑν

2332 4907 2510 4977 ἐαυτῷ
2529 4906 2618 4961 τὸν
2645 4905 2843 4973 Λόγον,
2876 4903 2971 4956 καὶ
2998 4902 3089 4955 ἐπὶ
3115 4900 3394 4974 συντελείᾳ
3417 4900 3511 4955 τοῦ
3540 4900 3740 4964 παντὸς
3776 4900 3907 4955 ἀπο-

2334 4998 2638 5069 ληψόμενος
2703 4996 2886 5060 αὑτὸν,
2924 4994 3017 5048 καὶ
3073 4994 3356 5064 γινόμενος
3396 4993 3539 5048 τότε.
3582 4992 3694 5063 (Η)
3722 4992 3907 5064 ὥσπερ

2335 5092 2719 5163 καὶπρότερον
2761 5085 2858 5160 ἦν·
2896 5090 2952 5140 ὲν
2986 5087 3044 5141 δὲ
3075 5086 3152 5157 τῷ
3188 5086 3391 5157 μεταξὺ
3428 5084 3603 5157 χρόνῳ
3644 5083 3908 5155 ἀνομοίως

2338 5186 2604 5256 κείμενος.
2632 5184 2744 5238 Καὶ
2782 5184 2811 5236 6
2842 5182 3012 5249 Λόγος
3051 5181 3109 5234 δὲ
3140 5179 3421 5243 ὡσαύτως,
3449 5178 3608 5241 ἐκτὸς
3639 5177 3733 5231 τοῦ
3775 5174 3909 5231 Θεοῦ

2338 5277 2646 5347 γενόμενος,
2679 5274 2780 5327 οὐκ
2799 5274 2947 5326 ἔσται
2975 5270 3080 5342 πρὸ
3109 5272 3208 5341 τῆς
3238 5270 3544 5333 συντελείας
3567 5268 3661 5322 τοῦ
3689 5268 3907 5332 παντὸς,

2340 5363 2449 5431 οἷος
2475 5363 2543 5438 ἦν
2572 5364 2856 5436 πρότερον.
2901 5361 3010 5415 Kal
3043 5361 3128 5425 τίς
3158 5360 3223 5415 ἂν
3256 5359 3460 5414 τούτων
3490 5358 3908 5431 δυσσεϐέστερος

2415 5669 2490 5738 (9)
2517 5669 2687 5737 Vulgo
2707 5671 2790 5739 tu”
2807 5684 2954 5721 συντ.
2974 5677 3030 5723 et
3060 5682 3184 5724 mox
3210 5666 3303 5721 καὶ
3336 5664 3397 5719 τδ
3432 5663 3719 5736 πρότερον.

2412 5742 2523 5807 (10)
2560 5740 2725 5807 Vulgo
2752 5738 2920 5793 ὥστε.

2414 5816 2521 5881 (ll)
2564 5809 2666 5879 Mp.
2693 5810 2762 5862 ἴσ,
2793 5810 2981 5879 ὅσπερ.
