4106 6434
306 409 406 466 917

1226 406 1314 461 DE
1354 401 1778 462 ευοιεειλδτ
1783 402 1892 458 1οᾹ
1933 401 2330 459 'l'llEOLOGlA
2369 399 2496 455 LIB.
2539 398 2603 454 11.

3475 393 3578 450 913

309 523 500 593 γένοιτ’
533 522 598 577 ἂν
639 521 830 590 λόγος
865 520 1040 582 ’Όλως
1089 517 1197 590 γὰρ
1230 518 1292 571 τὸ
1321 513 1415 588 ἦν,
1464 517 1556 569 καὶ
1616 519 1676 568 τὸ
1722 516 1884 567 ἔσται.

2004 516 2212 584 positis,
2260 517 2433 583 magis
2465 515 2686 580 impium
2716 509 2912 580 poterit
2945 511 3110 563 esse?
3141 507 3375 563 Omnino
3409 509 3578 573 enim,

308 615 483 669 καὶτὸ
522 616 824 684 γεγονέναι,
871 612 1002 666 ποτὲ
1036 613 1130 665 καὶ
1163 612 1349 674 πάλιν,
1376 610 1612 682 μέλλειν,
1645 608 1885 673 ἔσεσθαι,

307 706 406 777 τῆς
439 707 496 760 ὲν
546 704 723 776 χρόνῳ
756 702 1061 774 μεταϐολῆς
1110 703 1240 756 ὄντα
1280 701 1575 773 δηλωτικὰ,
1633 698 1888 770 ἀλλότρια

308 796 374 851 ἂν
393 799 476 869 εἴη
509 798 610 868 τῆς
633 797 865 868 ἀχρόνου
914 797 1007 850 καὶ
1041 795 1280 865 ἀνάρχου
1328 794 1423 848 καὶ
1470 794 1766 862 ἀγεννήτου
1796 793 1889 845 καὶ

307 887 662 943 ἀναλλοιιὶπου
692 889 900 953 οὐσίας.
930 888 1043 956 Ἐφ’
1065 884 1154 959 ἧς,
1173 886 1235 940 τὸ
1249 883 1388 940 εἶναι
1412 887 1570 956 μόνον
1595 885 1888 956 ἐπιπρέπει

310 983 446 1034 νοεῖν
465 999 479 1010 ·
514 982 608 1036 καὶ
635 975 773 1034 εἶναι
804 980 1237 1052 ἀπαραλλάκτως
1277 980 1364 1033 ἀεὶ
1392 979 1504 1048 (12)
1523 978 1666 1033 κατὰ
1694 979 1762 1032 τὰ
1792 981 1889 1032 αὑ-

307 1073 400 1140 τὰ,
437 1073 530 1127 καὶ
551 1073 810 1136 ὡσαύτως
831 1072 1078 1146 ἔχουσαν,
1113 1072 1190 1144 μὴ
1221 1072 1569 1144 μειουμένην,
1585 1072 1660 1143 μὴ
1679 1069 1890 1123 συστελ-

309 1164 563 1237 λομένην,
601 1164 675 1237 μὴ
729 1166 1135 1236 ἐκτεινομένην,
1182 1165 1259 1236 μὴ
1301 1164 1730 1235 ἐξαπλουμένην,
1763 1162 1886 1234 μηδ’

312 1255 465 1320 ἐκτός
486 1272 539 1309 τι
561 1256 653 1312 καὶ
677 1257 829 1321 ἐντὸς
855 1259 1055 1328 ἑαυτῆς
1085 1255 1332 1326 ἔχουσαν,
1353 1257 1476 1327 μηδ’
1489 1254 1675 1310 ἄλλοτε
1720 1253 1887 1327 ἄλλην

307 1345 658 1421 γιγνομένης,
711 1351 834 1422 μηδ’
866 1352 1051 1422 ἕτερον
1087 1350 1185 1420 μὲν
1228 1345 1395 1403 οὖσαν
1429 1349 1717 1421 πρότερον,
1768 1347 1886 1403 εἶτα

306 1439 437 1495 ἄλλο
462 1459 520 1496 τι
551 1442 904 1514 γιγνομένην,
934 1444 1030 1496 καὶ
1067 1442 1230 1495 πάλιν
1269 1443 1350 1504 εἰς
1397 1441 1458 1495 τὸ
1495 1444 1721 1512 ἀρχαῖον
1754 1443 1889 1495 ἀπο-

2001 620 2146 674 erat,
2188 609 2317 672 erit,
2350 608 2593 661 lnturum
2625 613 2728 669 est,
2766 604 3076 672 aliquando,
3108 603 3328 668 iterum,
3363 602 3576 655 contin-

1992 717 2145 771 gens,
2202 710 2258 756 et
2306 715 2428 770 quae
2475 710 2602 754 sunt
2635 697 2956 753 mutationis
3006 695 3204 749 indicia
3241 695 3294 749 in
3337 703 3578 762 temporc

1994 794 2178 861 factm,
2219 797 2398 850 aliena
2446 802 2576 848 sunt
2620 807 2850 865 prorsus
2895 807 2923 843 a
2977 789 3282 845 substantia
3329 787 3420 842 illa
3459 803 3579 858 qua:

1990 901 2075 942 est
2137 888 2254 942 sine
2317 898 2585 958 tempore,
2645 882 2938 954 principio,
2986 880 3360 950 generatione,
3402 890 3578 934 muta-

1996 983 2157 1034 tione.
2197 980 2272 1034 De
2304 995 2411 1049 qua
2449 978 2626 1032 solum
2657 976 2792 1032 Esse
2824 974 3171 1042 cogitandum
3198 982 3282 1026 est
3317 983 3410 1036 ;et
3444 971 3578 1024 Esse

1993 1074 2216 1141 quidem
2282 1071 2718 1127 itnmutabiliter.
2760 1067 2935 1136 Quam
2985 1066 3235 1121 eamdem
3285 1074 3340 1120 et
3383 1064 3579 1118 eodem

1991 1167 2149 1223 modo
2186 1181 2246 1222 se
2302 1167 2593 1222 habentem
2643 1165 2906 1223 debemus
2942 1163 3273 1232 cogitatione
3324 1172 3572 1228 compre-

1991 1259 2272 1317 hendere:
2330 1274 2437 1314 non
2479 1258 2844 1325 imminutam,
2891 1273 2998 1314 non
3054 1262 3409 1315 coarctatam,
3466 1264 3572 1303 non

1989 1350 2294 1415 dilatatam,
2333 1341 2440 1405 non
2483 1363 2804 1421 expansam,
2845 1350 2979 1405 nihil
3011 1358 3168 1403 extra
3215 1361 3274 1400 se
3308 1343 3392 1398 vel
3433 1345 3573 1397 intra

1988 1457 2048 1496 se
2083 1443 2491 1508 continentem;
2535 1455 2640 1496 non
2668 1442 2810 1496 hanc
2836 1441 3018 1505 modo,
3047 1437 3208 1492 modo
3251 1435 3398 1488 illam
3417 1447 3574 1487 com-

309 1530 738 1606 καθισταμένην.
770 1537 840 1588 Ἀ
859 1533 923 1606 δὴ
951 1533 1270 1605 Μάρκελλος
1295 1533 1496 1604 ἐτόλμα
1537 1532 1884 1588 ὑποτίθεσθαι

1992 1540 2312 1604 parantem:
2349 1542 2601 1587 neutram
2629 1540 3020 1601 permanenter
3049 1547 3062 1582 :
3097 1528 3189 1583 sed
3235 1525 3506 1580 diversam
3545 1540 3573 1572 a

311 1623 477 1679 πάλαι
503 1627 603 1697 μὲν
634 1624 810 1695 λέγων
858 1620 996 1679 εἶναι
1032 1625 1122 1678 τὸν
1157 1623 1313 1690 Θεὸν,
1354 1624 1447 1678 καί
1493 1641 1616 1679 τινα
1655 1625 1884 1697 ἡσυχίαν

1992 1640 2050 1679 se
2078 1624 2248 1694 priori
2277 1646 2289 1679 :
2325 1634 2379 1680 et
2420 1639 2612 1678 rursus
2644 1624 2695 1677 in
2729 1634 2934 1676 statum
2977 1620 3130 1676 illum
3157 1618 3393 1687 priorem
3420 1628 3575 1669 revu-

307 1714 425 1786 ἆμα
452 1715 530 1788 τῷ
560 1715 681 1789 Θεῷ
725 1717 1062 1790 ὑπογράφων
1109 1715 1288 1786 ἐαυτῷ
1319 1718 1440 1770 κατ’
1482 1717 1644 1772 αὑτὸν
1680 1720 1884 1772 ἐκεῖνον

1992 1717 2181 1771 lotam.
2212 1716 2341 1773 llaec
2387 1731 2698 1788 supponere
2725 1724 2912 1771 tamen
2953 1729 3116 1768 ausus
3155 1720 3237 1766 est
3266 1706 3575 1772 Marcellus,

304 1809 396 1864 τὸν
415 1813 523 1866 τῶν
552 1811 729 1867 ἀθέων
766 1811 1106 1883 αἱρεσιωτῶν
1150 1813 1413 1884 ἀρχηγὸν,
1441 1811 1500 1875 ὃς
1531 1812 1600 1864 τὰ
1632 1811 1766 1866 ἄθεα
1796 1811 1884 1865 δο-

1992 1811 2191 1880 quippe
2221 1810 2312 1880 qui
2343 1810 2475 1864 olim
2527 1808 2604 1863 ait
2652 1806 2824 1861 Deum
2873 1805 3196 1861 exstitisse:
3247 1810 3306 1858 et
3335 1802 3576 1872 quietem

305 1899 583 1970 γματίζων
627 1901 961 1972 ἀπεφαίνετο
1001 1900 1208 1971 λέγων’
1242 1897 1366 1954 Ἦν·
1391 1901 1525 1965 Θεὸς
1571 1902 1666 1956 καὶ
1714 1901 1882 1973 Σιγὴο

1992 1902 2283 1972 quamdam
2314 1901 2483 1957 altam
2520 1901 2664 1972 apud
2692 1899 2862 1954 Deum
2896 1899 3263 1968 imaginatur:
3299 1897 3363 1951 ad
3397 1894 3578 1951 imita-

306 1989 446 2060 μετὰ
466 1989 522 2045 δέ
543 1989 644 2064 τὴν
668 1990 834 2063 Σιγὴν
855 1993 948 2046 καὶ
967 1990 1066 2062 τὴν
1083 1991 1340 2063 Ἦσυχίαν
1369 1992 1652 2066 προελθεῖν
1681 1995 1775 2049 τὸν
1787 1996 1884 2050 Λό-

1993 1996 2195 2050 tionem
2230 1993 2380 2049 illius
2429 1991 2812 2049 hacresiarcbze
2847 1989 2998 2061 impii
3042 2004 3165 2045 sese
3203 1987 3576 2048 conformans,

303 2097 400 2150 γον
426 2081 522 2136 τοῦ
564 2082 701 2138 Θεοῦ
748 2086 808 2138 ἐν
856 2083 999 2156 ἀρχῇ
1054 2085 1153 2156 τῆς
1207 2084 1565 2156 κοσμοποιίας
1618 2085 1882 2158 δραστικῇ

1992 2087 2080 2158 qui
2106 2087 2415 2158 blasphema
2456 2085 2762 2142 istiusmodi
2810 2083 3243 2155 dogmatizavit:
3283 2089 3405 2136 erat
3437 2079 3580 2134 Deos

302 2174 552 2248 ἐνεργείᾳ
570 2192 584 2208 ο
619 2176 697 2241 ὡς
729 2175 918 2248 μηκέτ’
941 2171 1079 2231 εἶναι
1107 2176 1270 2232 αὐτὸν
1301 2174 1412 2244 οἷος
1433 2173 1502 2251 ἦν
1526 2181 1586 2233 ἐν
1610 2181 1884 2235 σιωπῶντι

1992 2191 2044 2237 et
2083 2180 2230 2251 δίκε.
2264 2179 2398 2235 Post
2445 2179 2611 2250 Sigea
2665 2189 2724 2232 et
2761 2177 3070 2250 llesychian
3118 2176 3460 2247 processisse
3503 2175 3580 2228 ait

299 2262 385 2336 τῷ
415 2264 536 2338 Θεῷ
567 2268 834 2341 πρότερον
864 2269 1175 2342 ἡσυχάζων,
1204 2270 1318 2324 ἀλλ’
1337 2272 1583 2345 ἐνεργεῖν
1617 2275 1884 2347 προερχό-

1992 2273 2195 2345 Logon,
2229 2275 2282 2328 in
2312 2273 2582 2343 principio
2611 2271 2944 2327 conditionis
2983 2271 3190 2337 mundi,
3223 2285 3346 2324 cum
3381 2284 3577 2340 opera-

305 2370 467 2424 μενον
498 2356 595 2411 τοῦ
637 2358 798 2416 Θεοῦ.
835 2359 948 2415 Καὶ
987 2361 1106 2426 πῶς
1129 2361 1238 2434 ἄρα
1277 2363 1506 2434 προῄει;
1533 2363 1758 2430 Πάντως
1784 2383 1884 2419 που

1992 2366 2138 2422 tione
2163 2364 2408 2421 eﬂicaci:
2451 2365 2523 2420 ita
2548 2374 2607 2419 ut
2633 2378 2740 2419 non
2772 2372 2938 2432 esset,
2973 2360 3149 2432 qualis
3181 2371 3303 2416 erat
3333 2361 3486 2432 prius
3527 2362 3580 2414 iu

301 2445 445 2501 κατὰ
471 2451 754 2521 προφορὰν
777 2453 961 2524 φωνῆς
985 2451 1249 2526 ἐνάρθρου
1271 2472 1284 2488 ο
1318 2454 1692 2527 φθεγγομένου
1724 2457 1884 2529 δηλα-

1992 2460 2098 2515 Deo
2136 2459 2550 2531 conquiescenti
2583 2458 2879 2526 quiescens
2926 2457 3063 2526 ipse,
3116 2456 3210 2510 sed
3254 2469 3578 2526 progressu.»

299 2533 368 2607 δὴ
401 2539 497 2593 καὶ
522 2538 814 2607 λαλοῦντος
833 2543 930 2598 τοῦ
963 2544 1099 2598 Θεοῦ
1125 2545 1328 2616 ὁμοίως
1361 2547 1689 2618 ἀνθρώποις.
1717 2549 1884 2604 Τοῦτο

1992 2553 2153 2607 eDeo
2178 2563 2516 2622 operaretur.
2569 2550 2633 2604 Et
2662 2565 2771 2620 quo
2826 2551 2993 2604 modo
3045 2547 3265 2602 tandem
3312 2549 3579 2618 processit

300 2629 436 2698 γοῦν
456 2634 549 2690 καὶ
581 2635 735 2707 αὐτῷ
774 2636 953 2692 ἐδόκει
979 2640 1245 2711 γράφοντι
1276 2638 1468 2695 τοῦτον
1512 2642 1605 2698 τὸν
1651 2643 1850 2715 τρόπον
1869 2661 1881 2674 ·

1992 2645 2152 2700 inde?
2175 2642 2408 2699 Omnino
2439 2659 2535 2713 per
2562 2643 2926 2714 prolationem
2959 2641 3246 2711 cujusdam
3277 2639 3581 2694 articulant-

305 2737 326 2771 ι
351 2721 564 2797 Ὠσπερ
586 2725 697 2798 γάρ
723 2727 792 2782 τὰ
821 2729 1086 2798 γεγονότα
1101 2729 1280 2786 πάντα
1303 2733 1410 2786 ὑπὸ
1435 2732 1532 2787 τοῦ
1555 2733 1769 2806 Πατρός
1799 2735 1884 2789 διὰ

1992 2738 2158 2803 Vocis,
2199 2745 2527 2808 personante
2567 2734 2828 2790 nimirum
2871 2744 2924 2789 et
2967 2733 3324 2804 proloqttente
3353 2733 3464 2788 Deo
3512 2733 3582 2787 ad

306 2830 329 2867 ι
352 2813 448 2868 τοῦ
483 2815 658 2885 Λόγου
689 2819 936 2888 γέγονεν,
966 2820 1110 2875 οὕτω
1136 2824 1230 2878 καὶ
1251 2825 1321 2878 τά
1348 2823 1616 2897 λεγόμενα
1648 2826 1754 2880 ὑπὸ
1791 2825 1884 2881 τοῦ

1992 2829 2209 2883 modum
2261 2830 2513 2884 humanae
2561 2826 2810 2897 loquelae.
2853 2826 2927 2880 ιω
2970 2825 3115 2880 enim
3145 2825 3218 2879 illi
3254 2823 3425 2879 visum
3463 2836 3573 2889 est,

307 2925 328 2958 ι
356 2905 569 2979 Πατρός
617 2908 707 2964 διὰ
757 2910 854 2965 τοῦ
880 2911 1055 2981 Λόγου
1097 2915 1463 2986 σημαίνεται.
1501 2936 1521 2971 s
1552 2919 1664 2972 Καὶ
1697 2914 1884 2984 αὖθις·

1992 2925 2114 2980 dtnn
2142 2922 2216 2977 ita
2245 2923 2512 2977 scriberet
2554 2941 2569 2977 :
2625 2919 2716 2993 [Β.
2762 2918 2848 2974 LV
2903 2920 3053 2987 coll.,
3119 2935 3174 2990 p.
3205 2918 3277 2974 55
3314 2919 3377 2984 υ,
3420 2918 3486 2973 79
3517 2917 3579 2981 Β,

307 3016 328 3052 ι
357 2997 544 3055 Πάντα
588 3001 700 3074 γὰρ
723 3003 826 3058 ὅσα
848 3002 914 3058 ἂν
938 3006 970 3060 ό
993 3005 1185 3080 Πατὴρ
1224 3006 1380 3081 λέγῃ,
1403 3007 1581 3064 ταῦτα
1612 3011 1884 3084 πανταχοῦ

1992 3012 2096 3069 125
2123 3011 2214 3086 BI.
2264 3031 2283 3065 ι
2326 3012 2793 3081 Quemadmodum
2820 3012 2964 3066 facta
2995 3012 3175 3064 tnnnia
3211 3026 3240 3065 a
3272 3010 3456 3076 Patre,
3485 3025 3581 3080 per

309 3107 331 3143 ι
359 3089 448 3146 διὰ
473 3090 571 3146 τοῦ
588 3093 764 3164 Λόγου
792 3093 970 3165 λέγων
998 3097 1271 3168 φαίνεται.
1293 3101 1466 3155 Τοῦτο
1493 3102 1552 3156 δὲ
1579 3102 1738 3175 δῆλόν
1769 3106 1884 3160 ἐστι

1994 3123 2014 3158 ι
2063 3101 2301 3159 Verbum
2359 3101 2504 3158 tacta
2547 3110 2714 3157 sunt:
2748 3102 2826 3156 ita
2862 3110 2918 3157 et
2947 3101 3093 3156 dicta
3138 3100 3374 3156 oumiaa
3418 3100 3580 3157 Patre

310 3197 332 3234 ε
369 3183 464 3236 καὶ
493 3183 588 3255 ἀφ’
614 3184 775 3257 ἡμῶν
799 3185 1000 3254 αὐτῶν,
1031 3189 1134 3245 ὃσα
1165 3191 1340 3264 μικρὰ
1369 3195 1485 3258 τοῖς
1513 3195 1771 3265 μεγάλοις
1792 3199 1884 3252 καὶ

1995 3213 2015 3248 t
2062 3210 2158 3264 per
2198 3193 2432 3249 Verbum
2466 3191 2874 3261 signiﬁcantur.
2914 3211 2934 3244 ι
2965 3193 3032 3246 Et
3058 3194 3295 3248 iterum:
3323 3191 3416 3266 [Ιὶ.
3446 3190 3579 3258 LVI,

1913 3238 1957 3295 C

307 3293 327 3326 s
365 3273 530 3342 θείοις
565 3277 886 3334 ἀπεικάσαι·
911 3281 1007 3335 καὶ
1031 3283 1197 3354 ἡμεῖς
1223 3283 1335 3356 γὰρ
1357 3285 1535 3340 πάντα
1561 3289 1662 3343 ὅσα
1691 3287 1759 3343 ἂν
1791 3289 1878 3345 θέ-

1992 3287 2111 3345 coll.
2140 3303 2195 3357 p.
2219 3287 2289 3341 40
2319 3287 2381 3352 Β,
2409 3285 2510 3343 118
2537 3283 2625 3356 B.’|
2676 3282 2911 3340 «Omnia
2942 3299 3282 3356 quaecnnque
3302 3283 3468 3340 Pater
3498 3285 3582 3339 di-

305 3385 326 3421 s
355 3369 536 3442 λωμεν
554 3371 700 3426 κατὰ
713 3373 776 3427 τὸ
793 3373 1019 3429 δυνατὸν
1037 3375 1218 3446 λέγειν
1239 3395 1300 3432 τε
1321 3380 1416 3434 καὶ
1437 3383 1629 3448 ποιεῖν,
1648 3379 1728 3453 τῷ
1745 3383 1778 3454 ἡ
1785 3398 1885 3454 με-

306 3478 328 3513 t
353 3460 498 3534 τιρῳ
522 3462 786 3535 ποιοῦμεν
811 3464 974 3538 λόγῳ.
989 3467 1157 3541 »Είδὴ
1185 3465 1279 3524 οὖν
1307 3470 1522 3535 οῦτωςό
1542 3473 1714 3543 Λόγος
1750 3492 1884 3547 προ-

296 3552 430 3624 ῆλθε
448 3555 544 3610 τοῦ
569 3556 784 3630 Πατρδς
811 3557 1071 3633 δραστικῇ
1096 3563 1368 3636 ἐνεργείᾳ,
1388 3565 1554 3620 πόθεν
1574 3567 1886 3641 Μαρκέλλῳ

298 3643 503 3715 ἐπῆλθε
527 3647 842 3720 περιορίσαι
869 3651 1061 3720 χρόνον
1085 3655 1151 3725 τῇ
1177 3652 1274 3708 τοῦ
1302 3655 1476 3725 Λόγου
1510 3658 1778 3732 ἐνεργείᾳ,
1791 3658 1883 3713 τὸν

296 3735 401 3807 τῆς
424 3738 738 3804 συντελείας
758 3739 882 3794 καθ’
913 3741 975 3796 δν
1010 3742 1232 3799 ἔσεσθαι
1267 3747 1466 3816 φάσκει
1499 3750 1589 3805 τὸν
1621 3751 1793 3821 Λόγον
1824 3753 1885 3806 ἐν

296 3827 379 3900 τῷ
409 3828 551 3902 Θεῷ,
578 3830 770 3906 ὥσπερ
797 3833 894 3888 καὶ
923 3836 1190 3910 πρότερον
1230 3835 1331 3912 ἧν;
1373 3842 1641 3915 Πρότερον
1664 3844 1721 3898 δὲ
1747 3847 1883 3918 ἡσυ-

297 3921 532 3992 χάζοντα
566 3923 730 3979 αὐτὸν
765 3925 935 3980 ἐδίδου
974 3930 1034 3982 ἐν
1064 3931 1340 3988 σιωπῶντι
1373 3933 1452 4007 τῷ
1483 3934 1621 4009 Θεῷ.
1671 3936 1883 3991 οὐκοῦν

297 4014 394 4068 καὶ
444 4016 586 4088 μετὰ
625 4017 728 4092 τὴν
761 4020 1072 4078 συντέλειαν
1121 4026 1322 4098 ἡσυχία
1366 4045 1453 4094 τις
1497 4029 1670 4095 ἔσται,
1716 4031 1883 4102 μηδὲν

299 4106 584 4177 μέλλοντος
614 4110 859 4182 ἐνεργεῖν
877 4113 972 4168 τοῦ
990 4116 1187 4186 Λόγου.
1223 4119 1385 4173 Ἀλλά
1406 4123 1512 4194 πρὸ
1530 4124 1630 4194 μὲν
1645 4124 1743 4196 τῆς
1774 4123 1884 4178 τῶν

293 4197 538 4270 γενητῶν
571 4200 886 4266 συστάσεως
917 4202 1070 4259 οὐδὲν
1107 4201 1199 4278 ἦν,
1237 4212 1389 4281 φησι,
1426 4212 1566 4284 πλὴν
1589 4212 1750 4268 Θεοῦ.
1774 4215 1884 4268 Καὶ

293 4288 418 4344 ἐπεὶ
443 4291 612 4364 μηδὲν
629 4288 720 4364 ἦν,
755 4293 981 4359 εἰκότως
1006 4297 1184 4369 ἐαυτῷ
1202 4299 1298 4373 τὴν
1313 4303 1545 4376 ἡσυχίαν
1578 4305 1843 4360 ὲτυποῦτο
1865 4324 1878 4336 ·

296 4382 438 4473 κατά
473 4383 530 4438 δὲ
574 4386 669 4440 τὸν
711 4386 812 4459 τῆς
847 4388 1162 4456 συντελείας
1207 4395 1398 4466 καιρὸν
1439 4397 1646 4471 Δανιὴλ
1679 4400 1710 4453 ό
1751 4417 1884 4473 προ-

295 4472 474 4546 φήτης
500 4475 608 4549 πρὸ
638 4477 735 4532 τοῦ
786 4476 979 4550 θρόνου
1020 4480 1117 4535 τοῦ
1159 4482 1294 4540 Θεοῦ
1335 4488 1612 4559 μυριάδας
1659 4472 1881 4546 ἔσεσθαι

1995 3399 2017 3432 ε
2062 3380 2159 3446 cit,
2177 3395 2240 3435 ea
2260 3392 2476 3446 semper
2497 3389 2551 3432 et
2586 3378 2787 3447 ubique
2811 3392 2908 3446 per
2925 3377 3161 3433 Verbum
3194 3377 3573 3432 declarantur:

1996 3489 2016 3524 ι
2061 3470 2205 3541 quod
2229 3479 2335 3523 eta
2361 3468 2517 3525 nobis
2552 3465 2683 3536 ipsis
2723 3469 2861 3524 satis
2894 3467 3084 3540 liquet,
3128 3469 3398 3540 siquidem
3429 3467 3582 3524 hisce

1995 3579 2014 3615 ι
2059 3559 2244 3631 parvis
2259 3573 2452 3629 magna
2480 3557 2710 3614 liceatet
2734 3559 2917 3615 divina
2945 3574 3287 3631 comparare.
3315 3558 3580 3616 Nosenim

1995 3673 2014 3707 ι
2059 3668 2122 3709 ea
2137 3653 2321 3709 omnia
2337 3669 2458 3724 quae
2472 3654 3012 3724 volumus,quantum
3024 3653 3244 3724 quidem
3266 3666 3578 3723 possumus,

1995 3765 2015 3800 t
2062 3756 2118 3803 et
2152 3743 2380 3802 facimus
2415 3755 2471 3801 et
2499 3745 2730 3801 dicimus
2788 3743 3098 3800 ministerio
3142 3744 3292 3800 verbi
3318 3747 3514 3801 nostri.
3556 3764 3575 3798 s

1995 3845 2055 3905 Et
2091 3839 2246 3907 Quod
2276 3839 2319 3894 si
2355 3838 2422 3895 ad
2458 3837 2604 3893 hunc
2631 3835 2852 3892 modum
2886 3850 2984 3906 per
3014 3833 3316 3892 ecaclam
3350 3851 3586 3910 operan-

1993 3945 2100 3989 tem
2151 3930 2415 4002 processit
2447 3929 2514 3985 de
2565 3926 2731 3984 Patre
2766 3926 3023 3994 Verbum,
3065 3930 3208 3988 unde
3261 3943 3584 4002 progressus

1990 4038 2073 4084 est
2101 4024 2410 4091 Marcellus,
2468 4022 2534 4077 ad
2563 4021 3132 4078 circumscrmendum
3174 4021 3342 4078 Verbi
3385 4037 3583 4092 opera-

1995 4121 2195 4176 tionem
2255 4128 2498 4188 tempore
2569 4115 2803 4186 quodam
2867 4115 3255 4183 determinato,
3319 4117 3582 4172 nimirum

1993 4209 2182 4264 mundi
2217 4205 2732 4264 consummatione?
2767 4203 2995 4272 Quando
3023 4205 3264 4261 futurum
3299 4219 3403 4274 est,
3437 4208 3583 4278 quod

1990 4301 2246 4366 allirmat,
2294 4311 2351 4356 ut
2407 4299 2641 4357 Verbum
2693 4299 2835 4354 intra
2872 4296 3041 4353 Deum
3079 4301 3362 4366 subsistat,
3392 4285 3587 4372 queth

1992 4396 2284 4451 admodum
2325 4395 2616 4465 aliquando
2671 4395 3043 4454 subsistebat?
3066 4395 3372 4465 Aliquando
3399 4406 3581 4451 autem

1991 4491 2370 4558 quiescentem
2406 4490 2588 4563 Logon
2617 4493 2791 4562 illum,
2814 4494 2868 4549 in
2896 4492 3206 4564 quiescenti
3229 4489 3396 4546 Patre
3425 4489 3583 4547 nobis

292 4571 538 4638 θεσπίζει
565 4573 772 4645 λέγων’
805 4576 1003 4631 Χιλιαι
1031 4579 1298 4648 χιλιάδες
1315 4584 1750 4655 ἐλειτούργουν
1773 4589 1880 4641 αὺ-

1993 4583 2161 4638 dedit.
2202 4581 2300 4647 Ita,
2327 4593 2385 4638 ut
2419 4585 2656 4652 videtur,
2689 4593 2811 4655 post
2838 4584 3024 4640 mundi
3056 4581 3578 4638 consummationem

294 4665 393 4733 τῷ,
416 4665 514 4720 καὶ
537 4667 743 4737 μύριαι
756 4666 1048 4738 μυριάδες
1078 4670 1190 4742 (l3)
1223 4673 1760 4741 παρειστήκεισαν
1787 4678 1885 4747 ἐμο

292 4761 554 4826 πρόσθεν
573 4759 781 4815 αὐτοῦ.
807 4761 1016 4828 Πάντες
1039 4764 1210 4836 δήπου
1241 4767 1335 4820 καὶ
1375 4769 1424 4821 οἱ
1453 4769 1565 4823 υἱοὶ
1604 4766 1702 4822 τοῦ
1753 4770 1881 4842 μέλ-

291 4847 468 4916 λοντος
491 4851 687 4918 αίῶνος
717 4853 838 4908 τότε
876 4854 1118 4910 ἔσονται·
1159 4858 1222 4912 αἰ
1262 4876 1321 4913 τε
1376 4861 1654 4935 μακάριαι
1710 4862 1884 4936 ψυχαὶ

293 4945 662 5017 πατριαρχῶν,
697 4947 792 5002 καὶ
817 4950 1131 5022 προφητῶν,
1159 4953 1252 5006 καὶ
1279 4953 1621 5022 ἀποστόλων,
1655 4954 1793 5026 ἅγιά
1822 4973 1882 5010 τε

293 5037 570 5111 πνεύματα
600 5041 922 5113 μαρτύρων
972 5046 1150 5103 πάντα
1181 5066 1241 5102 τε
1285 5049 1540 5120 πρόϐατα
1571 5047 1667 5103 τοῦ
1693 5049 1880 5121 Σωτῆο

294 5145 379 5200 ρος
426 5132 604 5206 ἡμῶν,
638 5135 707 5190 τά
753 5137 819 5190 ἐκ
863 5136 1052 5205 δεξιῶν
1082 5142 1247 5196 αὐτοῦ
1299 5141 1619 5215 στησόμενά
1665 5159 1730 5198 τε
1785 5144 1880 5198 καὶ

292 5221 653 5291 ἀκουσόμεσθα·
705 5228 884 5284 Δεῦτε
935 5234 991 5286 οἱ
1039 5234 1434 5305 εὐλογημένοι
1496 5235 1608 5291 τοῦ
1649 5238 1884 5306 Πατρός

292 5329 426 5382 μου,
454 5319 952 5390 κληρονομήσατε
976 5323 1092 5392 τὴν
1125 5326 1593 5398 ἡτοιμασμένην
1615 5328 1762 5396 ὑμῖν
1781 5330 1888 5395 βα-

294 5409 524 5464 σιλειαν
551 5411 668 5466 ἀπὸ
689 5413 1027 5484 καταϐολῆς
1045 5416 1160 5488 (14)
1189 5419 1444 5488 κόσμου.
1465 5418 1761 5478 Τοσοότων
1781 5421 1888 5475 τοί-

361 5521 542 5597 ξζηβιί.
575 5522 775 5580 Paris"
803 5539 925 5597 pag.
987 5527 1106 5584 H5.

356 5591 396 5624 "
427 5591 562 5649 Dan.
598 5611 691 5660 vn,
730 5591 817 5650 l0;

359 5685 472 5772 (Ιζ).
500 5687 670 5772 Vulgo
702 5691 797 5745 καὶ
829 5690 916 5772 τά.
951 5690 1072 5747 Mox
1090 5694 1418 5772 vulgodeest
1439 5697 1517 5772 μὴ
1554 5667 1877 5772 ἐκτεινομέέ

295 5770 400 5824 νην.
427 5757 544 5833 Mox
569 5761 729 5833 ναίει)
761 5761 1056 5833 μηδέτερον
1098 5757 1363 5833 μένουσαν
1385 5757 1531 5822 eri
1557 5769 1638 5821 δέ.
1679 5775 1760 5826 Atl
1781 5757 1874 5827 ’ςυα

298 5830 493 5893 quentia
529 5831 601 5887 cf.
637 5830 874 5887 l‘earsun
925 5830 1075 5888 Vitul.
1100 5830 1298 5906 Ἰςμιςιι.
1328 5837 1382 5891 2.
1423 5855 1471 5908 ι).
1512 5841 1609 5896 51.

1990 4677 2229 4745 quietem
2278 4677 2495 4743 statuit,
2525 4693 2650 4733 cum
2697 4677 2835 4732 nihil
2886 4675 3122 4732 Verbum
3154 4676 3411 4747 deinceps
3449 4689 3580 4743 ope-

1992 4771 2228 4829 rabitur.
2282 4769 2500 4826 Atenim
2546 4779 2674 4824 ante
2715 4769 2906 4824 mundi
2939 4769 3409 4835 conmitutionem,
3442 4768 3580 4822 nihil

1988 4874 2108 4917 erat
2141 4877 2366 4932 prorsus
2398 4873 2598 4934 praeter
2623 4865 2817 4930 Deum,
2848 4862 3079 4934 inquiet.
3110 4861 3179 4918 Et
3207 4865 3426 4934 quando
3455 4863 3578 4932 qni-

1988 4956 2109 5010 dem
2137 4956 2270 5010 nihil
2308 4965 2449 5022 erat,
2472 4957 2596 5026 jure
2641 4958 2844 5013 merito
2870 4956 2948 5012 illi
2977 4956 3221 5028 quietem
3252 4955 3576 5026 assignavit.

1990 5045 2105 5102 Jam
2159 5049 2211 5102 in
2248 5059 2492 5119 tempore
2534 5050 3027 5106 consummationis
3070 5048 3262 5106 Daniel
3313 5049 3579 5120 propheta

1990 5150 2117 5197 ante
2150 5143 2402 5197 thronum
2439 5141 2550 5198 Dei.
2574 5143 2892 5199 constitisse
2921 5143 3156 5199 aﬂirmat
3200 5142 3579 5199 innumerabi-

1989 5235 2094 5291 Ietn
2122 5237 2443 5308 angelorum
2487 5236 2891 5292 multitudinem
2921 5251 2934 5286 :
2969 5236 3146 5292 Utilia
3190 5237 3441 5302 millium,
3479 5239 3575 5302 ait,

1995 5330 2372 5384 ministrabant
2417 5330 2544 5384 illi:
2573 5341 2621 5384 et
2657 5330 2829 5384 decies
2883 5329 3078 5385 millies
3130 5341 3350 5386 centena
3409 5329 3580 5382 millia

1999 5421 2314 5476 assistebant
2343 5423 2414 5476 ei.
2444 5419 2722 5477 Iudicium
2766 5423 2923 5491 sedit,
2952 5433 2996 5478 et
3024 5423 3150 5479 lilm'
3177 5423 3345 5495 aperti
3377 5422 3594 5479 sunt".

2059 5703 2167 5768 (Ιῦ)
2205 5701 2372 5766 Vulgo
2401 5717 2645 5773 προειστ.

2061 5775 2102 5844 (Ι
2122 5775 2171 5844 ί)
2208 5773 2372 5845 Vulgo
2400 5772 2494 5826 τ’λῦ
2520 5790 2571 5826 κ.
