4106 6420
655 363 756 417 919

1362 356 1625 417 EUSEBH
1662 356 2140 415 CESARIENSIS
2175 354 2326 412 OPP.
2365 353 2543 412 PARS
2582 350 2671 409 IV.
2707 347 3231 418 —DOGMATICAJ

3768 335 3871 396 929

658 478 764 531 Sed
797 486 849 529 et
894 486 1018 529 tunc
1059 484 1323 545 praetcrea
1366 472 1621 543 temporis
1667 472 1965 527 consistent
2013 484 2191 525 omne:

2304 484 2397 519 νυν
2435 466 2708 536 ἐσομένων
2743 464 2835 517 καὶ
2879 462 3143 517 ἀθάνατον
3186 458 3332 529 ζωὴν
3376 450 3697 545 ζησομένων

660 566 731 617 illi
778 565 869 618 tilii
915 566 1080 618 futuri
1123 564 1325 619 saculi.
1376 561 1553 617 Beata
1600 561 2051 630 patriarcharum,
2082 574 2203 627 pro-

657 659 934 717 phetarum
973 645 1026 709 et
1051 654 1413 721 apostolorum
1443 650 1633 706 anima:
1653 691 1668 714 ,
1700 651 1923 719 spiritus
1954 649 2027 702 illi
2054 663 2202 702 mar-

657 758 833 812 tyrum
859 745 1050 799 sancti.
1076 742 1272 796 Omnes
1294 757 1506 811 quoque
1527 741 1831 796 Servatoris
1855 740 2020 795 nostri
2049 752 2202 803 oves,

658 848 777 900 quae
822 848 850 885 a
897 834 1101 886 dextris
1152 833 1318 899 ipsius
1368 832 1679 885 constitutae
1706 830 1967 883 audient:
2003 826 2200 890 Venite,

656 924 909 977 benedicti
939 924 1114 977 Patris
1144 923 1266 984 mei,
1297 922 1554 991 possidete
1602 937 1811 989 regnum
1851 932 2202 987 pra'paratunt

656 1016 796 1068 vobis
840 1032 871 1066 a
904 1014 1059 1083 jactia
1098 1013 1279 1065 mundi
1314 1012 1668 1081 fundamentis
1690 1010 1754 1062 ⁸⁸.
1785 1012 2046 1075 Quocirca
2078 1025 2201 1063 cum

657 1106 739 1157 vel
790 1113 907 1171 post
954 1104 1142 1172 judicii
1192 1113 1417 1169 tempus.
1466 1114 1642 1157 tantus
1695 1116 1951 1155 numerus
2012 1115 2201 1155 eorum

657 1196 868 1249 futurus
908 1207 1009 1260 est,
1064 1196 1153 1265 qui
1199 1196 1391 1248 victuri
1441 1202 1566 1246 sunt
1615 1192 1779 1246 vitam
1819 1192 2198 1257 immortalem,

654 1287 778 1353 quid
814 1302 989 1339 causa
1028 1288 1245 1339 subesse
1297 1284 1512 1352 poterit,
1543 1297 1639 1336 cur
1678 1296 1787 1334 non
1814 1290 1867 1334 et
1895 1290 2003 1333 tum
2039 1280 2199 1333 etiam

655 1378 745 1430 Dei
778 1378 1009 1431 Verbum
1043 1376 1331 1445 operetur?
1362 1372 1510 1428 Unde
1540 1372 1695 1426 scivit
1722 1370 2020 1438 Marcellus,
2057 1373 2198 1440 quod

652 1480 989 1533 nequaquam
1032 1475 1139 1518 tum
1172 1474 1389 1518 sanctos
1418 1478 1543 1518 suos
1583 1462 1723 1515 Deus
1751 1461 1823 1514 sit
1850 1462 2197 1524 allocuturus.

654 1571 825 1626 neque
850 1555 1026 1611 Verbo
1068 1568 1165 1608 suo
1213 1570 1406 1608 usurus
1440 1554 1689 1609 cllectivo
1718 1597 1732 1621 ,
1763 1555 1856 1607 sed
1886 1556 2026 1622 quod
2054 1551 2201 1606 futu-

653 1662 769 1699 rum
806 1646 874 1699 sit
907 1646 958 1699 in
997 1647 1103 1700 Deo
1154 1643 1405 1709 Verbum,
1452 1645 1900 1712 quemadmodum
1948 1653 2003 1695 et
2051 1642 2199 1710 prius

652 1739 845 1799 fuerat,
898 1739 1118 1790 omnino
1156 1736 1547 1803 conquiescens
1576 1746 1627 1789 et
1653 1734 2059 1789 conticescens?
2086 1732 2198 1788 Hoc

2303 557 2395 609 τόν
2418 557 2515 627 τῆς
2547 556 2779 626 κρίσεως
2828 553 3037 625 καιρὸν.
3070 550 3157 604 διὰ
3185 550 3238 602 τί
3280 546 3355 618 μὴ
3396 543 3683 614 ἐνεργήσει
3714 543 3743 595 ό
3768 539 3860 594 τοῦ

2302 646 2435 700 Θεοῦ
2470 650 2639 715 Λόγος
2674 648 2767 700 καὶ
2790 645 2941 709 me;
2973 642 3140 698 Πόθεν
3181 640 3239 694 δὲ
3271 635 3574 709 Μαρκέλλῳ
3618 631 3861 703 παρέστη

2302 739 2702 809 ἀποφήνασθαι,
2726 741 2810 793 ὅτι
2840 739 2939 790 οὐκ
2974 736 3054 789 ἐτι
3078 733 3301 803 λαλήσει
3336 732 3450 793 τοῖς
3473 729 3651 796 ἀγίοις
3681 727 3712 779 ό
3730 722 3861 787 Θιδς

2301 830 2441 893 τότε,
2471 830 2589 884 οὐδὲ
2630 834 2891 901 χρήσεται
2936 825 3141 897 ἐνεργῷ
3171 823 3250 895 τῷ
3301 820 3467 876 αὐτοῦ
3514 819 3693 888 Λόγῳ,
3743 815 3860 868 ἀλλ’

2302 920 2474 985 ἔσται,
2494 922 2571 981 ώς
2596 922 2689 975 καὶ
2717 920 2981 993 πρότερον
3009 914 3098 989 ῆν,
3131 918 3189 969 ἐν
3218 913 3383 985 αὐτῷ,
3414 910 3632 965 σιωπῶν
3658 905 3859 978 δηλαδὴ

2302 1012 2394 1063 καὶ
2418 1011 2734 1081 ήσυχάζωνς
2768 1011 2939 1064 Τοῦτο
2969 1010 3075 1081 γὰρ
3107 1007 3337 1076 παρίστη
3379 1004 3637 1066 πολλάκις
3668 998 3857 1064 εἰπὼν»

2299 1103 2418 1155 τότε
2448 1102 2663 1155 ἔσεσθαι
2710 1102 2872 1155 αὐτὸν
2892 1102 2968 1165 ὡς
2998 1101 3091 1154 καὶ
3108 1099 3369 1169 πρότερον
3407 1091 3475 1166 ῆν
3500 1111 3514 1124 ⁸
3538 1090 3608 1163 ῆν
3633 1092 3693 1145 δὲ
3725 1089 3860 1161 πρό-

2299 1210 2474 1265 τερον,
2507 1193 2581 1257 ὼς
2609 1194 2769 1256 αὐτὸς
2801 1192 2926 1264 ἔφη,
2950 1194 3007 1245 ὲν
3044 1190 3254 1262 ήσυχίᾳ.
3300 1186 3507 1241 Οὐκοῦν
3542 1182 3861 1252 ἀποσιωπής

2301 1299 2385 1335 σει
2412 1283 2531 1336 τότε
2560 1285 2599 1335 ό
2624 1282 2777 1346 Θεὸς,
2830 1283 2936 1354 πρὸ
2964 1283 3151 1335 τούτου
3182 1279 3280 1349 μὶν
3312 1277 3508 1339 λαλῶν.
3535 1274 3731 1343 καὶτῷ
3757 1272 3860 1325 Λό-

2300 1392 2381 1445 γῳ
2407 1375 2684 1445 χρώμενος
2711 1373 2937 1444 ἐνεργῷ.
2964 1373 3087 1427 τότε
3138 1372 3197 1425 δὲ
3234 1371 3352 1425 κατ’
3396 1369 3567 1438 αὕτὴν
3612 1366 3725 1437 (15)
3758 1362 3859 1435 τὴν

2299 1464 2707 1535 ἐπηγγελμένην
2733 1464 3003 1533 βασιλείαν
3031 1463 3272 1532 οὐρανῶν
3306 1460 3400 1514 τοῦ
3436 1459 3638 1513 οἰκείου
3682 1456 3858 1523 Λόγου

2300 1555 2391 1608 καὶ
2418 1555 2518 1624 τῆς
2539 1556 2597 1607 ἐν
2635 1554 2781 1625 αὐτῷ
2804 1554 2990 1623 σοφίας
3024 1552 3340 1623 ἀποστερῶν
3358 1554 3482 1614 τοὺς
3510 1550 3699 1616 ἁγίους
3744 1546 3857 1617 (16)

2297 1646 2480 1700 αὑτοῦ.
2540 1647 2701 1718 Ὁρᾷς
2752 1650 2833 1711 είς
2879 1642 2990 1702 οἷον
3041 1646 3323 1719 κεχώρηκε
3370 1643 3613 1714 κρημνὸν
3669 1639 3859 1711 μηδενὶ

2298 1736 2618 1807 χειραγωγῷ
2670 1739 3032 1809 χρησάμενος,
3066 1737 3200 1809 μηδὲ
3228 1737 3348 1799 ταῖς
3380 1734 3548 1795 θείαις
3591 1730 3856 1802 Γραφαῐς.

646 1828 788 1879 enim
815 1827 1083 1881 muitoties
1112 1827 1397 1880 aﬂirmavit
1419 1828 1605 1895 dicens
1633 1844 1645 1878 :
1682 1845 1700 1877 ι
1730 1827 1881 1880 Tunc
1902 1825 2003 1879 erit
2040 1825 2191 1888 illud,

2300 1827 2481 1881 Ταῦτα
2507 1828 2636 1897 γοῦν
2663 1830 2839 1882 πάντα
2868 1828 2975 1900 ἀπὸ
3009 1830 3135 1900 μιᾶς
3159 1826 3362 1897 φωνῆς,
3390 1826 3457 1895 ἢν
3485 1823 3558 1894 μή
3579 1821 3856 1892 νενόηκεν,

653 1936 673 1968 ι
717 1919 857 1986 quod
903 1928 957 1973 et
1006 1918 1154 1988 prius
1186 1918 1545 1972 fueratzerat
1591 1928 1770 1971 autem
1822 1916 1989 1981 prius.
2040 1925 2098 1968 ut
2139 1924 2195 1969 et

651 2028 671 2060 ι
721 2010 831 2077 ipse
860 2024 1073 2078 quoque
1102 2007 1326 2063 afﬁrmat
1357 2010 1407 2063 in
1440 2010 1637 2078 quiete.
1679 2008 2017 2063 Conticescet
2063 2021 2192 2076 ergo

650 2121 669 2151 ι
718 2100 882 2163 Deus,
913 2117 1009 2171 per
1032 2101 1163 2155 illud
1195 2112 1421 2172 tempus,
1446 2102 1536 2171 qui
1571 2101 1721 2169 prius
1753 2100 1928 2155 fuerat
1958 2099 2188 2162 loeutus,

649 2210 669 2242 ι
712 2202 767 2246 et
802 2208 927 2247 usus
976 2210 1072 2247 suo
1104 2194 1277 2247 Verbo
1326 2194 1623 2261 operativo.
1654 2193 1723 2245 At
1760 2202 1889 2244 tunc
1937 2204 2032 2257 per
2063 2205 2188 2257 pro-

650 2302 668 2333 ι
717 2284 934 2337 missum
963 2284 1093 2337 illud
1126 2285 1385 2339 ccelorum
1410 2299 1654 2353 regnum,
1687 2282 1906 2351 proprio
1932 2298 2029 2336 suo
2057 2279 2191 2335 Ver-

648 2392 666 2424 r
716 2373 803 2437 bo,
854 2384 909 2427 et
956 2376 1099 2429 omni
1137 2389 1257 2445 qua:
1289 2376 1342 2428 in
1384 2374 1478 2428 illo
1507 2375 1609 2428 sita
1639 2384 1720 2429 est
1750 2374 2037 2443 sapientia,
2067 2388 2191 2427 san-

649 2484 668 2515 ι
717 2475 831 2518 ctos
877 2480 1003 2520 suos
1040 2466 1254 2533 penitus
1303 2466 1609 2534 privaturus
1651 2475 1755 2519 est.
1789 2484 1807 2517 ι
1840 2464 1981 2520 Ecce
2011 2475 2187 2520 autem

641 2557 695 2609 in
721 2555 1000 2625 qualenam
1034 2572 1092 2609 se
1116 2556 1468 2625 prmeipitium
1498 2555 1725 2620 dederit,
1755 2556 1881 2609 dum
1919 2558 2188 2610 neminem

641 2648 745 2700 sibi
774 2648 993 2701 adhibet
1035 2648 1472 2701 manuductorem
1500 2666 1513 2701 :
1549 2662 1646 2701 nec
1676 2649 1900 2701 advocat
1948 2646 2189 2716 Scriptu-

2298 1920 2471 1989 ἑαυτῷ
2495 1920 2801 1989 συνέθηκεν.
2822 1921 3028 1975 Λύτίκα
3048 1921 3300 1992 χωρήσας
3318 1919 3410 1971 ἐπὶ
3430 1917 3526 1977 τὰς
3557 1911 3859 1977 ἀποδείξεις

2296 2011 2395 2081 τῆς
2420 2012 2563 2075 Νέας
2617 2012 2709 2065 καὶ
2751 2012 2959 2085 Καινῆς
3016 2011 3309 2083 Διαθήκης,
3364 2005 3703 2077 πανταχόθεν
3759 2002 3859 2074 μὲν

2296 2102 2556 2173 ἠλαύνετο
2606 2103 3131 2176 στενοχωρούμενοςο
3186 2103 3313 2173 μίαν
3364 2100 3421 2153 δὲ
3470 2100 3640 2169 μόνην
3682 2093 3856 2167 εὑρὼν

2296 2192 2436 2257 λέξιν
2455 2197 2520 2264 τῇ
2552 2195 2715 2248 αὑτοῦ
2750 2193 3188 2266 συμϐαλλομένην
3213 2190 3518 2260 κακοδοξίᾳ,
3546 2188 3695 2242 ῶσπε
3705 2204 3736 2258 ρ
3754 2187 3861 2238 τινὶ.

2298 2285 2598 2355 περιτυχὼν
2654 2286 2896 2358 ὲρμαίῳ,
2949 2285 3120 2356 ταύτῃ
3175 2284 3311 2355 μόνῃ
3364 2281 3691 2350 συνεπλάκη,
3751 2277 3858 2330 οὐδ’

2295 2378 2429 2448 αὐτῇ
2464 2380 2527 2429 ὲκ
2548 2376 2837 2449 προσώπου
2855 2376 2949 2430 τοῦ
2978 2378 3225 2447 Σωτῆρος
3256 2375 3544 2445 ἠμῶνείρη
3556 2372 3713 2442 μένῃ,
3741 2369 3857 2422 ἀλλ’

2295 2471 2358 2521 ὲκ
2382 2467 2669 2539 προσώπου
2697 2468 2788 2521 τοῦ
2817 2466 3227 2536 εὐαγγελιστοῦ*
3254 2466 3318 2519 δι’
3350 2461 3418 2537 ἦς
3446 2463 3609 2517 αὑτὸν
3641 2462 3857 2533 ὠνόμα-

2297 2576 2408 2622 σεν,
2452 2560 2547 2611 Ἐν
2573 2557 2734 2627 ἀρχῇ
2757 2555 2835 2629 ἦν
2866 2562 2899 2613 ό
2931 2559 3141 2627 Λόγος,
3172 2564 3359 2617 εξπων,
3385 2557 3482 2609 καὶ
3509 2559 3541 2609 ό
3563 2558 3757 2624 Λόγος
3779 2549 3859 2624 ἦν

2294 2649 2443 2717 πρὸς
2465 2650 2571 2703 τὸν
2595 2650 2762 2712 Θεὸν,
2811 2649 2907 2703 καὶ
2936 2650 3079 2702 Θεὸς
3110 2645 3187 2718 ἦν
3208 2650 3238 2702 ὀ
3282 2648 3462 2715 Λόγος
3488 2663 3503 2675 ·
3542 2645 3696 2699 ἔνθεν
3730 2643 3858 2713 γοῦν

640 2752 731 2791 ras
764 2739 815 2790 in
855 2739 1154 2791 consilium.
1194 2738 1325 2792 Nam
1364 2740 1475 2792 haec
1508 2740 1685 2792 omnia
1727 2740 1840 2807 ipse
1879 2739 1978 2793 sibi
2022 2738 2189 2792 fabri-

2293 2740 2568 2810 ὀρμηθεὶς,
2602 2740 2677 2804 ώς
2712 2740 2875 2811 μηδὲν
2908 2740 3032 2792 ὄντα
3056 2740 3240 2809 ἕτερον
3276 2738 3308 2809 ἢ
3343 2737 3519 2805 λόγον,
3550 2738 3736 2807 ὅμοιον
3778 2735 3857 2805 τῷ

637 2838 757 2880 cata
788 2828 1001 2897 collegit
1034 2829 1100 2880 de
1135 2844 1237 2882 una
1270 2845 1400 2883 voce
1431 2844 1706 2899 perperam
1732 2829 2020 2884 intellecta.
2051 2828 2181 2884 Nam

2293 2834 2418 2901 παρ’
2438 2835 2568 2902 ήμίν
2598 2832 2942 2902 ὲγνωσμένῳ,
2969 2832 3059 2885 τὸν
3089 2831 3217 2884 Υἰὺν
3246 2832 3534 2901 ⁴ἠρνήσατο.

636 2920 725 2972 ubi
773 2936 832 2974 se
867 2922 930 2973 ad
983 2923 1465 2976 demonstrationes
1503 2924 1850 2991 applicuerat,
1898 2926 1962 2979 de
1988 2922 2332 2981 Testamento
2370 2926 2550 2982 Veteri
2590 2937 2752 2997 atque
2793 2925 2984 2981 Novo:
3050 2927 3395 2995 tindiquaque
3422 2934 3569 2980 certe
3604 2923 3859 2992 impelle-

634 3012 815 3078 batur,
858 3014 907 3066 in
935 3016 1209 3083 angustias
1242 3016 1646 3082 conjiciebatur,
1670 3033 1828 3071 unam
1856 3033 1980 3073 vero
2001 3019 2246 3073 voculam
2271 3022 2356 3075 vix
2398 3023 2611 3075 tandem
2642 3022 2861 3089 reperit,
2898 3025 2954 3082 ὤ
2974 3034 3093 3088 qua:
3118 3018 3282 3087 ipsius
3309 3004 3574 3071 haeretica}
3612 3015 3859 3084 opinioni

639 3104 819 3158 favere
874 3106 982 3158 visa
1038 3119 1143 3164 est.
1182 3106 1309 3161 huic
1353 3109 1441 3161 uni
1493 3118 1743 3175 tanquam
1784 3124 1904 3162 cum
1962 3112 2103 3165 bono
2149 3111 2256 3165 Deo
2305 3113 2592 3166 adinvento
2629 3111 2954 3165 adminiculo
3008 3126 3067 3165 se
3104 3109 3378 3179 applicuit.
3410 3107 3521 3162 Nec
3557 3119 3679 3162 erat
3730 3107 3855 3176 qui-

636 3195 757 3246 dem
820 3195 1051 3259 illud,de
1082 3211 1306 3263 persona
1344 3198 1650 3253 Servatoris
1676 3202 1845 3254 nostri
1869 3201 2064 3255 dictum
2092 3214 2434 3271 usurpatum,
2478 3205 2571 3258 sed
2601 3202 2958 3273 evangelistzc.
2991 3202 3124 3257 Nam
3150 3202 3195 3257 is
3236 3216 3358 3257 eum
3398 3201 3470 3254 ita
3503 3199 3761 3269 appellat,
3788 3197 3857 3253 In

636 3282 894 3349 principio
938 3295 1047 3336 erat
1090 3284 1329 3352 Verbum,
1382 3288 1651 3355 inquiens.
1681 3299 1729 3342 et
1765 3290 1983 3346 Verbum
2013 3306 2123 3346 erat
2148 3297 2286 3362 apud
2306 3293 2494 3358 Deum,
2526 3305 2573 3349 et
2607 3293 2745 3349 Deus
2767 3306 2877 3349 erat
2903 3293 3129 3347 Verbum
3147 3294 3215 3347 ⁸⁸.
3259 3293 3394 3348 Hinc
3442 3292 3530 3347 ille
3576 3292 3859 3362 prolectus

636 3370 831 3426 Filium
870 3374 1181 3443 planissime
1214 3392 1526 3449 pernegavit
1574 3391 1827 3451 tanquam
1854 3385 1947 3453 qui
1980 3384 2131 3455 prius
2174 3385 2308 3439 nihil
2334 3385 2479 3441 aliud
2503 3396 2639 3454 erat,
2668 3401 2831 3456 quam
2864 3386 3086 3442 verbum
3127 3386 3459 3441 simillimum
3484 3384 3612 3440 huic
3638 3395 3854 3441 nostro.

1258 3473 1406 3527 CAP.
1451 3473 1519 3528 X.

638 3560 792 3626 Quod
816 3577 918 3614 non
948 3571 1081 3615 recte
1113 3564 1244 3630 cepit
1285 3564 1419 3686 illud
1444 3578 1462 3615 :
1495 3584 1512 3616 ι
1538 3564 1603 3619 1η
1623 3568 1879 3638 principio
1906 3580 2020 3625 erat
2059 3570 2190 3625 Ver-

1325 3651 1470 3686 um.»

1325 3651 1470 3688 um.)

706 3722 989 3776 Enimvero
1044 3738 1147 3776 non
1199 3724 1367 3778 solum
1416 3726 1584 3781 solius
1614 3728 1773 3784 Verbi
1802 3732 2017 3786 nomine
2040 3746 2189 3787 com-

634 3813 854 3881 pellavit
902 3829 1127 3883 magnus
1162 3825 1215 3869 et
1249 3815 1462 3871 divinus
1511 3821 1858 3890 evangelista,
1899 3823 2040 3891 quod
2077 3823 2187 3892 jam

638 3902 833 3967 smpitts
867 3916 895 3953 a
923 3904 1073 3956 nobis
1101 3904 1302 3958 dictum
1333 3917 1434 3971 est,
1464 3908 1555 3961 sed
1596 3910 1784 3975 Deum,
1811 3911 2097 3978 etLucem,
2132 3925 2188 3971 et

636 3988 855 4051 Filium,
890 4000 943 4043 et
998 3989 1337 4060 Unigenitum
1378 3998 1720 4064 :quinetiam
1765 4002 1910 4054 illum
1950 4002 2186 4070 seipsum

636 4073 1006 4137 Servatorem,
1052 4078 1269 4130 verbum
1314 4088 1490 4133 autem
1540 4084 1704 4138 solius
1750 4084 2039 4157 Scriptura:
2086 4106 2188 4145 ne—

633 4181 901 4233 quaquam
935 4167 1229 4234 appellasse
1259 4172 1536 4237 perhibet;
1570 4187 1663 4241 per
1692 4176 1996 4232 universum
2027 4195 2187 4249 porro

635 4260 983 4327 Evangelium
1025 4262 1210 4325 vitam,
1268 4272 1321 4317 et
1379 4264 1575 4332 lucem,
1633 4276 1689 4321 et
1744 4269 2099 4339 unigenitum,
2134 4283 2189 4326 et

633 4350 828 4405 Filium
885 4352 996 4418 Dei,
1046 4363 1100 4406 et
1149 4354 1454 4421 veritatem,
1499 4366 1552 4412 et
1603 4363 2087 4428 resurrectionem;
2134 4373 2187 4417 et

633 4457 822 4509 panem
848 4445 991 4507 vitae,
1022 4456 1075 4498 et
1106 4447 1290 4510 vitem,
1324 4456 1379 4501 et
1428 4462 1720 4517 pastorem,
1774 4460 1829 4505 et
1878 4453 2188 4509 innumeras

631 4532 765 4585 alias
792 4536 1224 4589 nomenclaturas
1258 4546 1317 4590 ut
1362 4537 1415 4590 in
1454 4538 1881 4607 pracedentibus
1910 4552 2185 4597 ostensum

630 4632 733 4675 est.
776 4623 911 4687 Quid
939 4641 1113 4679 causa:
1144 4626 1327 4691 fuerit,
1357 4638 1414 4679 ut
1455 4642 1577 4681 cum
1602 4638 1688 4704 tot
1729 4632 1840 4685 sint
1864 4643 1919 4686 et
1948 4633 2105 4699 tales,
2134 4636 2184 4689 in

632 4712 778 4764 nulla
829 4713 933 4765 alia
988 4715 1285 4769 substiterit
1321 4716 1574 4781 dictione,
1618 4718 1713 4772 sed
1772 4734 1872 4774 nec
1923 4722 2186 4777 curiosius

2942 3481 3097 3535 ΚΕΦ.
3138 3482 3196 3534 ι’.

2289 3594 2407 3648 Ὀτι
2435 3594 2521 3665 μὴ
2540 3593 2725 3664 ὀρθῶς
2747 3595 2991 3661 ἐδέξατο
3018 3597 3087 3649 τό
3105 3612 3151 3647 οι
3176 3596 3271 3648 Ἐν
3284 3593 3438 3664 ἀρχῇ
3454 3591 3531 3664 ἦν
3545 3597 3578 3649 ό
3600 3597 3850 3664 Λόγος.»

2356 3731 2547 3784 Καίτοι
2589 3729 2650 3782 οὐ
2679 3730 2849 3797 Λόγον
2886 3731 3044 3801 μόνον
3076 3730 3238 3791 αὐτὸς
3269 3730 3297 3782 ὁ
3350 3728 3525 3797 μέγας
3564 3728 3659 3780 καὶ
3710 3726 3854 3791 θεῖος

2285 3820 2671 3890 εὐαγγελιστής
2704 3819 2990 3891 κέκληκεν,
3040 3819 3116 3883 ὼς
3149 3818 3405 3881 πολλάκις
3440 3820 3570 3889 ἡμῖν
3611 3818 3850 3889 εἴρηται,

2287 3910 2423 3964 ἀλλά
2468 3912 2559 3964 καὶ
2590 3910 2739 3967 Θεὸν.
2773 3912 2867 3963 καὶ
2900 3911 3038 3975 Φῶς,
3075 3911 3171 3965 καὶ
3198 3911 3345 3976 Υἰὸν,
3392 3912 3486 3965 καὶ
3528 3908 3847 3979 Μονογενῆ·

2287 4002 2450 4055 αὐτόν
2481 4019 2540 4054 τε
2577 4002 2666 4055 τὸν
2712 4003 2941 4073 Σωτῆρα
2989 4006 3193 4075 ἱστορεῖ
3248 4003 3434 4056 ἑαυτὸν
3474 4001 3853 4056 ἀποκαλοῦντα

2286 4089 2443 4159 λόγον
2472 4091 2569 4160 μὲν
2597 4090 2831 4159 οὐδαμοῦ
2860 4092 2959 4162 τῆς
2985 4093 3023 4144 Γ
3029 4094 3227 4162 ραφῆς,
3260 4094 3325 4147 δι’
3349 4094 3468 4147 ὅλου
3488 4094 3543 4146 δὲ
3562 4093 3657 4146 τοῦ
3680 4094 3852 4162 Εὐαγ-

2288 4182 2467 4249 γελίου
2495 4182 2638 4253 ζωὴν
2661 4183 2750 4235 καὶ
2780 4184 2915 4253 φῶς,
2946 4186 3039 4237 καὶ
3078 4186 3371 4257 Μονογενῆ,
3404 4189 3495 4240 καὶ
3531 4187 3659 4239 Υἰὸν
3690 4185 3847 4253 Θεοῦ,

2292 4274 2380 4326 καὶ
2405 4273 2678 4344 ἀλήθειαν,
2720 4275 2815 4327 καὶ
2840 4277 3154 4340 ἀνάστασιν,
3192 4279 3284 4332 καὶ
3334 4279 3493 4349 ἄρτον
3540 4278 3707 4350 ζωῆς,
3755 4282 3849 4334 καὶ

2288 4363 2547 4432 ἄμπελον,
2582 4368 2671 4419 καὶ
2692 4367 2947 4437 ποιμένα,
2982 4371 3076 4422 καὶ
3114 4370 3279 4439 μυρία
3320 4371 3505 4441 ἕτερα,
3528 4369 3717 4443 ῶσπερ
3756 4368 3849 4427 οὖν

2287 4454 2387 4524 ἥδη
2430 4455 2815 4527 προδέδεικται.
2849 4459 2913 4510 Τί
2963 4460 3024 4529 δή
3071 4462 3187 4513 ποτ’
3222 4456 3314 4514 οὖν
3356 4460 3622 4515 τοσούτων
3656 4464 3843 4529 ὄντων,

2287 4544 2379 4597 ἐπὶ
2414 4546 2511 4615 μὲν
2543 4546 2649 4601 τῶν
2695 4548 2893 4602 λοιπῶν
2930 4552 3184 4605 ἁπάντων
3233 4552 3328 4622 οὐχ
3361 4553 3570 4605 ἵσταται
3616 4554 3731 4623 (18)
3752 4555 3845 4608 ἐπὶ

2286 4633 2385 4703 τῆς
2417 4635 2631 4699 λέξεως,
2662 4637 2757 4708 τὴν
2806 4639 2862 4692 δὲ
2910 4638 3015 4692 τῶν
3048 4640 3351 4710 λεγομένων
3396 4641 3631 4694 διάνοιαν
3684 4642 3847 4696 πολυ-

2288 4730 2610 4793 πραγμονεῖ.
2634 4727 2727 4779 ἐπὶ
2762 4727 2817 4780 δὲ
2851 4730 3011 4798 μόνου
3040 4730 3132 4783 τοῦ
3174 4732 3348 4798 Λόγου
3378 4732 3845 4801 κυριολεκτείσθαε

631 4802 916 4857 verborum
962 4820 1177 4859 sensum
1224 4816 1455 4877 satagat,
1486 4810 1578 4862 sed
1613 4809 1778 4864 solius
1810 4811 1970 4866 Verbi
1998 4827 2181 4867 vocem

2293 4814 2441 4867 αὐτόν
2460 4834 2643 4887 φησιν,
2670 4820 2745 4883 ώς
2768 4822 2918 4875 οὐδὲν
2962 4821 3091 4875 ὄντα
3123 4822 3360 4893 ἕτερονῆ
3392 4823 3597 4889 Λόγον;
3640 4824 3846 4894 Γράφει

637 4898 851 4960 proprie
901 4896 967 4947 de
1022 4895 1113 4949 illo
1162 4896 1359 4951 dixerit
1418 4910 1749 4967 usurpatam,
1778 4902 1931 4969 quasi
1983 4914 2181 4972 praeter

628 4977 864 5036 Verbum
898 4984 998 5037 hoc
1029 4985 1158 5037 nihil
1204 4984 1340 5039 foret
1392 4987 1554 5065 aliud.
1589 4987 1786 5044 Scribit
1838 5001 2019 5047 autem
2049 4993 2167 5047 toti-

629 5072 748 5125 dem
787 5074 963 5128 verbis
993 5091 1006 5126 :
1039 5073 1129 5146 [Β.
1158 5075 1296 5151 XL]
1335 5096 1352 5130 ι
1380 5077 1496 5131 Non
1551 5080 1764 5147 quidem
1792 5085 2181 5141 catachrestice

632 5180 651 5211 ι
697 5166 1005 5221 nominatus
1048 5168 1137 5221 ille
1203 5169 1451 5233 Verbum,
1482 5183 1799 5239 rumpantur
1850 5174 1975 5229 licet
2026 5192 2179 5232 men-

636 5268 656 5301 r
707 5256 904 5320 tiendo,
935 5258 1025 5323 qui
1057 5257 1266 5314 diversa
1300 5263 1515 5324 docent,
1548 5262 1642 5315 sed
1674 5277 1796 5319 vere
1843 5274 2004 5336 atque
2054 5282 2180 5336 pro-

706 5351 762 5407 ›Ι‹
804 5345 1139 5419 Εό.,Ρ²τὶε.,
1173 5366 1291 5422 pag.
1335 5353 1454 5406 116.

701 5435 745 5467 ⁸⁸
772 5437 960 5492 Matth.
992 5456 1118 5506 xxv,
1148 5442 1235 5497 54.
1310 5445 1353 5476 ⁸³
1384 5446 1536 5501 Joan.
1558 5462 1596 5513 ι,
1623 5452 1676 5501 1.

697 5530 805 5606 (ξ)
832 5529 1000 5606 Vulgo
1024 5551 1133 5606 om.
1151 5537 1278 5606 τήν.

705 5597 813 5671 ης)
838 5597 1008 5671 VIII—gn
1036 5597 1232 5657 αὐτῶνί

701 5667 811 5732 H7;
838 5667 1009 5735 Vulgo
1033 5676 1179 5727 deest
1218 5676 1333 5733 τοῦ.

703 5735 810 5809 (18)
845 5739 967 5795 Ἐπὶ
990 5741 1100 5811 τῆς
1120 5743 1359 5815 λέξεως.
1382 5748 1563 5818 Forte,
1586 5752 1716 5821 μηδὲ
1736 5751 1832 5823 τη)
1861 5750 2021 5821 λέξιν,
2043 5755 2175 5827 μηδι.

2284 4904 2329 4956 δ’
2378 4902 2468 4960 οὖν
2507 4910 2688 4973 αὐτοῖς
2737 4914 2942 4982 ῥήμασι
2963 4912 3167 4981 λέγων·
3195 4932 3213 4963 ι
3263 4914 3338 4965 Οὐ
3395 4914 3845 4983 καταχρηστικῶς

2291 5012 2308 5045 t
2342 4997 2659 5067 όνομασθεὶς
2704 5001 2893 5069 Λόγος,
2924 5000 3023 5055 κᾶν
3058 5001 3420 5073 διαρραγῶσιν
3452 5004 3500 5054 οἱ
3546 5003 3845 5075 ἑτεροδιδα-

2292 5106 2312 5140 σ
2342 5090 2661 5156 σκαλοῦντες
2701 5092 3032 5163 ψευδόμενοι,
3065 5093 3200 5147 ἀλλὰ
3231 5094 3435 5164 κυρίως
3477 5109 3539 5146 τε
3577 5093 3672 5146 καὶ
3720 5092 3847 5165 ἀλη-

2292 5201 2312 5233 ι
2349 5182 2454 5246 θῶς
2490 5183 2748 5255 ὑπάρχων
2776 5186 2965 5254 Λόγος.
3003 5206 3021 5238 ι
3061 5187 3170 5240 Καὶ
3226 5184 3388 5240 πάλιν
3408 5202 3421 5215 ·
3458 5202 3477 5235 r
3509 5184 3845 5240 Μανθανέτω

2293 5292 2313 5326 ι
2346 5275 2523 5331 τοίνυν
2554 5278 2688 5333 Θεοῦ
2722 5282 2892 5349 Λόγον
2922 5279 3033 5353 (19)
3064 5278 3396 5351 ἐληλυθέναι,
3448 5279 3507 5331 οὐ
3541 5278 3713 5347 Λόγον
3744 5296 3844 5333 κα-

2289 5549 2565 5625 τήνκτῶζ
2579 5561 2635 5625 et
2664 5567 2823 5625 voces
2844 5564 2898 5607 et
2930 5556 3222 5625 signiﬁcata
3250 5554 3450 5625 omisit.
3487 5554 3558 5612 Μ.
3589 5593 3592 5597 -

2356 5620 2469 5689 (19)
2491 5622 2913 5695 ξΕληλυθέναι.
2946 5620 3083 5680 Λῖιιε
3116 5624 3551 5695 κατεληλυθέναι.
3582 5624 3712 5693 Quae
3764 5629 3843 5679 di-

2283 5699 2460 5765 sputat
2490 5692 2543 5743 in
2577 5696 2943 5765 sequentibus,
2978 5709 3102 5749 sunt
3138 5692 3356 5749 crambe
3391 5697 3475 5748 bis
3523 5698 3717 5765 posita,
3754 5698 3844 5750 οὖν

2282 5758 2569 5831 δὲνέτερον
2600 5758 2821 5833 ἥξωήν.
2858 5784 2979 5820 nam
3006 5769 3079 5822 ita
3124 5769 3178 5820 in
3221 5758 3673 5836 ιποεεεάοηιῖιθιην
3706 5779 3839 5833 ιυιυν
