4106 6454
191 437 286 494 ﬁl
1128 428 1218 487 DE
1258 428 1800 487 ECCLESBSTICA
1839 427 2244 486 THEOIDGIA
2283 428 2412 485 LIB.
2460 430 2522 488 ll.

3369 437 3475 492 9‘32

211 574 229 606 ι
260 552 638 624 ταχρηστικῶς
681 551 1072 623 ὀνομασθέντα,
1110 551 1187 617 ὡς
1229 552 1382 606 αὐτοί
1428 568 1611 620 φασιν,
1663 550 1753 604 ἀλλ

1890 569 1906 601 ι
1959 551 2080 618 prie
2105 550 2338 605 Verbum
2365 552 2602 606 exsistit.
2641 570 2662 603 ι
2689 550 2757 606 Et
2809 551 3051 608 iterum:
3079 552 3169 626 [Β.
3204 555 3471 634 XXXIX.)

202 666 219 696 ι
258 645 428 717 ἀληθῆ
457 647 586 699 ὄντα
613 645 804 712 Λόγον.
831 663 850 696 ι
889 645 1001 698 Καὶ
1029 639 1211 708 αὖθιςο
1265 664 1281 694 ι
1313 645 1583 716 Πρότερον
1604 683 1619 708 ,
1667 644 1774 698 ὧσ-

196 759 300 812 περ
328 742 584 804 πολλάκις
623 741 778 811 ἔφην,
821 739 974 794 οὐδὲν
999 738 1187 808 ἓτερον
1239 735 1307 810 ῆν
1337 739 1368 810 ἢ
1403 739 1573 807 Λόγος
1594 757 1640 789 ·»
1678 741 1772 792 καὶ

192 833 382 888 πάλιν·
423 851 442 883 ι
485 833 599 904 Πρὸ
627 831 723 885 τοῦ
765 830 1067 894 κατελθεῖν,
1105 833 1200 884 καὶ
1225 830 1313 883 διά
1359 831 1460 901 τῆς
1493 831 1770 903 Παρθένου

195 947 212 977 ι
250 927 528 996 τεχθῆναι,
572 926 742 994 Λόγος
780 921 849 997 ἦν
903 926 1100 996 μόνον·
1159 927 1281 979 ἐπεὶ
1339 925 1390 978 τί
1440 925 1628 995 ἕτερον
1679 919 1769 994 ἦν,

195 1037 213 1068 ι
258 1017 362 1088 πρὸ
383 1016 477 1069 τοῦ
504 1017 606 1086 τὴν
636 1017 985 1090 ἀνθρωπίνην
1016 1017 1306 1072 ἀναλαϐεῖν
1342 1017 1520 1089 σάρκα
1551 1017 1614 1070 τὸ
1642 1033 1772 1070 κατ-

195 1130 213 1160 ι
241 1108 391 1162 ελθὸν
427 1108 516 1160 ἐπ’
539 1109 783 1179 ἐσχάτων
811 1109 919 1162 τῶν
946 1109 1188 1181 ἡμερῶν,
1223 1109 1299 1174 ὡς
1316 1111 1410 1164 καὶ
1427 1110 1588 1174 αὐτὸς
1605 1109 1771 1182 ἔγρα-

194 1219 213 1252 ι
250 1215 350 1269 φη
378 1199 488 1252 Καὶ
527 1199 589 1251 τδ
620 1199 876 1268 γεννηθὲν
898 1201 962 1252 ὲκ
991 1199 1089 1270 τῆς
1131 1201 1411 1272 Παρθένου
1467 1200 1620 1254 οὐδὲν
1647 1200 1768 1254 ἓτε-

193 1310 212 1343 ι
244 1308 334 1362 ρον
365 1285 434 1362 ἦν
468 1290 503 1360 ἢ
528 1291 720 1358 Λόγος.
766 1309 786 1341 ι
815 1290 999 1344 Ταῦτα
1034 1291 1336 1362 Μαρκέλλῳ
1358 1291 1568 1360 λέγοντι
1605 1289 1671 1363 ῆν
1703 1293 1770 1347 ἂν

183 1385 392 1438 δίκαιον
449 1382 654 1436 τοιανδῒ
709 1383 1079 1452 προσαγαγεῖν
1140 1381 1354 1437 πεῦσιν.
1416 1383 1525 1434 Καὶ
1601 1382 1769 1437 πόθεν

182 1478 335 1546 ήμῐν,
365 1467 411 1528 ὦ
436 1470 613 1538 οὗτος,
638 1473 700 1527 τὸ
728 1471 909 1528 οὐδὲν
939 1473 1145 1540 ἕτερον
1169 1473 1280 1541 (20)
1316 1475 1634 1547 προστίθῃς,
1675 1477 1768 1528 καὶ

181 1566 244 1620 τὸ
259 1568 454 1636 μόνον
470 1582 491 1630 ;
518 1565 594 1618 T6
620 1564 718 1636 μὲν
739 1565 866 1636 γὰρ,
897 1565 999 1618 Ἐν
1024 1562 1184 1632 ἀρχῇ
1211 1561 1289 1633 ἦν
1311 1568 1343 1618 ό
1371 1567 1580 1634 Λόγος,
1612 1568 1768 1637 ἀκρι-

185 1657 293 1721 δὼς
324 1657 574 1728 ἔγνωμεν
656 1657 753 1708 καὶ
791 1656 852 1708 οὑ
902 1655 1083 1726 μόνον,
1107 1653 1312 1708 allici
1332 1697 1346 1718 ,
1371 1655 1479 1708 Kal
1515 1655 1660 1722 Θεὸς
1689 1653 1768 1724 ἦν

186 1752 220 1800 ὀ
245 1748 454 1818 Λόγος,
493 1747 591 1800 καὶ
625 1744 753 1816 φῶς
783 1741 862 1815 ἦν
904 1745 971 1798 τὸ
1015 1743 1268 1813 φωτίζον
1310 1744 1507 1798 πάντα
1543 1745 1766 1814 ἅνθρω-

178 1854 296 1894 xor
329 1837 482 1913 [(21)
510 1839 840 1908 ἐρχόμενον
865 1841 954 1904 εὶς
986 1841 1093 1893 τὸν
1130 1838 1408 1910 κόσμον),
1451 1839 1546 1892 καὶ
1576 1856 1762 1908 μονο-

1882 660 1900 691 ι
1950 642 2141 696 uis-cat
2188 643 2393 697 idcirco
2435 641 2532 696 Del
2578 641 2812 698 Verbum
2846 647 3155 711 advenisse,
3192 663 3298 704 non
3338 651 3472 708 Ver-

1880 753 1898 782 ι
1953 734 2079 786 bum
2113 733 2333 802 quidem
2368 734 2773 790 catachrestice
2815 738 3264 806 deuominatum,
3295 756 3352 797 ut
3389 747 3468 801 illi

1880 841 1900 874 ι
1950 826 2122 887 aiunt.
2157 826 2253 878 sed
2289 824 2526 880 Verbum
2561 827 2847 882 verissime
2879 833 3168 886 easistens.
3203 853 3223 886 ι
3263 833 3333 890 Et
3362 838 3466 893 ite-

1874 933 2020 971 rum.
2047 916 2138 990 [Β.
2174 917 2312 972 XLII
2347 919 2474 974 coll.
2503 936 2556 984 ι).
2592 919 2662 976 55
2692 919 2756 993 Β]
2813 939 2832 973 ι
2868 921 2935 977 Ut
2960 925 3070 990 jam
3093 927 3291 994 saepius
3317 946 3345 981 a
3378 947 3465 986 nte

1877 1028 1896 1060 ι
1943 1012 2176 1077 positum
2217 1018 2322 1074 est,
2359 1011 2494 1066 nibil
2549 1023 2670 1066 erat
2697 1013 2840 1068 aliud
2865 1029 3028 1084 quam
3057 1015 3311 1072 Verbum.
3346 1040 3367 1073 ι
3399 1024 3464 1078 Et

1871 1115 2116 1157 rursus:
2151 1121 2170 1154 ι
2201 1100 2528 1172 Priusquam
2581 1105 2960 1171 descenderet,
3020 1119 3076 1164 et
3129 1113 3195 1166 de
3241 1112 3464 1184 Virgine

1876 1212 1898 1244 ι
1947 1203 2290 1256 nasceretur.
2329 1191 2567 1250 Verbum
2600 1205 2721 1249 erat
2763 1197 2940 1252 solum
2979 1216 2993 1251 :
3026 1216 3151 1253 nam
3202 1204 3462 1272 quidille

1875 1302 1897 1335 ι
1945 1284 2091 1338 aliud
2141 1295 2375 1353 poterat,
2435 1286 2758 1356 priusquam
2811 1303 3116 1346 assumeret
3164 1293 3459 1350 humanam

1876 1395 1897 1426 ι
1943 1391 2192 1439 carnem,
2217 1378 2310 1446 qui
2340 1377 2623 1432 descendit
2655 1380 2722 1433 ad
2765 1395 2866 1435 nos
2907 1381 2964 1436 in
2998 1384 3311 1440 novissimis
3341 1387 3459 1442 die-

1875 1485 1894 1517 ι
1943 1465 2062 1530 bus,
2087 1485 2105 1518 ι
2126 1478 2183 1521 ιιι
2205 1468 2319 1538 ipse
2364 1467 2643 1537 loquitur?
2665 1471 2755 1534 Et,
2775 1489 2793 1521 ι
2814 1471 2946 1527 Illud
2975 1479 3118 1542 quod
3141 1477 3209 1530 de
3240 1477 3458 1547 Virgine

1875 1578 1894 1610 ι
1945 1560 2298 1626 nascebatur,
2346 1560 2482 1615 nillil
2533 1571 2654 1616 erat
2704 1573 2906 1632 praeter
2963 1563 3216 1622 Verbum.
3249 1587 3269 1620 ι
3332 1569 3459 1626 Haec

1867 1654 2159 1707 allirmanti
2193 1652 2472 1719 Marcello,
2512 1655 2676 1709 talem
2709 1658 3002 1724 quamdam
3030 1660 3461 1732 interrogatiun-

1867 1745 2043 1800 culam
2070 1758 2373 1814 proponere
2404 1760 2510 1800 non
2535 1747 2834 1802 absurdum
2868 1747 3062 1804 fuerit:
3087 1749 3154 1804 Et
3184 1754 3456 1810 undeuam

1868 1839 2060 1901 nobis,
2115 1854 2149 1893 ο
2184 1840 2325 1894 bone
2384 1844 2443 1902 ›Ι‹
2478 1847 2559 1907 tu,
2619 1839 2722 1895 boc
2780 1840 2957 1911 ipsum
3009 1841 3140 1896 nihil
3195 1845 3346 1898 aliud
3399 1858 3457 1902 et

179 1932 358 2002 γενής
380 1928 460 2002 ἦν
486 1931 633 1998 Υἱὸς,
687 1933 779 1984 καὶ
801 1933 900 1985 ὅσα
936 1931 1283 1984 κατεὶλεκται
1308 1932 1505 2001 ἓτερας
1545 1933 1667 1984 Ὀτι
1706 1929 1753 1984 δὲ

1865 1931 2034 1984 solum
2063 1931 2362 2001 proponis?
2394 1931 2523 1987 lllud
2558 1940 2709 1987 certe
2739 1953 2752 1988 :
2781 1931 2848 1987 In
2872 1935 3134 2003 principio
3169 1946 3284 1991 erat
3325 1935 3454 1993 Ver-

176 2025 362 2092 Λότος
387 2019 455 2096 ἦν
481 2025 695 2093 μόνον,
725 2024 820 2077 καὶ
858 2023 1012 2075 οὐδὲν
1046 2024 1231 2093 ἕτερον
1257 2024 1289 2094 ἢ
1321 2023 1530 2091 Λόγος,
1571 2023 1671 2076 οὐκ
1694 2021 1761 2076 ἂν

176 2113 289 2184 ῐχοι
321 2133 405 2180 τις
429 2116 718 2185 εἰρημένον
743 2115 1042 2179 ἀποδεῖξαι.
1076 2115 1246 2167 Πόθεν
1266 2111 1358 2166 οὖν
1392 2115 1453 2166 τὸ
1473 2115 1572 2183 τῆς
1588 2130 1759 2186 προσ-

179 2205 356 2277 θήκης
380 2205 675 2276 τόλμιημω
713 2206 810 2258 Διὰ
839 2207 891 2257 τί
918 2205 1025 2278 γὰρ
1049 2206 1168 2276 οὐχ).
1199 2205 1401 2276 μᾶλλον
1439 2205 1565 2257 Υἰὸν
1594 2205 1660 2258 ἀν
1676 2221 1759 2266 τις

176 2298 320 2353 εἴποι
347 2299 512 2352 αὐτὸν
560 2299 740 2368 μόνον,
792 2298 885 2350 xal
911 2297 1062 2350 οὐδὲν
1089 2299 1275 2368 ἕτερον
1302 2297 1333 2368 ἦ
1366 2298 1525 2361 Υξόν;
1576 2298 1675 2351 Διά
1705 2297 1757 2350 τί

174 2393 233 2446 δὲ
263 2395 324 2447 οὐ
359 2394 494 2446 Θεὸν
524 2393 618 2446 καί
644 2393 799 2446 οὐδὲν
827 2391 1014 2463 ἕτερον
1039 2392 1072 2463 ἢ
1111 2392 1242 2445 Θεόν
1271 2409 1284 2457 ;
1321 2391 1478 2445 διὰτί
1515 2391 1589 2462 μὴ
1641 2393 1759 2461 φῶς

173 2485 268 2541 τοῦ
303 2486 532 2556 κόσμου,
566 2487 660 2540 καὶ
679 2486 833 2539 οὐδὲν
868 2486 1054 2557 ἕτερον
1089 2486 1122 2557 ἢ
1161 2484 1359 2551 τοῦτο;
1389 2484 1478 2538 διὰ
1503 2485 1555 2537 τί
1584 2485 1641 2538 δὲ
1681 2483 1756 2556 μὴ

175 2579 340 2652 ζωὴν,
365 2579 461 2632 καὶ
486 2578 638 2631 οὐδὲν
685 2578 902 2648 ἓτερον;
945 2579 1040 2631 καὶ
1083 2577 1176 2631 ἐπὶ
1210 2576 1317 2629 τῶν
1354 2577 1755 2647 παραπλησίων

174 2672 286 2744 (22)
315 2673 512 2726 ταύτὸν
542 2673 605 2726 ἄν
635 2687 720 2735 τις
755 2669 1073 2724 δικαιότατα
1107 2670 1173 2723 ἂν
1203 2669 1555 2742 προτείνειεν.
1617 2669 1754 2722 ’Λλλ’

171 2761 360 2835 ὥσπερ
382 2764 446 2817 ἄν
483 2780 588 2828 τις,
614 2764 663 2816 ει
704 2762 862 2816 τοῦτο
893 2762 1062 2830 λέγοι,
1107 2762 1366 2832 ὲλέγχοιτ¹
1415 2763 1480 2816 ἂν
1507 2763 1756 2833 ἀμαρτά-

172 2872 278 2908 νων
305 2854 504 2925 (πάντα
543 2855 652 2926 γὰρ
675 2854 886 2925 ἀθρόως
921 2854 1036 2905 ἐστὶ
1066 2852 1258 2919 ταῦτα,
1289 2848 1368 2915 εἷς
1402 2851 1476 2906 ὢν
1503 2854 1628 2915 Υἱὸς
1658 2851 1751 2904 τοῦ

169 2943 327 3011 θεοῦ,
349 2948 443 3000 καὶ
471 2946 522 2999 εἶ
546 2964 601 3000 τι
633 2945 840 2999 τούτων
884 2944 1177 3015 ἀνώτερον,
1208 2943 1327 2997 καθ’
1359 2945 1596 3014 ἑκάστην
1631 2942 1752 2996 επί-

174 3056 321 3092 νοιαν
349 3040 458 3094 τῶν
494 3042 552 3094 ὲν
585 3039 733 3110 αὐτῷ
763 3038 960 3094 θεῐκῶν
1009 3039 1289 3109 δυνάμεων
1341 3039 1612 3108 διαψόρων
1660 3039 1754 3091 καὶ

173 3130 283 3185 τῶν
314 3133 626 3204 ἐπῆγοριῶν
650 3132 998 3203 ἠξιωμένος),
1029 3131 1170 3185 οὕτω
1200 3132 1292 3184 καὶ
1328 3132 1418 3183 ἐπὶ
1434 3129 1524 3184 τοῦ
1555 3132 1748 3199 Λόγου,

170 3227 200 3278 6
226 3225 332 3296 φὰς
367 3227 527 3297 μόνον
575 3227 747 3294 Λόγον
795 3227 958 3280 αὐτὸν
1012 3220 1151 3278 εἶναι
1209 3227 1305 3278 καὶ
1341 3223 1493 3277 οὐδὲν
1541 3224 1748 3295 ἕτερον,

1865 2027 2012 2091 bum,
2039 2037 2292 2082 accurate
2326 2028 2598 2083 novimus.
2655 2027 2763 2085 Sed
2804 2045 2914 2085 non
2955 2032 3089 2086 illud
3127 2034 3328 2098 solum,
3354 2037 3452 2090 sed

1861 2119 1991 2187 quid
2033 2117 2545 2188 quaeso?Nimirum
2579 2137 2596 2176 :
2627 2129 2686 2176 et
2741 2120 2885 2176 Deus
2934 2133 3049 2178 erat
3116 2122 3364 2192 Verbum,
3396 2136 3452 2180 et

1861 2215 1956 2266 tua:
1990 2223 2104 2266 erat
2141 2212 2455 2268 illuminans
2487 2231 2694 2268 omnem
2748 2215 3013 2270 hominem
3061 2219 3353 2272 venientem
3389 2221 3447 2274 in

1859 2304 2000 2357 hunc
2033 2302 2285 2358 oriundum
2314 2322 2334 2360 :
2353 2314 2408 2358 et
2435 2315 2553 2360 erat
2586 2309 2889 2376 unigenitue
2930 2306 3110 2364 Filius
3137 2310 3204 2364 ”.
3233 2308 3300 2363 Et
3326 2326 3449 2379 qua

1861 2405 2061 2460 preter
2099 2396 2200 2449 ista
2231 2395 2335 2450 alia
2373 2396 2688 2453 referuntur
2720 2401 2962 2455 nomina.
3009 2403 3080 2455 At
3134 2402 3279 2470 quod
3313 2400 3449 2457 Ver-

1858 2488 1985 2540 bum
2019 2495 2138 2542 erat
2169 2490 2365 2554 solum,
2401 2503 2577 2558 neque
2615 2492 2913 2561 quidquam
2957 2503 3155 2561 praeter
3197 2491 3446 2558 Verbum,

1859 2594 2018 2633 nemo
2053 2579 2334 2634 hominum
2377 2580 2582 2633 dictum
2640 2597 2763 2636 esse
2807 2591 2987 2651 potest
3040 2583 3444 2638 demonstrare.

1863 2669 2012 2724 Unde
2056 2670 2230 2724 audax
2262 2685 2393 2737 ergo
2436 2671 2568 2724 illud
2599 2672 3053 2736 additamentum,
3093 2673 3278 2728 solius.
3336 2673 3450 2728 Cur

1857 2780 1964 2817 non
1997 2765 2177 2834 potius
2203 2762 2402 2818 Filium
2437 2765 2562 2834 quis
2598 2763 2834 2832 appellet
2862 2778 2985 2817 eum
3031 2765 3236 2832 solum,
3267 2780 3447 2835 neque

1854 2856 2149 2924 quidquam
2197 2866 2395 2924 printer
2441 2855 2686 2909 Filium?
2723 2856 2831 2910 Cur
2882 2872 2988 2910 non
3040 2855 3233 2920 Deum,
3267 2872 3448 2927 neque

1853 2948 2151 3017 quidquam
2195 2957 2393 3017 praeter
2443 2947 2653 3002 Deum?
2692 2947 2804 3002 Cur
2842 2963 2949 3002 non
2998 2948 3188 3002 mundi
3239 2949 3442 3013 lucem,

1853 3055 2030 3108 neque
2075 3039 2368 3109 quidquam
2420 3057 2617 3110 praeter
2662 3041 2880 3094 lucem?
2919 3039 3030 3095 Cur
3083 3056 3189 3096 non
3254 3040 3439 3107 vitam,

1857 3147 2031 3200 neque
2055 3132 2349 3202 quidquam
2382 3140 2590 3201 praeter
2631 3134 2843 3186 vitam?
2870 3132 3156 3198 Quomodo
3183 3133 3350 3186 etiam
3382 3132 3438 3186 in

1855 3223 2091 3284 caeteris,
2127 3237 2227 3278 nec
2256 3222 2536 3277 immerito
2567 3223 2712 3292 loqui
2744 3224 3065 3278 nobislicet.
3105 3224 3215 3279 Sed
3249 3239 3442 3293 quem-

175 3316 505 3386 σφάλλεσθαι
539 3315 606 3370 ἂν
645 3317 857 3400 λέγοιτο
909 3319 1166 3381 εἰκότωςο
1207 3317 1366 3388 μόνου
1401 3316 1511 3386 γὰρ
1539 3314 1632 3368 τοῦ
1662 3315 1753 3368 εὑ-

1858 3315 2150 3370 admodum
2201 3315 2249 3370 is
2287 3315 2380 3383 qui
2424 3316 2530 3368 ista
2575 3316 2774 3370 dixerit
2823 3330 3015 3370 errare
3045 3319 3285 3386 graviter
3309 3332 3443 3370 con-

169 3407 492 3476 αγγελιστοῦ
538 3410 784 3464 Ἰωάννου
833 3414 1030 3480 Λόγον
1075 3411 1238 3465 αὐτὸν
1291 3409 1750 3473 ἀποκαλέσαντος,

168 3501 263 3554 καὶ
293 3502 352 3554 οὐ
378 3502 537 3555 τοῦτο
567 3504 746 3572 μόνον,
767 3503 904 3556 ἀλλά
927 3504 1021 3556 καὶ
1053 3504 1246 3574 ἕτερα·
1284 3501 1378 3555 τοῦ
1410 3502 1467 3555 δὲ
1500 3502 1753 3571 Σωτῆρος

163 3593 309 3663 φῶς,
342 3597 436 3649 κα)⁸
463 3595 743 3665 ἀλήθειαν,
771 3597 863 3649 κα)⁸
895 3594 1069 3664 ζωὴν,
1118 3597 1212 3648 καὶ
1248 3593 1548 3665 μονογενῆ
1593 3594 1748 3658 Υὶὸν,

164 3687 258 3739 καὶ
289 3687 356 3741 τὰ
391 3688 554 3742 λοιπά
582 3688 776 3741 ἑαυτὸν
804 3688 1141 3751 ἀνειπόντος,
1174 3689 1368 3755 Λόγον
1401 3686 1454 3740 δὲ
1473 3684 1748 3756 οὐδαμῶς,

161 3779 281 3842 πῶς
307 3781 410 3833 οὐκ
431 3780 632 3834 ἄτοπον
667 3781 780 3852 (25)
808 3783 900 3834 ἐπὶ
931 3782 1030 3852 μὲν
1077 3775 1152 3835 ὧν
1179 3782 1342 3844 αὐτὸς
1387 3781 1578 3834 ἑαυτὸν
1616 3781 1751 3834 ὠνό-

163 3887 327 3940 μασε,
365 3874 441 3942 μὴ
470 3871 647 3940 λέγειν
677 3873 734 3926 ἓν
785 3871 994 3926 τούτων
1029 3869 1169 3927 εἶναι
1215 3874 1312 3926 κα)⁹
1354 3873 1508 3927 οὐδὲν
1537 3873 1747 3946 ἕτερον,

159 3961 254 4014 ἐπὶ
281 3961 340 4015 δὲ
370 3962 473 4030 τῆς
501 3963 596 4015 τοῦ
627 3962 1016 4032 εὐαγγελιστοῦ
1049 3966 1178 4035 περὶ
1202 3964 1367 4017 αὐτοῦ
1405 3965 1611 4036 φωνῆς,
1649 3965 1749 4035 τῆς

158 4054 356 4123 Λόγον
377 4054 540 4107 αὐτὸν
583 4054 930 4126 ἀνειπούσῆς,
964 4055 1424 4120 διαϐεϐαιοῦσθαι,
1474 4058 1549 4120 ὡς
1597 4058 1747 4112 οὐδὲν

155 4142 344 4214 ἓτερον
381 4140 452 4215 ἦν
482 4145 515 4216 ἢ
547 4148 771 4217 Λόγος;
823 4147 982 4200 ’Λλλά
1026 4151 1121 4201 καὶ
1175 4149 1399 4221 κυρίως,
1438 4150 1594 4221 φησὶ,
1652 4150 1747 4203 καὶ

155 4235 378 4308 ἀληθῶς
402 4237 513 4307 (24)
545 4239 808 4310 ὑπάρχων
832 4239 966 4300 Θεός
989 4257 1002 4270 ⁸
1052 4241 1113 4292 οὐ
1144 4241 1254 4312 γὰρ
1285 4240 1349 4312 δὴ
1387 4241 1576 4312 ἕτερος
1613 4237 1680 4312 ἦν
1717 4243 1745 4293 6

155 4329 330 4397 Λόγον
353 4329 518 4383 αὐτὸν
543 4330 801 4395 ἀνειπὼν,
828 4331 1015 4402 ἔτερος
1044 4332 1099 4384 δὲ
1127 4335 1156 4386 6
1193 4331 1326 4386 Θεὸν
1358 4333 1702 4397 ἀποκαλέσας
1726 4351 1739 4362 ·

154 4415 235 4483 εἷς
261 4419 320 4473 δὲ
351 4422 449 4474 καὶ
493 4423 522 4474 6
572 4421 753 4486 αὐτός.
806 4422 1214 4495 Εὐαγγελιστὴς
1253 4424 1388 4494 όμοῦ
1437 4426 1531 4478 καὶ
1571 4426 1742 4494 Λόγον

153 4514 320 4569 αὐτὸν
343 4515 606 4580 ἐδίδαξεν,
631 4515 800 4570 εἰπών
821 4533 834 4545 ο
854 4517 963 4572 Καὶ
1004 4519 1150 4584 Θεὸς
1182 4514 1261 4589 ἦν
1293 4521 1324 4571 ό
1365 4520 1592 4589 Λόγος-⁸
1628 4521 1656 4572 6
1696 4518 1740 4571 δ’

153 4611 318 4674 αὐτὸς
348 4613 446 4664 καὶ
469 4611 586 4681 φῶς
615 4613 776 4666 αὑτὸν
809 4611 1082 4682 ὠνόμασε.
1124 4612 1224 4664 Διά
1253 4612 1305 4665 τι
1364 4608 1456 4666 οὖν
1509 4613 1583 4684 μὴ
1638 4629 1738 4665 κυ-

155 4702 284 4772 ρίως
310 4705 408 4758 καὶ
429 4703 646 4776 ἀληθῶς
671 4705 818 4768 Υἱὸν,
857 4706 1139 4775 μονογενῆ,
1176 4705 1267 4758 καὶ
1291 4705 1390 4757 ὅσα
1417 4703 1550 4758 ἄλλα
1579 4704 1740 4768 αὐτὸς

120 4797 179 4872 ⁸ό
205 4795 476 4868 δεσπότης
498 4798 593 4852 καὶ
621 4797 812 4868 Σωτὴρ
831 4796 926 4849 τοῦ
972 4795 1357 4864 εὐαγγελιστοῦ
1393 4797 1520 4870 περὶ
1543 4795 1737 4849 ἑαυτοῦ

155 4888 618 4960 μεμαρτύρηκεν;
661 4890 719 4942 ὐ
760 4888 816 4941 δὲ
861 4889 1038 4942 πάντα
1090 4889 1306 4959 παρεὶς,
1355 4888 1514 4958 μόνον
1564 4888 1736 4954 Λόγον

151 4979 315 5032 αὐτὸν
341 4980 546 5051 κυρίως
576 4983 667 5034 καὶ
699 4981 916 5052 ἀληθῶς
947 4981 1213 5051 ὑπάρχειν
1254 4982 1406 5051 φησί.
1442 4982 1547 5034 Καὶ
1576 4997 1737 5052 προσ-

149 5069 390 5142 τίθησιν,
424 5072 500 5134 ὡς
526 5071 632 5142 ἄρα
669 5073 828 5143 μόνον
873 5072 957 5142 εἴη
988 5073 1179 5141 Λόγος.
1225 5073 1502 5126 Ἐντεῦθεν
1546 5073 1602 5126 δὲ
1632 5091 1732 5126 κα·

147 5166 418 5218 ταπιπτει
456 5165 549 5217 ἐπὶ
579 5164 678 5237 τὴν
715 5165 809 5219 τοῦ
836 5166 1176 5238 ἀνθρωπείου
1212 5167 1372 5234 λόγου
1417 5167 1730 5239 ὁμοιότητα.

1859 3410 2108 3462 vincetur
2150 3407 2614 3476 (quandoquidem
2688 3407 2734 3462 is
2781 3410 2871 3476 qui
2924 3422 3064 3462 unus
3111 3417 3195 3462 est
3244 3416 3300 3463 et
3342 3408 3438 3465 Dei

1855 3498 2049 3565 Filius,
2088 3501 2242 3555 bisce
2285 3499 2544 3556 omnibus
2594 3499 2911 3555 nominibus
2952 3498 3276 3570 appelletur,
3335 3515 3438 3556 nec

1855 3591 2007 3646 liisce
2049 3602 2279 3658 tantum,
2313 3592 2410 3648 sed
2442 3592 2563 3652 aliis
2611 3591 2799 3646 multis
2825 3601 3023 3661 prater
3051 3592 3154 3645 ista
3192 3601 3248 3646 et
3286 3591 3439 3648 bisce

1854 3684 2025 3754 magis
2065 3683 2264 3739 divinis
2327 3683 2534 3748 forsan,
2587 3692 2748 3753 prout
2789 3683 3160 3738 diversimodo
3192 3683 3438 3738 divinam

1854 3777 2025 3846 ipsius
2055 3785 2378 3846 potestatem
2407 3785 2463 3830 et
2491 3776 2746 3828 virtutem
2791 3775 3299 3845 apprelieudimns).
3358 3775 3439 3830 ita

1851 3885 2068 3940 quoque
2099 3878 2152 3924 et
2187 3885 2312 3924 eum
2347 3871 2438 3939 qui
2492 3866 2728 3922 Verbum
2779 3867 2929 3922 illum
2978 3867 3153 3922 solum
3205 3869 3440 3938 appella-

1851 3963 2012 4025 verit,
2044 3975 2218 4030 neque
2242 3961 2386 4015 aliud
2430 3959 2728 4030 quidquam
2774 3969 2973 4028 praeter
3017 3959 3273 4024 Verbum,
3318 3976 3437 4015 om-

1850 4056 1977 4109 nino
2019 4054 2130 4108 falli
2182 4068 2406 4108 necesse
2434 4062 2518 4108 est
2539 4062 2592 4106 et
2622 4067 2835 4108 errare.
2858 4051 2992 4107 Cum
3024 4053 3169 4107 enim
3195 4051 3436 4109 Joannes

1847 4145 2184 4215 evangelista
2240 4145 2390 4200 solus
2439 4147 2619 4214 ipsum
2679 4143 2919 4213 appellet
2961 4142 3214 4208 Verbum,
3257 4160 3437 4217 neque

1861 4239 2084 4292 Verbum
2116 4239 2310 4303 solum,
2335 4238 2429 4292 sed
2465 4236 2650 4292 multis
2676 4237 2797 4291 aliis
2824 4237 3140 4292 nominibus
3161 4239 3430 4309 designet;

1845 4347 2081 4402 cumque
2126 4336 2243 4402 ipse
2289 4347 2348 4386 se
2379 4328 2662 4395 Servatur,
2701 4330 2872 4383 lucem
2916 4331 3182 4394 nominet,
3217 4341 3273 4385 et
3300 4332 3433 4386 veri-

1845 4435 2029 4488 tatem,
2069 4435 2124 4478 et
2181 4424 2360 4488 vitam,
2419 4434 2474 4478 et
2537 4423 2888 4492 unigenitum,
2941 4433 2995 4476 et
3039 4420 3265 4488 Filium,
3297 4439 3428 4479 nus-

1842 4531 2004 4586 quam
2075 4531 2206 4570 vero
2264 4515 2488 4572 Verbum
2541 4528 2560 4567 :
2621 4515 2899 4584 quomodo
2962 4530 3069 4570 non
3132 4516 3426 4571 absurdum

1845 4611 2009 4666 fuerit
2067 4611 2203 4665 nihil
2234 4610 2451 4681 quidem
2483 4624 2671 4663 eorum
2705 4608 2962 4680 allegare,
3003 4608 3201 4678 quibus
3225 4623 3284 4663 se
3314 4611 3428 4678 ipse

1849 4703 2174 4774 insignivit?
2221 4717 2394 4772 neque
2441 4703 2626 4756 dicere
2676 4702 2847 4771 ipsum
2899 4702 2970 4756 ita
3004 4704 3073 4756 ab
3132 4702 3238 4756 illis
3263 4717 3425 4756 voca-

1849 4805 1984 4863 tntn,
2021 4805 2076 4850 et
2101 4795 2247 4849 nullo
2274 4796 2378 4849 alio
2425 4795 2678 4860 nomine;
2710 4795 2964 4849 insistere
2993 4804 3172 4849 autem
3204 4795 3257 4848 in
3296 4810 3427 4850 voce

1847 4886 1962 4952 illa,
2005 4885 2254 4953 Verbum,
2298 4887 2442 4955 quod
2476 4886 2542 4941 de
2594 4886 2711 4956 ipso
2758 4888 3038 4956 usurpavit
3067 4886 3424 4956 evangelista,

1842 4989 1896 5035 et
1921 4987 2238 5035 constanter
2273 4976 2565 5043 allirmare,
2599 4977 2737 5033 nibil
2787 4994 2912 5033 eum
2947 4993 3070 5033 esse
3104 4980 3250 5034 aliud
3290 4994 3427 5049 pra-

1843 5085 1928 5128 ter
1973 5071 2226 5129 Verbum?
2253 5072 2367 5126 lmo
2391 5087 2542 5135 vero,
2573 5069 2768 5138 inquit,
2806 5069 3028 5140 proprie
3067 5080 3229 5138 atque
3257 5072 3428 5127 veris-

1845 5166 1982 5222 sime
2022 5176 2141 5221 erat
2178 5165 2321 5222 Deus
2369 5163 2627 5229 Verbum,
2675 5177 2797 5217 nam
2838 5177 2943 5218 non
2979 5173 3099 5218 erat
3134 5164 3226 5218 ille
3260 5165 3422 5231 alius,

148 5262 241 5333 qui
273 5261 516 5319 Verbum
555 5264 730 5334 ipsum
773 5264 930 5332 dixit,
957 5266 1096 5322 alius
1133 5267 1224 5336 qui
1266 5266 1432 5322 Deum
1474 5266 1796 5336 nominavit,
1838 5267 1932 5322 sed
1981 5266 2122 5321 idem
2174 5274 2336 5336 atque
2379 5277 2517 5317 unus
2565 5258 2897 5331 evangelista
2933 5275 2951 5316 :
3002 5260 3164 5316 simul
3198 5271 3254 5316 et
3289 5261 3426 5317 Ver-

223 5403 282 5460 ›Ῑ‹
318 5395 418 5452 Ed.
451 5395 652 5464 Paris.,
685 5414 803 5470 pag.
831 5398 933 5453 H7

216 5493 267 5526 ”
292 5490 451 5548 Joan.
477 5507 514 5556 i,
543 5492 598 5558 9,
630 5492 716 5548 li.

151 5605 245 5658 καὶ
269 5606 364 5677 ἐπὶ
393 5605 946 5677 τῶνπαραπλησίων,
976 5605 1169 5659 ταύτὸν
1201 5607 1266 5660 ἄν
1303 5623 1386 5671 τις
1417 5608 1727 5661 δικαιότατα

151 5675 507 5748 προτείνειεν.
539 5675 621 5729 M.
639 5707 709 5719 ——
742 5675 883 5748 Intra
909 5677 1064 5748 vulgo
1089 5677 1292 5748 ἐγραχε
1310 5693 1364 5733 et
1389 5679 1619 5733 τοίανδε.

225 5745 338 5819 (2θ)
361 5746 542 5819 _Vulgo
573 5745 904 5819 προστιθείς.

223 5815 336 5880 (21)
361 5815 486 5870 Hac
508 5815 797 5870 omieodd.

223 5879 336 5958 (22)
371 5884 538 5958 Vulgo
571 5887 793 5960 ταύτην,
821 5886 924 5960 Μρ.
955 5888 1187 5944 ταὺτων.

1909 5606 2021 5675 (25)
2058 5607 2387 5675 Ἐπιμενων
2400 5605 2584 5671 αὐτὸς
2607 5605 2857 5675 ἑαυτόν,
2881 5602 3085 5675 liivide,
3123 5601 3263 5675 male
3291 5619 3421 5660 ωιι-

1831 5672 2041 5746 Ῑυιιιξάι,
2077 5677 2170 5728 ἐπὶ
2189 5672 2300 5746 μὲν
2329 5674 2404 5729 ὢν
2430 5677 2613 5741 αὐτὸς.
2636 5674 2722 5746 7M.
2754 5673 2965 5746 —V[Sric
2991 5684 3045 5727 et
3078 5672 3262 5746 codd]

1906 5746 2019 5828 βό)
2070 5742 2376 5828 ’ζ’πᾷρχωγ
2420 5748 2586 5816 Θεός.
2631 5745 2772 5828 Lege
2801 5742 3038 5828 ,ὑπῆρχε
3083 5742 3415 5828 Θεόρίξῑαιι..

1832 5817 2003 5941 ερξυες
2031 5814 2284 5944 vnltnlioe
2311 5822 2512 5887 dicere,
2541 5814 2749 5885 statim,
2800 5814 2938 5885 lege,
2967 5814 3053 5868 διὰ
3104 5815 3198 5870 τοῦ
3246 5815 3420 5889 εὐαγ-

1833 5905 1893 5944 γε
1933 5904 2099 5943 ιστου.
2184 5925 2195 5942 .

1833 5904 2099 5958 γελιστον.
2127 5904 2195 5944 at.
