4106 6430
200 397 316 454 9-35

1139 393 1231 449 DE
1271 390 1812 449 ECCLESIASTICA
1854 388 2254 446 TllEOLOGlA
2290 389 2423 444 ΜΒ.
2465 387 2528 445 Il.

3390 390 3496 448 936

201 517 410 583 καλλος
443 518 544 590 τὴν
577 516 876 570 ὗπόστασιν
901 510 998 567 τοῦ
1042 510 1363 583 μονογενοῦς
1395 510 1528 564 Υἱοῦ
1553 511 1647 563 τοῦ
1668 509 1804 562 Θεοῦ

1908 521 2052 570 sunt,
2099 518 2150 561 et
2198 507 2311 560 sine
2358 509 2471 570 ipso
2529 507 2733 574 factum
2786 516 2866 558 eat
2910 504 3044 558 nihil
3087 505 3157 558 ".
3205 504 3262 559 In
3317 519 3496 575 eoque

203 611 486 685 ἀναιρῶν,
515 609 606 663 τὸν
635 606 778 660 θεῖον
803 603 1195 674 εὐαγγελιστην
1220 603 1320 673 τῆς
1349 601 1546 656 ἑαυτοῦ
1573 603 1801 656 κακοδο-

205 702 335 770 ξίας
393 701 749 775 μαρτύρεται,
783 698 861 763 ὡς
899 696 1053 752 οὐδὲν
1083 696 1274 766 ἕτερον
1311 696 1472 748 αὑτὸν
1505 695 1806 763 ἐπιστάμε-

205 813 304 852 νον
335 797 372 867 ἢ
399 796 596 863 Λόγον,
634 793 768 846 ποτὲ
797 791 896 862 μὲν
923 787 1271 860 ἐνεργοῦντα,
1289 787 1478 842 ἄλλοτε
1506 785 1564 839 δὲ
1597 784 1804 856 ἡσυχά-

206 887 382 952 ζοντα
404 889 465 940 ὲν
487 884 573 958 τῷ
595 883 737 955 Θεῷ,
767 882 862 938 καὶ
886 880 1046 937 οὐδὲν
1074 880 1260 952 ἕτερον
1281 878 1411 933 δντα
1443 877 1477 950 ἢ
1514 877 1676 931 αὑτὸν
1713 876 1804 930 τὸν

205 979 374 1035 Θεόν.

1905 601 2124 662 dicitur,
2177 610 2230 653 et
2285 597 2428 651 Deus
2476 607 2590 652 erat
2635 594 2882 659 Verbum,
2921 613 3025 650 non
3073 597 3272 652 dividit
3315 597 3492 652 deita-

1901 702 2028 754 tem,
2083 691 2340 759 quoniam
2385 689 2438 741 in
2492 689 2615 757 ipso
2663 697 2785 742 erat
2823 687 3089 750 Verbum,
3129 697 3187 742 et
3231 687 3348 756 ipse
3373 698 3496 743 erat

1901 785 1955 838 in
2011 782 2207 837 Verbo.
2261 781 2328 836 In
2384 797 2465 835 me
2508 781 2671 842 enim,
2725 780 2925 849 inquit,
2965 779 3149 844 Pater,
3199 792 3248 834 et
3295 796 3389 849 ego
3438 780 3493 834 in
3596 787 3606 794 ‘

1907 873 2068 929 Patre
2117 874 2185 928 ”.
2239 873 2530 929 Marcellus
2580 888 2676 942 per
2725 873 2839 927 haec
2889 882 2965 926 tot
3015 880 3070 926 et
3124 882 3275 926 tanta
3319 873 3496 926 subsi-

1907 969 2161 1022 stentiam
2231 965 2492 1034 unigeniti
2564 965 2657 1019 Dei
2707 963 2828 1018 Filii
2886 964 3082 1019 tollens
3128 974 3324 1018 testem
3380 978 3494 1016 sua:

209 1070 495 1127 haeretica
544 1083 832 1140 pravaeqne
892 1065 1170 1137 opinionis
1224 1065 1356 1119 citat
1407 1064 1829 1130 evangelistam,
1873 1060 2026 1130 quasi
2081 1059 2219 1114 nihil
2283 1058 2429 1112 aliud
2459 1059 2549 1113 ille
2579 1059 2845 1113 voluisset
2884 1057 3134 1128 intelligi,
3163 1073 3325 1129 quam
3363 1059 3496 1115 Ver-

207 1164 372 1229 bum,
433 1176 580 1218 nunc
640 1160 1008 1231 operativum,
1051 1157 1340 1225 quiescens
1374 1156 1511 1211 alias
1555 1154 1608 1209 in
1666 1155 1794 1218 Deo,
1835 1169 1934 1208 nec
1961 1151 2256 1223 quidquam
2291 1150 2436 1205 aliud
2461 1150 2737 1205 exsistens
2763 1165 2936 1218 quam
2956 1152 3148 1206 Deum.

864 1251 1024 1304 ΚΕΦ.
1052 1249 1153 1303 lB'.

209 1344 354 1400 ὀτι
399 1343 510 1415 μὴ,
554 1344 653 1415 ὡς-
678 1341 873 1415 ἐδόκει
910 1338 1262 1415 Μαρκέλλῳ,
1287 1342 1336 1415 ,ό
1370 1336 1806 1415 si?thth

376 1408 498 1483 ἑὴό*
527 1408 660 1481 περὶ
690 1411 798 1465 τοῦ
835 1412 1030 1480 Λότου
1059 1410 1376 1478 θεολογίαν
1401 1408 1660 1473 ἐξέθετο.

287 1507 490 1562 Καίτοι
518 1507 548 1558 ό
578 1505 753 1574 μέγας
784 1501 1197 1572 εὐαγγελιστὴς,
1233 1501 1350 1572 ἃμα
1396 1501 1491 1555 καὶ
1533 1499 1804 1570 θεολόγος,

210 1598 408 1670 τρίτον
436 1598 496 1649 ὲν
521 1593 703 1665 ταύτῷ
731 1591 1110 1665 μνημονεύσας
1146 1590 1242 1644 τοῦ
1272 1591 1448 1659 Λόγου
1474 1630 1490 1656 ,
1519 1590 1626 1644 οὐδ’
1657 1589 1805 1657 ἅπαξ

210 1687 446 1760 εῐρηκεν
469 1683 632 1738 αὑτὸν
661 1683 795 1738 Θεοῦ
819 1683 1011 1753 Λόγον.
1042 1683 1118 1736 Οὐ
1153 1682 1262 1752 γὰρ
1290 1676 1465 1744 εἷπεν,
1512 1683 1609 1736 ’Er
1641 1678 1803 1750 ἀρχῇ

2535 1242 2690 1298 CAP.
2741 1240 2858 1297 XII.

1909 1337 2070 1406 Quod
2087 1353 2212 1404 non,
2254 1346 2310 1389 ut
2336 1334 2586 1406 Marcello
2607 1335 2898 1397 videbatur,
2918 1333 3238 1406 theologiam
3259 1335 3326 1391 de
3345 1331 3493 1390 Filio

2357 1405 2684 1473 evangelista
2744 1407 3038 1475 proposuit.

1976 1499 2203 1571 Magnus
2223 1497 2503 1552 enimvero
2537 1497 2868 1568 evangelista
2902 1496 3065 1552 simul
3095 1507 3151 1552 et
3185 1497 3492 1566 theologus,

1909 1604 1991 1648 ter
2015 1607 2141 1646 cum
2174 1589 2337 1646 Verbi
2364 1589 2698 1644 mentionem
2731 1589 2834 1644 hoc
2855 1588 2911 1643 in
2953 1587 3072 1645 loco
3100 1587 3290 1656 faciat,
3321 1605 3390 1644 ne
3414 1607 3496 1646 εε-

1862 1743 1869 1750 ,
1912 1685 2016 1740 mel
2040 1683 2261 1754 quidem
2304 1681 2541 1752 appellat
2571 1695 2696 1736 eum
2727 1671 2821 1735 Dei
2861 1681 3128 1737 Verbum.
3152 1671 3274 1736 Non
3307 1681 3506 1752 utique»

208 1776 297 1849 ἦν
318 1782 355 1835 ό
383 1778 493 1834 τοῦ
515 1778 664 1833 Θεοῦ
697 1778 888 1847 Λόγος
911 1795 925 1807 ·
958 1776 1074 1830 ἀλλ’
1100 1776 1387 1848 ἀορίστως,
1427 1776 1524 1828 Ἑν
1546 1772 1704 1844 ἀρχῇ
1727 1769 1808 1844 ἦν

1908 1776 2066 1840 dixit,
2101 1774 2168 1829 In
2203 1774 2458 1843 principio
2481 1784 2596 1829 erat
2630 1771 2851 1828 Verbum
2877 1774 3018 1829 Dei:
3045 1775 3140 1830 sed
3172 1783 3382 1830 tantum
3408 1774 3504 1828 in-

214 1870 249 1919 ό
278 1868 498 1938 Λόγοςο
529 1869 663 1938 ἡμῖν
693 1863 1004 1920 καταλιπὼν
1047 1866 1228 1936 ζητεῖν
1251 1866 1432 1929 ὁποῖος
1461 1859 1529 1935 ἧν
1560 1866 1589 1916 ό
1612 1864 1803 1932 Λόγος.

215 1956 332 2010 Καὶ
359 1956 549 2023 πάλιν,
580 1957 678 2010 καί
718 1959 752 2011 ό
785 1958 978 2027 Λόγος
1106 1955 1256 2025 ,πρὸς
1294 1955 1402 2009 τὸν
1441 1955 1612 2018 Θεὸν,
1659 1951 1804 2018 εἰπε,

213 2048 522 2120 δυνάμενος
547 2050 744 2114 εἰπεῖν,
775 2048 874 2102 καί
909 2053 941 2103 ό
967 2052 1159 2118 Λόγος
1195 2048 1301 2103 τοῦ
1329 2045 1476 2102 Θεοῦ
1511 2042 1591 2117 ἦν
1614 2047 1684 2100 ἐν
1726 2045 1808 2112 τῷ

217 2125 368 2205 Θὲᾧ·
397 2139 556 2203 ἀλλὰ,
588 2140 688 2194 καί
719 2139 863 2207 Θεὸς
886 2136 965 2210 ἦν
989 2144 1022 2195 ό
1038 2142 1250 2210 Λόγος,
1273 2139 1417 2211 οὐχὶ,
1434 2139 1532 2192 καὶ
1555 2137 1703 2193 Θεοῦ
1726 2132 1810 2208 ἦν

215 2232 246 2284 ὀ
265 2231 482 2300 Λόγος,
501 2229 625 2303 ἔφη,
661 2231 748 2284 ῐνα
771 2231 847 2303 μὴ
861 2231 955 2284 τοῦ
967 2231 1100 2285 Θεοῦ
1127 2229 1407 2302 ἐνέργειαν
1427 2246 1567 2295 τινα,
1599 2245 1810 2300 σημαν-

215 2325 383 2395 τικήν
413 2341 562 2390 τινος
601 2324 634 2395 ἢ
688 2326 979 2396 ποιητικὴν
1021 2320 1160 2378 εἶναι
1209 2324 1372 2378 αὐτὸν
1417 2321 1804 2393 ὑπολάϐοιμεν.

228 2419 294 2475 ⁸0
321 2416 386 2489 δὴ
421 2415 761 2488 Μάρκελλος,
787 2414 992 2486 οίηθεὶς
1015 2414 1183 2468 ἀΐδιον
1204 2411 1344 2468 εἶναι
1365 2414 1526 2468 αὐτὸν
1550 2413 1644 2468 τοῦ
1669 2413 1806 2468 Θεοῦ

217 2511 417 2582 Δόγον,
471 2508 616 2562 τοῦτ’
661 2507 808 2561 ἔστιν
855 2505 1147 2574 ἀγέννητον
1170 2543 1186 2568 ,
1232 2504 1491 2566 πολλάκις
1546 2505 1805 2576 ὡρίσατο,

217 2600 287 2655 οὓ
316 2598 579 2672 συνορῶν,
630 2598 734 2662 ὅτι,
768 2596 819 2650 εί
869 2595 966 2666 μὲν
1010 2594 1196 2664 Ξτερον
1231 2593 1326 2648 τοῦ
1354 2593 1488 2647 Θεοῦ
1517 2594 1608 2648 τὸν
1635 2594 1807 2664 Λόγον

221 2691 447 2762 φάσκει,
475 2689 567 2744 δύο
596 2687 748 2742 ἔσται
772 2685 994 2753 ά“ιδια,ό
1019 2686 1192 2754 Λόγος
1223 2686 1318 2740 καὶ
1349 2687 1378 2738 ό
1405 2685 1559 2751 Θεὸς,
1591 2687 1686 2740 καὶ
1707 2687 1808 2740 οὐκ

219 2782 299 2838 ἔτ’
326 2781 482 2836 ισται
513 2779 655 2853 ἁρχὴ
687 2778 785 2850 μία
808 2796 822 2808 ·
871 2780 920 2831 εἰ
951 2778 1009 2832 δὲ
1041 2779 1099 2832 ἓν
1123 2777 1332 2847 λέγοιτο
1370 2777 1558 2842 ἀΐδιον,
1590 2776 1680 2832 τὸν
1704 2779 1805 2831 αὑ-

219 2872 314 2930 τὸν
348 2872 667 2946 ὁριζόμενος
703 2866 840 2924 εἶναι
864 2870 956 2924 τὸν
977 2869 1111 2924 Θεὸν
1158 2869 1445 2942 τῷᾋόγῳ,
1478 2870 1683 2940 γυμνὸν
1715 2869 1806 2925 τὸν

221 2965 512 3022 Σαϐέλλιον
545 2963 890 3037 ὁμολογήσει,
914 2963 1211 3033 υἰοπάτορα
1242 2961 1335 3015 τὸν
1361 2961 1478 3026 ἕνα,
1507 2962 1627 3015 κατ’
1644 2961 1806 3016 αὑτὸν

221 3059 450 3121 δκεῐνον,
493 3056 750 3125 εἰσάγων.
795 3056 987 3109 Ἔσται
1013 3048 1106 3108 οὖν
1149 3054 1178 3106 ό
1205 3053 1392 3125 Πατὴρ
1421 3052 1570 3124 αὑτῷ
1609 3070 1804 3126 γεννη-

222 3148 339 3214 ea;
372 3149 468 3203 καὶ
506 3123 845 3219 (sumam
890 3148 983 3201 καὶ
1028 3146 1189 3210 αὐτὸς
1239 3123 1392 3198 ἔσται
1439 3146 1470 3198 ι
1517 3123 1878 3217 εὐχόμενόςῦ

225 3238 435 3310 ἑαυτῷ,
471 3237 566 3293 καὶ
597 3236 934 3291 ἀπεστάλθαι
960 3236 1133 3304 λέγων
1178 3234 1269 3305 ὑφ’
1299 3234 1522 3299 ἑαυτοῦ,
1555 3236 1649 3289 καὶ
1679 3236 1807 3292 Υἰδν

222 3331 441 3396 ἑαυτοῦ,
464 3329 558 3385 καὶ
587 3328 870 3401 μονογενῆ,
897 3328 998 3381 οὐκ
1022 3326 1391 3398 ὲπαληθεύων,
1423 3328 1519 3381 σὺν
1553 3328 1811 3400 εἰρωνείᾳ

219 3423 283 3482 εδ
323 3423 810 3494 καταψευδόμενος.
861 3422 971 3475 Kal
1010 3421 1096 3484 τίς
1139 3419 1205 3474 ἂν
1244 3421 1432 3490 ἔτερος
1467 3419 1660 3474 τούτου
1697 3421 1808 3489 (52)

222 3515 644 3588 δυσσεϐέστερος
684 3513 882 3583 γένοιτ’
922 3512 990 3566 ἂν
1037 3511 1229 3580 λόγος;
1289 3510 1451 3564 Ἀλλὰ
1492 3510 1603 3583 γὰρ
1649 3513 1810 3584 ἡμεῖς

224 3606 359 3680 φίρε
393 3606 610 3678 ι’δωμεν,
651 3605 836 3657 ὁποῖον
875 3605 1004 3675 ημῖν
1030 3606 1059 3656 ό
1085 3600 1477 3672 εὐαγγελιστὴς
1502 3601 1675 3670 Λόγον
1720 3602 1811 3656 εὑ-

223 3698 590 3769 αγγελίζεται,
636 3695 896 3767 φάσκων-
941 3694 1044 3749 Ἐν
1075 3690 1236 3762 ἀρχῇ
1277 3689 1356 3762 ἦν
1394 3696 1426 3746 ό
1454 3693 1676 3763 Λόγος,
1711 3692 1811 3751 καὶ

223 3793 263 3849 ό
278 3792 471 3863 Λόγος
499 3785 579 3861 ἦν
605 3789 757 3859 πρὸς
779 3791 887 3842 τὸν
911 3787 1080 3850 Θεὸν,
1105 3785 1204 3840 καί
1225 3785 1371 3851 Θεὸς
1389 3781 1470 3857 ἦν
1491 3789 1525 3841 ό
1539 3788 1751 3856 Λόγος.

1909 1865 2154 1931 deﬁnite,
2177 1863 2246 1920 In
2271 1864 2539 1935 principio
2567 1875 2679 1920 erat
2712 1862 2936 1920 Verbum
2959 1865 3028 1921 “.
3066 1864 3239 1922 Nobis
3277 1865 3499 1936 reliquit

1909 1959 2214 2029 disquirere
2239 1958 2542 2026 cuiusmodi
2581 1957 2711 2013 illud
2731 1967 2850 2012 erat
2878 1955 3137 2014 Verbum.
3172 1957 3385 2014 Rursus
3405 1959 3504 2014 ubi

1909 2051 2066 2115 dixit,
2095 2060 2143 2104 et
2175 2046 2406 2103 Verbum
2430 2057 2546 2103 erat
2570 2049 2713 2116 apud
2749 2047 2915 2104 Deum
2941 2048 2988 2082 "
3020 2091 3037 2117 ,
3067 2049 3240 2119 potuit
3267 2049 3498 2117 dixisse,

1909 2153 1956 2198 et
1996 2141 2224 2198 Verbum
2269 2139 2368 2197 Dei
2419 2155 2535 2196 erat
2575 2142 2719 2212 apud
2744 2141 2950 2207 Deum;
2979 2143 3096 2205 sed,
3123 2153 3172 2198 et
3215 2142 3380 2211 Deus,
3417 2145 3502 2198 ln-

1909 2238 2047 2307 quit,
2074 2247 2188 2290 erat
2218 2232 2537 2302 Verbum“;
2561 2250 2692 2295 non.
2723 2244 2779 2292 et
2809 2231 3034 2289 Verbum
3061 2235 3156 2289 Dei
3189 2244 3306 2290 erat
3330 2233 3498 2301 Deus,

1910 2338 1978 2380 ne
2019 2341 2118 2382 nos
2174 2324 2614 2382 ea‘tstimaremus
2649 2323 2887 2381 Verbum
2921 2325 3049 2380 illud
3083 2324 3203 2401 Dei,
3228 2328 3506 2397 operatio-

1909 2419 1994 2472 nia
2021 2419 2440 2490 signiﬁcativum
2470 2433 2611 2474 esse.
2655 2419 2762 2474 Sed
2799 2418 3120 2484 Marcellus,
3148 2436 3273 2475 cum
3304 2421 3501 2490 opina-

1910 2519 2063 2564 retur
2095 2523 2360 2567 :eternum
2382 2524 2504 2566 esse
2525 2509 2703 2581 ipsum
2733 2510 2828 2566 Dei
2866 2511 3127 2576 Verbum,
3159 2512 3264 2568 hoc
3296 2523 3383 2568 est
3409 2513 3501 2568 in-

1907 2601 2174 2671 genitum,
2203 2601 2277 2657 ita
2307 2617 2532 2671 prorsus
2563 2617 2688 2657 eum
2718 2602 2966 2658 deﬁnivit
2994 2622 3010 2659 :
3045 2603 3272 2660 minime
3301 2605 3503 2660 adver-

1911 2702 2052 2759 tens,
2081 2695 2223 2763 quod
2245 2693 2291 2749 si
2330 2693 2566 2750 Verbum
2591 2694 2866 2751 diversum
2897 2695 3028 2767 quid
3069 2711 3098 2749 a
3135 2695 3248 2752 Deo
3275 2705 3500 2762 statuat,

1909 2786 2016 2841 duo
2042 2785 2228 2841 futura
2272 2786 2387 2842 sint
2413 2794 2620 2842 eterna
2653 2804 2668 2841 :
2705 2787 2807 2842 hoc
2854 2798 2940 2842 est
2973 2788 3120 2843 Deus
3136 2797 3190 2842 et
3217 2787 3452 2844 Verbum
3484 2805 3500 2854 ;

1908 2891 2010 2932 nec
2044 2878 2374 2948 principium
2418 2877 2524 2933 boc
2558 2888 2718 2948 pacto
2746 2888 3022 2934 statuetur
3055 2878 3297 2934 unicum.
3346 2880 3512 2948 Quod

1907 2970 1952 3025 si
1983 2970 2205 3024 unicum
2233 2970 2452 3026 dicatur
2475 2982 2763 3037 aeternum,
2785 2981 2950 3042 atque
2977 2972 3111 3029 illud
3155 2973 3332 3044 ipsum
3363 2973 3504 3029 deli-

1910 3062 2024 3117 niat
2051 3076 2173 3119 esse
2196 3062 2368 3117 Deum
2398 3078 2521 3119 cum
2546 3079 2646 3119 suo
2675 3062 2878 3130 Verbo,
2909 3065 3115 3120 nudum
3151 3079 3382 3137 prorsus
3404 3062 3515 3120 Sa-

1911 3153 2139 3209 bellium
2185 3153 2533 3212 conﬁtebitur
2563 3174 2643 3221 se,
2670 3159 2788 3228 qui,
2817 3167 2878 3212 ut
2911 3157 2999 3211 ille
3029 3157 3183 3224 fecit,
3213 3173 3380 3212 unum
3409 3155 3475 3213 Fi

1915 3244 1989 3300 lio
2041 3244 2258 3301 Patrem
2295 3258 2353 3303 et
2403 3247 2624 3304 unicum
2674 3250 2964 3306 conﬂuxit.
3014 3248 3327 3306 Secundum
3372 3263 3513 3322 ergo

1915 3337 2114 3407 ipsum,
2142 3338 2250 3393 erit
2285 3338 2440 3395 Patet
2497 3341 2732 3412 genitus,
2771 3353 2828 3397 et
2865 3355 3063 3414 passus
3092 3357 3110 3397 :
3143 3342 3266 3412 ipse
3298 3351 3506 3399 semet-

1918 3427 2025 3497 ipsi
2056 3429 2366 3485 orationem
2407 3431 2596 3488 fundet
2634 3449 2647 3485 :
2680 3433 2908 3490 missum
2955 3448 3016 3489 se
3055 3433 3318 3489 latebitur
3350 3448 3381 3488 a
3412 3448 3505 3490 se-

1918 3521 2175 3592 metipso,
2195 3531 2250 3578 et
2273 3522 2469 3579 Filium
2500 3527 2583 3581 sui
2617 3526 2788 3596 ipsius
2815 3550 2828 3584 :
2857 3537 3024 3599 atque
3052 3528 3130 3583 ita
3167 3526 3507 3585 simulatnrie

1916 3624 1978 3666 se
2007 3626 2113 3667 non
2145 3627 2356 3684 revera,
2391 3619 2488 3672 sed
2527 3617 2807 3684 mentitus,
2851 3618 3112 3676 fatebitur
3143 3618 3504 3690 unigenitum.

1917 3699 2059 3769 Quid
2082 3704 2187 3762 hoc
2216 3721 2472 3765 sermone
2493 3710 2666 3780 magis
2693 3710 2918 3781 impium
2941 3712 3239 3782 excogitari
3269 3711 3508 3781 poterit?

1916 3790 2026 3849 Nos
2052 3805 2254 3864 autem,
2295 3813 2415 3871 age,
2443 3802 2857 3858 consideremus
2891 3808 2950 3868 >14
2994 3801 3154 3872 quale
3189 3802 3346 3857 nobis
3370 3800 3511 3857 Ver-

223 3886 352 3944 bum
385 3886 716 3956 evangelista
761 3883 1027 3950 enuntiet,
1052 3882 1142 3938 ubi
1174 3881 1432 3953 loquitur,
1451 3880 1520 3938 In
1543 3880 1820 3956 iprincipio
1852 3898 1966 3943 erat
2014 3889 2260 3963 Verbum,
2317 3906 2367 3951 et
2412 3895 2642 3953 Verbum
2689 3910 2798 3954 erat
2838 3901 2981 3970 apud
3013 3898 3201 3963 Deum,
3240 3905 3292 3952 et
3358 3895 3505 3958 Deus

223 3993 337 4038 erat
381 3980 624 4036 Verbum.

871 4075 1033 4131 ΚΕΦ.
1071 4075 1175 4129 ll".

258 4170 552 4242 Ποσαχῶς
580 4169 649 4226 τὸ
687 4171 1147 4251 ennumquam»:
1171 4170 1240 4223 ἐκ
1281 4167 1394 4238 τῆς
1427 4167 1535 4224 τοῦ
1577 4170 1774 4240 Λόγου

777 4257 985 4311 φωνης
1014 4255 1260 4295 rosum.

307 4329 374 4385 Ἦ
400 4329 500 4402 μὲν
530 4323 626 4384 οὖν
668 4328 761 4383 τὸν
787 4328 945 4398 λόγον
967 4328 1204 4400 δηλοῦσα
1251 4328 1414 4397 λέξις,
1449 4329 1516 4382 δι’
1563 4328 1805 4400 Ἐλληνι-

223 4421 331 4494 κῆς
373 4420 621 4494 γλώττης
658 4421 1127 4494 προενηνεγμένη,
1171 4420 1484 4492 πολύσημον
1515 4421 1806 4475 ὑποϐάλλει

2521 4085 2675 4142 CAP.
2737 4083 2878 4142 XIII.

1907 4193 2049 4263 Quot
2078 4198 2250 4252 modia
2274 4198 2627 4270 intelligatur,
2654 4202 2792 4268 quod
2821 4217 2944 4258 voce
2974 4199 3126 4258 Verbi
3149 4201 3504 4274 signiﬁcatur.

1992 4330 2109 4387 Vox
2157 4332 2246 4387 illa
2282 4331 2481 4402 λόγος,
2523 4333 2711 4390 Graeca
2754 4345 2907 4392 certe
2954 4336 3135 4406 lingna
3172 4335 3218 4391 si
3260 4333 3509 4406 pmlera-

1905 4433 2014 4488 tnr,
2049 4424 2254 4478 variam
2295 4439 2326 4479 a
2367 4439 2425 4479 se
2467 4426 2778 4495 suppeditat
2819 4427 3301 4497 signiﬁcationem.
3329 4428 3507 4486 Voca-

223 4514 324 4588 τὴν
342 4513 402 4581 ἑξ
415 4515 586 4586 αὐτῆς
607 4513 861 4585 θεωρίαν.
891 4511 938 4567 α’
956 4514 1096 4585 (55)⁶
1109 4513 1387 4585 Κέκληται
1417 4513 1527 4587 γάρ
1552 4513 1627 4588 [ὁ]
1645 4515 1801 4585 λόγος

1908 4526 1992 4571 tur
2019 4515 2191 4588 logos,
2224 4516 2278 4571 id
2314 4518 2462 4588 quod
2510 4519 2821 4588 disponitur
2874 4523 2928 4577 in
2973 4523 3157 4577 anima
3192 4523 3443 4580 rationali
3483 4539 3500 4577 :

226 4607 319 4661 καὶ
341 4610 370 4662 ό
402 4607 462 4660 ὲν
488 4609 555 4680 τῇ
577 4606 768 4678 λογικῇ
797 4605 942 4677 ψυχῇ
995 4604 1493 4678 καταϐεϐλημένος,
1525 4607 1647 4661 καθ’
1666 4606 1725 4662 ὃν
1749 4608 1810 4661 τὸ

1909 4611 2051 4667 unde
2097 4611 2366 4684 contingit
2420 4611 2766 4668 ratiocinari.
2802 4611 2996 4696 ὤχει
3040 4613 3194 4685 logos
3237 4617 3497 4680 secundo,

224 4695 532 4766 λογίζεσθαι
557 4700 689 4770 ἡμῖν
720 4698 971 4770 πάρεστι.
1000 4696 1065 4766 β’.
1085 4698 1194 4750 Καὶ
1211 4699 1362 4768 παρὰ
1387 4697 1575 4751 τοῦτον
1599 4699 1807 4771 ἕτερος,

1908 4701 2050 4772 quod
2078 4701 2355 4773 signiﬁcat
2394 4701 2626 4772 aliquid,
2653 4718 2750 4773 per
2775 4695 3016 4775 linguam
3053 4712 3109 4759 et
3156 4719 3345 4761 vocem
3372 4706 3504 4760 arti-

221 4788 254 4843 ὁ
302 4788 394 4843 διὰ
437 4788 684 4862 γλώττης
737 4791 833 4845 καὶ
883 4790 1069 4861 φωνῆς
1111 4791 1376 4863 ἐνάρθρου
1413 4792 1693 4862 σημαίνων
1732 4809 1808 4846 τι.

222 4886 292 4950 γ’.
331 4881 442 4935 Καὶ
477 4883 617 4935 κατὰ
644 4884 822 4954 τρίτον
853 4884 1076 4955 τρόπον,
1111 4886 1140 4937 ό
1172 4883 1261 4937 διὰ
1297 4885 1514 4956 γραφῆς
1548 4883 1627 4956 τῷ
1670 4900 1808 4954 γρα-

222 4975 316 5047 φεῖ
335 4976 782 5046 συντεταγμένος.
810 4975 872 5030 δ.
899 4976 1036 5048 Ἤδη
1065 4977 1121 5031 δὲ
1149 4976 1304 5046 λόγον
1331 4977 1602 5048 εἰώθαμεν
1627 4978 1812 5032 καλεῖν

223 5064 320 5120 καὶ
345 5064 438 5119 τὸν
465 5068 840 5138 σπερματικὸν
878 5069 912 5141 ἢ
953 5069 1199 5139 φυτικὸν,
1245 5069 1368 5123 καθ’
1399 5069 1457 5123 δν
1484 5069 1711 5142 δυνάμει
1743 5070 1812 5124 τὰ

227 5155 454 5229 μηδέπω
495 5157 669 5228 φύντα
697 5160 1041 5214 ὲναπόκειται
1071 5163 1184 5224 τοῖς
1213 5161 1490 5233 σπέρμασι
1525 5162 1810 5234 μέλλοντα,

224 5247 346 5302 ὅσον
375 5247 528 5304 οὔπω
565 5251 666 5322 τῆς
705 5252 987 5322 ἐνεργείας
1026 5254 1106 5318 εἰς
1148 5253 1265 5323 φῶς
1311 5254 1579 5328 προϊέναι.
1615 5262 1675 5310 ε’.
1703 5256 1812 5310 Καὶ

225 5339 375 5411 παρὰ
418 5341 593 5397 ταῦτα
653 5343 857 5415 ἑτέρως
909 5343 1163 5399 εἰώθασιν
1194 5345 1480 5417 ὀνομάζειν
1525 5347 1680 5416 λόγον
1717 5347 1808 5401 τὸν

225 5429 640 5504 ἐπιστημονικὸν
683 5435 880 5507 τέχνης
915 5435 1118 5507 τινὸςῆ
1155 5438 1492 5509 ἐπιστήμης,
1540 5438 1636 5492 καὶ
1673 5438 1808 5492 πάν-

301 5572 360 5632 εη
395 5570 492 5624 Ed.
533 5569 734 5637 Paris.,
770 5588 889 5643 pag.
935 5573 1054 5628 leo.

292 5661 340 5695 ⁸³
364 5662 494 5719 ibid.
527 5664 581 5720 5.

305 5800 416 5875 (ἔτί)
440 5798 614 5875 Vulso
640 5804 885 5875 πάσχωνε

295 5872 409 5951 (33)
439 5872 602 5944 Vulgo
629 5872 825 5944 γένοιτ’
857 5874 920 5930 ἂν
951 5873 1166 5930 δυσσεϐ.

654 5667 701 5697 ⁸³
727 5665 882 5720 Joan.
912 5682 1024 5733 xiv,
1057 5669 1144 5722 l0.
1217 5668 1262 5702 ⁸³
1285 5667 1440 5726 Joan.
1478 5685 1520 5736 ι,
1553 5671 1602 5726 l.
1677 5668 1725 5702 "
1751 5669 1881 5727 ibid.

1908 4793 2166 4850 culatam.
2185 4791 2396 4859 Tertio,
2423 4795 2569 4864 quod
2614 4795 2938 4863 descripsit,
2962 4804 3020 4851 et
3045 4795 3338 4853 scribendo
3364 4799 3506 4853 scri-

1909 4891 2032 4953 ptor
2056 4883 2332 4954 deposuit.
2360 4882 2610 4940 Solemus
2647 4893 2703 4938 et
2729 4885 2892 4954 logon
2933 4884 3210 4956 appellare
3256 4887 3499 4943 semina-

1909 4975 2012 5030 lem
2035 4985 2090 5031 et
2137 4985 2456 5032 nascentem
2507 4976 2846 5033 facultatem.
2878 4977 3188 5035 Secundum
3219 4994 3382 5050 quem
3414 4980 3502 5036 di-

1908 5079 2106 5125 cuntur
2142 5078 2412 5142 potestate
2453 5085 2599 5135 esse,
2634 5071 2688 5124 in
2716 5071 3024 5128 seminibus
3056 5071 3170 5138 illa,
3205 5087 3330 5144 quae
3360 5089 3501 5129 non.

1908 5162 2035 5217 dum
2060 5171 2217 5218 enata
2263 5171 2413 5229 sunt,
2440 5163 2536 5219 aed
2575 5162 2834 5233 deinceps
2882 5173 3010 5220 actu
3051 5166 3336 5236 proditura
3371 5176 3500 5221 sunt

1909 5256 1965 5310 in
2004 5255 2197 5311 lucem.
2229 5255 2421 5311 Adhuc
2446 5266 2501 5312 et
2530 5255 2638 5311 alio
2662 5256 2847 5322 modo,
2873 5256 3115 5314 solemus
3150 5257 3306 5331 logon
3341 5274 3499 5314 usur-

1910 5363 2065 5415 pare.
2121 5364 2220 5420 pro
2262 5349 2594 5406 intellectiva
2643 5351 2780 5406 artis
2831 5353 3062 5424 alicujus
3110 5363 3206 5408 aut
3253 5353 3500 5409 scientiae

1913 5439 2196 5506 facultate,
2221 5443 2473 5514 quodque
2497 5445 2743 5501 omnium
2777 5455 2830 5502 et
2868 5447 3206 5516 singulorum
3231 5445 3481 5502 istiusmo

1953 5669 2002 5703 ”
2023 5668 2153 5725 ibid.

1972 5810 2089 5884 (325)
2117 5810 2217 5871 Sic
2249 5813 2440 5875 codd..
2469 5810 2554 5881 qui
2594 5825 2706 5884 om,
2758 5825 2988 5883 sequens
3030 5812 3082 5880 ό,
3117 5810 3205 5869 hic
3253 5818 3310 5868 et
3352 5809 3502 5870 infra

1903 5878 2114 5945 addunt
2142 5897 2408 5946 nummos
2437 5878 2631 5941 omisso
2653 5878 2715 5937 δ’.
