4106 6424
702 371 817 435 927

1349 370 1622 431 EUSEBII
1658 368 2138 428 CESARIENSIS
2173 368 2325 428 OPP.
2364 368 2544 427 PARS
2581 366 2669 425 IV.
2707 397 2780 408 —
2816 362 3236 423 DOGUATICA.

3855 362 3944 420 928

702 492 757 549 di
790 490 1182 546 theorematum
1234 488 1741 557 eomprehensivum
1766 499 1872 553 est,
1903 487 2070 545 veluti
2099 489 2268 545 medi-

2369 484 2476 537 τῶν
2515 483 2623 537 τῶν
2662 478 2878 536 τοιῶνδε
2927 477 3299 550 θεωρημάτων
3354 473 3796 545 καταληπτῶν,
3846 470 3942 530 οἷον

700 596 857 647 cum,
894 578 1375 634 architectonicam
1395 618 1411 641 ,
1439 578 1843 648 geometricum.

1311 689 1463 745 CAP.
1506 689 1645 745 XIV.

770 777 1016 848 Qualiter
1042 784 1345 843 exponenda
1370 781 1438 834 sit
1463 780 1751 861 evangeiica
1786 782 1850 834 de
1882 776 2044 833 Verbo
2076 779 2199 833 doc-

1394 860 1571 919 μήκη.

770 959 1034 1029 Quocirca
1066 974 1189 1015 cum
1218 959 1373 1030 logos
1396 959 1470 1014 ita
1513 958 1871 1014 diversimode
1908 958 2262 1028 intelligatur,

699 1060 755 1105 et
779 1054 848 1107 ab
875 1052 1227 1121 evangelista,
1268 1051 1543 1106 indeﬁnite
1565 1050 1766 1104 dictum
1798 1050 1888 1116 sit,
1920 1049 1986 1104 Ia
2012 1053 2270 1121 principio

697 1151 814 1196 crat
870 1137 1121 1205 Verbum,
1163 1150 1217 1195 et
1255 1138 1485 1195 Verbum
1509 1140 1642 1193 illud
1676 1150 1787 1194 erat
1828 1142 1969 1209 apud
2008 1140 2199 1209 Deum,
2222 1155 2270 1199 et

697 1230 841 1286 Dm
880 1240 995 1285 erat
1044 1228 1291 1295 Verbum,
1337 1230 1851 1285 animadvertendus
1890 1231 1979 1285 bic
2011 1246 2140 1286 usus
2164 1240 2266 1296 est,

697 1331 753 1375 et
782 1321 1181 1389 diguoscendus
1218 1322 1366 1376 vocis
1396 1319 1537 1375 illius
1578 1320 1710 1389 logi,
1742 1325 1911 1377 novbs
1940 1330 1994 1375 et
2024 1322 2268 1392 peregri-

700 1428 801 1467 nus
818 1426 968 1477 usus,
1001 1421 1386 1481 quem,preter
1407 1410 1525 1465 illos
1544 1426 1680 1481 quos
1704 1412 2269 1478 commemoravimus,

696 1504 1025 1576 evangelista
1064 1503 1283 1558 tradidit
1316 1502 1595 1558 indeﬁnite
1635 1504 1857 1573 loquens
1878 1501 2147 1557 Verbum:
2178 1504 2271 1557 ad-

693 1594 888 1666 iiciens
910 1607 1090 1651 autem
1108 1594 1451 1665 peregrinum
1474 1606 1528 1650 et
1554 1595 1984 1664 inexspectatum
2008 1594 2151 1648 illius
2179 1610 2274 1650 vo-

698 1690 781 1743 cis
809 1702 1048 1750 sensum,
1076 1686 1143 1740 ad
1183 1685 1289 1739 vim
1322 1694 1378 1741 et
1419 1686 1676 1742 virtutem
1714 1688 1988 1757 propriam
2016 1686 2139 1754 ejus
2169 1688 2271 1757 ade

698 1786 936 1848 aptatum
965 1778 1016 1831 in
1046 1791 1121 1832 eo
1139 1776 1283 1845 quod
1304 1774 1553 1839 addit,Et
1585 1776 1724 1831 Deus
1751 1787 1861 1831 erat
1885 1775 2077 1847 Logos.
2107 1756 2281 1843 Quasi”

2370 574 2629 647 ίατρικὸν,
2658 574 2692 644 ἦ
2726 570 3182 643 ἀρχιτεκτονικὸν,
3217 569 3252 640 ἢ
3286 565 3675 640 γεωμετρικόν
3700 566 3875 634 λόγον.

3012 683 3164 737 ΚΕΦ.
3199 683 3298 734 ΙΔ’.

2369 777 2562 844 Ὅπως
2616 775 2732 845 χρὴ
2775 773 3182 845 διερμηνεύειγ
3202 771 3339 845 ⁸τὴν
3369 771 3783 845 eiram-5.1mm
3822 770 3945 839 περὶ

2754 841 2868 898 τοῦ
2892 841 3087 914 Λόγου
3132 841 3537 896 διδασκαλίαν

2436 959 2718 1031 Διαφόρων
2768 958 2951 1012 τοίνυν
3001 955 3214 1027 τρόπων
3254 956 3688 1027 παρισταμένων
3741 956 3808 1008 ἐκ
3854 955 3944 1025 τῆς

2366 1049 2460 1105 τοῦ
2486 1050 2644 1119 λόγου
2680 1050 2884 1119 φωνῆς,
2920 1047 3016 1101 τοῦ
3043 1064 3103 1101 τε
3144 1044 3529 1115 εὐαγγελιποῦ
3558 1045 3849 1109 ἀπολύτως
3876 1048 3944 1098 εῖ-

2372 1143 2617 1214 ρηκότος,
2657 1141 2761 1195 Ἐν
2804 1139 2964 1207 ἀρχῇ
3015 1134 3095 1209 ἦν
3125 1140 3160 1193 ό
3189 1138 3399 1207 Λόγος,
3455 1134 3558 1189 καί
3584 1140 3618 1190 ό
3642 1137 3834 1205 Λόγος
3871 1132 3944 1204 ἦν

2370 1233 2517 1302 πρὸς
2535 1232 2643 1285 τὸν
2668 1229 2837 1295 Θεὸν,
2866 1232 2965 1284 καί
2995 1229 3141 1297 Θεὸς
3159 1226 3238 1300 ἦν
3264 1231 3298 1282 ό
3321 1230 3529 1297 Λόγος,
3566 1228 3838 1298 προσήκει
3858 1228 3943 1280 τὸν

2369 1322 2492 1375 νοῦν
2515 1321 2623 1393 (54)
2642 1321 3008 1391 ἐπιστήσαντα
3032 1318 3387 1390 καταμαθεῖν,
3406 1319 3483 1383 ὡς
3506 1318 3659 1383 ξένον
3681 1336 3733 1371 τι
3760 1322 3942 1389 χρῆμα

2369 1413 2526 1480 λόγου
2558 1410 2707 1482 παρὰ
2736 1411 2803 1465 τὰ
2843 1410 3159 1481 ἐγνωσμένα
3194 1412 3325 1482 ἡμῖν
3364 1410 3392 1462 ό
3428 1409 3828 1481 εὐαγγελιστὴς
3860 1410 3945 1461 ἐπὶ

2370 1503 2462 1556 τοῦ
2490 1502 2753 1573 παρόντος
2782 1502 3169 1572 παραδίδωσιν,
3197 1501 3479 1563 ὰπολύτως
3510 1502 3608 1570 μὲν
3643 1498 3820 1553 εἰπὼν
3845 1499 3943 1553 Λό-

2370 1611 2484 1663 γον,
2533 1594 2790 1663 προσθεὶς
2827 1593 2882 1646 δὲ
2917 1592 2978 1645 τὸ
3016 1591 3163 1657 ξένον
3201 1592 3293 1646 καὶ
3327 1592 3630 1663 παράδοξον
3671 1590 3772 1663 τῆς
3817 1592 3944 1644 ίδια·

2372 1685 2567 1757 ξούσης
2590 1684 2737 1755 αὑτῷ
2768 1684 3047 1755 δυνάμεως
3074 1686 3132 1737 ὲν
3164 1680 3240 1755 τῷ
3266 1684 3365 1738 καὶ
3387 1684 3531 1750 Θεὸς
3554 1680 3635 1753 ἦν
3675 1686 3710 1736 ό
3736 1683 3942 1751 Λόγος.

2372 1777 2462 1850 Μὴ
2508 1778 2615 1849 γὰρ
2650 1778 2758 1831 τῶν
2784 1778 2921 1849 πρός
2969 1794 3041 1840 τι,
3071 1776 3241 1847 φησὶ,
3284 1778 3471 1847 νόμιζε
3504 1772 3646 1829 εἶναι
3693 1776 3791 1829 καὶ
3832 1774 3948 1827 τοῦ·

700 1870 905 1924 diceret
943 1885 957 1921 :
993 1866 1177 1924 Nolito
1202 1867 1539 1935 existimare,
1568 1869 1670 1923 hoc
1696 1868 1834 1923 inter
1875 1884 1971 1924 eas
1989 1884 2109 1924 esse
2141 1884 2261 1936 qua

2369 1886 2470 1933 rev,
2494 1869 2570 1930 ὠς
2592 1869 2683 1923 τὸν
2708 1870 2767 1921 ὲν
2789 1868 2935 1938 ψυχῇ
2963 1866 3139 1936 λόγον,
3168 1870 3201 1939 ἢ
3226 1870 3301 1932 ὼς
3328 1867 3416 1922 τὸν
3446 1868 3536 1922 διὰ
3565 1867 3753 1937 φωνῆς
3788 1869 3949 1920 ἀκου-

695 1970 824 2015 aunt
848 1959 917 2015 ad
954 1960 1180 2029 aliquid,
1211 1969 1269 2014 ut
1297 1960 1447 2026 logos
1476 1963 1569 2029 qui
1622 1962 1673 2015 in
1714 1960 1892 2015 anima
1928 1972 2031 2026 est,
2067 1972 2161 2015 aut
2189 1960 2268 2014 le-

697 2065 795 2121 gos
813 2051 905 2119 qui
935 2065 1031 2120 per
1076 2065 1262 2106 vocem
1303 2052 1613 2121 percipitur,
1642 2052 1801 2119 quive
1845 2051 2139 2107 seminibus
2183 2052 2271 2105 iu-

698 2154 781 2197 est
825 2144 1231 2212 corporalibus,
1269 2150 1327 2208 >14
1381 2154 1477 2198 aut
1532 2145 1783 2200 consistit
1830 2145 1885 2198 in
1942 2145 2266 2201 tbeoremasi

700 2236 1118 2291 mathematicis.
1165 2236 1228 2291 Hi
1251 2251 1438 2292 omnes
1460 2236 1630 2303 λόγοι,
1653 2252 1775 2291 cum
1804 2237 1912 2291 sint
1943 2236 2009 2292 ad
2033 2236 2231 2304 aliquid
2249 2275 2267 2301 ,

698 2328 753 2382 in
782 2325 885 2380 alia
921 2339 977 2382 et
1019 2328 1231 2382 diversa
1264 2328 1673 2403 pmexsistettte
1718 2327 2020 2382 substantia
2072 2328 2271 2382 inteli-

698 2425 899 2486 gentur
928 2434 942 2469 :
970 2427 1027 2471 at
1053 2416 1194 2472 Deus
1232 2417 1402 2487 logos,
1436 2432 1541 2472 non
1586 2416 1754 2473 altero
1787 2418 1989 2488 indiget
2016 2419 2275 2488 ρεσεωεί-

698 2518 876 2563 stente
897 2526 911 2561 :
934 2521 993 2563 ut
1018 2510 1071 2563 in
1113 2510 1229 2579 ipso
1253 2509 1324 2562 sit
1350 2518 1406 2563 et
1432 2510 1693 2565 subsistat
1725 2526 1739 2563 :
1768 2511 1861 2564 sed
1886 2526 1981 2579 per
2004 2526 2061 2565 se
2085 2511 2271 2565 vivens

699 2609 783 2654 est
802 2608 857 2654 et
870 2599 1366 2661 subsistens,veluti
1385 2601 1474 2670 qui
1492 2600 1629 2654 Deus
1645 2601 1735 2656 sit.
1748 2619 1767 2651 ι
1789 2600 1929 2655 Deus
1943 2601 2269 2657 tenimterat

696 2690 894 2760 Λόγος.
911 2708 930 2741 ο
944 2689 1083 2745 Cum
1110 2704 1235 2744 vero
1250 2689 1417 2744 Deum
1441 2689 1585 2744 illum
1602 2690 1800 2745 dictum
1824 2690 2035 2757 audias,
2050 2706 2116 2745 ne
2126 2690 2267 2745 acci-

703 2782 819 2852 pias
865 2780 1085 2843 dictum,
1112 2780 1265 2850 quasi
1293 2780 1410 2834 sine
1440 2780 1707 2851 principio
1729 2781 2051 2851 ingenitum,
2078 2797 2266 2851 quent-

701 2872 988 2927 admodum
1002 2871 1244 2927 Patrem.
1264 2871 1419 2927 Disce
1455 2881 1635 2928 autem
1666 2874 1807 2943 quod
1830 2873 1900 2927 ita
1928 2874 1983 2928 iu
2004 2874 2271 2944 principio

702 2973 818 3017 erat
852 2963 953 3017 iste
985 2961 1146 3028 Deus,
1162 2962 1355 3031 Λόγος.
1374 2961 1653 3030 Quodnam
1671 2979 1799 3019 vero
1824 2964 1993 3033 ipsius
2021 2965 2267 3021 intendat

703 3053 1047 3125 principium,
1096 3053 1407 3109 manifestat
1462 3054 1517 3109 in
1566 3056 1921 3124 sequentibus
1960 3073 1975 3110 :
2020 3072 2123 3110 non
2184 3057 2265 3110 in-

701 3145 916 3214 quiens,
951 3144 1019 3199 Et
1052 3144 1287 3201 Verbum
1316 3152 1443 3201 erat
1474 3144 1564 3200 ille
1611 3145 1775 3212 Deus,
1810 3163 1930 3201 cum
1965 3146 2265 3215 adiectione

706 3236 917 3290 articuli
945 3253 959 3289 :
998 3244 1056 3290 ut
1090 3252 1156 3290 ne
1184 3236 1334 3289 illum
1358 3249 1498 3299 esse,
1527 3238 1617 3305 qui
1649 3247 1734 3291 est
1759 3250 1919 3305 super
1945 3238 2146 3303 omnia,
2175 3238 2266 3293 de-

706 3326 1111 3383 ﬁniret.Verum
1143 3342 1208 3382 ne
1234 3326 1391 3390 dixit,
1421 3324 1489 3379 In
1511 3325 1641 3391 Deo,
1667 3342 1732 3382 ne
1755 3326 1823 3380 ad
1856 3329 2143 3382 humanam
2176 3329 2271 3385 de-

702 3420 855 3489 iiclat
882 3436 1002 3475 eum
1038 3419 1480 3483 similitudinem;
1508 3420 1621 3479 sed,
1654 3428 1710 3473 et
1740 3417 1982 3485 Verbum,
2017 3420 2116 3484 ait,
2155 3430 2267 3473 erat

707 3511 847 3579 apud
886 3509 1070 3566 Deum.
1101 3509 1232 3564 Nam
1276 3511 1321 3565 si
1370 3510 1701 3579 protulisset,
1747 3508 1812 3564 Et
1858 3508 2093 3566 Verbum
2142 3510 2268 3565 illud

707 3611 846 3667 erat,
879 3602 933 3655 in
965 3600 1094 3668 Deo,
1128 3602 1291 3656 veluti
1312 3602 1580 3672 quoddam
1614 3602 1863 3657 accidens
1915 3603 1968 3656 in
2004 3604 2272 3673 subjecto,

710 3704 801 3755 aut
827 3704 1079 3765 tanquam
1100 3694 1241 3749 aliud
1271 3696 1323 3749 in
1346 3694 1472 3761 alio,
1489 3696 1840 3764 compositum
1870 3696 1937 3749 ita
1960 3695 2123 3750 Deum
2144 3697 2272 3751 sub—-

710 3783 971 3838 stituisset
1004 3785 1353 3843 substernens
1378 3785 1525 3839 illum
1570 3786 1727 3841 veluti
1758 3788 2113 3842 substantiam
2152 3788 2269 3843 sine

714 3875 875 3945 λόγῳ,
924 3883 978 3931 et
1017 3875 1170 3945 logon
1207 3877 1519 3931 substantia:
1571 3879 1720 3943 velut
1768 3878 2037 3933 accidens.
2068 3878 2122 3932 ln
2163 3892 2269 3948 qua

640 4006 643 4007 ν
713 3967 966 4036 opinione
994 3981 1115 4021 cum
1145 3966 1425 4023 Marcellus
1453 3978 1616 4032 esset,
1644 3968 1857 4024 Patrem
1883 3980 2042 4039 atque
2072 3969 2268 4023 Filium

716 4057 769 4111 in
798 4055 937 4109 idem
953 4056 1485 4126 cogit,substantiam
1518 4057 1791 4126 appellans
1819 4054 2270 4121 Patrem,Filium

714 4161 843 4201 vero
872 4146 925 4201 in
958 4148 1072 4216 ipso
1117 4148 1462 4202 exsistentem
1483 4190 1498 4215 ,
1532 4148 1802 4204 accidens.
1856 4148 1933 4202 lta
1986 4148 2146 4202 Deum
2177 4147 2274 4216 qui

713 4239 1046 4294 concesserit
1084 4239 1200 4295 sine
1235 4239 1396 4311 λόγῳ,
1428 4239 1591 4310 impio
1636 4255 1695 4295 se
1745 4248 1907 4309 atque
1960 4238 2272 4304 blaspberno

714 4331 949 4399 dogmati
984 4330 1298 4401 implicabit,
1328 4348 1450 4387 cum
1479 4333 1724 4387 admittat
1755 4330 1842 4386 ille
1867 4331 2031 4385 Deum
2057 4330 2269 4398 ἄλογον,

718 4430 899 4491 utpote
922 4422 1011 4491 qui
1057 4421 1213 4491 λόγον
1251 4423 1303 4477 in
1333 4438 1392 4477 se
1432 4422 1626 4478 habeat
1667 4433 1919 4491 tanquam
1966 4421 2218 4477 accidens
2254 4439 2267 4475 :

2365 1963 2579 2033 όμενον,
2628 1962 2661 2033 ἢ
2709 1961 2785 2026 ὡς
2836 1961 2927 2015 τὸν
2969 1965 3028 2015 ὲν
3078 1963 3408 2031 σωματικοῖς
3444 1959 3576 2015 ὄντα
3612 1958 3947 2030 σπέρμασιν,

2366 2052 2406 2123 ἦ
2440 2054 2515 2117 ὠς
2554 2053 2644 2107 τὸν
2696 2055 2754 2106 ὲν
2805 2053 3207 2123 μαθηματικοῖς
3256 2050 3539 2121 ὑφεστῶτα
3571 2051 3946 2122 θεωρήμασιν.

2366 2139 2521 2198 Οὗτοι
2551 2144 2659 2216 γὰρ
2691 2144 2907 2206 πάντες,
2929 2143 3038 2196 τῶν
3060 2143 3193 2215 πρός
3219 2160 3272 2195 τι
3291 2142 3462 2205 ὄντες,
3495 2145 3553 2196 ἑν
3584 2141 3750 2211 ἑτέρα
3778 2145 3949 2211 προῦ-

2367 2234 2660 2304 ποκειμένῃ
2722 2232 2964 2287 νοοῦνται
3031 2231 3205 2303 οὐσίᾳο
3262 2233 3292 2285 ό
3344 2231 3402 2284 δὲ
3446 2229 3581 2293 Θεὸς
3621 2230 3799 2298 Λόγος
3853 2231 3947 2297 οὐχ

2367 2326 2553 2396 ἑτέρου
2585 2324 2751 2378 δεῖται
2778 2324 2871 2377 τοῦ
2904 2323 3393 2395 προῦποκειμένου,
3426 2322 3493 2375 ἶν’
3525 2324 3585 2375 εν
3612 2321 3767 2391 αὑτῷ
3798 2322 3949 2389 γενόο

2370 2433 2526 2487 μενος
2574 2417 2682 2487 (55)
2724 2418 2926 2487 ὑποστῇ
2953 2432 2966 2445 ο
3016 2414 3137 2468 καθ’
3167 2413 3357 2467 ἑαυτὸν
3427 2412 3485 2466 δέ
3544 2414 3663 2465 ἐστι
3693 2411 3825 2477 ζῶν,
3857 2412 3949 2464 καὶ

2368 2508 2631 2579 ὑφεστὼς,
2660 2510 2756 2563 ἆτε
2772 2509 2901 2572 Θεὸς
2922 2507 3017 2561 ὤν’
3048 2506 3239 2571 (Θεὸς)
3267 2505 3374 2576 γὰρ
3401 2501 3541 2576 «ἦνὸ
3559 2504 3793 2573 Λόγος»
3819 2504 3948 2559 Θεὸν

2365 2602 2421 2656 δὲ
2454 2601 2615 2656 αὐτὸν
2646 2599 2877 2661 ἀκούων,
2914 2592 3065 2668 φησὶ,
3106 2597 3181 2669 μὴ
3222 2596 3455 2670 ἄναρχον
3496 2595 3593 2649 καὶ
3624 2596 3945 2666 ἀγέννητον,

2364 2695 2562 2764 ὁμοίως
2608 2691 2684 2763 τῷ
2726 2690 2890 2743 αὑτοῦ
2931 2690 3105 2760 Πατρῖ
3138 2690 3232 2743 καὶ
3270 2686 3433 2740 αὑτὸν
3471 2683 3612 2740 εἶναι
3648 2688 3946 2758 ὑπολάὸῃς,

2368 2786 2603 2857 μάνθανε
2648 2785 2727 2847 δὲ,
2771 2786 2852 2838 ὅτι
2900 2785 2957 2837 ὲν
3007 2784 3149 2854 ἀρχῇ
3195 2778 3262 2852 ἦν
3313 2774 3469 2844 οὗτος
3516 2784 3547 2834 ὁ
3594 2780 3729 2843 Θεὸς
3753 2781 3944 2847 Λόγος.

2363 2881 2408 2933 Τ
2413 2880 2498 2933 ίνα
2528 2879 2571 2931 δ’
2602 2877 2765 2931 αὐτοῦ
2798 2876 2895 2947 τὴν
2926 2874 3100 2946 ἀρχὴν
3139 2873 3457 2941 ὑφίσταται,
3494 2871 3750 2940 διασαφεῖ
3798 2871 3944 2940 ἑξῆς,

2363 2972 2464 3025 οὑκ
2515 2970 2704 3028 εἰπὼν.
2742 2970 2851 3021 Καὶ
2880 2970 2907 3020 ό
2940 2967 3112 3034 Λόγος
3154 2960 3221 3035 ἦν
3265 2966 3293 3017 ὁ
3319 2964 3469 3027 Θεὸς,
3518 2965 3657 3032 μετὰ
3701 2963 3803 3033 τῆς
3853 2962 3947 3015 τοῦ

2364 3062 2565 3132 ἄρθρου
2608 3060 2907 3131 προθήκης,
2946 3057 3029 3109 ἵνα
3067 3056 3139 3127 μὴ
3174 3055 3332 3108 αὐτὸν
3378 3050 3514 3106 εἶναι
3539 3054 3631 3105 τὸν
3678 3054 3773 3106 ἐπὶ
3818 3054 3951 3107 πάν-

2365 3165 2472 3199 των
2518 3147 2796 3217 ὁρίσηται,
2845 3144 2958 3196 ἀλλ’
2991 3143 3119 3207 οὐδ’,
3180 3145 3237 3195 ὲν
3273 3142 3351 3212 τῷ
3378 3141 3519 3212 Θεῷ,
3566 3143 3653 3196 ἵνα
3698 3142 3773 3213 μὴ
3845 3161 3945 3196 κα-

2366 3236 2573 3310 ταϐάλῃ
2614 3236 2705 3288 ἐπὶ
2744 3234 2840 3306 τὴν
2891 3233 3237 3305 ἀνθρωπίνην
3293 3232 3605 3303 ὁμοιότητα·
3654 3232 3797 3286 ἀλλὰ
3824 3235 3948 3289 Καὶ

2368 3332 2400 3382 ὀ
2433 3330 2620 3397 Λόγος
2652 3322 2729 3396 ἦν
2751 3324 2899 3393 πρὸς
2930 3324 3036 3378 τόν
3070 3323 3243 3389 Θεὸν,
3280 3343 3299 3376 ι
3327 3324 3453 3395 ἔφη.
3490 3325 3553 3378 E1
3575 3323 3684 3397 γὰρ
3714 3326 3948 3397 είρήκει,

2367 3418 2477 3471 Καὶ
2538 3420 2565 3470 ό
2598 3418 2766 3486 Λόγος
2820 3412 2887 3487 ἦν
2930 3419 2988 3469 ὲν
3031 3414 3108 3486 τῷ
3150 3415 3305 3487 Θεῷ,
3350 3416 3425 3479 ὡς
3475 3418 3533 3469 ὲν
3599 3417 3947 3489 ὑποκειμένῳ

2369 3509 2732 3581 συμϐεϐηκὸς,
2764 3510 2856 3562 καὶ
2883 3509 2958 3572 ὡς
2985 3510 3168 3581 ἓτερον
3208 3510 3263 3561 ὲν
3305 3509 3475 3581 ἑτέρῳ
3512 3510 3658 3574 δοὺς,
3693 3509 3950 3564 σύνθετον

2366 3603 2554 3673 ὥσπερ
2589 3604 2772 3674 εἰσῆγε
2813 3602 2902 3655 τὸν
2936 3602 3067 3654 Θεὸν
3099 3602 3286 3655 οὐσίαν
3327 3601 3488 3654 αὑτὸν
3553 3602 3947 3672 ὑποτιθέμενος

2366 3694 2486 3764 δίχα
2518 3695 2697 3762 λόγου,
2723 3693 3065 3764 συμσεδηκὸς
3088 3692 3143 3745 δὲ
3174 3696 3238 3764 τῇ
3260 3693 3415 3763 οὐσίᾳ
3444 3692 3537 3746 τὸν
3558 3692 3739 3759 λόγον.
3775 3693 3951 3761 Ὅπερ

2367 3788 2569 3858 οἰηθεὶς
2601 3786 2913 3857 Μάρκελλος
2943 3786 3035 3838 τὸν
3066 3784 3281 3852 Πατέρα
3314 3784 3407 3836 καὶ
3447 3782 3541 3836 τὸν
3566 3784 3700 3836 Υἱὸν
3747 3784 3844 3837 ἐπὶ
3893 3782 3950 3837 τὺ

2369 3879 2501 3933 αὐτὸ
2535 3879 2771 3945 συνάγει,
2797 3877 2894 3945 τὴν
2917 3875 3028 3948 (56)
3065 3876 3162 3947 μὲν
3180 3875 3365 3928 οὐσίαν
3384 3873 3564 3927 καλῶν
3591 3874 3686 3927 τὸν
3705 3876 3947 3945 Πατέρα,

2368 3971 2459 4023 τὸν
2490 3971 2535 4023 δ’
2566 3973 2623 4023 ὲν
2654 3968 2801 4039 αὐτῷ
2831 3969 3022 4037 Λόγον,
3058 3967 3148 4021 τὸν
3178 3966 3334 4022 Υἰόνο
3364 3967 3422 4020 οὐ
3465 3966 3845 4037 λογισόμενος,
3879 3968 3950 4030 ὡς

2370 4065 2398 4115 ό
2454 4062 2612 4116 τοῦτο
2654 4061 2851 4124 διδοὺς,
2904 4061 2995 4113 τὸν
3044 4058 3175 4113 Θεὸν
3216 4061 3342 4114 ἄνευ
3386 4058 3546 4127 λόγου
3589 4058 3947 4128 ὑποθέμενος,

2370 4155 2515 4225 ἀθέῳ
2538 4154 2630 4207 xal.
2661 4150 2910 4205 δυσσεϐεῖ
2938 4150 3221 4223 περιπέσοι
3253 4151 3317 4203 ἂν
3345 4150 3571 4219 δόγματι
3593 4148 3730 4203 Θεὸν
3759 4149 3885 4215 ἂλογ
3898 4166 3951 4200 ον

2371 4247 2823 4320 παραδεχόμενος,
2853 4244 3046 4316 ἔχοντα
3085 4245 3183 4315 μὲν
3219 4243 3373 4310 λόγον
3414 4242 3488 4304 ὡς
3525 4242 3635 4310 (⁸57)
3673 4241 3951 4312 πμῦεὸη-

2372 4341 2502 4394 κότα
2534 4341 2589 4391 ὲν
2619 4337 2784 4408 αὐτῷ,
2818 4338 2879 4391 οὐ
2926 4336 3030 4408 μὴν
3075 4336 3236 4389 αὑτὸν
3272 4335 3398 4386 ὄντα
3438 4333 3615 4401 λόγον·
3644 4332 3790 4396 δέον,
3819 4334 3878 4385 ἒν
3903 4349 3948 4383 τι

2374 4432 2535 4494 θεῖον,
2564 4429 2815 4502 ἄρρητον,
2845 4427 3069 4498 ἀγαθὸν,
3114 4424 3337 4489 ἁπλοῦν,
3381 4423 3695 4487 ἀσύνθετον,
3744 4440 3950 4495 μονοει-

715 4530 820 4570 non
862 4526 1037 4571 autem
1075 4518 1146 4571 sit
1174 4518 1287 4585 ipse
1334 4516 1507 4585 λόγος.
1560 4517 1694 4571 Cum
1729 4516 1953 4571 omnino
1998 4514 2269 4570 fatendum

2372 4524 2478 4587 δὲς,
2527 4523 2585 4575 τὸ
2636 4521 2888 4574 ἐπέκεινα
2930 4520 3038 4573 τῶν
3086 4518 3220 4572 ὅλων
3289 4516 3589 4587 ὁμολογεῖν,
3642 4516 3760 4587 (38)
3790 4516 3957 4569 αὑτό-

716 4604 787 4659 sit
836 4605 1092 4667 divinum,
1112 4606 1451 4671 inellabilem,
1473 4607 1690 4669 bonum,
1719 4606 2036 4675 simplicem,
2067 4606 2271 4660 incom-

720 4698 971 4762 positum,
989 4698 1325 4761 uniformem,
1344 4713 1506 4766 supra
1524 4699 1705 4752 omnia
1731 4713 1852 4754 esse
1879 4700 2051 4767 ipsum
2072 4699 2235 4754 Deum
2256 4716 2270 4753 :

722 4787 916 4854 ipsum,
951 4789 1189 4858 inquam,
1208 4790 1514 4857 αὑτόλογον,
1533 4790 1873 4859 αὐτοσοφίαν,
1895 4788 2162 4859 αὐτοφὼς,
2176 4792 2271 4844 αὐ-

722 4882 948 4951 τοζωὴν,
978 4882 1296 4948 αὑτόκαλον,
1328 4883 1692 4953 αὑτοάγαθον,
1726 4893 1819 4937 aut
1859 4884 1903 4939 si
1949 4884 2077 4954 quid
2125 4884 2272 4939 hisce

725 4974 1030 5028 nominibus
1072 4976 1246 5044 majus
1283 4984 1339 5030 et
1376 4975 1716 5045 praestantius
1747 4975 2039 5047 excogitari
2086 4985 2270 5047 queat.

723 5065 832 5118 lino
855 5080 984 5122 vero
1011 5066 1187 5134 potius
1212 5068 1354 5135 quod
1393 5066 1617 5121 excedat
1648 5076 1878 5120 mentem
1921 5082 2161 5135 omnem,
2192 5083 2277 5122 su-

726 5168 877 5226 peret
922 5174 1135 5215 omnem
1168 5159 1546 5231 cogitationem
1584 5168 1639 5213 et
1684 5158 2115 5230 disquisitionem
2154 5160 2274 5215 ani-

803 5341 863 5402 ᾖ(
902 5336 997 5390 Ed.
1027 5335 1198 5393 Paris.
1222 5353 1343 5407 pag.
1373 5338 1489 5394 121.

945 5492 1113 5571 Yulgo
1143 5499 1553 5571 καταστήσαντα
1583 5506 1637 5551 et
1663 5511 1783 5571 mox
1805 5499 1971 5571 εἰπὼν
1996 5500 2169 5571 λόγος.

769 5562 914 5647 ,(55)
951 5564 1115 5647 vulgo
1144 5562 1380 5647 seem:
1403 5566 1541 5634 Mox,
1568 5572 1681 5623 loco
1704 5568 1864 5634 αὐτὸς
1916 5570 1966 5626 iu
1997 5562 2142 5629 corr.
2185 5587 2275 5642 γρ.

739 5636 911 5695 οὗτος,
940 5644 993 5687 et
1032 5637 1102 5689 ita
1130 5636 1283 5691 cadd.

807 5703 917 5778 (339)
949 5702 1246 5778 Ϊυιίιομὲν
1278 5707 1462 5778 οὑσίαν
1493 5706 1670 5761 καλῶν
1703 5707 1818 5778 μέν.

808 5771 917 5843 (37)
946 5771 1162 5845 Mpfiaf
1185 5776 1563 5849 συμϐεϐηκότι.

2376 4612 2514 4676 θεον,
2575 4609 2861 4676 αὑτονοῦν,
2904 4609 3225 4679 αὑτολόγον,
3268 4607 3626 4677 αὑτοσοφίαν,
3678 4607 3949 4676 αὑτὸφως,

2374 4703 2671 4773 αὐτοζωὴν,
2710 4701 3028 4761 αὑτόκαλον,
3062 4699 3395 4769 αὑτοάγαθον
3422 4699 3574 4761 ὄντα,
3618 4699 3715 4752 καὶ
3747 4699 3952 4752 τούτων

2377 4796 2485 4868 (59)
2519 4796 2546 4849 ὅ
2571 4814 2622 4849 τι
2652 4796 2715 4849 ἄν
2756 4811 2841 4859 τις
2867 4797 3112 4865 κρεῖττον
3144 4793 3465 4863 ἐπινοήσειε,
3511 4790 3713 4861 μᾶλλον
3738 4792 3785 4845 δ’
3816 4793 3955 4860 ὑπὲρ

2377 4890 2552 4943 πάντα
2602 4886 2743 4952 νοῦν,
2790 4886 2884 4939 καὶ
2936 4884 3114 4955 πάσης
3164 4884 3413 4937 ἐπέκεινα
3466 4882 3709 4947 διανοίας
3752 4901 3813 4936 τε
3864 4885 3951 4937 καὶ

2380 4980 2743 5052 ἐνθυμήσεως.
2800 4977 2904 5032 Τὸν
2945 4978 3001 5030 δὲ
3037 4976 3224 5029 τούτου
3265 4968 3528 5047 μονογενῆ
3559 4976 3714 5042 Υἱὸν,
3761 4977 3841 5041 ὡς
3889 4976 3951 5029 ἂν

2380 5072 2561 5126 εἰκόνα
2603 5072 2698 5125 τοῦ
2730 5070 2963 5142 Πατρὸς,
3004 5067 3063 5135 ἐξ
3103 5068 3265 5123 αὑτοῦ
3312 5069 3505 5138 φύντα,
3552 5070 3731 5143 πάντη
3768 5088 3831 5125 τε
3865 5074 3953 5127 καὶ

2383 5163 2519 5217 κατὰ
2545 5163 2719 5218 πάντα
2742 5162 3057 5235 ὁμοιοτάτον
3083 5161 3208 5216 ὂντα
3230 5160 3309 5232 τῷ
3335 5162 3711 5234 γεγεννηκότι,
3742 5166 3841 5219 καὶ
3863 5168 3955 5220 αὺ-

2454 5497 2565 5573 (58)
2584 5498 2787 5573 ΔΑὑτὸνς
2808 5493 2941 5553 οὖν.
2960 5497 3118 5573 Forte
3145 5497 3279 5551 αὐτὸ
3303 5498 3383 5553 δν.
3412 5496 3485 5553 Il.
3503 5527 3576 5539 —-
3598 5499 3775 5573 Vulgo
3799 5498 3955 5554 αὑτὸν

2387 5568 2506 5622 θεὸν
2538 5569 2697 5622 αὑτὸν
2729 5564 2821 5620 οὖν
2849 5583 2991 5621 corr.
3040 5566 3105 5622 R.

2457 5639 2567 5707 (39)
2591 5641 2711 5693 Ὅτι
2758 5637 2835 5691 ἇν
2874 5655 2981 5703 τις.
3024 5639 3181 5696 Forte
3211 5638 3265 5693 εῐ
3298 5657 3348 5694 τι
3381 5639 3447 5695 ἄν
3476 5634 3595 5705 τις.
3628 5638 3703 5698 Ιι.
3736 5670 3807 5682 --
3837 5641 3952 5698 Mox

2384 5711 2540 5780 vulgo
2572 5708 2812 5780 ἁμουντέι
2841 5710 2957 5778 τήν.
