4106 6406
145 398 262 462 929

1116 387 1205 443 DE
1237 378 1780 444 ECCLESIASTICA
1814 377 2212 438 THEOLOGIA
2257 376 2386 437 LIB.
2426 377 2495 436 Π.

3349 384 3459 442 930

145 513 243 566 τὸν
277 507 441 573 Θεὸν,
476 506 573 561 καὶ
595 502 740 571 νοῦν,
771 503 866 561 καὶ
900 503 1079 573 λόγον,
1106 503 1201 556 καὶ
1226 499 1443 570 σοφίαν,
1467 497 1562 552 καὶ
1585 496 1746 568 ζωὴν,

1860 495 1953 551 mi.
1972 493 2141 562 Hujus
2184 503 2365 549 autem
2397 490 2597 547 Filium
2651 489 3012 562 unigenitum,
3062 491 3233 549 veluti
3279 493 3460 553 Patris

146 605 246 660 καὶ
279 602 406 673 φῶς
455 596 618 666 εἶναι,
660 593 827 654 αὑτοῦ
871 615 931 654 τε
975 595 1071 652 τοῦ
1113 593 1280 651 καλοῦ
1309 593 1405 648 καὶ
1436 589 1644 659 ἀγαθοῦ
1676 591 1759 642 el-

145 695 318 748 κόνα·
357 692 464 746 οὐκ
489 689 653 745 αὑτὸν
677 689 810 744 ὄντα
833 686 927 742 τὸν
959 686 1201 756 Πατέρα,
1233 683 1371 738 ἀλλά
1401 682 1494 737 τὸν
1524 679 1618 734 τοῦ
1641 680 1756 734 Πα-

145 785 282 857 τρὸς
319 781 590 856 μονογενῆ
623 779 756 835 Υἱόν
779 797 796 810 ο
827 778 935 833 οὐδ’
956 777 1118 832 αὑτὸν
1161 775 1292 830 ὄντα
1326 773 1419 828 τὸν
1462 772 1759 841 ἀγέννητον

140 876 244 930 καὶ
277 876 546 946 ἄναρχον,
592 871 729 927 ἀλλά
774 872 867 926 τὸν
911 871 971 938 ἐξ
1021 868 1189 925 αὑτοῦ
1233 867 1408 938 φύντα
1452 867 1548 920 καὶ
1582 862 1758 936 ἀρχὴν

146 967 608 1040 ἐπιγραφόμενον
638 965 728 1019 τὸν
755 963 1143 1034 γεγεννηκότα.
1174 961 1237 1015 El
1260 960 1336 1024 δὲ,
1367 959 1575 1021 τούτοις
1607 958 1758 1010 ἀντι-

145 1059 332 1128 λέγων
355 1057 684 1128 Μάρκελλος
713 1056 910 1117 ταύτὸν
938 1050 1078 1108 εἶναι
1110 1051 1222 1124 (40)
1254 1051 1454 1121 φάσκοι
1484 1050 1576 1102 τὸν
1601 1048 1757 1111 Θεὸν,

148 1153 245 1206 καὶ
291 1150 391 1204 τὸν
431 1151 494 1203 ιν
536 1149 686 1221 αὑτῷ
728 1149 904 1219 Λόγον
940 1146 1230 1202 ἀσύνθετον
1270 1146 1366 1200 κα)⁵
1416 1141 1622 1198 ἁπλοῦν
1667 1141 1759 1194 τὸν

147 1241 286 1297 Θεὸν
331 1239 677 1314 ὁριζόμενος,
709 1240 830 1313 ὥρα
862 1238 979 1310 (41)
1021 1238 1158 1308 μήτε
1188 1235 1412 1307 Πατέρα
1455 1234 1594 1305 μήτε
1626 1231 1758 1285 Υῑὸν

146 1334 442 1406 ὁμολογεῖν
488 1333 670 1396 αὐτὸν,
716 1332 976 1403 ἄντικρυς
1015 1330 1072 1383 δὲ
1103 1329 1196 1382 τὸν
1229 1327 1483 1381 Ἰουδαῖον
1518 1323 1760 1396 προσάλ-

145 1423 374 1487 λεσθαι,
405 1423 442 1494 ἦ
476 1423 568 1477 τὸν
607 1421 895 1476 Σαόέλλιον
935 1421 1178 1488 εἰσάγειν
1202 1459 1218 1484 ,
1247 1417 1470 1488 Πατέρα
1500 1415 1596 1469 καὶ
1628 1413 1757 1466 Υιὸν

144 1518 238 1574 τὸν
273 1517 446 1572 αὐτὸν
477 1514 615 1570 εἶναι
653 1515 965 1587 φάσκοντα·
1002 1513 1147 1568 ὥστε
1189 1513 1309 1567 κατ’
1334 1510 1496 1564 αὑτὸν
1536 1508 1619 1570 τὸ,
1662 1506 1760 1559 Ἔτ-

141 1608 305 1680 ἀρχῇ
321 1605 405 1680 ἦν
429 1611 465 1663 d
481 1609 691 1678 Λόγος,
711 1607 826 1660 ἴσον
852 1603 991 1661 εἶναι
1016 1604 1116 1676 τῷ,
1137 1606 1233 1657 Ἐν
1249 1601 1408 1674 ἀρχῇ
1431 1601 1514 1671 ἦν
1536 1603 1568 1654 ό
1591 1598 1756 1663 Θεός,

144 1701 240 1755 καὶ
265 1701 331 1754 τὸ
353 1741 369 1762 ,
406 1699 512 1754 καὶ
551 1702 585 1753 δ
616 1701 810 1770 Λόγος
840 1693 922 1770 ἦν
949 1696 1099 1767 πρὸς
1125 1696 1233 1750 τὸν
1262 1693 1433 1757 Θεὸν,
1470 1695 1586 1746 ἴσον
1616 1684 1758 1742 εἶναι

143 1791 244 1862 τῷ,
276 1792 380 1846 καὶ
413 1795 449 1846 ὀ
490 1791 637 1857 Θεὸς
667 1786 748 1861 ἦν
780 1789 930 1860 πρὸς
972 1788 1081 1844 τὸν
1118 1787 1286 1853 Θεὸν,
1333 1785 1538 1856 ὁμοίως
1575 1783 1632 1836 δὲ
1662 1778 1758 1835 καὶ

1865 587 2184 658 imaginem,
2235 601 2303 642 ex
2338 585 2458 655 ipso
2507 592 2710 648 ortum,
2774 584 3000 640 omnino
3041 592 3098 640 et
3131 599 3230 656 per
3270 591 3456 644 omnia

1863 694 2023 748 quam
2046 676 2392 732 simillimum
2422 674 2656 746 genitori
2681 689 2800 741 suo,
2833 685 2890 731 et
2931 676 3106 746 ipsum
3139 679 3286 746 quod
3333 694 3458 734 crs-

1863 771 1954 826 dat
1985 769 2178 832 Deum,
2200 778 2256 823 et
2306 781 2566 833 mentem,
2592 776 2649 821 et
2684 765 2866 837 λόγον,
2901 776 2956 823 et
2987 767 3313 837 sapientiam
3339 808 3357 836 ,
3397 779 3455 824 et

1863 863 2052 924 vitam,
2087 868 2141 915 et
2167 861 2363 924 lucem,
2390 858 2537 914 illius
2574 857 2783 928 pulchri
2822 859 3120 931 imaginem
3155 871 3321 930 atque
3355 862 3455 916 bo-

1863 955 1916 1009 ni
1956 971 1971 1008 :
2005 968 2114 1008 non
2143 961 2324 1007 tamen
2357 951 2652 1020 ipsummet
2682 951 3130 1020 genitorem,sed
3162 951 3343 1008 Patris
3365 954 3451 1008 sui

1861 1042 2058 1098 Filium
2090 1042 2450 1110 unigenitum,
2475 1054 2582 1094 non
2614 1041 2790 1108 ipsum
2819 1040 3041 1110 quidem
3082 1041 3453 1112 unigenitum,

1862 1142 1918 1186 et
1944 1131 2402 1202 imprincipiatum
2438 1147 2452 1183 :
2487 1129 2586 1183 sed
2631 1143 2697 1183 ex
2726 1126 2818 1181 illo
2854 1137 3060 1194 ortum,
3084 1127 3166 1183 sic
3199 1138 3258 1182 ut
3300 1129 3455 1198 priu-

1860 1223 2010 1294 pium
2055 1221 2140 1276 sui
2193 1219 2434 1276 ascribat
2475 1218 2648 1274 Patri.
2697 1217 2852 1285 Quod
2892 1218 2938 1275 si
2983 1219 3134 1274 hisce
3167 1221 3452 1275 contradi-

1860 1312 2031 1369 cendo
2058 1309 2373 1374 larcellus,
2407 1310 2547 1364 idem
2579 1323 2703 1364 esse
2743 1323 2842 1378 per
2869 1309 3052 1365 omnia
3077 1311 3279 1365 dixerit
3301 1310 3450 1367 illum

1862 1404 2054 1468 Deum,
2087 1412 2141 1459 et
2168 1403 2297 1457 illud
2332 1407 2392 1466 »Ῑη
2424 1403 2476 1456 in
2517 1415 2585 1457 eo
2626 1401 2865 1456 Verbum
2904 1403 3070 1457 Deum
3120 1403 3454 1474 incomposi-

1863 1505 1976 1551 tum
2010 1494 2279 1550 deﬁniens
2318 1503 2484 1565 atque.
2528 1492 2831 1564 simplicem
2867 1510 2883 1559 ;
2916 1493 3100 1548 videat
3137 1509 3208 1550 ne
3243 1495 3330 1550 vel
3357 1495 3454 1550 Pa-

1862 1599 2001 1644 trem
2026 1587 2111 1644 vel
2135 1586 2332 1642 Filium
2367 1600 2490 1640 eum
2515 1597 2776 1657 agnoscat
2805 1601 2821 1640 :
2849 1587 2944 1642 sed
2968 1585 3212 1642 Judaeum
3243 1602 3303 1642 se
3325 1602 3456 1657 pro-

1862 1683 1974 1749 dat,
2011 1689 2102 1736 aut
2135 1696 2259 1736 cum
2298 1679 2539 1735 Sabellio
2565 1680 2782 1734 inducat
2813 1681 3029 1735 Patrem
3054 1682 3304 1736 eumdem
3336 1681 3457 1752 pla-

1862 1787 1931 1827 ne
1969 1781 2131 1840 atque
2187 1767 2402 1825 Filium.
2467 1768 2536 1825 Ut
2586 1779 2717 1837 puta
2763 1785 2885 1824 cum
2936 1771 3078 1824 idem
3123 1780 3280 1826 sonet
3307 1771 3454 1841 apud

141 1854 205 1948 τὸ
235 1883 422 1955 τρίτον
456 1854 655 1937 ταύτὸν
691 1854 844 1936 ἐἶναι
877 1854 976 1952 τῷ,
1001 1881 1098 1936 καὶ
1129 1879 1274 1945 Θεὸς
1429 1881 1463 1932 ὁ
1502 1875 1668 1942 Θεὸς.
1713 1873 1746 1928 ἀ

1853 1862 2023 1926 illttm,
2053 1860 2118 1915 In
2136 1862 2394 1930 principio
2433 1867 2546 1914 erat
2595 1858 2823 1914 Verbum
2852 1901 2868 1925 ,
2901 1875 2967 1915 ac
3002 1861 3132 1915 illud
3153 1901 3169 1925 ,
3201 1860 3264 1914 In
3307 1861 3456 1931 prin-

143 1974 258 2046 (42)
293 1975 361 2046 δὴ
403 1975 540 2047 πρὸς
566 1973 646 2046 τῷ
678 1974 1041 2046 ἀσυναρτήτῳ
1070 1973 1164 2026 καὶ
1195 1968 1631 2044 παραλογώτατα
1660 1966 1745 2040 εἴη

143 2070 232 2124 ἀν.
269 2069 399 2132 Πῶς
431 2068 492 2122 δὲ
521 2069 616 2122 καὶ
639 2068 700 2122 τὸ
729 2067 927 2122 πάντα
958 2067 1034 2120 δι’
1069 2064 1257 2120 αὐτοῦ
1285 2064 1532 2134 ἐγένετο
1560 2060 1746 2134 χώραν

137 2160 276 2228 ἕξει,
325 2161 450 2224 ἑνὸς
503 2159 658 2224 ὄντος
715 2159 810 2212 τοῦ
871 2156 1270 2229 ὑποκειμένους
1322 2153 1396 2208 Ού
1433 2152 1544 2224 γὰρ
1605 2170 1624 2203 ι
1654 2148 1746 2204 ὑπ’

143 2251 310 2306 αὑτοῦ
346 2272 366 2305 ι
402 2252 594 2324 φησὶν,
627 2251 736 2304 οὐδ’
766 2269 785 2302 ι
806 2250 866 2315 ἐξ
897 2247 1059 2304 αὑτοῦ
1085 2267 1104 2300 ι
1147 2247 1216 2300 τὰ
1262 2245 1439 2299 πάντα
1487 2242 1749 2313 γεγεννῆ-

147 2344 293 2410 σθαι,
330 2343 474 2399 ἀλλά
525 2362 544 2395 ι
567 2343 635 2397 δι’
666 2341 854 2396 αὐτοῦ.
878 2362 896 2394 t
951 2341 1016 2394 Ἠ
1055 2340 1112 2394 δὲ
1157 2358 1175 2391 t
1201 2339 1288 2392 διά
1311 2357 1328 2390 t
1381 2337 1637 2407 πρόθεσις
1687 2333 1748 2387 τὸ

147 2435 488 2510 ὑπηρετικὸν
511 2435 767 2507 σημαίνει
784 2453 796 2466 ·
812 2434 887 2498 ὡς
904 2435 932 2488 ὁ
945 2433 1106 2494 αὐτὸς
1135 2428 1528 2500 εύαγγελιστὴς
1543 2425 1748 2498 προῖὼν

147 2527 278 2598 ἑξῆς
324 2528 626 2599 παρίστησι
705 2525 916 2594 λέγων,
959 2523 992 2576 ὁ
1058 2524 1245 2592 νόμος
1292 2519 1391 2574 διὰ
1451 2515 1748 2582 Μωῢσέως

147 2619 346 2688 ἐδόθη,
386 2620 422 2686 ἠ
450 2619 624 2688 χάρις
659 2618 759 2672 καὶ
795 2619 832 2684 ἠ
865 2615 1116 2681 ἀλήθεια
1145 2613 1218 2666 δι’
1260 2610 1457 2680 Ἰησοῦ
1486 2609 1745 2688 Χριστοῦ

142 2681 660 2782 ἐγένετοοκῦςνγάρ
695 2711 724 2762 ό
754 2681 938 2780 νόμος,
975 2709 1073 2763 οὐκ
1120 2707 1195 2761 ὣν
1239 2705 1599 2778 ἀνθρώπινος,
1635 2681 1746 2756 οὐδ⁹

146 2804 256 2874 (43)
304 2797 372 2858 αὖ
415 2801 516 2856 τοῦ
548 2801 828 2864 Μωῦσέως
875 2801 1156 2872 ὑπάρχων,
1187 2798 1303 2853 ἀλλ’
1341 2801 1407 2852 ὲκ
1453 2795 1548 2850 τοῦ
1585 2793 1742 2858 Θεοῦ,

144 2897 385 2951 Μωῦσέα
413 2896 658 2949 διάκονον
690 2896 783 2948 καὶ
828 2894 1107 2965 ὑπηρέτην
1145 2889 1492 2962 ἐπεγράψατο
1537 2890 1633 2960 τῆς
1667 2889 1745 2951 εἰς

143 2987 467 3060 ἀνθρώπους
493 2986 780 3050 ἐκδόσεως,
815 2986 908 3039 καὶ
937 2984 1025 3038 διὰ
1051 2984 1208 3037 τοῦτο
1237 2986 1470 3054 εἴρηται,
1503 2987 1536 3037 d
1563 2984 1747 3052 νόμος

141 3079 240 3134 διὰ
270 3079 575 3145 Μωυσέως
615 3077 816 3145 ἐδόθη,
852 3077 994 3130 οὕτω
1031 3079 1124 3130 καὶ
1164 3078 1198 3147 ἠ
1242 3079 1400 3147 χάρις
1455 3076 1520 3130 δι’
1569 3074 1744 3146 Ἰησοῦ

143 3171 378 3245 Χριστοῦ
407 3172 646 3240 ἐγένετο,
677 3169 772 3224 τοῦ
800 3170 1013 3241 Πατρὸς
1045 3169 1214 3240 αὐτὴν
1257 3169 1346 3222 διὰ
1375 3166 1470 3220 τοῦ
1504 3166 1744 3238 Χριστοῦ
1773 3193 1815 3249 C

143 3268 650 3339 κατεργασαμένου.
668 3265 945 3329 Ὡσαύτως
970 3260 1063 3319 οὖν
1093 3265 1306 3337 εἴρηται
1329 3266 1420 3317 καὶ
1437 3265 1518 3329 τὸ,
1539 3263 1743 3318 Πάντα

141 3355 214 3409 δι’
248 3357 439 3411 αὐτοῦ
471 3358 744 3426 ἐγένετο·
805 3355 918 3426 (Μ)
967 3357 1154 3428 ἐτέρου
1209 3357 1307 3426 μὲν
1352 3357 1737 3426 πεποιηκότος,

141 3444 305 3500 αὑτοῦ
357 3446 417 3500 δὲ
464 3446 930 3517 διακονησαμένου
959 3463 970 3473 ·
1026 3445 1157 3498 ὥσθ’
1196 3444 1383 3518 ἕτερον
1423 3446 1607 3516 ζητεῖν
1649 3447 1742 3499 τὸν

143 3541 376 3613 ποιητὴν
407 3540 520 3595 τῶν
578 3541 737 3605 ὅλων,
789 3541 879 3593 τὸν
921 3539 1010 3592 διὰ
1055 3538 1148 3593 τοῦ
1202 3538 1623 3609 Θεολογουμένου
1671 3537 1741 3591 τὰ

142 3632 321 3686 πάντα
356 3633 829 3703 ὑποστησάμενον.
888 3633 1000 3685 Καὶ
1046 3631 1130 3694 τίς
1180 3629 1246 3684 ἂν
1287 3632 1496 3700 γένοιτο
1541 3625 1737 3695 οῦτοςς

152 3725 292 3778 Ἀλλ’
322 3727 427 3779 οὐκ
471 3726 537 3780 ἂν
569 3726 678 3796 ἔχοι
707 3728 900 3778 εἰπεῖν,
934 3720 1035 3777 ’Ὧν
1063 3724 1236 3788 οὕτως
1265 3724 1518 3795 ἐχόντων,
1551 3724 1741 3795 ὁμολο-

137 3819 252 3883 γεῖν
294 3817 513 3888 ἀνάγκη
572 3817 663 3870 τὸν
711 3815 1128 3886 θεολογούμενον
1173 3815 1278 3868 ὑπὸ
1310 3815 1406 3868 τοῦ
1450 3815 1738 3885 εὐαγγελι-

140 3906 268 3960 στοῦ
314 3910 390 3980 μὴ
431 3911 525 3962 τὸν
561 3909 654 3961 ὲπὶ
681 3907 900 3962 πάντων
930 3904 1069 3962 εἶναι
1102 3908 1266 3969 Θεὸν,
1307 3907 1427 3979 μηδ’
1457 3909 1618 3960 αὐτὸν
1647 3908 1738 3960 τὸν

137 3998 381 4071 Πατέρα,
417 4001 509 4054 τὸν
555 4000 611 4053 δὲ
642 4000 832 4052 τούτου
878 4003 1138 4070 μονογενῆ
1171 3999 1298 4052 Υἱὸν
1319 4040 1333 4063 ,
1367 3989 1428 4052 ὀύ
1458 3998 1738 4071 συμϐεϐη-

135 4087 270 4142 κότα
293 4091 373 4161 τῷ
391 4091 587 4164 Πατρὶ,
615 4091 746 4155 οὐδ’,
762 4090 838 4154 ὡς
862 4092 919 4142 ὲν
943 4090 1309 4161 ὑποκειμένῳ,
1335 4092 1390 4142 ὲν
1414 4090 1564 4162 αύτῷ
1584 4091 1735 4154 ὄντα,

131 4179 258 4233 οὐδὲ
307 4180 367 4233 ἐν
415 4183 512 4234 καὶ
557 4182 755 4235 ταύτὸν
794 4180 872 4250 τῷ
919 4180 1036 4251 Θεῷ
1079 4181 1228 4245 ὄντα,
1274 4181 1401 4233 Υῑὸν
1449 4179 1493 4233 δ’
1523 4179 1740 4250 ἀληθῶς

134 4270 286 4336 ὄντα,
324 4271 506 4335 ζῶντα
562 4275 656 4326 καὶ
704 4271 992 4342 ὑφεστῶτα
1039 4273 1095 4324 ὲν
1147 4273 1290 4344 ἀρχῇ
1338 4291 1396 4326 τε
1437 4272 1586 4336 ὄντα,
1644 4273 1738 4324 καὶ

137 4363 276 4435 πρὸς
295 4365 389 4417 τὸν
413 4363 550 4417 Θεὸν
580 4365 729 4426 ὅντα,
779 4365 873 4417 καὶ
899 4364 1029 4418 Θεὸν
1063 4364 1213 4428 ὂντα,
1265 4364 1330 4416 δι’
1363 4357 1424 4418 οὗ
1456 4367 1524 4418 τὰ
1559 4365 1738 4418 πάντα

134 4453 484 4528 δημιουργεῖ.
527 4457 616 4520 Ὠς
659 4455 835 4526 ὀρθῶς
863 4453 972 4525 (45)
1005 4455 1070 4508 ἄν
1105 4472 1226 4508 τινα
1258 4455 1350 4508 ὲπὶ
1382 4455 1443 4508 τὸ
1478 4455 1740 4525 σαφέστε-

1850 1956 1988 2022 ct'pio
2008 1963 2119 2008 erat
2141 1952 2303 2006 Deus.
2328 1952 2392 2006 Et
2429 1951 2580 2015 illud,
2613 1949 2677 2004 Et
2706 1947 2930 2005 Verbum
2951 1962 3066 2006 erat
3091 1954 3234 2021 apud
3256 1952 3452 2019 Deum,

1851 2047 2171 2117 aquivaleat
2218 2045 2315 2111 ilti,
2350 2035 2417 2099 Et
2460 2044 2602 2099 Deus
2643 2055 2756 2099 erat
2793 2045 2935 2114 apud
2981 2044 3175 2100 Deum.
3213 2044 3281 2100 Et
3313 2046 3448 2101 illud

1855 2143 2070 2197 tertium
2107 2154 2211 2193 non
2244 2139 2314 2192 sit
2339 2138 2483 2192 aliud
2509 2153 2695 2208 quam,
2725 2137 2790 2192 Et
2813 2137 2954 2192 Deus
2983 2148 3097 2192 erat
3128 2138 3296 2193 Deus.
3317 2138 3451 2205 Qua:

1852 2242 2114 2304 prmterea
2153 2231 2298 2302 quod
2348 2230 2662 2286 cohaereant
2710 2231 2911 2292 minus,
2941 2228 3013 2284 ab
3041 2229 3191 2288 omni
3231 2230 3452 2286 ratione

1851 2335 1977 2382 sunt
2007 2323 2359 2378 alienissima.
2410 2320 2546 2376 Nam
2576 2337 2812 2391 quonam
2847 2330 3006 2390 pacto
3036 2319 3213 2374 locum
3245 2321 3453 2375 habere

1852 2420 2054 2489 poterit
2085 2417 2234 2481 illud,
2268 2417 2463 2472 Omnia
2492 2433 2584 2485 per
2611 2416 2784 2484 ipsum
2814 2413 2959 2482 facta
3000 2422 3143 2480 sunt,
3179 2429 3302 2468 cum
3331 2413 3454 2468 uui-

1851 2527 1975 2565 cum
1993 2510 2065 2564 sit
2087 2509 2464 2580 suppositum?
2495 2518 2549 2562 et
2583 2506 2869 2578 Scriptura
2925 2506 3140 2573 doceat,
3176 2521 3284 2560 non
3327 2524 3346 2558 ι
3379 2507 3451 2560 ab

1850 2601 1970 2656 illo:
2003 2601 2201 2656 nedum
2225 2618 2245 2651 ι
2269 2616 2335 2657 ex
2357 2601 2506 2664 illo,»
2548 2600 2643 2654 sed
2681 2613 2808 2669 «per
2839 2597 3019 2652 illum»
3055 2597 3236 2652 omnia
3282 2596 3452 2653 fuisse

1851 2691 2021 2747 facta?
2046 2676 2110 2745 Et
2155 2692 2242 2745 illa
2275 2691 2695 2762 prapositioper
2727 2688 3032 2744 mittistrale
3064 2688 3195 2759 quid
3233 2689 3448 2757 signiti-

1849 2795 1957 2850 cet,
1998 2786 2450 2856 quemadmodum
2494 2786 2549 2840 in
2603 2783 2966 2854 sequentibus
3021 2783 3180 2838 docet
3215 2797 3451 2854 evange-

1849 2879 1997 2941 lista,
2039 2878 2309 2946 inquiens,
2343 2875 2451 2930 Lex
2473 2893 2566 2940 per
2611 2874 2844 2946 Moysem
2867 2876 2997 2929 data
3027 2882 3104 2928 est
3136 2887 3156 2927 :
3197 2878 3373 2944 gratia
3397 2884 3446 2928 et

1851 2969 2036 3023 veritas
2069 2984 2165 3035 per
2190 2967 2371 3020 Jesum
2395 2965 2666 3020 Christum
2697 2965 2842 3033 facta
2873 2973 2948 3018 est
2979 2965 3046 3018 "'.
3079 2963 3448 3031 Quemadmo-

1851 3060 1977 3115 dum
2009 3061 2151 3113 enim
2187 3058 2294 3126 lex,
2341 3072 2447 3111 non
2499 3057 2588 3110 illa
2623 3056 2902 3110 hominum
2935 3055 3020 3110 vel
3064 3054 3267 3126 Moysis
3295 3055 3446 3110 exsi-

1849 3161 2020 3217 slens,
2041 3152 2137 3206 sed
2167 3149 2284 3209 Dei.
2311 3151 2398 3203 cui
2436 3147 2684 3202 minister
2704 3157 2758 3202 et
2785 3161 2977 3200 servus
2996 3145 3448 3202 subministrabat
3557 3218 3561 3222 _

1849 3243 2085 3315 ﬂoyses,
2117 3251 2177 3296 ut
2224 3241 2313 3294 illa
2356 3239 2424 3294 ad
2458 3239 2705 3293 homines
2749 3239 3191 3307 promulgaretur
3228 3254 3243 3292 :
3279 3247 3448 3306 atque

1847 3336 1969 3392 ideo
1988 3337 2188 3389 dictum
2207 3342 2312 3395 est,
2328 3331 2438 3386 Lex
2463 3347 2557 3401 per
2584 3329 2820 3400 Moysem
2848 3331 2973 3382 data
2991 3330 3114 3398 fuit.
3134 3328 3210 3384 Ita
3227 3343 3448 3400 quoque

1845 3439 1902 3484 et
1941 3427 2114 3500 gratia
2147 3427 2272 3481 data
2320 3435 2424 3488 est,
2466 3424 2610 3492 quod
2659 3437 2758 3492 per
2803 3421 3082 3478 Christum
3118 3422 3280 3478 Pater
3322 3439 3445 3477 eam

1845 3529 2125 3590 operatur.
2172 3519 2349 3588 Atque
2384 3518 2450 3570 ad
2499 3515 2662 3569 istum
2700 3514 2922 3568 modum
2977 3513 3214 3580 dicitur,
3249 3511 3447 3568 Omnia

1845 3629 1938 3683 per
1973 3612 2124 3666 illum
2155 3611 2302 3680 facta
2326 3619 2446 3663 sunt
2477 3622 2496 3661 :
2523 3614 2710 3675 utpote
2736 3605 2806 3659 ab
2842 3605 3015 3660 altero
3051 3605 3444 3674 producta,cui

1847 3705 2005 3760 alteri
2041 3712 2367 3772 oprraturus
2408 3700 2496 3754 hic
2546 3697 2928 3752 subministrat
2963 3712 2978 3750 :
3011 3709 3071 3750 ut
3117 3697 3446 3766 quaerendus

1845 3800 1918 3853 sit
1947 3812 1974 3849 a
2007 3797 2164 3850 nobis
2193 3803 2406 3849 creator
2439 3793 2575 3846 alius
2606 3791 3026 3854 universorum,
3056 3789 3149 3858 qui
3187 3789 3389 3842 dicitur
3411 3806 3444 3844 a

1847 3883 2098 3951 theologn
2121 3895 2341 3936 creasse
2385 3881 2591 3935 omnia.
2624 3879 2673 3934 ls
2711 3888 2889 3933 autem
2915 3878 3103 3947 ecquis
3138 3877 3280 3932 alius
3315 3894 3443 3933 esse

1841 3972 2101 4044 poterat?
2128 3981 2277 4026 certe
2322 3984 2484 4025 nemo
2529 3970 2751 4024 dixerit.
2781 3969 2912 4036 Quae
2937 3984 3059 4022 cum
3085 3967 3158 4022 ita
3190 3969 3322 4035 sint,
3354 3968 3442 4023 ia-

1845 4067 1945 4122 teri
1973 4082 2073 4121 nos
2125 4073 2342 4134 oportet
2381 4078 2504 4118 eum
2545 4065 2636 4134 qui
2670 4064 2737 4118 ab
2766 4060 3098 4133 evangelista
3129 4060 3440 4127 deiﬂcatur,

1845 4175 1953 4215 non
1989 4174 2109 4214 esse
2138 4157 2307 4212 Deum
2356 4156 2502 4210 illum
2544 4170 2706 4226 super
2739 4154 2948 4221 omnia,
2984 4168 3159 4224 neque
3196 4153 3440 4220 Patrem,

1843 4252 1938 4306 sed
1975 4249 2120 4303 illius
2152 4248 2350 4302 Filium
2398 4247 2736 4317 unigenitum
2771 4263 2788 4302 :
2822 4261 2928 4300 non
2960 4260 3084 4301 cum
3116 4244 3276 4300 Patre
3313 4247 3435 4316 pari

1844 4358 2003 4415 passu
2036 4341 2404 4396 ambulantem
2437 4357 2450 4393 :
2482 4354 2582 4394 nec
2608 4346 2862 4409 tanquam
2894 4337 2948 4392 in
2981 4337 3265 4406 supposito
3291 4341 3440 4402 exsi-

1842 4445 2073 4492 steutem
2099 4433 2297 4487 unico:
2331 4446 2436 4486 uon
2470 4445 2637 4486 unum
2663 4439 2824 4500 atque
2852 4428 3105 4484 eumdem
3139 4445 3265 4485 cum
3297 4429 3432 4497 De'o,

247 4520 622 4620 μεταλαϐόντα
641 4520 806 4618 φάναι
823 4520 1082 4612 duri-106,
1101 4549 1196 4600 Ἐν
1207 4547 1364 4618 ἀρχῇ
1381 4544 1459 4620 ἦν
1475 4551 1507 4602 ὁ
1523 4520 1735 4618 λόγος,

1850 4528 1940 4584 sed
1981 4525 2172 4580 Filium
2227 4538 2354 4578 rere
2387 4522 2764 4587 exsistentem,
2796 4521 2981 4576 vivum
3012 4520 3432 4578 subsistentem:

135 4610 197 4692 τὸ
291 4645 348 4695 ὲν
380 4644 524 4714 ἀρχῇ
562 4639 629 4714 ἦν
709 4642 856 4706 Υἱὸς,
880 4660 898 4692 t
935 4643 1028 4700 καὶ
1056 4610 1176 4694 ἀντὶ
1201 4610 1455 4705 suffixa
1480 4641 1511 4694 ὁ
1534 4610 1727 4710 Λόγος

1850 4638 1881 4676 n
1915 4615 2181 4692 principio
2226 4614 2318 4684 qui
2348 4621 2466 4670 erat
2496 4630 2510 4665 :
2546 4622 2599 4668 et
2639 4613 2781 4679 apud
2828 4610 2993 4667 Deum
3023 4619 3162 4675 erat,
3190 4622 3245 4668 et
3292 4613 3436 4668 Deus

133 4726 215 4798 ἦν
241 4734 396 4801 πρὸς
580 4699 748 4798 Θεὸν,
784 4699 866 4799 τὸν,
921 4751 940 4784 t
969 4699 1064 4787 καὶ
1098 4735 1126 4786 ό
1167 4733 1295 4797 Υἱὸς
1321 4699 1411 4805 ’ἦν
1455 4734 1591 4804 πρὸς
1628 4699 1728 4786 ’τὸν

1850 4720 1949 4766 :rat
1983 4728 1998 4764 :
2026 4722 2122 4778 per
2145 4719 2306 4773 quem
2335 4703 2524 4758 condit
2557 4702 2831 4756 universa.
2854 4699 2925 4756 Ut
2954 4699 3158 4754 clarius
3186 4709 3438 4771 transpo-

137 4821 398 4895 Πατέρα,
425 4847 441 4876 ι
491 4828 587 4882 καὶ
641 4827 763 4880 ἀντὶ
808 4824 902 4880 τοῦ
930 4863 945 4889 ,
1010 4826 1107 4878 καὶ
1133 4824 1274 4892 Θεὸς
1304 4821 1382 4895 ἦν
1427 4829 1460 4880 ό
1510 4827 1726 4897 Λόγος,

1827 4804 1935 4859 sita
1991 4801 2108 4856 hmc
2138 4793 2383 4868 proferre
2427 4795 2552 4865 quis
2593 4792 2786 4866 possit,
2832 4807 2931 4860 pro
2975 4793 3091 4858 illo,
3125 4790 3193 4848 In
3232 4793 3436 4863 princi-

136 4915 216 4977 τὸ,
279 4937 297 4965 ‹
324 4921 418 4970 καὶ
466 4920 598 4984 Θεὸς
653 4915 719 4989 ἦν
767 4922 796 4973 ὁ
841 4919 987 4979 Υἱός.
1017 4937 1033 4967 ι
1089 4917 1248 4970 Οὕτω
1294 4918 1338 4969 δ’
1371 4917 1438 4970 ἂν
1466 4920 1727 4990 ἁρμόσειε

1850 4917 1912 4970 ιὶο
1939 4925 2053 4970 erat
2100 4911 2352 4974 Verbum,
2377 4927 2397 4961 ι
2433 4907 2489 4963 In
2531 4907 2799 4978 principio
2831 4915 2952 4962 erat
2979 4906 3172 4971 Filius,
3201 4926 3220 4960 ι
3246 4915 3303 4962 et
3333 4923 3433 4978 pro

141 5009 231 5059 καὶ
299 5011 361 5062 τὸ
422 5012 551 5081 ἑξῆς
622 5012 1000 5082 ἐπαγόμενον·
1063 5011 1257 5066 πάντα
1317 5011 1428 5080 τὰρ
1483 5011 1556 5064 δι’
1615 5016 1725 5065 αὺ-

139 5101 264 5160 τοῦ,
296 5103 539 5172 ἐγένετο
575 5105 675 5158 καὶ
720 5107 900 5173 χωρὶς
940 5106 1125 5159 αὑτοῦ
1169 5104 1404 5174 ἐγένετο
1451 5103 1594 5158 οὐδὲ
1633 5106 1722 5159 ἓν·

141 5189 378 5258 Εἰκότως
403 5196 688 5268 τοιγαροῦν
716 5199 743 5248 ὁ
762 5197 902 5258 θεῖος
935 5197 1324 5266 εὑαγγελιστὴς
1355 5195 1465 5267 (46)
1498 5197 1555 5248 ἐν
1578 5198 1723 5269 ἀρχῇ

141 5283 300 5335 αὑτὸν
347 5289 472 5357 ἔφη,
508 5290 629 5352 δοὺς
659 5287 806 5357 αὖτῴ
835 5288 1009 5357 ἀρχὴν
1031 5327 1044 5348 ,
1077 5288 1231 5357 δῆλον
1259 5288 1315 5341 δὲ
1353 5289 1434 5342 ὅτι
1473 5289 1572 5361 τὴν
1598 5290 1725 5359 γέν-

219 5402 276 5459 bis
313 5398 410 5455 Erl.
443 5401 637 5467 Puris.,
671 5417 790 5470 pag.
833 5399 952 5453 1'22.

216 5490 258 5520 ’⁷
282 5489 434 5547 Joau.
477 5511 514 5558 ι,
545 5496 628 5548 ΓΙ.

355 5585 521 5648 Vulgo
559 5587 791 5657 φάσκον.

364 5657 417 5726 lu
442 5654 586 5711 corr.
625 5661 744 5726 ὅρα.

222 5722 330 5794 (42)
365 5724 528 5794 Vulgo
563 5729 639 5784 δέ.

227 5793 335 5863 (45)
362 5793 524 5863 Vulgo
552 5798 714 5852 αὑτοῦ
746 5795 861 5849 τοῦ.

225 5862 331 5935 (44)
361 5862 591 5937 Ἐτέρηυ
608 5870 722 5940 μὲν
750 5871 1163 5938 πεποιηκότων.
1191 5869 1542 5932 dircctissimc
1567 5877 1728 5934 aria-

1838 5009 1962 5072 illo,
2015 5004 2081 5058 Et
2134 5004 2360 5058 Verbum
2413 5013 2524 5055 erat
2558 4999 2700 5070 apud
2736 4999 2928 5065 Deum,
2966 5016 2986 5052 t
3021 5009 3074 5054 et
3114 4999 3283 5054 Filius
3313 5012 3434 5055 erat

1839 5099 1978 5168 apud
2019 5097 2233 5151 Patrem
2255 5135 2271 5157 ,
2311 5113 2330 5145 ι
2368 5103 2422 5148 et
2458 5108 2555 5162 pro
2588 5091 2698 5157 illo,
2736 5087 2799 5142 Et
2834 5089 2974 5144 Deus
3000 5099 3111 5142 erat
3163 5087 3391 5144 Verbum
3413 5132 3428 5155 ,

1839 5208 1858 5242 ι
1890 5201 1944 5244 et
1997 5189 2137 5242 Deus
2189 5195 2310 5241 erat
2341 5185 2530 5240 Filius.
2559 5205 2576 5236 δ
2602 5182 2679 5239 Ita
2727 5182 2873 5238 enim
2909 5195 3151 5252 congrue
3189 5183 3432 5236 coluere-

1837 5284 1916 5338 bit
1970 5284 2114 5354 quod
2178 5281 2429 5353 adjicitur
2482 5282 2534 5334 in
2595 5276 2947 5349 sequentibus
2990 5273 3228 5330 :Omuia
3288 5277 3430 5329 enim

1833 5585 2132 5648 nizat,cum
2159 5579 2368 5636 Filium.
2388 5574 2760 5632 tantummodo
2791 5574 3040 5627 διάκονον
3065 5572 3117 5648 in
3142 5571 3431 5648 creatione

1833 5641 2096 5727 supponat.
2133 5669 2152 5727 _:
2181 5650 2486 5727 ut_Mu_yseu
2523 5649 2575 5701 iu
2614 5647 2745 5713 legis
2776 5646 3230 5716 promulgatione.
3268 5641 3342 5696 Μ.

1906 5721 2019 5792 με)
2049 5723 2212 5791 Vulgu
2240 5721 2456 5792 ἀκτῖνα.

1907 5781 2016 5868 (Μή
2071 5781 2376 5868 Ὲῆἀρχῇ-
2413 5788 2661 5868 ⁵αὑτοῦ,
2731 5787 2866 5855 ἔφη.
2944 5781 3184 5868 Legend.
3259 5781 3429 5840 αὑτὸν

1839 5856 1971 5924 εἶναι
1998 5856 2118 5936 ἔφη.
2154 5856 2608 5934 Μ.’έέ’[ιὶοιτειί
2636 5860 2809 5914 locum
2843 5871 2906 5911 cx
2940 5856 3096 5910 codd.
