4106 6420
103 373 200 430 955

1053 358 1138 412 DE
1175 353 1717 412 EGCLESIASTICA
1757 351 2152 408 TIlEOLOGIA
2194 349 2324 406 LIB.
2366 347 2424 403 II.

3262 348 3367 405 934

101 505 233 558 σμου
257 487 351 556 τῆς
367 484 687 555 Ἐκκλησίας
715 481 1026 541 συστάσεως
1053 479 1145 532 τὸν
1166 477 1382 547 Πατέρα
1412 473 1551 529 εἶναι
1584 475 1674 528 καὶ

1782 475 2133 541 prehenditur
2184 470 2512 541 judaizare,
2570 468 2841 523 interdum
2897 467 3240 538 transfugere
3300 471 3370 524 ad

101 580 188 633 τὸν
221 576 344 630 Υὶδν
384 573 752 646 ὁμολογούσης
776 591 788 602 '
826 570 964 625 κατᾶ
1011 569 1068 622 δὲ
1112 568 1204 621 τὸν
1251 565 1538 619 Σαόἐλλιον
1580 566 1676 616 ἕνα

101 670 191 724 καὶ
220 668 308 721 τὸν
325 667 485 721 αὑτὸν
515 661 654 719 εἶναι
675 663 1110 735 αποφαινόμενος
1132 661 1261 714 Υἱὸν
1294 661 1388 712 καὶ
1419 658 1637 727 Πατέρα
1660 673 1674 688 ο

101 760 190 813 καί
223 774 346 811 ποτε
380 757 471 828 μὲν
503 756 612 827 (5'2)
638 752 704 809 αὖ
731 756 822 808 τὸν
869 753 1173 808 ἐνδιάθετον
1218 751 1452 819 εἰσάγων
1480 751 1674 818 Λόγον,

101 852 224 906 ποτε
248 852 302 904 δὲ
332 850 684 921 προφορικόν.
721 851 782 903 Ei
809 850 918 921 γὰρ
952 845 1331 918 προσποιεῖται
1360 844 1564 906 ταύτας
1601 843 1675 914 μὴ

101 938 486 1013 παραδέχεσθαι
534 940 632 1003 τὰς
677 940 858 1008 φωνὰς
893 936 1027 1010 (53),
1063 937 1200 1009 πλὴν
1249 937 1312 1008 δὴ
1361 936 1534 1003 Λόγος
1576 936 1676 1006 τὴν

99 1035 157 1085 ὲκ
184 1031 272 1084 τοῦ
300 1047 426 1084 ποτε
453 1031 553 1101 μὲν
579 1031 724 1085 ἔνδον
747 1030 908 1084 αὑτὸν
937 1030 1115 1098 λέγειν
1147 1031 1205 1082 ὲν
1228 1027 1305 1099 τῷ
1327 1026 1468 1097 Θεῷ,
1487 1025 1674 1080 ἄλλοτε

97 1124 148 1176 δὲ
179 1124 240 1176 δι’
290 1123 570 1195 ἐνεργείας
616 1123 910 1194 δρασπκῆς
953 1121 1198 1195 προϊέναι
1245 1118 1447 1184 αὐτοῦ,
1476 1117 1568 1186 ἀφ’
1600 1110 1676 1170 ὦν

95 1231 151 1268 τε
195 1213 271 1284 τῷ
301 1213 626 1284 ἀνθρωπίνῳ
673 1214 964 1277 ἀπεικάζει
990 1213 1152 1266 αὑτὸν
1183 1212 1326 1283 λόγῳ
1348 1228 1362 1242 ⁸
1398 1211 1426 1264 ὃ
1467 1210 1578 1280 (54)
1611 1226 1673 1277 γε

96 1308 201 1379 μὴν
225 1307 364 1370 Θείος
398 1308 788 1379 εὐαγγελιστὴς
837 1310 957 1362 κατ’
989 1307 1182 1360 οὐδένα
1208 1307 1318 1359 τῶν
1351 1303 1676 1374 ἀποδεδομέ-

94 1415 194 1449 νων
219 1396 454 1467 τρόπων,
491 1397 663 1464 Λόγον
697 1399 1043 1471 ὑπεστήσατο
1068 1398 1157 1452 τὸν
1192 1396 1330 1469 πρὸς
1357 1396 1523 1450 αὑτοῦ
1556 1397 1676 1449 Θεο-

91 1488 438 1560 λογούμενον,
475 1489 591 1542 ἀλλ’
613 1483 726 1542 οἷον
752 1491 958 1562 ἔπρεπε
997 1489 1089 1543 τὸν
1127 1489 1388 1561 μονογενῆ
1419 1489 1547 1541 Υἱὸν
1579 1488 1673 1541 τοῦ

91 1578 220 1631 Θεοῦ
250 1582 408 1644 νοεῖν,
437 1579 613 1648 Λόγον
640 1581 739 1652 μὲν
771 1581 922 1645 ὄντα,
950 1580 1146 1634 καθ’ὂν
1174 1580 1352 1634 πάντα
1374 1579 1516 1650 λόγῳ
1548 1597 1672 1632 συν-

87 1670 367 1741 εστήσατο,
401 1673 499 1723 καὶ
530 1671 699 1742 χωρὶς
738 1670 915 1739 Λόγου
945 1669 1053 1723 τῶν
1084 1669 1253 1723 όντων
1282 1671 1432 1723 οὐδὲν
1459 1669 1667 1737 γέγονε·

87 1759 214 1815 Θεὸν
245 1761 300 1815 δὲ
339 1763 436 1816 καὶ
471 1764 770 1833 Μονογενῆ,
800 1762 921 1815 καθ’
947 1760 976 1814 ὅ
1010 1761 1170 1832 μόνος
1200 1760 1417 1832 ἀληθῶς
1440 1757 1509 1832 ἦν
1539 1761 1674 1824 Υἱὸς

1783 558 2080 612 Sabellium
2121 574 2134 610 :
2167 555 2546 622 ub'judaizans
2572 565 2697 606 ante
2721 553 2908 606 mundi
2933 554 3369 622 productionem,

1780 658 1977 717 praeter
2016 646 2189 701 solum
2227 646 2394 700 Deum
2419 646 2577 698 docet
2606 642 2739 697 nitril
2770 643 3070 698 exstitisse.
3103 642 3236 698 Cum
3263 643 3370 699 Ec-

1778 743 1940 795 clesia
1971 749 2096 794 ante
2127 739 2307 793 mundi
2332 747 2604 800 exortum,
2629 745 2683 790 et
2708 735 2926 792 Patrem
2959 745 3221 806 agnoscat
3244 749 3371 792 ante

1779 835 1996 888 Filium.
2051 830 2272 886 Sabellii
2340 838 2521 900 partes
2573 845 2762 899 agens,
2819 843 2986 882 unmn
3024 839 3079 883 et
3113 828 3367 883 eumdem

1779 926 1994 980 Patrem
2021 924 2265 992 designat
2293 938 2454 992 atque
2472 922 2692 977 Filium.
2721 922 2993 974 Interdum
3015 920 3369 976 introduceus

1779 1010 2015 1067 Verbum
2051 1014 2356 1065 immanens
2392 1031 2405 1068 :
2450 1013 2741 1080 aliquando
2775 1010 3104 1079 prolatitium
3136 1021 3191 1065 et
3222 1026 3372 1065 ema-

1779 1119 1935 1159 nans.
1971 1103 2130 1158 Certe
2153 1104 2321 1157 videri
2356 1103 2468 1157 vult
2498 1104 2596 1157 has
2628 1118 2787 1158 voces
2819 1118 3093 1173 respuere.
3124 1103 3193 1156 At
3222 1103 3369 1157 enim

1779 1197 1906 1263 quid
1957 1195 2102 1249 aliud
2159 1195 2477 1262 assignavit,
2517 1203 2640 1251 cum
2679 1195 2908 1249 Verbum
2946 1195 3074 1250 illud
3136 1195 3282 1250 intus
3317 1196 3371 1249 in

1778 1288 1889 1342 Deo
1921 1304 2064 1342 nunc
2088 1286 2317 1341 aﬂirmet
2347 1307 2360 1341 :
2387 1303 2532 1342 nunc
2559 1304 2656 1359 per
2681 1289 3040 1358 operatricem
3073 1287 3370 1344 eﬂlcaciam

1776 1381 1994 1451 prodire
2043 1381 2394 1450 pronuntiet?
2451 1381 2592 1433 unde
2643 1389 2698 1433 ct
2752 1395 2872 1434 cum
2928 1389 3164 1435 humano
3199 1382 3372 1436 verbo

1777 1472 2050 1540 componit
2082 1469 2238 1524 illud.
2271 1471 2340 1524 At
2367 1471 2514 1524 enim
2538 1470 2751 1524 divinus
2771 1471 3103 1542 evangelista
3132 1471 3372 1527 Verbum

1777 1579 1806 1618 a
1839 1579 1895 1618 se
1918 1564 2226 1618 deificatum
2257 1563 2555 1618 secundum
2585 1564 2790 1618 nullum
2819 1566 3046 1618 istorum
3083 1565 3370 1620 modorum

1779 1654 2186 1725 inteiligendum
2218 1657 2522 1725 proposuit.
2556 1653 2661 1708 Sed
2691 1668 2750 1709 ut
2791 1671 2889 1724 par
2913 1664 2966 1711 et
2997 1672 3210 1725 aequum
3249 1658 3371 1714 fue-

1782 1758 1863 1802 rat
1920 1749 2255 1818 unigenitum
2305 1749 2399 1802 Dei
2429 1749 2623 1803 Filium
2670 1750 3022 1818 intelligendo
3054 1753 3368 1822 concipere.

86 1853 177 1906 τοῦ
204 1853 294 1906 ἐπὶ
319 1855 538 1908 πάντων
571 1852 707 1906 Θεοῦ
734 1869 747 1882 ·
785 1851 914 1916 Υἱὸς
945 1853 1166 1924 γνήσιος
1193 1851 1384 1916 ὅντως,
1413 1853 1508 1905 καὶ
1536 1853 1671 1920 ἀγα-

1782 1841 2010 1896 Verbum
2038 1855 2160 1896 esse
2184 1841 2387 1904 docuit,
2417 1857 2515 1911 per
2544 1843 2686 1911 quod
2708 1844 2890 1896 omnia
2918 1845 3216 1900 secundum
3243 1860 3372 1902 suas

88 1944 272 2017 πητὺς,
307 1945 385 2016 τῷ
408 1944 576 2000 αὐτοῦ
603 1945 779 2016 Harp).
821 1945 965 2000 κατὰ
994 1946 1174 2000 πάντα
1201 1943 1465 2016 ἁφομοιού
1475 1961 1634 2016 μενος
1654 1959 1668 1974 ·

85 2038 175 2092 Διὸ
199 2039 292 2093 καὶ
323 2038 458 2103 Θεὸς
499 2035 569 2110 ἦν
599 2037 838 2110 ἀληθῶς,
867 2037 989 2091 καθ’
1014 2037 1042 2090 ὃ
1071 2038 1132 2091 τὸ
1165 2038 1351 2110 νοερὸν
1383 2039 1479 2092 καὶ
1522 2037 1672 2107 λογι-

82 2133 179 2184 κὴν
205 2133 325 2194 ταῖς
367 2131 488 2184 κατ’
514 2131 698 2184 εἰκόνα
727 2130 825 2202 τὴν
853 2128 1017 2183 αὑτοῦ
1049 2131 1448 2200 πεποιημέναις
1472 2129 1671 2202 ψυχαῖς

87 2222 399 2292 ὲναυγάζειν
443 2223 668 2293 φέγγος.
705 2223 799 2276 Διὸ
827 2223 886 2276 οὐ
929 2222 1146 2276 πάντων
1187 2223 1349 2276 αὐτδν
1385 2223 1500 2292 φῶς
1529 2219 1671 2278 εἷναί

88 2330 266 2384 φησιν,
298 2315 434 2368 ἀλλὰ
466 2304 642 2386 μόνων
667 2311 991 2386 ἀνθρώπων,
1023 2308 1143 2368 Ἦν
1313 2314 1380 2368 τό
1407 2314 1535 2384 φῶς
1556 2355 1571 2379 ,
1601 2314 1670 2370 τὸ

86 2404 328 2474 φωτίζον
353 2406 553 2460 πάντα
580 2406 894 2475 ἇνᾶρωπον
917 2405 1245 2475 ἐρχόμενον
1290 2409 1377 2472 εἰς
1418 2409 1529 2461 τὸν
1570 2410 1670 2462 κό-

85 2513 265 2566 σμον,
305 2498 603 2569 ἔφη.οὓτω
624 2499 683 2552 δὲ
714 2498 809 2552 καὶ
837 2495 951 2570 ζωὴ
983 2499 1229 2570 ὑπῆρχεν
1256 2498 1473 2568 άληθῶς
1501 2541 1514 2563 ,
1543 2499 1667 2554 καθ’

75 2587 116 2640 ό
155 2591 286 2642 πᾶσι
332 2593 447 2655 τοῖς
490 2589 622 2656 ζῶσι
645 2631 662 2656 ,
691 2589 754 2643 τὸ
793 2591 893 2661 τῆς
937 2589 996 2658 ἐξ
1043 2590 1210 2644 αὑτοῦ
1247 2591 1666 2663 χορηγίας(55),

89 2678 313 2750 παρέχει
345 2681 497 2747 νᾶμα
530 2680 627 2732 καὶ
658 2677 780 2733 καθ’
827 2679 1070 2750 ἑκάστην
1094 2679 1152 2732 δὲ
1183 2681 1425 2733 ἐπίνοιαν
1468 2680 1579 2734 τῶν
1610 2684 1670 2736 ὲν

89 2770 236 2841 αὐτῷ
273 2770 471 2824 θεῖκῶν
516 2769 794 2841 δυνάμεων
825 2770 1242 2842 παραστατικὰς
1267 2770 1448 2844 εὕροις
1471 2770 1536 2825 ἂν
1570 2771 1669 2825 αύ-

83 2863 178 2916 ’τοῦ
225 2864 319 2916 καὶ
351 2863 574 2933 ἀληθεῖς
616 2863 953 2934 ἐπωνυμίας.
997 2862 1154 2916 Κατὰ
1191 2863 1368 2916 πάντα
1401 2863 1511 2936 γὰρ
1539 2864 1672 2935 ἁλή-

81 2953 206 3010 θεια
245 2951 314 3028 ἦν
333 2958 363 3011 ό
389 2957 519 3020 Υἱὸς
543 2955 638 3010 τοῦ
669 2955 829 3019 Θεοῦ,
862 2955 892 3008 ὃ
920 2953 984 3027 δὴ
1030 2954 1363 3025 παρίστησιν
1392 2955 1557 3019 αὐτὸς
1579 2955 1669 3008 λέ-

83 3062 199 3116 γων
229 3048 378 3122 (56)·
418 3048 568 3119 Ἐγώ
595 3052 713 3120 ειμι
739 3049 777 3118 ἠ
809 3047 1081 3116 ἀλήθεια.

1779 1935 2016 1990 rationes
2043 1934 2444 1988 rationabiliter
2477 1946 2606 1990 sunt
2629 1936 2923 1991 constituta
2969 1955 2983 1989 ε
3012 1938 3133 1994 sine
3160 1954 3271 2010 quo
3294 1941 3372 1994 n3-

1778 2027 1848 2080 bil
1885 2025 2087 2082 factum
2111 2036 2196 2082 est
2217 2043 2405 2082 eorum
2436 2042 2557 2097 quae
2587 2037 2733 2082 sunt.
2759 2028 2928 2084 Deum
2952 2045 3078 2085 eum
3106 2041 3286 2094 vocat.
3313 2041 3371 2088 et

1777 2118 2136 2186 unigenitum,
2184 2129 2467 2189 propterea
2501 2120 2644 2188 quod
2680 2121 2828 2176 solus
2863 2122 2952 2177 ille
2984 2139 3112 2180 vere
3145 2124 3248 2180 fuit
3276 2122 3370 2182 Fi-

1777 2212 1878 2266 lius
1902 2212 2024 2275 Dei;
2072 2212 2187 2278 Dei,
2233 2213 2322 2280 qui
2348 2222 2432 2266 est
2468 2227 2634 2282 super
2654 2215 2836 2269 omnia
2872 2214 3044 2272 Filius
3073 2219 3366 2289 genuinus,

1775 2302 1921 2359 Patri
1946 2319 2044 2360 suo
2066 2301 2294 2359 dilectus
2326 2320 2342 2357 :
2369 2319 2464 2373 per
2493 2305 2678 2360 omnia
2703 2321 2804 2362 suo
2832 2309 2976 2364 Patri
3001 2309 3330 2368 assimilatas
3349 2330 3367 2367 :

1777 2397 1987 2453 ntideo
2021 2411 2146 2451 vere
2185 2398 2326 2452 Deus
2371 2399 2667 2464 exstiterit,
2712 2414 2778 2454 eo
2810 2402 2953 2469 quod
3005 2403 3204 2458 animis
3237 2420 3268 2460 a
3307 2419 3373 2462 se

1776 2490 1976 2544 creatis
2015 2489 2080 2543 ad
2111 2489 2403 2559 imaginem
2438 2505 2594 2545 suam
2619 2491 3048 2548 intellectualem
3078 2494 3254 2552 lucem
3282 2510 3374 2552 ra-

1778 2582 2032 2637 tionalem
2069 2581 2414 2637 irradiaverit
2455 2583 2756 2654 :quocirca
2810 2595 2968 2641 vocat
2999 2586 3173 2643 lucem
3217 2588 3371 2646 illum

1777 2689 1882 2728 non
1939 2689 2120 2728 rerum
2168 2673 2432 2736 omnium,
2484 2678 2580 2730 sed
2631 2676 2911 2731 hominum
2971 2681 3370 2737 tantummodo.

1779 2764 1912 2820 Erat
1945 2767 2105 2830 enim,
2134 2764 2232 2828 ait,
2277 2765 2372 2819 lux
2403 2766 2717 2822 illuminans
2749 2784 2954 2824 omnem
2986 2770 3249 2826 hominem
3283 2787 3371 2828 ne-

1780 2863 2001 2914 nientem
2034 2860 2090 2912 in
2115 2859 2256 2912 hunc
2285 2858 2562 2912 vitandum.
2597 2859 2679 2913 Ad
2708 2860 2853 2916 hunc
2892 2865 3112 2916 modum
3150 2872 3205 2918 et
3243 2877 3374 2920 vere

1781 2952 2084 3006 exsistebat
2105 2949 2215 3002 vita
2248 2966 2263 3002 :
2293 2963 2361 3004 eo
2388 2949 2530 3018 quod
2562 2952 2814 3006 omnibus
2848 2954 3159 3010 viventibus
3179 2953 3250 3010 de
3269 2969 3372 3011 suo

1788 3046 2113 3116 suppeditet.
2147 3043 2325 3113 Atque
2353 3043 2425 3098 ita
2454 3044 2700 3104 invenire
2743 3046 2904 3102 nobis
2962 3047 3090 3103 licet
3127 3048 3372 3118 appella-

77 3137 259 3192 tiones
291 3141 340 3192 ei
380 3152 510 3193 vere
543 3139 855 3203 attributas,
881 3137 1080 3208 quibus
1103 3153 1224 3205 quae
1261 3136 1335 3191 illi
1365 3138 1573 3203 insunt,
1623 3137 1823 3193 divina:
1879 3139 2117 3190 virtutes
2157 3143 2643 3202 repraesentantur.
2709 3133 2925 3206 Ubique
2979 3151 3162 3195 autem
3194 3149 3250 3197 et
3272 3155 3373 3214 per

74 3230 264 3284 omnia
305 3240 447 3295 erat,
488 3230 713 3294 veritas,
757 3230 848 3284 Dei
897 3229 1066 3285 Filius
1111 3239 1254 3296 erat,
1284 3230 1427 3299 quod
1472 3231 1543 3294 ab
1576 3231 1694 3300 ipso
1733 3232 2030 3285 edocemur
2053 3227 2144 3282 ubi
2167 3227 2283 3284 ait:
2317 3226 2427 3296 Ego
2461 3245 2580 3282 sum
2613 3230 2848 3284 veritns'

722 3322 881 3376 ΚΕΦ.
921 3322 1024 3375 ιε’.

87 3413 211 3489 Τῶν
243 3415 438 3489 utitor“)
457 3415 816 3489 Μαρκέλλου
843 3415 1058 3489 φωνῶν
1080 3418 1463 3489 παραθέσεις,
1481 3416 1555 3470 δι’
1588 3409 1676 3470 ὧν

152 3485 544 3557 ἠρνεῖτοτὸνᾼ
564 3486 700 3541 Υίόν
723 3486 828 3542 τοῦ
860 3487 1008 3542 Θεοῦ
1046 3485 1279 3556 caprino,
1311 3489 1678 3557 προφορικὸν

150 3557 354 3625 Λόγον
377 3556 418 3623 ἢ
452 3555 796 3611 ἐνδιάθετον
825 3557 1078 3627 φάσκων
1113 3555 1274 3616 εἶναι
1305 3555 1519 3613 αὐτόν,

163 3647 307 3700 Ἀλλ·
329 3648 360 3701 ό
387 3647 508 3713 νέος
536 3651 887 3720 συγγραφεὺς
917 3648 1092 3705 ταῦτα
1120 3651 1220 3724 μὲν
1252 3650 1374 3704 οὗτε
1407 3649 1672 3721 συνίησιν.

68 3736 202 3792 οὔτε
228 3734 408 3803 οἶδεν,
443 3739 556 3794 οὐθ’
593 3742 675 3795 ὅτι
709 3741 894 3809 ἀγνοεῖ
936 3737 1078 3796 οἶδεν
1101 3760 1114 3772 ο
1161 3741 1198 3795 ἃ
1230 3741 1296 3812 δὴ
1342 3741 1434 3795 καὶ
1477 3742 1676 3796 ειδέναι

74 3829 256 3901 αύχετ,
291 3831 447 3895 ὅπως
474 3831 718 3903 συνίστη.
753 3832 892 3906 Φέρε
937 3833 1102 3889 πάλιν
1148 3833 1268 3891 εἶτα
1315 3836 1678 3900 ἀναλαϐόντες

73 3920 446 3994 ἀκούσωμεν,
476 3922 553 3987 ὡς
600 3923 681 3995 τῷ
720 3924 778 3978 ὲν
820 3924 1127 3997 ἀνθρώποις
1174 3928 1338 3982 αὐτὸν
1382 3927 1674 3993 ἀπεικάζει

71 4009 241 4084 λόγῳ,
285 4013 369 4085 τῷ
399 4030 462 4068 τε
497 4013 642 4069 κατὰ
666 4014 932 4082 διάνοιαν,
960 4018 1054 4072 καὶ
1085 4018 1164 4091 τῷ
1188 4020 1330 4076 κατὰ
1363 4019 1672 4092 προφορὰν,

69 4101 268 4158 τοῦτον
299 4105 535 4177 γράφων
564 4107 657 4161 τὸν
683 4107 882 4180 τρόπον
902 4126 918 4140 ο
959 4128 978 4162 ι
1011 4110 1184 4166 Τοῦτο
1214 4111 1271 4165 δὲ
1306 4112 1489 4184 ῥᾴδιον
1521 4108 1678 4183 οἶμαι

73 4215 96 4248 ί
131 4199 248 4262 τοῖς
279 4194 345 4254 εὖ
387 4198 644 4271 φρονοῦσι
687 4200 781 4255 καὶ
812 4201 920 4257 ἀπὸ
956 4203 1154 4276 μικροῦ
1183 4222 1328 4268 τινος
1355 4203 1450 4259 καὶ
1485 4221 1678 4257 ταπει-

75 4306 98 4338 ‹
137 4289 235 4343 νοῦ
282 4288 413 4344 καθ’
443 4292 596 4363 ἡμᾶς
637 4293 1079 4366 παραδείγματος
1116 4294 1360 4366 γνῶναι·
1405 4296 1527 4349 οὐδὲ
1568 4295 1678 4369 γὰρ

78 4397 97 4430 t
133 4379 231 4435 τὸν
271 4378 374 4435 τοῦ
424 4380 714 4454 ἀνθρώπου
761 4381 920 4452 λόγον
962 4383 1190 4457 δυνάμει
1243 4387 1340 4441 καὶ
1381 4387 1678 4441 ὑποστάσει

74 4489 97 4522 ε
136 4470 387 4545 χωρίσαι
417 4473 525 4527 τινὶ
559 4473 805 4528 δυνατόν.
841 4476 938 4530 Ἕν
977 4477 1087 4550 γάρ
1111 4481 1228 4532 ἐστι
1258 4479 1352 4533 καὶ
1375 4477 1570 4533 ταύτόν
1599 4479 1679 4550 τῷ

71 4582 96 4614 v
133 4563 425 4638 ἀνθρώπῳ
451 4565 481 4619 ό
523 4565 682 4636 λόγος
704 4583 718 4597 ο
747 4566 842 4620 καὶ
869 4568 1045 4624 οὐδενὶ
1085 4571 1452 4642 χωριζόμενος
1502 4569 1678 4643 ἑτέρῳ

2355 3326 2413 3384 vlt
2447 3318 2599 3377 CAP.
2632 3320 2752 3377 XV.

1789 3413 1948 3469 Voces
1985 3423 2352 3487 proponuntur
2375 3413 2502 3487 ηιω,
2525 3416 2712 3487 quibus
2750 3414 3039 3472 Marcellus
3061 3417 3372 3487 plenissim

1847 3482 2120 3554 abnegavit
2163 3484 2258 3538 Dei
2293 3482 2492 3537 Filium
2525 3482 2546 3538 ἑ
2573 3486 2839 3554 nmmum
2872 3488 3022 3542 illum
3061 3482 3182 3546 esse
3238 3488 3374 3548 Ver.-

1847 3555 1968 3609 bum
1999 3570 2136 3608 nunc
2170 3558 2484 3619 immanem,
2525 3572 2665 3610 nunc
2698 3573 2974 3612 emanant.

1849 3649 1918 3700 At
1965 3646 2204 3701 novitius
2238 3646 2341 3700 iste
2389 3649 2622 3715 scriptor
2675 3647 2792 3704 haec
2853 3664 3029 3721 neque
3081 3651 3368 3720 intellexit,

1778 3754 1954 3808 neque
1989 3739 2158 3803 novit,
2206 3753 2382 3809 neque
2410 3737 2540 3794 illud
2586 3740 2735 3794 novit
2776 3743 2922 3811 quod
2956 3745 3070 3800 hate
3116 3745 3368 3817 ignoret:

1778 3849 1897 3902 quae
1932 3843 2109 3887 tamen
2158 3847 2262 3886 non
2314 3832 2529 3887 nescire
2564 3848 2626 3889 se
2650 3833 2915 3904 gloriatur
2935 3874 2950 3903 ,
2978 3839 3211 3908 qualiter
3237 3841 3373 3900 sub-

1779 3927 1999 3981 sistunt.
2023 3924 2264 3995 Agedum
2303 3939 2454 3989 vero,
2480 3937 2881 3982 reassumeutes
2902 3944 3024 3998 quae
3046 3931 3189 3986 dicta
3215 3943 3370 4000 sunt,

1779 4018 2067 4072 audiamus
2126 4028 2187 4072 ut
2234 4016 2384 4070 illum
2447 4017 2834 4073 assimilaverit
2879 4019 3116 4076 humano
3153 4023 3368 4080 verbo:

1779 4124 1902 4166 cum
1950 4108 2093 4180 quod
2146 4108 2477 4180 cogitatione
2531 4109 3034 4178 comprehenditur,
3072 4121 3185 4169 tum
3222 4117 3371 4186 quod

1779 4201 2075 4272 profertur.
2105 4201 2181 4255 Ita
2207 4210 2389 4255 autem
2412 4201 2490 4256 ait
2523 4198 2615 4273 ιιι.
2652 4201 2738 4256 LV
2762 4201 2888 4258 coll.
2919 4219 2973 4272 p.
3012 4204 3084 4260 39
3110 4205 3174 4274 υ,
3205 4205 3274 4262 79
3302 4205 3370 4276 Β,

1780 4294 1884 4350 tu
1916 4294 1981 4368 D]
2022 4315 2035 4350 :
2076 4312 2096 4345 ι
2144 4293 2325 4349 Facile
2370 4295 2473 4350 hoc
2512 4295 2711 4362 Opinor
2759 4295 3143 4368 intelligentes,
3188 4300 3376 4356 animo

1785 4405 1804 4438 s
1841 4385 2286 4456 comprehensuri
2316 4393 2466 4447 sunt,
2491 4384 2561 4440 ab
2587 4384 2865 4450 humanis,
2889 4385 3244 4442 similitudine
3265 4385 3372 4441 hir-

1786 4497 1806 4530 r
1842 4478 1952 4533 mili
1984 4476 2202 4547 quidem
2227 4475 2318 4531 illa
2341 4486 2396 4530 et
2417 4476 2832 4533 contexrnenda.
2865 4477 3212 4552 Namneque
3247 4494 3375 4551 pos-

1785 4592 1804 4626 σ
1840 4571 1994 4628 sibile
2013 4578 2098 4626 est
2122 4570 2399 4640 cuiquam,
2422 4568 2509 4623 vel
2535 4578 2805 4639 potestate
2832 4579 2888 4626 et
2912 4571 3192 4644 bypostasi
3217 4588 3376 4642 sepa-

73 4678 94 4711 ι
137 4659 173 4730 ἦ
211 4660 364 4735 μόνῃ
389 4664 456 4733 τῇ
487 4661 582 4733 τῆς
605 4660 856 4733 πράξεως
878 4663 1152 4737 ἐνεργείᾳ.
1187 4683 1206 4716 ι
1251 4665 1339 4718 Ἐν
1363 4664 1420 4718 δὲ
1458 4663 1671 4730 τούτοις

1782 4681 1801 4714 ι
1837 4676 1960 4717 rare
1985 4661 2210 4718 verbum
2241 4660 2388 4730 quod
2417 4660 2469 4713 in
2495 4660 2808 4716 hominibus
2833 4671 2939 4718 est.
2970 4661 3116 4718 Idem
3167 4663 3374 4729 etenim

64 4749 150 4820 τῷ
184 4751 519 4823 προφορικῷ
548 4751 692 4824 λόγῳ
731 4751 997 4826 κέχρηται
1038 4755 1207 4810 εικόνι
1231 4769 1246 4785 '
1278 4755 1357 4826 τῷ
1384 4755 1442 4809 δέ
1479 4771 1542 4826 γε
1589 4759 1676 4812 ιν-

62 4840 314 4912 διαθέτῳ
337 4843 400 4895 ιν
425 4837 506 4907 οἷς
528 4844 705 4898 ταῦτα
725 4861 918 4917 φησιν·
952 4865 972 4898 ι
1001 4847 1077 4900 οὐ
1108 4847 1217 4920 γὰρ
1244 4847 1358 4919 (57)
1385 4847 1451 4920 δὴ
1482 4847 1676 4920 ἑτέρας

71 4946 92 4980 ι
135 4930 495 5003 ἑτοιμασίας,
523 4927 636 4986 οἷον
675 4933 829 5006 ὕλης,
870 4935 904 5008 ἢ
936 4935 1103 5008 ἄλλης
1126 4937 1270 5004 τινος
1299 4937 1673 5011 ἀνθρωπίνης,

69 5040 89 5073 s
123 5023 156 5078 ό
201 5022 349 5088 Θεὸς
382 5024 552 5079 ἐδεῖτο
581 5025 718 5099 πρὸς
756 5031 1098 5104 κατασκευὴν
1117 5072 1132 5095 ,
1162 5030 1300 5086 ἀλλὰ
1326 5031 1532 5103 ταύτης
1574 5032 1677 5102 τῆς

70 5131 90 5165 ι
135 5115 200 5171 ιν
229 5117 304 5187 τῇ
339 5113 535 5170 ἰαῦτοῦ
568 5115 778 5190 διανοίᾳ
800 5119 1136 5192 ἑτοιμασίας.
1183 5122 1335 5198 Ἐπεὶ
1358 5117 1452 5176 οὖν
1477 5121 1676 5178 ἀδύνα-

72 5225 93 5256 ι
131 5221 231 5261 τον
274 5203 351 5280 ἦν
394 5209 564 5281 χωρὶς
589 5207 750 5279 λόγον
786 5212 881 5264 καὶ
922 5213 1023 5281 τῆς
1071 5215 1379 5291 προσούσης
1419 5215 1500 5288 τῷ
1531 5214 1678 5288 λόγῳ

149 5349 215 5409 >14
249 5342 358 5401 Ed.
389 5342 590 5410 Parim,
619 5361 740 5418 pag.
777 5346 901 5402 £23.

143 5439 166 5469 '
201 5435 374 5492 Joan.
408 5453 520 5502 liv,
543 5436 596 5494 6.

172 5574 276 5648 52)
310 5574 485 5648 Vulgo
509 5573 697 5648 αύτόν.

179 5643 290 5720 531
313 5644 493 5720 ιμὴν
529 5645 607 5715 δὴ
643 5646 845 5720 λότος·
882 5644 1195 5720 Parendum
1234 5643 1566 5720 ramalia
1593 5647 1676 5710 δὲ.

77 5719 146 5774 tu
169 5715 319 5787 τοῦ,
351 5715 552 5786 λέγειν,
584 5715 844 5787 mrsva
868 5715 1037 5787 {vdov
1076 5715 1242 5771 αὐτὸν
1272 5716 1366 5770 τὸν
1403 5715 1584 5787 λόγον,
1618 5720 1678 5773 ὲν

77 5790 163 5862 τῷ
190 5785 435 5862 Θεῷισι
457 5797 639 5862 tamen
664 5785 1138 5862 ait'periiciendam
1169 5785 1495 5862 sententiam
1551 5792 1680 5848 dee-

83 5855 183 5930 ri't,
206 5855 393 5918 simile
413 5858 563 5928 quid,
589 5856 866 5912 ἁλίσκεται
894 5856 1052 5912 τοῦτο
1081 5857 1278 5927 λέγων.
1322 5855 1395 5913 Il.

1788 4771 1809 4806 ι
1842 4766 2121 4823 unumque
2165 4766 2290 4808 cum
2338 4751 2559 4807 homine
2613 4751 2839 4808 verbum
2885 4769 3043 4809 suum
3107 4754 3371 4810 exsistit:

1788 4867 1807 4899 ι
1845 4847 2161 4917 neutiquam
2207 4846 2279 4901 ab
2333 4837 2556 4902 homine
2595 4844 2978 4917 separandum,
3021 4845 3124 4902 nisi
3175 4848 3371 4918 agendi

1791 4957 1812 4991 ι
1846 4938 1960 4995 sola
1988 4938 2222 4996 actione.
2268 4955 2289 4991 ι
2333 4937 2518 4995 Utitur
2543 4938 2632 4994 hic
2653 4939 2766 5007 iam
2791 4937 3042 5009 exemplo
3074 4937 3222 4992 verbi
3246 4953 3374 5008 pro-

1790 5031 1948 5086 latitii
1982 5048 1996 5086 :
2033 5029 2381 5085 immanentis
2429 5038 2611 5084 autem
2653 5029 2853 5094 denuo,
2891 5028 2984 5084 ubi
3029 5027 3106 5084 ait
3136 5026 3229 5101 [Β.
3261 5027 3372 5085 LIII

1784 5123 1909 5180 coll.
1941 5138 1996 5193 p.
2028 5120 2100 5177 40
2131 5120 2200 5195 Al
2233 5138 2249 5176 :
2283 5140 2302 5174 ι
2339 5118 2523 5192 Neque
2567 5121 2712 5176 enim
2746 5131 3072 5190 apparatum
3104 5121 3212 5178 ulla
3241 5122 3372 5187 alia,

1788 5233 1808 5266 ι
1851 5228 2045 5284 nempe
2091 5213 2353 5278 materiae,
2411 5213 2494 5267 vel
2544 5210 2849 5281 huiusmodi
2903 5213 3178 5284 indigebat
3233 5215 3377 5272 Deus

1859 5577 1948 5643 (54
2004 5576 2175 5650 Vulgo
2202 5577 2325 5650 μέν.

2003 5650 2176 5723 Xulgo
2210 5649 2475 5723 παρᾷχιιν
2496 5650 2680 5723 vdua;
2702 5656 2962 5707 ceterum
2989 5647 3065 5705 cf.
3091 5661 3149 5718 p.
3167 5644 3382 5702 H.881.

1858 5717 1974 5790 ἔω)
2003 5717 2180 5790 Vulgo
2206 5717 2394 5787 αὑτόςζ

1859 5789 1976 5862 (57)
2007 5789 2181 5864 Vulgo
2205 5794 2288 5851 δέ.
