4106 6414
696 424 803 481 035

1360 403 1628 466 EUSEBII
1666 395 2140 459 CESARIENSIS
2176 391 2327 451 OPP.
2369 386 2552 447 PARS
2585 385 2677 443 Π.
2718 416 2787 427 -
2825 378 3243 441 DOGMATICA.

3859 370 3951 425 936

698 561 724 594 ε
759 544 1002 596 humana:
1030 532 1300 588 facultatis
1334 528 1399 583 ad
1428 524 1612 581 mundi
1634 522 2033 579 conditionem:
2058 515 2151 572 sed
2172 529 2264 570 so-

2386 531 2389 559 r
2421 509 2612 579 σοφίας
2638 507 2885 577 ἐννοῆσαι
2915 501 3043 574 περὶ
3070 501 3169 571 τῆς
3196 496 3293 552 τοῦ
3318 490 3558 565 ούρανοῦ
3590 485 3949 559 κατασκευῆς,

704 654 724 683 σ
762 634 807 687 Ia
840 632 923 684 illa
966 642 1086 697 qum
1118 626 1265 679 intus
1290 616 1364 675 illi
1392 627 1510 675 erat
1544 616 1683 687 apud
1705 614 1945 669 animum
1973 616 2264 681 apparatu-

701 743 727 778 s
763 740 838 778 ra.
867 722 999 776 Cum
1040 732 1171 771 vvro
1211 730 1316 770 non
1343 720 1526 781 posset
1556 709 1693 771 ﬁeri.
1718 717 1778 761 ut
1808 705 1923 760 sine
1948 704 2132 763 verbo,
2174 706 2267 752 aut

704 831 727 865 ι
762 813 928 866 verbo
956 824 1073 877 quae
1096 814 1292 874 praesto
1322 815 1539 871 semper
1566 798 1669 851 fuit
1696 794 1983 863 sapientia,
2009 790 2268 861 cogitaret

704 921 727 953 ε
763 902 830 957 de
862 900 985 955 cmli
1012 905 1269 965 apparatu
1315 894 1473 954 Deus,
1513 888 1734 945 omnino
1775 888 1907 939 bene
1940 883 2073 936 dixit
2098 899 2111 936 :
2136 878 2269 934 Cum

701 1008 728 1041 ς
760 990 941 1044 calum
966 992 1309 1057 prcrpararet.
1339 981 1420 1034 illi
1451 997 1554 1033 una
1581 979 1791 1031 aderam
1809 971 1849 1028 '.
1884 992 1903 1025 ι
1949 971 2271 1043 Progressus

701 1082 878 1137 adhuc
913 1081 1213 1133 lmmanens
1250 1072 1406 1129 simul
1434 1086 1553 1127 esse
1576 1080 1629 1123 et
1656 1069 1781 1123 illud
1808 1066 2039 1121 Verbum
2068 1064 2268 1127 docuit,

705 1174 780 1227 ita
808 1171 1054 1241 inquiens
1088 1166 1179 1240 [Β.
1213 1164 1295 1219 Lll
1319 1161 1441 1219 coll.
1469 1177 1522 1231 p.
1546 1162 1617 1215 40
1651 1158 1714 1231 D]
1746 1177 1759 1212 :
1794 1177 1819 1209 ‹
1853 1157 1917 1211 Et
1937 1156 2057 1225 quis
2089 1166 2272 1223 quaeso

705 1285 730 1319 ε
766 1266 881 1321 sive
923 1273 1235 1317 sanctorum
1264 1272 1299 1311 e
1327 1250 1852 1323 choro-angelorum.
1896 1262 1989 1301 seu
2037 1245 2271 1298 virorum

711 1376 733 1411 ι
758 1357 1024 1425 iustorum
1065 1352 1256 1421 dignus
1279 1345 1409 1403 satis
1430 1355 1550 1400 erat
1574 1342 1892 1412 supplicium
1926 1337 2074 1399 illud.
2108 1352 2135 1388 a
2168 1336 2275 1389 Deo

712 1467 731 1501 ι
769 1445 1128 1517 personaliter
1154 1441 1227 1495 illi
1260 1439 1587 1494 destinatum
1622 1440 1887 1492 avertere.
1917 1429 2014 1483 nisi
2040 1426 2273 1480 Verbum

712 1559 733 1592 ε
769 1539 920 1597 illud.
945 1536 1086 1607 quod
1110 1542 1305 1604 praesto
1323 1531 1401 1585 illi
1426 1536 1561 1591 erat,
1586 1540 1641 1580 et
1664 1539 1752 1579 res
1774 1521 2115 1591 conﬁngebat
2138 1532 2240 1571 una
2261 1535 2274 1569 :

716 1651 733 1684 ι
767 1631 853 1688 cui
880 1629 1045 1686 Pater
1071 1626 1206 1681 dixit
1245 1624 1377 1678 illud
1410 1638 1430 1677 :
1466 1618 1753 1673 Faciamus
1794 1613 2111 1668 hominens'.
2157 1630 2175 1662 ι
2221 1610 2275 1663 In

708 1720 1062 1791 sequentibus
1083 1718 1157 1772 ita
1182 1715 1395 1785 liquido
1418 1712 1675 1772 declarat.
1708 1707 1977 1776 quodnam
2008 1703 2279 1759 subintro-

712 1812 940 1869 ducebat
974 1809 1230 1873 Verbum,
1260 1806 1512 1875 inquiens
1545 1819 1559 1852 :
1594 1820 1616 1853 ε
1640 1800 1794 1868 Quod
1828 1798 1870 1853 si
1901 1797 2025 1867 quis
2047 1798 2280 1851 humano

717 1924 737 1959 ι
772 1904 863 1960 illo
887 1903 1101 1973 quidem
1148 1911 1202 1957 et
1242 1901 1438 1968 exiguo
1468 1896 1545 1951 uti
1572 1896 1699 1950 velit
1740 1892 2005 1961 exemplo.
2043 1900 2097 1945 et
2149 1898 2271 1943 tan-

719 2015 740 2049 s
774 2011 933 2066 quam
979 1996 1047 2050 ad
1090 1992 1387 2058 imaginem
1425 1988 1736 2059 quamdam,
1785 1984 2021 2036 divinam
2061 1980 2277 2049 exigere

717 2108 735 2141 ι
769 2087 1135 2156 operationem
1193 2085 1265 2138 ita
1316 2087 1541 2137 statuet.
1579 2076 1730 2143 Quod
1784 2073 1941 2128 sicuti
1974 2080 2274 2124 statuarum

716 2198 736 2232 ι
774 2181 931 2235 ﬁctor
955 2177 1220 2247 quispiam
1265 2171 1555 2231 excellens.
1584 2177 1815 2222 statuam
1858 2164 2042 2217 volens
2077 2159 2279 2216 conlin-

713 2288 737 2322 ι
771 2283 917 2339 gere,
958 2265 1210 2337 inprimis
1246 2269 1305 2329 iit
1339 2262 1482 2317 illius
1506 2259 1727 2320 formas.
1754 2264 1812 2311 et
1840 2266 2124 2323 expressas
2154 2250 2280 2315 ligu-

715 2378 735 2411 ‹
772 2374 863 2413 ras
916 2360 1058 2412 intus
1111 2355 1356 2418 revolvit.
1404 2351 1543 2421 apud
1592 2347 1831 2402 animum
1885 2342 2275 2399 considerans:

715 2468 735 2503 ι
774 2460 887 2505 tum
933 2451 1145 2517 adaptat
1194 2447 1242 2502 ei
1274 2442 1693 2512 longitudinem.
1722 2446 1922 2508 quanta
1962 2433 2190 2493 sufﬁciet
2225 2442 2281 2488 et

715 2561 735 2596 ι
771 2541 1110 2597 latitudinem
1138 2554 1152 2590 :
1182 2536 1692 2607 proportionemque
1719 2529 1974 2597 cujusque
1994 2526 2185 2595 partis.
2213 2525 2279 2576 ad

717 2651 737 2685 ι
776 2632 939 2687 totius
961 2643 1268 2684 mensuram
1295 2628 1551 2681 decenter
1576 2623 1776 2691 exigit:
1807 2627 1964 2675 curat
1983 2628 2042 2671 ut
2073 2617 2138 2670 ad
2168 2630 2281 2669 ma-

718 2742 739 2775 ε
774 2737 901 2777 num
936 2720 1008 2775 sit
1042 2725 1361 2787 praeparata,
1418 2729 1540 2785 qua;
1586 2711 1816 2768 sumciat
1868 2709 1991 2761 acris
2030 2707 2277 2759 materia.

718 2830 740 2866 ε
773 2814 950 2883 Atque
985 2811 1058 2865 ita
1093 2818 1377 2878 postquam
1404 2821 1502 2861 sua
1531 2803 1857 2875 cogitatione
1882 2808 2111 2853 statuam
2140 2812 2305 2866 prm-.

718 2918 738 2953 ε
777 2900 1089 2970 liguraverit
1120 2896 1266 2951 illam
1307 2912 1321 2948 :
1355 2894 1616 2947 lustrasse
1650 2906 1771 2946 eam
1819 2904 1875 2943 se
1907 2896 2163 2958 reputans
2199 2886 2282 2939 in-

718 3010 740 3045 s
774 2994 990 3048 tellectu
1022 3004 1122 3045 suo
1167 2997 1421 3045 conscius
1470 2985 1731 3040 rationem
1768 2982 1933 3045 illam.
1976 2995 2073 3051 per
2117 2994 2279 3049 quam

717 3102 740 3136 ε
782 3084 1133 3139 ratiocinatur
1154 3094 1335 3136 secum
1370 3093 1476 3133 una
1499 3076 1780 3146 coeperari
1823 3089 1924 3129 nec
1948 3088 2007 3129 se
2037 3073 2153 3128 sine
2188 3086 2277 3125 ra-

2371 623 2390 655 ι
2420 604 2512 656 τὸν
2540 598 2674 655 Θεδν
2694 599 2921 659 εἰκότως
2951 594 3076 664 εφη,
3118 610 3136 643 s
3179 588 3397 645 Ἠνικα
3430 582 3714 654 ἡτοίμαζε
3736 581 3952 634 τὸτοῦ-

2358 694 2569 761 ρανὸν,
2610 688 3022 760 συμπαρήμην
3064 678 3241 747 αὐτῷ.
3275 674 3392 733 Εἶθ’
3425 676 3554 747 ἑξῆς
3583 671 3796 746 προῖὼν
3823 667 3949 741 ὁμοὸ

2366 788 2458 841 καὶ
2486 782 2790 839 ἐνδιάθετον
2814 781 2905 834 τὸν
2928 777 3023 831 τοῦ
3058 774 3191 829 Θεοῦ
3225 773 3399 841 Λόγον
3431 769 3699 841 παρίστη,
3729 765 3950 835 γράφων

2367 880 2508 936 οὕτω
2531 897 2546 911 ·
2607 897 2628 929 ι
2662 873 2759 939 Τίς
2805 874 2913 946 γὰρ
2961 870 3134 932 οὕτως
3172 866 3346 939 ἢτῶν
3393 864 3569 933 ἁγίων
3615 859 3884 929 ἀγγέλων,
3917 855 3951 927 ἢ

2376 992 2394 1025 ι
2431 967 2639 1043 ἀνδρῶν
2678 966 2905 1022 δικαίων
2943 960 3252 1029 ἁξιόπιστος
3296 952 3368 1028 ἦν
3410 955 3517 1027 τὴν

2376 1081 2394 1114 ι
2435 1037 2543 1114 τοῦ,
2564 1058 2699 1113 Θεοῦ
2740 1054 3050 1127 ὁρισθεῖσαν
3078 1048 3227 1120 αὒτῷ
3269 1044 3545 1118 τιμωρίαν
3583 1041 3765 1103 λῦσαι,
3792 1042 3841 1092 εί
3877 1037 3952 1108 μὴ

2376 1170 2395 1203 ι
2425 1150 2585 1212 αὐτὸς
2623 1150 2653 1202 6
2693 1147 2887 1215 Λόγος,
2914 1146 2944 1197 6
2990 1138 3291 1212 συμπαρών
3328 1154 3389 1191 τε
3434 1135 3531 1190 καὶ
3569 1131 3950 1205 συμπλάττων,

2378 1262 2397 1295 ι
2432 1241 2566 1313 πρὸς
2598 1240 2655 1292 δν
2683 1241 2712 1292 6
2741 1236 2931 1308 Πατὴρ
2952 1277 2966 1297 ,
3004 1232 3348 1299 Ποιήσωμεν
3375 1228 3724 1296 ἄνθρωπον,
3754 1223 3893 1294 Em;
3928 1240 3947 1274 ι

2374 1335 2594 1397 Τούτοις
2622 1332 2750 1398 ἑξῆς
2775 1330 3029 1398 διασαφεῖ
3054 1327 3083 1379 6
3104 1326 3253 1381 ποῖον
3276 1322 3485 1389 εἰσάγει
3511 1318 3669 1387 λόγον
3690 1318 3916 1386 φάσκων
3933 1331 3948 1345 ο

2380 1446 2397 1477 ι
2432 1424 2546 1478 ἀλλ’
2580 1422 2634 1475 εί
2660 1438 2745 1484 τις
2778 1418 2960 1489 μικρῷ
3003 1433 3109 1470 τινι
3150 1414 3244 1468 καὶ
3275 1410 3600 1483 ἀνθρωπίνῳ
3644 1407 3767 1460 καθ’
3806 1406 3953 1476 ἡμας

2382 1537 2401 1571 ι
2442 1514 2841 1585 παραδείγματι
2867 1508 3178 1581 χρώμενος,
3209 1505 3286 1569 ὼς
3315 1503 3403 1557 διὰ
3433 1502 3642 1563 είκόνος
3667 1499 3769 1569 τὴν
3805 1497 3953 1550 θείαν

2383 1626 2401 1659 ι
2435 1606 2675 1673 ἐξετάζοι
2721 1601 2950 1675 πρᾶξιν,
2985 1599 3172 1669 ὥσπερ
3199 1597 3265 1651 ἂν
3296 1594 3352 1649 εἴ
3389 1611 3473 1657 τις
3512 1588 3955 1665 ἀνδριαντοποιὸς

2383 1718 2402 1750 ι
2444 1698 2759 1768 ἐπιστήμων
2810 1692 2978 1763 ἀνὴρ,
3026 1688 3312 1762 ἀνδριάντα
3364 1684 3567 1739 πλάσαι
3613 1681 3952 1753 βουλόμενος,

2382 1806 2403 1840 ι
2440 1786 2653 1859 πρῶτον
2685 1784 2783 1856 μὲν
2807 1783 2928 1845 τοὺς
2949 1780 3160 1842 τύπους
3190 1775 3357 1830 αὐτοῦ
3383 1775 3479 1829 καὶ
3514 1774 3874 1845 χαρακτῆρας
3901 1774 3957 1825 ιν

2386 1899 2406 1932 ι
2439 1879 2615 1949 ἑαυτῷ
2649 1878 2841 1930 σκοπεῖ
2862 1892 2876 1905 ο
2918 1874 3106 1927 ἔπειτα
3146 1870 3343 1933 πλάτος
3378 1885 3443 1921 τε
3470 1869 3564 1922 καὶ
3594 1865 3803 1938 μῆκος,
3836 1864 3957 1917 ὅσον

2388 1990 2407 2024 ι
2445 1970 2733 2041 εὐπρεπὲς,
2768 1969 2938 2019 ὲννοεῖ
2961 1982 2974 1994 ·
3006 1962 3293 2031 ἀναλογίαν
3335 1977 3395 2014 τε
3434 1957 3528 2012 τοῦ
3557 1957 3761 2020 παντὸς
3793 1958 3853 2010 ὲν
3880 1954 3956 2026 τῷ

2388 2080 2407 2114 ι
2440 2061 2560 2115 καθ’
2592 2060 2823 2113 ἕκαστον
2850 2056 3089 2120 ἐξετάζει
3120 2053 3305 2125 μέρει,
3334 2049 3535 2122 χαλκοῦ
3566 2065 3625 2105 τε
3654 2049 3756 2119 τὴν
3786 2048 3957 2120 πρόσ-

2388 2173 2405 2205 ι
2438 2169 2602 2224 φορον
2627 2148 2920 2219 ἒτοιμάσας
2947 2146 3099 2217 ὕλην,
3125 2144 3220 2198 καὶ
3255 2145 3347 2196 τδν
3370 2141 3626 2213 ὲσὸμενον
3664 2138 3956 2210 ἀνδριάντα

2388 2264 2406 2295 ι
2437 2248 2502 2316 τῇ
2539 2241 2729 2297 ἑαυτοῦ
2769 2236 3129 2311 προτυπὼσας
3166 2236 3407 2305 διανοίᾳ,
3440 2233 3535 2287 καὶ
3574 2229 3783 2301 νσιιτῶς
3828 2228 3959 2302 δρᾷν

2388 2356 2409 2391 s
2445 2312 2693 2407 νομίσας,
2728 2329 2979 2394 συνειδὼς
3005 2347 3066 2383 τε
3098 2328 3275 2399 ἐαυτῷ
3301 2326 3581 2396 συνεργεῖν
3604 2322 3698 2376 τδν
3723 2322 3888 2390 λόγον
3916 2312 3960 2386 ᾧ

2386 2448 2407 2479 ε
2444 2427 2748 2496 λογίζεται,
2797 2424 2890 2478 καὶ
2933 2416 2977 2490 ᾧ
3023 2422 3199 2475 πάντα
3253 2420 3512 2491 πράττειν
3555 2414 3745 2468 εἴωθεν
3788 2411 3960 2483 (οὒδὶν

2390 2537 2406 2569 ι
2447 2517 2554 2588 γὰρ
2602 2515 2714 2585 (58)
2746 2513 2841 2585 ’μὴ
2890 2513 3033 2584 λόγῳ
3080 2510 3363 2581 γινόμενον
3409 2506 3615 2575 καλὸν),
3658 2504 3960 2578 ἀρχόμενος

2391 2628 2409 2661 ι
2438 2609 2537 2678 τῆς
2586 2608 2848 2678 αἰσθητῆς
2895 2606 3098 2675 ταύτης
3145 2601 3427 2675 ἐργασίας,
3471 2599 3607 2671 πρὸς
3646 2596 3963 2662 ἑαυτδν,ὼς

2392 2721 2410 2755 t
2446 2701 2583 2773 πρὸς
2614 2702 2820 2771 ἕτερον,
2855 2696 3282 2770 παρακελεύεται
3326 2693 3519 2762 λέγων,
3549 2693 3683 2761 Ἀγε
3724 2691 3963 2761 ποιήσω-

2391 2815 2410 2848 ι
2455 2812 2575 2867 μεν,
2609 2795 2709 2863 ἄγε
2739 2791 3029 2862 πλάσωμεν
3065 2784 3354 2861 ἀνδριάντα
3376 2802 3391 2815 ·
3429 2783 3601 2847 οὕτως
3627 2786 3655 2838 6
3685 2783 3795 2835 τῶν
3827 2782 3962 2836 ὅλων

2388 2907 2411 2939 ι
2442 2887 2705 2954 δεσπότης
2757 2884 2930 2947 Θεὸς,
2981 2882 3072 2935 τδν
3118 2880 3355 2951 ἔμψυχον
3403 2878 3470 2931 ὲκ
3519 2880 3622 2947 γῆς
3671 2876 3963 2946 ἀνδριάντα

2391 2998 2411 3030 ι
2453 2977 2641 3042 ποιῶν,
2662 2977 2762 3030 ούκ
2787 2974 2931 3046 ἄλλῳ
2958 2975 3065 3027 τινὶ
3084 2972 3218 3026 ἀλλὰ
3244 2970 3321 3041 τῷ
3342 2968 3534 3023 ἑαυτοῦ
3564 2968 3965 3037 παρεκελεύετο

2392 3088 2411 3121 ι
2451 3069 2629 3140 Λόγῳ,
2659 3066 3009 3133 Ποιήσωμεν
3024 3061 3353 3130 ἄνθρωπον,
3381 3060 3571 3127 λέγων.
3598 3077 3615 3109 s
3637 3050 3738 3107 Διὰ
3759 3055 3965 3108 τούτων

719 3194 740 3227 ε
776 3175 919 3229 tione
964 3172 1254 3243 quidquam
1296 3178 1615 3225 construere
1658 3184 1672 3221 :
1717 3165 1875 3237 (nihil
1927 3166 2072 3220 enim
2122 3163 2281 3234 plane

2388 3161 2631 3230 ἐναργῶς
2644 3159 2739 3214 καὶ
2766 3156 3063 3212 ἐνδιάθετον
3090 3156 3277 3224 Λόγον,
3294 3147 3339 3220 ᾦ
3357 3148 3717 3219 διαλογίζεται
3740 3164 3846 3211 τις,
3871 3148 3966 3201 καὶ

723 3282 743 3316 ι
778 3266 920 3334 quod
941 3275 1088 3319 caret
1111 3263 1316 3317 ratione
1338 3261 1550 3330 placere
1570 3268 1769 3328 potest.
1793 3266 1851 3311 ut
1869 3255 2173 3326 pulchrum)
2192 3256 2280 3309 ubi

725 3375 744 3408 ι
782 3370 1065 3426 aggressus
1099 3352 1257 3407 fuerit
1291 3354 1393 3405 hoc
1419 3349 1670 3405 sensibile
1693 3363 1849 3403 suum
1875 3361 2031 3415 opus.
2089 3356 2288 3401 semet-

726 3464 745 3497 ι
783 3445 956 3515 ipsum
984 3443 1197 3509 affatur,
1235 3442 1397 3497 veluti
1421 3439 1606 3505 alium.
1638 3438 1994 3503 adhortando,
2036 3451 2169 3507 age.
2203 3436 2286 3489 in-

2390 3252 2740 3323 προφορικὸν,
2766 3243 2811 3317 ᾧ
2838 3248 3141 3317 διαλέγεται
3165 3288 3179 3311 ,
3210 3244 3455 3317 προσῆψε
3486 3242 3566 3313 τῷ
3597 3240 3716 3312 Θεῷ
3738 3281 3754 3303 ,
3791 3240 3968 3294 τοιοῦ-

2390 3345 2480 3398 τόν
2510 3361 2631 3397 τινα
2655 3382 2671 3407 ,
2697 3336 2806 3395 οἷον
2831 3340 2923 3395 τδν
2947 3341 3070 3395 καθ’
3100 3341 3279 3413 ἡμᾶς,
3312 3339 3407 3394 καὶ
3429 3339 3519 3391 τὸν
3553 3338 3611 3391 ἐν
3637 3336 3716 3407 τῷ
3744 3336 3868 3407 Θεῷ
3892 3331 3969 3389 εἶ-

2393 3453 2479 3489 ναι
2508 3435 2677 3503 Λόγον
2703 3433 3052 3505 ὑποθέμενος.

724 3558 747 3593 ε
786 3542 999 3610 quiens,
1032 3540 1296 3595 faciamus
1333 3555 1348 3592 :
1386 3551 1505 3607 age,
1541 3535 1807 3605 ﬁngamus
1852 3542 2109 3589 statuam.
2166 3533 2247 3586 Ad
2312 3533 2471 3587 istum
2518 3531 2733 3587 modum
2780 3533 3155 3585 universorum
3226 3527 3488 3604 Dominus
3557 3526 3718 3589 Deus.
3774 3540 3807 3581 e
3835 3525 3969 3581 limo

727 3652 748 3688 ι
786 3634 1077 3688 animatam
1114 3630 1447 3686 conﬁcturus
1486 3636 1754 3689 statuam;
1792 3640 1897 3679 non
1955 3625 2117 3678 alium
2159 3624 2426 3690 quemvis,
2472 3626 2569 3679 sed
2617 3632 2775 3679 suum
2846 3622 3013 3692 ipsius
3072 3620 3268 3675 aﬁ’atur
3330 3619 3503 3689 λόγον,
3551 3620 3831 3687 inquiens.
3855 3620 3971 3674 Fa-

726 3744 749 3779 s
783 3728 979 3781 ciamus
1009 3723 1288 3776 hominem.
1329 3740 1347 3773 ι
1385 3718 1442 3775 ln
1478 3720 1617 3783 istis,
1664 3718 1737 3773 ita
1770 3718 1921 3773 clare
1945 3715 2153 3788 alllngit
2179 3717 2307 3782 Deo.
2348 3731 2473 3771 cum
2505 3715 2744 3772 Verbum
2815 3717 3139 3781 immanens,
3176 3728 3284 3783 quo
3320 3729 3441 3769 cum
3470 3714 3607 3768 solet
3638 3715 3763 3783 quis
3794 3714 3967 3771 collo-

722 3818 838 3890 qui,
861 3825 973 3879 tum
1003 3812 1235 3868 Verbum
1266 3827 1545 3877 emanans,
1576 3827 1672 3883 per
1701 3810 1843 3882 quod
1876 3810 2016 3867 solet
2035 3808 2293 3880 colloqui,
2335 3808 2660 3881 imaginatus
2709 3807 2941 3864 Verbum
2990 3807 3083 3862 Dei
3135 3803 3373 3863 divinum
3403 3846 3419 3871 .
3469 3806 3733 3875 ejusmodi
3802 3808 3968 3877 quale

724 3908 945 3965 verbum
972 3916 1213 3960 nostrum
1246 3914 1351 3961 est.

1344 3997 1495 4054 CAP.
1539 3997 1680 4055 ΧΠ.

905 4112 1186 4181 Refutatur
1212 4126 1449 4179 perversa
1472 4111 1631 4180 hujus
1662 4111 1887 4167 hominis
1922 4112 2115 4183 Opinio.

798 4226 913 4282 Non
970 4234 1052 4280 est
1090 4238 1227 4293 opus
1276 4232 1333 4277 ut
1368 4223 1592 4279 ulterius
1629 4232 1935 4295 satagamus
1986 4224 2292 4291 ostendere,

723 4318 868 4390 quod
914 4333 1009 4387 per
1056 4318 1155 4370 ista
1192 4326 1414 4385 negatur
1438 4314 1545 4369 Dei
1586 4314 1795 4372 Filius:
1830 4318 2199 4371 tantummodo
2226 4319 2292 4370 ad

3019 3992 3176 4047 sse.
3216 3989 3335 4061 ις’.

2614 4108 2908 4178 Ἔλεγχος
2936 4102 3049 4177 τῆς
3083 4105 3339 4174 τάνδρὸς
3374 4104 3730 4171 κακοδοξίας

2464 4218 2646 4277 Ταῧτα
2673 4224 2769 4293 μὲν
2818 4214 2911 4273 οὖν
2952 4220 3129 4274 πάντα
3163 4217 3239 4282 ὡς
3284 4218 3549 4291 ἀρνητικὰ
3582 4219 3842 4288 τυγχάνει
3875 4218 3967 4275 τοῦ

2397 4314 2527 4369 Υιοῦ
2556 4312 2647 4368 τοῦ
2672 4312 2806 4367 Θεοῦ
2831 4310 2984 4366 οὐδὲν
3010 4308 3609 4383 προσεπεξεργάζεσθαι
3635 4310 3717 4363 δεῖ
3736 4327 3751 4340 ·
3783 4312 3969 4368 τοσηῦ-

729 4413 1053 4479 interrogata
1088 4408 1431 4476 respondeat.
1486 4405 1542 4460 Si
1573 4422 1709 4461 uuus
1744 4419 1861 4461 erat
1894 4409 2050 4469 Deus.
2089 4423 2187 4464 nec
2226 4410 2281 4461 ab

2394 4424 2483 4461 τον
2531 4407 2587 4461 δὲ
2640 4401 2792 4478 οἶμαι
2829 4405 3125 4477 προσήκειν
3157 4404 3522 4476 ὶπερωτῆσαι.
3558 4405 3622 4457 El
3653 4403 3770 4475 (59)
3803 4404 3867 4476 δὴ
3892 4402 3971 4469 εἷς

723 4514 792 4555 eo
817 4500 1103 4569 quidquam
1136 4514 1150 4551 :
1190 4512 1293 4552 non
1326 4497 1499 4562 Pater,
1530 4513 1636 4551 non
1670 4496 1873 4551 Filius:
1903 4513 2159 4567 quorsum
2190 4500 2292 4552 ista

728 4593 967 4654 nomina,
1011 4588 1339 4643 mentiuntur
1373 4603 1540 4644 sacrm
1564 4588 1811 4644 Litterae?
1840 4589 1967 4659 quid
1998 4592 2295 4645 dissimulat

729 4680 1033 4742 Marcellus,
1070 4681 1191 4745 dum
1221 4680 1311 4749 qui
1340 4693 1443 4732 non
1467 4690 1548 4733 est
1573 4677 1760 4743 Filius.
1783 4681 1876 4734 sed
1915 4676 2168 4744 Verbum.
2200 4694 2295 4749 ap-

728 4773 892 4839 pellat
933 4783 1107 4825 tamen
1146 4770 1357 4825 Filium.
1406 4769 1647 4840 Cumque
1694 4770 1995 4841 exemplum
2045 4773 2296 4827 adhibeat

728 4860 880 4920 verbi
908 4864 1144 4929 humani.
1176 4864 1457 4918 dicendum
1487 4875 1591 4929 est,
1631 4864 1769 4931 quod
1799 4879 1900 4918 non
1932 4865 2106 4919 omnis
2132 4865 2294 4919 homo

732 4956 857 5014 licet
909 4958 1117 5009 ratione
1173 4956 1448 5023 praeditus.
1498 4965 1552 5009 et
1584 4955 1919 5024 congenitum
1964 4956 2013 5009 in
2048 4970 2107 5010 se
2137 4956 2293 5025 logon

731 5046 1032 5117 possidens.
1069 5045 1231 5097 lilium
1272 5045 1456 5107 habet.
1489 5053 1548 5098 ut
1578 5045 1877 5099 necessario
1916 5046 2054 5100 [ilius
2085 5048 2155 5099 sit
2210 5046 2295 5098 di-

732 5153 945 5195 versum
969 5139 1093 5206 quid
1125 5152 1152 5189 a
1182 5136 1318 5206 logo.
1356 5137 1412 5191 Si
1449 5152 1577 5207 ergo
1600 5138 1813 5201 dixerit.
1846 5138 2006 5191 Deum
2039 5139 2090 5191 in
2128 5151 2186 5191 se
2218 5137 2294 5190 lo-

732 5246 835 5303 gon
860 5229 1128 5293 habuisse.
1158 5243 1255 5283 nec
1284 5238 1539 5295 praeterea
1568 5230 1878 5298 quidquam.
1901 5244 2020 5283 cum
2049 5244 2153 5299 quo
2182 5230 2293 5284 col-

808 5353 869 5412 )Ῑ4
897 5346 992 5402 Ed.
1025 5346 1222 5409 Paris.
1247 5360 1364 5416 pag.
1397 5345 1513 5400 1‘26.

812 5442 833 5472 ‘
865 5440 1021 5495 Prov.
1053 5441 1286 5529 "11,27.
1364 5443 1381 5471 ⁷
1407 5438 1541 5495 Gen.
1570 5455 1608 5504 ι,
1648 5436 1735 5491 ‘26.

825 5556 912 5629 58)
945 5556 1111 5629 Vulgo
1138 5557 1200 5609 τὸ
1226 5564 1321 5628 μή.

829 5628 921 5697 59)
946 5628 1114 5699 Vulgo
1147 5629 1233 5699 δέ.
1286 5686 1294 5694 _

828 5696 917 5768 60)
976 5696 1069 5763 Τῷ
1104 5700 1173 5751 ὲν
1208 5697 1555 5765 ἀνθρώποις.
1588 5696 1743 5766 Vulg.
1791 5696 2037 5768 οὐρανοῖς
2070 5706 2298 5768 :uerror

740 5761 1246 5831 ex‘abbreviatzoue.
1276 5761 1442 5832 ἀνοις,
1474 5761 1573 5824 hoc
1600 5761 2049 5834 εειξὰνθρώποις.
2088 5764 2154 5817 Μ.
2186 5761 2299 5834 [Sic

2398 4498 2529 4561 Θεὸς
2568 4493 2636 4569 ἦν
2653 4539 2668 4562 ,
2697 4496 2791 4551 καὶ
2817 4496 2967 4577 ούδὲν
2992 4497 3175 4568 ἕτερον
3194 4536 3210 4561 ,
3235 4496 3298 4549 οὐ
3330 4496 3520 4568 Πατὴρ
3537 4535 3553 4558 ,
3581 4496 3681 4568 οὐχ
3718 4496 3851 4560 Υἱὸς
3873 4538 3889 4562 ,
3920 4498 3971 4552 τί

2399 4591 2752 4661 κατεψεύδετο
2780 4589 2886 4642 τῶν
2920 4588 3172 4642 τοιούτων
3195 4588 3472 4658 ὀνομάτων
3503 4590 3534 4657 ἡ
3567 4587 3797 4660 Γραφής
3839 4590 3893 4643 τί
3915 4589 3969 4643 δδ

2398 4685 2491 4739 καὶ
2537 4683 2699 4748 αὐτὸς
2741 4682 3060 4753 Μάρκελλος
3109 4680 3456 4752 ὑποκρίνεται
3480 4718 3496 4743 ,
3544 4680 3634 4734 τδν
3696 4680 3773 4753 μὴ
3822 4682 3969 4743 Υίὸν,

2399 4775 2532 4829 ἀλλὰ
2562 4776 2753 4845 Λόγον,
2802 4774 2931 4828 Υίδν
2976 4772 3292 4835 ἀποκαλῶνς
3324 4773 3436 4826 Καὶ
3483 4773 3670 4845 ἐπειδή
3707 4773 3970 4847 κέχρηται

2402 4870 2798 4941 παραδείγματι
2827 4868 2936 4940 (60)
2962 4868 3040 4938 τῷ
3085 4868 3141 4919 ὲν
3174 4863 3482 4937 ἀνθρώποις
3507 4868 3651 4939 λόγῳ
3670 4909 3687 4932 ,
3728 4866 3967 4931 λεκτέον,

2400 4960 2473 5021 ὡς
2501 4961 2562 5012 ού
2592 4961 2699 5021 πᾶς
2728 4957 3011 5036 ἄνθρῳπος
3048 4956 3161 5010 υίὸν
3204 4956 3338 5027 ἔχει,
3365 4956 3585 5025 λογικὸς
3626 4954 3735 5019 ὢν,
3771 4960 3969 5013 καὶτὸν

2402 5049 2619 5118 συμφυῆ
2666 5047 2822 5115 λόγον
2851 5046 2909 5097 ὲν
2951 5046 3096 5117 αὐτῷ
3134 5046 3493 5119 κεκτημένος.
3539 5045 3749 5101 Οὐκοῦν
3791 5048 3969 5121 ἔτερόν

2398 5140 2449 5194 τι
2482 5144 2627 5194 ἐστιν
2662 5142 2786 5204 Tib;
2814 5140 2965 5210 παρὰ
2994 5140 3085 5194 τὸν
3126 5140 3300 5208 λόγον.
3330 5140 3435 5192 Τδν
3462 5134 3558 5194 οὖν
3584 5139 3718 5194 Θεὸν
3748 5144 3799 5196 εί
3823 5141 3969 5210 λόγον

2403 5231 2545 5303 ἔχειν
2576 5236 2634 5287 ὲν
2677 5234 2851 5303 ἑαυτῷ
2892 5233 3088 5302 φάσκοι
3116 5233 3209 5286 καὶ
3240 5231 3352 5304 (81)
3382 5233 3535 5285 οὐδὲν
3562 5234 3752 5305 ἓτερον
3774 5276 3790 5297 ,
3817 5227 3861 5303 ᾧ
3884 5234 3967 5287 καὶ

2405 5558 2521 5609 dedi
2584 5570 2729 5626 corr.
2756 5624 2762 5626 Α
2787 5552 3043 5626 secutus].

2474 5626 2582 5709 itii)
2620 5624 2811 5709 Οὑδὲξ·
2829 5624 3050 5709 ἓτερρή
3086 5624 3241 5683 Deest
3276 5625 3412 5683 forte
3437 5628 3470 5699 ἢ
3497 5628 3682 5699 λόγον,
3705 5624 3749 5702 ᾧ
3772 5629 3880 5687 καί.
3904 5625 3963 5686 ιι.

2406 5726 2469 5738 -
2502 5698 2673 5766 δίψη
2716 5698 2869 5767 vulgo
2904 5698 3120 5766 φάσκει.
