4106 6430
188 401 303 459 937

1175 400 1264 456 DE
1293 395 1832 456 ECCLESIASTICA
1855 390 2259 451 THEOLOGIA
2298 391 2428 448 LIB.
2469 391 2538 448 Il.

3377 388 3486 449 938

185 514 489 582 διενοεῖτο,
533 509 577 586 ᾧ
616 516 712 571 καὶ
738 514 874 589 πρὸς
904 513 1094 569 ἑαυτὸν
1117 513 1406 582 διελέγετο,
1437 512 1792 581 Ποιήσωμεν

1902 507 2232 579 loquebatur,
2265 505 2556 564 Faciamus
2570 507 2852 577 hominem,
2883 504 3153 579 inquiens,
3199 506 3331 578 quid
3357 521 3486 564 eum

183 605 546 676 ἄνθρωπον,
591 608 764 676 λέγων
803 623 817 636 ·
842 605 896 660 τί
934 606 1028 659 καὶ
1058 604 1234 676 μάτην
1266 603 1380 656 υίὸν
1407 602 1697 674 όνομάζοις
1726 601 1796 656 Τί

184 696 248 750 δὲ
282 698 390 768 τὴν
433 697 763 770 Ἐκκλησίαν
787 694 1168 767 ὑποκρίνεταις
1205 694 1270 748 Τί
1306 693 1386 757 δὲ,
1419 693 1494 766 μὴ
1524 690 1796 746 πιστεύων

183 789 272 852 εις
305 790 407 844 τὸν
439 789 572 843 Υίὸν
603 789 698 844 τοῦ
730 788 863 842 Θεοῦ
909 790 1286 860 προσποιεῖται
1312 784 1590 840 πιστεύειν
1609 825 1624 849 ,
1663 801 1797 856 σχη-

185 878 578 951 ματιζόμενος
620 876 712 932 διὰ
755 876 850 931 τοῦ
902 876 997 930 τὸν
1041 875 1213 944 Λόγον
1260 875 1352 929 τὸν
1417 876 1476 928 έν
1547 874 1627 946 τῷ
1678 872 1798 943 Θεῷ

183 968 328 1024 Υίὸν
367 968 715 1035 άποκαλεῖν;
746 967 939 1038 Σαφῶς
984 968 1079 1022 τοῦ
1111 967 1549 1040 παραδείγματος
1595 963 1794 1037 μακρῷ

181 1059 486 1116 διεστάναι
525 1060 868 1124 διδάσκοντος
915 1060 1006 1114 τὸν
1055 1059 1293 1132 ἔμφυτον
1338 1060 1397 1112 έν
1438 1057 1582 1129 ψυχῇ
1635 1057 1796 1125 λόγον

182 1151 352 1224 παρὰ
379 1152 482 1206 τὸν
515 1151 580 1207 εκ
606 1169 750 1216 τινος
782 1151 1130 1224 γεννηθέντα,
1164 1151 1258 1205 καὶ
1295 1149 1416 1204 καθ’
1469 1149 1660 1204 ἑαυτὸν
1693 1150 1796 1218 ὑφ-

183 1241 417 1297 εστῶτα
444 1282 462 1308 ,
520 1242 615 1297 καὶ
673 1240 848 1307 ζῶντα
869 1279 884 1306 ,
946 1242 1039 1294 καὶ
1094 1238 1421 1311 ἐνεργοῦντα
1468 1239 1618 1293 Υίόν.
1657 1238 1795 1293 Ἀλλ’

182 1335 294 1389 οὐκ
353 1332 520 1404 εγὼ,
570 1333 741 1406 φησὶ,
799 1332 876 1397 ὡς
921 1331 1108 1399 είκὸς,
1149 1330 1264 1386 ἀλλ’
1300 1332 1329 1382 6
1368 1331 1511 1395 θεῖος
1560 1331 1796 1401 εὐαγγε-

185 1425 393 1498 λιστὴς
448 1425 626 1494 Λόγον
683 1423 843 1480 am
892 1425 1206 1496 προσεῖπεν.
1263 1421 1579 1477 ’Λκόλουθον
1615 1423 1796 1477 τοίνυν

187 1519 279 1590 εῐη
313 1519 386 1573 ἂν
423 1518 526 1572 καὶ
550 1518 696 1588 ἡμᾶς
720 1516 893 1588 τούτῳ
914 1515 1292 1588 συνομολογεῖν
1320 1514 1459 1585 (58).
1486 1515 1616 1581 Ναὶ,
1645 1515 1790 1586 φημὶ

188 1607 292 1662 καὶ
325 1606 525 1671 αὑτός.

859 1695 1016 1750 ΚΕΦ.
1056 1695 1153 1750 1Ζ’.

273 1789 602 1861 Ἑρμηνεια
627 1787 736 1858 τῆς
762 1785 1030 1856 ἀληθοῦς
1056 1785 1325 1852 διανοίας
1365 1785 1474 1840 τοῦ
1505 1787 1720 1856 Λόγου.

263 1879 424 1951 Πλὴν
467 1879 576 1933 οὐδ’
604 1878 806 1949 ἑτέρως
856 1876 1156 1949 προσήκειν
1185 1870 1340 1946 οϊμαι
1384 1873 1666 1939 ἐξακούειν
1696 1873 1798 1946 τῆς

187 1972 390 2044 φωνῆς
424 1971 462 2043 ἢ
510 1969 659 2041 αύτῷ
701 1970 864 2024 πάλιν
915 1967 1388 2040 μαθητευομένους
1437 1965 1519 2037 τῷ
1563 1966 1796 2034 εὐαγγε-

189 2065 357 2137 λιστῇ
433 2062 743 2117 διδάσκοντι
792 2063 973 2117 ὁποῖον
1029 2058 1313 2131 διωρίζετο
1360 2057 1552 2126 Λόγον.
1605 2055 1800 2125 Σαφῶς

191 2158 252 2214 δὲ
297 2157 500 2213 τοῦτον
547 2156 786 2228 παρίστη
831 2148 943 2218 οἷός
993 2171 1079 2217 τις
1119 2147 1210 2224 ἦν,
1259 2151 1643 2206 έπισυνάπτων
1671 2149 1800 2220 ἑξῆς

193 2252 294 2306 καὶ
330 2250 537 2320 λέγων,
571 2248 683 2303 Καί
723 2245 868 2314 Θεὸς
909 2243 990 2318 ἦν
1028 2248 1061 2300 ὀ
1086 2247 1298 2315 Λόγος.
1325 2242 1631 2314 Δυνάμενος
1668 2241 1800 2311 γοῦν

193 2343 408 2405 εἰπεῖν,
454 2339 567 2395 Kal
611 2335 757 2403 Θεὸς
808 2332 889 2408 ἦν
925 2339 960 2390 ό
1001 2339 1212 2407 Λόγος,
1277 2332 1418 2404 μετὰ
1441 2334 1541 2405 τῆς
1570 2331 1665 2386 τοῦ
1695 2332 1799 2404 ἄρ-

195 2433 334 2506 θρου
367 2431 714 2505 προσθήκης,
734 2428 788 2482 εί
815 2445 880 2498 γε
906 2428 965 2481 ἓν
994 2428 1088 2482 καὶ
1127 2425 1326 2481 ταύτὸν
1351 2427 1538 2496 ἡγεῖτο
1564 2424 1656 2478 τὸν
1688 2425 1800 2478 Πα-

192 2521 336 2593 τέρα
380 2514 528 2574 εἶναι
558 2517 652 2572 καὶ
691 2517 782 2570 τὸν
811 2516 960 2581 Υίὸν,
1006 2514 1174 2569 αὐτόν
1217 2530 1280 2567 τε
1321 2509 1462 2567 εἶναι
1508 2511 1598 2566 τὸν
1627 2512 1800 2580 Λόγον

193 2611 291 2666 τὸν
318 2613 418 2666 επὶ
453 2610 672 2668 πάντων
723 2608 877 2675 Θεὸν,
910 2607 1010 2679 οὐχ
1055 2605 1228 2672 οὕτως
1262 2603 1397 2678 (61⁸)
1424 2603 1654 2671 ἐξέδωκε
1702 2603 1801 2676 τὴν

196 2705 450 2777 γραφήν.
477 2703 551 2757 Ἦ
587 2701 718 2773 7&9,
749 2720 768 2754 ι
800 2701 913 2755 Καὶ
939 2697 1076 2754 Θεοῦ
1108 2693 1177 2770 ἦν
1205 2701 1235 2752 6
1273 2697 1445 2768 Λόγος
1473 2715 1493 2750 ι
1531 2697 1698 2768 ἐχρῆν
1730 2696 1802 2750 εί-

197 2799 352 2862 πεῖν,
381 2796 417 2867 ἢ
451 2813 472 2848 ι
499 2795 529 2848 6
559 2792 692 2859 Θεὸς
729 2789 797 2866 ἦν
826 2794 855 2846 6
882 2792 1074 2862 Λόγος,
1106 2809 1126 2844 s
1165 2789 1302 2862 μετὰ
1343 2787 1663 2863 προσθήκης
1702 2787 1799 2842 τοῦ

198 2886 437 2961 ἄρθρου,
485 2888 533 2940 εί
577 2888 645 2958 τῇ
700 2883 1021 2956 Μαρκέλλου
1087 2884 1298 2954 διανοίᾳ
1358 2882 1648 2954 σύμφωνον
1700 2879 1800 2952 τὴν

198 2979 432 3053 γραφὴν
478 2979 734 3030 ἐποιεῖτο.
765 2975 902 3029 Νυνὶ
927 2974 985 3028 δὲ
1013 2975 1109 3030 καὶ
1137 2974 1300 3028 αὐτὸν
1342 2975 1433 3028 τὸν
1462 2974 1635 3043 Λόγον
1667 2974 1800 3030 Θεὸν

199 3065 346 3128 εἷναι
380 3070 662 3142 παρίστη,
707 3068 908 3140 ὁμοίως
939 3064 1039 3137 τῷ,
1075 3066 1213 3138 πρὸς
1252 3065 1310 3118 δν
1336 3062 1404 3138 ἦν
1429 3065 1580 3137 Θεῷ-
1617 3083 1803 3137 προει-

201 3159 325 3217 sibi:
356 3161 492 3232 7&9,
535 3157 646 3214 Kal
738 3159 928 3254 Αργος
1073 3158 1224 3227 πρὸς
1253 3156 1359 3211 τὸν
1392 3157 1562 3254 Θεὸν,
1602 3159 1800 3254 ἐπάγει
1827 3196 1868 3254 c

199 3250 403 3322 λέγων,
433 3249 548 3305 Kal
595 3247 743 3315 Θεὸς
768 3243 849 3319 ἦν
876 3251 909 3303 ό
941 3249 1150 3320 Λόκρος,
1203 3248 1488 3319 μονονουχὶ
1529 3249 1798 3316 σαφέστε-

203 3362 300 3418 ρον
331 3346 487 3416 ἡμᾶς
528 3342 793 3398 διδάσκων
821 3340 1036 3414 πρῶτον
1091 3340 1188 3412 μὲν
1231 3341 1480 3412 ἡγεῖσθαι
1530 3340 1665 3396 Θεὸν
1709 3341 1802 3394 τὸν

203 3437 470 3494 ιπέκεινα
515 3437 626 3491 τῶν
655 3435 811 3502 ὅλων,
854 3434 1018 3488 αὑτὸν
1045 3433 1139 3488 τὸν
1178 3433 1272 3487 τοῦ
1328 3434 1503 3502 Λόγου
1551 3434 1800 3505 Πατέρα,

203 3530 347 3603 πρὸς
381 3530 445 3584 δν
480 3525 550 3602 ἦν
584 3531 614 3583 6
639 3527 833 3597 Λόγος,
879 3526 1071 3582 ἔπειτα
1102 3526 1217 3596 μετ’
1254 3525 1416 3579 αὑτὸν
1453 3526 1529 3598 μὴ
1562 3526 1800 3595 ἀγνοεῖν,

203 3622 283 3687 ὡς
310 3623 411 3678 καὶ
443 3624 473 3677 6
506 3621 679 3687 Λόγος
708 3619 874 3675 αὑτοῦ
911 3619 942 3672 6
977 3615 1272 3689 μονογενὴς
1304 3617 1450 3682 Υἱὸς,
1488 3618 1610 3689 οὐχὶ
1639 3617 1805 3683 αὐτὸς

202 3709 276 3786 ἦν
306 3717 337 3770 6
361 3714 459 3768 ἰπὶ
498 3711 718 3768 πάντων
748 3710 902 3776 Θεὸς,
929 3711 1045 3765 ἀλλ’
1079 3711 1160 3765 ὅτι
1193 3711 1286 3764 καὶ
1332 3709 1498 3774 αὐτὸς
1535 3707 1670 3774 Θεὸς
1711 3703 1801 3781 ἦν.

215 3805 280 3860 '0
307 3805 422 3878 7&9
455 3825 475 3859 ι
501 3805 598 3860 καὶ
625 3822 646 3858 s
686 3802 982 3876 σύνδεσμος
1019 3801 1100 3874 τῷ
1151 3802 1329 3874 Πατρὶ
1384 3801 1647 3856 συνάπτει
1704 3801 1805 3873 τὴν

204 3895 444 3970 θεότητα
468 3895 562 3951 τοῦ
613 3893 768 3950 Υίοῦ.
818 3892 910 3947 Διό
957 3910 1110 3967 φησι,
1144 3893 1255 3950 Kal
1275 3896 1310 3948 ό
1345 3891 1489 3959 Θεὸς
1511 3887 1594 3963 ἦν
1626 3894 1660 3947 ό
1691 3891 1804 3947 Adv

204 4004 337 4058 τος,
393 3987 464 4043 ἶν’
523 3985 725 4058 ἴδωμεν
765 3985 899 4040 Θεὸν
937 3985 1030 4040 τὸν
1060 3985 1155 4038 επὶ
1187 3985 1424 4048 πάντων,
1469 3982 1606 4055 πρὸς
1648 3983 1708 4037 δν
1737 3978 1807 4056 ἦν

203 4081 238 4135 6
261 4081 474 4151 Λόγος,
524 4079 616 4135 καὶ
643 4078 779 4134 Θεὸν
820 4079 984 4133 αὐτὸν
1020 4078 1111 4133 τὸν
1143 4077 1338 4146 Λόγον.
1383 4077 1583 4130 ’Λκουε
1620 4075 1697 4140 ὡς
1729 4078 1808 4131 εί-

208 4171 348 4228 κόνα
393 4172 492 4227 τοῦ
542 4170 703 4237 Θεοῦ,
747 4170 844 4226 καὶ
876 4170 1060 4224 εἰκόνα
1094 4168 1206 4242 (6'1)
1238 4170 1338 4240 οὐχ
1379 4168 1455 4233 ὡς
1507 4169 1565 4222 εν
1611 4167 1808 4239 ἀψύχῳ

210 4260 340 4336 ὕλῃ,
386 4264 504 4319 ἀλλ’
525 4263 602 4328 ὡς
640 4264 700 4318 εν
729 4259 846 4334 Υίῷ
878 4261 1074 4328 ζῶντι,
1122 4261 1219 4316 καὶ
1263 4259 1636 4332 ἀκριόέστατα
1667 4259 1807 4331 πρὸς

208 4353 312 4428 τὴν
339 4355 650 4428 ἀρχέτυπον
686 4353 915 4425 θεότητα
943 4351 1041 4407 τοῦ
1092 4350 1304 4424 Πατρὸς
1347 4348 1802 4422 ἀφωμοιωμένον.

225 4444 388 4500 Ἐπεὶ
425 4445 484 4500 δδ
510 4445 591 4519 τῷ
631 4444 956 4517 ἀνθρωπίνῳ
1003 4441 1148 4514 λόγῳ
1195 4441 1287 4495 τὸν
1312 4440 1409 4494 τοῦ
1451 4441 1586 4496 Θεοῦ
1619 4458 1804 4514 παρα-

1896 611 1950 655 et
1978 598 2180 654 frustra
2215 599 2452 668 quidem,
2483 598 2715 669 appellat
2741 599 2982 655 Filium?
3010 597 3149 667 Quid
3184 597 3486 656 Ecclesiam

1896 691 2133 760 decipit?
2161 691 2290 760 quid
2318 706 2442 747 cum
2474 707 2578 746 non
2605 693 2814 759 credat,
2849 691 3000 763 lingit
3059 702 3240 747 tamen
3271 707 3331 749 se
3365 708 3487 750 cne-

1897 783 2026 837 dere
2057 781 2109 836 in
2145 781 2342 838 Filium
2373 782 2505 839 Dei?
2542 793 2729 853 utpote
2753 785 2844 854 qui
2873 785 3041 840 videri
3067 784 3186 840 vult
3223 799 3320 854 per
3352 785 3488 842 Ver-

1898 872 2022 926 bnm
2074 871 2266 928 Filium
2312 873 2406 929 Dei
2430 875 2786 954 .nominasse.
2821 875 2955 930 Cum
2982 875 3152 946 ipsius
3178 876 3486 945 exemplum

1899 966 2181 1036 perspicue
2213 967 2423 1031 doceat,
2449 967 2761 1037 longissime
2812 969 3014 1024 distare
3051 969 3272 1023 insitum
3303 968 3486 1024 animo

1900 1055 2054 1126 logon
2090 1061 2148 1119 ᾖ
2187 1056 2254 1110 ab
2299 1056 2389 1112 illo
2435 1059 2579 1128 quod
2628 1058 2694 1114 de
2732 1057 2914 1130 aliquo
2948 1070 3377 1129 progeneratur,
3432 1071 3487 1116 et

1898 1162 1994 1216 per
2024 1162 2083 1201 se
2105 1147 2352 1203 subsistit
2383 1159 2438 1203 et
2468 1149 2620 1212 vivit,
2663 1159 2719 1205 et
2757 1159 3034 1219 operatur,
3080 1160 3135 1206 et
3175 1149 3347 1205 Filius
3377 1159 3482 1206 est.

1900 1238 2005 1294 Sed
2034 1240 2282 1295 fortassis
2312 1240 2557 1310 inquiet:
2587 1239 2704 1297 Non
2747 1257 2851 1312 ego
2900 1242 3047 1296 illum
3097 1242 3306 1312 appello
3348 1241 3486 1298 Ver-

1901 1331 2049 1395 bum,
2101 1331 2194 1384 sed
2258 1330 2473 1388 divinus
2521 1332 2849 1402 evangelista
2917 1350 2932 1388 :
2986 1343 3042 1388 et
3098 1349 3197 1390 nos
3243 1333 3374 1389 illud
3404 1334 3488 1403 ip-

1898 1439 2018 1479 sum
2066 1439 2164 1493 par
2205 1433 2289 1482 est
2323 1425 2593 1482 conﬁteri.
2651 1426 2744 1483 Est
2785 1427 2945 1499 plane
2993 1428 3156 1484 etiam
3204 1443 3327 1485 meo
3366 1427 3487 1484 ani-

1899 1530 2008 1572 mo.

2498 1696 2654 1752 CAP.
2691 1694 2850 1752 XVII.

2140 1784 2288 1842 Verre
2325 1791 2600 1843 sententia
2637 1791 2702 1845 de
2743 1788 2909 1845 Verbo
2936 1788 3243 1859 explicatio.

1827 1860 1872 1918 Β
1970 1877 2079 1935 Sed
2111 1894 2218 1935 non
2249 1881 2412 1937 aliter
2432 1882 2654 1937 omnino
2676 1896 2779 1938 vox
2811 1881 2902 1937 illa
2954 1882 3369 1952 interpretanda
3403 1892 3489 1942 est

1899 1984 2060 2040 quam
2090 1971 2358 2041 quomodo
2383 1985 2483 2026 nos
2521 1972 2712 2027 docuit
2752 1971 2868 2042 ipse
2910 1973 3280 2044 evangelista:
3314 1980 3490 2046 quod-

1899 2077 2025 2117 nam
2058 2062 2174 2132 ipse
2210 2061 2443 2118 Verbum
2475 2061 2764 2134 intelligat.
2807 2063 2862 2118 id
2891 2078 3019 2120 vero
3061 2065 3303 2121 insinuat
3349 2070 3489 2126 satis

1899 2155 2046 2209 clare
2077 2153 2128 2208 in
2158 2154 2227 2210 iis
2256 2168 2377 2224 qua
2402 2154 2661 2222 adnectit,
2683 2163 2734 2210 et
2767 2153 2907 2210 Deus
2938 2165 3053 2209 erat
3095 2155 3339 2224 Verbum,
3363 2174 3487 2217 cum

1900 2245 2149 2316 proloqui
2199 2246 2500 2316 potuisset,
2537 2255 2594 2300 et
2643 2245 2735 2302 ille
2773 2245 2950 2315 Deus,
2995 2248 3180 2305 addito
3227 2252 3486 2319 articulo,

1900 2346 2019 2391 erat
2053 2336 2286 2392 Verbum
2312 2376 2328 2401 ,
2361 2337 2408 2392 si
2437 2352 2606 2392 unum
2639 2347 2695 2393 et
2737 2338 2989 2392 eumdem
3013 2378 3030 2405 ,
3075 2347 3131 2394 et
3175 2339 3393 2398 Patrem
3435 2354 3492 2400 et

1898 2425 2096 2483 Filium
2140 2428 2485 2499 appellasset,
2516 2427 2561 2484 si
2603 2426 2835 2484 Verbum
2868 2428 2998 2487 illud
3019 2432 3336 2503 opinaretur
3369 2449 3494 2492 esse

1900 2517 2049 2572 illum
2077 2517 2246 2575 Deum
2295 2519 2386 2590 qui
2422 2527 2507 2574 est
2537 2533 2705 2590 super
2736 2521 2942 2576 omnia.
2975 2523 3084 2580 Sed
3109 2541 3217 2581 non
3257 2527 3332 2582 ita
3360 2543 3486 2598 pro~

1901 2610 2111 2668 locutus
2139 2621 2244 2668 est.
2292 2611 2427 2666 Nam
2461 2610 2548 2668 vel
2600 2611 2784 2669 dicere
2831 2615 3086 2686 debebat,
3116 2627 3173 2674 et
3220 2620 3314 2675 Dei
3367 2631 3493 2677 erat

1900 2701 2138 2760 Verbum
2161 2743 2176 2769 ,
2206 2703 2290 2758 vel
2321 2703 2467 2762 Deus
2494 2715 2617 2761 erat
2641 2704 2731 2760 ille
2755 2704 2993 2764 Verbum
3020 2725 3033 2762 :
3064 2709 3279 2781 adjecto
3300 2727 3495 2784 nempe

1901 2798 2156 2864 articulo,
2191 2799 2240 2854 si
2273 2813 2398 2854 cum
2435 2799 2680 2857 llarceili
2728 2801 3002 2858 sententia
3043 2801 3329 2874 Scriptura
3359 2820 3496 2861 con-

1902 2891 2186 2960 spirasset.
2233 2890 2304 2945 At
2349 2907 2496 2949 nunc
2543 2901 2600 2948 et
2649 2892 2826 2964 ipsum
2859 2891 3100 2950 Verbum
3150 2893 3332 2951 Deum.
3369 2912 3496 2955 esse

1903 2980 2143 3035 insinuat
2168 3021 2184 3044 ,
2217 2982 2475 3038 similiter
2512 2983 2590 3038 illi
2625 2984 2752 3049 Deo,
2800 2985 2941 3054 apud
2984 2999 3146 3056 quem
3183 2997 3322 3044 erat.
3355 2986 3492 3046 Nam

1903 3087 2024 3126 cum
2077 3071 2224 3142 prius
2269 3073 2539 3138 edixerat,
2577 3073 2641 3129 Et
2684 3073 2908 3129 Verbum
2955 3086 3072 3130 erat
3121 3083 3262 3146 apud
3297 3078 3490 3148 Deum,

1902 3161 2191 3229 subiniert,
2225 3174 2273 3216 et
2305 3163 2445 3244 Deus
2477 3176 2590 3220 erat
2630 3164 2856 3221 Verbum
2888 3182 2909 3220 :
2936 3165 3253 3236 planissime
3281 3186 3380 3228 nos
3409 3173 3494 3228 in-

1905 3251 2169 3319 iormans,
2189 3263 2395 3310 tantum
2425 3271 2533 3314 non
2559 3266 2618 3313 ut
2643 3257 2877 3328 primum
2909 3259 3078 3314 Deum
3112 3259 3260 3316 illum
3287 3262 3492 3320 intelli-

1903 3361 2095 3416 gamus
2142 3360 2285 3413 esse,
2339 3349 2430 3418 qui
2480 3359 2564 3404 est
2606 3364 2769 3419 super
2818 3349 3022 3414 omnia,
3070 3351 3244 3422 ipsum
3298 3369 3495 3428 nempe

1907 3437 2067 3492 Verbi
2117 3437 2334 3494 Patrem
2359 3479 2375 3505 ,
2436 3440 2578 3509 apud
2624 3455 2785 3510 quem
2827 3449 2946 3495 erat
2987 3441 3260 3511 Verbum;
3296 3449 3492 3504 tumin

1904 3527 2178 3591 secundis,
2200 3536 2260 3582 ut
2283 3543 2352 3584 ne
2382 3527 2556 3598 ignari
2583 3528 2777 3594 simus,
2801 3528 2946 3600 quod
2971 3539 3028 3587 et
3054 3531 3295 3590 Verbum
3320 3535 3494 3606 ipsius

1905 3618 2212 3690 unigenitus
2234 3618 2409 3677 Filius
2429 3636 2537 3676 non
2589 3633 2707 3677 erat
2735 3625 2959 3694 quidem
2988 3625 3082 3683 ille
3113 3641 3281 3698 super
3306 3632 3492 3686 omnia

1912 3711 2056 3767 Deus
2080 3753 2097 3778 ,
2126 3712 2220 3768 sed
2248 3715 2392 3784 quod
2423 3724 2478 3769 et
2504 3715 2618 3785 ipse
2637 3715 2800 3771 etiam
2831 3715 2977 3775 Deus
3002 3729 3155 3788 erat;
3182 3721 3493 3793 coniunctio

1905 3802 2105 3856 etenim
2141 3801 2227 3856 illa
2252 3842 2268 3868 ,
2306 3813 2362 3859 et
2405 3804 2750 3862 divinitatem
2798 3806 2925 3863 Filii
2980 3812 3258 3867 connectit
3294 3811 3488 3879 Patri;

1909 3892 2032 3948 inde
2063 3893 2164 3960 ait,
2194 3904 2241 3948 et
2273 3893 2412 3948 Deus
2432 3905 2546 3950 erat
2583 3893 2812 3952 Verbum
2835 3912 2854 3951 :
2880 3908 2938 3953 ut
2967 3899 3138 3956 Deum
3161 3900 3312 3957 illum
3347 3903 3493 3958 scia-

1908 3997 2030 4039 mus
2056 3998 2199 4052 esse,
2227 3983 2319 4054 qui
2351 3993 2438 4040 est
2467 3999 2630 4055 super
2661 3986 2872 4052 omnia,
2902 3987 3044 4058 apud
3069 4003 3233 4059 quem
3263 3998 3317 4043 et
3353 3987 3493 4046 Ver-

1906 4073 2034 4128 bum
2064 4082 2206 4141 erat,
2240 4074 2334 4129 sed
2359 4083 2417 4129 et
2439 4073 2680 4131 Verbum
2707 4091 2922 4148 quoque
2956 4078 3126 4135 Deum
3151 4079 3362 4145 audies,
3384 4080 3495 4136 vel-

1908 4163 1988 4218 uti
2034 4163 2126 4233 qui
2157 4165 2229 4220 sit
2255 4163 2435 4236 imago
2464 4164 2596 4234 Dei,
2628 4180 2735 4222 non
2767 4177 2826 4223 ut
2854 4171 2908 4222 in
2936 4169 3162 4225 materia
3193 4169 3493 4228 inanimata

1907 4255 2318 4325 subsistentem,
2380 4259 2477 4314 sed
2530 4267 2590 4314 ut
2623 4259 2678 4315 in
2726 4259 2870 4316 Filio
2908 4261 3032 4318 vivo
3066 4262 3159 4332 qui
3191 4276 3357 4334 quam
3390 4280 3492 4320 ex-

1909 4347 2182 4403 actissime
2211 4356 2567 4420 repraesentat
2601 4349 2932 4420 archetypon
2960 4350 3108 4406 illam
3139 4350 3320 4409 Patris
3351 4353 3493 4411 divi-

1911 4438 2158 4495 nitatem.
2207 4437 2476 4507 Quoniam
2521 4455 2656 4498 vero
2683 4441 2857 4496 visum
2901 4440 3159 4499 Marcello
3201 4442 3306 4500 iuit
3332 4443 3492 4518 logon

214 4534 438 4592 ϐάλλειν
481 4536 656 4592 έδόκει
704 4536 1031 4610 Μαρκέλλῳ,
1076 4537 1173 4592 καὶ
1219 4537 1372 4608 πόσῳ
1425 4533 1618 4606 βελτίω
1661 4528 1802 4589 εἶναι

1914 4529 2032 4593 Dei,
2065 4541 2253 4586 nostro
2297 4531 2580 4588 hominum
2630 4533 2952 4598 assimilare,
2987 4537 3039 4592 si
3079 4536 3304 4593 omnino
3350 4538 3494 4595 hanc

214 4627 486 4701 φήσομεν,
546 4627 717 4684 εἰκόνι
774 4628 1055 4700 χρώμενον
1119 4627 1200 4700 τῷ
1253 4627 1579 4701 ἀνθρωπίνῳ
1635 4625 1799 4696 λόγῳ,

213 4719 394 4792 τούτῳ
423 4720 623 4793 μᾶλλον
643 4718 950 4792 χρήσασθαι
970 4718 1050 4792 τῷ
1070 4717 1494 4792 παραδείγματι,
1518 4717 1613 4770 καὶ
1637 4715 1805 4784 φάναι

215 4810 312 4866 τοῦ
345 4813 478 4887 παρ’
514 4814 646 4886 ἡμῖν
672 4812 832 4883 λόγου
875 4811 1088 4885 πατέρα
1127 4807 1268 4866 εἷναι
1303 4811 1396 4863 τὸν
1429 4807 1574 4873 νοῦν,
1617 4807 1806 4882 ιτερον

217 4903 348 4958 δντα
379 4906 531 4978 παρὰ
557 4905 650 4960 τὸν
679 4903 858 4975 λόγον.
886 4903 993 4959 Τὸν
1025 4902 1126 4976 μιν
1151 4903 1263 4975 7&9
1295 4899 1432 4973 (ὃν)
1461 4900 1609 4967 νοῦν,
1653 4901 1808 4964 δστις

219 4995 355 5051 ποτὲ
387 4996 482 5052 καὶ
505 4999 688 5062 ὁποῖος
717 4995 794 5052 ὣν
817 4996 920 5069 τὴν
947 4994 1133 5051 οὐσίαν
1175 4993 1440 5067 ὑπάρχει,
1485 4992 1662 5057 οὐδεὶς
1690 4989 1809 5045 πώ-

221 5103 358 5142 ποτε
385 5086 688 5162 ἀνθρώπων
709 5087 873 5157 ιγνω,
910 5086 1163 5160 βασιλεὺς
1187 5087 1234 5142 δ’
1256 5080 1346 5141 οία
1373 5086 1432 5138 έν
1467 5083 1809 5156 ἀπορρήτοις

222 5180 358 5236 ciam
389 5185 505 5248 τοῖς
554 5179 722 5237 αὐτοῦ
777 5181 1046 5253 ταμιείοις
1089 5177 1374 5252 ίδρυμένος
1420 5176 1492 5232 τά
1547 5173 1796 5248 πρακτέα

227 5269 567 5340 βουλεύεταιο
607 5274 637 5326 δ
661 5270 707 5325 δ’
728 5268 790 5338 ιε
827 5268 991 5325 αὐτοῦ
1019 5267 1198 5338 λόγος,
1224 5260 1314 5322 οἶα
1339 5265 1545 5339 πατρὸς
1585 5263 1645 5332 ιε
1674 5263 1805 5319 asa-

1911 4623 2174 4678 adhibere
2205 4622 2420 4681 volebat
2447 4625 2860 4682 similitudinem
2882 4667 2899 4694 ,
2947 4638 3154 4701 quanto
3185 4630 3390 4687 rectius
3422 4632 3494 4697 is,

1911 4714 1978 4768 ad
2031 4713 2179 4770 hunc
2224 4717 2443 4772 modum
2489 4717 2824 4787 protulisset,
2855 4729 2916 4775 ut
2954 4721 3180 4788 diceret,
3220 4729 3279 4789 iis
3319 4724 3494 4779 nostri

1911 4802 2018 4875 logi
2045 4816 2328 4876 parentem
2358 4821 2479 4862 esse
2522 4818 2760 4864 mentem
2781 4850 2798 4877 ,
2825 4826 2948 4881 qua
2988 4812 3262 4868 diversum
3293 4813 3424 4884 quid
3459 4829 3493 4870 a

1911 4894 2031 4966 logo
2058 4897 2293 4954 exsistit.
2322 4895 2552 4954 Mentem
2583 4899 2730 4955 enim
2757 4915 2920 4959 nemo
2955 4903 3176 4974 quidem
3212 4905 3490 4962 hominum

1911 4991 2064 5046 novit
2109 5005 2231 5060 qua
2269 4989 2371 5058 sit,
2418 4991 2634 5061 qualive
2685 4995 2908 5063 predita
2953 4997 3026 5054 sit
3076 4997 3352 5054 essentia:
3396 5000 3491 5056 sed

1912 5081 2078 5138 veluti
2110 5081 2331 5152 quidam
2363 5097 2480 5150 rex,
2499 5081 2644 5139 intus
2676 5094 2730 5141 et
2759 5085 2813 5140 in
2846 5087 3074 5143 secretis
3099 5087 3216 5143 suis
3243 5101 3495 5160 recepta-

1911 5175 2049 5231 culis
2093 5175 2360 5243 residens,
2394 5174 2462 5231 de
2506 5176 2668 5234 rebus
2693 5177 2918 5250 agendis
2964 5179 3196 5251 despicit
3230 5192 3287 5236 et
3316 5181 3497 5238 deter-

1910 5264 2124 5321 minat:
2175 5263 2342 5336 ipsius
2382 5275 2561 5322 autem
2595 5266 2782 5339 logos,
2809 5281 2880 5324 ex
2925 5282 2994 5327 eo
3028 5270 3330 5342 procedens
3374 5281 3496 5326 tan-

226 5375 334 5417 των
361 5361 547 5436 μυχῶν
572 5359 967 5433 γεγεννημένος
993 5362 1104 5426 τοῖς
1129 5358 1286 5424 έκτὸς
1313 5360 1449 5414 πᾶσι
1477 5355 1802 5414 καθίσταται

1903 5369 2071 5428 quam
2101 5369 2135 5413 a
2163 5357 2413 5429 genitore
2452 5360 2807 5433 progenitus,
2840 5359 2898 5418 in
2939 5360 3300 5422 abditissimis
3329 5375 3498 5420 nene-

299 5552 360 5615 Ἐ
393 5549 493 5607 Ed.
519 5547 722 5605 Paris..
746 5560 869 5618 pag.
890 5544 1016 5611 H7,
1042 5545 1158 5603 128.

321 5746 633 5822 εετινηιιρ
663 5745 901 5822 ρῦτωςξ

325 5812 425 5893 αῖ
442 5819 551 5878 Καὶ
567 5812 759 5873 ἷίκόνα
781 5817 904 5874 add.
929 5815 1110 5885 codd.;
1138 5815 1276 5872 intra
1301 5814 1459 5888 vulgo
1485 5812 1731 5888 βελτίων.

595 5918 867 5978 Panos.
898 5914 1018 5978 Gn.
1061 5913 1290 5980 XXIV.

1991 5737 2126 5814 452⁸)
2151 5737 2325 5817 Vulgo
2353 5755 2465 5802 om.
2481 5743 2611 5815 γάρ.
