4106 6406
674 399 775 456 959

1332 388 1592 447 EUSEBII
1631 384 2102 443 CAESARIENSIS
2137 381 2288 439 OPP.
2332 379 2505 436 PARS
2542 379 2632 437 lV.
2673 409 2737 418 -υ
2779 375 3201 432 ΟΟΩΜΛΤΙΕΛ.

3816 375 3903 431 910

676 516 899 573 tralibus
921 555 934 578 ,
976 507 1254 564 manil'este
1283 506 1412 563 loris
1440 507 1822 563 exsistentibus
1848 505 2096 560 omnibus
2125 503 2218 556 de-

2326 499 2616 570 γνώριμος.
2655 495 2766 551 Εἴθ’
2795 498 2844 550 οἱ
2880 496 2976 566 μὲν
3009 497 3073 549 ἐκ
3105 496 3199 565 τῆς
3237 494 3326 548 τοῦ
3361 495 3525 564 λόγου
3563 495 3904 567 μεταλαμϐά-

677 606 945 666 claratur,
982 601 1071 671 qui
1114 599 1400 670 participes
1444 597 1660 668 quidem
1703 597 1838 651 tiunt
1880 594 2126 649 utilitatis
2158 593 2227 647 de

675 695 796 762 logo
823 691 1149 754 resultantis,
1183 695 1412 742 mentem
1449 700 1578 741 vero
1622 683 1942 739 invisibilent
1975 693 2029 742 et
2069 682 2226 750 inap-

680 792 982 852 parentem,
1010 779 1110 848 logi
1137 777 1276 831 illius
1296 773 1591 845 genitorem
1621 786 1777 827 nemo
1803 785 2039 839 unquam
2072 767 2225 822 vidit.

675 879 757 932 Ad
790 874 1036 930 eumdem
1081 867 1317 932 modum,
1355 866 1464 919 imo
1495 864 1670 932 potius
1709 870 1860 917 extra
1906 874 2118 915 omnem
2151 859 2228 914 si-

677 966 1030 1022 militudinem
1069 971 1123 1016 et
1162 957 1463 1028 exemplum
1508 955 1936 1027 perfectissimus
1980 952 2070 1008 ille
2108 953 2230 1006 uni-

677 1069 950 1110 versorum
979 1050 1186 1107 Domini
1221 1048 1426 1118 Logos,
1480 1063 1588 1102 non
1631 1047 1695 1102 ad
1725 1047 1940 1100 modum
1967 1043 2228 1114 prolatitii

677 1146 940 1203 sermonis
972 1142 1318 1211 humani,qui
1351 1155 1381 1196 e
1408 1139 1624 1212 syllabis
1652 1147 1706 1192 et
1734 1136 1933 1202 verbis,
1967 1146 2022 1191 et
2051 1137 2229 1194 nomi-

681 1241 834 1294 nibus
857 1236 1226 1305 componitur,
1257 1234 1352 1287 sed
1390 1244 1641 1302 tanquam
1675 1230 1981 1300 unigenitus
2013 1230 2103 1283 Dei
2136 1229 2229 1283 Fi-

680 1331 780 1385 lius
810 1329 985 1392 vivus,
1013 1325 1328 1386 subsistens,
1357 1320 1698 1390 progreditur
1732 1321 1795 1374 de
1823 1319 2001 1374 Patris
2037 1319 2121 1374 sui
2151 1318 2233 1372 di-

676 1422 902 1477 vinitate
930 1429 984 1473 et
1028 1430 1230 1486 regno:
1264 1413 1456 1482 irrigat
1497 1420 1674 1466 autem
1720 1409 1981 1465 mundum
2008 1410 2230 1464 univer-

675 1529 793 1570 sum
829 1512 1049 1581 largiter
1081 1508 1146 1562 de
1178 1521 1235 1560 se
1259 1511 1545 1560 emanante
1578 1503 1712 1566 vita,
1754 1502 1987 1566 ratione,
2015 1501 2230 1569 sapien-

677 1609 775 1672 tia,
802 1605 942 1669 luce,
985 1584 1129 1657 omni
1174 1599 1336 1661 bono,
1373 1610 1400 1648 a
1443 1595 1600 1650 Patre
1632 1596 1846 1664 quidem
1889 1593 2228 1664 participato,

677 1702 732 1747 et
758 1688 1051 1762 procreatis
1083 1684 1330 1768 omnibus
1361 1682 1484 1737 inde
1515 1692 1884 1751 restagnante.
1941 1682 2042 1748 Qui
2072 1681 2233 1736 Pater

677 1796 796 1836 cum
827 1779 897 1833 sit
924 1792 1018 1847 per
1039 1778 1217 1831 omnia
1257 1772 1788 1845 inapprehensibilis,
1820 1772 2232 1841 incomprehen-

2328 607 2474 644 νουσι
2533 589 2827 658 ὡφελείας,
2871 584 2962 640 τὸν
3009 587 3052 639 δ’
3101 587 3278 656 ἀφανῆ
3337 587 3434 639 καὶ
3483 587 3724 657 ἀόρατον
3770 585 3902 650 νοῦν,

2327 682 2417 735 τὸν
2447 677 2512 753 δὴ
2551 682 2660 752 (65)
2708 679 2801 732 τοῦ
2835 680 2990 748 λόγου
3038 680 3248 752 πατέρα
3294 678 3473 742 οὐδεὶς
3509 676 3732 730 πώποτε
3781 673 3900 732 alae.

2329 773 2484 826 Κατὰ
2516 772 2582 825 τά
2633 771 2772 825 αὐτὰ
2803 771 2867 842 δὴ
2924 767 3118 841 μᾶλλον
3151 770 3207 823 δὲ
3246 771 3504 823 ἐπέκεινα
3560 768 3676 840 (64)
3729 769 3899 838 πάσης

2329 863 2532 926 εἰκόνος
2564 881 2622 916 τε
2671 865 2764 916 καὶ
2823 850 3319 934 παραδείγματοςὸ
3360 861 3455 913 τοῦ
3514 859 3898 929 παμϐασιλέως

2328 955 2462 1009 Θεοῦ
2510 955 2713 1017 τέλειος
2764 955 2964 1022 Λόγος,
3010 954 3070 1006 οὐ
3113 952 3254 1006 κατά
3301 952 3393 1006 τὸν
3431 953 3766 1024 προφορικὸν
3811 953 3900 1005 ἀν-

2331 1045 2560 1116 θρώπιον
2599 1040 2755 1113 λόγον
2790 1046 2854 1096 ἐκ
2890 1039 3164 1096 συλλαϐῶν
3203 1044 3298 1096 καὶ
3345 1041 3608 1113 ῥημάτων
3639 1043 3735 1096 καὶ
3784 1041 3898 1092 ὀνο-

2333 1135 2516 1206 μάτων
2547 1135 2920 1204 συγκείμενος,
2947 1129 3034 1187 οἶα
3061 1134 3120 1188 δὲ
3157 1134 3449 1204 μονογενὴς
3471 1133 3564 1186 τοῦ
3593 1132 3727 1186 Θεοῦ
3755 1127 3897 1194 Υἱὸς,

2331 1226 2438 1291 ζῶν
2471 1227 2563 1280 καὶ
2609 1223 2891 1294 ὑφεστὼς,
2940 1225 3150 1295 πρόεισι
3184 1226 3282 1296 μὲν
3323 1225 3425 1295 τῆς
3478 1224 3755 1295 πατρικῆς
3785 1220 3900 1276 θεό-

2329 1320 2489 1388 τητός
2536 1336 2595 1371 τε
2630 1319 2722 1372 καὶ⁵
2775 1317 3082 1388 βασιλείας,
3133 1318 3355 1387 ἑπάρδει
3396 1316 3451 1370 δὲ
3502 1316 3580 1387 τῷ
3629 1317 3903 1387 σύμπαντι

2332 1410 2518 1481 κόσμῳ
2547 1409 2645 1474 τάς
2676 1409 2734 1474 ἐξ
2765 1409 2932 1462 αὐτοῦ
2974 1408 3235 1480 χορηγίας
3285 1408 3428 1478 ζωῆς
3477 1408 3573 1462 καὶ
3605 1407 3764 1476 λόγου
3813 1407 3906 1460 καὶ

2334 1502 2521 1570 σοφίας
2552 1501 2643 1555 καὶ
2688 1502 2862 1569 φωτὸς
2887 1502 2980 1554 καὶ⁵
3012 1500 3210 1564 παντὸς
3236 1499 3439 1568 ἀγαθοῦ
3476 1499 3768 1570 μετουσίας
3794 1501 3903 1561 τοῖς

2330 1596 2608 1662 γεννητοῖς
2640 1593 2810 1647 ἅπασι
2846 1592 3233 1662 ὲπιλιμνάξων,
3259 1591 3350 1644 τοῦ
3384 1591 3596 1662 Πατρὸς
3626 1591 3725 1644 καὶ
3768 1582 3902 1642 Θεοῦ

2331 1685 2436 1738 τῶν
2462 1687 2596 1738 ὅλων
2629 1687 2880 1738 ἐπέκεινα
2916 1685 3064 1748 ὄντος
3101 1684 3342 1755 ἀλήπτου
3379 1702 3437 1736 τε
3482 1685 3573 1736 καὶ
3617 1684 3901 1754 ἀχωρήτου

2329 1779 2441 1839 τοῖς
2471 1779 2624 1840 πᾶσι,
2655 1776 2795 1830 κατά
2835 1777 2926 1829 τὸν
2971 1775 3150 1845 ἀφανῆ
3193 1777 3286 1828 καὶ
3319 1776 3545 1846 ἀόρατον
3588 1775 3738 1834 νοῦν,
3773 1774 3900 1842 παρ’

677 1873 868 1935 sibilis,
894 1871 959 1924 ad
987 1869 1198 1923 modum
1225 1867 1367 1921 illius
1397 1866 1593 1920 mentis
1617 1864 1904 1918 invisibilis
1931 1879 2034 1918 non
2068 1876 2227 1933 appa-

2333 1866 2360 1917 ὃ
2387 1866 2480 1920 καὶ
2517 1885 2535 1916 ι
2568 1865 2682 1935 φῶς
2713 1867 2874 1920 οἰκῶν
2901 1868 3191 1937 ἀπρόσιτον
3221 1885 3240 1919 ι
3279 1867 3544 1919 λέλεκται.
3580 1865 3724 1918 Ἀλλ’
3749 1867 3780 1918 ὁ
3812 1865 3904 1933 μὲν

665 1963 865 2025 sentis,
895 1959 1058 2031 (unde
1081 1969 1136 2014 et
1166 1958 1338 2013 lucem
1371 1959 1566 2012 dicitur
1593 1956 1896 2010 inhabitare
1926 1955 2229 2024 incompre-

677 2053 993 2112 hensibilem
1025 2061 1078 2105 et
1111 2049 1460 2114 inaccessam)
1513 2047 1894 2102 inaccessibiiis
1923 2056 2026 2112 est,
2059 2057 2109 2101 et
2147 2047 2231 2100 in-

674 2138 1170 2210 comprehensibilis
1212 2137 1455 2190 omnibus
1506 2146 1559 2190 et
1606 2136 1824 2205 singulis
1861 2138 2079 2191 omnino
2113 2147 2231 2191 est:

676 2244 740 2288 at
762 2235 846 2288 ille
875 2231 1041 2285 Filius
1069 2243 1278 2297 nempe,
1309 2230 1522 2305 cumsit
1553 2231 1604 2281 in
1639 2230 1933 2298 propinquo
1968 2229 2121 2284 nobis
2141 2243 2233 2296 po—

674 2326 810 2381 situs
857 2338 949 2393 per
998 2320 1253 2389 Spiritum
1295 2322 1375 2375 sui
1434 2320 1645 2386 Patris,
1700 2321 1961 2390 gubernat
2012 2323 2229 2374 omnia:

675 2419 926 2486 quocirca
961 2429 1064 2468 non
1103 2414 1298 2468 dicitur
1339 2413 1404 2466 de
1446 2410 1640 2474 Patre,
1679 2411 1771 2466 sed
1829 2411 1894 2466 de
1948 2410 2116 2474 Filio,
2168 2411 2231 2465 In

673 2508 867 2560 mundo
893 2515 1038 2569 erat,
1091 2513 1138 2558 et
1182 2504 1404 2556 mundus
1446 2519 1535 2568 per
1565 2502 1712 2554 illum
1760 2502 1930 2569 {actus
1973 2513 2045 2555 est
2070 2503 2109 2556 ⁸.
2142 2504 2229 2557 Ille

675 2606 851 2650 autem
882 2606 998 2651 erat
1026 2609 1184 2664 super
1211 2594 1391 2647 omnia
1437 2592 1594 2645 Pater
1647 2601 1702 2646 et
1746 2593 2023 2657 universa,
2057 2593 2227 2646 lucem

676 2686 926 2738 habitans
954 2684 1278 2737 inaccessam
1309 2681 1405 2734 iste
1433 2695 1528 2748 per
1553 2681 1758 2746 omnia,
1792 2691 1844 2735 et
1885 2682 1933 2735 in
1961 2684 2227 2748 omnibus,

674 2775 1045 2845 gubernatrice
1080 2788 1173 2826 sua
1213 2773 1491 2840 praesentia
1529 2787 1866 2841 permanens,
1913 2784 1970 2826 ut
2002 2774 2100 2827 ista
2134 2789 2223 2827 so—

2333 1959 2624 2030 ἀπρόσιτος
2657 1961 2748 2012 καὶ
2803 1959 3082 2030 ἀχώρητος
3132 1960 3214 2029 εἴη
3251 1958 3317 2011 ἂν
3362 1960 3473 2019 τοῖς
3522 1958 3691 2009 πᾶσιν
3721 1957 3750 2008 ό
3799 1957 3904 2008 Πα-

2331 2051 2452 2122 τὴρ,
2480 2053 2507 2103 ό
2533 2051 2590 2103 δὲ
2633 2054 2743 2114 τοῖς
2783 2052 2944 2104 πᾶσιν
2985 2051 3203 2118 ἐγγίων,
3244 2050 3338 2104 ἀτε
3371 2049 3434 2120 δή
3469 2048 3580 2119 (65)
3614 2048 3681 2102 τὰ
3727 2049 3902 2101 πάντα

2329 2139 2578 2209 πατρικῷ
2631 2140 2860 2210 νεύματι
2927 2139 3324 2209 διακυϐερνῶνσ
3381 2137 3461 2190 διὸ
3514 2138 3574 2190 οὐ
3630 2138 3762 2209 περὶ
3813 2136 3903 2189 τοῦ

2329 2229 2556 2300 Πατρὸς,
2583 2231 2710 2301 περὶ
2735 2231 2790 2283 δὲ
2818 2229 2909 2282 τοῦ
2938 2230 3064 2282 Υἰοῦ
3093 2231 3340 2283 λέλεκται
3371 2231 3566 2292 τὺ,Ἐν
3592 2229 3674 2294 τῷ
3703 2232 3908 2298 κόσμῳ

2325 2314 2420 2387 ἦν,
2475 2320 2573 2372 καὶ
2613 2323 2646 2372 ό
2692 2321 2920 2389 κόσμος
2947 2320 3021 2372 δι’
3065 2318 3250 2375 αὐτοῦ
3299 2321 3556 2390 ἐγένετο.
3606 2323 3719 2374 Καὶ
3748 2323 3776 2373 ό
3812 2321 3908 2390 μὲν

2326 2409 2578 2464 ἐπέκεινα
2616 2407 2683 2480 ἦν
2717 2411 2822 2463 τῶν
2869 2413 3026 2478 ὅλων,
3069 2413 3163 2466 καὶ
3211 2412 3351 2483 ὑπὲρ
3404 2412 3581 2465 πάντα
3620 2411 3758 2482 (66).
3798 2411 3908 2481 φῶς

2326 2502 2489 2554 οἰκῶν
2537 2505 2864 2573 ἀπρόσιτον·
2895 2507 2924 2559 ό
2951 2504 3008 2557 δὲ
3043 2505 3132 2558 διά
3164 2505 3378 2558 πάντων
3413 2508 3509 2558 καὶ
3550 2506 3610 2556 ὲν
3644 2507 3782 2558 πᾶσι
3815 2523 3884 2574 κη

2323 2592 2581 2665 δημονικῇ
2609 2596 2810 2665 διήκων
2844 2595 3097 2667 προνοίαο
3135 2595 3242 2667 (67)
3277 2596 3350 2659 ὡς
3389 2597 3530 2649 κατὰ
3557 2597 3720 2649 τοῦτο
3755 2596 3912 2666 μόνον

2325 2683 2482 2734 αὑτὸν
2507 2701 2568 2735 συ
2578 2685 2904 2753 μ6ἀλλεσθαι
2925 2686 3022 2755 τὴν
3043 2686 3132 2739 τοῦ
3155 2687 3492 2757 ἀνθρωπείου
3515 2687 3678 2754 λόγου
3707 2687 3912 2740 εἰκόνα.

2343 2773 2503 2826 Ἀλλά
2540 2777 2645 2845 γὰρ
2691 2775 2892 2829 τούτων
2922 2779 3050 2847 ἡμῖν
3080 2777 3560 2848 ἀποδεδειγμένων,
3597 2778 3749 2842 εἰκός
3796 2795 3918 2832 τινα

678 2865 944 2920 lummodo
975 2863 1199 2925 ratione,
1229 2861 1405 2939 imago
1429 2862 1515 2916 illa
1545 2861 1690 2916 verbi
1726 2863 1966 2926 humani,
2000 2863 2052 2916 in
2079 2863 2224 2916 illum

2331 2863 2438 2915 τῶν
2465 2865 2778 2936 φιλομαθῶν
2809 2870 3034 2939 ἐρωτᾷν.

673 2970 966 3027 cuiigruere
996 2937 1392 3009 videaturfllis
1428 2955 1498 3008 ita
1549 2969 1640 3022 per
1706 2968 1802 3008 nos
1875 2953 2272 3019 demonstratis,
2342 2962 2517 3011 tamen
2569 2958 2831 3028 quispiam
2887 2937 3026 3014 forte
3078 2959 3315 3016 discendi
3379 2960 3608 3030 cupidus
3683 2961 3922 3016 interro-

675 3061 844 3122 garet.

1283 3143 1432 3199 CAP.
1472 3143 1653 3198 XVlll.

2963 3143 3120 3195 ΚΕΦ.
3162 3140 3266 3195 lll’.

677 3237 786 3292 Cur
826 3254 882 3290 in
917 3234 1482 3308 prrncipio__Et_:angelii
1530 3236 1612 3287 sui
1661 3235 1974 3308 evangelista
2031 3233 2227 3290 Filium

2328 3236 2435 3290 Διὰ
2469 3237 2525 3288 τί
2554 3233 3046 3308 Λόγον-ὠνόμασε
3074 3236 3178 3308 τόν
3213 3235 3348 3308 rida-
3380 3237 3414 3287 ὁ
3451 3237 3915 3308 stringite-tne,

1167 3303 1386 3356 Verbum
1417 3307 1744 3359 nominavit?
1793 3303 1806 3306 ⁷

2609 3305 2941 3372 ἀρχόμενος
2974 3305 3082 3371 τῆς
3108 3305 3326 3357 ἑαυτοῦ
3349 3303 3585 3374 neas-orig;
3609 3303 3626 3371 ξ

745 3397 880 3463 Quid
911 3410 1081 3451 causae
1113 3394 1308 3456 fuerat,
1339 3395 1476 3462 quod
1523 3397 1805 3450 exordiens
1847 3411 2000 3451 suum
2036 3397 2226 3452 librum

2399 3397 2494 3447 Διὰ
2523 3395 2572 3447 τί
2609 3395 2664 3446 δὲ
2695 3395 2786 3446 τόν
2835 3397 3091 3464 μονογενῆ
3119 3395 3244 3448 Υίδν
3284 3396 3376 3448 τοῦ
3407 3397 3563 3461 Θεοῦ,
3609 3400 3916 3471 ἀρχόμενος

675 3488 994 3556 evangelista
1050 3492 1107 3548 »Β
1149 3485 1304 3540 Verbi
1355 3488 1608 3552 nomine,
1659 3487 1848 3540 Filium
1899 3489 2224 3558 unigenitum

2329 3487 2428 3556 τῆς
2469 3485 2660 3540 ἑαυτοῦ
2704 3487 2925 3557 γραφῆς
2950 3527 2964 3551 ,
2993 3491 3020 3540 ό
3062 3488 3446 3556 εὐαγγελιστὴς
3487 3489 3659 3559 Λόγον
3702 3492 3914 3560 ἀνεφώ-

672 3578 1012 3635 nominavit?
1050 3577 1145 3630 Cui
1193 3579 1602 3643 respondemus,
1647 3577 1747 3631 hnc
1793 3580 1958 3633 fuisse
2008 3580 2224 3645 factum,

2326 3594 2487 3647 νησε;
2530 3577 2668 3647 Πρὸς
2709 3576 2767 3628 ὃν
2801 3577 3062 3648 ἐροῦμεν·
3096 3576 3219 3631 Ὅτι
3258 3579 3345 3631 διὰ
3385 3580 3485 3642 τὰς
3523 3582 3911 3652 ἀνακρόπτους

673 3678 889 3740 promer
918 3669 1160 3722 abstrusa
1195 3668 1259 3721 de
1286 3667 1376 3722 illo
1408 3667 1534 3721 olim
1559 3669 1805 3723 vaticinia
1839 3689 1850 3724 :
1883 3687 2001 3726 cum
2032 3671 2226 3741 ubique

2328 3668 2493 3721 πάλαι
2550 3668 2674 3738 περὶ
2718 3668 2884 3720 αὑτοῦ
2942 3669 3276 3739 προφητείας
3342 3669 3486 3740 (68)⁶
3525 3671 3716 3742 ἐπειδὴ
3762 3672 3905 3744 γὰρ,

671 3763 865 3831 legitur
900 3775 992 3829 per
1034 3759 1317 3828 prophetas
1362 3774 1579 3824 omnes,
1604 3755 1834 3815 "Verbum
1870 3764 2095 3818 Domini.
2133 3764 2222 3820 Sic

2328 3759 2411 3826 ἐφ’
2443 3758 2653 3828 ἑκάστῳ
2686 3760 2959 3831 προφήτῃ,
2983 3760 3169 3828 Λόγος
3202 3761 3435 3828 Κυρίου,
3461 3780 3479 3811 ‹
3507 3759 3568 3824 ὃς
3599 3764 3855 3834 ἐγενήθη,
3886 3782 3903 3814 ι

672 3852 811 3920 apud
853 3851 1039 3903 Isaiam
1084 3850 1278 3904 dicitur
1326 3853 1376 3903 in
1424 3853 1706 3924 principio,
1750 3855 1973 3909 Verbum
2012 3857 2220 3910 Domini

2332 3849 2481 3917 φέρε,
2512 3849 2658 3916 πρὸς
2688 3850 2957 3915 Ἡσαΐαν,
2989 3850 3219 3921 εἴρηται,
3270 3852 3362 3904 καὶ
3390 3851 3546 3920 ἀρχὴ
3574 3855 3772 3922 Λόγου
3799 3855 3905 3922 (69)

671 3948 737 3994 ad
782 3942 977 3993 Isaiam
1010 3942 1052 3992 9.
1090 3939 1178 3994 Sic
1207 3942 1271 3994 ad
1319 3941 1515 3996 Oscam
1545 3946 1623 4009 ¹⁰”’,
1673 3951 1738 3997 ad
1775 3946 1887 3999 Jot-l
1923 3944 1999 4000 “:
2044 3947 2107 4000 Et
2143 3949 2225 4015 fa—

2334 3942 2552 4008 Κυρίου
2599 3943 2667 3993 ἐν
2712 3941 2902 4009 Ὠσηὲ,
2940 3944 3032 3995 καὶ
3071 3944 3259 4011 Λόγος
3305 3945 3524 4009 Κυρίου
3567 3945 3622 4006 ὃς
3673 3946 3903 4014 ἐγενήθη

672 4036 810 4077 ctum
844 4032 917 4075 est
959 4022 1179 4076 Verbum
1228 4024 1430 4078 Domini
1469 4027 1536 4079 ad
1565 4028 1757 4081 Jonam
1789 4031 1853 4091 ”,
1904 4031 1973 4083 ita
2026 4033 2090 4084 ad
2128 4032 2226 4084 Mi-

2335 4033 2469 4102 πρὸς
2520 4033 2690 4102 Ἰωήλ,
2729 4033 2823 4085 καὶ
2850 4032 3082 4102 ἐγένετο
3113 4036 3299 4101 Λόγος
3327 4035 3549 4100 Κυρίου
3607 4037 3758 4102 πρὸς
3803 4037 3905 4089 ἰω-

671 4116 873 4168 cita-am
911 4114 974 4176 ⁸³,
1021 4123 1073 4167 et
1120 4115 1362 4168 similiter
1403 4118 1468 4170 ad
1514 4124 1801 4189 prophetas
1838 4122 1969 4187 alios
2008 4123 2224 4188 dicitur,

2334 4122 2467 4184 mir,
2497 4124 2589 4174 καὶ
2630 4125 2760 4194 πρὸς
2787 4124 3042 4193 Μιχαίαν,
3073 4123 3269 4195 ὁμοίως
3314 4125 3405 4176 καὶ
3444 4125 3576 4194 πρὸς
3627 4128 3756 4189 τοὺς
3794 4127 3902 4179 λοι-

671 4206 866 4267 factum
917 4203 1156 4259 Verbum.
1213 4203 1389 4261 Voluit
1417 4222 1567 4262 sacra
1601 4212 1687 4264 hic
1723 4210 1998 4278 Scriptura
2038 4230 2224 4268 neces-

2333 4216 2468 4277 ποὺς
2511 4217 2787 4285 προφήτας
2836 4213 3223 4294 παραπλησίως
3265 4217 3347 4283 ἐφ’
3395 4217 3609 4286 ἑκάστῳ
3650 4219 3900 4288 προφήτῃ

670 4295 813 4349 sario
843 4294 1053 4363 quidem
1094 4303 1146 4350 et
1189 4306 1372 4350 exacte
1409 4298 1708 4366 signiﬁcare
1734 4339 1748 4363 ,
1793 4303 1931 4370 quod
1973 4304 2025 4356 in
2081 4305 2225 4359 nullo

2330 4307 2410 4371 τὸ,
2440 4304 2670 4375 ἐγένετο
2713 4309 3049 4378 προσέκειτο,
3080 4309 3180 4377 τῆς
3209 4308 3355 4370 θείας
3402 4307 3626 4379 Γῳφῆς
3658 4310 3901 4381 ἀκριϐῶς

747 4484 922 4559 ξΙῙΕξιΙ.
953 4486 1146 4559 Par_is.,
1179 4499 1295 4554 pag.
1328 4484 1446 4538 129.
1567 4484 1587 4514 ⁸
1619 4484 1774 4538 Joan.
1810 4501 1847 4549 ι,
1902 4485 1985 4538 10.
2099 4487 2118 4516 θ
2155 4487 2227 4540 [sa

2328 4491 2424 4551 ,1.
2546 4490 2588 4520 ¹⁰
2620 4489 2746 4545 Ose.
2794 4489 2918 4557 Ι,1.
3017 4489 3057 4519 “
3089 4487 3203 4544 .loel
3243 4504 3283 4554 ι,
3319 4490 3370 4543 1.
3471 4487 3700 4546 "Jonas
3732 4509 3786 4559 t,
3842 4495 3894 4547 1.

672 4551 714 4581 ⁸³
748 4554 908 4608 Miclt.
942 4571 996 4621 ι,
1041 4556 1090 4609 1.

737 4690 852 4758 (65)
884 4689 1049 4759 Vulgo
1075 4689 1150 4740 δέ.

736 4755 847 4830 (64)
881 4755 1050 4830 Vulgo
1074 4759 1116 4811 δ’
1152 4757 1286 4830 αὑτά
1408 4755 1601 4830 μᾶλλον
1631 4756 1908 4830 ἐπέκεινα.

736 4827 846 4899 (65)
880 4827 1047 4895 Vulgo
1072 4831 1104 4882 ἆ
1134 4844 1191 4878 τε
1216 4827 1291 4879 δέ.
1323 4827 1436 4880 510x
1473 4827 1626 4893 vulgo
1654 4828 1903 4898 πατρικῷ
1919 4828 2212 4899 πνεύματι,

661 4905 724 4951 at
750 4898 818 4952 cl‘.
845 4915 896 4965 p.
921 4900 1023 4952 164
1058 4899 1118 4952 1).

765 4967 854 5037 66)
882 4967 1046 5037 Vulgo
1072 4969 1306 5020 πάντων.

765 4973 854 5037 66)
882 4973 1046 5037 Vulgo
1072 4973 1306 5020 πάντων.

738 4973 1202 5106 έθηῐιαρουσία.
1262 5035 1351 5090 Vel
1404 5033 1628 5104 προνοία
1665 5030 1827 5103 [quod
1881 5038 2034 5091 codd.
2092 5040 2222 5092 dant

1567 4484 1587 4514 ⁸
1619 4482 1774 4538 Joan.
1810 4501 1847 4549 ι,
1902 4485 1985 4538 10.
2099 4487 2118 4516 θ
2155 4487 2254 4540 lsa.
2286 4505 2341 4551 tt,
2376 4491 2424 4543 1.

2255 4695 2297 4749 D
2329 4693 2466 4762 ρίου,
2502 4710 2598 4750 nec
2626 4695 2693 4749 ab
2725 4695 2812 4761 iis,
2837 4709 2973 4765 quos
2995 4702 3398 4765 commemorat,
3433 4696 3498 4748 ad
3523 4709 3644 4748 eum
3679 4699 3895 4751 modum

2326 4779 2486 4854 quem
2536 4763 2962 4854 commemorat;
3026 4765 3162 4833 apud
3193 4763 3390 4854 'Oseam
3421 4766 3895 4854 legitur,vAé'I-oc

2322 4835 2561 4907 ξιφίου,
2615 4835 2680 4898 ὃς
2705 4833 2957 4904 ἐγενήθη
2976 4873 2991 4896 ,
3027 4850 3144 4907 Διιοιι
3174 4835 3265 4907 καὶ
3308 4834 3449 4907 ἀρχὴ
3481 4836 3637 4902 λόγου
3666 4833 3894 4907 Κυρίου.

2324 4904 2625 4976 Etittlsaia
2667 4920 2784 4974 cap.
2821 4920 2883 4965 ιι,
2922 4904 3149 4976 legitur.
3193 4905 3250 4957 Ὀ
3286 4904 3479 4973 Λόγος,
3527 4907 3557 4957 ό
3603 4904 3895 4976 γενόμενος

2323 4973 2457 5043 πρὸς
2481 4973 2743 5027 Ἡσαΐαν.
2769 4973 3191 5039 ῡοίῐιάθίροόειί
3229 4986 3414 5028 noster
3435 4973 3766 5039 depravatus
3790 4989 3893 5030 e~t.

2324 5041 2453 5116 Nam
2502 5046 2772 5116 quomodo
2830 5045 2948 5116 hzec
2991 5045 3306 5116 cohzerent?
3358 5045 3577 5116 Ἐπειδὴ
3627 5045 3749 5116 ,γὰρ
3809 5048 3894 5114 ἐφ’

2325 5113 2555 5195 ὲκάστερ.
2589 5115 2847 5195 προφήτῃ
2895 5112 3048 5180 λόγος
3075 5112 3301 5195 ..Κυρίου
3327 5131 3339 5142 ·
3369 5114 3428 5178 ὃς
3447 5112 3894 5195 ιὲγενήθήξςρέρε,

2323 5183 2460 5256 πρὸς
2496 5183 2742 5256 Ἡσαΐαν,
2778 5183 3236 5256 ..εἴρητοιανῑυτιυΔ
3271 5186 3577 5256 legendum.
3604 5183 3612 5187 ’
3639 5183 3896 5256 Ἐπειδὴ

2321 5253 2415 5328 ἐφ’-
2434 5253 2646 5328 ἑκάστῳ
2676 5252 2860 5328 σχεδὸν
2886 5252 3138 5328 προφήτῃ
3176 5252 3416 5328 φέρεται,
3461 5254 3620 5328 λόγος
3668 5252 3891 5328 Κυρίου,

2318 5322 2672 5396 semei.
2689 5325 2761 5396 ὡς
2786 5325 2910 5396 παρ’
2940 5322 3340 5396 Ἠταὲᾁελόγος
3371 5328 3398 5396 β
3423 5327 3726 5396 γενόμενος
3757 5322 3894 5396 ἱρὸς

1279 5398 1341 5463 us
1388 5392 1713 5468 .nominassle
1788 5392 2214 5468 quam-lilium,
2321 5392 2688 5468 ςΗσαϊρινριαὶ
2721 5395 2775 5468 ἐν
2821 5395 2961 5468 ἀρχῇ
3005 5392 3331 5468 τοῦςλὯσηὲ,
3361 5393 3535 5468 λόγος
3568 5392 3894 5468 ’Κυρίου,’ὃς

669 5454 1456 5532 pro_pter_vet_erumnvaticinia,
1494 5456 1554 5532 i_n_
1585 5454 1777 5532 quibus
1803 5470 1896 5532 per
1926 5457 2071 5532 illam
2106 5459 2215 5532 l'o_r-
2317 5454 2568 5532 ἐγενήθη.
2606 5464 2754 5528 Quod
2785 5454 2974 5524 ιιίιζῖιῖι
3036 5463 3178 5516 nullo
3224 5454 3615 5532 prophetarum
3668 5454 3890 5527 dictum,

670 5523 865 5603 mulam
890 5521 1118 5603 Verbum
1135 5523 1348 5603 Domini
1385 5523 1785 5603 signiﬁcabatur
1805 5521 1913 5578 hoc
1943 5527 2132 5594 ipsum.
2155 5525 2211 5603 in
2329 5521 2551 5603 Verbum
2574 5521 2782 5603 Domini
2813 5521 2948 5600 (μιοά
2967 5534 3024 5603 in
3049 5550 3146 5597 me,
3175 5521 3268 5587 sed
3297 5521 3445 5603 q'uod
3479 5535 3683 5590 factum
3703 5549 3774 5591 est
3801 5521 3890 5597 ad,

669 5591 860 5649 quibus
888 5591 1215 5662 rrecitandis,
1256 5591 1337 5662 vel
1398 5595 1566 5662 codex
1617 5601 1698 5645 est
1745 5591 2086 5662 depravatus,
2130 5596 2212 5648 vel
2315 5611 2440 5662 etc.,
2477 5602 2667 5654 falsum
2698 5591 2926 5654 videtur.
2966 5602 3034 5656 Μ.

674 5661 931 5750 meritoria
960 5662 1144 5750 lapsus
1170 5671 1250 5714 est
1283 5659 1565 5750 Eusebius],
1586 5662 1667 5750 vel
1695 5659 2002 5750 utrumque.
2037 5665 2220 5750 Neque

2369 5659 2507 5750 '(69)
2543 5672 2704 5740 Vulgo
2738 5673 2876 5742 ἀρχῇ
2911 5670 3065 5741 λόγος
3095 5681 3148 5728 ct
3179 5671 3319 5728 infra
3348 5691 3444 5744 πρ.
3474 5676 3570 5730 καὶ
3610 5675 3893 5750 παραπλη⁴

668 5731 808 5783 enim
847 5731 1162 5798 ὲφ“ἑκάστῳ
1200 5731 1450 5800 προφήτῃ
1519 5732 1717 5785 dictum
1775 5743 1855 5786 est
1908 5734 2072 5801 Λόγος
2115 5731 2226 5787 Κυ-
2330 5731 2475 5801 σίὼς.

667 5105 895 5175 ideoque
931 5106 1230 5177 rescripsi],
1257 5114 1487 5177 utraque
1512 5105 1677 5177 lectio
1739 5108 2052 5177 tolerabilis.
2111 5110 2222 5164 Sed

662 5174 946 5242 legendum
973 5178 1151 5230 statim
1179 5174 1321 5244 αὐτῷ
1350 5174 1762 5243 συμϐάλλεσθαι.
1795 5175 1866 5229 Μ.

739 5245 851 5314 (68)
892 5246 994 5299 Διὰ
1033 5246 1144 5309 τὰς
1181 5246 1595 5314 ἁνακρῷπτους
1633 5245 1816 5298 πάλαι
1851 5247 1981 5314 περὶ
2033 5247 2218 5301 αὑτοῦ

667 5313 1048 5381 προφητείας.
1071 5315 1177 5368 Hoc
1201 5314 1329 5385 vult,
1363 5313 1619 5367 Joannem
1660 5313 1711 5366 in
1747 5313 2013 5385 principio
2051 5319 2221 5371 Evan-

669 5385 818 5446 gelii,
873 5385 1101 5438 Verbum
1164 5384 1340 5452 potius
1409 5384 1713 5437 nominasse
1788 5383 1946 5453 quam
1994 5383 2214 5452 Filium,
