4106 6430
228 441 338 500 ﬁll

1168 450 1259 507 DE
1286 445 1833 508 ECCLESIASTICA
1885 444 2284 503 TllEOLOGlA
2332 443 2464 500 LIB.
2506 442 2566 500 ΙΙ.

1925 36 2272 50 r—Jutc-u-L-un—L.
2289 36 2300 46 ἰ
2319 35 2380 48 ...ιι
2399 35 2434 46 -¹-.

3428 445 3537 502 9ιὲ

226 561 334 614 καὶ
369 562 697 635 ἀναγκαίως
738 565 1258 642 ὲπισημαινομένης,
1299 569 1466 634 ὡς’ὲν
1510 568 1688 624 οὐδενὶ
1726 566 1821 621 τῶι

1942 565 2324 635 prophetarum
2381 567 2699 630 exsulabat,
2733 564 2873 634 quod
2919 563 2986 619 ad
3019 563 3311 635 quemlibet
3343 578 3532 621 corum

224 654 554 728 προφητῶν
578 656 673 731 ἦν,
700 660 833 716 ἀλλὰ
858 663 978 717 καθ’
1004 663 1235 718 ἕκαστον
1257 663 1530 734 ἐγίγνετο
1555 662 1666 735 (70)
1697 662 1835 733 πρὸς

221 740 291 799 ὃν
327 749 365 820 ἡ
409 751 653 806 ἑκάστου
689 754 949 827 δύναμις,
985 757 1071 811 οἶα
1118 775 1178 810 τε
1216 753 1285 829 ἦν
1343 759 1562 829 χωρεῖν,
1597 755 1837 830 προσιὼν

218 840 375 912 αὐτῇ
423 845 530 898 καὶ
559 849 622 916 τῇ
671 847 899 903 ἑκάστου
934 849 1080 922 ψυχῇ
1119 850 1180 904 τὸ
1209 851 1544 922 κατάλληλον
1577 847 1835 920 παρέχων

215 927 286 993 ἐξ
321 932 508 986 αὑτοῦ
542 936 755 1008 πνεῦμα
781 941 875 995 καὶ
902 942 1092 1013 νοερὰν
1121 939 1344 1006 εἰκότως
1372 939 1465 996 ἐπὶ
1500 942 1595 996 τοῦ
1631 943 1835 1014 παρόν-

211 1035 316 1083 τος
348 1022 382 1073 ό
424 1024 862 1103 εὐαγγελιστὴς,
912 1033 1006 1086 τοῦ
1047 1031 1223 1104 Λόγου
1288 1035 1496 1107 μέλλων
1546 1036 1834 1105 εὐαγγελίο

211 1107 425 1175 ζεσθαι
490 1119 824 1192 οἰκονομίαν,
876 1123 975 1178 οὐκ
1029 1125 1106 1179 ἔθ’
1153 1127 1356 1199 ὁμοίως
1415 1131 1528 1193 τοῖς
1585 1129 1835 1194 παλαιοῖς

209 1211 531 1276 γεγονέναι
589 1215 749 1271 αὑτὸν
810 1218 995 1291 ἕτερόν
1045 1218 1160 1290 (71)
1222 1238 1344 1276 τινα
1400 1221 1669 1287 διδάσκει,
1718 1222 1834 1276 ἀλλ’

209 1297 397 1385 αὐτὸν
453 1303 641 1376 σάρκα
679 1308 1023 1381 ἀνειληςοέναι
1061 1313 1155 1366 καὶ
1187 1312 1474 1385 ἄνθρωπον
1519 1313 1830 1382 γεγονέναι’

209 1383 324 1442 εἴτ’
351 1392 560 1467 ἐπειδὴ
593 1397 689 1470 τὴν
730 1400 810 1463 εἰς
850 1399 1168 1473 ἀνθρώπους
1211 1383 1378 1458 αὐτοῦ
1419 1403 1686 1476 σωτήριον
1722 1409 1834 1468 τοῖς

209 1482 398 1536 πᾶσιν
438 1486 680 1558 πάροδον
715 1491 1002 1562 κηρύττειν
1033 1493 1282 1564 ἔμελλεν,
1321 1495 1449 1566 ἑξῆς
1486 1490 1679 1565 λέγων,
1721 1495 1831 1549 Καὶ

209 1573 250 1625 ὁ
294 1576 511 1644 Λόγος
547 1579 702 1649 σὰρξ
731 1582 986 1652 ἐγένετο,
1016 1586 1113 1640 καὶ
1156 1584 1516 1652 ἐσκήνωσεν
1556 1587 1625 1639 ἐν
1664 1587 1828 1656 ἡμῖν,

207 1663 559 1735 ἀναγκαίως
595 1673 686 1726 ἐπὶ
722 1674 819 1746 τὴν
872 1678 1045 1750 ἀρχὴν
1073 1674 1381 1752 ἀνατρέχει,
1427 1679 1518 1732 τὸν
1555 1679 1683 1750 χθὲς
1734 1680 1829 1733 καὶ

207 1755 427 1829 πρώην
471 1763 827 1834 σαρκωθέντα
879 1769 1051 1837 Λόγον
1095 1772 1179 1833 τίς
1226 1789 1357 1825 ποτε
1401 1767 1470 1844 ἦν
1520 1773 1614 1825 καὶ
1647 1773 1831 1837 ὁποῖος

205 1846 485 1915 δεικνύςο
535 1853 774 1925 θεολογεῖ
800 1876 859 1912 τε
899 1861 1083 1925 αὑτὸν,
1121 1859 1255 1934 ὁμοῦ
1292 1863 1390 1936 τὴν
1433 1863 1634 1934 γνῶσιν
1666 1864 1829 1918 αὑτοῦ

206 1943 315 2030 καὶ
351 1943 464 2015 τὴν
499 1949 582 2010 είς
611 1949 932 2022 ἀνθρώπους
963 1953 1282 2024 θεοφάνειαν
1321 1956 1824 2030 εὐαγγελιζόμενος,

206 2027 344 2099 εἶθ’,
379 2036 465 2101 ὼς
504 2039 615 2095 τῶν
643 2043 909 2110 παλαιῶν,
948 2047 1012 2098 ὲκ
1050 2045 1157 2100 τῶν
1191 2045 1351 2104 θείων
1383 2027 1827 2121 ἀναγνωσμάτων

208 2129 748 2202 προμεμαθηκότων
774 2137 866 2190 τὸν
895 2139 979 2207 ἐφ’
1003 2138 1218 2212 ἑκάστῳ
1250 2143 1507 2215 προφήτῃ
1533 2138 1826 2213 γενόμενον

205 2216 428 2286 Λόγον,
479 2224 648 2288 αὐτὰ
691 2227 790 2300 τὴν
841 2229 1121 2301 θειοτέραν
1171 2233 1265 2286 καὶ
1324 2233 1599 2307 ἐξαίρετον
1651 2235 1826 2306 ἀρχὴν

206 2307 394 2362 αὐτοῦ
469 2313 767 2384 κηρύττει,
827 2319 893 2390 ἢν
940 2320 1118 2386 οὐδεὶς
1167 2324 1461 2394 προφητῶν
1520 2321 1825 2396 ἀνθρώποις

204 2402 459 2472 γυμνῶς
515 2406 656 2462 οὕτω
734 2412 828 2465 καὶ
889 2413 1370 2487 ἀπαρακαλύπτως
1431 2418 1675 2488 ἐξέφηνε.
1735 2414 1825 2470 Διό

208 2498 451 2570 μεγάλῃ
493 2505 644 2574 φωνῇ
677 2509 789 2569 τοῖς
816 2508 950 2560 πᾶσι
979 2504 1038 2561 τὸ
1066 2507 1283 2580 λεληθὸς
1314 2508 1406 2563 καὶ
1439 2508 1667 2583 κρύφιον
1696 2511 1824 2581 περὶ

202 2586 310 2640 τοῦ
355 2591 544 2660 Λόγου
597 2598 897 2669 μυστήριον
945 2601 1274 2673 παραδιδοὺς
1324 2602 1452 2657 esea
1495 2601 1688 2673 λέγων’
1729 2601 1825 2656 Ἐν

203 2676 385 2766 ἀί)ζῆ
450 2677 533 2753 ἦν
577 2687 610 2739 ὀ
656 2688 877 2757 Λόγος,
933 2694 1032 2747 καὶ
1066 2697 1099 2747 ὀ
1150 2695 1341 2764 Λόγος
1389 2691 1468 2766 ἦν
1515 2697 1665 2765 πρὸς
1715 2696 1824 2750 τὸν

207 2765 397 2832 Θεὸν,
449 2771 549 2824 καὶ
598 2775 744 2841 Θεὸς
791 2773 871 2847 ἦν
910 2782 942 2832 ὀ
980 2781 1193 2850 Λόγος.
1252 2765 1454 2836 Πάντα
1516 2782 1592 2836 δι’
1635 2781 1822 2837 αὐτοῦ

204 2854 492 2925 ἐγένετο,
534 2864 632 2918 καὶ
677 2868 858 2936 χωρὶς
907 2872 1092 2927 αὑτοῦ
1151 2873 1388 2943 ἐγένετο
1443 2875 1585 2929 οὐδὲ
1627 2875 1713 2929 ἓν.
1760 2877 1820 2928 Εἰ

203 2946 326 3021 γὰρ
361 2954 523 3023 παρὰ
551 2955 656 3008 τῶν
686 2960 968 3033 προτέρων
1000 2964 1160 3018 θείων
1195 2967 1423 3038 Γραφῶν
1454 2967 1822 3036 παιδαγωγού-

207 3052 376 3106 μενοι
408 3043 601 3110 πάλαι,
627 3050 896 3121 πρότερον
925 3057 1298 3127 μεμαθήκατε,
1318 3059 1501 3128 φησὶν,
1523 3061 1602 3113 ὅτι
1631 3061 1820 3128 Λόγος

203 3129 454 3221 κυρίου
481 3135 718 3203 ἐγένετο
764 3142 902 3212 πρὸς
933 3146 1083 3199 τόνδε
1113 3147 1203 3200 τὸν
1245 3148 1528 3220 προφήτην
1577 3149 1689 3221 (72)
1728 3152 1820 3203 καὶ

1939 659 2139 728 factum
2166 669 2265 722 est,
2294 667 2354 712 ut
2379 659 2643 728 cujusque
2679 657 2797 728 ejus
2824 671 2995 727 capax
3023 667 3141 712 erat
3173 668 3439 728 potestas,
3474 671 3527 714 et

1938 748 2220 817 cujuslibet
2263 750 2458 805 animm
2508 748 2850 820 suggerebat,
2901 751 2969 804 de
3015 763 3117 807 suo
3171 749 3364 820 spiritu
3394 765 3526 804 con-

1939 842 2267 898 venienter:
2316 853 2376 898 ut
2429 844 2500 897 ita
2550 857 2654 896 non
2706 842 3008 914 incongrue
3054 843 3146 899 hic
3191 842 3531 914 evangelista

1938 934 2156 998 dixerit,
2181 933 2269 989 ubi
2301 933 2464 990 Verbi
2497 933 2640 989 illius
2666 935 3026 990 oeconomiam
3050 943 3171 991 erat
3206 936 3534 998 traditurus,

1939 1041 2044 1079 non
2095 1027 2320 1095 perinde
2369 1027 2680 1081 ordinatum
2737 1025 2888 1080 illum
2940 1042 3123 1094 nunc,
3174 1036 3340 1098 atque
3395 1027 3529 1082 olim

1937 1119 2075 1187 apud
2110 1117 2363 1188 antiquos
2395 1117 2535 1182 illos,
2567 1118 2660 1173 sed
2708 1132 2896 1174 noetro
2937 1118 3172 1188 quodam
3225 1128 3280 1174 et
3311 1117 3532 1173 diverso

1938 1208 2119 1272 modo,
2142 1223 2335 1278 nempe
2363 1223 2528 1264 carne
2554 1219 2861 1280 assumpta,
2882 1208 3105 1264 homine
3130 1207 3305 1276 facto;
3333 1209 3532 1265 deinde

1935 1301 2078 1370 quod
2120 1303 2502 1358 enuntiaturus
2551 1315 2672 1358 erat
2721 1303 2774 1356 in
2825 1303 3185 1373 sequentibus
3227 1301 3526 1358 salutarem

1935 1392 2106 1462 ipsius
2167 1390 2232 1446 ad
2279 1393 2530 1449 homines
2561 1395 2852 1448 adventum
2875 1433 2891 1458 ,
2927 1393 3014 1448 ubi
3051 1393 3158 1460 ait,
3193 1391 3264 1446 Et
3301 1392 3528 1447 Verbum

1934 1496 2058 1536 caro
2098 1482 2294 1550 factum
2347 1494 2445 1548 est,
2481 1495 2528 1538 et
2572 1484 2833 1538 habitavit
2877 1483 2933 1538 in
2975 1484 3125 1538 nobis
3152 1483 3218 1550 “,
3263 1484 3386 1540 ideo
3417 1499 3526 1538 non

1934 1575 2228 1645 incongrue
2274 1575 2328 1630 in
2379 1577 2650 1646 principio
2703 1577 2940 1633 recurrit
2983 1577 3050 1632 ad
3101 1575 3363 1643 Verbum,
3397 1584 3528 1632 tunc

1935 1681 2106 1736 nuper
2156 1667 2515 1734 inearnatum,
2561 1669 2706 1738 quod
2754 1677 2811 1725 et
2863 1668 3022 1739 quale
3075 1667 3256 1724 fuerat
3299 1670 3526 1723 demon-

1934 1758 2160 1814 strando
2188 1777 2200 1812 :
2237 1759 2345 1814 Deo
2393 1759 2525 1815 illud
2557 1761 2810 1828 ascribit,
2843 1761 3177 1817 annuntians
3219 1760 3378 1818 simul
3408 1758 3526 1830 ejus

1935 1850 2212 1912 deitatem,
2239 1861 2295 1906 et
2324 1852 2391 1906 ad
2419 1852 2667 1908 homines
2689 1852 2982 1908 adventum
3012 1869 3028 1920 ;
3052 1861 3166 1908 tum
3193 1853 3356 1908 etiam
3378 1851 3522 1922 quod

1863 1920 1907 1979 Β
1933 1958 2054 1996 cum
2111 1953 2320 1998 veteres
2352 1943 2646 2000 electione
2688 1945 3096 2017 Scripturarum
3142 1945 3269 2000 olim
3307 1944 3522 1999 didice-

1931 2040 2055 2088 rant
2135 2034 2330 2104 cuique
2382 2036 2663 2107 prophetae
2710 2038 2953 2094 Verbum
3033 2036 3522 2108 superadvenisse,

1929 2126 2044 2196 ipse
2076 2126 2309 2181 divinius
2335 2128 2610 2198 quoddam
2637 2139 2694 2185 et
2738 2130 3098 2186 excellentius
3141 2129 3285 2185 illius
3311 2129 3520 2199 princi-

1930 2218 2074 2287 pium
2106 2227 2372 2274 enarret:
2419 2219 2566 2289 quod
2617 2219 2799 2276 nullus
2850 2235 3089 2291 unquam
3130 2219 3519 2290 prophetarum

1930 2318 2038 2363 tam
2086 2318 2273 2380 aperte
2324 2319 2380 2366 et
2433 2313 2583 2368 clare
2631 2313 2959 2369 enuntiavit.
3009 2311 3280 2379 Quocirca
3341 2311 3519 2366 latens

1928 2401 2058 2455 illud
2094 2411 2148 2457 et
2208 2402 2482 2458 occultum
2529 2405 2594 2459 de
2618 2403 2798 2461 Verbo
2833 2406 3153 2477 mysterium
3202 2419 3326 2459 cum
3359 2402 3523 2458 vellet

1927 2493 2141 2548 tradere
2165 2535 2178 2559 ,
2216 2493 2312 2560 ait,
2365 2494 2430 2548 In
2470 2495 2729 2566 principio
2759 2505 2874 2549 erat
2915 2494 3164 2560 Verbum,
3198 2503 3247 2547 et
3291 2490 3519 2545 Verbum

1926 2597 2036 2639 erat
2067 2587 2206 2654 apud
2251 2586 2436 2654 Deum,
2476 2599 2524 2644 et
2572 2588 2711 2643 Deus
2757 2598 2869 2643 erat
2903 2587 3152 2643 Verbum.
3199 2585 3390 2642 Omnia
3426 2599 3521 2653 per

1926 2678 2098 2746 ipsum
2144 2679 2289 2748 facta
2315 2688 2460 2744 sunt,
2494 2691 2540 2734 et
2581 2681 2692 2734 sine
2722 2681 2833 2748 ipso
2865 2679 3066 2749 factum
3096 2689 3168 2732 cst
3197 2676 3349 2731 nihil.
3380 2674 3518 2730 Nam

1927 2770 1995 2837 si,
2029 2771 2224 2840 inquit,
2259 2771 2328 2826 ab
2359 2772 2757 2843 antiquissimis
2807 2773 2936 2827 olim
2991 2769 3292 2841 Seripturis
3353 2766 3516 2822 insti-

1928 2862 2047 2927 tuti,
2079 2863 2208 2917 illud
2245 2863 2536 2932 aliquando
2563 2862 2739 2920 edocti
2766 2859 3244 2932 accepistis,quod
3284 2855 3518 2912 Verbum

1926 2955 2139 3009 Domini
2163 2955 2362 3025 factum
2389 2958 2459 3012 sit
2479 2958 2543 3010 ad
2569 2957 2716 3012 hunc
2768 2956 3118 3027 prophetam,
3142 2963 3198 3011 et
3225 2952 3292 3008 ad
3324 2950 3514 3014 alium,

1925 3058 2086 3114 atque
2124 3045 2194 3098 ita
2223 3046 2480 3116 deinceps
2513 3047 2580 3099 ad
2612 3047 2775 3100 alium
2805 3063 2819 3110 ;
2871 3056 2926 3100 at
2957 3061 3102 3100 nunc
3135 3045 3376 3110 tandem,
3407 3058 3512 3096 non

1925 3137 2377 3204 quemadmodum
2435 3139 2634 3207 factum
2689 3149 2773 3193 est
2804 3137 3040 3193 Verbum
3097 3136 3355 3200 Domini,
3414 3136 3512 3190 sed
3589 3205 3593 3209 .

201 3218 357 3319 Ϊξὸς
384 3222 575 3319 ἕτερον
605 3228 770 3282 πάλιν
812 3233 1022 3305 ὁμοίως
1069 3218 1326 3308 ἐγένετο,
1358 3218 1451 3292 καὶ
1487 3218 1643 3303 αὖθις
1683 3239 1818 3311 πρὸς

1925 3229 2378 3298 quemadmodum
2421 3241 2534 3284 erat
2581 3231 2633 3284 in
2687 3229 2999 3299 principio,
3056 3242 3282 3283 necesse
3324 3238 3406 3282 est
3453 3237 3515 3282 ut

191 3308 390 3403 αλλων,
425 3315 562 3370 ἀλλὰ
599 3319 692 3373 νῦν
722 3323 818 3396 οὐχ
846 3328 1010 3393 ὅπως
1035 3329 1299 3400 ἐγένετο,
1335 3332 1447 3385 ἀλλ’
1473 3334 1618 3396 ὅπως
1656 3308 1740 3403 ἦν’
1760 3335 1817 3386 ἐν

187 3401 366 3494 ἀρχῇ,
401 3411 517 3473 τοῖς
548 3414 712 3468 πᾶσιν
741 3417 1057 3486 ἀναγκαῖον
1091 3425 1552 3494 εὐαγγελίσασθαι
1571 3443 1582 3455 ·
1621 3401 1715 3478 καὶ
1743 3426 1817 3488 ὡς

187 3493 345 3586 ᾅεὸς
386 3494 485 3568 ἦν,
531 3504 625 3557 καὶ
675 3506 752 3571 ὡς
800 3510 1020 3567 πάντα
1071 3514 1150 3569 δι’
1195 3517 1384 3570 αὑτοῦ
1422 3517 1679 3586 ἐγένετο,
1721 3518 1818 3570 καὶ

182 3582 266 3678 ὡς
315 3588 483 3655 αὐτὸς
537 3595 744 3662 ἐκεῖνος
781 3604 809 3655 ό
872 3602 1028 3670 Θεὸς
1054 3607 1265 3678 Λόγος,
1314 3609 1380 3661 δι’
1431 3582 1494 3662 οῦ
1531 3611 1599 3662 τὰ
1639 3610 1816 3663 πάντα

180 3676 572 3755 φιλανθρωπίᾳ
601 3689 693 3741 τοῦ
734 3692 963 3766 Πατρὸς
1030 3676 1192 3769 σὰρξ
1225 3701 1470 3768 ἐγένετο,
1515 3702 1608 3754 καὶ
1647 3702 1813 3771 ἐσκή-

177 3780 360 3822 νωσεν
403 3773 460 3828 ἐν
493 3777 640 3846 ἡμῖν.
684 3781 853 3838 Ταῦτ’
912 3789 1313 3859 εὐηγγελίζετο
1364 3792 1622 3863 Ἰωάννης
1655 3794 1682 3844 ό
1715 3793 1813 3863 μέο

176 3872 286 3952 τας
337 3863 434 3916 τοῦ
480 3868 713 3938 Χριστοῦ
765 3880 1033 3952 μαθητὴς
1073 3888 1170 3938 καὶ
1208 3884 1551 3949 ἀπόστολος,
1601 3885 1670 3938 τὰ
1717 3888 1813 3940 νέα
1860 3906 1868 3912 ·

175 3950 274 4003 καὶ
309 3956 474 4010 καινὰ
510 3961 603 4013 τοῦ
655 3967 921 4041 Σωτῆρος
966 3975 1250 4029 παιδεύων
1301 3978 1553 4041 ἅπαντας
1603 3979 1813 4049 ἀνθρώ-

361 4052 660 4123 μυστήρι-α,
707 4059 803 4131 οὐχ
849 4064 942 4116 ὅτι
980 4064 1208 4133 λογικὸς
1241 4061 1309 4139 ἦν
1340 4071 1368 4120 ὁ
1409 4067 1566 4133 Θεὸς,
1593 4070 1700 4122 οὐδ’
1729 4071 1810 4123 ὅτι

171 4131 341 4234 the;
376 4139 511 4209 πρὸς
533 4144 722 4201 ἑαυτὸν
750 4151 1045 4218 διενοεῖτο,
1075 4162 1174 4212 καὶ
1200 4158 1384 4229 ἑαυτῷ
1412 4161 1806 4234 προδιελέγετο,

170 4225 530 4300 Ποιήσωμεν
592 4237 944 4310 ἄνθρωπον,
1005 4249 1189 4317 λέγων
1219 4267 1232 4279 ·
1295 4225 1406 4305 οὐδ’
1459 4225 1562 4306 ’ὅτι
1632 4225 1810 4321 λόγοις

171 4320 438 4417 χρηται
461 4334 569 4396 τοῖς
598 4337 706 4390 τῶν
737 4345 1051 4413 πρακτέων
1099 4345 1597 4417 παραγγελτικοῖς.
1624 4347 1808 4399 Ταῦτα

170 4410 278 4502 id?
312 4417 425 4488 (73)
456 4425 563 4487 πᾶς
585 4410 934 4502 ἀρνούμενος
970 4436 1068 4488 τὸν
1100 4410 1236 4492 Υίδν
1265 4410 1361 4492 τοῦ
1387 4438 1524 4492 Θεοῦ
1548 4441 1688 4492 εἴποι
1719 4439 1806 4502 ἂν,

166 4500 195 4604 ξ
236 4505 442 4604 ,δὴμκαὶ
500 4500 818 4591 Μάρκελλος
876 4528 1082 4592 ποιῶν,
1132 4533 1218 4593 ὡς
1266 4524 1359 4585 ἐπὶ
1416 4500 1807 4604 κρησφύγητον

1923 3321 2362 3390 evangelizetur:
2397 3333 2450 3378 et
2499 3324 2773 3393 quomodo
2822 3322 2962 3376 Deus
3006 3333 3117 3376 erat
3145 3362 3160 3386 ,
3197 3330 3251 3374 et
3277 3320 3514 3391 qualiter

1920 3414 2097 3465 omnia
2125 3429 2218 3477 per
2243 3413 2392 3466 illum
2422 3413 2566 3483 facta
2593 3419 2737 3475 sunt,
2786 3423 2840 3468 et
2866 3413 3008 3482 quod
3042 3413 3156 3482 ipse
3187 3413 3348 3474 Deus,
3379 3410 3512 3466 Vero

1918 3505 2042 3561 bum
2081 3506 2229 3572 illud,
2261 3523 2355 3576 per
2384 3522 2546 3576 quem
2593 3507 2776 3562 omnia
2834 3507 2974 3562 facta
3024 3516 3174 3571 sunt,
3216 3521 3247 3561 e
3281 3514 3508 3574 paterna

1919 3596 2292 3650 misericordia
2331 3614 2454 3650 caro
2492 3596 2634 3652 facta
2668 3599 2768 3662 sit,
2807 3607 2862 3652 et
2908 3597 2960 3650 in
3005 3597 3159 3650 nobis
3213 3593 3506 3649 habitavit.

1922 3694 1980 3752 >14
2015 3688 2138 3742 l-lmc
2170 3687 2405 3742 Joannes
2452 3688 2542 3742 ille
2583 3703 2810 3758 magnus
2858 3687 3060 3742 Christi
3105 3685 3404 3755 discipulus
3452 3696 3510 3739 et

1918 3779 2195 3846 apostolus
2241 3779 2670 3847 evangelizavit:
2721 3793 2909 3834 omnes
2961 3778 3180 3847 quidem
3257 3776 3510 3832 homines

1915 3871 2149 3925 edocens
2186 3885 2319 3924 nova
2352 3881 2407 3926 et
2452 3886 2653 3941 nupera
2707 3871 3016 3926 Servatoris
3059 3869 3356 3939 mysteria,
3393 3884 3498 3923 non

1914 3961 2054 4031 quod
2089 3972 2208 4017 erat
2236 3962 2377 4016 Deus
2427 3965 2639 4017 ratione
2694 3963 2952 4032 praeditus
2979 3999 2996 4029 ,
3032 3977 3138 4016 non
3189 3960 3332 4030 quod
3378 3960 3497 4029 ipse

1913 4054 2052 4122 apud
2107 4070 2163 4109 se
2207 4056 2465 4125 cogitavit
2515 4065 2570 4110 et
2601 4070 2785 4111 secum
2820 4055 3122 4110 collocutus
3171 4055 3264 4119 sit,
3295 4050 3498 4105 Facia-

1914 4164 2027 4202 mus
2063 4149 2329 4202 hominem
2351 4189 2365 4212 ,
2406 4149 2655 4218 inquiens
2681 4189 2695 4213 ,
2730 4163 2829 4204 nec
2864 4153 3006 4218 quod
3041 4146 3222 4201 verbis
3271 4146 3342 4198 sit
3373 4160 3505 4199 usus

1913 4257 2090 4294 rerum
2122 4241 2483 4310 gerendarum
2521 4241 2919 4296 admonitoriis.
2965 4241 3069 4296 Ista
3112 4240 3254 4294 enim
3299 4237 3499 4307 quivis,

1911 4334 2001 4401 qui
2036 4331 2126 4386 Dei
2164 4333 2353 4387 Filium
2388 4335 2718 4403 abnegaret,
2762 4335 2944 4388 dicere
2989 4341 3208 4402 posset,
3235 4331 3498 4400 quemad-

1912 4424 2128 4478 modum
2177 4435 2231 4479 et
2279 4426 2568 4480 Marcellus
2610 4424 3034 4496 deprehenditur
3105 4423 3332 4487 fecisse,
3405 4421 3498 4492 qui

1913 4526 2169 4585 tanquam
2198 4517 2261 4572 ad
2290 4516 2556 4586 refugium
2583 4519 2852 4587 quoddam
2886 4531 2944 4570 se
2973 4517 3040 4568 ad
3075 4524 3315 4570 veterem
3350 4512 3501 4567 Serio

166 4592 258 4694 Erit
280 4599 646 4694 chvﬁrralativ
694 4620 1054 4686 καταφεύγει
1085 4621 1345 4694 Γραφὴν,
1373 4592 1474 4676 καί
1509 4592 1804 4693 τὰῑντγπιά-

1923 4619 2120 4672 pturam
2158 4611 2462 4675 convertit,
2498 4625 2727 4679 qumque
2775 4609 3143 4663 infantissimo
3184 4606 3494 4662 Judmorum

167 4681 308 4788 (GV-Ct
455 4697 566 4788 (74)
619 4681 900 4764 Ἰουδαίων
947 4681 1072 4780 λαῷ
1107 4681 1249 4784 περὶ
1279 4681 1376 4768 τοῦ
1412 4714 1490 4788 μὴ
1519 4681 1800 4769 εἰδωλολα-

162 4780 331 4879 τρεῖξν
360 4783 454 4879 Ei“!
481 4787 534 4840 δὲ
561 4793 719 4862 μόνον
768 4797 988 4853 ειδέναι
1028 4817 1089 4854 τε
1137 4780 1241 4858 καὶ⁸
1278 4780 1624 4860 σέϐεινδεὸν
1659 4825 1800 4879 παρ-

162 4871 472 4971 Ῡγγελμῖένα
525 4886 779 4971 συνάγειν
836 4894 1139 4966 πειρᾶται,
1184 4897 1362 4951 Ἔνθα
1398 4899 1497 4951 καὶ
1535 4871 1801 4971 ηύρόησέν

157 4963 306 5061 αύτῷ
347 4963 400 5061 ή-
426 4970 553 5038 περὶ
590 4975 683 5028 τοῦ
726 4980 853 5044 ἐνὸς
901 4963 1051 5035 Θεοῦ
1103 4987 1478 5053 διδασκαλία,
1513 4963 1800 5061 χρῆσίξλιως

157 5048 272 5102 τότε
311 5055 411 5152 ita}
469 5065 610 5118 κατὰ
660 5075 862 5146 καιρὸν
943 5075 1462 5152 εἰδωλολατροῦσιν
1525 5082 1796 5147 Ἰουδαίοις

1910 4699 2106 4770 p0pnlo
2134 4699 2325 4753 tradita
2353 4703 2624 4769 quondam
2671 4699 2922 4762 fuerant,
2961 4701 3026 4754 de
3059 4713 3165 4752 non
3203 4697 3497 4752 adorandis

1911 4792 2086 4856 idolis,
2132 4791 2227 4846 sed
2264 4792 2353 4846 uni
2407 4792 2514 4847 Deo
2562 4793 2962 4864 cognoscendo,
3012 4791 3405 4858 serviendoque
3438 4789 3493 4844 in

1910 4895 2075 4934 unum
2111 4886 2328 4952 coegit:
2364 4882 2452 4936 ubi
2497 4882 2743 4937 doctrina
2789 4883 2857 4938 de
2907 4882 3018 4938 Deo
3066 4881 3180 4937 solo
3212 4889 3266 4936 et
3295 4895 3402 4934 uno
3442 4879 3492 4936 ei

1908 4973 2170 5027 successit
2195 4973 2428 5038 abunde,
2457 4984 2643 5043 utpote
2673 4990 2793 5044 quae
2840 4975 3050 5030 utiliter
3095 4972 3406 5037 admodum,
3437 4983 3494 5028 et

1905 5074 2208 5133 opportune
2225 5065 2520 5119 idololatris
2539 5063 2740 5122 Judasis
2760 5066 3094 5122 tradebatur.
3113 5065 3229 5132 Quo
3252 5065 3340 5120 ille
3369 5079 3490 5119 sese

154 5146 585 5244 ξἀραδεξομένη.
640 5161 748 5216 Καὶ
804 5166 880 5235 δὴ
935 5171 1196 5226 ἐνταῦθα
1272 5146 1633 5243 καταφυγὼν,
1702 5146 1795 5229 καί

1923 5156 2210 5220 ronfereus,
2245 5167 2300 5212 et
2324 5148 2547 5212 Iudaica
2600 5158 2785 5214 cordis
2814 5158 3037 5227 duritia,
3070 5159 3235 5214 veluti
3280 5153 3487 5211 munito

152 5241 336 5339 ἱυοπερ
376 5241 435 5339 εν
467 5245 781 5322 ὀχυρώματι
820 5260 1038 5313 ἑαυτὸν
1073 5267 1143 5335 τῇ
1188 5262 1470 5337 Ἰουδαῖκῇ
1515 5241 1791 5339 ἠπεριφρὼ

1923 5250 2132 5319 [uodam
2180 5251 2584 5319 propugnaculo
2617 5252 2877 5322 vallatus,
2904 5253 2972 5311 ad
3011 5253 3209 5311 Filium
3255 5253 3350 5309 Dei
3386 5267 3485 5306 ne-

150 5316 270 5424 Each
303 5316 737 5413 σκληροκαρδίᾳ,
785 5345 902 5415 τὴν
956 5316 1212 5423 ἄρνηόιν
1272 5316 1792 5424 προύέώετοῐῖτοῦ

1923 5340 2129 5409 ξοηιιυοι
2158 5343 2446 5412 processit.

149 5413 274 5478 Υἱοῦ
310 5425 405 5480 τοῦ
431 5428 586 5487 Θεοῦ.

217 5630 275 5694 is
307 5629 407 5687 Ed.
444 5633 644 5706 Paris.,
673 5656 798 5718 pag.
831 5646 975 5704 150.
1054 5649 1292 5709 “Joan.
1342 5666 1381 5721 t,
1419 5654 1512 5712 la.

344 5859 488 5938 μρρς
517 5859 701 5938 ἕτερον
743 5859 813 5926 Β.

234 5782 320 5920 7οὶ
350 5786 522 5858 Vulgo
553 5797 690 5868 πρὸς
716 5799 757 5861 ὃ,

234 5853 280 5912 Π
344 5859 488 5920 Πρὸς
517 5864 701 5920 ἕτερον
743 5873 757 5920 Ι

343 5855 488 5985 θρὸξ
517 5855 701 5938 ἕτερον
743 5855 813 5926 ll.

389 5932 508 6002 ulgu
531 5936 681 5991 τόνδε
715 5943 1062 6015 προφήτην.

1988 5809 2076 5883 7.5)
2100 5808 2282 5883 Falso
2300 5824 2416 5883 nm-
2443 5811 2551 5883 γάρ

1956 5881 2070 5953 (74)
2098 5881 2264 5952 Vulgo
2288 5881 2417 5937 τῶν.
