4106 6470
265 447 373 508 9-65

1198 445 1289 504 DE
1338 447 1871 508 ECCLESIASTICA
1909 449 2301 510 THEOLOGIA
2338 451 2465 509 LIB.
2505 451 2570 510 ll.

3430 458 3537 520 οισ

271 586 294 624 ι
333 574 473 636 σου,
500 569 570 636 ἐξ
591 568 743 638 ὅλης
761 566 875 637 τῆς
928 566 1139 638 ψυχῆς
1163 565 1278 640 (82)
1307 582 1446 632 σου,
1474 565 1576 622 και
1614 567 1683 633 ἐξ
1705 567 1846 637 ὅλης

1963 587 1982 620 ι
2021 569 2165 624 Audi
2193 568 2388 638 Israel,
2420 569 2682 628 Dominus
2715 569 2856 627 Deus
2886 581 3082 641 noster,
3111 572 3253 631 Deus
3277 592 3412 632 unus
3430 589 3530 640 est.

268 682 291 717 s
325 663 436 733 τῆς
449 665 661 734 ἰσχύος
684 676 822 717 σου.
836 661 1000 729 Αὕτη
1021 661 1240 730 πρώτηο
1270 658 1374 713 καὶ
1403 657 1655 728 δευτέρα
1676 661 1850 730 ὁμοία

270 775 290 809 ι
325 758 530 825 ταύτῃ·
549 752 1012 826 Ἀγαπήσειςτὸν
1029 753 1297 822 πλησίον⁹
1325 769 1442 808 σου
1457 753 1538 820 ὡς
1563 753 1845 808 σεαυτόν.

271 867 292 900 ι
330 847 552 912 Maktar
591 848 819 903 τούτων
847 846 1007 916 ἄλλη
1035 844 1257 915 ἐντολὴ
1286 846 1400 900 οὐκ
1431 846 1586 900 ἐστι.
1630 845 1743 899 Καὶ
1772 839 1850 898 el-

272 960 291 994 ι
321 958 420 995 πεν
457 939 606 1012 αὐτῷ
638 943 667 996 6
698 939 1080 1014 γραμματεύς·
1119 938 1351 1007 Καλῶς,
1374 937 1728 1004 διὸάσκιιὶε,
1754 937 1848 993 ἐπ’

271 1051 292 1086 ι
328 1035 612 1102 ἀληθείας
660 1031 852 1101 εἴπας,
894 1034 986 1088 ὅτι
1028 1028 1118 1100 εἷς
1162 1034 1334 1089 ἐστιν
1356 1035 1390 1089 ό
1419 1031 1568 1100 Θεὸς
1595 1031 1694 1088 καὶ
1737 1033 1848 1088 οὐκ

273 1146 295 1180 ι
324 1129 456 1184 ἔστι
483 1127 653 1196 πλὴν
682 1127 889 1183 αὐτοῦ.
930 1126 1069 1181 Ἀλλ’
1115 1127 1144 1180 6
1189 1127 1288 1198 μὲν
1334 1125 1718 1199 γραμματεὺς,
1759 1123 1850 1179 διὰ

272 1237 292 1271 ι
325 1217 420 1272 τοῦ
447 1218 616 1289 νόμου
653 1219 754 1290 τὴν
780 1219 892 1290 (83)
919 1217 1227 1273 Θεοσὲὄειαν
1255 1215 1632 1290 μεμαθηκέναι
1653 1216 1845 1282 δοκῶν,

271 1333 292 1366 ι
326 1312 564 1368 ἐπαινῶν
595 1312 656 1367 τὸ
685 1312 780 1368 τοῦ
809 1313 1060 1385 Σωτῆρος
1106 1311 1267 1383 ῥητὸν
1298 1312 1570 1381 φαίνεται,
1617 1312 1846 1374 Ἄκουε,

272 1423 293 1460 ι
327 1403 592 1473 Ἰσραὴλ,
620 1403 814 1473 λέγων,
846 1404 1059 1472 Κύριος
1086 1405 1119 1456 ό
1149 1401 1293 1468 Θεὸς
1311 1417 1428 1456 σου
1453 1395 1541 1467 εἷς
1570 1401 1720 1455 ἐστι⁹
1754 1401 1848 1454 καὶ

271 1514 292 1548 ι
328 1495 476 1567 ὅρκῳ
533 1493 713 1558 καλῶς
747 1493 997 1564 εἰρῆσθαι
1054 1493 1462 1563 πιστευόμενοςε
1533 1491 1650 1544 Ἐπ’
1696 1493 1848 1560 ἀλη-

274 1607 295 1641 s
333 1589 496 1655 θείας
542 1587 672 1659 γάρ,
727 1588 914 1659 φησιν,
941 1581 1136 1654 εἶπας,
1165 1586 1254 1639 ὅτι
1282 1581 1571 1652 εἶς.ὲστιν
1601 1587 1635 1638 ό
1680 1583 1846 1651 Θεὸς,

273 1700 294 1735 ι
337 1681 434 1735 καὶ
456 1681 565 1735 οὐκ
591 1680 763 1735 ἐστιν
789 1679 979 1746 ἄλλος
1012 1679 1179 1748 πλὴν
1203 1679 1410 1734 αὑτοῦ.
1446 1680 1511 1734 0i
1549 1680 1607 1733 δὲ
1649 1679 1718 1733 τὰ
1749 1679 1850 1750 τῆς

273 1793 293 1826 ι
334 1773 478 1837 Νέας
503 1773 775 1844 Διαθήκης
808 1772 1100 1844 αὐχοῦντες
1139 1772 1336 1826 ειδέναι
1382 1775 1678 1846 μυστήρια,
1703 1764 1849 1826 οὗτοι

1954 683 1974 716 ι
2019 663 2087 719 Et
2121 665 2307 734 diliges
2333 663 2625 719 Dominum
2649 662 2816 718 Deum
2844 672 2993 718 tuum
3017 679 3084 720 ea:
3105 675 3214 720 toto
3238 667 3396 722 corde
3416 677 3532 736 tuo,

1953 775 1972 808 s
2010 766 2062 810 et
2101 772 2167 812 ea:
2200 766 2313 811 tota
2356 755 2540 811 anima
2581 766 2696 822 tua,
2726 763 2776 810 et
2820 771 2888 811 ea:
2916 765 3026 810 tota
3051 765 3220 813 ments
3243 767 3358 824 tua,
3383 769 3436 815 et
3465 776 3533 816 ea:

1953 865 1972 899 ι
2015 855 2127 902 tota
2183 847 2376 903 uirtute
2425 856 2543 902 tua.
2603 846 2722 901 Hoc
2767 855 2844 902 est
2895 846 3128 914 primum
3184 855 3237 903 et
3281 864 3533 920 magnum

1953 955 1973 991 ι
2015 939 2348 994 mandatum.
2401 937 2712 994 Secundum
2751 947 2928 993 autem
2955 938 3128 995 simile
3154 950 3232 996 est
3253 940 3353 1008 illi,
3383 941 3531 998 Dili-

1953 1048 1974 1083 ι
2008 1047 2096 1102 ges
2120 1032 2415 1101 proximum
2444 1041 2594 1085 tuum
2646 1039 2896 1100 tanquam
2935 1031 3180 1100 teipsum.
3212 1029 3394 1102 Hujus
3431 1033 3530 1088 lto-

1953 1141 1973 1175 ι
2011 1139 2128 1177 rum
2153 1123 2302 1178 aliud
2334 1122 2649 1178 mandatum
2701 1138 2806 1177 non
2852 1131 2948 1178 est.
3005 1119 3075 1178 Et
3099 1122 3180 1178 ait
3209 1122 3284 1179 illi
3310 1124 3528 1180 scriba:

1953 1234 1972 1268 ι
2006 1213 2146 1270 Bene
2187 1216 2461 1286 magister,
2507 1215 2564 1268 in
2606 1214 2828 1269 ueritate
2859 1214 3068 1281 dixisti,
3115 1212 3257 1281 Quia
3289 1231 3426 1272 unus
3455 1227 3531 1272 est

1954 1326 1972 1359 s
2011 1306 2172 1373 Deus,
2201 1316 2252 1363 et
2282 1323 2387 1362 non
2414 1315 2494 1361 est
2518 1307 2656 1362 alius
2676 1317 2869 1378 praeter
2888 1323 3007 1362 eum
3030 1307 3094 1362 “.
3124 1305 3317 1365 Scriba
3347 1317 3532 1364 autem

1953 1418 1972 1452 ι
2012 1399 2139 1466 iste,
2172 1408 2229 1456 et
2271 1398 2388 1470 lege
2423 1397 2650 1453 edoctus
2694 1398 2954 1468 pietatem
2983 1407 3041 1454 et
3066 1413 3255 1456 verum
3287 1399 3380 1456 Dei
3413 1399 3533 1455 cul-

1953 1509 1972 1542 ι
2007 1498 2143 1556 tum,
2195 1488 2412 1544 videtur
2462 1486 2803 1544 collaudasse
2865 1486 2996 1544 illud
3047 1488 3250 1545 dictum
3330 1488 3529 1545 Salva-

1954 1599 1972 1632 ι
2017 1579 2177 1646 toris,
2213 1579 2378 1645 Audi,
2409 1578 2605 1644 Israel,
2628 1578 2888 1633 Dominus
2903 1577 3045 1634 Deus
3071 1588 3216 1646 tuus,
3237 1578 3378 1635 Deus
3395 1595 3532 1636 unus

1954 1691 1974 1725 s
2011 1680 2089 1727 est
2119 1712 2136 1738 ,
2185 1680 2241 1728 et
2280 1675 2594 1744 iuramento
2639 1671 2963 1740 interposito
2999 1670 3138 1728 bene
3171 1673 3374 1729 dictum
3402 1688 3534 1731 con-

1956 1782 1974 1815 ι
2014 1765 2280 1832 ﬁrmasse,
2333 1765 2586 1836 inquiens
2617 1781 2632 1820 :
2661 1761 2730 1818 In
2763 1763 2978 1818 veritate
3005 1762 3132 1819 bene
3151 1764 3358 1831 dixisti,
3390 1765 3535 1836 quod

274 1887 293 1921 ι
333 1868 428 1923 καὶ
449 1866 698 1939 δεύτερον
719 1865 1079 1921 ἀναπλάττειν
1094 1866 1226 1920 Θεὸν
1247 1866 1529 1937 βούλονται
1551 1865 1846 1919 ὑποστάσει

1959 1875 1976 1908 ι
2015 1873 2150 1910 unus
2181 1855 2318 1911 Deus
2355 1865 2454 1921 est,
2500 1871 2606 1910 non
2653 1864 2730 1910 est
2768 1853 2906 1909 alius
2938 1852 3003 1908 ab
3047 1854 3162 1911 illo.
3209 1856 3284 1911 At
3333 1856 3426 1927 qui
3473 1869 3537 1913 se

271 1978 293 2012 s
328 1961 421 2014 καὶ
463 1927 686 2030 δυνάμει
741 1956 1108 2030 χωριζόμενον
1169 1927 1264 2012 τού
1304 1958 1538 2031 Πατρός.
1577 1977 1596 2011 ι
1626 1956 1846 2023 Τούτοις

1954 1967 1973 2000 ς
2015 1947 2324 2019 gloriantur
2371 1945 2504 2003 Novi
2536 1947 2874 2004 Testamenti
2911 1947 3174 2015 mysteria
3206 1947 3536 2020 intelligere,

266 2048 583 2122 προστίθησι
650 2048 1076 2114 κατασκευάζων
1114 2049 1197 2102 ὅτι
1245 2045 1326 2114 εἷς
1374 2051 1526 2104 ἐστιν
1589 2052 1618 2105 6
1691 2050 1844 2115 Θεὸς,

266 2137 362 2192 καὶ
383 2138 463 2192 ὅτι
492 2138 565 2209 μή
596 2137 742 2191 ἐστιν
775 2137 904 2202 Υἱὸς
935 2137 1023 2192 διὰ
1047 2140 1274 2194 τούτων.
1317 2159 1336 2192 ι
1377 2142 1502 2194 Ὅτι
1539 2140 1595 2194 δὲ
1626 2140 1725 2210 τὴν
1753 2159 1849 2212 μο-

269 2247 291 2282 ι
324 2228 455 2282 νάδα
483 2227 684 2300 Κύριον
716 2227 812 2281 καὶ
859 2227 992 2281 Θεὸν
1036 2223 1144 2282 οἶδε
1173 2229 1356 2283 καλεῖν
1395 2230 1430 2300 ἡ
1473 2228 1592 2283 θεία
1633 2230 1844 2302 Γραφὴ,

270 2341 290 2374 ι
328 2321 429 2393 ἤδη
456 2321 550 2375 καὶ
599 2323 663 2374 ὲκ
693 2320 801 2374 τῶν
831 2322 1248 2393 προειρημένων
1271 2322 1430 2394 δῆλον
1458 2323 1651 2394 γέγονε
1678 2323 1744 2377 δι’
1771 2317 1847 2378 ὧν

270 2433 290 2466 ι
331 2415 465 2486 πρὸς
512 2415 603 2470 τὸν
652 2414 844 2469 ἑαυτοῦ
890 2414 1199 2487 Θεράποντα
1238 2416 1442 2470 Μωσέα
1483 2418 1512 2471 6
1561 2417 1692 2482 Θεὸς
1719 2416 1842 2488 ἔφη·

270 2523 290 2558 ι
330 2500 474 2559 Eleis
498 2504 566 2558 δὲ
588 2508 620 2559 ό
647 2504 792 2572 Θεὸς
822 2504 1012 2560 πάλιν
1039 2506 1190 2574 πρὸς
1220 2503 1455 2559 Μωσέα·
1483 2505 1681 2572 Οὕτως
1693 2504 1849 2573 ἐρεῖς

269 2615 290 2650 ι
326 2596 450 2664 τοῖς
477 2597 628 2663 υιοῖς
659 2596 896 2666 Ἰσραήλ
922 2595 1054 2669 (84)·
1093 2598 1307 2665 Κύριος
1340 2598 1373 2651 ὀ
1401 2597 1546 2661 Θεὸς
1582 2594 1699 2650 τῶν
1734 2611 1846 2649 πα-

268 2708 288 2742 ι
336 2687 518 2757 τέρων
548 2687 733 2757 ὑμῶν,
770 2691 802 2743 ό
823 2685 966 2754 Θεὸς
1005 2686 1253 2756 Ἀϐραὰμ
1280 2685 1379 2740 καὶ
1405 2689 1437 2741 ό
1468 2686 1613 2753 Θεὸς
1651 2686 1846 2742 Ἰσαὰκ

269 2799 289 2832 ι
329 2779 429 2833 καὶ
466 2782 500 2834 ὀ
539 2779 681 2845 Θεὸς
722 2777 937 2842 Ἰακὼϐ,
973 2777 1323 2832 ἀπέσταλκέ
1343 2777 1590 2848 μεπρὸς
1616 2777 1788 2848 ὑμᾶς.
1821 2796 1841 2830 ι

277 2873 440 2946 Ὁρᾷς
472 2873 637 2936 ὅπως,
671 2871 730 2926 ἓν
767 2871 1074 2935 ἐπιδεικνὺς
1111 2871 1240 2942 ἡμῖν
1273 2871 1504 2924 ἐνταῦθα
1532 2871 1844 2942 πρόσωπον,

261 2965 326 3020 τὸ
367 2965 499 3020 αὐτὸ
554 2965 758 3038 Κύριον
800 2964 896 3018 καὶ
939 2963 1070 3017 Θεὸν
1118 2963 1530 3034 προσαγορεύει.
1578 2960 1745 3028 Αὖθίς
1786 2981 1846 3017 τε

261 3059 509 3132 ὁμοίωςή
527 3059 717 3132 Γραφὴ
728 3058 896 3128 λέγει’
911 3057 1022 3112 Ka‘t
1039 3057 1265 3128 ὲλάλησε
1284 3057 1366 3112 Κύ
1376 3075 1485 3130 ριος
1497 3058 1707 3122 πάντας
1721 3058 1847 3122 τοὺς

262 3149 454 3218 λόγους
488 3147 708 3212 τούτους
732 3148 925 3216 λέγων’
974 3146 1117 3217 Ἐγὼ
1140 3148 1356 3216 Κύριος
1385 3149 1418 3201 ό
1460 3147 1605 3211 Θεός
1637 3161 1776 3211 σου,
1813 3148 1848 3200 ό

1955 2058 1973 2093 ι
2015 2039 2311 2095 secundum
2353 2039 2456 2096 sibi
2501 2041 2815 2114 conﬁngere
2854 2041 3022 2096 Deum
3057 2040 3145 2096 isti
3186 2039 3396 2107 volunt,
3433 2039 3535 2110 hy-

1955 2152 1973 2185 ι
2011 2133 2213 2204 postasi
2245 2131 2463 2202 quidem
2499 2133 2650 2190 illum
2690 2144 2747 2191 et
2779 2134 3022 2206 potentia
3051 2147 3083 2188 a
3117 2131 3280 2188 Patre
3309 2145 3536 2202 separa-

1955 2245 1974 2280 ι
2012 2235 2144 2282 ιιιιη.
2187 2245 2208 2280 ι
2249 2232 2308 2291 ›Ῑ‹
2348 2226 2770 2298 Subsequuntur
2803 2227 3002 2299 quibus
3037 2224 3388 2283 constabilire
3416 2223 3537 2281 vult

1950 2335 2114 2375 unum
2162 2333 2283 2375 esse
2307 2319 2474 2374 Deum
2499 2333 2515 2373 :
2539 2329 2594 2376 et
2626 2321 2768 2391 quod
2809 2335 2916 2377 non
2945 2320 3229 2390 sitFilius,
3248 2321 3348 2378 ista
3375 2336 3534 2378 nem-

1950 2428 2035 2484 pe.
2066 2432 2085 2465 ι
2121 2411 2240 2468 Jam
2258 2421 2703 2469 certeconstatet
2717 2415 3005 2472 manifeste
3026 2415 3082 2471 in
3105 2413 3536 2485 pmcedentibus

1953 2527 1970 2558 ι
2012 2506 2345 2562 declaratum
2375 2517 2480 2573 est,
2515 2508 2665 2578 quod
2697 2509 2848 2565 novit
2871 2518 3220 2566 sacrosancta
3251 2507 3538 2579 Scriptura

1955 2619 1971 2651 ι
2008 2600 2274 2657 unitatem
2311 2599 2482 2658 Deum
2537 2612 2707 2675 atque
2741 2602 3030 2659 Dominum
3067 2601 3353 2658 nominare
3384 2619 3399 2657 :
3441 2599 3539 2658 ubi

1955 2714 1972 2746 ι
2011 2696 2092 2751 sic
2139 2693 2342 2750 aﬂatnr
2373 2695 2637 2752 famulum
2670 2711 2828 2753 suum
2874 2695 3078 2752 Mosem
3109 2709 3126 2750 :
3165 2694 3312 2750 Dixit
3359 2703 3538 2749 autent

1953 2808 1972 2841 ι
2014 2787 2155 2844 Deus
2201 2790 2397 2844 iterum
2444 2791 2514 2846 ad
2555 2789 2781 2857 Mosem,
2823 2790 2902 2846 sic
2949 2790 3089 2846 dices
3118 2787 3278 2845 Filiis
3312 2785 3538 2844 Israel:

1955 2898 1972 2930 ι
2010 2879 2268 2934 Dominus
2297 2879 2438 2936 Deus
2481 2893 2695 2952 patrum
2712 2890 3035 2947 vestrorum,
3070 2879 3213 2935 Deus
3239 2877 3540 2947 Abraham,

1955 2991 1971 3020 ι
2010 2968 2148 3024 Deus
2177 2969 2357 3038 Isaac,
2397 2981 2445 3026 et
2493 2971 2636 3027 Deus
2663 2971 2831 3026 Jacob
2863 2971 3008 3026 misit
3050 2986 3134 3025 me
3173 2971 3243 3024 ad
3293 2987 3382 3026 vos
3415 2969 3479 3024 ¹⁹.
3512 2987 3546 3022 οΔ

1952 3060 2114 3116 Vides
2142 3061 2222 3116 uti
2264 3075 2388 3116 cum
2419 3060 2509 3117 hic
2547 3061 2765 3117 unicam
2805 3075 3095 3132 personam
3136 3061 3350 3125 doceat,
3383 3075 3538 3115 eam-

1949 3152 2071 3208 dem
2103 3161 2156 3207 et
2184 3151 2471 3208 Dominum
2500 3153 2736 3224 appellet
2756 3161 2811 3208 et
2834 3152 3026 3208 Deum.
3071 3151 3180 3207 Sed
3230 3160 3287 3208 et
3334 3151 3537 3207 iterum

259 3241 566 3313 ἐξατατών
595 3256 668 3295 σε
687 3240 757 3294 ἐκ
780 3239 894 3310 τῆς
908 3239 1228 3308 Αἰγύπτου,
1250 3239 1320 3304 ἐξ
1349 3239 1519 3294 οἴκου
1540 3238 1842 3305 δουλείας·

1952 3244 2232 3315 Scriptura
2287 3244 2365 3300 ita
2427 3240 2714 3316 loquitur:
2772 3242 2842 3299 Et
2886 3244 3102 3300 locutus
3141 3252 3226 3299 est
3275 3243 3538 3300 Dominus

261 3337 374 3390 οὐκ
419 3333 667 3388 ἔσονταί
700 3346 799 3386 σοι
839 3331 961 3387 θεοὶ
984 3331 1172 3399 ἕτεροι
1206 3330 1375 3400 πλὴν
1396 3331 1563 3401 ἐμοῦ.
1605 3331 1848 3396 ’Δκούεις

260 3425 411 3488 ὅπως
442 3423 530 3479 διὰ
559 3427 658 3495 τῆς
692 3421 1040 3494 άντωνυμίας
1065 3421 1162 3475 ἕνα
1195 3417 1336 3474 εἶναι
1358 3421 1490 3477 Θεὸν
1525 3421 1684 3493 μόνον
1713 3421 1848 3476 ἀπο-

261 3514 531 3585 φαίνεται.
594 3514 705 3568 Καὶ
762 3507 918 3576 αὖθις
967 3512 1160 3584 μικρὸν
1212 3509 1456 3584 ὕστερον,
1527 3509 1674 3581 Ἐγώ
1730 3514 1846 3581 ειμι

261 3609 477 3676 Κύριος
499 3608 532 3660 ὀ
564 3605 708 3672 Θεός
744 3619 885 3668 σου,
927 3603 1109 3674 φησίν·
1143 3603 1334 3657 ἑαυτὸν
1365 3601 1570 3675 Κύριον
1600 3603 1695 3658 καὶ
1713 3603 1846 3657 Θεὸν

261 3696 402 3755 εἶναι
430 3697 620 3769 λέγων.
671 3698 737 3751 Τί
775 3697 832 3750 δὲ
875 3696 970 3750 καὶ
1007 3695 1075 3750 δι’
1125 3696 1316 3768 ἐτέρας
1362 3696 1580 3768 γραφῆς
1637 3695 1844 3767 μανθά-

259 3791 588 3865 νομεν;Κα“ι
603 3791 808 3862 γνώσῃ
837 3789 1121 3860 σήμερον,
1147 3789 1301 3861 φησι,
1331 3788 1431 3842 καὶ
1454 3790 1529 3843 οὐ
1560 3788 1844 3859 διαστρα-

260 3884 431 3957 prium
464 3882 536 3952 τῇ
581 3883 832 3951 διανοίᾳ,
883 3882 975 3936 ὅτι
1021 3883 1236 3951 Κύριος
1269 3885 1302 3935 o'
1329 3881 1473 3948 Θεός
1498 3895 1637 3946 σου,
1665 3877 1846 3948 οὗτος

264 3976 408 4043 Θεὸς
431 3974 592 4042 ἐντῷ
618 3974 851 4044 οὐρανῷ
870 3974 972 4028 καὶ
993 3974 1091 4028 ἐπὶ
1125 3973 1235 4044 τῆς
1261 3973 1375 4046 γῆς
1392 3973 1572 4040 κάτω,
1606 3974 1705 4028 καὶ
1732 3976 1846 4030 οὐκ

260 4069 394 4124 ἔστι
417 4067 583 4136 πλὴν
613 4068 820 4124 αὐτοῦ.
854 4068 965 4121 Καὶ
993 4063 1150 4133 αὖθις
1177 4070 1236 4121 ὲν
1254 4067 1334 4139 τῷ
1362 4067 1512 4139 αύτῷ
1533 4070 1847 4141 Δευτερονο-

265 4161 396 4232 μίῳ,
438 4163 674 4226 Ἀκουε,
709 4159 970 4231 Ἰσραὴλ,
1009 4162 1163 4232 φησὶ,
1188 4162 1401 4230 Κύριος
1422 4163 1455 4215 ὸ
1485 4160 1630 4228 Θεὸς
1654 4158 1842 4231 ὑμῶν,

261 4254 476 4322 Κύριος
503 4248 590 4320 εἷς
616 4253 766 4307 ἐστι’
801 4253 898 4308 καὶ
938 4253 1271 4324 ἀγαπήσεις
1315 4253 1536 4321 Κύριον
1557 4253 1666 4307 τὸν
1697 4255 1844 4308 Θεόν

260 4360 380 4401 σου
429 4344 500 4410 ἐξ
552 4345 700 4414 ὅλης
743 4345 854 4415 τῆς
883 4344 1128 4416 καρδίας
1151 4361 1291 4410 σου,
1323 4344 1424 4399 καὶ
1455 4345 1526 4411 ἐξ
1552 4345 1702 4416 ὅλης
1723 4349 1840 4416 ψυ-

261 4435 379 4508 χῆς
415 4451 554 4501 σου,
607 4437 705 4492 καὶ
729 4437 798 4502 ἐξ
832 4437 982 4505 ὅλης
1001 4436 1288 4503 διανοίας.
1321 4438 1432 4491 Καὶ
1470 4437 1632 4492 πάλιν
1656 4438 1714 4491 ἑν
1762 4437 1842 4510 τῷ

261 4527 643 4600 αύτῷἽδετε,
675 4530 850 4593 (dare,
867 4527 955 4582 ὅτι
984 4527 1097 4597 ἐγώ
1117 4531 1250 4599 ειμι,
1279 4528 1378 4582 καὶ
1401 4531 1514 4584 οὐκ
1539 4528 1671 4584 ἔστι
1697 4529 1842 4596 Θεὸς

1949 3339 2129 3394 omnia
2171 3338 2286 3392 hanc
2339 3338 2526 3403 verba,
2582 3335 2832 3407 inquiens
2874 3349 2891 3390 :
2959 3334 3074 3407 Ego
3102 3334 3363 3391 Dominus
3397 3333 3540 3401 Deus

1952 3441 2074 3486 tuus
2097 3471 2115 3498 ,
2180 3432 2273 3502 qui
2328 3439 2378 3485 te
2407 3430 2566 3484 eduxi
2596 3430 2662 3484 de
2699 3438 2844 3484 terra
2866 3428 3106 3501 nggpti,
3131 3427 3196 3484 de
3235 3427 3393 3482 domo
3425 3435 3541 3483 ser;

1951 3523 2152 3577 uitutis.
2210 3519 2336 3576 Non
2385 3533 2537 3576 erunt
2584 3521 2679 3576 tibi
2737 3522 2816 3576 dii
2885 3520 2979 3575 alii
3004 3519 3396 3589 preterme”.
3444 3515 3539 3575 Vi-

1947 3613 2046 3669 des
2094 3623 2154 3668 ut
2195 3627 2291 3684 per
2331 3626 2629 3683 pronomen
2672 3612 2763 3668 hic
2791 3627 2956 3666 unum
2981 3611 3152 3666 Deum
3183 3610 3362 3667 solum
3393 3610 3538 3666 indi-

1948 3717 2052 3763 cet.
2106 3706 2174 3761 Et
2217 3716 2341 3778 post
2390 3720 2562 3776 pauca
2590 3723 2605 3762 :
2635 3704 2747 3777 Ego
2779 3721 2894 3760 sum
2926 3703 3181 3759 Dominus
3215 3703 3359 3761 Deus
3389 3712 3548 3772 tuus,

1948 3799 2126 3870 inquit
2151 3799 2197 3831 ’ί
2227 3817 2240 3854 :
2278 3811 2339 3854 se
2371 3807 2428 3853 et
2457 3795 2628 3852 Deum
2672 3811 2794 3853 esse
2827 3794 3117 3867 proﬁtetur
3157 3801 3322 3865 atque
3347 3793 3537 3850 Domi-

1947 3905 2102 3946 num.
2133 3889 2288 3958 Quod
2321 3897 2376 3946 et
2401 3888 2469 3945 ab
2505 3888 2610 3945 alia
2640 3887 2921 3958 Scriptura
2956 3887 3274 3954 edocemur,
3302 3902 3423 3958 qua
3451 3886 3535 3944 sic

1946 3979 2207 4050 loquitur,
2244 3978 2535 4050 Cognosces
2578 3977 2732 4032 hodie
2769 3992 2933 4046 neque
2963 3975 3285 4046 cogitatione
3309 3990 3532 4045 peruer-

1946 4072 2096 4138 teris,
2135 4072 2277 4142 quod
2303 4070 2561 4126 Dominus
2587 4069 2730 4125 Deus
2758 4078 2900 4135 tuus,
2925 4067 3070 4124 Deus
3101 4067 3190 4123 ille
3229 4067 3297 4122 sit
3321 4068 3380 4122 in
3403 4066 3536 4122 calo

1946 4173 1993 4218 et
2023 4179 2180 4233 super
2212 4175 2408 4217 terram
2435 4177 2457 4218 :
2478 4172 2528 4217 et
2557 4178 2663 4217 non
2691 4169 2767 4216 est
2818 4169 3011 4230 prater
3057 4175 3178 4215 eum
3205 4161 3272 4214 ”.
3324 4157 3528 4215 lterum

1946 4256 2128 4312 denuo
2159 4255 2215 4311 in
2245 4254 2670 4311 Deuteronomio
2712 4253 2810 4318 ait,
2846 4252 3011 4320 Audi,
3041 4251 3240 4319 Israel,
3267 4250 3532 4306 Dominus

1946 4347 2087 4402 Deus
2141 4359 2345 4414 vester,
2395 4345 2536 4401 Deus
2561 4362 2698 4400 unus
2747 4353 2867 4401 est:
2911 4351 2962 4400 et
3009 4344 3197 4415 diliges
3247 4342 3535 4400 Dominum

1947 4439 2119 4494 Deum
2159 4449 2310 4494 tuum
2338 4454 2366 4494 e
2403 4446 2513 4493 toto
2546 4439 2702 4493 corde
2738 4448 2830 4493 tuo
2873 4446 2923 4492 et
2972 4445 3086 4493 tota
3125 4438 3306 4492 anima
3343 4446 3438 4492 tua
3460 4436 3533 4495 ⁸³.

1946 4532 2013 4587 Ει
2057 4532 2112 4588 in
2164 4529 2355 4588 eodem
2405 4529 2600 4586 lterum
2629 4549 2643 4585 :
2685 4527 2887 4593 Videte,
2910 4529 3093 4594 oidete,
3123 4528 3265 4600 quod
3291 4543 3388 4599 ego
3415 4543 3533 4583 sum

260 4618 428 4687 πλὴν
454 4619 622 4689 ἐμοῦ,
656 4619 771 4690 ἐγὼ
803 4617 1110 4675 ἀποκτενῶ
1148 4619 1245 4673 καὶ
1295 4617 1405 4688 ζῇν
1444 4621 1699 4687 ποιήσω,
1731 4637 1842 4674 παρ

1951 4635 1991 4680 ει
2032 4640 2134 4677 non
2163 4633 2237 4677 est
2267 4621 2396 4676 deus
2446 4630 2638 4690 praeter
2675 4636 2778 4678 me.
2827 4618 2939 4690 Ego
2980 4620 3239 4687 occidam,
3276 4626 3326 4674 et
3369 4618 3534 4673 viuere

259 4710 416 4776 τάξω
455 4712 554 4766 καὶ
597 4712 856 4782 ἰάσομαι.
893 4710 1018 4775 Πῶς
1047 4707 1139 4765 οὖν
1173 4711 1467 4784 Ἀστέριος,
1504 4713 1625 4777 ταῖς
1655 4712 1842 4784 ἁγίαις

258 4802 503 4876 Γραφαῖς
550 4803 736 4869 ἁπλῶς
764 4805 858 4874 καὶ
879 4804 1132 4876 ὲμφόόως
1167 4804 1483 4858 ἀκολουθεῖν
1511 4805 1842 4876 προσποιού-

262 4911 441 4966 μενος,
468 4896 568 4948 οὐκ
612 4895 753 4965 ἔγνω
787 4896 849 4950 τὸ
886 4895 1052 4968 μέρος
1079 4895 1236 4949 τοῦτο
1256 4895 1432 4965 λέγονο
1473 4896 1587 4969 (85)
1624 4897 1842 4966 Κύριος

255 4991 291 5044 ὁ
325 4990 468 5055 Θεός
505 5003 643 5052 σου,
677 4983 856 5055 οὗτος
909 4989 1053 5054 Θεὸς
1091 4987 1202 5059 (86)
1227 4987 1298 5041 ἐν
1334 4987 1415 5053 τῷ
1438 4987 1692 5056 οὐρανῷ,
1739 4990 1840 5044 καὶ

253 5078 352 5132 ἐπὶ
383 5075 493 5145 τῆς
519 5075 632 5146 τῆς
651 5076 827 5140 κάτω,
862 5077 961 5130 καὶ
988 5078 1099 5131 οὐκ
1133 5077 1265 5131 ἐστι
1293 5075 1462 5145 πλὴν
1487 5077 1696 5132 αὐτοῦ.
1728 5079 1840 5132 Kal

251 5173 338 5226 ac:
377 5168 458 5235 εἷς
503 5169 647 5225 ἐστιν
695 5171 773 5224 ἔτι
805 5170 901 5223 καὶ
925 5168 1066 5242 πλὴν
1105 5169 1273 5225 αὑτοῦ
1318 5170 1420 5224 οὐκ
1451 5170 1599 5226 ἔστιν
1623 5171 1831 5246 ἕτερος.

253 5261 365 5317 Καὶ
385 5259 502 5331 μεθ’
517 5261 678 5332 ἕτερα
692 5259 902 5324 τούτοις
916 5254 1072 5323 αὖθις
1087 5258 1408 5332 προστίθησι
1429 5258 1626 5329 λέγων’
1649 5278 1668 5313 ι
1710 5261 1835 5327 Πῶς

333 5449 391 5514 ἧι
428 5441 528 5497 Ed.
556 5441 754 5514 Paris.,
789 5461 914 5513 pag.
946 5443 1070 5501 152.
1222 5444 1266 5476 ⁸³
1292 5442 1459 5502 Marc.
1501 5460 1599 5514 xtl,
1639 5446 1828 5505 28.32.

257 5515 305 5547 “
334 5513 575 5581 Deutnv,
608 5513 698 5570 39.
773 5516 820 5548 “
845 5516 1000 5572 Deut.
1032 5532 1086 5572 Vl
1141 5515 1197 5584 4,
1236 5515 1288 5571 5.
1365 5515 1412 5548 “
1447 5516 1602 5573 Deut.
1641 5534 1813 5588 xxxii,
1845 5519 1934 5577 39.

332 5740 446 5809 (εἰ)
473 5737 1054 5815 Ῡιιιςοῂτῆςρκαρδῐας.
1085 5737 1203 5796 Mox
1260 5739 1419 5813 vulgo
1467 5749 1588 5815 post
1648 5740 1840 5815 πρώτη

260 5812 382 5867 add.
419 5811 512 5881 καὶ
538 5809 746 5881 μεγάλη
770 5811 804 5879 ἡ
846 5809 1056 5881 ἐντολή.

328 5880 445 5952 (85)
469 5880 582 5952 Τήν
607 5880 766 5952 vuluo
790 5882 956 5952 deest.

353 5950 446 6020 84)
474 5949 645 6023 vulgo
677 5949 768 6007 τοῦ
805 5951 930 6022 Ἰσρ.

1947 4717 2167 4785 faciam,
2205 4713 2497 4784 percutiam
2516 4722 2564 4766 et
2590 4715 2792 4767 sonabo
2814 4711 2881 4765 “.
2925 4709 3208 4778 Quomodo
3241 4712 3346 4767 hoc
3371 4712 3535 4766 Aste-

1947 4807 2061 4864 rius
2087 4805 2375 4880 ignorabat
2405 4804 2495 4876 qui
2528 4818 2588 4860 se
2615 4803 2790 4860 videri
2817 4804 2957 4868 vult,
2987 4815 3109 4858 cum
3142 4803 3362 4868 timore,
3396 4801 3531 4858 sim-

1945 4900 2159 4971 pliciter
2177 4907 2479 4956 scrutatum
2511 4911 2698 4954 sacras
2728 4896 2962 4952 Litteras
2994 4913 3007 4948 :
3034 4893 3292 4950 nimirum
3319 4903 3528 4962 partem

1946 4993 2354 5064 Scripturarutn
2384 4991 2535 5047 illam
2566 4991 2659 5048 ubi
2689 4991 2911 5057 dicitur,
2931 4989 3190 5044 Dominus
3215 4985 3360 5040 Deus
3384 4996 3528 5051 tuus,

1946 5085 2089 5141 Deus
2119 5101 2255 5139 unus
2286 5093 2387 5150 est,
2432 5085 2490 5139 in
2521 5084 2649 5140 coelo
2671 5101 2905 5148 sursum,
2931 5093 2979 5138 et
3001 5083 3057 5137 in
3082 5092 3224 5137 terra
3249 5081 3531 5144 deorsum,

1943 5183 1992 5228 et
2051 5187 2155 5226 non
2204 5178 2284 5226 est
2311 5181 2506 5239 prater
2531 5186 2651 5226 eum
2677 5183 2698 5224 :
2727 5170 2871 5241 quod
2906 5182 3045 5224 unus
3092 5166 3186 5235 sit,
3216 5174 3272 5222 et
3296 5180 3406 5220 non
3445 5174 3533 5220 cst

1944 5264 2084 5320 alius
2111 5271 2313 5335 praeter
2341 5262 2518 5319 illum.
2570 5261 2697 5319 Post
2737 5262 2843 5318 alia
2867 5269 2924 5318 et
2951 5260 3104 5320 hisce
3137 5255 3404 5324 annectit,
3446 5255 3528 5311 in-

1944 5451 1988 5484 "
2018 5449 2189 5507 Exod.
2223 5464 2306 5514 ιιι,
2345 5449 2430 5504 15.
2528 5447 2768 5504 "Exod.
2797 5463 2892 5514 xx,
2939 5445 3002 5513 ἢ,
3056 5446 3097 5501 '5
3229 5443 3278 5476 “
3305 5439 3449 5498 ibid.
3480 5439 3547 5494 ‘5.

2014 5741 2131 5815 (85)
2165 5744 2339 5814 Vulgo
2368 5743 2561 5815 λέγων.

2641 5825 2692 5875 et
2732 5831 2886 5886 mox,
2922 5815 3022 5872 ἐπὶ
3051 5814 3159 5887 γῆς
3211 5816 3264 5865 ct
3313 5805 3440 5862 εστι
3487 5792 3599 5860 καὶ

1941 5885 2102 5957 πλὴν.
