4106 6430
297 393 330 443 9
347 391 402 447 i9

1219 403 1302 459 DE
1342 402 1888 462 ECCLESIASTICA
1929 408 2338 465 TIIEOLOGIA
2377 409 2504 464 LIB.
2551 411 2613 464 ll.

3470 416 3578 472 950

302 527 320 560 ι
362 510 425 564 Τί
454 511 510 566 δὲ
545 515 637 567 καὶ
655 515 809 586 Ὠσηὲ
849 516 877 569 ὁ
916 519 1231 590 προφήτηςς
1259 522 1319 575 οὐ
1349 523 1444 576 καὶ
1468 525 1632 588 αὐτὸς
1652 525 1721 578 τὰ
1747 526 1858 579 αὑτά

1995 545 2012 576 ι
2061 528 2164 582 hoc
2210 527 2383 597 ipsum
2411 527 2498 582 ille
2533 525 2894 581 testificatur?
2926 527 3039 598 Ego
3072 530 3231 584 eduxi
3253 541 3323 598 te,
3361 531 3571 603 dicens,

299 622 318 654 ι
364 610 658 676 μαρτυρεί;
704 607 846 677 Ἐγὼ
888 611 1194 681 ἀνήγαγόν
1231 631 1304 668 σε
1339 615 1409 680 ἐξ
1440 618 1765 687 Αἰγύπτου,
1800 618 1886 672 λέ-

296 716 314 745 (
356 713 486 765 γων,
521 699 618 751 καὶ
651 700 800 753 Θεὸν
827 703 996 772 πλὴν
1025 705 1171 775 ἐμοῦ
1201 709 1272 761 οὺ
1305 711 1532 778 γνώσῃ,
1561 711 1660 764 καὶ
1685 709 1885 772 σώζων

294 803 312 833 ι
352 788 464 838 οὐκ
501 786 631 841 ἐστι
654 791 846 858 παρὲξ
867 792 1034 862 ἐμοῦ.
1069 792 1235 859 Αὖθίς
1257 814 1316 849 τε
1332 799 1359 851 ὁ
1390 799 1674 870 Μαλαχίας
1694 841 1709 867 ,
1733 803 1881 869 Οὐχὶ

293 899 310 924 ι
358 876 502 944 Θεὸς
529 873 617 946 εἷς
645 882 888 939 ἔκτισεν
917 886 1091 957 ὑμᾶς,
1137 889 1304 959 φησίν
1331 907 1343 918 ·
1373 891 1521 960 Οὐχὶ
1558 891 1756 961 πατὴρ
1794 891 1882 961 εἷς

295 984 313 1014 ι
354 965 594 1022 πάντων
626 972 824 1040 ὑμῶν;
871 976 1026 1031 Ἀλλά
1054 978 1147 1039 τὸν
1173 979 1340 1033 Δαϐίδ
1387 983 1519 1053 φησί
1559 1001 1664 1037 που
1699 984 1882 1036 Ἀστέ-

294 1078 314 1109 ι
361 1076 493 1132 ριος,
529 1063 695 1134 μηδὲν
723 1069 1003 1138 εἰρηκέναι
1036 1072 1164 1142 περὶ
1190 1071 1403 1137 τούτου,
1435 1073 1613 1127 καίτοι
1643 1076 1881 1146 πρεσϐύ-

293 1169 312 1202 s
347 1169 508 1208 τατον
528 1158 675 1228 παρά
713 1160 918 1214 Μωσέα
938 1162 1046 1215 τῶν
1077 1163 1253 1217 ἄλλων
1279 1166 1574 1237 προφητῶν
1602 1168 1753 1232 ὄντα,
1785 1171 1880 1222 καὶ

293 1263 310 1291 ι
342 1242 430 1297 διὰ
459 1245 614 1300 τοῦτο
640 1249 982 1319 ἀμφιγνοεῖν,
1011 1253 1120 1307 εἴτε
1141 1254 1236 1308 δύο
1259 1257 1415 1320 Θεοὺς
1443 1259 1737 1313 ὑποστάσει
1763 1263 1879 1333 διῃ-

293 1352 312 1382 ι
351 1337 621 1410 ρημένους
670 1342 910 1412 νομίζειν
965 1341 1106 1398 εἶναι
1153 1349 1442 1420 προσήκει,
1497 1351 1607 1403 εἴτε
1649 1355 1740 1408 καὶ
1778 1359 1873 1425 μή.

292 1445 309 1474 ι
355 1427 560 1482 Οὐκοῦν
596 1429 682 1483 ἵνα
713 1432 788 1502 μὴ
818 1433 976 1486 τοῦτο
1004 1434 1157 1508 λέγῃ,
1191 1437 1482 1492 ἀκόλουθον
1511 1443 1752 1513 ἡγοῦμαι
1783 1446 1877 1497 καὶ

291 1532 308 1563 ι
348 1515 508 1569 αὐτὸν
560 1519 826 1587 ἐπιδεῖξαι
859 1523 1005 1595 αὐτῷ
1036 1525 1102 1578 τὰ
1132 1527 1272 1580 αὺτά
1310 1532 1423 1594 τοῖς
1453 1534 1877 1604 προειρημένοις

290 1623 308 1654 ι
342 1607 517 1674 ἁγίοις
560 1610 804 1680 λ’ἐγοντα·
856 1616 1173 1684 Ἄκουσον,
1207 1623 1360 1692 φησὶ,
1399 1625 1558 1690 λαός
1581 1644 1721 1695 μου,
1775 1630 1873 1683 καί

287 1715 306 1746 ι
351 1698 603 1767 λαλήσω
647 1721 767 1770 σοι,
819 1707 1087 1777 Ἰσραὴλ,
1114 1713 1209 1764 καὶ
1247 1715 1717 1788 διαμαρτύρομαι
1749 1735 1869 1774 σοι’

285 1803 305 1837 ι
344 1789 452 1843 ἐὰν
473 1792 745 1864 ἀκούσῃς
763 1817 905 1866 μου,
931 1802 1040 1854 οὐκ
1064 1802 1239 1858 ἔστιν
1269 1807 1338 1859 ἑν
1389 1809 1486 1861 σοὶ
1510 1811 1654 1876 Θεὸς
1686 1814 1871 1880 πρόσ-

286 1900 303 1923 σ
339 1895 546 1971 φατος,
575 1885 718 1938 οὐδὲ
756 1891 1210 1959 προσκυνήσεις
1244 1895 1364 1961 Θεῷ
1395 1876 1858 1971 ἁλλοτρίῳλΕγίι

1983 1924 1997 1950 ι
2041 1917 2204 1969 neque
2253 1900 2504 1954 adorabis
2562 1899 2729 1953 Deum
2775 1900 3008 1951 alienum
3050 1915 3071 1952 :

285 1987 302 2016 ε
348 1969 456 2038 γάρ
487 1975 602 2042 ειμι
634 1977 854 2045 Κύριος
877 1981 910 2031 ὀ
936 1982 1079 2046 Θεός
1106 1997 1244 2038 σου.
1292 1987 1348 2039 '0
1369 1988 1529 2042 αὑτὸν
1562 1969 1870 2058 ἐπιδεικνὺς

283 2078 300 2109 ι
341 2061 436 2114 καὶ
464 2061 657 2157 λέγων,
690 2068 800 2138 ἐγώ
831 2073 967 2143 εἰμι,
1009 2075 1070 2127 οὐ
1113 2075 1270 2146 δῆλός
1311 2081 1458 2134 ἐστιν
1486 2082 1580 2135 ἕνα
1605 2083 1737 2138 Θεὸν
1769 2088 1869 2157 μό-

281 2168 302 2202 ι
336 2170 425 2208 νον
469 2152 606 2216 εἶναι
626 2160 820 2229 λέγων,
857 2168 998 2220 τοῦτ’
1028 2169 1172 2223 ἔστιν
1193 2174 1413 2240 ἐαυτόν;
1453 2196 1473 2229 ι

927 2262 1084 2315 ΚΕΦ.
1123 2267 1205 2318 Κ’.

273 2337 824 2434 Διάᾼξίᾶςξοσῇςικαὶ
848 2355 900 2434 ci
929 2358 1319 2434 αροφῇταίοῤ
1348 2363 1584 2434 γιομνῶς
1606 2368 1863 2434 παρέδω-

512 2416 816 2487 Ἰουὸαίοις
835 2423 951 2490 τὴν
967 2416 1242 2495 περίτοῦ
1280 2416 1774 2505 Υιὸῡ⁴θεὸλὸγῖἆὶἑ

346 2503 530 2558 Ταῦτα
579 2511 755 2564 πάντα
790 2516 1106 2587 Μάρκελλος
1150 2524 1243 2576 καὶ
1295 2524 1373 2578 ἔτι
1405 2503 1862 2585 τούτων-πλείονα

271 2594 366 2646 ἐπὶ
389 2596 618 2670 ἀρνήσει
649 2603 742 2657 τοῦ
772 2607 902 2659 Υίοῦ
931 2609 1023 2662 τοῦ
1056 2612 1192 2666 Θεοῦ
1241 2618 1546 2688 συνεφόρει.
1583 2620 1648 2673 δι’
1673 2623 1862 2676 ἀνεπι-

272 2689 636 2784 στημοσύνην·
678 2696 738 2748 οὐ
782 2697 1154 2771 λογισάμενος,
1193 2706 1274 2758 ὅτι
1318 2708 1451 2779 πρὸς
1495 2711 1594 2780 τὴν
1625 2711 1858 2784 σκληρο-

270 2778 499 2849 καρδίαν
545 2783 640 2836 τοῦ
676 2787 944 2843 Ἰουδαίων
980 2792 1107 2846 λαοῦ
1139 2798 1170 2866 ἡ
1199 2799 1421 2870 τοιαύτη
1456 2803 1638 2866 αὐτοῖς
1670 2806 1858 2875 παρεί-

267 2885 394 2967 ἕετο
413 2871 749 2932 διδασκαλία.
803 2881 936 2935 Οὐδὲ
970 2885 1079 2957 γὰρ
1111 2883 1221 2941 οἷόν
1247 2909 1303 2943 τε
1339 2889 1406 2963 ἦν
1438 2895 1499 2948 τὸ
1545 2871 1767 2967 Πνεῦμα
1798 2898 1859 2950 τὸ

263 2961 443 3058 ἀγιον,
470 2967 556 3022 διὰ
588 2975 696 3024 τῶν
743 2979 1034 3049 προφητῶν
1065 2981 1156 3033 τοῦ
1205 2983 1340 3037 Θεοῦ
1364 2961 1704 3058 ἀνθρώποις-
1734 2993 1858 3044 ἁτε-

267 3050 383 3150 λέσι
434 3059 533 3122 τὰς
564 3064 766 3134 φρένας
795 3070 983 3142 ἐντελῆ
1026 3075 1364 3144 παραδοῦναι
1415 3050 1504 3132 τὸν
1548 3081 1646 3150 τῆς
1669 3050 1856 3136 ήθεοσε-

268 3144 421 3212 σείας
446 3150 621 3220 λόγον.
656 3157 812 3213 Οὕτω
844 3161 975 3216 γοῦν
1009 3166 1191 3230 αὐτοῖς
1237 3169 1330 3221 καὶ
1364 3170 1553 3236 Θυσίας
1588 3175 1853 3229 ἐπιτελεῖν

1993 638 2011 669 ι
2052 635 2117 672 ex
2144 618 2402 689 ngyplo,
2456 628 2505 673 et
2539 618 2707 673 Deum
2759 634 2862 672 non
2915 637 3192 690 cognosces
3237 635 3430 692 praeter
3470 642 3572 682 me.

1992 728 2010 760 ι
2056 709 2184 764 Non
2217 720 2292 764 est
2314 711 2405 779 qui
2448 720 2617 764 servet
2640 723 2835 780 prwter
2859 728 2939 766 me
2964 713 3031 765 ".
3071 713 3278 769 Rursus
3310 724 3491 770 autem
3520 726 3578 771 et

1991 821 2008 852 ι
2049 801 2345 858 Malachias
2396 801 2492 866 ait,
2551 801 2744 857 Nonne
2790 801 2931 856 Deus
2981 821 3120 858 unus
3155 805 3391 880 condidit
3440 807 3575 861 vos?

1991 914 2006 945 ι
2051 911 2220 949 nonne
2250 891 2416 949 Pater
2463 911 2600 949 unus
2646 904 2760 948 erat
2808 897 3040 949 omnium
3068 904 3298 950 vestrum
3327 896 3413 948 ³³7
3465 895 3575 953 Sed

1990 1006 2007 1038 ι
2051 988 2128 1041 ait
2164 989 2398 1056 quodam
2439 987 2492 1041 in
2523 987 2642 1041 loco
2678 988 2942 1052 Asterius,
2985 987 3120 1042 nihil
3144 989 3210 1042 de
3246 987 3350 1042 hoc
3389 987 3572 1057 prolo-

1987 1099 2004 1130 ι
2047 1089 2230 1133 culum
2259 1079 2540 1145 Davidem,
2573 1081 2665 1148 qui
2705 1088 2883 1133 tamen
2907 1089 3134 1148 excepto
3163 1078 3332 1143 Mose,
3374 1079 3447 1133 sit
3476 1096 3574 1134 an-

1987 1188 2004 1219 ι
2052 1167 2387 1235 liquissimus
2422 1167 2834 1237 prophetarum,
2859 1176 3021 1238 atque
3055 1169 3194 1222 hanc
3233 1169 3302 1222 ob
3347 1184 3572 1226 causam

1988 1277 2004 1307 ε
2045 1257 2265 1311 dubium
2319 1256 2515 1320 fuisse,
2561 1264 2742 1309 utrum
2775 1255 2910 1310 duos
2969 1254 3101 1309 deos
3153 1259 3212 1322 ᾖ
3265 1256 3570 1310 substantia

1987 1368 2003 1398 ι
2051 1348 2258 1402 divisos
2299 1345 2542 1416 proﬁteri
2583 1346 2826 1408 deberet,
2881 1359 2947 1398 an
3001 1360 3131 1402 non.
3182 1346 3449 1410 Quocirca
3503 1361 3571 1400 ne

1988 1459 2002 1489 ι
2050 1440 2150 1493 hoc
2180 1454 2304 1492 vere
2340 1438 2547 1493 dixisse
2581 1438 2883 1492 arbitretur
2910 1452 2990 1504 se,
3031 1451 3372 1506 consequens
3399 1445 3570 1493 estut

1985 1552 2001 1582 ι
2044 1532 2325 1587 ostendam
2378 1532 2521 1585 hunc
2575 1545 2790 1601 quoque
2839 1541 3017 1585 vatem
3088 1529 3391 1584 consimilia
3445 1545 3570 1584 cum

1985 1644 2002 1674 ι
2045 1624 2318 1695 prmdictis
2369 1624 2733 1679 sanctissimis
2778 1624 2911 1678 viris
2963 1623 3228 1677 sensisse.
3281 1622 3443 1687 Audi,
3481 1623 3569 1676 in-

1984 1739 2000 1769 ι
2046 1717 2164 1787 quit
2202 1716 2312 1782 ille,
2359 1716 2547 1786 popule
2574 1717 2669 1778 mi,
2703 1725 2750 1768 et
2787 1716 2974 1785 loquar
3007 1715 3124 1777 tibi,
3161 1712 3356 1776 Israel,
3387 1713 3572 1781 testiﬁ-

1981 1830 1997 1860 ι
2040 1811 2200 1864 cabor
2233 1821 2302 1875 le,
2333 1809 2381 1862 si
2402 1826 2482 1861 me
2507 1809 2719 1874 audias,
2743 1825 2844 1861 non
2871 1808 2964 1861 erit
2993 1807 3044 1861 in
3076 1815 3123 1861 te
3147 1805 3286 1859 Deus
3317 1806 3567 1869 novicius,

3121 1896 3234 1967 Ego
3271 1900 3407 1951 enim
3451 1912 3568 1950 sunt

1981 2015 1997 2043 ι
2042 1993 2296 2047 Dominus
2312 1991 2451 2046 Deus
2471 1991 2670 2045 tuus".
2696 1991 2795 2056 Qui
2821 1992 2970 2052 dicit,
2989 2003 3089 2061 ego
3113 2005 3256 2056 sum,
3278 1991 3438 2059 idque
3454 1997 3566 2044 tam

1979 2105 1994 2136 ι
2035 2086 2334 2149 evidenter,
2401 2099 2581 2138 annon
2627 2085 2825 2137 fatetur
2886 2084 2976 2137 ille
3018 2084 3187 2140 Deum
3232 2097 3400 2141 unum
3446 2094 3567 2138 esse

1975 2197 1992 2228 ι
2033 2177 2229 2244 solum,
2270 2177 2371 2232 hoc
2400 2186 2483 2232 est
2519 2176 2922 2245 semetipsum?
2956 2195 2974 2228 ι

2613 2267 2766 2323 CAP.
2806 2265 2921 2323 XX.

1969 2364 2110 2429 Quid
2139 2380 2314 2419 causm
2359 2363 2516 2431 fuerit
2561 2363 2706 2430 quod
2772 2359 2949 2417 Moses
2991 2370 3040 2415 et
3078 2365 3346 2431 propheta:
3396 2360 3564 2429 expli-

2001 2437 2158 2488 citam
2191 2438 2253 2489 de
2284 2433 2425 2487 Filio
2451 2432 2767 2502 theologiam
2791 2433 2999 2486 Judxis
3032 2449 3136 2485 non
3171 2434 3528 2487 tradiderunt.

2036 2525 2160 2580 llaec
2203 2517 2385 2579 omnia
2422 2524 2712 2579 Marcellus
2758 2535 2814 2578 et
2866 2523 3044 2578 adhuc
3086 2523 3262 2594 plura,
3310 2525 3363 2579 in
3397 2525 3566 2579 abne-

1963 2620 2231 2690 gationem
2265 2617 2388 2671 Filii
2422 2617 2513 2671 Dei
2547 2615 2827 2681 congessit
2855 2634 2866 2668 :
2901 2623 3127 2684 propter
3173 2631 3329 2672 snam
3367 2632 3564 2686 nempe

1963 2711 2326 2780 ignorantiam
2364 2726 2378 2763 :
2416 2724 2520 2762 non
2563 2708 2708 2763 enim
2748 2707 3160 2774 recordabatur,
3212 2717 3438 2778 propter
3467 2707 3562 2767 lu-

1961 2804 2200 2856 dzeorum
2232 2801 2414 2857 cordis
2447 2800 2727 2866 duritiem,
2758 2799 2900 2855 hanc
2934 2801 3066 2870 ipsis
3099 2801 3404 2855 doctrinam
3429 2801 3561 2854 olim

1962 2904 2429 2964 repraesentatam.
2497 2892 2612 2946 Non
2675 2892 2821 2946 enim
2899 2903 3112 2962 poterat
3166 2893 3405 2962 Spiritus
3471 2890 3561 2947 ille

1961 2996 2184 3042 sanctus
2211 2987 2522 3041 hominibus
2551 2986 2688 3041 adeo
2728 2985 3065 3054 imperfectis
3101 2995 3156 3041 et
3189 2996 3372 3039 nente
3409 2985 3559 3040 inca-

1959 3076 2203 3145 pacibus,
2231 3090 2325 3144 per
2346 3075 2642 3144 prmphetas
2664 3089 2814 3140 suos,
2841 3075 2956 3128 suis
2979 3076 3226 3127 numeris
3245 3075 3558 3129 absolutam

1964 3168 2176 3222 tradere
2221 3166 2441 3235 pietatis
2475 3166 2526 3218 in
2571 3167 2737 3221 Deum
2781 3165 3070 3219 rationem.
3121 3164 3248 3226 Ideo
3281 3163 3556 3220 sacriﬁcia

265 3239 594 3332 ἐνομοθέτει,
649 3252 742 3304 καὶ
777 3252 1030 3324 σώματος
1084 3261 1383 3332 περιτομὴν
1404 3303 1416 3325 ,
1450 3231 1547 3318 καί
1578 3267 1854 3321 Σαόὅάτου

1969 3261 2219 3332 praecepit
2262 3260 2440 3316 facere
2471 3279 2483 3312 :
2524 3260 2644 3315 ideo
2679 3261 2928 3330 corporis
2966 3258 3467 3323 circumcisionem,
3500 3268 3556 3314 et

263 3329 658 3431 QUlath,-XG‘L
689 3343 905 3396 τοιωνδ)⁸
941 3345 1244 3418 βρωμάτων
1281 3329 1492 3424 ἀποχὴν
1523 3357 1616 3408 καὶ
1649 3358 1857 3431 καθάρο

1969 3329 2220 3414 Sabbata,
2246 3361 2299 3405 et
2326 3352 2572 3405 ciborum
2596 3329 2956 3420 quorumdam
2984 3349 3397 3411 abstinentiam,
3422 3364 3553 3404 cor-

263 3434 354 3524 σια
399 3427 690 3524 σωμάτων,
746 3439 1063 3505 σωματικάς
1093 3457 1151 3492 τε
1186 3442 1454 3511 εὐλογίας,
1507 3449 1594 3500 ναὶ
1629 3450 1735 3520 μὴν
1762 3427 1855 3506 καὶ

1969 3444 2107 3513 poris
2139 3442 2468 3507 ablutiones,
2495 3442 2808 3511 corporales
2837 3441 3268 3505 benedictiones,
3309 3441 3550 3510 promis-

259 3518 367 3614 γῇς
393 3518 631 3614 ῥεούσης
663 3525 804 3592 γάλα
836 3531 923 3581 xui
957 3531 1100 3599 μέλι,
1142 3534 1257 3586 ἀλλ’
1290 3537 1350 3587 οὐ
1388 3536 1664 3605 βασιλείας
1694 3518 1856 3614 οὐρα-

1969 3535 2140 3590 siones
2171 3535 2394 3602 insuper
2422 3549 2527 3587 non
2563 3533 2826 3589 caelorum
2855 3535 3032 3602 regni,
3064 3534 3158 3587 sed
3193 3543 3354 3586 terrae
3393 3533 3551 3590 lactis

388 3609 744 3680 ἐπαγγελίας.
787 3619 844 3674 ’0
881 3622 938 3676 δὲ
958 3625 1146 3696 Σωτὴρ
1172 3628 1262 3680 καὶ
1299 3629 1502 3700 Κύριος
1529 3634 1560 3703 ἡ
1571 3635 1685 3704 μῶν
1718 3605 1854 3704 ἐρω-

1969 3638 2007 3682 zt
2036 3626 2209 3682 mellis
2243 3625 2748 3681 abundantissime.
2780 3627 3042 3683 Dominus
3068 3635 3248 3681 autem
3273 3624 3548 3680 etServs-

258 3702 461 3798 τηΘεὶς,
498 3708 618 3774 πῶς
665 3715 911 3781 Μωσέως
961 3723 1366 3791 προστάξαντος
1397 3702 1597 3782 διδόναι
1648 3702 1851 3798 βιϐλίον

1969 3736 2039 3775 .or
2082 3719 2470 3787 interrogatus,
2507 3733 2615 3786 quo
2648 3717 2807 3776 modo
2842 3733 2964 3772 cum
3010 3718 3331 3786 praeciperet
3368 3716 3548 3774 Moses

255 3794 590 3887 ἀποστασίου
647 3808 742 3860 καὶ
787 3809 1045 3865 ἀπολύειν
1094 3815 1194 3886 τὴν
1236 3816 1431 3870 ἑαυτοῦ
1487 3824 1718 3887 γυναῖκα
1757 3824 1848 3876 τὸν

1969 3809 2160 3878 'epudii
2194 3808 2434 3862 libellum
2474 3809 2626 3874 dare,
2659 3818 2714 3863 et
2746 3809 3034 3863 demittere
3075 3823 3326 3872 uxorem,
3364 3809 3408 3862 si
3455 3809 3546 3864 cui

251 3883 573 3981 βουλόμενον
604 3897 776 3963 αὐτὸς
805 3903 1066 3959 τάναντία
1099 3883 1389 3972 διατάττοι,
1435 3883 1526 3964 τὸν
1556 3912 1712 3981 λόγον
1743 3917 1848 3968 ἀπ-

1973 3912 2023 3957 ta
2071 3901 2474 3964 adlubescebat,
2507 3901 2620 3970 ipse
2650 3901 2905 3956 statuerit
2937 3902 3025 3956 his
3055 3899 3416 3965 contrarium,
3458 3916 3545 3955 ra-

244 3979 406 4035 έδωκε
446 3987 751 4046 καθολικὺν
784 3995 983 4065 φήσας,
1025 3999 1248 4067 Μωσῆς
1275 4001 1424 4068 πρὸς
1442 4003 1555 4071 τὴν
1593 3979 1849 4075 σκληρο-

1973 3994 2149 4049 ionem
2180 3994 2356 4048 reddit
2384 3993 2771 4057 universalem,
2805 3994 3081 4064 inquiens,
3111 3992 3288 4047 Moses
3327 4003 3544 4062 propter

241 4078 681 4156 καρδίαν-ὐμῶν
699 4086 1122 4161 ἐπραψενωὸγ
1144 4093 1456 4164 ἀπ’ἁρχῆς
1485 4096 1552 4150 δὲ
1579 4100 1650 4152 οὐ
1679 4099 1844 4170 γέγο-

1969 4085 2194 4138 luritiem
2217 4085 2456 4139 cordium
2482 4093 2773 4138 vestrorum
2798 4085 2874 4137 ita
2905 4084 3116 4152 scripsit
3149 4102 3168 4137 :
3205 4085 3296 4137 sed
3322 4100 3354 4136 a
3384 4084 3540 4152 prin-

241 4195 341 4232 re‘r
391 4176 572 4234 οὕτω.
617 4180 840 4234 Ταὺτδν
870 4178 962 4236 οὖν
998 4179 1150 4238 εἶπεν
1189 4185 1275 4252 ἂν,
1326 4189 1418 4241 καὶ
1452 4189 1506 4240 εἴ
1533 4209 1616 4254 τις
1658 4193 1840 4264 ἤρετο,

1969 4177 2080 4245 ipio
2119 4193 2224 4229 non
2264 4176 2363 4244 fuit
2405 4178 2477 4230 ita
2506 4176 2572 4228 ³⁸.
2613 4176 2767 4242 Quod
2809 4185 2865 4230 et
2903 4176 3079 4245 ipsum
3110 4175 3277 4231 etiam
3309 4190 3539 4244 respon-

244 4267 356 4338 (96)
411 4267 464 4322 τί
511 4270 579 4342 δή
615 4287 750 4323 ποτε
796 4270 928 4326 Θεὸν
970 4272 1066 4326 ἕνα
1107 4275 1285 4330 σέϐειν
1335 4280 1836 4351 παρακελευόμενοι

1969 4269 2139 4335 lisset,
2169 4270 2214 4323 si
2248 4269 2370 4336 quis
2401 4268 2812 4338 interrogasset,
2853 4268 2964 4328 Cur
3004 4283 3127 4322 cum
3166 4269 3335 4322 Deum
3369 4282 3538 4322 unum

251 4361 456 4432 Μωσῆς
523 4363 616 4415 καὶ
668 4363 717 4415 οἱ
779 4364 895 4433 μετ’
948 4365 1108 4418 αὑτὸν
1170 4369 1443 4440 προφῆται
1509 4372 1608 4424 οὐκ
1667 4373 1838 4426 ἐδίδα-

1973 4362 2118 4417 olere
2157 4361 2356 4424 Moses,
2412 4371 2467 4416 et
2516 4370 2638 4431 post
2689 4360 2891 4416 Mosem
2944 4363 3224 4431 pr0pheta:
3274 4362 3537 4430 praecipe-

252 4467 381 4504 σκον
440 4455 637 4518 αὐτοὺς
686 4455 785 4526 τὴν
847 4457 976 4527 περὶ
1036 4458 1128 4510 τοῦ
1185 4460 1313 4515 Υἱοῦ
1371 4462 1602 4530 γνῶσιν;
1645 4466 1838 4537 οὐγὰρ

1970 4465 2081 4519 ent,
2129 4454 2264 4508 nihil
2328 4453 2487 4524 plane
2535 4453 2875 4517 docuerunt,
2929 4469 3032 4510 nec
3086 4454 3374 4509 scientiam
3427 4454 3534 4510 illis

252 4537 355 4598 οἶοί
396 4565 454 4600 τε
499 4544 638 4618 ἦσαν
690 4551 739 4602 οἱ
794 4551 1034 4622 συνεχῶς
1082 4555 1418 4624 ἀπαγόμενοι
1470 4559 1535 4626 τῇ
1593 4557 1836 4629 πολυωῳ

1969 4547 2289 4601 nsinuarunt
2357 4545 2424 4600 de
2485 4543 2670 4599 Filio?
2725 4544 2911 4613 Neque
2988 4546 3134 4600 enim
3219 4545 3295 4600 illi
3380 4556 3533 4614 pote-

250 4635 428 4711 πλάνῃ
457 4641 554 4712 τὴν
607 4641 970 4712 εὐαγγελικὴν
1024 4644 1427 4714 παραδέχεσθαι
1476 4648 1637 4719 χάριν
1695 4651 1830 4719 (97).

252 4729 343 4782 Διὸ
372 4731 508 4802 πρὸς
551 4733 650 4804 τὴν
705 4733 1138 4806 σκληροκαρδίαν
1185 4737 1361 4790 αὐτῶν
1413 4739 1512 4809 τὴν
1555 4743 1683 4812 περὶ
1716 4743 1833 4807 ἑνὸς

250 4820 386 4876 Θεοῦ
427 4823 772 4878 διδασκαλίαν
818 4825 1118 4891 ἐποιοῦντο,
1168 4829 1304 4893 τέως
1356 4829 1834 4900 παιδαγωγοῦντες

251 4912 446 4976 αὐτοὺς
472 4913 558 4967 διὰ
581 4914 672 4968 τοῦ
705 4915 1033 4988 ἀποτρέπειν
1066 4918 1164 4988 μὲν
1196 4918 1290 4972 τοῦ
1321 4919 1548 4984 πολλοὺς
1578 4917 1720 4976 εἶναι
1748 4943 1832 4976 νο-

254 5005 430 5076 μίζειν
453 5005 639 5072 Θεοὺς,
669 5008 882 5075 ἐνάγειν
903 5009 960 5062 δὲ
991 5011 1082 5064 ἐπὶ
1108 5010 1203 5081 τὴν
1235 5012 1542 5082 εἰσαγωγὴν
1566 5013 1658 5066 τοῦ
1691 5016 1831 5079 ἑνός.

250 5096 407 5150 Οὕτω
427 5097 482 5149 δὲ
512 5098 715 5169 Μωσῆς
735 5099 899 5170 ἀτελῆ
934 5100 1031 5171 τὴν
1060 5101 1407 5156 διδασκαλίαν
1435 5105 1548 5166 τοῖς
1584 5105 1703 5157 κατ’
1733 5107 1833 5158 αὑ-

249 5190 338 5244 τὸν
372 5189 658 5260 παρεδίδου
702 5189 788 5243 διὰ
818 5191 878 5242 τὸ
915 5192 1102 5256 ἀτελὲς
1144 5193 1323 5247 αὐτῶν
1359 5195 1458 5262 τῆς
1494 5198 1831 5267 φρονήσεως,

247 5280 322 5345 ὼς
353 5281 622 5353 μηδεμίαν
641 5283 803 5336 αὑτὸν
831 5283 1051 5353 μνήμην
1082 5285 1410 5356 ποιήσασθαι
1446 5286 1694 5354 ἀγγέλων
1717 5290 1832 5342 κτί-

320 5495 377 5552 ›Ῑ‹
412 5489 506 5544 Ed.
529 5484 1154 5556 Paris.,pag.l35,155.
1233 5487 1276 5520 ³⁸
1319 5487 1581 5558 Ose.xm,
1618 5491 1669 5546 4.
1750 5492 1792 5523 ³³
1829 5491 2062 5548 Malach.
2110 5490 2280 5557 u,l0.
2360 5493 2404 5522 ³⁵
2447 5492 2592 5546 Psal.
2637 5493 2988 5558 Lxxx,9-ll.

318 5676 429 5746 (95)
465 5672 954 5747 Σκληροκγαρδίαν
983 5673 1148 5747 ὑμῶν
1175 5674 1460 5747 ἔγραψεν,
1525 5683 1702 5746 Deest,
1757 5700 1822 5741 (ιχ

252 5744 540 5826 Evangelia
569 5745 973 5826 supplendum,
1021 5744 1396 5824 ὑμῖνπαύτην
1438 5751 1532 5822 τὴν
1580 5744 1818 5826 ἐντολήν,

252 5812 428 5943 ιλ)ωὲ
445 5828 530 5940 es;
569 5812 730 5870 Marc.
783 5829 836 5879 κ,
871 5812 932 5876 ’5;
969 5815 1239 5881 posm-ior-
1262 5812 1386 5890 pars
1443 5812 1526 5877 est
1571 5839 1598 5878 e
1633 5812 1818 5882 Μωιιί».

254 5903 364 5943 ιιι.
429 5923 446 5943 .
481 5917 495 5940 Δ
537 5927 548 5940 .

349 5928 364 5952 ,
392 5917 446 5944 σο
481 5917 548 5940 tu.

1942 4650 2088 4703 rant,
2129 4649 2239 4692 tam
2272 4637 2586 4708 frequenter
2621 4637 2836 4692 abducti
2868 4637 2937 4691 ab
2977 4653 3164 4694 errore
3203 4640 3271 4694 de
3303 4639 3530 4694 deorum

1943 4734 2311 4795 multitudine,
2353 4730 2892 4803 evangelicamillam
2937 4733 3169 4803 gratiam
3219 4733 3528 4803 percipere.

1947 4830 2005 4888 ᾖ
2041 4824 2307 4891 Quocirca
2334 4824 2482 4877 illius
2521 4822 2698 4893 populi
2739 4838 2834 4893 per
2872 4826 2923 4879 id
2969 4826 3228 4895 temporis
3266 4826 3529 4880 informa-

1942 4929 2105 4981 tores,
2133 4926 2353 4987 propter
2380 4917 2634 4975 duritiem
2676 4918 2925 4972 cordium
2966 4918 3182 4972 illorum
3227 4919 3389 4972 unius
3436 4935 3529 4973 so—

1939 5012 2043 5065 lius
2086 5009 2177 5064 Dei
2225 5008 2532 5063 doctrinam
2570 5009 2636 5063 iis
2668 5009 3004 5064 instillarunt
3033 5028 3048 5065 :
3088 5021 3147 5064 ut
3175 5013 3243 5065 ab
3269 5012 3526 5080 opinione

1937 5101 2247 5157 abstraCtos
2274 5103 2339 5156 de
2379 5103 2484 5155 diis
2516 5100 2720 5165 multis,
2751 5105 2816 5155 ad
2844 5103 3004 5157 unius
3065 5103 3403 5158 deducerent
3433 5119 3535 5157 co-

1936 5196 2258 5265 gnitionem.
2288 5196 2466 5264 Atque
2489 5193 2561 5248 ita
2593 5209 2692 5248 suo
2715 5195 2913 5264 pepulo
2945 5196 3252 5250 doctrinam
3274 5198 3548 5253 tradebat

1937 5287 2114 5342 Moses
2150 5286 2545 5355 imperfectam,
2575 5297 2798 5357 propter
2820 5298 3036 5359 captum
3070 5290 3312 5358 ipsorum
3343 5301 3403 5344 et
3443 5290 3551 5342 im-

3068 5493 3112 5524 3"
3130 5489 3337 5545 Matth.
3361 5507 3475 5554 XIX,
3497 5494 3548 5542 Η.

2005 5693 2115 5766 (96)
2150 5693 2318 5765 Vulgo
2342 5697 2540 5766 εἴρετο,
2574 5704 2631 5749 ct
2655 5697 2872 5757 statim,
2919 5692 3466 5766 παρακελευρμενος.

1967 5760 2608 5891 1χεὶρΙχΙαιρᾳδῇίεσθίυ
2647 5770 2844 5840 χάριν.
2889 5772 2962 5825 De
2992 5760 3196 5821 dcitutc
3237 5763 3370 5818 Jesu
3407 5760 3564 5825 Clitis

1991 5853 2025 5891 ι.
2077 5852 2116 5890 ‘l
2147 5853 2177 5891 ll
2263 5854 2333 5891 et.
2423 5876 2438 5891 .

1937 5852 2025 5902 Sil,
2061 5852 2177 5891 l‘llll
2219 5852 2333 5892 UL‘I.
2370 5852 2438 5894 Μ.
