4106 6410
1374 385 1637 447 EUSEBII
1674 386 2144 451 CESARIENSIS
2181 393 2248 451 Ol

2372 392 2560 450 PARS
2590 392 2677 448 ιν.
2718 425 2788 435 -
2820 393 3229 451 ῡΟῦΜΑτΙΕΔ.
3815 394 3902 455 πθ

695 500 991 576 perfectam
1044 496 1379 573 intelligendi
1437 508 1781 572 potestatem.
1840 504 2099 573 Quocirca
2152 521 2248 562 nec

2354 520 2511 568 σεως,
2543 508 2601 559 ὲν
2628 504 2706 575 τῷ
2736 506 2834 575 τῆς
2863 506 3219 575 κοσμοποιίας
3247 506 3420 577 λόγῳ,
3452 503 3636 559 καίτοι
3662 505 3768 559 τῶν
3791 509 3908 577 μετὰ

699 599 766 655 de
790 596 1022 653 conditis
1039 594 1255 664 angelis
1285 593 1413 649 facit
1443 594 1793 660 mentionem,
1828 595 1882 649 in
1923 596 2009 649 illa
2040 610 2254 654 cosmo-

698 687 850 758 ptei'ae
896 686 1103 741 ratione
1145 685 1497 740 describenda
1543 703 1558 739 :
1613 701 1731 741 cum
1765 694 1942 741 tamen
1977 687 2252 757 propheta

694 779 786 833 illo
811 778 1138 846 posteriores
1168 774 1479 844 angelorum
1520 776 1751 832 fecerint
1783 776 2129 841 mentionem,
2167 779 2250 832 di-

694 872 1049 932 vinarnmque
1076 876 1401 937 patestatum
1435 878 1487 923 et
1525 868 1808 938 spiritum
1835 877 2171 933 sanctorum,
2198 878 2253 923 et

692 960 787 1013 Del
840 959 1207 1013 ministrorum
1238 958 1722 1027 supercmlestium,
1769 960 1832 1013 de
1854 960 2049 1030 quibus
2072 961 2253 1015 docuit

692 1062 747 1105 et
796 1051 1005 1106 lacutus
1051 1058 1137 1105 est
1171 1049 1377 1116 Daniel,
1413 1049 1582 1103 Mittin
1624 1050 1849 1105 millium
1881 1054 2252 1107 ministrabant

693 1142 740 1194 ei
764 1151 809 1193 et
842 1141 1011 1195 decies
1036 1142 1226 1195 centies
1253 1149 1461 1193 centena
1487 1141 1654 1192 millia
1680 1142 1916 1196 astabant
1949 1144 1995 1196 ei
2022 1143 2252 1210 “.Quo-

695 1248 811 1285 rum
848 1243 1028 1289 tamen
1072 1233 1399 1287 mentionem
1446 1232 1663 1287 silentio
1700 1248 1920 1303 prorsus
1952 1235 2126 1291 Moses
2170 1237 2252 1291 in-

695 1323 962 1386 volvebat,
1002 1339 1123 1379 cum
1156 1334 1332 1378 tamen
1369 1322 1455 1377 ille
1488 1338 1580 1377 eos
1606 1338 1710 1377 non
1746 1325 2035 1394 ignoraret,
2067 1338 2251 1392 utpote

694 1415 787 1485 qui
815 1424 1058 1469 exactam
1093 1428 1269 1467 rerum
1302 1415 1537 1468 omnium
1573 1416 1933 1485 cognitionem
1973 1419 2039 1473 ab
2072 1417 2249 1473 afﬂatu

697 1506 865 1559 divini
899 1505 1130 1575 Spiritus
1158 1514 1463 1574 acceperat.
1488 1504 1601 1560 Non
1626 1515 1801 1560 tamen
1838 1508 1975 1561 inter
2000 1523 2083 1562 res
2100 1523 2251 1563 crea-

695 1603 779 1648 tas
828 1594 1204 1648 memorandas
1242 1608 1429 1647 eorum
1466 1596 1714 1648 meminit
1755 1611 1783 1647 a
1843 1596 1950 1661 Deo
2006 1600 2249 1652 condito-

694 1702 835 1741 rum.
892 1686 1055 1754 Cujus
1089 1686 1163 1739 rei
1219 1699 1437 1740 causam
1468 1701 1573 1741 non
1606 1688 1764 1741 aliam
1817 1689 2208 1743 reddiderimus
2232 1730 2246 1753 ,

695 1788 851 1842 quam
882 1771 1182 1828 Judmorum
1205 1776 1454 1829 duritiem
1504 1777 1700 1839 cordis,
1727 1778 1871 1845 quod
1899 1786 1952 1831 et
1981 1779 2091 1846 ipse
2120 1778 2248 1832 Ser—

2349 596 2521 651 ταῦτα
2562 596 2672 667 (98)
2714 596 3005 667 προφητῶν
3048 594 3108 651 οὐ
3142 598 3309 669 μόνον·
3337 597 3601 667 ἀγγέλων
3633 613 3900 668 μνημονευ-

2352 687 2578 753 σάντων,
2605 686 2739 741 ἀλλά
2789 690 2882 741 καὶ
2927 688 3084 741 θείων
3127 687 3441 759 δυνάμεων,
3486 688 3588 742 καὶ
3612 688 3902 758 πνευμάτων

2349 778 2537 845 ἁγίων,
2568 781 2676 832 τῶν
2712 796 2774 832 τε
2802 779 3202 851 ὑπερουρανίων
3232 779 3369 833 Θεοῦ
3404 778 3767 850 λειτουργῶν
3800 779 3903 851 περὶ

2354 864 2428 925 ὧν
2456 874 2483 925 6
2510 871 2702 943 Δανιὴλ
2731 871 2999 926 διδάσκων
3028 872 3201 941 ἔλεγε,
3226 872 3432 926 Χιλιαι
3472 868 3741 940 χιλιάδες
3774 869 3902 923 aut.

2351 962 2640 1031 τούργουν
2656 962 2837 1029 αὐτῷ,
2867 964 2967 1017 καὶ
2989 964 3193 1034 μυρίαι
3206 961 3508 1031 μυριάδες
3524 958 3904 1030 παρειστήκει-

2350 1068 2470 1105 σαν
2492 1054 2829 1122 ἔμπροσθεν
2856 1053 3061 1108 αὐτοῦ.
3109 1053 3270 1106 Ἀλλά
3298 1053 3417 1124 γὰρ
3450 1052 3663 1106 τούτων
3686 1052 3905 1105 ἁπάντων

2354 1146 2529 1213 σιωπῇ
2565 1143 2849 1215 παρέδωκε
2874 1146 2998 1207 τοὺς
3025 1145 3212 1213 λόγους
3238 1144 3474 1215 Μωσῆς,
3507 1144 3713 1215 καίπερ
3735 1144 3821 1197 οὐκ
3842 1141 3905 1194 ὢν

2350 1235 2526 1288 αὑτῶν
2554 1236 2610 1288 ὲν
2630 1236 2821 1307 ἀγνοίᾳ
2836 1253 2849 1265 ·
2884 1237 3097 1290 πάντων
3118 1236 3174 1290 δὲ
3192 1235 3287 1307 τὴν
3302 1235 3516 1307 ἀκρισῆ
3534 1237 3733 1304 γνῶσιν
3748 1250 3906 1305 προει-

2350 1325 2533 1395 ληφὼς
2550 1325 2659 1395 (99)
2681 1325 2755 1396 τῷ
2773 1326 2901 1397 Θείῳ
2920 1326 3213 1397 Πνεύματι.
3240 1326 3389 1397 Πλὴν
3408 1326 3671 1397 οὐδαμῶς
3687 1325 3846 1379 αὐτῶν
3860 1326 3911 1378 ὲν

2348 1419 2413 1487 τῇ
2438 1418 2761 1487 κοσμοποιίᾳ.
2775 1416 2851 1481 ὡς
2867 1418 3002 1492 πρὸς
3024 1417 3115 1472 τοῦ
3140 1418 3273 1472 Θεοῦ
3300 1419 3627 1491 γενομένων
3645 1419 3907 1487 ἐποιήσατο

2353 1508 2457 1577 μνή
2468 1525 2592 1579 μην.
2613 1510 2720 1562 Καὶ
2737 1509 2925 1563 τούτου
2942 1511 3039 1581 τὴν
3054 1511 3229 1565 αἰτίαν
3250 1512 3356 1566 οὐδ’
3375 1512 3582 1582 ἑτέραν
3602 1512 3737 1565 είποι
3750 1511 3809 1564 ἀν
3822 1526 3905 1570 τις.

2349 1597 2380 1667 ἢ
2412 1598 2509 1668 τὴν
2540 1598 2967 1671 σκληροκαρδίαν
2987 1600 3079 1654 τοῦ
3105 1601 3232 1655 λαοῦ
3264 1600 3624 1672 γεγενῆσθαι.
3646 1601 3820 1671 ῶσπερ
3833 1597 3908 1653 οὖν

2349 1687 2509 1749 αὐτὸς
2531 1687 2764 1752 ἐδίδαξεν
2789 1690 2816 1742 6
2844 1690 3051 1762 Σωτήρ.
3076 1690 3182 1744 Καὶ
3204 1690 3334 1743 ἄλλα
3349 1691 3409 1743 δὲ
3428 1691 3604 1762 μυρία
3627 1686 3756 1743 εἶναι
3783 1694 3834 1743 ὲν
3854 1692 3906 1759 τῇ

2351 1778 2440 1831 τοῦ
2472 1781 2671 1843 παντὸς
2702 1784 2955 1835 συστάσει
2974 1782 3159 1853 μάθοις
3173 1783 3237 1836 ἂν
3253 1784 3317 1836 ὲκ
3336 1782 3449 1835 τῶν
3472 1782 3576 1851 τῆς
3594 1781 3791 1851 Καινῆς
3804 1784 3905 1833 Δια-

694 1838 848 1912 vator
866 1859 1066 1914 docuit.
1096 1859 1198 1914 Sed
1225 1871 1279 1915 et
1321 1862 1425 1914 alia
1459 1873 1710 1915 sexcenta
1747 1864 1798 1916 in
1831 1879 2010 1918 rerum
2035 1874 2248 1920 exstare

2356 1868 2526 1940 ϐήκης
2548 1838 3008 1943 ἀναγνωσμάτων,
3031 1838 3285 1938 οὐδ”ὅλως
3316 1876 3373 1926 ὲν
3403 1876 3475 1945 τῇ
3508 1838 3909 1942 ᾖωσέωςινερό-

694 1950 1046 2006 universitate
1081 1952 1256 2006 discas
1288 1966 1382 2020 per
1402 1950 1531 2006 Novi
1572 1952 1907 2009 Testamenti
1940 1956 2245 2025 lectionem,

697 2053 814 2107 qua:
846 2056 1106 2110 nusquam
1132 2042 1181 2095 in
1213 2042 1432 2096 historia
1455 2042 1619 2097 Mosis
1640 2055 1971 2113 comparent.
1997 2046 2109 2101 Non
2138 2062 2250 2103 me-

696 2128 852 2181 minit
901 2131 1294 2199 principatunm
1320 2172 1337 2196 ,
1378 2148 1481 2186 non
1516 2141 1843 2202 potestatum
1870 2175 1885 2198 ,
1924 2151 2025 2190 non
2061 2138 2245 2192 mundi

696 2220 1078 2274 dominantium
1107 2261 1122 2284 ,
1172 2237 1279 2287 non
1322 2224 1602 2291 spirituum
1634 2226 1927 2294 iniquitatis
1950 2268 1963 2291 ,
1989 2230 2248 2285 adversus

694 2324 827 2376 quos
858 2309 994 2363 lucta
1048 2312 1199 2365 nobis
1242 2313 1556 2379 intercedit,
1602 2326 1660 2370 ut
1707 2319 1917 2373 divinus
1958 2319 2247 2389 Apostolus

695 2398 948 2467 loquitur.
995 2398 1131 2465 Quid
1161 2416 1287 2469 ergo
1318 2403 1482 2457 refert
1506 2444 1520 2465 ,
1554 2404 1597 2459 si
1643 2420 1817 2475 neque
1846 2411 1984 2477 apud
2024 2409 2246 2475 Mosem,

696 2502 794 2543 nec
828 2490 1116 2559 prophetas
1166 2492 1399 2563 reliquos
1452 2494 1695 2550 invenire
1735 2512 2013 2566 possemus
2054 2502 2246 2556 horum

698 2582 953 2646 rationes,
986 2599 1109 2637 num
1165 2585 1297 2640 tides
1332 2588 1588 2655 Apostol‘o
1620 2590 1983 2646 detrahenda?
2010 2605 2102 2647 aut
2127 2610 2246 2649 cum

695 2670 998 2724 meminerit
1054 2672 1141 2725 ille
1195 2674 1383 2726 horum
1425 2676 1674 2729 ordinum
1714 2677 2039 2735 excellenter
2068 2696 2249 2749 supre-

694 2772 923 2822 morum;
959 2758 1046 2813 ubi
1080 2759 1186 2824 ait,
1221 2759 1493 2814 Christum
1524 2775 1553 2814 a
1589 2761 1793 2815 dextris
1822 2763 1913 2817 Dei
1967 2766 2249 2823 considere

692 2863 853 2915 super
878 2863 1093 2903 omnem
1127 2851 1501 2921 principatum,
1543 2862 1589 2904 et
1616 2863 1956 2922 potestatem,
2000 2865 2054 2911 et
2075 2858 2247 2913 virtu-

694 2950 819 3003 tem,
845 2950 897 2992 et
929 2942 1366 3005 dominationem,
1404 2951 1458 2997 et
1491 2958 1654 2997 omne
1682 2959 1874 2999 nomen
1908 2948 2046 3015 quod
2072 2950 2247 3004 nomi-

691 3039 870 3093 natur,
904 3030 1018 3084 sive
1049 3031 1099 3083 in
1133 3032 1233 3085 hoc
1263 3031 1458 3086 sarculo
1485 3048 1576 3087 seu
1609 3034 1660 3087 in
1708 3035 1883 3089 futuro
1908 3036 1987 3104 ";
2030 3049 2083 3093 et
2120 3040 2247 3097 alibi

692 3134 812 3171 cum
838 3118 1076 3174 nominat
1117 3121 1256 3175 idem
1304 3122 1987 3191 tbronos.dominationes,
2018 3136 2071 3181 et
2101 3128 2247 3193 prin-

690 3207 919 3275 cipatus,
940 3218 994 3263 et
1023 3218 1342 3277 potestates,
1366 3210 1454 3264 ubi
1492 3211 1569 3264 ait
1600 3228 1613 3265 :
1652 3208 1719 3264 In
1748 3212 1858 3280 ipso
1881 3216 2016 3265 enim
2041 3216 2250 3271 condita

688 3307 809 3350 sunt
839 3299 1099 3361 universa,
1140 3308 1245 3351 tam
1277 3316 1392 3368 qua:
1418 3302 1471 3353 in
1497 3300 1637 3354 caelis
1667 3312 1810 3365 sunt,
1829 3320 1985 3371 quam
2015 3321 2132 3371 qum
2160 3323 2251 3359 su-

691 3401 783 3452 per
830 3396 1044 3453 terram,
1078 3390 1300 3443 visibilio
1334 3400 1383 3444 et
1420 3391 1731 3458 inuisibilia,
1762 3395 1865 3449 sive
1898 3401 2110 3459 throni,
2147 3402 2250 3451 sive

690 3473 1091 3540 dominationes,
1123 3494 1211 3531 seu
1233 3478 1579 3548 principatus,
1603 3497 1696 3535 seu
1718 3494 1998 3551 potestates
2031 3486 2095 3540 ³⁸.
2115 3486 2247 3539 Νυιη

692 3579 793 3619 non
828 3582 929 3636 par
959 3578 1043 3623 est
1066 3579 1121 3623 ut
1153 3570 1500 3627 adtnittatnus
1530 3573 1656 3635 ista,
1700 3576 1909 3632 etiamsi
1940 3578 2117 3634 Moses
2143 3594 2248 3633 non

689 3654 895 3719 iecerit,
927 3674 1025 3713 nec
1055 3661 1432 3729 prophetarum
1475 3662 1614 3719 ullus
1655 3665 1815 3721 ullam
1848 3668 1912 3722 de
1956 3670 2074 3726 istis
2102 3688 2251 3727 men-

692 3746 934 3802 tionem?
978 3750 1136 3806 Certe
1177 3752 1315 3806 idem
1364 3752 1452 3808 hic
1502 3757 1867 3823 usurpandum
1924 3760 2078 3816 nobis
2124 3774 2247 3829 est,

689 3834 830 3902 quod
863 3836 985 3892 duri
1029 3839 1239 3894 cervice
1281 3850 1337 3896 et
1390 3842 1554 3899 corde
1607 3844 1968 3903 incircumcisi
2003 3860 2163 3919 atque
2202 3853 2248 3908 si

686 3926 911 3981 nuribus
952 3930 1261 3999 neutiquam
1300 3933 1417 3988 istis
1448 3933 1609 3989 ﬁdem
1642 3935 2036 4005 adhibuissent,
2055 3943 2249 4010 quibus

688 4016 812 4071 ideo
845 4017 978 4073 nihil
1001 4018 1067 4072 de
1109 4034 1338 4089 superna
1362 4022 1462 4077 illa-
1487 4023 1793 4079 Jerusalem
1832 4032 1895 4090 Et
1928 4029 2092 4084 divini
2121 4046 2249 4100 pro-

688 4108 865 4177 pheta
900 4108 1207 4165 revelarunt
1238 4127 1395 4167 :cum
1421 4113 1473 4167 in
1505 4113 1742 4169 Ecclesia
1773 4116 1996 4185 Christi,
2024 4121 2251 4177 manife-

688 4206 772 4251 ste
817 4199 1128 4266 pronuntiat
1156 4197 1224 4254 de
1254 4200 1342 4254 illa
1392 4200 1610 4267 Paulus,
1647 4203 1944 4259 Jerusalem
1992 4223 2112 4262 vero
2134 4222 2251 4279 qua:

688 4304 897 4342 sursum
923 4301 1000 4344 est
1043 4291 1230 4357 libera,
1265 4301 1340 4347 est
1376 4303 1543 4348 mater
1581 4306 1760 4349 nostra
1793 4296 1837 4329 ³⁹
1862 4313 1881 4362 ;
1911 4308 1964 4352 et
2002 4316 2015 4353 :
2050 4299 2251 4370 Appro-

686 4381 976 4448 pinquastis
1001 4383 1068 4434 ad
1096 4381 1225 4437 Sion
1250 4395 1495 4451 montem,
1526 4397 1573 4439 et
1604 4387 1866 4441 ciuitatem
1891 4388 1987 4443 Dei
2016 4392 2115 4444 vivi
2153 4390 2250 4447 Je-

2356 1976 2487 2028 μενα
2502 1960 2686 2031 Γραφῇ
2714 1962 2809 2034 (l)'
2831 1964 2928 2015 οὑκ
2950 1958 3041 2016 οὖν
3064 1964 3469 2035 ἐμνημόνευσεν
3489 1963 3700 2035 ἀρχῶν,
3722 1964 3819 2020 οὐδ’
3838 1965 3909 2029 ἑξ-

2355 2051 2565 2115 ουσιῶν,
2591 2054 2707 2105 οὐδὲ
2741 2056 3215 2127 κοσμοκρατόρων,
3252 2057 3371 2109 οὐδὲ
3404 2056 3792 2125 πνευματικῶν
3825 2056 3908 2123 τῆς

2352 2142 2635 2213 πονηρίας,
2662 2145 2794 2218 πρὸς
2817 2146 2852 2199 ἃ
2873 2148 2969 2216 τὴν
2998 2147 3175 2216 πάλην
3204 2149 3332 2217 ἡμῖν
3356 2148 3683 2201 συνεστάναι
3716 2146 3864 2217 φησὶν
3884 2149 3910 2199 6

2353 2231 2491 2295 Θεῖος
2508 2232 2843 2298 Ἀπόστολος.
2864 2236 2928 2287 Τί
2943 2232 3056 2299 οὖν,
3084 2236 3206 2289 ἐπεὶ
3232 2237 3365 2309 μήτε
3390 2236 3545 2308 τεαρά
3565 2239 3770 2301 Musaei,
3790 2238 3908 2307 μήτε

2352 2322 2501 2392 παρά
2524 2326 2634 2387 τοῖς
2662 2324 2863 2388 λοιποῖς
2892 2327 3194 2397 προφήταις
3221 2326 3403 2396 σαφῶς
3434 2330 3588 2381 ἐστιν
3610 2329 3782 2400 εὑρεῖν
3801 2328 3909 2387 toi);

2352 2415 2478 2485 περὶ
2504 2414 2707 2468 τούτων
2736 2416 2946 2485 λόγους,
2968 2418 3295 2490 ἀπιστητέον
3320 2418 3396 2489 (2)
3424 2418 3848 2489 τῷυἋποστόλψ
3878 2417 3903 2487 ἢ

2351 2502 2569 2557 ἐπειδὰν
2600 2503 2694 2557 τοῦ
2728 2505 2838 2559 τῶν
2860 2507 3181 2576 κρειττόνων
3207 2508 3485 2579 τάγματος
3525 2509 3555 2561 6
3584 2508 3742 2572 αὐτὸς
3768 2508 3905 2559 πάλιν

2354 2596 2665 2669 μνημονεύῃ
2718 2597 2890 2665 λέγων
2941 2599 3032 2651 τὸν
3081 2599 3311 2671 Χριστὸν
3363 2602 3420 2653 ὲν
3461 2600 3617 2672 δεξιᾷ
3656 2599 3747 2654 τοῦ
3790 2598 3904 2653 Θεοῦ

2351 2686 2692 2752 καθέζεσθαι,
2720 2689 2974 2759 ὑπεράνω
2999 2690 3177 2761 πάσης
3203 2692 3395 2762 ἀρχῆς,
3422 2693 3518 2745 καὶ
3543 2691 3803 2757 ἐξουσίας,
3828 2691 3905 2743 καὶ

2348 2775 2648 2845 δυνάμεως,
2679 2778 2771 2829 καὶ
2801 2778 3138 2849 κυριότητος,
3171 2781 3263 2833 καὶ
3294 2780 3491 2844 παντὸς
3523 2782 3781 2852 ὀνόματος
3803 2778 3903 2831 ὀνο-

2354 2866 2680 2938 μαζομένου,
2711 2868 2769 2919 οὑ
2799 2868 2957 2937 μόνον
2978 2871 3034 2921 ὲν
3058 2869 3136 2940 τῷ
3167 2870 3321 2923 αἰῶνι
3363 2871 3556 2941 τούτῳ,
3583 2870 3718 2924 ἀλλὰ
3751 2871 3836 2922 καὶ
3856 2870 3904 2919 ὲν

2348 2957 2425 3028 τῷ
2468 2956 2742 3027 μέλλοντι’
2789 2960 2883 3011 καὶ
2926 2954 3101 3023 αὖθις,
3154 2961 3371 3015 ἐπειδὰν
3399 2959 3647 3032 ὀνομάζῃ
3684 2960 3900 3031 θρόνους,

2350 3047 2445 3101 καὶ
2481 3049 2830 3119 κυριότητας,
2881 3051 2974 3102 καὶ
3021 3049 3214 3121 ἀρχάς,
3275 3051 3368 3104 καὶ
3398 3050 3671 3116 ἐξουσίας,
3720 3049 3901 3117 λέγων’

2275 3180 2316 3237 C
2363 3138 2457 3190 ‘E‘r
2481 3137 2640 3203 αὐτῷ
2674 3139 2783 3207 γὰρ
2822 3139 3066 3207 ἐκτίσθη
3101 3139 3173 3195 τὰ
3217 3139 3433 3205 πάντα,
3461 3142 3533 3195 τὰ
3562 3141 3635 3194 ἐν
3668 3140 3786 3206 τοῖς
3815 3140 3903 3192 οὐ·

2341 3229 2552 3295 ρανοῖς
2570 3230 2665 3282 καὶ
2693 3230 2763 3282 τὰ
2793 3230 2890 3283 ἐπὶ
2922 3229 3029 3299 τῆς
3053 3231 3187 3301 τῆς,
3216 3232 3289 3286 τὰ
3309 3234 3491 3302 ὁρατὰ
3520 3233 3623 3287 καί
3654 3233 3726 3286 τὰ
3750 3232 3903 3299 ἀόρα-

2347 3335 2440 3383 ta,
2469 3320 2587 3374 εἴτε
2610 3322 2830 3389 θρόνοι,
2864 3322 2985 3375 alta
3022 3324 3386 3393 κυριότητες,
3419 3325 3541 3379 alte
3576 3323 3772 3394 ἁρχαὶ,
3798 3321 3901 3376 ειτε

2346 3410 2639 3475 ἐξουσίαι,
2674 3409 2762 3484 ἆρ’
2788 3414 2848 3467 ού
2887 3416 3152 3488 προσήκει
3193 3416 3367 3471 ταῦτα
3401 3415 3797 3489 παραδέχεσθαι
3825 3412 3900 3467 διὰ

2345 3501 2406 3554 τὸ
2449 3503 2585 3574 μήτε
2616 3503 2838 3571 Μωσὲα,
2878 3506 3014 3577 μήτε
3041 3507 3168 3570 τοὺς
3208 3507 3427 3572 λοιποὺς
3459 3510 3760 3580 προφήτας,
3790 3504 3899 3576 περὶ

2345 3591 2548 3645 τούτων
2582 3594 3006 3664 προειληφέναις
3047 3597 3081 3670 ἢ
3117 3598 3311 3653 ταύτὸν
3336 3599 3430 3653 καὶ
3453 3600 3585 3671 περὶ
3615 3600 3692 3669 (5)
3719 3598 3900 3653 τούτων

2346 3680 2601 3751 ἐροῦμεν,
2647 3681 2722 3744 ὼς
2765 3681 2863 3753 οὑχ
2900 3679 3000 3736 οἷοί
3030 3702 3091 3738 τε
3117 3681 3258 3757 ἦσαν
3284 3688 3409 3751 τοὺς
3434 3688 3565 3760 περὶ
3593 3688 3791 3742 τούτων
3820 3703 3898 3740 πι-

2349 3769 2636 3824 στεύεσθαι
2677 3770 2868 3840 λόγους
2898 3773 2946 3826 oi
2980 3774 3439 3849 σκληροτράχηλοι
3486 3779 3582 3833 καὶ
3609 3778 3895 3851 ἀπερίτμη-

2346 3875 2428 3911 τοι
2454 3861 2519 3929 τῇ
2546 3858 2741 3931 καρδίᾳ
2766 3860 2996 3924 καὶτοῖς
3018 3861 3171 3929 ὠσὶν,
3204 3883 3223 3915 ι
3260 3859 3345 3929 οἷς
3371 3865 3491 3919 οὐδὲ
3521 3866 3650 3938 περὶ
3687 3867 3781 3935 τῆς
3802 3864 3896 3917 ἀνω

2359 3949 2708 4023 Ἰερουσαλὴμ
2737 3972 2757 4004 ι
2794 3953 3162 4009 ἀνεκάλυπτον
3212 3956 3261 4009 οἱ
3298 3956 3393 4010 τοῦ
3427 3956 3565 4011 Θεοῦ
3622 3957 3892 4030 προφῆται,

2353 4037 2540 4113 ὥσπερ
2560 4036 2650 4094 οὖν
2680 4044 2747 4114 τῇ
2780 4042 3074 4115 Ἐκκλησία
3104 4045 3339 4117 Χριστοῦ
3371 4047 3649 4118 διασαφῶν
3672 4048 3762 4103 καὶ
3787 4047 3894 4109 τοὺς

2347 4133 2475 4204 περὶ
2500 4132 2702 4206 ταύτης
2720 4133 2909 4205 λόγους
2931 4139 2959 4190 6
2980 4135 3191 4203 Παῦλος
3216 4138 3365 4204 ἐϐόα,
3385 4138 3579 4211 λέγων,
3619 4142 3691 4196 Ἦ
3707 4140 3771 4195 δὲ
3788 4139 3894 4193 ἀνω

2358 4224 2750 4297 Ἰερουσαλὴμ
2797 4228 3083 4298 ἐλευθέρα
3131 4230 3321 4297 ἐστὶν,
3370 4233 3503 4302 ἧτις
3549 4234 3681 4289 ἐστι
3716 4233 3890 4304 Inﬁrm)

2345 4312 2539 4382 ήμῶν-
2586 4315 2697 4380 atat,
2722 4319 3218 4385 Hpoosdrnlddate
3254 4322 3408 4375 Σιὼν
3446 4322 3586 4393 ὄρει,
3616 4323 3713 4377 καὶ
3738 4324 3890 4375 πόλει

2349 4405 2494 4459 Θεοῦ
2510 4404 2716 4474 ζῶντος
2742 4407 3128 4481 Ἰερουσαλὴμ
3140 4412 3491 4481 ἐπουρανίῳ,
3518 4416 3618 4469 καὶ
3630 4416 3897 4487 μῳιάσιγ

689 4469 917 4524 riualem
946 4472 1218 4539 cwlestem,
1251 4484 1300 4527 et
1328 4475 1711 4531 multitudinem
1737 4479 2064 4548 angelorum,
2087 4492 2139 4537 et
2160 4500 2248 4552 pa-

2347 4496 2613 4567 ἁτγέλων
2676 4469 3030 4569 πανηγύρει,
3069 4469 3171 4556 καί
3227 4469 3554 4574 ’ἐκκλησίᾳ
3578 4469 3653 4578 (ὦ
3690 4469 3890 4577 πρωτο-

689 4560 920 4628 stegyrim
956 4571 1003 4614 et
1044 4561 1332 4617 Ecclesium
1378 4565 1841 4635 primogenitorum
1877 4571 1967 4639 qui
2002 4572 2247 4644 descripti

2556 4560 3094 4660 ἀποτεῖναμλώτυν
3115 4591 3186 4645 ἐν
3207 4560 3500 4662 οὖρον-οῦς.
3770 4595 3889 4668 πρὸς

692 4662 814 4704 sunt
856 4653 911 4705 in
941 4654 1162 4707 talis“.
1191 4654 1289 4710 Hic
1317 4670 1445 4711 vero
1476 4657 1630 4712 nobis
1664 4658 1807 4713 dicat
1828 4662 1985 4715 velim
2020 4662 2247 4720 Marcel-

697 4740 811 4807 lus,
844 4743 888 4797 si
924 4743 989 4798 de
1024 4747 1248 4801 vetustis
1282 4746 1577 4817 Scripturis
1612 4749 1856 4816 proferre
1898 4754 2053 4809 nobis
2081 4758 2252 4825 possit

696 4832 997 4889 doctrinam
1043 4836 1109 4891 de
1140 4838 1257 4894 istis
1287 4856 1299 4892 :
1337 4840 1419 4895 sin
1446 4838 1646 4895 nullam
1675 4843 1913 4899 inveniat
1959 4848 2245 4916 rationem,

696 4934 813 4981 tum
858 4938 1139 4996 expromat
1167 4943 1271 4983 cur.
1314 4939 1367 4985 et
1396 4932 1537 4997 ista,
1567 4941 1621 4988 et
1648 4932 1756 4988 alia
1808 4949 1969 5005 quam
2019 4938 2245 5008 plurima

692 5021 780 5077 his
831 5023 1110 5090 congenita
1148 5022 1661 5080 abscondebantura
1687 5027 1958 5097 prophetis
1980 5068 1996 5095 ,
2030 5031 2094 5086 de
2126 5032 2246 5101 qui-

689 5114 791 5169 bus
826 5123 1003 5165 nostra
1060 5113 1180 5168 vice
1224 5115 1389 5169 Deum
1439 5117 1825 5187 deprecabatur
1865 5123 2243 5180 sanctissimus

685 5203 994 5275 Apostolus,
1020 5212 1076 5257 ut
1100 5205 1364 5273 possimus
1389 5211 1816 5281 comprehendere
1846 5228 1963 5267 cum
1999 5216 2240 5272 omnibus

2346 4678 2516 4732 ταῦτα
2542 4679 2880 4751 Μάρκελλος,
2921 4683 2970 4735 εί
3004 4677 3116 4745 οἷός
3146 4699 3207 4735 τε
3244 4683 3397 4737 ἐστὶν
3445 4688 3508 4739 ἐκ
3534 4687 3645 4740 τῶν
3670 4685 3886 4739 παλαιῶν

2348 4770 2692 4841 γραμμάτων
2740 4771 2840 4843 τὴν
2881 4771 3084 4825 τούτων
3124 4774 3416 4846 προφέρειν
3455 4777 3800 4832 διδασκαλίαν.
3831 4776 3885 4830 El

2346 4860 2401 4914 δὲ
2434 4861 2511 4932 (5)
2542 4862 2617 4934 μὴ
2647 4862 2913 4936 εὑρίσκοι,
2963 4862 3061 4935 τὴν
3095 4863 3270 4919 αἰτίαν
3314 4867 3627 4933 ἀποδιδότω,
3648 4870 3710 4923 δι’
3733 4870 3793 4941 ἣν
3817 4883 3890 4931 σεο

2346 4952 2584 5025 σιώπητο
2606 4957 2717 5018 τοῖς
2740 4954 2834 5007 τοῦ
2858 4955 2992 5009 Θεοῦ
3025 4958 3325 5029 προφήταις
3344 4958 3515 5013 ταῦτά
3537 4977 3596 5013 τε
3618 4961 3781 5014 πάντα
3804 4959 3881 5012 καὶ

2342 5039 2474 5094 ἄλλα
2488 5041 2695 5107 τούτοις
2708 5042 2910 5111 ἀδελφά
2928 5062 2997 5114 μυ
3007 5044 3113 5116 ρία,
3129 5063 3195 5099 πε
3201 5047 3254 5117 pi.
3267 5040 3341 5100 ὧν
3355 5048 3383 5100 ὁ
3397 5048 3560 5112 αὐτὸς
3573 5048 3881 5110 ’Δητόστολοςν

2342 5131 2480 5204 ὑπὲρ
2496 5134 2655 5206 ἡμῶν
2669 5134 2837 5189 ἐδεῖτο
2850 5136 2945 5189 τοῦ
2980 5136 3137 5204 Θεοῦ,
3161 5139 3259 5193 Ira
3284 5139 3699 5213 ἐξισχύσωμεν
3722 5156 3878 5196 κατω-

2339 5225 2627 5283 λαόἐσθαι
2642 5228 2764 5281 σὺν
2778 5227 2926 5283 πᾶσι
2941 5232 3062 5298 τοῖς
3075 5232 3283 5303 ἁγίοις,
3299 5234 3357 5288 τι
3370 5234 3437 5290 τὸ
3450 5235 3681 5302 πλάτος
3692 5237 3778 5293 καὶ
3788 5234 3887 5306 μῆιΔ

764 5352 830 5413 ας
860 5349 1174 5462 13:33:15.,
1203 5358 1447 5416 panSli.
1522 5360 1568 5393 “
1595 5362 1822 5437 Dan.vu,
1842 5372 1928 5429 l0.
1960 5414 1976 5428 .
2006 5378 2050 5412 ⁸⁷
2080 5379 2248 5454 Ephes

2347 5427 2351 5447 .
2378 5387 2467 5451 20,
2501 5388 2590 5444 2|.
2667 5387 2713 5419 ⁸⁸
2733 5386 2942 5447 Coloss.
2968 5405 3006 5459 r,
3027 5389 3113 5447 f6.
3187 5390 3231 5427 ³⁸
3261 5389 3380 5451 Gal.
3408 5408 3484 5462 tv,
3514 5394 3608 5453 26.
3683 5393 3878 5454 “Hebr.

769 5448 873 5505 ιιι,
905 5437 999 5505 22,
1043 5436 1134 5494 25.
1621 5478 1627 5487 .

768 5580 858 5653 98)
879 5582 985 5653 μυ.
1017 5585 1225 5644 τοῦτον».

770 5651 1441 5731 99)-νὶιιεο-παρειληφὼς,
1467 5673 1522 5719 at
1543 5664 1614 5722 cf.
1644 5666 1778 5721 infra
1804 5668 1848 5725 ϐ
1870 5672 2013 5728 med.

773 5720 1140 5817 ig
1152 5720 1568 5817 ξῃραέέῆοέκιει
1588 5720 2224 5817 inuenissent].

675 5802 762 5847 aut
793 5795 1126 5864 φερομένων,
1149 5795 1218 5854 ut
1246 5795 1505 5860 referatur
1534 5795 2086 5884 λα’ἀνᾰγνωσίιάτων.
2109 5795 2179 5867 Μέ.

2508 5609 2682 5690 Συίαο
2705 5612 3077 5690 ἀπιστευτόον,
3098 5627 3155 5690 _et
3182 5617 3319 5690 infra
3351 5617 3633 5690 όνομάζιι.

2504 5680 2680 5760 Salio
2712 5683 2899 5760 ﬂ_rrepi
2928 5680 3072 5742 corr.
3090 5686 3200 5757 jam
3226 5687 3331 5760 Mp.

2500 5750 2676 5826 “illo
2695 5750 2814 5826 ἐῶν
2846 5750 2942 5826 πρ.

2401 5818 2478 5891 (5)
2500 5818 2666 5895 Vulgo
2686 5824 2770 5895 δή,
2800 5833 2851 5880 et
2875 5818 3033 5894 infra,
3069 5826 3252 5900 μύρια.
