4106 6422
194 427 308 485 953

1151 425 1240 483 DE
1276 424 1826 484 ECCLESIASTICA
1872 425 2268 484 THEGLOGIA
2308 424 2442 483 LIB.
2479 424 2542 481 ll.

3403 423 3512 484 954

192 564 308 614 ssoc
325 547 431 602 καὶ
442 547 644 615 ,βάθος
659 546 761 601 καὶ
771 546 949 616 ὕψος,
968 543 1191 616 γνῶναι
1206 563 1269 600 τε
1283 545 1397 614 τὴν
1410 544 1811 616 ὑπερϐάλλου-

1924 545 2152 612 sanctis,
2171 561 2290 617 qua:
2310 554 2443 600 esset
2471 541 2718 608 latitudo,
2757 541 3054 613 longitudo,
3090 543 3430 615 profunditas
3457 552 3511 599 et

190 656 327 696 σαν
354 637 477 710 τῆς
508 641 787 711 γνώσεως
817 638 1060 708 ἀγάπην
1091 638 1198 692 τοῦ
1222 639 1392 694 Θεοῦ.
1427 638 1539 693 Καὶ
1572 638 1736 702 αὐτὸς
1756 636 1815 692 δὲ

190 733 405 806 Σωτὴρ
432 737 469 805 ὴ
481 733 600 804 μῶν
641 731 866 785 πλεῖστα
907 731 1009 784 ὅσα
1046 732 1324 804 μυστήρια
1357 732 1486 804 περὶ
1521 731 1623 801 τῆς
1653 731 1815 802 βασι-

190 823 354 890 λείας
376 826 497 880 τῶν
526 823 802 897 οὐρανῶν,
844 825 973 897 περί
1009 841 1068 877 τε
1093 824 1193 894 τῆς
1228 825 1540 888 συντελείας
1557 824 1654 878 τοῦ
1680 841 1818 878 παν-

193 915 316 982 τὸς,
353 917 494 989 περί
526 935 587 971 τε
616 917 724 970 τῶν
757 915 1121 987 ἐπαγγελιῶν,
1163 915 1294 970 ποτὲ
1330 915 1428 987 μὲν
1453 915 1539 969 διά
1569 914 1816 987 παραϐο-
1865 965 1870 969 .

194 1007 332 1072 λῶν,
378 1008 524 1062 ποτὲ
555 1009 613 1062 δὲ
644 1008 738 1062 καὶ
776 1010 833 1061 ἐν
867 1009 1199 1080 ἀπορρήτοις
1226 1007 1474 1077 ἐξέφαινε
1503 1010 1614 1072 τοῖς
1645 1006 1812 1062 αὑτοῦ

199 1098 520 1171 μαθηταῖς,
558 1100 695 1172 πρὸς
733 1100 827 1164 οὓς
854 1099 1058 1168 ἔλεγεν,
1102 1099 1273 1169 Ὑμῖν
1320 1099 1557 1154 δέδοται
1593 1098 1815 1169 γνῶναι

195 1187 278 1242 τὰ
297 1190 626 1260 μυστήρια
654 1192 761 1247 τοῦ
797 1191 968 1257 Θεοῦ,
1004 1185 1079 1246 ὧν
1104 1193 1205 1246 οὐκ
1234 1193 1301 1249 ἂν
1335 1192 1485 1267 εὖροι
1507 1209 1591 1256 τις
1626 1191 1697 1246 τὰ
1719 1187 1816 1245 ἶσα

196 1283 365 1357 παρὰ
385 1286 604 1352 Μωσεῖ,
631 1287 664 1358 ἢ
689 1285 838 1358 παρά
858 1287 970 1349 τοῖς
996 1284 1203 1349 λοιποῖς
1237 1287 1564 1359 προφήταις.
1601 1285 1667 1340 Τί
1683 1280 1814 1351 οῦν;

198 1376 331 1429 emt
369 1378 451 1450 μὴ
491 1377 572 1448 τῷ
609 1378 876 1431 Ἰουδαίων
905 1376 1018 1448 λαῷ
1047 1377 1322 1448 παρεδόθη
1347 1377 1543 1442 ταῦτα,
1580 1379 1660 1442 εις
1689 1381 1814 1430 ἐπι-

195 1467 427 1537 τήδειον
474 1470 667 1542 καιρὸν
694 1469 1070 1542 φυλαττόμενα
1103 1474 1167 1541 τῇ
1217 1469 1516 1542 Ἐκκλησία
1547 1468 1812 1543 Χριστοῦ,

197 1558 364 1630 παρὰ
401 1560 571 1614 τοῦτο
625 1563 761 1633 χρῆν
796 1561 942 1631 ὑμᾶς
976 1561 1073 1633 τὴν
1111 1562 1453 1644 δωρηθείσαν
1487 1563 1619 1634 ἡμῖν
1655 1561 1816 1633 χάριν

194 1649 460 1718 ἀθετεῖνς
511 1650 545 1722 ἢ
591 1652 850 1721 μειζόνως
887 1652 1229 1723 εὐχαριστεῖν
1285 1651 1363 1724 τῷ
1397 1651 1499 1723 τῆς
1543 1651 1819 1722 τοσαύτης

198 1747 361 1818 ἡμᾶς
381 1745 789 1810 καταξιώσαντι
817 1742 1068 1813 γνώσεως
1096 1744 1203 1815 (6);
1234 1744 1393 1799 Κατὰ
1423 1743 1515 1798 τὸν
1539 1745 1701 1799 αὐτὸν
1722 1741 1820 1800 οῦν

196 1839 418 1910 τρόπον
459 1837 558 1891 καὶ
606 1836 705 1901 τὰς
748 1837 877 1909 περὶ
923 1837 1019 1892 τοῦ
1055 1838 1186 1892 Υίοῦ
1215 1836 1584 1904 διδασκαλίας,
1617 1839 1682 1892 ὲκ
1715 1839 1816 1910 τῆς

1915 636 2151 691 altitudo
2171 675 2188 701 ,
2219 645 2267 690 et
2291 649 2606 704 cognoscere
2629 632 2962 687 excedentem
2990 635 3141 689 illam
3171 635 3507 691 dilectionem

1916 725 2234 796 cognitionis
2257 724 2356 778 Dei
2383 725 2451 776 “.
2480 723 2590 778 Sed
2641 730 2698 779 et
2751 721 2980 792 ipsemet
3023 722 3289 781 Servator
3323 735 3510 783 noster

1916 817 2070 888 plura
2118 815 2374 887 mysteria
2407 814 2477 871 de
2507 832 2676 890 regno
2718 819 2981 875 caelorum
3012 863 3029 888 ,
3061 820 3129 876 de
3159 833 3508 875 consumma-

1919 911 2068 966 tione
2094 909 2315 976 mundi,
2347 911 2413 968 de
2441 911 2900 983 promissionibus
2925 953 2941 979 ,
2970 929 3115 970 nunc
3149 929 3248 986 per
3273 913 3508 984 parabo-

1919 1003 2019 1066 la's,
2052 1019 2194 1058 nunc
2221 1003 2457 1060 latenter
2495 1014 2565 1060 et'
2592 1007 2809 1063 occulte
2849 1009 3064 1075 extulit,
3127 1017 3184 1062 et
3222 1005 3507 1076 discipulis

1919 1096 2206 1163 intimavit,
2241 1096 2534 1166 inquiens:
2573 1096 2726 1152 Vobis
2759 1100 2942 1154 datum
2969 1111 3043 1155 est
3079 1116 3230 1155 nosse
3261 1099 3507 1169 mysteria

1920 1188 2018 1244 Dei
2061 1188 2136 1256 δ’,
2179 1189 2378 1261 quibus
2429 1192 2682 1261 supparia
2733 1208 2840 1248 non
2902 1192 3144 1248 inveniet
3192 1193 3313 1262 quis
3364 1191 3510 1260 apud

1920 1280 2126 1336 Mosem
2152 1321 2169 1348 ,
2209 1290 2304 1336 aut
2337 1282 2577 1353 reliquos
2626 1285 2943 1355 prophetas.
2974 1282 3118 1352 Quid
3148 1285 3324 1354 ergo?
3370 1283 3506 1338 Cum

1918 1389 2026 1429 non
2055 1388 2381 1432 concessum
2421 1375 2585 1432 fuerit
2611 1375 2926 1432 Iudaeorum
2969 1377 3170 1447 popqu
3203 1377 3303 1430 ista
3330 1375 3509 1445 perci-

1917 1480 2092 1536 pere,
2144 1467 2238 1520 sed
2289 1467 2343 1521 in
2397 1477 2608 1538 tempus
2658 1480 3026 1540 opportunum
3083 1467 3508 1524 reservabantur

1918 1558 2120 1614 Christi
2167 1558 2424 1615 Ecclesia:
2473 1560 2846 1632 patefacienda
2886 1578 2901 1628 ;
2960 1561 3083 1616 ideo
3133 1576 3236 1617 nos
3289 1569 3509 1631 oportet

1918 1665 2236 1706 concessam
2270 1652 2427 1706 nobis
2462 1653 2693 1722 gratiam
2736 1653 3050 1726 negligere?
3085 1652 3197 1708 lmo
3227 1667 3356 1707 vero
3395 1667 3510 1704 ma-

1912 1740 2086 1809 jorem
2123 1743 2174 1796 in
2206 1743 2424 1796 modum
2455 1745 2662 1813 gratias
2692 1743 2767 1800 illi
2821 1745 3131 1801 retribuere
3155 1786 3170 1809 ,
3222 1743 3315 1816 qui
3351 1742 3510 1799 nobis

1919 1833 2061 1888 hanc
2108 1842 2313 1888 tantam
2366 1834 2655 1890 scientiam
2691 1836 3011 1902 impertivit.
3048 1837 3130 1892 Ad
3183 1838 3342 1891 istum
3376 1850 3510 1904 ergo

199 1931 381 1986 αὐτοῦ
417 1931 633 2001 Καινῆς
658 1928 935 2001 Διαθήκης
966 1931 1235 2002 προσήκοι
1266 1929 1332 1984 ἂν
1377 1929 1807 2000 ἀπολαμϐάνειν,

1915 1925 2161 1992 modum,
2197 1943 2318 1996 quae
2339 1935 2465 1983 sunt
2490 1927 2557 1984 de
2593 1929 2686 1984 Dei
2723 1929 2837 1984 lilio
2871 1929 2922 1984 in
2960 1928 3116 1984 Novo
3155 1927 3509 1984 Testamento

199 2023 364 2077 οὐδὲν
406 2023 804 2093 ξενιζόμενους,
833 2023 881 2074 εἰ
909 2023 981 2092 μὴ
1012 2022 1088 2093 τῷ
1124 2023 1538 2096 σκληροκαρδίῳ
1578 2021 1691 2092 λαῷ
1714 2023 1812 2093 τὴν

201 2117 342 2188 περὶ
375 2114 546 2169 αὑτοῦ
577 2114 779 2183 γνῶσιν
811 2114 1185 2168 ἀνεκάλυπτον
1217 2117 1266 2168 οἱ
1304 2114 1398 2168 τοῦ
1430 2113 1564 2167 Θεοῦ
1599 2113 1814 2184 ἀνθρω⁴

201 2224 324 2269 ποι,
355 2209 444 2272 εἰς
473 2207 664 2279 καιρὸν
695 2205 973 2278 εὔκαιρον,
1001 2207 1092 2261 τὸν
1128 2208 1259 2279 περὶ
1284 2207 1450 2261 αὐτοῦ
1480 2205 1812 2277 ταμιευόμε-

199 2316 288 2353 νοι
321 2299 510 2370 λόγον.
552 2300 627 2354 Οὐ
668 2299 778 2373 γὰρ
817 2300 990 2354 ἐδόκει
1022 2298 1330 2370 ἐπιτήδειον
1369 2295 1508 2351 εἶναι
1550 2299 1631 2365 τὸ,
1660 2315 1812 2370 τηνι-

201 2390 394 2445 καῦτα
433 2392 863 2463 ὐποσυρομένοις
893 2390 1118 2462 ἀνδράσι
1143 2391 1237 2444 ἐπὶ
1268 2389 1364 2461 τὴν
1389 2389 1813 2446 πολύθεονσπλά-

201 2499 307 2554 νην
334 2483 696 2555 παραδιδόναι
717 2483 776 2536 τὸ
804 2482 882 2554 (7)
910 2483 1038 2554 περὶ
1069 2481 1282 2554 Πατρὸς
1305 2483 1399 2536 καὶ
1430 2482 1562 2536 Υἱοῦ
1595 2483 1810 2555 μυστή-

206 2590 350 2645 ριον,
384 2569 469 2638 οἷς
495 2575 616 2628 οὐδὲ
641 2575 768 2639 τοὺς
792 2574 920 2646 περὶ
944 2575 1052 2627 τῶν
1077 2573 1498 2645 ὑποϐεϐηκότων
1525 2573 1809 2645 δυνάμεων

202 2664 582 2732 ὲξεκάλυπτον
608 2666 828 2734 λόγους’
882 2664 958 2729 ὼς
995 2664 1063 2718 ἂν
1099 2664 1172 2736 μὴ
1204 2664 1479 2737 προφάσει
1510 2663 1684 2738 ταύτῃ
1714 2666 1808 2718 ἐπὶ

201 2753 309 2826 τὴν
359 2753 678 2826 Ἑλληνικὴν
729 2755 1092 2808 καταπέσοιεν
1146 2754 1459 2820 πολυθεῖαν,
1504 2757 1554 2810 οἱ
1596 2755 1809 2827 πατέρα

203 2845 427 2917 ἀνδρῶν
477 2864 539 2899 τε
590 2845 728 2901 θεῶν
768 2864 828 2900 τε
873 2848 967 2901 τὸν
1024 2849 1154 2920 παρ’
1171 2850 1380 2914 οαύτοῖς
1435 2849 1809 2903 ἀνεπλάσαντο

205 2937 369 2991 Θεόν.
391 2938 592 3012 Διόπερ
613 2939 713 3010 τῆς
734 2938 990 3010 τοιαύτης
1015 2941 1214 3004 αὐτοὺς
1236 2939 1578 2994 ἀναστέλλων
1599 2941 1809 3012 πλάνης

205 3030 237 3082 ό
264 3029 430 3101 λόγος
456 3031 551 3085 τὸν
571 3033 665 3084 ἕνα
698 3031 831 3085 Θεὸν
860 3033 959 3102 ὲκή
969 3049 1180 3104 ρυττεν,
1205 3033 1266 3085 οὐ
1293 3031 1399 3104 μὴν
1424 3033 1635 3104 πατέρα
1658 3030 1806 3086 εἶναι

204 3117 304 3170 τὸν
333 3119 500 3172 αὐτὸν
530 3121 748 3192 ἠρνεῖτο
768 3137 782 3151 ·
813 3121 909 3175 καὶ
933 3122 1024 3175 τὸν
1049 3121 1224 3194 ἀληθῆ
1243 3122 1301 3176 δὲ
1331 3122 1509 3176 σέϐειν
1538 3123 1804 3186 ἐδίδασκε,

205 3209 307 3262 καὶ
337 3209 479 3281 πλὴν
514 3211 678 3264 αὐτοῦ
721 3212 926 3284 μηδένα
964 3212 1162 3266 εἰδέναι
1201 3213 1458 3285 παρῄνει,
1485 3214 1547 3268 οὐ
1583 3214 1690 3284 μὴν
1714 3216 1808 3286 ἠρ-

208 3303 360 3357 νεῖτο
390 3299 530 3358 εἶναι
575 3304 738 3358 αὑτὸν
765 3304 1010 3377 Πατέρα.
1040 3305 1103 3358 El
1137 3305 1198 3358 δὲ
1238 3305 1314 3377 (8)
1339 3307 1435 3359 καὶ
1457 3305 1682 3378 Κύριον,
1710 3285 1806 3357 καὶ
1835 3285 1878 3343 C

207 3393 347 3449 Θεὸν
368 3396 549 3460 αὑτὸν,
590 3397 683 3450 καὶ
706 3397 934 3462 δίκαιον,
967 3397 1063 3451 καὶ
1097 3398 1330 3468 Σωτῆρα
1369 3397 1657 3461 ἀπεκάλει,
1691 3395 1806 3450 ἀλλ’

207 3485 315 3540 οὐκ
346 3487 606 3541 ἀπέκλειε
634 3488 729 3542 τοῦ
772 3490 866 3543 καὶ
908 3489 1128 3561 Πατέρα
1162 3485 1302 3543 εἶναι
1348 3489 1511 3543 αὐτὸν
1553 3489 1806 3560 ἡγεῖσθαι

208 3576 308 3630 τοῦ
338 3579 664 3649 μονογενοῦς
691 3581 855 3635 αὑτοῦ
892 3580 987 3634 καὶ
1018 3581 1305 3652 ἀγαπητοῦ
1338 3581 1492 3635 Υἱοῦ.
1520 3581 1633 3634 Εἶτ’
1667 3576 1759 3634 οὖν
1778 3582 1807 3634 ό

210 3667 406 3741 Πατὴρ
429 3669 604 3738 λέγων
631 3671 729 3725 εἴθ’
758 3673 786 3724 ὁ
811 3671 937 3735 Υἱὸς
958 3671 1019 3724 τὸ
1057 3671 1192 3742 Ἐγώ
1212 3673 1329 3742 ειμι
1355 3675 1389 3727 ὁ
1417 3671 1521 3737 ὢν,
1550 3670 1806 3744 ἀληθεύοι

206 3757 276 3812 ἂν
310 3759 590 3833 ἑκατέρως
612 3763 641 3815 ό
668 3762 846 3832 λόγος.
880 3765 948 3817 ’Ὀ
977 3781 1038 3818 τε
1062 3764 1171 3837 γὰρ
1197 3764 1382 3836 Πατὴι,
1420 3768 1453 3819 ό
1481 3761 1566 3818 ὢν
1597 3765 1684 3838 εἴη
1715 3763 1803 3829 ἄν,

212 3852 378 3920 μόνος
405 3853 572 3919 αὐτὸς
606 3853 680 3908 ὢν
725 3854 819 3909 ἐπὶ
851 3857 1088 3923 πάντων,
1126 3858 1220 3910 καὶ
1247 3857 1336 3912 διὰ
1368 3857 1585 3911 πάντων
1620 3858 1715 3912 καὶ
1745 3859 1807 3911 ὲν

210 3945 351 4001 πᾶσι
383 3945 537 4012 Θεὸς,
569 3948 646 4011 ὡς
664 3950 694 4002 ὁ
714 3948 855 4013 Θεῖος
879 3949 1089 4015 ἐδίδαξε
1126 3950 1472 4014 ’Δπόστολος,
1506 3952 1536 4004 ὅ
1556 3968 1618 4004 τε
1648 3951 1798 4017 Υἱὸς,

209 4037 309 4090 καὶ
344 4037 507 4101 αὐτὸς
537 4039 892 4110 χρηματίζων
930 4043 964 4096 ό
983 4037 1088 4106 ὢν,
1115 4041 1368 4111 ἀληθεύοι
1399 4042 1487 4096 ἄν·
1535 4041 1700 4113 μόνος
1727 4040 1802 4096 ὣν

208 4123 366 4190 Υἱὸς,
397 4128 691 4201 μονογενὴς
713 4129 806 4184 τοῦ
835 4130 1008 4195 ὄντος,
1036 4130 1174 4185 ἀλλά
1201 4133 1295 4185 καὶ
1323 4131 1488 4187 εἰκὼν
1506 4131 1599 4187 τοῦ
1631 4134 1803 4204 ἀορά-

208 4232 308 4272 του
355 4217 494 4272 Θεοῦ
537 4220 816 4294 ὺπάρχων.
846 4223 957 4276 Καὶ
987 4221 1146 4276 τοῦτο
1185 4225 1269 4296 εἴη
1315 4223 1381 4277 ἂν
1417 4223 1490 4295 (9)
1527 4223 1694 4278 αὐτοῦ
1729 4225 1806 4276 εξ-

211 4307 349 4376 κὼν,
392 4310 516 4365 καθ’
566 4312 596 4366 ὃ
639 4313 798 4385 μόνος
839 4309 908 4386 ἧν
959 4315 1121 4381 αὐτὸς
1163 4318 1198 4372 ό
1244 4316 1348 4370 ὧν.
1379 4317 1470 4370 Διὸ
1506 4318 1600 4371 καὶ
1638 4316 1801 4382 αὐτὸς

210 4403 546 4474 χρηματίζοι
572 4404 639 4460 ἂν
665 4409 697 4460 ό
723 4405 821 4470 ὢν,
844 4407 966 4460 ἐπεὶ
994 4409 1088 4462 καὶ
1103 4408 1236 4473 Θεὸς
1260 4411 1355 4464 καὶ
1370 4409 1577 4483 Κύριος
1602 4411 1803 4482 ὁμοίως

212 4493 294 4565 τῷ
326 4495 504 4569 Πατρὶ
533 4497 627 4552 καὶ
654 4497 816 4563 αὐτὸς
841 4496 932 4553 διὰ
964 4499 1144 4573 πάσης
1160 4500 1522 4573 ἀνηγόρευται
1553 4502 1653 4574 τῆς
1682 4502 1803 4555 θεο-

214 4586 484 4641 πνεύστου
517 4588 763 4662 Γμφῆς.

1915 2017 2207 2085 ρι’ωάίοιιιιι
2237 2018 2554 2088 accipienda
2581 2028 2745 2084 sunt,
2771 2034 2876 2073 nec
2899 2027 2959 2074 ut
2984 2017 3221 2075 alienum
3251 2017 3380 2088 quid
3407 2016 3509 2070 mi-

1917 2124 2018 2162 nus
2043 2117 2354 2178 acceptare,
2372 2111 2415 2166 si
2451 2111 2669 2182 quidem
2709 2113 2786 2167 illi
2808 2112 3007 2183 papulo
3029 2112 3166 2167 duro
3194 2111 3356 2167 corde
3377 2125 3513 2180 pra:-

1915 2200 2029 2256 dito
2077 2201 2328 2258 homines
2385 2201 2461 2256 illi
2498 2202 2592 2258 Dei
2628 2203 2995 2273 cognitionem
3034 2204 3102 2258 'de
3133 2203 3224 2258 illo
3254 2217 3360 2256 non
3397 2209 3512 2255 tra-

1914 2293 2168 2348 diderunt
2191 2333 2205 2360 ,
2257 2303 2540 2350 reservato
2573 2295 2626 2349 in
2670 2305 2887 2364 tempus
2925 2303 3287 2365 opportunum
3320 2293 3386 2347 de
3418 2292 3519 2348 illo

1914 2383 2316 2452 dispensatorio
2349 2399 2625 2440 sermone.
2665 2383 2784 2439 Non
2850 2383 3138 2440 videbatur
3194 2393 3323 2438 tunc
3367 2389 3522 2439 tem-

1913 2475 2062 2545 poris
2089 2490 2301 2545 aequum
2330 2490 2475 2541 esse,
2509 2483 2570 2530 ut
2607 2474 2926 2531 hominibus
2949 2475 3016 2529 ad
3043 2488 3288 2530 errorem
3308 2473 3375 2528 de
3402 2475 3522 2531 diis

1915 2565 2102 2621 multis
2131 2566 2287 2622 facile
2331 2567 2716 2637 arrepentibus
2740 2607 2757 2634 ,
2800 2565 3119 2639 mysterium
3150 2565 3217 2621 de
3243 2565 3409 2622 Patre
3457 2579 3516 2623 et

1913 2657 2051 2715 Filio
2083 2658 2438 2723 revelaretur,
2498 2674 2623 2714 cum
2659 2657 2794 2713 nihil
2831 2661 2898 2713 de
2933 2658 3198 2729 subjectis
3233 2658 3382 2714 hisce
3410 2674 3510 2728 po-

1913 2751 2200 2806 testatibus
2250 2748 2581 2820 patefactum
2614 2749 2801 2816 fuerit,
2845 2764 2916 2803 ne
2948 2763 3046 2818 per
3090 2749 3236 2804 hunc
3267 2759 3506 2819 praetex-

1912 2849 2026 2898 tum
2055 2842 2130 2897 illi
2196 2844 2265 2898 ad
2319 2856 2659 2915 paganorum
2702 2843 3042 2914 polytheiam
3093 2842 3500 2905 dilaberentur,

1913 2934 2006 3005 qui
2037 2933 2226 2990 Jovem
2267 2949 2426 2990 suum
2468 2945 2676 3004 patrem
2722 2934 3118 3004 hominumque
3169 2934 3506 3002 deorumque

1911 3041 2112 3081 vocare
2133 3026 2338 3081 solent.
2375 3027 2647 3094 Quocirca
2685 3038 2748 3082 ut
2795 3043 3046 3086 errorem
3082 3027 3228 3083 hunc
3257 3026 3503 3082 elimiua.

1913 3129 1997 3173 ret
2019 3116 2262 3174 Verbum
2293 3118 2425 3173 illud
2456 3119 2574 3184 Dei,
2615 3135 2781 3174 unum
2811 3119 2979 3174 Deum
3007 3118 3373 3189 praedicabat:
3395 3133 3504 3172 non

1912 3219 2095 3265 tamen
2135 3211 2354 3280 negavit
2377 3213 2628 3267 eumdem
2681 3226 2804 3268 esse
2845 3212 3064 3268 Patrem
3101 3227 3332 3266 :verum
3376 3225 3504 3264 vero

1914 3303 2082 3357 Deum
2115 3302 2267 3358 illum
2303 3305 2540 3360 adorare
2573 3305 2805 3370 docuit,
2867 3316 2923 3360 et
2951 3311 3152 3376 praeter
3183 3303 3331 3357 illum
3381 3302 3507 3356 nul-

1910 3393 2020 3449 lum
2068 3395 2237 3450 alium
2291 3396 2546 3451 arbitrari
2600 3397 2770 3451 Deum
2818 3395 3106 3451 erudivit:
3139 3396 3233 3451 sed
3283 3393 3505 3449 minime

1911 3489 2186 3544 iuliciatur
2235 3488 2384 3544 illum
2431 3502 2556 3545 esse
2599 3487 2841 3555 Patrem,
2890 3494 2950 3553 >14
3005 3488 3051 3544 si
3099 3488 3387 3544 Dominum
3447 3495 3506 3541 et

1910 3583 2079 3639 Deum
2115 3580 2265 3636 illum
2290 3622 2306 3648 ,
2339 3591 2396 3636 et
2447 3582 2657 3648 justum
2703 3582 3005 3637 nominavit
3030 3590 3086 3637 et
3125 3580 3501 3646 Servatorem,

1907 3688 2013 3727 non
2045 3672 2281 3729 exclusit
2305 3688 2477 3728 euma
2505 3673 2663 3728 titulo
2693 3672 2898 3737 Patris,
2923 3683 3109 3729 tamen
3142 3681 3202 3727 ut
3230 3688 3337 3727 non
3358 3680 3504 3728 esset

1909 3767 2071 3821 Pater
2103 3768 2369 3839 unigeniti
2409 3775 2463 3823 et
2488 3766 2671 3824 dilecti
2698 3767 2782 3822 sui
2812 3766 2934 3823 Filii
2969 3785 2984 3823 :
3016 3769 3138 3823 sive
3165 3783 3295 3839 ergo
3315 3766 3498 3833 Pater,

1907 3874 2002 3914 seu
2054 3858 2227 3915 Filius
2254 3858 2387 3916 illud
2417 3860 2495 3915 ait
2519 3903 2534 3927 ,
2567 3859 2684 3930 Ego
2719 3875 2836 3914 sum
2865 3860 2958 3931 qui
3001 3875 3120 3914 sum
3162 3859 3229 3925 “,
3275 3857 3499 3914 omnino

1905 3950 2251 4005 verissimum
2280 3960 2386 4016 est,
2413 3951 2558 4022 quod
2603 3951 2700 4006 abs
2748 3951 2957 4005 utrovis
3006 3950 3233 4007 dicitur.
3262 3947 3501 4006 Namet

1906 4040 2072 4097 Pater
2105 4050 2190 4098 est
2216 4081 2232 4107 ,
2267 4043 2361 4114 qui
2403 4059 2524 4098 sum
2547 4083 2565 4112 ,
2599 4057 2724 4098 cum
2766 4043 2840 4098 sit
2881 4042 3032 4098 solus
3069 4057 3235 4114 super
3277 4041 3496 4108 omnia,

1906 4148 2005 4202 per
2047 4133 2229 4189 omnia
2258 4142 2315 4190 et
2340 4134 2397 4190 in
2435 4134 2694 4190 omnibus
2743 4133 2924 4199 Deus,
2964 4133 3108 4205 quod
3157 4148 3258 4190 nos
3283 4133 3503 4190 divinus

1906 4225 2090 4282 docuit
2119 4227 2428 4297 Apostolu.
2468 4225 2576 4282 Sed
2603 4235 2660 4283 et
2692 4226 2870 4283 Filius
2897 4229 2942 4284 si
2983 4227 3199 4284 dicatur
3224 4228 3316 4299 qui
3340 4243 3457 4282 sum
3479 4265 3497 4291 ,

1906 4330 2035 4371 vere
2080 4315 2160 4372 sic
2193 4317 2434 4373 dicitur:
2465 4330 2593 4372 cum
2622 4315 2775 4372 solus
2808 4317 2884 4372 sit
2910 4315 3087 4372 Filius
3122 4316 3215 4371 Dei
3249 4315 3501 4387 unigeni-

1907 4417 1994 4464 tus
2034 4406 2153 4481 ejus
2177 4448 2191 4473 ,
2222 4409 2315 4479 qui
2357 4418 2457 4476 est,
2503 4423 2627 4464 cum
2656 4408 2730 4465 sit
2772 4409 2950 4480 imago
2988 4407 3086 4463 Dei
3116 4410 3395 4464 invisibilis
3425 4406 3514 4474 “,.

1905 4513 1962 4558 et
2003 4516 2071 4557 eo
2101 4501 2219 4570 ipso
2261 4499 2334 4556 sit
2365 4500 2546 4572 imago
2571 4498 2727 4568 ejus.
2766 4501 2911 4571 quod
2942 4505 3094 4557 solus
3121 4501 3238 4573 ipse
3271 4502 3343 4557 sit
3407 4500 3514 4570 qui-

1905 4602 2002 4649 est.
2031 4591 2288 4663 Adeoque
2319 4601 2546 4648 vocetur
2579 4600 2635 4648 et
2694 4591 2783 4648 ille
2828 4593 2919 4663 qui
2947 4603 3021 4648 est
3042 4635 3057 4660 ,
3089 4609 3212 4649 cum
3261 4603 3316 4650 et
3355 4593 3503 4649 Deus

215 4679 290 4733 sit
312 4689 369 4734 et
399 4679 654 4740 Dominus
677 4684 930 4743 similiter
957 4693 1126 4758 atque
1153 4685 1318 4744 Pater
1342 4696 1425 4745 est
1443 4698 1502 4745 et
1532 4687 1796 4746 Dominus
1836 4703 1902 4745 ac
1963 4689 2106 4745 Deus
2134 4707 2148 4745 :
2183 4689 2455 4761 quomodo
2479 4703 2579 4761 per
2638 4687 2957 4760 Scripturas
2985 4689 3513 4747 universasanuun~

212 4773 402 4830 tiatur.

837 4874 994 4928 ΚΕΦ.
1028 4875 1160 4931 ΚΔί

216 4954 340 5010 Ὀτι
363 4960 398 5012 ὀ
432 4957 563 5012 non
581 4955 661 5025 ἦν
681 4963 786 5019 τοῦ
816 4964 984 5028 Θεοῦ.
1017 4966 1288 5040 ό-Μωσεῖ
1305 4967 1404 5021 καὶ
1435 4967 1517 5036 τῷ
1556 4969 1802 5040 Ἀϐραὰμ

811 5037 1204 5105 χρηματίσας.

284 5119 530 5175 Τοῦτοδέ
551 5123 670 5178 ἔστι
694 5126 788 5179 καὶ
816 5131 880 5181 ὲκ
915 5127 1008 5182 τοῦ
1044 5130 1178 5201 πρὸς
1212 5129 1304 5186 τὸν
1339 5132 1546 5187 Μωσέα
1575 5150 1799 5207 χρημα-

212 5211 411 5283 τισμοῦ
439 5213 640 5290 γνῶναι
665 5233 679 5247 ·
711 5217 859 5287 λέγει
892 5219 937 5271 δ’
958 5214 1052 5274 οὖν
1085 5223 1119 5294 ή
1157 5222 1370 5297 Γραφή·
1407 5223 1705 5294 Ἐλὰλησε
1730 5223 1800 5278 δὲ

214 5307 248 5359 ὀ
276 5302 424 5370 Θεὸς
453 5305 603 5376 πρὸς
639 5309 889 5377 Μωσῆν,
949 5312 1048 5366 καὶ
1081 5310 1215 5370 εἶπε
1240 5316 1392 5387 πρὸς
1426 5319 1616 5373 αὐτόν
1662 5317 1795 5385 (10)⁸

2529 4869 2684 4926 CAP.
2722 4869 2871 4926 XXI.

1997 4962 2153 5031 Quod
2185 4961 2361 5018 Filius
2397 4962 2441 5017 is
2467 4961 2561 5034 Dei
2581 4963 2784 5034 fuerat,
2810 4963 2902 5034 qui
2928 4979 3048 5017 cunt
3071 4961 3220 5018 lose
3248 4971 3408 5034 atque

2369 5033 2670 5086 Abrahamo
2699 5033 3034 5104 loquebatur.

1976 5125 2244 5198 Cognosci
2274 5133 2454 5194 potest
2492 5124 2626 5180 illud
2671 5140 2739 5180 ex
2808 5125 2899 5180 illa
2935 5141 3058 5180 cum
3089 5123 3239 5181 Mose
3259 5124 3515 5180 collocu-

1908 5221 2074 5276 tione.
2110 5219 2203 5274 Ait
2246 5219 2392 5274 enim
2429 5217 2714 5288 Scriptura
2745 5236 2760 5274 :
2798 5217 2869 5272 Et
2909 5219 3122 5274 locutus
3149 5227 3228 5272 est
3259 5216 3403 5272 Deus
3437 5213 3522 5269 ad:

1907 5312 2132 5377 Mosem,
2164 5321 2214 5366 et
2251 5312 2384 5367 dixit
2421 5310 2503 5364 illi
2555 5327 2576 5365 :
2617 5309 2731 5383 Ego
2770 5309 3067 5379 Dominus,
3098 5320 3148 5367 et
3175 5312 3319 5366 visus
3356 5326 3522 5375 sum,

291 5494 351 5554 ω
384 5487 485 5544 Ed.
519 5489 723 5560 Paris.,
753 5468 878 5566 pag.
909 5494 1033 5552 157.
1107 5494 1154 5526 ιι
1181 5495 1379 5566 Eph“.
1404 5511 1487 5563 ιιι,
1525 5495 1724 5564 ts,t9.
1799 5495 1811 5528 ι

1913 5509 2016 5551 .uc.
2043 5507 2163 5560 vm,
2203 5492 2292 5549 10.
2368 5491 2416 5524 ⁸³
2441 5490 2619 5548 Exod.
2649 5507 2731 5559 ιιι,
2765 5491 2856 5549 ιι.
2933 5491 2984 5526 ⁸⁵
3010 5489 3220 5549 Coloss.
3252 5505 3293 5548 ι.
3330 5489 3437 5548 15..

290 5712 372 5789 (ρ)
407 5713 718 5789 ζςνῴσεως.
750 5713 911 5771 Deest
943 5712 1165 5789 Χριστῷ
1193 5724 1290 5789 aut
1317 5715 1455 5789 Θεῷ.
1495 5719 1566 5776 Μ.

292 5782 374 5927 ('7;
412 5782 580 5853 Vulgo
607 5782 696 5853 ri;
729 5799 851 5844 mox
897 5782 1058 5856 vulgo
1087 5782 1511 5847 ἀνεπλάσσοντο.

292 5854 350 5923 (8
403 5855 570 5926 Vulgo
593 5856 680 5928 δή.

1975 5718 2052 5792 (9)
2073 5719 2184 5792 Kal
2215 5713 2822 5792 raucoslnﬁrnLege
2854 5717 2950 5771 καί
2977 5715 3180 5791 τούτῳ.
3220 5711 3314 5772 δί.

1978 5785 2092 5866 (ιο)
2127 5790 2298 5864 Vulgo
2327 5785 2550 5864 [λέγων]
2581 5785 2714 5858 ἐγώ.
