4106 6424
207 408 319 468 957

1161 413 1251 469 DE
1293 412 1836 473 ECCLESIASTICA
1869 412 2264 472 THEOLOGIA
2290 414 2419 472 LIB.
2461 413 2514 471 II.

3401 416 3508 473 958

204 525 399 582 ταῦθαι
429 528 515 600 μὴ
537 529 888 601 πραττέσθω
907 530 1004 601 τὴν
1031 529 1230 600 ψυχὴν,
1259 530 1399 584 ἀλλά
1418 532 1512 586 καὶ
1545 531 1655 585 τῶν
1688 530 1796 602 ἑξῆς

1921 531 2178 601 trepidet,
2211 531 2306 587 sed
2346 531 2599 586 attendat
2627 545 2750 600 quae
2784 539 3090 601 sequuntur
3117 531 3321 588 statim.
3368 533 3505 588 Cum

206 622 590 691 συνημμένων
617 621 892 674 ἀκουέτωο
919 620 1087 675 εἰπὼν
1118 623 1248 693 γὰρ,
1289 626 1410 677 Οὐκ
1439 623 1686 678 ἔσονται
1714 639 1815 679 σοι

204 711 334 766 θεοὶ
399 712 593 784 ἕτεροι
639 712 806 779 πλὴν
838 712 1004 782 ἐμοῦ,
1062 714 1371 783 ἐπήγαγεν·
1416 717 1499 768 Ob
1539 713 1814 782 ποιήσεις

201 803 457 868 σεαυτῷ
469 802 584 874 (Ξί)
598 803 870 868 εἴδωλον,
896 805 1039 858 οὐδὲ
1060 805 1287 872 παντὸς
1302 808 1585 876 ὁμοίωμα,
1608 806 1725 861 ὅσα
1744 808 1814 860 ἐν

203 891 287 957 τῷ
314 893 562 960 οὐρανῷ
582 895 724 960 ἄνω,
744 895 842 949 καὶ
856 895 974 950 ὅσα
995 897 1065 950 ἐν
1087 897 1162 965 τῇ
1179 896 1256 966 γῇ
1285 898 1462 963 κάτω,
1487 899 1582 952 καὶ
1611 899 1727 953 ὅσα
1741 901 1812 953 ἐν

201 987 333 1051 τοῖς
362 986 596 1041 ὕδασιν
618 987 896 1042 ὑποκάτω
923 988 1034 1057 τῆς
1054 988 1187 1058 γῆς.
1227 991 1310 1043 Οὐ
1358 993 1811 1059 προσκυνήσεις

198 1079 442 1146 αὐτοῖς,
461 1081 698 1152 οὑὸἐμὴ
710 1082 1061 1150 λατρεύσεις
1076 1080 1299 1146 αὐτοῖς,
1313 1080 1426 1150 ἐγὼ
1440 1081 1551 1151 γάρ
1566 1086 1681 1152 εἰμι
1696 1085 1812 1138 Κύ-

192 1189 336 1239 ριος
364 1171 400 1225 δ
428 1174 581 1238 Θεός
605 1188 743 1238 σου,
799 1176 1015 1242 Κύριος
1036 1172 1321 1240 ζηλωτής.
1359 1175 1520 1245 Ὁρᾷς
1546 1177 1693 1240 ὅπως
1728 1177 1805 1230 δι-

199 1264 500 1318 εστέλλετο
517 1265 648 1336 (22),
659 1267 731 1338 μὴ
748 1269 814 1338 τῇ
835 1266 942 1319 τῶν
959 1266 1128 1320 ἐθνῶν
1141 1266 1390 1338 πολυθέῳ
1410 1269 1587 1342 πλάνῃ
1603 1287 1808 1324 συναπ-

199 1353 469 1425 άγεσθαι,
495 1358 656 1427 μόνον
684 1358 741 1411 δὲ
769 1359 931 1412 αὑτὸν
955 1359 1152 1413 εἰδέναι
1178 1361 1310 1412 Θεὸν
1335 1363 1428 1414 καὶ
1457 1361 1681 1431 Κύριον.
1713 1362 1806 1425 Τίς

197 1447 248 1500 δ’
280 1444 380 1502 οῦν
425 1441 621 1514 0510;;
662 1450 718 1503 Ὀ
741 1450 867 1514 Υἱὸς
885 1451 981 1522 τὴν
1006 1452 1190 1505 εἰκόνα
1219 1453 1312 1506 τοῦ
1349 1455 1561 1524 Πατρὸς
1581 1454 1721 1524 ἔχων
1745 1455 1804 1506 ὲν

199 1541 410 1612 ἑαυτῷ,
450 1541 511 1607 ἐξ
545 1540 854 1604 αὑΘεντείας
893 1559 951 1594 τε
988 1543 1154 1596 αὑτοῦ
1197 1547 1310 1606 τοῖς
1335 1545 1803 1616 -εὶδωλολατρείαν

200 1632 430 1685 νοσοῦσι
465 1631 638 1685 ταῦτα
666 1632 1100 1703 διαταττόμενος.
1143 1635 1230 1698 Ὠς
1258 1636 1364 1708 γὰρ
1399 1637 1576 1689 πάντα
1604 1636 1671 1689 δι’
1707 1637 1802 1689 αὺ-

198 1723 305 1776 τοῦ
327 1722 575 1791 ἐγένετο,
607 1723 699 1776 τοῦ
720 1724 933 1794 Πατρὸς
957 1725 1043 1777 διὰ
1069 1725 1163 1778 τοῦ
1188 1727 1437 1798 Σωτῆρος
1457 1727 1555 1798 τὴν
1573 1728 1681 1780 τῶν
1706 1745 1800 1796 γε-

199 1812 388 1883 νητῶν
434 1814 695 1868 ἁπάντων
743 1815 931 1868 οὐσίαν
970 1816 1080 1887 (25)
1125 1817 1594 1888 ὑποστησαμένου,
1627 1819 1800 1882 οὕτως

1917 624 2066 678 enim
2103 623 2362 686 dixerat,
2422 621 2550 677 Non
2595 632 2747 676 erunt
2797 623 2893 676 tibi
2935 624 3013 676 dii
3039 623 3135 678 alii
3175 637 3371 694 prwter
3400 643 3504 690 me,

1915 714 2225 778 subintulit,
2263 712 2390 768 Non
2421 715 2582 782 [acies
2614 714 2709 767 tibi
2740 713 2941 767 idolum
2967 754 2982 780 ,
3012 730 3174 784 neque
3205 732 3408 770 omnem
3431 724 3505 770 si-

1917 807 2274 861 militudinem
2303 822 2482 860 eorum
2512 821 2629 876 qua:
2659 814 2786 860 sunt
2816 806 2870 859 in
2896 805 3024 860 caelo
3067 824 3298 872 sursum,
3333 809 3504 862 autin

1913 912 2056 954 terra
2089 901 2360 966 deorsum,
2394 909 2487 952 aut
2510 916 2628 969 qua:
2664 901 2862 953 suntin
2897 901 3047 963 aquis
3077 901 3255 954 subter
3270 912 3500 964 terram;

1914 1008 2017 1044 non
2049 991 2297 1044 adorabis
2328 991 2446 1055 illa,
2487 1007 2591 1043 non
2619 991 2868 1044 inservies
2902 990 3032 1053 illis,
3071 990 3181 1060 Ego
3215 993 3356 1045 enim
3382 1009 3502 1044 sum

1911 1083 2176 1137 Dominus
2214 1081 2357 1136 Deus
2403 1094 2557 1148 tuus,
2593 1083 2732 1136 Deus
2766 1083 2958 1137 zelotes
2985 1084 3053 1138 ⁸⁸.
3088 1083 3250 1139 Vides
3273 1093 3330 1138 ut
3359 1099 3497 1154 prae-

1910 1170 2118 1241 ceperit
2146 1172 2195 1226 id
2221 1172 2418 1236 solum,
2451 1188 2521 1226 ne
2548 1174 2616 1226 ab
2643 1189 2831 1228 errore
2865 1173 3153 1242 gentilitio,
3178 1175 3244 1229 de
3267 1175 3495 1230 deorum

1911 1264 2279 1330 multitudine,
2339 1261 2742 1319 abducerentur
2771 1304 2786 1330 ,
2821 1266 2920 1319 sed
2955 1265 3128 1320 solum
3183 1267 3358 1335 ipsum
3391 1267 3496 1320 Do-

1910 1357 2114 1410 minum
2153 1366 2314 1425 atque
2349 1357 2514 1410 Deum
2575 1365 2956 1425 agnoscerent.
3011 1355 3142 1424 Quis
3191 1367 3309 1411 erat
3343 1357 3446 1412 iste
3472 1357 3508 1410 ?'

1909 1464 2103 1518 nempe
2130 1449 2300 1504 Filius
2338 1448 2511 1502 Patris
2565 1449 2855 1517 imaginem
2905 1449 2959 1502 in
3005 1464 3064 1503 se
3112 1449 3318 1504 habens
3351 1470 3364 1502 ι
3401 1450 3493 1519 qui

1907 1555 2006 1608 pro
2057 1555 2152 1594 sua
2208 1556 2368 1610 quam
2427 1539 2615 1594 habuit
2663 1541 2991 1595 auctoritate
3043 1542 3346 1597 idololatris
3388 1543 3499 1598 ista-

1907 1629 1961 1683 in
2017 1632 2287 1685 mandatis
2337 1630 2507 1685 dedit.
2567 1630 2700 1683 Nam
2771 1640 2830 1684 ut
2883 1631 3066 1686 omnia
3117 1631 3278 1686 Pater
3327 1630 3494 1688 fecis-

1906 1737 1966 1778 se
2023 1723 2221 1776 dicitur
2285 1737 2380 1790 per
2449 1719 2796 1776 Servatorem
2831 1762 2844 1786 ,
2903 1721 2997 1789 qui
3064 1722 3303 1791 suscepit
3359 1737 3492 1776 0m-

1906 1815 2052 1867 nium
2111 1813 2467 1867 substantiam
2529 1828 2650 1881 qua:
2716 1823 3103 1879 getierantur;
3168 1813 3240 1865 ita
3302 1822 3357 1865 et
3427 1818 3486 1876 ᾖ(

199 1882 371 1967 αὑτὸς
399 1900 472 1974 ἦν
499 1907 526 1958 ὁ
562 1905 749 1977 Πατὴρ
778 1906 876 1976 τὴν
906 1882 986 1969 εις
1005 1882 1166 1960 αῦτὺν
1198 1882 1486 1976 γνῶσίν-τε
1518 1913 1612 1964 καὶ
1639 1912 1796 1964 εὐσέ-

1902 1906 2016 1974 ipse
2059 1904 2217 1958 Pater
2248 1901 2348 1956 fuit
2395 1904 2484 1972 qui
2536 1919 2631 1972 per
2692 1903 2888 1956 Filium
2932 1902 3284 1957 mediatorem
3315 1945 3331 1968 ,
3366 1903 3482 1972 pie-

199 1993 360 2046 ϐειαν
398 1994 493 2048 διὰ
540 1994 758 2064 μεσίτου
807 1995 901 2047 τοῦ
939 1996 1068 2050 Υἱοῦ
1102 1999 1426 2069 παραδιδοὺς
1466 1999 1793 2070 ἀνθρώποις.

202 2084 394 2138 Τοῦτο
428 2085 489 2140 δὲ
518 2088 613 2140 καὶ
641 2089 669 2140 ὁ
714 2088 1036 2153 Ἀπόστολος
1070 2091 1253 2154 αὐτοῖς
1285 2092 1492 2161 ῥήμασι
1531 2091 1798 2155 Γαλάταις

199 2176 443 2247 γράφων
466 2177 732 2242 ἐδίδασκε,
757 2178 822 2232 δι’
849 2174 924 2234 ὧν
951 2181 1054 2252 ἔφη
1073 2197 1084 2210 ·
1123 2182 1176 2234 Ὀ
1203 2183 1386 2251 νόμος
1403 2182 1699 2251 διαταγεὶς
1720 2183 1794 2237 δι’

199 2269 486 2340 ἀγγέλων
513 2271 584 2322 ὲν
619 2269 772 2338 χειρὶ
792 2273 1045 2340 μεσίτου
1065 2290 1081 2304 ι
1101 2276 1134 2327 d
1157 2272 1226 2326 δὲ
1242 2275 1492 2342 μεσίτης
1521 2276 1659 2339 ἐνὸς
1681 2277 1795 2329 οὐκ

200 2360 384 2415 ἐστιν
403 2378 429 2393 ι
449 2362 486 2414 ὁ
508 2361 576 2414 δὲ
599 2360 744 2426 Θεὸς
769 2357 858 2427 εἷς
884 2363 1059 2417 ἐστιν
1079 2364 1213 2435 (24).
1242 2365 1363 2419 Κᾶν
1388 2366 1520 2438 λέγῃ
1539 2383 1553 2396 ο
1586 2367 1791 2432 Ἴδετε,

200 2451 296 2507 ὅτι
334 2452 454 2522 ἐγώ
483 2455 619 2523 ειμι,
658 2456 755 2509 καὶ
787 2459 898 2509 οὐκ
919 2457 1049 2510 ἐστι
1080 2457 1225 2522 Θεὸς
1271 2458 1440 2525 πλὴν
1486 2459 1654 2528 ἐμοῦ,
1692 2461 1795 2513 πά-

179 2542 289 2597 .λιν
320 2544 350 2596 ὁ
388 2544 578 2614 Πατὴρ
606 2539 694 2614 ἦν,
725 2545 800 2608 ὡς
829 2544 917 2598 διὰ
946 2547 1150 2609 εἰκόνος
1177 2549 1270 2600 καὶ
1303 2549 1544 2618 μεσίτου,
1579 2551 1668 2603 διὰ
1699 2552 1792 2604 τοῦ

202 2633 342 2689 Υίοῦ
360 2634 522 2688 τοῦτο
539 2636 763 2703 φάσκων
784 2652 798 2667 ο
814 2637 873 2690 οὐ
888 2638 993 2708 γὰρ
1003 2637 1066 2709 δὴ
1082 2637 1327 2706 λέγοντος
1345 2641 1443 2710 μὲν
1458 2640 1678 2694 Ἣσαῖου
1700 2643 1792 2696 τοῦ

202 2728 516 2797 προφήτου,
556 2729 729 2794 Υὶοὺς
775 2729 1076 2799 ἐγέννησα
1099 2733 1195 2785 καὶ
1228 2732 1464 2800 ὕψωσα,
1492 2736 1585 2788 καὶ
1611 2736 1790 2801 πάλιν,

215 2817 462 2887 Ἰσραὴλ
480 2819 546 2872 δέ
569 2838 647 2889 με
671 2824 784 2874 οὐκ
816 2823 988 2891 ἔγνω,
1015 2824 1110 2877 καὶ
1151 2826 1184 2877 ό
1219 2827 1368 2891 λαός
1393 2846 1468 2895 με
1501 2831 1571 2882 οὺ
1600 2829 1794 2897 συνῆ-

203 2926 298 2975 κε,
341 2913 440 2964 καὶ
471 2908 642 2977 αὖθις,
703 2913 842 2983 Ἐγιὼ
871 2913 1018 2970 πᾶσι
1059 2918 1181 2983 τοῖς
1220 2919 1463 2988 ἄστροις
1497 2922 1792 2976 ἐνετειλά-

199 3017 350 3070 μην,
380 3002 492 3066 καὶ,
518 3001 596 3070 Τῇ
643 3005 796 3073 χειρί
835 3023 954 3073 μου
987 3006 1324 3076 ἐστερέωσα
1365 3011 1473 3063 τὸν
1507 3013 1789 3080 οὐρανὸν,

205 3091 301 3142 καὶ
334 3092 436 3145 ὅσα
473 3093 606 3147 ἄλλα
632 3096 874 3163 τοιαῦτα,
911 3097 971 3148 οὐ
1009 3098 1098 3150 τὸν
1145 3100 1372 3153 Ἡσαΐαν
1411 3103 1581 3157 ταῦτα
1614 3105 1792 3174 λέγειν

207 3185 479 3290 φῂσομεν,
512 3185 577 3238 δι’
600 3187 764 3239 αὐτοῦ
804 3189 860 3242 δὲ
906 3189 995 3242 τὸν
1040 3192 1096 3243 ὲν
1142 3192 1290 3263 αὐτῷ
1327 3193 1591 3250 λαλοῦντα
1629 3197 1790 3251 Θεόνο
1821 3231 1863 3290 C

203 3273 330 3344 οὐχ).
360 3275 417 3328 δὲ
446 3277 539 3329 καὶ
570 3278 660 3329 ἐπὶ
693 3277 785 3330 τοῦ
829 3279 1148 3348 μονογενοῦς
1170 3281 1300 3336 Υξοῦ
1333 3283 1426 3337 105
1465 3285 1600 3339 Θεοῦ
1620 3326 1632 3350 ,
1661 3287 1794 3358 πρέ-

203 3379 300 3438 ⁸ιτοι
329 3365 398 3419 ἂν
425 3366 516 3418 τὸν
555 3368 770 3436 Πατέρα
789 3369 855 3421 δι’
884 3370 1047 3422 αὑτοῦ
1074 3371 1270 3442 χρῆναι
1301 3373 1474 3428 ταῦτα
1503 3375 1794 3448 διαμαρτύ-

210 3454 409 3522 ρασθαι
441 3458 552 3518 τοῖς
578 3457 684 3509 τῶν
721 3456 939 3510 τοιῶνδε
971 3460 1446 3530 παραγγελμάτων
1484 3464 1790 3533 δεομένοις;

206 3542 591 3614 εἰδωλολάτραι
620 3545 664 3597 δ’
690 3540 830 3615 ἦσαν
851 3541 1015 3610 οὗτοι,
1049 3548 1124 3611 ὡς
1151 3551 1183 3619 ὴ
1215 3551 1351 3621 αὑτὴ
1380 3552 1622 3606 διδάσκει
1653 3555 1691 3606 Γ
1699 3573 1792 3625 ρα-

206 3634 283 3704 φὴ
318 3635 569 3702 λέγουσα·
605 3638 713 3690 Καὶ
748 3633 869 3691 εῐπε
912 3638 1136 3709 Κύριοςο
1193 3660 1211 3692 ι
1242 3642 1352 3694 Ποῦ
1388 3644 1528 3695 εἰσιν
1583 3646 1631 3697 0i
1681 3644 1793 3698 6εοὶ

210 3743 232 3776 ι
276 3726 491 3791 αὒτῶν;
550 3731 632 3796 ἐφ’
680 3725 761 3792 οἷς
804 3731 1187 3785 ὲπεποίθεισαν
1239 3735 1325 3785 ἐπ’
1370 3736 1573 3798 αὐτοῖς,
1625 3729 1700 3789 ὧν
1732 3738 1794 3790 τὸ

211 3835 229 3866 ι
276 3818 446 3889 στέαρ
467 3817 575 3873 τῶν
612 3821 812 3874 Θυσιῶν
841 3822 1018 3873 αὐτῶν
1059 3823 1296 3892 ἡσθίετε,
1325 3827 1416 3879 καὶ
1449 3829 1662 3880 ὲπίνετε
1698 3830 1792 3882 τὸν

211 3927 229 3957 ι
273 3904 417 3961 οἶνον
470 3910 578 3962 τῶν
636 3911 876 3964 σπονδῶν
928 3913 1126 3969 αὐτῶν.
1203 3918 1636 3987 Ἀναστήτωσαν,
1697 3920 1794 3974 καὶ

212 4017 231 4050 ι
286 3999 711 4070 βοηθησάτωσαν
757 4004 904 4073 ὑμῖν,
947 3993 1042 4058 καῖ
1074 4007 1460 4078 γενηθήτωσαν
1485 4009 1636 4079 ὑμῶν
1664 4027 1791 4063 σκε-

212 4107 232 4141 s
276 4092 502 4146 πασταί.
561 4114 579 4146 ι
638 4095 859 4160 Τούτοις
916 4098 1024 4169 γὰρ
1084 4101 1353 4170 συνῆπται
1407 4100 1501 4167 τὸ,
1533 4119 1552 4152 ι
1600 4104 1790 4167 Ἴδετε,

213 4199 231 4231 ι
272 4182 411 4235 ἴδετε
471 4185 556 4238 ὅτι
611 4187 721 4256 ἐγώ
783 4191 920 4260 εἰμι,
991 4191 1084 4244 καὶ
1156 4191 1256 4244 οὐκ
1315 4191 1427 4245 ἔστι
1478 4193 1610 4258 Θεὸς
1654 4193 1792 4265 πλὴν

213 4291 232 4323 ι
277 4273 438 4345 ἐμοῦ.
487 4295 516 4329 ι

841 4375 997 4428 ΚΕΦ.
1030 4377 1157 4432 ΚΒ⁹.

208 4462 341 4518 Ὅτι
366 4464 465 4518 καὶ
497 4464 567 4519 ἐν
595 4465 716 4531 τοῖς
744 4467 1197 4608 πιέιὲξέἧὶἓὲἓῒῗὲὰ
1226 4471 1330 4526 τοῦ
1363 4472 1499 4527 Υιοῦ
1529 4478 1562 4528 ό
1587 4474 1792 4544 Πατὴρ

273 4623 397 4678 Κᾶν
416 4627 674 4698 μυριάκις
689 4627 866 4680 τοίνυν
888 4627 975 4680 διὰ
995 4629 1088 4681 τοῦ
1113 4634 1389 4703 προφήτου
1415 4632 1550 4702 βοῶν
1582 4636 1787 4707 φάσκῃ,

209 4715 386 4784 Πλὴν
413 4717 556 4786 ἐμοῦ
588 4721 698 4773 οὐκ
722 4721 854 4776 ἐστι
876 4721 1040 4787 Θεὸς,
1070 4723 1163 4776 καὶ
1191 4725 1358 4793 πλὴν
1373 4726 1517 4794 ἐμοῦ
1535 4731 1645 4782 οὐκ
1662 4729 1794 4783 ἐστι

206 4807 441 4875 δίκαιος
455 4809 552 4862 καὶ
574 4813 798 4880 Σωτὴρ,
847 4816 938 4867 καὶ
961 4816 1106 4868 Θεὸν
1139 4817 1306 4883 πλὴν
1319 4819 1464 4887 ἐμοῦ
1479 4823 1550 4874 οὐ
1569 4822 1792 4891 γνώσῃ,

210 4901 304 4952 καὶ
325 4900 527 4961 σώζων
557 4906 666 4957 οὐκ
700 4906 831 4958 ἔστι
859 4907 1049 4974 παρὲξ
1084 4908 1197 4980 (25)
1219 4910 1386 4980 ἐμοῦ,
1411 4915 1504 4966 καὶ
1537 4915 1637 4968 ὅσα
1660 4915 1794 4970 ἄλλα

205 4993 418 5055 τούτοις
459 4993 661 5063 ἀδελφά
701 4998 758 5049 ὲν
804 5001 913 5061 τοῖς
947 4998 1150 5064 λοιποῖς
1194 5003 1416 5073 φέρεται
1456 5009 1786 5077 προφήταις,

210 5084 358 5151 Θεὸς
376 5082 471 5153 ἦν,
495 5089 588 5140 καὶ
611 5088 678 5151 ἐξ
699 5091 934 5143 ἐκείνου
968 5091 1036 5144 ἐν
1063 5094 1291 5160 Χριστῷ
1319 5097 1548 5165 κόσμον
1565 5104 1788 5154 καταλ-

210 5176 466 5232 λάσσων
486 5180 698 5246 ἐαυτῷ,
722 5184 817 5235 καὶ
837 5184 998 5246 αὐτὸς
1018 5181 1084 5254 ἦν
1117 5186 1146 5239 ὁ
1177 5188 1366 5259 Πατὴρ
1388 5190 1560 5244 ταῦτα
1577 5191 1666 5244 διὰ
1687 5192 1782 5245 τοῦ

213 5270 532 5340 μονογενοῦς
567 5273 719 5339 Υξοῦ,
774 5269 861 5328 οἷα
893 5276 960 5328 δι’
987 5277 1286 5349 ἑρμηνέως,
1321 5280 1623 5352 ἀνθρώποις
1651 5285 1782 5336 ὑπο-

1903 2007 2062 2051 tatem
2091 2006 2145 2050 et
2171 1996 2251 2050 sui
2289 1996 2654 2066 cognitionem
2690 1994 3006 2048 hominibus
3032 1992 3482 2048 communicavit.

1900 2087 2012 2142 Iloc
2045 2088 2264 2141 totidem
2299 2087 2496 2148 verbis.
2540 2087 2606 2140 ad
2639 2085 2868 2140 Galatas
2913 2085 3162 2140 scribens
3191 2084 3483 2153 Apostolus

1899 2179 2148 2241 docebat,
2181 2176 2289 2231 Lex
2321 2179 2568 2231 ordinata
2622 2194 2715 2248 per
2757 2176 2968 2247 angelos
3011 2177 3064 2230 in
3095 2192 3256 2229 manu
3285 2177 3491 2230 media-

1899 2269 2051 2322 toris.
2096 2266 2363 2321 Mediator
2399 2278 2574 2320 autem
2614 2269 2773 2320 unius
2811 2282 2915 2319 non
2948 2276 3025 2319 est
3067 2280 3087 2318 :
3136 2265 3278 2318 Deus
3314 2275 3498 2318 autem

1899 2377 2031 2413 unus
2079 2370 2154 2413 est
2199 2360 2265 2413 ⁵⁸.
2329 2359 2396 2412 Et
2434 2359 2561 2413 alibi
2587 2359 2682 2423 ait,
2763 2356 2938 2412 Videte
3005 2357 3144 2426 quod
3208 2371 3300 2425 ego
3347 2371 3500 2419 sum,

1897 2463 1945 2506 et
1976 2463 2167 2520 prwter
2205 2469 2285 2505 me
2325 2468 2429 2505 non
2459 2463 2534 2504 est
2575 2452 2713 2504 alius
2758 2449 2899 2503 Deus
2926 2449 2994 2501 ³⁸.
3040 2449 3199 2502 Pater
3241 2447 3330 2500 hic
3367 2457 3502 2502 erat

1897 2546 1989 2615 qui
2025 2561 2120 2613 per
2160 2544 2380 2607 Filium,
2411 2554 2669 2613 tanquam
2701 2542 2995 2612 imaginem
3029 2550 3084 2594 et
3122 2539 3493 2593 mediatorem

1899 2640 2003 2692 ista
2039 2637 2218 2691 dixit:
2259 2652 2365 2690 non
2403 2636 2548 2690 enim
2594 2648 2717 2687 cum
2754 2631 2946 2685 Isaiam
2973 2630 3224 2684 audimus
3256 2629 3492 2699 prophe—

1899 2739 2004 2783 tam
2035 2730 2326 2791 dicentem,
2355 2725 2526 2779 Filios
2556 2727 2709 2794 genui
2743 2734 2793 2777 et
2825 2722 3050 2778 exaltavi
3070 2721 3154 2786 ⁸⁶;
3187 2729 3240 2775 et
3264 2722 3491 2784 iterum,

1898 2820 2069 2873 Israel
2110 2830 2284 2873 autem
2315 2835 2395 2871 me
2427 2834 2529 2870 non
2563 2815 2824 2884 cognovit,
2853 2826 2901 2868 et
2934 2813 3158 2882 populus
3191 2827 3337 2864 meus
3381 2827 3488 2864 non

1897 2911 2150 2964 intellexit
2173 2912 2258 2976 ‘7;
2291 2918 2346 2964 et
2395 2924 2602 2971 rursus,
2649 2907 2906 2962 Omnibus
2949 2905 3214 2958 sideribus
3251 2919 3344 2972 ego
3387 2902 3490 2956 imo

1897 3006 2072 3073 peravi
2096 3021 2115 3068 ,°
2149 3013 2223 3068 ct,
2248 3019 2409 3055 manu
2436 3018 2549 3054 mea
2580 3001 2786 3068 ﬁrmavi
2820 2998 3008 3052 mlum
3030 2998 3099 3062 ⁸⁸,
3131 3008 3184 3052 et
3212 3012 3331 3065 qua:
3360 3006 3489 3050 sunt

1895 3095 2129 3160 similia;
2155 3109 2260 3148 non
2295 3094 2362 3146 ab
2382 3093 2515 3147 Isaia
2546 3093 2671 3157 ista,
2703 3092 2945 3158 inquam,
2981 3090 3194 3158 prolata
3213 3091 3485 3154 dicemus,

1897 3190 1992 3243 sed
2018 3204 2048 3242 a
2083 3189 2190 3243 Deo
2219 3204 2272 3241 ιιι
2304 3187 2419 3256 ipso
2464 3186 2740 3253 loquente.
2772 3184 3038 3250 Quocirca
3070 3184 3249 3238 eritne
3294 3184 3485 3239 incon-

1897 3296 2090 3350 gruum
2134 3279 2362 3339 dixisse,
2395 3277 2610 3331 Patrem
2658 3290 2754 3344 per
2794 3273 2987 3328 Filium
3038 3290 3197 3329 suum
3235 3275 3486 3345 unigeni-

1896 3383 2006 3427 tum
2037 3373 2153 3427 haec
2187 3371 2550 3441 przelocutum'
2573 3367 2848 3421 aﬂinnare
2905 3367 3044 3438 apud
3105 3382 3200 3421 eos
3237 3368 3328 3434 qui
3367 3368 3488 3422 istis

1894 3465 2206 3534 indigebant
2238 3463 2504 3517 mandatis
2548 3471 2604 3516 et
2655 3461 3156 3515 admonitionibus?
3187 3460 3356 3514 Erant
3387 3475 3486 3514 au-

1893 3564 1999 3610 tem
2051 3555 2193 3623 quod
2234 3562 2462 3607 testatur
2513 3552 2819 3620 Scriptura,
2858 3552 2911 3605 hi
2961 3551 3284 3606 idololatm.
3338 3551 3488 3604 Dixit

1892 3646 2035 3700 enim
2057 3645 2312 3699 DOminus
2345 3662 2360 3697 :
2396 3641 2501 3697 Ubi
2527 3652 2651 3696 sunt
2680 3643 2758 3694 dii
2786 3642 2999 3695 illorum
3026 3646 3050 3698 ?
3076 3643 3334 3713 inquibus
3361 3659 3463 3696 con

1891 3717 2166 3804 ﬁdebant,
2210 3751 2433 3805 quorum
2491 3736 2554 3787 de
2617 3735 2894 3800 sacriﬁciis
2929 3736 3134 3802 adipem
3165 3735 3485 3800 comedistis,

1892 3839 1937 3882 et
1977 3828 2178 3881 bibistis
2217 3828 2393 3880 vinum
2425 3827 2489 3879 de
2520 3828 2686 3893 epulis
2749 3843 2928 3879 eorum
2957 3844 2974 3878 :
3008 3836 3226 3894 surgant
3254 3835 3299 3878 et
3327 3825 3486 3894 adju-

1892 3932 2008 3976 vent
2042 3940 2148 3984 vos,
2201 3932 2248 3973 et
2280 3921 2411 3988 ﬁant
2448 3923 2830 3974 obumbracnla
2886 3922 3025 3973 vobis
3056 3923 3118 3972 '5".
3156 3918 3307 3975 Nunc
3333 3919 3485 3974 hisce

1894 4014 2075 4068 verbis
2108 4013 2328 4066 adunita
2385 4023 2546 4077 sunt,
2591 4011 2798 4077 Videte,
2847 4013 3009 4066 videte
3043 4012 3180 4081 quod
3201 4028 3293 4081 ego
3329 4027 3480 4078 sum,

1892 4116 1939 4160 et
1977 4123 2078 4160 non
2111 4115 2187 4160 est
2224 4105 2361 4158 alius
2391 4115 2580 4174 prwter
2615 4120 2694 4157 me
2718 4105 2784 4159 5°.

2493 4376 2645 4432 CAP.
2691 4374 2858 4430 XXII.

1896 4470 2048 4536 Quod
2077 4468 2233 4523 etiam
2266 4469 2320 4523 in
2347 4467 2618 4591 praphetzs
2653 4469 2812 4520 Pater
2838 4483 2928 4536 per
2945 4463 3146 4519 Filium
3175 4463 3314 4517 Deus
3341 4479 3481 4533 prte-

2605 4551 2794 4591 tcatur.

2605 4551 2794 4592 tcatur.

1967 4633 2114 4687 Licct
2145 4647 2273 4702 ergo
2314 4630 2508 4685 millies
2547 4647 2642 4700 per
2674 4631 2990 4699 prophetam
3025 4632 3249 4690 clamet,
3284 4624 3484 4679 Pra'ter

1896 4743 1975 4779 me
2015 4742 2116 4778 non
2161 4737 2235 4779 est
2275 4726 2448 4789 Deus,
2493 4734 2550 4779 et
2598 4735 2790 4792 pra'ter
2833 4739 2912 4774 me
2955 4738 3056 4774 non
3105 4732 3176 4774 est
3207 4720 3387 4789 justus
3433 4727 3482 4770 et

1897 4819 2164 4886 Servator,
2188 4831 2262 4885 el,
2293 4819 2459 4872 Deum
2489 4836 2589 4870 non
2621 4832 2897 4884 cognosces
2927 4825 3116 4882 pra'ter
3143 4831 3245 4880 me,
3274 4822 3327 4867 et
3359 4811 3483 4864 Non

1896 4923 1973 4967 est
2004 4914 2094 4977 qui
2139 4921 2525 4981 seroegprteter
2559 4925 2658 4974 me,
2685 4920 2738 4962 et
2769 4924 2886 4976 qua:
2925 4908 3006 4960 his
3048 4907 3367 4976 congemina
3406 4903 3481 4958 Ie-

1899 5016 2090 5060 runtur
2119 5008 2169 5059 in
2205 5004 2486 5074 prophetis
2515 5003 2747 5064 exteris,
2778 5001 2917 5054 Deus
2958 5011 3068 5052 erat
3097 5010 3142 5051 et
3184 4999 3238 5050 in
3268 4997 3478 5052 Christo

1897 5099 2149 5151 mundum
2189 5099 2288 5151 sibi
2318 5096 2661 5150 reconcilians
2690 5096 2753 5156 δι,
2782 5104 2835 5148 et
2868 5094 2980 5160 ipse
3025 5103 3143 5145 erat
3177 5089 3337 5143 Pater
3379 5087 3487 5142 ista

1895 5205 1990 5259 per
2047 5189 2239 5245 Filium
2309 5191 2682 5262 unigenitum,
2739 5188 2902 5240 veluti
2973 5200 3066 5252 per
3127 5184 3491 5247 interpretem

1892 5286 2181 5352 quemdam
2246 5283 2552 5338 hominibus
2594 5282 2977 5336 sub.nsinnans
3025 5298 3036 5331 ε
3077 5275 3168 5330 sed
3217 5286 3272 5328 ct
3311 5269 3497 5325 Filius

285 5433 344 5507 ᾧ
382 5427 477 5507 Ed:
505 5429 708 5507 Paris?
741 5433 990 5507 pagLI59.
1066 5434 1296 5490 “Exod.
1328 5454 1419 5499 xx,
1444 5439 1496 5500 4,
1532 5439 1601 5504 5;
1633 5439 1796 5494 Lavit.

1900 5443 2104 5507 vt,I,‘2.
2156 5445 2201 5474 ⁸⁸
2240 5443 2419 5497 Galat.
2448 5443 2624 5505 "1,19,
2655 5443 2747 5495 20.
2821 5442 2866 5471 ⁸⁵
2887 5442 3038 5494 Deut.
3069 5457 3142 5506 γι,
3173 5439 3222 5494 ιι.
3289 5439 3334 5469 ⁸⁸
3380 5439 3492 5492 Ιιῖε.

211 5513 248 5566 1,
288 5501 343 5551 2.
420 5499 463 5529 ⁸⁷
503 5501 634 5554 ihid.
666 5499 748 5555 5.7
815 5503 860 5533 ³⁸
920 5505 1018 5558 Isa.
1060 5522 1150 5572 LI,
1179 5507 1266 5562 15.
1359 5509 1404 5540 ⁵⁸
1446 5499 1554 5564 ler.
1585 5499 1646 5578 il,
1673 5512 1762 5567 28.

274 5674 390 5746 (2|)
428 5671 597 5746 Ynlgo
627 5678 824 5746 ἑαυτῷ.

276 5745 393 5809 (2'2)
427 5745 593 5812 Vulgo
618 5745 932 5801 διετέλλετο.

281 5815 392 5893 (15)
417 5815 559 5893 Αἰξπι
583 5823 972 5893 στ-ηιπιίιιέιιυ
1032 5821 1169 5885 Quid
1205 5825 1314 5878 \‘ttlt
1347 5826 1527 5879 llt‘SClU
1589 5845 1599 5877 :
1656 5831 1779 5890 nisi,

210 5890 294 5956 .pti
348 5890 754 5945 subsistcnlmn
794 5894 961 5952 dedit.
999 5903 1046 5946 et
1083 5910 1202 5952 esse
1249 5912 1622 5954 universorum
1652 5905 1776 5956 sub-

1860 5514 1903 5543 ⁶⁰
1949 5514 2100 5568 Deut.
2132 5531 2303 5580 χχιιι,
2353 5515 2443 5570 59.
2533 5515 2572 5545 ⁶¹
2619 5513 2656 5566 ll
2697 5514 2820 5568 Cor.
2852 5528 2906 5578 ν,
2944 5512 3030 5566 I9.

1889 5689 2125 5748 statuite,
2154 5688 2254 5742 hoc
2275 5699 2379 5749 est,
2414 5689 2466 5742 in
2499 5704 2620 5742 esse
2648 5689 2922 5752 produxit.
2957 5687 3025 5740 M.

1962 5759 2074 5826 (2i)
2113 5758 2286 5827 Vulgo
2319 5761 2466 5812 ἐστιν
2503 5754 2602 5824 εἷς.
2642 5762 2749 5813 Καὶ
2776 5759 2945 5827 λέγει,
2987 5759 3126 5813 ἴδετε
3155 5761 3265 5812 ὅτι..

1963 5830 2072 5894 (1‘3)
2105 5829 2274 5898 Vulgi)
2309 5831 2545 5895 ἐκείνου,
2584 5843 2637 5883 ct
2680 5848 2822 5899 mox,
2877 5833 3078 5900 κόσμον
3111 5830 3280 5899 ullgo
3312 5841 3493 5888 el‘l'OrC

1912 5919 2022 5967 uni,

1893 5919 2022 5967 ctus,
2060 5903 2175 5955 dein
2207 5903 2364 5972 vulgo
2399 5908 2507 5967 ττῖῑ
2547 5904 2735 5970 ΞῦΤῐΥι
