4106 6408
732 524 945 585 quoque
972 510 1026 565 in
1063 501 1375 577 Evangelia,
1404 503 1517 574 ipse
1554 516 1719 556 unum
1760 499 1932 556 solum
1968 497 2137 556 Deum
2169 495 2292 551 inti-

732 616 882 659 mare
941 598 1154 655 videtur
1206 595 1496 668 inquiens:
1544 596 1674 651 Hac
1727 601 1804 647 est
1862 600 2035 645 nutent
2085 594 2145 653 ᾖ(
2195 587 2297 643 vita

731 704 951 760 uerna,
978 702 1034 748 ut
1060 696 1377 763 cognoscant
1398 699 1447 743 te
1476 704 1637 742 unum
1663 686 1829 743 solum
1855 684 2038 746 Deum,
2065 692 2114 737 et
2148 698 2297 752 quem

727 785 921 841 misisti
948 784 1129 840 Iesum
1152 780 1415 835 Christum
1436 778 1502 833 ⁶¹.
1544 777 1634 833 Ille
1661 786 1777 832 erat
1797 789 1926 845 ergo
1946 787 2107 829 verus
2136 771 2294 827 Deus:

730 877 827 950 qui
857 890 996 932 unus
1032 874 1177 931 solus
1212 878 1315 939 est,
1351 879 1406 926 et
1436 884 1544 925 non
1579 880 1663 925 est
1700 867 1838 923 alius
1868 874 2064 935 praeter
2102 864 2294 935 ipsum.

733 968 835 1035 Qui
875 982 982 1023 non
1018 964 1193 1021 solum
1245 978 1343 1033 per
1384 961 1692 1031 praphetas,
1739 960 1833 1014 sed
1873 967 1929 1013 et
1975 972 2069 1027 per
2105 955 2298 1010 Filium

733 1074 889 1115 suum
937 1057 1036 1111 ista
1094 1053 1321 1124 tempori
1374 1050 1782 1113 convenientia,
1824 1046 2153 1103 idololatrico
2202 1045 2299 1100 Ju-

734 1150 973 1205 ὁποι-ατη
1021 1145 1219 1219 populo
1251 1143 1613 1216 pmcipiebat.
1663 1139 1925 1208 Quocirca
1965 1137 2149 1205 Isaias,
2207 1146 2301 1192 aut

735 1242 877 1296 Deus
912 1232 1091 1309 potius
1140 1252 1238 1307 per
1278 1237 1465 1292 isaiam
1507 1234 1584 1289 ait
1622 1251 1639 1289 :
1684 1234 1886 1287 Prteter
1930 1248 2010 1286 me
2071 1247 2175 1285 non
2225 1240 2298 1284 est

734 1330 876 1386 Deus
905 1344 923 1384 :
954 1326 1084 1396 Quis
1126 1336 1181 1382 ut
1216 1342 1328 1397 ego,
1364 1333 1472 1381 etc.
1508 1324 1612 1379 Vos
1644 1324 1766 1377 estis
1810 1331 1963 1376 testes
1993 1321 2039 1375 si
2082 1322 2198 1391 quis
2230 1321 2296 1374 sit

736 1421 877 1476 Deus
929 1430 1121 1489 prater
1169 1434 1249 1471 me
1282 1416 1348 1471 ".
1400 1413 1747 1470 Subinmlit:
1796 1410 1948 1477 Quod
1994 1426 2097 1464 non
2145 1418 2296 1464 erant

734 1524 859 1567 tunc
901 1513 993 1582 qui
1039 1509 1299 1581 ﬁngebant
1344 1518 1395 1562 et
1442 1506 1780 1574 sculpebant,
1826 1518 2000 1558 omnes
2045 1502 2166 1557 uani
2212 1501 2297 1571 {a-

736 1603 925 1657 cienles
973 1618 1089 1671 qua
1133 1601 1405 1669 placebant
1453 1596 1562 1652 illis
1600 1597 1666 1651 “.
1722 1595 1932 1664 Ubique
1976 1600 2153 1649 autem
2204 1609 2300 1664 per

736 1692 879 1749 illius
934 1691 1268 1763 prophetiam
1331 1690 1453 1744 licet
1505 1688 1931 1749 animadvertas.
1978 1685 2299 1741 inanimatas

736 1786 855 1842 illas
898 1793 1104 1839 statuas
1140 1782 1436 1853 ﬂagellatas
1471 1800 1484 1837 :
1521 1791 1577 1838 et
1608 1779 1854 1836 similiter
1887 1779 2026 1849 apud
2063 1778 2300 1849 singulos

735 1876 1117 1947 prophetarum
1176 1852 1340 1929 unum
1380 1876 1544 1930 Deum
1584 1873 1822 1928 invenies
1855 1872 2204 1936 celebratum,
2242 1882 2300 1926 ut
2330 1852 2372 1907 Β

736 1976 1051 2022 avertantur
1078 1966 1323 2021 homines
1348 1981 1377 2020 ε
1407 1964 1627 2019 deorum
1659 1961 2016 2017 multitudine.
2046 1960 2125 2015 Ad
2154 1976 2303 2016 eum-

737 2056 857 2112 dem
892 2058 1105 2112 modum
1141 2071 1237 2112 nos
1268 2057 1322 2111 in
1360 2070 1648 2125 congressu
1681 2067 2001 2123 quocunque
2037 2068 2157 2108 cum
2204 2068 2301 2123 pa-

738 2148 893 2220 ganis
924 2147 1155 2204 solemus
1192 2149 1494 2205 doctrinam
1521 2147 1586 2203 de
1613 2146 1830 2201 Christo
1872 2146 1924 2202 in
1958 2156 2166 2215 tempus
2203 2161 2301 2216 op-

735 2248 1022 2309 portuuum
1054 2255 1340 2310 reponere,
1374 2250 1429 2297 et
1455 2241 1507 2295 in
1543 2239 1791 2311 praesenti
1833 2240 2034 2295 erroris
2077 2237 2303 2293 idolola-

736 2331 859 2386 trici
915 2332 1346 2401 redargutionem
1405 2344 1740 2401 proponere,
1790 2337 1846 2385 et
1898 2330 1990 2385 Dei
2043 2330 2302 2385 unitatem

736 2420 1176 2478 demonstrativis
1240 2422 1540 2477 rationibus
1602 2420 1864 2478 stabilire.
1943 2422 2122 2477 Discat
2181 2423 2302 2477 ideo

736 2510 1039 2579 Marcellus,
1082 2514 1127 2570 si
1160 2524 1335 2570 tamen
1367 2515 1459 2582 qui
1501 2515 1897 2570 obvetersverit
1941 2530 2063 2570 cum
2094 2515 2307 2585 episco-

733 2614 867 2675 patu
920 2606 973 2660 in
1013 2605 1250 2661 Ecclesia
1306 2606 1505 2662 Christi
1551 2606 1785 2661 nondum
1836 2604 2112 2672 didicerit,
2159 2605 2301 2675 quod

736 2694 978 2765 mysterii
1029 2696 1171 2751 illius
1208 2696 1505 2751 absconditi
1545 2695 1933 2766 intelligentia,
1979 2704 2189 2751 vetusto
2221 2694 2300 2749 illi

734 2784 931 2853 populo
977 2799 1081 2840 non
1142 2784 1638 2840 eommunicabatur
1692 2786 1757 2840 de
1805 2784 1944 2839 Filio
1988 2784 2117 2849 Deo,
2165 2799 2298 2854 pro-

734 2882 917 2941 pterea
958 2875 1099 2944 quod
1148 2876 1216 2929 ah
1257 2876 1558 2931 idololatria
1598 2874 1937 2945 impendebat
1987 2875 2052 2930 iis
2084 2876 2299 2944 pericu-

736 2965 845 3020 lum
870 3005 885 3029 ,
907 2975 962 3021 et
988 2967 1126 3037 quod
1157 2966 1407 3023 Ecclesia:
1439 2967 1803 3022 tantummodo
1831 2967 2144 3039 mysterium
2172 2968 2301 3023 illud

736 3071 765 3109 a
799 3056 1012 3121 saeculo,
1052 3066 1105 3112 et
1150 3058 1582 3128 generationibus
1633 3057 2002 3113 absconditum
2051 3073 2301 3113 reserva-

736 3146 896 3201 batur
923 3146 1266 3214 aperiendum
1295 3146 1363 3200 ab
1414 3145 1581 3215 ipsius
1613 3147 1805 3215 gratia.
1832 3144 1890 3199 In
1917 3161 2023 3213 quo
2047 3147 2303 3217 mysterio

738 3234 807 3289 de
843 3246 1023 3290 sancta
1058 3235 1319 3291 Trinitate
1348 3236 1507 3301 ratio,
1549 3236 1614 3290 de
1658 3234 1837 3301 Patre,
1871 3234 2030 3298 Filio,
2074 3246 2132 3290 et
2179 3234 2300 3305 Spi-

737 3323 846 3380 ritu
872 3334 1080 3392 ssncto,
1110 3326 1362 3381 nimirum
1392 3324 1968 3397 comprehendebatur.
1996 3326 2158 3395 Atqui
2192 3336 2298 3381 tam

740 3414 909 3470 multa
954 3416 1170 3488 collegit
1218 3418 1272 3471 in
1320 3433 1519 3481 unum,
1564 3426 1696 3487 quot
1747 3416 1831 3473 vel
1878 3417 1945 3472 de
1995 3417 2299 3473 indecorum

738 3517 899 3575 gente
961 3508 1274 3563 circumcisa
1324 3508 1581 3579 magister
1634 3508 1689 3562 in
1740 3504 1964 3561 Judaica
2019 3505 2300 3578 Synagoga

736 3598 1208 3654 concionabun'dus
1244 3608 1636 3666 coacervasset,
1678 3606 1735 3653 et
1776 3598 2036 3669 gloriatur
2077 3613 2138 3654 se
2185 3601 2300 3655 haec

738 3686 941 3743 Christi
994 3689 1268 3759 discipulis
1320 3690 1615 3756 exhibere,
1694 3690 1821 3746 dum
1874 3690 2087 3763 ignorat
2156 3692 2300 3763 quod

740 3775 910 3831 multa
948 3778 1120 3833 adhuc
1156 3779 1305 3848 plura
1334 3778 1549 3836 Judmus
1591 3781 1883 3837 secundum
1916 3795 2134 3836 carnem
2169 3797 2299 3853 pro-

745 3867 972 3923 tulisset.
1014 3868 1212 3925 Horum
1262 3873 1433 3942 gratia
1472 3872 1561 3928 hic
1609 3872 1871 3930 insultat:
1905 3889 2010 3930 non
2040 3889 2302 3931 verecun-

740 3958 899 4013 datur
950 3971 1127 4016 autem
1153 3964 1294 4032 quod
1328 3963 1676 4034 theologicam
1712 3965 2049 4021 verissimam
2077 3965 2145 4022 de
2173 3965 2302 4023 Ser-

738 4058 1136 4109 vatoresnostro
1165 4057 1426 4110 rationem
1456 4055 1735 4125 pervertit.

1280 4151 1338 4209 ὦ
1367 4145 1520 4201 CAP.
1566 4144 1751 4201 X’Xlll.

935 4236 1088 4302 Quod
1123 4235 1361 4292 Ecclesia
1389 4253 1491 4292 non
1524 4238 1776 4307 pradicet
1803 4239 1927 4294 deos
1957 4239 2111 4294 duos.

830 4326 1054 4396 nprimis
1097 4343 1203 4383 non
1261 4327 1517 4400 intelligit
1562 4327 1765 4384 dictum
1817 4329 1980 4385 divini
2027 4330 2299 4400 Apostoli,

737 4415 830 4485 qui
872 4416 1227 4473 diversimode
1266 4417 1421 4474 docet
1467 4432 1592 4474 esse
1630 4418 1777 4495 illum
1832 4418 1925 4475 Dei
1976 4420 2300 4490 imaginem,

1398 377 1669 437 EUSEBII
1707 371 2185 435 CESARIENSIS
2223 369 2300 430 ΟΡ

2416 365 2599 425 PARS
2640 365 2731 423 IV.
2765 359 3263 422 -DOGI!ATICA.
3859 352 3947 409 960

2319 498 2368 557 Α
2394 489 2791 563 φθεγγόμενος..
2827 485 2887 541 '0
2913 482 2971 537 δὲ
3000 479 3095 536 καὶ
3118 479 3280 541 αὐτὸς
3306 476 3336 531 δ
3360 472 3502 537 Υίδς
3545 471 3605 525 έν

2398 554 2704 656 παρεδίδου,
2733 558 2832 633 ινα
2869 574 3027 649 μόνον
3058 569 3255 625 ειδέναι
3297 565 3578 656 διδάσκων
3624 560 3771 656 Θεὸν,
3801 560 3851 613 tv

2396 650 2599 747 ἔλεγεν,
2614 674 2775 742 Αὕτη
2793 671 2861 726 δέ
2872 670 3046 725 ἐστιν
3059 666 3098 734 ἠ
3115 661 3349 727 αίώνιος
3370 655 3513 726 ζωὴ,
3532 657 3635 711 Im
3649 650 3947 747 γινώσκωσι

2396 790 2471 829 σε
2497 745 2607 826 τὸν
2628 768 2817 840 μόνον
2856 760 3150 833 ἀληθινόν
3182 754 3355 820 Θεὸν,
3385 752 3491 809 καί
3523 748 3599 806 ὃν

2410 833 2645 931 Ἰησοῦέ
2672 857 2958 928 Χριστόν.
2992 846 3160 915 Οὗτος
3188 840 3281 903 οὖν
3328 846 3363 899 δ
3402 840 3663 913 ἀληθινὸς
3674 833 3751 931 -ἧν
3771 834 3952 931 sfw

2396 922 2480 1018 εἷς
2510 952 2688 1024 μόνος,
2716 922 2821 1003 *καὶ
2849 946 3036 1017 έτερος
3077 940 3176 995 οὒκ
3209 937 3322 992 ἐστι
3354 933 3504 1025 πλὴν
3534 927 3725 1025 αύτοῦ,
3759 922 3946 1025 (26))ιὴ

2400 1018 2558 1117 μόνον
2573 1042 2661 1097 διὰ
2675 1040 2783 1094 τῶν
2799 1035 3114 1111 προφητῶν,
3135 1030 3268 1087 ἀλλὰ
3281 1027 3372 1083 διὰ
3389 1024 3491 1080 τοῦ
3512 1018 3787 1117 ίδίουΥίοῦ

2397 1108 2519 1191 κατ’
2570 1136 2745 1190 έκεῖνο
2797 1108 2990 1201 καιροῦ
3030 1118 3545 1193 είδωλολατρεύοντι
3591 1112 3669 1185 τῷ
3720 1108 3948 1201 Ἰουδαίων

2398 1226 2815 1298 ἐγκελευόμενος
2844 1198 3007 1276 ἔθνει.
3032 1216 3236 1272 Αὐτίκα
3250 1215 3296 1268 δ’
3318 1206 3419 1266 οὖν
3439 1210 3472 1263 δ
3502 1207 3747 1268 Ἡσαΐας,
3780 1198 3945 1298 μᾶλλον

2396 1292 2453 1375 δέ
2484 1323 2512 1375 ό
2543 1292 2675 1382 Θεὸς
2721 1317 2788 1370 δι’
2815 1311 3002 1373 αὑτοῦ,
3043 1307 3213 1363 εἰπών
3235 1324 3248 1337 ·
3284 1303 3469 1371 Πλὴν
3513 1298 3662 1370 ἐμοῦ
3701 1298 3803 1351 οὐκ
3838 1292 3946 1347 ἔστι

2401 1413 2564 1477 Θεός.
2581 1406 2893 1475 Τίς-ῶσπερ
2912 1402 3048 1473 ero;
3072 1402 3165 1455 καὶ
3186 1398 3329 1469 ὲξῆςο
3354 1393 3674 1464 Μάρτυρες
3687 1390 3788 1461 (27)
3806 1385 3949 1457 ὑμεῖς

2396 1504 2557 1567 ἐστε,
2591 1503 2642 1556 ει
2686 1479 2819 1555 ἔστῖ
2870 1496 3013 1561 Θεὸς
3050 1491 3217 1561 πλὴν
3251 1489 3423 1561 ἐμοῦ,
3466 1487 3717 1557 ἐπήγαγε
3751 1480 3823 1533 τό’
3856 1477 3945 1532 Καὶ

2397 1597 2508 1649 οὐκ
2534 1589 2698 1665 ἦσαν
2742 1590 2873 1644 τότε
2914 1590 2967 1642 οι
2999 1584 3383 1647 πλάσσοντες
3415 1576 3522 1633 καί
3565 1578 3621 1671 ot
3654 1573 3945 1671 γλύφοιτες

2398 1684 2620 1751 πάντες
2644 1680 2901 1753 μάταιοι,
2938 1674 3252 1740 ποιοῦντες
3275 1673 3349 1726 τὰ
3380 1669 3722 1737 καταθύμια
3758 1666 3949 1718 αὐτῶν.

2400 1774 2510 1828 Καὶ
2538 1772 2604 1825 δι’
2634 1771 2762 1842 ὅλης
2792 1770 2849 1823 δὲ
2880 1768 2979 1842 ⁸ιζ’ής
3010 1763 3172 1821 αὑτοῦ
3205 1760 3551 1836 προφητείας
3578 1756 3754 1827 εὕροις
3789 1754 3848 1809 ἂν
3872 1767 3947 1805 κο-

2401 1863 2642 1935 πτόμενα
2672 1860 2739 1915 τὰ
2765 1858 2948 1930 ἀψυχα
2992 1855 3174 1923 ξόανα,
3204 1854 3299 1908 καὶ
3335 1849 3472 1922 παρ’
3507 1848 3722 1915 ἑκάστῳ
3747 1842 3815 1935 διν
3837 1856 3949 1911 προ·

2403 1934 2546 2027 φήτη
2592 1952 2791 2025 ὁμοίως
2835 1951 2917 2014 είς
2956 1946 3272 2021 ἀποτροπὴν
3313 1945 3410 2014 τῆς
3460 1938 3723 1996 πολυθέου
3771 1934 3947 2027 πλάνης

2399 2026 2490 2099 τὸν
2518 2047 2614 2099 ἕνα
2643 2044 2774 2100 Θεὸν
2797 2041 3200 2115 κηρυττόμενον
3225 2037 3501 2108 εὑρήσεις.
3532 2030 3690 2085 Οῦτω
3708 2028 3796 2083 καὶ
3815 2026 3948 2097 ἡμεῖς

2401 2140 2670 2211 εἰώθαμεν
2708 2138 2973 2210 Ἐλλήνων
3001 2137 3113 2199 τοῖς
3158 2130 3569 2201 δεισιδαίμοσιν,
3601 2128 3660 2179 ὲν
3700 2126 3805 2186 τοῖς
3834 2120 3948 2194 πρὸς

2400 2233 2595 2297 αὐτοὺς
2616 2231 2899 2300 διαλόγοις,
2934 2228 3032 2299 τὴν
3055 2226 3154 2298 μὲν
3178 2223 3306 2294 περὶ
3334 2220 3426 2275 τοῦ
3455 2216 3701 2313 Χριστοῦ
3716 2214 3949 2313 -διδασκιι-

2404 2326 2544 2389 λίαν,
2568 2326 2647 2388 είς
2686 2321 2943 2394 εὔκαιρον
2981 2315 3359 2391 ταμιεύεσθαι,
3392 2312 3533 2375 τέως
3570 2311 3629 2363 δὲ
3671 2309 3842 2369 αὐτοῖς
3864 2309 3947 2394 τῆς

2400 2412 2781 2484 είδωλολάτρου
2829 2391 3037 2481 πλάνης
3080 2404 3337 2475 ἐλέγχους
3381 2400 3717 2475 προσφέρειν
3752 2394 3839 2449 καὶ
3873 2391 3949 2444 τὸν

2399 2506 2494 2559 ἕνα
2539 2483 2851 2557 avulsas»;
2884 2496 3281 2558 ἀποδεικτικοῖς
3318 2488 3749 2553 κατασκευάζειν
3774 2483 3944 2551 λόγοις.

2400 2596 2730 2652 Μανθανέτω
2768 2593 2947 2647 τοίνυν
2994 2586 3333 2661 Μάρκελλος,
3383 2585 3431 2639 εί
3481 2579 3859 2653 καταγηράσας
3899 2574 3949 2626 ἐν

2401 2687 2671 2755 ἐπισκοπῇ
2708 2684 2808 2755 τῆς
2858 2678 3097 2755 Χριστοῦ
3155 2675 3501 2749 Ἐκκλησίας,
3548 2671 3704 2727 οῦπω
3751 2666 3839 2722 καὶ
3866 2663 3947 2755 νῦν

2402 2752 2742 2848 μεμάθηκεν,
2764 2752 2851 2826 δτι
2879 2752 2957 2840 τῶ
2984 2767 3199 2839 παλαιῷ
3224 2767 3339 2839 λαῷ
3366 2769 3401 2838 ἡ
3429 2764 3526 2819 τοῦ
3552 2752 3948 2848 ﬁmum"???

2400 2844 2491 2916 νου
2523 2844 2823 2933 μυστηρίου
2848 2862 2975 2933 περὶ
3001 2859 3096 2912 τοῦ
3126 2856 3257 2910 Υίοῦ
3287 2855 3380 2909 τοῦ
3400 2853 3537 2909 Θεοῦ
3560 2853 3756 2922 γνῶσις
3780 2844 3951 2900 κατάλο

2399 2953 2558 3024 ληλος
2588 2951 2835 3023 οὐδαμῶς
2867 2946 2955 3023 ἦν,
2994 2947 3297 3021 ὀλισθηρῶς
3328 2947 3503 3019 ἔχοντι
3531 2946 3667 3031 πρδς
3694 2937 3946 2996 είδωλολα-

2401 3047 2608 3118 τρείαν,
2634 3045 2729 3098 κα)⁸
2748 3044 2823 3107 ὡς
2846 3042 2984 3116 μόνῃ
3002 3044 3069 3114 τῇ
3088 3040 3253 3095 αὐτοῦ
3286 3040 3585 3111 Ἐκκλησία
3603 3038 3665 3090 τὸ
3681 3032 3948 3107 μυστήριον

2402 3138 2463 3190 τὸ
2492 3134 2976 3208 ἀποκεκρυμμένον
3023 3133 3132 3188 ἀπὸ
3163 3133 3270 3187 τῶν
3308 3131 3540 3195 αίώνων,
3578 3130 3674 3183 καὶ
3718 3125 3821 3181 ἀπὸ
3852 3120 3948 3175 τῶν

2405 3228 2624 3298 γενεῶν,
2648 3226 2736 3279 διὰ
2761 3228 2860 3297 τῆς
2892 3224 3055 3279 αὑτοῦ
3078 3224 3298 3296 χάριτος
3324 3220 3661 3293 έταμιεύετο,
3680 3218 3766 3272 Ἕν
3794 3208 3835 3283 ᾧ
3861 3230 3947 3283 μυ-

2408 3318 2611 3390 στηρίῳ
2646 3320 2676 3372 ό
2702 3318 2831 3389 περὶ
2863 3317 2962 3388 τῆς
2988 3315 3147 3385 ἁγίας
3173 3316 3402 3389 Τριὰδος
3430 3313 3643 3387 Πατρὸς
3683 3310 3773 3364 καὶ
3808 3304 3945 3367 Υίοῦ,

2406 3411 2499 3465 καὶ
2521 3410 2673 3480 ἁγίου
2699 3410 3011 3481 Πνεύματος
3040 3408 3344 3479 περιείχετο
3366 3407 3542 3475 λόγος.
3577 3406 3635 3458 '0
3661 3404 3717 3457 δὲ
3735 3396 3945 3454 τοσαῦτα

2408 3499 2747 3570 συναγαγὼν,
2800 3500 2899 3553 ὅσα
2944 3499 3010 3552 ἂν
3058 3498 3204 3552 εἴποι
3253 3498 3349 3552 καὶ
3410 3495 3679 3551 Ἰουδαίων
3718 3491 3943 3545 διδάσκα-

2405 3590 2495 3655 λος
2512 3592 2638 3662 περὶ
2670 3591 2769 3661 τῆς
2806 3590 3041 3660 ὲκτομῆς
3080 3588 3192 3660 (28)
3222 3587 3425 3660 ὁμιλῶν
3451 3588 3511 3640 έν
3561 3584 3817 3639 Ἰουδαίων
3840 3595 3945 3633 συν-

2406 3684 2620 3752 αγωγῇ,
2673 3679 2995 3752 σεμνύνεται
3035 3682 3146 3743 τοῖς
3196 3678 3433 3751 Χριστοῦ
3487 3676 3747 3749 μαθηταῖς
3792 3670 3946 3726 ταῦτα

2406 3773 2856 3846 προϐαλλόμενος
2902 3774 3005 3828 οὐκ
3040 3771 3195 3836 είδὼς
3211 3775 3293 3828 ὅτι
3327 3772 3548 3826 πλείονα
3562 3767 3722 3824 αὑτοῦ
3738 3768 3865 3821 εἴποι
3886 3760 3943 3815 ἂν

2405 3870 2435 3922 ὁ
2468 3868 2774 3939 σωματικὸς
2812 3867 3082 3932 Ἰουδαῖος.
3101 3866 3226 3921 Ἐπὶ
3254 3866 3465 3928 τούτοις
3498 3864 3600 3935 μὲν
3647 3857 3737 3915 οὖν
3788 3857 3938 3928 αὐχεῖν

2408 3961 2520 4034 (29)
2554 3960 2648 4025 τὰς
2677 3961 2722 4015 δ’
2759 3959 2978 4033 ἀληθεῖς
3021 3962 3151 4032 περὶ
3186 3958 3280 4013 τοῦ
3326 3957 3577 4028 ᾖσι-ἦρος
3608 3954 3757 4027 ἡμῶν
3788 3949 3938 4005 θεολο-

2406 4057 2531 4126 γίας
2557 4056 2894 4129 διαστρέφων
2922 4056 3025 4109 οὐκ
3054 4053 3470 4123 ἐγκαλύπτεται.

3035 4144 3193 4199 ΚΕΦ.
3224 4144 3352 4199 ΚΡ.

2514 4240 2637 4295 Ὅτι
2658 4238 2744 4310 μὴ
2773 4238 2883 4294 δύο
2913 4237 3093 4305 θεοὺς
3121 4240 3159 4308 ἠ
3206 4234 3544 4304 Ἐκκλησία
3573 4231 3850 4302 κηρύττει.

2479 4329 2684 4383 Αὐτίκα
2698 4328 2743 4383 δ’
2770 4323 2863 4383 οὖν
2883 4328 2943 4381 οὐ
2967 4326 3180 4397 συνίησι
3206 4325 3307 4388 τὰς
3328 4323 3510 4394 φωνὰς
3531 4321 3628 4376 τοῦ
3646 4320 3780 4375 θείου
3811 4314 3939 4369 ’Διω-

2409 4422 2614 4487 στόλου,
2646 4420 2917 4493 διαφόρως
2945 4418 3272 4485 διδάξαντος,
3310 4416 3473 4471 αὐτὸν
3503 4410 3647 4469 εῖναι
3674 4409 3839 4466 εἰκόνα
3861 4401 3937 4460 τοῦ

741 4509 918 4564 verbis
949 4525 979 4563 a
1010 4526 1094 4565 me
1133 4512 1420 4581 propositis
1446 4530 1462 4567 :
1491 4512 1632 4568 unde
1662 4528 1759 4583 par
1791 4512 1894 4570 iuit
1930 4522 1989 4570 ut
2034 4514 2300 4587 intellige-

2409 4513 2565 4579 Θεοῦ,
2600 4514 2667 4568 δι’
2699 4506 2773 4568 ὧν
2811 4510 3077 4584 ὲξεθέμην
3110 4508 3277 4565 αὐτοῦ
3308 4508 3507 4573 λέξεων
3528 4524 3542 4537 ·
3573 4504 3692 4562 δέον
3725 4496 3938 4557 ἐντεῦθεν

739 4606 843 4665 ret,
893 4600 1032 4667 quod
1076 4602 1313 4658 Ecclesia
1358 4604 1454 4659 Dei
1500 4619 1605 4659 non
1655 4606 1911 4676 pradicat
1959 4606 2095 4662 duos
2147 4606 2299 4663 deos.

739 4688 872 4743 Nam
922 4705 1018 4746 nec
1048 4692 1181 4748 duos
1214 4695 1477 4764 ingenitos
1504 4697 1676 4752 credit
1704 4704 1796 4752 aut
1842 4698 2300 4769 imprincipiatos,

740 4789 800 4833 ut
832 4796 937 4835 non
965 4782 1129 4837 semel
1163 4785 1416 4851 diximus,
1448 4786 1541 4842 sed
1574 4803 1674 4843 nec
1705 4788 1839 4846 duas
1870 4790 2206 4847 substantias
2232 4807 2300 4848 ex

738 4869 963 4927 adverso
1000 4872 1334 4930 introductae
1379 4876 1583 4931 honore
1622 4890 1777 4947 pares
1819 4880 2013 4934 asserit
2055 4895 2070 4933 :
2120 4880 2302 4948 itaque

737 4977 912 5032 neque
940 4965 1073 5020 duos
1098 4964 1248 5033 deos,
1297 4967 1390 5022 sed
1422 4968 1640 5023 unicum
1681 4970 2002 5039 principium
2036 4978 2090 5025 et
2128 4970 2295 5023 Deum

738 5054 994 5119 praedicat
1033 5070 1151 5110 esse
1186 5056 1395 5113 Patrem
1440 5059 1649 5115 scilicet
1691 5060 1948 5130 unigeniti
2005 5071 2061 5117 et
2115 5060 2301 5118 dilecti

737 5142 893 5208 Filii,
921 5159 1080 5199 unam
1118 5162 1330 5218 quoque
1366 5150 1656 5221 imaginem
1698 5149 1985 5208 invisibilis
2016 5151 2134 5219 Dei,
2181 5168 2301 5224 qua:

801 5334 860 5393 iis
898 5330 993 5386 Ed.
1021 5330 1219 5400 Paris.,
1254 5348 1378 5407 pag.
1412 5336 1537 5404 NO,
1577 5336 1699 5391 HI.

810 5510 921 5587 (29)
952 5514 1119 5587 Ῡιιιεο
1150 5516 1198 5569 εἰ
1218 5517 1313 5587 μὴο

810 5535 921 5580 (κο)
959 5535 1119 5584 vulgo
1150 5535 1198 5569 ει
1258 5535 1313 5587 η.

954 5586 1121 5669 ullgo
1144 5535 1533 5669 κρίιμάρτ.,.ει
1562 5603 1709 5669 mox,
1731 5589 2085 5669 ἐπήγαγεν-ό.

813 5652 925 5720 (28)
960 5655 1097 5723 Περὶ
1122 5657 1231 5725 τῆς
1267 5652 1545 5729 ἐπιτομῆς.
1579 5652 1704 5715 Non
1735 5652 1939 5716 est"de'
1976 5660 2299 5716 circumcisa

746 5732 904 5790 gente
958 5728 1234 5801 magister,
1281 5738 1342 5801 ut
1387 5731 1444 5801 in
1486 5732 1759 5801 versione,
1809 5730 1964 5801 quasi
2019 5731 2297 5801 legendum

747 5801 891 5851 esset
924 5795 1071 5865 παρὰ
1100 5807 1192 5853 aut
1214 5798 1320 5851 ἀπὸ
1351 5798 1449 5869 τῆς
1478 5800 1797 5873 περιτομῆς.
1828 5795 1933 5858 Sed
1967 5795 2114 5859 recta
2143 5801 2301 5856 lcctio

1813 5338 1857 5372 ¹²
1896 5338 2058 5400 Joan.
2088 5356 2233 5410 ml,
2274 5342 2331 5401 5.

2411 4608 2664 4670 συνεῖναι,
2692 4603 2769 4669 ὼς
2799 4604 2864 4657 οὐ
2886 4602 2981 4657 δύο
3015 4602 3171 4667 θεοὺς
3201 4602 3236 4673 ἡ
3271 4597 3565 4671 Ἐκκλησία
3592 4596 3685 4651 τοῦ
3716 4589 3838 4648 Θεοῦ
3857 4603 3939 4656 rn—

2412 4696 2611 4768 ρύττεν
2646 4690 2709 4749 ού
2734 4695 2844 4769 γὰρ
2885 4693 2978 4748 δύο
3018 4693 3309 4765 ἀγέννητα,
3350 4690 3471 4745 οὐδὲ
3506 4689 3601 4745 δύο
3622 4689 3837 4758 ἄναρχα,
3876 4679 3940 4741 ὡς

2409 4789 2664 4854 πολλάκις
2694 4790 2826 4861 ἡμῖν
2855 4789 3090 4861 εἴρηται,
3117 4785 3238 4839 οὐδὲ
3264 4783 3357 4838 δύο
3400 4782 3585 4847 οὐσίας
3616 4782 3675 4849 ιε
3708 4773 3940 4861 ἰσοτιμίας

2405 4860 2977 4953 ἀντιπαρεξαγομένας
3020 4877 3276 4949 ἀλλήλαις
3309 4875 3421 4948 (50)
3459 4871 3689 4941 εἰσάγει·
3728 4866 3800 4923 διδ
3840 4860 3941 4918 οὐδὲ

2401 4971 2496 5026 δύο
2524 4973 2709 5036 θεοὺς,
2736 4971 2874 5026 ἀλλὰ
2902 4970 3031 5043 μίαν
3051 4969 3227 5043 ἀρχὴν
3242 4968 3335 5023 καὶ
3354 4966 3487 5021 Θεὸν
3513 4962 3675 5030 εἶναι,
3704 4961 3787 5016 τὸν
3806 4954 3940 5012 αὑτὸν

2404 5064 2619 5138 Πατέρα
2646 5063 2971 5120 διδάσκουσα
3002 5060 3139 5119 εἶναι
3160 5061 3254 5117 τοῦ
3292 5058 3610 5133 μονογενοῦς
3637 5056 3730 5113 καὶ
3754 5055 3941 5143 ἀγαπης

2402 5154 2498 5209 τοῦ
2528 5155 2682 5224 Υίοῦ,
2710 5156 2974 5221 ὡσαύτως
3002 5155 3060 5209 δὲ
3092 5154 3188 5208 καὶ
3234 5152 3361 5225 μίαν
3389 5150 3576 5205 εἰκόνα
3596 5146 3693 5203 τοῦ
3721 5141 3841 5201 Θεοῦ
3864 5141 3940 5191 τοῦ

2405 5343 2450 5376 οι
2489 5342 2974 5414 lsa.xsv,u,18,
3006 5343 3093 5410 19,
3123 5342 3218 5399 si.
3246 5418 3259 5423 _
3291 5340 3338 5372 οι
3376 5337 3509 5396 ibid.
3530 5300 3628 5394 eo.

2404 5533 2489 5596 est
2527 5525 2787 5596 ἐκτομῆςο
2816 5522 2886 5579 de
2932 5518 3231 5596 excisione,
3272 5525 3330 5573 et
3378 5513 3751 5596 eradicatione
3796 5513 3942 5581 genus

2404 5595 2473 5650 ab
2504 5585 2808 5652 idololatria
2833 5611 2850 5659 ;
2890 5592 3098 5652 statim.
3122 5590 3217 5646 καὶ
3248 5586 3590 5661 σεμνύνεται.
3633 5585 3705 5642 Il.

2474 5666 2589 5734 (29)
2618 5666 2790 5734 Vulgo
2821 5663 2921 5734 μὲν
2952 5662 3131 5734 αὐχεῖ.

2478 5732 2590 5807 (30)
2624 5732 2793 5807 Vulgo
2816 5732 3084 5807 ἀλλήλοις.
