4106 6434
191 384 294 443 961

1152 374 1242 432 DE
1281 373 1819 434 EGCLESIASTICA
1860 372 2260 433 TiiEOLOGIA
2310 373 2442 432 LIB.
2482 372 2540 434 ΙΙ.

3385 372 3495 432 93'!

181 503 458 578 ἀοράτου,
505 501 606 576 τὴν
645 499 823 573 αὐτὴν
871 490 1041 553 οὖσαν
1079 495 1158 569 τῷ
1201 498 1480 569 μονογενεῐ
1525 495 1621 550 καὶ
1667 495 1799 565 ἀγα-

1906 497 2096 552 eadem
2139 497 2211 552 sit
2255 510 2378 552 cum
2415 493 2696 565 unigenito
2739 501 2797 549 et
2827 492 3028 549 dilecto
3067 490 3245 548 Filio:
3277 491 3496 550 etiamsi

181 595 356 668 *ιητῷ
373 594 494 666 Υἰῷ
515 592 703 660 αὐτοῦ,
728 590 835 644 κάν
849 589 985 664 λέγῃ
1003 588 1061 642 δὲ
1088 591 1117 643 6
1151 587 1494 653 ’Δπόστολος,
1530 586 1796 656 θεολογῶν

181 687 284 742 τὸν
311 686 561 759 Πατέρα⁹
597 685 660 738 '0
685 682 981 754 μακάριος
1005 681 1103 735 καί
1132 680 1323 750 μόνος
1343 679 1674 746 δυνάστης,
1702 679 1797 733 καὶ

182 778 380 833 πάλινο
401 778 458 832 '0
464 778 658 848 μόνος
674 775 833 846 ἔχων
845 773 1207 838 ἀθανασίαν,
1223 770 1348 842 φῶς
1369 770 1551 826 οἰκῶν
1576 769 1800 840 ἀπρόσ-

187 885 355 933 ιτον,
417 869 518 922 καὶ
563 861 742 929 αὖθιςο
801 862 886 930 Τῷ
936 861 1008 917 δὲ
1065 862 1321 928 ,βασιλεῖ
1371 860 1492 916 τῶν
1541 862 1792 926 αἰώνων,

181 962 498 1032 ἀφθάρτῳ,
541 957 793 1030 ἀοράτῳ,
835 958 1004 1028 μόνῳ
1058 955 1200 1022 Θεῷ,
1252 955 1345 1010 καὶ
1387 954 1569 1010 πάλιν*
1617 958 1798 1023 More)

181 1052 364 1122 σοφῷ
409 1050 541 1118 Θεῷ
581 1050 681 1106 διὰ
723 1047 922 1120 Ἰησοῦ
964 1046 1227 1116 Χριστοῦ
1261 1049 1301 1116 ἡ
1334 1046 1486 1113 δόξα
1525 1049 1614 1114 εἰς
1653 1046 1797 1114 τοὺς

181 1143 435 1210 αἰῶνας,
472 1141 658 1215 ἀμήν.
688 1141 809 1195 Κάν
833 1138 1037 1192 τούτων
1077 1137 1157 1191 ἔτι
1190 1138 1412 1193 πλείονα
1454 1137 1666 1207 λέγοιτο
1714 1139 1796 1202 εἰς

178 1235 510 1306 δοξολογίαν
540 1234 637 1288 τοῦ
663 1233 782 1298 ἰνὸς
813 1232 908 1286 καὶ
933 1231 1028 1284 ἐπὶ
1057 1230 1274 1285 πάντων
1300 1231 1434 1285 Θεοῦ
1465 1232 1560 1286 uel
1587 1230 1795 1286 τούτων

183 1329 454 1384 ἁπάντων
483 1325 594 1400 χρὴ
626 1328 765 1381 νοεῖν
796 1323 984 1380 εἰκόνα
1031 1320 1172 1380 εἷναι
1212 1323 1306 1378 τὸν
1357 1324 1622 1395 μονογενῆ
1666 1323 1794 1378 Υἰὸν

181 1421 285 1476 τοῦ
331 1420 475 1476 Θεοῦ
508 1421 608 1491 οὐχ
637 1418 714 1484 ὡς
747 1418 943 1490 ἀψύχῳ
980 1417 1103 1493 ὕλῃ,
1134 1417 1252 1472 ἀλλ’
1284 1416 1362 1482 ὡς
1393 1419 1452 1471 ἰν
1486 1414 1601 1487 Υἰῷ
1631 1414 1794 1480 ζῶντι

189 1508 668 1582 μεμορφωμένηνο
699 1507 804 1562 κᾶν
836 1508 1000 1572 αὐτὸς
1028 1509 1058 1562 6
1107 1506 1300 1579 Σωτὴρ
1344 1506 1506 1579 μόνον
1535 1505 1795 1577 ἀληθινὸν

186 1601 326 1657 Θεὸν
373 1602 612 1676 διδάσκῃ
653 1595 796 1656 εἶναι
839 1600 934 1655 τὸν
960 1599 1184 1673 Πατέρα
1217 1587 1415 1670 λέγων,
1453 1599 1582 1654 Ἵνα
1624 1599 1795 1670 γινώ-

187 1695 394 1751 σκωσι
439 1709 520 1750 σε
559 1694 669 1750 τὸν
722 1696 920 1764 μόνον
967 1693 1264 1763 ἀληθινὸν
1310 1693 1480 1758 Θεὸν,
1528 1692 1644 1748 ἀλλ’
1693 1695 1795 1748 οὐκ

193 1789 542 1860 ἀποκνητέον
569 1789 665 1842 καὶ
701 1787 863 1842 αὑτὸν
908 1785 1041 1841 Θεὸν
1083 1785 1336 1858 ἀληθινὸν
1377 1785 1683 1858 ὁμολογεῖν,
1716 1786 1794 1851 ὡς

1900 589 2046 644 dicat
2088 588 2411 660 Apostolus,
2452 588 2717 644 deilicans
2766 586 3020 654 Patrem,
3069 586 3175 653 Qui
3217 586 3402 642 beatus
3443 597 3497 644 et

1899 685 2045 741 solus
2083 695 2266 756 potens
2299 697 2373 741 est
2399 687 2466 738 ⁸⁸.
2500 685 2568 740 Et
2616 697 2834 750 rursus,
2877 681 2982 750 Qui
3013 683 3160 737 solus
3190 683 3340 736 habet
3390 683 3498 737 ins-

1897 776 2296 843 mortalitatem,
2328 777 2495 833 lucem
2536 776 2784 831 habitons
2831 778 3157 830 inaccessam
3181 776 3247 830 “.
3282 775 3350 831 Et
3393 777 3498 834 ite-

1900 885 2044 935 mm,
2086 868 2218 939 Regi
2248 878 2423 924 autent
2456 869 2800 933 seculorum,
2840 867 3266 937 incorruptibili,
3304 868 3495 924 inuisi-

1899 959 2011 1025 bili,
2056 959 2158 1015 soli
2195 957 2300 1014 Deo
2328 959 2394 1014 ".
2426 957 2492 1012 Et
2530 960 2750 1021 iterum,
2797 956 2915 1014 Soli
2959 958 3190 1028 sapienti
3226 957 3356 1022 Deo,
3395 974 3493 1027 per

1896 1051 2080 1108 Jesuns
2130 1050 2400 1106 Christum
2440 1053 2510 1106 sit
2559 1051 2730 1121 gloria
2779 1051 2838 1104 in
2885 1049 3085 1105 sarcula
3136 1050 3491 1117 sacellorum,

1897 1144 2063 1199 Amen
2098 1143 2164 1199 “.
2219 1142 2384 1198 Plura
2442 1142 2622 1198 adhuc
2675 1157 2800 1197 cum
2859 1149 3112 1212 poterant
3164 1140 3386 1211 aliegsri
3436 1140 3493 1195 in

1896 1236 2077 1292 Patris
2117 1235 2460 1308 dosologialn
2488 1276 2504 1302 ,
2545 1235 2640 1306 qui
2675 1249 2814 1292 unus
2844 1243 2961 1300 est,
3009 1244 3066 1290 et
3110 1249 3275 1306 super
3306 1236 3493 1291 omnia

1898 1326 2074 1393 Deus,
2105 1343 2336 1399 quorum
2382 1329 2627 1383 omnium
2671 1341 2826 1382 mens
2867 1335 2985 1392 est,
3029 1334 3088 1380 ut
3123 1325 3496 1398 intelligamus

1895 1418 2094 1476 Filium
2148 1419 2486 1490 unigenitum
2537 1419 2630 1476 Dei
2682 1434 2807 1476 esse
2853 1418 3144 1490 imaginem
3196 1432 3302 1472 non
3345 1419 3494 1476 utin

1897 1510 2120 1566 materia
2157 1508 2406 1577 inanimi,
2447 1511 2543 1566 sed
2573 1518 2629 1566 ut
2663 1511 2718 1565 in
2757 1508 2896 1564 Filio
2927 1509 3052 1565 vivo
3095 1509 3490 1574 assimilatam;

1896 1603 2027 1676 quin
2069 1611 2124 1657 et
2164 1602 2280 1672 ipse
2312 1601 2572 1658 Servator
2609 1617 2733 1658 cum
2767 1602 2936 1658 Deum
2978 1617 3144 1656 unum
3186 1602 3361 1657 solum
3403 1616 3496 1657 ve-

1896 1707 2016 1748 rum
2048 1707 2169 1747 esse
2205 1693 2417 1758 doceat,
2465 1691 2740 1762 inquiens,
2781 1689 2852 1745 Ut
2893 1701 3208 1761 cognoscant
3243 1701 3292 1745 te
3330 1707 3496 1746 unum

1895 1785 2064 1840 solum
2091 1801 2270 1841 verum
2304 1788 2474 1840 Deum
2497 1785 2542 1816 ⁶⁹
2569 1803 2583 1853 ;
2619 1785 2717 1842 sed
2745 1799 2852 1841 non
2886 1795 3067 1841 tamen
3093 1799 3408 1856 gravemur,
3437 1793 3496 1840 et

187 1879 252 1935 εν
283 1852 481 1946 εἰκόνι,
525 1879 624 1935 καὶ
667 1878 825 1934 τοῦτο
868 1852 1229 1952 κεκτημένον·
1275 1878 1364 1933 ῐνα
1485 1852 1582 1932 τοῦ
1629 1877 1793 1949 μόνου

1901 1893 2084 1934 verum
2117 1877 2282 1932 Deum
2310 1852 2584 1942 conﬁteri,
2613 1886 2671 1932 et
2699 1875 2899 1933 Filium
2944 1852 3118 1929 veluti
3154 1875 3208 1930 in
3255 1875 3496 1946 imagine

193 1972 488 2046 προσθήκη
522 1972 669 2044 μόνῳ
699 1971 778 2044 τῷ
801 1971 997 2044 Πατριο
1024 1970 1101 2035 ὡς
1131 1969 1198 2026 ἂν
1229 1968 1342 2042 (δι)
1375 1969 1668 2042 ἀρχετύπῳ
1697 1971 1796 2042 τῆς

188 2064 426 2131 εἰκόνος,
475 2062 712 2136 ἀρμόζῃ.
752 2061 1078 2133 Σαφέστατα
1110 2059 1244 2131 γοῦν
1269 2059 1458 2114 εἰκόνα
1497 2060 1593 2114 καὶ
1618 2061 1796 2114 ἀπαύ-

188 2170 389 2227 γασμα
413 2152 511 2208 τοῦ
534 2153 749 2225 Πατρός
773 2154 832 2208 έν
860 2155 1043 2225 μορφῇ
1067 2169 1130 2207 τε
1157 2151 1254 2207 τοῦ
1280 2149 1419 2206 Θεοῦ
1451 2146 1598 2206 εῐναι
1630 2153 1796 2208 αὐτὸν

195 2247 225 2301 6
267 2245 559 2310 θεσπέσιος
594 2242 799 2310 ἐδίδαξε
833 2244 1068 2312 Παῦλος,
1105 2242 1184 2308 ὡς
1212 2243 1302 2299 διὰ
1344 2243 1454 2298 τῶν
1483 2243 1796 2316 ἔμπροσθεν

194 2333 577 2389 ἀποδέδεικται
610 2350 624 2364 ·
696 2331 890 2406 ὥσπερ
951 2329 1046 2388 οῦν
1122 2331 1245 2398 ἑνὸς
1305 2331 1621 2404 ὑφεστῶτος
1684 2334 1799 2388 Πα-

195 2423 347 2497 τρὺς,
397 2424 494 2482 καὶ
556 2423 678 2490 ένὸς
741 2421 873 2478 Υἰοῦ
929 2421 1128 2494 φύντος
1161 2424 1229 2478 εκ
1277 2422 1372 2478 τοῦ
1421 2423 1634 2496 Πατρδς
1695 2424 1799 2479 οὐκ

194 2516 264 2572 ἀν
308 2532 398 2582 τις
440 2515 717 2590 εὐφρονῶν
760 2515 906 2570 εἴποι
935 2516 1030 2571 δύο
1070 2516 1317 2589 πατέρας
1357 2516 1647 2590 ὑπάρχειν,
1674 2517 1798 2574 οὐδὲ

197 2607 352 2673 υἰοὺς
392 2607 511 2666 δύο.
555 2607 666 2663 Καὶ
710 2606 904 2682 ὥσπερ
963 2608 1232 2681 βασιλέως
1278 2609 1614 2682 κρατοῦντος
1656 2609 1796 2678 ένὺς,

195 2698 413 2765 εἰκόνος
444 2699 503 2754 δὲ
529 2699 695 2756 αὑτοῦ
745 2699 1026 2771 πανταχοῦ
1060 2701 1166 2773 γῆς
1209 2701 1629 2774 προφερομένης
1658 2702 1796 2776 (32),

199 2789 304 2844 οὐκ
349 2790 420 2846 ἀν
463 2807 551 2856 τις
594 2790 890 2865 σωφρονῶν
936 2792 1030 2846 δύο
1073 2793 1218 2847 εἰποι
1262 2792 1391 2857 τοὺς
1437 2791 1797 2865 κρατοῦντας,

199 2879 318 2934 ἀλλ’
344 2880 445 2938 ινα
471 2881 561 2937 τὸν
585 2882 682 2937 καὶ
699 2881 789 2937 διὰ
808 2885 910 2955 τῆς
938 2883 1149 2948 εἰκόνος
1173 2883 1506 2956 τιμώμενον·
1532 2883 1675 2939 κατά
1706 2883 1800 2938 τὸν

200 2972 370 3028 αὑτὸν
383 2973 607 3047 τρόπον,
620 2973 696 3040 ὡς
711 2974 807 3030 καὶ
825 2973 1088 3040 πολλάκις
1113 2977 1247 3047 ἡμῖν
1261 2974 1499 3048 εἴρηται,
1515 2975 1612 3030 καὶ
1628 2977 1661 3049 ἡ
1677 2975 1801 3030 Ἐκ-

203 3062 406 3136 κλησία
440 3064 534 3120 τοῦ
577 3064 713 3120 Θεοῦ
747 3065 846 3120 ενα
877 3065 1272 3138 παραλαϐοῦσα
1309 3065 1446 3120 Θεὸν
1491 3065 1672 3122 σέϐειν
1706 3067 1800 3121 τὸν

1899 1970 2276 2038 resultantem,
2326 1981 2388 2025 ut
2453 1969 2660 2025 additio
2709 1967 2802 2025 illa
2851 1967 3022 2035 solus,
3065 1967 3168 2023 soli
3209 1966 3357 2022 Patri
3395 1967 3495 2021 ad-

1898 2069 2132 2132 aptetur,
2153 2068 2341 2130 utpote
2354 2059 2446 2128 qui
2472 2057 2728 2130 imaginis
2752 2055 2825 2113 sit
2843 2057 3204 2126 archetypon.
3223 2053 3494 2123 Quocirca

1897 2152 2200 2208 clarissime
2225 2151 2463 2208 ostendit
2495 2149 2714 2206 divinus
2744 2147 2971 2215 Paulus,
3000 2148 3177 2219 ipsum
3205 2160 3325 2203 esse
3353 2145 3496 2200 ima-

1896 2245 2076 2318 ginem
2115 2243 2442 2310 eﬂluentem,
2491 2243 2666 2299 lucem
2711 2241 2926 2310 Patris,
2970 2249 3027 2298 et
3071 2242 3125 2296 in
3165 2239 3340 2295 forma
3396 2239 3496 2296 Dti

1896 2337 2209 2406 exstitisse;
2241 2336 2385 2409 quod
2423 2336 2479 2392 in
2509 2335 2885 2407 superioribus
2911 2332 3153 2406 positum
3198 2341 3284 2388 est
3323 2347 3352 2386 a
3394 2347 3498 2388 no-

1897 2432 1983 2488 bis
2020 2448 2039 2488 :
2081 2431 2252 2486 veluti
2294 2430 2465 2501 igitur
2506 2444 2634 2487 cum
2685 2442 2827 2484 unus
2895 2427 3165 2484 subsistat
3210 2423 3395 2493 Pater,
3439 2433 3498 2481 et

1897 2543 2040 2584 unus
2066 2529 2132 2584 de
2159 2525 2322 2583 Patre
2351 2524 2421 2582 sit
2449 2534 2605 2581 ortus
2629 2522 2826 2588 Filius,
2863 2535 3025 2577 nemo
3071 2518 3318 2592 prudens
3345 2514 3498 2572 δωτ-

1898 2620 2130 2677 maverit
2156 2617 2293 2675 duos
2325 2624 2534 2690 patres,
2572 2623 2669 2670 aut
2710 2613 2852 2670 iilios
2893 2612 3062 2680 duos;
3088 2619 3146 2668 et
3184 2609 3351 2668 veluti
3401 2607 3498 2666 ubi

1899 2727 1998 2770 rex
2023 2725 2162 2768 unus
2195 2718 2282 2766 est
2316 2723 2440 2766 cum
2471 2708 2723 2779 imperio,
2751 2705 2912 2778 cujus
2949 2706 3128 2776 imago
3158 2703 3360 2774 ubique
3387 2711 3500 2758 ter-

1899 2822 2086 2864 rarum
2128 2804 2427 2869 deferatur,
2472 2815 2634 2858 nemo
2674 2801 2918 2871 prudens
2945 2797 3084 2854 duos
3129 2794 3332 2853 dixerit
3373 2807 3501 2851 esse

1901 2913 2095 2970 reges:
2123 2895 2218 2954 sed
2250 2910 2417 2952 unum
2461 2893 2552 2964 qui
2592 2906 2692 2964 per
2719 2900 2777 2949 et
2819 2890 2874 2946 in
2906 2889 3147 2962 imagine
3184 2901 3284 2944 sua
3322 2885 3500 2942 bono-

1899 3001 2073 3047 ratur.
2098 2986 2305 3045 Eodem
2335 2988 2498 3042 modo
2526 2994 2586 3039 ut
2621 2985 2737 3056 jam
2780 2981 2992 3054 pluries
3023 2981 3231 3036 dictum
3258 2989 3365 3044 est,
3395 2977 3502 3034 Ec-

1901 3079 2065 3137 clesia
2089 3078 2207 3146 Dei,
2230 3093 2354 3149 quae
2381 3077 2594 3146 accepit
2626 3075 2787 3130 unius
2803 3078 2864 3138 »Β
2879 3071 3223 3140 Deicultum,
3244 3069 3496 3126 eumdem

205 3156 391 3225 αὐτὸν,
428 3158 523 3213 καὶ
558 3158 647 3214 διὰ
677 3156 774 3213 τοῦ
807 3157 961 3225 Υἰοῦ,
1018 3159 1094 3224 ὡς
1149 3157 1238 3213 διὰ
1282 3155 1424 3232 [τοῦ]
1456 3159 1566 3230 (55)
1589 3158 1798 3223 εἰκόνος

1902 3171 2071 3228 Deum
2115 3185 2215 3242 per
2245 3169 2444 3225 Filium
2489 3168 2781 3240 imaginem
2821 3179 2978 3221 suam
3018 3162 3230 3220 scilicet
3264 3161 3499 3218 adorare

206 3247 360 3320 μένει
389 3249 796 3321 προσκυνοῦσα.
833 3251 902 3304 ’Δ
927 3249 993 3322 δὴ
1020 3249 1115 3305 καὶ
1140 3249 1216 3324 μὴ
1244 3250 1426 3314 συνεὶς
1451 3249 1792 3324 Μάρκελλος,

202 3341 306 3416 τὴν
348 3341 536 3397 εἰκόνα
576 3341 672 3396 τοῦ
709 3340 849 3396 Θεοῦ
895 3341 993 3396 τοῦ
1019 3342 1253 3412 ἀοράτου
1284 3340 1384 3416 τὴν
1423 3341 1626 3411 σάρκα
1656 3337 1797 3398 εἶναι

203 3432 303 3490 τοῦ
349 3435 602 3508 Σωτῆρος
640 3435 983 3509 ἀπεφήνατο,
1015 3437 1084 3508 ῆν
1124 3437 1154 3490 6
1204 3434 1528 3501 ’Δπόστολος
1550 3434 1799 3508 μορφὴν

208 3525 368 3601 [τοῦ]
415 3525 641 3583 δούλου
695 3527 986 3600 κέκληκεν
1038 3528 1100 3582 οὐ
1145 3527 1524 3602 λογισάμενος,
1567 3529 1651 3583 ότι
1701 3525 1799 3582 καὶ

205 3619 412 3686 πάντες
437 3618 734 3694 ἄνθρωποι,
764 3620 904 3675 κατὰ
924 3620 1021 3694 τὴν
1043 3620 1246 3693 σάρκα,
1267 3619 1362 3676 τοῦ
1389 3619 1644 3691 Σωτῆρος
1670 3634 1801 3688 τυγ-

204 3711 435 3784 χάνουσι
462 3711 906 3785 μεμορφωμένοι.
941 3711 1054 3767 Καὶ
1087 3711 1152 3766 τὸ
1186 3711 1284 3784 μὲν
1313 3711 1475 3784 σῶμα
1517 3710 1547 3764 6
1581 3708 1799 3782 ἀνείλη-

207 3817 311 3872 φεν
338 3801 607 3876 όΣωτήρ,
635 3801 738 3875 τῆς
766 3803 1064 3874 ἀγεννήτου
1087 3801 1183 3856 καὶ
1212 3802 1456 3875 ἀρρήτου
1482 3801 1578 3856 καὶ
1603 3817 1803 3874 πατρι·

206 3892 316 3966 κῆς
345 3893 601 3966 θεότητος
629 3893 818 3949 εἰκόνα
848 3889 988 3949 εἶναι
1019 3893 1432 3967 διῐσχυρίζεται·
1467 3893 1560 3948 τὸν
1587 3893 1646 3948 δὲ
1670 3891 1799 3948 Υἰδν

209 3985 307 4042 τοῦ
362 3986 500 4042 Θεοῦ
539 3987 631 4042 τὸν
678 3987 965 4061 μονογενῆ,
1015 3986 1084 4041 δι’
1128 3980 1190 4042 οὗ
1231 3985 1302 4041 τὰ
1346 3985 1529 4042 πάντα
1565 3985 1798 4060 συνέστη

209 4077 456 4150 (Harsa
482 4077 594 4150 γὰρ
629 4079 705 4134 δι’
743 4078 932 4135 αὑτοῦ
963 4077 1225 4149 ἐγένετο,
1257 4077 1356 4134 καί
1395 4078 1580 4150 χωρίς
1612 4078 1801 4136 αὐτοῦ

208 4170 444 4243 ἐγένετο
473 4171 617 4228 οὐδὲ
636 4171 745 4244 ιν),
768 4172 1012 4245 ἀρνεῖται
1037 4167 1178 4226 εἰναι
1198 4170 1386 4228 εἰκόνα
1412 4171 1510 4227 τοῦ
1533 4170 1672 4227 Θεοῦ
1705 4172 1804 4230 αὺ-

211 4267 333 4331 ταίς
367 4264 657 4330 συλλαϐαῖς
691 4263 890 4336 λέγων,
937 4283 959 4320 ι
1005 4263 1218 4320 Οὐκοῦν
1249 4263 1539 4339 πρόδηλον,
1580 4265 1664 4320 ότι
1695 4265 1804 4341 πρὸ

218 4375 241 4412 ι
277 4358 379 4432 τῆς
422 4357 518 4413 τοῦ
568 4357 836 4432 ἡμετέρου
883 4356 1135 4431 «hanc:
1178 4359 1526 4432 ἀναλήψιιικ.
1573 4359 1804 4431 ὀΔόγος

219 4469 241 4505 ε
279 4450 406 4508 καθ’
459 4450 650 4507 ἑαυτὸν
698 4452 800 4506 οὐκ
843 4445 914 4524 ἦν
957 4449 1122 4506 εἰκὼν
1155 4450 1252 4515 τοῦ
1290 4451 1524 4524 ἀοράτου
1565 4450 1725 4509 Θεοῦ.
1775 4469 1798 4506 s

1898 3269 2230 3336 perseverat.
2273 3257 2429 3327 Quod
2457 3272 2583 3314 cum
2626 3253 2914 3312 Marcellus
2944 3253 3255 3324 ignoraret,
3298 3250 3496 3323 imagi-

1899 3369 2025 3411 nem
2060 3351 2206 3409 illam
2239 3350 2331 3406 Dei
2365 3348 2654 3405 invisibilis
2681 3347 2819 3403 dixit
2861 3360 2986 3402 esse
3025 3359 3243 3399 carnem
3285 3340 3492 3399 Serva-

1901 3446 2057 3513 toris,
2083 3459 2245 3515 quam
2279 3440 2572 3514 Apostolus
2609 3439 2744 3496 serui
2792 3435 3093 3510 formant"
3141 3434 3490 3491 nominavit:

1900 3537 2127 3594 minime
2161 3533 2472 3604 recogitans
2517 3532 2664 3604 quod
2701 3528 3001 3586 secundum
3035 3540 3258 3584 carnem
3297 3527 3502 3582 Serva-

1902 3627 2037 3686 toris
2061 3626 2309 3682 homines
2333 3621 2533 3695 singuli
2570 3621 2867 3692 imaginem
2897 3619 3330 3689 circumgestent
3355 3615 3496 3688 ejus.

1900 3720 2108 3791 Corpus
2154 3719 2336 3788 itaque
2386 3715 2530 3788 quod
2580 3713 2876 3785 assumpsit
2919 3711 3200 3777 Senator,
3250 3708 3346 3766 ille
3373 3723 3500 3766 esse

1902 3813 2190 3887 ingenita,
2238 3808 2566 3877 ineﬂabilis,
2613 3816 2859 3879 paterna:
2923 3803 3151 3862 deitatis
3201 3801 3498 3875 imaginem

1901 3913 2180 3964 asseverat
2219 3921 2235 3960 :
2281 3901 2480 3958 Filium
2525 3911 2711 3958 autem
2761 3898 3138 3971 unigenitum,
3184 3910 3284 3967 per
3332 3910 3500 3967 quem

1902 3995 2086 4055 omnia
2114 3993 2439 4061 subsistunt,
2467 3990 2610 4049 Nunt
2634 3991 2817 4048 omnia
2841 4006 2937 4063 per
2964 3988 3116 4044 illum
3147 3987 3295 4059 facta
3323 3994 3451 4044 sunt
3475 4026 3496 4054 ,

1901 4100 1951 4146 es
1975 4087 2088 4146 siue
2113 4087 2206 4143 illo
2239 4088 2444 4156 tactust
2468 4091 2549 4139 est
2577 4080 2715 4138 nihil
2737 4080 2784 4114 τι
2805 4120 2825 4149 ,
2855 4085 3020 4153 negat
3048 4078 3344 4151 imaginem
3373 4093 3499 4137 esse

1902 4180 2040 4250 Dei,
2084 4179 2308 4238 totidem
2363 4178 2547 4234 verbis
2603 4175 2893 4234 scribens:
2932 4193 2953 4228 s
2982 4171 3252 4243 Quocirca
3307 4181 3496 4243 patet,

1909 4294 1930 4331 ι
1974 4275 2118 4347 quod
2162 4281 2292 4331 ante
2331 4279 2672 4343 assumptum
2701 4283 2902 4340 corpus
2932 4275 3216 4331 nostrum,
3257 4265 3499 4322 Verbum

1911 4386 1933 4423 ε
1975 4383 2074 4440 per
2109 4381 2170 4425 se
2213 4381 2320 4424 non
2369 4373 2491 4421 erat
2539 4363 2720 4435 imago
2765 4358 2968 4420 Patris.
2993 4378 3014 4415 ι
3075 4357 3287 4415 Videsis
3330 4373 3497 4428 quam

1902 4469 2182 4537 pervertat
2255 4457 2665 4530 interpretando
2719 4453 2968 4527 Apostoli
3045 4461 3320 4517 mentem,
3368 4465 3496 4506 cum

226 4542 394 4620 Ὁρᾷς
424 4544 526 4618 ὅσῃ
556 4543 853 4617 διαστροφῇ
883 4542 1146 4617 κέχρηται
1173 4544 1273 4617 τῆς
1300 4544 1665 4620 ἀποοτολικῇς
1707 4547 1799 4622 έρ-

1908 4554 2146 4614 Joannes
2172 4550 2502 4626 evangelista
2528 4546 2847 4622 mysterium
2877 4544 3032 4611 illud,
3060 4543 3203 4614 quod
3235 4539 3409 4612 Moysi
3441 4549 3502 4598 et

220 4638 468 4710 μηνείας.
492 4637 648 4693 Οὕτω
664 4637 722 4692 δι
742 4635 837 4691 τοῦ
855 4635 1242 4708 εὐαγγελιστοῦ
1282 4637 1556 4704 Ἰωάννου,
1573 4638 1637 4694 τὸ
1655 4641 1808 4714 παρά

217 4731 412 4789 Muses!
465 4733 562 4788 καὶ
611 4734 726 4798 τοῖς
775 4731 983 4797 λοιποῖς
1040 4732 1351 4806 προφήταις
1406 4735 1808 4808 κεκρυμμένως

219 4822 564 4898 ιγνωσμένον
597 4825 915 4899 μυστήριον,
957 4824 1446 4898 εὐαγγελιζομένου
1476 4827 1573 4882 καὶ
1603 4829 1807 4884 ἀνακα-

220 4913 536 4981 λύπτοντος,
565 4915 776 4991 μεγάλῃ
796 4923 868 4971 τε’
888 4916 1001 4991 (34)
1037 4917 1404 4992 κηρύττοντος
1443 4916 1542 4990 βοῇ
1580 4920 1664 4973 τό⁸
1701 4920 1806 4974 Ἐν

222 5009 382 5084 ἀρχῆ
397 5006 478 5083 ἦν
514 5013 548 5065 δ
573 5010 784 5082 Λόγος,
805 5009 906 5066 καὶ
928 5013 962 5068 δ
980 5012 1173 5082 Δάτος
1199 5007 1280 5084 ἦν
1313 5011 1466 5082 πρὸς
1491 5010 1601 5066 τὸν
1632 5011 1802 5081 Θεὸν.

224 5105 323 5161 καί
343 5102 490 5171 Θεὸς
505 5098 584 5175 ἦν
602 5106 635 5159 ὁ
650 5104 862 5175 Δότυςο
893 5101 1091 5158 πάντα
1108 5102 1184 5158 δι’
1202 5103 1390 5160 αὑτοῦ
1410 5103 1648 5176 ἐγένετο
1664 5104 1802 5180 [(35)

223 5196 324 5252 καί
343 5197 524 5268 χωρὶς
550 5196 737 5253 αὐτοῦ
756 5193 996 5268 ἐγένετο
1019 5195 1165 5251 οὐδὲ
1187 5194 1306 5271 Er],
1336 5197 1429 5252 καὶ
1456 5198 1809 5272 μαρτυρομέ-

224 5304 340 5360 νου,
367 5291 453 5347 ὅτι
475 5285 546 5364 ῆν
571 5289 633 5346 τὸ
661 5289 778 5363 φῶς
807 5287 1040 5361 φωτίζον
1065 5287 1243 5344 πάντα
1264 5288 1552 5365 ἄνθρωπον
1578 5290 1809 5365 έρχόμο-

296 5501 357 5564 ὦ
391 5496 492 5553 Ed.
521 5494 723 5568 Paris,
751 5510 876 5568 pag.
908 5491 1035 5568 με.
1057 5564 1097 5568 ῃ
1122 5493 1168 5568 ξ’
1205 5492 1224 5548 l
1257 5493 1608 5568 Tim.v1,7715_.

1903 4645 2184 4721 prophetis
2211 4641 2518 4703 abstrusius
2544 4647 2704 4709 erat,
2731 4637 3015 4710 cognitum
3049 4633 3406 4690 annuntiat-et
3437 4641 3497 4688 et

1902 4738 2122 4798 εσσε-εει
2148 4751 2342 4807 magna
2374 4732 2722 4806 praedicantis
2756 4745 2892 4787 voce
2925 4745 2940 4785 :
2973 4725 3044 4783 In
3073 4726 3339 4798 principio
3381 4733 3503 4781 erat

1913 4827 2162 4896 Verbum,
2192 4841 2240 4884 et
2281 4826 2506 4882 Verbum
2547 4831 2662 4880 erat
2703 4820 2846 4894 apud
2892 4819 3085 4885 Deum,
3114 4827 3165 4873 et
3198 4815 3339 4872 Deus
3379 4825 3500 4871 erat

1911 4922 2186 4982 Verbuut:
2218 4922 2398 4977 omnia
2437 4935 2533 4991 per
2567 4919 2743 4990 ipsum
2775 4916 2925 4988 facta
2961 4922 3118 4979 sunt,
3149 4923 3198 4967 et
3239 4911 3351 4968 sine
3381 4911 3498 4981 ipso

1909 5015 2114 5086 factum
2143 5021 2221 5070 est
2254 5011 2390 5068 nihil
2413 5012 2484 5079 ",
2513 5023 2748 5081 cumque
2772 5014 3002 5065 testetur
3033 5019 3157 5068 eum
3187 5003 3374 5060 laeuus
3395 5017 3499 5057 ex.

1910 5107 2118 5166 stitisse
2163 5105 2558 5162 illuminantem
2597 5115 2820 5159 omnem
2864 5097 3140 5156 hominem
3185 5096 3495 5150 venientem

1911 5198 1968 5255 in
2002 5198 2146 5254 hunc
2177 5195 2481 5252 mundum:
2525 5191 2594 5248 In
2633 5190 2831 5246 mundo
2871 5196 3020 5255 erat,
3051 5197 3098 5242 ει
3130 5186 3360 5242 ntuadus
3401 5200 3499 5255 per

1910 5289 2081 5362 ipsum
2125 5288 2301 5360 {actus
2338 5295 2449 5356 εει,
2491 5295 2542 5343 ει
2573 5283 2802 5341 mundus
2844 5297 2965 5338 euut
3007 5295 3114 5337 non
3145 5276 3397 5352 cognouit
3425 5276 3493 5338 ’⁸.

1721 5492 1768 5527 κ
1805 5493 1936 5550 ibid.
1965 5493 2054 5557 is.
2129 5491 2173 5527 στ
2203 5493 2225 5550 ι
2253 5491 2396 5548 Tim.
2424 5467 2610 5562 1,17.
2652 5490 2699 5525 ι·
2733 5485 3149 5556 nom.m,ar.
3248 5485 3296 5521 ο·
3329 5483 3502 5549 Joau.

232 5562 453 5636 “11,3.
528 5562 983 5639 "PblliﬁanJ.
1053 5563 1319 5631 "JounJ,
1350 5566 1404 5621 5.
1481 5567 1526 5598 "
1564 5562 1726 5622 Joan.
1751 5581 1790 5634 ι,
1817 5566 1870 5632 1,
1901 5565 1958 5622 3.
2030 5562 2079 5596 "
2118 5563 2252 5621 ibid.
2279 5563 2370 5621 10.

366 5743 418 5810 i)
450 5739 622 5813 Vulgo
644 5742 796 5799 deest
823 5742 907 5799 ἀν.

299 5742 425 5957 Egi
450 5810 562 5937 :35
588 5828 902 5944 milia

331 5879 425 5942 83)
453 5879 562 5937 τοῦ
595 5879 704 5942 om.

847 5890 902 5944 et
923 5897 1048 5944 mox
1075 5881 1256 5952 oodd.;
1281 5896 1407 5942 mox
1433 5881 1596 5958 vulgo
1625 5881 1662 5941 ἀ
1681 5881 1764 5942 δέ.

1981 5722 2106 5820 (ἔξ)
2123 5745 2297 5820 Ῡιιιιο
2330 5745 2544 5820 μεγάλῃ
2565 5748 2658 5820 sil.

1978 5803 2094 5891 ('35)
2127 5803 2260 5879 0m?
2284 5803 2446 5878 οόάιί.
2468 5803 2590 5877 ita;
2607 5803 2785 5876 "vulso
2808 5813 2926 5887 φῶς
2948 5807 3019 5888 ἧν
3048 5811 3133 5871 τε.
