4106 6460
192 364 312 424 96ίὶ

863 483 1022 537 ΚΕΦ.
1066 484 1195 539 KE'.

402 572 623 641 ὀπως
649 576 682 627 ό
702 574 887 640 αὐτὸς
911 566 1105 641 ἑαυτῷ
1126 569 1370 633 ἐναντία
1401 579 1645 649 ἔγραψε.

267 660 418 719 Εἶτα
452 668 558 721 καί
594 665 757 729 αὐτὸς
793 667 973 739 ἑαυτῷ
1009 669 1271 725 τάναντία
1302 664 1415 741 (47)
1456 672 1686 745 γράφων
1716 691 1817 727 ουκ

187 754 489 813 αῐσθεται.
537 759 625 812 Ἐν
652 757 861 829 ἑτέροις
890 759 990 829 μὲν
1019 752 1129 830 γ’ἀρ
1159 761 1572 832 διῖσχυρίζεται,
1611 758 1815 836 μηδένα

186 842 293 895 τοῦ
341 845 629 917 προτέρου
676 846 828 911 λαοῦ,
863 847 932 903 τὰ
980 846 1123 904 κατὰ
1166 850 1257 904 τὸν
1283 842 1458 920 Λόγον
1494 857 1811 923 ἐγνωκέναι.

188 934 538 1007 Μυστήριον
566 934 828 1010 γάρεῖναι
856 940 1375 1015 ἀποκεκρυμμένον.
1399 946 1605 1017 Γράφει
1627 946 1683 1001 δὲ
1709 941 1812 1002 ὧδε

189 1026 400 1090 αὐταῖς
429 1026 625 1095 λέξεσι
643 1046 659 1062 σ
695 1048 714 1082 ι
740 1031 805 1083 Τί
830 1031 940 1103 γάρ
964 1032 1150 1105 ἕτερον
1185 1030 1254 1107 ἦν
1282 1037 1807 1111 ἀποκεκρυμμένον,

196 1122 563 1190 «μυστήριον
582 1121 615 1191 ἢ
643 1122 703 1175 τὸ
726 1122 868 1177 κατά
889 1124 982 1177 τὸν
1003 1125 1176 1194 Λόγον
1202 1127 1447 1193 ;οῦτωδὲ
1465 1131 1577 1203 (48)
1593 1128 1661 1204 ἦν
1675 1134 1812 1188 ἀπο-

192 1223 214 1257 t
239 1209 650 1281 κεκρυμμένον
674 1212 734 1265 ὲν
761 1212 839 1283 τῷ
855 1213 995 1285 Θεῷ,
1032 1218 1184 1270 τουτὶ
1216 1218 1483 1292 πρότερον
1516 1223 1578 1276 τὸ
1606 1225 1811 1296 μυστή-

192 1314 214 1348 t
248 1314 397 1369 ριον,
423 1300 577 1356 ὥστε
614 1303 818 1375 μηδένα
861 1306 956 1359 τοῦ
992 1307 1259 1380 προτέρου
1294 1304 1447 1377 λαοῦ,
1506 1314 1694 1384 σαφῶς
1741 1318 1809 1372 τά

190 1388 387 1477 «κατὰ
410 1390 510 1445 τὸν
539 1391 711 1461 Λόγον
731 1393 956 1447 εἰδέναι·
986 1395 1101 1450 ἀλλ’
1129 1399 1297 1469 ἡμᾶς,
1325 1401 1418 1455 τοῦ
1451 1402 1682 1459 πλούτου
1708 1408 1809 1477 τῆς

190 1494 212 1529 t
242 1476 418 1551 δόξης
481 1483 580 1535 καί
622 1482 715 1537 τοῦ
765 1485 1261 1567 ἀποκεκρυμμένου
1323 1497 1623 1567 μυστηρίου
1670 1476 1805 1553 ἀπο-

191 1586 216 1621 ι
242 1568 448 1626 λαύειν
472 1574 612 1628 νυνί.
642 1594 660 1627 ι
683 1577 791 1629 Καὶ
819 1573 973 1643 αὖθις
1005 1563 1269 1651 ἐπιλέγει,
1291 1604 1310 1636 ι
1336 1586 1391 1637 'U
1408 1586 1463 1640 δὲ
1491 1563 1642 1660 ’ίερὸς
1670 1592 1808 1645 ἀπό-

194 1680 217 1713 ι
238 1661 441 1727 στολός
468 1682 533 1717 τε
563 1668 657 1720 καί
685 1668 931 1741 μαθητὴς
956 1671 1047 1725 τοῦ
1074 1675 1282 1746 Κυρίου
1321 1678 1591 1751 Ἰωάννης,
1619 1682 1806 1752 σαφῶς

180 1771 213 1803 ησ
238 1755 343 1807 καὶ
392 1755 698 1829 διαρρήδην
724 1761 781 1813 ὲν
826 1762 966 1834 ἀρχῇ
1002 1764 1099 1818 τοῦ
1139 1767 1474 1837 Εὑαγγελίου
1512 1773 1802 1838 διδάσκων,

1206 372 1292 427 DE
1333 373 1872 433 ECCLESIASTICA
1911 378 2298 435 TllEOLl)CIA
2339 381 2467 436 LIB.
2513 378 2571 435 ll.
2760 434 2763 441 .

1850 497 1899 555 Α
2536 492 2689 548 CAP.
2726 491 2890 549 xxv.

3408 380 3515 438 966

2190 582 2434 650 Qualiter
2458 585 2559 640 sibi
2592 586 2694 654 ipsi
2723 585 2993 638 contraria
3019 584 3235 639 scribat.

1988 672 2104 729 Non
2156 676 2406 746 intelligit
2436 691 2601 746 porro
2633 677 2779 746 quod
2822 674 2926 730 sibi
2956 674 3057 743 ipsi
3086 674 3509 731 contradictoris

1918 766 2130 823 scribit.
2168 766 2381 821 Alicubi
2420 767 2691 835 siquidem
2723 775 3109 821 asseveranter
3142 764 3354 831 statuit,
3384 764 3510 819 nul-

1916 858 2025 910 lum
2078 842 2289 927 penitus
2329 858 2396 913 de
2439 858 2661 926 antiquo
2717 856 2807 911 illo
2860 855 3057 926 populo
3107 855 3398 925 quidquam
3438 856 3509 909 de

1918 948 2095 1005 Verbo
2122 952 2462 1018 ‘c0gnovisse.
2514 949 2650 1003 Nam
2680 958 2798 1004 erat
2822 948 3142 1018 mysterium
3183 954 3243 1011 >14
3271 946 3507 1001 abscon-

1914 1041 2105 1107 ditum,
2136 1042 2331 1111 inquit.
2365 1040 2543 1096 Verba
2573 1040 2689 1110 ejus
2713 1049 2842 1095 sunt
2875 1038 2966 1111 [Β.
2992 1039 3155 1105 XLV,
3192 1038 3319 1094 coll.
3350 1054 3403 1103 p.
3430 1038 3504 1091 ω

1915 1129 1980 1204 1)]
2014 1148 2029 1186 ι
2071 1151 2089 1183 ι
2109 1132 2253 1199 'Quid
2280 1132 2427 1187 aliud
2453 1141 2569 1186 erat
2599 1135 2917 1203 mysterium
2943 1132 3069 1186 illud
3094 1133 3500 1193 absconditum.

1918 1242 1937 1274 ι
1962 1239 2121 1293 quam
2152 1223 2278 1278 illud
2315 1224 2378 1279 de
2403 1222 2623 1278 Verbo?
2675 1223 2808 1278 Nam
2841 1233 2962 1279 erat
3024 1225 3125 1279 hoc
3176 1224 3498 1294 mysterium

1917 1335 1935 1365 ι
1959 1316 2095 1370 adeo
2120 1315 2245 1369 olim
2280 1316 2332 1370 in
2371 1316 2482 1371 Deo
2507 1317 2907 1382 absconditum,
2943 1324 3003 1371 ut
3033 1330 3065 1371 e
3086 1317 3253 1387 priori
3286 1316 3376 1372 ille
3403 1330 3500 1386 po-

1916 1425 1934 1455 (
1958 1407 2103 1475 pulo,
2133 1407 2307 1462 nullus
2334 1407 2491 1477 plane
2524 1409 2625 1464 hoc
2661 1411 2835 1478 ipsum
2876 1408 3219 1479 intelligeret.
3253 1408 3359 1463 Sed
3400 1424 3498 1463 no-

1916 1498 2041 1552 cbis
2082 1497 2193 1566 jam
2240 1513 2493 1554 concessa
2551 1509 2635 1554 est
2694 1500 2884 1557 fruitio
2938 1501 3251 1555 divitiarum
3312 1501 3498 1569 gloriae

1916 1608 1932 1640 ι
1962 1589 2149 1661 ipsius,
2186 1598 2241 1645 et
2294 1592 2535 1663 mysterii
2570 1591 2714 1647 illius
2759 1574 3205 1649 réconditissimi.
3235 1612 3253 1644 ι
3297 1593 3525 1646 Statim.

1910 1698 2041 1737 vero
2102 1682 2369 1737 subinlert
2404 1681 2497 1755 [ιί.
2532 1681 2694 1737 XLVI
2743 1683 2869 1741 coll.
2923 1700 2979 1754 p.
3028 1683 3097 1739 56
3144 1684 3186 1737 D
3238 1683 3339 1739 118
3368 1682 3431 1755 Cl
3479 1702 3493 1738 :

1916 1773 2347 1829 «Sanctissimus
2396 1790 2525 1830 vero
2572 1775 2867 1845 apostolus,
2917 1784 2972 1829 et
3003 1775 3213 1830 Domini
3256 1775 3497 1845 discipu-

189 1862 208 1894 ι
235 1844 317 1910 ὡς
328 1848 707 1920 ἀγνοούμενον
729 1853 787 1903 ἐν
809 1854 1115 1926 ἀνθρώποις
1134 1861 1419 1932 πρότερον,
1448 1866 1620 1933 Λόγον
1638 1844 1799 1921 αὑτὸν

1912 1887 1927 1915 ι
1956 1867 2035 1922 lus
2060 1866 2316 1932 Joannes,
2359 1870 2588 1922 exertim
2622 1876 2679 1922 et
2720 1878 2908 1938 aperte
2937 1868 2988 1921 in
3024 1879 3217 1923 exortu
3257 1869 3498 1934 Evange-

189 1953 209 1987 ι
237 1936 341 2030 τού
372 1942 835 2030 παντοκράτορος
868 1947 1171 2018 ὀνομάζων,
1205 1953 1377 2020 οὕτως
1400 1956 1527 2029 ἔφη,
1572 1960 1669 2012 Ἐν
1703 1963 1799 2030 ἀρ-

191 2046 211 2079 t
354 2026 441 2101 ἦν
471 2036 505 2087 ὀ
533 2036 743 2104 Λόγος.
776 2057 794 2088 ι
841 2040 930 2092 Ἐν
963 2040 1173 2106 τούτοις
1198 2045 1297 2115 μὲν
1327 2045 1422 2102 οὖν
1447 2026 1799 2124 ἀποκεκρυμο

188 2121 361 2193 μένον
390 2127 697 2197 μυστήριον
743 2128 1031 2202 διορίζεται
1062 2130 1200 2190 εἶναι
1222 2138 1302 2201 τὸ,
1340 2142 1469 2211 περί
1501 2142 1593 2196 τοῦ
1627 2121 1797 2213 Λόγον

184 2213 341 2283 ἔχειν
360 2215 461 2270 τὸν
485 2217 639 2285 Θεὸν,ι
672 2220 729 2273 ἐν
761 2220 816 2274 δὲ
844 2218 965 2287 ταῖς
994 2225 1197 2297 ἀρτίως
1222 2231 1644 2299 παρατεθείσαις
1669 2253 1799 2307 προ-

185 2310 467 2375 mutat;
494 2313 716 2377 φωναῖς,
738 2312 918 2378 πάσας
939 2314 1035 2379 τάς
1064 2317 1213 2382 θείας
1237 2320 1459 2391 Γραφάς
1481 2324 1794 2395 κηρύττειν,

183 2398 258 2452 τὰ
304 2402 452 2472 περί
504 2403 669 2457 αὑτοῦ
720 2406 1020 2478 συνίστησι,
1062 2410 1158 2463 καὶ
1209 2413 1429 2481 συνάγει
1463 2418 1592 2487 περί
1621 2419 1794 2487 Λόγου

184 2486 354 2553 Θεοῦ,
388 2490 656 2557 πλείστας
676 2494 807 2557 ὅσας
840 2498 1166 2571 μαρτυρίας.
1192 2501 1304 2554 Οὐκ
1333 2498 1441 2574 ἆρα
1469 2486 1543 2575 ἦν
1572 2507 1798 2574 ἀγνοού-

184 2596 360 2651 μενος
388 2582 475 2653 τῷ
508 2585 757 2658 προτέρῳ
782 2587 915 2659 λαῷ’
948 2592 1150 2655 πάντες
1178 2593 1287 2665 γὰρ
1314 2597 1492 2660 αὐτοὶ,
1529 2600 1655 2663 τοὺς
1683 2619 1794 2653 τοι·

166 2669 387 2737 ⁴οὐτους
421 2674 615 2745 λόγους
647 2677 845 2749 ᾔδεσαν
882 2680 985 2734 ἀνὰ
1012 2684 1205 2754 στόμα,
1242 2688 1335 2740 καί
1360 2687 1449 2741 διὰ
1484 2692 1703 2763 μνήμης
1728 2676 1796 2747 τὰ

176 2769 518 2835 προφητικά
541 2769 693 2837 λόγια
718 2773 994 2844 φέροντες.
1028 2776 1187 2831 Ἀλλά
1206 2780 1297 2833 τὸν
1324 2786 1655 2855 γραμματέα
1685 2788 1793 2841 τῶν

198 2854 482 2912 Ἰουδαίων
507 2862 639 2931 ἡμῖν
669 2865 698 2916 δ
729 2866 1051 2935 Χριστιανὸς
1080 2872 1397 2943 προΐσχεται
1414 2892 1426 2904 ·
1454 2854 1554 2930 ούκ
1579 2879 1792 2933 ἀκούων

183 2945 282 2999 τοῦ
308 2946 570 3021 Σωτῆρος
597 2952 869 3023 λέγοντος,
903 2959 1047 3011 Οὐαὶ
1084 2961 1246 3029 ὑμῖν,
1278 2968 1657 3035 γραμματεῖς,
1692 2971 1789 3024 καὶ

183 3040 508 3107 Φαρισαῖοι
529 3046 865 3113 ὑποκριταὶ,
906 3048 1181 3123 θαυμάζει,
1203 3072 1263 3107 τε
1306 3057 1468 3111 αὐτὸν
1502 3060 1609 3130 (49)
1643 3062 1791 3135 ὅρκῳ

1905 1976 1924 2007 ι
1953 1958 2029 2019 lii,
2065 1958 2226 2012 veluti
2260 1959 2349 2028 qui
2384 1958 2601 2011 doceret
2644 1956 2786 2026 quod
2848 1956 2997 2026 prius
3028 1956 3381 2026 ignorabatur
3419 1956 3498 2009 in.

1907 2071 1924 2103 ι
1953 2062 2033 2106 ter
2063 2052 2328 2117 homines,
2367 2050 2604 2107 Verbum
2659 2050 3050 2120 omnipotentis
3088 2062 3209 2103 eum
3245 2050 3520 2127 nominat‘

1907 2162 1925 2193 ι
1957 2143 2029 2196 ita
2084 2142 2354 2211 inquiens,
2396 2140 2465 2195 In
2518 2141 2775 2210 principio
2820 2149 2935 2194 erat
2993 2138 3213 2195 Verbum
3234 2141 3303 2193 ⁸¹.
3334 2160 3355 2193 ν
3410 2139 3490 2195 lta

1900 2235 2176 2290 contendit
2214 2235 2260 2289 is
2280 2250 2377 2303 per
2408 2235 2508 2287 ista
2551 2233 2928 2287 absconditum
2972 2233 3289 2316 mySIerium
3320 2232 3491 2288 fuisse

1901 2326 2053 2389 illud,
2079 2325 2245 2380 Deum
2276 2325 2529 2379 habuisse
2564 2324 2829 2380 Verbum.
2867 2322 3180 2391 Scripturss
3211 2337 3341 2377 vero
3370 2338 3490 2377 om-

1901 2432 1999 2471 nes
2021 2431 2193 2487 nuper
2225 2417 2505 2482 recitatas,
2528 2425 2583 2468 et
2602 2415 2878 2484 appositas
2895 2414 3281 2484 prophetarum
3300 2430 3487 2483 voces,

1901 2507 2201 2576 praedicare
2223 2506 2338 2560 vult
2363 2521 2483 2576 quze
2516 2514 2643 2561 sunt
2668 2505 2737 2561 de
2758 2502 2959 2571 Verbo,
2978 2521 3115 2575 quas
3136 2508 3402 2573 plurimas
3430 2508 3487 2562 in

1902 2601 2057 2667 hujus
2076 2599 2152 2654 rei
2174 2599 2538 2653 testimonium
2554 2598 2915 2653 coacervavit.
2938 2596 3014 2650 lta
3034 2613 3138 2652 non
3154 2606 3273 2653 erat
3286 2598 3487 2667 populo

1899 2688 1972 2742 illi
2014 2688 2182 2758 priori
2211 2689 2514 2758 ignoratum
2550 2688 2652 2742 hoc
2687 2688 3003 2760 mysterium
3037 2687 3307 2743 :universi
3337 2689 3485 2744 enim

1900 2788 2181 2845 noverant,
2216 2785 2270 2833 et
2299 2779 2565 2833 memoria
2599 2780 2861 2833 tenebant
2906 2788 2958 2834 et
3006 2793 3103 2833 ore
3147 2779 3487 2849 usurpabant

1897 2872 2288 2942 prophetarum
2311 2873 2399 2927 illa
2418 2873 2662 2929 oracula.
2678 2874 2749 2926 At
2780 2874 2923 2928 enim
2942 2881 2997 2928 et
3013 2873 3079 2927 de
3094 2870 3297 2927 Iudaeis
3326 2874 3485 2927 nobis

1893 2965 2128 3019 scribam
2167 2973 2523 3034 repraesentat
2552 2963 2903 3018 Christianus
2938 2979 3062 3018 cum
3102 2964 3174 3018 sit
3211 2982 3224 3017 :
3260 2980 3366 3017 non
3400 2975 3483 3018 at-

1898 3036 2123 3109 tendens
2159 3055 2302 3123 quod
2344 3054 2606 3108 Servator
2653 3053 2812 3120 dixit,
2870 3051 2956 3108 Va:
2990 3054 3157 3119 vobis,
3196 3050 3395 3108 Scribce
3431 3066 3481 3107 et

185 3133 562 3205 πιστούμενον
612 3138 693 3190 ὃτι
732 3138 837 3205 Εἷς
876 3142 1049 3196 ἐστιν
1087 3148 1119 3200 ό
1166 3148 1329 3213 Θεὸς.
1375 3151 1474 3205 παὶ
1518 3156 1631 3207 οὐκ
1658 3133 1790 3209 Eat}

188 3220 362 3249 ,θέην
411 3226 593 3249 δραμε
653 3228 747 3249 -.ομ
788 3230 890 3249 ,μμ
1002 3235 1024 3249 η.
1184 3238 1196 3249 ι
1296 3238 1306 3249 .
1406 3239 1428 3249 -
1548 3242 1559 3249 .

1899 3144 2157 3199 Pharisaei
2204 3145 2581 3215 hypocriten“.
2622 3145 2887 3215 lllumque
2932 3147 3159 3215 suspicit
3185 3148 3328 3215 quod
3358 3165 3479 3203 cum

184 3220 362 3288 πλὴν
405 3226 615 3291 αὐτοῦ,
650 3228 749 3281 οὐκ
782 3230 960 3297 εἰδὼς,
999 3235 1079 3287 ὅτι
1112 3238 1205 3290 καί
1250 3238 1319 3291 τά
1365 3239 1652 3312 «δαιμόνια
1700 3264 1789 3300 πι-

190 3328 209 3361 ι
235 3312 517 3377 στεύουσι,
548 3317 641 3369 καί
670 3319 969 3387 φρίττουσι.
1000 3340 1019 3374 ι
1063 3324 1229 3394 Τήρει
1263 3327 1319 3380 δὲ
1340 3329 1486 3393 ὅπως
1520 3331 1577 3397 ἐξ
1606 3334 1787 3387 αὐτῶν

181 3402 297 3459 τῶν
321 3408 681 3477 προφητικῶν
706 3411 959 3481 Γραφῶν,
990 3414 1057 3468 τὰ
1090 3419 1217 3489 περί
1242 3419 1415 3487 Λόγου
1439 3423 1660 3491 συνάγει
1687 3426 1782 3480 τοῦ

182 3493 296 3547 τῶν
327 3499 621 3569 πρακτέων
660 3502 1071 3562 διδαπαλικοῦο
1106 3510 1165 3563 ὃν
1206 3514 1299 3566 καὶ
1346 3514 1613 3569 Ἰουδαίων
1658 3523 1786 3572 παῖε

180 3584 271 3649 δες
302 3590 595 3661 γνωρίζειν
621 3596 1045 3667 ὁμολογήσουσιν
1073 3603 1208 3672 (50),
1235 3606 1329 3658 ᾰτε
1354 3608 1461 3677 πρὸ
1489 3608 1650 3678 ἡμῶν
1668 3610 1787 3663 τοῦς

88 3720 91 3721 ,
180 3691 279 3728 τον
332 3681 761 3754 παρειληφότες.
825 3689 965 3743 Ἀλλ’
998 3694 1119 3747 οὐδὲ
1161 3696 1322 3760 αὐτὸς
1364 3698 1653 3763 Σαϐέλλιος
1691 3703 1783 3755 τὸν

180 3766 434 3824 τοιοῦτον
467 3775 649 3843 ἠγνόει
671 3779 862 3848 Λόγον.
902 3784 1024 3847 Πῶς
1044 3782 1135 3838 οὖν
1166 3788 1448 3855 Ἰουδαίους
1478 3793 1569 3845 καί
1592 3794 1782 3848 Σαϐέλ-

180 3856 301 3913 λιον
347 3863 588 3953 κόπτων,
630 3869 702 3941 μὴ
736 3872 1031 3939 ἐγνωκέναι
1083 3877 1172 3929 τὸν
1218 3880 1389 3948 Λόγον
1448 3883 1573 3953 ἔφη,
1608 3885 1672 3937 δι’
1705 3880 1781 3939 ὧν

183 3952 517 4044 παρεθέμην
544 3956 709 4012 αὑτοῦ
744 3964 973 4030 φωνῶν;
1022 3967 1131 4019 Καὶ
1172 3969 1357 4041 ἐπειδὴ
1395 3952 1778 4044 ἀποπέφανται

180 4042 209 4094 ι
236 4044 427 4109 αὐτὸς,
470 4048 557 4102 διά
596 4051 703 4105 τῶν
731 4054 1056 4125 ἔμπροσθεν,
1101 4061 1177 4129 ὡς
1218 4062 1390 4126 οὐδεὶς
1423 4042 1644 4120 ἐδύνατο
1687 4070 1779 4123 τὸν

181 4132 321 4233 Θεὸν
366 4140 585 4205 εἰδέναι,
617 4146 737 4198 οὐδὲ
763 4148 855 4201 τὸν
886 4149 1057 4218 Λόγον
1083 4153 1366 4224 γνωρίζειν
1395 4158 1559 4211 αὐτοῦ
1616 4162 1663 4213 εἰ
1700 4162 1772 4233 μὴ

180 4222 284 4323 την
324 4230 511 4284 εἰκόνα
560 4234 769 4305 εἰλήφει
796 4238 889 4291 τοῦ
948 4222 1377 4313 ἀοράτουήθεοῦ,
1434 4248 1635 4322 δηλαδὴ

183 4316 388 4389 σάρκα,
425 4322 501 4386 ὼς
533 4326 690 4390 αὐτὸς
720 4326 859 4399 ἔφη’
912 4329 1021 4399 (διὰ
1066 4334 1233 4405 μόνης
1264 4337 1373 4409 γὰρ
1424 4316 1524 4410 τῆς
1566 4316 1773 4408 εἰκόνός

179 4410 548 4481 γνωρίζεσθαι
587 4415 679 4469 τὸν
711 4418 842 4471 Θεὸν
875 4421 967 4473 καί
999 4422 1089 4475 τὸν
1137 4426 1322 4480 τούτου
1369 4430 1541 4497 Λόγον
1582 4432 1775 4487 διετεί-

1888 3237 2239 3307 jurejurando
2267 3237 2489 3304 dixerit,
2517 3236 2673 3303 Quod
2695 3253 2833 3291 unus
2866 3238 3004 3293 Deus
3030 3249 3077 3292 et
3106 3248 3301 3308 printer
3335 3257 3478 3304 eum,

1891 3344 1993 3381 non
2017 3336 2092 3381 est
2119 3326 2276 3383 alius.
2307 3325 2469 3393 Quasi
2489 3326 2725 3381 nesciret
2749 3328 2891 3398 quod
2918 3339 2972 3382 et
3006 3345 3025 3380 ι
3058 3329 3332 3384 daemones
3359 3346 3482 3385 cre-

1889 3418 2019 3471 dant
2045 3428 2099 3473 et
2130 3418 2578 3474 contremiscam.
2606 3438 2626 3473 ι
2660 3417 2801 3474 Nota
2834 3419 2966 3474 mihi
2996 3427 3177 3474 autem
3214 3422 3480 3489 quemad-

1889 3508 2108 3563 modum
2163 3509 2230 3564 de
2274 3511 2609 3580 propheticis
2637 3510 2939 3581 Scripturis
2973 3511 3182 3582 colligit
3230 3528 3351 3583 quae
3404 3515 3475 3569 ad

1886 3601 2109 3655 verbum
2164 3600 2290 3656 illud
2327 3603 2625 3671 pertinent,
2673 3605 2816 3673 quod
2852 3614 2936 3659 est
2959 3607 3290 3676 agendorum
3324 3623 3478 3664 com-

1887 3691 2335 3747 mouefactorium
2382 3716 2393 3749 :
2447 3696 2592 3763 quod
2622 3695 2796 3764 ipsum
2837 3696 3156 3752 fatebuntur
3208 3714 3268 3754 se
3300 3716 3473 3771 agno-

1884 3796 2037 3837 scere
2071 3780 2152 3836 vel
2185 3779 2381 3844 Judaei,
2429 3782 2592 3836 veluti
2627 3784 2718 3852 qui
2765 3795 2893 3840 ante
2930 3801 3028 3840 nos
3073 3787 3178 3842 hoc
3201 3786 3315 3857 jam
3339 3792 3471 3849 olim

1880 3874 2271 3930 edocebantur.
2308 3873 2415 3929 Sed
2442 3891 2541 3931 nec
2565 3878 2795 3945 ipsemet
2833 3877 3104 3934 Sabellius
3130 3879 3474 3949 hujuscemo-

1880 3968 1933 4021 di
1971 3967 2206 4022 Verbum
2248 3968 2553 4037 ignorabat.
2596 3968 2769 4034 Quam
2810 3970 3084 4025 immerito
3140 3972 3341 4029 idcirco
3373 3972 3471 4031 ﬂa-

1880 4058 2364 4125 gellatSabellium
2418 4070 2474 4115 et
2500 4058 2737 4123 Judzeus,
2788 4061 2840 4115 in
2889 4065 3159 4132 excerptis
3198 4080 3229 4119 a
3269 4082 3356 4122 me
3399 4068 3470 4123 de

1878 4152 2046 4219 ipsius
2082 4151 2221 4205 libro
2255 4151 2467 4220 positis,
2510 4153 2652 4220 quod
2692 4151 2927 4208 Verbum
2961 4155 3301 4222 ignorabant,
3341 4174 3467 4216 cum

1876 4256 2076 4296 nomen
2105 4241 2156 4295 id
2188 4242 2256 4295 ab
2290 4242 2379 4295 illo
2404 4243 2597 4296 scitqu
2634 4242 2725 4305 sit,
2761 4244 2903 4311 quod
2935 4245 3104 4299 Deum
3150 4247 3334 4304 videre
3364 4265 3467 4306 ne-

1877 4348 1965 4387 mo
1992 4344 2222 4400 poterat,
2248 4336 2341 4390 sed
2377 4350 2476 4389 nec
2525 4336 2695 4403 ipsius
2722 4334 2959 4391 Verbum
3002 4338 3323 4409 intelligere,
3357 4342 3465 4399 nisi

1876 4425 2165 4497 imaginem
2198 4428 2447 4483 induerat
2494 4428 2783 4485 invisibilis
2822 4431 2953 4497 Dei,
3004 4445 3229 4487 carnem
3267 4450 3465 4505 nempe

180 4514 334 4604 νατο,
501 4506 678 4605 σάρκα
714 4508 887 4579 λέγων
942 4511 1199 4587 εἶναιτὴν
1234 4520 1415 4573 εἰκόνα
1522 4525 1768 4599 ύπομνη-
1803 4551 1811 4605 ι

1900 4518 2161 4571 ntendens
2201 4518 2486 4588 imaginem
2529 4519 2709 4583 illam;
2772 4536 2899 4575 nam
2929 4537 3027 4591 per
3063 4522 3236 4576 solam
3268 4524 3461 4595 imagi-

180 4591 339 4645 στέον
387 4594 476 4647 διά
509 4596 615 4648 τῶν
666 4602 1041 4671 προκειμένων
1088 4605 1163 4670 ὼς
1188 4606 1309 4679 δίχα
1364 4610 1461 4681 τῆς
1504 4591 1767 4687 ὲνσάρκου

181 4684 485 4751 παρουσίας
513 4686 749 4743 Ἰουδαῖοι
800 4692 1000 4758 πάντες
1045 4695 1135 4749 τὸν
1160 4696 1314 4766 λόγον
1359 4701 1450 4753 τοῦ
1484 4684 1650 4768 Θεοῦ,
1678 4707 1773 4759 καὶ

176 4772 306 4863 τοὺς
347 4775 538 4845 λόγους
568 4780 693 4845 τοὺς
731 4782 788 4835 ὲν
812 4787 931 4847 ταῖς
964 4794 1327 4860 προφητικαῖς
1356 4798 1616 4863 γραφαῖς,
1660 4797 1769 4850 τῶν

179 4861 561 4957 όσίωνέργων
620 4876 1108 4945 παραγγελτικοὺς,
1154 4861 1409 4953 ἀκριϐῶς
1454 4861 1667 4957 ᾔδεσαν,
1712 4891 1771 4954 ἐξ

180 4950 408 5011 ἁπαλῶν
460 4960 665 5031 ὀνύχων
712 4966 933 5031 τούτους
981 4973 1484 5043 καταμελετῶντες’
1535 4982 1629 5033 καί
1678 4982 1770 5035 τὸν

180 5041 314 5141 Θεὸν
339 5048 650 5141 ὡμολόγουν
673 5056 763 5109 τὸν
790 5058 1004 5115 πάντων
1036 5041 1264 5141 ποιητὴν
1289 5068 1383 5120 καί
1404 5068 1729 5141 δημιουργόν
1750 5091 1763 5103 ·

179 5133 371 5212 ὥσπερ
403 5138 498 5198 οὖν
526 5148 632 5208 ,καὶ
654 5138 1046 5220 γραμματεὺς,
1067 5156 1095 5206 ὁ
1122 5133 1188 5207 δι’
1219 5133 1382 5228 δρκου
1412 5133 1772 5232 πιστούμενος

1876 4622 1997 4661 nem
2027 4609 2280 4678 cognosci
2310 4611 2554 4679 potuisse
2591 4612 2785 4677 Deum,
2814 4622 2869 4666 et
2893 4613 3060 4683 ipsius
3092 4614 3187 4669 Dei
3216 4613 3457 4672 Verbum

1875 4701 2171 4754 contendat
2196 4716 2419 4755 carnem
2450 4716 2705 4758 asserens
2746 4704 2915 4760 fuisse
2962 4707 3251 4776 imaginem
3282 4708 3455 4765 illam.

1876 4791 1981 4847 Sed
2012 4791 2327 4848 meminisse
2361 4792 2621 4849 debemus
2661 4796 2715 4849 in
2767 4798 3142 4867 superioribus
3196 4801 3455 4869 positum,

1872 4886 2013 4957 quod
2040 4885 2248 4954 absque
2287 4886 2491 4940 carnali
2552 4890 2860 4957 praesentia,
2902 4888 3073 4945 Judaei
3117 4906 3306 4947 omnes
3335 4909 3457 4948 ver-

1874 4976 2001 5030 bum
2062 4974 2174 5039 Dei,
2208 4986 2264 5030 et
2293 4978 2456 5031 verba
2506 4976 2631 5043 Dei,
2672 4994 2793 5048 quae
2834 4980 3031 5036 divinis
3068 4986 3455 5052 prophetarum

1876 5066 2175 5137 Scripturis
2234 5069 2439 5135 insunt,
2483 5071 2552 5123 ad
2600 5082 2789 5127 sancta
2837 5088 3003 5143 opera
3064 5076 3453 5145 admonitoria,

1878 5160 2223 5217 exactissime
2272 5160 2575 5229 callebant,
2611 5178 2734 5219 cum
2780 5181 2809 5220 a
2872 5170 3074 5223 teneris
3124 5170 3451 5242 unguiculis.

260 5350 319 5408 ›Ῑ‹
354 5346 453 5403 Ed.
482 5347 658 5408 Paris.
711 5369 827 5426 pag.
866 5356 989 5413 144.
1076 5360 1119 5393 ⁸¹
1152 5361 1308 5417 Joan.
1340 5378 1380 5431 ι,
1415 5365 1466 5419 1.
1544 5366 1589 5398 ⁸·
1611 5367 1803 5426 Matth.

1895 5382 1973 5422 tm
2040 5367 2155 5445 15.¹

245 5592 358 5664 μῖ)
397 5591 570 5664 Vulgo
597 5598 817 5653 ἐναντία

242 5662 357 5805 {48;
393 5662 563 5734 Vulgo
594 5667 737 5721 οὕτω
759 5672 889 5743 γάρ.

265 5733 335 5790 49
389 5733 713 5803 Θαυμάζὶτε
738 5742 943 5799 αὐτόν.
984 5744 1117 5805 lmo.
1153 5745 1420 5805 θαυμάζει
1450 5766 1529 5805 τε.
1560 5752 1717 5805 Λιιιιιῑ

265 5733 357 5805 49)
389 5733 713 5803 Θαυμάζὶτε
738 5733 943 5799 αὐξόν.
984 5744 1117 5816 lmo,
1153 5745 1420 5819 θαυμάζει
1450 5766 1529 5805 τε.
1560 5752 1749 5811 Admi-

1857 5623 2011 5670 ratur
2040 5613 2329 5672 Marcellus
2357 5618 2591 5673 scribam
2630 5619 2805 5675 illum.
2842 5621 2913 5675 M.

1908 5683 2044 5769 '(50)
2071 5686 2242 5769 Vfulgo
2266 5688 2709 5769 (Spoloyoﬁatvet
2749 5692 3104 5763 ἀποπέφαται
3137 5704 3189 5750 el
3233 5710 3354 5751 mox
3393 5715 3444 5754 τ.

1859 5752 2039 5828 σάρκα
2068 5752 2211 5812 sivit
2250 5752 2350 5832 τῆν
2379 5752 2584 5829 εἰκόνα,
2618 5760 2712 5825 ὡς.
