4106 6458
171 431 281 490 973

1193 431 1281 487 DE
1321 427 1859 487 ECCLESIASTICA
1899 428 2291 488 THEOLOGIA
2328 429 2459 488 LIB.
2500 430 2589 486 lll.

3334 432 3443 491 97‘

168 549 325 622 αὑτῷ
353 548 470 624 (6i)
508 549 675 622 σοφὴν
702 548 813 614 ῑξιν
852 548 1146 603 ὑπολαϐεῖν
1179 547 1412 620 ἀδελφήν
1437 545 1545 600 τῶν
1577 547 1636 599 ὲν
1661 546 1742 599 ἀνι

1859 545 2138 616 piontism,
2161 559 2406 602 sororem
2435 545 2582 600 dicat
2609 542 2928 600 nominatim
2957 542 3200 599 habitum
3248 556 3439 600 eorum

169 640 419 718 θρώποις
453 641 859 714 κατορθούντων
882 640 1172 710 λέγεσθαις
1199 640 1262 693 El
1287 639 1344 692 δὲ
1370 638 1463 692 ἐπὶ
1497 637 1591 691 τὸν
1624 636 1761 709 Χρι-

171 736 298 790 στὸν
331 734 431 788 τοῦ
460 733 596 787 Θεοῦ
632 733 885 798 ὲκλάὁοις
922 734 981 786 τὸ
1014 731 1326 804 εἰρημένον,
1371 730 1605 803 Χριστὸς
1655 728 1763 800 γὰρ

169 825 308 882 Θεοῦ
333 828 569 896 δύναμις
598 827 694 880 καὶ
735 825 870 879 Θεοῦ
901 826 1098 894 Σοφία,
1133 823 1286 876 οὐδὲν
1328 822 1577 894 ἐμποδὼν
1613 821 1762 874 ἔσται

168 921 237 992 τῇ
286 919 533 990 διανοίᾳ,
574 917 699 978 επεὶ
732 919 826 971 καὶ
864 917 960 988 τήν
991 917 1128 989 πρὸς
1168 917 1315 987 ἡμᾶς
1343 916 1445 969 οὑκ
1485 915 1761 969 ἀναίνεται

170 1010 521 1082 ἀδελφότητα
569 1011 635 1065 δι’
667 1011 968 1082 ὑπερϐολὴν
1017 1009 1450 1081 φιλανθρωπίας.
1509 1010 1574 1062 Et
1604 1008 1661 1061 δὲ
1701 1008 1761 1061 ἓν

169 1105 267 1159 καὶ
285 1103 488 1158 ταύτὸν
511 1097 580 1172 ἦν
613 1103 641 1154 ὁ
665 1101 818 1166 Θεὸς,
858 1103 950 1155 καὶ
988 1103 1020 1172 ἡ
1049 1103 1106 1155 ἐν
1127 1103 1248 1164 ταῖς
1279 1100 1607 1172 Παροιμίαις
1649 1099 1761 1152 εισ-

167 1195 418 1266 αγομένη
432 1194 607 1264 Σοφία
619 1193 729 1259 ἕξις
745 1190 876 1248 οὖσα
899 1194 1034 1264 σοφὴ
1064 1194 1121 1246 ὲν
1151 1192 1301 1264 αὑτῷ
1323 1193 1605 1264 νοουμένη,
1629 1190 1760 1247 καθὸ

169 1281 337 1350 σοφὸς
365 1282 395 1334 ό
425 1281 582 1344 Θεὸς.
616 1283 670 1335 τί
694 1282 927 1335 ἐκώλυεν
956 1282 1076 1334 ἀντὶ
1119 1284 1220 1353 τῆς
1270 1281 1468 1350 Σοφίας
1512 1281 1602 1334 τὸν
1626 1279 1758 1335 Θεὸν

164 1371 610 1445 ἀναγεγράφθαις
627 1371 765 1427 ὥστε
775 1373 856 1439 τὸ,
889 1373 949 1426 'H
963 1374 1151 1442 Σοφία
1173 1374 1556 1442 ᾠκοδόμησεν
1573 1372 1758 1443 ἑαυτῇ

164 1459 360 1530 οἶκον,
385 1464 488 1517 καί
522 1464 809 1532 ὐπήρεισε
835 1465 1103 1534 στύλους
1131 1464 1299 1529 ἑπτὰ,
1327 1467 1422 1518 καὶ
1451 1466 1517 1518 τὰ
1551 1464 1758 1529 τούτοις

166 1556 501 1629 συνημμένα
535 1557 779 1629 είρῆσθαι
813 1557 934 1611 ἀντὶ
961 1556 1077 1622 τοῦ,
1116 1557 1168 1610 '0
1197 1557 1342 1622 Θεὸς
1369 1558 1757 1629 ᾠκοδόμησεν

163 1645 364 1712 ἐαυτῷ
377 1644 567 1715 οἶκον,
583 1649 675 1702 καὶ
697 1647 764 1701 τὰ
786 1649 913 1720 ἑξῆς
941 1667 953 1679 ·
978 1653 1077 1703 καὶ
1101 1647 1262 1702 πάλιν
1287 1650 1410 1702 ἀντὶ
1429 1650 1542 1704 τοῦ·
1564 1649 1756 1706 Εἶπον

164 1737 285 1808 τὴν
313 1739 546 1807 Σοφίαν
577 1739 702 1807 σὴν
730 1739 1008 1808 ἀδελφὴν
1037 1735 1222 1804 εἶναι,
1257 1738 1508 1811 λελέχθαι
1531 1782 1546 1806 ,
1567 1737 1756 1796 Εἶπον

163 1829 276 1885 τὸν
307 1831 462 1884 Θεὸν
492 1831 609 1884 σὸν
633 1830 903 1900 ἀδελφὸν
932 1828 1105 1886 εἶναι.
1160 1830 1300 1884 Ἀλλ’
1347 1833 1482 1903 ὁρᾷς
1529 1831 1607 1897 ὼς
1655 1833 1752 1906 τὴν

161 1920 336 1994 ἀκοήν
379 1921 608 1993 πλήττει
651 1925 684 1994 ή
724 1922 945 1994 τοιαύτη
981 1922 1155 1994 φωνὴ,
1199 1923 1299 1976 οὑκ
1335 1922 1537 1994 ἔχουσα
1582 1925 1752 1995 ἁρμο-

161 2013 302 2068 νίαν.
331 2015 397 2068 Εί
416 2014 465 2069 δ’
497 2015 590 2068 ἐπὶ
613 2015 704 2068 τὸν
734 2014 859 2068 Υἰὸν
883 2015 1133 2079 ἐκλάὗοις
1156 2015 1223 2068 τά
1254 2015 1432 2084 λόγια,
1457 2015 1622 2080 αὑτὸς
1638 2017 1750 2088 γὰρ

160 2099 230 2175 ἦν
256 2105 292 2176 ή
327 2105 521 2174 Σοφία,
565 2106 743 2160 πάντα
779 2123 861 2160 σοι
899 2106 1176 2178 εὑροήσει,
1207 2105 1433 2176 μηδενὸς
1457 2106 1750 2170 δυσσεὸοὖς

160 2197 437 2269 νοήματος
490 2197 738 2269 ἐμποδὼν
801 2198 1087 2269 ἱσταμένου
1111 2237 1126 2262 ,
1153 2197 1748 2270 συνεπιμαρτυροῦντος

159 2290 254 2345 τοῦ
293 2290 592 2346 ἀποστόλου
638 2291 872 2355 Παύλου,
916 2290 975 2354 ὃς
1019 2290 1111 2344 τὸν
1155 2291 1380 2362 Σωτῆρα
1412 2292 1506 2345 καὶ
1541 2292 1745 2365 Κύριον

159 2382 319 2456 ήμῶν
360 2383 569 2452 Ἰησοῦν
599 2383 830 2456 Χριστὸν
862 2383 1176 2454 λαμπρᾷ,τῇ
1211 2384 1358 2453 φωνῇ
1392 2383 1592 2454 Σοφίαν
1611 2383 1746 2438 ὠνό-

164 2491 338 2546 μασεν
367 2473 558 2528 είπώνο
585 2474 839 2543 Χριστὸς
865 2474 1010 2529 Θεοῦ
1043 2474 1295 2546 δύναμις
1325 2475 1424 2529 καὶ
1459 2476 1608 2532 Θεοῦ
1637 2479 1746 2532 Σο-

161 2565 290 2634 ςοία.
314 2565 535 2621 Τούτων
565 2560 672 2621 ὧδέ
719 2583 794 2637 πη
846 2566 1405 2638 κατασκευασμένων,
1451 2567 1743 2622 ἀκόλουθόν

161 2656 279 2712 ἐστι
302 2657 447 2729 μδτά
467 2659 575 2712 τῶν
595 2657 1030 2730 προεκτεθέντων
1064 2659 1337 2724 ἁπάντων,
1365 2657 1426 2725 ἐξ
1455 2661 1620 2715 αὑτοῦ
1647 2660 1742 2714 τοῦ

162 2750 460 2823 προσώπου
487 2751 689 2816 καὶτὸ,
730 2753 942 2822 Κύριος
972 2751 1174 2808 ἐκτισέ
1218 2769 1294 2822 με
1338 2753 1535 2822 ἀρχὴν
1588 2751 1743 2807 ὁδῶν

160 2839 347 2896 αὑτοῦ
373 2843 463 2906 είς
487 2841 632 2912 ἔργα
661 2842 871 2904 αὐτοῦ,
903 2841 1184 2913 λελέχθαι·
1228 2844 1278 2896 εί
1307 2842 1363 2896 δὲ
1395 2842 1542 2912 λέγοι
1593 2844 1742 2898 ἐκτίσ-

164 2929 286 2989 σθαι
331 2931 444 3003 (62)
486 2934 698 2998 ἑαυτὸν,
740 2935 840 3005 οὑχ
874 2935 949 2999 ὡς
996 2939 1060 2990 ἐκ
1102 2934 1197 2988 τοῦ
1249 2937 1322 3007 μὴ
1367 2935 1520 3001 ὸντος
1562 2939 1641 3002 είς
1681 2936 1743 2991 τὸ

161 3019 301 3081 εἶναι
346 3025 653 3100 παρελθὼν,
687 3026 832 3081 τοῦτ’
863 3027 929 3081 ἀν
961 3028 1124 3093 εἴποι,
1156 3029 1269 3082 οὐδ’
1293 3029 1369 3092 ὡς
1395 3031 1594 3102 ὁμοίως
1627 3033 1742 3096 τοῖς

159 3116 366 3184 λοιποῖς
399 3119 679 3191 κτίσμασι,
715 3121 809 3174 καὶ
852 3119 1014 3184 αὑτὸς
1047 3121 1114 3173 ὲκ
1150 3119 1245 3173 τοῦ
1292 3119 1366 3192 μὴ
1398 3122 1552 3186 ὄντος
1579 3138 1740 3191 γεγο-

159 3208 288 3274 νὼς.
315 3205 351 3286 ᾗ
373 3229 517 3276 τινες
543 3213 643 3267 οὑκ
666 3211 839 3285 ὀρθῶς
861 3210 1242 3284 ὑπειλήφασιν,
1261 3212 1375 3266 ἀλλ’
1395 3213 1467 3277 ὡς
1492 3213 1740 3284 ὑφεστὼς
1766 3251 1807 3310 c

163 3301 264 3374 μὲν
306 3305 404 3358 καὶ
446 3303 575 3370 ζῶν,
621 3303 805 3375 προών
843 3320 904 3356 τε
945 3303 1446 3377 καὶιπροῦπάρχων
1493 3306 1595 3376 τῆς
1638 3305 1733 3358 τοῦ

159 3393 365 3460 πάντος
393 3394 596 3468 κόσμου
634 3395 966 3459 συστάσεως,
994 3396 1183 3466 ἄρχειν
1215 3396 1270 3450 δὲ
1299 3397 1409 3450 τῶν
1451 3397 1586 3451 ὅλων
1629 3396 1735 3451 ὑπὸ

157 3487 367 3560 Κυρίου
382 3486 477 3542 τοῦ
504 3487 667 3542 αὑτοῦ
686 3489 896 3561 Πατρὸς
919 3489 1390 3561 κατατεταγμένος
1412 3507 1426 3520 ·
1446 3489 1562 3556 τοῦ,
1581 3491 1648 3545 ἐκ
1657 3507 1738 3544 τι-

157 3592 294 3646 σεν,
327 3581 560 3638 ἐνταῦθα
597 3581 715 3636 ἀντὶ
744 3582 861 3649 τοῦ,
895 3582 1238 3649 κατέταξεν,
1277 3583 1310 3656 ἢ
1337 3584 1732 3652 κατέστησεν,

155 3675 468 3747 εἰρημένου.
502 3676 804 3752 Διαῤῥήδην
818 3675 947 3747 γοῦν
969 3677 1094 3740 τοὺς
1118 3677 1177 3729 ὲν
1209 3675 1515 3748 ἀνθρώποις
1544 3677 1735 3749 ἄρχον-

153 3781 254 3832 τας
281 3769 377 3822 καὶ
404 3770 677 3841 ἡγεμόνας
709 3770 885 3822 κτίσιν
904 3769 1188 3839 ὠνόμασεν
1215 3770 1242 3821 ό
1271 3769 1440 3824 είπὼν
1475 3769 1735 3824 Ἀπόστο-

152 3860 266 3928 λρς.
319 3861 683 3932 Ὑποτάγητε
727 3859 895 3931 πάσῃ
943 3861 1137 3915 κτίσει
1185 3862 1529 3931 ἀνθρωπίνῃ
1555 3901 1571 3928 ,
1634 3860 1734 3915 διὰ

152 3953 264 4009 τὸν
303 3955 552 4024 Κύριον*
592 3953 714 4008 εἴτε
736 3952 1011 4018 βασιλεῖ,
1183 3951 1567 4022 ὑπερέχοντιο
1612 3951 1734 4006 εἴτε

152 4044 465 4114 ἡγεμόσιν,
492 4045 572 4110 ὡς
604 4043 679 4097 δι’
703 4043 892 4099 αὐτοῦ
915 4042 1337 4115 πεμπομένοις.
1362 4043 1471 4097 Καὶ
1495 4044 1524 4095 ὁ
1562 4041 1732 4095 είπὼν

150 4134 209 4194 δὲ
220 4136 527 4208 προφήτης,
556 4131 891 4204 Ἐτοιμάζου
913 4134 1018 4190 τοῦ
1034 4132 1444 4188 ἐπικαλεῖσθαι
1459 4130 1568 4186 τὸν
1583 4131 1734 4186 Θεόν

150 4237 271 4284 σου
322 4225 589 4296 Ἱσραήλσ
622 4225 774 4280 διότι
823 4224 952 4281 ἰδοὺ
986 4225 1249 4294 στερεῶν
1284 4226 1576 4293 βρόντην,
1625 4212 1727 4279 καὶ

149 4316 360 4379 κτίζων
387 4317 643 4387 πνεῦμα,
677 4317 776 4372 καί
829 4317 1218 4388 ἀναγγέλλων
1244 4319 1329 4384 είς
1379 4315 1731 4386 ἀνθρώπους

148 4409 259 4463 τόν
281 4410 544 4479 Χριστὸν
582 4409 788 4465 αὑτοῦ.
821 4409 932 4464 Καὶ
961 4410 1042 4474 τὸ,
1076 4407 1372 4478 Γραρήτω
1412 4408 1524 4482 (63)
1572 4408 1727 4476 αὕτη

119 4501 236 4566 «τις
271 4501 487 4570 γενεὰν
507 4502 738 4570 ἑτέραν,
765 4500 866 4555 καί
894 4501 1044 4568 λαὸς
1074 4504 1108 4556 ό
1138 4499 1471 4569 κτιζόμενος
1498 4499 1729 4555 αἰνέσει

1862 637 1952 706 qui
2005 637 2145 691 inter
2196 636 2446 693 homines
2518 647 2667 691 recta
2747 635 3083 706 operantur?
3114 633 3266 702 Quod
3297 637 3341 690 si
3373 637 3442 690 de

1861 729 2078 786 Christo
2110 729 2201 785 Dei
2244 729 2476 800 accipiat
2507 730 2631 798 quis
2672 728 2804 785 illud
2845 727 3047 784 dictum
3078 741 3242 782 :nam
3273 724 3440 782 Chri-

1861 832 1978 876 stus
2025 819 2119 875 Dei
2175 829 2411 888 potestas
2455 827 2540 873 est
2583 826 2637 873 et
2682 817 2982 889 Sapientia,
3033 817 3171 872 nihil
3215 817 3441 888 impedit

1862 912 2002 968 hanc
2045 912 2476 983 intelligentiam,
2523 911 2960 980 quandoquidem
3007 913 3078 966 ob
3110 911 3438 965 immensum

1860 1021 2016 1060 suum
2054 1006 2107 1060 in
2152 1006 2449 1061 humanum
2493 1019 2662 1074 genus
2709 1017 2946 1058 amorem
3003 1019 3109 1058 non
3168 1006 3440 1059 recusavit

1858 1095 2003 1153 hanc
2050 1098 2467 1154 fraternitatem.
2515 1097 2668 1166 Quod
2717 1098 2760 1154 si
2808 1111 2970 1151 unum
3022 1106 3140 1151 erat
3181 1098 3436 1168 idemque

1860 1191 2024 1258 Deus,
2056 1203 2109 1246 et
2148 1209 2270 1263 qua:
2309 1195 2362 1246 in
2406 1191 2710 1248 Proverbiis
2743 1191 3106 1246 introducitur
3133 1190 3435 1261 Sapientia,

1859 1300 1980 1354 qua:
2008 1287 2223 1356 sapiens
2252 1285 2470 1355 quidam
2518 1285 2735 1341 habitus
2765 1294 2848 1340 est
2877 1285 2932 1339 in
2970 1283 3060 1339 illo
3090 1284 3434 1349 intellectus,

1857 1378 1914 1431 in
1941 1388 2202 1446 quantum
2234 1377 2378 1433 Deus
2424 1377 2660 1445 sapiens,
2694 1377 2823 1448 quid
2853 1376 3105 1442 prohibet
3142 1375 3310 1430 Deum
3343 1375 3436 1431 hic

1855 1484 1954 1540 pro
1988 1468 2264 1539 Sapientia
2309 1469 2529 1525 rescribi
2561 1487 2574 1524 :
2608 1481 2665 1523 ut
2704 1471 2783 1526 sic
2825 1470 2913 1524 ubi
2961 1470 3161 1524 dictum
3190 1477 3297 1533 est,
3331 1467 3437 1522 Sa-

1854 1560 2049 1627 pientia
2079 1559 2356 1628 aediﬁcavit
2389 1561 2494 1614 sibi
2536 1561 2768 1625 domum,
2799 1571 2846 1613 et
2881 1560 3128 1614 solidavit
3157 1559 3431 1613 columnas

1854 1661 2064 1720 septem,
2098 1661 2152 1705 et
2176 1667 2294 1720 qua:
2316 1659 2635 1722 sequuntur,
2659 1651 2859 1705 dictum
2891 1651 2962 1704 sit
2989 1665 3107 1720 pro,
3136 1648 3274 1703 Deus
3299 1650 3433 1702 wdi-

1853 1744 2025 1812 ﬁcavit
2070 1735 2168 1797 εἰεί
2194 1744 2585 1810 domum,etc.;
2621 1751 2676 1798 et
2707 1743 2897 1797 iterum
2931 1758 3028 1812 pro
3054 1755 3138 1805 eo,
3172 1741 3295 1794 Dixi
3321 1739 3430 1795 Sa-

1854 1835 2104 1903 pientiam
2125 1851 2354 1889 sororem
2385 1846 2552 1902 tuam,
2585 1835 2815 1897 dicatur,
2858 1833 2980 1888 Dixi
3015 1834 3180 1889 Deum
3206 1834 3427 1903 fratrem

1783 1907 1823 1962 Β
1853 1938 2018 1980 tuum.
2048 1926 2153 1981 Sed
2189 1937 2246 1980 ut
2275 1942 2434 1982 aures
2466 1927 2738 1997 percutiat
2769 1926 2866 1982 ista
2901 1926 3087 1989 dictio,
3120 1927 3271 1982 vides
3314 1935 3427 1980 tant

1851 2015 2162 2087 incongrua.
2222 2015 2374 2083 Quod
2422 2017 2469 2070 si
2519 2016 2586 2072 de
2642 2016 2779 2074 Filio
2832 2015 3166 2085 Sapientiam
3216 2015 3425 2084 capias,

1847 2109 2028 2163 omnia
2063 2110 2199 2164 bene
2231 2109 2398 2164 ﬂuent
2425 2126 2441 2162 :
2471 2123 2572 2163 nec
2599 2116 2853 2163 occurret
2877 2108 2970 2161 tibi
3005 2107 3298 2176 quidquam
3333 2104 3424 2158 hic

1850 2199 2159 2268 impietatis,
2191 2215 2314 2256 cum
2350 2201 2632 2271 perhibeat
2683 2200 2774 2256 tibi
2811 2199 3179 2254 teslimonium
3227 2198 3425 2252 beatus

1847 2291 2044 2348 Paulus
2067 2292 2472 2364 apostolus,qui
2488 2293 2808 2363 pronuntiat
2829 2292 2973 2347 clare
2995 2289 3342 2346 Servatorem
3366 2297 3424 2343 et

1847 2380 2131 2438 Dominum
2160 2391 2402 2438 nostrum
2433 2380 2615 2440 Jesum
2641 2380 2918 2437 Christum
2963 2381 3054 2436 Dei
3087 2379 3422 2448 Sapientiam

1845 2475 2258 2542 nominandum,
2309 2474 2398 2531 ubi
2443 2475 2538 2540 ait,
2571 2474 2811 2530 Christus
2845 2473 2937 2527 Dei
2981 2473 3212 2544 potentia
3244 2483 3291 2525 et
3320 2471 3422 2526 Sa-

1841 2570 2041 2643 pientia
2061 2572 2128 2624 ".
2155 2568 2252 2626 llis
2277 2571 2344 2626 ad
2375 2571 2518 2626 hunc
2546 2569 2760 2624 modum
2793 2569 2862 2622 ita
2896 2567 3194 2638 apparatis,
3224 2567 3292 2620 ad
3324 2581 3419 2620 su-

1841 2665 2027 2733 peritis
2052 2663 2320 2733 proposita
2357 2677 2692 2734 consequens
2731 2671 2811 2715 est
2854 2661 2974 2727 hoc,
3002 2661 3258 2714 Dominus
3287 2675 3417 2713 con-

1843 2754 1981 2809 didit
2012 2770 2094 2811 me
2111 2755 2427 2826 principium
2457 2757 2656 2810 viarum
2685 2770 2903 2807 suarum
2932 2755 3000 2808 ad
3024 2770 3180 2823 opera
3205 2752 3320 2822 ejus
3345 2752 3416 2818 ”,

1844 2863 1875 2903 e
1929 2862 2160 2918 persona
2208 2845 2325 2917 ejus
2370 2847 2642 2917 usurpari.
2679 2845 2830 2914 Quod
2861 2847 2904 2902 si
2952 2848 3101 2901 dicat
3137 2847 3416 2902 conditum

1845 2928 1992 2995 illum
2021 2938 2207 3005 fuisse,
2236 2955 2340 2994 non
2371 2939 2441 2994 ita
2467 2940 2620 3006 dixit,
2644 2940 2799 3009 quasi
2829 2938 2988 2992 vellet
3015 2938 3264 3008 intelligi,
3291 2953 3415 2993 eum.

1843 3031 1911 3087 de
1943 3047 2049 3088 non
2081 3043 2208 3088 eote
2237 3033 2302 3087 ad
2331 3045 2450 3086 esse
2478 3031 2811 3101 processisse
2831 3049 2843 3085 :
2862 3046 2962 3086 nec
2991 3031 3154 3101 quod,
3187 3031 3255 3085 ad
3301 3045 3417 3084 mo-

1843 3123 1968 3180 dum
2007 3134 2379 3180 creaturarum
2411 3124 2762 3195 reliquarum,
2802 3125 2867 3178 de
2918 3139 3023 3177 non
3056 3133 3181 3178 ente
3211 3124 3413 3192 produ—

1842 3215 2086 3281 cebatur,
2115 3216 2260 3284 quod
2294 3214 2537 3270 nonnulli
2575 3215 2755 3270 minus
2785 3229 2930 3269 recte
2961 3223 3086 3268 sunt
3116 3213 3364 3267 arbitrati
3397 3231 3412 3266 :

1841 3305 1934 3358 sed
1965 3305 2105 3376 quod
2136 3305 2436 3360 subsistens
2483 3314 2539 3360 et
2575 3307 2784 3371 vivens,
2834 3307 2928 3360 sed
2972 3305 3114 3376 quod
3158 3307 3416 3374 przzeexsi-

1840 3406 2011 3462 Stens,
2041 3404 2095 3451 et
2126 3399 2564 3466 prmsubsistens,
2607 3407 2735 3452 ante
2769 3412 2985 3452 omnem
3020 3396 3201 3451 mundi
3229 3397 3416 3455 condi-

1843 3486 2041 3553 tionem
2068 3501 2186 3546 erat
2212 3507 2226 3543 :
2258 3495 2316 3555 >14
2345 3491 2598 3560 quodque
2629 3505 2659 3543 a
2703 3489 2928 3546 Domino
2957 3505 3055 3545 suo
3089 3489 3248 3544 Patre
3283 3504 3416 3545 con-

1837 3582 2059 3637 stitutus
2103 3591 2186 3635 est
2213 3581 2454 3637 omnium
2491 3581 2819 3647 dominator,
2851 3581 3029 3650 posito
3071 3581 3181 3646 illo,
3234 3583 3416 3635 condi-

1839 3674 1935 3738 dit,
1991 3673 2098 3728 ltoc
2148 3675 2202 3728 in
2249 3674 2390 3737 loco,
2437 3689 2534 3743 pro
2579 3673 2871 3739 constituit,
2904 3673 2987 3728 vel
3021 3673 3303 3728 ordinavit.
3329 3673 3416 3727 Di-

1838 3763 2000 3820 iertis
2025 3766 2202 3821 verbis
2228 3766 2501 3835 principes
2525 3775 2582 3820 et
2607 3766 2772 3822 duces
2795 3767 2939 3821 inter
2960 3765 3228 3828 homines,
3261 3781 3414 3820 crea-

1841 3866 2016 3928 turam
2046 3857 2336 3926 Apostolus
2375 3856 2696 3924 nominavit,
2728 3858 2816 3913 ubi
2841 3857 2956 3912 ait:
2988 3857 3223 3926 Subjecti
3251 3869 3413 3912 estote

1839 3946 1979 3999 omni
2013 3947 2264 4002 humana
2300 3958 2558 4004 creature
2589 3957 2801 4019 propter
2834 3947 3144 4015 Dominum,
3170 3949 3276 4002 sive
3305 3951 3416 4021 regi

1838 4046 1899 4091 ut
1924 4037 2217 4107 excellenti,
2240 4039 2346 4094 sive
2367 4040 2687 4112 principibus
2727 4051 2785 4095 ut
2819 4040 2884 4095 ab
2920 4040 3014 4094 illo
3041 4040 3216 4094 missis
3231 4040 3297 4094 “.
3346 4042 3415 4094 Et

1836 4130 2098 4200 propheta
2130 4133 2222 4201 qui
2255 4132 2391 4188 dixit
2422 4149 2436 4186 :
2467 4130 2809 4203 Prteparare,
2839 4141 2896 4185 ut
2927 4142 3134 4186 uocetur
3168 4147 3325 4200 super
3361 4140 3414 4184 te

1838 4220 1979 4291 Dm
2000 4221 2171 4278 Israel
2203 4241 2222 4278 :
2245 4233 2523 4295 propterea
2555 4241 2671 4279 ecce
2704 4224 2886 4296 ﬁrmat
2911 4224 3133 4285 tonitru,
3158 4232 3206 4275 et
3231 4222 3413 4275 condit

1836 4325 2031 4382 uentos,
2067 4322 2118 4370 et
2141 4317 2426 4370 annuntiat
2455 4317 2590 4370 inter
2626 4316 2862 4370 homines
2887 4315 3159 4369 Christum
3181 4315 3408 4368 suum".

1840 4405 1904 4458 Et
1939 4405 2084 4471 illud,
2116 4407 2395 4462 Scribatur
2422 4408 2517 4462 illa
2550 4410 2607 4462 in
2636 4407 3029 4478 generationem
3070 4407 3318 4470 alteram,
3352 4415 3412 4460 ut

1834 4498 2058 4565 populus
2081 4500 2172 4569 qui
2188 4501 2432 4554 conditur
2448 4500 2622 4553 laudet
2639 4498 2994 4577 Dominum".
3015 4497 3148 4552 Illud
3173 4499 3411 4552 condidit

146 4591 258 4646 τὸν
276 4595 516 4662 Κύριονο
535 4593 616 4656 τὸ,
638 4592 869 4657 κτίζων,
883 4594 975 4647 ἐπὶ
993 4592 1087 4647 τοῦ
1104 4591 1384 4662 γεγονότος
1403 4591 1461 4656 ἐξ
1478 4590 1723 4663 ἀνυπαρ-

1843 4603 1932 4657 pro
1964 4604 2030 4644 eo
2062 4592 2204 4660 quod
2242 4589 2346 4645 l'uit
2372 4602 2644 4661 sumptum
2681 4599 2787 4656 est,
2812 4592 2936 4660 quia
2959 4592 3071 4661 jam
3119 4599 3244 4644 ante
3268 4601 3408 4645 erat.

147 4679 265 4752 ξιας
297 4685 647 4758 παρείληφεν.
668 4685 745 4738 Οὑ
759 4684 868 4755 γὰρ
901 4684 1020 4739 τότε
1043 4683 1257 4738 ἔκτισεν
1273 4684 1300 4735 ὁ
1320 4681 1451 4748 Θεὸς
1480 4683 1540 4736 τὸ
1563 4681 1725 4736 mist”:-

147 4790 249 4849 μα,
273 4777 362 4832 ὅτε
382 4775 472 4830 τὸν
492 4775 723 4848 Χριστὸν
754 4774 918 4830 αὑτοῦ
947 4776 1012 4829 δι’
1029 4772 1196 4829 αὑτοῦ
1225 4773 1389 4827 πᾶσιν
1418 4773 1722 4845 ἀνθρώποις

146 4862 535 4937 κατήγγειλεν
563 4864 713 4923 οὐδὲν
762 4864 870 4936 γὰρ
920 4864 1231 4936 πρόσφατον
1268 4863 1374 4916 ὑπὸ
1412 4864 1503 4917 τὸν
1551 4863 1720 4934 ήλιον.

157 4953 298 5011 Ἀλλ’
312 4952 381 5030 ἦν
417 4957 538 5029 μὲν,
561 4958 655 5012 καὶ
674 4956 1047 5031 προϋπῆρχεν,
1067 4954 1428 5009 ἀπεστέλλετο
1447 4955 1502 5009 δὲ
1523 4955 1642 5012 καθ’
1659 4956 1720 5009 ὸν

145 5049 336 5126 καιρὸν
380 5045 521 5123 ἦσαν
561 5050 611 5105 οι
656 5047 943 5107 ἀπόστολοι
990 5047 1359 5118 συνηγμένοι·
1413 5048 1503 5102 ὅτε
1553 5047 1714 5120 δίκην

146 5137 396 5214 βροντῆς.
423 5143 636 5212 ἐγένετο
654 5137 786 5214 ἦχος
814 5142 878 5195 ὲκ
904 5138 995 5194 τοῦ
1022 5138 1282 5212 οὐρανοῦ,
1338 5137 1528 5210 ὥσπερ
1556 5155 1720 5210 φερο-

148 5230 315 5304 μένης
363 5235 531 5306 πνοῆς
583 5232 798 5304 βιαίας,
849 5229 1244 5302 ἐπληρώθησαν
1289 5247 1348 5282 τε
1403 5229 1719 5299 Πνεύματος

146 5319 330 5388 ἁγίου·
362 5323 456 5382 καὶ
482 5322 653 5398 οὕτως
677 5325 758 5387 είς
781 5321 989 5386 πάντας
1016 5319 1334 5392 ἀνθρώπους
1360 5322 1451 5375 τὸν
1483 5321 1718 5393 Χριστὸν

141 5409 237 5466 τοῦ
264 5411 398 5468 Θεοῦ
423 5413 811 5486 κατήγγειλαν,
833 5411 1144 5476 ἀκολούθως
1173 5414 1241 5484 τῇ
1273 5412 1582 5483 προφητεία
1611 5427 1718 5480 φη-

160 5642 186 5665 _
208 5600 270 5660 ιῖι
300 5594 402 5655 Ed.
430 5592 635 5658 Paris.,
665 5608 788 5665 pag.
819 5593 942 5648 151.
1020 5586 1067 5625 ’ί
1100 5593 1120 5645 l
1150 5591 1276 5649 Cor.
1301 5609 1342 5660 ι,
1375 5593 1467 5648 24.

145 5662 194 5698 ⁸⁸
221 5665 578 5734 Psal.cr,l9.
667 5662 680 5665 “
759 5689 761 5691 ί

238 5849 327 5923 Di)
357 5849 526 5923 fulgo
563 5849 774 5923 σοφίαν,
808 5847 920 5916 ἕξιν
946 5858 1000 5906 et
1033 5863 1158 5905 mox
1188 5847 1426 5904 δκλάσοι.

238 5861 327 5923 6|)
359 5861 526 5922 Vulgo
563 5861 736 5919 σοφίαι

215 5861 326 5995 lea)
363 5919 528 5994 Vulgo
553 5919 736 5975 αὑτόν.

1571 5592 1617 5625 ’³
1631 5591 1790 5649 Prov.
1818 5609 1938 5660 nu,
1958 5594 2050 5656 ΒΩ.

1831 4681 2018 4752 Neque
2044 4685 2188 4760 enim
2221 4695 2332 4739 tum
2362 4685 2602 4742 condidit
2625 4683 2765 4738 Deus
2790 4686 3058 4754 spiritum,
3092 4700 3216 4740 cum
3251 4684 3413 4740 Chri-

1829 4788 1972 4832 stum
2008 4793 2163 4832 suum
2197 4794 2292 4848 per
2333 4779 2485 4834 illum
2539 4777 2804 4832 universis
2849 4777 3161 4845 hominibus
3198 4793 3413 4834 annun-

1834 4870 1991 4923 tiaret
2018 4886 2032 4925 :
2063 4870 2186 4938 quia
2228 4868 2357 4924 nihil
2402 4871 2524 4925 novi
2569 4877 2653 4925 est
2703 4870 2804 4926 sub
2857 4871 2969 4926 sole
3014 4869 3156 4924 :sed
3194 4878 3312 4924 erat
3357 4877 3413 4924 et

1830 4961 2122 5016 exsistebat
2155 4970 2318 5016 ante:
2349 4962 2663 5016 mittebatur
2698 4971 2878 5018 autem
2911 4977 2976 5018 eo
3007 4972 3249 5031 tempore
3284 4976 3408 5015 cum

1830 5049 1883 5104 in
1917 5066 2081 5105 unum
2111 5051 2420 5122 congregati
2463 5050 2691 5121 apostoli
2738 5061 2894 5106 erant
2923 5071 2935 5106 :
2963 5066 3086 5107 cum
3130 5049 3198 5104 ad
3238 5051 3410 5106 instar

1832 5144 2066 5199 tonitrus
2103 5141 2276 5196 lactus
2311 5151 2390 5196 est
2437 5143 2648 5198 sonitus
2684 5142 2874 5214 ingens
2922 5145 2987 5197 de
3033 5141 3174 5198 caelo
3203 5141 3407 5198 :veluti

1829 5233 2189 5289 descendente
2226 5234 2421 5303 spiritu
2463 5234 2887 5300 vehementiore,
2940 5244 2994 5290 et
3041 5234 3236 5303 repleti
3281 5244 3412 5292 sunt

1829 5325 2035 5394 Spiritu
2062 5335 2270 5381 sancto.
2298 5327 2472 5397 Atque
2501 5326 2574 5381 ita
2592 5327 2868 5382 Christum
2897 5326 3130 5392 Domini,
3170 5326 3223 5380 in
3253 5341 3411 5384 mun-

1830 5415 1958 5470 dum
2021 5417 2332 5473 universum
2405 5419 2845 5474 annuntiaruut:
2877 5417 3031 5489 juxta
3090 5417 3407 5472 vaticinium

2163 5594 2408 5651 “lPetr.
2445 5611 2508 5660 tt,
2534 5595 2624 5662 l3,
2668 5597 2754 5653 N.
2844 5597 3168 5662 "Autostv,
3201 5596 3286 5663 η,
3317 5595 3404 5667 l3.

1895 5847 2008 5921 (63)
2049 5847 2215 5921 Vulgo
2249 5849 2389 5924 αὐτη
2415 5893 2432 5920 ,
2463 5856 2520 5905 cl
2551 5863 2682 5908 mox
2713 5846 2930 5915 αἰνήσε.
