4106 6404
651 350 760 409 975

1317 342 1584 401 IIUSEBII
1615 340 2097 401 CESARIENSIS
2124 339 2278 398 OPP.
2302 338 2484 397 PARS
2516 339 2604 397 Π.
2630 372 2697 383 -—-
2728 340 3151 401 DOGHATICA.

3814 349 3912 405 976

651 486 761 544 quo
795 469 993 526 dictum
1035 475 1136 527 est.
1191 464 1315 520 ldeo
1364 484 1479 521 ecce
1529 466 1846 537 conﬁrmans
1894 465 2120 529 tonitru.
2174 478 2209 519 Ci

2327 463 2488 537 σάσῃ,
2542 465 2697 517 Διότι
2747 463 2879 520 ἰδοὺ
2911 465 3174 535 στερεῶν
3209 467 3510 539 βροντὴν,
3561 470 3663 526 και
3707 472 3910 535 κτίζων

651 558 874 617 condens
902 557 1165 627 spiritui,
1206 566 1253 610 et
1290 558 1611 611 annuntians
1648 558 1703 609 in
1741 555 2037 609 hominibus
2061 552 2214 609 Chri-

649 661 787 704 stum
829 647 943 717 ejus
965 664 984 700 :
1010 646 1101 701 ubi
1142 644 1292 708 illud,
1336 645 1588 710 condens,
1637 644 1851 715 ponitur
1877 659 1976 714 pro
2006 645 2215 698 mittens

653 742 733 795 vel
759 740 1055 809 injungens.
1082 736 1301 791 Tonitru
1347 748 1527 791 autem
1569 735 1841 808 Evangelii
1878 736 2215 806 praedicatio-

652 848 773 886 nem
805 832 1073 900 designat.
1106 829 1196 885 Sic
1225 828 1318 898 qui
1359 830 1517 893 dixit,
1563 827 1670 884 Cor
1710 828 1965 881 mundum
2003 843 2126 882 crea
2159 828 2215 880 in

652 940 756 991 me,
784 922 993 985 Deus".
1027 936 1133 976 nou
1156 921 1291 977 dixit
1328 930 1581 990 tanquam
1617 934 1720 974 non
1739 919 1943 973 habens
1963 933 2075 974 cor.
2105 916 2217 973 lmo

650 1018 843 1072 orabat
881 1015 970 1069 ille
1009 1025 1067 1069 ut
1099 1015 1313 1069 animus
1347 1014 1447 1083 ipsi
1482 1014 1856 1067 mandaretur.
1892 1010 1987 1065 Sic
2014 1011 2219 1065 dicitur

651 1116 704 1163 et
727 1107 875 1174 illud,
903 1105 971 1161 Ut
1000 1108 1135 1160 duos
1168 1114 1305 1160 creet
1344 1106 1399 1159 in
1432 1121 1597 1159 unum
1627 1118 1816 1158 novitas
1844 1103 2108 1157 hominem
2136 1101 2212 1155 “.

650 1199 763 1256 Hoc
798 1211 902 1264 est,
938 1202 991 1253 in
1042 1215 1201 1253 unum
1237 1198 1389 1251 ducat
1429 1212 1449 1251 :
1498 1195 1623 1251 vide
1668 1205 1849 1250 autem
1892 1207 2070 1248 snnon
2101 1191 2218 1263 ejus

650 1307 864 1363 quoque
896 1292 1107 1359 generis
1132 1293 1222 1353 sit,
1260 1288 1567 1342 lnduaniini
1597 1303 1787 1341 novum
1809 1288 2100 1349 hominem,
2129 1284 2218 1356 qui

650 1392 855 1437 creatus
884 1392 957 1436 est
980 1382 1260 1436 secundum
1287 1378 1451 1433 Deum
1474 1380 1545 1441 ”,
1577 1390 1631 1433 et
1661 1378 1813 1444 illud,
1841 1376 1900 1433 Si
1922 1379 2039 1449 quis
2056 1378 2219 1447 igitur

649 1475 703 1529 in
736 1473 966 1538 Christo,
1000 1488 1128 1527 nova
1168 1471 1469 1537 creatura‘,
1517 1482 1572 1527 et
1596 1484 1933 1541 quacunque
1968 1470 2217 1537 hujusce-

650 1568 793 1622 modi
835 1566 1057 1634 reperiri
1089 1571 1330 1632 possunt,
1359 1564 1427 1617 ab
1454 1563 1520 1617 iis
1545 1563 1637 1633 qui
1662 1564 1940 1617 excutient
1968 1562 2217 1632 Scriptu-

647 1674 739 1714 ras
769 1668 1002 1713 sanctas.
1029 1654 1103 1711 Ne
1132 1656 1343 1709 mireris
1368 1655 1533 1724 igitur
1558 1655 1605 1709 si
1637 1654 2003 1724 metaphorice
2033 1653 2086 1706 in
2126 1651 2217 1706 illo

648 1766 827 1821 passu,
857 1750 1111 1805 Dominus
1135 1747 1369 1801 condidit
1402 1763 1481 1802 me
1502 1746 1818 1815 principium
1852 1748 2054 1799 viarum
2086 1760 2215 1797 sua-

2312 552 2571 623 πνεῦμα.
2604 553 2705 608 καὶ
2728 554 3119 625 ἀναγγέλλων
3144 558 3231 624 είς
3256 557 3620 628 ἀνθρώπους
3653 560 3763 614 τὸν
3779 561 3909 629 Χρι-

2313 648 2678 703 στὸναὺτοῦ·
2702 648 2797 703 τοῦ
2816 650 2939 721 μὲν.
2957 648 3184 711 κτίζων,
3202 650 3328 707 ἀντὶ
3337 650 3455 714 τοῦ,
3475 652 3904 723 καταπέμπων,

2312 740 2346 811 ἢ
2374 738 2787 807 κατατάσσων,
2814 741 3125 813 εἰρημένουο
3145 741 3243 813 τῆς
3266 742 3324 795 δὲ
3348 744 3621 814 βροντῆς
3639 744 3763 798 καθ’
3788 744 3906 799 ιτε-

2316 846 2407 901 ρον
2431 831 2630 902 τρόπον
2653 830 2715 883 τὸ
2740 830 3091 901 εὐαγγελικδν
3119 831 3381 902 κήρυγμα
3403 833 3697 905 δηλούσης.
3728 836 3840 889 Καὶ
3876 838 3904 889 6

2313 920 2484 990 λέγων
2497 922 2577 985 δὲ,
2596 922 2865 991 Καρδίαν
3177 925 3390 977 κτίσον
3407 924 3477 978 ἐν
3498 927 3652 995 ἐμοὶ,
3678 931 3713 982 ό
3732 929 3900 995 Θεὸς.

2313 1015 2411 1086 οὐχ
2437 1014 2512 1079 ὡς
2548 1015 2622 1086 μὴ
2672 1015 2812 1087 ἔχων
2858 1016 3083 1089 καρδίαν
3120 1016 3267 1073 τοῦτ’
3295 1018 3499 1087 ἔλεγεν,
3547 1020 3801 1095 καθαρὰν
3845 1022 3903 1078 ἃ

2313 1102 2477 1158 αὑτοῦ
2526 1104 2624 1175 τὴν
2682 1104 2928 1161 διάνοιαν
2976 1107 3403 1179 ἀποτελεσθῆναι
3453 1108 3677 1181 ηὔχετο.
3713 1113 3903 1181 Οὕτως

2314 1196 2525 1268 εἴρηται
2545 1197 2626 1260 τὸ,
2646 1198 2780 1252 Ἵνα
2816 1198 2958 1265 τοὺς
2984 1198 3093 1254 δύο
3121 1202 3298 1270 κτίσῃ
3322 1204 3409 1268 είς
3430 1201 3540 1256 ἕνα
3568 1205 3903 1261 καινὸνᾶν-

2314 1292 2567 1355 θρωπον,
2601 1289 2723 1342 ἀντὶ
2744 1288 2861 1353 τοῦ,
2888 1292 3202 1362 συναγάγῃ
3227 1309 3241 1322 ·
3277 1294 3377 1365 ὅρα
3416 1296 3627 1365 μήποτε
3657 1297 3904 1353 τοιοῦτον

2315 1382 2429 1447 ἐστι
2466 1380 2561 1433 καὶ
2623 1380 2704 1443 τὸ,
2763 1381 3132 1438 Ἐνδύσασθε
3164 1385 3271 1438 τὸν
3314 1388 3524 1441 καινὸν
3548 1388 3900 1458 ἄνθρωπον,

2313 1472 2419 1524 τὸν
2448 1471 2597 1527 κατὰ
2624 1472 2776 1533 θεὸν
2820 1474 3146 1529 κτισθέντα
3168 1492 3183 1506 ’
3222 1476 3317 1531 καὶ
3356 1479 3438 1541 τὸ,
3470 1479 3545 1533 El
3558 1496 3649 1546 τις
3688 1480 3805 1535 οὖν
3833 1481 3905 1534 ἐν

2314 1559 2563 1630 Χριστῷ,
2610 1563 2787 1631 καινὴ
2826 1565 3044 1629 κτίσις.
3088 1565 3181 1619 καὶ
3211 1566 3311 1620 ὅσα
3350 1568 3483 1623 ἄλλα
3521 1570 3670 1642 εὖροι
3722 1574 3791 1627 ἄν
3817 1590 3904 1637 τις

2313 1653 2694 1724 τοιουτότροπα
2713 1655 2813 1725 τὴν
2842 1654 3198 1712 θεόπνευστον
3220 1658 3259 1711 Γ
3262 1661 3439 1733 ραφὴν
3452 1661 3901 1735 διερευνώμενος·

2319 1742 2391 1813 μὴ
2419 1743 2708 1817 θαυμάσῃς
2736 1741 2849 1811 οὖν,
2874 1749 2922 1799 εί
2946 1750 3328 1822 μεταφορικῶς
3344 1753 3436 1805 καὶ
3470 1755 3525 1805 ὲν
3552 1754 3652 1823 τῷ,
3680 1756 3905 1823 Κύριος

648 1844 786 1896 rum'
806 1880 822 1907 ,
854 1844 1085 1897 condidit
1132 1855 1235 1895 vox
1276 1840 1443 1909 posita
1472 1838 1541 1891 sit
1573 1852 1668 1906 pro
1698 1836 1968 1890 constituit
2006 1834 2089 1887 vol
2119 1851 2201 1886 or-

2313 1835 2510 1888 έκτισέ
2532 1852 2609 1904 με
2624 1836 2821 1905 ἀρχὴν
2846 1836 3002 1893 ὁδῶν
3029 1842 3239 1905 αὐτοῦ,
3257 1842 3337 1902 τὸ.
3355 1822 3614 1910 ἔκτισεν,
3650 1822 3778 1901 ἀντι
3805 1845 3899 1901 τοῦ

646 1930 845 1985 dinaoit
892 1931 959 1985 ad
1004 1930 1321 2001 principium
1366 1928 1630 1991 dandum,
1680 1925 1761 1979 vel
1808 1924 2204 1993 imperandum.

2310 1922 2755 1995 κατέστησεν-,ἢ
2782 1928 3128 1993 κατέταξεν,
3144 1934 3223 1995 εἰς
3239 1933 3495 2005 τδᾶρχειν
3519 1934 3762 2007 εἴρηται,
3777 1939 3901 1992 ἐπεὶ

646 2022 1087 2091 Quandoquidem
1122 2037 1243 2075 cum
1288 2021 1343 2075 in
1388 2018 1681 2086 Evangelia
1712 2019 1973 2071 dicatura
2008 2016 2209 2070 Serva-

2313 2017 2404 2069 καὶ
2430 2018 2486 2069 ὲν
2516 2017 2866 2086 Εὐαγγελίοις
2894 2019 3189 2093 λεγομένου
3216 2025 3321 2079 ὑπὸ
3346 2024 3438 2079 τοῦ
3743 2029 3900 2101 ἡμῶν

648 2126 762 2170 tore
788 2125 991 2177 nostro,
1024 2112 1287 2181 Conﬁteor
1315 2111 1429 2177 tibi,
1457 2108 1637 2174 Pater,
1662 2108 1880 2163 Domine
1909 2110 2026 2161 caeli
2054 2118 2209 2175 atque

2313 2107 2391 2170 τὸ,
2409 2107 2927 2181 Ἐξομολογοῦμαί
2942 2127 3065 2177 σοι,
3089 2114 3305 2185 Πάτερ,
3325 2118 3502 2185 Κύριε
3516 2117 3622 2173 τοῦ
3637 2120 3900 2188 οὐρανοῦ

646 2218 819 2270 terra,
846 2206 1093 2276 quoniam
1120 2202 1433 2258 abscondisti
1464 2201 1565 2253 ista
1590 2217 1623 2252 a
1651 2200 1967 2268 sapientibus
1999 2207 2048 2250 et
2082 2213 2209 2263 pru-

2313 2198 2547 2269 καὶτῆς
2576 2200 2710 2270 γῆς,
2745 2201 2835 2256 ὅτι
2881 2196 3241 2273 ἀπέκρυψας
3282 2206 3471 2261 ταῦτα
3520 2209 3641 2263 ἀπὸ
3685 2208 3901 2280 σοφῶν

644 2300 900 2381 dentibus,
926 2307 975 2350 ιι
1012 2296 1248 2351 reuelasti
1270 2312 1331 2349 ea
1355 2292 1588 2363 parvulis
1608 2292 1655 2357 ⁸,
1709 2308 1813 2347 non
1848 2294 1935 2346 hic
1963 2299 2209 2361 peccato-

2313 2291 2411 2343 καὶ
2440 2291 2731 2358 συνετῶν,
2783 2294 2881 2349 καί
2914 2295 3319 2381 ἀπεκάλυψας
3344 2297 3497 2353 αὐτὰ
3525 2301 3789 2369 νηπίοις,
3836 2303 3898 2356 οὐ

646 2377 763 2443 rum
798 2388 1188 2445 confessionem
1214 2384 1347 2449 vult,
1369 2383 1818 2455 quemadmodum
1852 2387 1911 2445 at
1938 2381 2095 2443 alibi,
2121 2382 2209 2436 ubi

2313 2382 2408 2452 τὴν
2442 2381 2549 2450 (64ρ
2577 2384 2992 2456 ἁμαρτημάτων
3024 2377 3334 2459 ὁμολογίαν,
3364 2391 3498 2444 καθὸ
3544 2391 3798 2448 λέλεκται
3840 2394 3898 2448 δν

643 2480 871 2547 dicitur,
892 2478 1223 2547 Conﬁtemini
1256 2478 1322 2530 ad
1356 2478 1576 2531 invicem
1612 2484 1825 2543 peccata
1854 2486 2021 2529 vestra
2041 2473 2081 2538 ⁸,
2116 2474 2209 2528 sed

2313 2474 3038 2549 ἑτέροις,Ἐξομολοτεῖσθε
3078 2480 3373 2548 ἀλλήλοις
3418 2485 3527 2549 τὰς
3580 2485 3895 2554 ἁμαρτίας.

644 2570 939 2642 gratiarum
973 2570 1261 2633 actionem,
1302 2577 1527 2637 propter
1561 2565 1838 2636 parvulos,
1869 2565 2024 2634 quasi
2060 2565 2209 2619 dice-

2313 2567 2490 2637 φαμὲν
2517 2566 2621 2621 ὑπὸ
2652 2568 2745 2622 τοῦ
2768 2570 3019 2644 Σωτῆρος
3038 2573 3348 2644 δηλοῦσθαι,
3375 2575 3514 2630 ἀλλὰ
3541 2576 3639 2649 τὴν
3668 2580 3762 2631 ἐπὶ
3786 2582 3897 2644 τοῖς

644 2672 746 2729 ret,
770 2660 983 2717 Gratias
1007 2676 1103 2729 ago
1129 2660 1245 2724 tibi,
1273 2658 1453 2724 Pater,
1472 2658 1694 2712 Domine
1719 2656 1832 2709 coeli
1859 2666 2013 2726 atque
2034 2667 2204 2710 terrae.

2313 2660 2524 2729 νηπίοις
2555 2662 2931 2732 εὐχαριστίαν,
2962 2665 3085 2718 ἀντὶ⁸
3107 2666 3224 2730 τοῦ,
3258 2668 3610 2737 Εὐχαριστῶ
3638 2687 3759 2734 σοι,
3780 2671 3899 2725 Πό-

640 2755 721 2809 Ad
762 2756 905 2810 hunc
958 2754 1171 2808 modum
1218 2751 1587 2821 metaphorice
1636 2757 1893 2819 usurpata
1948 2759 2205 2802 sexcenta

2313 2767 2427 2819 τερ,
2451 2752 2625 2820 Κύριε
2655 2753 2761 2807 τοῦ
2785 2755 3047 2823 οὐρανοῦ
3071 2757 3168 2810 καὶ
3194 2757 3303 2825 τῆς
3323 2758 3459 2827 γῆς,
3485 2759 3577 2813 τοῦ
3607 2759 3896 2831 ἐξομολο-

643 2845 767 2901 alibi
826 2843 1224 2913 Scripturarum
1277 2842 1533 2906 inveniet,
1588 2840 1679 2908 qui
1738 2854 1831 2909 per
1886 2839 2054 2892 otium
2113 2853 2207 2891 eas

2313 2846 2541 2911 τεῖσθαι
2584 2843 2938 2915 λελεγμένου.
2995 2848 3182 2919 Μυρία
3227 2848 3271 2900 δ’
3299 2849 3364 2902 ἀν
3414 2866 3497 2911 τις
3547 2848 3697 2921 εὖροι
3734 2850 3894 2922 σχολῇ

641 2936 851 2991 evolvet
882 2953 897 2989 :
931 2934 1035 2989 alia
1066 2935 1231 2987 etiam
1273 2931 1619 3000 multiplicem
1651 2930 1903 2985 habentia
1930 2927 2207 2998 signiﬁca-

643 3026 864 3090 tionem,
891 3025 991 3079 alia
1030 3028 1257 3080 univocc
1298 3026 1363 3077 de
1405 3024 1635 3078 diversis
1673 3022 1830 3075 rebus
1874 3021 2204 3089 praedicata:

2310 2932 2555 3005 ζητήσας
2579 2934 2656 3004 τῷ
2681 2937 2822 2990 κατὰ
2855 2938 3169 3008 μεταφορὰν
3184 2940 3370 3010 τρόπῳ
3384 2938 3452 2991 δι’
3473 2940 3599 3009 ὅλης
3616 2941 3716 3011 τῆς
3743 2941 3896 3005 θείας

2311 3025 2535 3094 Γραφῆς
2562 3028 2847 3098 εἰρημένα,
2905 3030 2998 3082 καὶ
3047 3029 3183 3083 ἄλλα
3218 3029 3531 3101 πολύσημον
3578 3031 3771 3101 ἔχοντα
3798 3032 3897 3105 τὴν

642 3118 708 3172 de
742 3119 939 3187 quibus
987 3116 1205 3189 longum
1262 3125 1406 3170 esset
1457 3129 1558 3167 nec
1610 3116 1895 3182 praesentis
1946 3113 2207 3180 temporis

2313 3116 2567 3171 διάνοιαν.
2595 3119 2703 3171 Καὶ
2740 3119 3029 3190 ὁμονύμως
3052 3121 3219 3193 ἕτερα
3256 3123 3527 3194 διαφόρων
3555 3124 3895 3195 πραγμάτων

642 3208 928 3264 disserere.
965 3207 1037 3261 Ita
1066 3219 1120 3261 et
1154 3207 1256 3260 hoc
1284 3206 1336 3259 in
1367 3205 1487 3261 loco
1518 3204 1668 3270 illud,
1702 3205 1948 3257 Dominus
1974 3204 2205 3256 condidit

643 3315 725 3353 nte
756 3299 1068 3368 principium
1096 3298 1299 3351 uiarum
1337 3312 1550 3349 suarum
1569 3294 1635 3346 ad
1666 3310 1821 3363 opera
1854 3310 1973 3359 sua,
2003 3295 2206 3348 dictum

642 3401 727 3449 est
748 3406 864 3461 pro,
897 3389 1152 3443 Dominus
1196 3387 1457 3441 constituit
1494 3402 1573 3439 me
1600 3386 1947 3454 principatum
1979 3385 2208 3439 obtinere

642 3496 797 3548 super
826 3496 980 3548 opem
1007 3495 1124 3533 sua.
1152 3479 1323 3547 Atque
1351 3478 1472 3531 ideo
1503 3491 1606 3531 non
1638 3474 1834 3528 dicitur
1865 3472 2204 3541 simpliciter,

640 3571 869 3625 condidit
896 3586 1007 3636 me,
1035 3570 1129 3623 sed
1154 3585 1273 3623 cum
1302 3567 1628 3635 adiectione,
1660 3566 1974 3633 principium
2006 3566 2207 3617 viarum

641 3677 858 3715 suarum
898 3662 967 3713 ad
1005 3676 1163 3729 opera
1194 3676 1313 3714 sua.
1350 3656 1502 3724 Quod
1535 3656 1783 3726 inprimis
1830 3656 2068 3709 declarat
2104 3670 2206 3710 vox

643 3751 926 3808 Hebraica.
957 3750 1014 3805 Si
1047 3752 1167 3821 quis
1193 3750 1355 3819 igitur
1382 3747 1667 3818 genuinum
1697 3763 1914 3802 sensum
1947 3750 2205 3803 sacratis.

642 3847 793 3900 simae
831 3845 1119 3911 Scriptum
1165 3844 1489 3912 investigare
1535 3842 1715 3904 vellet,
1751 3842 1987 3895 inveniet
2017 3840 2207 3894 lectio—

643 3951 765 3991 nem
800 3934 1115 3989 Hebraicatn
1148 3949 1253 3989 non
1291 3936 1489 3990 habere
1511 3972 1528 4000 ,
1575 3933 1811 3987 condidit
1840 3950 1942 3996 me,
1977 3948 2079 4002 qua
2112 3948 2206 3987 ne-

642 4041 748 4096 que
770 4026 1097 4095 reliquorum
1122 4027 1474 4097 interpretum
1506 4025 1700 4094 aliquis
1728 4040 1859 4080 usus
1884 4034 1984 4079 est.
2015 4026 2203 4094 Aquila

644 4119 791 4189 legit,
824 4117 1077 4172 Dominus
1109 4118 1336 4187 possedit
1369 4132 1468 4181 me,
1514 4126 1670 4183 caput
1708 4116 1909 4169 viarum
1958 4132 2197 4169 suarum.

646 4208 1024 4277 Symmachus,
1054 4209 1307 4262 Dominus
1346 4207 1573 4276 possedit
1617 4223 1698 4261 me
1743 4207 1953 4260 initium
2004 4208 2205 4259 viarum

643 4318 881 4355 suarum.
912 4299 1002 4356 Sic
1026 4311 1081 4355 et
1106 4300 1419 4359 Theodotio.
1449 4298 1705 4352 Dominus
1735 4298 1970 4365 possedit
2002 4315 2080 4350 me
2104 4295 2205 4348 ini-

644 4396 773 4446 tium
805 4397 898 4445 via:
930 4409 1061 4447 sum.
1102 4393 1167 4447 Et
1210 4407 1317 4446 non
1352 4393 1605 4446 abhorret
1629 4408 1659 4445 a
1694 4392 1905 4446 ratione
1942 4392 2208 4458 interpre-

2312 3208 2782 3280 κατηγορούμενα,
2813 3210 2943 3283 περὶ
2978 3204 3054 3265 ὧν
3084 3214 3295 3286 μακρὸν
3323 3215 3389 3268 ἂν
3419 3214 3527 3285 εἴη,
3562 3217 3659 3269 καὶ
3692 3218 3753 3271 οὐ
3799 3218 3898 3270 τοῦ

2314 3301 2573 3371 παρόντος
2597 3302 2789 3372 καιροῦ
2814 3302 3085 3369 διεξιέναι.
3102 3305 3287 3369 Οὕτως
3308 3301 3399 3360 οὖν
3426 3308 3521 3359 καὶ
3545 3307 3784 3361 ἐνταῦθα
3812 3309 3892 3370 τὸ,

2311 3391 2524 3459 Κύριος
2546 3390 2654 3461 (65)
2680 3394 2883 3447 ἕκτισέ
2924 3412 3000 3465 με
3038 3396 3239 3466 ἀρχὴν
3262 3397 3415 3452 ὁδῶν
3437 3401 3625 3454 αὑτοῦ
3646 3404 3735 3467 είς
3749 3402 3891 3472 ἔργα

2312 3481 2517 3546 αὐτοῦ,
2552 3481 2671 3534 ἀντὶ
2708 3482 2826 3549 τοῦ,
2866 3483 3165 3552 Κατέταξέ
3192 3505 3270 3558 με
3302 3492 3392 3555 εις
3428 3491 3495 3543 τὸ
3525 3490 3735 3559 ἄρχειν
3774 3493 3891 3546 τῶν

2311 3570 2498 3641 ἔργων
2526 3573 2732 3639 αὐτοῦ,
2766 3574 3033 3630 λέλεκται.
3081 3579 3172 3632 Διὸ
3224 3581 3320 3651 οὐχ
3370 3582 3555 3645 ἁπλῶς
3587 3583 3791 3638 ἐκτισέ
3817 3602 3891 3651 με

2312 3665 2545 3735 εἴρηται,
2575 3666 2708 3718 ἀλλὰ
2738 3669 2874 3738 μετὰ
2891 3669 3206 3742 προσθήκης
3237 3673 3344 3743 (θϐ)
3368 3674 3491 3743 τῆς,
3518 3675 3719 3744 ἀρχὴν
3738 3678 3891 3732 ὁδῶν

2312 3762 2499 3816 αὐτοῦ
2526 3764 2605 3825 εις
2638 3761 3002 3830 ἑργααὺτοῦ.
3038 3763 3207 3818 Τοῦτο
3228 3765 3285 3819 δὲ
3309 3768 3541 3837 μάλιστα
3570 3770 3888 3842 παρίστησιν

2311 3854 2344 3922 ἡ
2381 3850 2638 3922 Ἐὀραῖκὴ
2690 3850 2853 3915 λέξις.
2906 3852 2968 3904 Ei
2999 3852 3129 3919 γοῦν
3187 3872 3270 3919 τις
3323 3857 3753 3929 ὲξακριϐώσαιτο
3803 3863 3888 3915 τὸν

2315 3942 2490 4013 ἀληθῆ
2514 3942 2634 3997 νοῦν
2684 3944 2783 4014 τῆς
2828 3943 3183 3998 θεοπνεύστου
3214 3947 3453 4018 Γραφῆς,
3498 3949 3649 4021 εὖροι
3696 3952 3762 4006 ἂν
3795 3954 3885 4025 τὴν

2325 4033 2613 4106 Ἕὸραῐκὴν
2636 4036 2938 4104 ἀνάγνωσιν
2968 4038 3028 4090 οὑ
3059 4040 3419 4110 περιέχουσαν
3444 4042 3523 4104 τὸ,
3550 4042 3755 4099 ἐκτισέ
3773 4062 3849 4115 με
3869 4062 3884 4077 ’

2312 4127 2500 4198 διόπέρ
2517 4128 2635 4181 οὐδὲ
2666 4130 2774 4181 τὼν
2801 4128 3003 4184 λοιπῶν
3025 4132 3373 4202 έρμηνευτῶν
3393 4135 3565 4207 ταύτῃ
3589 4153 3674 4199 τις
3702 4139 3887 4209 κέχρη-

2313 4235 2402 4270 ται
2436 4221 2501 4289 τῇ
2530 4218 2687 4284 λέξει.
2712 4221 2918 4274 Λύτίκα
2939 4222 2985 4274 δ’
3004 4218 3095 4275 οὖν
3122 4224 3149 4274 ὁ
3170 4224 3265 4292 μὲν
3282 4223 3528 4291 Ἀκύλας,
3552 4230 3767 4297 Κύριος
3794 4232 3886 4285 ἐκ·

2314 4307 2542 4374 τήσατό
2560 4307 2669 4381 (67)
2676 4326 2751 4377 με
2769 4310 3100 4379 κεφάλαιον
3124 4312 3239 4366 τῶν
3256 4313 3410 4368 ὁδῶν
3422 4318 3628 4382 αὑτοῦ,
3649 4322 3701 4372 εἴ
3702 4338 3880 4390 91',st-

2314 4398 2343 4449 ὁ
2381 4398 2437 4449 δὲ
2467 4398 2760 4470 Σύμμαχος
2788 4441 2801 4465 ,
2834 4402 3049 4470 Κύριος
3074 4403 3375 4470 ἐκτήσατό
3398 4423 3473 4475 με
3500 4408 3699 4477 ἀρχὴν
3737 4411 3885 4464 ὁδῶν

646 4487 798 4541 talio.
842 4486 971 4539 Erat
1008 4487 1150 4539 enim
1186 4485 1273 4538 ille
1302 4500 1460 4554 quem
1510 4486 1693 4555 genuit
1746 4484 1907 4539 Pater
1947 4481 2207 4551 Unigeni-

2316 4489 2516 4542 αὑτοῦ·
2545 4492 2573 4543 ὁ
2596 4490 2653 4543 δὲ
2684 4490 2995 4555 Θεοδοτίων,
3028 4494 3245 4562 Κύριος
3272 4494 3570 4563 ὲκτήσατό
3588 4517 3665 4568 με
3694 4501 3885 4569 ἀρχὴν

645 4588 778 4644 tum,
814 4589 979 4648 caput
1019 4587 1496 4646 progeneratorum
1531 4576 1793 4642 omnium,
1837 4576 2124 4630 visibilium
2157 4583 2209 4627 et

2315 4579 2457 4633 ὀδοῦ
2480 4581 2682 4635 αὐτοῦ’
2716 4584 2810 4635 καὶ
2833 4584 2943 4653 ἔχοι
2974 4584 3024 4653 γ’
3051 4583 3117 4638 ἂν
3139 4585 3295 4656 λόγον
3316 4589 3349 4658 ἡ
3379 4589 3660 4659 ἑρμηνεία.
3685 4592 3758 4644 Τὸ
3784 4593 3883 4664 γὰρ

644 4670 988 4727 invisibilium
1026 4688 1037 4723 :
1073 4670 1212 4738 quod
1244 4671 1309 4721 ad
1336 4678 1578 4721 exortum
1606 4667 1871 4721 attinebat
1905 4678 1957 4720 et
1980 4666 2207 4720 salutem

644 4778 852 4817 eorum.
876 4762 972 4818 Ubi
996 4762 1135 4817 enim
1158 4777 1279 4816 eum
1304 4759 1505 4830 genuit,
1528 4760 1598 4813 ita
1620 4759 1807 4815 statuit
1828 4774 1948 4811 eum
1972 4756 2210 4810 omnium

647 4853 1013 4917 Servatorem,
1051 4854 1411 4925 reeapitulaus
1444 4852 1498 4905 in
1529 4866 1592 4905 eo
1632 4859 1687 4905 et
1730 4867 1827 4919 per
1856 4867 1979 4903 eum
2016 4848 2213 4903 consti—

644 4946 905 5001 tutionem
964 4946 1222 5012 universi,
1269 4958 1326 4998 ut
1373 4944 1587 4999 edocuit
1628 4943 1841 4996 divinus
1894 4940 2209 5010 Apostolus,

648 5019 917 5107 inquiens,
946 5035 1014 5091 Ut
1042 5038 1356 5107 recolligeret
1383 5037 1560 5089 omnia
1597 5036 1650 5087 in
1678 5033 1909 5098 Christo,
1936 5049 2053 5100 qua:
2087 5042 2206 5084 sunt

646 5130 700 5183 in
724 5132 884 5196 caelis,
914 5144 962 5184 et
988 5147 1122 5201 ,qua’
1157 5140 1276 5184 sunt
1321 5146 1478 5199 super
1527 5130 1778 5182 terram“.
1818 5128 1963 5179 Adeo
2005 5135 2061 5175 ut
2103 5138 2207 5177 non

650 5224 804 5278 modo
843 5226 1023 5279 omnia
1056 5239 1149 5293 per
1186 5225 1359 5294 ipsum
1394 5222 1756 5288 substiterint,
1791 5237 1818 5272 a
1858 5235 1962 5272 non
1995 5230 2114 5271 esse
2143 5216 2208 5267 ad

722 5392 780 5449 vlt
818 5385 915 5441 Ed.
947 5384 1145 5456 Paris.,
1175 5401 1296 5456 pag.
1329 5386 1448 5440 152.
1486 5386 1560 5456 _"
1594 5382 1815 5456 Psaltt,
1846 5379 1944 5456 (ἑὲ
1990 5378 2055 5456 ’⁸⁸
2089 5376 2209 5449 Eph.

2316 5392 2373 5440 ll,
2408 5378 2492 5431 15.
2574 5380 2619 5410 ὀ
2652 5380 2847 5450 liphcs.
2877 5398 2947 5445 tv,
2979 5383 3069 5438 ει.

1432 5458 1453 5486 ⁸
1477 5454 1594 5509 Jac.
1622 5469 1674 5519 γ,
1703 5452 1787 5507 t6.
1862 5452 1883 5481 ⁸
1908 5449 2113 5503 Coloss.
2146 5448 2187 5510 ⁷1,
2226 5448 2315 5501 20.

650 5468 766 5523 vm,
796 5456 886 5510 2‘2.
966 5455 1139 5511 'Luc.
1180 5455 1353 5522 τίει.

724 5590 832 5660 (64)
872 5588 1035 5660 Vulgo
1059 5590 1167 5660 τῶν
1195 5591 1622 5660 ἁμαρτημάτων.

868 5659 1037 5731 Ϊυίεο
1068 5659 1278 5731 ἔκτισεν
1308 5662 1427 5729 ὲμέ.

722 5719 832 5867 (ϐθζ
868 5719 1035 5797 Vulgo
1064 5719 1396 5851 προσθήκης,
1423 5731 1522 5781 τίειν

724 5799 809 5867 (67
854 5799 1066 5867 Κύριος
1126 5762 1522 5867 κτησαίμΑίίΙ

724 5762 832 5871 ἱξῆ
854 5762 1405 5867 ιξιῗρῗέέῖιῖἷῆἓῖὶὲῖἶ
1424 5762 1589 5855 Ᾰῖίῖὶτ
1611 5799 1663 5855 in
1684 5798 1908 5871 vulgatis
1928 5797 2069 5853 Lxx
2094 5798 2208 5853 edi-

2316 4670 2605 4739 κεφάλαιον
2639 4674 2737 4745 τῆς
2784 4674 2891 4727 τῶν
2915 4674 3189 4746 γεννητῶν
3243 4678 3496 4731 ἁπάντων
3520 4681 3809 4751 ὁρωμένων
3828 4699 3882 4734 τε

2314 4762 2406 4812 καὶ
2443 4761 2660 4829 ἀφανῶν
2711 4763 3019 4827 συστάσεως
3052 4781 3111 4817 τε
3145 4766 3238 4818 καὶ
3301 4767 3573 4839 σωτηρίας
3605 4771 3768 4834 αὐτὸς
3799 4768 3882 4843 ἦν,

2314 4851 2370 4902 ὃν
2400 4853 2589 4919 ἐγέννα
2609 4854 2706 4923 μὲν
2739 4854 2971 4925 ὀΠατὴρ
3008 4856 3133 4909 Υἱὸν
3160 4859 3421 4929 μονογενῆ
3441 4876 3454 4888 ·
3500 4863 3768 4932 γεννήσας
3800 4864 3881 4928 δὲ,

2317 4945 2606 4997 κατέταττε
2637 4946 2865 5016 Σωτῆρα
2894 4947 3002 5000 τῶν
3048 4948 3205 5012 ὅλων,
3241 4951 3803 5023 ἁνακεςραλαιούμενος
3830 4958 3883 5008 ὲν

2314 5034 2458 5103 αὐτῷ
2491 5035 2585 5088 καὶ
2613 5036 2680 5087 δι’
2709 5035 2874 5087 αὐτοῦ
2907 5036 3003 5107 τὴν
3030 5037 3273 5103 διάταξιν
3299 5038 3389 5093 τοῦ
3422 5042 3645 5105 παντὸς,
3687 5045 3761 5107 ὡς
3789 5044 3885 5098 ἐδί-

2314 5126 2468 5191 δαξεν
2497 5130 2523 5179 ὀ
2540 5128 2678 5192 θεῖος
2695 5129 2750 5181 Ἀ
2759 5129 3013 5192 πόστολος
3030 5130 3215 5182 είπὼν·
3238 5132 3881 5202 Ἀνακεφαλαυώσασθαι

2317 5219 2510 5271 πάντα
2556 5220 2625 5273 ἐν
2662 5220 2739 5287 τῷ
2778 5220 3033 5292 Χριστῷ,
3069 5222 3141 5275 τὰ
3180 5222 3279 5274 ἐπὶ
3318 5223 3439 5290 τοῖς
3468 5228 3765 5295 οὐρανοῖς,
3794 5231 3881 5283 καί

3165 5387 3177 5415 ι
3206 5385 3241 5438 ιι
3284 5386 3407 5440 Cor.
3435 5401 3486 5449 v,
3516 5386 3603 5442 l7.
3685 5391 3706 5420 ¹
3732 5390 3878 5446 Prov.

2319 5588 2573 5660 tionibus,
2625 5591 2844 5657 Aquila,
2897 5590 3280 5660 Symmachus.
3312 5600 3366 5643 et
3397 5589 3763 5659 Theodotion,
3794 5596 3883 5650 ists

2316 5659 2515 5797 ἱυερὲζ.
2544 5660 2696 5716 M.—-
2718 5659 2982 5716 Cat-terum
3016 5660 3086 5715 cf.
3117 5659 3272 5715 lluet.
3296 5664 3361 5715 ad
3382 5662 3602 5732 Origen.
3646 5674 3774 5719 tom.
3806 5665 3884 5733 ill,
