4106 6406
710 382 813 446 979

1368 371 1639 434 EUSEBII
1676 365 2150 430 CAESARIENSlS
2184 366 2334 425 OPP.
2374 362 2557 422 PARS
2595 359 2682 420 IV.
2723 394 2791 405 —
2831 359 3255 420 DOGMATICA.

3847 354 3944 411 930

712 504 1104 579 possessionem
1131 540 1146 564 ,
1194 510 1250 553 et
1298 496 1678 566 proprietatem
1710 491 2037 562 peculiarem
2095 486 2263 556 possi-

2370 481 2771 553 παραλὲλεκται
2835 481 2964 552 παρ’
3004 476 3298 549 Ἑϐραίοις.
3352 476 3497 545 ὅπερ
3550 470 3614 526 ού
3653 472 3827 524 κεῖται
3854 470 3940 521 ἐπὶ

2408 578 2428 579 η
2780 573 2789 579 .
3096 570 3122 579 -
3238 568 3304 579 ...
3355 569 3368 579 .
3542 565 3585 579 -.
3636 564 3657 578 ..
3790 560 3804 579 ι
3844 578 3855 579 ,
3892 577 3935 579 ί,

711 599 908 655 dentis.
938 593 1189 661 luquiens
1216 590 1336 645 ideo
1366 588 1461 644 Dei
1491 585 1695 653 Filius,
1735 584 1988 637 Dominus
2036 580 2266 659 condidit

713 708 796 745 me
823 686 1133 758 principium
1162 683 1369 737 siarunt
1398 694 1620 733 suarum
1652 677 1721 731 ad
1753 690 1910 743 opera
1948 690 2077 739 sua,
2108 673 2269 728 simul

713 790 769 835 et
795 780 913 849 ejus
940 776 1145 831 indicat
1179 770 1671 843 praeessistentiam
1693 805 1709 832 ,
1756 775 1813 822 et
1850 765 2172 837 peculiarem
2201 765 2270 819 ad

708 873 929 931 Patrem
976 868 1399 941 proprietatem;
1445 876 1649 919 necnon
1697 858 1983 912 utilitatem
2014 861 2073 919 rIs
2102 856 2267 926 quam

709 969 935 1031 paterna
974 959 1091 1027 ejus
1136 970 1298 1027 opera
1331 996 1345 1020 ,
1398 954 1464 1009 de
1512 951 1655 1007 illius
1699 948 2167 1003 administratione
2214 954 2271 1001 et

710 1052 1051 1123 providentis
1079 1058 1397 1121 perceptura
1430 1054 1586 1101 erant
1626 1062 1642 1099 :
1682 1044 1805 1099 inde
1832 1052 1884 1097 et
1920 1038 2102 1106 Infert,
2135 1037 2268 1092 Ante

2366 578 2466 645 τῆς
2526 573 2894 646 προκειμένης
2943 570 3180 643 γραφῆς.
3238 568 3475 638 Πλείοτη
3537 565 3585 618 δ’
3631 564 3697 617 ἃν
3743 560 3945 631 γένοιτο

2366 667 2482 734 τοῦ,
2513 667 2736 729 ἔκτισε,
2760 665 2853 719 καὶ
2883 662 3003 726 τοῦ,
3033 659 3351 727 ἐκτήσατο,
3381 655 3616 729 διαφορὰ
3637 654 3717 725 τῷ
3729 652 3827 723 τὴν
3848 652 3943 722 μὲν

2367 760 2542 816 κτίσιν
2562 758 2703 814 κατὰ
2726 759 2823 829 τὴν
2855 756 3167 826 κοινοτέραν
3189 753 3452 819 διάνοιαν,
3480 750 3581 822 τὴν
3607 750 3672 801 ὲκ
3715 746 3811 801 τοῦ
3869 743 3943 815 μὴ

2366 854 2516 915 ὄντος
2547 853 2629 915 είς
2658 850 2720 903 τὺ
2740 845 2879 903 εἶναι
2914 846 3145 919 πάροδον
3180 844 3467 917 σημαίνειν
3484 860 3499 873 ·
3526 841 3625 913 τὴν
3648 839 3706 893 δὲ
3730 837 3941 908 κτῆσιν,

2366 944 2460 997 τοῦ
2487 941 2935 1014 προϋπάρχοντος
2980 937 3283 1001 ἰδιάζουσαν
3322 935 3635 1002 οἰκειότητα
3681 931 3819 1001 πρὸς
3853 927 3945 981 τὸν

2365 1034 2659 1105 κτώμενον.
2714 1032 2903 1100 Λέγων
2933 1030 3113 1084 τοίνυν
3144 1032 3172 1082 6
3212 1028 3339 1090 Υἱὸς
3371 1025 3467 1079 τοῦ
3500 1024 3636 1078 Θεοῦ
3689 1022 3773 1083 τὸ,
3824 1020 3946 1074 Κύι-

710 1111 903 1199 εωοκια
934 1111 1299 1212 fundamine.
1334 1137 1401 1193 In
1433 1137 1690 1206 principio
1725 1136 2028 1203 priusquam
2074 1141 2263 1184 terram

2363 1145 2490 1194 ριος
2513 1123 2799 1193 ἑκτισέμε
2822 1122 3022 1193 ἀρχὴν
3048 1120 3204 1177 ὁδῶν
3223 1118 3409 1175 αὑτοῦ
3439 1121 3529 1183 εἰς
3562 1118 3708 1186 ἔργα
3732 1111 3946 1212 αὐτος),

709 1243 898 1310 faceret
921 1278 937 1304 ,
962 1247 1236 1307 antequam
1264 1229 1546 1302 prodierint
1581 1227 1750 1295 fontes
1768 1240 2025 1294 aquarum
2047 1237 2066 1275 :
2094 1220 2267 1289 prius-

708 1347 865 1401 quam
898 1338 1096 1382 montes
1130 1322 1506 1383 stabilirentur,
1552 1327 1675 1371 ante
1698 1331 1873 1370 omnes
1912 1313 2070 1367 colles
2087 1310 2265 1381 genuit

708 1440 791 1476 me
824 1422 891 1475 ¹⁶.
923 1418 1126 1486 Quibus
1147 1412 1374 1483 singulis
1402 1410 1733 1470 declaratur,
1775 1421 1938 1475 quam
1988 1403 2152 1458 fuerit
2181 1402 2267 1457 ille

709 1512 859 1566 utilis
900 1518 955 1566 et
999 1502 1330 1563 necessarius
1376 1516 1555 1556 rerum
1589 1497 1925 1554 universitati
1964 1499 2266 1552 :docetur-

708 1616 814 1667 que
841 1599 980 1671 quod
1002 1601 1206 1659 eterat,
1231 1601 1285 1648 et
1306 1599 1431 1645 ante
1461 1601 1599 1652 erat,
1622 1598 1676 1643 et
1708 1597 1832 1641 ante
1860 1587 2114 1641 mundum
2143 1584 2261 1639 uni-

705 1705 923 1747 versum
950 1687 1308 1753 subsistebat,
1375 1694 1431 1741 et
1455 1683 1616 1739 rebus
1651 1682 1900 1738 omnibus
1923 1679 2265 1751 pmsidebat.

705 1784 840 1838 Cum
890 1781 1031 1837 enim
1067 1779 1120 1834 in
1163 1777 1384 1833 historia
1421 1776 1713 1831 creationis
1734 1772 1910 1829 Muses
1938 1772 2267 1843 super-casio.

2365 1218 2498 1289 ὁμοῦ
2559 1218 2652 1272 καὶ
2716 1217 2815 1287 τὴν
2871 1216 3216 1287 προῦπαρξιν
3255 1210 3419 1266 αὑτοῦ
3467 1208 3654 1281 ἐδήλου
3714 1207 3813 1285 καί
3844 1204 3947 1276 τὴν

2369 1310 2672 1375 ἰδιάζουσαν
2707 1308 2844 1380 πρὸς
2897 1306 2989 1360 τὸν
3022 1305 3240 1377 Πατέρα
3280 1302 3587 1371 οἰκειότητα
3611 1340 3627 1363 ,
3673 1295 3813 1370 ὁμοῦ
3851 1295 3947 1350 καὶ

2364 1382 2426 1454 τὸ
2449 1401 2717 1471 χρήσιμον
2743 1397 2837 1451 καὶ
2863 1397 3155 1465 ἀναγκαῖον
3172 1395 3268 1466 τῆς
3298 1391 3523 1455 οἰκείας,
3549 1388 3679 1471 περί
3718 1385 3790 1440 τὰ
3840 1400 3947 1439 πα-

2366 1493 2515 1565 τρῷα
2548 1491 2705 1564 ἔργα,
2760 1489 3016 1561 προνοίας
3078 1504 3139 1541 τε
3170 1486 3264 1540 καὶ
3303 1486 3636 1556 διοικήσεως.
3690 1478 3786 1534 Διὸ
3815 1476 3946 1547 ιξῆς

2367 1586 2579 1655 ἐπάγει,
2628 1583 2749 1653 Πρὸ
2774 1582 2880 1637 τοῦ
2903 1579 3119 1646 αἰῶνος
3154 1574 3511 1647 ἐθεμελίωσέ
3535 1589 3646 1644 με’
3678 1573 3751 1626 ἐν
3784 1568 3946 1640 ἀρχῆ

2367 1678 2479 1748 πρὸ
2515 1676 2623 1730 τοῦ
2647 1675 2761 1742 τὴν
2793 1671 2906 1743 γῆν
2929 1669 3198 1741 ποιῆσαι,
3219 1668 3332 1738 πρὸ
3356 1666 3460 1722 τοῦ
3486 1664 3806 1737 προελθεῖν
3838 1664 3949 1732 τὰς

2330 1814 2335 1818 .
2370 1770 2563 1841 πηγὰς
2610 1766 2729 1821 τῶν
2779 1765 3016 1821 ὑδάτων
3031 1780 3045 1793 ·
3102 1761 3215 1831 πρὸ
3273 1759 3380 1815 τοῦ
3428 1760 3533 1829 ὅρη
3553 1755 3944 1828 ἑδρασθῆναι,

704 1875 867 1929 stium
897 1883 951 1928 et
998 1872 1344 1929 invisibilium
1401 1877 1722 1940 potestatum
1776 1841 2103 1921 mentionem
2154 1879 2260 1919 non

2365 1858 2611 1932 πρὸσε)
2659 1857 2729 1911 δὲ
2777 1855 3021 1911 πάντων
3061 1852 3307 1920 ,Βουνῶν
3359 1849 3545 1923 γεννᾷ
3576 1866 3684 1920 με’
3743 1847 3819 1903 δι’
3867 1841 3945 1902 ὧν

706 1967 927 2023 fecisset
947 1966 1169 2021 omnino
1192 1964 1352 2018 ullam
1372 2001 1389 2028 ,
1417 1968 1637 2030 propter
1663 1957 1873 2013 illorum
1900 1954 2265 2027 imperfectiu-

704 2072 829 2112 nem
858 2057 948 2126 qui
973 2055 1250 2111 erudiendi
1276 2060 1431 2108 erant
1459 2065 1554 2120 per
1581 2048 1729 2103 illum
1765 2065 1781 2101 :
1809 2059 1867 2103 at
1906 2046 2093 2105 mundi
2121 2045 2264 2100 invi-

705 2148 881 2205 sibilis
904 2148 1304 2219 productionem
1333 2144 1506 2200 obiret
1528 2152 1584 2197 et
1609 2152 1841 2211 quatuor
1868 2141 2263 2197 elementorum

704 2241 926 2297 fecisset
956 2240 1007 2293 in
1036 2237 1299 2308 principio
1329 2234 1658 2290 mentionem
1699 2232 1846 2296 caeli,
1877 2243 2055 2297 terrae,
2085 2229 2265 2302 abyssi

702 2342 761 2389 et
791 2346 964 2402 aqua,
991 2330 1215 2387 istorum
1244 2329 1348 2383 duo
1375 2342 1403 2381 ο
1431 2328 1539 2383 Deo
1569 2336 1748 2383 creata
1782 2326 1917 2379 dixit
1945 2341 1959 2379 :
1990 2338 2115 2379 nam
2156 2324 2265 2387 ait,

701 2427 771 2484 In
791 2418 1043 2497 principio
1060 2421 1250 2477 creauit
1288 2419 1425 2475 Deus
1460 2419 1647 2474 coelum
1667 2429 1713 2473 et
1743 2429 1937 2473 terram
1958 2416 2022 2470 ".
2060 2416 2127 2471 At
2159 2428 2266 2470 non

703 2518 772 2573 ad
815 2517 959 2572 hunc
1000 2516 1216 2569 modum
1266 2513 1335 2568 de
1375 2526 1515 2582 aqua
1554 2520 1610 2567 et
1654 2510 1849 2583 abysso
1886 2510 2094 2565 locutus
2136 2518 2263 2565 est:

701 2606 857 2679 quasi
886 2616 941 2662 et
964 2604 1052 2660 illa
1079 2620 1111 2660 a
1153 2603 1263 2659 Deo
1285 2603 1541 2674 producta
1560 2602 1746 2656 fuisset
1782 2619 1796 2655 :
1826 2601 1921 2655 sed
1944 2600 2264 2670 simpliciter

703 2701 840 2756 dixit
865 2738 884 2763 ,
917 2696 984 2751 Et
1020 2682 1244 2752 tenebrat
1292 2705 1439 2748 erant
1472 2709 1627 2761 super
1657 2692 1899 2763 abyssum
1927 2732 1942 2756 ,
1968 2704 2016 2747 et
2045 2692 2264 2761 spiritus

699 2792 801 2848 Dei
842 2791 1107 2861 ferebatur
1141 2806 1297 2859 super
1329 2806 1497 2860 aquas
1532 2788 1597 2844 ".
1641 2785 1960 2840 Necessario
2000 2797 2096 2853 per
2122 2799 2263 2854 prai-

698 2883 843 2939 dicta
875 2881 1094 2947 docuit,
1128 2890 1185 2934 ut
1210 2890 1265 2935 et
1290 2878 1456 2935 Filius
1498 2878 1590 2933 Dei
1615 2916 1632 2941 ,
1680 2878 1821 2947 quod
1863 2876 2050 2946 genita
2080 2886 2260 2944 erant,

697 2983 757 3030 et
791 2975 935 3046 quod
964 2974 1079 3045 ipse
1095 2984 1221 3028 ante
1249 2973 1339 3028 illa
1370 2972 1551 3027 omnia
1573 2969 1674 3025 fuit
1704 2988 1717 3026 :
1746 2978 1798 3025 et
1824 2984 1918 3040 per
1949 2971 2121 3038 ipsum
2146 2985 2263 3026 oni-

696 3066 791 3121 nia
839 3065 1055 3121 condita
1090 3075 1214 3119 sunt
1242 3082 1258 3119 :
1291 3063 1412 3118 ideo
1455 3062 1569 3125 ait,
1616 3061 1750 3115 Ante
1791 3061 1985 3115 scruta
2026 3060 2262 3131 fundavit

2367 1954 2621 2008 ἁπάντων
2641 1951 2703 2004 τὸ
2734 1949 2794 2015 ἐξ
2821 1947 2989 2002 αὐτοῦ
3028 1945 3302 2009 λυσιτελὲς
3352 1944 3445 1997 καὶ
3479 1944 3779 2012 ἀναγκαῖον
3832 1943 3944 2005 τοις

2366 2046 2529 2099 πᾶσιν
2555 2042 2916 2101 ἐνδείκνυται·
2953 2040 3036 2094 ὅτι
3066 2055 3126 2091 τε
3165 2033 3256 2109 ἦν,
3287 2038 3383 2091 καὶ
3433 2035 3646 2109 προῆν,
3706 2036 3805 2089 καὶ
3847 2033 3942 2088 τοῦ

2365 2138 2677 2209 σύμπαντος
2734 2136 2940 2206 κόσμου
3003 2129 3324 2205 προῡπῆρχέ
3377 2145 3437 2183 τε
3498 2128 3595 2183 καὶ
3647 2128 3944 2199 καθηγεῖτυ

2361 2229 2675 2300 ἀναγκαίως
2713 2226 3004 2281 διδάσκων.
3063 2224 3307 2288 Μωσέως
3330 2222 3462 2296 γὰρ,
3510 2224 3570 2276 ὲν
3616 2224 3688 2295 τῇ
3738 2237 3941 2293 κοσμο-

2363 2322 2516 2395 ποιίᾳ
2544 2320 2655 2375 τῶν
2690 2320 2789 2392 μιν
2815 2316 3201 2391 ὑπερκοσμίων
3251 2316 3348 2371 καὶ
3394 2312 3615 2383 ἀφανῶν
3658 2313 3942 2383 δυνάμεων

2366 2412 2634 2487 μηδεμίαν
2696 2411 2913 2483 μνήμην
2942 2408 3310 2480 πεποιημένου
3364 2406 3453 2463 διὰ
3504 2406 3569 2461 τὸ
3604 2403 3801 2470 aselle
3837 2403 3942 2459 τῶν

2362 2506 2430 2560 δι’
2458 2502 2622 2559 αὐτοῦ
2654 2500 3220 2571 παιδαγωγουμένων,
3251 2496 3344 2553 τοῦ
3376 2497 3435 2552 δὲ
3490 2494 3692 2569 ὁρατοῦ
3734 2495 3941 2565 κόσμου

2362 2596 2461 2669 τὴν
2498 2593 2753 2651 σύστασιν
2779 2590 3141 2661 διεξελθόντος
3162 2631 3179 2657 ,
3210 2589 3485 2660 τεττάρων
3546 2604 3610 2641 τε
3658 2586 3942 2657 στοιχείων

2362 2694 2422 2745 ιν
2452 2691 2595 2763 ἀρχῇ
2622 2686 3117 2761 μνημονεύσαντος,
3152 2680 3382 2755 οὐρανοῦ
3404 2682 3497 2736 καὶ
3518 2681 3623 2752 γῆς
3655 2680 3752 2734 καὶ
3781 2677 3943 2733 ἁδύο-

2364 2802 2458 2839 σου
2484 2787 2579 2839 καὶ
2607 2784 2830 2849 ὓδατος,
2874 2784 2970 2839 καί⁵
3000 2782 3093 2837 δύο
3148 2780 3246 2853 μὲν
3299 2777 3629 2850 πεποιῆσθαι
3693 2776 3805 2830 ὑπὸ
3848 2772 3940 2829 τοῦ

2361 2876 2497 2932 Θεοῦ
2526 2878 2641 2950 (75)
2663 2878 2967 2954 εἰρηκότος·
2984 2872 3252 2945 Ἐνάρχῇ
3284 2872 3414 2944 γὰρ,
3437 2871 3621 2942 φησὶν,
3652 2868 3945 2937 ἐποίησεν

2362 2973 2396 3025 ὁ
2415 2970 2555 3038 Θεὸς
2590 2969 2697 3024 τὸν
2725 2966 3100 3039 οὐρανὸνκαί
3124 2964 3239 3033 τὴν
3258 2962 3377 3034 γῆν
3393 2979 3407 2993 ·
3436 2964 3533 3016 οὐκ
3561 2960 3642 3015 ἔτι
3666 2961 3727 3015 δι
3745 2960 3943 3033 ὁμοίως

2364 3062 2460 3116 καὶ
2483 3063 2577 3116 ἐπὶ
2593 3063 2688 3115 τοῦ
2719 3060 2908 3123 ὓδατος
2940 3059 3034 3113 καὶ
3056 3056 3156 3127 τῆς
3182 3055 3419 3110 ἀϐύσσου
3456 3052 3788 3125 μνησθέντος
3805 3091 3823 3117 ,
3868 3051 3945 3117 ὡς

698 3174 782 3212 me
806 3198 822 3219 ,
872 3159 929 3212 in
971 3156 1230 3227 principio
1255 3195 1271 3219 ,
1301 3154 1606 3225 priusquam
1648 3161 1839 3206 terram
1879 3155 2121 3207 conderet
2153 3169 2173 3207 :
2212 3164 2261 3207 et

2364 3152 2471 3224 ἄρα
2499 3151 2585 3222 εἴη
2614 3152 2709 3206 καὶ
2738 3150 2913 3206 ταῦτα
2929 3148 3185 3220 γενητὰ,
3246 3146 3360 3201 ἀλλ’
3393 3145 3581 3209 ἁπλῶς
3636 3145 3947 3216 εἰρηκότος,

696 3251 1002 3321 priusquam
1020 3250 1231 3319 abyssos
1254 3246 1442 3310 [sceret
1460 3262 1479 3301 :
1492 3245 1794 3315 priusquam
1816 3246 2129 3301 scaturirent
2142 3245 2263 3315 [ou-

2366 3246 2476 3301 Καί
2498 3245 2717 3308 σκότος
2741 3241 2940 3296 ἐπάνω
2960 3238 3072 3310 τῆς
3089 3240 3387 3304 ἀϐύσσου,
3410 3239 3511 3292 καί
3538 3238 3775 3308 πνεῦμα
3795 3235 3946 3292 Θεοῦ

695 3348 776 3395 tes
792 3339 1114 3407 aquarum“.
1132 3337 1357 3393 Istorum
1375 3337 1558 3402 trium,
1576 3344 1751 3399 terra,
1768 3336 1967 3406 abyssi,
1981 3351 2261 3407 aquarum,

701 3432 843 3485 facta
858 3429 1147 3496 mentione,
1161 3438 1408 3499 quartum
1425 3437 1481 3483 et
1491 3427 1831 3498 praestantius
1848 3427 1913 3481 ad
1936 3416 2261 3495 postremum

699 3523 876 3577 locum
898 3521 1218 3587 reservavit,
1248 3518 1441 3576 caelum
1475 3532 1684 3589 nempe,
1717 3518 1856 3573 unde
1884 3518 1962 3573 ait
1987 3519 2261 3590 deinceps,

696 3611 920 3677 Quando
953 3612 1171 3679 parabat
1206 3610 1380 3675 celos,
1412 3611 1625 3665 aderant
1654 3626 1759 3664 una
1791 3626 1910 3665 eunt
1933 3627 1994 3665 eo
2026 3612 2112 3669 “‘.

2365 3335 2679 3405 ἐπεφέρετο
2708 3331 2908 3387 ἐπάνω
2937 3331 3043 3385 τοῦ
3072 3329 3289 3397 ὕδατος
3306 3370 3321 3392 ,
3354 3328 3667 3398 ἀναγκαίαις
3718 3327 3811 3381 διὰ
3833 3324 3943 3381 τῶν

2367 3425 2740 3500 προκειμένων
2782 3424 3024 3480 διδάσκει
3067 3424 3163 3478 καὶ
3207 3424 3336 3495 περὶ
3391 3422 3571 3476 αὐτῶν
3615 3423 3645 3476 6
3684 3421 3814 3486 Υἱὸς
3846 3420 3940 3475 τοῦ

2364 3517 2521 3583 Θεοῦ,
2551 3519 2633 3572 ὅτι
2667 3533 2728 3570 τε
2755 3515 2987 3587 γεννητὰ
3018 3514 3129 3586 εἴη.
3149 3517 3244 3571 καὶ
3271 3514 3349 3579 ὡς
3378 3515 3543 3580 αὐτὸς
3585 3515 3694 3587 πρὸ
3722 3516 3941 3570 πάντων

2365 3612 2473 3683 είη,
2497 3612 2591 3665 καί
2614 3610 2682 3664 δι’
2713 3608 2883 3664 αὐτοῦ
2902 3610 2970 3664 τὰ
2995 3608 3177 3663 πάντα
3209 3608 3490 3680 πεποίητο.
3520 3608 3612 3662 Διό
3637 3625 3794 3681 φησι,
3822 3606 3943 3678 Πρὸ

696 3707 804 3759 τοῦ
834 3702 1047 3769 αἰῶνος
1078 3702 1433 3771 ἐθεμελίωσό
1462 3716 1560 3771 με’
1590 3700 1661 3755 ὲν
1695 3699 1853 3771 ἀρχῇ
1890 3701 2004 3771 πρὸ
2050 3705 2159 3758 τοῦ
2217 3703 2332 3774 τὴν
2364 3700 2749 3774 γῆνρῑοιῆσαι
2769 3721 2783 3734 ο
2808 3702 2905 3757 καὶ
2934 3702 3048 3771 πρὸ
3071 3702 3180 3758 τοῦ
3208 3705 3314 3770 τὰς
3340 3702 3656 3770 ἀϐύσσους
3670 3701 3940 3773 ποιῆσαι*

693 3794 807 3864 πρὸ
823 3794 930 3849 τοῦ
957 3793 1270 3863 προελθεῖν
1296 3793 1403 3861 τὰς
1427 3793 1626 3864 πηγὰς
1662 3792 1781 3847 τῶν
1810 3792 2063 3849 ὑδάτων.
2094 3796 2274 3868 Τριῶν
2319 3795 2376 3850 δὲ
2422 3795 2627 3850 τούτων
2644 3793 3044 3868 μνημονεύσας,
3069 3794 3176 3865 γῆς
3206 3796 3299 3848 καὶ
3335 3792 3576 3848 ἀϐύσσου
3605 3793 3701 3849 καὶ
3730 3794 3937 3862 ὓδατος,

693 3890 757 3947 e6
786 3890 1043 3962 τέταρτον
1075 3889 1266 3959 ἐπάγει
1287 3888 1612 3954 τελευταῖον,
1644 3887 1708 3940 τὸ
1749 3891 1994 3959 κρεῖττον
2020 3890 2258 3958 φυλάξας
2285 3892 2377 3948 τὸν
2423 3884 2788 3966 οὐρανόνζΔιδ
2816 3891 3067 3965 επιψέρει
3103 3892 3249 3964 ἑξῆς.
3295 3891 3503 3947 Ἦνικα
3530 3892 3806 3961 ἡτοίμαζε
3836 3892 3938 3947 τὸν

694 3986 973 4054 οὐρανὸν,
998 3984 1401 4055 συμπαρήμην
1421 3985 1600 4052 αὐτῷ.
2234 4035 2239 4039 ,

762 4076 891 4144 Quae
920 4090 1043 4131 cum
1075 4085 1181 4130 tam
1209 4077 1487 4132 evidenter
1512 4077 1566 4131 in
1595 4076 1793 4133 divinis
1825 4078 2119 4151 Scripturis
2136 4096 2263 4152 pro-

695 4177 1005 4239 ponantur,
1045 4176 1099 4224 et
1127 4168 1277 4223 brevi
1333 4169 1566 4240 quadam
1614 4170 1777 4226 veluti
1834 4186 1929 4240 per
1970 4173 2262 4241 epitotnen,

695 4260 1042 4317 enarratione
1070 4261 1177 4315 sint
1215 4277 1245 4315 a
1295 4262 1448 4316 nobis
1475 4266 1716 4332 exposita
1749 4303 1765 4327 ,
1821 4265 2101 4320 audiamus
2128 4280 2265 4335 quo-

694 4355 859 4411 modo
889 4352 1169 4410 Marcellus
1196 4396 1211 4420 ,
1237 4354 1442 4423 dejecta
1475 4354 1528 4409 iu
1562 4356 1782 4410 humum
1823 4356 2265 4426 interpretatione

694 4463 817 4512 sua,
855 4448 972 4502 haec
1010 4447 1191 4501 omnia
1217 4456 1273 4502 et
1302 4446 1513 4519 singula
1539 4447 1606 4501 de
1653 4458 1906 4515 suscepta
1936 4461 2098 4502 carne
2131 4462 2262 4503 con-

692 4537 866 4594 tendit
890 4537 1159 4607 usurpari.
1187 4537 1261 4593 Ita
1287 4539 1429 4595 enim
1446 4538 1637 4593 scribit
1672 4536 1762 4610 [Β.
1782 4537 1944 4601 XVII,
1969 4536 2100 4594 coll.
2120 4553 2173 4607 p.
2191 4537 2264 4594 45

695 4628 803 4703 D]:
839 4648 857 4681 ι
884 4629 993 4685 Hoc
1026 4629 1093 4683 ad
1130 4628 1271 4685 hunc
1297 4631 1509 4685 modum
1534 4630 1736 4701 posito,
1752 4643 2089 4699 consequens
2101 4636 2186 4684 est
2205 4637 2264 4683 ut

700 4739 721 4773 e
752 4722 1157 4777 consideremus
1176 4719 1519 4777 Proverbiale
1536 4721 1662 4776 illud
1679 4731 1857 4792 caput,
1876 4719 2128 4775 Dominus
2145 4736 2265 4774 eon-

700 4831 721 4863 e
755 4813 889 4866 didit
914 4827 994 4865 me
1031 4812 1344 4881 principium
1369 4812 1571 4866 uiarum
1593 4813 1727 4883 ejus.
1750 4810 1888 4868 Vere
1911 4813 2055 4868 enim
2084 4812 2264 4866 condi—

702 4924 723 4957 e
753 4904 854 4967 dit,
881 4902 970 4972 qui
988 4906 1130 4972 quod
1157 4916 1261 4957 non
1280 4911 1400 4957 erat
1412 4900 1565 4967 fecit,
1596 4902 1857 4959 Dominus
1883 4914 2069 4958 noster
2095 4901 2256 4956 Deus.

701 5014 720 5046 e
751 4994 980 5051 Carnem
997 4993 1139 5047 enim
1162 5008 1322 5063 quam
1339 4994 1632 5063 assumpsit
1653 4995 1902 5064 Verbum,
1918 5010 2038 5050 cum
2059 5009 2162 5048 non
2181 5006 2263 5047 es—

698 5104 718 5136 e
758 5096 863 5150 set,
892 5084 1150 5139 condidit.
1186 5103 1205 5135 ι
1227 5084 1292 5137 Ει
1318 5085 1618 5140 subnectit:
1653 5104 1671 5136 ε
1698 5084 1861 5155 Igitur
1882 5084 1937 5140 in
1966 5083 2261 5139 novissimo

701 5193 720 5226 e
757 5176 989 5230 maxime
1003 5186 1263 5246 tempore,
1280 5175 1409 5231 licet
1424 5176 1528 5231 hoc
1548 5192 1740 5232 novum
1762 5178 2075 5249 mysterium
2100 5190 2258 5231 reve-

701 5284 720 5317 e
755 5266 965 5319 labatur
1008 5282 1023 5319 :
1070 5277 1129 5320 ut
1170 5270 1229 5329 >14
1266 5265 1338 5320 ob
1380 5265 1432 5321 id
1475 5265 1646 5336 ipsum
1679 5283 1783 5321 non
1818 5267 2087 5323 immerito
2122 5279 2259 5337 prae-

2433 4082 2647 4138 Τούτων
2697 4080 2878 4136 τοίνυν
2935 4080 3041 4133 ὑπὸ
3107 4079 3206 4150 τῆς
3236 4078 3386 4142 θείας
3433 4078 3659 4151 Γραφῆς
3696 4079 3934 4152 εναργῶς

2364 4171 2804 4244 παρισταμένων,
2840 4169 3099 4242 βραχείας
3129 4184 3189 4222 τε
3219 4169 3347 4241 παρ’
3377 4168 3556 4240 ἡμῶν,
3591 4168 3669 4233 ὡς
3714 4171 3774 4224 ιν
3822 4172 3933 4225 ἑπι-

2362 4264 2524 4334 τομῇ,
2570 4262 2869 4333 διηγήσεως
2909 4260 3316 4331 τετυχηκότων,
3348 4260 3743 4333 ἐπακούσωμεν
3792 4262 3932 4326 ὅπως

2361 4354 2695 4427 Μάρκελλος,
2729 4356 2905 4427 χαμαὶ
2928 4353 3105 4427 βαλὼν
3132 4354 3231 4426 τὴν
3256 4353 3491 4408 διάνοιαν
3512 4391 3529 4418 ,
3556 4353 3732 4408 ταῦτα
3762 4355 3929 4409 πάντα

2362 4447 2745 4519 διῖσχυρίζεται
2782 4448 2909 4520 περὶ
2937 4446 3037 4519 τῆς
3072 4446 3275 4519 σαρκὸς
3300 4445 3586 4517 εἰρῆσθαι,
3618 4440 3689 4519 ἧς
3719 4447 3929 4519 ἀνείλη-

2363 4554 2463 4607 φεν
2488 4539 2517 4591 6
2545 4538 2733 4611 Σωτὴρ
2756 4580 2771 4603 ,
2793 4538 3021 4611 γράφων
3051 4538 3192 4592 κατὰ
3214 4536 3359 4605 λέξιν
3388 4536 3577 4591 τοῦτον
3592 4538 3686 4591 τὸν
3712 4538 3924 4609 τρόπον’

2368 4650 2387 4682 ι
2417 4630 2616 4693 Τούτου
2648 4632 2825 4686 τοίνυν
2850 4631 3024 4695 οὕτως
3044 4629 3259 4701 ἔχοντος
3277 4670 3294 4694 ,
3324 4629 3617 4685 ἀκόλουθόν
3654 4634 3772 4686 ἐστι
3810 4647 3927 4686 σκο-

2368 4741 2386 4773 ι
2423 4721 2856 4795 πεῐντῇδιανοίᾳ
2906 4720 2969 4775 τὸ
3019 4719 3400 4793 παροιμιωδῶς
3442 4720 3752 4791 εἰρημένον,
3784 4722 3927 4777 τουτὶ

2367 4832 2386 4864 ε
2407 4812 2716 4883 κεφάλαιον,
2746 4815 2959 4883 Κύριος
3000 4810 3205 4868 ἔκτισε
3220 4828 3297 4881 με
3322 4810 3518 4882 ἀρχὴν
3532 4811 3689 4866 ὁδῶν
3723 4813 3923 4869 αὐτοῦ.

2367 4920 2385 4954 e
2409 4903 2624 4957 Ἐκτισε
2645 4903 2754 4976 γὰρ
2784 4902 2999 4974 ἀληθῶς
3023 4902 3087 4956 τὸ
3112 4902 3186 4974 μὴ
3202 4901 3262 4956 ὃν
3288 4900 3602 4971 summittis;
3617 4903 3645 4955 6
3659 4902 3925 4973 Δεσπότης

2366 5012 2386 5044 ε
2413 4993 2570 5066 ἡμῶν
2597 4996 2628 5049 6
2668 4994 2820 5059 Θεός.
2853 4995 2969 5048 υύκ
2996 4989 3163 5049 οὖσαν
3184 4992 3296 5065 γὰρ
3325 4993 3425 5064 τὴν
3454 4991 3655 5064 σάρκα.
3688 4991 3757 5064 ἦν
3784 4991 3924 5045 ἁνεί-

2365 5102 2384 5135 e
2419 5084 2586 5156 ληφεν
2622 5082 2652 5135 6
2678 5082 2870 5153 Λόγος,
2890 5082 3023 5137 ἀλλὰ
3052 5082 3127 5154 μὴ
3156 5078 3321 5137 οὖσαν
3340 5082 3543 5137 ικτισε.
3574 5100 3598 5135 s
3618 5082 3730 5137 Καὶ
3756 5080 3926 5136 intll-

2358 5191 2445 5245 γει
2463 5193 2477 5207 ο
2508 5194 2528 5228 ι
2563 5176 2773 5231 Οὐκοῦν
2802 5177 2853 5228 εἰ
2883 5177 2978 5231 καὶ
3005 5175 3077 5230 τὰ
3126 5175 3363 5247 μάλιστα
3412 5176 3501 5230 επ*
3528 5174 3776 5247 ισχάτων
3824 5174 3927 5231 νῦν

2365 5286 2383 5318 e
2422 5268 2628 5340 καιρῶν
2651 5268 2803 5322 τουτὶ
2828 5267 3014 5321 καινὸν
3057 5266 3309 5339 ἀπεφάνη
3361 5266 3693 5339 μυστήριον·
3730 5265 3809 5331 ὡς
3844 5262 3927 5323 διὸ

701 5376 719 5406 e
759 5358 926 5413 visum
957 5360 1220 5427 propheta
1244 5358 1462 5425 dixerit,
1488 5359 1623 5415 Ante
1650 5360 1844 5415 secula
1870 5360 2111 5430 [undavit
2145 5374 2252 5426 me,

2365 5378 2383 5411 e
2426 5359 2585 5415 τούτο
2616 5361 2723 5433 πρὸ
2752 5359 2848 5414 τοῦ
2874 5360 3071 5425 αἰῶνος
3100 5359 3293 5414 τούτου
3334 5358 3674 5431 προωρίσθαι
3711 5358 3924 5424 εἰκότως

767 5538 828 5597 ιιι
851 5533 1185 5608 ,Βάηξετίεη
1207 5549 1329 5608 pag.
1360 5535 1483 5605 ιδι,
1512 5537 1638 5595 155.
1739 5540 1781 5572 ¹⁶
1814 5535 1974 5595 Prov.
2003 5553 2119 5607 vtn,
2155 5527 2248 5605 23'.

2363 5579 2371 5593 .
2467 5538 2508 5571 “
2548 5536 2686 5592 Gen.
2722 5551 2764 5601 ι,
2794 5537 2845 5591 1.

725 5605 747 5635 ⁸
796 5604 924 5659 ibid.
954 5602 1043 5657 27.

762 5789 877 5863 (γε)
909 5789 1073 5865 Vulgo
1095 5806 1203 5849 om.
1229 5790 1307 5846 δέ.

2941 5537 2985 5568 ⁸⁸
3011 5537 3140 5592 ibid.
3166 5535 3224 5589 2.
3326 5534 3370 5567 ’³
3387 5533 3545 5592 Prov.
3570 5549 3693 5600 vttt.
3713 5537 3805 5593 9.3.
3837 5535 3921 5593 24.

2433 5793 2542 5868 (75)
2570 5790 2737 5864 Vulgo
2764 5789 3042 5863 εἰρηκότα.
3074 5818 3143 5834 -
3164 5787 3290 5847 Cor.
3315 5788 3419 5846 iam
3449 5787 3526 5846 ll.
