4106 6426
647 402 756 466 δδὸ

1318 396 1586 456 EUSEBII
1623 395 2105 458 CESARIENSIS
2140 396 2293 456 OPP.
2332 394 2515 456 PARS
2553 394 2645 456 ιν.
2678 422 2749 440 -—
2787 392 3203 455 DOGIIATICA.

3802 389 3915 451 986

644 523 1070 584 Testamentum,
1094 534 1349 592 quorsum
1374 529 1430 576 et
1461 517 1733 584 apostolos
1752 561 1768 586 ,
1798 530 1854 575 et
1879 520 2092 575 illorum
2124 527 2222 574 do-

2340 520 2429 589 μὶν
2456 479 2782 585 ἀποστόλους
2801 522 2896 573 καὶ
2932 517 3138 573 τούτων
3174 516 3275 581 τὰς
3328 513 3703 579 διδασκαλίας,
3727 512 3912 580 ὀδοὺς

648 615 876 672 ctrlnam
919 613 1031 667 eius
1083 611 1429 666 nominavit?
1481 609 1670 680 Neque
1707 612 1945 666 animum
1989 612 2221 667 advertit

2340 612 2621 683 bv6paaev,
2649 612 2770 683 οὐχὶ
2800 611 2858 665 δὲ
2886 610 3190 683 προσσέσχε
3238 611 3348 673 τοῖς
3373 607 3466 662 τοῦ
3504 605 3643 661 Θεοῦ
3700 607 3912 677 προφή-

652 707 741 761 Dei
771 704 1071 775 prophetis,
1096 703 1187 774 qui
1220 712 1475 758 sescenta
1504 703 1748 772 quaedam
1786 702 1851 757 de
1877 704 1984 759 viis
2007 702 2217 757 Domini

2340 720 2461 769 παις,
2516 704 2683 775 μυρία
2718 704 2847 776 περὶ
2884 702 3022 757 ὁδῶν
3072 700 3207 755 Θεοῦ
3244 699 3617 771 γεγραφόσινς
3682 698 3911 771 Πρῶτον

649 798 1004 866 scripserunt.
1035 796 1207 852 Moses
1234 804 1418 850 autem
1448 793 1695 864 inprimis
1741 795 1812 848 ita
1838 794 2078 865 scripsit.
2119 793 2221 849 Via

651 891 795 961 regia
842 890 1166 960 proﬁciscere
1217 889 1282 945 ".
1334 888 1441 953 Et,
1488 884 1624 942 Ecce
1684 888 1836 955 posui
1882 896 2004 941 ante
2034 886 2222 956 faciens

652 991 798 1035 tuam
827 982 963 1035 ciant
995 982 1133 1045 vita,
1165 989 1215 1034 et
1248 982 1382 1034 uiam
1413 979 1599 1033 mortis
1631 978 1695 1032 “.
1735 977 1800 1031 Et
1829 976 1997 1032 David
2033 977 2225 1033 simili-

656 1086 762 1140 ter,
800 1073 956 1128 Novit
992 1072 1245 1128 Dominus
1275 1074 1409 1127 uiam
1441 1072 1732 1141 juslontm,
1762 1080 1811 1125 et
1840 1072 1922 1124 aia
1942 1071 2222 1139 impiorum

652 1164 926 1231 peribit".
959 1163 1025 1219 Et
1059 1161 1344 1227 .leremias,
1368 1161 1523 1218 State
1555 1163 1611 1216 in
1650 1164 1769 1221 viis.
1817 1172 1865 1216 et
1904 1163 2227 1232 interrogate

655 1257 720 1308 de
750 1254 945 1309 semitis
975 1254 1182 1308 Domini
1205 1256 1494 1316 ct‘ernis,et
1523 1254 1690 1308 videte
1710 1270 1829 1323 qua
1861 1254 1929 1309 sit
1960 1254 2045 1307 via
2068 1254 2224 1320 bona,

653 1354 707 1400 et
733 1346 789 1399 in
826 1346 920 1398 illa
943 1345 1203 1401 ambulate
1229 1346 1295 1399 ".
1325 1344 1429 1400 Sed
1457 1356 1512 1400 et
1539 1347 1778 1417 singulos
1814 1348 2104 1415 praplietas
2142 1347 2226 1400 in-

654 1436 841 1491 venies
879 1435 1077 1491 fecisse
1122 1438 1446 1492 mentionem
1509 1437 1709 1491 ciarum
1768 1437 1884 1493 Dei.
1955 1438 2011 1493 Si
2066 1439 2231 1506 igitur

660 1526 918 1583 Servator
936 1537 990 1582 et
1032 1528 1287 1583 Dominus
1314 1539 1503 1583 noster
1533 1526 1692 1583 Iesus
1716 1528 1988 1593 Christus,
2023 1544 2083 1585 se
2121 1530 2225 1583 ini-

662 1620 794 1675 tium
831 1622 1035 1673 viarum
1067 1620 1278 1675 Domini
1315 1622 1527 1685 doceat,
1555 1621 1828 1691 inquibus
1850 1622 1947 1689 ait,
1974 1621 2230 1677 Dominus

660 1712 893 1765 condidit
945 1728 1026 1766 me
1073 1713 1389 1781 principium
1437 1715 1646 1767 uiarum
1695 1730 1913 1769 suarum
1956 1718 2027 1768 ad
2074 1731 2232 1783 opera

661 1818 757 1855 sua
781 1803 847 1869 ιι,
880 1804 1100 1859 omnino
1122 1805 1231 1869 ille,
1270 1816 1326 1860 et
1364 1804 1514 1861 Mose
1544 1808 1838 1872 antiquior,
1871 1816 1927 1862 et
1952 1808 2233 1877 prophetis

2326 796 2425 868 μὲν
2458 796 2565 868 γὰρ
2602 795 2808 865 Μωσῆς
2827 789 2930 848 ὦδε
2953 794 3178 865 γράφων
3210 792 3426 862 ελεγενο
3477 788 3623 856 Ὀδῷ
3657 791 3913 856 βασιλι-

2324 887 2404 957 κῇ
2458 887 2730 957 πορεύσῃ
2750 904 2763 917 °
2815 888 2931 951 καὶ,
2984 884 3133 941 Ἰδοὺ
3164 883 3398 939 τέθεικα
3427 882 3539 954 πρὸ
3578 880 3912 954 προσώπου

2326 996 2444 1036 σου
2473 979 2587 1048 τὴν
2613 978 2759 1035 ὁδὸν
2785 973 2895 1047 τῆς
2919 976 3069 1047 ζωῆς
3086 1019 3101 1041 ,
3143 977 3239 1031 καὶ
3269 973 3384 1044 τὴν
3410 975 3555 1030 ὁδὸν
3582 974 3691 1030 τοῦ
3723 970 3914 1029 θανά·

2326 1087 2463 1126 του·
2535 1072 2630 1124 καὶ
2670 1072 2699 1124 6
2752 1068 2918 1123 Δαϐὶδ
2940 1068 3160 1141 ὁμοίως,
3195 1065 3489 1122 rma;
3539 1066 3651 1138 (77)
3688 1065 3917 1135 Κύριος

2327 1160 2474 1215 ὁδὸν
2502 1160 2764 1223 δικαίων,
2800 1160 2899 1213 καὶ
2945 1158 3087 1224 ὁδὸς
3143 1147 3379 1213 ἀσεϐῶν
3407 1155 3749 1211 ἀπολεῖται·
3814 1153 3914 1209 καὶ

2340 1254 2629 1326 Ἱερεμίας,
2660 1251 2848 1322 Στῆτε
2866 1252 2937 1306 ἐν
2964 1250 3094 1317 ταῖς
3105 1249 3286 1316 ὁδοῖς,
3308 1248 3407 1303 καὶ
3427 1246 3767 1317 ἐρωτήσατε
3786 1245 3915 1314 τρί-

2330 1347 2475 1412 ϐους
2516 1347 2733 1415 Κυρίου
2775 1346 3073 1408 αἰωνίους.
3126 1342 3226 1397 καὶ
3275 1342 3448 1396 were
3475 1342 3615 1395 ποία
3666 1340 3847 1393 ἐστιν
3871 1337 3913 1404 ἠ

2330 1436 2469 1504 ὁδὸς
2490 1439 2528 1506 ἡ
2565 1435 2779 1506 ἀγαθὴ,
2810 1436 2906 1490 καὶ
2935 1436 3261 1505 πορεύεσθε
3300 1434 3371 1487 ἐν
3394 1432 3547 1501 σὺτῇ
3566 1450 3580 1462 ·
3630 1434 3725 1487 καὶ
3781 1432 3917 1485 ἑκα-

2332 1545 2454 1582 στον
2480 1528 2537 1581 δὲ
2566 1527 2675 1581 τῶν
2699 1526 2992 1600 προφητῶν
3011 1525 3283 1598 διαφόρως
3330 1523 3779 1596 μνημονεύσαντα
3804 1521 3917 1575 τῶν

2328 1618 2461 1674 ὁδῶν
2486 1617 2580 1672 τοῦ
2608 1616 2742 1672 Θεοῦ
2774 1618 3043 1689 εὑρήσεις.
3073 1617 3135 1670 Ei
3156 1615 3334 1669 τοίνυν
3361 1617 3389 1669 6
3437 1614 3624 1685 Σωτὴρ
3659 1614 3753 1667 καὶ
3796 1610 3915 1666 Κύ-

2333 1726 2448 1782 ριος
2479 1712 2512 1780 ή
2522 1709 2638 1779 μῶν
2673 1708 2879 1781 Ἰησοῦς
2910 1707 3146 1780 Χριστὸς
3162 1706 3258 1760 τοῦ
3283 1704 3417 1760 Θεοῦ
3444 1706 3617 1776 ἀρχὴν
3645 1700 3918 1757 εἶναιτῶν

2332 1800 2468 1853 ὁδῶν
2499 1798 2593 1852 τοῦ
2620 1797 2756 1853 Θεοῦ
2783 1798 2974 1853 ἑαυτὸν
2998 1797 3235 1852 διδάσκει
3262 1796 3686 1865 λέγων,Κύριος
3708 1792 3918 1849 ἐκτισέ

660 1894 784 1958 erit,
818 1904 872 1946 et
924 1895 991 1949 iis
1022 1898 1275 1952 omnibus
1302 1898 1396 1967 qui
1442 1898 1619 1953 adhuc
1646 1898 1893 1961 ulterius.
1928 1901 2225 1955 secundum

2340 1907 2400 1959 με
2420 1889 2618 1960 ἀρχὴν
2644 1887 2798 1943 ὁδῶν
2823 1888 3009 1943 αὑτοῦ
3030 1891 3117 1955 εις
3140 1889 3285 1958 ἔργα
3311 1887 3517 1949 αὑτοῦ,
3556 1886 3777 1949 πάντως
3808 1900 3915 1939 που

660 1985 776 2039 vias
805 1985 898 2039 Dei
931 1988 1201 2043 vixerunt.
1244 1989 1349 2044 Sed
1378 2004 1485 2043 non
1521 1998 1639 2045 erat
1665 2005 1795 2045 caro
1825 2004 1988 2057 quam
2012 2004 2228 2045 assum-

661 2078 770 2146 psit
816 2080 964 2134 hisce
992 2080 1240 2135 omnibus
1264 2081 1541 2150 antiquior
1577 2102 1590 2137 :
1623 2081 1807 2151 itaque
1854 2097 1961 2137 non
1989 2094 2138 2137 recte
2164 2082 2231 2135 de

661 2183 825 2223 carne
855 2170 1276 2239 interpretantur
1318 2170 1595 2226 oraculum
1630 2169 1783 2225 illud.
1828 2168 2091 2237 Quocirca
2121 2185 2227 2223 non

662 2256 870 2312 locutus
894 2268 977 2313 est
1006 2261 1106 2314 ista
1132 2259 1390 2315 Senator
1420 2270 1644 2332 propter
1672 2276 1916 2325 carnem,
1963 2261 2059 2317 sed
2087 2261 2229 2331 quod

668 2350 1076 2418 prii-exsistebat
1121 2352 1233 2420 ipse
1262 2392 1277 2417 ,
1326 2364 1383 2408 et
1411 2354 1554 2407 viam
1594 2352 1824 2408 ducebat
1878 2351 1979 2407 viis
2021 2351 2232 2407 Domini

671 2442 965 2506 universis,
1002 2443 1055 2497 in
1086 2444 1285 2512 quibus
1317 2444 1406 2513 qui
1433 2444 1755 2509 erantolim,
1780 2443 1889 2498 Deo
1920 2442 2099 2499 dilecti
2126 2457 2235 2497 om-

666 2548 765 2588 nes
795 2534 1225 2588 ambulaverunt.
1262 2534 1707 2603 Quandoquidem
1749 2543 1804 2589 et
1837 2534 2054 2589 divinus
2089 2535 2233 2601 Apo-

666 2624 836 2678 sloius
873 2624 1026 2690 dixit,
1058 2623 1101 2678 Ο
1124 2624 1444 2694 profundunt
1475 2668 1486 2682 .
1507 2625 1835 2687 divitiarum,
1863 2634 1914 2678 et
1942 2624 2231 2693 sapientiae,

665 2725 717 2769 e:
755 2716 1066 2785 cognitionis
1112 2716 1209 2769 Dei
1236 2758 1248 2776 ,
1280 2733 1437 2787 quam
1479 2716 1840 2770 inscrutabilia
1868 2725 1989 2769 sunt
2022 2716 2235 2785 judicia

664 2803 781 2874 ejus
807 2844 822 2871 ,
857 2815 907 2857 et
948 2805 1442 2875 mipervestigabiles
1474 2806 1567 2859 vim
1596 2805 1713 2874 ejus
1744 2806 1811 2867 ”,
1840 2804 2002 2859 aliam
2041 2819 2231 2875 qnam-

666 2896 792 2950 datr.
828 2898 969 2950 viam
1003 2897 1090 2951 ille
1118 2897 1377 2951 indicavit
1404 2937 1420 2960 ,
1465 2898 1838 2953 universitatis
1865 2913 2044 2952 rerum
2073 2912 2234 2953 cura-

669 2989 859 3043 tricem
889 3027 905 3053 ,
931 3003 1028 3057 per
1064 2969 1223 3057 quam
1278 2987 1531 3044 ineffabili
1566 2990 1796 3059 quodam
1820 2990 2029 3060 judicio
2050 3000 2106 3045 et
2134 3006 2239 3045 ra—

668 3079 904 3134 tionibus
928 3079 1245 3149 quiitusdatn
1289 3094 1391 3133 non
1420 3082 1961 3151 comprehendendis,
1986 3083 2235 3135 universa

668 3170 966 3241 gubernat,
1015 3186 1114 3240 pro
1160 3169 1343 3226 divina
1383 3186 1479 3226 sua
1535 3180 1803 3240 potestate
1844 3190 1859 3227 :
1898 3186 2239 3241 consequens

2332 1980 2427 2033 καὶ
2452 1978 2697 2042 Μωσέως
2724 1980 2817 2033 καὶ
2844 1979 2953 2032 τῶν
2988 1977 3283 2049 προφητῶν
3306 1977 3400 2030 καὶ
3432 1975 3540 2029 τῶν
3576 1975 3656 2029 ἔτι
3707 1974 3916 2029 ἀνωτέ-

2332 2090 2411 2143 ρω
2464 2070 2606 2125 κατὰ
2654 2070 2754 2135 τὰς
2813 2071 2967 2134 ὁδοὺς
3006 2070 3103 2125 τοῦ
3153 2069 3290 2124 Θεοῦ
3361 2068 3699 2140 βεϐιωκότων
3727 2068 3812 2137 εἴη
3851 2066 3919 2120 ἂν

2331 2161 2733 2235 πρεσϐύτερος⁸
2758 2160 2873 2215 ἀλλ’
2897 2161 3020 2233 οὐχὶ
3057 2162 3091 2232 ἠ
3121 2159 3277 2232 σὰρξ,
3306 2161 3375 2231 ἢν
3412 2158 3724 2229 ἀνείληφεν,
3769 2158 3919 2210 ἑκεί-

2330 2271 2437 2308 νων
2469 2254 2727 2308 ἁπάντων
2760 2252 2973 2323 ὑπῆρχε
3003 2252 3428 2324 προγενεστέρα.
3461 2251 3575 2304 Οὐκ
3604 2249 3783 2321 ὀρθῶς
3824 2244 3920 2304 οὖν

2332 2348 2424 2401 teri
2463 2345 2562 2417 τὴν
2592 2346 2773 2419 σάρκα
2802 2346 3115 2417 ὲξείληπται
3162 2346 3224 2400 τὸ
3276 2345 3477 2415 λόγιον.
3533 2345 3608 2397 Οὑ
3679 2342 3771 2397 διὰ
3820 2341 3921 2413 τὴν

2334 2442 2512 2510 σάρκα
2545 2438 2727 2492 τοίνυν
2750 2438 2899 2494 ταῦτ’
2923 2439 3107 2508 ἔλεγεν
3133 2439 3161 2491 6
3190 2437 3401 2509 Σωτὴρ,
3461 2436 3550 2490 διὰ
3590 2436 3649 2489 δὲ
3680 2437 3744 2489 τὸ
3780 2452 3920 2507 προ-

2335 2530 2599 2603 ϋπάρχειν
2631 2531 2825 2596 αὑτὸν,
2877 2531 2970 2584 καὶ
3004 2528 3362 2602 καθηγεῖσθαι
3418 2528 3531 2599 (78)
3587 2528 3777 2582 πασῶν
3812 2528 3920 2581 τῶν

2332 2622 2465 2676 ὁδῶν
2492 2622 2587 2676 τοῦ
2619 2621 2776 2687 Θεοῦ,
2824 2620 2895 2686 d;
2934 2621 3157 2687 πάντες
3176 2624 3230 2677 oi
3259 2620 3446 2675 πάλαι
3478 2619 3778 2688 θεοφιλεῖς
3805 2620 3910 2673 ἇν-

2332 2712 2470 2780 ὃρες
2494 2712 2849 2767 ὡδεύκασιν.
2891 2712 3043 2766 Ἐπεὶ
3074 2713 3131 2766 δὲ
3154 2714 3182 2765 6
3206 2711 3347 2776 θεῖος
3362 2710 3683 2775 ’Δπόστολος
3726 2709 3918 2777 λέγων,

2333 2801 2401 2858 *Ω
2432 2804 2627 2871 ,βάθος
2653 2805 2923 2859 πλούτου
2950 2805 3048 2859 καί
3077 2806 3300 2873 σοφίας
3328 2804 3426 2857 καὶ
3444 2802 3721 2873 γνώσεως
3753 2801 3925 2865 Θεοῦ,

2333 2898 2415 2963 ὡς
2470 2897 2906 2964 ἀνεξερεύνητα
2961 2898 3035 2951 τὰ
3088 2897 3343 2965 κρίματα
3398 2895 3585 2950 αὐτοῦ
3672 2894 3771 2947 καὶ
3823 2892 3926 2947 dr-

2334 2988 2702 3057 εξιχνίαστοι
2735 2990 2797 3042 αι
2825 2987 2951 3042 ὁδοὶ
2975 2986 3183 3051 αὐτοῦ,
3214 2986 3406 3058 ἑτέρας
3425 2986 3577 3049 τινὰς
3599 2986 3753 3048 ὀδοὺς
3795 2985 3925 3038 ὒηοο

2337 3074 2542 3140 ϐάλλει,
2574 3076 2673 3138 τὰς
2701 3077 3064 3147 προνοητικας
3087 3076 3196 3128 τῶν
3221 3075 3380 3141 ὅλων,
3406 3075 3473 3129 δι’
3499 3069 3575 3128 ὧν
3622 3076 3923 3147 ἀπορρήτῳ

2338 3168 2537 3239 κρίσει,
2569 3170 2663 3221 καὶ
2685 3167 2863 3236 λόγοις
2888 3168 2999 3239 (79)
3046 3168 3328 3240 ἁλήπτοις,
3362 3169 3429 3221 τὰ
3480 3167 3774 3238 σύμπαντα
3811 3167 3926 3219 δια-

668 3272 821 3316 certe
858 3272 938 3315 est
963 3301 978 3326 ,
1014 3271 1072 3316 ut
1098 3272 1153 3317 et
1181 3263 1371 3317 barum
1408 3265 1616 3318 viarum
1653 3278 1867 3334 quoque
1910 3264 2234 3333 principium

2340 3260 2575 3330 κυϐερνᾷ
2607 3260 2726 3332 Θείᾳ
2754 3260 3020 3330 δυνάμει,
3075 3260 3368 3314 ἀκόλουθόν
3405 3262 3522 3313 ἐστι
3582 3259 3675 3311 καὶ
3722 3257 3926 3313 τούτων

669 3363 975 3409 statuamus
1045 3354 1195 3409 illum
1237 3394 1253 3420 ,
1313 3355 1403 3424 qui
1459 3355 1634 3421 dixit,
1700 3354 1951 3409 Dominus
2003 3356 2236 3409 condidit

670 3452 763 3498 me
811 3446 1126 3515 principium
1197 3447 1402 3500 viarum
1472 3463 1691 3500 suarum
1752 3450 1819 3500 ad
1892 3464 2050 3515 opera
2116 3466 2234 3503 sua.

670 3537 825 3603 Quod
897 3536 1181 3593 Marcellus
1246 3554 1353 3593 non
1418 3539 1720 3608 intelligens
1783 3542 1897 3595 vias
1966 3542 2177 3597 Domini
2220 3582 2236 3605 ,

668 3630 856 3684 statuit
911 3646 1032 3685 esse
1087 3645 1304 3685 carnem
1347 3629 1652 3686 Servatoris
1703 3631 1870 3686 DOSli‘l
1914 3648 1927 3684 Ζ
1968 3638 2027 3695 )Ii
2077 3632 2241 3687 inter-

672 3730 917 3791 pretatur
962 3721 1053 3793 [Β.
1085 3720 1225 3795 Xlllj
1278 3732 1332 3777 et
1380 3723 1507 3777 illud
1557 3738 1770 3793 quoque
1808 3724 1861 3778 in
1920 3726 2064 3780 hunc
2117 3739 2241 3781 sen-

672 3829 815 3881 sum,
851 3816 1082 3868 condidit
1134 3832 1215 3869 me
1284 3815 1596 3883 principium
1650 3815 1850 3870 viarum
1892 3831 2109 3869 suarum
2171 3816 2240 3868 ad

672 3921 831 3972 cpera
856 3923 973 3962 sua.
998 3908 1257 3973 Quaenam
1290 3917 1468 3961 autem
1499 3920 1663 3976 opera
1692 3906 1845 3960 vult?
1873 3907 1961 3960 illa
1987 3906 2241 3962 nimirum

675 3996 743 4048 de
772 3996 970 4065 quibus
1000 3998 1258 4049 Servatur
1290 3996 1401 4065 ait,
1429 3995 1591 4051 Pater
1612 4012 1754 4051 meus
1782 3998 1953 4051 adhuc
1978 4009 2241 4065 operatur,

674 4095 723 4137 et
754 4100 847 4153 ego
876 4086 1143 4149 operor".
1174 4086 1237 4137 Et
1258 4101 1468 4149 rursus,
1503 4084 1648 4154 Opus
1667 4085 1859 4154 perfeci
1912 4085 2069 4151 illud,
2104 4087 2242 4155 quod

673 4176 861 4229 dedisti
901 4176 1106 4229 mihi“.
1146 4174 1431 4246 Sulijungit
1462 4190 1663 4244 porro,
1709 4176 1861 4243 quasi
1915 4176 2242 4231 sententiam

675 4267 864 4319 horum
894 4267 1204 4332 exitllcaliS:
1240 4286 1257 4317 ι
1291 4266 1551 4333 Quisnam
1583 4275 1706 4321 ante
1738 4265 1936 4320 iactam
1962 4282 2058 4341 per
2082 4280 2245 4336 Opera

680 4376 700 4408 ‹
733 4361 1251 4413 demonstrationem
1306 4358 1648 4424 credidisset,
1682 4358 1826 4428 quod
1872 4357 2106 4413 Verbum
2152 4358 2245 4413 Dei

680 4465 700 4499 s
732 4462 826 4516 per
854 4445 1125 4517 Virginem
1154 4459 1502 4518 generatum,
1537 4461 1776 4503 nostram
1802 4463 2021 4503 carnem
2064 4462 2248 4503 susce-

680 4553 700 4589 ι
734 4538 939 4604 pisset?
966 4547 1021 4592 et
1051 4548 1230 4593 tamen
1268 4539 1576 4593 universam
1606 4538 1862 4594 deitatem
1896 4537 1949 4591 in
1981 4554 2039 4592 se
2066 4553 2249 4607 corpo-

680 4646 700 4681 ι
734 4630 919 4683 raliter
961 4631 1282 4685 residentem
1306 4631 1766 4687 demonstrasset?
1797 4649 1815 4683 ι
1846 4630 1912 4686 Et
1946 4633 2109 4686 veluti
2152 4634 2243 4702 qui
2276 4610 2321 4666 υ

677 4721 1001 4774 sententiam
1032 4720 1270 4787 perfecte
1288 4722 1640 4789 explicuerat,
1669 4722 1817 4777 addit
1844 4740 1857 4775 :
1894 4740 1912 4773 ι
1947 4722 2058 4778 Hoc
2088 4723 2250 4794 igitur

682 4830 701 4861 ι
727 4819 832 4875 est,
849 4811 1102 4866 Dominus
1130 4812 1365 4865 condidit
1387 4827 1466 4866 me
1484 4812 1797 4880 principium
1813 4813 2018 4866 viarum
2038 4828 2250 4866 suarum

683 4921 703 4955 ι
733 4904 805 4957 ad
836 4919 991 4970 opera
1028 4920 1144 4957 sua.
1179 4922 1197 4955 ι
1241 4903 1365 4959 llaec
1412 4914 1590 4959 autem
1642 4905 1863 4974 scripsit
1914 4919 2019 4960 non
2067 4904 2254 4959 valens

676 5011 791 5051 sitae
815 4995 1007 5048 mentis
1056 4994 1245 5051 oculos
1290 5010 1506 5051 sursum
1547 4996 1817 5059 attollere.
1868 5010 1970 5051 nec
2030 4995 2254 5067 perinde

678 5100 745 5138 ac
795 5084 1057 5153 propltcta
1108 5084 1315 5152 dicens,
1340 5083 1566 5150 Quando
1612 5085 1854 5139 intuebar
1893 5084 2048 5138 caelos
2097 5099 2255 5151 opem

679 5175 964 5245 digitorum
996 5184 1226 5242 tuorum,
1259 5177 1442 5231 lunam
1471 5185 1523 5231 et
1560 5177 1762 5241 stellas,
1800 5193 1930 5245 quas
1972 5185 2029 5227 tu
2064 5175 2258 5243 funda-

680 5268 747 5317 sti
766 5264 833 5315 ἰ.
858 5260 970 5319 Nec
1002 5264 1055 5319 in
1090 5268 1404 5321 memoriam
1438 5281 1699 5324 revocans
1729 5267 2005 5337 pmpheta:
2028 5266 2258 5331 dictum.

758 5456 814 5524 ᾖς
852 5451 948 5507 Ed.
975 5452 1170 5511 Parim.
1208 5470 1331 5524 pag.
1374 5454 1496 5508 157.

1622 5456 1665 5488 ⁸⁷
1686 5461 1845 5511 Num.
1886 5470 2001 5516 ut.
2034 5454 2125 5509 22.

682 5518 728 5552 ³¹
754 5520 912 5578 Prov.
955 5539 1073 5587 \‘lll.
1106 5524 1199 5579 22.

1274 5527 1318 5555 "
1346 5524 1501 5580 Rom.
1530 5543 1607 5593 st,
1635 5527 1726 5582 53.

779 5752 868 5839 222
892 5752 1056 5839 Ye'to
1079 5758 1109 5811 ὁ
1138 5757 1463 5839 “ﬁrmauit
1487 5760 1623 5839 ἀδένε

780 5822 872 5884 78)
902 5823 1070 5882 Volso
1093 5822 1284 5882 πασῶν
1315 5822 1453 5884 ὁδῶν
1474 5830 1569 5885 τοῦ
1605 5832 1831 5902 Κυρίου.

2244 5455 2288 5487 ⁸⁸
2318 5456 2474 5511 Deut.
2514 5474 2643 5522 xxx.
2696 5460 2781 5516 15.

1811 5526 1858 5558 ’³
1882 5524 2037 5585 Joan.
2067 5541 2120 5593 ν,
2152 5526 2237 5582 17.
2317 5525 2364 5559 ³⁸
2391 5527 2549 5583 .Ioau.
2570 5544 2704 5595 xm,
2741 5532 2795 5585 ι.
2871 5533 2918 5567 ⁸⁸
2957 5535 3099 5591 Psai.
3130 5524 3248 5602 vni,
3284 5537 3339 5592 ι.

2343 3351 2450 3405 τῶν
2481 3350 2617 3405 ὁδῶν
2660 3352 2834 3423 ἀρχὴν
2892 3348 3031 3406 εἶναι
3074 3353 3253 3421 λέγειν
3276 3353 3367 3407 τὸν
3409 3351 3690 3423 εἰρηκότα,
3714 3351 3925 3419 Κύριος

2343 3441 2543 3495 ἐκτισέ
2567 3459 2644 3512 με
2667 3442 2865 3512 ἀρχὴν
2888 3442 3044 3497 ὁδῶν
3063 3444 3250 3499 αὑτοῦ
3273 3445 3364 3511 εις
3390 3444 3534 3511 ἔργα
3571 3440 3761 3497 αὑτοῦ
3783 3458 3796 3471 ⁸
3820 3443 3850 3496 6
3868 3440 3925 3496 δὲ

2347 3532 2421 3604 μὴ
2444 3535 2641 3605 νοήσας
2656 3534 2753 3599 τὰς
2768 3534 2919 3599 ὁδοὺς
2931 3536 3027 3589 τοῦ
3044 3528 3201 3599 Θεοῦ,
3234 3536 3330 3607 τὴν
3364 3536 3541 3608 σάρκα
3559 3535 3653 3590 τοῦ
3675 3534 3928 3608 Σωτῆρος

2345 3626 2517 3698 ἀρχὴν
2562 3627 2765 3681 τούτων
2812 3624 2947 3681 εἶναι
2981 3629 3319 3700 ἀπεφήνατο.
3379 3627 3701 3701 Ἐρμηνεύει
3736 3628 3795 3681 δὲ
3838 3629 3929 3685 καὶ

2343 3720 2425 3782 τὸ,
2461 3721 2548 3784 εὶς
2563 3720 2705 3787 ἔργα
2718 3717 2925 3783 αὐτοῦ,
2954 3719 3496 3789 φάσκων,Ἔκτισεν
3520 3716 3722 3790 οὖνμε,
3745 3723 3924 3792 φησιν,

2345 3809 2544 3879 ἀρχὴν
2580 3808 2735 3865 ὁδῶν
2772 3810 2958 3864 αὑτοῦ
2999 3814 3087 3877 εις
3115 3811 3258 3881 ἔργα
3288 3810 3496 3866 αὐτοῦ.
3542 3811 3677 3865 Ποῖα
3704 3811 3764 3864 δὲ
3798 3812 3927 3883 ἔργα

2348 3900 2549 3969 φησίν;
2582 3901 2710 3971 περὶ
2740 3893 2816 3954 ῶν
2856 3902 2886 3954 6
2922 3903 3112 3974 Σωτὴρ
3141 3902 3309 3970 λέγει,
3347 3903 3399 3955 '0
3423 3902 3625 3971 Πατήρ
3658 3921 3781 3973 μου
3823 3902 3930 3969 ἕως

2348 3989 2477 4057 ἄρτι
2516 3989 2839 4059 ἐργάζεται,
2889 3990 3050 4063 κάγὼ
3100 3992 3436 4063 ἐργάζομαι·
3485 3993 3581 4047 καὶ
3630 3990 3807 4058 αὖθις,
3862 3994 3927 4047 T6

2348 4081 2544 4149 ἔργον,
2578 4083 2761 4153 φησιν,
2778 4083 3120 4149 ἐτελείωσα,
3142 4084 3173 4138 ὃ
3194 4083 3458 4153 δέδωκάς
3469 4102 3592 4154 μοι.
3615 4081 3727 4141 Εἴθ’
3748 4085 3927 4155 ὥσπερ

2350 4171 2624 4242 διασαφῶν
2666 4174 2766 4245 τὴν
2817 4174 2928 4229 τῶν
2972 4176 3277 4248 εἰρημένων
3331 4176 3599 4242 διάνοιαν,
3657 4177 3922 4247 ὲπιλέγιιο

2358 4281 2377 4313 ι
2417 4264 2511 4327 Τίς
2538 4264 2647 4337 γὰρ
2680 4267 2787 4337 πρὸ
2810 4268 2911 4339 τῆς
2930 4267 3043 4321 τῶν
3071 4269 3411 4339 πραγμάτων
3439 4268 3787 4336 ἀποδείξεως,
3813 4268 3926 4323 lni-

2359 4374 2377 4406 ι
2421 4371 2641 4409 στενσεν
2676 4356 2763 4423 ἂν,
2798 4360 2882 4413 δτι
2917 4358 3089 4427 Λόγος
3117 4359 3251 4413 Θεοῦ
3283 4358 3371 4413 διὰ
3394 4359 3669 4433 Παρθένον
3700 4360 3923 4431 τεχθεὶς,

2359 4464 2377 4497 ι
2418 4446 2518 4516 τὴν
2558 4448 2839 4520 ἡμετέραν
2868 4450 3201 4521 ἀναλήψεται
3229 4452 3438 4522 σάρκα.
3469 4453 3566 4505 καὶ
3608 4452 3710 4523 τὴν
3760 4454 3927 4506 πᾶσαν

2360 4555 2378 4588 ι
2422 4537 2652 4609 ϐεότητα
2710 4542 2767 4594 ὲν
2828 4542 2969 4614 αὐτῇ
3000 4543 3326 4614 σωματικῶς
3385 4543 3749 4611 ὲπιδείξεταις
3790 4564 3808 4597 s
3844 4546 3928 4598 καὶ

2349 4626 2537 4702 ῶσπερ
2565 4632 2753 4704 ἐντελῆ
2778 4632 2874 4706 τὴν
2900 4634 3140 4693 διάνοιαν
3163 4636 3395 4700 ἀποδοὺς
3425 4636 3640 4706 ἐπάγει·
3673 4655 3692 4689 ι
3731 4635 3928 4691 Οὐκοῦν

2356 4739 2375 4772 ι
2416 4720 2558 4775 τοῦτ’
2585 4723 2698 4778 ἔστι
2742 4726 2823 4791 τὸ,
2860 4728 3076 4796 Κύριος
3109 4728 3309 4782 ἐκτισέ
3330 4745 3408 4799 με
3427 4729 3625 4798 ἀρχὴν
3653 4729 3809 4784 ὁδῶν
3831 4732 3926 4785 aito

2360 4832 2378 4863 ι
2418 4813 2525 4867 τοῦ
2548 4817 2637 4881 είς
2666 4817 2814 4887 ἔργα
2844 4818 3052 4873 αὐτοῦ.
3092 4838 3110 4870 ι
3145 4820 3253 4873 Καὶ
3279 4820 3455 4874 ταῦτα
3484 4820 3552 4891 δὴ
3587 4819 3843 4892 ἔγραφεν,
3870 4819 3925 4875 οὐ

2352 4902 2601 4976 δυνηθεὶς
2629 4907 2755 4971 τοὺς
2779 4907 2879 4979 τῆς
2906 4909 3145 4974 διανοίας
3175 4910 3487 4982 ὀφθαλμοὺς
3516 4914 3596 4974 εἰς
3625 4911 3761 4981 ὕψος
3786 4908 3924 4986 ἆραι,

2354 4995 2450 5047 καὶ
2486 4996 2565 5067 τῷ
2596 5001 2852 5073 προφήτῃ
2880 5001 3274 5075 παραπλησίως
3314 5005 3507 5067 εἰπεῖν,
3546 5005 3682 5059 Ὅτε
3720 5004 3925 5077 ὄψομαι

2356 5084 2497 5153 τοὺς
2532 5091 2862 5158 οὐρανοὺς,
2896 5093 3042 5165 ἔργα
3076 5093 3196 5149 τῶν
3230 5094 3545 5151 δακτύλων
3576 5112 3694 5151 σου
3714 5138 3732 5164 ,
3755 5095 3923 5164 σελή-

2354 5194 2473 5245 νην
2504 5182 2603 5236 καὶ
2632 5183 2912 5253 ἀστέρας,
2947 5185 2987 5241 d
3011 5186 3093 5241 σὺ
3116 5188 3537 5259 ἐθεμελίωσας
3573 5188 3697 5242 οὐδὲ
3735 5204 3925 5261 μνημο-

2358 5269 2560 5337 νεύσας
2589 5273 2686 5328 τοῦ
2718 5276 3058 5349 προφητικοῦ
3088 5278 3268 5348 λόγου,
3294 5279 3361 5334 δι’
3386 5274 3450 5335 οὖ
3478 5280 3719 5352 εἴρηται,
3760 5281 3831 5335 Τὰ
3866 5276 3926 5334 δέ

2930 5464 2972 5497 η
2993 5462 3141 5520 Psal.
3178 5480 3223 5526 ι.
3253 5465 3309 5522 6.
3463 5464 3511 5497 ’°
3551 5462 3666 5520 Jer.
3716 5475 3805 5533 vt,
3851 5458 3905 5519 lC

2433 5768 2547 5838 (79)
2577 5766 2744 5840 Vulgo
2778 5766 3199 5840 ἀκαταλήπτοις.
