4106 6414
1326 346 1594 409 ΒΠΒΕΒΠ
1628 340 2103 406 casurusne
2135 338 2220 401 0P

2330 336 2509 395 ΡΑιε
2540 336 2633 395 Π.
2673 366 2743 380 --
2779 330 3199 394 οοωιΑι-ιω.

3742 334 3884 390 1006

734 478 1062 541 eanquue
1080 469 1312 539 deﬁnivit
1328 482 1437 523 esse
1450 463 1793 521 substantiae
1810 459 2010 529 Patris,
2024 469 2071 515 et
2092 455 2218 513 Filii

2386 449 2539 541 εἶναι
2578 452 3188 541 ᾡτρίζετομραόστασιν
3219 447 3449 517 Πατρός
3479 446 3579 502 καί
3608 447 3745 504 Υίοῦ
3783 451 3884 503 καὶ

737 562 785 605 st
818 546 1042 618 Spiritus
1064 542 1249 597 sancti.

735 634 1189 710 Quemadmodum
1212 629 1462 687 etdicere
1484 627 1586 681 tria
1602 639 1741 689 esse,
1766 621 2091 710 Patrem,__et
2120 618 2213 710 Fi-

668 706 795 788 lium
814 736 869 785 et
893 724 1149 796 Spiritum
1169 727 1433 783 unctum,
1456 713 1671 771 Sabellii
1686 721 1770 768 est
1798 728 1813 766 :
1836 709 1976 781 quod
1994 706 2215 764 Mareel-

669 823 750 879 lus
769 818 985 888 scriptis
998 815 1108 872 suis
1129 810 1337 869 censuit
1365 826 1380 863 :
1406 827 1425 860 ι
1448 803 1779 876 Impossibile
1794 801 2058 872 siquidem
2084 808 2217 861 tres.

672 934 691 969 ι
722 928 842 985 quae
881 916 1003 966 sunt
1037 907 1376 980 hyposlases,
1405 897 1602 955 unitati
1634 893 1867 959 sduniri,
1921 891 1967 947 si
2008 905 2113 947 non
2158 890 2215 945 in

672 1027 693 1061 s
732 980 920 1078 primis
958 1015 988 1053 ο
1020 995 1245 1053 monade
1296 991 1534 1048 Trinitas
1573 986 1903 1043 exordistur.
1936 981 2032 1037 Illa
2073 980 2216 1037 enim

672 1120 691 1154 ι
823 1101 1036 1152 sanctus
1060 1087 1255 1144 Paulus
1277 1086 1331 1140 in
1370 1081 1652 1139 mouadem
1688 1074 2037 1165 recapitulari
2051 1072 2215 1165 dixit,

670 1212 691 1245 s
720 1163 838 1261 qua
871 1185 1179 1252 neutiquam
1209 1178 1274 1233 ad
1305 1176 1396 1232 Dei
1428 1174 1685 1227 unitatem
1724 1174 1988 1238 spectant.
2022 1163 2214 1220 Unita-

672 1302 693 1334 s
729 1291 833 1336 tem
860 1277 1002 1332 enim
1034 1272 1126 1327 Dei
1158 1270 1287 1334 sola,
1312 1265 1543 1322 Verbum
1568 1272 1622 1316 et
1649 1260 1883 1331 Spiritus
1917 1265 2210 1328 spectauta

670 1371 793 1426 Haec
821 1368 874 1422 in
908 1362 1250 1433 sequentibus
1302 1354 1621 1410 conﬁrmare
1672 1352 1879 1413 nititur,
1924 1346 2212 1415 inquiens:

674 1478 693 1511 s
728 1458 785 1513 Si
818 1456 1017 1511 idcirco
1046 1450 1285 1505 videatur
1310 1445 1543 1501 Verbum
1575 1442 1640 1497 de
1678 1440 1836 1495 Patre
1864 1436 2211 1508 processisse,

671 1566 690 1601 s
731 1558 785 1603 et
814 1546 877 1599 ad
905 1557 1002 1598 nos
1027 1539 1333 1601 advenisse;
1357 1532 1588 1604 Spiritus
1614 1540 1791 1585 autem
1817 1516 2051 1589 sanctus,
2072 1527 2212 1594 quod

582 1702 591 1706 _
672 1658 691 1690 s
725 1648 779 1692 et
806 1636 980 1691 fassus
1011 1639 1094 1684 est
1119 1626 1381 1689 Asterius,
1431 1638 1461 1677 a
1500 1621 1658 1677 Patre
1684 1618 1976 1688 egreditur.
2006 1614 2214 1669 Rursus

673 1752 692 1784 s
726 1740 900 1784 autem
937 1725 1001 1780 de
1024 1722 1224 1791 Spiritu
1256 1717 1516 1773 Servatur
1542 1714 1635 1777 ait,
1670 1710 1822 1777 Quod
1851 1725 1953 1762 non
1976 1707 2214 1777 loquetur

2386 524 2559 594 ἀπίου
2588 523 2955 591 Πνεύμαεος.

2393 614 2484 678 Ὠς
2498 610 2566 669 αὖ
2582 613 2744 669 πάλιν
2761 610 2969 684 MSS)
2982 610 3045 665 τὸ
3060 609 3337 678 λέγειν,τά
3346 607 3475 681 τρία
3491 603 3651 672 εἷναι,
3670 609 3763 663 τὸν
3781 606 3888 663 Πα-

2311 706 2450 779 τέρα
2475 705 2685 760 καὶτὸν
2720 704 2847 758 Υἱὺν
2881 704 2977 758 καὶ
3016 702 3078 756 τὺ
3118 702 3272 770 ἃγιον
3310 699 3531 771 Πνεῦμα
3557 716 3572 730 ·
3594 698 3885 753 Σαόελλίοο

2313 797 2423 870 γὰρ
2462 797 2557 851 καὶ
2599 795 2772 850 τοῦτο.
2814 797 2880 850 '0
2915 794 2973 849 δέ
3010 793 3106 848 καὶ
3147 792 3279 846 αὐτὸ
3312 791 3627 863 Μάρκελλος
3666 784 3773 845 ὧδέ
3806 805 3886 860 πη

2314 888 2641 959 ἀπεφαίνετο
2678 887 2933 959 γράφων·
2980 903 3001 937 ε
3025 883 3309 939 Ἀδύνατον
3336 883 3445 954 γὰρ
3466 886 3615 954 τρεῖς
3648 882 3886 937 ὑποστά-

2319 996 2339 1031 s
2369 994 2483 1042 σεις
2518 976 2703 1041 οὔσας,
2745 974 2994 1031 ἐνοῦσθαι
3045 973 3267 1045 μονάδι,
3323 974 3372 1025 εί
3426 971 3502 1044 μὴ
3545 972 3811 1044 πρότερον
3849 972 3884 1042 ἡ

2319 1086 2340 1121 r
2369 1067 2536 1140 Τριας
2563 1067 2662 1139 τὴν
2689 1067 2864 1139 ἀρχὴν
2880 1066 2989 1121 duo
3008 1065 3229 1138 μονάδος
3266 1064 3377 1137 ἐχοι
3396 1082 3409 1095 ·
3436 1067 3618 1120 ἐκεῖνα
3639 1064 3751 1137 γάρ
3772 1064 3885 1135 (57)

2320 1177 2339 1209 s
2366 1154 2894 1227 άνακεφαλαιοῦσθαι
2929 1154 3098 1227 ἔφησε
3139 1154 3326 1227 μονάδι
3356 1157 3385 1209 ό
3414 1154 3554 1227 ίερδς
3579 1154 3815 1220 Παῦλος,
3848 1154 3886 1210 ἃ

2319 1269 2338 1302 s
2373 1250 2537 1322 μηδέν
2578 1252 2644 1321 τῇ
2684 1248 2896 1319 ἐνότητι
2933 1247 3012 1318 τῷ
3040 1246 3159 1318 Θεῷ
3199 1246 3464 1318 διαφέρει.
3500 1246 3740 1315 Ἐνότητι
3776 1245 3886 1317 γάρ

2320 1359 2339 1393 s
2368 1340 2603 1409 όΛόγος,
2640 1340 2736 1393 καὶ
2771 1338 2833 1391 τὸ
2857 1337 3100 1409 Πνεῦμα,
3136 1334 3217 1405 τῷ
3252 1334 3371 1405 8εῷ
3401 1333 3644 1406 διαφέρει
3690 1333 3879 1405 μόνα.»

2313 1429 2443 1487 Εἶτα
2457 1432 2708 1503 πειρᾶται
2724 1429 2879 1484 τοῦτο
2892 1426 3316 1491 κατασκευάζειν
3330 1424 3456 1495 ἐξῆς
3473 1423 3676 1496 προῖὼν
3692 1426 3788 1478 καὶ
3800 1423 3887 1477 u.

2312 1539 2441 1593 1wV°
2488 1540 2506 1573 ι
2533 1522 2597 1575 El
2632 1520 2808 1574 τοίνυν
2833 1521 2861 1573 ό
2902 1518 3074 1586 Λόγος
3092 1515 3333 1587 φαίνοιτο
3355 1515 3414 1580 ἐξ
3442 1514 3607 1569 αὑτοῦ
3645 1513 3741 1567 τοῦ
3772 1514 3885 1567 Ila.-

2318 1634 2336 1668 ι
2362 1614 2489 1686 τρὸς
2509 1612 2736 1679 ἐξελθὼν
2755 1613 2849 1666 καὶ
2868 1611 3003 1683 πρὸς
3030 1610 3176 1682 ημᾶς
3198 1606 3489 1680 ἐληλυθὼς.
3504 1606 3566 1660 τδ
3582 1606 3639 1660 δέ
3659 1605 3886 1676 Πνεῦμα

2318 1726 2337 1758 s
2368 1706 2430 1760 τὺ
2469 1707 2643 1773 ἅγιον,
2684 1703 2759 1768 ὼς
2791 1702 2886 1758 καὶ⁷
2914 1702 3188 1774 Ἀστέριος
3222 1699 3563 1771 ὡμολόγησε,
3596 1697 3749 1769 παρὰ
3789 1694 3882 1750 τοῦ

672 1840 690 1872 ε
729 1820 795 1873 de
836 1816 1024 1883 seipso,
1057 1784 1144 1865 sed
1193 1817 1509 1874 quacunque
1540 1799 1719 1852 audiet
1769 1797 2009 1863 loquetur
2056 1807 2139 1856 ea,
2164 1799 2211 1842 et

2324 1814 2339 1847 r
2363 1796 2575 1867 Πατρὸς
2594 1793 2968 1865 ἐκπορεύεταν
2988 1787 3141 1856 αὖθις
3158 1807 3221 1844 τε
3240 1790 3468 1860 όΣωτήρ
3491 1804 3624 1858 φησι
3648 1784 3882 1857 περὶτοῦ

672 1929 690 1960 ι
720 1924 835 1979 qua:
862 1881 1074 1959 uentura
1102 1907 1221 1951 sunt
1258 1890 1589 1948 annuntiabit
1619 1888 1781 1941 vobis.
1813 1884 1915 1939 Ille
1945 1899 2022 1937 me
2052 1881 2215 1951 glori-

670 2019 690 2052 ι
731 1974 927 2069 ﬁcabit,
960 1992 1207 2063 quoniam
1248 1986 1311 2039 de
1357 1999 1435 2037 me
1475 1990 1662 2044 suntet,
1694 1988 1743 2032 et
1768 1974 2213 2029 annuntiabitvo-

672 2109 691 2141 ε
724 2064 800 2142 liis
831 2086 897 2139 “.
934 2082 1045 2137 Non
1078 2080 1165 2136 hic
1188 2084 1334 2131 certe
1369 2074 1583 2143 quidem
1622 2076 1805 2139 aperte
1848 2075 1901 2122 et
1937 2064 2215 2133 perspicue

672 2196 692 2230 s
725 2184 940 2246 apparet
959 2185 1143 2225 monas
1168 2164 1343 2219 Verbo
1368 2158 1618 2215 ineﬂ‘abili
1635 2166 1853 2212 extensa
1878 2154 1943 2207 ad
1966 2151 2211 2216 triadem,

673 2288 691 2320 ι
740 2243 1044 2333 neutiquam
1092 2272 1216 2312 vero
1263 2252 1539 2309 divisionis
1599 2248 1826 2317 patiens.
1866 2244 1925 2299 Si
1974 2243 2119 2297 enim
2149 2243 2216 2296 de

670 2376 689 2408 ε
722 2355 880 2409 Patre
920 2350 1151 2405 Verbum
1199 2342 1380 2414 egredi
1419 2341 1471 2395 in
1523 2338 1766 2392 confesso
1790 2343 2063 2404 ponatur:
2104 2343 2214 2385 tum

670 2466 690 2499 ε
724 2456 780 2501 et
805 2442 1039 2512 Spiritus
1089 2438 1151 2492 de
1178 2435 1367 2491 eodem
1412 2432 1572 2486 Patre
1615 2427 1940 2497 egrediatur.
1966 2424 2033 2477 Et
2060 2423 2105 2477 si
2150 2422 2219 2476 de

669 2554 690 2589 s
727 2535 930 2605 Spiritu
973 2531 1224 2599 loquatur
1267 2524 1569 2579 Servator:
1619 2517 1718 2572 Ille
1754 2517 1818 2571 de
1860 2532 1939 2569 me
1967 2521 2131 2568 sumet
2170 2522 2217 2566 et

672 2648 692 2681 ι
726 2604 1055 2682 annuntiabit
1098 2620 1261 2681 vobis,
1311 2626 1457 2671 certe
1490 2627 1594 2675 non
1642 2619 1724 2664 est
1776 2609 1829 2661 in
1861 2606 2081 2676 proclivi
2142 2604 2215 2658 ita

671 2739 693 2775 s
726 2719 980 2790 positum,
1008 2710 1100 2767 sed
1124 2720 1299 2763 tamen
1324 2702 1696 2759 absconditum
1730 2699 1992 2767 quoddam
2022 2704 2217 2766 mysta.

670 2828 691 2862 s
722 2785 855 2863 rium
891 2802 1173 2859 revelatur.
1201 2797 1332 2851 Nam
1356 2793 1455 2848 nisi
1492 2805 1697 2853 monas,
1726 2785 2065 2842 indivisibilis
2094 2800 2215 2839 cum

670 2921 691 2954 s
728 2902 819 2963 sit,
857 2898 909 2952 in
954 2893 1176 2950 triadem
1228 2888 1563 2947 dilataretur,
1608 2879 1876 2951 quomodo
1904 2880 1969 2933 de
2014 2876 2215 2946 Spiritu

671 2987 1122 3047 «concedendum
1182 2991 1264 3037 est
1317 2979 1582 3034 interdum
1643 2974 1978 3029 Servatorem
2037 2970 2215 3039 loqui,

672 3104 691 3137 ι
736 3082 873 3152 quod
907 3076 1161 3145 procedat
1182 3088 1212 3127 e
1236 3071 1425 3133 Patre;
1455 3066 1717 3121 interdum
1747 3078 1893 3128 vero,
1920 3061 2018 3116 Ille
2043 3061 2105 3115 de
2137 3078 2217 3114 me

2320 1887 2490 1941 «Πνεύ
2498 1902 2685 1957 ματος,
2704 1885 2825 1937 Ὅτι
2838 1884 2951 1938 οὐκ
2968 1883 3068 1953 ἀφ’
3089 1880 3302 1935 ἑαυτοῦ
3316 1878 3597 1944 λαλήσει,
3613 1878 3749 1932 ἀλλ’
3768 1875 3885 1929 ὅσα

2320 1998 2338 2030 s
2362 1980 2627 2043 ἀκούσει,
2660 1975 2945 2042 λαλήσει·
2990 1974 3087 2028 καί
3128 1972 3203 2026 τὰ
3238 1972 3530 2042 ἐρχόμενα
3569 1966 3889 2037 ἀναγγελεῖ

2320 2088 2341 2121 r
2365 2069 2521 2139 ὑμῖν.
2552 2067 2814 2132 Ἐκεῖνός
2827 2082 2904 2135 με
2924 2063 3189 2129 δοξάσει,
3207 2062 3295 2117 ὅτι
3314 2063 3380 2116 ὲκ
3404 2060 3512 2115 τοῦ
3532 2059 3678 2129 ἐμοῦ
3692 2056 3879 2126 λήψε-

2320 2178 2339 2211 ι
2374 2176 2465 2213 ται
2485 2159 2581 2213 καὶ
2608 2156 2919 2228 ἀναγγελεῖ
2936 2154 3095 2225 ὑμῖν.
3118 2155 3191 2208 Οὐ
3210 2151 3395 2221 σαφῶς
3417 2151 3513 2204 καὶ
3530 2148 3781 2220 φανερῶς
3800 2150 3880 2199 ἐν-

2321 2270 2340 2303 (
2377 2249 2550 2304 ταῦθα
2573 2249 2683 2321 (38)
2713 2249 3004 2322 ἀπορρήτῳ
3022 2245 3179 2314 Λόγῳ
3201 2246 3234 2315 ἡ
3268 2240 3433 2314 μονάς
3456 2240 3725 2311 φαίνεται,
3748 2238 3881 2290 πλα⁶

2322 2360 2340 2393 ι
2375 2342 2636 2412 τυνομὲνη
2672 2339 2769 2411 μὲν
2811 2341 2892 2402 είς
2923 2337 3135 2409 τρίαδα,
3162 2332 3482 2405 διαιρεῖσθαι
3518 2331 3574 2385 δέ
3617 2329 3880 2402 tandem};

2323 2454 2342 2486 ι
2380 2434 2741 2505 ὑπομένουσα.
2786 2433 2849 2486 Εί
2883 2430 2991 2502 γὰρ
3036 2432 3064 2483 ὁ
3096 2429 3194 2499 μὲν
3221 2428 3390 2496 Λόγος
3430 2426 3495 2477 ἐκ
3535 2422 3629 2479 τοῦ
3669 2421 3881 2492 Πατρὸς

2323 2543 2341 2576 ι
2379 2523 2750 2595 ἐκπορεύεται,
2778 2522 2839 2575 τὸ
2861 2522 2918 2575 δὲ
2942 2520 3165 2591 Πνεῦμα
3189 2520 3281 2572 καὶ
3302 2518 3430 2571 αὐτὸ
3454 2516 3794 2587 ὁμολογεῖται
3818 2514 3881 2565 ἐκ

2323 2633 2341 2666 ι
2376 2613 2467 2667 τοῦ
2496 2612 2707 2685 Πατρός
2739 2610 3150 2683 ἐκπορεύεσθαι,
3177 2604 3330 2671 αὖθις
3352 2624 3411 2661 τε
3435 2606 3561 2677 περὶ
3587 2604 3683 2658 τοῦ
3714 2601 3883 2657 Πνεύ-

2323 2723 2341 2756 r
2383 2721 2549 2775 ματος
2572 2702 2662 2756 τὸν
2691 2702 2913 2771 Σωτῆρα
2932 2700 3109 2768 λέγειν
3129 2716 3143 2729 ’
3194 2696 3455 2762 Ἐκεῖνος
3486 2697 3555 2749 ὲκ
3592 2694 3700 2748 τοῦ
3736 2691 3880 2763 ἐμοῦ

2322 2813 2342 2847 ι
2368 2794 2621 2864 λήψεται
2641 2792 2739 2847 καί
2757 2790 3077 2861 ἀναγγελεῖ
3095 2790 3253 2859 ὑμῖν,
3268 2788 3329 2842 ού
3351 2787 3459 2858 γὰρ
3482 2785 3744 2857 πρόδηλόν
3768 2788 3879 2839 ἐστι

2323 2906 2341 2939 ι
2380 2885 2754 2957 κεκρυμμένον
2788 2881 3259 2937 ἀνακαλύπτεσθαι
3299 2897 3352 2941 τι
3398 2878 3713 2949 μυστήριον.
3759 2875 3881 2938 Πῶς

2324 2996 2343 3030 ε
2373 2978 2501 3049 γὰρ,
2532 2981 2579 3031 εἰ
2606 2976 2678 3047 μὴ
2705 2978 2737 3046 ἡ
2764 2974 2928 3045 μονὰς
2951 2973 3251 3044 ἀδιαίρετος
3270 2967 3402 3025 οὖσα
3428 2972 3508 3033 είς
3532 2969 3724 3040 τριάδα
3751 2966 3881 3021 πλα-

2325 3090 2343 3121 ι
2372 3071 2597 3133 τύνοιτο,
2636 3070 2865 3138 ἐγχωρεί
2902 3067 3062 3119 αὑτὸν
3101 3065 3228 3133 περὶ
3259 3061 3351 3115 τοῦ
3401 3058 3713 3129 Πνεῦματός
3752 3073 3879 3110 ποτε

674 3188 692 3220 s
730 3145 970 3235 dccrpiet,
1012 3171 1061 3217 et
1105 3157 1439 3213 annuntiabit
1477 3154 1618 3208 vobis
1649 3170 1668 3217 ;
1700 3162 1860 3221 atque
1921 3151 2112 3207 iterum
2164 3150 2218 3203 in

2324 3178 2343 3212 ε
2387 3159 2483 3229 μὲν
2518 3157 2690 3225 λέγειν
2723 3156 2803 3207 ὃτι
2840 3157 2903 3207 ἐκ
2946 3153 3038 3206 τοῦ
3093 3151 3301 3221 Πατρὸς
3345 3148 3720 3220 ἐκπορεύεται,
3754 3146 3879 3199 τεοτέ

676 3280 694 3313 ι
734 3257 1021 3327 discipulos
1075 3252 1301 3321 spirare,
1348 3256 1403 3302 et
1448 3247 1650 3310 dicere,
1701 3243 1930 3309 Accipite
1962 3239 2217 3311 Spiritum

675 3371 695 3404 s
740 3358 977 3403 saucium
1007 3343 1162 3396 “‘"i
1196 3342 1324 3396 Nam
1363 3338 1406 3392 si
1436 3352 1467 3391 e
1492 3336 1650 3390 Patre
1675 3333 1931 3403 procedit,
1956 3333 2222 3401 quomodo

673 3464 695 3495 s
734 3444 833 3497 hoc
863 3454 889 3491 a
911 3438 1045 3493 Filio
1062 3430 1416 3488 ministerium
1444 3428 1687 3495 accipere
1707 3423 2220 3493 perpromissionem

672 3552 693 3585 s
731 3524 1205 3601 peteritiNecesse
1236 3530 1318 3573 est
1342 3517 1565 3579 enim,si
1595 3515 1709 3568 dum
1734 3514 1858 3576 sint,
1890 3522 1947 3565 ut
1978 3511 2222 3565 Asterius

675 3644 695 3677 ι
729 3622 957 3681 dicebat,
986 3616 1168 3671 divisae
1224 3624 1481 3681 personae,
1517 3616 1577 3660 ut
1607 3606 1690 3661 vel
1726 3603 1977 3673 Spiritus,
2017 3602 2109 3671 qui
2155 3602 2221 3656 de

676 3734 694 3765 s
733 3714 889 3767 Patre
920 3706 1183 3779 procedit,
1210 3718 1315 3759 non
1339 3700 1575 3769 indigeat
1606 3713 1633 3750 a
1657 3695 1793 3750 Filio
1825 3693 2103 3749 {unctione
2128 3691 2224 3747 de-

675 3825 694 3857 ε
725 3806 893 3872 legata
934 3801 1110 3869 aliqua
1141 3797 1284 3867 (nam
1324 3792 1465 3861 quod
1484 3794 1548 3846 de
1575 3788 1733 3843 Patre
1756 3785 1998 3856 procedit
2048 3783 2223 3837 muni-

676 3916 695 3948 ε
731 3910 799 3949 no
825 3889 1124 3946 necessario
1156 3883 1448 3956 perfectura
1505 3891 1607 3943 est,
1661 3892 1761 3934 nec
1798 3877 1958 3930 ullius
1999 3873 2222 3929 alterius

678 4003 696 4036 ε
740 3984 940 4051 indiget
989 3978 1242 4044 auxilio);
1273 3984 1365 4028 aut
1397 3973 1441 4028 si
1493 3972 1557 4025 de
1599 3969 1734 4023 Filio
1768 3966 2043 4036 procedat,
2070 3975 2125 4019 et
2156 3962 2223 4016 ab

678 4096 695 4127 s
736 4076 825 4129 illo
849 4080 1042 4132 sumat,
1074 4078 1127 4122 et
1167 4065 1391 4136 gratiam
1430 4063 1495 4116 de
1526 4061 1669 4115 illius
1699 4058 1994 4112 ministerio
2030 4067 2223 4122 suppeo

677 4187 697 4217 ε
721 4168 872 4228 ditet,
910 4179 1012 4217 non
1040 4165 1149 4232 jam
1182 4170 1237 4213 ut
1266 4160 1330 4211 de
1350 4156 1509 4210 Patre
1540 4151 1927 4221 progrediatur.
1961 4166 1979 4199 ι
2011 4146 2076 4199 Et
2107 4153 2224 4214 post

672 4258 777 4311 alia
801 4254 1095 4309 subinfert:
1122 4273 1139 4303 ι
1166 4253 1221 4307 Si
1248 4246 1590 4315 Evangelium
1610 4241 1919 4311 dixitquod,
1945 4238 2033 4293 ubi
2056 4237 2223 4305 inspi-

678 4366 697 4399 s
730 4356 941 4400 raverat
966 4348 1017 4399 in
1047 4340 1527 4411 discipulos,dixit,
1566 4337 1794 4404 Accipite
1833 4330 2081 4400 Spiritum
2104 4344 2225 4380 san-

2328 3268 2346 3299 ε
2374 3248 2431 3301 δέ
2475 3247 2681 3315 λέγειν,
2726 3243 2977 3310 Ἐκεῖνος
3024 3244 3093 3297 ἐκ
3134 3241 3241 3296 τοῦ
3283 3239 3429 3310 ἐμοῦ
3474 3238 3735 3308 λήψεται
3783 3236 3879 3291 καὶ

2328 3358 2346 3390 ι
2378 3335 2691 3405 ἀναγγελεῖ
2718 3334 2877 3404 ὑμῖν.
2906 3330 3067 3397 Αὖθίς
3082 3350 3141 3385 τε
3156 3332 3542 3403 ἐμφυσήσαντα
3573 3332 3685 3394 τοῖς
3712 3329 3879 3399 μαθη-

2326 3447 2345 3481 ι
2377 3431 2516 3490 ταῖς,
2538 3426 2753 3481 Λάϐετε
2778 3424 3017 3494 Πνεῦμα
3048 3423 3239 3492 ἅγιον,
3274 3421 3581 3493 εἰρηκέναις
3620 3420 3743 3483 Πῶς
3775 3431 3880 3489 γαρ

2325 3538 2345 3571 s
2387 3519 2434 3571 εί
2476 3519 2539 3571 ἐκ
2574 3515 2667 3569 τοῦ
2697 3514 2909 3587 Πατρὸς
2942 3511 3297 3585 ἐκπορεύεται
3329 3512 3477 3583 παρὰ
3498 3510 3593 3564 τοῦ
3624 3510 3755 3564 Υίοῦ
3784 3510 3880 3581 τὴν

2326 3630 2346 3665 ε
2382 3610 2652 3667 διακονίαν
2682 3608 2885 3680 ταύτην
2911 3608 3175 3663 διακονεῖν
3208 3606 3633 3674 ἐπαγγέλλεταις
3666 3605 3880 3673 ἀνάγκη

2326 3723 2346 3756 ι
2384 3704 2491 3775 γὰρ
2513 3704 2561 3755 εί
2586 3701 2679 3755 δύο
2693 3699 3061 3771 διαιρούμενα,
3082 3698 3159 3763 ὡς
3188 3700 3458 3770 Ἀστέριος
3472 3697 3598 3768 ἔφη,
3618 3697 3880 3767 πρόσωπα

2328 3813 2347 3845 ι
2385 3793 2493 3864 εἴη,
2530 3792 2564 3863 ἢ
2607 3791 2667 3844 τὸ
2709 3790 2931 3861 Πνεῦμα
2971 3793 3033 3844 ἐκ
3078 3788 3163 3842 τοῦ
3205 3789 3415 3859 Πατρὸς
3458 3787 3880 3858 ἐκπορευόμενον

2328 3900 2348 3933 r
2391 3883 2465 3953 μὴ
2493 3881 2697 3935 δεῖσθαι
2728 3881 2829 3950 τῆς
2854 3880 3004 3952 παρὰ
3040 3879 3134 3932 τοῦ
3165 3880 3294 3933 Υίοῦ
3327 3879 3599 3940 διακονίας
3623 3881 3753 3947 (πᾶν
3776 3878 3882 3947 γάρ

2328 3987 2348 4019 ι
2386 3970 2450 4020 ἐκ
2485 3967 2693 4037 Πατρδς
2711 3967 3140 4039 ἐκπορευόμενον
3161 3969 3362 4021 τέλειον
3378 3963 3763 4040 εἶναιάνάγκη,
3780 3984 3882 4038 μη-

2328 4078 2347 4110 s
2387 4059 2570 4129 δαμῶς
2585 4058 2974 4129 προσδεόμενον
2994 4060 3090 4129 τῆς
3107 4060 3235 4131 παρ’
3254 4059 3439 4130 ἐτέρου
3457 4057 3751 4129 βοηθείας),
3772 4058 3881 4128 (39)

2329 4167 2348 4199 ι
2378 4151 2411 4221 ἢ
2447 4151 2493 4201 εί
2516 4148 2662 4218 παρὰ
2695 4146 2787 4201 τοῦ
2819 4147 2948 4200 Υίοῦ
2992 4146 3287 4218 λαμϐάνει,
3321 4149 3410 4201 καὶ
3443 4150 3507 4201 ἐκ
3534 4148 3631 4217 τῆς
3680 4148 3882 4203 ἐκείνου

2330 4260 2349 4291 ι
2387 4240 2660 4309 δυνάμεως
2698 4238 2963 4311 διακονοίη
3000 4238 3098 4311 τὴν
3130 4239 3288 4311 χάριν
3326 4240 3517 4310 μηκέτι
3546 4239 3613 4291 ἐκ
3638 4238 3731 4292 τοῦ
3772 4240 3882 4293 Ila-

2330 4349 2348 4381 ι
2383 4332 2509 4400 τρὸς
2520 4329 2924 4400 ἐκπορεύεσθαι.
2954 4348 2970 4381 ι
2993 4331 3100 4383 Καὶ
3116 4331 3233 4401 μεθ’
3251 4332 3411 4402 ἕτερα
3426 4332 3618 4400 ἐπάγει
3633 4330 3766 4401 (4w)-
3783 4350 3803 4383 ι
3823 4332 3885 4387 El

680 4460 697 4490 s
738 4449 901 4500 ctum,
934 4446 1078 4505 patet
1108 4434 1245 4501 quod
1278 4432 1343 4485 de
1371 4429 1542 4484 Verbo
1566 4425 1937 4497 progrediatur
1969 4420 2220 4490 Spiritus.

2333 4439 2351 4470 ι
2384 4420 2439 4472 δὲ
2488 4420 2547 4472 τὸ
2591 4418 2914 4488 Εὑαγγέλιον
2957 4420 3037 4472 ὅτι
3081 4419 3401 4491 ἐμφυσήσας
3444 4421 3555 4483 τοῖς
3599 4420 3883 4491 μαθηταῖς,

679 4551 697 4582 ε
735 4530 1012 4598 Quomodo
1065 4527 1250 4595 igitur,
1300 4524 1343 4576 si
1398 4522 1463 4575 de
1506 4519 1683 4572 Verbo
1725 4514 1988 4585 procedit,
2043 4524 2220 4564 rursus

2338 4530 2355 4561 ε
2392 4510 2608 4564 Λάϐετε
2656 4512 2897 4581 Πνεῦμα
2945 4511 3133 4580 ἅγιον,
3169 4509 3644 4580 ἔφησεμδηλονότι
3687 4512 3752 4563 ἐκ
3792 4509 3883 4563 τοῦ

680 4644 697 4674 s
733 4625 871 4676 idem
909 4630 961 4674 et
992 4621 1055 4673 de
1093 4617 1253 4671 Patre
1285 4608 1691 4683 progrediatur?
1728 4625 1745 4657 ι
1780 4605 2030 4672 Adjungit
2077 4600 2229 4653 dein-

675 4730 829 4782 reps:
855 4734 873 4764 ι
903 4711 1073 4765 Minus
1100 4724 1227 4776 ergo
1254 4715 1416 4767 recte,
1448 4702 1623 4755 minus
1653 4697 2037 4752 convenienter
2066 4692 2223 4752 dixit.

682 4826 699 4857 s
742 4781 847 4859 tres
895 4817 1014 4858 esse
1060 4802 1372 4871 hypostases
1409 4812 1423 4847 :
1472 4807 1571 4847 nec
1615 4789 1743 4844 illud
1792 4801 1895 4840 una
1936 4785 2073 4847 vice,
2130 4781 2224 4836 sed

2339 4619 2358 4652 ε
2399 4601 2566 4669 Λόγου
2591 4602 2649 4654 τὸ
2664 4601 2891 4670 Πνεῦμα
2918 4600 3105 4671 ἐξῆλθε
3122 4616 3136 4631 ·
3167 4599 3283 4662 πῶς
3306 4595 3418 4662 οῦν,
3439 4599 3488 4651 εί
3512 4601 3577 4651 ἐκ
3600 4598 3693 4652 τοῦ
3718 4598 3883 4667 Λόγω

2338 4711 2356 4743 ι
2393 4692 2450 4744 τὸ
2465 4690 2681 4761 Πνεῦμα
2702 4690 2954 4762 προῆλθε,
2970 4689 3130 4743 πάλιν
3152 4689 3212 4741 τὸ
3231 4689 3359 4742 αὐτὸ
3381 4690 3446 4741 ἐκ
3463 4687 3553 4741 τοῦ
3570 4689 3781 4759 Πατρός
3804 4691 3887 4743 h-

2339 4801 2356 4831 ι
2397 4781 2695 4853 πορεύεται.
2712 4800 2730 4831 ι
2750 4782 2856 4834 Καὶ
2871 4779 3191 4851 προστίθησι
3207 4777 3324 4850 μεθ’
3340 4779 3517 4848 ἐτερα·
3550 4778 3693 4832 coax
3717 4777 3885 4849 ὀρθῶς

750 4988 809 5046 »14
837 4977 1160 5045 Ed.Paris.,
1205 4991 1324 5046 pag.
1362 4972 1483 5027 l68.
1555 4972 1599 5002 '°
1631 4968 1784 5024 Joan.
1814 4983 1923 5033 xvi,
1951 4967 2036 5031 15,
2065 4967 2157 5022 Η.

2324 4969 2347 4999 ³
2369 4965 2522 5021 Joau.
2555 4979 2645 5027 xx,
2674 4962 2766 5018 22.

749 5140 860 5211 (36)
888 5143 959 5193 To
998 5138 1216 5209 λέγειν,
1260 5136 1331 5190 τὰ
1364 5133 1497 5256 gain
1549 5132 1720 5185 εἶναι.
1763 5127 2026 5185 Nimirum
2064 5148 2225 5186 unum

749 5226 838 5256 Ille
866 5210 1111 5256 eumdem
1138 5207 1324 5256 Deum.
1417 5203 1478 5255 ῦν
1510 5203 1627 5256 μὲν.
1666 5202 1741 5256 ὡς
1769 5199 2006 5256 Πατέρα.
2042 5201 2135 5255 νῦν
2171 5203 2225 5256 δὲ

679 5199 1111 5277 arqne'eumdem
1138 5199 1324 5277 Deum.
1364 5199 1478 5277 ῌῦν
1509 5203 1627 5277 μὲν,
1666 5202 1741 5277 die
1769 5199 2006 5277 Πατέρα,
2042 5201 2135 5277 νῦν
2171 5203 2229 5277 δὲ

676 5267 903 5343 ὡς’Υίόν
918 5294 932 5307 ·
951 5277 1044 5331 νῦν
1080 5276 1155 5336 δέ.
1172 5276 1246 5338 ὡς
1273 5272 1493 5343 Πνεῦμα
1510 5267 1677 5343 ίάγιον
1691 5267 2031 5343 διαλέγεσθαι
2051 5310 2065 5331 ,
2096 5273 2237 5343 dixit

683 5339 964 5411 Saliellins,
1016 5358 1076 5401 ut
1111 5347 1295 5413 Basil.,
1330 5339 1554 5414 epistola
1589 5342 1681 5396 δι.
1717 5339 1788 5394 Μ.
1822 5366 1892 5381 —-
1922 5341 2039 5396 Mox
2076 5342 2236 5413 vulgo

680 5419 825 5485 άπεφ
861 5416 1122 5488 .γράφων.

750 5480 860 5559 (5⁷7)
880 5480 1498 5559 ,Ἄνακεεραιαιοῦσθαα
1516 5480 1717 5549 Opinor
1733 5481 1955 5559 respicit
1976 5481 2232 5559 Ephes._l,

686 5551 774 5618 lo,
841 5551 927 5610 mn
982 5551 1171 5624 Apost.
1228 5556 1302 5606 ait
1353 5554 1529 5607 omnia
1604 5551 1956 5624 recolligenda
2008 5567 2128 5624 esse
2171 5552 2230 5624 in

682 5626 914 5705 Caristia,
969 5618 1046 5680 τᾶ
1085 5626 1156 5678 ἐν
1209 5624 1365 5705 τοῖς)
1389 5622 1682 5703 apparet},
1722 5620 1834 5705 nisi
1881 5621 2096 5705 tri-fni.
2122 5618 2235 5700 τῆς

683 5693 817 5762 τῆς,
860 5710 978 5763 qua:
1009 5706 1155 5747 certe
1198 5692 1590 5763 sanctissimam
1642 5694 1900 5763 unitatem
1947 5690 2233 5763 Trinitatis

686 5760 789 5819 non
814 5760 1182 5832 respiciebant.
1204 5763 1271 5816 Μ.
1304 5792 1371 5803 --
1396 5762 1525 5816 Dein
1567 5762 1723 5829 vulgo
1748 5760 1898 5829 ἅγιον
1944 5762 2037 5815 καὶ
2081 5761 2225 5813 Ἀστ.

2398 5128 2508 5199 (38)
2565 5121 2895 5199 Ἀπορρήτῳ
2952 5119 3145 5199 Λόπρ..
3205 5117 3404 5199 Forte,
3460 5118 3759 5191 ἀπορρήτῳ
3832 5119 3885 5173 δι

2330 5189 2572 5269 Λόγῳύι
2601 5189 2794 5269 sensus
2826 5192 2918 5249 sit.
2950 5204 3057 5243 non
3094 5191 3183 5269 h_ic
3200 5189 3419 5269 quidem
3462 5189 3744 5269 spei-teet
3779 5203 3887 5269 ms-

2335 5257 2548 5331 niieste,
2577 5264 2671 5320 sed
2706 5262 2955 5331 abstruso
2984 5257 3232 5331 quodam
3247 5257 3509 5331 loquendi
3536 5258 3698 5314 modo
3715 5258 3888 5331 unitas

2336 5327 2546 5392 videtur
2580 5335 2633 5389 in
2670 5330 2989 5397 Trinitatem
3037 5328 3281 5382 diluuia.
3331 5327 3386 5382 Id
3417 5330 3562 5397 enim
3609 5330 3885 5397 sequentia

2338 5412 2549 5471 docent,
2585 5402 2706 5471 οὐχὶ
2741 5396 3003 5471 πρόδηλόν
3060 5397 3199 5458 ἐστι,
3253 5406 3358 5471 etc.
3404 5395 3540 5471 Quae
3574 5395 3889 5471 sequuntur,

2340 5463 2925 5598 Grfieﬁornm'ﬁrroretu
2953 5468 3022 5523 de
3044 5466 3395 5538 processione
3448 5463 3689 5534 Spiritus
3724 5466 3891 5521 uncti

2344 5562 2402 5598 I'C
2428 5562 2455 5597 ε
2501 5554 2616 5597 III“.
2731 5580 2745 5593 .

2344 5548 2616 5601 refellunt.
2672 5548 2745 5593 Μ.

2410 5616 2527 5687 (39)_
2548 5612 2715 5687 Παρὰ
2749 5607 2855 5687 ςρῦ
2886 5603 3361 5687 neglegebat.
3593 5614 3651 5662 et
3675 5605 3757 5663 sic
3770 5604 3827 5678 ἢ,
3849 5605 3893 5660 sl

2339 5674 2531 5739 ἐκποῦ
2561 5674 2711 5736 Υίόῦ.
2751 5678 2823 5732 Μ.
2854 5707 2925 5719 —-
2955 5678 3041 5747 (El
3067 5674 3196 5747 add.
3232 5690 3295 5729 ex
3332 5674 3516 5747 codd.)

2408 5753 2520 5826 (ιο)
2548 5751 2713 5821 Vulgo
2735 5750 2859 5819 εφη,
2892 5757 2944 5803 et
2963 5740 3100 5802 'tuox
3119 5740 3255 5800 εἶναι
3288 5743 3479 5815 φῆσαι.
