4106 6396
278 418 423 479 1009

1217 422 1303 475 DE
1349 421 1889 477 ECCLESIASTICA
1931 415 2328 475 TIIEOLOGIA
2368 413 2492 468 LIB.
2541 411 2620 467 111.

3428 406 3564 467 1010

278 556 296 588 ι
340 535 716 606 Παράκλητος,
738 536 922 604 ὃνὲγὼ
955 535 1155 606 πέμψω
1183 537 1308 606 ὑμῖν
1328 536 1475 606 παρὰ
1505 535 1598 588 τοῦ
1631 536 1844 608 Πατρὸς

1977 533 2245 588 biltiturus
2288 541 2429 596 erat,
2477 531 2644 584 alium
2694 535 2747 582 et
2805 527 3121 582 distinctum
3177 527 3244 581 ab
3274 526 3390 596 ipso
3417 544 3560 583 esse.

277 647 295 679 s
333 627 395 680 τὸ
431 627 659 697 Πνεῦμα
692 626 793 696 τῆς
831 626 1108 698 ἀληθείας,
1139 626 1168 678 ὃ
1203 627 1352 698 παρὰ
1396 626 1489 678 τοῦ
1527 627 1738 698 Πατρδς
1776 629 1865 679 ὲκ-

278 739 296 770 ι
331 720 642 788 πορεύεται,
677 721 882 782 ἐκεῖνος
915 721 1254 790 μαρτυρήσει
1281 720 1409 789 περὶ
1445 719 1604 789 ἐμοῦ,
1644 739 1661 770 t
1691 718 1756 771 δι’
1790 713 1864 771 ὧν

269 810 526 863 ἁπάντων
573 807 758 877 σαφῶς
808 809 1135 878 παρίστησιν
1176 811 1382 861 ἐκεῖνον
1430 807 1520 859 τὸν
1561 807 1652 860 ὑπ’
1697 806 1863 860 αὑτοῦ

271 901 644 970 πεμπόμενον,
679 901 772 952 καὶ
800 900 890 952 τὸν
924 900 1185 970 μέλλοντα
1219 901 1345 971 περὶ
1372 900 1539 955 αὐτοῦ
1564 902 1864 972 μαρτυρεῖν

269 993 455 1062 ἕτερον
490 985 630 1043 εἶναι
668 992 794 1061 παρ’
816 991 1026 1043 ἑαυτόν.
1070 991 1524 1062 Ἐπεξεργάζεται
1556 992 1612 1044 δὲ
1649 992 1742 1044 τὸν
1773 991 1862 1043 λό-

268 1096 363 1147 γον
395 1079 476 1132 ἔτι
503 1080 725 1146 μᾶλλον,
763 1083 857 1134 καὶ
889 1079 956 1132 δι’
983 1073 1056 1132 ὧν
1103 1081 1366 1148 ἐπιλέγει,
1408 1083 1524 1134 ἀλλ’
1565 1081 1713 1150 Ἐγὼ
1748 1081 1863 1149 τὴν

267 1171 559 1237 ἀλήθειαν
581 1172 738 1242 ,λέγω
772 1171 934 1240 ὑμῖν,
965 1171 1254 1240 συμφέρει
1289 1173 1431 1242 ὑμῖν
1465 1175 1566 1226 ἵνα
1600 1173 1714 1244 ἐγὼ
1748 1175 1860 1226 ἀπ-

265 1261 439 1328 έλθω,
471 1263 580 1317 ἐὰν
609 1265 716 1332 γὰρ
743 1263 828 1332 μὴ
856 1263 1116 1326 ἀπέλθω,
1142 1267 1174 1318 ὁ
1201 1265 1596 1334 Παράκλητος
1627 1267 1737 1320 οὐκ
1763 1266 1859 1334 5p-

266 1370 430 1423 χεται
451 1356 601 1422 πρὸς
632 1353 802 1424 ὑμᾶς.
854 1356 996 1408 Ἐὰν
1021 1354 1088 1406 δὲ
1110 1355 1401 1424 π;·ρευοὧ,
1434 1356 1649 1426 πέμψω
1674 1357 1861 1409 ai'tt‘r

265 1446 417 1513 πρὸς
443 1444 615 1514 ὑμᾶς.
668 1447 946 1498 Ἀπελθεῐν
972 1447 1026 1499 δὲ
1058 1449 1251 1501 ἑαυτὸν
1274 1448 1446 1516 λέγων
1483 1448 1542 1500 ἐν
1565 1448 1776 1511 τούτοις
1799 1465 1858 1500 τε

264 1538 326 1590 τὸ
367 1537 538 1600 πάθος
583 1537 776 1590 ἑαυτοῦ
806 1539 1066 1609 ἐσήμαινε
1109 1542 1202 1592 καὶ
1233 1539 1328 1610 τὴν
1363 1540 1502 1609 μετὰ
1530 1539 1691 1592 τοῦτο
1723 1540 1860 1610 πρὸς

264 1628 356 1682 τὸν
394 1629 610 1700 Πατέρα
647 1630 850 1683 ἄνοδον.
884 1630 979 1691 Τίς
1011 1628 1105 1683 οὖν
1140 1630 1311 1694 οὕτως
1345 1621 1570 1701 ἠλίθιος,
1609 1631 1683 1695 ὡς
1721 1630 1858 1701 μετὰ

262 1723 532 1777 τοσαύτας
564 1722 748 1792 φωνὰς
786 1718 881 1777 ἕνα
918 1723 1011 1775 καὶ
1045 1722 1136 1775 τὸν
1170 1723 1331 1775 αὐτὸν
1365 1721 1503 1776 εἶναι
1533 1725 1718 1793 φάναι,
1753 1723 1857 1776 Τὸν

261 1813 435 1868 ταῦτα
465 1813 691 1882 λέγοντα
714 1815 808 1867 καὶ
834 1813 926 1866 τὸν
957 1814 1083 1884 περὶ
1104 1809 1165 1868 οὗ
1197 1813 1348 1868 ταῦτ’
1378 1815 1584 1883 ἔλεγεν,
1638 1815 1854 1868 ἀκούων

261 1904 430 1958 αὐτοῦ
463 1905 649 1974 σαφῶς
681 1905 1051 1977 διοριζομένου
1075 1907 1171 1978 τὴν
1194 1907 1454 1977 ἀλήθειαν
1479 1907 1730 1976 φάσκειν,
1761 1909 1854 1960 καὶ
1887 1893 1927 1947 Β

261 1993 346 2057 τίς
383 1995 668 2066 ήάλήθεια
699 1996 1070 2068 παριστῶντος
1109 1998 1184 2062 ὼς
1212 2000 1260 2051 εἱ
1300 1998 1374 2068 μὴ
1405 1997 1634 2052 ἀπέλθοι
1666 2000 1850 2062 αὑτὸςν

264 2087 342 2160 μὴ
367 2088 433 2142 ἂν
475 2090 603 2142 ποτὲ
632 2090 774 2156 ἕξειν
806 2091 867 2143 τὸ
906 2090 1059 2159 ἅγιον
1107 2091 1353 2162 Πνεῦμα.
1394 2093 1457 2146 Et
1494 2093 1551 2145 δέ
1594 2110 1724 2146 ποτε
1754 2095 1854 2164 μὲν

259 2179 353 2234 τὸν
407 2182 624 2253 Πατέρα
669 2183 906 2254 πέμψειν
946 2185 1007 2238 τὸ
1054 2184 1280 2253 Πνεῦμα
1318 2184 1381 2237 τὺ
1422 2185 1598 2253 άγιον,
1631 2185 1761 2240 ποτὲ
1795 2185 1851 2238 δὲ

257 2271 452 2326 ἑαυτὸν
479 2273 788 2346 διορίζεται,
811 2277 911 2330 οὐκ
930 2277 1146 2330 ἐναντία
1171 2276 1407 2349 δήπουθε
1429 2278 1689 2332 διδάσκει·
1715 2280 1851 2332 πάν-

259 2379 330 2416 τα
378 2363 489 2436 γὰρ
525 2368 624 2420 ὃσα
669 2368 735 2422 ἂν
769 2367 938 2441 βλέπῃ
970 2369 1061 2423 τον
1093 2369 1312 2442 Πατέρα
1355 2369 1634 2434 ποιοῦντα,
1677 2371 1852 2426 ταῦτα

257 2456 460 2525 ὁμοίως
494 2461 586 2512 καὶ
625 2461 654 2513 ό
689 2459 813 2524 Υίὸς
845 2464 1016 2514 ποιεῖ·
1058 2462 1152 2516 καὶ
1185 2460 1368 2525 καθὼς
1399 2461 1609 2527 ἀκούει,
1655 2461 1847 2534 κρίνει.

264 2549 377 2620 (56)
403 2552 494 2604 Διὸ
519 2555 584 2623 τῇ
606 2552 700 2606 τοῦ
724 2554 933 2626 Πατρδς
962 2555 1160 2626 κρίσει,
1183 2554 1271 2606 ὅτε
1294 2552 1661 2624 καῖ’βούλεται
1690 2556 1718 2608 ό
1742 2557 1850 2611 Πα-

259 2637 384 2710 τὴρ.
404 2641 700 2710 τηνικαῦτα
723 2643 753 2695 δ
775 2641 900 2707 Υἱὸς
925 2644 1020 2697 καὶ
1039 2644 1105 2698 δι’
1132 2644 1294 2698 αὑτοῦ
1323 2646 1352 2698 ό
1377 2642 1565 2714 Σωτὴρ
1588 2643 1852 2696 άποστέλυ

260 2731 344 2784 λει
362 2732 477 2794 τοῖς
505 2731 617 2802 (57)
641 2732 807 2786 αὑτοῦ
834 2735 1106 2806 μαθηταῖς
1135 2735 1197 2788 τὸ
1215 2733 1438 2806 Πνεῦμα
1469 2735 1566 2806 τῆς
1591 2734 1850 2808 ἀληθείας

259 2819 325 2874 τὸ
355 2820 736 2892 Παράκλητον,
757 2822 894 2894 πρὸς
928 2824 990 2876 τὸ
1026 2823 1364 2896 παρακαλεῖν
1387 2823 1586 2888 αὐτοὺς
1615 2826 1709 2878 καὶ
1742 2842 1848 2878 πα-

265 2909 624 2982 ραμυθεῖσθαι
673 2914 756 2982 ἐφ’
781 2907 862 2977 οἷς
887 2915 1253 2986 κηρύττοντες
1291 2915 1352 2967 τὸ
1381 2915 1713 2984 Εὑαγγέλιον
1742 2917 1848 2970 ὑπὸ

257 3000 369 3054 τῶν
389 3000 721 3056 ἐλαυνόντων
745 3004 941 3068 αὐτοὺς
967 3005 1225 3076 επασχον.
1254 3005 1328 3069 Οὐ
1359 3005 1518 3074 μόνον
1540 3006 1596 3060 δὲ
1621 3007 1758 3081 πρὸς
1787 3009 1848 3061 τὸ

1971 625 2291 680 Sermonem
2336 637 2467 677 vero
2511 621 2689 676 adhuc
2730 619 2962 687 amplius
3001 619 3368 689 promovendo
3405 634 3562 690 pera-

1968 717 2065 788 git,
2089 717 2216 771 dum
2250 713 2519 771 subinfert
2547 733 2559 769 :
2589 713 2699 783 Ego
2721 714 2993 767 veritatem
3023 712 3166 767 vobis
3199 713 3338 779 dico,
3366 713 3564 766 condu-

1967 810 2037 862 cit
2067 809 2206 863 vobis
2246 818 2302 862 ut
2343 825 2435 878 ego
2481 808 2688 862 abeam.
2737 804 2878 860 Nam
2907 806 2954 860 si
2973 821 3066 874 ego
3096 820 3199 860 non
3226 805 3425 871 abiero,
3449 801 3562 858 Pa-

1965 900 2194 955 racletus
2227 900 2314 954 ille
2344 916 2446 953 non
2473 901 2638 954 veniet
2660 899 2728 952 ad
2751 915 2837 953 vos
2858 916 2875 963 ,'
2899 899 3039 968 quod
3062 900 3108 952 si
3134 913 3408 964 recessero,
3439 913 3559 952 eam

1965 1007 2060 1061 ego
2095 991 2166 1044 ad
2195 1005 2281 1044 vos
2314 991 2520 1043 mittam
2545 991 2612 1043 ⁷².
2654 989 2788 1044 Cum
2827 1003 2885 1043 se
2929 988 3201 1042 abiturum
3245 987 3406 1054 dixit,
3434 1002 3558 1057 pas-

1965 1085 2172 1137 sionem
2207 1098 2357 1136 snam
2387 1082 2472 1136 hic
2517 1081 2817 1136 insinuavit
2851 1098 2864 1133 :
2896 1087 2952 1134 et
2979 1088 3101 1150 post
3141 1079 3287 1134 illam
3324 1080 3556 1135 reditum

1965 1191 2124 1230 suum
2154 1175 2218 1229 ad
2256 1173 2494 1229 Patrem.
2535 1174 2668 1240 Quis
2717 1173 2830 1242 jam
2879 1173 3014 1228 adeo
3061 1172 3274 1236 delirat,
3331 1181 3387 1227 ut
3435 1181 3558 1240 post

1967 1279 2044 1322 tot
2087 1283 2247 1324 voces
2279 1277 2332 1322 et
2385 1276 2568 1322 tantas
2600 1282 2765 1320 unum
2808 1267 3168 1333 enmdemqne
3199 1274 3352 1335 putet
3403 1263 3553 1318 illum

1965 1373 2106 1423 esse,
2161 1358 2253 1426 qui
2308 1358 2406 1410 ista
2463 1356 2723 1426 loquitur,
2763 1363 2817 1410 et
2851 1355 3000 1408 illum
3061 1354 3129 1411 de
3156 1370 3262 1424 quo
3302 1354 3556 1408 dicuntur

1965 1449 2087 1514 ista,
2125 1447 2393 1518 praecipue
2425 1463 2549 1502 cum
2584 1446 2731 1501 illum
2772 1448 2945 1516 ipsum
2987 1445 3208 1502 disertis
3243 1445 3428 1500 verbis
3470 1445 3554 1500 di-

1962 1552 2175 1596 centem
2221 1541 2429 1604 audiat,
2486 1555 2545 1595 se
2597 1539 2782 1594 dicere
2833 1539 3145 1604 veritatem,
3179 1545 3233 1592 et
3262 1536 3552 1592 veritatem

1962 1633 2130 1698 illam,
2167 1647 2286 1703 quat
2315 1642 2480 1699 esset,
2533 1640 2914 1700 exponentem,
2957 1631 3215 1685 nimirum
3248 1629 3392 1700 quod
3447 1628 3550 1683 nisi

1960 1726 2142 1781 abiret
2179 1725 2314 1796 ipse,
2355 1724 2672 1781 Paracletus
2707 1739 2812 1780 non
2855 1724 3088 1779 veniret.
3121 1722 3275 1790 Quod
3315 1721 3359 1777 si
3383 1735 3551 1790 oppo-

1962 1826 2122 1870 natur
2151 1817 2352 1871 dictum
2381 1831 2504 1872 esse
2529 1817 2822 1880 interdum,
2854 1814 3071 1871 Patrem
3099 1816 3390 1870 missurum
3427 1830 3549 1870 esse

1956 1916 2206 1962 sanctum
2249 1907 2511 1977 Spiritum
2549 1925 2564 1963 :
2596 1908 2864 1963 interdum
2907 1921 3036 1963 vero
3084 1908 3394 1976 ipsummet,
3436 1923 3544 1963 non

1958 2001 2072 2069 ipse
2096 2001 2198 2055 sibi
2241 2002 2328 2055 hic
2371 2000 2645 2056 contraria
2677 2002 2853 2057 docet.
2885 1998 3078 2056 Omnia
3113 2000 3258 2056 enim
3293 2017 3412 2071 quae
3459 2003 3544 2058 vi-

1957 2093 2099 2147 derit
2147 2092 2361 2148 Patrem
2421 2092 2730 2158 facientem,
2772 2093 2963 2148 eadem
3004 2093 3256 2149 similiter
3295 2104 3345 2148 et
3375 2093 3544 2150 Filius

1960 2189 2020 2248 ›Ῑ‹
2059 2183 2224 2240 facit:
2263 2193 2317 2239 et
2341 2185 2797 2254 quemadmodum
2832 2184 3010 2250 audit,
3039 2185 3354 2255 ilajndicat.
3398 2187 3547 2254 Quo-

1957 2278 2100 2332 circa
2141 2279 2441 2334 secundum
2487 2276 2750 2346 judicium
2803 2277 3006 2344 Patris,
3040 2289 3096 2333 et
3129 2277 3291 2334 Pater
3326 2281 3544 2350 quando

1956 2368 2088 2432 vult,
2117 2379 2172 2425 et
2204 2380 2314 2423 tum
2339 2384 2462 2423 cum
2498 2367 2629 2424 velit
2653 2367 2824 2424 Filius
2859 2368 3119 2426 Servator
3152 2380 3338 2426 noster
3369 2390 3383 2425 :
3413 2374 3542 2426 mit-

1956 2459 2018 2512 tit
2047 2459 2112 2512 ad
2148 2459 2439 2526 discipulos
2459 2473 2588 2514 suos
2622 2460 2871 2528 spiritum
2903 2459 3150 2516 veritatis
3179 2459 3542 2534 Paracletum,

1953 2549 2044 2617 qui
2079 2549 2393 2623 παρακάλῃ,
2447 2548 2500 2604 ld
2529 2558 2611 2604 est
2651 2549 2984 2613 consoletur.
3032 2551 3320 2618 confortet,
3361 2563 3416 2610 et
3441 2556 3542 2609 ad-

1955 2639 2202 2696 ltortetur
2238 2654 2334 2697 eos
2374 2643 2441 2696 ad
2471 2643 2744 2714 patienter
2779 2642 3143 2700 suﬂ‘erendnm
3181 2644 3234 2700 ln
3264 2644 3541 2718 Evangelii

1951 2729 2388 2797 annuntiatione,
2423 2741 2648 2803 propter
2670 2747 2831 2801 quam
2869 2743 3026 2798 erant
3062 2735 3395 2805 exagitandi.
3431 2735 3544 2792 Nec

1950 2820 2018 2874 ad
2049 2818 2170 2876 illos
2211 2822 2556 2879 solummodo
2586 2823 2974 2887 consolandos,
3028 2825 3122 2880 sed
3177 2825 3543 2882 instituendos

1951 2913 2171 2984 insuper
2205 2913 2259 2969 in
2292 2915 2441 2970 omni
2479 2917 2705 2972 veritate
2749 2917 2870 2972 novi
2915 2915 3158 2982 foederis,
3196 2933 3357 2990 qnam
3403 2921 3542 2974 reci-

1950 3021 2078 3076 pere
2106 3022 2136 3062 a
2187 3007 2430 3064 doctrina
2476 3007 2786 3064 Servatoris
2821 3025 2926 3065 non
2958 3019 3069 3063 tum
3104 3021 3376 3078 poterant,
3414 3026 3539 3068 cum

259 3094 597 3166 παρακαλεῖν
616 3097 832 3162 αὐτοὺς,
861 3097 994 3164 αλλὰ
1031 3098 1127 3154 καὶ
1161 3083 1297 3170 πρὸς
1322 3099 1383 3152 τὸ
1404 3099 1617 3166 διδάξαι
1646 3102 1842 3166 αὐτοὺς

1952 3099 2090 3154 inter
2115 3099 2260 3170 ipsos
2310 3110 2642 3164 versaretur,
2684 3117 2750 3156 eo
2779 3101 2919 3171 quod
2945 3100 3182 3158 Jndaica
3213 3104 3540 3177 paedagogia

259 3188 439 3240 πᾶσαν
472 3187 572 3260 τὴν
615 3187 873 3260 ἀλήθειαν
924 3189 1026 3259 τῆς
1063 3191 1260 3262 καινῆς
1305 3191 1593 3262 διαθήκης,
1632 3193 1702 3264 ἢν
1747 3195 1848 3248 οὐκ

259 3277 498 3349 ἐχώρουν
516 3280 626 3350 (58)
676 3281 782 3334 ὑπὸ
805 3281 900 3336 τοῦ
935 3282 1187 3355 Σωτῆρος
1219 3283 1584 3347 διδάσκεσθαι,
1611 3287 1847 3357 ὁπηνίκα

256 3369 430 3424 ταῦτα
444 3371 627 3438 αὐτοῖς
642 3373 835 3445 ὡμίλει
847 3374 937 3429 διὰ
953 3374 1015 3428 τὸ
1030 3372 1110 3429 [et
1123 3377 1189 3447 τῇ
1205 3375 1471 3449 Ἰουδαῖκῇ
1491 3377 1848 3433 δεδουλῶσθαι

258 3462 472 3535 ἀγωγῇ.
495 3463 679 3518 Ταῦτα
704 3465 763 3518 δὲ
791 3466 974 3539 ἔργοις
995 3469 1237 3540 ἐπλήρου
1265 3469 1404 3539 μετὰ
1429 3470 1527 3540 τὴν
1551 3471 1614 3522 ἐκ
1637 3470 1847 3542 νεκρῶν

255 3552 552 3609 ἀνάστασιν
580 3557 769 3623 αὐτοῦ,
801 3560 920 3632 μεθ’
951 3561 1017 3635 ἢν
1041 3553 1209 3617 είπῶν
1247 3564 1314 3633 τῇ
1354 3563 1565 3634 Μαρίᾳ,
1599 3561 1695 3628 Μή
1725 3581 1847 3632 μου

257 3643 472 3713 ἅπτου,
497 3649 663 3726 οὔπω
674 3654 784 3721 γὰρ
801 3653 1140 3720 ἀναϐέϐηκα
1160 3651 1310 3722 πρὸς
1331 3653 1440 3708 τόν
1455 3638 1684 3722 Πατέρα
1699 3673 1842 3724 μου.

257 3739 598 3796 Mssa-muta.
630 3744 766 3815 (58')
807 3745 902 3801 ἅτε
937 3747 1002 3820 δὴ
1042 3747 1387 3819 άνεληλυθὼς
1423 3748 1560 3821 πρὸς
1594 3748 1685 3801 τὸν
1729 3749 1844 3802 Πα-

254 3830 408 3903 τέρα,
429 3837 542 3898 τοῖς
566 3835 834 3906 μαθηταῖς
848 3837 1026 3910 ὤφθη,
1044 3840 1142 3894 τοῦ
1173 3841 1332 3909 ἁγίου
1356 3839 1498 3893 Πνεύ
1508 3855 1678 3911 ματος
1710 3840 1846 3893 άπε-

257 3923 554 3996 σταλμὲνου
589 3927 683 3981 καὶ
699 3929 947 3996 συνόντος
964 3931 1147 3998 αὑτοῦ,
1166 3931 1384 4002 ἑτοιμοῦ
1411 3949 1471 3984 τε
1497 3930 1845 4004 παρεστῶτος

254 4014 335 4077 είς
350 4013 508 4084 (58")
537 4015 605 4087 ἢν
630 4016 889 4075 τέτακται
935 4020 1231 4089 διακονίαν,
1266 4023 1354 4076 ὅτε
1371 4023 1464 4075 καὶ
1482 4021 1718 4091 ἅψασθαι
1741 4022 1842 4074 αὑ-

252 4105 348 4161 τοῦ
372 4107 677 4180 ἐπιτρέπει.
728 4107 862 4166 Τότε
905 4112 1015 4185 γὰρ
1048 4113 1231 4177 αὐτοῖς
1255 4112 1558 4184 ἐνεφύσησε
1598 4113 1694 4166 καὶ
1721 4112 1842 4166 τότε

255 4197 422 4270 μέρος
440 4216 493 4254 τι
518 4202 856 4274 χαρίσματος
884 4203 979 4258 τοῦ
1013 4205 1174 4275 άγίου
1203 4204 1522 4284 Πνεύιματος
1551 4205 1754 4268 αὐτοῖς,
1781 4203 1843 4256 τὸ

250 4289 354 4362 τῆς
400 4291 649 4360 ἀφέσεως
709 4293 818 4349 τῶν
859 4296 1275 4369 ἁμαρτημάτων
1319 4296 1599 4369 ποιητικὸν
1631 4295 1836 4349 estcau-

249 4379 543 4454 διαιρέσεις
578 4383 688 4455 γὰρ
733 4387 1088 4458 χαρισμάτων
1128 4387 1265 4442 είσὶν
1301 4381 1376 4441 ὧν
1410 4388 1474 4440 ὲκ
1506 4386 1704 4459 μέρους
1739 4384 1840 4456 μὲν

1952 3190 2300 3246 inservirent.
2355 3188 2483 3246 Haec
2535 3190 2712 3261 reipsa
2761 3191 3074 3260 adimplevit
3133 3203 3257 3261 post
3303 3210 3457 3250 suam
3507 3215 3537 3263 a

1950 3285 2180 3338 mortuis
2220 3283 2700 3349 resurrectionem,
2734 3298 2862 3339 cum
2907 3283 3090 3341 Maria
3131 3287 3359 3355 diceret,
3408 3287 3540 3346 Noti

1949 3390 2030 3428 me
2066 3382 2304 3445 tangere,
2351 3375 2587 3430 nondum
2607 3378 2748 3430 enim
2771 3379 2986 3432 escendi
3008 3380 3078 3432 ad
3103 3376 3325 3435 Patrem
3363 3399 3537 3438 meatus

1947 3474 1994 3517 et
2025 3463 2242 3518 Patrem
2290 3465 2609 3520 oestrum".
2665 3466 2932 3537 Deinceps
2967 3484 3096 3525 vero
3149 3480 3406 3543 tanquam
3442 3477 3538 3546 qui

1948 3557 2272 3610 ascenderat
2302 3557 2369 3612 ad
2406 3556 2650 3621 Patrem,
2684 3560 2835 3615 visus
2882 3570 2967 3615 est
2993 3563 3275 3633 discipulis
3311 3567 3448 3633 suis,
3481 3570 3536 3624 in

1949 3646 2208 3701 missione
2230 3645 2468 3718 Spiritus
2490 3650 2690 3714 sancti,
2717 3659 2772 3705 et
2802 3666 2926 3706 cum
2959 3654 3026 3708 iis
3065 3656 3405 3722 versabatur,
3443 3674 3541 3728 pa.

1948 3748 2236 3808 ratumque
2265 3753 2324 3795 se
2353 3739 2622 3808 exhibuit,
2659 3743 2749 3813 qui
2787 3743 2841 3798 in
2868 3742 2989 3799 Filii
3039 3745 3318 3804 iunctione
3347 3764 3537 3806 recen-

1944 3841 2178 3895 seretur,
2225 3833 2444 3902 qnando
2492 3843 2546 3888 et
2582 3835 2729 3906 tangi
2785 3851 2846 3891 se
2889 3837 2958 3892 ab
3000 3837 3106 3895 iiiis
3160 3840 3532 3910 permittebat.

1945 3919 2098 3975 Tunc
2137 3922 2268 3990 ipsis
2305 3921 2597 3978 insnlllavit
2632 3943 2645 3979 :
2680 3935 2738 3980 et
2787 3935 2916 3984 tunc
2957 3929 3194 3999 Spiritus
3221 3931 3535 4004 portionem

1945 4011 2011 4067 iis
2043 4013 2362 4082 impertivit,
2388 4030 2511 4069 cum
2555 4015 2866 4074 lacnltatem
2899 4021 3161 4077 tribueret
3191 4035 3414 4093 peccata
3444 4041 3528 4082 ron

1944 4103 2214 4160 mittendi.
2265 4106 2404 4162 Sunt
2434 4109 2635 4163 etenim
2675 4110 2970 4167 divisiones
2999 4114 3296 4184 gratiarum
3336 4133 3350 4169 :
3394 4131 3534 4187 qua-

1945 4212 2063 4251 rum
2091 4208 2300 4268 partem
2336 4209 2448 4255 tum
2487 4201 2556 4257 iis
2584 4201 2902 4273 impertivit,
2926 4220 3050 4262 cum
3082 4222 3204 4262 cum
3244 4209 3312 4264 iis
3339 4223 3530 4264 versa-

1942 4298 2132 4347 retur:
2181 4299 2302 4362 post
2351 4291 2467 4348 bac
2497 4292 2688 4363 majori
2731 4296 2904 4351 multo
2931 4309 2987 4352 et
3027 4298 3334 4367 perfectiori
3377 4314 3531 4370 pote-

1943 4388 2085 4434 state
2108 4380 2422 4450 adimplevit
2447 4398 2462 4436 :
2487 4382 2554 4438 de
2579 4400 2683 4455 qua
2711 4385 2928 4443 dicebat
2963 4390 3028 4444 iis
3054 4391 3108 4444 in
3145 4391 3374 4448 Actibus
3403 4407 3532 4463 apo-

251 4472 431 4537 αὐτοῖς
455 4474 729 4545 ἐδωρεῖτο,
763 4478 882 4532 τότε
910 4479 1084 4534 συνὼν
1112 4482 1207 4537 καὶ
1227 4478 1416 4554 παρὼν
1449 4480 1632 4542 αὐτοῖς
1677 4477 1833 4535 Μετὰ

1952 4469 2172 4536 ttolicis,
2218 4469 2323 4526 Vos
2359 4474 2621 4542 recipietis
2673 4487 2979 4543 potestatem
3011 4495 3076 4532 ex
3121 4478 3250 4546 alto,
3289 4497 3530 4549 superne-

249 4562 306 4617 δδ
335 4563 504 4618 ταῦτα
537 4565 783 4636 μείζονος
809 4570 1007 4634 αὐτοὺς
1047 4571 1141 4626 καὶ
1172 4563 1286 4643 (59)
1317 4571 1648 4644 τελεωτέρας
1672 4569 1834 4623 δυνά-

251 4669 397 4726 μεως
443 4656 716 4731 ἐπλήρου·
755 4661 884 4733 περὶ
915 4657 986 4735 ἧς
1012 4666 1071 4717 ιν
1109 4667 1231 4729 ταῖς
1274 4663 1515 4736 Πράξεσι
1559 4660 1668 4714 τῶν
1699 4662 1836 4714 ἀπο-

250 4749 451 4805 στόλων
481 4753 616 4824 πρὸς
643 4754 840 4820 αὐτοὺς
861 4755 989 4828 εφη,
1030 4754 1228 4826 Ὑμεῖς
1250 4755 1318 4809 δὲ
1340 4755 1410 4821 ἐξ
1432 4754 1632 4824 ὕψους
1654 4753 1836 4807 δύνα-

241 4855 350 4910 μιν
383 4841 745 4910 ἐπελθόντος
790 4847 896 4903 τοῦ
931 4849 1103 4917 ἁγίου
1146 4849 1490 4917 Πνεύματος
1528 4847 1621 4916 ἐφ’
1654 4844 1829 4914 ὑμᾶς,

246 4930 340 4986 δτι
367 4932 460 4986 καὶ
484 4933 859 5007 summam
885 4939 1081 5003 αὐτοὺς
1113 4941 1170 4992 ὲν
1196 4939 1475 5010 Πνεῦματι
1500 4938 1641 5008 ἁγίῳ
1660 4938 1832 5006 ἐπηγ-

249 5022 490 5092 γέλλετο.
518 5025 548 5078 δ
583 5027 648 5098 δὴ
687 5028 783 5081 καὶ
809 5030 940 5084 αὐτὸ
965 5030 1271 5103 ιπληροῦτο
1313 5030 1451 5102 μετὰ
1491 5029 1588 5100 τὴν
1632 5027 1832 5095 ἀνάλη-

247 5113 342 5184 ψιν
386 5115 552 5172 αὐτοῦ
598 5117 712 5190 (60)
746 5119 887 5194 κατὰ
915 5121 1014 5193 τὴν
1060 5123 1274 5196 ἡμέραν
1316 5123 1416 5194 τῆς
1450 5121 1830 5190 Πεντηκοστῆς

1940 4563 2114 4619 niente
2146 4564 2201 4617 in
2230 4581 2318 4618 vos
2349 4562 2553 4634 Spiritu
2597 4577 2781 4626 sancto
2811 4569 2877 4622 ⁷⁸.
2901 4568 3129 4637 Quando
3149 4581 3207 4626 et
3245 4573 3530 4641 baptizan-
3639 4587 3645 4594 '

1939 4655 2037 4709 dos
2079 4656 2298 4710 eosdem
2355 4658 2407 4710 in
2455 4656 2659 4726 Spiritu
2700 4670 2893 4717 sancto
2940 4665 3311 4730 promittebat.
3371 4664 3528 4732 Quod

1939 4747 2116 4816 ipsum
2165 4759 2285 4819 post
2323 4753 2697 4807 ascensionem
2738 4770 2893 4810 suam
2935 4756 3284 4827 implebalttr,
3335 4759 3388 4813 in
3439 4761 3528 4819 die

1940 4837 2310 4905 Pentecostes,
2357 4843 2522 4898 misso
2549 4861 2716 4913 super
2763 4861 2876 4915 eos,
2908 4852 3364 4925 quemadmodum
3404 4840 3524 4909 edi-

1941 4943 2095 4988 xerat
2131 4934 2265 5004 ipse,
2299 4934 2506 5006 Spiritu
2534 4948 2743 4996 sancto.
2785 4939 2922 4995 Cum
2949 4956 3082 4999 vero
3105 4943 3256 5000 locus
3280 4949 3383 5000 iste
3406 4961 3529 5000 ma-

1933 5023 2039 5092 jori
2075 5026 2340 5085 adbucet
2381 5031 2661 5100 perspicua
2714 5033 2888 5104 magis
2914 5044 3074 5103 egeat
3113 5036 3521 5104 dilucidattona,

1941 5132 2046 5172 non
2076 5130 2162 5174 est
2188 5134 2549 5192 opportunum
2591 5127 2643 5179 in
2671 5127 2924 5196 presenti
2954 5129 3007 5183 in
3027 5142 3147 5182 eam
3207 5130 3525 5186 incumbere

321 5297 381 5358 Ila
413 5293 509 5351 Ed.
555 5261 754 5359 Paris"
789 5313 911 5370 pag.
949 5299 1070 5355 172.
1103 5301 1148 5334 τ’
1167 5301 1322 5357 Joan.
1359 5320 1474 5367 xvt,
1503 5304 1555 5359 7.
1629 5305 1676 5336 ⁷³
1708 5304 1865 5362 Joan.
1900 5323 1989 5373 xx,
2020 5310 2106 5364 i7.
2170 5312 2216 5344 "
2242 5314 2360 5369 Act.
2390 5329 2430 5379 I,
2455 5313 2510 5368 8.

473 5457 569 5542 Διῤ
597 5456 820 5542 τῇᾐτοῦ
847 5459 1075 5528 Πατρός
1106 5464 1321 5542 πρίοσιΣ
1376 5467 1672 5542 Sequentia
1715 5469 1832 5542 [ubi

169 5589 172 5592 ,
250 5523 421 5608 delevi
455 5527 547 5580 καί
581 5523 715 5608 post_
741 5546 923 5608 τηνικ.
969 5523 1102 5608 ³⁵11111
1124 5523 1322 5608 βορά.ίῖ
1354 5523 1481 5608 εἰσί
1515 5523 1832 5608 oplttor:iec_

2001 5478 2164 5550 (58")
2178 5479 2363 5550 _Yulgo
2385 5479 2531 5534 Υἰόν.

2001 5547 2369 5624 (εθλὛιιΙιξοΔ
2399 5550 2668 5620 τελειωτ.,
2711 5562 2782 5624 et
2816 5565 2943 5606 mox
2994 5553 3153 5624 ὑμεῖς
3202 5550 3353 5624 λήψη
3387 5548 3522 5609 Dein

248 5597 916 5694 ,Δτηνιξαῦτακαὶ
964 5599 1032 5654 δι’
1077 5602 1242 5657 αὐτοῦ
1281 5597 1321 5659 δ’
1353 5606 1481 5671 Υἱὸς
1507 5597 1604 5663 κάι
1641 5597 1829 5683 Σωτὴρ

1952 5597 2674 5694 ,υξέδιπὴὶξῇλεξδῑιιῑιδά
2709 5597 3522 5694 ;..;;.‘."..;t".i;r.;1;t:rt.;.;;

248 5665 588 5722 ἀποστέλλει.
624 5666 695 5724 Π.

323 5733 437 5808 (δῖ)
476 5737 640 5808 yttign
663 5739 880 5794 ἑαυτοῦ.

476 5805 642 5892 V‘nlgo
673 5808 856 5892 et
881 5827 1000 5865 mox
1035 5813 1100 5867 lit
1130 5813 1239 5868 τῶν
1266 5817 1495 5892 νεκρῶν.

318 5875 458 5950 (58‘)
496 5875 665 5950 Vulgo
687 5878 751 5950 δὴ
772 5879 885 5934 ire.

1927 5703 2328 5904 :;§;°.Vulgo
2379 5765 2538 5836 μετά,
2585 5773 2641 5820 et
2678 5779 2799 5820 mox
2852 5761 3134 5829 ὑπεξιέναι
3189 5773 3244 5821 et
3297 5761 3428 5818 επεὶ
3461 5763 3527 5822 δι
3583 5804 3588 5813 ι
