4106 6402
646 436 786 498 1015

1320 430 1587 486 EUSEBll
1626 428 2105 486 CESARIENSIS
2142 426 2291 483 OPP.
2336 425 2513 485 PARS
2551 424 2637 478 IV.
2680 458 2746 467 —
2788 419 3209 482 DUGMATICA.

3754 419 3893 476 1016

646 558 817 620 ipsum
849 553 987 622 facta
1018 562 1158 614 sunt,
1184 561 1230 603 et
1258 552 1369 604 sine
1402 552 1511 617 ipso
1548 557 1745 620 factum
1768 551 2012 606 estnihil.
2034 552 2209 618 Atque

2317 549 2559 619 ἐγένετο,
2588 551 2683 604 καί
2718 551 2889 618 χωρὶς
2923 547 3106 602 αὑτοῦ
3139 541 3379 615 ἐγένετο
3412 540 3558 595 οὐδὲ
3582 542 3672 595 ἐν.
3705 543 3889 598 Ταῦτα

651 647 750 700 ista
774 646 983 713 quidem
1018 643 1081 719 ad
1109 642 1249 695 hunc
1301 643 1512 695 modum
1551 652 1751 697 sancta:
1780 652 1903 696 sunt
1933 650 1986 695 et
2017 640 2205 694 catho-

647 736 763 789 licae
816 733 1065 787 Ecclesia:
1115 732 1327 794 tradita,
1392 745 1626 799 voceque
1674 732 1854 785 divina
1895 731 2206 798 consignata

650 824 921 892 mysteria.
980 821 1260 876 Marcellus
1305 836 1435 875 vero
1484 822 1814 889 permiscens
1858 821 2061 885 omnia,
2108 819 2207 873 ali-

648 914 863 981 quando
886 914 937 965 in
962 914 1280 981 profundum
1300 927 1355 965 se
1374 911 1837 966 Sabellianismum
1867 912 2204 980 praecipitat:

648 1003 933 1072 aliquando
971 1003 1119 1078 Pauli
1160 1003 1303 1056 illius
1332 1020 1360 1057 a
1407 1003 1706 1059 Samosatis
1750 1004 1995 1058 haeresim
2046 1017 2207 1056 reno-

646 1108 777 1148 vare
800 1093 932 1156 vult.
968 1093 1253 1162 aliquando
1278 1092 1492 1148 Judaaus
1525 1104 1731 1147 tantum
1769 1109 1873 1148 non
1910 1096 2211 1164 deprehen-

649 1185 832 1237 ditur:
867 1183 1024 1237 unam
1061 1186 1255 1237 etenim
1302 1186 1609 1255 hypostasin
1657 1185 2091 1255 tripersonatam.
2134 1186 2207 1239 uti

650 1286 707 1329 et
736 1276 1074 1329 triuominetn
1113 1276 1433 1340 introducit,
1465 1276 1710 1330 eumdem
1762 1278 2035 1331 afﬁrmans
2091 1291 2211 1332 esse

650 1368 841 1430 Deum,
873 1377 925 1419 et
975 1367 1027 1419 in
1080 1366 1188 1419 Deo
1242 1365 1493 1430 Verbum,
1528 1378 1581 1421 et
1632 1366 1889 1435 Spiritum
1943 1376 2208 1421 sanctum.

648 1454 1038 1524 Transgressus
1084 1456 1204 1510 inde
1250 1456 1313 1507 ad
1371 1456 1606 1523 Apostoli
1645 1458 1710 1510 de
1752 1456 1965 1510 Christo
2006 1457 2212 1511 theolo-

648 1548 823 1614 giam,
856 1548 1089 1600 diversas
1144 1547 1227 1599 hic
1264 1546 1483 1599 adhibet
1535 1547 2029 1615 interpretationes.
2078 1546 2209 1601 Nam

649 1652 773 1693 cum
802 1638 1027 1690 exertim
1061 1637 1344 1704 Apostolus
1374 1636 1565 1690 Filium
1601 1636 1717 1698 Dei.
1743 1638 1905 1691 Deum
1936 1640 2211 1707 praedicet,

651 1736 709 1779 ut
735 1727 821 1781 ubi
848 1727 937 1786 ait,
968 1726 1067 1791 Qui
1094 1736 1168 1779 est
1198 1728 1369 1796 imago
1392 1727 1489 1779 Dei
1512 1728 1811 1793 invisibilis,
1840 1730 2212 1798 primogenitus

652 1816 819 1871 omnis
852 1818 1380 1885 creaturw,quoniam
1407 1818 1461 1871 in
1482 1818 1571 1871 illo
1600 1828 1774 1871 creata
1802 1830 1919 1873 sunt
1949 1821 2205 1883 universa,

2309 640 2405 707 μὲν
2467 635 2560 693 οῦν
2630 644 2729 710 τῆς
2792 639 3081 709 ωθολικῆς
3167 632 3266 688 καὶ
3335 632 3498 699 ἁγίας
3561 633 3885 703 Ἐκκλησίας

2306 724 2407 783 ὧδέ
2436 747 2511 799 πη
2547 730 2634 783 διὰ
2653 730 2759 783 τῶν
2788 729 2945 781 θείων
2976 728 3164 797 φωνῶν
3192 723 3545 800 τωραδίδοται
3572 723 3640 776 τά
3674 726 3884 795 μυστή-

2309 840 2419 893 ρια·
2443 822 2770 893 ’Μάρκελλος
2803 823 2857 873 δὲ
2907 822 3085 875 πάντα
3117 819 3314 889 φύρας,
3350 818 3479 868 ποτὲ
3528 818 3625 887 μὲν
3669 819 3751 879 είς
3783 818 3884 869 αὺ-

2307 914 2395 964 τὸν
2418 911 2547 963 ὅλον
2570 913 2659 965 τὸν
2686 911 2973 963 Σασελλίου
3004 909 3160 979 βυθόν
3191 907 3379 977 χωρεῖ,
3410 907 3542 958 ποτὲ
3574 906 3629 959 δὲ
3665 906 3878 958 Παύλου

2311 1001 2402 1055 τοῦ
2444 1002 2804 1071 Σαμοσατέως
2834 1000 3182 1055 ἀνανεοῦσθαι
3222 998 3476 1070 πειρᾶται
3517 996 3614 1067 τὴν
3644 999 3895 1068 αἴρεσιν,“

2312 1093 2441 1145 ποτὲ
2489 1093 2545 1145 δὲ
2601 1093 2847 1154 Ἰουδαῖος
2888 1092 2961 1143 ὢν
3013 1091 3267 1160 ἄντικρυς
3310 1087 3691 1157 ἀπελέγχεται·
3747 1089 3875 1159 μίαν

2315 1184 2420 1254 γὰρ
2465 1184 2758 1236 ὑπόστασιν
2796 1185 3175 1254 τριπρόσωπον
3207 1179 3395 1251 ὥσπερ
3438 1180 3532 1232 καὶ
3569 1180 3876 1251 τριώνυμον

2313 1277 2546 1345 εἰσάγει,
2580 1277 2670 1328 τὸν
2710 1276 2871 1328 αὐτὸν
2907 1272 3042 1327 εἶναι
3073 1276 3242 1343 λέγων
3280 1274 3369 1327 τὸν
3399 1272 3532 1325 Θεὸν
3571 1274 3665 1326 καὶ
3697 1272 3785 1325 τὸν
3820 1276 3875 1325 ὲν

2310 1367 2458 1435 αὐτῷ
2491 1367 2660 1433 Λόγον
2693 1368 2782 1419 καὶ
2808 1366 2868 1418 τὸ
2898 1365 3050 1433 ὄργιον
3079 1364 3319 1435 Πνεῦμα.
3356 1360 3467 1417 Εἶτ’
3505 1364 3751 1417 ἐντεῦθεν
3783 1382 3876 1434 με·

2312 1457 2480 1521 τασὰς
2508 1458 2598 1508 ἐπὶ
2622 1457 2721 1519 τὰς
2752 1456 3110 1518 ἀποστολικάς
3154 1456 3279 1526 περὶ
3311 1455 3403 1508 τοῦ
3438 1454 3669 1526 Χριστοῦ
3697 1455 3874 1508 θεολο-

2312 1545 2455 1613 γίας,
2520 1544 2679 1598 πάλιν
2720 1545 2828 1614 (68)
2874 1544 3211 1614 διαστρόφοις
3252 1544 3511 1615 κέχρηται
3541 1544 3874 1614 ἑρμηνείαις.

2314 1635 2419 1688 Τοῦ
2460 1635 2569 1706 γὰρ
2601 1636 2744 1688 θείου
2789 1635 3106 1693 Ἀποστόλου
3164 1635 3534 1701 θεολογοῦντος
3583 1635 3878 1705 διὰῥρηδην

2314 1724 2404 1777 τὸν
2430 1723 2555 1776 Υίὸν
2580 1724 2675 1775 τοῦ
2704 1722 2834 1776 Θεοῦ
2864 1725 2953 1775 καὶ
2976 1722 3357 1789 λέγοντος,”Ὀς
3383 1722 3549 1773 ἐστιν
3577 1719 3754 1773 εἰκὼν
3775 1720 3877 1773 τσῦ

2316 1816 2466 1870 Θεοῦ
2509 1815 2616 1868 τοῦ
2664 1814 2939 1883 ἀοράτου,
2975 1816 3343 1882 πρωτότοκος
3373 1818 3574 1878 πάσης
3607 1813 3877 1877 κτίσεως,

652 1920 768 1961 eum
797 1922 855 1957 ea
887 1920 1002 1973 qui:
1035 1905 1086 1956 in
1133 1905 1270 1961 castis
1314 1916 1456 1972 sunt,
1491 1916 1599 1959 tum
1634 1923 1748 1975 qua:
1770 1922 1925 1974 super
1965 1918 2158 1962 terram
2186 1925 2205 1964 .'

2317 1906 2398 1959 ὅτι
2426 1907 2495 1958 ἐν
2516 1904 2674 1969 αὐτῷ
2705 1906 2950 1974 ἐκτίσθη
2978 1906 3047 1959 τὰ
3076 1905 3287 1967 πάντα,
3329 1903 3401 1958 τά
3426 1920 3486 1957 τε
3514 1904 3582 1956 ἐν
3614 1902 3739 1966 τοῖς
3784 1904 3881 1954 οὑ-

652 1998 755 2051 sive
780 1996 1019 2059 visibilia,
1056 2013 1143 2049 seu
1170 1998 1484 2050 invisibilia:
1508 1999 1612 2051 sive
1640 1998 1833 2061 throni,
1860 2014 1949 2051 seu
1972 1999 2211 2052 domina-

2304 1996 2531 2063 ρανοῖς,
2568 1996 2664 2049 καὶ
2709 1996 2778 2049 τὰ
2806 1997 2903 2049 ἐπὶ
2932 1996 3041 2064 τῆς
3079 1994 3211 2065 γῆς,
3238 1996 3357 2049 εἴτε
3406 1994 3605 2062 ὁρατὰ,
3636 1994 3755 2046 site
3785 1993 3883 2045 ἀό-

653 2088 838 2152 tiones,
884 2087 986 2139 sire
1026 2087 1348 2154 principatus
1373 2128 1387 2152 ,
1418 2104 1512 2142 seu
1550 2096 1845 2154 potestates,
1892 2090 2068 2142 omnia
2121 2106 2213 2158 per

2317 2105 2475 2156 pata,
2516 2089 2637 2141 εἴτε
2687 2091 2907 2157 θρόνοι,
2946 2088 3066 2142 εἴτε
3098 2089 3462 2165 κυριότητες,
3510 2088 3628 2140 ειτε
3685 2087 3883 2155 ἀρχαὶ,

655 2178 848 2242 ipsum,
877 2187 926 2229 et
964 2176 1017 2229 in
1043 2180 1151 2244 ipso
1185 2177 1390 2231 condita
1418 2186 1539 2232 sunt
1574 2188 1662 2232 :et
1697 2178 1804 2245 ipse
1840 2189 1914 2232 est
1952 2189 2071 2233 ante
2098 2196 2210 2233 om-

656 2266 767 2330 nia,
790 2275 836 2319 et
867 2267 1041 2319 omnia
1071 2268 1125 2319 ia
1154 2267 1264 2333 ipso
1288 2268 1625 2322 constiterunt
1653 2268 1720 2322 ⁸⁸.

1288 2452 1438 2508 CAP.
1483 2455 1589 2509 VII.

658 2537 932 2607 Quomodo
958 2539 1482 2619 Marcellus_carnem
1506 2559 1769 2619 iasseveret
1794 2565 1904 2602 esse
1938 2550 2215 2619 imaginem

1227 2613 1323 2667 Dei
1361 2616 1654 2670 invisibilis.

727 2698 824 2753 Vir
857 2700 1103 2769 egregius
1138 2702 1239 2757 iste
1290 2707 1503 2759 demum
1552 2707 1617 2760 ad
1674 2722 1887 2761 carnem
1938 2708 2213 2775 dejectus,

2310 2181 2429 2232 εἴτε
2472 2178 2767 2243 ἐξουσίαι,
2817 2180 3011 2231 πάντα
3063 2177 3138 2230 δι’
3180 2178 3386 2238 αὑτοῦ,
3432 2176 3528 2229 καί
3571 2178 3658 2241 εἰς
3701 2176 3885 2229 αὑτὸν

2312 2276 2601 2336 ἔκτισται,
2650 2276 2746 2328 καὶ
2793 2276 2975 2339 αὐτός
3015 2274 3143 2326 ἐστι
3198 2271 3309 2343 πρὸ
3361 2270 3620 2333 πάντων,
3670 2269 3768 2322 καί
3814 2266 3884 2327 τὰ

2314 2364 2507 2423 πάντα
2534 2365 2603 2417 ἐν
2629 2363 2788 2428 αὐτῷ
2818 2365 3217 2427 συνέστηκεν.

2968 2455 3123 2506 ΚΕΦ.
3165 2454 3235 2513 Z',

2318 2551 2515 2612 Ὅπως
2561 2546 2914 2614 Μάρκελλος
2938 2544 3053 2611 τὴν
3083 2544 3287 2614 είκόνα
3312 2541 3415 2595 τοῦ
3464 2540 3611 2614 Θεοῦ
3642 2539 3747 2593 τοῦ
3790 2538 3891 2596 de:

2498 2608 2684 2688 ρὰτου
2716 2615 2829 2683 τὴν
2852 2608 3047 2682 σάρκα
3074 2608 3221 2671 εἶναι
3254 2610 3669 2667 διεϐεϐαιοῦτο.

2398 2711 2456 2764 ὀ
2486 2708 2795 2779 θαυμαστὸς
2836 2701 2991 2770 οὗτος
3028 2702 3182 2769 αὖθις
3216 2706 3305 2758 ἐπὶ
3337 2705 3434 2775 τὴν
3479 2704 3657 2774 σάρκα
3686 2701 3894 2775 “Eadm.

658 2788 826 2857 ipsam
854 2788 1083 2845 aﬂirmat
1123 2793 1404 2862 imaginem
1437 2796 1721 2850 invisibilis
1747 2796 1998 2873 esse_Dei
2036 2814 2050 2850 :
2093 2812 2215 2853 cum

2318 2802 2489 2873 αὐτὴν
2546 2796 2685 2853 εῖναι
2734 2799 3095 2869 ἀποφαίνεται
3135 2799 3233 2868 τὴν
3280 2796 3461 2850 είκόνα
3512 2794 3607 2850 τοῦ
3657 2794 3895 2865 ἀοράτου,

660 2890 839 2935 tamen
872 2882 1012 2949 quod
1042 2898 1146 2937 non
1179 2885 1447 2951 observat,
1489 2885 1665 2940 forma
1704 2886 2016 2952 masculina,
2048 2890 2135 2958 qui
2164 2897 2216 2943 et

2317 2893 2473 2959 Θεοῦ,
2489 2892 2588 2945 οὐκ
2604 2891 2815 2946 ἁκούων
2838 2890 2912 2952 ὼς
2934 2888 3204 2960 ἀρσενικῷ
3230 2889 3533 2960 χαρακτῆρι
3550 2888 3899 2963 ἐξενήνεκται

662 2987 768 3028 non
799 2989 913 3041 quae
953 2984 1034 3027 est
1073 2974 1245 3044 imago
1274 2973 1545 3030 eﬂeratur.
1574 2976 1664 3030 Ille
1694 2989 1869 3031 autem
1910 2978 2215 3043 articulum,

2318 2983 2398 3045 τδ,
2430 2981 2489 3044 ὃς
2522 2982 2669 3032 ἐστιν
2704 2977 2884 3032 εἰκών.
2917 2977 2991 3031 Τὸ
3029 2977 3137 3047 γὰρ
3170 2976 3237 3045 ὃς
3267 2978 3367 3033 οὐκ
3396 2972 3489 3028 οἷδ’
3532 2976 3681 3037 ὅπως
3725 2976 3890 3045 ἐφαρ-

657 3066 748 3130 δς,
789 3068 940 3119 carni
979 3066 1296 3121 attributum
1344 3068 1620 3123 declarare
1663 3071 1772 3133 ait,
1800 3070 1940 3137 quod
1994 3072 2107 3139 ipsa
2148 3070 2216 3126 sit

2322 3074 2491 3142 μόσας
2522 3074 2587 3142 τῇ
2627 3071 2793 3140 σαρκὶ
2825 3069 3028 3138 ταύτην
3056 3067 3158 3138 ἔφη
3183 3066 3468 3138 δηλοῦσθαι
3498 3066 3574 3129 ὡς
3603 3065 3775 3136 αὐτῆς
3803 3066 3893 3117 οῦ-

660 3155 749 3210 illa
784 3157 957 3227 imago
984 3158 1263 3213 invisibilis
1301 3159 1393 3213 Dei
1429 3175 1443 3212 :
1475 3160 1603 3215 illud
1631 3175 1844 3230 quoque
1870 3163 1974 3229 ipse
1996 3170 2071 3215 est
2102 3174 2216 3217 ante

2324 3181 2421 3234 σης
2452 3164 2549 3235 τῆς
2573 3162 2777 3225 είκόνος
2803 3160 2895 3214 τοῦ
2916 3158 3052 3213 Θεοῦ
3078 3158 3172 3212 τοῦ
3198 3159 3449 3231 ἀοράτου.
3475 3159 3582 3211 Καὶ
3609 3157 3791 3220 πάλιν,
3833 3157 3891 3209 τὸ

662 3250 838 3301 omnia
859 3248 923 3303 de
960 3264 1120 3303 carne
1157 3250 1355 3303 dictum
1384 3252 1491 3305 ait:
1532 3228 1703 3321 neque
1750 3228 1934 3321 puduit
1980 3269 2102 3309 eum
2137 3254 2216 3309 di-

2322 3228 2517 3321 αυτὸς·
2534 3256 2664 3309 ἐστι
2700 3253 2811 3321 πρὸ
2835 3251 3077 3306 πάντων
3098 3253 3225 3323 περὶ
3254 3228 3354 3320 τῆς
3387 3250 3588 3326 σαρκός
3615 3266 3780 3321 φησιν
3811 3250 3889 3301 εἱ-

662 3352 815 3402 cere.
855 3340 982 3405 ipse,
1009 3343 1075 3393 de
1120 3354 1298 3395 carne.
1329 3340 1433 3396 Sed
1476 3354 1529 3397 et
1573 3352 1788 3412 propter
1837 3360 2053 3400 carnem
2099 3346 2216 3400 uni-

2325 3344 2539 3417 ρῆσθαι·
2585 3344 2684 3396 οὐκ
2730 3341 3043 3411 αίδούμενος
3084 3339 3369 3406 τδίαύτὸς
3419 3340 3512 3393 ἐπὶ
3552 3339 3653 3410 τῆς
3695 3339 3891 3409 σαρκκ

664 3445 833 3486 veram
853 3444 1111 3487 creaturae
1135 3436 1540 3503 primogenitum
1573 3450 1818 3491 vocatum
1844 3440 1917 3492 ait
1943 3460 1956 3492 ι
1993 3457 2011 3490 ι
2048 3439 2216 3497 Manet

2322 3434 2704 3503 ἐκλαμϐάνειν.
2730 3432 2839 3485 Καὶ
2862 3429 3321 3501 τὺνιπρωτότοκον
3348 3429 3526 3499 πάσης
3550 3428 3782 3491 κτίσεως
3807 3427 3892 3480 διὰ

669 3539 691 3578 t
736 3531 912 3576 autem
947 3524 1368 3589 itumutabititer,
1391 3526 1581 3592 inquit,
1610 3528 1675 3582 de
1700 3544 1879 3595 carne,
1908 3531 2086 3585 omnia
2116 3540 2221 3586 tam

669 3631 689 3667 ι
730 3613 782 3666 in
813 3614 963 3666 ctells
986 3629 1145 3683 quam
1177 3617 1226 3670 in
1260 3625 1421 3681 terra,
1451 3618 1563 3671 sive
1597 3619 1845 3687 visibilia,
1876 3627 1933 3683 >14
1961 3636 2053 3676 seu
2090 3623 2225 3677 invi-

668 3723 689 3759 ι
735 3704 907 3759 sibilia
934 3716 1112 3759 creata
1143 3723 1153 3757 :
1189 3725 1206 3757 ι
1235 3722 1333 3761 nec
1367 3707 1561 3778 refugit
1588 3710 1764 3765 dicere
1795 3712 2033 3777 thronos,
2060 3714 2225 3768 domi-

666 3796 943 3862 nationes.
990 3798 1354 3866 principatus,
1416 3809 1704 3869 potestates
1746 3818 1840 3872 per
1911 3814 1975 3859 et
2006 3816 2225 3875 propter

665 3903 885 3943 carnem
937 3888 1241 3945 Servatoris
1305 3893 1633 3947 creationem
1698 3909 1846 3948 suam
1902 3896 1953 3949 iu
2009 3894 2225 3953 Christo

664 3990 1002 4037 consecutos.
1064 3978 1194 4032 Cum
1261 3992 1389 4034 vero
1456 3982 1731 4048 superiore
1794 3984 1928 4038 libro
1991 3982 2225 4041 Marcelli

666 4070 827 4125 verba
879 4068 947 4123 de
994 4070 1152 4125 rebus
1198 4070 1314 4123 istis
1357 4073 1647 4138 posuerim,
1690 4089 1755 4127 ne
1784 4087 2059 4131 excrescat
2090 4078 2225 4132 ultra

666 4161 882 4216 modum
916 4162 1107 4235 oratio,
1144 4171 1425 4217 contentus
1450 4174 1545 4214 ero
1577 4161 1682 4216 illic
1702 4177 1764 4217 ea
1800 4164 2107 4220 exhibuisse
2148 4178 2227 4221 te-

666 4249 938 4306 stimonia.
975 4250 1144 4315 Quam
1194 4264 1323 4305 vero
1354 4250 1427 4304 sit
1472 4250 1719 4319 distorta,
1760 4261 1815 4306 et
1844 4254 2104 4310 violenter
2140 4272 2230 4312 co-

667 4350 787 4397 acta
810 4342 921 4395 haec
948 4343 1073 4396 dicti
1117 4344 1392 4412 apostolici
1423 4344 1811 4414 interpretatio,
1847 4361 1949 4401 non
1986 4359 2086 4413 est,
2115 4350 2229 4418 opi-

668 4445 787 4497 nor,
816 4445 947 4500 opus
983 4440 1039 4483 ut
1073 4431 1313 4500 pluribus
1350 4433 1525 4487 adhuc
1565 4446 1881 4503 persequar,
1907 4450 2027 4491 cum
2068 4452 2227 4506 quam

2321 3524 2418 3595 τὴν
2446 3524 2621 3594 σάρκα
2641 3522 2937 3592 κεκλῆσθαι
2961 3520 3129 3589 λέγει,
3159 3538 3178 3571 t
3213 3520 3489 3590 Ἐπιμένει
3513 3517 3625 3589 (69)
3655 3535 3714 3571 τε
3749 3518 3893 3569 ἀδια-

2330 3636 2348 3669 s
2388 3616 2637 3687 τρέπτως
2670 3615 2727 3666 ὲν
2753 3617 2816 3685 τῇ
2848 3614 3009 3682 σαρκὶ
3035 3614 3257 3681 φάσκων
3284 3610 3352 3663 τὰ
3393 3612 3450 3663 ὲν
3475 3613 3586 3673 cui;
3623 3611 3890 3679 οὐρανοῖς,

2328 3725 2348 3759 t
2385 3706 2477 3760 καὶ
2512 3705 2584 3758 τὰ
2624 3705 2718 3758 ἐπὶ
2760 3707 2859 3775 τῆς
2886 3704 2989 3774 γῆς
3018 3702 3283 3766 ἐκτίσθαι,
3314 3702 3381 3754 τά
3414 3718 3473 3754 τε
3498 3701 3671 3771 ὁρατὰ
3702 3702 3797 3754 καὶ⁵
3828 3700 3893 3753 τὰ

2329 3814 2349 3850 t
2382 3797 2604 3867 ἀόρατα.
2620 3815 2638 3847 ι
2661 3796 2797 3848 Οὐδὲ
2814 3795 3161 3866 διατρέπεται
3177 3793 3413 3864 θρόνους,
3434 3794 3529 3845 καὶ
3546 3792 3889 3863 κυριότητας.

2324 3890 2415 3943 καὶ
2462 3887 2655 3959 ἀρχὰς,
2706 3887 2800 3939 καὶ
2839 3881 3085 3953 ἐξουσίας
3130 3885 3216 3939 διὰ
3266 3885 3365 3953 τῆς
3395 3882 3597 3954 σαρκὸς
3642 3882 3737 3935 τοῦ
3784 3883 3896 3934 Σω-

2322 3985 2506 4059 τῆρος·
2559 3983 2752 4051 λέγων,
2802 3982 2900 4052 τῆς
2948 3982 3007 4035 ὲν
3060 3980 3279 4052 Χριστῷ
3328 3979 3558 4041 κτίσεως
3609 3976 3890 4046 ἠξιῶσθαι,

2328 4075 2469 4143 Ἤδη
2498 4074 2553 4126 δὲ
2573 4073 2660 4127 διὰ
2686 4074 2783 4144 τῆς
2811 4072 2917 4145 πρὸ
2937 4071 3130 4126 τούτου
3152 4071 3368 4142 γραφῆς
3398 4067 3497 4133 τὰς
3530 4069 3661 4140 περὶ
3692 4068 3893 4122 τούτων

2324 4164 2418 4221 τοῦ
2453 4162 2769 4235 Μαρκέλλου
2804 4163 2986 4233 φωνὰς
3031 4162 3426 4235 παραθέμενος,
3473 4159 3635 4228 λόγου
3681 4176 3893 4231 συμμε-

2325 4256 2483 4328 τρίας
2509 4254 2840 4324 φειδόμενος,
2870 4257 2935 4325 τῇ
2966 4254 3075 4324 (70)
3101 4252 3278 4307 αὐτῶν
3308 4251 3529 4305 ἐκείνων
3564 4251 3895 4322 ἀρκεσθήσο-

2331 4359 2428 4413 μαι
2451 4341 2740 4412 μαρτυρίᾳ.
2787 4342 2873 4405 Ὠς
2910 4342 2968 4395 δὲ
3009 4340 3329 4412 διάστροφος
3369 4340 3462 4393 καὶ
3500 4340 3827 4412 βεσιασμένη
3860 4343 3891 4412 ἡ

2327 4431 2549 4503 τοιαύτη
2580 4431 2831 4502 τυγχάνει
2869 4434 2967 4503 τῆς
3015 4431 3378 4501 άποστολικῆς
3400 4427 3597 4494 λέξεως
3621 4431 3891 4502 διήγησις,

668 4523 740 4576 sit
768 4521 860 4587 illa
885 4522 1163 4591 impudens
1188 4525 1587 4594 interpretatio,
1612 4531 1807 4595 cuique
1854 4528 1988 4589 satis
2018 4530 2216 4585 innote-

2332 4522 2393 4575 οὓ
2439 4539 2528 4593 μοι
2560 4522 2669 4576 δεῖν
2715 4522 2952 4594 ἠγοῦμαι
2998 4522 3342 4591 κατασκευῆς
3387 4520 3652 4585 πλείονος,
3704 4520 3790 4574 διὰ
3835 4522 3893 4575 τὸ

668 4621 801 4675 seat.

1250 4785 1473 4841 CAPUT
1509 4785 1638 4841 VIII.

668 4878 945 4950 Quomodo
984 4880 1121 4931 idem
1172 4890 1371 4934 astruat
1412 4898 1621 5002 elaqnem
1663 4881 1953 4939 Servatoris
1988 4886 2230 4953 prodesse

1376 4967 1427 5002 nt
1448 4968 1483 5002 ιι
1513 4990 1527 5002 .

1376 4967 1527 5003 num.

739 5036 1097 5092 Nihilominus
1145 5038 1235 5106 qui
1285 5038 1352 5094 de
1403 5055 1568 5095 carne
1619 5042 1916 5098 Servatoris
1968 5043 2077 5113 egit
2118 5052 2225 5097 tam

674 5129 877 5191 multis,
911 5128 1052 5181 illam
1105 5130 1257 5185 nobis
1298 5147 1401 5186 non
1444 5143 1728 5186 conservat
1774 5144 1975 5187 sartam
2007 5143 2224 5188 tectam.

673 5220 975 5287 Optandum
1030 5233 1194 5284 esset,
1241 5231 1297 5274 ut
1329 5222 1410 5276 vel
1440 5223 1527 5277 hic
1569 5224 1756 5277 saltem
1790 5224 1877 5292 pie
1905 5238 2093 5294 sapere
2130 5239 2224 5277 vo-

676 5310 878 5371 luisset.
931 5311 998 5362 At
1025 5326 1166 5365 nunc
1209 5321 1549 5383 posteaquam
1592 5315 1773 5368 omnia
1804 5314 1870 5369 de
1906 5329 2068 5371 carne
2134 5315 2228 5372 de-

749 5479 806 5535 )!4
838 5472 933 5527 Ed.
962 5473 1158 5540 Paris,
1184 5491 1304 5545 pag.
1334 5476 1456 5532 176.
1496 5476 1767 5537 “Coloss.
1800 5495 1838 5546 ι,
1877 5481 2061 5537 1547.

743 5612 851 5686 (βε)
886 5613 1055 5686 Υυιςο
1087 5614 1377 5686 διαφόροις-

744 5682 851 5749 (69)
885 5682 1049 5752 Vulgo
1081 5684 1158 5737 δέ.

769 5755 855 5809 70)
892 5752 944 5805 In
974 5751 1125 5807 codd.
1152 5751 1334 5805 αὑτοῦ.

770 5764 834 5809 7U
893 5764 944 5805 lu
974 5764 1125 5807 codd.
1152 5764 1334 5805 αυτου.

770 5764 858 5901 ης
899 5824 1060 5897 Vulgo
1103 5824 1257 5878 παντὶ
1282 5823 1364 5893 τό,

2316 5754 2599 5826 legendum
2620 5754 2739 5813 Esse
2768 5755 2981 5813 συν-τελε

2256 4609 2303 4653 θ’
2333 4614 2426 4667 καὶ
2467 4613 2578 4683 (7i)
2624 4614 2784 4666 παντὶ
2818 4613 2895 4684 τῷ
2928 4614 3251 4685 κατάφωρον
3276 4609 3413 4666 εἶναι
3454 4612 3516 4665 τὸ
3546 4613 3760 4677 ἀναιδὲς
3798 4614 3892 4686 τῆς

2326 4706 2637 4777 ἑρμηνείας.

2372 4791 2376 4795 ’
2974 4795 3130 4848 ΚΕΦ.
3172 4795 3251 4847 Η’.

2330 4888 2519 4951 Ὅπως
2564 4890 2597 4941 ό
2640 4887 2823 4951 αὐτὸς
2859 4884 3052 4955 μηδὲν
3096 4884 3347 4953 ὠφελεῖν
3388 4883 3504 4951 τὴν
3544 4883 3746 4951 σάρκα
3792 4882 3889 4938 τοῦ

2775 4954 3046 5024 Σωτῆρος
3076 4956 3433 5023 ἀπεφαίνετο

2406 5048 2549 5117 Πλὴν
2566 5048 2801 5101 τοσαῦτα
2827 5046 3071 5121 περὶτῆς
3096 5047 3294 5118 σαρκὸς
3314 5046 3406 5099 τοῦ
3430 5045 3681 5116 Σωτῆρος
3706 5042 3887 5110 εἰπὼν,

2334 5139 2441 5192 οὐδ’
2470 5139 2635 5210 αὐτὴν
2668 5142 2797 5209 ἡμῖν
2826 5139 3080 5207 φυλάττει
3109 5138 3271 5191 σώανο
3308 5138 3382 5202 ὠς
3416 5137 3525 5192 εἴθε
3552 5138 3664 5209 γὰρ
3689 5137 3792 5191 κᾶν
3818 5138 3888 5198 εις

2333 5228 2497 5297 αὐτὴν
2536 5230 2623 5281 τὸν
2673 5228 2870 5297 εὐσεϐῆ
2917 5228 3150 5299 διετήρει
3196 5226 3473 5297 λογισμόν·
3526 5229 3647 5281 νυνὶ⁵
3691 5226 3801 5295 (72)
3839 5224 3891 5277 Gl

2340 5322 2474 5389 μετὰ
2501 5322 2678 5375 πάντα
2697 5321 2764 5373 τὰ
2790 5323 2914 5394 περὶ
2944 5322 3110 5392 αὐτῆς
3141 5320 3288 5390 αὐτῷ
3319 5320 3617 5392 λελεγμένα
3642 5321 3776 5392 (73),
3809 5319 3892 5373 ἐπὶ

2393 5614 3062 5700 (ΖΞῩξδβοδὲτξάνταο.
3172 5682 3197 5696 .
3309 5681 3355 5700 ,.
3518 5680 3631 5700 .,__.

2392 5680 2502 5755 (73)
2531 5680 2698 5757 Vung
2739 5687 2831 5738 ἐπὶ
2856 5702 2963 5739 σωτ
3010 5683 3101 5756 pia
3126 5682 3238 5736 τῶν
3266 5681 3498 5737 αἰώνων.
3518 5680 3668 5739 Satis
3695 5690 3890 5748 comta:

2392 5758 2599 5823 {eadunt
2620 5752 2739 5813 esse
2768 5704 3061 5827 συντελλᾳ.
3100 5754 3170 5809 Il.
3198 5752 3278 5827 [et
3301 5754 3378 5808 sic
3406 5751 3613 5825 codd.].
