4072 6414
209 400 348 461 N33
1113 391 1218 472 [DE
1249 388 1784 453 εεειεδιΑετιεΑ

1888 388 2242 448 ηεσιοθιλ
2277 387 2410 446 LIB.
2445 385 2535 445 Ill.
3315 382 3450 442 ωτι

203 516 334 590 )ο.δὴ
368 516 590 571 ὲνοικῶν
621 517 678 570 ὲν
715 515 926 580 αὐτοῖς,
948 515 1044 569 καὶ
1069 509 1459 585 ἐμπεριπατῶν
1487 511 1546 563 ιν
1573 508 1777 572 αὐτοῖς,

1883 508 2084 570 bitans.
2116 508 2167 562 in
2197 505 2304 561 illis
2334 503 2638 570 ambulans,
2662 515 2766 562 nee
2801 499 3124 573 dedignatus
3165 513 3289 557 esse
3332 500 3458 558 Illo-

204 607 299 664 καὶ
338 608 467 672 Θεὸς
501 607 678 661 αὐτῶν
714 607 816 660 οὐκ
859 603 1105 673 ἀπαξιῶν
1142 600 1302 668 εἶναι,
1335 602 1460 674 λαόν
1507 617 1568 654 τε
1604 598 1771 655 αὐτοῦ

1890 611 2010 654 ram
2054 598 2224 662 Deus,
2251 609 2372 651 cu
2405 595 2459 648 in
2499 591 2758 664 populum
2792 591 2895 649 sibi
2918 593 3111 647 omnes
3142 593 3461 663 appropria-

204 699 327 764 τοὺς
361 699 569 761 πάντας
607 695 996 766 οἰκειούμενος.
1044 693 1200 748 Οὕτω
1243 693 1342 764 μὲν
1373 691 1474 746 οὐκ
1523 689 1684 744 ἔσται
1713 690 1773 742 ιν

1890 691 2048 745 verit.
2089 689 2207 744 Non
2254 699 2432 742 autem
2472 687 2578 741 erit
2619 685 2686 742 ad
2725 698 2849 742 eum
2914 684 3132 740 modum
3180 682 3235 738 in
3281 683 3457 754 ipsis,

203 791 406 855 αὐτοῖς,
445 789 520 854 ὡς
553 789 646 843 καὶ
685 788 744 842 ὲν
781 787 929 857 αὐτῷ
952 786 1167 856 λέγεται
1203 781 1343 839 εἶναι
1387 783 1465 854 τῷ
1493 783 1629 854 Υιῷ,
1647 781 1780 836 καθ-

201 879 280 946 ὼς
309 881 548 936 διδάσκει
591 879 764 949 λέγων
791 879 974 943 αὐτὸς,
1010 879 1070 931 '0
1095 876 1299 946 Πατὴρ
1339 876 1411 930 ἐν
1441 875 1590 946 ἐμοὶ,
1619 873 1782 945 κάγὼ

200 973 273 1028 ἂν
313 972 393 1039 τῷ
439 972 656 1040 Πατρί·
706 971 800 1026 καὶ
842 970 1024 1024 πάντα
1053 970 1111 1024 δὲ
1154 969 1308 1024 ἔσται
1347 970 1406 1022 ὲν
1444 968 1646 1032 αὐτοῖς,
1701 965 1781 1038 τῷ

203 1065 369 1118 πᾶσιν
410 1063 600 1117 ἑαυτὸν
645 1061 929 1134 παρέχειν,
973 1061 1094 1114 καθ’
1122 1061 1152 1114 δ
1195 1064 1229 1134 ἡ
1277 1061 1509 1115 ἑκάστου
1552 1059 1780 1131 δύναμις

203 1157 372 1227 χωρεῖ
406 1155 505 1226 τῆς
530 1153 692 1211 αὑτοῦ
723 1153 974 1224 θεότητος
1003 1153 1433 1224 μεταλαγχάνειν
1451 1168 1467 1182 ·
1499 1151 1600 1221 τῆς
1630 1167 1784 1222 τρισ-

206 1247 482 1319 μακαρῑας
503 1245 714 1308 ἐλπίδος
735 1244 828 1298 καὶ
851 1245 954 1315 τῆς
977 1245 1340 1315 ἀτελευτήτου
1366 1243 1462 1297 καὶ
1499 1241 1779 1314 ἀφθάρτου

204 1334 354 1408 ζωῆς
379 1339 436 1392 ιν
457 1337 628 1409 τούτῳ
652 1335 1133 1407 καταστησομὲνης
1152 1334 1232 1406 τῷ
1258 1334 1425 1400 τέλει,
1453 1335 1512 1387 ὲν
1540 1326 1585 1401 ᾧ
1617 1334 1646 1386 δ
1683 1333 1781 1404 μὲν

201 1428 337 1492 Θεὸς
368 1427 520 1482 ἕσται
565 1429 741 1483 πάντα
777 1431 836 1482 ιν
879 1429 1014 1481 πᾶσι
1059 1426 1195 1496 (15),
1229 1428 1349 1489 ταῖς
1395 1425 1498 1495 τῆς
1530 1425 1782 1495 θεότητος

203 1517 368 1573 αὑτοῦ
415 1523 800 1592 μαρμαρυγαῖς
839 1521 1064 1574 ἀλέκτου
1110 1518 1289 1585 φωτὸς
1335 1516 1625 1601 ἐμπιπλῶν
1652 1518 1779 1580 τοὺς

204 1610 432 1676 πάντας⁸
455 1615 484 1666 ὀ
500 1612 558 1666 δὲ
582 1612 709 1676 Υἱὸς
729 1611 1156 1683 εναγαλλόμενος
1185 1612 1280 1664 καὶ
1312 1611 1517 1682 χαίρων
1547 1608 1626 1680 τῷ
1649 1625 1782 1663 κατ-

206 1702 486 1777 ορθώματι
505 1743 520 1769 ,
558 1703 821 1773 στεφάνου
851 1705 1007 1774 δίκην
1052 1702 1407 1774 περιθέμενος
1436 1703 1562 1765 τοὺς
1592 1700 1659 1754 δι’
1684 1701 1782 1753 αὐ-

203 1794 300 1849 τοῦ
344 1795 447 1867 τῆς
482 1795 879 1867 μακαριότητος
926 1794 1292 1866 ἠξιωμένους,
1329 1792 1436 1846 ὑπὸ
1475 1791 1655 1862 ὲφόρῳ
1701 1789 1781 1862 τῷ

203 1888 400 1960 Πατρὶ,
427 1887 524 1958 τὴν
555 1888 748 1959 ἀγήρω
775 1888 867 1941 καὶ
899 1885 1255 1957 ἀτελεύτητον
1286 1881 1584 1937 διατελέσει
1619 1881 1776 1953 βασι-

202 1977 372 2042 λειαν,
400 1978 508 2032 τῶν
548 1979 676 2050 περὶ
713 1978 874 2032 αὑτοῦ
907 1977 1103 2046 λογίων
1135 1974 1436 2047 τηνικαῦτα
1484 1971 1779 2044 πληρωθη-

203 2069 469 2141 σομένων,
496 2070 603 2124 τῶν
641 2087 697 2122 τε
728 2070 924 2132 ἀλλων,
960 2069 1101 2140 άταρ
1145 2067 1210 2138 δὴ
1231 2068 1331 2120 ,καὶ
1354 2066 1463 2120 τῶν
1487 2064 1583 2119 τοῦ
1616 2064 1782 2133 ἀγγέ-

202 2161 296 2217 λου
319 2162 560 2234 Γαϐριὴλ
592 2161 728 2234 πρὸς
760 2163 859 2232 τὴν
887 2160 1155 2230 παναγίαν
1182 2158 1453 2231 Παρθένον
1478 2157 1780 2230 εἰρημένων

203 2253 336 2324 περὶ
367 2252 464 2307 τοῦ
490 2252 547 2320 ἐξ
581 2253 752 2322 αὐτῆς
771 2251 1187 2324 τεχθησομένου,
1231 2251 1327 2317 Ὧς
1349 2249 1465 2320 ἄρα
1484 2249 1780 2316 βασιλεύ-

199 2358 300 2404 σει
342 2347 431 2412 εις
481 2344 622 2411 τοὺς
658 2344 900 2410 αἰῶνας,
935 2343 1036 2399 καὶ
1081 2343 1193 2412 τῆς
1238 2344 1564 2410 ,ϐασιλείας
1594 2342 1782 2398 αὐτοῦ

203 2439 316 2494 οὐκ
350 2436 522 2492 ἔσται
550 2437 745 2502 τέλος.
775 2435 1080 2491 Βασιλεύων
1106 2435 1219 2506 (16)
1245 2435 1310 2507 δὴ
1329 2435 1450 2490 τότε
1472 2437 1502 2490 6
1529 2436 1658 2500 Υἱὸς
1683 2434 1780 2489 τοῦ

203 2525 341 2601 Θεοῦ
369 2527 496 2590 τοὺς
529 2527 621 2580 ὑπ’
650 2525 797 2596 αὐτῷ
825 2524 1272 2595 βασιλευομένους
1299 2524 1598 2596 πάνταςτῷ
1617 2525 1780 2579 αὑτοῦ

205 2618 517 2690 παραδώσει
547 2617 742 2689 Πατρὶ,
771 2617 832 2670 ού
854 2617 1191 2686 παυσάμενος
1221 2617 1320 2685 τῆς
1347 2615 1640 2686 βασιλείας,
1673 2617 1782 2670 οὐδ’

204 2709 733 2783 ἀναχωριῦνναὺτῆς·
763 2709 882 2763 οὐδὲ
915 2708 1025 2780 γὰρ
1059 2707 1326 2761 παύεσθαι
1369 2707 1531 2760 αὐτὸν
1557 2708 1657 2778 τῆς
1690 2707 1783 2778 βα-

203 2801 414 2865 σιλείας
448 2803 478 2855 ὁ
510 2800 650 2864 θεῖος
693 2799 1007 2862 ’Δπόστολος
1039 2790 1142 2868 ἔφη
1184 2799 1315 2868 (17),
1359 2794 1395 2868 ἦ
1444 2797 1552 2868 γάρ
1586 2798 1653 2852 ἂν
1690 2801 1784 2853 τά-

205 2891 401 2948 ναντία
426 2891 632 2966 ἔγραψε
658 2893 736 2961 τῷ
763 2891 1002 2963 Γαϐριὴλ
1033 2890 1146 2960 (18)
1175 2889 1492 2944 θεσπίσαντι
1522 2889 1660 2960 πρὸς
1686 2888 1784 2960 τὴν

202 2983 480 3056 Παρθένον
518 2981 856 3052 βασιλεύσειν
886 2981 1046 3034 αὑτὸν
1079 2982 1157 3043 εἰς
1185 2981 1310 3042 τοὺς
1339 2977 1540 3041 αἰῶνας
1567 2976 1783 3048 καὶτῆς

203 3073 485 3145 βασιλείας
520 3073 684 3127 αὑτοῦ
719 3073 829 3144 (19)
866 3071 939 3144 μὴ
972 3073 1187 3126 ἐσεσθαι
1218 3071 1389 3136 τέλος,
1426 3069 1561 3123 ἀλλά
1603 3085 1784 3140 παρα-

199 3165 398 3223 δώσειν
439 3167 538 3236 τὴν
570 3164 844 3236 βασιλείαν
863 3205 878 3231 ,
911 3164 1113 3236 δηλαδὴ
1146 3165 1271 3227 τοὺς
1317 3164 1410 3214 ὑπ’
1439 3160 1587 3233 αύτῷ
1633 3159 1784 3232 βασιο
1811 3197 1858 3260 C

203 3258 526 3329 λευομένους
547 3255 625 3326 τῷ
647 3255 764 3325 Θεῷ
787 3256 880 3309 καὶ
908 3255 1100 3326 Πατρί.
1125 3254 1522 3318 Τελειωθέντας
1549 3254 1659 3325 γὰρ
1689 3255 1784 3307 ὑπ’

202 3350 354 3419 αύτῷ
397 3349 522 3412 τοὺς
565 3348 790 3411 πάντας,
825 3347 1022 3400 ὡσανεὶ
1071 3347 1183 3416 (20)
1231 3346 1653 3417 φαιδρυνομένος
1708 3346 1786 3416 τῷ

204 3437 612 3510 κατορθώματι,
642 3433 952 3508 παραδώσει
990 3434 1068 3503 τῷ
1096 3434 1268 3504 Πατρι
1289 3450 1302 3462 ·
1335 3428 1424 3487 οἶά
1455 3451 1579 3488 τινα
1609 3451 1788 3506 παρα-

204 3530 380 3600 θήκην
413 3527 870 3598 ἀποδεδεγμένοςο
906 3526 934 3578 ὃ
969 3526 1078 3596 (21)
1106 3525 1170 3596 δὴ
1199 3525 1439 3578 διδάσκει
1483 3525 1660 3596 λέγων
1691 3528 1788 3581 αὐε-

205 3622 315 3684 τὺς,
361 3619 563 3674 Πάντα
594 3635 697 3688 μοι
726 3617 1020 3687 παρεδόθη
1055 3617 1172 3680 om)
1217 3616 1324 3669 τοῦ
1356 3620 1586 3686 Πατρός
1631 3636 1782 3688 μου·

204 3712 288 3765 διὸ
312 3710 640 3774 ἀκολούθως,
665 3705 752 3763 οἷα
781 3705 952 3779 φύλαξ
971 3709 1192 3779 ἀγαθὸς,
1223 3707 1367 3761 σῶαν
1395 3711 1487 3763 καὶ
1515 3709 1626 3780 (22)
1648 3709 1790 3764 κατά

210 3804 388 3856 πάντα
417 3801 737 3874 ἐρρωμένην
769 3803 866 3874 τὴν
902 3802 1227 3874 παραθήκην
1262 3802 1442 3873 φέρων
1476 3801 1788 3872 παραδώσει

207 3895 288 3966 τῷ
313 3894 432 3964 Θεῷ
468 3894 601 3963 (25),
645 3894 946 3966 ἀρχιερέως
989 3894 1166 3965 δίκην,
1208 3897 1335 3958 τοὺς
1370 3894 1462 3945 ὑπ’
1492 3893 1640 3963 αὐτῷ
1673 3892 1788 3965 (24)

217 3987 587 4061 ἱερουμένους,
619 3984 824 4050 πάντας
847 3985 1218 4058 λευχείμονας,
1266 3988 1359 4040 καὶ
1386 3986 1626 4058 ὡσπερεὶ⁸
1652 3985 1792 4056 λαμ-

207 4080 512 4154 προτάταις
553 4079 766 4142 στολαῖς
809 4081 920 4143 τοῖς
964 4080 1062 4151 τῆς
1106 4080 1456 4141 ἀναστάσεως
1494 4077 1790 4150 ἀφθάρτοις

209 4171 461 4245 σώμασιν
512 4169 981 4242 ὲξαστράπτοντας
1035 4170 1312 4242 παριστῶν
1365 4168 1537 4240 αὐτῷ,
1590 4170 1679 4223 ἵνα
1715 4169 1790 4240 μὴ

199 4265 384 4336 ’μόνης
413 4263 515 4334 τῆς
539 4265 630 4317 ὑπ’
655 4261 802 4333 αὐτῷ
826 4262 1101 4332 βασιλείας
1131 4263 1496 4331 ἀπολαύωσιν,
1529 4262 1666 4317 ἀλλά
1699 4264 1792 4317 καὶ

211 4353 320 4408 τῶν
368 4351 465 4406 τοῦ
517 4351 729 4424 Πατρὸς
792 4353 1045 4425 ἀρρήτων
1108 4354 1328 4420 ἀγαθῶν
1388 4352 1787 4424 ὲμπιπλώνται.

211 4442 368 4500 Οὕτω
398 4443 508 4519 γὰρ
531 4444 702 4509 ἔσται,
725 4445 864 4498 κατά
883 4446 972 4498 τὸν
988 4446 1325 4510 Ἀπόστολον,
1343 4447 1400 4499 '0
1431 4447 1572 4510 Θεὸς
1599 4445 1793 4500 πάντα

1881 778 2333 847 quemadmodum
2377 775 2575 833 dicitur
2606 775 2659 830 in
2704 773 2844 829 Filio
2868 787 3011 836 esse,
3037 771 3105 828 de
3135 787 3243 843 quo
3272 773 3456 840 docet,

1882 869 2046 926 Pater
2080 870 2137 925 in
2174 885 2275 935 me,
2303 880 2353 925 et
2390 885 2482 939 ego
2526 868 2582 922 in
2612 865 2776 922 Patre
2795 866 2881 934 ";
2908 865 3089 921 omnia
3119 875 3300 920 autem
3342 873 3458 922 tum

1881 961 1987 1017 illis
2014 962 2148 1028 erit,
2190 959 2332 1032 quod
2361 975 2420 1017 se
2469 967 2579 1015 tum
2629 958 2885 1016 omnibus
2921 957 3242 1026 exhibebit,
3295 963 3462 1026 prout

1879 1052 2298 1122 uniuscujusque
2345 1047 2575 1106 facultas
2622 1049 2768 1105 illius
2816 1049 3076 1104 deitatem
3117 1057 3296 1118 potest
3358 1063 3457 1104 ca-

1881 1158 2008 1213 pere
2033 1182 2052 1209 ,
2081 1158 2202 1200 cum
2231 1157 2356 1213 spes
2386 1141 2738 1199 beatitudinis
2782 1138 2837 1196 et
2874 1141 3002 1196 vita
3039 1140 3463 1198 interminabilis

1879 1245 1934 1291 et
1964 1234 2389 1304 incorruptibilis
2423 1231 2479 1289 in
2519 1248 2586 1289 eo
2617 1234 2724 1289 sita
2763 1233 2835 1291 sit
2871 1232 2978 1287 line
3001 1272 3019 1299 ,
3058 1233 3276 1301 quando
3318 1231 3462 1290 Deus

1881 1327 2094 1382 iuturus
2132 1336 2219 1382 est
2269 1325 2451 1380 omnia
2501 1326 2559 1380 in
2605 1325 2890 1387 omnibus,
2933 1323 3231 1394 adimplens
3271 1337 3462 1380 omnes

1881 1413 2047 1469 radiis
2072 1428 2184 1469 suae
2213 1414 2433 1469 deitatis
2474 1410 2853 1470 indeﬁcientis.
2894 1412 3064 1470 Filius
3101 1422 3281 1468 autem
3331 1424 3462 1468 tunc

1880 1506 2156 1561 exsultans
2210 1491 2443 1574 gaudio,
2502 1514 2560 1560 et
2623 1506 2792 1561 veluti
2851 1505 3178 1562 victoriosus
3253 1505 3464 1561 athleta

1881 1598 2370 1667 triumphabundus
2428 1613 2631 1655 corona
2684 1612 2874 1654 eorum
2935 1597 3274 1666 redimietur,
3322 1611 3466 1668 quos

1880 1685 2211 1742 beatitudine
2260 1689 2452 1758 dignos
2495 1689 2729 1756 habitos,
2778 1688 2941 1745 Patre
3003 1703 3102 1745 suo
3143 1696 3465 1759 spectante,

1881 1793 2047 1848 regno
2099 1779 2430 1836 indelicienti
2469 1792 2524 1835 et
2565 1795 2672 1837 non
2727 1779 3088 1837 veterasccnti
3146 1794 3468 1836 remunera-

1811 1862 1852 1916 Β
1881 1879 2034 1925 turus
2065 1880 2169 1926 est.
2209 1869 2447 1940 linpletis
2479 1875 2546 1928 de
2569 1887 2637 1928 eo
2668 1882 2781 1927 tum
2813 1873 3014 1928 divinis
3051 1872 3312 1938 oraculis,
3338 1887 3465 1928 cum

1881 1959 2001 2017 aliis
2035 1971 2145 2017 tum
2186 1963 2277 2018 illo
2303 1962 2572 2019 Gabrielis
2601 1964 2780 2034 angeli
2806 1965 2876 2020 ad
2902 1963 3303 2020 sanctissimam
3338 1964 3464 2021 Vir-

1881 2055 2058 2122 ginem
2090 2058 2150 2118 >14
2175 2054 2384 2122 prolato
2413 2056 2477 2110 de
2501 2054 2641 2110 Filio
2662 2070 2732 2110 ex
2750 2070 2816 2112 ea
2847 2058 3281 2127 progenerando,
3311 2055 3464 2121 Quod

1882 2154 2194 2214 regnaturus
2218 2146 2288 2199 sit
2322 2146 2377 2200 in
2412 2156 2686 2214 cateruam,
2713 2158 2762 2202 et
2789 2149 2948 2219 regni
2974 2148 3089 2216 eius
3131 2164 3235 2202 non
3263 2149 3364 2201 erit
3398 2148 3468 2216 ﬁ-

1882 2237 1963 2289 nis
1987 2236 2054 2291 ἰ.
2100 2234 2354 2306 Regnans
2394 2250 2461 2292 eo
2491 2247 2734 2309 tempore
2774 2239 2867 2294 Dei
2912 2237 3107 2304 Filius,
3152 2253 3342 2294 omnes
3371 2253 3469 2294 eos

1881 2328 1972 2397 qui
2005 2327 2105 2383 sub
2137 2328 2254 2398 ipso
2293 2337 2418 2384 sunt
2447 2330 2722 2400 regnaturi
2771 2331 3066 2386 traditurus
3101 2341 3187 2385 est
3222 2339 3333 2384 tum
3368 2345 3469 2387 suo

1881 2419 2029 2475 Patri
2054 2437 2069 2476 :
2090 2435 2197 2476 non
2225 2422 2443 2497 quidem
2470 2422 2724 2479 desinens
2754 2423 2870 2493 ipse
2893 2436 3123 2494 regnare
3150 2423 3468 2511 aliquando.

1883 2526 1985 2569 nec
2024 2515 2214 2584 quovis
2249 2524 2494 2586 tempore
2529 2531 2696 2588 regno
2745 2532 2806 2574 se
2839 2519 3100 2576 abdicans
3143 2519 3279 2590 (nec
3321 2517 3469 2574 enim

1882 2620 2114 2691 regnare
2171 2607 2468 2663 desiturum
2525 2609 2820 2679 aliquando
2872 2626 2996 2666 eum
3046 2612 3260 2667 divinus
3319 2611 3470 2682 Apo-

1883 2697 2054 2754 stolus
2079 2698 2397 2767 aillrmavit;
2425 2699 2505 2756 ita
2539 2703 2685 2758 enim
2712 2700 2953 2760 Gabriell
2977 2705 3250 2760 contraria
3280 2713 3473 2776 protu-

1883 2788 2035 2845 lisset
2080 2791 2172 2861 qui
2223 2791 2424 2863 Virgini
2465 2795 2636 2858 dixit,
2686 2805 3037 2864 regnaturum
3087 2795 3236 2853 illum
3274 2796 3328 2852 in
3366 2810 3472 2854 aa-

1869 2881 2042 2946 ‘cula,
2084 2896 2184 2937 nec
2225 2882 2466 2964 futurum
2507 2886 2795 2954 aliquando
2839 2889 2987 2959 regni
3040 2887 3186 2944 illius
3224 2887 3472 2964 linem);

1883 2973 1982 3026 sed
2011 2971 2150 3027 dixit
2185 2974 2506 3028 traditurum
2555 2991 2784 3046 regnum
2819 2993 2975 3033 suum
3015 2978 3202 3046 Patri,
3240 2979 3346 3036 hoc
3388 2987 3476 3038 est

1888 3061 2009 3118 illos
2038 3062 2092 3118 in
2127 3079 2264 3134 quos
2293 3066 2572 3121 obtinebat
2607 3082 2851 3138 regnum.
2879 3069 3295 3127 Consummatos
3323 3072 3474 3129 enim

1888 3154 1955 3208 ab
1994 3154 2111 3222 ipso
2137 3154 2278 3220 illos,
2305 3167 2360 3209 et
2391 3167 2649 3228 tanquam
2683 3173 2780 3213 suo
2807 3159 3042 3228 glorioso
3068 3160 3314 3217 facinore
3345 3162 3475 3219 illu-

1887 3253 2110 3312 stratos,
2151 3245 2301 3301 Patri
2329 3250 2523 3312 tradet,
2568 3261 2822 3322 tanquam
2853 3252 3122 3321 quoddam
3160 3253 3470 3324 depositum

1887 3336 2236 3393 manifestum
2277 3358 2288 3392 :
2324 3343 2467 3409 quod
2505 3352 2561 3397 et
2596 3343 2713 3412 ipse
2753 3344 2911 3398 docet
2948 3345 3235 3414 inquiens:
3275 3344 3474 3420 Omnis

1889 3431 2022 3484 mihi
2058 3433 2257 3486 tradita
2299 3445 2420 3488 sunt
2462 3453 2494 3488 a
2539 3420 2705 3491 Patre
2736 3453 2849 3492 meo
2870 3441 2937 3492 ".
2990 3438 3256 3506 Quocirca
3308 3439 3476 3497 veluti

1887 3521 2094 3592 probus
2133 3525 2360 3594 depositi
2405 3536 2620 3591 custos,
2662 3529 2966 3599 depositum
3007 3530 3218 3585 salvum
3263 3543 3474 3589 sartum

1893 3623 2202 3686 tectumque
2228 3619 2505 3674 exhibebit
2529 3617 2660 3686 Deo,
2686 3624 2754 3676 ad
2782 3615 2954 3677 instar
2980 3621 3260 3678 Pontiﬁcis
3284 3639 3478 3684 omnes

1891 3706 2027 3763 albis
2052 3711 2300 3776 amictos,
2325 3721 2379 3765 et
2412 3715 2734 3782 corporibus
2766 3715 3188 3779 immortalibus,
3219 3726 3474 3786 tanquam

1890 3799 2041 3854 stolis
2071 3803 2474 3858 candidissimis
2506 3804 2781 3860 radiantes
2811 3806 2885 3859 illi
2923 3806 2974 3860 in
3006 3822 3199 3863 manus
3227 3808 3475 3876 tradens,

1891 3902 1951 3944 ut
1985 3907 2090 3946 non
2131 3893 2292 3948 modo
2328 3895 2425 3948 sub
2466 3894 2554 3949 illo
2587 3893 2840 3950 fruantur
2874 3910 3070 3968 regno,
3117 3898 3212 3952 sed
3250 3899 3476 3968 insuper

1892 3982 2172 4052 adimpleri
2237 3985 2448 4053 possint
2505 3983 2863 4042 ineﬂ‘abilibus
2920 3987 3099 4043 Patris
3138 3988 3220 4042 sui
3273 3987 3473 4046 bonis:

1893 4081 2053 4141 atque
2092 4075 2166 4128 ita
2217 4073 2429 4130 futurus
2466 4087 2569 4141 est,
2595 4079 2895 4133 secundum
2949 4079 3192 4146 Apostoli
3227 4080 3430 4134 dictum
3456 4118 3477 4150 ,

1895 4162 2032 4218 Deus
2075 4169 2253 4220 omnia
2291 4169 2345 4220 in
2392 4170 2631 4222 omnibus
2657 4168 2702 4200 “
2728 4209 2744 4234 ,
2785 4185 2909 4223 cum
2960 4154 2999 4223 F
3008 4169 3131 4226 ilius
3168 4185 3299 4226 suos
3339 4173 3474 4229 sub-

1893 4255 2032 4309 ditos
2065 4268 2548 4326 repraesentaturus
2574 4269 2658 4314 est
2689 4260 2812 4330 ipsi,
2844 4269 2901 4314 ut
2932 4261 3048 4331 ipse
3067 4260 3230 4316 Pater
3247 4276 3478 4332 perorn-

1893 4348 1980 4400 nia
2013 4348 2084 4401 sit
2113 4347 2166 4401 in
2197 4351 2449 4403 omnibus
2473 4352 2676 4406 omnia.
2704 4349 2838 4405 Nam
2865 4361 2922 4406 ut
2955 4363 3074 4406 erat
3105 4353 3221 4424 ipse
3249 4355 3302 4407 in
3332 4352 3477 4412 Filio

1893 4453 1990 4493 suo
2005 4439 2319 4509 olim,juxta
2354 4441 2478 4494 illud
2505 4458 2519 4493 ε
2555 4438 2720 4496 Pater
2735 4446 2788 4497 in
2808 4460 2908 4508 me,
2937 4453 2983 4498 et
2997 4459 3091 4513 ego
3115 4446 3168 4498 in
3189 4445 3352 4499 Patre
3378 4445 3425 4478 “
3455 4487 3474 4515 ,

207 4535 280 4590 ἐν
314 4537 465 4590 πᾶσι
486 4577 501 4602 ,
554 4536 645 4590 τοῦ
694 4537 821 4591 Υῑοῦ
855 4539 978 4601 τοὺς
1016 4538 1459 4609 βασιλευομένους
1490 4539 1784 4609 προσάγον-

1895 4531 1962 4586 ad
1989 4533 2234 4588 eumdem
2271 4538 2483 4590 modum
2507 4538 2612 4592 erit
2637 4547 2751 4592 tum
2778 4538 2832 4593 in
2867 4540 3118 4594 omnibus
3143 4554 3242 4608 per
3274 4539 3474 4598 Filium

209 4644 301 4692 τος
325 4627 495 4698 αὐτῷ,
523 4629 608 4683 ἵνα
643 4629 764 4683 ὅλον
784 4630 945 4682 τοῦτο
972 4631 1216 4699 γένηται,
1246 4631 1388 4697 λέγω
1416 4630 1471 4682 δὲ
1509 4630 1568 4682 τὸ
1600 4631 1784 4684 Πάντα

1892 4628 2301 4683 consummatis.
2346 4627 2460 4684 Non
2488 4632 2630 4685 enim
2663 4633 2956 4701 Apostolus
2987 4634 3139 4695 dixit,
3169 4631 3365 4687 Filium
3415 4647 3478 4690 se

211 4720 271 4775 ὲν
299 4724 464 4775 πᾶσιν
493 4717 632 4775 εἶναι
665 4722 756 4775 τὸν
797 4724 1033 4793 Πατέρα.
1077 4724 1162 4783 Ὠς
1188 4723 1296 4793 γάρ
1333 4718 1400 4792 ἦν
1436 4723 1698 4794 πρότερον
1727 4723 1784 4774 ὲν

1893 4731 1994 4772 suo
2029 4734 2196 4786 regno
2229 4721 2603 4776 abdicaturum
2646 4735 2700 4779 et
2733 4736 3085 4794 regnaturum
3121 4726 3291 4779 Deum
3324 4740 3339 4777 :
3377 4725 3477 4780 sed

208 4807 288 4878 τῷ
316 4808 452 4879 Υιῷ,
481 4810 622 4863 κατά
649 4811 730 4875 τὸ,
772 4810 833 4864 '0
873 4811 1077 4878 Πατὴρ
1108 4813 1178 4863 ἐν
1199 4811 1350 4879 ἐμοὶ,
1395 4809 1556 4879 κάγὼ
1594 4811 1663 4862 ἐν
1707 4807 1784 4874 τῷ

1894 4808 2087 4866 Filium
2126 4811 2234 4868 Deo
2255 4825 2310 4868 et
2347 4813 2492 4870 Patri
2528 4831 2751 4886 regnum
2785 4820 3110 4873 traditurum
3140 4817 3350 4873 salvum
3382 4816 3478 4872 de-

287 4991 347 5048 νΙι
371 4982 468 5040 Ed.
487 4983 682 5050 Paris,
701 5001 820 5056 pag.
843 4987 961 5042 187.
1038 4991 1083 5020 ’⁸
1109 4988 1263 5044 Joan.
1288 5003 1341 5054 x,
1360 4986 1446 5040 38.
1525 4989 1568 5018 "
1588 4989 1715 5045 Luc.
1733 5006 1772 5056 ι,
1790 4992 1879 5061 5‘2,
1901 4994 1990 5046 53.
2068 4994 2114 5025 "
2133 4991 2265 5048 an.
2284 5011 2339 5063 x,
2358 4994 2445 5050 22.
2525 4996 2608 5050 “l
2633 4996 2758 5056 Cor.
2784 4997 2983 5065 xv,28.
3061 4996 3105 5030 “
3121 4994 3278 5054 Joan.
3302 5011 3358 5062 x,
3377 4993 3473 5054 38.

279 5161 393 5240 (1ξ)
429 5161 592 5240 Vulgo
612 5165 732 5240 ταῖς
755 5182 814 5217 τε
843 5164 895 5220 θ.
928 5175 983 5221 et
1014 5183 1132 5222 mox
1158 5168 1416 5240 ἀλήκτου.

281 5229 372 5298 (16
429 5231 596 5302 Vulgo
621 5229 700 5289 δέ.
814 5255 822 5263 ’

279 5241 394 5370 (l7;
425 5303 595 5370 Vulgo
630 5305 684 5370 ἡ.

278 5373 389 5442 (18)
432 5374 813 5440 Θαυμάσαντι
869 5378 1036 5444 πρός.
1087 5377 1202 5433 Non
1259 5391 1342 5433 est
1395 5397 1522 5437 vera
1589 5386 1773 5443 lectio.

1893 5184 2029 5240 tror,
2085 5191 2208 5230 cum
2271 5175 2420 5228 illum
2466 5184 2737 5246 tanquam
2794 5177 3118 5246 choragum,
3176 5183 3232 5227 et
3289 5174 3474 5246 athle-

1891 5257 2027 5311 tam,
2080 5258 2134 5301 et
2187 5245 2726 5317 triumphabmtdum,
2775 5251 2828 5302 in
2887 5245 2994 5303 hoc
3043 5260 3143 5302 suo
3189 5245 3474 5317 κατορθώ-

1890 5333 2038 5385 ματι,
2067 5328 2192 5369 ante
2233 5316 2618 5385 designaverit.
2663 5317 2736 5372 Μ.

1960 5387 2071 5459 (9.1)
2108 5385 2278 5459 Vulgo
2307 5387 2456 5459 deest
2485 5385 2575 5456 δή.

425 5303 595 5371 Vulgo
630 5305 684 5374 ἡ.

205 5440 395 5518 Neque
419 5443 562 5518 enim
588 5445 825 5518 Gabriel.
855 5440 944 5501 sed
981 5440 1135 5503 beata
1172 5449 1332 5518 Virgo
1360 5440 1770 5512 admirabatur}

206 5513 579 5591 et_legendur_n
629 5529 711 5570 est
769 5517 1146 5591 θαυμάσασαν,
1209 5513 1399 5574 sensus
1452 5537 1622 5591 patet,
1674 5544 1778 5583 vox

207 5582 585 5655 substituenda
616 5601 722 5640 non
762 5582 1020 5643 occurrit.
1072 5589 1143 5643 Μ.
1201 5617 1274 5631 -
1320 5582 1465 5647 Πεύῖ
1502 5611 1568 5650 ex
1608 5582 1776 5655 'codd.

208 5647 547 5708 θεσπισαντι.

279 5722 370 5790 (19
421 5721 588 5788 Vulgo
617 5742 736 5779 oux.

279 5727 393 5864 (θος
425 5793 736 5864 Φαιδρυνοι

279 5792 393 5864 (εο)
425 5793 955 5879 ςξαιδρυνριιένους.
1000 5801 1182 5879 Potest
1227 5803 1389 5879 etiam
1420 5806 1518 5876 legi
1548 5809 1782 5879 φαιδρυ-

206 5861 434 5934 “pavo;
467 5861 629 5936 [qubd
662 5861 781 5921 dedi
814 5861 936 5924 cuiu
961 5874 1141 5945 codd.]
1183 5892 1195 5927 :
1231 5875 1373 5944 quod
1407 5861 1586 5947 potius
1630 5861 1781 5938 arbi-

490 5955 763 6020 PATROL.
810 5959 927 6023 Gn.
973 5963 1206 6026 XXlV.
1324 5978 1326 5981 '

1955 5453 2068 5531 (τῇ)
2099 5453 2256 5531 Κατᾶ
2285 5453 2936 5531 παπαὶῇυοεει-τρότιον.
2973 5457 3047 5512 Μ.

1952 5523 2064 5597 (25)
2099 5524 2427 5596 Ἀρχιερέως
2463 5523 2665 5593 δίκην.
2690 5523 2805 5584 Non
2829 5526 2888 5583 ut
2927 5531 3042 5598 ipse
3086 5531 3154 5584 sit
3188 5527 3258 5583 ad
3301 5528 3476 5583 instar

1879 5600 2169 5669 pcntillcis,
2223 5611 2532 5669 quanquam
2569 5612 2759 5653 revera
2800 5601 2871 5654 sit
2924 5600 3164 5669 pontifex
3221 5615 3235 5651 ι
3279 5599 3372 5652 sed
3417 5611 3481 5655 ut

1882 5667 2100 5741 SalvatiA
2127 5670 2258 5730 sint,
2291 5667 2359 5720 ad
2408 5668 2581 5741 instar
2602 5669 2902 5741 pontiﬁcis
2926 5667 3320 5741 λευμίμρνες,
3355 5669 3481 5740 lego

1883 5689 2074 5723 salVall
2127 5689 2258 5730 SIIII,
2291 5689 2359 5720 au
2408 5689 2581 5721 ΙΙΙδιᾶη·
2625 5689 2902 5738 ρυηιιιιοιι
2941 5689 3036 5722 Λευ
3076 5689 3218 5741 ειμοι

1883 5738 2253 5812 ἐρρωμένους,
2286 5751 2316 5812 e
2348 5737 2723 5812 superioribus
2749 5751 2802 5794 et
2837 5689 3097 5812 ὡσπερᾶ.
3141 5739 3218 5796 M.

1959 5805 2069 5884 (εἰ)
2097 5809 2267 5878 γίηὸθ
2293 5805 2618 5879 ἐρωμένους
2645 5821 2701 5865 ει
2733 5827 2854 5866 mox
2893 5810 2966 5875 ὠς
2995 5805 3149 5884 ῖπερὶ.

3125 5969 3208 6030 33
