4072 6438
3330 423 3470 480 1058

217 435 355 492 1037
1131 431 1218 489 DE
1257 430 1776 490 ECCLESIASTICA

1880 426 2240 490 ‘HEOLOGIA
2283 422 2418 488 ιιΒῖ
2456 429 2544 487 111.

209 552 393 626 ἄρχων
438 551 531 604 καὶ
578 548 778 621 ποιμὴν
825 550 1151 622 γενήσεσθαι
1200 554 1231 604 6
1278 551 1480 606 Δαϐίδο
1537 554 1776 606 ἐπικεκα·

1896 560 2041 619 patet
2074 555 2218 622 quod
2246 553 2409 607 David
2438 557 2597 606 atate
2620 548 2778 618 longe
2801 544 3160 603 antecedebat
3187 545 3302 599 haec
3332 552 3472 598 tem-

207 642 497 715 λυμμένως
526 641 764 696 ἐνταῦθα
789 643 884 696 τοῦ
907 642 1072 696 Δασὶδ
1104 643 1195 697 τὸν
1218 645 1454 717 Χριστὸν
1480 645 1776 714 αἰνιττομέ-

1889 656 2039 710 pora.
2064 643 2276 698 Clarius
2303 643 2418 697 hac
2443 643 2556 712 ipsa
2584 639 2918 694 vaticinatur
2947 635 3154 699 Daniel,
3180 635 3268 690 ubi
3301 633 3467 688 Chri-

204 750 300 791 νου
325 733 413 788 διὰ
450 734 511 788 τὸ
548 736 612 788 ὲκ
646 735 963 807 σπέρματος
983 735 1148 790 αὑτοῦ
1185 737 1488 806 γεγονέναι.
1533 737 1704 792 Τοῦτο
1727 737 1776 791 δὲ

1889 744 2030 788 stum
2053 733 2288 804 appellat
2321 731 2519 787 Filium
2549 731 2793 795 hominis,
2833 743 2939 799 quo
2966 727 3182 784 nomine
3213 726 3469 793 frequen-

204 826 365 896 δῆλον
405 828 470 879 ὲκ
513 819 607 879 τοῦ
661 827 1085 899 προτεθνηκέναι
1122 829 1214 882 τὸν
1253 829 1416 883 Δασὶδ
1450 829 1543 884 τοῦ
1570 830 1784 902 χρόνου,

205 917 329 971 καθ’
361 911 420 971 ὃν
445 912 596 972 ταῦτ’
618 919 854 988 ἐλέγετο.
901 917 1245 992 Σαφέστερον
1271 921 1328 974 δὲ
1355 920 1529 976 ταῦτα
1553 923 1648 976 καὶ
1679 925 1785 976 Δα-

205 1005 324 1081 νιὴλ
369 1012 400 1063 6
439 1012 721 1084 προφήτης
754 1011 999 1077 Θεσπίζει
1023 1053 1038 1075 ,
1084 1013 1175 1065 τὸν
1217 1010 1452 1085 Χριστὸν
1495 1014 1590 1068 τοῦ
1625 1013 1784 1081 Θεοῦ,

212 1099 352 1154 Υιὸν
375 1099 688 1168 ἀνθρώπου
715 1097 996 1171 ὀνομάζων
1023 1101 1232 1165 λευκῶς
1253 1142 1265 1162 ,
1295 1100 1469 1166 οὕτως
1498 1098 1590 1157 οὖν
1625 1103 1720 1158 καὶ
1751 1105 1785 1174 ἡ

201 1187 311 1246 τῶν
341 1192 498 1263 ἱερῶν
513 1193 859 1262 Εὑαγγελίων
880 1190 1068 1246 εἴωθεν
1088 1193 1246 1247 αὐτὸν
1266 1194 1558 1248 ἀποκαλεῖν
1578 1197 1784 1267 γραφή.

201 1283 366 1352 Λέγει
389 1284 445 1338 δὲ
473 1285 658 1339 τοῦτον
689 1287 778 1338 τὸν
807 1287 1004 1355 τρόπον
1023 1302 1038 1315 °
1087 1285 1410 1355 Ἐθεώρουν
1439 1287 1509 1339 ἐν
1541 1282 1786 1357 ὁράματι

200 1374 312 1445 τῆς
335 1377 552 1443 νυκτὸς
572 1421 585 1441 ,
626 1378 722 1431 καὶ
747 1376 876 1430 ἰδοὺ
906 1375 1056 1445 μετὰ
1080 1376 1196 1429 τῶν
1225 1376 1497 1446 νεφελῶν
1527 1377 1634 1432 τοῦ
1679 1379 1784 1431 οὺ-

196 1469 407 1538 ρανοῦ,
437 1470 518 1536 ὡς
555 1469 684 1536 Υἱὸς
711 1468 1026 1538 ἀνθρώπου
1061 1470 1383 1538 ἐρχόμενος
1407 1466 1486 1539 ἦν
1507 1487 1521 1500 °
1557 1470 1653 1526 καὶ
1675 1469 1785 1535 ἕως

197 1557 308 1612 τοῦ
363 1557 630 1611 Παλαισῦ
697 1556 814 1610 τῶν
861 1556 1098 1633 ἡμερῷν
1155 1557 1385 1626 ἔφθασε
1448 1557 1547 1612 καὶ
1595 1571 1784 1628 προσ-

197 1647 427 1718 ηνέχθη
449 1687 464 1710 ,
499 1647 598 1701 καὶ
621 1647 782 1714 αὐτῷ
806 1648 985 1717 ἐδόθη
1017 1651 1055 1717 ἡ
1089 1649 1268 1720 ἀρχὴ,
1300 1649 1399 1703 καί
1427 1651 1466 1718 ὴ
1495 1650 1655 1720 τιμὴ,
1685 1649 1784 1703 καὶ

197 1737 240 1807 ἡ
266 1738 560 1804 ,βασιλεία
583 1756 596 1769 ο
627 1739 726 1792 καί
760 1738 984 1806 πάντες
1008 1744 1059 1794 οι
1085 1742 1243 1804 λαοὶ,
1269 1741 1480 1811 φυλαὶ,
1512 1741 1785 1811 γλῶσσαι

195 1830 358 1896 αὐτῷ
387 1829 852 1885 δουλεύσουσιν.
900 1832 972 1885 Ἦ
1008 1831 1260 1897 ἐξουσία
1304 1831 1493 1888 αὑτοῦ
1530 1833 1783 1898 ἐξουσία

1887 837 1970 882 ter
1998 827 2050 880 in
2081 825 2384 896 Evangeliis
2415 833 2729 895 usurpatur.
2763 822 2853 876 Ait
2875 829 3056 877 autem
3090 834 3104 873 :
3132 817 3464 886 Aspiciebam

1885 919 1946 972 in
1971 919 2165 975 visione
2198 919 2386 982 noctis,
2422 928 2469 971 et
2494 932 2612 971 ecce
2630 932 2748 972 cum
2774 914 2993 968 nubibus
3024 912 3136 966 coeli
3176 911 3329 980 quasi
3372 906 3466 961 Fi-

1887 1011 1989 1066 lius
2021 1012 2245 1066 hominis
2278 1011 2508 1065 ueniebat
2525 1026 2545 1074 ;
2568 1021 2616 1064 et
2647 1024 2808 1078 usque
2837 1006 2907 1060 ad
2944 1005 3225 1073 Antiquam
3257 1004 3463 1056 dierum

1886 1106 2114 1174 pervenit
2136 1120 2156 1168 ς
2178 1114 2224 1157 et
2251 1104 2305 1156 in
2329 1112 2606 1171 conspectu
2631 1101 2745 1170 ejus
2787 1098 3082 1152 obtulerunt
3109 1111 3260 1158 eum;
3299 1104 3346 1146 et
3372 1095 3465 1146 de-

1886 1194 1964 1244 dit
2008 1191 2057 1244 ei
2111 1201 2433 1260 potestatem,
2470 1199 2517 1243 et
2546 1189 2796 1242 honorem
2844 1197 2890 1239 et
2939 1191 3174 1254 regnum.
3208 1193 3256 1235 et
3285 1195 3461 1235 omnes

1885 1283 2083 1351 populi,
2129 1283 2300 1335 tribus
2331 1291 2378 1334 et
2419 1280 2612 1350 lingua:
2644 1280 2742 1349 ipsi
2768 1279 3009 1331 servient.
3045 1273 3288 1328 Potestas
3323 1271 3458 1341 ejus,

1886 1386 2114 1444 potestas
2143 1384 2358 1435 Merita.
2392 1390 2510 1443 qua:
2543 1390 2645 1426 non
2671 1373 2960 1440 auferetur,
3005 1379 3052 1422 et
3086 1384 3301 1440 regnum
3343 1366 3462 1435 ejus

1885 1469 2027 1538 quod
2056 1483 2158 1520 non
2193 1474 2551 1532 corrumpetur
2566 1464 2635 1516 ”.
2675 1461 2834 1516 Vides
2869 1469 2926 1515 ut
2952 1461 3005 1514 in
3039 1459 3154 1514 istis
3210 1460 3460 1513 incurru-

1885 1559 2070 1630 ptibile
2092 1573 2199 1613 non
2221 1571 2530 1620 senescens,
2553 1555 2670 1609 sine
2701 1554 2806 1608 line
2829 1552 3064 1607 futurum
3087 1551 3203 1619 eius
3233 1565 3458 1620 regnum

1887 1652 2144 1722 propheta
2202 1651 2440 1704 declaret
2486 1667 2500 1702 ε
2552 1663 2657 1701 non
2701 1646 2918 1716 quidem
2958 1644 3120 1700 Verbi
3170 1643 3265 1698 Dei
3314 1643 3461 1698 illius

1885 1743 2024 1814 quod
2056 1744 2109 1797 in
2137 1742 2243 1796 Deo
2265 1742 2428 1807 inest,
2455 1739 2549 1794 sed
2577 1737 2708 1791 Filii
2735 1739 2978 1792 hominis.
3009 1735 3178 1803 Quem
3207 1735 3460 1791 eumdem

1889 1835 2122 1904 hominis
2149 1833 2344 1889 Filium
2396 1832 2560 1887 alium
2611 1839 2668 1886 et
2703 1831 2976 1888 ditersum
3027 1842 3147 1884 esse
3184 1827 3341 1883 docet
3389 1829 3460 1882 ab

194 1921 450 1988 αἰώνιος,
495 1921 630 1989 ἣτις
671 1923 744 1975 οὐ
777 1924 1248 1991 παρελεύσεταιο
1295 1923 1396 1978 καὶ
1422 1926 1462 1994 ἠ
1493 1925 1776 1990 ,ϐασιλεία

1884 1928 2117 1998 Antiquo
2161 1929 2393 1995 dierum,
2443 1927 2532 1996 qui
2582 1941 2808 1996 regnum
2853 1924 3052 1994 accipit
3095 1932 3356 1978 atteruum
3389 1921 3460 1976 ab

193 2012 379 2066 αὐτοῦ
403 2014 474 2066 οὺ
497 2011 967 2082 διαφθαρήσεται
988 2001 1018 2068 .’
1054 2014 1297 2087 Συνορᾱς
1328 2014 1406 2078 ὼς
1444 2017 1538 2069 καὶ
1563 2017 1620 2069 ὲν
1659 2017 1776 2070 τού-

1882 2020 2121 2091 Antiquo
2141 2020 2370 2086 dierum,
2397 2019 2501 2074 hoc
2524 2027 2607 2074 est
2637 2021 2705 2073 ab
2731 2019 2899 2089 ipsius
2925 2017 3087 2072 Patre
3116 2031 3130 2069 :
3160 2012 3252 2069 sed
3292 2013 3461 2068 bosco

193 2116 305 2165 τοις
332 2100 605 2172 ἄφθαρτον
653 2103 747 2156 καὶ
790 2104 982 2175 ἀγήρω
1029 2105 1124 2160 καὶ
1172 2105 1532 2178 ἀτελεύτητον
1576 2109 1637 2160 οὐ
1683 2109 1776 2162 τοῦ

1881 2126 2045 2164 unum
2099 2119 2154 2164 et
2205 2117 2452 2164 eumdem
2508 2123 2630 2165 esse
2668 2107 2953 2164 Marcellus
2988 2108 3162 2172 docet,
3186 2117 3459 2172 unamque

194 2193 367 2262 Λόγου
410 2193 504 2247 τοῦ
537 2195 595 2246 ὲν
628 2193 703 2263 τῷ
731 2193 849 2264 Θεῷ
881 2194 976 2266 τὴν
1021 2195 1304 2266 βασιλείαν
1348 2195 1602 2263 ἔσεσθαι,
1641 2198 1778 2252 ἀλλὰ

191 2283 442 2340 ωὔΐῐοῦ
491 2284 584 2339 τοῦ
633 2284 938 2357 ἀνθρώπου,
997 2289 1328 2360 παρίστησιν
1379 2292 1409 2344 6
1459 2293 1772 2362 προφήτηςο

192 2377 376 2451 ῑτερόν
403 2396 462 2433 τε
495 2379 644 2451 παρὰ
669 2379 759 2432 τὸν
791 2379 1018 2434 Παλαιὸν
1058 2381 1170 2436 τῶν
1211 2383 1445 2458 ἡμερῶν
1484 2384 1669 2454 σαφῶς
1701 2386 1777 2438 δι-

191 2468 375 2524 δάσκει
399 2471 491 2524 τὸν
513 2472 640 2526 Υἱὸν
671 2468 808 2526 εἶναι
835 2471 938 2533 toi
959 2473 1252 2542 ἀνθρώπου
1293 2476 1394 2530 τὸν
1436 2477 1534 2549 τὴν
1563 2475 1774 2550 ἄφθαρ-

192 2579 282 2617 τον
316 2563 588 2634 βασιλείαν
623 2565 774 2638 παρὰ
797 2562 892 2619 τοῦ
915 2565 1154 2620 Παλαιοῦ
1181 2567 1293 2623 τῶν
1319 2571 1547 2643 ἡμερῶν
1576 2571 1774 2644 δηλαδὴ

193 2654 344 2727 παρὰ
380 2656 474 2710 τοῦ
512 2657 675 2711 αὐτοῦ
707 2659 916 2732 Πατρδς
955 2659 1382 2730 ὑποδεξάμενον.
1437 2663 1596 2718 Ἀλλὰ
1623 2665 1777 2736 Μάρ-

195 2746 380 2812 κελλος
410 2749 505 2802 ἕνα
539 2750 630 2803 καὶ
673 2751 761 2804 τὸν
803 2749 964 2804 αὑτὸν
1006 2748 1146 2807 εἶναι
1196 2755 1445 2826 ὁρίζεται
1492 2756 1588 2811 καὶ
1645 2757 1775 2827 μίαν

197 2837 490 2894 ὑπόστασιν
546 2841 698 2895 δυσὶν
756 2843 1014 2912 ὀνόμασιν
1062 2845 1468 2918 ὑποκειμένην
1529 2848 1610 2901 ἔτι
1669 2849 1775 2919 μὴν

197 2927 294 2982 καὶ
322 2928 420 3000 τὴν
457 2930 732 3000 βασιλείαν
772 2935 935 2988 αὑτοῦ
969 2937 1331 3008 περιγράφειν
1362 2939 1533 3010 τολμᾷ
1566 2941 1656 2993 καὶ
1685 2940 1773 2992 τέ-

197 3019 290 3085 λος
323 3021 542 3078 ἔσεσθαι
585 3024 685 3096 τῆς
723 3027 958 3097 Χριστοῦ
1005 3029 1282 3098 βασιλείας
1325 3030 1556 3097 ἀναιδῶς
1603 3032 1775 3095 οὕτως

197 3114 554 3185 ἀποφαίνεται
599 3119 736 3190 μετὰ
777 3120 867 3172 τὸν
919 3120 1018 3190 τῆς
1069 3123 1547 3196 κρίσεωςκαιρὸν.
1588 3125 1774 3179 τοῦτον

197 3207 426 3275 γράφων
486 3209 576 3262 τὸν
617 3211 852 3281 τρόπον·
902 3231 919 3261 ι
972 3213 1242 3279 Μέγιστον
1288 3215 1430 3284 ἡμῖν
1478 3218 1773 3288 μυστήριον

204 3315 224 3348 ι
253 3295 482 3352 ἐνταῦθα
507 3301 536 3352 6
576 3299 894 3364 Ἀπὸστολος
924 3303 1292 3356 ἀνακαλύπτει
1312 3304 1449 3372 (33),
1469 3305 1622 3368 τέλος
1653 3306 1772 3359 ἔσε-

201 3404 225 3438 ι
259 3387 383 3442 σθαι
442 3391 666 3459 φάσκων
712 3392 812 3462 τῆς
857 3393 1091 3464 Χριστοῦ
1145 3395 1456 3464 βασιλείας.
1511 3396 1660 3459 τέλος
1717 3397 1775 3450 δὲ

201 3500 222 3531 ι
258 3479 412 3544 τότε,
456 3481 600 3536 ὅταν
643 3482 840 3537 πάντα
891 3485 1163 3555 ὑποταγῇ
1215 3485 1334 3540 ὑπὸ
1387 3486 1531 3552 τοὺς
1586 3485 1774 3550 πόδας

200 3587 222 3623 ι
263 3572 467 3627 αὑτοῦ.
492 3592 512 3626 ι
551 3575 662 3628 Καὶ
710 3575 1136 3647 ὲπεξεργάζεται
1177 3577 1290 3647 (54)
1338 3578 1430 3630 τὸν
1472 3578 1628 3647 λόγον
1671 3570 1776 3630 ὦδὲ

195 3677 274 3731 πη
329 3662 535 3731 λέγων·
593 3684 611 3716 ι
641 3666 891 3735 Ἔφαμεν
950 3668 1007 3721 ὲν
1063 3671 1172 3732 τοῖς
1234 3670 1561 3749 ηροάγουσιν
1617 3669 1778 3740 ἡμῶν

199 3772 221 3805 ι
263 3755 463 3824 ῥητοῖς,
520 3756 610 3809 τὸν
663 3758 936 3828 Δεσπότην
984 3759 1140 3830 ἡμῶν
1187 3761 1278 3814 τὸν
1324 3763 1556 3834 Χριστὸν
1600 3762 1775 3833 ἀρχὴν

201 3863 222 3896 ι
260 3845 547 3917 ἐσχηκέναι
586 3847 880 3916 βασιλείας,
929 3853 991 3903 ὲκ
1029 3851 1136 3904 τῶν
1180 3851 1337 3906 Θείων
1373 3854 1604 3924 Γραφῶν
1633 3857 1773 3909 ἀπο-

1877 2203 2234 2259 substantiam
2267 2200 2476 2258 duobus
2527 2201 2836 2256 nominibus
2875 2199 3206 2270 insignitam.
3250 2193 3357 2250 Sed
3400 2202 3458 2249 et

1879 2308 2104 2366 regnum
2139 2295 2306 2364 ipsius
2335 2292 2764 2363 circumscripsit
2802 2293 3014 2346 audax:
3039 2298 3094 2345 et
3132 2287 3273 2358 quod
3305 2287 3458 2356 regni

1876 2387 2078 2443 Christi
2133 2389 2259 2443 linis
2299 2389 2372 2443 sit
2410 2387 2623 2442 futurus
2661 2395 2783 2455 post
2807 2383 3000 2455 iudicii
3043 2392 3303 2450 tempora,
3338 2379 3458 2434 sine

1875 2481 2384 2546 omniverecundia,
2407 2478 2482 2534 ita
2513 2479 2703 2535 scribit
2733 2493 2746 2529 :
2787 2496 2806 2529 ι
2843 2475 3134 2532 Maximum
3157 2471 3314 2528 nobis
3339 2484 3455 2542 y-

1881 2592 1902 2625 ι
1940 2574 2163 2630 sterium
2195 2574 2283 2628 hic
2313 2571 2516 2628 revelat
2543 2570 2857 2642 Apostolus,
2894 2583 3017 2624 cum
3053 2567 3195 2636 quod
3229 2578 3454 2635 regnum

1882 2683 1902 2717 ι
1935 2665 2135 2722 Christi
2166 2666 2237 2721 sit
2271 2665 2606 2731 habiturum,
2643 2665 2803 2718 tinem
2857 2661 3074 2725 indicet,
3128 2659 3287 2712 linem
3323 2669 3454 2710 vero

1881 2777 1901 2812 ι
1938 2767 2072 2823 tum,
2137 2775 2254 2814 eum
2317 2757 2551 2827 subjecta
2603 2755 2802 2824 fuerint
2860 2753 3034 2808 omnia
3092 2751 3184 2802 sub
3237 2745 3453 2816 pedibus

1883 2872 1901 2904 ι
1936 2853 2126 2924 ejus”.
2168 2872 2188 2906 ι
2227 2850 2397 2918 Quem
2429 2863 2735 2904 sermonem
2765 2847 2830 2902 ad
2856 2847 3002 2902 hunc
3027 2843 3243 2899 modum
3273 2840 3455 2897 adhuc

1875 2953 2167 3015 exaggerat
2200 2965 2211 2999 :
2259 2961 2277 2994 ι
2315 2942 2556 2996 Diximus
2599 2941 2650 2995 in
2683 2937 3129 3010 praecedentibus,
3163 2931 3455 2988 Dominum

1881 3056 1900 3088 ι
1935 3047 2178 3092 nostrum
2207 3034 2478 3090 Christum
2506 3034 2655 3103 regni
2685 3033 2766 3087 sui
2796 3031 3007 3085 initium
3035 3028 3287 3084 habuisse
3319 3041 3337 3080 :
3369 3021 3453 3077 usi

1880 3142 1901 3176 ι
1935 3137 2121 3178 sumus
2168 3123 2235 3178 ad
2283 3123 2387 3177 hoc
2439 3122 2612 3190 ipsum
2680 3119 3065 3176 declarandum
3133 3115 3464 3172 testimoniis,

1880 3232 1899 3264 ι
1937 3212 2602 3283 δωριυι-ατυω.»Αὰάίιι
2628 3231 2646 3263 ι
2671 3210 2831 3267 Certe
2849 3217 3139 3281 suppetunt
3169 3209 3456 3261 innumera

1884 3324 1903 3357 ι
1941 3306 2120 3372 nobis,
2175 3315 2230 3362 et
2285 3307 2503 3375 quidem
2552 3305 2912 3368 abundanter,
2947 3299 3254 3356 testimonia
3309 3299 3456 3367 quod

1883 3417 1902 3450 ι
1939 3400 2163 3455 sortitus
2189 3398 2258 3452 sit
2298 3397 2448 3468 regni
2485 3397 2565 3452 sui
2602 3396 2922 3465 principium
2970 3394 3130 3447 homo
3171 3405 3269 3459 per
3314 3389 3455 3444 Ver-

1882 3507 1902 3539 ι
1937 3488 2084 3542 bum.
2123 3493 2182 3552 iis
2214 3487 2274 3542 Si
2304 3502 2433 3541 vero
2464 3487 2692 3556 sumpsit
2733 3488 2835 3540 hoc
2877 3483 3091 3539 initium
3123 3490 3248 3535 ante
3283 3493 3455 3534 annos

1881 3599 1900 3631 ι
1939 3596 2042 3634 non
2062 3581 2244 3648 plures
2263 3595 2426 3648 quam
2447 3594 2594 3642 cccc,
2626 3578 2753 3649 quid
2775 3577 2968 3630 mirum
2987 3576 3031 3629 si
3056 3572 3345 3643 Apostolus
3361 3586 3454 3626 re-

1881 3691 1902 3726 r
1937 3674 2140 3739 tulerit,
2174 3672 2319 3726 illum
2349 3672 2438 3742 qui
2477 3682 2602 3726 ante
2629 3682 2842 3739 tempus
2868 3684 2971 3723 non
3005 3678 3112 3721 tam
3138 3667 3454 3720 diuturnum

1882 3788 1899 3817 ι
1937 3767 2143 3835 accepit
2182 3779 2404 3837 regnum
2451 3780 2630 3828 suum,
2678 3763 2816 3818 idem
2852 3776 3075 3831 regnum
3127 3758 3452 3812 traditurum

1880 3877 1899 3910 ι
1932 3858 2078 3912 Patri
2098 3857 2257 3912 suo?»
2280 3857 2405 3912 Post
2423 3855 2689 3926 paucasie
2716 3853 2911 3908 infert:
2938 3851 3105 3918 «Quid
3124 3865 3251 3917 ergo
3270 3851 3337 3904 de
3360 3850 3456 3902 hu-

1879 3969 1898 4001 ι
1937 3965 2092 4004 mana
2124 3951 2210 4004 illa
2245 3964 2409 4004 carne
2442 3949 2751 4009 edocemur,
2789 3961 2950 4015 quam
2992 3957 3089 4013 pro
3132 3941 3286 3994 uobis
3325 3949 3455 3994 ante

1879 4063 1899 4094 ι
1935 4058 2103 4097 annos
2129 4043 2218 4096 vix
2241 4057 2366 4097 cccc
2394 4041 2633 4110 integros
2656 4038 2945 4108 assumpsit
2971 4036 3242 4091 Verbum?
3270 4041 3452 4089 utrum

201 3955 221 3988 ι
258 3935 452 4004 δείξεσι
477 3937 770 4009 χρώμενοι.
815 3941 926 3992 Καὶ
961 3941 1224 4011 ἐπιλέγει,
1271 3944 1366 3997 ita).
1396 3944 1532 4008 ὅλως
1561 3947 1776 4016 μυρίων

198 4045 220 4079 ι
257 4027 434 4100 ῥητῶν
465 4028 601 4100 πρὸς
634 4029 935 4099 μαρτυρίαν
980 4033 1126 4083 ἐστὶν
1174 4033 1548 4105 εὐπορήσαντα
1579 4036 1774 4103 δεῖξαι,

198 4139 219 4172 ι
253 4121 334 4174 ὅτι
359 4121 532 4194 ἀρχὴν
564 4121 674 4192 (35)
710 4120 983 4191 βασιλείας
1020 4123 1242 4194 εἴληφεν
1291 4126 1320 4176 6
1361 4126 1644 4198 ἄνθρωπος
1683 4129 1771 4181 διὰ

1880 4153 1898 4184 ε
1939 4145 2278 4189 retenturum
2308 4135 2380 4187 sit
2413 4132 2647 4186 Verbum
2689 4133 2932 4186 eamdem
2989 4131 3043 4183 in
3073 4127 3254 4183 futuro
3282 4141 3453 4182 szecu-

198 4232 219 4264 ι
377 4214 571 4312 Λόγου.
612 4212 818 4312 Immin.)
867 4215 1092 4288 εἴληφεν
1134 4219 1308 4290 ἀρχὴν
1353 4218 1629 4289 βασιλείας
1666 4223 1772 4294 πρὸ

1880 4243 1898 4275 ι
1940 4225 2013 4292 lo,
2067 4240 2135 4280 an
2169 4224 2504 4280 solummodo
2545 4225 2613 4277 ad
2655 4221 2844 4290 judicii
2895 4231 3124 4289 tempus.
3167 4239 3187 4270 ι
3231 4218 3297 4272 Et
3337 4219 3452 4272 hac

197 4317 219 4352 ι
255 4301 391 4355 ἑτῶν
413 4301 548 4355 ὅλων
574 4303 634 4354 οὐ
659 4302 922 4356 πλειόνων
947 4305 979 4374 ἢ
1011 4310 1397 4377 τετρακοσίων,
1418 4310 1570 4364 οὐδὲν
1599 4312 1775 4383 παρά-

1880 4317 2090 4387 quidem
2123 4333 2289 4372 ausus
2307 4327 2389 4371 est
2418 4314 2700 4370 Marcellus
2727 4312 2900 4368 effari.
2927 4314 2995 4367 At
3027 4313 3115 4366 Dei
3151 4309 3448 4380 praphetae,

197 4409 218 4444 ι
249 4389 418 4456 δοξον,
440 4396 489 4446 εἰ
508 4395 598 4452 τὸν
614 4397 719 4468 πρὸ
741 4396 914 4460 οὕτως
937 4397 1118 4464 ὀλίγου
1140 4400 1330 4471 χρόνου
1356 4400 1454 4471 τῆς
1496 4401 1771 4485 βασιλείας

1880 4423 2099 4478 regnum
2126 4407 2327 4462 Christi
2354 4406 2591 4460 futurum
2624 4403 3026 4460 interminabile
3059 4401 3323 4455 deﬁniunt
3350 4415 3367 4454 :
3394 4409 3451 4454 et

195 4503 218 4540 ι
248 4486 450 4558 ταύτης
474 4490 705 4560 τυχόντα
733 4492 1092 4557 ὁἈπόστολός
1119 4512 1253 4566 φησι
1291 4495 1632 4565 παραδώσειν
1674 4497 1770 4567 τὴν

1880 4519 1903 4553 ιι
1935 4514 2074 4558 novo
2113 4498 2377 4567 principio
2422 4496 2835 4561 exordiendum,
2892 4503 3010 4564 post
3061 4494 3204 4548 diem
3259 4492 3451 4562 iudicii

195 4597 216 4631 ι
244 4579 516 4651 βασιλείαν
529 4581 606 4652 τῷ
620 4582 754 4653 Θεῷ.
771 4603 789 4634 ι
805 4585 911 4636 Καὶ
932 4584 1250 4655 προστίθησι
1270 4585 1386 4655 μεθ’
1401 4587 1562 4658 ἕτερα
1577 4589 1767 4655 λέγων·

1880 4594 1980 4648 hoc
2006 4592 2295 4646 alﬁrmant.
2319 4589 2456 4644 Nota
2484 4592 2628 4645 enim
2665 4591 2797 4644 mihi
2832 4599 2890 4643 ut
2914 4589 3173 4658 prapheta
3201 4585 3454 4642 Ezechiel
3548 4643 3554 4649 _

195 4688 218 4722 ι
252 4670 319 4724 Τί
347 4673 523 4726 τοίνυν
557 4673 666 4742 (36)
705 4675 1045 4744 μανθάνομεν
1103 4676 1231 4747 περὶ
1273 4677 1372 4747 τῆς
1422 4677 1771 4752 ἀνθρωπίνης

1880 4683 2164 4738 discrimen
2215 4691 2480 4751 supponat
2517 4681 2698 4736 avium
2749 4679 2840 4735 Dei
2873 4717 2889 4742 ,
2933 4687 2989 4734 et
3039 4687 3159 4748 post
3190 4677 3451 4747 judicium

196 4779 216 4814 ι
253 4763 474 4834 σαρκὸς,
501 4764 564 4834 ἢν
594 4765 660 4818 δι’
693 4767 838 4836 ἡμᾶς
868 4766 1087 4836 εἴληφεν
1110 4771 1137 4820 6
1161 4767 1349 4836 Λόγος,
1385 4767 1490 4838 πρὸ
1515 4788 1773 4841 τετρακο-

1880 4775 2042 4829 David
2073 4776 2140 4830 iis
2173 4787 2446 4844 pastorem
2471 4773 2751 4844 praeficiat,
2792 4787 2953 4842 quem
2978 4782 3029 4826 et
3062 4772 3362 4842 principem
3389 4768 3454 4822 il-

195 4873 214 4904 ι
252 4855 382 4908 σίων
418 4857 515 4926 οὐχ
546 4857 682 4911 ὅλων
717 4857 889 4922 ὲτῶν;
927 4860 1161 4931 Πότερόν
1201 4878 1331 4914 ποτε
1365 4861 1568 4933 ταύτην
1599 4864 1690 4916 καὶ
1714 4866 1772 4916 ὲν

1880 4868 2049 4922 lormn
2084 4868 2715 4929 futurum,vaticinatur.
2750 4863 2935 4920 Daniel
2977 4873 3154 4919 autem
3184 4863 3273 4917 ubi
3310 4873 3449 4930 prte-

193 4965 215 4999 ι
244 4949 356 5011 τοῖς
389 4948 667 5018 μέλλουσιν
720 4949 909 5003 αἰῶσιν
939 4954 966 5004 6
994 4953 1163 5020 Λόγος
1197 4954 1341 5020 seu;
1386 4954 1418 5024 ἢ
1447 4955 1573 5028 ἄχρι
1612 4957 1772 5027 μόνου

1880 4964 2102 5016 miserat
2132 4980 2144 5015 :
2179 4959 2515 5016 Consideravi
2551 4971 2726 5014 autem
2772 4959 2934 5012 donec
2961 4959 3134 5011 throni
3157 4966 3452 5011 statueren-

193 5057 215 5091 ι
248 5038 343 5092 τοῦ
371 5039 470 5109 τῆς
497 5041 730 5111 κρίσεως
764 5043 954 5113 καιροῦ
977 5061 991 5107 ;
1018 5065 1036 5095 ι
1075 5045 1392 5115 Μάρκελλος
1420 5045 1517 5114 μὲν
1539 5043 1630 5100 οὖν
1658 5065 1768 5100 τοι-

187 5129 329 5185 αὕτα
372 5131 550 5200 λέγειν
596 5132 833 5203 ἐτόλμα·
883 5137 931 5185 οἱ
967 5135 1022 5186 δέ
1067 5152 1130 5202 γε
1170 5135 1263 5189 τοῦ
1309 5136 1443 5188 Θεοῦ
1491 5139 1767 5208 προφῆται

189 5222 545 5294 ἀτελεύτητον
591 5224 682 5277 τοῦ
715 5224 950 5294 Χριστοῦ
998 5226 1096 5296 τῆν
1144 5218 1420 5294 βασιλείαν
1466 5229 1768 5300 ὁριζόμενοι

195 5315 332 5384 μετά
385 5315 473 5369 τὸν
517 5317 616 5388 τῆς
655 5319 886 5387 κρίσεως
925 5319 1113 5389 καιρὸν
1153 5320 1245 5372 τοῦ
1296 5321 1414 5373 νέου
1448 5321 1640 5380 αἰῶνος
1673 5325 1768 5394 τὴν

191 5406 364 5476 ἀρχὴν
395 5406 508 5477 (37)
539 5406 786 5471 καθέξειν
813 5407 973 5462 αὑτὸν
1000 5427 1151 5478 φασι.
1187 5411 1295 5463 Θέα
1327 5411 1436 5483 γὰρ
1467 5415 1495 5465 6
1525 5413 1600 5476 ὡς
1631 5432 1766 5484 προ-

1875 5061 1986 5112 :ur,
2043 5061 2095 5104 et
2137 5052 2393 5117 Antiquus
2441 5051 2647 5104 dierum
2683 5051 2816 5104 sedit
2857 5067 2876 5102 :
2926 5049 3282 5102 vestimentum
3336 5044 3452 5113 ejus

1871 5145 2153 5197 εαηιίίάιινι
2185 5143 2335 5213 quasi
2358 5143 2471 5205 nix,
2500 5153 2548 5196 et
2589 5142 2767 5210 capilli
2793 5142 2972 5208 capitis
3002 5143 3115 5208 ejus
3148 5137 3300 5210 quasi
3326 5137 3452 5190 lana

1870 5238 2068 5288 munda
2102 5254 2119 5289 :
2157 5238 2370 5289 thronus
2396 5235 2510 5302 ejus
2537 5235 2751 5302 ﬂamma
2775 5235 2910 5303 ignis
2942 5246 2963 5286 :
2993 5243 3120 5286 rotle
3159 5234 3270 5300 ejus
3310 5230 3445 5298 ignis

1871 5344 2142 5383 accensus.
2169 5328 2387 5383 Fluvius
2411 5331 2545 5398 ignis
2577 5332 2887 5398 rapidusque
2907 5325 3266 5396 egrediebatur
3299 5340 3330 5375 a
3362 5323 3448 5389 fa-

1871 5421 1945 5473 cie
1979 5421 2091 5483 eius
2125 5438 2141 5474 :
2173 5422 2342 5475 millia
2391 5424 2613 5477 millium
2659 5420 3027 5476 ministrabant
3071 5419 3141 5483 ei,
3193 5426 3240 5470 et
3275 5415 3446 5470 decies

267 5549 327 5607 ›Ῑ‹
359 5543 455 5598 Ed.
472 5545 670 5611 Paris.,
697 5562 818 5617 pag.
847 5548 968 5602 190.
1043 5552 1088 5584 ’⁸
1119 5550 1250 5606 Dan.
1303 5569 1398 5619 vn,
1444 5555 1526 5622 l3,
1564 5554 1648 5610 1-1.
1729 5557 1772 5587 ³⁰

1880 5559 1979 5614 lor.
2031 5577 2124 5628 xv,
2151 5562 2244 5615 28.

407 5676 578 5748 Vulgo
603 5680 996 5737 ἀποκαλύπτει.

265 5676 354 5748 (33
407 5676 578 5745 Vulgo
603 5680 861 5733 ἀποκαλιὶ¹

289 5745 358 5799 34
408 5744 579 5813 Vulgo
600 5749 861 5820 ὑπεξεργ.

287 5817 357 5870 35
412 5817 580 5887 Vulgo
604 5819 729 5889 ἅρχ.
762 5820 861 5891 ίτῆε

289 5886 376 5958 36)
413 5887 580 5959 Vulgo
615 5889 861 5959 μανθάνω

412 5817 580 5891 Υυίιο
604 5819 740 5891 ἀρκο,
762 5817 903 5891 [τῆς]
937 5822 1060 5889 βασι

289 5886 376 5958 36)
413 5886 580 5959 Vulgo
615 5886 987 5961 amomum.

1941 5693 2054 5767 (3'7)
2084 5695 2371 5767 Καθέξειν
2392 5696 2601 5767 αὐτὸν.
2631 5695 2745 5751 lmo
2787 5698 2968 5751 αὐτόν.
2995 5697 3266 5767 Christum
3299 5696 3448 5754 scii-

1885 5765 1971 5820 cet
1999 5765 2266 5892 ittnfuturo
2285 5765 2502 5833 sacculo,
2541 5768 2660 5823 novi
2693 5771 2846 5840 regni
2889 5765 3100 5824 initium
3131 5768 3446 5841 auspicatu-

1875 5853 2015 5892 l'tllll.
2050 5879 2062 5890 .
2103 5878 2121 5892 ι
