4072 6406
203 333 376 393 τηις
1181 333 1270 389 BE
1301 329 1839 391 ECCLESIASTICA
1877 327 2276 388 THEOLOGIA
2314 326 2447 384 LIB.
2485 323 2579 384 Ill.

3356 319 3497 382 ιοιε

207 454 507 530 θεότητα.
552 458 619 513 Τί
668 456 782 530 (58)
818 455 883 528 δὴ
915 447 1008 510 οὖν
1046 453 1152 528 χρὴ
1181 451 1504 526 θαυμάζειν,
1534 453 1585 507 εί
1621 453 1716 508 καὶ
1740 451 1820 507 ini

1933 452 2162 508 vinitate
2193 464 2504 508 commune.
2533 447 2797 517 Quocirca
2829 460 2936 503 non
2980 453 3066 502 est
3103 443 3322 510 mirum,
3350 443 3396 499 si
3433 443 3508 503 de

206 543 322 598 τοῦ
362 546 546 614 Υίοῦ,
576 549 632 603 al
655 545 1025 617 παραπλήσιοι
1052 543 1308 615 φέρονται
1336 543 1528 613 φωναί·
1556 542 1657 597 οὐκ
1679 545 1833 599 ἀναι-

211 635 442 708 ροῦσαι
497 641 598 711 μὲν
637 636 800 692 αὑτοῦ
840 636 939 708 τὴν
981 635 1278 688 ὑπόστασιν
1324 634 1437 688 οὐδ’
1481 633 1644 689 αὐτὸν
1691 630 1832 689 εῖναι

207 729 476 802 Πατέρα
503 733 599 786 καὶ
618 729 745 784 Υἱδν
767 728 1134 792 διδάσκουσαι,
1148 727 1248 800 τὴν
1267 726 1325 780 δὲ
1346 725 1441 798 τοῦ
1463 727 1676 799 Πατρδς
1697 726 1834 798 πρὸς

208 822 407 878 αὐτὸν
450 823 764 888 ἰδιάζουσαν
787 823 882 878 καὶ
923 821 1196 893 ἐξαίρετον
1235 819 1399 891 τιμὴν
1430 817 1711 884 καὶδόξαν
1734 817 1833 888 τῆς

211 916 582 987 μονογενοῦς
606 915 701 970 καὶ
721 914 909 987 θεϊκῆς
932 912 1216 977 κοινωνίας
1243 910 1596 984 περιστῶσαι.

874 1089 1032 1144 ΚΕΦ.
1072 1091 1204 1144 KA'.

210 1177 456 1251 ὀπως
487 1181 604 1254 χρὴ
623 1181 788 1238 νοεῖν
823 1178 1300 1320 τέὸἐθπὲέτιιέαρῖύκ
1323 1178 1448 1252 ἐμὲ,
1476 1179 1697 1249 ἑόρακε
1731 1177 1830 1232 καὶ

294 1342 513 1409 Οὕτως
543 1338 637 1399 οὖν
661 1343 756 1398 καὶ
781 1344 815 1397 ό
842 1341 1108 1410 ἑωρακὼς
1130 1340 1317 1406 αὑτὸν,
1350 1338 1571 1408 ἑώρακε
1596 1337 1697 1392 και
1723 1337 1832 1392 τὸν

211 1437 513 1506 Πατέρα,
545 1434 624 1506 τῷ
658 1435 814 1507 μόνον
856 1434 1016 1488 αὑτὸν
1055 1434 1150 1488 καὶ
1193 1433 1396 1505 μηδένα
1437 1431 1595 1486 ἄλλον
1628 1432 1831 1485 εἰκόνα

211 1523 382 1582 εἶναι
435 1527 545 1582 τοῦ
578 1526 726 1581 Θεοῦ
767 1525 872 1580 τοῦ
917 1525 1172 1595 ἀοράτου
1212 1526 1307 1579 καὶ
1349 1523 1688 1594 ἀπαύγασμα
1729 1523 1829 1594 τῆς

211 1619 403 1692 δόξης
461 1620 556 1674 καὶ
600 1618 924 1692 χαρακτῆρα
969 1619 1071 1690 τῆς
1125 1619 1473 1682 ὑποστάσεως
1523 1616 1712 1682 αὑτοῦ,
1759 1617 1829 1670 ἐν

208 1710 456 1782 μορφῇ
499 1727 565 1766 τε
608 1710 756 1766 Θεοῦ
787 1710 1100 1780 ὑπάρχειν,
1135 1709 1277 1764 κατὰ
1324 1709 1424 1774 τὰς
1464 1707 1827 1772 ἁποστολικὰς

1933 545 2071 601 Filio
2118 544 2253 601 tales
2299 557 2459 599 voces
2504 549 2854 612 usurpentur,
2882 552 3003 610 quae
3043 536 3262 592 minime
3314 533 3505 590 tollant

1931 644 2115 691 tamen
2147 635 2318 703 ipsius
2345 632 2682 706 hypostasin,
2717 633 2913 685 nedum
2964 627 3290 682 conﬁrmant
3323 626 3499 696 ipsum

1930 740 2052 783 esse
2080 734 2136 781 et
2168 724 2383 780 Patrem
2415 732 2472 780 et
2503 722 2700 778 Filium
2733 740 2746 775 :
2785 717 3156 774 tantummodo
3203 731 3503 786 repraesen-

1930 825 2048 873 tant
2080 816 2230 872 illam
2274 816 2510 872 divinam
2551 812 2813 884 unigeniti
2861 807 2982 865 Filii
3033 809 3501 870 communionem,

1930 910 2214 976 honorem,
2250 917 2411 981 atque
2443 905 2694 978 gloriam,
2725 917 2888 974 quam
2928 917 2994 956 ex
3035 900 3124 955 illa
3156 914 3186 954 a
3214 898 3378 953 Patre
3402 913 3503 953 suo

1929 1001 2110 1058 habet.

2511 1087 2738 1147 CAPUT
2775 1088 2917 1145 XXI.

1931 1183 2206 1251 Quomodo
2243 1183 2464 1255 intelligi
2485 1183 2668 1255 debeat
2689 1182 2820 1236 illud
2842 1198 2861 1236 :
2881 1198 2901 1233 ι
2935 1179 3041 1246 ριιί
3062 1178 3189 1234 uidit
3220 1191 3330 1244 nte,
3369 1172 3503 1232 vidit

2514 1264 2564 1307 et
2598 1251 2836 1306 Patrem.
2868 1271 2888 1305 ι

2000 1347 2074 1402 Ita
2111 1361 2324 1417 quoque
2361 1355 2416 1399 et
2442 1346 2534 1416 qui
2564 1344 2715 1398 illum
2746 1343 2900 1407 uidit,
2927 1341 3060 1397 vidit
3089 1348 3136 1394 et
3181 1338 3402 1394 Patrem
3419 1333 3491 1400 ⁸⁵,

1929 1449 1996 1489 eo
2025 1435 2167 1504 quod
2199 1435 2313 1504 ipse
2347 1434 2494 1489 solus
2518 1434 2615 1496 sit,
2653 1448 2761 1487 non
2795 1441 2975 1487 autem
3010 1431 3152 1486 alius
3184 1427 3456 1499 quispiam
3483 1463 3504 1493 ,

1929 1525 2116 1596 Imago
2145 1524 2245 1579 Dei
2265 1525 2543 1580 invisibilis
2557 1524 2624 1590 “,
2652 1533 2708 1578 et
2728 1523 3002 1578 emanatio
3019 1521 3292 1576 claritatis
3310 1518 3454 1573 illius
3483 1558 3500 1585 ,

1929 1629 1985 1674 et
2019 1620 2307 1674 character
2326 1633 2618 1687 expressus
2657 1619 3012 1689 bypostaseos
3043 1614 3162 1684 ejus
3184 1613 3300 1683 qui,
3332 1621 3391 1666 ut
3418 1610 3501 1667 lo-

1929 1711 2114 1779 quitur
2150 1709 2469 1780 Apostolus,
2516 1710 2574 1762 in
2617 1708 2792 1778 forma
2839 1707 2935 1762 Dei
2976 1705 3248 1776 fuerat“.
3283 1703 3420 1759 Nam
3445 1713 3504 1758 ut

211 1799 619 1863 διδασκαλίας.
662 1799 748 1862 Ὠς
773 1798 882 1870 γάρ
907 1799 1002 1852 καὶ
1025 1801 1055 1852 ό
1086 1797 1185 1869 τὴν
1211 1797 1494 1870 βασιλικὴν
1516 1798 1699 1852 εἰκόνα
1721 1798 1820 1869 τὴν

1923 1799 2014 1870 qui
2046 1799 2332 1870 imaginem
2371 1799 2516 1868 regis
2549 1812 2888 1866 expressam,
2916 1811 3021 1866 qua
3048 1793 3312 1851 exactiori
3343 1797 3504 1849 modo

216 1890 320 1943 lu‘
353 1889 589 1963 ἀκριϐὲς
610 1889 1044 1960 ἁφωμοιωμένην
1066 1889 1214 1961 αὐτῷ
1233 1888 1554 1961 τεθεαμένος
1574 1889 1700 1954 τοὺς
1719 1888 1821 1960 τῆς

219 1981 468 2052 μορφῆς
493 1980 692 2045 τύπους
715 1979 804 2034 διὰ
834 1981 933 2052 τῆς
957 1981 1172 2052 γραφῆς
1201 1980 1652 2053 άποματτόμενος
1686 1997 1822 2051 φαν-

215 2071 528 2126 τασιοῦται
557 2072 649 2125 τὸν
681 2070 922 2141 βασιλέα,
948 2071 1040 2126 τὸν
1077 2072 1241 2125 αὑτὸν
1280 2073 1502 2144 τρόπον,
1534 2071 1738 2144 μᾶλλον
1762 2072 1821 2126 δὲ

217 2162 388 2234 ὑπὲρ
421 2163 598 2218 πάντα
626 2163 737 2234 (59)
764 2163 920 2231 λόγον
957 2164 1155 2228 παντός
1189 2180 1250 2217 τε
1279 2163 1534 2218 ἐπέκεινα
1563 2165 1823 2236 παραδεί-

217 2269 478 2326 γματος,
503 2255 533 2308 ὁ
557 2252 632 2326 νῷ
655 2254 866 2324 διαυγεῖ
899 2255 994 2309 καὶ
1019 2255 1197 2326 ψυχῆς
1224 2255 1658 2328 κεκαθαρμένοις
1681 2256 1822 2328 ἁγίῳ

217 2360 294 2399 τι
341 2344 626 2417 Πνεύματι
657 2344 1090 2415 πεφωτισμένοις
1129 2345 1340 2417 ὄμμασι
1384 2345 1463 2415 τῷ
1499 2362 1560 2400 τε
1604 2345 1819 2418 μεγέθει

217 2434 338 2507 τῆς
373 2435 467 2490 τοῦ
494 2436 810 2508 μονογενοῦς
835 2436 966 2490 Υίοῦ
986 2438 1079 2490 καὶ
1101 2438 1304 2509 Κυρίου
1325 2432 1612 2509 ’δυνάμεως
1638 2439 1820 2492 ἑνατε-

223 2525 423 2592 νίσας,
451 2529 547 2582 καὶ
585 2529 861 2598 ἐννοήσας,
886 2528 1035 2593 ὅπως
1064 2530 1121 2581 ἐν
1148 2528 1298 2601 αύτῷ
1339 2529 1584 2586 κατοικεί
1615 2531 1722 2584 πᾶν
1758 2529 1820 2583 τὸ

222 2617 538 2689 πλήρωμα
561 2616 672 2686 τῆς
702 2617 991 2688 πατρικῆς
1024 2619 1319 2688 θεότητος,
1348 2621 1442 2676 κα)⁵
1463 2621 1540 2684 ὡς
1567 2621 1635 2676 τὰ
1667 2622 1821 2676 σύα-

226 2721 445 2764 ma
471 2707 559 2762 δι’
583 2707 768 2763 αὐτοῦ
794 2708 1048 2777 ἐγένετο,
1075 2709 1174 2765 καὶ
1206 2710 1276 2763 ἐν
1294 2709 1456 2775 αὐτῷ
1475 2711 1722 2780 ἐκτίσθη
1747 2710 1822 2765 τὰ

227 2796 466 2864 πάντα,
491 2796 565 2852 τὰ
591 2798 661 2853 ἐν
680 2798 806 2865 τοῖς
824 2799 1125 2868 οὐρανοῖς,
1160 2801 1260 2855 καί
1298 2801 1372 2858 τὰ
1404 2801 1505 2856 ἐπὶ
1533 2801 1644 2872 τῆς
1682 2801 1796 2874 τῆς

229 2889 313 2946 τὰ
343 2890 518 2963 δρατὰ
553 2891 647 2945 καὶ
689 2891 758 2946 τὰ
797 2893 1022 2963 άόρατω
1067 2893 1422 2965 λογισάμενός
1459 2911 1520 2948 τε
1552 2895 1629 2959 ὡς
1660 2897 1820 2966 μόνον

232 2983 412 3040 αὐτὸν
451 2976 577 3037 Υίδν
613 2985 873 3056 μονογενῆ
914 2985 1105 3052 ἐγέννα
1139 2985 1168 3037 ό
1215 2984 1424 3056 Πατὴρ,
1470 2986 1612 3040 κατὰ
1644 2987 1819 3042 πάντα

235 3075 677 3146 ἀφωμοιωμένον
706 3075 856 3146 αὐτῷ
887 3075 1134 3146 δυνάμει,
1170 3076 1265 3129 καὶ
1309 3075 1470 3130 αὐτὸν
1505 3077 1696 3147 ὄψεται
1724 3077 1818 3131 τὸν

236 3167 488 3239 Πατέρα,
517 3167 605 3222 διὰ
626 3166 722 3222 τοῦ
751 3166 880 3222 Υίοῦ
908 3166 1299 3239 θεωρούμενον,
1318 3169 1429 3231 τοῖς
1451 3167 1552 3239 τὴν
1580 3167 1816 3226 διάνοιαν

236 3255 696 3330 κεκαθαρμένοις,
723 3261 853 3330 περὶ
868 3253 943 3312 ὧν
965 3259 1178 3330 εἴρηται
1206 3259 1290 3323 τὸ,
1313 3260 1602 3327 Μακάριοι
1631 3263 1686 3316 οι
1713 3276 1819 3315 κα-

237 3349 415 3419 θαροὶ
443 3348 520 3418 τῇ
543 3348 776 3418 καρδίᾳ,
809 3349 900 3404 ὅτι
924 3350 1093 3403 αὐτοὶ
1127 3348 1234 3402 τὸν
1260 3347 1410 3403 Θεὸν
1435 3349 1708 3419 ὄψονται.

313 3439 504 3495 Ταῦτα
541 3441 638 3512 μιν
665 3435 758 3495 οὖν
787 3439 1142 3513 προθεμένοις
1165 3441 1300 3512 ἡμῖν
1332 3439 1444 3510 (60)
1487 3442 1689 3495 σκοπὸν
1719 3441 1817 3513 τὴν

242 3527 606 3602 βραχυλογίαν
625 3528 701 3593 ὡς
719 3531 777 3582 ιν
797 3531 1029 3599 ἐπιτομῇ
1053 3527 1435 3599 γεγυμνάσθω·
1471 3528 1730 3600 πλείστης
1757 3530 1815 3583 δὲ

238 3621 377 3693 ὅστις
403 3620 724 3694 ἑξεργασίας
756 3620 1024 3692 δεομένων
1061 3619 1169 3673 τῶν
1197 3619 1338 3674 κατὰ
1363 3620 1456 3674 τὸν
1495 3620 1680 3684 τόπον,
1708 3621 1816 3690 ὅτῳ

243 3710 399 3784 μέλει
430 3712 530 3783 τῆς
564 3710 769 3766 τούτων
825 3708 1090 3782 ἀκριϐοῦς
1121 3709 1474 3782 καταλήψεως
1503 3714 1616 3776 τοῖς
1653 3711 1818 3780 εὐαγ-

241 3802 480 3874 γελικοκ
505 3802 600 3858 καὶ
624 3802 997 3866 άποστολικοίς
1016 3802 1406 3874 ἁναγνώσμασι
1457 3803 1558 3875 τὴν
1575 3804 1816 3858 διάνοιαν

240 3894 534 3968 ιπερείσας
557 3895 650 3948 τὸν
682 3895 860 3949 πάντα
885 3893 1010 3948 νοῦν
1035 3893 1094 3961 ἐξ
1124 3892 1302 3950 αὐτῶν
1336 3893 1430 3948 ἰπὶ
1461 3894 1659 3965 σχολῆς
1685 3895 1817 3948 άναο

238 3985 474 4054 λέξεται·
522 3984 730 4058 μυρίων
757 4003 820 4054 γε
871 3985 975 4058 μὴν
1018 3987 1112 4039 καὶ
1138 3985 1313 4040 ἄλλων
1339 3987 1727 4060 άσυναρτήτως
1757 3989 1814 4040 ἐν

238 4076 321 4149 τῷ
346 4077 664 4150 Μαρκέλλου
692 4078 1083 4149 συγγράμματι
1108 4078 1635 4150 συμπεφορημένων,
1667 4078 1818 4133 πλεί-

241 4185 386 4226 στων
424 4185 486 4222 τε
516 4169 656 4222 ὅσων
697 4168 953 4233 ἐναντίως
991 4168 1070 4240 τῷ
1113 4167 1409 4241 βουλήματι
1447 4170 1548 4241 τῆς
1593 4169 1816 4241 Γραφῆς

238 4259 364 4333 είρη
373 4259 546 4331 μένων
573 4260 774 4333 ἑτέρων
799 4277 858 4314 τε
885 4259 1254 4331 βεϐιασμένων
1283 4261 1378 4314 καὶ
1409 4259 1680 4332 μηδεμίαν
1712 4277 1818 4314 σω-

240 4353 450 4410 σάντων
509 4351 826 4406 ἀκολουθίαν
873 4351 1049 4405 κοινὺν
1087 4349 1179 4403 τὸν
1226 4349 1445 4421 ἐλεγχον
1493 4353 1816 4423 κατάφωρον

1921 1899 2340 1961 repraesentetur
2366 1905 2487 1956 rex,
2515 1890 2761 1945 intuetur
2789 1903 2887 1961 per
2914 1887 3104 1944 formae
3145 1886 3319 1958 ipsius
3357 1885 3500 1956 ligu-

1921 1991 2030 2044 ras,
2059 1991 2156 2049 per
2183 1978 2450 2048 picturam
2478 1978 2778 2048 insculptas
2803 1977 3007 2042 animo,
3023 1991 3206 2048 regem
3232 1975 3502 2047 imagina-

1923 2077 2049 2135 tur;
2081 2071 2148 2125 ad
2179 2070 2432 2125 eumdem
2467 2069 2707 2138 modum,
2747 2079 2842 2126 aut
2878 2071 3058 2141 potius
3093 2084 3256 2139 supra
3284 2080 3501 2124 omnem

1923 2161 2144 2218 modum
2178 2160 2583 2230 rationemque,
2619 2170 2677 2216 et
2713 2175 2875 2231 supra
2915 2159 3195 2230 exemplar
3223 2159 3504 2230 quodcun-

1921 2267 2050 2322 que,
2099 2255 2191 2324 qui
2249 2263 2430 2310 mente
2487 2255 2757 2310 illustrata
2809 2265 2974 2325 atque
2999 2254 3176 2310 oculis
3244 2255 3413 2310 animi
3467 2269 3498 2309 a

1923 2343 2128 2414 Spiritu
2171 2354 2364 2400 sancto
2399 2345 2720 2403 illuminatis
2747 2355 2803 2400 et
2838 2344 3148 2417 puriﬁcatis
3193 2343 3502 2400 intuebitur

1921 2444 2161 2492 attentus
2221 2438 2653 2507 magnitudinem
2685 2438 2951 2510 unigeniti
3001 2437 3099 2494 Dei
3133 2434 3280 2503 Filii,
3312 2448 3368 2492 et
3395 2437 3501 2492 Do.

1921 2526 2052 2581 mini
2084 2526 2291 2598 gloriae,
2319 2537 2374 2583 et
2403 2529 2546 2598 apud
2579 2513 2641 2594 ἤι’
2665 2529 2907 2582 animum
2941 2542 3098 2583 suum
3143 2529 3499 2597 reputaverit,

1920 2616 2152 2687 qualiter
2179 2619 2232 2672 in
2261 2633 2328 2674 eo
2363 2619 2572 2674 habitet
2605 2620 2785 2674 omnis
2820 2618 3093 2688 plenitudo
3133 2612 3373 2687 paierme
3413 2619 3499 2670 di-

1919 2708 2156 2763 vinitatis
2177 2707 2246 2776 ⁸⁷,
2274 2720 2332 2764 ει
2356 2709 2498 2779 quod
2521 2709 2698 2764 omnia
2722 2725 2816 2778 per
2835 2709 3004 2777 ipsum
3034 2709 3179 2778 [acta
3217 2710 3323 2764 sint
3347 2708 3414 2776 ³⁸,
3444 2718 3500 2763 et

1920 2797 1975 2854 in
1998 2812 2065 2853 eo
2106 2800 2312 2855 condita
2340 2800 2446 2854 sint
2468 2801 2732 2865 universa,
2757 2815 2876 2870 qua:
2907 2801 2964 2854 in
2995 2799 3160 2866 caelis,
3190 2811 3236 2854 et
3257 2816 3377 2870 qua:
3405 2816 3497 2855 su-

1917 2909 2011 2960 per
2042 2903 2237 2947 terram
2267 2903 2412 2958 sunt,
2453 2892 2682 2946 cisibilia
2715 2905 2762 2946 et
2807 2892 3093 2946 invisibilia
3112 2892 3192 2958 ⁶⁹;
3223 2903 3278 2946 et
3314 2906 3498 2947 recor-

1921 2984 2080 3038 datus
2113 2983 2274 3039 fuerit
2304 2983 2448 3053 quod
2477 2984 2628 3038 illum
2661 2983 2834 3038 solum
2865 2981 3067 3037 Filium
3100 2984 3201 3039 sibi
3251 2983 3499 3053 unigeni-

1921 3083 2033 3129 tum
2065 3075 2310 3145 genuerit
2335 3075 2516 3141 Patcr,
2541 3076 2740 3130 virtute
2777 3075 2877 3145 ipsi
2917 3089 3018 3145 per
3053 3074 3232 3128 omnia
3278 3075 3498 3129 assimi-

1919 3163 2085 3219 latum
2121 3181 2136 3216 ε
2174 3166 2238 3229 is,
2273 3174 2328 3220 et
2363 3165 2559 3234 ipsum,
2587 3165 2776 3220 iisdem
2826 3165 3025 3220 mentis
3058 3163 3229 3220 oculis
3261 3166 3414 3234 puris
3442 3174 3500 3220 et

1917 3255 2213 3321 defacatis,
2251 3256 2469 3312 Patrem
2507 3258 2804 3314 intuebitur
2848 3257 2903 3312 in
2943 3255 3082 3312 Filio
3119 3256 3498 3312 resultantem.

1917 3345 2078 3403 Tales
2111 3346 2224 3402 sint
2248 3347 2314 3402 de
2342 3348 2538 3418 quibus
2563 3348 2766 3403 dietum
2795 3357 2878 3403 est
2903 3366 2916 3402 :
2945 3345 3098 3402 Beati
3145 3348 3235 3420 qui
3297 3349 3496 3404 mundo

1917 3448 2038 3494 sunt
2079 3443 2271 3505 corde,
2325 3441 2575 3511 quoniam
2656 3440 2760 3508 ipsi
2841 3441 3088 3494 videbunt
3126 3439 3291 3494 Deum
3309 3439 3378 3494 ⁵⁸.

1984 3534 2160 3603 Atque
2190 3534 2295 3588 ista
2313 3533 2530 3603 quidem
2551 3532 2693 3587 velut
2716 3547 2813 3603 per
2834 3534 3109 3602 cpitomen
3144 3533 3255 3587 sint
3280 3546 3312 3586 a
3337 3531 3496 3586 nobis

1916 3624 2256 3709 elaborata:
2315 3626 2510 3695 quippe
2550 3625 2642 3696 qui
2689 3625 3009 3680 brevitatem
3073 3634 3328 3692 tanquam
3374 3637 3498 3680 sco-

1915 3730 2045 3787 pum
2079 3717 2362 3785 quemdam
2402 3716 2556 3771 nobis
2579 3730 3054 3786 proposueramus.
3073 3715 3142 3770 Et
3173 3725 3320 3770 certe
3351 3715 3497 3769 mul-

1919 3817 1974 3861 ta
2030 3805 2122 3860 illa
2193 3821 2360 3877 opera
2420 3816 2584 3876 atque
2650 3805 2940 3862 sedulitate
2993 3805 3320 3861 exascianda
3379 3803 3497 3860 iuo-

1916 3905 2042 3952 rant
2089 3912 2210 3968 quae
2255 3898 2372 3955 haec
2422 3907 2689 3970 spectant.
2725 3897 2781 3954 In
2839 3898 2983 3970 quod
3015 3899 3060 3954 si
3089 3897 3214 3968 quis
3239 3897 3369 3953 velit
3397 3912 3495 3953 ac-

1916 3990 2158 4044 curatius
2186 3990 2522 4057 incumbere,
2555 3990 2622 4044 de
2654 3990 2886 4045 lectione
2918 3989 3248 4061 evangelica:
3276 3998 3334 4045 et
3369 4003 3499 4060 apo-

1916 4081 2124 4138 stolica:
2159 4081 2488 4152 Scriptum,
2535 4082 2826 4153 diligenter
2863 4082 3275 4146 animadversa,
3323 4082 3494 4137 multo

1917 4172 2134 4242 quidem
2169 4172 2321 4240 plura
2354 4170 2612 4242 colligere
2657 4169 2882 4240 poterit,
2909 4183 3032 4239 qua
3077 4167 3320 4223 Marcelli
3360 4168 3490 4222 illud

1917 4275 2052 4332 opus
2098 4260 2358 4316 dissolute
2398 4271 2739 4331 compactum
2797 4259 3067 4316 refellant.
3107 4259 3166 4314 in
3211 4273 3322 4330 quo
3363 4273 3492 4328 pro-

1919 4353 2061 4408 lecto
2099 4361 2350 4408 sescenta
2398 4353 2708 4408 istiusmodi
2743 4352 3107 4422 reperiuntur,
3143 4365 3265 4421 quae
3302 4362 3491 4408 contra

236 4442 541 4514 γεγονέναι,
571 4441 724 4516 παρὰ
763 4445 875 4507 τοῖς
905 4440 1223 4513 εὐφρονοῦσι
1252 4440 1341 4495 διὰ
1381 4441 1489 4494 τῶν
1548 4442 1681 4513 ἡμῖν
1729 4440 1816 4506 εξ-

1922 4458 2141 4500 sensum
2187 4453 2242 4500 et
2300 4447 2622 4501 sententiam
2681 4445 2981 4516 Scriptura
3038 4443 3277 4500 militant
3319 4455 3493 4499 :sunt

237 4537 552 4605 ιτασμένων
574 4533 892 4605 ἡγούμενος,
919 4531 1128 4596 τούτοις
1156 4531 1566 4604 ἀρκεσθήσομαι
1588 4533 1720 4603 (61).

1925 4549 2046 4606 qua
2094 4534 2203 4589 vim
2252 4532 2546 4604 Scriptura
2607 4534 2850 4591 inierunt
2927 4532 3311 4599 manifestam,
3369 4547 3493 4604 qua

169 4647 184 4674 λ
239 4626 443 4681 nullam
503 4626 658 4696 plane
694 4627 980 4682 observant
1023 4626 1508 4696 consequentiam,
1552 4642 1672 4697 qua:
1721 4633 1863 4702 apud
1908 4635 2200 4703 prudentes
2255 4627 2606 4687 manifestam
2660 4631 2960 4695 insinuant,
3003 4630 3100 4685 sed
3143 4643 3489 4685 communem

235 4727 290 4770 et
327 4716 616 4785 proclivem
648 4716 1026 4772 minutionem
1053 4732 1150 4788 per
1179 4732 1240 4772 se
1273 4715 1528 4774 aliorum.
1572 4719 1678 4777 Sed
1715 4735 1814 4777 nos
1851 4722 2004 4781 hisce
2029 4726 2269 4780 contenti
2296 4721 2526 4790 erimus,
2586 4735 2710 4791 quae
2765 4720 2832 4776 ad
2865 4719 3295 4789 disquisitionem
3329 4733 3490 4773 voca.

236 4813 416 4864 vimus
441 4810 495 4866 in
524 4812 797 4881 pmsentl.

233 4902 533 4962 Εὐσεσίου
569 4903 689 4958 τῶν
717 4905 866 4962 κατὰ
897 4909 1246 4974 Μαρκέλλου
1290 4909 1554 4979 ἐλέγχων
1591 4909 1786 4981 τέλος.

2052 4910 2327 4965 Librorum
2358 4907 2574 4966 Eusebii
2602 4919 2787 4964 contra
2823 4909 3138 4965 Harcellunt
3164 4912 3309 4978 finis.

309 5048 372 5120 gs
515 5040 1000 5120 Paris.,‘pag._l_95._
1070 5047 1117 5079 “
1131 5047 1283 5120 δοται.
1303 5063 1414 5115 xiv,
1431 5048 1484 5104 9.
1551 5048 1596 5081 “
1621 5047 1827 5103 Coloss.
1850 5063 1887 5114 ι,
1911 5049 1996 5104 l5.
2073 5048 2362 5120 “Philipp.
2383 5065 2445 5116 ιι,
2464 5050 2518 5106 ϐ.
2593 5052 2637 5082 δ’
2664 5051 2871 5106 Coloss.
2897 5067 2956 5116 ιι,
2988 5051 3044 5106 9.
3120 5050 3166 5084 ⁸⁸
3193 5050 3353 5108 Joau.
3374 5053 3488 5118 1,3.

233 5110 282 5145 ⁸⁸
306 5111 518 5167 Coloss.
545 5125 586 5177 ι,
613 5110 702 5166 9.0.
731 5110 742 5112 ’
775 5112 821 5143 ⁸⁸
853 5112 1040 5169 Matth.
1073 5132 1126 5184 v,
1158 5118 1214 5173 8.

307 5238 598 5322 lgﬂnlgo
618 5239 696 5322 δέ,
718 5250 774 5295 et
800 5257 924 5297 mox
944 5247 1342 5322 παραπλήσιαι.

327 5310 420 5378 59)
449 5309 556 5376 ΜΡ.
580 5311 798 5378 τρόπον.

327 5379 418 5452 60)
451 5379 614 5450 Vulgo
651 5393 772 5452 post
827 5386 1024 5453 σκοπὸν
1082 5388 1205 5444 add.
1257 5395 1413 5464 τινάς
1468 5413 1594 5457 mox
1644 5399 1804 5470 vulgo

1913 5255 2094 5329 μέλλει
2103 5296 2116 5308 .

1982 5327 2091 5398 (6|)
2121 5327 2288 5398 Vulgo
2310 5328 2804 5401 ὲξαρκεσοήσομαι.
