4072 6484
685 337 825 403 1067

1346 341 1615 406 sum
1647 343 2124 404 ωεικωιειε
2157 344 2220 405 Ol

2351 346 2537 406 PARS
2571 343 2664 406 IV.
2702 376 2773 393 —
2807 346 3237 409 υοωιιιτιοι.

724 491 3927 529 W

1416 673 2166 834 EUSEBII
2243 672 3153 831 PAMPHILI

992 959 1715 1077 CIESAREt’E
1795 961 1944 1077 IN
2026 962 2865 1078 PALAESTINA
2941 961 3638 1081 EPISCOPI

1673 1170 2494 1335 OPUSCULA
2549 1206 2887 1339 XIV.

722 1445 999 1510 Primum
1033 1446 1100 1509 in
1129 1441 1539 1530 lucem_edita
1566 1440 1785 1530 studio
1818 1447 1880 1503 et
1905 1456 2097 1530 opera
2127 1440 2718 1530 Jacobinsirmondi,
2749 1442 3073 1530 societatis
3101 1446 3263 1509 Iesu
3299 1446 3719 1530 presbyteri,
3755 1457 3812 1513 et
3859 1468 3888 1511 ιι

1329 1521 1670 1585 Gallandio
1698 1536 1922 1583 recusa
1950 1527 2103 1582 tom.
2134 1518 2217 1581 ιν
2256 1518 2648 1583 Bibliotheca
2674 1532 2947 1611 ueterum
2972 1522 3260 1589 Patrum.

1129 1818 1310 1931 DE
1387 1818 1713 1931 FIDE
1792 1814 3482 1935 ADVERSUS'SABELLIUM.

1839 2174 2187 2263 LIBER
2264 2171 2750 2261 PRIMUS.

741 2361 878 2417 Sunt
923 2361 1209 2418 iacentium
1236 2377 1354 2433 qua
1393 2364 1664 2429 dicuntur,
1700 2376 1753 2419 et
1782 2366 2071 2420 dicentium
2106 2379 2225 2432 quae
2254 2369 2296 2426 Α
2330 2373 2440 2417 erat
2476 2364 2615 2430 apud
2641 2362 2800 2416 Deum
2824 2403 2839 2425 ,
2872 2372 2919 2417 et
2954 2363 3087 2417 Deus
3113 2371 3228 2417 erat
3259 2361 3502 2419 Verbum
3525 2378 3549 2419 :
3588 2366 3691 2419 hoc
3730 2374 3835 2419 erat
3862 2363 3909 2417 in

670 2461 933 2508 tacentur.
960 2454 1203 2510 Charitas
1221 2456 1362 2535 enim
1382 2469 1486 2510 non
1503 2456 1780 2520 dividitur.
1808 2472 1911 2512 non
1930 2457 2227 2527 Spernitur.

670 2544 945 2615 Siquidem
977 2556 1030 2600 et
1058 2545 1149 2615 qui
1180 2555 1319 2602 tacet
1348 2561 1445 2617 per
1475 2546 1635 2602 alium
1659 2549 1917 2620 loquitur,
1943 2558 1997 2605 et
2017 2549 2108 2619 qui
2148 2548 2228 2604 Io-

668 2637 855 2703 quitur
899 2651 996 2704 per
1040 2638 1200 2691 alium
1246 2646 1406 2695 tacet.
1460 2638 1516 2696 In
1547 2655 1655 2694 uno
1685 2641 1828 2695 enim
1855 2642 2079 2710 corpore
2120 2655 2227 2696 non

666 2727 845 2782 utnuia
895 2728 1131 2783 membra
1181 2728 1493 2798 loquuntur,
1547 2745 1608 2786 os
1657 2745 1753 2800 pro
1780 2732 2029 2785 omnibus
2055 2730 2227 2800 loqui-

668 2825 774 2875 tur.
818 2817 946 2873 Sive
983 2818 1147 2890 igitur
1183 2834 1371 2875 omnes
1416 2820 1717 2891 loquamur,
1763 2823 1877 2877 sive
1918 2838 2078 2887 unus,
2112 2823 2226 2879 sive

663 2908 843 2978 plures
868 2925 883 2974 ;
928 2908 1185 2965 Dominus
1214 2910 1450 2979 loquitur
1470 2951 1485 2973 .
1515 2912 1605 2981 qui
1638 2912 1808 2966 dicit:
1847 2911 1962 2982 Ego
1986 2929 2141 2979 eum;
2171 2922 2225 2968 et

664 3000 861 3055 iterum
889 3001 1052 3057 dicit:
1090 3001 1203 3071 Ego
1242 3018 1379 3057 runt.
1432 3002 1567 3057 Cum
1595 3018 1723 3074 ergo
1758 3005 1871 3071 ipse
1912 3005 2079 3072 dicit,
2112 3004 2225 3075 Ego

662 3106 779 3147 sunt
802 3131 819 3156 ,
850 3101 905 3145 tu
935 3094 1175 3148 consenti
1206 3094 1329 3163 quia
1374 3094 1489 3162 ipse
1514 3105 1629 3159 est,
1668 3105 1723 3148 ut
1752 3104 1805 3151 et
1838 3106 1891 3149 ιιι
1924 3096 2019 3150 iias
2055 3096 2224 3167 parti-

664 3196 809 3251 ceps.
844 3182 984 3238 Dicit
1010 3184 1300 3241 Dominus:
1324 3185 1437 3255 Ego
1471 3201 1621 3241 eum:
1644 3196 1697 3241 et
1741 3203 1899 3243 nemo
1930 3190 2071 3244 dicat
2101 3189 2223 3257 quia

664 3288 774 3327 non
802 3284 905 3329 est.
948 3276 1087 3331 Dicit
1121 3276 1281 3332 Pater
1312 3296 1325 3332 :
1362 3276 1466 3331 Hic
1496 3287 1597 3341 est.
1623 3279 1833 3346 suscipe
1854 3288 1909 3333 et
1934 3294 2224 3349 venerare;

664 3374 719 3420 et
749 3366 887 3421 Filio
938 3368 1134 3423 dicenti
1169 3367 1323 3438 :Ego
1380 3386 1519 3429 sum.
1568 3371 1745 3424 crede.
1786 3370 1955 3425 Crede
1998 3384 2127 3425 sane
2172 3380 2227 3426 et

664 3454 826 3511 Patre
862 3457 1262 3513 demonstrante
1299 3458 1424 3527 quia
1473 3458 1635 3513 habet
1674 3459 1863 3513 Filium
1908 3458 2040 3529 (62).
2090 3459 2227 3513 Dicit

660 3549 803 3601 enim
832 3548 1011 3613 Pater,
1046 3547 1146 3601 Hie
1173 3558 1251 3605 est
1293 3567 1309 3603 :
1342 3548 1433 3619 qui
1486 3548 1613 3603 hic?
1642 3547 1817 3604 Filius
1850 3567 2021 3612 meus,
2057 3550 2129 3604 ait
2154 3551 2221 3603 “.

659 3637 776 3692 Non
811 3647 986 3693 tamen
1018 3655 1118 3695 vox
1141 3656 1283 3704 mea,
1305 3649 1399 3696 aut
1428 3643 1691 3712 cogitatus
1716 3657 1865 3697 meus
1885 3644 2023 3708 ;.sed
2051 3643 2221 3698 Filius

2326 2454 2585 2524 principio
2611 2456 2749 2523 apud
2765 2454 2932 2507 Deum
2956 2456 3024 2507 ⁸³.
3062 2454 3125 2508 Ει
3151 2469 3297 2523 stupe
3321 2456 3480 2520 dicit,
3518 2454 3660 2510 Erat
3682 2472 3701 2509 :
3730 2467 3781 2511 et
3803 2454 3909 2526 qui-

2325 2546 2449 2601 dam
2477 2561 2544 2601 ne
2568 2545 2781 2615 quidem
2811 2545 2974 2600 semel
3001 2545 3333 2600 contendunt
3358 2548 3510 2617 quod
3539 2558 3652 2610 est,
3688 2546 3781 2600 sed
3818 2559 3906 2601 nec

2326 2635 2492 2692 semel
2523 2634 2662 2689 dixit
2687 2636 2753 2688 de
2787 2633 2947 2699 Filio,
2976 2632 3079 2686 Hic
3118 2646 3213 2688 est.
3263 2633 3370 2689 Sed
3415 2649 3549 2690 eum
3579 2639 3734 2696 venlt
3754 2633 3905 2690 Filius

2321 2735 2384 2782 ut
2432 2726 2678 2797 impleret
2725 2740 2939 2781 omnem
2984 2724 3248 2794 justitiam
3298 2742 3399 2794 per
3435 2725 3681 2783 Joannis
3727 2726 3893 2798 bapti-

2323 2829 2523 2881 smum,
2553 2816 2678 2886 quia
2730 2824 2941 2883 tempus
2986 2824 3103 2869 erat
3153 2824 3210 2875 ιιι
3252 2815 3406 2885 signa
3439 2816 3683 2879 faceret,
3732 2825 3785 2873 et
3816 2816 3899 2872 de-

2324 2916 2659 2963 monstraret
2681 2906 2933 2962 virtutem
2963 2920 3081 2977 quae
3102 2915 3218 2961 erat
3248 2907 3520 2962 absconsa
3547 2925 3564 2961 :
3602 2918 3662 2962 ut
3697 2924 3764 2963 ne
3795 2908 3900 2976 quis

2321 3006 2537 3069 putaret
2587 2998 2709 3067 quia
2755 3006 2815 3052 ut
2863 2998 3026 3053 homo
3074 3013 3239 3067 purus
3279 2998 3540 3069 indigens
3585 3000 3896 3070 baptismum

2321 3092 2473 3147 venit
2510 3091 2576 3144 ad
2618 3090 2947 3158 baptismum
2997 3087 3112 3161 (65)
3143 3108 3157 3144 :
3192 3089 3398 3158 primus
3436 3088 3690 3145 Joannes
3728 3098 3898 3160 utpote

2322 3198 2429 3239 vox
2475 3196 2579 3237 non
2631 3187 2813 3245 tacet;
2867 3179 2959 3249 qui
2990 3194 3093 3234 vox
3140 3179 3355 3247 quidem
3395 3179 3721 3246 dicebatur,
3751 3182 3896 3234 homo

2325 3284 2502 3328 autem
2546 3279 2682 3331 erat.
2733 3268 2790 3326 Si
2832 3270 2996 3340 igitur
3020 3268 3253 3325 Joannes
3298 3270 3389 3339 qui
3434 3284 3549 3324 vox
3587 3271 3767 3326 dictus
3799 3283 3892 3324 non

2324 3344 2585 3420 interimit
2644 3363 2920 3419 hominem
2984 3361 3140 3434 (66),
3198 3362 3375 3433 magis
3434 3360 3619 3417 Filius
3669 3360 3891 3415 Verbum

2323 3457 2499 3511 dictus
2546 3471 2649 3509 non
2694 3454 2967 3525 intercipit
3010 3454 3199 3509 Deum.
3272 3454 3459 3524 Neque
3508 3456 3662 3511 enim
3696 3454 3890 3511 Zacha-

2324 3552 2438 3602 rias
2465 3562 2649 3603 vocem
2683 3547 2889 3617 genuit,
2920 3560 3097 3616 neque
3126 3546 3399 3601 Elisabeth
3438 3562 3634 3605 vocem
3673 3548 3887 3619 peperit.

2323 3637 2507 3707 Neque
2548 3638 2687 3692 Deus
2718 3636 2977 3704 Verbum,
3005 3652 3126 3691 eum
3155 3638 3250 3706 qui
3293 3650 3359 3691 ex
3390 3652 3525 3694 voce
3561 3650 3651 3694 est
3691 3639 3885 3710 genuit,

660 3744 829 3788 meus.
858 3730 1050 3797 inquit,
1079 3732 1160 3785 hic
1185 3742 1285 3798 est;
1318 3732 1487 3787 Filius
1508 3748 1658 3787 meus
1678 3734 2077 3790 dilectissimus.
2107 3735 2221 3790 Non
2253 3724 2296 3778 Β
2324 3728 2418 3782 86d
2462 3728 2631 3781 De“!!!
2662 3726 2897 3782 verbum
2928 3745 2943 3783 2
2974 3727 3098 3796 quia
3126 3725 3362 3783 1030033
3402 3728 3626 3796 quidem
3673 3742 3774 3783 νοι
3801 3740 3886 3782 το·

663 3821 755 3888 qui
781 3824 1086 3875 contrarius
1115 3832 1199 3876 est
1228 3825 1385 3887 mihi,
1417 3824 1509 3879 sed
1536 3826 1630 3894 qui
1662 3840 1747 3880 me
1771 3826 2000 3881 honorat
2029 3838 2081 3882 et
2107 3828 2224 3881 dili-

661 3911 761 3980 git.
792 3911 884 3965 Est
912 3913 1051 3966 enim
1071 3913 1240 3968 Filius
1267 3924 1323 3968 ut
1348 3914 1536 3980 Filius,
1559 3925 1612 3971 et
1639 3925 1720 3972 est
1744 3916 1910 3973 Filius
1935 3919 2025 3973 Dei
2056 3932 2111 3973 ut
2133 3920 2223 3973 Fi-

661 4002 787 4061 lius.
838 4002 905 4057 Et
951 4020 1070 4059 cum
1112 4007 1180 4060 sit
1216 4008 1307 4061 Dei
1341 4007 1533 4073 Filius,
1559 4019 1735 4065 tamen
1770 4025 1874 4064 non
1917 4011 2222 4067 intermittit

657 4109 824 4149 unum
852 4098 1133 4165 imperium
1172 4098 1344 4153 Patris
1375 4098 1509 4171 (63).
1544 4099 1604 4156 Si
1635 4102 1777 4155 enim
1814 4101 1916 4156 alia
1948 4102 2222 4172 placerent

658 4184 831 4247 Patri.
864 4187 965 4241 alia
993 4188 1194 4243 iaceret
1215 4189 1421 4257 Filius;
1453 4190 1519 4245 lis
1540 4202 1595 4245 et
1621 4191 1885 4247 dissensio
1911 4193 2215 4259 haberetur,

660 4286 715 4332 et
783 4279 1175 4346 periclitaretur
1222 4282 1397 4335 unitas
1462 4280 1697 4351 imperii.
1748 4282 1803 4336 Si
1846 4292 2023 4337 autem
2051 4284 2219 4351 dicit,

656 4384 777 4437 qua:
810 4371 909 4437 ipsi
948 4370 1148 4435 placent
1180 4372 1320 4439 facio
1357 4388 1556 4441 semper
1580 4373 1626 4405 "
1658 4373 1809 4445 (64);
1839 4373 1961 4443 quia
2006 4390 2068 4429 ea
2101 4390 2220 4445 qua:

655 4462 871 4534 placent
899 4460 1042 4515 Patri
1099 4478 1309 4531 semper
1353 4461 1501 4528 facit,
1552 4478 1727 4533 neque
1769 4466 2075 4520 contrarius
2114 4476 2217 4531 est,

657 4569 833 4623 neque
862 4554 1129 4622 dissentit,
1160 4569 1331 4623 neque
1353 4555 1670 4611 adversatur
1697 4555 1841 4611 Patri
1877 4576 1889 4611 :
1926 4556 2016 4611 sed
2044 4556 2218 4613 hono-

655 4647 833 4701 riﬁcat
854 4655 908 4701 et
934 4647 1271 4717 diligitsuum
1297 4649 1614 4717 genitorem,
1640 4650 1796 4719 eique
1831 4651 2033 4704 obedit.
2078 4650 2219 4705 Scri-

654 4748 805 4806 ptum
832 4747 945 4792 esl:
979 4738 1076 4791 Hic
1104 4749 1202 4805 est,
1233 4739 1343 4808 Ego
1366 4756 1523 4805 eum;
1559 4750 1616 4795 et
1646 4756 1661 4793 :
1698 4739 1764 4794 In
1790 4742 2051 4811 principio
2082 4752 2213 4795 erat.

656 4826 714 4882 Si
756 4830 897 4881 enim
950 4828 1160 4884 Patrem
1205 4830 1524 4900 interrogas,
1563 4830 1693 4885 dicit
1735 4849 1749 4885 :
1794 4830 1898 4885 Hic
1936 4842 2010 4886 est
2042 4830 2216 4885 Filius

654 4934 800 4973 meus
853 4917 1280 4974 dilectissimus:
1324 4929 1382 4975 et
1430 4936 1535 4975 non
1579 4920 1752 4975 solum
1811 4921 1963 4986 dicit,
2017 4922 2109 4977 sed
2164 4932 2217 4975 et

655 5012 911 5067 ostendit.
962 5010 1021 5065 Si
1067 5028 1095 5065 a
1122 5013 1258 5067 Filio
1298 5015 1561 5084 requiras,
1601 5016 1769 5070 dicit:
1803 5013 1913 5083 Ego
1962 5033 2075 5069 sum
2109 5032 2127 5070 :
2161 5026 2214 5071 et

2323 3817 2566 3883 cabatur,
2603 3818 2763 3873 homo
2802 3828 2979 3873 autem
3018 3829 3178 3874 erat:
3221 3819 3297 3875 ita
3336 3830 3390 3873 et
3436 3820 3706 3877 Dominus
3732 3819 3880 3876 Jesus

2322 3922 2375 3966 et
2410 3912 2643 3966 Verbum
2674 3912 2873 3966 dicitur
2902 3926 3007 3966 non
3034 3913 3337 3979 visibiliter,
3369 3916 3461 3969 sed
3479 3912 3723 3970 Verbum
3752 3915 3882 3970 Deus

2321 4014 2375 4059 et
2402 4005 2539 4074 apud
2568 4003 2739 4062 Deum
2773 4022 2789 4057 :
2819 4018 2923 4059 non
2950 4005 3121 4059 solum
3150 4003 3402 4070 Verbum,
3428 4021 3610 4076 neque
3649 4022 3752 4061 una
3786 4022 3878 4061 *ιιι

2320 4111 2385 4151 ex
2418 4096 2622 4159 multis,
2656 4097 2750 4151 sed
2788 4096 3101 4167 unigenitus
3132 4096 3292 4152 Deus.
3334 4097 3469 4165 Quia
3508 4099 3679 4169 igitur
3707 4096 3879 4153 venio-

2319 4190 2415 4243 bat
2448 4197 2504 4241 ut
2528 4189 2894 4257 baptizaretur
2928 4198 3146 4259 propter
3170 4204 3289 4253 nos,
3328 4187 3565 4244 Joannes
3595 4201 3874 4258 antequam

2320 4282 2777 4351 appropinquaret
2804 4282 2893 4351 qui
2919 4282 3271 4352 baptizandus
3298 4291 3435 4347 erat,
3468 4282 3598 4351 quia
3629 4297 3728 4337 vos
3762 4290 3870 4337 erat

2318 4387 2423 4425 non
2460 4372 2645 4437 tacuit,
2670 4374 2760 4429 sed
2791 4374 3039 4429 clamavit
3067 4375 3251 4430 dicens
3279 4393 3292 4428 :
3317 4374 3488 4445 quid?
3516 4376 3654 4429 Ecce
3699 4375 3869 4445 Agunt

2316 4461 2415 4517 Dei
2437 4461 2503 4514 “.
2563 4462 2751 4519 Nonne
2805 4465 3005 4520 dictum
3062 4466 3165 4521 hoc
3212 4466 3450 4521 ostendit
3504 4481 3627 4524 eum
3676 4480 3765 4543 qui
3811 4472 3870 4527 ad

2317 4554 2636 4626 baptismum
2660 4558 2922 4612 venerat?
2947 4558 3037 4627 qui
3060 4558 3200 4613 enim
3222 4558 3528 4631 videbatur,
3557 4577 3676 4621 erat
3697 4568 3869 4637 Agnus

2318 4646 2452 4701 Dei:
2483 4648 2574 4716 qui
2625 4658 2804 4704 autem
2851 4650 3241 4720 occultabatur,
3295 4660 3547 4713 sacerdos
3579 4658 3695 4715 Dei.
3738 4658 3866 4713 Dicit

2313 4752 2439 4805 ergo
2470 4737 2739 4806 Joannes,
2773 4740 2907 4796 Ecce
2936 4742 3109 4816 Agnus
3139 4749 3254 4806 Dei.
3299 4748 3416 4805 Non
3447 4758 3563 4804 erat
3594 4759 3655 4804 ut
3678 4751 3865 4805 diceret

2315 4828 2533 4898 Filium,
2566 4847 2670 4887 non
2702 4844 2819 4891 erat
2854 4846 2911 4891 ut
2934 4840 3136 4894 diceret
3162 4856 3362 4912 regem.
3410 4843 3515 4897 Sed
3559 4844 3684 4912 quia
3731 4841 3861 4897 desi-

2313 4924 2573 4981 derabant
2602 4925 2730 4999 justi
2782 4938 2837 4982 et
2884 4931 3155 5001 prophetae
3201 4941 3255 4987 ct
3307 4948 3485 5004 reges,
3533 4942 3591 4989 ut
3630 4935 3859 4989 viderent

2312 5016 2540 5075 salutem
2577 5021 2785 5089 mundi,
2820 5024 3025 5091 peccati
3050 5033 3301 5091 mortem,
3323 5026 3641 5097 corruptela:
3667 5038 3835 5079 necem

657 5101 759 5156 hoc
788 5103 1117 5170 frequenter,
1150 5105 1192 5158 si
1224 5105 1569 5176 Evangelium
1594 5106 1747 5177 legis,
1773 5106 2013 5163 invenies
2039 5108 2214 5165 dicen-
2237 5096 2283 5163 C
2314 5110 2447 5177 Quia
2476 5114 2621 5169 enim
2669 5114 2773 5172 ista
2804 5125 2926 5170 erat
2968 5118 3296 5186 exspectatio
3335 5096 3623 5185 iustorum,
3658 5116 3855 5188 quando

659 5203 764 5248 tem
786 5213 799 5249 :
825 5195 890 5247 In
927 5197 1183 5265 principio
1211 5209 1340 5263 erat,
1367 5208 1441 5266 et,
1466 5200 1601 5264 apud
1620 5198 1785 5251 Deum
1812 5210 1941 5265 erat,
1973 5212 2047 5266 et,
2071 5200 2210 5255 Deus

657 5295 769 5338 erat
801 5304 818 5343 :
846 5286 913 5339 In
954 5290 1204 5358 principio
1258 5292 1398 5345 enim
1454 5299 1566 5345 erat
1620 5288 1861 5358 Verbum,
1907 5308 1956 5349 et
1985 5296 2208 5349 Verbum

2313 5207 2522 5261 veniret
2548 5207 2593 5263 is
2619 5208 2708 5278 qui
2740 5218 2921 5263 nosset
2945 5217 2998 5263 et
3028 5208 3320 5264 resolveret
3342 5225 3405 5264 ea
3435 5225 3555 5279 qua:
3584 5224 3676 5280 per
3699 5208 3851 5264 Adam

2316 5298 2454 5352 mala
2498 5300 2718 5356 inducta
2756 5313 2899 5366 sunt,
2929 5303 3046 5357 ideo
3070 5302 3215 5358 venit
3236 5312 3289 5357 et
3317 5305 3565 5374 apparuit
3593 5302 3850 5358 Dominus.

726 5402 768 5435 "
805 5403 991 5459 Matth.
1026 5423 1109 5469 Ill,
1145 5410 1231 5462 i7.
1303 5410 1523 5466 "Jnan.
1552 5413 1783 5474 "11,29.
1859 5416 1903 5446 ⁵³
1932 5414 2087 5469 Joan.
2118 5431 2154 5477 t,
2200 5416 2249 5481 l,
2281 5417 2333 5470 Ξ.
2408 5419 2455 5449 ⁵⁸
2489 5420 2622 5474 ibid.
2652 5420 2743 5475 29.

727 5496 835 5565 (62)
862 5499 1271 5555 Emendationes
1303 5512 1355 5557 et
1378 5506 1535 5559 varia:
1566 5505 1839 5568 lectiones,
1868 5523 1930 5561 ex
1954 5510 2070 5562 cod.
2100 5524 2198 5560 ms.

751 5568 983 5621 Cornelii
1014 5570 1471 5638 Compendicnsis.
1518 5573 1679 5627 Crede
1708 5567 1833 5629 sane
1862 5592 1906 5630 et
1936 5578 2086 5631 Patri
2116 5580 2203 5631 de-

661 5640 966 5708 τιειιιιιιναηιὶ
996 5644 1114 5708 quia
1145 5642 1291 5693 habet
1316 5653 1362 5695 et
1397 5642 1610 5697 Filium.

732 5706 840 5774 £85)
888 5706 1085 5763 Meflﬂt
1131 5728 1244 5761 cum
1300 5714 1362 5762 sit
1404 5714 1497 5766 Dei
1529 5712 1723 5779 Filius,
1780 5732 1876 5770 non
1916 5718 2203 5773 intermittit

656 5781 820 5832 Itium
855 5780 1122 5847 imperium
1152 5779 1347 5833 Patris.

736 6376 921 6385 ibi-
940 6378 1091 6385 ,ρ’-μς.-
1104 6376 1615 6385 [ἶνίν-σλΫ-ιᾚκκν-ή-ι--Ῠ
1750 6380 1851 6383 -νμιᾲ

2379 5511 2488 5588 (fit)
2530 5512 2626 5588 Ms.
2666 5514 2727 5570 Si
2764 5524 2934 5569 autem
2965 5516 3093 5569 dicit
3124 5514 3330 5585 Filius,
3362 5516 3492 5583 Quae
3519 5516 3618 5588 ipsi
3656 5516 3846 5584 placent

2314 5581 2452 5635 facio
2484 5584 2716 5650 semper.

2381 5652 2492 5719 (65)
2535 5653 2632 5706 Ms.
2671 5653 2917 5721 [ndigens
2966 5657 3215 5722 baptismo
3254 5658 3391 5711 venit
3420 5657 3489 5711 ad
3535 5656 3840 5721 baptismum.

2384 5723 2495 5787 (ωε)
2532 5722 2625 5773 Ms.
2662 5722 2722 5777 Si
2752 5726 2913 5797 igitur
2947 5737 2991 5775 ct
3033 5742 3126 5781 ι·οπ
3151 5726 3396 5793 Joannis,
3432 5732 3521 5797 qui
3550 5743 3643 5783 eos
3672 5728 3839 5784 dictum

2313 5808 2411 5844 non
2452 5797 2706 5861 mlt'l’ctpil
2741 5796 3018 5849 hominem.
