4072 6440
157 423 185 479 1
196 421 304 480 069

1050 415 1142 474 DE
1173 412 1330 472 FIDE
1366 407 1735 472 Αυνειιευε
1771 402 2188 468 ωειιιωι.
2225 433 2298 448 -
2331 400 2462 459 ιω.
2500 399 2546 458 1.

3286 389 3432 451 1080

157 541 439 616 Apparuit
467 550 648 598 autem
678 553 777 613 per
806 550 1004 610 corpus
1029 537 1079 593 is
1101 536 1194 607 qui
1217 546 1339 592 erat
1361 544 1567 590 natura:
1606 531 1746 588 invi-
1770 545 1819 604 Α
1851 539 1961 585 tur.
2003 524 2228 616 Audebo
2261 534 2395 616 sane
2422 519 2605 577 dicere
2634 530 2764 574 vera
2797 514 3108 616 :-quia“non
3132 514 3310 616 solum
3344 513 3432 616 ui:

157 635 339 692 sibilis
361 635 499 707 (67).
522 631 878 704 Congaudens
906 631 1072 704 igitur
1096 629 1254 686 nobis
1276 627 1512 685 Joannes
1535 636 1590 683 et
1612 627 1738 694 sibi,

156 743 356 785 omnes
380 729 530 785 enim
563 728 874 799 indigebant
911 725 1138 782 salutem
1180 737 1300 793 quae
1343 738 1373 777 a
1405 720 1635 777 Domino
1657 729 1744 775 est

159 820 302 894 (68),
350 818 753 889 evangelizans,
803 828 858 873 et
905 817 1252 886 semetipsum
1301 823 1355 869 et
1404 827 1524 878 nos,
1547 810 1744 883 gaudio

159 913 411 984 gaudens
439 911 510 966 ob
540 912 887 981 praesentiam
920 911 1132 980 sponsi,
1161 909 1320 968 Ecce.
1357 906 1552 974 inquit,
1599 904 1743 974 quod

159 1004 615 1072 exspectabatur,
661 1018 790 1060 ecce
839 1017 988 1074 spes,
1033 1015 1162 1056 ecce
1198 1000 1368 1056 salus.
1421 998 1556 1068 Spes
1599 997 1742 1051 bona

159 1092 487 1148 hominibus
519 1103 856 1164 assumptum
901 1101 1146 1148 nostrum
1189 1100 1274 1145 est
1322 1103 1545 1158 corpus,
1580 1101 1745 1143 vene-

161 1197 294 1238 num
333 1183 670 1238 exstinctum
705 1191 789 1238 est
843 1181 1068 1242 diaboli.
1105 1179 1458 1236 mortificatus
1501 1187 1586 1234 est
1628 1191 1740 1232 ser-

160 1287 302 1343 peus
334 1290 349 1327 :
381 1273 542 1329 fortis
582 1273 729 1329 enim
777 1280 863 1327 est
905 1272 995 1342 qui
1045 1271 1358 1339 assumpsit.
1403 1269 1543 1324 Ecce
1597 1264 1744 1337 quod

162 1365 618 1434 exspectabatur,
655 1378 782 1419 ecce
804 1362 946 1432 quod
971 1362 1314 1432 sperabatur,
1350 1374 1477 1416 ecce
1513 1358 1746 1414 admira-

167 1459 244 1512 tio
278 1477 292 1512 :
323 1456 556 1512 solvitur
577 1455 689 1525 jam
726 1462 1028 1523 peccatum,
1069 1451 1396 1508 interficitur
1423 1465 1593 1514 mors,
1630 1451 1746 1518 pel-

168 1550 305 1604 litur
327 1550 642 1618 corruptela
673 1563 689 1602 :
723 1547 856 1602 Ecce
898 1563 1062 1619 agnita
1091 1546 1185 1600 Dei
1201 1585 1216 1611 ,
1245 1548 1334 1617 qui
1361 1545 1499 1601 tollit
1532 1557 1745 1614 peccata

166 1641 454 1694 mundi".
503 1639 641 1706 Quid
690 1639 900 1708 inquit.
944 1653 1044 1709 ego
1104 1637 1292 1691 laboro
1333 1641 1386 1691 ln
1429 1636 1744 1706 poenitentia

166 1725 498 1796 baptizans‘l
526 1726 680 1795 quid,
708 1725 924 1781 iusudo?
952 1724 1277 1794 baptismum
1301 1724 1442 1778 enim
1477 1725 1618 1795 quod
1649 1738 1746 1793 per

166 1814 438 1872 Joannem
468 1817 721 1883 dabatur,
765 1832 870 1870 non
903 1827 1021 1872 erat
1066 1818 1317 1871 idoneum
1352 1817 1419 1870 ad
1464 1817 1742 1887 purgatio-

167 1912 338 1975 nem;
392 1909 517 1978 quia
563 1924 666 1966 non
725 1909 1092 1964 remissionem
1136 1917 1482 1976 peccatorum
1530 1915 1744 1977 poterat

167 1998 410 2058 Joannes
440 2003 591 2068 dare,
623 2005 716 2058 sed
747 2003 1068 2058 hortabatur
1095 2001 1161 2055 ad
1187 2002 1576 2070 pmuiteutiam.
1613 1999 1744 2056 Ser-

167 2110 272 2151 vus
315 2099 466 2152 enim
497 2107 652 2163 erat,
695 2106 750 2152 et
798 2112 904 2152 non
936 2105 1149 2169 poterat
1188 2097 1432 2152 donare:
1467 2094 1566 2152 soli
1597 2096 1743 2155 enim

170 2185 406 2243 Domino
436 2187 561 2244 licet
600 2204 694 2244 sua
723 2189 947 2244 donare.
971 2189 1134 2256 Quid,
1163 2188 1362 2256 inquit,
1390 2187 1606 2258 baptiso
1629 2187 1742 2255 jam

171 2293 273 2347 ego
299 2278 366 2333 ad
403 2282 774 2348 paenitentiam
798 2281 822 2334 ἲ
850 2281 990 2336 Ecce
1018 2282 1108 2350 qui
1143 2281 1280 2334 tollit
1301 2323 1317 2348 ,
1343 2295 1470 2336 ecce
1495 2279 1586 2350 qui
1615 2294 1748 2334 exu-

172 2370 266 2433 rit,
295 2372 395 2440 qui
429 2372 689 2438 eradicat,
729 2374 819 2444 qui
854 2372 1067 2442 penitus
1089 2371 1272 2427 evellit
1303 2381 1608 2441 peccatum,
1641 2386 1746 2425 non

173 2461 335 2516 unius
388 2471 483 2517 aut
534 2463 770 2533 quinque
816 2471 911 2517 aut
956 2478 1049 2518 sex
1107 2463 1386 2517 hominum
1436 2462 1526 2532 qui
1572 2477 1601 2515 a
1663 2475 1749 2516 me

177 2553 554 2626 baptizantur,
589 2558 683 2610 sed
721 2556 907 2621 totius,
936 2555 1130 2626 inquit,
1163 2555 1370 2610 mundi.
1403 2553 1578 2609 Homo
1603 2554 1747 2608 enim

174 2659 283 2700 non
313 2657 531 2714 poterat
556 2647 718 2702 totius
745 2648 928 2703 mundi
965 2657 1184 2717 peccata
1229 2646 1434 2709 tollere,
1476 2646 1602 2714 quia
1629 2660 1749 2700 om-

177 2750 275 2792 nes
316 2737 568 2793 homines
606 2754 674 2793 ex
701 2739 895 2804 Adam,
930 2748 985 2795 et
1031 2754 1135 2793 non
1171 2753 1238 2793 ex
1275 2737 1402 2793 Deo.
1479 2736 1593 2792 Non
1623 2737 1751 2808 quia

176 2835 257 2882 est
296 2828 498 2898 aliquis
530 2828 620 2897 qui
673 2844 779 2883 non
812 2839 894 2883 est
941 2844 971 2884 a
1006 2829 1114 2884 Deo
1146 2839 1362 2886 creatus
1404 2843 1501 2900 per
1527 2828 1749 2896 Filium,

178 2918 275 2973 sed
307 2919 487 2974 omnis
515 2919 680 2974 homo
705 2921 907 2991 quique
937 2922 1222 2993 progenies
1250 2922 1377 2977 Adae
1409 2930 1525 2986 est,
1556 2931 1605 2977 et
1644 2937 1752 2976 non

177 3012 480 3067 nativitatis
511 3014 748 3082 peccatis
776 3015 1040 3085 subjacet.
1070 3014 1179 3071 Nos
1207 3016 1350 3070 enim
1383 3015 1434 3069 in
1473 3015 1582 3070 ictu
1613 3022 1668 3069 et
1697 3015 1751 3068 in

178 3101 371 3172 exigua
415 3103 518 3158 hac
550 3104 656 3158 vita
703 3107 981 3162 constituti
1029 3122 1317 3177 peccamus
1375 3117 1428 3162 et
1478 3106 1656 3178 lingua
1698 3115 1756 3160 et

178 3194 412 3250 actibus;
462 3194 564 3262 Qui
607 3206 786 3253 autem
817 3209 1096 3269 peccatum
1133 3215 1238 3254 non
1276 3198 1423 3263 fecit,
1456 3213 1633 3268 neque
1657 3197 1754 3253 do—

178 3283 287 3340 lum
320 3277 514 3343 habuit
555 3290 731 3346 in-ore
763 3307 880 3357 suo,
917 3303 974 3347 ut
1014 3308 1191 3362 neque
1223 3309 1387 3364 opere
1427 3307 1601 3362 neque
1633 3308 1752 3348 ser-

176 3389 336 3431 mone
371 3388 640 3447 peccaret,
690 3381 804 3450 ipsa
848 3382 1055 3452 justitia
1090 3391 1197 3438 est.
1253 3381 1352 3449 Qui
1389 3398 1519 3452 ergo
1543 3383 1751 3452 justitia

175 3466 398 3535 propria
429 3483 534 3522 non
568 3469 803 3525 habebat
827 3483 1070 3540 peccata,
1099 3477 1281 3544 potuit
1315 3474 1499 3528 mundi
1534 3484 1752 3544 peccata

175 3565 392 3624 portare
427 3574 440 3610 :
473 3558 563 3628 qui
599 3572 825 3630 κει-σιω
865 3565 1006 3618 enim
1038 3565 1210 3620 alium
1268 3579 1468 3619 sanare
1511 3580 1615 3620 non
1655 3580 1752 3635 po-

175 3653 312 3703 test:
338 3656 396 3704 et
423 3652 512 3718 qui
543 3653 784 3722 peccatis
809 3654 1070 3724 subiacet,
1097 3655 1282 3711 aliena
1315 3664 1534 3726 portare
1561 3657 1755 3712 delicta

175 3751 279 3793 non
326 3749 530 3810 potest.
576 3741 678 3810 Qui
719 3755 898 3800 autem
951 3763 1056 3803 non
1110 3750 1384 3816 peccavit,
1427 3764 1606 3820 neque
1653 3752 1758 3806 scit

173 3842 452 3900 peccatum
479 3874 494 3900 ,
534 3836 634 3891 iste
668 3851 764 3891 sua
797 3837 1002 3895 virtute
1039 3841 1274 3896 aliorum
1304 3843 1536 3897 assumit
1564 3852 1618 3897 et
1650 3842 1754 3898 tol-

174 3922 236 3977 lit
281 3936 582 3996 peccatum.
619 3929 876 3985 Dominus
918 3931 1065 3988 enim
1106 3933 1424 4003 baptizatur
1464 3948 1493 3987 a
1526 3931 1753 3999 Joanne,

171 4026 226 4072 et
255 4019 483 4075 assumit
513 4019 736 4076 aliorum
768 4022 962 4080 delicta
1000 4042 1014 4078 :
1057 4038 1346 4077 assumens
1387 4033 1565 4079 autem
1583 4024 1758 4079 aufert

171 4124 231 4166 ea
259 4127 379 4183 quae
401 4114 649 4182 suscepit.
683 4113 919 4172 intueris
954 4117 1122 4173 istum
1155 4116 1434 4173 visibilem
1468 4118 1634 4172 solem
1661 4118 1753 4187 qui

172 4218 266 4273 per
295 4205 461 4260 Deum
508 4205 680 4264 factus
717 4209 841 4264 est?
873 4211 982 4265 iste
1019 4208 1103 4265 sol
1136 4209 1380 4264 visibilis
1428 4219 1574 4264 certe
1618 4224 1757 4264 unus

171 4306 337 4354 estex
371 4299 620 4356 omnibus
652 4317 776 4372 qua:
806 4317 903 4370 per
933 4299 1143 4357 Filium
1176 4301 1319 4357 facta
1345 4315 1489 4357 sunt.
1538 4303 1642 4356 iste
1667 4317 1758 4355 or-

173 4400 256 4447 tus
283 4395 472 4449 sordes
500 4395 786 4467 contingit,
828 4404 884 4450 et
938 4393 1149 4449 fetores
1198 4404 1252 4450 et
1286 4409 1517 4451 cmnum.
1568 4393 1636 4449 Et
1666 4394 1756 4450 illa

172 4486 382 4554 quidem
409 4501 525 4558 quae
551 4487 749 4542 habent
797 4486 1032 4542 fetorem
1066 4486 1320 4542 liberata
1381 4486 1592 4550 fetore;
1643 4486 1757 4555 ipse

1846 618 1923 675 hil
1962 616 2088 672 mali
2139 614 2208 669 ad
2239 611 2672 669 additamentum
2707 607 2935 676 suscipit
2965 605 3054 660 illa
3089 611 3306 672 natura,
3333 604 3431 660 sed

1842 724 1950 766 nec
1979 707 2132 764 boni.
2177 704 2234 761 Si
2259 717 2392 776 ergo
2420 701 2622 757 malum
2649 714 2756 754 nou
2783 698 3047 769 suscepit,
3078 697 3205 768 quia
3234 693 3431 753 luminl

1844 800 2083 857 tenebrc
2109 811 2216 854 non
2249 794 2649 868 permiscentur
2682 809 2697 846 :
2735 793 2936 845 bonum
2959 778 3165 844 "autem
3219 788 3434 843 addita-

1843 902 2086 948 mentum
2135 904 2243 945 non
2279 887 2528 957 indiget,
2559 885 2684 954 quia
2720 880 3022 952 perfectum
3071 879 3257 951 genuit
3302 893 3432 949 pcr-

1843 985 2058 1040 fectus:
2093 996 2198 1037 non
2239 989 2327 1036 est
2369 975 2643 1048 promotio
2668 974 2924 1029 derelicta
2961 972 3094 1027 lilio.
3142 969 3260 1026 Non
3288 984 3434 1026 nunc

1843 1078 1986 1141 dico,
2020 1075 2114 1131 sed
2153 1088 2251 1129 nec
2287 1081 2447 1126 antea
2487 1087 2502 1125 :
2538 1065 2818 1139 perfectus
2857 1066 3003 1119 enim
3051 1074 3134 1119 est
3161 1071 3351 1125 natus,
3378 1068 3438 1116 et

1844 1171 1967 1227 ideo
2005 1167 2139 1224 nihil
2179 1163 2534 1222 additamenti
2565 1160 2780 1231 accipit,
2815 1158 2946 1213 nihil
2988 1156 3266 1226 acquirit:
3310 1168 3438 1225 per»

1849 1262 2027 1318 fectus
2058 1261 2205 1317 enim
2252 1266 2342 1313 est
2401 1254 2690 1327 progenies
2737 1252 2964 1324 perfecti
2997 1248 3137 1321 (69),
3179 1247 3438 1303 omnibus

1852 1357 2069 1426 quidem
2102 1352 2375 1410 sufficiens
2402 1353 2626 1412 donare.
2659 1348 2778 1419 ipse
2809 1353 2991 1400 autem
3022 1358 3128 1397 non
3161 1340 3436 1412 indigens,

1844 1448 1979 1504 nihil
2011 1449 2078 1502 ab
2108 1447 2194 1503 his
2235 1459 2355 1517 quae
2407 1442 2537 1498 fecit
2565 1440 2736 1497 Filius
2775 1437 2983 1507 accepit
3016 1454 3031 1491 :
3060 1437 3186 1506 quia
3235 1432 3438 1489 antici-

1844 1554 1979 1609 pans
2001 1537 2114 1610 (70)
2141 1537 2322 1594 omnia
2361 1535 2524 1591 habet
2570 1532 2671 1589 sibi
2698 1529 2822 1585 data
2852 1544 2882 1583 a
2917 1528 3095 1582 Patre.
3159 1525 3277 1582 Non
3312 1537 3436 1580 cum

1845 1631 2112 1701 apparuit,
2151 1641 2278 1686 tunc
2310 1638 2366 1685 et
2413 1626 2625 1691 Filius;
2675 1637 2784 1679 non
2808 1637 2932 1679 cum
2969 1620 3273 1682 nobiscum,
3310 1629 3441 1673 tunc

1844 1735 1900 1780 et
1942 1727 2080 1794 apud
2135 1724 2303 1781 Deum
2347 1724 2488 1779 :sed
2534 1717 2991 1790 quemadmodum
3049 1715 3104 1770 in
3168 1710 3440 1785 principio

1845 1825 1962 1869 erat
2000 1814 2255 1879 Verbum,
2317 1813 2370 1867 in
2436 1811 2705 1884 principio
2767 1816 2912 1874 erat,
2983 1820 3088 1860 non
3145 1813 3326 1858 tamen
3383 1803 3440 1859 in

1771 1889 2153 1963 Bnovissimis
2198 1906 2573 1976 temporibus:
2619 1906 2673 1958 in
2737 1899 3027 1974 principio,
3084 1911 3195 1972 .non
3258 1904 3439 1950 tamen

1845 2012 1968 2073 post
2001 2003 2198 2059 saecula
2248 2017 2370 2074 qua
2417 2017 2514 2072 per
2545 2002 2719 2071 ipsum
2769 1997 2910 2053 facta
2962 2003 3109 2051 sunt.
3169 1992 3223 2046 In
3282 1989 3442 2062 prin-

1845 2096 1986 2166 cipio
2024 2106 2151 2150 ante
2204 2109 2393 2150 omnes
2438 2095 2579 2164 apud
2630 2094 2796 2148 Deum
2830 2131 2846 2154 ,
2894 2097 3019 2143 ante
3065 2084 3277 2142 cmlos:
3331 2097 3442 2138 nou

1844 2191 1991 2244 enim
2044 2189 2378 2247 necessarios
2443 2187 2676 2243 habebat
2721 2185 2890 2242 cmloa
2929 2182 2997 2236 ad
3047 2169 3441 2245 habitandum;

1847 2283 2113 2354 siquidem
2172 2280 2453 2338 nec'tuuc
2507 2293 2630 2336 eum
2689 2277 2892 2332 factum
2945 2282 3032 2329 est
3093 2268 3319 2334 cmlum,
3369 2263 3440 2321 ad

1849 2391 2004 2432 usum
2041 2375 2240 2431 factum
2264 2383 2350 2430 est
2372 2372 2490 2439 Dei,
2519 2370 2613 2426 sed
2637 2369 2703 2425 ad
2729 2368 3052 2424 beneficium
3082 2363 3254 2434 ipsius
3275 2357 3431 2424 cmli,

1849 2479 1904 2522 et
1934 2481 2120 2521 eorum
2146 2466 2235 2537 qui
2261 2465 2365 2521 sub
2391 2462 2533 2519 cmlo
2569 2469 2695 2517 sunt
2719 2468 2961 2516 creatum
2990 2466 3074 2512 est
3100 2455 3321 2511 cmlum.
3369 2448 3440 2506 In

1853 2560 2110 2631 principio
2147 2569 2260 2614 erat
2290 2573 2310 2613 :
2357 2572 2510 2613 serva
2545 2556 2692 2628 quod
2716 2563 2835 2610 erat
2859 2551 2993 2624 (Ἡ).
3032 2548 3089 2605 Si
3115 2548 3259 2602 enim
3293 2553 3349 2600 et
3380 2551 3440 2597 tu

1852 2668 1960 2707 non
1997 2652 2226 2715 dixeris,
2254 2650 2407 2717 Erat,
2442 2649 2532 2705 ille
2558 2648 2776 2720 quidem
2818 2655 3004 2701 manet
3027 2640 3170 2714 quod
3199 2647 3342 2706 erat,
3384 2647 3445 2694 tu

1851 2757 2033 2801 autem
2077 2742 2425 2800 fraudaveris
2475 2750 2535 2796 ut
2581 2741 2684 2796 sis.
2742 2739 2858 2793 Non
2911 2736 3058 2791 enim
3093 2749 3159 2789 ex
3198 2731 3284 2787 his
3326 2743 3448 2800 quc

1855 2840 2087 2894 dicimus
2124 2835 2432 2894 eﬂiciuntur
2476 2834 2694 2905 negotia
2742 2846 2924 2886 rerum
2955 2847 2970 2884 :
3005 2829 3098 2882 sed
3136 2826 3180 2880 si
3208 2821 3446 2880 confessi

1854 2927 2117 2983 fuerimus
2158 2937 2219 2980 ut
2245 2941 2304 2981 se
2333 2939 2423 2980 res
2461 2925 2665 2980 habere
2687 2922 2960 2985 videntur,
2996 2917 3349 2974 salvabimur.
3384 2912 3445 2969 Si

1858 3027 2043 3074 autem
2074 3017 2367 3073 delirantes
2410 3030 2516 3069 non
2568 3021 2626 3067 ut
2677 3025 2736 3068 se
2770 3011 2934 3065 habet
2972 3010 3247 3078 negOtinm
3283 3004 3448 3060 locuti

1857 3109 2158 3174 fuerimus;
2189 3107 2322 3178 ipsa:
2365 3105 2585 3174 quidem
2626 3119 2713 3159 res
2739 3110 2978 3162 manent.
3019 3116 3119 3154 nos
3144 3107 3324 3153 autem
3358 3095 3448 3167 ju-

1859 3200 2181 3258 dicabinmr.
2231 3198 2384 3264 Erat,
2417 3206 2473 3252 et
2502 3204 2643 3261 erat,
2672 3207 2730 3251 et
2762 3204 2903 3250 erat.
2940 3191 3006 3246 In
3047 3190 3307 3260 principio
3331 3197 3446 3242 erat

1869 3292 2090 3347 Verbum
2127 3306 2146 3346 :
2186 3305 2314 3346 ecce
2351 3290 2515 3344 semel
2564 3298 2727 3344 erat:
2765 3298 2813 3342 et
2861 3285 3090 3340 Verbum
3142 3293 3254 3337 erat
3301 3278 3445 3349 apud

1860 3382 2024 3437 Deum
2041 3383 2108 3446 ⁸⁸,
2147 3391 2203 3437 et
2230 3382 2423 3436 iterum
2457 3381 2570 3452 (72)
2624 3388 2744 3435 erat
2770 3397 2782 3434 :
2816 3388 2865 3434 et
2888 3377 3028 3432 Deus
3045 3386 3157 3430 erat
3184 3374 3444 3429 Verbum:

1856 3489 1986 3532 ecce
2017 3477 2178 3530 tertio
2208 3484 2347 3530 erat.
2391 3471 2494 3528 Hic
2526 3483 2639 3528 erat
2679 3474 2734 3527 in
2781 3471 3040 3542 principio
3075 3469 3216 3537 apud
3257 3467 3447 3522 Deum.

1855 3566 1985 3622 Post
2016 3576 2250 3635 quatuor
2293 3566 2391 3620 has
2431 3579 2595 3620 voces
2640 3563 2819 3619 adhuc
2854 3562 3073 3617 dubitas
3107 3561 3249 3630 quod
3288 3557 3449 3613 erat?

1856 3669 1911 3713 et
1946 3659 2164 3725 iterum,
2193 3656 2315 3712 Vita
2352 3667 2490 3721 erat,
2521 3665 2578 3711 et
2605 3656 2718 3710 vita
2757 3663 2876 3710 erat
2909 3653 3001 3707 lux
3035 3652 3337 3706 hominum.
3386 3649 3447 3704 Si

1857 3751 1988 3807 dicit
2019 3749 2371 3821 evangelista,
2417 3749 2509 3818 qui
2554 3763 2619 3803 ex
2663 3757 2881 3817 pectore
2917 3745 3129 3801 Domini
3181 3743 3445 3808 haurivit,

1857 3841 2013 3908 Erat,
2067 3850 2123 3897 et
2175 3842 2278 3896 hoc
2329 3840 2686 3910 frequenter:
2720 3853 2786 3894 ex
2833 3838 2920 3894 his
2963 3851 3085 3907 qua
3128 3851 3272 3905 saepe
3306 3837 3448 3891 dicta

1857 3941 1984 3988 sunt
2036 3946 2106 3987 ne
2150 3931 2366 4001 quidem
2399 3948 2563 3985 unum
2603 3940 2798 3986 tenes:
2835 3938 2889 3985 et
2926 3943 3086 4000 quem
3133 3927 3326 3983 laedis?
3357 3928 3450 3984 llle

1857 4026 2000 4080 enim
2027 4026 2118 4094 qui
2146 4034 2286 4091 erat,
2314 4032 2418 4090 est,
2447 4031 2500 4079 et
2529 4037 2634 4077 non
2668 4022 2906 4079 cessavit
2933 4029 2992 4075 ut
3017 4021 3110 4076 sit.
3157 4021 3449 4077 Tu.autetn

1859 4135 1965 4174 non
2002 4119 2110 4174 eris
2151 4117 2308 4188 ejus,
2361 4117 2463 4172 nisi
2510 4115 2680 4172 fueris
2719 4113 3003 4172 confessus
3048 4113 3174 4183 quia
3206 4121 3361 4178 erat,
3393 4119 3449 4166 et

1858 4222 1942 4270 est
1964 4222 2018 4268 et
2045 4212 2149 4267 erit
2184 4231 2197 4267 :
2235 4222 2286 4267 et
2321 4225 2596 4282 nunquam
2627 4209 2861 4265 cessavit
2886 4217 2944 4263 ut
2977 4222 3085 4263 non
3115 4206 3208 4263 sit.
3233 4205 3450 4261 Princi-

1858 4307 2007 4376 pium
2040 4305 2300 4374 evangelii
2336 4306 2486 4371 dicit,
2521 4301 2653 4358 Erat
2684 4318 2702 4358 :
2745 4311 2801 4356 et
2839 4310 2897 4356 tu
2949 4299 3135 4356 statim
3191 4297 3445 4353 dubitas:

1859 4398 2086 4454 necdum
2114 4398 2327 4469 cmpisti
2360 4398 2561 4469 legere,
2599 4407 2655 4452 et
2681 4394 2976 4453 offendisti.
3011 4393 3352 4466 Evangelista
3379 4391 3452 4445 ab

1861 4492 1994 4547 Erat
2023 4495 2210 4562 cmpit,
2240 4502 2293 4547 et
2325 4502 2376 4546 tu
2411 4490 2543 4544 Erat
2593 4489 2862 4544 interimis
2883 4489 2910 4542 ’ἰ
2955 4485 3196 4542 Necdum
3242 4483 3446 4554 legisti,

174 4586 348 4635 autem
372 4594 431 4636 se
454 4595 558 4635 non
585 4579 907 4650 coinquinat
931 4577 1004 4633 ab
1036 4579 1123 4634 his
1152 4594 1274 4648 qua;
1299 4579 1546 4649 detergit.
1573 4578 1631 4633 Si
1658 4578 1756 4648 igi-
1788 4591 1832 4646 ι)
1859 4593 1914 4639 et
1939 4583 2294 4638 contradicis.
2327 4583 2451 4638 Erat
2488 4583 2541 4637 in
2572 4581 2836 4652 principio
2859 4589 2987 4634 ante
3015 4592 3242 4635 omnes:
3269 4580 3449 4632 bonus

177 4678 263 4724 tur
306 4671 409 4726 iste
456 4673 536 4728 sol
575 4671 810 4727 visibilis
849 4670 944 4741 qui
977 4671 1153 4726 oritur
1184 4681 1239 4726 et
1272 4671 1493 4736 occidit,
1525 4671 1615 4740 qui
1651 4686 1755 4725 non

180 4761 233 4816 in
259 4766 528 4834 principio
570 4767 694 4830 fuit,
721 4766 816 4820 sed
849 4773 1044 4833 quarto
1090 4764 1177 4818 die
1225 4779 1322 4836 per
1347 4764 1542 4818 Filium
1583 4764 1759 4819 factus

181 4865 295 4921 est;
337 4856 384 4910 si
420 4858 525 4911 iste
558 4857 643 4911 sol
676 4872 780 4910 non
813 4857 1052 4924 repletur
1083 4857 1152 4911 ab
1195 4855 1281 4912 bis
1326 4873 1443 4928 qua:
1468 4857 1754 4924 contingit,

181 4947 352 5002 multo
380 4947 554 5017 magis
583 4947 847 5002 Dominus
867 4949 1090 5017 iustitia:
1136 4951 1225 5018 qui
1265 4961 1457 5020 purgat
1488 4959 1542 5004 et
1568 4965 1758 5004 emun-

184 5035 297 5103 dat,
334 5037 599 5093 clarificat
630 5047 685 5092 et
731 5038 1018 5107 illuminat,
1065 5056 1176 5094 non
1205 5043 1660 5096 contaminabitur
1688 5044 1757 5097 ab

185 5125 268 5184 his
317 5144 442 5198 quae
486 5129 771 5205 contingit.
827 5130 945 5186 Non
1000 5141 1174 5202 potest
1213 5137 1354 5187 enim
1409 5133 1525 5203 ejus
1563 5143 1756 5187 natura

186 5220 573 5276 contaminari.
635 5221 784 5276 Nihil
843 5223 895 5278 in
951 5239 1072 5279 eum
1141 5225 1444 5296 ingreditur
1500 5226 1755 5280 alienum.

186 5309 339 5376 Quod
384 5312 530 5366 enim
584 5324 740 5368 natus
783 5327 863 5369 est
916 5317 1101 5381 semel,
1147 5319 1248 5372 hoc
1282 5327 1332 5372 et
1371 5327 1568 5373 manet.
1614 5316 1758 5372 Nihil

189 5398 359 5454 defuit
411 5409 470 5454 ut
501 5401 952 5468 introduceretur,
986 5406 1114 5459 nihil
1145 5408 1321 5460 minus
1346 5419 1427 5464 est
1467 5419 1524 5462 ut
1553 5409 1760 5479 replea-

257 5517 305 5554 ³⁸
334 5517 490 5572 Joau.
526 5533 564 5585 ι,
594 5519 685 5574 29.
780 5522 825 5553 ⁸⁸
857 5522 983 5578 ibid.
1013 5523 1068 5577 2.

259 5671 376 5741 (67)
411 5672 509 5726 Ms.
541 5673 646 5738 Qui
680 5685 790 5726 emt
820 5689 1011 5730 natura
1040 5679 1334 5734 invisibilis.

259 5743 373 5817 ίϋξ)
536 5744 846 5817 indigebant
871 5752 1061 5812 salute,
1091 5767 1207 5816 qua:
1244 5770 1274 5803 (ι
1315 5751 1536 5806 Domino
1561 5762 1657 5806 est.

405 5813 1028 5893 bisal’erfectqenioncst
1059 5813 1327 5892 progenies
1354 5824 1590 5893 perfecti.

259 5883 372 5953 (7t!)
403 5883 729 5954 Autiupuns.
752 5885 1060 5955 Προλαϐών.

1859 4674 2000 4730 enim
2030 4684 2113 4728 est
2138 4673 2329 4737 Pater,
2357 4683 2414 4729 et
2443 4688 2546 4728 non
2574 4681 2658 4728 est
2686 4673 2891 4729 divisus
2927 4685 3193 4744 generans
3218 4669 3446 4725 Filium:

1859 4776 2052 4835 potens
2081 4774 2185 4827 est,
2222 4776 2273 4821 et
2303 4781 2404 4821 non
2437 4775 2556 4819 erat
2583 4765 2634 4819 ei
2677 4762 3014 4834 impossibile
3047 4761 3254 4832 impleri
3287 4775 3442 4813 suam

1861 4859 2182 4916 bonitatem.
2226 4860 2494 4930 Tempora
2519 4860 2663 4916 enim
2694 4868 2749 4915 et
2780 4857 2973 4914 secula
3002 4867 3056 4912 et
3086 4856 3259 4926 spatia
3286 4857 3448 4910 deor-

1861 4967 1978 5006 sum
2012 4963 2159 5007 sunt.
2204 4951 2320 5007 Noli
2347 4961 2663 5023 computare
2692 4949 3076 5023 unigenitaeilli
3111 4957 3319 5004 natura).
3343 4947 3447 5002 ali-

1863 5049 1992 5118 quid
2026 5067 2038 5101 :
2071 5048 2204 5104 nihil
2231 5065 2297 5104 ex
2337 5049 2420 5104 his
2452 5063 2573 5119 quae
2602 5047 2747 5103 facta
2795 5061 2894 5117 per
2941 5046 3114 5114 ipsum
3153 5054 3284 5100 sunt
3309 5060 3325 5099 :
3353 5041 3450 5099 sed

1865 5139 2125 5195 confitere
2153 5140 2368 5195 Patrem
2405 5154 2511 5195 nou
2558 5148 2746 5194 natum
2771 5177 2787 5203 ,
2831 5146 2884 5192 et
2927 5136 3091 5191 alium
3123 5150 3229 5189 non
3259 5142 3464 5206 natum.

1864 5245 2109 5302 quaerere
2137 5230 2276 5298 noli;
2301 5233 2426 5302 quia
2455 5247 2555 5287 nec
2587 5231 2850 5286 invenies.
2884 5230 3159 5285 Confitere
3184 5227 3449 5284 etFilium

1864 5320 2199 5390 unigenitum
2249 5332 2433 5376 natum
2478 5337 2507 5375 a
2553 5320 2764 5376 Patre:
2817 5328 2872 5376 et
2927 5320 3092 5374 alium
3137 5319 3330 5374 Filium
3382 5336 3450 5372 nc

1866 5426 2098 5482 quaeras,
2127 5417 2220 5471 sed
2265 5430 2389 5470 eum
2419 5415 2508 5484 qui
2559 5423 2643 5470 est
2683 5428 2822 5470 unus
2859 5413 3190 5484 unigenitus,
3243 5411 3333 5482 qui
3382 5410 3453 5465 ab

1863 5682 2046 5809 1mgl)
2081 5683 2259 5741 Serva.
2289 5686 2478 5757 Τήρει,
2507 5684 2754 5740 observa.
2792 5682 2885 5741 Sic
2910 5682 3047 5739 infra
3080 5679 3175 5738 lib.
3200 5692 3265 5749 ιι,
3299 5679 3447 5737 circa

1936 5827 2053 5898 (72)
2087 5825 2153 5883 Et
2180 5827 2386 5884 iterum.
2420 5826 2456 5882 F
2474 5835 2578 5884 )rle
2608 5842 2672 5883 cn
2696 5825 2818 5880 iter.
