4072 6398
710 341 842 400 M351

1371 343 1634 403 EUSEBII
1673 346 2148 405 CESARIENSIS
2183 346 2334 405 OPP.
2372 347 2552 406 PARS
2588 348 2677 406 IV.
2712 379 2785 393 —
2819 342 3242 407 DOGHATICA.

3816 347 3955 405 £052

705 477 814 517 uno
842 470 923 515 est
942 460 1167 525 Patre,a
1200 461 1314 519 solo
1340 463 1508 529 solus,
1548 466 1616 521 ab
1642 481 1748 521 uno
1766 480 1923 521 unus.
1949 464 2090 521 Nihil
2116 466 2259 521 enim
2292 473 2338 530 Α
2364 468 2437 522 tia
2488 487 2503 524 :
2552 476 2607 523 et
2659 468 3022 523 adorabantur
3072 467 3287 533 omnia;
3341 472 3399 521 et
3452 466 3581 538 quia
3638 466 3949 527 adorandus

704 554 911 622 mquale
946 561 1029 606 est
1065 555 1371 623 unlgenito,
1417 556 1551 611 nihil
1596 552 1772 613 simile
1810 558 1986 622 Filio,
2032 558 2162 615 nihil
2209 559 2259 614 ei

704 650 1069 711 comparatur,
1100 643 1235 698 nihil
1262 654 1526 714 aequatur.
1558 645 1749 701 Omnia
1777 660 1897 700 eum
1924 646 2171 711 adorant,
2193 648 2263 701 ob

705 732 966 788 honorem
1003 743 1059 787 ut
1095 743 1219 803 pote
1247 738 1363 807 eius
1386 738 1475 807 qui
1506 738 1691 807 genuit
1720 758 1732 793 :
1776 751 1882 792 non
1911 746 1995 793 est
2029 753 2169 793 unus
2195 753 2260 793 ex

704 822 791 878 his
812 838 932 892 qua
970 840 1068 893 per
1106 827 1275 894 ipsum
1306 838 1478 882 sunt:
1521 843 1625 883 non
1655 837 1739 884 est
1767 843 1833 884 ex
1880 829 1983 885 hoc
2032 831 2256 896 mundo,

703 911 798 966 sed
840 920 895 967 et
932 915 1159 967 mundus
1190 930 1285 984 per
1328 917 1523 982 ipsum.
1570 915 1686 971 Non
1732 917 1926 974 cmlum
1954 933 2076 974 cum
2104 917 2260 985 Filio,

703 1002 799 1055 sed
841 1012 899 1057 et
940 1005 1131 1059 caelum
1175 1020 1271 1075 per
1302 1006 1516 1061 Filium.
1561 1007 1701 1074 Quid
1742 1023 1879 1079 opus
1907 1018 1992 1064 est
2022 1010 2263 1079 partibus

703 1095 967 1150 exhibere
1009 1098 1259 1151 natura?
1307 1096 1495 1152 Omnia
1528 1115 1621 1167 per
1657 1101 1826 1168 ipsum
1864 1110 2005 1165 sunt,
2047 1111 2093 1155 et
2133 1102 2263 1156 nihil

704 1184 817 1238 sine
852 1186 961 1253 ipso
988 1202 1007 1239 :
1032 1195 1087 1241 et
1135 1189 1293 1243 tertio
1328 1206 1343 1242 :
1375 1188 1525 1255 Quod
1561 1189 1759 1244 factum
1793 1201 1877 1245 est
1920 1206 2015 1261 per
2065 1193 2259 1262 ipsum.

704 1272 823 1328 Noli
845 1276 1024 1331 dicere
1053 1276 1343 1341 hominem,
1373 1294 1439 1333 ne
1467 1278 1733 1334 irascatur
1757 1280 1845 1349 qui
1868 1283 2069 1345 genuit.
2102 1281 2263 1337 Joan-

704 1378 804 1419 nes
830 1368 1154 1437 evangelista
1178 1410 1193 1434 ,
1230 1369 1273 1421 si
1328 1377 1505 1422 tamen
1537 1367 1794 1435 Joannes.
1833 1382 1887 1426 et
1918 1388 2024 1426 non
2053 1373 2141 1441 qui
2169 1388 2264 1441 per

704 1452 991 1524 Joannem,
1039 1460 1251 1529 scripsit
1298 1461 1365 1515 de
1406 1462 1563 1526 Filio,
1593 1464 1806 1532 scripsit
1849 1475 1903 1519 et
1952 1467 2015 1520 de
2058 1465 2262 1521 Joanne

704 1546 967 1614 Baptista.
999 1549 1379 1623 Subinterroga
1412 1553 1578 1623 igitur
1598 1556 2043 1622 quemadmodum
2066 1557 2133 1609 de
2157 1558 2263 1611 Deo

706 1638 948 1707 loquitur
978 1642 1330 1711 evangelista,
1366 1655 1419 1698 et
1446 1646 1896 1714 quemadmodum
1926 1649 1991 1701 de
2019 1647 2259 1702 homine:

707 1725 777 1780 In
828 1730 1103 1796 principio,
1162 1732 1373 1802 inquit,
1432 1745 1541 1788 erat
1580 1733 1839 1791 Verbum:
1875 1737 1977 1791 hoc
2038 1738 2103 1791 de
2155 1739 2263 1792 Deo

2362 559 2727 627 ignorabatur,
2741 557 3062 614 oﬁ'ensiones
3074 568 3228 613 erant
3242 559 3403 614 nobis
3417 560 3622 615 omnia.
3638 559 3775 615 Nam
3791 571 3849 618 et
3865 563 3947 619 sol

2361 652 2466 703 nun
2489 647 2843 714 illuminabat,
2866 650 2958 705 sed
2982 658 3039 704 et
3058 650 3171 719 ipse
3191 650 3347 704 nobis
3366 660 3487 706 erat
3506 649 3753 706 oﬁ‘ensio.
3780 652 3944 707 Venit

2360 745 2539 793 autem
2562 752 2658 809 per
2672 752 2832 808 quem
2850 739 3168 793 suntomnia
3187 756 3201 793 :
3223 754 3329 793 non
3350 738 3523 794 solum
3540 756 3638 797 nos
3659 740 3938 805 liberavit,

2360 827 2453 884 sed
2471 836 2525 884 et
2546 827 2716 898 ipsum
2734 826 2900 883 solem
2918 830 2985 882 ab
3004 828 3221 897 ignobili
3246 829 3355 883 isto
3377 829 3584 885 honore
3600 831 3830 885 liberum
3860 831 3939 884 le-

2361 921 2453 975 cit.
2488 918 2763 975 Liberavit
2800 934 2930 976 sane
2961 920 3138 974 lunam
3176 935 3205 973 a
3246 919 3572 988 calumniis,
3617 934 3673 975 et
3718 937 3936 991 purga-

2360 1010 2439 1064 vit
2463 1009 2649 1066 stellas
2673 1018 2731 1064 ut
2769 1024 2875 1065 non
2914 1013 3287 1067 adorarenlur.
3315 1011 3373 1067 Si
3404 1025 3581 1067 autem
3610 1014 3838 1084 quidam
3864 1015 3936 1083 ad

2364 1101 2480 1157 haec
2502 1102 2521 1121 ⁹
2554 1115 2726 1170 usque
2754 1103 3105 1168 contendunt,
3125 1104 3359 1174 reliquia
3381 1104 3646 1160 malorum
3678 1121 3935 1161 comme-

2362 1193 2685 1247 utorantium
2729 1192 3069 1248 beneﬁcium.
3128 1194 3279 1249 Nunc
3318 1194 3486 1264 igitur
3523 1204 3578 1251 et
3612 1211 3806 1249 aurum
3846 1208 3934 1252 est

2361 1282 2639 1337 mundum.
2672 1281 2825 1338 Nunc
2845 1292 2899 1339 et
2934 1292 3213 1353 argentum
3231 1284 3297 1338 ad
3327 1284 3381 1340 id
3412 1286 3555 1355 quod
3572 1297 3816 1341 creatum
3846 1300 3934 1342 est

2362 1376 2509 1431 utile.
2551 1374 2703 1429 Nunc
2729 1384 3076 1431 aeramentum
3102 1388 3452 1432 atramentum
3485 1388 3570 1434 est
3593 1419 3609 1444 ,
3635 1388 3689 1433 et
3715 1378 3930 1434 ferrum

2364 1467 2565 1521 ferrum
2591 1506 2607 1530 ,
2642 1476 2696 1520 et
2733 1467 2867 1537 lapis
2903 1467 3068 1537 lapis,
3119 1477 3174 1521 et
3221 1468 3424 1537 lignum
3476 1468 3676 1539 lignum
3722 1480 3845 1534 est,
3877 1478 3933 1524 et

2362 1556 2504 1611 Deus
2538 1557 2697 1612 Deus.
2722 1557 2875 1612 Nunc
2914 1558 3246 1613 da-monibus
3296 1560 3610 1626 increpatur
3642 1571 3699 1614 ut
3733 1562 3930 1625 decet,

2363 1660 2417 1705 et
2459 1666 2561 1704 non
2605 1651 2897 1705 adorantur
2924 1660 3112 1705 utnon
3152 1651 3326 1706 decet.
3374 1651 3532 1706 Venit
3564 1654 3709 1707 enim
3746 1668 3841 1708 rex
3875 1664 3932 1707 et

2362 1741 2619 1796 exstinxit
2651 1750 2935 1811 tyrannum
2980 1762 2992 1796 :
3027 1750 3081 1796 et
3119 1742 3337 1812 agnovit
3376 1743 3495 1797 ovis
3538 1752 3847 1812 pastorem,
3877 1753 3933 1797 ct

707 1814 847 1873 Filio
888 1820 1041 1873 dixit.
1094 1822 1235 1877 Dicit
1276 1836 1333 1878 et
1384 1824 1450 1880 de
1480 1824 1709 1892 Joanne,
1750 1824 1949 1881 Factus
1975 1838 2049 1880 est
2087 1829 2260 1881 homo.
2294 1840 2335 1896 Β
2366 1832 2529 1901 fugati
2568 1831 2846 1898 suntlupi.
2890 1830 3021 1896 Quis
3037 1845 3167 1885 sane
3186 1830 3372 1885 venit?
3396 1831 3580 1900 utique
3611 1832 3659 1885 is
3686 1833 3777 1900 qui
3808 1842 3932 1885 erat

706 1906 849 1980 Lege
887 1910 996 1973 illa.
1025 1912 1245 1983 sublege
1272 1924 1328 1969 et
1368 1916 1464 1971 ista
1498 1933 1510 1969 :
1538 1923 1592 1970 et
1631 1916 1871 1971 invenies
1899 1918 2165 1986 quomodo
2198 1918 2263 1971 de

707 2003 817 2057 Deo
846 2002 985 2060 Filio
1023 2006 1257 2076 loquitur
1287 2026 1301 2060 :
1330 2018 1386 2063 et
1437 2008 1708 2063 hominem
1754 2019 1983 2079 exponet
2010 2008 2260 2065 Joannes.

705 2094 775 2148 In
819 2095 1076 2163 principio
1123 2109 1235 2153 erat
1275 2098 1494 2153 Verbum
1551 2100 1617 2154 de
1660 2098 1797 2155 Filio
1833 2101 1963 2157 dicit
2011 2119 2027 2157 :
2069 2101 2264 2163 Factus

706 2183 871 2239 homo
896 2186 961 2240 de
981 2186 1187 2243 Joanne
1215 2190 1383 2259 ponit.
1422 2188 1489 2244 Et
1513 2189 1736 2244 Verbum
1765 2199 1876 2245 erat
1905 2193 2047 2261 apud
2076 2193 2259 2258 Deum,

704 2281 761 2329 et
786 2274 923 2329 Deus
955 2288 1066 2330 erat
1109 2276 1331 2334 Verbum
1351 2319 1366 2343 ,
1398 2281 1463 2334 de
1488 2280 1622 2336 Filio
1660 2282 1915 2352 loquitur.
1955 2282 2029 2336 De
2058 2283 2264 2341 Joanne

705 2372 883 2418 autem
915 2382 929 2419 :
964 2363 1089 2421 Non
1113 2379 1223 2423 erat
1250 2369 1339 2423 ille
1373 2369 1546 2424 lumen
1573 2372 1643 2436 ",
1667 2380 1718 2425 et
1750 2373 1945 2426 iterum
1981 2373 2047 2427 de
2079 2376 2265 2445 unige-

705 2455 818 2510 nito
837 2458 936 2521 ait,
970 2456 1073 2512 Hic
1101 2470 1213 2514 erat
1238 2461 1293 2515 in
1324 2463 1576 2529 principio
1598 2464 1737 2531 apud
1758 2462 1941 2518 Deum.
1966 2464 2040 2519 De
2059 2464 2265 2521 Joanne

706 2556 909 2615 autem,
942 2549 1044 2605 Hic
1083 2553 1222 2606 venit
1253 2554 1322 2606 ad
1357 2555 1708 2608 testimonium
1730 2554 1797 2610 ⁸³.
1848 2553 2045 2625 Iniuria
2070 2558 2265 2627 quippe

705 2648 807 2702 est,
843 2646 897 2695 et
942 2656 1252 2711 praeponere
1296 2646 1625 2715 unigenitum
1666 2648 1835 2702 servis
1867 2650 1998 2703 suis.
2037 2642 2170 2703 Nam
2210 2660 2266 2705 et

706 2731 846 2798 quod
895 2732 1116 2797 dicitur,
1162 2735 1295 2789 nihil
1341 2738 1389 2791 ei
1442 2748 1785 2807 comparatur
1827 2750 1920 2794 aut
1978 2751 2260 2811 aequatur:

704 2835 811 2876 non
856 2832 941 2878 est
986 2840 1283 2896 magnum:
1338 2830 1435 2884 sed
1484 2830 1670 2898 egenis
1714 2831 1875 2885 etiam
1933 2847 2095 2900 parva
2140 2842 2266 2889 sunt

705 2928 917 2985 magna.
950 2915 1064 2973 Non
1093 2926 1174 2973 est
1208 2920 1349 2975 enim
1382 2936 1522 2976 unus
1566 2936 1632 2976 ex
1674 2922 1947 2992 prophetis
1972 2922 2134 2989 ﬁlius,
2168 2926 2264 2980 sed

703 3020 800 3075 per
838 3023 998 3077 quem
1032 3025 1219 3066 omnes
1248 3013 1525 3083 propheta
1559 3032 1573 3068 :
1616 3028 1721 3068 non
1756 3029 1895 3070 unus
1921 3030 1988 3069 ex
2026 3016 2259 3087 regibus,

705 3106 798 3154 sed
830 3116 926 3170 per
961 3116 1119 3173 quem
1151 3119 1339 3160 omnes
1380 3119 1538 3175 reges
1577 3124 1592 3161 :
1639 3122 1744 3163 non
1780 3122 1919 3161 unus
1962 3121 2028 3162 ex
2078 3107 2261 3176 iustis,

706 3189 802 3244 sed
840 3190 951 3261 ipse
975 3192 1185 3261 iustitia
1223 3216 1235 3250 :
1271 3211 1381 3251 non
1419 3212 1559 3251 unus
1587 3213 1655 3252 ex
1684 3198 1879 3263 servis,
1930 3198 2024 3253 sed
2049 3197 2259 3254 Filius:

704 3294 813 3335 non
836 3298 999 3337 unum
1043 3298 1108 3339 ex
1148 3287 1432 3353 omnibus,
1470 3290 1565 3343 sed
1597 3305 1695 3359 per
1719 3304 1876 3359 quem
1905 3299 2030 3345 sunt
2054 3292 2261 3347 omnia:

706 3387 813 3428 non
840 3389 907 3429 ex
944 3376 1025 3430 his
1053 3378 1143 3445 qui
1177 3380 1436 3435 assistunt
1464 3390 1517 3435 et
1546 3382 1886 3447 ministrant,
1922 3383 2016 3439 sed
2057 3385 2146 3453 qui
2177 3399 2267 3440 se-

704 3463 793 3519 det
820 3466 885 3519 ad
912 3466 1186 3522 dexteram
1206 3469 1383 3525 Patris
1406 3488 1423 3524 :
1460 3487 1565 3526 non
1603 3487 1668 3527 ex
1693 3473 1777 3527 his
1798 3474 1889 3543 qui
1932 3473 2264 3544 iudicantur,

704 3555 800 3609 sed
844 3556 935 3624 qui
991 3558 1228 3637 suscepit
1271 3574 1431 3615 omne
1484 3563 1743 3631 judicium
1794 3566 2095 3636 iudicandi.
2146 3564 2263 3621 Non

702 3648 914 3713 quando
942 3649 1079 3717 apud
1123 3664 1241 3716 nos,
1271 3660 1395 3706 tunc
1418 3662 1471 3708 et
1503 3655 1641 3724 apud
1671 3654 1910 3711 Patrem.
1945 3656 2095 3713 Tunc
2120 3657 2263 3711 enim

703 3737 809 3792 hoc
850 3738 1050 3793 dictum
1100 3739 1469 3797 intercidatur.
1520 3746 1600 3799 Ad
1632 3760 1731 3801 nos
1774 3748 1917 3801 enim
1946 3748 2263 3818 dispensans

701 3829 888 3884 venit:
923 3838 1051 3884 tunc
1086 3834 1299 3898 quando
1332 3844 1393 3888 ut
1438 3838 1575 3902 ovis,
1610 3839 1825 3907 quando
1857 3848 1912 3894 ut
1939 3840 2122 3909 Agnus
2148 3840 2268 3899 Dei.‘

703 3917 763 3974 In
801 3921 1072 3990 principio
1116 3932 1291 3977 autem
1329 3935 1443 3979 erat
1469 3927 1606 3982 Deus
1637 3930 1771 3997 apud
1800 3930 1962 3985 Deum
1993 3948 2009 3986 :
2042 3947 2163 3985 nam
2208 3940 2264 3986 et

702 4025 827 4066 cum
879 4014 1018 4082 apud
1075 4030 1194 4079 nos,
1255 4016 1392 4071 Deus
1440 4019 1714 4073 nobiscum
1749 4019 2108 4077 Emmanuel:
2158 4039 2262 4078 non

704 4102 843 4158 alius
876 4105 1015 4173 apud
1054 4103 1294 4171 Patrem,
1328 4108 1463 4165 alius
1495 4118 1673 4165 autem
1703 4111 1983 4166 nobiscum
2026 4121 2081 4167 et
2131 4112 2266 4169 alius

676 4202 859 4269 erat:
890 4209 1113 4250 manens
1153 4197 1412 4266 siquidem
1456 4200 1509 4253 i'n
1562 4200 1731 4271 ligura
1775 4200 1869 4257 Dei
1914 4204 2262 4271 constitutus,

702 4282 863 4340 istam
891 4296 1129 4341 nostram
1173 4288 1395 4358 ﬁguram
1433 4292 1574 4345 servi
1628 4293 1834 4361 accepit
1868 4306 1884 4345 :
1936 4306 2041 4347 non
2083 4294 2151 4348 ab
2176 4292 2265 4348 illa

700 4374 958 4429 recedens
990 4376 1147 4429 istam
1179 4378 1464 4433 honoravit
1494 4393 1509 4432 :
1553 4394 1658 4434 non
1692 4382 1760 4435 ab
1792 4378 1879 4433 illa
1918 4380 2134 4447 exiens,
2166 4396 2265 4438 nos

2364 1918 2418 1972 in
2458 1919 2673 1971 mundo.
2705 1916 2771 1971 In
2798 1920 2994 1971 mundo
3016 1956 3033 1983 ,
3079 1918 3289 1989 inquit,
3322 1929 3436 1973 erat
3467 1937 3488 1973 :
3519 1918 3795 1989 siquidem
3839 1923 3926 1975 ni-

2362 2009 2436 2063 hil
2462 2024 2689 2064 vacuum
2725 2010 2794 2065 ab
2824 2010 2941 2080 ipso
2964 2010 3128 2064 etiam
3168 2021 3294 2065 ante
3314 2012 3607 2066 adventum
3647 2012 3765 2079 eius
3787 2024 3928 2067 erat.

2362 2100 2496 2168 Quia
2530 2114 2636 2155 non
2659 2101 2802 2155 enim
2846 2114 2972 2154 cum
3020 2100 3301 2168 apparuit,
3342 2110 3472 2155 tunc
3510 2111 3565 2156 et
3593 2102 3744 2154 venit
3785 2120 3800 2154 :
3832 2103 3929 2156 sed

2362 2199 2478 2244 erat
2507 2190 2715 2252 latens,
2743 2188 2989 2261 apparuit
3024 2190 3116 2259 qui
3151 2199 3267 2245 erat
3290 2191 3485 2245 latens.
3526 2189 3641 2245 Non
3669 2202 3799 2245 sunt
3826 2192 3928 2246 ista

2362 2293 2517 2343 mea,
2554 2280 3032 2349 sedevangelistte.
3087 2280 3179 2333 Ait
3220 2280 3405 2346 enim,
3434 2277 3497 2333 In
3545 2281 3747 2333 mundo
3794 2289 3926 2333 erat.

2365 2371 2470 2427 Sed
2494 2386 2681 2439 parum
2705 2371 2880 2426 visum
2902 2380 2983 2428 est
3008 2370 3059 2425 ei
3079 2371 3168 2441 qui
3201 2372 3372 2436 dixit,
3416 2371 3474 2426 In
3520 2372 3723 2426 mundo
3753 2381 3877 2426 erat
3908 2388 3927 2425 :

2362 2480 2417 2525 et
2468 2470 2589 2524 ideo
2646 2468 2843 2537 repetit
2878 2480 3187 2521 sermonem
3239 2466 3533 2536 religiose,
3585 2477 3642 2520 et
3679 2466 3849 2531 dicit,
3878 2477 3927 2521 et

2362 2560 2589 2615 mundus
2615 2575 2708 2628 per
2730 2560 2901 2628 ipsum
2932 2558 3105 2627 factus
3131 2570 3227 2613 est.
3282 2556 3348 2613 Ut
3399 2565 3577 2612 autem
3627 2571 3734 2610 non
3785 2564 3931 2612 esset

2363 2662 2731 2722 contemptus,
2764 2654 2857 2724 qui
2888 2654 3000 2719 ait,
3047 2651 3118 2708 In
3158 2652 3353 2707 mundo
3378 2663 3521 2719 erat,
3574 2652 3713 2707 dixit
3759 2652 3924 2708 etiam

2364 2742 2489 2813 quia
2520 2753 2642 2799 ante
2664 2744 2919 2798 mundum
2946 2752 3065 2799 erat
3098 2761 3112 2798 :
3143 2753 3199 2799 et
3220 2744 3326 2805 ait,
3361 2743 3429 2798 Et
3454 2745 3680 2797 mundus
3716 2760 3812 2812 per
3847 2745 3927 2811 ip-

2362 2852 2477 2890 sum
2497 2836 2671 2905 factus
2694 2846 2793 2893 est.
2847 2833 2961 2889 Hoc
2999 2834 3267 2906 signiﬁcat
3301 2835 3443 2904 quod
3488 2843 3615 2890 ante
3668 2834 3926 2889 mundum

2361 2936 2498 2979 erat.
2528 2925 2597 2979 In
2626 2928 2819 2980 mundo
2844 2965 2861 2991 ,
2891 2926 3103 2995 inquit.
3138 2935 3270 2982 erat.
3308 2925 3587 2991 Quomodo
3626 2924 3681 2977 in
3726 2923 3926 2978 mundo

2362 3017 2518 3071 erat?
2539 3014 2694 3081 Erat,
2724 3016 2821 3082 ait,
2858 3014 3035 3070 lumen
3061 3031 3257 3080 verum,
3285 3014 3377 3084 qui
3419 3012 3687 3066 illuminat
3724 3028 3925 3066 omnem

2365 3110 2623 3164 hominem
2650 3109 2935 3163 uenientem
2960 3108 3016 3160 in
3037 3106 3174 3162 hunc
3192 3108 3465 3161 mundum.
3502 3102 3574 3159 Ut
3614 3114 3797 3159 autem
3822 3120 3925 3158 non

2366 3198 2903 3263 diceret,venientem
2933 3197 3071 3269 (76),
3094 3198 3170 3252 ita
3196 3196 3349 3267 quasi
3384 3210 3487 3250 non
3518 3197 3739 3250 essetin
3773 3210 3927 3249 mun-

2366 3288 2464 3352 do,
2488 3296 2541 3341 et
2575 3297 2791 3356 putares
2817 3287 2939 3353 quia
2966 3288 3118 3341 venit
3153 3287 3367 3355 quidem
3395 3285 3484 3355 qui
3537 3300 3643 3339 non
3691 3285 3876 3340 aderat
3906 3302 3922 3339 :

2365 3378 2487 3433 ideo
2517 3388 2695 3432 tutans
2719 3376 2832 3448 (³75)
2856 3379 3015 3431 istam
3046 3378 3402 3446 suspicionem
3420 3376 3567 3429 addit
3587 3416 3601 3436 ,
3628 3374 3698 3428 In
3734 3377 3923 3430 mundo

2363 3477 2497 3523 erat.
2522 3468 2587 3521 Et
2609 3483 2676 3522 ne
2700 3468 2895 3523 iterum
2935 3477 3153 3537 putares
3186 3466 3306 3537 quia
3344 3463 3467 3521 cum
3508 3467 3709 3521 mundo
3749 3465 3923 3521 lactus

2363 3567 2481 3613 erat
2504 3598 2519 3624 ,
2550 3558 2745 3628 repetit
2773 3567 2825 3612 et
2853 3557 3015 3623 dicit,
3046 3555 3114 3611 Et
3143 3560 3369 3611 mundus
3407 3573 3500 3626 per
3535 3558 3711 3625 ipsum
3752 3557 3922 3626 {actus

2362 3657 2460 3704 est.
2502 3648 2557 3703 Si
2585 3650 2750 3719 igitur
2779 3664 2875 3717 per
2920 3648 3096 3719 ipsum
3129 3648 3303 3704 factus
3358 3656 3441 3704 est
3480 3648 3752 3713 mundus,
3808 3658 3921 3704 erat

2363 3741 2549 3811 utique
2568 3741 2741 3797 Filius
2766 3752 3055 3810 antequam
3086 3739 3239 3796 ﬁeret
3265 3739 3494 3795 mundus
3528 3755 3544 3791 :
3570 3740 3697 3809 quia
3716 3740 3787 3794 ab
3812 3741 3921 3809 ipso

2364 3832 2535 3885 laetus
2554 3840 2637 3887 est
2658 3830 2905 3885 mundus.
2934 3830 3171 3900 Denique
3188 3829 3347 3884 etiam
3376 3829 3445 3883 ah
3466 3829 3581 3899 ipso
3600 3828 3739 3884 Filio
3766 3830 3917 3885 audi:

2368 3921 2447 3975 Da
2480 3922 2609 3991 mihi
2628 3961 2643 3984 ,
2676 3921 2885 3989 inquit,
2920 3918 3112 3983 Pater,
3137 3918 3357 3989 gloriam
3377 3958 3393 3984 ,
3417 3934 3573 3988 quam
3591 3917 3753 3971 habui
3784 3916 3917 3988 apud

2366 4025 2414 4067 te
2438 4023 2716 4083 antequam
2763 4015 2986 4066 mundus
3020 4011 3167 4080 ﬁeret
3197 4010 3263 4065 ⁸⁹.
3295 4009 3575 4077 Quomodo
3618 4025 3788 4082 ergo,
3845 4011 3921 4065 in.

2366 4105 2519 4174 quit,
2546 4111 2665 4157 erat
2692 4102 2744 4156 in
2775 4099 3019 4156 mundo?
3043 4098 3100 4155 In
3137 4101 3337 4155 mundo
3366 4108 3522 4166 erat,
3570 4111 3623 4155 et
3654 4105 3725 4155 ad
3764 4116 3916 4156 mun-

2367 4197 2493 4251 dum
2532 4195 2700 4249 venit.
2731 4192 3190 4261 Quemadmodum
3218 4201 3396 4247 autem
3422 4193 3584 4246 etiam
3617 4192 3749 4246 illud
3782 4192 3918 4247 acci-

2363 4285 2451 4356 pis
2486 4284 2690 4342 dictum
2723 4303 2737 4340 :
2775 4284 3026 4339 Dominus
3051 4285 3283 4353 regnauit
3312 4282 3357 4315 ⁶⁶
3376 4282 3400 4335 7
3418 4281 3533 4336 Rex
3559 4282 3706 4337 enim
3734 4292 3817 4337 est
3840 4282 3918 4337 in-

2365 4377 2625 4434 deﬁciens
2653 4392 2669 4430 :
2700 4392 2805 4431 non
2834 4391 2976 4431 nunc
2999 4375 3213 4446 quidem
3254 4390 3347 4429 rex
3370 4411 3387 4438 ,
3427 4372 3717 4443 aliquando
3743 4382 3913 4427 autem

700 4463 928 4519 salvavit
963 4484 977 4520 :
1011 4482 1115 4521 non
1154 4469 1368 4538 reliquit
1400 4480 1670 4538 pastorem
1692 4512 1708 4539 ,
1756 4480 1810 4526 et
1839 4474 2046 4541 accepit
2083 4488 2257 4527 ovem.
2292 4494 2338 4550 ι)
2367 4482 2472 4523 non
2494 4507 2510 4533 ,
2544 4482 2641 4522 nec
2672 4473 2855 4536 postea
2896 4482 3022 4525 non.
3049 4463 3510 4530 Ουθιηεάηιοάυω
3556 4478 3691 4529 ετκο
3722 4464 3914 4519 dicm“

698 4552 1159 4621 Quemadmodum
1190 4559 1330 4612 enim
1359 4558 1450 4629 qui
1480 4574 1586 4614 non
1618 4569 1797 4614 manet
1824 4561 1964 4630 quod
1999 4571 2140 4626 erat,
2173 4575 2260 4630 po-
2363 4565 2448 4611 est
2468 4596 2485 4622 ,
2507 4555 2759 4610 Dominus
2782 4556 3013 4626 regnavit
3033 4594 3048 4618 ,
3079 4561 3240 4623 prout
3263 4552 3464 4607 diceret
3488 4590 3505 4616 ,
3544 4550 3806 4607 Homines
3832 4565 3913 4606 ro-

700 4652 842 4699 terat
867 4647 1111 4715 accipere
1136 4651 1276 4717 quod
1309 4650 1544 4721 accepit?
1578 4650 1691 4707 Non
1721 4660 1839 4706 erat
1865 4651 2115 4721 possibile
2150 4652 2262 4707 sal-

696 4749 827 4791 vare
853 4736 1095 4795 homines
1114 4740 1380 4810 homines,
1412 4742 1535 4812 quia
1569 4744 1810 4799 homines
1838 4744 2176 4813 subjacemus
2202 4752 2258 4799 et

697 4828 929 4897 propriis
972 4831 1207 4899 peccatis
1252 4841 1307 4887 et
1355 4831 1505 4890 clade
1530 4834 1681 4906 (73):
1719 4834 1935 4891 tenebat
1968 4848 2101 4890 sane
2141 4849 2259 4889 ma-

652 4902 663 4915 ’
698 4915 951 4971 ledictum
984 4933 1129 4976 mors
1159 4930 1214 4975 et
1234 4902 1560 4991 corruptela,
1596 4902 1651 4978 et
1676 4931 1734 4977 ut
1770 4932 2031 4994 tyrannus
2061 4936 2255 4993 regna-

696 5006 789 5063 bat
812 5009 1056 5067 diabolus
1086 5021 1138 5067 et
1162 5013 1567 5071 bacchabantur
1596 5016 1884 5072 daemones.
1912 5014 2257 5072 Consuetudo

699 5108 874 5155 autem
908 5103 1077 5172 magis
1106 5114 1288 5159 nostra
1327 5106 1538 5162 vincula
1572 5108 1990 5178 constringebat.
2018 5106 2256 5162 Baccha-

699 5191 859 5247 batur
878 5195 1018 5247 enim
1046 5197 1098 5249 in
1126 5197 1282 5254 nobis
1300 5207 1355 5254 et
1373 5198 1539 5257 libido
1560 5211 1615 5257 et
1640 5202 1852 5258 tenebat
1874 5203 2260 5273 concupiscen-

2362 4648 2510 4719 gnati
2548 4654 2709 4712 sunt,
2748 4655 2841 4705 aut
2870 4651 3251 4715 regnaverunt.
3280 4641 3395 4698 Non
3420 4642 3562 4698 enim
3603 4642 3694 4697 ille
3713 4641 3914 4713 accepit

2359 4737 2499 4809 quod
2522 4753 2627 4794 non
2652 4737 2929 4792 habebat:
2956 4735 3049 4791 sed
3079 4748 3181 4790 nos
3210 4733 3356 4804 digni
3381 4733 3575 4788 iterum
3605 4731 3909 4801 iudicamur

2358 4844 2423 4887 eo
2449 4845 2480 4885 a
2518 4844 2623 4900 quo
2648 4829 2969 4885 excidimus.
3011 4823 3119 4882 Nos
3142 4825 3323 4895 itaque
3367 4839 3694 4897 regnamur,
3726 4834 3781 4880 et
3816 4825 3910 4881 ista

2355 4932 2568 4991 regnat.
2622 4919 2737 4976 Non
2789 4934 2934 4975 nunc
2982 4932 3267 4973 assumens
3321 4916 3654 4987 imperium:
3686 4917 3779 4972 sed
3816 4928 3908 4971 nos

2357 5013 2651 5070 liberamur
2678 5027 2708 5067 a
2744 5009 3048 5083 tyrannide.
3081 5007 3149 5062 In
3171 5011 3403 5076 mundo,
3438 5010 3615 5078 inquit
3637 5049 3654 5073 ,
3695 5019 3828 5066 erat.
3850 5007 3903 5063 Si

2357 5104 2412 5159 in
2448 5104 2646 5160 mundo
2664 5112 2781 5157 erat
2802 5142 2818 5166 ,
2850 5099 3124 5173 quomodo
3162 5100 3306 5155 venit
3331 5099 3383 5153 in
3409 5100 3649 5155 mundo!
3677 5100 3906 5169 Apparet

2360 5198 2415 5253 in
2446 5200 2664 5254 mundo.
2696 5194 2838 5264 Quid
2885 5208 3014 5265 ergo
3055 5208 3179 5249 non-
3208 5193 3361 5249 vadit
3404 5207 3470 5249 ex
3510 5194 3753 5250 mundo?
3777 5194 3903 5250 Dicit

804 5372 1032 5430 "Joan.
1065 5391 1105 5441 ι,
1134 5378 1187 5434 8.
1259 5378 1308 5412 ⁸⁸
1336 5378 1465 5435 ibid.
1540 5382 1587 5415 ”
1624 5380 1779 5437 Joan.
1833 5396 1978 5448 xvu,
2030 5383 2082 5439 Ι.
2159 5382 2203 5414 ⁸⁸
2235 5379 2381 5437 Psal.
2428 5394 2572 5447 xcu,
2630 5392 2789 5447 xcvr,
2836 5391 3022 5432 xcvut.

772 5524 884 5595 (73)
916 5526 1093 5595 galle.
1120 5529 1280 5585 Forte
1311 5531 1467 5591 cladi.

778 5594 894 5663 (74)
914 5594 1207 5654 Venientem
1235 5603 1290 5654 in
1318 5603 1476 5659 nunc.
1509 5602 1833 5659 Vertendnm
1862 5606 1958 5659 fuit
1989 5622 2054 5661 ex
2083 5606 2247 5661 Euse-

2355 5535 2660 5614 tendittunm
2691 5532 2966 5614 enarratio
2986 5545 3104 5614 quis!
3120 5531 3383 5614 sequitur,
3412 5539 3523 5586 tum
3551 5531 3689 5587 alius
3722 5541 3892 5614 postea

2352 5603 2503 5658 locus
2539 5606 2675 5657 inira
2705 5605 2793 5657 ubi
2827 5604 3019 5671 legitur
3042 5600 3170 5655 Erat
3197 5600 3372 5657 lumen
3400 5617 3577 5656 verunt
3621 5600 3822 5657 ueniens
3846 5605 3891 5652 iu

709 5662 1019 5747 liiiqnidem
1055 5681 1231 5747 tuente
1272 5673 1477 5747 veniens
1506 5690 1539 5747 ί
1586 5690 1707 5728 nam
1748 5677 2039 5747 ἐρχόμενον
2063 5678 2245 5731 retulit
2352 5674 2787 5747 hanfumgudunh
2814 5662 2920 5747 ξιξ.

711 5734 778 5787 ad
810 5749 993 5791 vocem
1032 5737 1165 5806 φῶς,
1201 5755 1305 5797 non
1336 5742 1399 5796 ad
1433 5741 1715 5814 ἄνθρωπον
1746 5734 1948 5816 ε’ᾱίιιδό
1985 5748 2117 5803 satis
2155 5762 2245 5803 οδε

2425 5744 2537 5813 (75)
2570 5742 2791 5799 Tutaut.
2836 5738 3308 5813 ’Δαείραλιζόμενος⁸
3329 5744 3675 5812 propulsans,
3699 5753 3895 5796 arceu.
