4072 6404
157 393 328 452 1083

1064 393 1152 452 DE
1187 393 1348 453 FIDE
1384 394 1759 454 ADVERSUS
1797 392 2212 455 SABELLIUI.
2253 425 2324 439 —
2360 392 2489 451 ω.
2529 393 2582 451 ι.

3332 392 3474 452 1084

153 517 334 574 enim
365 536 382 574 :
422 519 620 575 Adhuc
644 519 845 574 modice
871 517 1049 574 tum
1073 519 1336 575 uobiscum
1365 530 1465 577 est.
1515 519 1664 575 Vade
1700 520 1772 575 ad
1799 525 1849 586 Α
1877 522 1952 576 ris
1989 518 2254 590 Spiritum
2275 518 2568 574 uenientem
2594 555 2612 582 ,
2636 515 2721 570 hic
2742 523 2818 572 eat
2850 515 2936 571 αι
2957 513 3016 572 Si
3052 513 3220 588 igitur
3239 529 3476 587 evange-

150 624 290 667 ettllt
319 611 426 682 qui
461 627 547 667 me
571 612 712 666 misit
732 627 752 665 :
779 611 1028 681 quereris
1059 629 1161 676 me,
1188 622 1238 666 et
1276 628 1382 666 non
1407 613 1678 666 invenietis
1702 612 1773 666 “.

151 699 334 758 Nunc
361 705 568 770 vadit,
598 715 656 760 et
680 703 938 774 relinquit
975 703 1258 758 mundum.
1288 702 1395 757 Sed
1435 704 1630 758 iterum
1661 703 1777 778 ipse

153 793 311 850 dicit
346 813 364 851 :
408 793 556 851 Ecce
579 811 674 866 ego
709 796 974 850 uobiscum
1005 810 1122 850 sum
1155 811 1318 864 usque
1341 795 1412 848 nd
1437 810 1775 850 consumma-

154 889 378 943 tionem
406 888 602 943 δασαιί
631 888 698 941 ⁸⁸.
720 888 925 944 Aderat
951 903 1082 959 ergo
1104 930 1121 956 ,
1149 897 1205 944 et
1227 895 1518 956 antequam
1552 886 1780 941 adveni-

154 991 298 1050 ret,
337 985 511 1040 adest
536 985 698 1040 etiam
740 992 1028 1054 postquam
1074 985 1341 1052 perrexit.
1386 984 1605 1038 Intuere
1644 995 1778 1051 ergo

157 1076 661 1144 quemadmodum
701 1077 754 1132 in
781 1079 986 1132 mundo
1007 1086 1126 1131 erat
1150 1075 1520 1132 invisibiliter.
1558 1074 1691 1130 Nam
1723 1076 1775 1129 id

157 1165 518 1223 videntibus
553 1166 839 1237 apostolis,
864 1175 919 1222 et
940 1167 1219 1222 nobiscum
1249 1177 1333 1222 est
1359 1181 1530 1236 usque
1561 1166 1626 1220 ad
1647 1180 1779 1221 con-

156 1261 620 1316 summationem
647 1259 831 1315 saeculi
863 1276 879 1315 :
905 1258 1433 1328 incorporalisenim
1465 1267 1660 1313 natura
1693 1257 1777 1312 lo-

160 1351 254 1409 cis
283 1367 410 1409 non
439 1352 934 1409 circumscribitur.
963 1351 1070 1408 Sed
1094 1361 1449 1422 posteaquam
1480 1350 1775 1420 assumpsit

160 1458 428 1514 corpus,
479 1461 589 1502 non
639 1453 699 1500 ut
741 1443 1115 1500 recluderetnr
1167 1443 1464 1514 assumpsit
1508 1461 1524 1498 :
1562 1442 1777 1498 salvare

160 1535 328 1591 enim
367 1537 560 1600 venit,
586 1543 645 1591 et
667 1550 774 1590 non
806 1534 985 1588 minus
1027 1534 1270 1588 exaltare
1293 1572 1310 1596 ,
1348 1541 1404 1587 et
1454 1547 1562 1586 non
1595 1531 1778 1586 humi-

159 1624 319 1681 liare
341 1625 492 1695 (non
519 1625 647 1695 quia
677 1639 784 1680 non
814 1637 874 1678 se
929 1623 1235 1676 humiliavit
1266 1637 1284 1677 :
1317 1620 1596 1676 humiliari
1629 1619 1778 1676 enim

160 1715 328 1782 dico,
360 1714 621 1772 decidere
655 1728 778 1769 eum
810 1729 840 1767 a
865 1728 959 1768 sua
988 1712 1298 1780 dignitate),
1327 1713 1421 1766 sed
1444 1710 1626 1778 potius
1653 1709 1774 1765 abs-

165 1807 438 1862 condere
488 1820 645 1860 suam
679 1805 1019 1876 dignitatem.
1058 1801 1113 1856 Si
1140 1803 1286 1858 enim
1326 1802 1442 1872 ipse
1481 1800 1683 1856 decidit
1709 1801 1778 1854 ab

1881 615 2005 670 lista
2030 614 2192 680 dicit,
2227 609 2361 666 Erat
2381 627 2403 677 ;
2427 610 2671 681 Baptista
2711 617 2894 666 autem
2916 609 3092 674 dicit,
3119 607 3228 663 Hic
3260 619 3338 665 est
3367 624 3387 664 :
3418 620 3478 668 et

1884 708 2121 779 Spiritus
2171 714 2406 762 testatur
2437 704 2565 776 quia
2603 703 2720 772 ipse
2773 711 2900 768 est;
2927 711 2984 758 et
3033 701 3199 758 Pater
3245 702 3477 760 demand

1883 812 2068 857 strans
2101 797 2264 862 dicit,
2303 796 2410 852 Hic
2436 807 2512 851 est
2535 812 2557 862 ;
2577 805 2634 852 et
2661 795 2834 852 Filius
2872 793 3036 860 dicit,
3077 794 3192 867 Ego
3226 812 3383 863 sunt;
3410 806 3469 852 et

1882 890 2159 948 damnes
2186 889 2379 944 dicunt
2404 927 2422 955 ,
2448 886 2528 942 Tu
2553 904 2608 943 es
2638 901 2658 941 :
2690 903 2812 959 qua:
2843 889 3156 958 procacitas
3187 888 3288 944 ista
3309 898 3395 946 est
3418 897 3480 946 ut

1884 998 1990 1038 non
2025 983 2256 1038 credat?
2277 983 2387 1038 Aut
2413 981 2560 1036 enim
2585 981 2732 1036 Patri
2764 981 2962 1047 crede,
2997 989 3091 1035 aut
3114 980 3254 1037 Filio
3275 985 3436 1040 ohedi
3457 1021 3477 1052 ,

1883 1084 1978 1128 aut
2003 1073 2269 1144 Spiritum
2296 1074 2576 1140 conscnti,
2604 1082 2699 1128 aut
2729 1087 2855 1128 cum
2879 1073 3162 1144 prophetis
3177 1077 3477 1143 concorda,

1884 1174 1978 1222 aut
2007 1181 2130 1222 cum
2150 1165 2459 1237 legislature
2485 1164 2781 1232 conﬁtere,
2812 1175 2910 1221 aut
2935 1175 3085 1222 certe
3115 1182 3242 1222 cum
3273 1168 3481 1226 demo-

1887 1259 2049 1314 nibus
2073 1258 2182 1314 noli
2218 1271 2440 1328 negare.
2473 1255 2557 1313 Illi
2599 1257 2746 1313 enim
2771 1256 2960 1313 dicunt
2991 1275 3006 1312 :
3037 1255 3251 1312 Scimus
3290 1269 3340 1314 te
3386 1259 3482 1330 qui

1882 1353 1957 1407 sis
1990 1351 2066 1417 ⁸⁸,
2099 1359 2158 1407 et
2203 1366 2311 1406 non
2363 1357 2582 1406 cessant
2635 1349 2983 1406 conﬁtentes.
3023 1347 3478 1422 Quotiescunque

1885 1442 2028 1500 enim
2060 1442 2436 1499 nominaveris
2465 1442 2806 1499 daemonibus
2857 1441 3055 1499 Filium
3105 1433 3202 1500 Dei
3258 1442 3477 1502 aﬂxum

1883 1535 2080 1601 cruci,
2143 1542 2442 1590 trementes
2495 1535 2680 1590 statim
2727 1547 2862 1590 voce
2896 1535 3073 1604 prima
3120 1533 3478 1592 conﬁtentur.

1883 1625 1981 1681 Est
2009 1625 2157 1681 enim
2187 1625 2358 1682 Filius
2385 1667 2400 1692 ,
2427 1634 2482 1682 et
2515 1634 2735 1692 manet,
2762 1633 2818 1680 et
2841 1641 3070 1697 regnum
3095 1627 3213 1695 ejus
3247 1642 3354 1683 non
3379 1627 3482 1684 ha-

1883 1719 1976 1773 bet
2001 1716 2186 1773 ﬁnem.
2218 1715 2327 1774 Sed
2361 1716 2528 1772 ﬁnem
2553 1715 2754 1772 habeat
2773 1730 2837 1772 os
2864 1716 3011 1772 illius
3032 1717 3128 1787 'qui
3154 1709 3327 1786 dixit,
3349 1717 3480 1787 quia

1884 1810 2039 1882 regni
2064 1809 2186 1882 ejus
2213 1819 2299 1867 est
2334 1809 2477 1866 ﬁnis.
2504 1807 2668 1866 Pater
2687 1808 2834 1865 enim
2872 1809 2965 1879 qui
2997 1810 3183 1880 genuit
3216 1825 3325 1865 non
3354 1821 3478 1880 pm-

162 1909 242 1953 eo
281 1897 443 1966 quod
475 1905 596 1951 erat
630 1895 810 1959 Deus,
868 1910 969 1949 nos
1010 1909 1117 1948 non
1163 1893 1351 1963 utique
1389 1893 1668 1946 revocavit
1704 1891 1770 1946 ad

1879 1904 2083 1959 nitetur
2106 1902 2176 1958 de
2205 1902 2344 1958 bona
2375 1900 2653 1973 progenie,
2681 1915 2788 1956 non
2823 1899 3047 1956 devorat
3070 1916 3229 1956 suum
3255 1900 3479 1959 Filium.

163 2000 302 2043 eam
332 2002 409 2042 ex
439 2002 543 2058 qua
567 1987 884 2043 cecidimus.
913 1985 1140 2041 Salvare
1183 1984 1348 2054 igitur
1397 1984 1546 2037 venit
1591 1982 1776 2038 Domi-

163 2092 288 2134 nus
314 2117 335 2145 ,
369 2093 482 2133 non
514 2088 694 2134 tamen
730 2077 980 2132 amittere
1010 2078 1154 2144 quod
1176 2074 1431 2129 habebat.
1458 2072 1613 2129 Fecit
1637 2073 1775 2129 bene

165 2170 304 2243 ipse
344 2170 678 2226 manens'in
709 2183 816 2240 quo
835 2177 948 2223 erat
989 2167 1130 2240 (76),
1164 2181 1270 2221 non
1302 2176 1494 2220 natura
1517 2165 1776 2221 excideus

167 2277 280 2320 sua
300 2302 322 2330 ,
349 2261 454 2318 sed
478 2259 857 2317 misericordia
885 2261 1058 2314 utitur
1088 2257 1290 2312 Patris.
1328 2255 1468 2324 Quid
1493 2270 1625 2326 ergo
1648 2270 1776 2326 pro-

168 2353 434 2426 positum
471 2362 594 2409 erat
614 2354 773 2409 nobis
804 2353 989 2409 dicere
1010 2391 1026 2416 ,
1050 2351 1193 2421 quod
1221 2350 1395 2406 solum
1432 2352 1482 2405 ei
1520 2349 1779 2404 convenit

168 2445 344 2501 dici?
372 2443 553 2502 solum
590 2456 770 2500 autem
821 2443 1078 2499 convenit
1123 2442 1275 2508 dici,
1307 2441 1435 2511 Quia
1483 2447 1570 2495 est
1616 2439 1779 2496 Pater

167 2552 354 2606 vere,
379 2549 468 2595 est
513 2547 571 2595 et
625 2537 793 2594 Filius
818 2552 980 2601 vere.
1013 2545 1098 2592 est
1131 2547 1188 2592 et
1233 2534 1474 2605 Spiritus
1532 2543 1775 2589 sanctus.

170 2627 308 2687 Non
335 2629 499 2686 otiosi
531 2643 812 2686 sermones
835 2669 850 2693 ,
879 2642 988 2684 non
1011 2643 1183 2683 vacua
1206 2626 1376 2683 verba
1401 2666 1420 2692 ,
1445 2626 1540 2681 sed
1587 2635 1778 2680 natura

174 2737 346 2780 vera.
371 2721 537 2779 Pater
558 2737 662 2777 non
695 2731 859 2778 natus
884 2761 900 2788 ,
927 2730 983 2776 et
1007 2721 1158 2776 solus
1189 2735 1294 2774 non
1348 2729 1508 2775 natus
1542 2735 1556 2773 :
1585 2727 1640 2773 et
1688 2716 1781 2772 Fi-

1872 1994 2186 2052 lnvidemus
2209 1992 2426 2049 tabulas
2445 1994 2709 2064 gentium,
2728 2000 2784 2048 et
2797 1992 2996 2047 iterum
3013 1993 3235 2048 easdem
3259 1992 3482 2049 induci-

1875 2100 1998 2142 mus
2030 2102 2047 2141 :
2083 2098 2192 2140 nou
2223 2085 2461 2152 nos,sed
2482 2083 2576 2155 qui
2605 2097 2773 2138 ausus
2793 2090 2878 2138 est
2905 2081 3125 2139 Galata.
3162 2083 3305 2139 Deus
3331 2083 3479 2138 enim

1874 2191 1985 2231 non
2004 2189 2194 2232 vocem
2219 2174 2408 2247 genuit
2433 2173 2529 2229 sed
2548 2171 2770 2237 Filium,
2794 2187 2900 2228 non
2925 2187 3233 2229 sermonem
3268 2172 3364 2228 sed
3398 2173 3482 2228 vi-

1875 2275 2012 2333 tam,
2029 2280 2137 2322 non
2152 2264 2467 2322 dictumsed
2499 2262 2691 2320 Deum.
2717 2263 2873 2333 Apud
2906 2263 3076 2319 Deum
3103 2265 3400 2328 enim,non
3421 2263 3480 2320 in

1876 2373 1975 2414 ore
2031 2356 2128 2412 Dei
2156 2375 2171 2413 :
2230 2358 2300 2414 ad
2325 2356 2604 2414 dexteram
2635 2355 2759 2422 Dei,
2791 2371 2898 2413 non
2929 2365 3109 2413 tamen
3138 2359 3231 2429 qui
3261 2359 3315 2413 in
3343 2372 3481 2416 voce

1877 2459 1985 2506 est.
2021 2435 2271 2504 Judicem
2305 2460 2429 2505 eum
2452 2448 2547 2518 qui
2569 2447 2844 2513 viviﬁcat,
2882 2462 3075 2505 verum
3126 2450 3349 2517 iumen,
3377 2450 3478 2520 ju-

1877 2543 2041 2598 stitia:
2067 2539 2272 2598 solem.
2301 2539 2510 2595 Lumen
2543 2547 2727 2594 autem
2757 2554 2868 2598 non
2903 2535 3034 2608 tale,
3061 2541 3224 2612 quale
3250 2551 3308 2601 et
3334 2542 3477 2613 apud

1878 2647 1981 2690 nos
2007 2650 2024 2689 :
2059 2631 2196 2687 nihil
2230 2630 2568 2700 accipiamus
2595 2628 2813 2686 visibile
2843 2630 2913 2685 ad
2957 2632 3353 2688 exhibitionem
3384 2634 3476 2690 in-

1878 2722 2138 2780 visibilis.
2163 2721 2282 2780 Nou
2309 2722 2448 2780 mihi
2470 2722 2634 2780 isthic
2665 2721 2842 2778 fontes
2858 2722 3100 2780 adducas
3124 2724 3178 2782 in
3196 2724 3473 2782 medium:

178 2811 308 2868 lius
342 2811 658 2882 unigenitus
679 2851 696 2876 ,
750 2819 808 2866 et
855 2809 1001 2866 solus
1029 2809 1342 2881 unigenitus
1380 2819 1465 2865 est
1498 2826 1514 2863 :
1543 2806 1782 2878 Spiritus
1881 2832 1988 2872 non
2014 2815 2185 2873 ωιοω
2218 2825 2276 2874 οι
2294 2813 2416 2886 eiu.
2441 2815 2647 2874 iumen,
2684 2815 2816 2883 Qua
2847 2817 2994 2872 enim
3027 2831 3127 2886 per
3147 2875 3150 2878 η
3173 2817 3372 2874 Filium
3395 2820 3480 2874 ιδ-

175 2913 422 2962 anuus
461 2905 554 2975 qui
600 2919 631 2958 a
681 2903 822 2958 Filio
877 2903 1175 2958 secundum
1221 2899 1402 2957 Patris
1444 2901 1780 2957 voluntatem
1881 2919 1966 2965 cla
2002 2919 2160 2977 sunt,
2195 2924 2302 2966 non
2329 2921 2722 2979 comparantur
2745 2911 2906 2968 Filio.
2937 2910 3052 2968 lioc
3079 2911 3228 2968 enim
3279 2913 3470 2970 iumen

176 2998 455 3058 mittitur.
478 2997 576 3054 Vis
619 3005 800 3053 autem
849 2996 1068 3052 edoceri
1093 2995 1221 3065 quia
1265 2995 1383 3050 hac
1413 3008 1544 3049 vero
1592 2994 1782 3047 dicun-
1882 3015 1989 3056 non
2011 3008 2095 3056 est
2114 3000 2278 3066 solis,
2301 3003 2399 3058 sed
2434 2999 2726 3058 efﬁcientia
2776 3003 2911 3058 solis
2941 3020 2956 3058 :
2988 3003 3092 3058 hoc
3147 3002 3335 3060 lumen
3365 3017 3477 3061 non

187 3101 290 3148 tur
311 3092 432 3164 (77)
455 3092 481 3146 τ
517 3089 681 3148 Venit
705 3089 964 3146 Dominus
1000 3089 1068 3145 ad
1086 3088 1410 3160 baptismum
1435 3086 1696 3153 Joannis,
1726 3094 1784 3141 et
1881 3092 2052 3148 habet
2073 3094 2241 3146 vitam
2269 3135 2288 3159 ,
2309 3091 2484 3148 Filius
2514 3101 2695 3148 autem
2724 3093 2833 3148 vita
2859 3102 2948 3150 est
2977 3110 2994 3149 :
3020 3093 3124 3150 hoc
3146 3093 3330 3151 lumen
3365 3107 3476 3151 non

179 3183 407 3240 videbis
430 3183 521 3253 qui
553 3192 638 3238 est
656 3182 747 3252 qui
776 3181 944 3246 dicit,
989 3180 1092 3234 Hic
1123 3190 1201 3234 est
1235 3178 1414 3234 Filius
1463 3195 1614 3233 metu
1639 3177 1780 3232 dile-
1808 3231 1853 3255 Α
1884 3183 2061 3254 aperit
2121 3183 2309 3240 oculos
2341 3198 2611 3240 cacatum
2633 3222 2650 3250 ,
2705 3185 2803 3241 sed
2840 3185 2928 3243 big
2974 3187 3068 3255 qui
3122 3185 3303 3243 creati
3349 3194 3480 3245 eum

180 3231 583 3341 5.13.21};
586 3231 881 3341 una}
893 3231 1031 3326 ’δὶπῖ
1047 3231 1449 3347 '.'..'.',.....’i-.
1483 3231 1620 3338 Quis
1642 3231 1780 3325 dicit
1806 3231 1854 3295 ο
1885 3231 2095 3347 Qui;
2124 3231 2828 3347 ἶῖιῖὲῖζ.’ξέἆίἶῖέυίῖιὲἶιι
2841 3231 2964 3335 iit-ac
2976 3231 3106 3335 ἷέο
3126 3231 3478 3346 ξἐὶῖιῐνᾘ

183 3367 354 3425 hac?
383 3367 573 3437 utique
597 3364 762 3419 Pater
780 3364 848 3420 de
874 3363 986 3419 Deo
1005 3403 1021 3427 ,
1054 3362 1146 3431 qui
1173 3361 1460 3416 videbatur
1501 3369 1560 3414 ut
1589 3360 1776 3415 homo.
1885 3371 1977 3440 qui
2007 3369 2266 3428 indulsit.
2292 3368 2407 3427 Hoc
2438 3369 2618 3426 lumen
2647 3371 2703 3426 in
2738 3371 2978 3434 tenebris
3029 3386 3139 3429 non
3175 3371 3320 3430 lucet
3352 3386 3370 3428 :
3397 3381 3484 3430 te-

187 3458 306 3532 ριιι
332 3458 468 3516 dicit
521 3471 695 3529 ergo,
755 3454 920 3510 Pater
967 3465 1052 3529 est
1090 3473 1104 3509 :
1137 3455 1202 3508 de
1246 3467 1356 3522 Quo
1401 3452 1778 3507 testimonium
1887 3461 2070 3517 nebrte
2095 3459 2242 3517 enim
2289 3475 2415 3516 eum
2469 3475 2574 3516 non
2603 3461 3098 3532 comprehendunt.
3137 3461 3218 3520 De
3251 3462 3346 3519 illo
3373 3477 3443 3520 a

185 3562 346 3619 erat,
375 3549 548 3608 Filius
599 3558 686 3605 est
715 3567 729 3604 :
756 3547 998 3620 Spiritus
1054 3548 1108 3601 in
1155 3547 1337 3616 specie
1383 3545 1669 3601 columba.
1711 3545 1780 3601 Et
1886 3562 1995 3609 tem
2025 3552 2230 3609 lumine
2255 3553 2457 3609 dictum
2489 3560 2615 3609 est:
2649 3551 2852 3610 Lumen
2874 3554 2931 3609 in
2955 3554 3179 3617 tenebris
3200 3555 3371 3626 lucet,
3399 3564 3479 3612 te-

185 3647 289 3720 qui
323 3654 385 3701 ut
410 3645 571 3699 homo
605 3645 931 3714 apparebat,
958 3650 1014 3696 et
1033 3639 1126 3710 qui
1175 3639 1227 3694 in
1283 3639 1504 3694 homine
1547 3637 1767 3693 habita-

186 3739 290 3796 bat
312 3779 329 3804 ,
358 3746 416 3792 et
439 3737 533 3808 qui
555 3736 607 3790 in
638 3748 871 3807 corpore
897 3742 1017 3790 erat
1035 3773 1051 3798 ,
1077 3731 1385 3788 testabatur
1413 3741 1468 3787 et
1508 3732 1728 3788 dicebat
1754 3751 1770 3787 :

189 3830 424 3902 Eapedit
455 3830 594 3886 vobis
622 3837 679 3882 stt
709 3844 803 3899 ego
843 3827 1055 3882 eodem.
1114 3823 1178 3879 Si
1209 3825 1383 3889 cuius,
1431 3823 1648 3894 inquit,
1681 3838 1776 3893 ego

191 3926 441 3984 nutriere
465 3964 482 3990 ,
507 3922 738 3994 Spiritus
754 3935 858 3975 non
886 3921 1051 3974 veniet
1079 3933 1100 3973 :
1123 3933 1242 3972 estut
1281 3933 1374 3989 ego
1401 3917 1547 3981 iero,
1578 3917 1772 3985 rogabo

193 4015 416 4076 Parent
440 4031 614 4070 meust
640 4013 708 4068 “.
741 4010 860 4068 Non
912 4020 1092 4066 tamen
1125 4025 1214 4067 me
1249 4019 1306 4066 et
1347 4009 1514 4065 alium
1545 4012 1778 4064 advoca-

192 4117 313 4167 tum
347 4108 526 4164 mittet
542 4107 704 4164 Pater
729 4105 800 4160 ad
832 4119 952 4162 vos.
988 4103 1092 4172 Qui
1117 4103 1298 4171 vadit,
1320 4111 1377 4159 et
1404 4103 1499 4173 qui
1524 4111 1772 4176 rogatur,

188 4210 251 4259 et
281 4203 374 4273 qui
408 4200 680 4265 mittitur,
733 4213 841 4254 non
895 4197 969 4253 dii
1002 4197 1277 4256 dicuntur.
1312 4195 1465 4252 Unus
1504 4190 1656 4251 enim
1689 4203 1776 4251 est

191 4291 340 4348 Deus
372 4307 404 4346 a
431 4305 541 4362 quo
568 4300 696 4346 sunt
746 4291 926 4345 omnia
949 4328 968 4354 ,
1015 4299 1072 4345 et
1125 4304 1268 4344 unus
1316 4287 1579 4344 Dominus
1615 4286 1774 4342 Jesus

191 4399 294 4456 per
321 4398 484 4455 quem
516 4391 645 4439 sunt
670 4370 876 4438 omnia.
906 4380 1015 4443 Sed
1045 4395 1183 4435 unus
1205 4379 1347 4436 Dens
1365 4395 1471 4436 non
1508 4389 1691 4446 natus,
1720 4388 1776 4437 et

192 4493 338 4534 unus
368 4476 686 4546 unigenitus
711 4474 972 4530 Dominus
994 4483 1156 4530 natus
1184 4488 1216 4528 a
1242 4473 1352 4528 Deo
1386 4481 1490 4528 est.
1520 4470 1578 4528 Si
1625 4474 1771 4528 enim

1883 3642 2058 3697 λειω
2084 3656 2205 3695 estut
2234 3656 2340 3694 nos
2366 3640 2869 3709 comprehenderunt
2893 3639 2962 3694 ⁸⁸.
2995 3638 3113 3696 Hoc
3154 3639 3336 3696 lumen
3365 3656 3476 3697 non

1882 3733 2093 3805 pascit,
2120 3747 2229 3789 non
2261 3732 2526 3788 transfert
2550 3747 2746 3803 aquam
2774 3731 2844 3786 ad
2875 3732 3064 3788 vinum
3099 3732 3245 3789 :hoc
3290 3731 3478 3789 lumen

1881 3842 1991 3883 non
2019 3825 2252 3882 suscitat
2274 3834 2550 3893 mortuos,
2583 3825 2679 3881 sed
2707 3824 2948 3881 otiosum
2996 3833 3082 3881 est
3110 3825 3341 3882 mortuis
3375 3844 3391 3880 :
3421 3833 3480 3882 et

1881 3934 1990 3976 non
2016 3919 2147 3989 quia
2173 3933 2465 3975 commune
2494 3927 2580 3974 est
2611 3931 2809 3974 nomen
2837 3956 2855 3983 ,
2883 3925 3043 3990 putas
3080 3915 3208 3986 quia
3231 3923 3288 3972 et
3323 3931 3478 3973 com-

1881 4012 2064 4068 munis
2105 4020 2299 4068 nstura
2325 4021 2432 4069 est.
2467 4009 2581 4068 Hoc
2608 4009 2791 4066 lumen
2824 4019 2918 4066 aut
2943 4011 2998 4066 in
3025 4010 3204 4082 primo
3227 4009 3318 4065 die
3340 4048 3358 4077 ,
3381 4017 3478 4065 aut

1881 4118 2004 4161 cum
2028 4103 2146 4160 sole
2174 4104 2232 4160 in
2255 4113 2451 4175 quarto
2475 4143 2492 4170 ,
2513 4102 2971 4174 quemadmodum
3001 4101 3126 4173 quis
3152 4102 3429 4173 putaverit
3455 4141 3473 4167 ,

1880 4197 1971 4254 die
1999 4205 2198 4267 quarto
2225 4205 2310 4252 est
2338 4196 2564 4254 iactum.
2599 4188 2772 4251 Filius
2803 4202 2989 4250 autem
3040 4207 3149 4251 non
3185 4193 3241 4250 in
3261 4177 3475 4265 'primo

1881 4288 1969 4346 die
1989 4329 2006 4355 ,
2035 4304 2210 4360 neque
2239 4289 2293 4344 in
2323 4298 2517 4360 quarto
2536 4328 2553 4354 ,
2579 4302 2754 4358 neque
2790 4287 2844 4343 in
2871 4295 3046 4343 totum
3069 4287 3126 4342 in
3155 4285 3268 4354 die,
3297 4301 3476 4357 neque

1881 4383 1936 4438 in
1972 4382 2106 4440 hera
2135 4424 2150 4448 ,
2175 4397 2353 4453 neque
2399 4381 2454 4437 in
2510 4377 2882 4452 ternporibus,
2915 4394 3094 4450 neque
3124 4380 3205 4451 in
3232 4379 3470 4438 seculis.

1881 4471 2009 4529 llaec
2036 4475 2182 4528 enim
2209 4489 2308 4543 per
2330 4472 2529 4533 Filium
2550 4516 2565 4541 ,
2596 4487 2705 4529 non
2732 4482 2913 4530 tamen
2939 4471 3110 4528 Filius
3134 4471 3189 4526 lu
3218 4470 3326 4527 his.
3352 4470 3471 4527 Non

192 4588 306 4629 non
340 4580 529 4627 natum
563 4579 619 4625 et
647 4584 752 4625 non
776 4577 963 4623 uatum
994 4569 1232 4622 dicerem
1255 4606 1269 4628 ,
1305 4574 1399 4621 aut
1429 4565 1770 4635 unigenitum
1804 4599 1851 4654 Β
1879 4567 2024 4621 enim
2058 4581 2088 4620 a
2113 4564 2501 4622 communione
2530 4564 2812 4620 hominum
2846 4561 3182 4620 confundere
3208 4561 3472 4618 debemus

193 4674 254 4721 et
277 4663 653 4737 unigenitum;
681 4670 811 4717 tunc
841 4675 1213 4716 asseverarem
1241 4659 1292 4714 id
1333 4659 1476 4728 quod
1509 4672 1614 4713 non
1639 4657 1774 4712 dicit

192 4757 464 4815 Ecclesia.
499 4755 641 4823 Quid
676 4767 806 4825 ergo
832 4755 963 4809 dicit
995 4752 1159 4808 Pater
1215 4754 1268 4807 in
1321 4749 1550 4806 Joannis
1589 4751 1770 4821 bapti-

193 4848 412 4908 smum?
442 4845 546 4902 Hic
574 4853 651 4902 est
682 4845 856 4902 Filius
878 4862 1024 4901 utens
1086 4845 1347 4909 dilectus,
1370 4844 1450 4914 _itt
1491 4859 1594 4916 quo
1650 4842 1775 4902 bene

192 4925 495 5015 conspicui
523 4941 609 4994 “i
635 4939 849 4995 Sufﬁcit
873 4954 902 4993 a
935 4937 1048 4994 Deo
1098 4946 1155 4993 et
1209 4933 1376 4993 semel
1418 4935 1640 5002 audire,
1680 4935 1774 4990 sed

193 5053 305 5095 non
341 5033 478 5091 dicit
511 5033 702 5089 semel.
732 5030 1011 5101 Siquidem
1037 5038 1093 5085 et
1130 5029 1186 5084 in
1218 5035 1404 5084 monte
1424 5041 1548 5081 cum
1575 5025 1772 5081 fuisset

193 5127 459 5188 Dominus
483 5123 905 5196 transﬁguratus
957 5131 1224 5193 prasente
1275 5119 1462 5193 Moyse
1510 5127 1566 5174 et
1617 5117 1733 5174 Elia
1761 5158 1777 5185 ,

191 5223 389 5280 eadem
421 5218 620 5290 repeﬁt
647 5227 704 5274 et
740 5214 912 5272 dicit:
939 5217 1041 5270 Hic
1078 5225 1152 5270 est
1215 5212 1394 5268 Filius
1443 5227 1591 5267 stetis
1637 5210 1776 5265 dite.

194 5315 466 5370 ctissimts
491 5313 548 5367 in
572 5326 676 5381 quo
718 5309 848 5364 bene
891 5306 1215 5376 conspicati;
1257 5306 1431 5374 ipsum
1475 5303 1659 5358 audite
1701 5300 1772 5356 “.

192 5407 333 5466 Nam
364 5417 420 5462 et
448 5403 684 5460 Joannes
714 5403 911 5458 similia
958 5399 1157 5455 fatetur
1181 5409 1234 5455 et
1261 5399 1394 5454 dicit
1429 5415 1442 5451 :
1469 5396 1574 5463 Qui
1626 5394 1775 5450 misit

193 5517 278 5558 me
302 5500 574 5568 baptizare
597 5498 649 5552 in
683 5513 822 5567 aqua
843 5535 859 5559 ,
881 5495 990 5563 ipse
1017 5492 1145 5547 mihi
1169 5493 1329 5558 dixit,
1361 5489 1428 5545 In
1450 5505 1601 5560 quem
1630 5489 1773 5542 vids-

1878 4657 2240 4713 diﬁ‘erentiam
2276 4666 2511 4712 naturm.
2565 4653 2681 4713 Hoc
2732 4654 2917 4712 iumen
2962 4669 3062 4725 per
3083 4653 3233 4709 illum
3283 4653 3469 4710 lumen

1875 4759 1980 4804 est.
1999 4747 2115 4803 Non
2135 4763 2264 4819 ergo
2294 4761 2674 4818 comparemus
2703 4746 2961 4803 insimilia
2987 4754 3079 4801 aut
3104 4746 3303 4802 similia
3325 4745 3466 4816 (78).

1878 4839 2064 4910 Neque
2089 4839 2268 4896 fontes
2291 4849 2344 4894 et
2377 4849 2586 4896 meatus
2612 4837 2842 4896 fontium
2863 4880 2881 4907 ,
2910 4847 2966 4895 et
3003 4839 3153 4895 rivos
3167 4846 3225 4894 et
3250 4835 3465 4906 ﬂuvios,

1877 4933 2003 5004 quia
2032 4947 2139 4989 non
2162 4931 2350 4990 deﬁnit
2370 4931 2563 4999 Pater.
2594 4935 2690 4989 sed
2720 4942 2907 4990 manet
2944 4941 3005 4988 ut
3033 4939 3177 4988 erat.
3209 4928 3332 5003 ipse
3377 4938 3470 4987 est

1879 5025 2025 5081 enim
2059 5026 2150 5096 qui
2181 5035 2284 5083 est.
2309 5024 2496 5096 Neque
2522 5025 2802 5097 passiones
2835 5034 3050 5097 oportet
3097 5023 3319 5096 adiungi
3359 5023 3467 5081 im-

1877 5114 2121 5188 passibili
2147 5115 2297 5171 Patri
2324 5136 2338 5172 :
2368 5117 2496 5186 quia
2519 5131 2627 5172 non
2655 5115 2949 5181 dividitur,
2982 5129 3092 5170 non
3145 5112 3418 5169 scinditur
3445 5148 3464 5176 ,

1878 5222 1987 5263 non
2021 5217 2306 5280 separatur
2325 5247 2344 5276 ,
2372 5208 2467 5264 sed
2498 5218 2685 5266 manet
2707 5216 2765 5264 et
2805 5216 3054 5279 generat.
3093 5204 3332 5262 Generat
3363 5219 3464 5259 au-

1879 5313 1988 5357 tem
2017 5311 2077 5357 ut
2106 5302 2282 5372 ipsum
2316 5301 2474 5357 decet
2507 5315 2704 5366 nosses
2737 5309 2795 5357 et
2824 5314 2926 5355 nos
2950 5298 3201 5356 adorare.
3235 5294 3354 5351 Noli
3381 5295 3464 5351 di-

1877 5406 2004 5449 cere
2031 5393 2490 5464 quemadmodum
2516 5432 2532 5459 ,
2564 5405 2740 5464 neque
2791 5406 3006 5462 quatras
3050 5389 3460 5463 generationem

1877 5484 2024 5544 illam
2060 5501 2227 5558 quam
2258 5485 2436 5542 nullus
2457 5493 2710 5555 enarrat,
2747 5484 2929 5541 nullus
2959 5484 3097 5550 scit,
3137 5480 3315 5537 nullus
3352 5494 3458 5535 uo-

300 5611 344 5644 “
382 5610 539 5665 Juan.
571 5625 672 5674 xu,
695 5607 786 5664 35.
861 5606 906 5638 “
935 5606 1124 5661 Matth.
1169 5621 1335 5662 xxvtu
1362 5648 1376 5667 .
1413 5603 1502 5658 9.0.
1579 5602 1625 5636 ⁸³
1674 5599 1775 5674 Mai

1879 5617 1994 5674 tu,
2056 5604 2144 5661 i7.
2237 5604 2284 5637 “
2335 5602 2495 5662 Joau.
2547 5618 2678 5671 xvt,
2734 5600 2789 5656 7.
2881 5600 2928 5634 ⁸⁸
2975 5599 3167 5655 Matth.
3225 5612 3327 5666 ιιι,
3365 5592 3456 5653 1⁸1.

194 5685 241 5718 ⁸⁸
274 5672 724 5759 ΙΙειιΙμινιιίῦ.
802 5677 845 5708 ⁵⁷
885 5673 1042 5733 Joan.
1068 5691 1125 5742 ι,
1158 5677 1250 5732 55.
1325 5676 1370 5707 ⁸⁸
1410 5675 1541 5731 Luc.
1573 5673 1767 5741 Iv,34.

1879 5672 2262 5749 'Joan.t,5.

266 5779 382 5842 (7b)
425 5776 524 5831 lis.
557 5775 704 5830 Facit
737 5775 861 5828 bene
887 5772 993 5838 ipse
1015 5789 1230 5832 mancus
1262 5774 1315 5827 in
1354 5790 1454 5842 quo
1480 5782 1612 5828 erat.

269 5844 384 5916 (77)
410 5847 548 5903 inira
581 5847 670 5903 lib.
701 5861 763 5911 ll,
798 5844 896 5900 sub
919 5844 1036 5900 init.

1942 5744 2057 5842 (18)
2082 5770 2369 5831 Intimilia.
2395 5771 2653 5848 ῖΑνόμοια
2676 5769 2813 5828 infra
2840 5769 2934 5826 lib.
2963 5783 3024 5833 ιι,
3057 5772 3176 5837 post
3201 5764 3347 5821 med.
