4072 6406
1355 363 1445 421 EU
1454 362 1627 423 SEBII
1665 352 2141 419 CESARIENSIS
2176 349 2237 407 Ol

2367 337 2553 403 PARS
2589 341 2679 399 IV.
2716 368 2791 384 --
2826 332 3269 406 DOGIA'I'ICAJ

679 491 783 545 vit.
810 486 952 543 Cede
975 527 991 553 ,
1020 494 1074 543 et
1104 484 1363 543 conﬁtere
1417 484 1791 540 inﬁrmitatem
1839 490 2008 537 tuam.
2038 477 2242 534 Ohum-
2268 478 2314 535 Δ
2342 498 2426 546 αι
2459 485 2632 543 bene!
2665 482 2782 540 Non
2824 481 2968 539 enim
3022 480 3138 536 hac
3187 486 3272 533 est
3318 486 3582 532 mensura
3614 472 3933 530 distantia:

680 579 802 636 brut
822 589 873 634 te
894 576 1161 634 Christus.
1187 577 1243 634 Si
1270 578 1413 633 enim
1440 587 1494 633 tu
1543 575 1815 647 quomodo
1843 582 2000 628 natus
2032 586 2093 626 es
2144 582 2239 624 ne-

680 671 824 736 scis,
848 671 1301 743 quemadmodum
1326 713 1343 739 ,
1373 671 1469 742 qui
1514 672 1584 727 de
1606 679 1657 726 te
1701 669 1920 739 ignoras
1938 707 1954 732 ,
1982 666 2049 720 de
2080 663 2242 719 Patre

680 770 737 818 et
766 758 904 819 Filio
924 771 1016 819 aut
1041 762 1269 833 queris,
1307 771 1398 817 aut
1422 775 1582 818 nosse
1618 770 1669 816 te
1704 758 1901 829 putas?
1932 758 2071 823 Quid
2113 769 2242 827 ergo

680 866 789 908 non
812 852 1067 909 debemus
1095 853 1340 909 contiteri
1384 853 1549 908 Deum
1580 860 1635 907 et
1686 850 1878 907 Filium
1897 850 1923 904 3
1972 847 2242 904 Conﬁtere

678 957 744 1000 ea
779 958 898 1015 qua
921 944 988 1001 de
1011 943 1174 1000 Patre
1203 954 1258 1000 et
1288 944 1424 1000 Filio
1450 944 1651 1014 scripta
1690 951 1858 998 sunt:
1894 949 1949 996 et
1991 939 2099 995 noli
2146 954 2242 995 cu-

679 1036 857 1092 riosus
882 1050 944 1091 ea
974 1051 1093 1106 quae
1119 1051 1222 1091 non
1257 1045 1384 1090 sunt
1429 1036 1624 1105 scripta
1656 1034 1953 1104 requirere.
1990 1032 2197 1087 Dicitur
2223 1070 2239 1095 ,

679 1127 749 1184 In
769 1128 1025 1197 princioio
1048 1140 1196 1195 erat,
1225 1138 1280 1183 et
1314 1128 1435 1198 quis
1462 1126 1680 1182 audebit
1711 1124 2136 1195 reprehendere?
2182 1122 2241 1178 Si

678 1226 862 1275 autem
888 1230 945 1275 et
966 1220 1369 1291 reprehenderit
1399 1229 1450 1275 te
1473 1260 1490 1286 ,
1527 1227 1699 1274 semet
1750 1219 1927 1288 ipsum
1960 1218 2125 1272 laedit.
2172 1214 2241 1269 In

679 1308 940 1379 principio
960 1317 1075 1363 erat
1113 1302 1369 1376 Verbum,
1394 1317 1443 1363 et
1488 1305 1711 1362 Verbum
1737 1318 1849 1362 erat
1874 1306 2015 1376 apud
2051 1305 2236 1371 Deum,

675 1410 728 1455 et
761 1399 899 1455 Deus
940 1411 1053 1457 erat
1118 1398 1361 1454 Verbum.
1405 1398 1519 1457 Hic,
1546 1409 1658 1455 erat
1698 1400 1753 1453 in
1801 1400 2059 1469 principio
2100 1398 2239 1467 apud

678 1490 867 1546 Deum.
894 1491 959 1546 Et
982 1490 1171 1560 sapius
1198 1491 1297 1545 ista
1334 1491 1603 1553 dicantur,
1630 1500 1685 1545 et
1714 1490 2241 1559 nihilconqumratur

677 1580 826 1634 novi.
854 1578 1067 1636 Utinam
1096 1588 1273 1634 autem
1308 1577 1482 1633 solum
1510 1579 1838 1647 legeremus!
1873 1579 2078 1633 utinam
2108 1577 2239 1632 solis

678 1670 973 1741 Scripturis
1003 1670 1238 1725 contenti
1269 1671 1546 1725 essemus!
1574 1669 1726 1726 etiis
1770 1669 1914 1724 nulla
1948 1668 2130 1723 fiebat.
2180 1665 2237 1722 Si

678 1760 824 1813 enim
849 1760 973 1828 quis
1018 1759 1225 1829 litigat,
1252 1760 1339 1815 vel
1383 1760 1743 1824 contradicit,
1783 1760 2025 1829 jurgatus
2074 1758 2239 1813 fuerit

680 1848 766 1903 his
790 1819 908 1918 quia
928 1819 1131 1919 script;
1155 1819 1282 1907 sunt
1307 1870 1322 1908 :
1352 1866 1457 1908 non
1486 1852 1554 1907 ad
1601 1819 2073 1921 hominemviitigat
2095 1852 2237 1916 ,sed
2266 1819 2310 1874 Β

676 1940 747 1994 ad
798 1939 964 1995 Deum
1016 1942 1104 2011 qui
1156 1944 1397 2013 scripsit.
1439 1941 1587 1999 Unde
1612 1952 1790 1997 autem
1846 1942 2075 1996 edicitur
2125 1940 2238 1995 Iis?

676 2046 801 2086 cum
828 2046 891 2087 ea
923 2048 1041 2102 qua:
1066 2047 1132 2088 ex
1161 2037 1325 2092 corde
1360 2044 1484 2090 sunt
1520 2033 1863 2099 proferimus.
1906 2035 2040 2089 Puto
2091 2036 2234 2089 enim

674 2126 798 2193 quia
833 2124 1008 2180 nullus
1031 2136 1111 2181 est
1135 2142 1297 2181 ausus
1313 2126 1515 2196 iurgari
1545 2130 1610 2182 ad
1642 2127 1832 2183 Deum.
1856 2127 1929 2181 Ea
1951 2141 2072 2197 quae
2096 2127 2236 2180 scrio

676 2224 768 2284 pta
796 2224 920 2269 sunt
950 2214 1094 2286 lege,
1117 2225 1173 2270 et
1198 2216 1373 2272 nullus
1397 2217 1721 2288 jurgabitur.
1751 2216 1913 2271 Pater
1964 2218 2146 2271 statim
2178 2227 2236 2271 ut

669 2300 852 2356 dictus
880 2301 981 2357 fuit
1013 2302 1204 2369 Pater,
1233 2305 1459 2375 requirit
1505 2307 1606 2362 ista
1641 2322 1739 2361 vox
1765 2306 1980 2360 Filium.
2032 2306 2237 2361 Dicitur

672 2388 880 2457 Filius,
935 2402 989 2448 et
1045 2394 1097 2448 in
1150 2410 1215 2450 eo
1266 2397 1385 2469 ipso
1435 2398 1559 2453 dum
1610 2398 1849 2460 dicitur.
1886 2396 2043 2452 Pater
2100 2412 2237 2452 con-

672 2480 874 2536 ﬁtetur.
928 2482 1042 2539 Non
1086 2487 1231 2540 enim
1264 2502 1430 2544 vacua
1460 2503 1561 2544 vos
1591 2500 1673 2545 est
1710 2488 1908 2555 Pater,
1942 2490 2036 2545 sed
2077 2488 2237 2544 exhi-

670 2571 805 2628 bens
849 2584 1093 2632 naturam
1143 2577 1287 2635 Filii.
1328 2579 1443 2635 Non
1483 2595 1651 2637 vacua
1690 2590 1773 2635 est
1808 2596 1907 2635 vox
1948 2596 2069 2651 quae
2108 2581 2237 2637 dicit

671 2660 901 2729 Filium,
963 2668 1057 2722 sed
1118 2672 1431 2737 praecedens
1480 2673 1767 2726 conﬁtetur
1820 2670 2073 2738 Patrem,
2126 2686 2233 2727 non

678 2756 1012 2825 temporibus
1035 2795 1053 2823 ,
1088 2772 1192 2812 non
1237 2760 1462 2830 spatiis,
1507 2764 1600 2816 sed
1643 2760 1901 2828 dignitate
1924 2770 1977 2814 et
2007 2759 2233 2815 honore.

671 2843 835 2901 Pater
887 2846 1060 2918 diligit
1099 2849 1322 2919 Filium,
1368 2852 1540 2921 diligit
1578 2861 1632 2908 et
1678 2852 1933 2922 diligitur.
1978 2852 2131 2909 Unde
2170 2852 2235 2909 iis

670 2935 775 2991 ista
836 2948 953 3006 est,
999 2955 1103 2996 non
1152 2943 1385 3000 invenio.
1443 2942 1555 2999 lilic
1603 2959 1742 3013 pax,
1799 2953 1853 3000 et
1908 2945 2065 3001 isthic
2115 2945 2235 3014 jur-

672 3029 782 3098 gia.
828 3030 945 3087 illic
1001 3031 1246 3099 dilectio,
1304 3043 1360 3090 et
1398 3036 1487 3091 hic
1532 3038 1824 3093 contentio.
1860 3036 1915 3091 Si
1967 3037 2236 3107 diligimus

2339 580 2468 651 quia
2491 591 2669 647 neque
2703 585 3082 644 comparamur
3102 608 3120 636 ,
3162 581 3339 639 neque
3386 579 3683 637 quia"
3709 578 3729 619 :
3759 578 3934 635 neque

2343 672 2400 729 in
2431 686 2540 742 quo
2562 670 2743 725 minus
2775 679 2985 723 sumus.
3018 660 3136 718 Non
3171 677 3269 717 nos
3292 659 3509 728 solum,
3544 660 3645 715 sed
3680 672 3790 714 nec
3833 672 3929 712 au-

2342 765 2486 837 geli,
2514 771 2609 818 aut
2632 757 2981 829 archangeli,
3027 761 3122 811 aut
3154 753 3417 818 virtutes,
3458 762 3557 808 aut
3588 748 3927 807 dominatio-

2340 872 2459 922 nes,
2474 868 2647 925 ueque
2667 852 2809 908 aliud
2835 848 3058 920 aliquid,
3086 846 3178 903 sed
3199 847 3382 901 omnia
3398 845 3796 913 relinquuntur
3811 839 3925 913 (80)

2343 950 2413 1005 ab
2444 946 2719 1017 unigenito
2738 964 2753 1000 :
2773 944 2889 1015 ipse
2904 950 3081 998 autem
3105 938 3201 995 soli
3220 939 3309 994 uui
3336 945 3459 994 nato
3482 952 3592 993 nou
3614 936 3763 993 cedit
3789 933 3922 1009 (81).

2339 1040 2455 1097 Non
2486 1053 2673 1096 sumus
2698 1034 2865 1093 Judaei
2883 1074 2900 1101 ,
2927 1034 3249 1090 conﬁtemur
3269 1031 3413 1085 enim
3431 1028 3657 1084 Filium.
3678 1025 3804 1083 Non
3836 1042 3926 1082 su-

2340 1148 2461 1189 rnus
2487 1129 2713 1203 gentiles
2732 1170 2748 1193 .
2785 1129 2911 1199 quia
2944 1142 3051 1183 non
3090 1124 3317 1181 dicimus
3338 1121 3537 1177 multos
3560 1120 3790 1175 Patres.
3809 1116 3890 1172 No
3912 1139 3921 1167 ι

2341 1238 2528 1281 sumus
2559 1222 2837 1286 heretici,
2867 1220 3069 1275 scimus
3105 1217 3245 1274 enim
3286 1215 3574 1287 Spiritum.
3629 1216 3745 1271 Sed
3795 1212 3923 1283 quid

2341 1316 2569 1372 sumus?
2617 1315 2827 1385 Sponsa
2860 1311 3094 1368 viventis
3123 1310 3305 1381 sponsi
3352 1323 3450 1378 per
3499 1307 3786 1365 Christum
3825 1322 3922 1361 nos

2341 1422 2544 1463 sumus.
2578 1404 2635 1461 Si
2665 1419 2792 1477 ergo
2816 1420 2916 1460 nos
2942 1403 3034 1474 qui
3065 1418 3162 1474 per
3193 1401 3465 1459 Christum
3493 1416 3689 1456 sumus
3712 1441 3729 1463 ,
3762 1410 3919 1469 putas

2340 1499 2461 1569 quia
2488 1500 2600 1565 ipse
2640 1513 2744 1551 non
2775 1497 2897 1553 est?
2919 1511 2983 1552 ea
3006 1510 3127 1564 qute
3152 1510 3249 1565 per
3288 1495 3463 1563 ipsum
3499 1501 3632 1548 sunt
3656 1502 3916 1555 manent,

2339 1602 2395 1646 et
2424 1594 2533 1660 ipse
2558 1590 2718 1645 ﬁnem
2752 1589 2912 1644 habet
2940 1596 3001 1643 ut
3027 1587 3243 1659 quidam
3267 1583 3583 1642 insaniunt?
3626 1582 3748 1639 Non
3774 1584 3916 1638 enim

2344 1682 2576 1753 acquirit
2607 1681 2752 1737 aliud
2779 1680 2924 1750 quod
2954 1694 3059 1736 non
3082 1686 3202 1734 est:
3234 1692 3337 1733 non
3390 1676 3658 1743 assumit,
3714 1676 3814 1731 sed
3867 1684 3918 1729 et

2338 1776 2478 1846 quod
2507 1784 2591 1831 est
2617 1773 2900 1830 abscondit
2955 1790 2969 1826 :
3029 1770 3132 1827 hoc
3156 1770 3296 1825 enim
3336 1766 3626 1839 signiﬁcat,
3653 1766 3741 1820 Da
3769 1766 3915 1828 milii,

2337 1868 2495 1924 Pater
2522 1883 2543 1924 :
2571 1869 2663 1923 sed
2692 1880 2797 1921 non
2814 1863 3016 1934 aliquid
3047 1876 3243 1917 novum
3266 1861 3397 1931 petit
3419 1860 3541 1915 :sed
3570 1858 3717 1931 quod
3736 1857 3913 1922 habui,

2336 1961 2537 2030 inquit,
2587 1958 2728 2029 apud
2771 1966 2859 2023 te,
2906 1956 2976 2009 da
3014 1955 3144 2008 mihi
3195 1952 3261 2007 ⁷³.
3310 1950 3427 2006 Non
3460 1950 3607 2014 enim
3659 1950 3917 2015 habes”)

2340 2053 2585 2117 Domine,
2620 2049 2764 2121 quod
2790 2046 3066 2105 habebas?
3088 2046 3193 2102 Sed
3220 2044 3345 2115 quia
3367 2084 3384 2110 ,
3409 2044 3620 2114 inquit,
3652 2044 3915 2099 abseoosa

2335 2153 2421 2201 est
2450 2158 2564 2199 mea
2592 2142 2800 2213 species
2829 2158 2842 2195 :
2870 2138 2997 2209 quia
3028 2152 3133 2193 non
3165 2144 3384 2207 apparet
3424 2148 3539 2189 mea
3568 2132 3771 2205 gloria.
3796 2131 3917 2187 Gle-

2336 2236 2521 2303 riﬁca,
2552 2232 2767 2304 inquit,
2796 2242 2947 2285 tuum
2996 2228 3197 2283 Filium
3241 2227 3311 2283 ".
3369 2225 3436 2280 Et
3478 2226 3607 2294 quid
3640 2224 3918 2294 respondit

2335 2325 2533 2382 Pater?
2560 2321 2881 2391 Gloriﬁcaoi.
2910 2320 2967 2378 Si
2991 2320 3157 2391 igitur
3183 2317 3533 2389 gloriﬁcavit,
3560 2317 3695 2386 quid
3723 2316 3914 2380 atterit

2336 2414 2668 2490 gloriﬁcarii
2690 2414 2795 2471 Sed
2827 2413 2962 2469 dicit
2984 2412 3143 2468 Pater
3168 2450 3183 2477 ,
3226 2408 3293 2463 Et
3338 2412 3530 2464 iterum
3581 2404 3911 2477 gloriﬁcantia.

2337 2512 2394 2568 Si
2420 2508 2531 2579 jam
2554 2506 2890 2580 gioriﬁcasti,
2911 2505 3191 2576 quomodo
3212 2504 3405 2558 iterum
3429 2501 3709 2572 gioriiicas
3725 2500 3752 2553 τ
3780 2498 3912 2554 Num

2335 2600 2539 2666 addes,
2570 2600 2824 2669 quoniam
2849 2599 2919 2654 ab
2951 2598 3107 2653 initio
3147 2595 3421 2668 genuisti?
3447 2594 3561 2650 Non
3596 2592 3746 2648 addo
3783 2610 3800 2649 :
3826 2593 3913 2647 sed

2310 2704 2391 2768 ‘et
2429 2709 2527 2765 per
2553 2708 2755 2764 corpus
2799 2690 3030 2749 ostendo
3077 2690 3182 2746 mei
3230 2688 3357 2744 Filii
3410 2686 3667 2759 gloriam.
3708 2684 3910 2747 Genui,

2335 2787 2759 2860 gloriﬁcavi,et
2814 2786 3011 2843 iterum
3053 2783 3390 2856 gloriﬁcaho.
3440 2780 3665 2845 Palam,
3708 2778 3910 2849 inquit,

2335 2879 2481 2935 facio
2505 2880 2648 2948 quod
2696 2887 2816 2934 erat
2871 2878 3217 2933 absconsum.
3249 2874 3381 2929 Nam
3414 2881 3470 2927 et
3503 2870 3802 2941 Apostolus
3832 2868 3913 2923 di-

2335 2971 2410 3027 cit
2440 2989 2454 3025 :
2487 2968 2557 3024 Et
2576 2968 2982 3039 superexaitauit
3010 2983 3129 3021 eum
3149 3009 3164 3034 ,
3198 2976 3246 3019 et
3292 2965 3433 3018 dedit
3466 2965 3516 3018 ei
3543 2979 3738 3018 nomen
3776 2962 3910 3033 quod

2336 3073 2411 3117 est
2450 3078 2606 3132 super
2632 3077 2780 3116 omne
2806 3075 2994 3115 nomen
3041 3059 3111 3112 ".
3169 3057 3282 3112 Non
3344 3057 3627 3122 mercede,
3683 3066 3746 3111 ut
3793 3067 3909 3127 pote

586 3187 613 3211 ,
672 3118 1227 3223 Ρξίτθω-εμξξιῖίιεηδυτ
1256 3140 1441 3196 Pacem
1472 3127 1719 3223 ﬂueil'lc
1745 3128 1987 3223 e_’“_(79)'
2118 3130 2239 3184 δίη·
2263 3158 2306 3215 C
2337 3118 2675 3210 obedientiam
2704 3153 2975 3223 Scriptum
3009 3150 3152 3208 enim
3192 3159 3275 3205 est
3314 3118 3765 3219 quemadmodum
3786 3118 3909 3203 obv-

674 3213 854 3281 gimus
888 3213 1122 3281 Filium,
1176 3230 1279 3270 non
1319 3226 1403 3271 est
1460 3218 1811 3275 dissensionis
1842 3220 2000 3275 Deus.
2056 3220 2233 3289 Nosti,

684 3305 816 3358 doce
851 3322 862 3357 :
892 3303 1144 3375 ignoras,
1194 3304 1440 3361 educere.
1482 3304 1574 3361 Lis
1617 3310 1760 3362 enim
1814 3322 1989 3378 neque
2044 3312 2238 3380 docet,

683 3409 859 3463 neque
896 3395 1143 3451 docetur.
1194 3395 1349 3463 Quod
1400 3398 1839 3469 comprehendis,
1883 3400 1986 3456 hoc
2036 3416 2237 3471 quaere.

669 3484 955 3554 invenisti,
987 3486 1191 3557 gratias
1222 3502 1342 3558 age.
1369 3486 1520 3545 Nosti
1544 3529 1559 3555 ,
1593 3490 1763 3547 trade.
1789 3491 1903 3563 Ego
1922 3502 2098 3549 autem
2124 3495 2238 3550 scio

664 3576 798 3644 quia
841 3577 1039 3634 nescis.
1073 3575 1221 3632 Unde
1249 3578 1367 3635 scio
1408 3581 1530 3650 quia
1558 3596 1657 3652 ego
1700 3584 1902 3639 nescio.
1936 3583 2090 3641 Unde
2138 3586 2239 3643 hoc

666 3667 802 3736 quia
828 3666 1033 3737 ignoro.
1072 3666 1242 3723 Verax
1268 3670 1412 3726 enim
1448 3680 1533 3726 est
1566 3674 1659 3741 qui
1693 3673 1829 3728 dixit
1859 3691 1874 3729 :
1913 3672 2083 3729 Nemo
2137 3692 2232 3731 no-

667 3761 741 3813 uit
770 3759 835 3815 ".
866 3759 1168 3816 Secundum
1200 3762 1355 3819 istam
1392 3763 1555 3833 igitur
1600 3780 1818 3830 vocem,
1876 3768 2053 3824 omnis
2110 3769 2235 3840 qui-

669 3866 883 3920 cunque
902 3867 962 3908 se
988 3853 1117 3909 dicit
1146 3856 1286 3911 scire
1310 3859 1589 3913 mentitur.
1617 3857 1723 3914 Sed
1757 3858 1897 3916 forte
1936 3862 2069 3919 dicis
2088 3902 2105 3930 ,
2141 3863 2237 3919 Dei

671 3952 975 4012 sumus,et
1022 3961 1129 4002 non
1178 3948 1380 4004 scimus
1426 3960 1686 4019 quantum
1736 3962 1791 4006 et
1841 3956 2234 4027 pertingimus:

674 4034 779 4090 hoc
806 4036 982 4092 solum
1014 4039 1140 4108 quia
1169 4048 1253 4095 est
1284 4058 1299 4095 :
1336 4056 1442 4096 non
1475 4050 1650 4097 tamen
1682 4044 1857 4112 qualis
1900 4054 1952 4100 et
1978 4058 2235 4116 quantum

667 4134 776 4182 est.
802 4127 937 4197 Quia
964 4128 1130 4200 igitur
1158 4142 1242 4186 est
1262 4172 1277 4198 ,
1299 4132 1532 4200 scimus;
1566 4147 1669 4187 non
1696 4143 1871 4190 tamen
1900 4138 2093 4206 qualis.
2120 4138 2235 4195 Non

666 4220 813 4272 enim
843 4230 1081 4276 nostrum
1119 4230 1202 4277 est
1233 4236 1546 4278 mensurare
1569 4224 2056 4283 immensurabilem
2085 4244 2099 4281 :
2131 4245 2233 4284 non

670 4317 913 4364 nostrum
960 4313 1411 4382 comprehendere
1445 4315 2062 4386 incomprehensibilem.
2099 4320 2233 4376 Cum

668 4400 815 4456 enim
850 4404 1108 4457 memoria
1140 4404 1205 4459 de
1258 4405 1365 4460 Deo
1412 4416 1529 4475 est,
1567 4423 1718 4463 meus
1780 4408 2030 4479 religiosa
2068 4411 2237 4467 intre-

2340 3244 2477 3300 divit
2504 3261 2676 3314 usque
2700 3249 2766 3299 ad
2796 3252 3026 3299 mortem
3051 3283 3068 3308 ,
3108 3250 3336 3297 mortem
3389 3251 3567 3296 autem
3596 3240 3799 3296 crucis.
3845 3238 3907 3293 Et

2338 3338 2461 3393 ideo
2483 3379 2498 3400 ,
2526 3337 2730 3407 inquit,
2762 3337 2901 3393 Deus
2926 3333 3349 3404 superexaltavit
3370 3348 3515 3389 eum.
3548 3332 3605 3387 Si
3654 3333 3779 3401 quis
3810 3347 3903 3385 an-

2338 3438 2443 3483 tem
2471 3428 2602 3482 dure
2628 3428 2817 3498 legerit
2838 3440 3147 3489 sermones,
3179 3424 3318 3479 forte
3350 3422 3559 3493 putabit
3608 3423 3772 3477 istam
3821 3437 3907 3476 su-

2335 3518 2814 3590 perexaitationem
2849 3518 3151 3573 mercedem
3180 3530 3302 3573 esse
3332 3514 3679 3572 obedientiam
3705 3514 3783 3568 ita
3813 3530 3906 3585 pu-

2338 3620 2421 3666 tas
2442 3651 2457 3677 ,
2485 3612 2577 3666 sed
2613 3626 2719 3667 nou
2744 3620 2794 3665 te
2820 3610 3102 3681 permittat
3127 3609 3199 3663 ita
3227 3609 3428 3663 sentire
3456 3609 3549 3678 qui
3582 3608 3700 3663 hac
3749 3606 3904 3664 dixit.

2336 3703 2429 3758 Ait
2451 3701 2598 3756 enim
2630 3719 2645 3756 :
2680 3701 2784 3767 Qui
2813 3701 3082 3766 ascendit,
3111 3702 3219 3769 ipse
3241 3710 3315 3754 est
3336 3709 3386 3755 et
3413 3700 3502 3771 qui
3528 3702 3799 3755 descendit
3836 3700 3900 3755 ".

2337 3793 2481 3864 Ergo
2500 3794 2757 3849 exaltavit
2778 3808 2899 3849 eum
2927 3794 3018 3864 qui
3055 3793 3354 3851 descendit.
3382 3792 3496 3848 Non
3541 3802 3723 3849 tamen
3756 3812 3785 3847 a
3818 3794 3904 3849 de-

2335 3900 2521 3940 orsum
2547 3900 2766 3940 sursum
2799 3884 3044 3939 adduxit.
3078 3884 3185 3941 Sed
3211 3900 3333 3940 eum
3363 3885 3453 3954 qui
3482 3886 3761 3940 descendit
3781 3927 3797 3950 ,
3817 3885 3905 3941 ite-

2338 3990 2457 4031 rum
2509 3989 2726 4030 sursum
2784 3976 3101 4045 assumpsit.
3152 3975 3367 4031 Assumi
3421 3974 3578 4040 dico,
3627 3990 3737 4030 non
3783 3977 3899 4044 quia

2336 4063 2571 4121 mundus
2619 4064 2958 4121 fraudabitur
3018 4081 3050 4121 a
3105 4067 3392 4138 praesentia
3446 4066 3733 4137 uuigeniti.
3791 4068 3899 4123 Non

2335 4163 2516 4225 potest
2551 4158 2781 4214 mundus
2832 4159 2950 4215 sine
2981 4158 3340 4229 gubernatore
3383 4157 3618 4224 salvari,
3664 4175 3771 4214 non
3816 4175 3901 4227 po-

2337 4248 2444 4295 test
2501 4242 2732 4298 muudus
2782 4253 2931 4299 Stare
2974 4245 3021 4299 si
3068 4245 3351 4300 recesserit
3402 4245 3733 4315 unigenitus.
3801 4243 3900 4297 Sed

2334 4328 2475 4386 forte
2505 4331 2639 4387 dicis
2677 4351 2691 4387 :
2735 4331 2852 4388 Non
2898 4332 3096 4389 sufﬁcit
3149 4334 3293 4391 enim
3337 4333 3544 4389 Pater?
3596 4333 3717 4390 Non
3776 4337 3894 4405 quia

2336 4437 2443 4477 non
2474 4421 2769 4479 sufﬁciebat
2795 4424 2978 4492 Pater,
3009 4426 3132 4481 ideo
3160 4426 3346 4498 genuit
3381 4426 3575 4481 Filium
3617 4444 3631 4480 :
3660 4429 3753 4482 sed
3782 4428 3899 4498 quia

668 4492 1283 4586 mescat:intremescat
1309 4504 1363 4586 et
1382 4494 1581 4564 lingua.
1603 4496 1714 4551 Non
1742 4498 1865 4567 quia
1884 4500 2049 4555 durus
2071 4500 2232 4568 Deus,
2264 4515 2310 4571 ι)
2339 4527 2443 4567 non
2493 4511 2828 4579 sufﬁciebam
2875 4530 2937 4570 ea
2987 4530 3108 4586 quas,
3158 4492 3298 4571 facta
3343 4528 3469 4573 sum
3514 4516 3745 4573 ευσειτθ
3798 4492 3896 4573 ima

668 4586 761 4637 sed
784 4583 1203 4651 supereminenti
1221 4584 1457 4639 bonitate
1482 4596 1564 4640 est
1602 4588 1891 4643 timendus.
1913 4588 2004 4644 Sol
2030 4591 2130 4646 iste
2146 4594 2239 4647 ob-

666 4683 855 4729 scurat
876 4674 1084 4740 oculos,
1115 4692 1219 4731 non
1246 4679 1371 4747 quia
1404 4678 1688 4743 obscurus,
1723 4680 1818 4734 sed
1848 4680 1973 4750 quia
2006 4683 2234 4739 multum

665 4777 750 4821 est
777 4766 975 4822 clarus.
996 4767 1211 4823 EtDeus
1240 4768 1529 4835 timendus,
1548 4770 1671 4838 quia
1694 4769 1914 4825 multum
1939 4782 2020 4827 est
2039 4771 2231 4829 bonus.

668 4860 857 4929 Cogita
890 4862 1029 4930 apud
1062 4870 1111 4915 te
1156 4861 1249 4931 qui
1297 4861 1371 4916 sis
1403 4861 1639 4916 humilis.
1685 4862 1801 4918 Non
1843 4865 1985 4918 enim
2034 4867 2231 4921 audisti

668 4962 797 5001 eum
822 4948 1089 5004 dicentem
1125 4967 1140 5005 :
1174 4948 1275 5003 Vos
1300 4965 1365 5003 ea:
1386 4950 1717 5019 inferioribus
1743 4956 1867 5008 estis
1890 4994 1903 5019 ,
1934 4971 2027 5025 ego
2060 4966 2232 5010 autem

670 5042 735 5091 de
764 5041 1113 5107 superioribus
1158 5057 1272 5094 sum
1325 5040 1419 5093 "'2
1464 5040 1599 5097 Nam
1652 5054 1905 5113 quantum
1951 5045 2145 5101 caelum
2204 5063 2234 5102 a

674 5141 819 5185 terra
851 5131 1046 5198 distat,
1079 5142 1281 5187 tantum
1314 5145 1363 5189 et
1399 5151 1427 5189 a
1460 5136 1613 5191 nobis
1640 5136 1795 5192 Deus.
1827 5136 1894 5191 Et
1928 5148 2074 5192 certe
2094 5140 2236 5193 scri-

674 5234 822 5290 ptum
851 5233 965 5277 est:
1002 5224 1262 5289 Quantum
1303 5228 1460 5281 distat
1512 5226 1694 5281 calum
1724 5246 1756 5281 a
1800 5238 1971 5297 terra,
2029 5241 2229 5285 tantum

674 5316 773 5369 uiae
796 5334 921 5371 mea:
951 5335 983 5370 a
1014 5319 1104 5371 viis
1135 5321 1311 5373 uestris
1338 5320 1406 5373 ".
1439 5318 1511 5374 Ut
1536 5320 1605 5374 ad
1648 5336 1748 5375 nos
1793 5336 1892 5375 vox
1919 5321 2035 5375 hinc
2087 5322 2229 5378 dicta

747 5414 793 5446 '°
820 5411 975 5467 Joan.
1005 5430 1043 5478 ι,
1071 5411 1155 5466 l8.
1230 5414 1273 5445 τί
1318 5412 1471 5469 Joan.
1502 5432 1617 5481 vm,
1654 5414 1742 5472 25.

678 5482 725 5514 ’⁸
755 5483 950 5554 Epims.
993 5499 1066 5550 tv,
1093 5484 1182 5538 10.

752 5625 862 5695 (79)
888 5626 985 5684 Ms.
1028 5628 1157 5692 Quis
1178 5628 1284 5685 illis
1319 5640 1414 5684 est.

750 5698 864 5769 (βυ)
890 5697 1281 5769 Relinquantur.
1329 5700 1720 5765 Ἀπολείπεται,
1747 5711 2083 5769 superantur.

752 5768 864 5840 (8|)
892 5766 994 5823 Uni
1025 5781 1144 5824 nato
1178 5785 1280 5825 non
1322 5774 1477 5826 cedit.
1524 5766 1830 5841 chcuduui
1882 5774 2095 5829 videtur
2139 5777 2229 5829 imi

2337 4604 2451 4659 nati
2486 4605 2759 4672 virtutem,
2801 4606 2925 4663 ideo
2953 4622 3052 4677 per
3080 4609 3432 4664 mediatorem
3474 4610 3735 4680 loquitur.
3765 4609 3898 4677 Qua-

2336 4708 2398 4749 re
2433 4711 2449 4749 :
2485 4696 2575 4764 qui
2604 4694 2716 4767 (82)
2745 4712 2851 4753 non
2879 4706 3188 4765 poteramus
3218 4699 3582 4772 propinquare
3602 4717 3709 4758 non
3738 4713 3893 4759 noto:

2337 4801 2434 4855 per
2467 4788 2604 4841 viam
2654 4790 2818 4860 igitur
2851 4790 3122 4854 hortatur,
3159 4802 3216 4847 et
3262 4809 3357 4863 per
3383 4793 3606 4862 januatn
3638 4806 3818 4864 vocat,
3845 4805 3893 4851 et

2334 4890 2433 4943 per
2462 4875 2642 4933 lumen
2689 4880 2927 4933 adducit.
2980 4879 3243 4937 Mediator
3281 4894 3461 4938 autem
3494 4882 3688 4951 Filius,
3718 4896 3773 4941 et
3806 4901 3891 4956 po-

2341 4964 2487 5017 nitur
2510 4962 2595 5019 iex
2620 4984 2633 5021 :
2672 4968 2941 5023 mediator
2970 4967 3159 5034 Filius,
3188 4981 3244 5027 et
3266 4970 3564 5041 loquuntur
3588 4977 3886 5047 propheta:

2339 5056 2608 5112 mediator
2650 5057 2841 5126 Filius,
2896 5070 2950 5116 et
2983 5064 3304 5133 praedicatur
3346 5062 3753 5122 Testamentum
3789 5066 3886 5123 No-

2340 5162 2463 5201 vum
2490 5162 2549 5205 et
2595 5150 2851 5222 impletur
2892 5152 3061 5209 Vetus
3099 5175 3112 5210 :
3162 5156 3426 5211 mediator
3456 5157 3651 5223 Filius,
3679 5170 3734 5214 et
3768 5160 3885 5214 ﬁunt

2339 5239 2507 5308 angeli
2537 5260 2549 5295 :
2584 5244 2851 5298 mediator
2898 5243 3086 5311 bilius,
3139 5254 3196 5300 et
3251 5256 3508 5301 creantur
3536 5250 3880 5320 archangeli:

2336 5334 2601 5389 mediator
2628 5334 2825 5403 Filius,
2870 5346 2927 5392 et
2969 5350 3187 5394 creator
3236 5340 3412 5393 omnis
3446 5350 3680 5405 naturae,
3716 5354 3767 5397 et
3796 5358 3882 5413 gu-

1855 5417 1899 5447 "
1935 5416 2042 5472 lsa-
2072 5432 2171 5484 LV.
2200 5416 2250 5473 9-
2329 5424 2374 5456 ’³
2406 5428 2560 5485 Joan.
2592 5446 2702 5486 xvu
2725 5471 2742 5500 ,
2786 5432 2840 5487 5.
2916 5432 2960 5464 ⁷⁸
2992 5431 3145 5488 Joan.
3179 5448 3253 5487 sit
3274 5473 3288 5499 ,
3309 5432 3398 5487 28.
3429 5434 3475 5465 "
3506 5433 3701 5507 Philip.
3731 5452 3805 5503 tt,
3834 5436 3878 5491 9.

2337 5654 2436 5693 non
2460 5649 2585 5695 nato
2611 5643 2766 5695 cedit.

2403 5711 2512 5782 (82)
2540 5710 2713 5778 Quare
2743 5727 2760 5764 :
2791 5711 2902 5781 qui,
2946 5711 2987 5779 Ῑ.
3014 5710 3215 5781 quare?
3239 5710 3385 5783 Quia,
3426 5722 3535 5769 etc.
