4072 6404
178 410 344 472 ιοεπ

1074 408 1164 467 DE
1201 404 1358 466 FIDE
1395 407 1770 468 ADVERSUS
1810 408 2226 468 SABELLIUM.
2259 438 2331 453 —
2365 407 2498 468 LIB.
2532 409 2576 468 l.

3356 411 3501 474 £058

162 531 502 602 bernator,
534 545 591 593 et
621 534 878 595 salvator.
907 529 1026 588 Non
1057 531 1205 588 enim
1239 530 1526 586 creavltet
1555 530 1800 585 dimisit:
1833 534 1878 592 Α
1907 530 2166 598 quiuetur
2198 530 2337 600 (85).
2370 529 2485 586 Viri
2516 538 2578 584 ut
2615 543 2740 584 sese
2763 529 2877 600 jam
2906 544 3014 585 non
3057 529 3300 586 incidant
3331 547 3345 584 :
3376 545 3502 585 nnt-

164 627 314 696 quia
357 645 482 683 non
527 629 648 685 sine
675 626 1027 700 providentia
1049 631 1190 681 sunt
1228 637 1350 693 qua:
1376 633 1525 678 sunt.
1565 620 1684 677 Non
1713 631 1800 676 est

165 717 468 786 tatigatus
495 717 726 774 faciens.
746 714 941 787 Neque
969 723 1031 769 ut
1053 712 1318 777 volatilia,
1348 721 1409 766 ut
1432 712 1606 782 pisces
1630 723 1799 782 gene-

171 817 322 862 rant
366 807 634 879 quidem,
659 807 975 878 relinquunt
1003 816 1206 861 autem.
1256 803 1322 858 Et
1350 813 1500 859 certe
1552 817 1652 858 nec
1694 801 1796 857 ista

167 908 478 970 generant
529 907 586 954 et
619 897 901 954 dimittunt
937 915 952 954 :
995 896 1091 953 sed
1133 895 1338 951 habent
1366 894 1709 966 diligentiam
1741 899 1801 946 et

166 999 464 1060 pascunt.
509 990 568 1046 Si
603 989 768 1062 igitur
802 991 906 1047 ista
943 989 1042 1053 ita,
1076 987 1249 1043 multo
1287 987 1460 1056 magis
1493 1000 1594 1056 per
1631 999 1795 1056 quem

167 1090 386 1136 creata
419 1089 559 1136 sunt
587 1081 790 1146 omnia,
809 1095 909 1151 per
940 1079 1105 1134 istum
1129 1077 1312 1132 omnia
1341 1086 1397 1132 et
1424 1077 1798 1146 gubernantur

167 1178 232 1226 et
285 1181 616 1240 pascuntur
661 1189 677 1227 :
722 1186 830 1227 non
860 1179 1092 1226 vacante
1135 1167 1321 1241 Patre,
1349 1170 1443 1224 sed
1474 1175 1793 1222 annuente:

169 1274 499 1319 annuente
544 1274 750 1330 autem,
783 1277 890 1318 non
933 1262 1130 1327 oculis,
1180 1262 1274 1316 sed
1310 1270 1368 1314 ut
1405 1261 1562 1316 decet
1611 1259 1794 1314 incor-

174 1353 487 1423 poralem,
519 1356 594 1411 ita
617 1355 808 1410 annuit
838 1365 898 1410 ut
931 1353 1032 1424 ipsi
1061 1355 1317 1408 decorum
1351 1359 1454 1406 est.
1497 1349 1670 1405 Filius
1692 1363 1793 1402 au-

173 1452 301 1499 tem
340 1445 610 1516 agnoscit
642 1455 702 1500 ut
734 1445 931 1501 Filium
977 1449 1132 1502 decet
1164 1463 1178 1498 :
1225 1457 1391 1513 opera
1435 1449 1616 1498 autem
1657 1440 1796 1496 fiunt

178 1544 249 1589 ut
279 1534 469 1592 Pater
496 1537 637 1601 vult,
672 1548 726 1592 et
757 1537 928 1592 Filius
954 1537 1251 1591 ministrat.
1281 1533 1408 1590 Hec
1443 1549 1544 1589 nos
1574 1542 1794 1603 oporte-

178 1629 286 1683 bat
338 1627 564 1686 dicere.
603 1621 939 1686 lino-omnes
970 1644 1037 1685 ex
1074 1628 1374 1698 Scripturis
1416 1627 1622 1698 legere.
1659 1624 1793 1692 Quis

175 1721 343 1774 enim
376 1734 511 1776 sum
544 1724 682 1793 ego?
712 1722 841 1791 quid
871 1721 1044 1777 habeo
1071 1719 1212 1791 quod
1246 1735 1351 1775 non
1403 1719 1630 1790 accepi?
1664 1715 1793 1773 0m-

180 1811 284 1866 nia
315 1812 481 1867 enim
520 1814 588 1868 ab
617 1827 746 1877 uno,
777 1822 827 1868 et
859 1828 956 1881 per
993 1828 1157 1867 unum
1191 1823 1359 1878 sunt;
1401 1819 1458 1866 et
1495 1825 1617 1882 quae
1649 1809 1790 1864 facta

1908 620 2074 676 lieres
2102 629 2160 674 ut
2191 636 2300 675 non
2325 620 2396 675 ad
2421 619 2680 690 iniuriam
2713 619 3062 675 deludantur.
3101 620 3290 686 Tauri,
3315 619 3496 690 vituli,

1904 719 1965 766 ut
2018 725 2126 767 non
2158 713 2312 766 varie
2357 710 2753 766 comburantur
2800 710 2936 782 (84).
3001 712 3217 777 Vinum,
3271 721 3330 765 ut
3386 725 3497 766 non

1904 802 2024 859 sine
2053 818 2219 859 causa
2247 803 2474 860 libetur.
2506 802 2703 868 Terra,
2749 818 2924 870 mare,
2957 813 3018 858 ut
3055 818 3163 858 non
3195 801 3499 858 immutatis

1905 893 2219 948 nominibus
2253 893 2554 949 adorentur
2599 911 2614 950 :
2659 894 2839 949 omnis
2881 894 3028 948 enim
3074 903 3271 948 natura
3305 905 3497 948 conta-

1904 985 2109 1038 minata
2167 993 2302 1040 est:
2351 985 2532 1041 omnis
2591 993 2850 1040 creatura
2909 985 3184 1040 deiilcata.
3239 983 3347 1038 Sed
3386 998 3496 1037 non

1903 1074 2156 1144 despexit
2207 1075 2254 1130 is
2281 1091 2380 1146 per
2410 1091 2573 1146 quem
2629 1084 2686 1132 et
2735 1076 2881 1132 facta
2929 1084 3078 1132 sunt.
3134 1076 3298 1133 Venit
3343 1075 3494 1130 enim

1901 1167 1994 1236 qui
2045 1167 2393 1237 contingeret
2443 1182 2596 1224 sua:
2645 1168 2793 1222 venit
2847 1169 2938 1238 qui
2989 1168 3188 1224 malum
3217 1181 3494 1224 venenum

1901 1257 2144 1314 auferret
2185 1273 2203 1313 :
2246 1259 2394 1314 venit
2439 1260 2614 1329 ipsius
2670 1263 2798 1316 vita!
2851 1261 3216 1318 medicamen.
3245 1261 3495 1318 Mortuus

1898 1358 1982 1406 est
2013 1350 2370 1406 ut'occideret
2418 1350 2652 1406 mortem
2681 1369 2697 1408 :
2724 1353 3123 1409 condemnatus
3148 1363 3234 1409 est
3266 1363 3325 1407 ut
3353 1366 3493 1408 con-

1897 1443 2188 1498 demnaret
2214 1443 2609 1512 corruptelam.
2637 1443 2951 1501 Coronatus
2977 1455 3064 1502 est
3090 1445 3282 1515 spinis,
3305 1454 3364 1500 ut
3388 1458 3492 1501 nos

1898 1548 2005 1589 non
2062 1533 2391 1591 haberemus
2440 1536 2630 1606 spinas
2667 1553 2682 1590 :
2722 1536 2964 1606 suscepit
3015 1535 3362 1590 maledictum
3395 1548 3494 1605 per

1897 1640 2139 1691 crucem,
2185 1635 2244 1681 nt
2276 1641 2378 1684 nos
2422 1629 2827 1697 susciperemus
2862 1629 3298 1693 benedictionem
3336 1643 3492 1683 mun-

1898 1717 2043 1771 dam.
2077 1715 2196 1772 Non
2227 1731 2451 1791 possum
2478 1719 2663 1774 dicere
2684 1729 2948 1789 quantum
2978 1721 3152 1790 sapio.
3187 1719 3303 1774 Non
3354 1733 3480 1788 pos-

1898 1823 2019 1865 sum
2071 1825 2268 1881 sapere
2324 1822 2588 1882 quantum
2657 1813 2916 1882 possibile
2967 1823 3072 1868 est.
3139 1811 3196 1868 Si
3252 1825 3488 1881 sapuero

183 1913 352 1968 sunt,
388 1913 451 1958 et
496 1918 619 1973 quae
651 1915 798 1958 recte
831 1904 1110 1958 dicuntur.
1150 1901 1360 1970 Quanta
1402 1917 1536 1958 sane
1571 1901 1791 1958 miseri-
1823 1919 1866 1976 Β
1896 1910 2166 1970 quantum
2224 1902 2483 1974 possibile
2531 1913 2649 1969 est,
2706 1919 2814 1960 non
2877 1905 3138 1975 pervenio
3191 1913 3249 1958 ut
3307 1902 3486 1957 dicam

183 1993 401 2050 cordia
453 2004 539 2050 est
587 1995 722 2049 Dei?
762 1998 948 2064 genuit
997 1995 1217 2062 Filium,
1262 1996 1387 2066 quia
1431 1995 1607 2052 bonus
1649 2004 1734 2051 est
1771 2013 1784 2049 :

185 2084 424 2139 creavit
459 2086 714 2142 universa
767 2104 864 2156 per
913 2088 1112 2158 ipsum,
1158 2089 1284 2157 quia
1336 2087 1652 2144 benefactor
1680 2096 1786 2143 est.

186 2174 533 2233 Erravimus
558 2188 613 2233 et
643 2194 747 2233 non
773 2180 1044 2250 despexit,
1069 2181 1378 2236 cecidimus
1407 2190 1463 2235 et
1485 2195 1591 2234 non
1633 2193 1789 2249 spre-

187 2270 303 2334 vit,
339 2272 443 2326 sed
480 2273 626 2327 misit
666 2270 861 2328 Filium
909 2288 1066 2330 suum
1107 2273 1476 2337 obedientem,
1512 2281 1570 2326 ut
1614 2271 1791 2328 salva-

191 2370 289 2417 ret
341 2361 623 2418 hominem
656 2363 1079 2422 inobedientem.
1122 2364 1268 2419 Misit
1312 2365 1429 2420 sine
1461 2374 1704 2434 peccato,
1731 2372 1792 2418 ut

195 2462 504 2507 revocaret
532 2467 654 2506 eum
685 2454 776 2523 qui
804 2464 1126 2525 peccaverat
1155 2473 1170 2509 :
1210 2454 1359 2510 misit
1394 2455 1592 2509 Filium
1630 2470 1788 2510 suum

195 2541 506 2599 facientem
555 2544 773 2613 placita,
827 2554 885 2600 ut
915 2546 1154 2601 salvaret
1186 2561 1402 2601 servum
1433 2547 1659 2602 obedire
1693 2560 1791 2599 no-

194 2632 442 2692 lentem.
477 2635 624 2690 Misit
660 2636 948 2705 justitiam,
996 2646 1056 2693 ut
1089 2636 1401 2692 auferretur
1443 2649 1732 2709 peccatum
1769 2656 1784 2693 :

197 2725 365 2780 Inisit
395 2725 588 2788 vitam.
621 2738 678 2781 ut
707 2743 855 2784 mors
895 2739 1224 2784 moreretur.
1263 2729 1410 2784 Misit
1443 2730 1531 2799 qui
1569 2745 1596 2784 a
1625 2745 1706 2796 se,
1733 2739 1791 2785 ut

195 2816 563 2873 salvarentur
584 2819 674 2888 qui
701 2828 858 2874 erant
889 2835 955 2875 ex
987 2820 1225 2874 homine.
1259 2818 1405 2875 Misit
1442 2836 1566 2877 eum
1593 2822 1686 2891 qui
1719 2836 1788 2876 ex

198 2905 462 2978 Virgine,
501 2917 560 2962 ut
607 2907 949 2964 salvarentur
990 2911 1026 2965 ii
1074 2911 1165 2981 qui
1201 2924 1270 2966 ex
1300 2911 1527 2967 muliere
1571 2911 1791 2968 fuerant

197 2999 434 3068 perditi.
483 2997 627 3054 Misit
661 3001 712 3054 in
751 3001 924 3073 ilgnra
966 3003 1096 3068 viri,
1130 3011 1187 3056 ut
1231 3002 1537 3058 salvaretur
1568 3002 1659 3074 qui
1693 3018 1791 3073 pe-

199 3089 386 3142 rierat
429 3087 536 3142 vir.
567 3089 702 3144 Cum
752 3090 1058 3147 latronibus
1093 3091 1277 3163 flgitur
1315 3093 1486 3158 cruci,
1519 3101 1579 3147 ut
1626 3107 1790 3162 para-

197 3180 364 3234 disus
404 3189 460 3234 et
491 3179 801 3236 latronibus
847 3183 1169 3252 aperiretur.
1205 3182 1395 3254 Cogita
1444 3185 1788 3255 dignitatem,

1897 2003 2136 2064 quantus
2164 2005 2273 2051 est.
2301 1996 2692 2051 lnenarrabilis
2721 1997 2868 2051 enim
2917 2006 2973 2051 et
3020 1994 3488 2065 incomprehensi-

1897 2089 2025 2144 bilis
2050 2085 2212 2142 Pater
2239 2097 2346 2145 est.
2373 2086 2522 2143 Talis
2548 2099 2734 2142 autem
2764 2100 2819 2144 et
2867 2088 3039 2144 Filius
3070 2090 3239 2158 ipsius
3282 2088 3483 2144 Patris.

1898 2179 1956 2235 Si
1981 2180 2128 2235 enim
2167 2180 2239 2235 ob
2267 2181 2349 2234 sui
2383 2181 2816 2236 misericordiam
2849 2196 2947 2236 nos
2973 2183 3289 2251 assumpsit,
3339 2183 3483 2236 inte-

1898 2267 2098 2322 rimere
2129 2278 2254 2321 eum
2281 2267 2541 2324 debenms
2565 2271 2656 2340 qui
2683 2285 2781 2324 nos
2812 2270 3030 2325 salvat?
3057 2272 3184 2341 quid
3220 2272 3326 2328 hoc
3355 2272 3484 2328 mali

1896 2369 1979 2415 est
2013 2360 2085 2414 ita
2137 2360 2386 2414 homines
2419 2361 2487 2415 de
2514 2360 2654 2416 Filio
2685 2361 2930 2416 sentire?
2986 2361 3202 2417 Maneat
3238 2373 3295 2417 ut
3341 2373 3480 2430 erat,

1897 2457 1953 2504 et
1998 2449 2051 2503 in
2096 2462 2328 2515 corpore
2359 2459 2415 2504 et
2452 2450 2506 2502 in
2540 2450 2808 2519 praesepio
2853 2469 2868 2505 :
2909 2452 3042 2505 nihil
3088 2451 3293 2506 humile
3324 2453 3390 2507 de
3416 2467 3484 2509 eo

1897 2539 2126 2605 sentias,
2155 2541 2246 2608 qui
2285 2550 2336 2594 te
2362 2539 2644 2606 exaltavit,
2690 2540 2825 2594 nihil
2856 2540 3129 2610 abiectum
3168 2552 3264 2596 aut
3294 2543 3485 2598 incon-

1897 2665 2114 2721 gruum.
2147 2647 2268 2705 Noli
2299 2663 2560 2720 spernere
2590 2649 2934 2706 Salvatorem
2966 2661 3140 2706 tuum.
3171 2651 3228 2706 Si
3260 2653 3484 2722 quidem

1898 2743 2112 2798 etiamsi
2143 2743 2308 2798 verbo
2353 2759 2477 2798 eum
2525 2725 2816 2798 humiliare
2857 2743 3113 2806 volueris,
3146 2756 3339 2798 natura
3375 2761 3483 2800 nou

1899 2833 2232 2890 transfertur
2260 2836 2328 2889 ad
2379 2843 2522 2887 tuam
2577 2835 2838 2904 linguam.
2889 2836 2946 2890 Si
2983 2845 3164 2889 autem
3210 2846 3263 2891 et
3315 2839 3486 2893 abne-

1897 2923 2210 2995 gaverimus
2237 2938 2383 2988 eum,
2421 2926 2533 2992 ipse
2565 2924 2739 2979 fidelis
2770 2937 2953 2980 manet
2979 2936 3034 2980 et
3067 2943 3266 2999 negare
3292 2942 3483 2984 senon

1897 3023 2078 3087 potest
2107 3035 2122 3072 :
2155 3016 2259 3072 hoc
2285 3026 2393 3083 est,
2434 3032 2464 3070 a
2487 3019 2709 3087 propria
2747 3029 2942 3072 natura
2974 3035 3080 3074 non
3115 3021 3345 3075 excidit.
3374 3020 3483 3078 iste

1897 3108 2056 3164 nobis
2098 3108 2264 3164 Pater
2292 3125 2397 3164 nou
2434 3119 2594 3164 natus
2637 3119 2746 3176 est,
2775 3126 2916 3166 unus
2957 3113 3108 3169 solus
3135 3128 3243 3169 non
3295 3124 3479 3184 natus,

1899 3213 2004 3252 non
2037 3199 2106 3253 ab
2135 3198 2264 3262 alio,
2299 3213 2398 3255 nec
2429 3213 2498 3254 ex
2528 3199 2655 3253 alio.
2703 3199 2857 3270 Saepe
2886 3201 3009 3257 dico
3050 3203 3261 3258 eadem.
3293 3204 3481 3275 Siqui-

193 3283 256 3326 et
280 3271 497 3327 astima
525 3271 953 3344 magnitudinem
977 3277 1182 3346 gratiae.
1201 3276 1286 3331 Me
1304 3277 1452 3331 enim
1472 3293 1534 3330 ex
1566 3276 1793 3332 muliere
1819 3273 1862 3332 C
1896 3289 2015 3343 dem
2047 3297 2102 3343 et
2125 3286 2364 3344 Joannes
2393 3288 2485 3358 qui
2517 3292 2583 3344 de
2611 3289 2751 3346 Filio
2776 3291 2918 3346 dixit
2944 3293 2999 3347 in
3038 3295 3301 3363 principio
3339 3271 3480 3363 erat,

196 3363 380 3424 nasci,
409 3372 506 3417 aut
553 3372 624 3427 te,
669 3378 777 3418 non
812 3379 972 3435 supra
1017 3375 1274 3421 naturam
1316 3374 1420 3420 est.
1467 3364 1794 3420 Manducare

195 3462 294 3508 aut
323 3454 528 3517 bibere,
550 3455 790 3510 dormire
815 3466 865 3510 et
901 3472 1143 3527 surgere,
1161 3469 1217 3512 et
1254 3459 1314 3512 in
1349 3457 1613 3526 praesepio
1639 3455 1790 3526 poni,

195 3547 334 3601 nihil
362 3547 483 3602 novi
509 3547 552 3602 si
591 3548 838 3602 homines
865 3564 926 3603 ea
948 3565 1072 3620 quae
1093 3562 1225 3606 sunt
1259 3551 1544 3604 hominum
1570 3550 1792 3618 patiun-

193 3650 306 3695 tnr.
341 3639 477 3705 Quid
502 3650 677 3694 autem
706 3659 930 3709 novum,
957 3647 1097 3713 quid
1121 3643 1464 3707 admirabile,
1492 3642 1620 3710 quid
1649 3656 1788 3709 prae-

187 3731 438 3801 cipuum,
478 3734 606 3803 quid
648 3747 895 3790 nostrum
926 3738 1184 3791 debilqu
1219 3734 1611 3804 irrepensabile
1642 3732 1792 3786 Deo?

188 3824 294 3892 Qui
338 3825 482 3880 misit
517 3827 652 3880 Deus
685 3826 886 3883 Filium
919 3845 1118 3892 suum,
1153 3829 1302 3884 misit
1329 3828 1489 3881 Pater
1531 3825 1792 3894 Unigeni-

190 3930 331 3986 tum,
369 3920 516 3973 misit
545 3935 648 3973 non
681 3930 847 3980 natus
879 3920 1234 3990 progeniem,
1274 3920 1424 3973 misit
1445 3918 1787 3972 obedientem

193 4014 394 4078 bonus,
431 4013 582 4067 misit
617 4011 892 4082 justitiam
941 4014 1042 4082 qui
1073 4014 1277 4082 genuit.
1306 4011 1418 4068 Cur
1446 4009 1632 4066 misit?
1665 4024 1790 4079 pro-

190 4115 316 4176 pter
369 4113 704 4174 peccatores.
766 4101 879 4158 Cur
931 4105 1090 4160 misit
1113 4103 1140 4161 ἲ,
1185 4113 1408 4174 propter
1460 4104 1633 4157 Adam
1694 4101 1788 4170 qui

191 4197 510 4254 mandatum
543 4200 896 4268 contempsit.
929 4195 1108 4253 Venit
1135 4213 1266 4268 ergo
1303 4197 1394 4267 qui
1446 4196 1684 4252 obedivit
1719 4196 1789 4249 ad

195 4289 314 4345 haec
348 4307 362 4343 :
398 4301 456 4344 et
487 4290 766 4360 judicatnr
793 4289 967 4356 judex
999 4293 1072 4345 ob
1101 4292 1523 4344 condemnatum
1558 4305 1572 4341 :
1612 4286 1790 4340 cruci-

196 4383 384 4454 ﬁgitur
411 4382 515 4437 vita
539 4399 633 4453 pro
659 4391 879 4437 mortuo
912 4402 926 4436 :
953 4391 1263 4438 coronatur
1286 4381 1456 4450 spinis
1479 4379 1784 4450 gloriosus:

198 4475 338 4532 bibit
373 4473 464 4540 fel,
499 4474 616 4529 fons
651 4473 850 4530 dulcis.
883 4472 1033 4541 Quid
1089 4474 1427 4527 inveniemus
1471 4471 1536 4524 ad
1589 4485 1787 4540 reprae—

198 4568 560 4626 sentandumi
593 4568 868 4640 quomodo
915 4582 1146 4636 agemus
1197 4566 1442 4637 gratias?
1470 4563 1585 4619 Non
1632 4563 1782 4619 sum-

200 4665 354 4720 ciunt
384 4663 578 4734 lingua:
608 4675 958 4725 nostra:,nou
994 4675 1115 4725 ora,
1135 4661 1351 4715 etiamsi
1380 4658 1583 4713 fuerint
1613 4660 1780 4712 mille.

200 4755 321 4810 Non
350 4755 644 4811 snliicimus
691 4769 814 4817 nos,
852 4752 1133 4820 adjutores
1158 4767 1485 4822 quaeramus.
1515 4751 1785 4820 Adjuvent

204 4862 308 4902 nos
339 4849 515 4916 angeli
550 4866 564 4901 :
611 4849 892 4902 nobiscum
936 4848 1168 4917 gratiam
1203 4849 1431 4902 reddant
1463 4855 1519 4902 et
1550 4851 1785 4903 archan-

206 4938 338 5006 geli,
395 4952 454 4990 ut
509 4948 566 4992 et
611 4938 714 5007 ipsi
773 4938 1062 5008 gaudeant.
1115 4937 1174 4993 Si
1215 4941 1431 5009 quidem
1493 4950 1546 4995 et
1601 4941 1782 4995 omnis

204 5040 466 5090 creatura
525 5041 715 5100 parata
755 5041 857 5086 est.
902 5032 1142 5087 l’arturit
1174 5034 1320 5087 enim
1362 5045 1416 5088 et
1475 5035 1780 5105 ingemiscit

207 5130 267 5176 et
296 5133 578 5191 exspectat
610 5133 848 5178 nostram
884 5126 1133 5191 salutem,
1179 5137 1240 5179 ut
1271 5135 1324 5180 et
1368 5127 1482 5196 ipsa
1519 5128 1780 5182 liberetur

213 5226 245 5267 a
276 5212 481 5267 dolore.
516 5213 800 5271 Liberatur
829 5216 973 5271 enim
1001 5228 1056 5272 et
1093 5217 1174 5273 sol
1203 5234 1272 5272 ne
1299 5219 1438 5273 ultra
1478 5220 1734 5274 adoretur
1763 5238 1775 5274 ε

213 5317 270 5362 ει
328 5307 476 5371 luna,
539 5327 606 5366 ue
667 5312 783 5382 ipsa
834 5313 1195 5368 calumnietur
1226 5332 1256 5370 a
1309 5317 1562 5372 deitate:
1609 5319 1780 5373 stella:

211 5401 401 5467 etiam,
450 5411 508 5455 ut
553 5419 657 5458 non
687 5407 1124 5461 contaminentur
1168 5406 1360 5466 hostiis
1396 5431 1408 5466 :
1443 5423 1499 5466 nt
1526 5414 1637 5481 jam
1673 5429 1778 5468 non

212 5492 356 5546 male
407 5493 670 5550 conﬂetur
719 5509 1000 5568 argentum
1053 5518 1067 5554 :
1118 5517 1334 5573 aurum,
1372 5518 1430 5562 ut
1475 5523 1583 5564 non
1631 5512 1779 5566 coin.

285 5606 331 5640 "
369 5605 522 5664 Joau.
557 5625 690 5677 xvu,
721 5612 772 5667 ὃ.
849 5614 938 5669 "l
970 5615 1110 5672 Tim.
1134 5633 1209 5688 Vl,
1243 5620 1333 5678 l6.

209 5721 529 5866 naggara“.
558 5723 825 5786 conﬂatur
848 5744 1138 5805 “gmw”:
1164 5754 1376 5812 “Tum,
1416 5754 1468 5799 ut
1499 5762 1602 5804 non
1627 5751 1740 5806 colu
1759 5783 1775 5794 -

1894 3394 2004 3434 non
2060 3382 2249 3448 tacuit,
2297 3381 2393 3435 sed
2439 3380 2756 3452 frequenter
2812 3384 2914 3450 ait,
2970 3383 3124 3439 Erat.
3155 3385 3294 3453 Quid
3335 3390 3482 3443 enim

1893 3468 2038 3523 aliud
2091 3479 2147 3524 et
2201 3469 2425 3525 deberet
2476 3470 2625 3526 dici?
2673 3471 2880 3529 Domus
2941 3473 3072 3528 Dei?
3117 3477 3482 3546 quodcunque

1893 3557 2193 3614 dixerimus
2225 3568 2331 3626 est,
2360 3560 2503 3628 quod
2538 3576 2644 3616 non
2681 3562 2746 3617 de
2777 3561 2917 3620 Filio
2939 3576 3022 3619 est
3051 3582 3064 3619 :
3093 3566 3329 3621 alienum
3362 3568 3479 3639 (85)

1893 3665 1922 3704 a
1955 3652 2043 3706 die
2068 3662 2170 3707 est.
2223 3652 2461 3721 Spiritus
2507 3655 2559 3708 in
2611 3657 2791 3712 medio
2835 3667 3081 3713 nostrum
3113 3667 3196 3714 est
3232 3676 3247 3714 :
3293 3661 3338 3714 si
3373 3677 3479 3716 non

1892 3743 2159 3812 spiritalia
2186 3745 2348 3798 locuti
2382 3745 2669 3810 fuerimus,
2708 3749 3104 3806 contristamus
3144 3733 3394 3821 spiritum
3423 3755 3479 3809 in

1891 3851 1998 3904 quo
2051 3837 2247 3906 signati
2299 3855 2510 3894 sumus.
2570 3840 2757 3896 Gloria
2815 3841 2934 3907 Dei,
2971 3845 3174 3898 veritas
3217 3846 3337 3910 Dei,
3371 3861 3477 3902 non

1890 3931 2087 3997 quaarit
2114 3944 2142 3982 a
2187 3940 2238 3984 te
2270 3930 2474 3997 laudes,
2507 3934 2602 3986 sed
2634 3950 2732 3989 nec
2760 3935 2828 3989 ab
2850 3937 3079 4007 angelis.
3121 3937 3237 3991 Non
3267 3939 3387 3995 dico
3420 3951 3480 3995 ut

1890 4035 1919 4073 a
1958 4031 2028 4084 te,
2061 4022 2154 4076 sed
2183 4024 2380 4091 quaerit
2418 4040 2447 4078 a
2501 4035 2555 4080 te
2602 4035 2660 4080 ut
2711 4042 2979 4098 agnoscas
3013 4045 3135 4084 eum
3174 4049 3188 4085 :
3221 4034 3479 4099 prodesse

1890 4111 2034 4167 enim
2069 4113 2119 4168 ei
2152 4127 2329 4183 potes,
2365 4116 2408 4171 si
2442 4131 2567 4170 eum
2611 4122 2936 4187 agnoveris?
2986 4135 3079 4178 aut
3114 4124 3306 4180 lumini
3345 4142 3476 4198 pro-

1888 4204 2027 4270 dest,
2059 4219 2186 4261 cun;
2237 4208 2425 4262 vides?
2453 4218 2513 4263 ut
2540 4212 2784 4268 dicamus
2812 4215 2938 4284 quia
2981 4227 3030 4271 et
3064 4219 3173 4272 Deo
3215 4219 3478 4288 prodesse

1888 4306 2091 4365 potest.
2147 4299 2287 4356 Deus
2334 4301 2478 4354 enim
2511 4303 2620 4357 vult
2676 4315 2728 4359 te
2757 4321 3054 4376 agnoscere
3087 4324 3165 4364 se.
3215 4311 3473 4382 Cog'nitio

1887 4413 2033 4466 enim
2087 4414 2179 4469 Dei
2225 4427 2428 4471 aeterna
2470 4421 2578 4474 vita
2625 4431 2742 4488 est;
2796 4438 2900 4478 non
2942 4423 3073 4489 Deo,
3122 4427 3217 4479 sed
3265 4426 3351 4482 his
3381 4430 3473 4497 qui

1888 4518 2246 4586 cognoscunt.
2300 4508 2375 4564 Ita
2403 4514 2548 4566 enim
2591 4522 2645 4568 et
2684 4515 2945 4571 Dominus
2977 4521 3316 4586 pronuntiat.
3343 4520 3471 4577 Hazc

1815 4615 1862 4670 ι)
1891 4608 1962 4650 est
1993 4608 2172 4652 autem
2204 4601 2309 4654 vita
2338 4612 2558 4669 (eterna,
2593 4614 2648 4657 ut
2678 4619 2995 4676 cognoscunt
3027 4622 3073 4662 te
3099 4612 3269 4665 solum
3297 4630 3470 4667 verum

1889 4688 2078 4751 Deum.
2114 4706 2161 4746 et
2211 4711 2363 4762 quem
2417 4697 2611 4751 misisti
2654 4698 2839 4754 Iesum
2877 4700 3146 4756 Christum
3181 4705 3249 4760 7'.
3301 4705 3474 4760 Verus

1889 4780 2032 4836 Deus
2075 4795 2159 4838 est
2215 4786 2376 4842 Pater
2422 4789 2475 4842 in
2531 4805 2596 4845 eo
2640 4793 2784 4860 quod
2838 4810 2942 4848 non
2982 4806 3140 4849 natus
3167 4806 3270 4852 est.
3303 4797 3473 4854 Verus

1888 4871 2060 4930 Filius
2089 4886 2172 4931 est
2198 4883 2249 4932 iu
2275 4894 2338 4934 eo
2366 4883 2508 4950 quod
2539 4893 2620 4938 est
2650 4886 2978 4955 uuigenitus.
3016 4886 3128 4942 Non
3151 4890 3293 4943 enim
3320 4907 3473 4946 men-

1891 4968 2105 5022 dacium
2150 4972 2334 5035 genuit
2365 4988 2544 5028 verus.
2600 4973 2707 5030 Sed
2755 4993 2917 5032 verus
2968 4976 3132 5033 Pater
3171 4980 3311 5034 Deus
3362 4998 3469 5036 non

1891 5070 2051 5114 natus
2085 5078 2098 5115 ;
2130 5078 2287 5118 terus
2333 5062 2472 5119 Deus
2501 5065 2672 5121 Filius
2717 5069 3050 5139 unigenitus.
3091 5070 3224 5125 Nam
3258 5084 3312 5128 et
3339 5074 3470 5131 illud

1889 5149 2032 5215 quod
2084 5151 2286 5205 dictum
2335 5165 2465 5208 est:
2508 5155 2663 5210 Solus
2717 5158 2870 5212 habet
2920 5161 3372 5217 immortalitatem
3399 5164 3466 5231 ⁷³,

1887 5255 2076 5295 verum
2109 5253 2208 5298 est.
2240 5247 2284 5298 Α
2312 5249 2605 5317 semetipso
2639 5251 2785 5304 enim
2816 5253 2963 5309 solus
2996 5255 3176 5308 habet.
3205 5255 3310 5310 Sed
3360 5257 3468 5313 sic-

1889 5348 1948 5393 ut
1996 5335 2158 5392 Pater
2193 5339 2360 5393 vitam
2414 5341 2575 5395 habet
2605 5343 2658 5395 in
2709 5345 3001 5414 semetipso
3056 5367 3067 5402 :
3107 5348 3178 5401 ita
3225 5357 3278 5401 et
3327 5347 3468 5404 Filio

1889 5429 2038 5486 dedit
2072 5432 2235 5486 vitam
2291 5433 2489 5488 habere
2542 5435 2594 5489 in
2647 5437 2961 5506 semetipso.
2996 5435 3146 5493 Unus
3179 5453 3308 5508 ergo
3359 5456 3467 5496 non

1887 5533 2072 5593 natus,
2110 5537 2165 5579 et
2214 5541 2352 5580 unus
2393 5527 2727 5596 unigenitus,
2773 5538 2828 5582 et
2876 5545 3015 5586 unus
3062 5533 3298 5602 Spiritus
3336 5549 3469 5591 san-

1957 5753 2068 5819 (84)
2109 5753 2209 5811 Ms.
2244 5754 2307 5809 Ut
2343 5775 2444 5810 non
2479 5776 2607 5813 vane
2640 5762 3005 5819 comburamr.

1959 5826 2070 5892 (85)
2113 5828 2154 5880 A
2180 5830 2262 5882 die
2295 5841 2387 5884 est.
2419 5829 2581 5887 Forte
2610 5851 2638 5886 α
2665 5832 2770 5886 Dco
2795 5843 2892 5887 est.

2488 5966 2491 5969 '
2593 5954 2620 5992 \
