4072 6424
739 410 879 472 1059
1434 408 1697 466 EUSEBII
1732 406 2097 465 CESARIEN
2106 406 2210 464 SIS
2245 404 2347 464 0P]

2306 407 2393 464 PP.
2433 408 2614 463 PARS
2651 406 2740 462 IV.
2780 439 2850 448 —
2887 403 3333 463 DOGMATICA.
3824 404 3914 460 {000

737 539 876 585 ctus.
894 526 1015 581 Haec
1032 524 1163 577 dicit
1179 539 1280 577 una
1306 521 1546 576 Ecclesia
1571 539 1583 573 :
1606 521 1708 575 hoc
1731 522 2088 590 consignatur
2123 519 2176 573 in
2206 534 2311 573 uno
2339 526 2387 581 Α
2412 522 2741 576 sentiantur.
2773 518 2881 574 Ista
2908 519 3051 573 enim
3074 527 3171 571 est
3205 526 3425 571 aeterna
3451 516 3583 567 vita.
3609 511 3662 567 ln
3684 512 3760 568 his
3774 516 3918 571 erimus

736 618 1005 688 baptismo
1033 633 1048 670 :
1076 617 1189 668 haec
1219 614 1417 681 scripta
1441 622 1567 665 sunt
1598 613 1652 665 in
1682 612 1943 681 sanguine
1973 620 2293 680 martyrum,
2402 616 2520 672 sine
2563 614 2683 676 lite,
2715 611 2833 665 sine
2856 609 3057 678 iurgio,
3097 608 3231 664 sine
3278 606 3655 662 contentione.
3688 604 3758 659 Ad
3787 620 3917 675 pacem

730 717 792 764 et
814 719 939 762 ante
976 717 1243 776 martyres
1286 705 1338 757 in
1369 703 1631 772 sanguine
1667 702 1890 757 Christi.
1929 698 2040 755 Nec
2073 714 2295 769 spernas
2399 705 2546 761 enim
2576 717 2676 757 nos
2703 703 2917 756 vocavit
2938 700 3098 756 Deus.
3140 699 3273 768 lpse
3311 698 3465 753 enim
3501 694 3737 752 Christus
3763 707 3831 751 est
3850 712 3917 764 pu

734 800 853 869 ejus
908 798 1222 867 sanguinem
1248 793 1391 861 quod
1430 795 1507 846 tui
1559 802 1779 863 propter
1814 791 2015 847 effusus
2044 800 2127 846 est
2158 790 2289 861 (86).
2398 807 2588 854 nostra
2640 815 2655 851 :
2702 794 2759 849 In
2804 796 2920 865 ipso
2954 793 3131 849 vocati
3166 806 3396 847 sumus.
3434 790 3574 856 Quid
3605 788 3801 843 dimissa
3832 802 3919 857 paea

729 892 933 948 Eﬂ'udit
968 891 1111 945 enim
1142 902 1295 941 suum
1332 886 1647 956 sanguinem
1688 882 1945 939 Dominus
1974 894 2031 936 ut
2056 883 2291 936 salvare-
2396 889 2521 944 lites
2581 886 2942 942 assumimus?
2999 886 3115 941 Non
3181 883 3401 939 audisti
3466 897 3590 938 eum
3646 882 3871 937 dicentem
3910 901 3918 934 :

730 988 834 1049 ris,
868 994 921 1039 et
952 993 1007 1037 tu
1039 980 1205 1035 audes
1233 995 1295 1033 ea
1326 980 1504 1033 delere
1541 993 1660 1047 qure
1696 990 1791 1044 per
1816 976 2134 1046 sanguinem
2166 984 2291 1030 sunt
2395 982 2587 1037 Pacem
2640 995 2807 1034 mecm
2856 985 2924 1033 do
2976 980 3150 1043 vobis,
3212 992 3408 1045 pacem
3461 990 3632 1029 means
3687 972 3921 1042 ἀετάὶψο

732 1075 971 1145 scripta?
1003 1074 1095 1127 sed
1120 1072 1261 1142 quod
1292 1085 1389 1141 per
1416 1070 1726 1140 sanguinem
1752 1068 2011 1136 scriptum
2040 1078 2145 1133 est,
2178 1083 2287 1121 non
2390 1074 2535 1128 νυοί,
2578 1073 2666 1127 ητ
2698 1073 2863 1127 Suam
2904 1086 3090 1140 pacem
3124 1073 3229 1126 σει
3265 1069 3435 1125 nobis
3484 1068 3748 1131 Dominus.
3777 1075 3821 1120 ει
3854 1080 3919 1118 nos

732 1167 961 1221 deletur.
990 1163 1126 1220 Vide
1152 1178 1283 1219 sane
1314 1178 1382 1217 ne
1410 1172 1465 1217 et
1506 1171 1563 1215 tu
1608 1161 1673 1215 de
1706 1146 1844 1215 libro
1885 1160 2006 1213 vitae
2034 1161 2281 1216 delearis.
2388 1164 2566 1235 iurgia
2602 1178 2633 1218 e
2676 1171 2861 1217 contra
2898 1163 3237 1217 inducimus.
3291 1160 3451 1215 Finis
3494 1168 3673 1213 autem
3713 1156 3919 1212 sermonis

732 1256 905 1310 Adora
937 1270 1102 1309 unum
1158 1270 1263 1308 non
1310 1265 1515 1316 natum,
1554 1262 1608 1307 et
1637 1270 1802 1307 unum
1837 1252 2190 1323 unigenitum,
2222 1268 2288 1307 ne
2394 1257 2497 1311 iste
2532 1258 2621 1312 sit.
2653 1254 2836 1310 Gloria
2869 1256 2959 1309 uni
2998 1272 3103 1308 non
3153 1263 3297 1309 nato
3355 1254 3465 1307 Deo
3509 1267 3605 1322 per
3645 1264 3791 1303 unum
3833 1248 3919 1301 uni-

729 1363 954 1417 spernas
983 1362 1145 1401 unum
1174 1345 1443 1415 spiritum.
1482 1347 1659 1400 Adora
1694 1345 1933 1409 Patrem,
1965 1356 2018 1399 et
2060 1346 2289 1401 sairabit
2393 1350 2631 1417 genitum
2681 1346 2846 1401 Deum
2888 1346 3080 1401 Filium
3128 1347 3229 1400 Dei
3288 1347 3344 1399 in
3381 1359 3492 1399 uno
3523 1343 3717 1414 Spiritu
3754 1351 3915 1401 sancto,

723 1448 782 1493 te
801 1438 968 1493 Filius
1000 1458 1013 1493 :
1047 1440 1207 1492 adora
1234 1436 1452 1500 Filium,
1475 1447 1529 1491 et
1552 1438 1808 1507 suscipiet
1832 1447 1882 1491 te
1916 1453 2010 1505 per
2033 1454 2153 1491 eum
2181 1438 2284 1492 Pa-
2390 1440 2444 1494 οι
2472 1454 2614 1493 nunc
2632 1447 2688 1493 et
2718 1452 2932 1507 semper
2953 1447 3009 1492 et
3041 1452 3139 1507 per
3168 1438 3369 1492 omnia
3396 1434 3596 1491 secula
3637 1432 3915 1488 saeculorum.

727 1540 830 1583 ter.
864 1532 1131 1585 Confitere
1162 1530 1444 1598 Spiritum,
1472 1538 1526 1584 et
1568 1530 1805 1598 impertit
1831 1530 1944 1599 (87)
1976 1530 2069 1585 tibi
2113 1529 2283 1586 Filius
2388 1532 2582 1587 Amen.

722 1622 1007 1693 Spiritum.
1074 1622 1198 1677 Hac
1259 1622 1530 1687 dicantur,
1594 1622 1706 1676 haec
1752 1622 2081 1691 cogitentur,
2156 1622 2273 1677 haec

748 1876 3893 1912 ———-——-——————————-——————-———-——————-——————_

1798 2077 2153 2165 LIBER
2226 2075 2872 2167 SECUNDUS.

793 2431 922 2486 Puto
944 2432 1119 2486 adhuc
1149 2445 1308 2486 aures
1340 2430 1576 2498 obstrepi
1612 2443 1759 2483 meas
1779 2442 1811 2481 a
1845 2430 2100 2483 memoria
2146 2429 2288 2483 beati
2319 2439 2362 2493 Β
2393 2427 2652 2486 Dominus
2699 2426 2927 2487 reddens
2968 2449 3185 2489 causam
3216 2435 3302 2489 sui
3334 2435 3605 2489 adventus
3632 2432 3683 2486 in
3722 2429 3895 2493 mundo,

716 2522 868 2577 illius
904 2522 1004 2574 viri
1039 2521 1179 2590 (88),
1205 2519 1404 2590 quiilla
1432 2520 1676 2588 religiosa
1708 2517 2016 2586 frequenter
2044 2533 2172 2573 usus
2199 2528 2280 2575 est
2379 2521 2506 2576 dicit
2532 2524 2653 2591 quia
2694 2523 2813 2577 ideo
2844 2534 3003 2579 natus
3028 2542 3168 2587 sum.
3215 2536 3272 2582 et
3323 2528 3451 2581 ideo
3495 2526 3614 2581 veni
3647 2526 3696 2578 in
3739 2522 3895 2577 mundo

716 2625 874 2665 voce.
901 2608 1034 2663 Nam
1067 2619 1122 2663 et
1148 2623 1306 2664 aures
1329 2618 1525 2661 vestrae
1546 2607 1721 2659 adhuc
1754 2606 1950 2659 bonum
1982 2605 2095 2670 (89)
2130 2606 2275 2660 illius
2379 2615 2443 2667 uc
2466 2624 2629 2668 ιεειετ
2652 2616 2889 2679 vernali.
2918 2627 2973 2672 ei
3000 2627 3055 2670 ιυ
3082 2618 3319 2673 “mnis;
3345 2618 3485 2673 Nam
3521 2630 3575 2673 ει
3594 2617 3770 2673 pem”,
3798 2616 3893 2669 δα.

713 2701 865 2756 vocis
917 2701 1172 2755 retinent.
1210 2700 1345 2753 Puto
1396 2700 1537 2751 enim
1577 2712 1661 2750 me
1710 2698 1897 2751 audire
1928 2713 2046 2751 eum
2091 2699 2277 2753 dicen-
2378 2712 2482 2767 tus,
2515 2705 2704 2761 beatus
2745 2708 2947 2762 dicitur
2979 2708 3047 2773 “,
3077 2724 3182 2763 non
3229 2710 3303 2764 ob
3326 2710 3615 2779 jejunium,
3662 2723 3815 2777 neque
3842 2704 3893 2760 ob

716 2802 822 2847 tem
858 2809 871 2843 :
902 2788 1209 2860 Unigenitsts
1244 2789 1337 2842 Dei
1376 2786 1549 2841 Filius
1576 2788 1642 2841 °°.
1670 2787 1804 2840 Ecce
1839 2787 1981 2840 enim
2009 2787 2117 2856 (90)
2149 2788 2277 2841 reli-
2374 2796 2518 2851 aliud
2572 2797 2788 2867 aliquod
2841 2815 2998 2869 opus,
3034 2802 3125 2855 sed
3182 2803 3309 2872 quia
3361 2801 3529 2857 Pater
3577 2802 3627 2854 ei
3682 2799 3893 2854 revelant

712 2885 859 2953 ginsa
895 2897 999 2937 vox
1030 2896 1124 2951 per
1147 2898 1207 2934 ns
1228 2882 1344 2949 ejus
1380 2894 1593 2948 semper
1618 2878 1982 2949 promebatur.
2017 2877 2273 2933 Memoria
2372 2885 2591 2941 Filium.
2627 2889 2694 2943 Et
2737 2891 2932 2946 iterum
2983 2892 3141 2948 Pater
3172 2894 3377 2962 ubique
3413 2894 3481 2950 de
3522 2893 3657 2948 Filio
3686 2901 3889 2946 testatur.

708 2973 857 3028 enim
912 2982 1029 3028 erat
1076 2972 1349 3046 Unigeniti
1405 2972 1475 3025 ad
1524 2969 1752 3038 gloriam
1782 2984 1889 3022 non
1935 2971 2044 3023 nati
2075 2968 2271 3025 Patris.
2372 2976 2504 3032 Nam
2549 2989 2604 3034 et
2656 2982 2709 3033 in
2760 2982 3027 3049 baptismo
3084 2981 3330 3050 Joannis,
3389 2987 3537 3039 etin
3590 2991 3757 3037 monte
3785 2978 3889 3033 nihil

709 3066 1026 3121 Audivimus
1074 3074 1252 3120 autem
1300 3062 1603 3133 apostolum
1650 3062 2048 3133 praecipientem
2102 3063 2273 3115 bono-
2370 3072 2514 3125 aliud
2542 3073 2912 3141 proclamavit,
2941 3074 3041 3129 nisi
3066 3089 3080 3126 :
3102 3072 3201 3127 Hic
3231 3084 3309 3128 est
3340 3073 3521 3128 Filius
3545 3089 3681 3127 meus

710 3157 821 3213 ῐπί
869 3156 1069 3227 dupli“
1133 3157 1340 3211 honore
1395 3154 1589 3209 debere
1638 3153 1992 3223 Ρτθδδῖιθτοε
2022 3151 2066 3184 ⁸⁸
2112 3167 2127 3204 ³
2181 3167 2275 3205 €08
2372 3166 2556 3229 simus,
2584 3165 2639 3217 in
2676 3181 2777 3233 quo
2814 3167 2938 3219 bene
2963 3148 3340 3233 conspicati".
3376 3165 3641 3221 Similiter
3664 3174 3713 3220 et
3730 3160 3889 3218 Paulus

710 3248 945 3302 maxime
974 3248 1067 3316 qui
1091 3246 1343 3300 laborant
1368 3245 1420 3297 in
1451 3243 1613 3297 verbo
1638 3251 1691 3295 et
1713 3240 1977 3295 doctrina.
2004 3238 2105 3305 Qui
2128 3240 2273 3292 enim
2373 3259 2497 3309 dum
2536 3256 2754 3310 docere,
2797 3257 3015 3311 dicet,“
3046 3276 3059 3312 ε
3106 3254 3536 3314 Fundanum,“
3576 3261 3712 3312 aliud
3736 3264 3890 3325 ρηισ

708 3339 1024 3408 pudicitiam
1071 3337 1219 3401 colit,
1272 3337 1447 3391 bonus
1491 3344 1575 3389 est
1621 3333 1725 3389 sibi
1766 3352 1781 3388 :
1822 3342 1877 3388 et
1913 3333 2004 3401 qui
2038 3332 2271 3401 jejunat,

2370 3364 2486 3401 cum
2507 3348 2596 3417 qui
2628 3354 2703 3400 est
2724 3349 2925 3415 positus
2963 3364 3108 3402 nemo
3151 3359 3315 3416 potest
3356 3366 3569 3417 ponere,
3594 3358 3767 3419 prater
3788 3358 3884 3399 esu

707 3429 875 3483 etiam
935 3428 980 3483 si
1033 3428 1233 3483 bonum
1286 3427 1451 3481 iaciat
1495 3440 1648 3493 opus,
1686 3434 1866 3480 tamen
1901 3426 2046 3479 sibi:
2091 3435 2146 3479 et
2180 3425 2273 3494 qui

2368 3438 2456 3506 qui
2506 3448 2579 3490 est
2626 3435 2862 3491 Christus
2912 3438 3068 3493 Jesus
3089 3438 3157 3494 ⁸⁸.
3215 3436 3275 3493 Si
3322 3441 3495 3510 igitur
3530 3441 3884 3494 fundamentsm

708 3522 1016 3587 miseretur.
1053 3529 1108 3575 et
1155 3517 1261 3574 sibi
1298 3517 1728 3573 miscricordiam
1772 3526 1951 3587 parat.
1988 3526 2046 3572 et
2087 3517 2137 3571 ei
2183 3517 2271 3571 cui
2367 3528 2530 3583 fuerit
2555 3528 2784 3594 salvum,
2826 3541 3008 3598 sperat
3053 3531 3339 3585 aediﬁcatio
3383 3533 3524 3587 bene
3580 3531 3814 3602 proiicere
3840 3538 3885 3579 se

705 3638 932 3707 praebet,
966 3636 1067 3703 Qui
1098 3644 1276 3690 autem
1310 3634 1626 3705 religionem
1655 3632 1951 3689 secundum
1987 3634 2266 3687 vei-amem
2367 3636 2525 3691 posse
2553 3639 2567 3675 :
2603 3622 2647 3676 si
2677 3622 2827 3676 radix
2858 3622 3021 3679 fuerit
3049 3638 3200 3688 sana,
3242 3638 3367 3693 spes
3392 3634 3484 3679 est
3516 3625 3711 3678 fructus
3730 3634 3785 3673 ex
3824 3630 3885 3670 ra-

704 3728 881 3791 docet,
906 3737 963 3781 et
1006 3726 1108 3781 sibi
1140 3727 1279 3779 viam
1328 3734 1588 3779 aeternam
1618 3723 1873 3794 acquirit,
1919 3732 1976 3777 et
2015 3724 2267 3778 oumibus
2366 3714 2470 3767 mis
2501 3714 2764 3783 πείρετε.
2798 3715 2853 3769 Si
2880 3726 3059 3771 autem
3090 3717 3302 3771 iniirme
3317 3715 3483 3771 luerit
3504 3715 3881 3771 fundamentum.

704 3822 795 3890 qui
822 3821 1101 3873 docentur.
1131 3816 1251 3872 Non
1284 3826 1369 3871 est
1400 3826 1730 3885 praeceptum
1755 3816 2013 3885 apostolis
2042 3826 2101 3869 ut
2134 3832 2263 3884 pan-
2289 3834 2331 3891 ρ
2367 3805 2417 3859 in
2469 3804 2709 3873 Periculo
2758 3818 2884 3862 sunt
2939 3821 3001 3862 ea
3048 3822 3167 3877 quae
3220 3817 3671 3878 superponuntur.
3715 3803 3881 3857 Aurum

704 3926 862 3981 peres
906 3918 1212 3978 pascerent,
1246 3910 1338 3963 sed
1372 3917 1429 3961 ut
1474 3917 1528 3962 et
1573 3907 1675 3975 ipsi
1715 3916 2088 3976 pascerentur.
2119 3906 2264 3961 Reli-
2362 3899 2505 3952 enim
2558 3897 2703 3967 quod
2736 3913 2899 3969 super
2950 3899 3377 3963 fundamentum,
3421 3909 3476 3954 et
3529 3905 3809 3968 argentum,
3840 3902 3881 3943 ει

702 4004 878 4073 gionis
903 4018 1029 4073 ergo
1060 4002 1369 4071 praedicatio
1404 4002 1573 4069 major
1595 4010 1679 4057 est
1701 4015 1729 4053 a
1752 4001 2119 4056 misericordia
2142 4016 2264 4071 quae
2362 3996 2693 4064 margaritae,
2745 4005 2802 4052 et
2846 3997 3051 4067 lapides
3094 3999 3339 4068 pretiosi,
3395 4011 3448 4054 et
3496 3999 3692 4061 fenum,
3731 4004 3777 4051 et
3806 3994 3879 4049 sii-

703 4096 763 4152 iit
807 4096 873 4150 ad
919 4096 1165 4150 homines
1198 4102 1451 4164 :oportet
1497 4093 1639 4147 enim
1690 4094 1921 4163 primum
1958 4107 2117 4147 nosse
2140 4108 2261 4148 eum
2360 4087 2521 4155 pulte.
2554 4099 2610 4143 et
2640 4088 2783 4159 ligna
2829 4101 3103 4160 ponuntur
3138 4107 3153 4145 :
3198 4093 3329 4147 nihil
3363 4092 3511 4147 aliud
3557 4089 3799 4161 signiﬁcat
3835 4086 3876 4140 in

702 4198 925 4259 propter
958 4200 1122 4256 quem
1162 4185 1293 4240 iiunt
1323 4200 1385 4238 ea
1415 4199 1534 4253 quae
1565 4183 1722 4249 lium,
1753 4192 1807 4239 et
1841 4184 1913 4237 ita
1952 4184 2127 4239 facere
2160 4184 2263 4238 mi-
2362 4179 2465 4235 hoc
2503 4180 2645 4245 loco,
2696 4182 2798 4236 nisi
2838 4183 3054 4252 quidem
3106 4185 3548 4254 praedicationem
3588 4198 3680 4255 per
3720 4192 3872 4235 suram

700 4276 1098 4331 sericordiam:
1149 4273 1516 4342 unusquisque
1544 4274 1687 4326 enim
1715 4274 1807 4342 qui
1852 4284 2128 4341 operatur,
2157 4273 2259 4328 sibi
2358 4278 2410 4325 et
2456 4280 2741 4341 argentum
2777 4284 2832 4327 et
2884 4274 3090 4345 lapides
3132 4277 3421 4346 pretiosos.
3472 4276 3553 4331 Ea
3588 4284 3753 4330 autem
3781 4282 3874 4339 qua:

700 4368 933 4439 acquirit
965 4381 1097 4436 opus
1128 4382 1143 4419 :
1177 4365 1491 4431 praedicatio
1513 4374 1693 4418 autem
1736 4364 1980 4417 veritatis
2011 4362 2125 4417 haec
2154 4372 2257 4429 est,
2357 4374 2553 4432 praeter
2580 4365 2861 4421 veritatem
2896 4378 3042 4433 sunt,
3074 4369 3181 4440 igni
3232 4378 3417 4439 utpote
3466 4370 3646 4439 digna,
3686 4362 3790 4419 leno
3832 4368 3873 4413 et

698 4468 919 4529 propter
955 4473 1115 4527 quam
1147 4467 1199 4511 et
1231 4456 1395 4509 Filius
1429 4455 1574 4509 venit
1609 4456 1663 4508 in
1697 4469 1943 4523 corpore.
1981 4452 2095 4509 Non
2124 4455 2260 4509 dixit
2358 4454 2569 4525 stipula
2594 4465 2651 4512 et
2696 4458 2843 4529 ligno
2877 4461 3227 4529 comparavit.
3259 4461 3375 4514 Non
3422 4462 3570 4514 enim
3603 4457 3724 4514 dixit
3760 4455 3873 4523 Apo-

699 4526 984 4611 bominus,
1012 4546 1159 4601 Beati
1189 4543 1329 4599 oculi
1357 4557 1545 4597 eorum
1593 4543 1684 4612 qni
1734 4541 2002 4609 ieiunam,
2049 4541 2143 4596 sed
2180 4541 2259 4595 Vi-
2356 4546 2561 4601 stolus:
2598 4547 2655 4602 Si
2687 4526 2809 4619 quis
2850 4566 2956 4605 non
2997 4526 3203 4607 dederit
3233 4552 3477 4622 pauperi,
3513 4552 3780 4607 anathema
3798 4546 3868 4601 sit.

697 4642 961 4703 dentium,
982 4639 1179 4707 inquit,
1207 4652 1270 4691 ea
1300 4650 1418 4705 quae
1444 4635 1635 4690 videtis
1651 4634 1716 4686 ⁸³.
1742 4634 1846 4688 Sed
1868 4649 1970 4686 non
1992 4648 2092 4703 ego
2119 4647 2258 4688 nunc
2357 4637 2471 4693 Non
2508 4641 2611 4707 ista
2635 4642 2838 4712 denego
2882 4660 2897 4699 :
2936 4643 3029 4698 sed
3062 4658 3183 4711 quae
3220 4645 3393 4707 prima
3423 4655 3572 4708 sunt,
3610 4643 3796 4713 prima;
3829 4644 3869 4691 et

694 4733 865 4788 bonos
897 4742 1049 4785 actus
1091 4744 1331 4784 accuso:
1374 4727 1468 4781 sed
1496 4728 1635 4781 sicut
1657 4726 1809 4781 stella
1845 4727 2013 4780 stella:
2043 4724 2257 4794 praefert
2354 4744 2476 4798 quae
2532 4735 2765 4787 secunda
2792 4774 2807 4798 ,
2859 4735 3113 4789 secunda.
3170 4732 3354 4790 Primo
3398 4738 3650 4791 condisce
3695 4738 3867 4805 propter

696 4824 888 4895 gloria,
930 4823 1003 4876 ita
1042 4832 1095 4877 et
1126 4830 1277 4876 actus
1310 4818 1422 4892 (9i)
1471 4819 1679 4872 actibus
1728 4814 1981 4872 diﬂerunt
2032 4818 2251 4870 honore.
2353 4835 2515 4890 quem
2550 4821 2705 4889 facis,
2740 4836 2795 4880 ει
2826 4826 2897 4879 ita
2937 4826 3112 4881 facito.
3142 4825 3287 4880 Μιιιιί
3318 4829 3459 4882 enim
3496 4828 3753 4881 hominum
3792 4836 3865 4890 pe.

696 4918 975 4971 Summum
1031 4914 1173 4966 enim
1216 4920 1271 4963 et
1306 4909 1651 4979 pracipuum,
1692 4916 1745 4961 et
1784 4908 2013 4976 primum
2067 4906 2256 4959 funda-
2354 4913 2572 4967 coribus
2618 4925 2746 4969 sum
2794 4916 2999 4972 similes
3038 4934 3051 4969 ;
3102 4926 3291 4986 puum
3320 4931 3428 4971 ηοιι
3458 4932 3581 4972 esse
3613 4909 3864 4971 necessaria

694 5014 933 5062 mentum
966 5014 1019 5058 et
1067 5004 1213 5055 radix
1252 4999 1491 5054 omnium
1515 5014 1737 5068 operum
1764 5014 1882 5068 qtlze
1916 5002 2069 5063 iiuni,
2120 4998 2253 5052 lides
2353 5020 2595 5075 quaerere
2628 5006 2694 5060 de
2726 5008 2811 5062 his
2835 5023 2955 5078 qua:
2985 5009 3259 5078 possibilia
3288 5019 3413 5063 sunt
3436 5020 3749 5080 quaerantur.
3776 5001 3865 5059 Sic-

692 5107 777 5153 est
801 5110 946 5150 vera.
972 5094 1106 5148 Dicit
1130 5093 1273 5147 enim
1304 5089 1560 5145 Dominus
1582 5104 1597 5143 :
1619 5088 1728 5159 Ego
1748 5100 1960 5158 praptcr
1987 5090 2081 5143 hoc
2111 5091 2245 5153 veni,
2352 5106 2411 5150 ut
2430 5112 2563 5169 ergo
2586 5098 2654 5155 de
2680 5100 2766 5155 his
2792 5116 2911 5170 quae
2939 5110 3161 5169 possunt
3183 5102 3375 5173 queri,
3408 5103 3660 5158 inertium
3682 5108 3753 5158 est
3782 5109 3861 5151 non

693 5200 739 5242 et
768 5195 977 5257 propter
1000 5185 1095 5239 hoc
1124 5196 1276 5239 satis;
1307 5200 1446 5250 sum,
1482 5193 1539 5237 ut
1579 5193 1731 5237 tester
1773 5185 1979 5237 veritati
2009 5184 2077 5237 ³³.
2128 5182 2244 5254 ipse
2274 5179 2318 5234 D
2346 5202 2621 5258 quaerere;
2676 5190 2754 5244 ita
2797 5189 2863 5245 de
2917 5190 3000 5244 his
3030 5203 3149 5259 qua
3196 5205 3303 5245 non
3353 5202 3575 5245 necesse
3606 5201 3687 5245 est
3715 5180 3860 5257 queri.

741 5370 1099 5434 "Joan.xiv,
1148 5370 1277 5441 27.,
1342 5371 1388 5404 ⁸⁸
1424 5373 1579 5428 Joan.
1624 5390 1665 5440 ι,
1724 5370 1819 5439 i8;
1882 5389 1966 5434 ιιι.
2014 5372 2102 5429 l8.
2230 5374 2315 5428 ιιι
2347 5375 2487 5429 'l‘im.
2522 5391 2577 5441 ν,
2611 5376 2700 5432 l7.
2797 5376 2842 5410 “
2866 5375 2996 5433 Luc.
3032 5392 3092 5441 x,
3124 5376 3216 5433 25.
3349 5377 3395 5410 “
3416 5375 3574 5433 Joan.
3615 5392 3760 5442 xvm,
3794 5368 3858 5425 37-

691 5441 740 5474 “
768 5442 955 5495 Matth.
1003 5456 1114 5506 ιιι,
1154 5442 1239 5496 17.
1316 5442 1362 5475 ⁸⁸
1388 5442 1574 5498 Matth.
1607 5459 1689 5509 lli,
1723 5442 1817 5509 i7;
1856 5459 1989 5512 xvu,
2020 5446 2072 5499 5.
2152 5446 2199 5479 ⁸⁸
2241 5447 2263 5501 ι
2296 5446 2422 5502 Cor.
2458 5448 2653 5512 1H,“.

712 5556 872 5639 "(86)
913 5557 1013 5639 ζυί
1033 5560 1472 5639 ργορεετῖξῑνεκιι
1492 5560 1607 5624 σοῦ,
1635 5560 1828 5615 iterum
1853 5560 1990 5615 infra
2022 5564 2121 5619 sub
2148 5563 2243 5619 iln.
2350 5579 2646 5639 cessarem,
2677 5564 2745 5639 de
2794 5579 2904 5639 quo
2934 5564 3134 5639 Euseb.
3194 5563 3291 5639 lib.
3314 5580 3441 5639 _vn_
3474 5563 3619 5620 Hist.
3667 5576 3767 5635 cap.
3791 5552 3857 5617 εἰ.

689 5626 889 5698 Ιὶικνι,
917 5628 991 5698 De
1012 5646 1069 5683 eo
1096 5626 1232 5698 quod
1257 5632 1332 5684 ait
1356 5630 1517 5685 Deus.
2351 5636 2417 5691 de
2453 5626 2642 5691 eodem
2678 5626 2835 5691 beato
2858 5636 2972 5690 viro
2998 5635 3139 5689 inira
3170 5635 3274 5691 col.
3307 5635 3465 5691 1065.

762 5697 877 5839 (8'7;
916 5697 1172 5781 Impertit.
1200 5698 1361 5783 Forte
1389 5702 1662 5783 impertiet.
2419 5706 2531 5775 (89)
2571 5706 2795 5760 Bonum.
2827 5706 3068 5760 Valesius
3094 5705 3218 5777 legit
3248 5722 3457 5759 sonitus.

762 5768 853 5837 (88
916 5767 1059 5823 Beati
1082 5770 1225 5823 illius
1249 5788 1365 5826 om.
1402 5771 1685 5839 Pamphili.
1716 5784 1777 5829 ut
1803 5774 1965 5829 Henr.
1996 5774 2241 5831 Valesius
2419 5779 2531 5839 (90)
2572 5774 2705 5829 Ecce
2734 5777 2890 5829 enim.
2939 5774 3178 5831 Valesius
3209 5776 3339 5839 legit
3366 5779 3457 5830 lim

761 5767 877 5839 (88)
916 5767 1059 5823 Beati
1082 5770 1225 5823 illius
1249 5772 1365 5826 uiri.
1402 5771 1685 5841 Pamphili.
1716 5784 1777 5829 ut
1803 5774 1965 5829 Henr.
1996 5774 2241 5831 Valesius
2419 5767 2531 5843 (90}
2572 5774 2705 5829 Ecce
2734 5777 2890 5829 enim.
2939 5767 3178 5831 Valesius
3209 5776 3339 5842 legit
3366 5779 3478 5830 lucc
3504 5777 3663 5835 enim.

686 5851 908 5905 censet;
936 5855 1032 5897 nos
1076 5843 1369 5912 Agapetum
1418 5845 1594 5913 potius
1626 5857 1875 5916 putamus
1904 5846 2120 5904 Eusebii
2146 5851 2241 5905 de-
2419 5847 2530 5924 (9i)
2574 5847 2693 5917 his,
2722 5846 2916 5905 Prwcst
2944 5849 3137 5919 gloria,
3166 5848 3237 5903 ita
3260 5860 3307 5902 ct
3339 5860 3514 5902 actus.
