4072 6426
162 393 332 452 1061
1097 399 1184 456 DE
1216 401 1374 458 FIDE
1405 401 1778 460 ADVERSUS
1815 401 2232 460 SABELLIUM.
2275 434 2343 446 --
2378 399 2506 458 LIB.
2549 402 2616 459 ll.
3357 405 3497 464 1062

163 513 446 568 audacia
481 523 571 572 est
594 517 894 589 quaerendi.
921 517 1054 586 Qua
1076 533 1207 590 ergo
1229 521 1428 576 debent
1460 522 1670 591 quaerit
1697 537 1816 592 qua:
1839 527 1889 586 Α
1914 531 1969 578 et
1988 536 2094 577 nos
2124 521 2177 597 in
2201 535 2338 590 pace
2363 521 2595 585 vocavit,
2633 535 2745 576 non
2775 528 2953 576 tamen
2989 521 3056 578 ad
3088 521 3236 579 litem
3269 541 3283 577 :
3315 538 3492 596 pugna

162 604 543 665 invenimus
570 608 956 680 in-Scripturis
978 611 1154 682 posita
1187 629 1203 666 :
1231 627 1352 682 qua:
1378 622 1556 668 autem
1580 615 1633 668 in
1662 613 1810 668 Scri-
1910 627 2017 667 non
2055 611 2237 678 docet,
2284 612 2380 668 sed
2410 613 2601 668 incitat
2633 613 2808 684 magis
2859 632 2872 668 :
2906 615 2973 668 lis
3012 629 3120 670 non
3162 628 3367 679 monet,
3396 618 3492 672 sed

161 695 383 762 putris
442 714 563 754 non
617 700 955 768 invenimus,
1004 717 1112 757 non
1163 717 1492 773 quaeramus.
1553 704 1609 758 Si
1659 706 1805 759 enim
1907 703 2178 759 ﬂammam
2209 705 2478 762 accendit.
2511 705 2802 761 Contentin
2827 717 3007 762 autem
3032 709 3189 780 equis
3217 711 3490 773 convenit,

160 801 508 858 oporteret
546 793 703 849 nobis
732 808 856 850 esse
897 796 1133 865 cognita,
1165 797 1352 866 utique
1397 797 1633 866 Spiritus
1675 814 1806 854 san-
1906 810 2014 850 non
2046 806 2226 851 tamen
2259 796 2514 853 Ecclesiae
2540 796 2656 853 Dei.
2690 797 2790 865 Qui
2817 799 2966 853 novit
2995 815 3056 854 ea
3081 814 3204 870 quas
3233 799 3493 868 possibile

158 891 315 938 ctus
369 885 667 955 posuisset
712 901 776 942 ea
825 888 877 942 in
914 887 1212 957 Scripturis
1248 905 1263 944 :
1295 903 1402 943 non
1432 905 1622 945 sumus
1659 890 1803 946 enim
1905 895 1992 942 est
2041 887 2203 952 scire,
2247 887 2440 943 doceat
2481 903 2604 944 cum
2651 890 2917 946 modestia
2965 906 3090 947 eum
3116 891 3208 962 qui
3248 893 3488 962 ignorat,

165 977 593 1044 sapientiores
637 995 668 1035 a
717 981 922 1050 spiritu
968 989 1178 1041 sancto,
1219 981 1279 1038 Si
1329 981 1530 1038 dixerit
1568 981 1804 1053 Spiritus
1903 993 2013 1033 non
2044 987 2222 1034 tamen
2263 979 2615 1036 incitamento
2662 998 2678 1036 :
2720 983 3130 1038 incitamentum
3163 984 3308 1040 enim
3336 991 3391 1038 et
3419 985 3485 1038 ad

163 1080 445 1126 Sanctus
485 1090 499 1125 :
540 1069 937 1128 Generationem
977 1073 1092 1143 ejus
1119 1074 1237 1142 quis
1267 1074 1645 1128 snarrabit"?
1691 1075 1800 1132 noli
1902 1083 1968 1124 ea
2003 1083 2126 1138 qua:
2154 1078 2340 1139 aperta
2393 1078 2519 1126 sunt
2565 1073 2967 1129 contentionem
3012 1074 3152 1142 parit
3208 1090 3360 1129 :non
3412 1075 3487 1129 ita

164 1174 472 1231 querere
507 1179 684 1233 neque
718 1165 785 1218 ab
833 1161 1161 1229 hominibus,
1220 1178 1395 1234 neque
1451 1165 1518 1219 ab
1569 1165 1798 1236 angelis.
1901 1161 2294 1232 periclitemur,
2342 1163 2438 1219 sed
2472 1171 2586 1219 tute
2619 1163 2929 1234 loquamur.
2975 1163 3032 1220 Si
3065 1166 3196 1236 quid
3221 1167 3485 1234 scriptum

164 1251 307 1308 Cur
333 1253 946 1326 abnegavit'Spiritus,
976 1254 1112 1310 dixit
1143 1255 1288 1310 enim
1321 1255 1446 1325 quia
1487 1256 1798 1326 generatio-
1901 1269 2010 1309 non
2046 1263 2150 1320 est,
2212 1269 2278 1310 ne
2311 1257 2531 1326 quidem
2567 1256 2782 1312 dicatur
2822 1275 2839 1314 :
2886 1258 2932 1314 si
2963 1258 3091 1328 quid
3135 1267 3316 1312 autem
3347 1259 3486 1313 scri—

165 1359 322 1403 nem
357 1350 496 1420 ejus
537 1351 657 1418 quis
678 1347 990 1404 enarrabit‘!
1021 1347 1113 1416 qui
1145 1357 1324 1402 autem
1349 1347 1596 1402 concedit
1624 1347 1798 1417 Spiri-
1899 1357 2051 1418 ptum
2082 1357 2182 1410 est,
2226 1362 2293 1402 ne
2335 1348 2598 1405 deleatur.
2641 1349 2758 1406 Non
2795 1367 2984 1406 sumus
3030 1350 3174 1406 enim
3207 1359 3483 1418 auctores,

167 1450 278 1494 tus
305 1457 597 1510 qumrere,
634 1440 779 1496 Unus
795 1440 948 1522 ‘Deus
978 1457 1044 1496 sa:
1065 1455 1168 1511 quo
1201 1449 1322 1494 sunt
1361 1441 1560 1505 omnia,
1581 1450 1632 1494 et
1661 1457 1796 1495 unus

170 1530 481 1586 Dominus
501 1531 655 1612 Iesus
677 1548 768 1600 per
789 1549 941 1602 quem
973 1541 1093 1586 sunt
1120 1531 1299 1585 omnia
1327 1529 1372 1562 ⁸⁸
1399 1546 1416 1585 :
1440 1530 1795 1600 quemadmo-

163 1621 323 1677 dum
363 1633 559 1678 autem
596 1624 763 1679 Filius
808 1638 871 1678 ex
905 1623 1083 1686 Patre,
1108 1624 1271 1678 crede
1303 1625 1350 1678 ei
1385 1625 1476 1694 qui
1527 1623 1698 1688 novit,
1743 1624 1792 1678 ei

166 1717 280 1785 qui
315 1717 602 1771 noscitur.
638 1717 742 1771 Sed
773 1725 826 1769 tu
850 1716 1073 1786 quzeris,
1099 1723 1152 1769 et
1185 1715 1308 1786 quis
1336 1716 1537 1785 estqui
1568 1715 1794 1786 promit-

1898 1442 1995 1494 sed
2023 1425 2292 1509 discipuli.
2335 1437 2449 1495 Non
2496 1455 2620 1514 quas
2655 1441 2928 1509 volumus,
2975 1444 3071 1498 sed
3108 1459 3172 1499 ea
3213 1443 3485 1515 quaalegi-

1897 1546 2019 1586 mus
2056 1549 2069 1586 :
2107 1548 2211 1587 non
2243 1547 2304 1586 ea
2337 1549 2456 1603 quae
2480 1549 2548 1589 ex
2579 1537 2744 1591 corde
2773 1547 2922 1602 sunt,
2943 1537 3039 1592 sed
3068 1551 3130 1590 ea
3162 1553 3280 1607 quae
3303 1552 3333 1591 a
3365 1539 3482 1609 spi-

1897 1623 2005 1677 ritu
2038 1621 2089 1676 in
2115 1624 2416 1694 Scripturis
2455 1627 2658 1682 sanctis
2691 1638 2820 1683 sunt
2849 1630 3042 1698 posita.
3078 1630 3211 1697 Quis
3240 1632 3382 1686 enim
3418 1648 3480 1688 es

1898 1724 1952 1769 tu
1989 1716 2080 1784 qui
2133 1716 2267 1771 dicis
2296 1726 2390 1770 aut
2423 1719 2514 1788 qui
2563 1720 2763 1775 sudis?
2803 1720 2915 1774 vult
2963 1721 3159 1791 aliquis
3199 1721 3476 1778 Christum

159 1815 267 1861 tat
325 1822 400 1863 se
442 1808 636 1863 nosse?
663 1810 838 1861 omnis
886 1806 1032 1862 enim
1078 1809 1385 1877 quicunque
1418 1809 1689 1877 promittit
1733 1824 1792 1863 se
1823 1838 1866 1893 Β
1897 1805 2198 1874 honorare;
2251 1817 2309 1862 ut
2351 1809 2463 1864 vult
2525 1811 2639 1879 ipse
2671 1811 2942 1876 Christus,
2984 1827 3088 1868 non
3133 1823 3311 1868 tamen
3337 1825 3394 1868 ut
3417 1826 3475 1871 tu

169 1915 390 1964 nosse,
456 1904 684 1955 mendax
725 1910 825 1954 est.
886 1898 1260 1954 Pronuntiavit
1307 1901 1452 1956 enim
1508 1900 1783 1969 Dominus,

169 1992 349 2062 quod
419 1993 598 2046 nullus
656 1993 799 2047 norit
859 1993 961 2047 nisi
1025 1994 1175 2048 solus
1226 1993 1389 2048 Pater
1444 1993 1681 2062 Filium,
1731 2005 1787 2050 et

160 2083 379 2140 Filius
423 2084 664 2140 Patrem.
714 2085 817 2139 Sed
847 2085 978 2140 dicit
1008 2085 1228 2154 quidam
1263 2104 1278 2140 :
1313 2087 1630 2155 lgnoramus
1654 2101 1785 2156 ergo

171 2177 327 2247 quia
363 2186 456 2231 est
489 2176 649 2243 Deus,
682 2183 736 2230 et
780 2177 905 2247 quia
953 2192 1057 2234 non
1093 2191 1253 2233 natus
1283 2188 1386 2245 est,
1420 2189 1475 2234 et
1514 2181 1788 2236 nescimus

171 2269 328 2339 quia
388 2281 445 2324 et
478 2269 645 2323 Filius
675 2281 729 2325 et
769 2271 1073 2340 unigenitus
1106 2280 1192 2325 est
1243 2270 1451 2328 Filius?
1507 2273 1785 2339 Quomodo

173 2373 387 2417 autem
428 2364 697 2418 nescimus
745 2364 868 2433 quia
915 2373 1070 2418 natus
1114 2364 1235 2418 est?
1292 2365 1415 2434 quia
1457 2376 1634 2420 autem
1678 2375 1783 2429 est,

171 2453 389 2508 omnis
411 2452 607 2508 clamat
627 2452 904 2523 Scriptura
937 2473 950 2508 :
981 2455 1432 2525 quemadmodum
1473 2466 1652 2510 autem
1677 2467 1782 2520 est,

173 2553 239 2597 et
278 2553 553 2614 quantum
587 2553 686 2608 est,
713 2545 853 2598 nulla
894 2545 1036 2599 valet
1073 2557 1263 2600 natura
1295 2546 1495 2610 dicere,
1525 2561 1693 2616 neque
1716 2548 1785 2600 de

176 2631 392 2698 Patre,
426 2649 599 2702 neque
638 2636 702 2688 de
725 2633 876 2688 Filio.
913 2633 1014 2702 Qui
1037 2634 1180 2690 enim
1216 2635 1391 2688 dixit:
1435 2634 1605 2689 Nemo
1641 2635 1784 2690 novit

181 2722 451 2788 Patrem,
481 2725 583 2778 nisi
620 2724 793 2778 Filius
815 2726 876 2785 ⁸³.
909 2728 1022 2796 ipse
1053 2727 1186 2781 dixit
1218 2727 1341 2795 quia
1375 2735 1425 2780 at
1456 2725 1656 2779 Filium
1693 2745 1782 2780 ne-

174 2831 278 2869 mo
307 2817 480 2880 novit,
506 2817 607 2870 nisi
634 2817 795 2870 Pater
813 2818 879 2868 ’°.
911 2817 1368 2884 Quemadmodum
1397 2819 1538 2871 enim
1566 2819 1783 2887 capiunt

179 2921 253 2962 ea
284 2924 414 2978 qua:
443 2924 538 2977 per
569 2909 759 2962 Filium
793 2909 928 2963 facta
961 2921 1105 2974 sunt,
1141 2924 1299 2963 nosse
1335 2925 1456 2963 eum
1495 2924 1588 2978 per
1621 2924 1777 2978 quem

179 3011 244 3056 et
278 3002 430 3057 facta
465 3003 628 3056 sunt?
675 3001 731 3056 Si
775 3003 936 3068 igitur
964 3003 1250 3072 imaginem
1295 3017 1400 3057 non
1434 3004 1544 3056 nati
1586 3012 1779 3056 natura

184 3108 311 3148 non
356 3094 598 3162 pervenit
630 3109 808 3158 nosse,
839 3095 1284 3161 quemadmodum
1322 3094 1493 3162 ipsum
1519 3094 1780 3163 principa—

1891 1899 1993 1954 vis.
2028 1899 2083 1952 Si
2111 1911 2288 1954 autem
2331 1910 2526 1971 praeter
2547 1902 2598 1956 id
2637 1903 2777 1971 quod
2814 1903 2928 1957 vult
2967 1904 3340 1970 honoraveris,
3373 1907 3474 1962 ho-

1889 2004 1992 2044 nor
2015 1999 2137 2045 tuus
2165 1992 2232 2046 ad
2255 1993 2644 2048 contumeliam
2681 2005 3048 2050 convertatur.
3090 1996 3146 2051 Si
3179 1997 3473 2055 intereme-

1890 2084 1966 2136 ris
1993 2081 2109 2150 ejus
2136 2083 2377 2149 Patrem,
2409 2100 2518 2140 non
2552 2085 2834 2140 bonorasti
2859 2088 3191 2156 progeniem.
3224 2087 3282 2143 Si
3309 2088 3478 2144 inter-

1883 2177 2085 2231 emeris
2123 2175 2345 2240 Filium,
2389 2193 2496 2232 non
2538 2177 2796 2232 dimisisti
2834 2177 3052 2232 Patrem
3099 2179 3154 2232 in
3186 2180 3472 2235 honorem.

1889 2266 1946 2320 Si
1982 2267 2121 2320 enim
2170 2280 2274 2320 non
2311 2267 2512 2321 dixeris
2555 2277 2762 2335 patrem
2801 2267 3038 2333 Patrem,
3072 2279 3126 2324 et
3159 2268 3351 2323 Filium
3382 2268 3476 2324 Fi-

1886 2359 2036 2424 lium,
2096 2374 2272 2430 neque
2325 2359 2539 2414 Patrem
2573 2377 2745 2430 neque
2806 2361 2999 2415 Filium
3038 2362 3336 2417 contiteris.
3369 2362 3473 2430 Qui

1884 2450 2026 2505 enim
2064 2451 2176 2506 hare
2208 2452 2363 2517 dicit,
2398 2453 2518 2506 sine
2570 2451 2683 2506 Deo
2738 2462 2841 2508 est.
2877 2452 2934 2507 Si
2962 2453 3108 2508 enim
3165 2453 3328 2508 Patcr
3363 2468 3471 2509 non

1886 2553 1969 2598 est
1996 2543 2198 2609 Pater,
2257 2544 2370 2614 ipse
2409 2545 2552 2600 enim
2587 2545 2752 2601 Filius
2795 2555 2854 2598 ut
2899 2547 3009 2611 ais;
3060 2546 3258 2602 iterum
3302 2545 3473 2602 Filius

1883 2649 1989 2689 non
2027 2644 2110 2689 est
2133 2635 2320 2702 Filius,
2359 2636 2472 2706 ipse
2519 2636 2663 2691 enim
2696 2647 2750 2692 et
2785 2636 2948 2692 Pater
2979 2636 3140 2693 Pater
3168 2648 3253 2693 est
3294 2650 3352 2692 ut
3383 2637 3470 2692 di-

1881 2727 1962 2781 cis
1995 2726 2129 2798 (94).
2174 2727 2435 2797 Sequitur
2457 2729 2777 2796 periculum,
2811 2739 2868 2784 ut
2905 2745 3080 2798 neque
3110 2730 3274 2784 Pater
3309 2729 3471 2785 Pater

1883 2817 1975 2882 sit,
2022 2833 2196 2886 neque
2227 2817 2395 2874 Filius
2448 2818 2642 2886 Filius,
2700 2829 2753 2873 et
2805 2821 2932 2890 quid
2975 2819 3324 2876 tenebimus?
3363 2819 3468 2875 Sed

1882 2909 2044 2964 Pater
2070 2909 2229 2964 Pater
2249 2925 2378 2965 vere
2404 2919 2507 2973 est,
2545 2926 2650 2965 non
2685 2926 2851 2965 vacua
2883 2927 2984 2966 vox
3016 2911 3110 2966 sed
3145 2920 3336 2964 natura
3371 2927 3467 2966 ve-

1879 3001 2077 3055 ritatis.
2114 3000 2231 3054 Non
2269 3015 2440 3054 vanus
2471 3015 2675 3063 sermo.
2700 3003 2793 3056 sed
2824 3017 2985 3056 verus
3031 3001 3193 3056 Deus.
3225 3002 3342 3057 Non
3373 3004 3468 3076 qui

1881 3091 2103 3153 dicitur,
2134 3091 2228 3145 sed
2252 3091 2298 3145 is
2333 3092 2424 3160 qui
2447 3100 2532 3145 est
2560 3109 2576 3145 :
2609 3107 2714 3145 non
2738 3105 2804 3146 ex
2842 3092 2927 3146 his
2955 3107 3076 3162 quae
3106 3093 3336 3148 dicimus
3368 3093 3469 3149 fin-

169 3183 306 3240 ]em
487 3187 947 3255 comprehendere
981 3186 1102 3254 quis
1134 3196 1312 3255 potest
1341 3197 1398 3240 ut
1424 3187 1606 3240 norit?
1641 3185 1780 3241 Sunt
1805 3183 1852 3247 C
1881 3182 2044 3249 gitur,
2096 3182 2189 3235 sed
2228 3181 2374 3250 quod
2401 3189 2487 3235 est
2513 3183 2849 3252 agnoscitur.
2900 3181 3060 3236 Pater
3102 3184 3246 3237 enim
3289 3197 3468 3255 neque

184 3277 392 3350 itaque
429 3278 672 3349 quaedam
710 3278 866 3332 nobis
895 3278 1141 3344 dicenda,
1177 3287 1301 3332 sunt
1347 3287 1402 3333 et
1425 3279 1668 3348 quazdam
1707 3276 1782 3332 si-

185 3371 372 3429 lentio
399 3373 642 3427 colenda.
685 3371 823 3426 Sunt
860 3371 1102 3440 quaedam
1135 3371 1188 3424 in
1225 3372 1460 3439 cogitatu
1493 3370 1777 3436 movenda,

185 3472 328 3521 sunt
366 3462 610 3532 quaedam
632 3471 685 3516 et
710 3463 1055 3517 veneratione
1089 3477 1193 3516 non
1225 3463 1509 3519 movenda.
1549 3461 1686 3516 Sunt
1710 3461 1778 3517 de

187 3555 396 3624 quibus
439 3555 694 3609 convenit
739 3553 852 3624 sapi
896 3572 909 3606 :
954 3563 1077 3608 sunt
1125 3562 1180 3607 et
1225 3554 1290 3609 de
1333 3554 1529 3624 quibus
1566 3564 1778 3625 oportet

185 3646 407 3716 paveri.
433 3643 573 3699 Sunt
609 3660 729 3715 qua:
751 3656 974 3713 possunt
1012 3644 1193 3712 lingua
1219 3645 1568 3715 interpretari
1602 3665 1615 3700 :
1651 3656 1777 3701 sunt

188 3749 249 3791 et
289 3751 410 3805 qua!
437 3745 664 3805 possunt
699 3735 949 3806 religiose
989 3737 1176 3788 taceri.
1218 3736 1390 3789 Dicito
1428 3751 1585 3801 sane,
1626 3736 1776 3792 Unus

189 3827 344 3885 Deus
370 3843 397 3878 a
428 3843 536 3897 quo
583 3838 709 3882 sunt
740 3828 938 3889 omnia,
970 3838 1023 3882 et
1067 3828 1242 3881 nullus
1268 3828 1462 3898 poterit
1486 3829 1775 3898 reprehen-

189 3921 346 3977 dere.
377 3918 433 3974 Si
461 3929 639 3973 autem
661 3927 713 3973 ct
738 3918 1138 3987 reprehenderit
1161 3920 1299 3988 quis,
1329 3935 1432 3973 non
1461 3929 1510 3973 te
1533 3921 1622 3974 sed
1649 3933 1771 3973 eum

175 4009 290 4083 qui
319 4010 558 4079 scripsit.
593 4007 651 4064 Si
691 4021 868 4064 autem
900 4023 952 4065 ct
992 4010 1214 4064 Paulum
1239 4011 1328 4079 qui
1364 4013 1580 4079 scripsit
1611 4011 1772 4063 audet

190 4105 322 4174 quis
348 4102 764 4173 reprehendere,
797 4119 901 4157 non
933 4103 1177 4167 Paulum,
1210 4104 1302 4158 scd
1342 4119 1463 4157 eum
1496 4103 1586 4172 qui
1624 4117 1769 4156 sem-

187 4207 293 4263 per
329 4193 383 4247 in
414 4206 537 4246 eum
580 4189 693 4260 (95)
730 4195 938 4247 locutus
983 4203 1066 4248 est
1102 4192 1353 4247 Christus
1399 4192 1765 4261 reprehendit.

193 4283 254 4339 Si
277 4292 461 4337 autem
484 4279 684 4336 Christi
715 4283 878 4336 verba
910 4285 1304 4352 reprehendere
1329 4280 1450 4351 quis
1473 4280 1634 4334 inierit
1672 4297 1770 4334 au-

190 4391 310 4440 sus,
340 4375 455 4444 ipse
481 4375 617 4427 dixit
644 4374 894 4429 Christus
943 4393 956 4428 :
991 4374 1120 4439 Quae
1169 4390 1259 4444 ego
1295 4375 1482 4444 loquor
1515 4390 1617 4426 non
1644 4381 1766 4425 sunt

180 4483 331 4533 mea,
371 4468 462 4520 sed
486 4465 650 4520 Pater
679 4468 766 4538 qui
789 4467 924 4521 misit
961 4483 1063 4532 me,
1091 4467 1199 4535 ipse
1228 4466 1460 4537 loquitur
1486 4483 1578 4533 per
1601 4483 1677 4520 me
1696 4466 1762 4518 °‘.

190 4557 407 4615 Etenim
445 4572 620 4626 neque
659 4557 884 4627 gentiles
917 4573 1123 4622 sumus,
1167 4572 1340 4627 neque
1363 4557 1556 4624 Judaei,
1594 4572 1767 4626 neque

193 4651 459 4707 heretici.
499 4649 740 4706 Gentiles
772 4652 911 4706 enim
945 4665 1049 4705 non
1090 4666 1294 4717 sumus,
1335 4651 1464 4721 quia
1498 4666 1602 4706 non
1634 4652 1768 4705 dici-

194 4758 315 4798 mus
339 4743 489 4797 deos.
517 4741 685 4796 Juda'i
711 4757 814 4796 non
841 4757 1046 4807 sumus,
1071 4742 1194 4810 quia
1220 4753 1275 4796 et
1294 4741 1569 4798 Christum
1596 4744 1763 4798 Deum

192 4831 533 4887 confitemur.
585 4828 836 4885 Haaretici
870 4841 1050 4885 autem
1083 4831 1203 4885 ideo
1243 4847 1348 4886 non
1392 4848 1602 4898 sumus,
1639 4835 1765 4903 quia

190 4921 520 4976 confitemur
548 4921 708 4974 istum
749 4935 868 4976 esse
896 4921 987 4991 qui
1031 4921 1199 4986 venit,
1230 4935 1390 4989 quem
1424 4921 1764 4991 praeveniens

197 5012 361 5067 Vetus
392 5010 795 5066 Testamentum
837 5027 932 5082 per
962 5016 1251 5081 prophetas
1295 5014 1606 5081 praedicavit
1637 5027 1766 5067 ven-

194 5111 396 5157 turum.
439 5099 497 5156 Si
530 5102 650 5170 quis
680 5101 821 5156 enim
857 5101 1089 5157 noluerit
1129 5103 1298 5167 litem,
1350 5117 1485 5172 opus
1520 5118 1622 5158 non
1663 5107 1763 5158 ha-

193 5195 304 5252 bet.
349 5192 447 5250 Est
473 5195 718 5265 quaedam
777 5194 1038 5250 dubitatio
1097 5195 1237 5251 inter
1288 5194 1483 5251 fratres
1531 5215 1544 5252 :
1590 5197 1767 5268 primo

192 5300 316 5342 cum
353 5284 619 5340 charitate
650 5297 945 5356 quaeratur,
972 5296 1033 5340 ut
1055 5286 1195 5341 inter
1228 5287 1443 5344 fratres.
1474 5287 1589 5342 Non
1619 5289 1764 5345 enim

193 5376 551 5434 dissensionis
595 5387 679 5433 est
714 5378 854 5434 Deus
897 5388 994 5434 aut
1043 5378 1158 5447 im,
1193 5382 1284 5435 sed
1327 5381 1477 5451 pacis
1507 5383 1552 5413 "
1588 5400 1602 5436 :
1635 5383 1765 5452 quia

1879 3294 1946 3334 ex
1975 3278 2102 3344 alio,
2127 3294 2302 3350 neque
2328 3293 2422 3349 per
2462 3279 2648 3347 alium,
2681 3297 2856 3351 neque
2894 3281 3060 3346 aliud,
3094 3285 3187 3338 scd
3233 3284 3352 3352 ipse
3379 3290 3470 3338 est

1879 3373 1972 3439 qui
1996 3380 2097 3426 est.
2137 3371 2302 3429 Forte
2331 3374 2478 3430 enim
2527 3385 2583 3430 et
2607 3390 2674 3430 ex
2712 3375 3004 3444 semetipso
3037 3384 3092 3430 et
3130 3390 3227 3445 per
3259 3385 3467 3430 semet-

1879 3464 2052 3534 ipsum
2077 3484 2091 3533 ;
2118 3467 2272 3523 nobis
2302 3468 2701 3539 quodammodo
2733 3468 3066 3525 conveniens
3090 3479 3175 3524 est
3203 3484 3384 3524 sermo
3406 3478 3466 3525 ut

1879 3555 2112 3613 dicatur.
2154 3556 2392 3613 Necdum
2453 3569 2632 3616 tamen
2676 3559 2768 3614 illa
2814 3560 3206 3630 interpretatur
3246 3571 3462 3630 natura.

1877 3643 1987 3700 Nos
2005 3647 2151 3700 enim
2175 3657 2232 3701 ut
2257 3663 2363 3702 non
2397 3658 2670 3705 taceamus
2693 3651 2814 3705 ideo
2840 3629 3090 3705 dicimus.
3119 3629 3263 3718 Quid
3279 3661 3464 3708 autem

1876 3745 1959 3790 est
1987 3735 2130 3791 Deus
2168 3752 2274 3790 non
2309 3738 2773 3806 interpretamur:
2808 3737 2938 3806 quid
2967 3737 3112 3792 enim
3157 3739 3348 3791 horum
3381 3739 3463 3791 in-

1880 3829 2198 3896 terpretatio
2232 3838 2316 3882 est
2349 3827 2468 3892 Dei,
2505 3829 2622 3884 sine
2655 3829 2831 3894 initio,
2875 3843 2980 3882 non
3018 3838 3199 3891 natus,
3237 3829 3462 3881 immor-

1877 3921 2022 3986 talis,
2058 3921 2423 3989 incorruptus,
2455 3921 2832 3985 immutabilis,
2866 3921 3180 3984 immobilis,
3213 3921 3460 3975 inacces-

1875 4012 2069 4076 sibilis,
2103 4012 2506 4077 inenarrabilis,
2557 4011 3163 4082 incomprehensibilis?
3198 4011 3303 4065 Per
3345 4011 3462 4066 haec

1872 4119 2003 4174 ergo
2031 4106 2211 4159 omnia
2265 4120 2371 4159 non
2400 4116 2483 4160 est
2510 4105 2716 4159 dictum
2767 4106 2894 4173 quid
2930 4115 3033 4169 est,
3061 4106 3154 4158 sed
3181 4103 3311 4173 quid
3349 4117 3458 4157 non

1871 4207 1956 4253 est
1998 4213 2015 4251 :
2055 4198 2203 4252 velut
2253 4197 2297 4252 si
2323 4199 2446 4268 quis
2477 4198 2828 4268 interpretari
2863 4212 2970 4252 non
3005 4195 3276 4250 sulliciens
3311 4195 3458 4263 quod

1870 4297 1956 4343 est
1997 4287 2200 4355 lumen,
2251 4288 2398 4342 dicat
2425 4290 2570 4356 quod
2602 4303 2706 4342 non
2742 4297 2825 4342 est
2860 4289 3230 4341 tenebrosum.
3267 4283 3457 4338 Dicere

1869 4392 2050 4435 autem
2078 4381 2219 4451 quod
2245 4382 2585 4436 tenebrosum
2619 4395 2724 4434 non
2743 4387 2846 4445 est,
2885 4393 2988 4432 non
3025 4377 3198 4431 solum
3231 4389 3333 4427 non
3359 4389 3456 4428 ex-

1873 4473 2048 4528 hibuit
2072 4485 2323 4527 naturam
2357 4472 2598 4535 luminis,
2634 4474 2726 4526 sed
2757 4480 2812 4525 et
2840 4471 3010 4539 magis
3046 4471 3280 4537 ipsarum
3311 4475 3455 4519 tene-

1837 4556 2090 4618 ibrarum
2131 4572 2380 4617 naturam
2413 4563 2653 4632 negavit.
2698 4560 3026 4616 Immortalis
3054 4559 3198 4612 enim
3229 4556 3450 4624 dicitur,

1869 4656 1994 4724 quia
2027 4669 2132 4709 non
2156 4656 2440 4720 morietur,
2475 4665 2528 4710 et
2555 4656 2899 4722 incorruptus
2929 4653 3055 4721 quia
3084 4667 3188 4706 non
3213 4666 3454 4705 corrum-

1869 4747 2031 4814 pitur.
2062 4743 2180 4817 Non
2224 4758 2402 4810 natus,
2446 4746 2536 4814 qui
2562 4744 2774 4799 initium
2809 4759 2916 4798 non
2946 4741 3128 4797 habet.
3167 4740 3290 4794 Haec
3326 4753 3451 4794 om-

1867 4837 1954 4891 nia
1984 4851 2090 4890 non
2122 4835 2252 4906 quid
2286 4845 2368 4890 est
2407 4835 2548 4891 Deus
2579 4835 2733 4900 dicit,
2782 4835 2878 4890 sed
2927 4833 3055 4903 quid
3087 4848 3192 4886 non
3217 4841 3321 4891 est.
3369 4830 3448 4888 Ita

1867 4944 1965 4999 per
1997 4942 2062 4982 ea
2095 4944 2215 4999 quae
2249 4929 2480 4984 dicimus
2518 4929 2638 4984 sine
2670 4928 3121 4997 interpretatione
3158 4939 3282 4978 eum
3311 4940 3449 4980 con-

1861 5021 2097 5078 iitemur.
2135 5022 2193 5077 Si
2230 5023 2526 5077 dixerimus
2553 5034 2677 5076 eum
2704 5021 2909 5076 fontem
2946 5019 3216 5082 veritatis.
3253 5004 3452 5075 nomen

1863 5111 2146 5167 veritatem
2170 5127 2276 5168 non
2303 5111 2542 5168 exhibet.
2586 5110 2695 5166 Sed
2719 5113 2846 5181 quia
2873 5126 2980 5168 non
3006 5110 3268 5164 habemus
3303 5110 3451 5177 quod

1861 5203 2129 5270 dicamus,
2173 5219 2242 5260 ex
2297 5205 2382 5260 his
2427 5220 2548 5275 qua:
2598 5205 2863 5260 habemus
2902 5203 3171 5266 dicamus,
3218 5205 3450 5258 mutuati

1863 5293 2054 5349 alienis
2087 5295 2398 5355 nominibus
2435 5294 2549 5367 (95)
2583 5299 2785 5351 utimur
2822 5311 2836 5346 :
2881 5293 3000 5350 fons
3023 5293 3166 5347 enim
3194 5294 3438 5357 agnosci.

1864 5395 1954 5440 tur
1990 5386 2133 5441 unde
2163 5396 2268 5452 est,
2299 5385 2440 5444 Deus
2471 5397 2650 5441 autem
2688 5399 2795 5441 non
2834 5385 2998 5441 habet
3027 5383 3198 5448 unde;
3233 5391 3288 5435 et
3327 5381 3452 5438 fons

261 5564 306 5598 "’
332 5563 438 5619 lsa.
465 5579 584 5630 un,
611 5565 664 5621 8.
741 5563 788 5597 ⁸⁸
819 5565 986 5623 lCor.
1011 5580 1133 5635 vni,
1155 5576 1209 5624 δ.
1283 5566 1327 5601 ⁸⁸
1358 5567 1550 5624 Matth.
1579 5584 1660 5636 xi,
1684 5568 1775 5628 27.
1850 5572 1896 5605 ’°
1928 5569 2058 5627 ibid.
2135 5572 2178 5604 ⁹¹
2203 5571 2360 5628 Joan.
2385 5587 2487 5639 xu,
2513 5571 2604 5628 49.
2679 5574 2724 5605 "
2749 5573 2770 5626 l
2795 5571 2921 5628 Cor.
2964 5586 3076 5635 xiv,
3101 5569 3193 5625 3'5.

410 5677 780 5755 Principalcm,
807 5683 1131 5755 ἀρχέτυπον.

285 5701 354 5765 εξ
410 5701 1131 5766 ιήηειραιειηηαρχετυπον.

285 5701 376 5834 {lci
405 5751 472 5804 In
487 5767 763 5834 cumLpro‘
781 5771 835 5808 tn
854 5773 945 5834 eo.
979 5755 1020 5834 ll
1044 5755 1171 5834 Cor.
1200 5770 1319 5834 xui,
1345 5755 1409 5811 ιε
1426 5757 1760 5834 Αηῌεπρεῖὶο

192 5831 422 5881 mtum
449 5824 686 5892 queritis
713 5824 825 5894 ejus
859 5826 945 5897 qui
973 5826 1028 5882 iis
1049 5841 1131 5884 lto
1153 5826 1385 5899 loquitur
1417 5824 1696 5885 Christus?

1955 5688 2046 5758 98)
2075 5689 2173 5746 Ms.
2199 5690 2268 5744 Et
2299 5688 2461 5744 Pater
2485 5700 2581 5750 est,
2613 5699 2668 5743 ut
2689 5689 2843 5744 dicis.

1955 5689 2046 5758 98)
2075 5689 2173 5746 Ms.
2199 5690 2268 5744 Et
2299 5689 2461 5744 Pater
2485 5700 2581 5750 est,
2613 5699 2668 5743 ut
2689 5689 2843 5744 dicis.

1933 5689 2045 5834 {95)
2079 5761 2177 5821 his.
2211 5761 2471 5818 Mutuatis
2498 5761 2684 5818 alienis
2711 5759 3030 5816 nominibus.
