4072 6420
187 394 348 455 1065

1076 392 1167 449 DE
1204 391 1364 450 FIDE
1399 390 1777 450 ADVERSUS
1808 389 2228 449 SABELLIUM.
2271 420 2336 431 —
2377 389 2510 448 LIB.
2543 389 2608 448 ll.

3375 393 3515 454 1083

184 512 293 584 qui
338 523 432 567 est
463 510 702 584 genitus.
736 507 843 563 Sed
873 507 920 564 si
952 523 1058 564 non
1092 519 1177 564 est
1208 509 1399 570 Filius.
1442 519 1494 565 et
1539 511 1814 580 quomodo
1843 514 1891 570 Α
1921 517 2147 577 prepter
2180 516 2456 561 naturam.
2518 505 2596 561 Ex
2641 503 2865 578 Virgine
2905 507 2956 562 in
3015 507 3326 566 novissimis
3369 521 3512 566 tem-

187 615 334 660 sunt
373 621 441 660 ea
474 619 597 675 qua:
625 617 720 672 per
758 600 954 655 Filium
977 601 1116 655 facta
1150 602 1323 656 sunt?
1349 600 1462 655 Non
1492 613 1576 656 est
1605 601 1812 657 Filius:

189 703 252 747 et
280 709 414 762 qum-
445 703 532 745 est
561 691 720 757 spes?
752 690 864 744 Non
892 700 977 744 est
1025 692 1116 760 qui
1143 691 1355 759 judicat
1389 710 1405 747 :
1441 701 1496 745 et
1551 693 1819 762 quemad-

189 787 433 840 modum
467 784 772 851 judicium?
800 783 916 838 Non
938 793 1022 838 est
1043 784 1133 854 qui
1165 793 1393 837 coronat
1423 804 1435 837 :
1465 795 1520 838 et
1547 787 1817 854 quomodo

191 874 475 930 labores?
505 877 598 931 Est
647 893 784 930 unus
816 893 976 947 quem
1019 876 1199 930 nullus
1237 878 1445 947 genuit,
1479 885 1533 931 et
1565 878 1817 947 unigeni—

185 977 288 1023 tus
324 985 498 1036 quem
533 985 670 1024 unus
699 971 906 1040 genuit.
933 968 1140 1025 Genuit
1172 984 1306 1024 sane
1356 971 1768 1038 impassibiliter
1796 981 1812 1025 :

190 1075 314 1117 non
345 1073 413 1116 ut
453 1078 582 1131 nos,
632 1067 721 1119 sed
760 1072 825 1119 ut
868 1064 955 1117 ille
990 1081 1004 1118 :
1055 1078 1161 1117 non
1194 1073 1254 1119 ut
1283 1063 1479 1132 plantae
1523 1079 1645 1134 quae
1673 1065 1814 1136 apud

187 1167 302 1210 nos
329 1165 494 1219 sunt,
520 1172 624 1210 non
660 1168 718 1210 ut
746 1155 942 1220 futues,
970 1173 1074 1209 non
1113 1167 1172 1210 ut
1198 1155 1275 1212 sol
1309 1173 1323 1210 :
1366 1157 1498 1212 nihil
1529 1159 1674 1212 enim
1713 1160 1813 1213 ho-

193 1262 327 1302 rum
371 1264 502 1320 quat
537 1249 630 1304 hic
654 1257 801 1314 sunt,
839 1249 1195 1316 interpretari
1229 1248 1374 1306 illam
1404 1251 1812 1319 generationem

191 1351 467 1410 possunt.
496 1338 722 1396 Omnem
758 1341 906 1395 enim
938 1340 1206 1394 turbelam
1244 1340 1500 1397 humanae
1525 1356 1810 1411 compara-

193 1433 389 1488 tiones
407 1433 775 1497 laciunt,cum
796 1433 1089 1502 accipimus
1105 1447 1210 1487 non
1236 1432 1431 1488 similia
1453 1434 1519 1488 ad
1540 1435 1810 1505 interpre-

195 1523 477 1579 tationem
507 1538 692 1578 eorum
721 1539 842 1594 qua:
870 1523 1212 1594 interpretari
1248 1537 1358 1579 non
1404 1535 1651 1594 possunt.
1686 1524 1812 1583 ideo

194 1613 364 1682 lites,
401 1615 529 1672 ideo
569 1631 761 1686 pugnae
803 1628 1121 1671 nascuntur.
1165 1615 1222 1671 Si
1270 1624 1450 1672 autem
1483 1619 1812 1676 tacuerimus

194 1722 265 1762 ea
301 1723 434 1776 qua:
466 1724 628 1778 supra
657 1722 844 1763 vocem
886 1719 1034 1772 sunt,
1065 1719 1120 1765 et
1161 1709 1462 1766 dixerimus
1510 1713 1807 1782 possibilia,

196 1800 454 1853 cessabit
485 1799 701 1853 bellum.
738 1799 879 1868 Quid
932 1815 1066 1870 ergo
1096 1801 1343 1858 dicemus
1379 1804 1404 1858 Ἰ
1447 1802 1515 1859 In
1548 1806 1809 1876 principio

195 1902 317 1944 erat
354 1889 611 1948 Verbum.
641 1891 774 1960 Quis
807 1894 984 1948 adhuc
1009 1895 1211 1962 poterit
1241 1897 1494 1968 jurgari?
1523 1898 1657 1953 Nam
1682 1911 1736 1954 et
1762 1903 1806 1957 si

192 1979 490 2050 iurgatur,
518 1999 624 2041 non
678 1984 770 2040 tibi
801 1987 897 2041 sed
922 1985 1142 2052 Joanni,
1193 1996 1247 2044 et
1280 1992 1484 2060 pectori
1534 1991 1748 2049 Domini
1777 2008 1808 2049 a

199 2089 316 2144 quo
346 2077 536 2132 hausit
556 2075 813 2134 Joannes.
857 2078 996 2146 Quid
1022 2080 1285 2150 relinquis
1307 2097 1370 2138 ea
1403 2099 1523 2155 quae
1547 2096 1671 2140 sunt
1693 2086 1810 2142 sine

200 2169 479 2238 periculo,
514 2179 570 2225 et
618 2171 671 2226 in
699 2170 958 2227 ﬂuctibus
1000 2183 1396 2244 tempestatum
1451 2179 1810 2247 periclitaris?

203 2257 333 2317 Noli
361 2264 547 2318 dicere
578 2273 690 2330 tua,
724 2275 780 2320 et
810 2265 991 2320 nullus
1022 2275 1075 2320 te
1099 2269 1301 2337 arguit.
1333 2268 1508 2325 Dicito
1536 2286 1654 2340 quae
1684 2275 1811 2327 scri-

205 2362 303 2425 pta
335 2365 490 2422 sunt,
524 2366 579 2412 et
618 2359 796 2414 nullus
838 2368 890 2414 te
932 2361 1284 2429 reprehendit
1318 2381 1330 2416 :
1366 2364 1586 2419 etiamsi
1627 2381 1812 2436 repre-

203 2447 490 2516 henderit,
529 2453 882 2520 semetipsum
942 2454 1142 2522 potius,
1178 2465 1235 2509 et
1281 2471 1388 2509 non
1427 2466 1499 2512 te.
1534 2458 1634 2524 Qui
1664 2459 1807 2514 enim

201 2537 402 2596 divina
443 2545 810 2612 reprehendit,
838 2546 1021 2601 divina
1069 2548 1288 2618 quidem
1324 2562 1428 2604 non
1461 2551 1694 2618 delebit;
1726 2569 1811 2608 se-

205 2635 506 2702 metipsum
540 2636 772 2691 alienmn
821 2657 851 2693 a
890 2639 1088 2695 divinis
1125 2644 1445 2697 constituet.
1503 2645 1700 2709 Dicito,
1742 2647 1809 2702 In

204 2727 477 2797 principio
532 2740 645 2783 erat
687 2729 930 2799 Verbum,
989 2743 1045 2787 et
1110 2734 1492 2805 relinquuntur
1542 2747 1805 2805 tempora.

215 2817 425 2884 Dicito,
455 2819 524 2875 In
560 2822 818 2892 principio
840 2835 976 2891 erat,
1001 2835 1056 2880 et
1087 2827 1346 2882 deﬁciunt
1373 2829 1587 2885 saecula.
1613 2831 1806 2896 Dicito,

209 2906 284 2964 In
322 2912 587 2980 principio
623 2927 760 2980 erat,
795 2925 851 2970 et
894 2918 1025 2972 nihil
1057 2933 1178 2974 cum
1228 2921 1345 2990 ipso
1389 2931 1509 2978 erat
1549 2919 1804 2978 Verbum.

210 2999 358 3067 Quia
399 3017 530 3070 ergo
574 3013 689 3058 erat
718 3005 925 3061 dictum
984 3016 1088 3073 est,
1142 3025 1208 3064 ne
1257 3020 1414 3080 putes
1445 3027 1633 3068 vocem
1667 3027 1809 3067 ενοι

207 3096 388 3162 enim,
435 3109 547 3152 erat
581 3115 685 3154 non
715 3102 972 3171 suscipiet
1017 3121 1035 3158 :
1075 3105 1117 3158 si
1154 3105 1376 3174 quidem
1415 3122 1537 3162 cum
1590 3107 1807 3170 dicitur.

212 3195 349 3243 tunc
379 3188 630 3246 eﬂicitur.
684 3190 868 3260 Neque
911 3195 1068 3277 enim
1119 3207 1412 3266 antequam
1449 3199 1661 3253 dicatur
1702 3209 1804 3261 est,
1835 3219 1878 3278 ρ

209 3293 397 3349 neque
425 3293 606 3351 postea
666 3299 823 3351 quam
876 3273 1246 3352 fuerit-diota,
1300 3299 1413 3343 erat
1450 3290 1634 3344 habet.
1669 3289 1804 3356 Quia

211 3387 351 3444 ergo
384 3385 519 3442 erat,
570 3393 672 3430 non
707 3391 810 3431 vox
860 3389 962 3443 est,
997 3382 1089 3433 sed
1144 3379 1380 3435 Verbum
1432 3400 1447 3437 :
1488 3383 1643 3450 quale
1676 3382 1806 3437 Ver-

214 3461 388 3519 bum?
439 3464 496 3519 Si
551 3482 658 3521 non
691 3469 826 3522 dixit
866 3465 1124 3536 Joannes,
1153 3488 1460 3539 quaeramus
1502 3474 1589 3526 :si
1630 3485 1807 3528 autem

217 3557 380 3621 dixit.
423 3561 551 3629 quid
593 3562 930 3630 quaeremus?
967 3561 1036 3616 Et
1070 3565 1231 3632 Deus,
1272 3566 1469 3634 inquit,
1515 3576 1628 3619 erat
1673 3565 1809 3619 Ver-

215 3649 365 3705 bum.
399 3653 474 3706 Tu
508 3656 642 3708 dicis
665 3671 872 3721 vocent,
904 3656 1142 3711 Joannes
1180 3668 1360 3711 autem
1402 3659 1500 3719 ait,
1530 3671 1639 3712 erat
1681 3657 1807 3711 Ver-

220 3742 368 3799 bum.
411 3747 477 3799 Et
506 3748 548 3800 si
579 3748 665 3800 ille
693 3750 912 3811 dixerit,
948 3748 1012 3801 Et
1053 3746 1272 3802 Verbum
1309 3761 1418 3802 erat
1446 3751 1586 3818 apud
1622 3749 1806 3815 Deum,

219 3841 281 3890 tu
312 3837 449 3891 dicis
474 3840 524 3890 in
555 3839 679 3902 Deo,
707 3851 758 3892 et
794 3855 899 3893 non
924 3840 1065 3908 apud
1095 3839 1282 3894 Deum.
1310 3838 1378 3894 Ut
1412 3843 1555 3894 enim
1582 3843 1670 3904 sit,
1705 3857 1808 3895 non

218 3936 501 3985 tamen-nt
537 3933 806 4001 cogitatus
856 3935 925 3986 sit
959 3952 973 3988 :
1011 3949 1189 4002 neque
1230 3934 1424 3987 iterum
1470 3944 1526 3986 ut
1557 3950 1678 3992 vos,
1715 3934 1810 3988 sed

216 4018 391 4077 Filius
427 4040 442 4076 :
475 4039 575 4076 vox
608 4025 749 4077 enim
800 4024 959 4079 habet
995 4025 1190 4079 fratres
1225 4044 1238 4079 :
1269 4025 1370 4078 mei
1423 4029 1567 4079 enim
1607 4027 1696 4096 qui
1733 4028 1810 4079 dio

216 4127 418 4170 cuntur
446 4131 725 4170 sermones
754 4118 1024 4187 prioribus
1050 4118 1233 4171 verbis
1266 4127 1390 4170 sunt
1412 4116 1608 4171 fratres
1640 4135 1654 4171 :
1692 4118 1812 4169 uni-

217 4207 433 4277 genitus
457 4217 635 4260 autem
671 4225 774 4261 non
807 4209 1034 4277 suscipit
1069 4208 1284 4262 fratres.
1322 4208 1455 4262 Nam
1491 4220 1545 4263 et
1575 4210 1617 4262 si
1653 4219 1810 4262 vocat

215 4301 434 4359 fratres.
468 4301 921 4369 nuncupationem
963 4303 1147 4356 donat.
1184 4300 1242 4354 Si
1271 4312 1455 4354 autem
1490 4311 1544 4353 et
1574 4300 1808 4355 coluere-

216 4391 313 4444 des
339 4406 547 4453 sumus,
580 4407 685 4443 non
728 4403 935 4445 natura:
967 4393 1062 4445 sed
1106 4391 1295 4459 gloriae
1341 4391 1639 4461 accipimus
1668 4389 1804 4462 (98).

215 4484 299 4539 Ad
327 4484 470 4537 illaut
499 4485 643 4537 enim
691 4495 939 4538 naturam
974 4499 1148 4553 neque
1191 4485 1482 4554 pervenies
1512 4494 1586 4545 tu,
1633 4498 1808 4553 neque

1921 601 2162 668 poribus,
2217 613 2285 653 ex
2338 598 2449 653 Deo
2497 608 2624 653 ante
2677 599 2897 653 saecula.
2953 601 3027 655 Ex
3079 598 3322 674 Virgine,
3385 618 3511 658 cunt

1921 689 2271 755 hominibus;
2323 704 2390 745 ex
2431 689 2543 744 Deo
2581 699 2762 745 autem
2813 703 2938 746 ante
2977 707 3189 749 omnes.
3247 692 3372 749 Istic
3417 708 3512 750 er-

1918 797 1988 852 go
2017 792 2072 837 et
2105 783 2563 853 dispensationem
2603 783 2893 848 confitere,
2937 793 2994 839 et
3031 793 3283 840 naturam
3329 786 3513 842 delere

1919 875 2047 940 noli,
2087 891 2185 931 nec
2226 876 2542 947 exstinguas
2585 878 2680 932 tibi
2733 876 2913 933 lumen
2949 877 3048 949 (l).
3101 875 3158 934 Si
3205 879 3422 947 quidem
3454 889 3512 936 et

1919 965 2008 1035 qui
2039 966 2227 1022 oculos
2253 967 2514 1024 claudunt
2543 985 2690 1037 suos,
2736 984 2842 1025 non
2890 970 3070 1035 lumen
3126 971 3505 1040 exstinguunt.

1915 1062 2011 1115 sed
2035 1060 2134 1132 ipsi
2165 1061 2366 1117 lumine
2390 1079 2496 1118 non
2531 1063 2805 1118 fruuntur.
2840 1062 2973 1118 Nam
3001 1073 3056 1118 et
3086 1064 3131 1119 si
3154 1063 3278 1134 quis
3320 1062 3508 1120 lumen

1918 1169 2106 1207 verum
2138 1170 2243 1209 non
2285 1155 2450 1210 fuerit
2495 1155 2807 1219 confessus,
2853 1171 2960 1210 non
3010 1156 3139 1211 illud
3186 1157 3353 1222 delet,
3409 1158 3506 1212 sed

1918 1246 2033 1313 ipse
2065 1258 2245 1303 manet
2267 1249 2320 1302 in
2350 1249 2610 1304 tenebris.
2659 1251 2733 1304 Ita
2781 1251 2926 1305 enitn
2970 1250 3086 1321 ipse
3119 1250 3286 1307 Filius
3318 1250 3452 1308 dicit
3487 1271 3503 1309 :

1918 1337 2022 1402 Qui
2053 1355 2158 1393 non
2213 1341 2497 1395 crediderit
2536 1342 2590 1396 in
2630 1339 2856 1407 Filium,
2894 1359 2998 1398 non
3042 1343 3260 1408 uidebit,
3292 1344 3384 1399 sed
3424 1345 3508 1400 ira

1914 1430 2015 1486 Dei
2037 1442 2212 1486 manet
2246 1449 2404 1503 super
2425 1436 2594 1498 ipsum
2623 1435 2692 1491 ".
2718 1436 2850 1503 Quae
2888 1436 3005 1492 ira?
3043 1436 3136 1492 illa
3168 1439 3356 1510 utique
3387 1453 3511 1510 qua

1915 1523 1984 1576 ab
2010 1523 2188 1580 initio.
2224 1524 2326 1592 Qui
2357 1526 2503 1582 enim
2552 1543 2663 1584 non
2710 1529 3002 1585 conﬁtetur
3043 1545 3168 1586 eum
3215 1546 3311 1602 per
3344 1547 3507 1603 quem

1915 1625 2206 1671 revocatur
2241 1619 2534 1684 sententia,
2565 1621 2678 1688 ipse
2715 1622 3002 1677 adversum
3031 1637 3091 1678 se
3122 1623 3298 1694 ipsum
3349 1639 3510 1682 revo-

1912 1716 2002 1762 cat
2039 1709 2387 1764 seutentiam.
2418 1708 2639 1780 Negotia
2679 1714 2826 1767 enim
2857 1726 3111 1783 separata
3159 1716 3362 1772 habent
3403 1731 3508 1772 tta-

1913 1807 2092 1854 turam
2127 1815 2141 1853 :
2173 1801 2342 1857 nostri
2381 1814 2562 1858 autem
2586 1805 2851 1873 cogitatus
2885 1805 3159 1876 accipiunt
3196 1806 3504 1874 frustum.a

1914 1892 2146 1948 veritate
2167 1893 2385 1963 quidem
2418 1896 2604 1960 vitam,
2637 1912 2666 1949 a
2693 1896 2978 1952 mendacio
3011 1907 3192 1952 autem
3223 1913 3418 1954 nosam
3447 1909 3506 1956 et

1913 1985 2289 2054 perditionem.
2325 1986 2381 2040 Si
2414 1989 2537 2057 quis
2568 1989 2714 2043 enim
2760 1987 3095 2058 percusserit
3135 1999 3298 2060 caput
3343 2006 3504 2049 suum

1913 2077 1978 2130 ad
2016 2087 2247 2147 petram,
2276 2089 2429 2148 petra
2461 2081 2681 2149 quidem
2722 2081 2838 2150 ipsa
2871 2090 3074 2149 manet,
3119 2093 3286 2153 caput
3318 2095 3502 2140 sum

1911 2165 1981 2220 ab
2013 2168 2322 2238 insipientia
2365 2170 2563 2239 accipit
2595 2171 2832 2239 plagam,
2872 2169 3014 2229 forte
3041 2181 3224 2228 autem
3258 2182 3314 2228 et
3357 2175 3504 2242 peri-

1917 2260 2120 2316 culum.
2166 2262 2307 2316 Dicit
2365 2277 2496 2318 sane
2551 2272 2607 2317 et
2664 2261 2956 2331 Apostolus
3008 2279 3025 2317 :
3074 2261 3504 2320 Fundamentum

1911 2352 2060 2406 aliud
2079 2370 2229 2408 nemo
2254 2364 2422 2424 potest
2442 2370 2637 2423 ponere
2681 2367 2874 2425 praeter
2899 2373 3019 2410 eum
3056 2359 3148 2426 qui
3182 2369 3266 2412 est'
3297 2361 3504 2427 positus

1911 2441 2152 2499 Christus
2202 2445 2359 2500 Iesus
2400 2448 2483 2513 '°;
2549 2458 2605 2502 et
2652 2449 2846 2503 iterum
2895 2467 2910 2506 ε
2961 2447 3125 2504 Petra
3180 2464 3358 2506 autem
3391 2463 3505 2508 erat

1910 2535 2150 2591 Christus
2177 2538 2218 2590 ί.
2264 2537 2322 2592 Si
2356 2538 2425 2592 ad
2470 2538 2632 2593 istant
2685 2551 2896 2610 petram
2947 2552 3113 2613 caput
3165 2545 3504 2613 percusseris

1911 2638 2080 2690 tuam,
2116 2628 2346 2685 scissum
2374 2641 2460 2686 est
2489 2632 2633 2701 quod
2678 2633 2895 2688 volebas
2925 2652 2938 2690 :
2983 2635 3029 2690 si
3061 2646 3241 2691 autem
3283 2638 3502 2695 confes-

1909 2737 2006 2776 sus
2034 2720 2204 2775 fueris
2237 2723 2442 2787 lumen,
2477 2723 2702 2779 habebis
2747 2728 2889 2795 quod
2923 2728 3227 2786 conﬁteris.
3263 2729 3321 2785 Si
3353 2731 3501 2786 enint

1909 2813 2135 2881 apostoli
2169 2813 2492 2882 quihusdam
2526 2816 2745 2884 quidem
2774 2816 2911 2873 odor
2939 2820 3132 2874 mortis
3163 2821 3229 2874 ad
3263 2828 3497 2874 mortem

1910 2912 2056 2967 sunt,
2084 2903 2410 2972 quibusdam
2448 2916 2628 2960 autem
2673 2908 2811 2960 odor
2852 2909 2976 2962 vita:
3009 2909 3078 2963 ad
3115 2910 3313 2974 vitant;
3349 2910 3394 2964 si
3425 2910 3501 2965 illi

1909 2993 2000 3061 qui
2042 3008 2138 3059 per
2175 2993 2450 3050 Christum
2498 2998 2577 3050 sal
2624 3007 2772 3063 sunt,
2820 3008 2871 3052 et
2925 3001 3017 3069 qui
3071 3016 3169 3070 per
3225 3000 3502 3058 Christum

1910 3083 2195 3140 luminaria
2228 3085 2557 3150 eﬂlciuntur,
2599 3089 2666 3142 ad
2706 3100 2936 3144 mortem
2983 3101 3037 3145 et
3085 3093 3153 3146 ad
3199 3093 3365 3148 vitam
3416 3094 3503 3148 his

1911 3177 2001 3247 qui
2041 3179 2269 3232 credunt
2292 3189 2348 3233 et
2377 3181 2466 3249 qui
2517 3197 2621 3235 non
2669 3184 2901 3237 credunt
2950 3184 3266 3240 habentur:
3299 3199 3504 3256 quanto

1914 3269 2083 3338 magis
2120 3270 2164 3325 is
2206 3272 2295 3339 qui
2339 3272 2563 3326 donavit
2610 3274 2726 3329 haec
2768 3274 3080 3352 hominibus
3116 3277 3406 3333 Christus?
3445 3279 3504 3334 Si

1909 3362 2047 3429 quis.
2095 3362 2290 3432 inquit,
2347 3378 2433 3416 vos
2474 3381 2577 3417 non
2626 3368 2934 3435 susceperit,
2994 3380 3237 3422 exeuntes
3279 3372 3506 3425 excutite

1911 3456 2172 3518 puluerem
2215 3464 2279 3509 de
2318 3457 2537 3525 pedibus
2567 3457 2750 3511 vestris
2792 3475 2812 3514 .'
2854 3461 3183 3515 tolerabilius
3221 3462 3359 3516 enim
3399 3465 3504 3517 erit

1913 3555 2067 3600 terrm
2115 3547 2471 3602 Sodomorum
2504 3555 2560 3604 in
2604 3552 2687 3604 die
2718 3552 2931 3619 iudicii,
2975 3572 3132 3625 quam
3173 3557 3370 3609 civitati
3422 3557 3505 3613 illi

1910 3654 2026 3706 qua:
2043 3654 2126 3690 vos
2158 3656 2259 3692 non
2286 3641 2505 3708 suscipit
2535 3642 2624 3710 qui
2650 3659 2682 3694 a
2712 3658 2794 3696 me
2826 3645 2973 3697 missi
3004 3647 3126 3698 estis
3158 3648 3195 3699 ‘.
3227 3648 3282 3701 Si
3320 3661 3500 3706 autem

1912 3731 2036 3799 quis
2060 3731 2232 3798 ipsum
2268 3748 2372 3786 non
2401 3735 2701 3802 susceperit
2727 3736 3004 3790 Christum
3041 3757 3054 3790 :
3095 3743 3223 3806 quid
3262 3740 3307 3794 si
3332 3746 3499 3796 etiam

1916 3839 2019 3875 non
2047 3823 2221 3876 solum
2253 3839 2358 3877 non
2391 3827 2716 3894 susceperit,
2743 3829 2838 3882 sed
2881 3831 3195 3886 interimere
3232 3833 3506 3892 voluerit?

1913 3914 1954 3966 si
1977 3929 2143 3967 ausus
2173 3917 2294 3984 quis
2334 3916 2495 3969 fuerit
2520 3917 2721 3976 dicere.
2750 3920 2874 3986 quia
2912 3921 3030 3974 sine
3056 3921 3191 3978 Filio
3223 3936 3307 3978 est
3331 3923 3496 3992 Deus,

1910 4015 2004 4058 aut
2033 4007 2156 4073 quia
2212 4008 2330 4061 sine
2375 4007 2540 4060 Patre
2585 4019 2670 4062 est
2720 4009 2932 4063 Filius?
2984 4011 3110 4066 llaec
3159 4014 3304 4067 enim
3352 4030 3502 4074 nunc

1911 4096 2130 4164 quidam
2178 4097 2583 4151 calumniantur
2624 4101 2894 4165 dicentes,
2943 4103 3070 4172 quia
3104 4104 3220 4172 ipse
3261 4107 3365 4161 sibi
3416 4118 3507 4166 est

1911 4185 2094 4248 Pater,
2131 4185 2244 4254 ipse
2272 4196 2359 4240 est
2385 4198 2438 4240 et
2465 4185 2654 4252 Filius,
2686 4200 2869 4244 etnon
2912 4202 2997 4246 est
3037 4191 3227 4251 Filius.
3265 4194 3324 4250 Si
3353 4198 3500 4254 enim

1909 4276 2074 4332 Pater
2097 4279 2208 4350 ipse
2232 4279 2334 4333 sibi
2372 4290 2456 4334 est
2487 4291 2670 4350 pater,
2718 4299 2822 4337 non
2855 4295 2941 4339 est
2990 4284 3169 4351 Pater,
3218 4292 3345 4359 quia
3383 4292 3505 4360 ipse

1909 4370 2010 4424 sibi
2062 4381 2116 4424 et
2169 4372 2311 4425 illius
2371 4383 2471 4431 est.
2523 4385 2579 4427 ut
2617 4379 2787 4429 aiunt.
2835 4375 3094 4432 Ludimus
3140 4379 3196 4433 itt
3243 4379 3490 4441 divinis:

1910 4457 2304 4512 irrationabilia
2330 4462 2474 4514 enim
2514 4461 2616 4515 ista
2649 4478 2715 4516 ne
2746 4464 2963 4532 quidem
2990 4466 3143 4534 parvi
3175 4469 3499 4538 suscipiunt.

217 4577 360 4631 unus
399 4577 691 4646 perveniet.
733 4577 888 4631 Sicut
917 4548 1074 4631 enin"
1100 4548 1263 4630 P3,“,
1300 4577 1519 4642 gmina,
1550 4585 1604 4631 ει
1642 4548 1805 4646 ει,ρη
1839 4577 1882 4632 D
1915 4548 1992 4604 De
2021 4551 2105 4604 his
2150 4565 2281 4606 sane
2319 4556 2664 4608 sermonibus
2701 4571 2864 4608 unum
2908 4556 3286 4642 brevissimum
3319 4560 3502 4617 infan-

215 4681 434 4722 onmem
464 4679 710 4720 naturam
727 4678 808 4721 est
835 4670 976 4738 quod
1001 4679 1078 4722 est
1099 4683 1205 4722 non
1225 4679 1383 4722 natus
1407 4685 1420 4721 :
1455 4669 1528 4721 ita
1555 4680 1607 4722 et
1636 4667 1802 4724 Filius

215 4772 382 4828 supra
412 4771 603 4812 omnes
634 4758 866 4812 habetur
899 4759 950 4812 in
983 4774 1048 4813 eo
1080 4761 1225 4827 quod
1255 4768 1335 4812 est
1363 4761 1645 4828 progenies
1673 4774 1801 4813 vera

218 4847 360 4905 Deus
388 4850 530 4919 apud
563 4849 753 4915 Deum,
787 4851 926 4905 Deus
961 4853 1027 4906 ad
1059 4851 1338 4905 dexteram
1373 4852 1485 4911 Dei,
1520 4851 1660 4905 Deus
1688 4850 1800 4905 for-

217 4943 307 5008 tis,
339 4942 482 4995 Deus
511 4956 671 5010 quem
717 4945 869 4996 unxit
900 4942 1065 4996 Deus.
1113 4942 1426 5011 Agnoscitis
1482 4942 1796 5011 prephetica

217 5034 382 5088 verba
417 5031 551 5104 (99).
588 5033 727 5097 Quid
757 5035 833 5086 ait
861 5037 1119 5106 prepheta
1152 5035 1362 5088 David?
1389 5034 1516 5088 Ideo
1554 5035 1702 5088 unxit
1728 5046 1798 5101 te,

217 5125 379 5186 Deus.
405 5125 542 5179 Deus
567 5137 683 5179 tuus
704 5125 771 5178 ".
802 5124 934 5180 Nam
965 5138 1017 5180 et
1039 5126 1193 5181 furtis
1225 5127 1399 5181 dictus
1438 5139 1522 5180 est
1554 5123 1621 5181 ab
1642 5127 1799 5191 lsaia,

213 5228 268 5272 ει
299 5217 438 5271 Deus
470 5214 737 5274 uobiscum
760 5218 825 5280 ",
868 5234 988 5271 eum
1014 5235 1081 5272 ex
1106 5219 1347 5288 Virgine.
1385 5218 1498 5272 Non
1519 5234 1648 5287 ergo
1679 5235 1801 5274 cum

213 5323 277 5362 ex
327 5309 545 5378 Virgine
588 5319 716 5363 tunc
766 5307 928 5374 Deus,
978 5311 1072 5364 sed
1133 5311 1416 5365 nobiscum
1471 5321 1618 5363 tunc.
1679 5310 1796 5366 Non

215 5399 449 5470 primum
487 5416 553 5454 ex
595 5398 835 5471 Virgine,
876 5404 968 5455 sed
1005 5401 1237 5468 primum
1278 5416 1343 5456 ex
1386 5402 1515 5456 Deo.
1561 5402 1635 5457 Ex
1681 5402 1798 5456 Vir-

214 5491 339 5564 gine
386 5495 527 5547 enim
580 5505 799 5564 pr0pter
839 5494 1318 5565 dispensationem,
1359 5509 1423 5548 es
1468 5496 1574 5549 Deo
1613 5506 1794 5550 autem

281 5601 330 5675 ‘_‘
358 5600 501 5658 Psitl.
533 5620 674 5671 xuv,
701 5606 755 5661 8.
857 5608 901 5640 θ’
923 5609 1033 5663 lsa.
1053 5623 1104 5675 v,
1135 5607 1210 5674 ὃς
1240 5624 1334 5670 vn.
1370 5608 1456 5663 ll.

215 5685 269 5740 8.
293 5673 381 5737 l4,
413 5675 499 5732 l5.

311 5776 402 5846 98)
430 5776 526 5830 Ms.
559 5775 682 5831 Non
720 5786 963 5831 naturam
994 5775 1085 5831 sed
1111 5776 1334 5846 gloriam
1360 5777 1669 5832 occiuimus.

307 5847 399 5920 99)
432 5847 528 5901 Ms.
558 5849 834 5917 Aguoscite
866 5849 1171 5918 prapltetiea
1207 5850 1378 5903 verba.

458 5941 730 6000 Panos.
763 5937 878 6001 Gn.
905 5938 1143 6004 XXIV.

1572 5609 1617 5641 "
1649 5607 1806 5664 Joan.
1845 5623 1936 5674 ιιι,
1961 5607 2050 5664 56.

1917 4652 2022 4694 tem
2066 4643 2358 4714 interroga,
2389 4647 2478 4714 qui
2516 4648 2688 4715 printa
2728 4657 2914 4716 utpote
2965 4638 3096 4704 voce
3133 4652 3502 4720 qualitercun-

1910 4750 2017 4804 que
2041 4737 2273 4805 emperit
2315 4737 2482 4809 loqui,
2520 4750 2574 4795 et
2602 4744 2764 4798 dicito
2784 4747 2870 4799 ei:
2901 4745 3062 4800 Pater
3091 4755 3214 4800 tuus
3253 4746 3341 4798 ubi
3380 4753 3504 4804 est?

1909 4827 2016 4880 Aut
2051 4828 2191 4882 sicut
2220 4844 2626 4887 consueverunt
2674 4835 2918 4891 infantes
2957 4847 3168 4908 patrem
3217 4837 3496 4906 appellare

1910 4925 1956 4978 si
1999 4927 2351 4996 semetipsum
2400 4930 2733 4995 ostenderit,
2794 4936 2975 5002 arguit
3028 4949 3116 4988 me
3171 4934 3352 4990 infans
3395 4957 3410 4993 :
3448 4940 3501 5006 si

1909 5027 2090 5071 autem
2127 5021 2387 5089 parvulus
2419 5023 2602 5076 statim
2640 5032 2700 5076 ut
2731 5019 2897 5079 fuerit
2933 5025 3299 5096 interrogatus
3333 5031 3500 5088 intel-

1911 5111 2106 5166 lexerit
2142 5117 2270 5182 quid
2303 5116 2502 5183 quieris
2547 5115 2614 5170 ab
2646 5130 2732 5181 eo,
2768 5132 2893 5171 eum
2942 5119 3032 5187 qui
3082 5134 3141 5174 se
3180 5123 3369 5191 genuit
3403 5141 3498 5180 os-

1916 5209 2136 5266 tendit:
2174 5211 2294 5264 vide
2339 5209 2469 5279 quid
2518 5209 2694 5264 audis.
2752 5209 2887 5265 Cum
2942 5222 3123 5267 autem
3175 5215 3500 5274 benedictus

1907 5306 2099 5369 Filius,
2134 5314 2324 5360 tenens
2354 5317 2574 5372 panem,
2616 5302 2761 5358 levat
2788 5320 2980 5359 manus
3008 5322 3133 5360 suas
3162 5323 3404 5374 sursum,
3440 5321 3497 5368 ut

1907 5411 2054 5455 tuam
2092 5411 2327 5455 mentem
2358 5399 2424 5452 ad
2453 5413 2576 5452 eum
2613 5401 2700 5467 qui
2736 5413 2794 5454 se
2827 5401 3010 5469 genuit
3045 5401 3292 5466 extollat,
3331 5419 3497 5464 nosce

1903 5494 2144 5558 Patrem,
2179 5502 2233 5549 et
2258 5505 2408 5546 cessa
2454 5507 2653 5562 negare
2686 5491 2907 5548 Filium.
2944 5495 3000 5549 Si
3044 5495 3209 5566 igitur
3240 5495 3501 5567 Unigeui-

2161 5608 2206 5640 ⁸⁸
2232 5607 2250 5660 1
2278 5606 2404 5662 Cor.
2447 5623 2528 5673 lii,
2555 5610 2612 5663 11
2749 5610 2766 5641 ¹
2797 5611 2818 5664 ι
2845 5607 2970 5664 Cor.
3018 5624 3074 5675 ι,
3097 5611 3154 5662 ι.
3255 5611 3277 5643 '
3303 5609 3499 5674 Matth.

1974 5773 2052 5845 (l)
2089 5771 2188 5832 Ms.
2213 5770 2296 5830 Ns
2315 5775 2624 5846 exstinguas
2654 5775 2749 5832 tibi
2773 5774 2970 5831 lumen.

3049 5935 3128 5996 3s
