4072 6398
668 385 807 443 1116⁸1

1350 373 1618 428 ιυδειιιι
1654 367 2133 426 υΔιεΑιιιηιδιε
2169 367 2228 421 Ul

2361 362 2540 420 PARS
2577 362 2664 421 IV.
2698 392 2768 408 —
2804 360 3233 420 DOGIA‘I'ICA.

3770 357 3915 414 1MB

669 509 761 558 tus
781 495 912 554 dicit
946 513 961 551 :
999 493 1183 558 Peter,
1206 491 1404 563 gratias
1442 508 1540 563 ego
1582 491 1703 557 tibi,
1746 491 1873 563 quia
1916 504 2118 558 semper
2160 502 2239 541 me
2266 489 2314 547 Α
2338 486 2517 540 omnis
2540 486 2729 541 beatus
2752 483 2921 550 audit,
2946 482 3073 538 inde
3102 491 3159 536 et
3191 495 3291 536 nos
3322 476 3566 535 universi
3609 474 3910 533 audiemus.

668 587 930 647 exaudiui
957 601 977 640 :
1004 586 1093 640 sed
1119 593 1326 654 propter
1346 584 1765 638 circumeuntem
1798 579 2047 651 populum
2072 580 2231 633 istum

670 682 809 743 dico,
838 686 895 732 ut
924 675 1138 731 credant
1168 675 1293 743 quia
1321 684 1378 729 tu
1417 688 1498 728 me
1529 673 1717 727 misisti
1744 672 1783 725 ³.
1828 672 1932 727 ista
1964 672 2230 739 interpre-

672 772 873 825 tatione
916 782 1021 822 non
1064 765 1307 837 indigent
1333 784 1347 819 :
1373 773 1430 820 et
1458 764 1707 819 sedemus
1736 770 1793 817 ut
1848 760 2132 826 insensati,
2178 768 2235 813 et

670 858 926 915 ludimus.
981 858 1117 913 Num
1183 856 1531 926 semetipsum
1598 854 1784 926 genuit
1846 850 2046 908 Pater?
2104 864 2231 905 num

668 950 1019 1020 semetipsum
1068 948 1259 1005 misit?
1291 962 1417 1002 num
1445 947 1789 1015 semetipsum
1822 951 1962 1007 orat,
2005 952 2061 997 et
2103 942 2233 997 sibi-

669 1042 880 1113 metipsi
907 1041 1108 1113 gratias
1142 1040 1270 1112 agit,
1308 1047 1365 1093 et
1424 1037 1539 1108 ipse
1568 1036 1682 1093 .sibi
1733 1046 1818 1092 est
1857 1033 2048 1101 Filius,
2105 1034 2225 1105 ipse

669 1132 771 1189 sibi
810 1140 891 1187 est
921 1132 1183 1201 pontifex,
1217 1132 1329 1201 ipse
1385 1129 1486 1185 sibi
1515 1138 1599 1184 est
1625 1142 1819 1200 agnus,
1856 1126 1972 1197 ipse
2006 1124 2109 1181 sibi
2138 1131 2227 1179 est

670 1222 921 1291 via,ipse
952 1223 1053 1278 sibi
1121 1231 1205 1279 est
1242 1220 1445 1292 janua?
1491 1220 1558 1277 Et
1600 1220 1720 1288 quis
1754 1221 1888 1285 haec,
1922 1216 2134 1273 etiamsi
2164 1218 2235 1271 sit

671 1315 1168 1384 insipientissimus,
1218 1312 1493 1385 patietur?
1542 1311 1674 1366 Num
1726 1326 1834 1367 una
1888 1324 1991 1365 vox
2050 1320 2133 1363 est
2176 1318 2234 1363 ut

668 1407 1176 1472 circumveniamus,
1211 1420 1313 1460 una
1351 1413 1433 1462 est
1456 1405 1632 1460 littera
1659 1413 1719 1458 ut
1750 1401 2061 1460 deleamus?
2095 1399 2233 1456 Dicit

670 1496 815 1553 enim
866 1498 1055 1552 iterum
1111 1496 1366 1551 Dominus
1412 1514 1427 1550 :
1466 1495 1607 1551 Ecce
1660 1510 1752 1565 ego
1806 1494 1967 1565 diligo
2018 1491 2234 1547 Patrem

671 1603 843 1642 meum
867 1586 908 1653 ⁸,
941 1601 1031 1656 ego
1065 1585 1259 1641 honoro
1302 1584 1514 1640 Patrem
1540 1601 1711 1640 meum
1735 1586 1778 1649 ',
1819 1599 1975 1651 opera
1995 1598 2113 1653 qua!
2139 1598 2232 1653 ego

672 1680 811 1748 facio
831 1679 918 1733 ille
936 1679 1083 1749 facit,
1120 1677 1282 1733 Pater
1319 1694 1464 1732 meus
1502 1678 1739 1747 quotidie
1768 1684 2022 1743 operatur
2058 1685 2107 1730 et
2139 1691 2232 1745 ego

670 1785 857 1837 operor
880 1770 923 1826 ⁸.
952 1770 998 1822 si
1033 1768 1242 1823 creditis
1270 1768 1326 1821 in
1354 1766 1517 1822 Deum
1548 1777 1595 1821 et
1624 1768 1679 1820 in
1714 1782 1796 1820 me
1835 1766 2068 1831 creditis,
2099 1764 2232 1820 uado

2333 578 2377 631 A
2407 576 2545 633 Filio
2571 578 2706 633 nihil
2745 577 2928 632 audiat
2974 589 3192 642 sponsa,
3232 574 3379 643 quod
3427 585 3535 626 non
3588 578 3673 625 est
3731 568 3912 638 sponsi

2332 669 2438 724 sui.
2469 669 2527 724 Si
2557 669 2770 738 quidem
2803 683 2907 723 non
2933 667 3059 723 licet
3099 679 3311 734 spctisae
3342 663 3573 719 alienam
3627 662 3912 730 suscipere

2334 759 2388 814 in
2435 758 2654 814 auribus
2702 773 2915 821 vocem,
2948 759 3111 813 etiam
3144 757 3193 811 si
3223 754 3425 811 Paulus
3477 757 3641 809 dicat.
3702 754 3809 809 Sed
3855 765 3912 807 ut

2331 864 2437 905 non
2464 848 2733 905 dubitaret
2756 864 2953 918 sponsa
2988 848 3056 905 de
3107 847 3294 913 Paulo,
3334 848 3412 902 ait
3444 848 3557 917 ipse
3589 867 3602 902 :
3643 846 3729 902 An
3756 861 3910 914 expe-

2332 942 2607 995 rimentum
2626 942 2863 1011 queritis
2884 941 2997 1009 ejus
3016 941 3107 1008 qui
3136 941 3188 991 in
3215 955 3295 992 me
3312 938 3545 1004 loquitur
3562 938 3809 995 Christus
3837 936 3911 991 ιιι

2334 1034 2661 1105 Desponsavi
2691 1034 2834 1087 enim
2872 1047 2989 1101 vos,
3030 1032 3221 1103 inquit,
3259 1033 3375 1086 viro
3415 1031 3538 1096 uni;
3575 1047 3682 1087 non
3715 1041 3900 1085 tamen

2333 1127 2550 1198 populo,
2607 1126 2702 1181 sed
2761 1125 2854 1179 uni
2914 1125 3191 1196 unigenito
3248 1138 3355 1179 una
3406 1138 3624 1193 sponsa.
3675 1123 3905 1177 Amicus

2333 1219 2477 1273 enim
2528 1215 2710 1288 sponsi
2757 1216 2845 1272 ille
2880 1226 2965 1271 est
2994 1218 3085 1286 qui
3120 1216 3317 1287 gaudet
3342 1216 3407 1271 de
3456 1230 3659 1287 sponsa
3691 1215 3900 1284 sponsi.

2332 1307 2449 1364 Non
2472 1318 2557 1364 est
2585 1308 2745 1362 vidua
2778 1316 2965 1364 sancta
2997 1308 3258 1364 Ecclesia.
3299 1306 3443 1362 Vivit
3480 1309 3630 1362 enim
3673 1308 3767 1377 qui
3807 1322 3906 1377 prs

2332 1400 2446 1471 ipsa
2475 1408 2557 1455 est
2597 1410 2864 1455 mortuus.
2917 1398 3101 1470 Angeli
3142 1414 3248 1455 non
3305 1412 3576 1455 mortuum
3629 1401 3905 1456 adorant:

2332 1490 2427 1545 sed
2448 1492 2555 1543 vita
2580 1499 2716 1555 erat,
2756 1497 2894 1554 erat,
2916 1498 3055 1555 erat,
3079 1501 3134 1544 et
3162 1500 3265 1555 est,
3302 1500 3357 1545 et
3391 1505 3494 1544 non
3545 1500 3731 1547 cessat
3765 1504 3902 1545 esse.

2330 1578 2517 1651 Neque
2552 1581 2696 1635 enim
2720 1581 2886 1649 erepit
2909 1595 2940 1633 a
2972 1581 3338 1651 temporibus;
3373 1594 3551 1651 neque
3581 1582 3822 1636 cessavit
3852 1581 3903 1634 in

2332 1672 2526 1729 secula
2573 1671 2675 1745 (1).
2726 1670 2967 1743 Regum
3015 1672 3159 1727 enim
3214 1669 3327 1740 ejus
3360 1688 3461 1728 non
3505 1672 3671 1727 habet
3703 1673 3900 1735 linem:

2336 1766 2462 1836 quia
2496 1780 2599 1821 non
2630 1765 2925 1836 temporale
2963 1764 3245 1836 imperium
3288 1764 3403 1834 ejus
3435 1775 3539 1831 est,
3580 1766 3680 1821 sed
3718 1779 3904 1836 perpe

669 1831 741 1915 ad
771 1859 981 1915 Patrem
1021 1875 1192 1914 meum
1215 1859 1259 1915 '.
1283 1858 1497 1913 Gratias
1530 1858 1661 1927 agit,
1692 1864 1831 1920 orat,
1875 1855 2014 1913 viam
2039 1864 2237 1911 semet-
2266 1831 2309 1888 Β
2338 1831 2507 1912 tuum.
2555 1831 2789 1926 Tempus
2819 1857 2965 1913 enim
3008 1831 3422 1914 resurrectionis
3447 1866 3552 1923 est,
3594 1867 3652 1912 et
3692 1831 3901 1927 tempus

670 1952 842 2020 ipsum
869 1960 1048 2016 vocat,
1083 1959 1144 2004 ut
1178 1963 1440 2020 agnoscas
1475 1948 1541 2003 ad
1570 1962 1731 2018 quem
1777 1947 1926 2003 vadis
1957 1965 1971 2002 :
2008 1946 2230 2019 ianuam

671 2043 1016 2111 semetipsum
1043 2041 1172 2096 dicit
1199 2048 1245 2105 ο,
1273 2049 1334 2095 ιιι
1357 2053 1617 2110 agnoscas
1656 2040 1724 2094 ad
1758 2053 1914 2109 quem
1954 2038 2226 2111 ingredie-

672 2136 749 2189 ris
787 2153 799 2187 :
833 2132 1018 2199 Pater,
1046 2132 1240 2202 inquit,
1269 2148 1413 2185 meus
1444 2130 1677 2202 agricola
1699 2138 1799 2196 est,
1830 2141 1878 2185 et
1900 2147 1991 2201 ego
2018 2132 2133 2187 vitis
2161 2132 2183 2163 '
2211 2149 2229 2189 :

669 2225 795 2279 vitis
836 2234 890 2279 et
941 2225 1175 2294 agricola
1213 2239 1354 2279 unus
1409 2224 1525 2278 est?
1577 2221 1728 2279 Hanc
1773 2224 2229 2293 comparationem

668 2317 925 2373 Dominus
950 2316 1105 2383 dixit,
1141 2325 1199 2371 ut
1230 2330 1299 2371 ne
1326 2316 1446 2386 quis
1469 2329 1555 2371 me
1589 2315 1963 2385 reprehendat.
1998 2313 2109 2386 Ego
2134 2329 2231 2368 au-

671 2417 776 2463 tem
817 2409 939 2463 volo
962 2418 1021 2463 ut
1048 2423 1134 2463 me
1170 2409 1383 2479 quidem
1430 2420 1619 2463 omnes
1655 2407 1904 2464 homines
1940 2406 2233 2475 reprehen-

666 2499 843 2553 dant:
876 2512 975 2566 ego
1014 2508 1195 2550 autem
1239 2495 1407 2550 volo:
1452 2496 1663 2551 Domini
1711 2508 1893 2551 autem
1924 2495 2233 2551 custodiant

668 2588 853 2642 verba.
887 2586 1136 2640 Descendi
1166 2586 1229 2638 de
1267 2585 1393 2638 calo
1433 2593 1490 2639 ut
1526 2586 1719 2655 faciam
1756 2585 2074 2640 voluntatem
2115 2586 2229 2652 ejus

664 2678 759 2747 qui
799 2692 878 2730 me
907 2676 1046 2729 misit
1074 2677 1116 2708 ¹⁶
1146 2694 1158 2730 :
1187 2674 1420 2731 obedivit
1462 2676 1637 2729 autem
1661 2690 1831 2744 usque
1879 2675 1945 2729 ad
1979 2686 2225 2731 mortem.

668 2765 778 2821 Sed
816 2766 942 2833 quid
993 2780 1134 2819 nunc
1171 2780 1304 2834 opus
1332 2774 1415 2820 est
1443 2763 1633 2820 Pauli?
1671 2780 1974 2835 quanquam
2004 2775 2056 2820 et
2087 2763 2228 2819 Pau-

667 2855 753 2911 lus
781 2870 888 2909 non
917 2856 1227 2911 testimonio
1255 2871 1355 2912 suo
1382 2855 1560 2925 dicat;
1606 2866 1780 2911 tamen
1813 2858 1936 2926 quia
1976 2858 2092 2927 ipse
2123 2855 2228 2911 Do-

667 2949 845 3003 minus
882 2962 985 3002 non
1026 2949 1261 3013 auditur,
1300 2957 1361 3003 ut
1388 2948 1517 3017 quid
1552 2950 1617 3002 de
1654 2949 1962 3003 domesticis
1991 2950 2107 3018 ejus
2142 2958 2228 3002 est

667 3040 887 3095 sermo?
914 3040 1001 3094 Vis
1033 3054 1164 3095 sane
1192 3040 1457 3095 honorare
1483 3037 1699 3103 Filium,
1734 3052 1791 3093 ut
1824 3041 1935 3094 vult
1973 3042 2081 3105 ille,
2119 3056 2223 3095 non

668 3141 727 3184 ut
750 3141 803 3185 tu
829 3132 927 3186 vis.
946 3130 1078 3184 Num
1102 3132 1146 3185 si
1172 3131 1376 3186 dixeris
1398 3146 1499 3185 n0u
1531 3141 1631 3194 est,
1657 3133 1953 3196 houorasti,
1980 3134 2023 3186 si
2053 3133 2219 3186 inter—
2252 3165 2297 3222 ϐ

666 3224 866 3277 emeris
907 3236 1064 3292 quem
1114 3236 1219 3276 non
1285 3230 1572 3290 potuerunt
1621 3221 1823 3277 Judaei?
1864 3221 2030 3277 Judaei
2082 3227 2225 3277 enim

669 3313 991 3368 lubriiilium
1036 3326 1159 3367 eum
1201 3321 1543 3382 putaverunt,
1572 3324 1624 3365 et
1654 3324 1711 3366 ut
1743 3312 1881 3367 fabri
1932 3313 2097 3368 lilium
2144 3314 2229 3367 in-

668 3403 1028 3467 terfecerunt;
1087 3413 1138 3457 tu
1190 3412 1247 3457 ut
1296 3402 1489 3457 Filium
1543 3398 1653 3456 Dei’
1685 3402 1969 3457 interﬁcis.
2021 3402 2125 3457 Sed
2169 3416 2222 3457 ιιι

667 3494 934 3559 morieris,
977 3509 1080 3547 non
1119 3493 1224 3548 ille.
1261 3494 1376 3549 Non
1406 3494 1547 3549 enim
1594 3509 1657 3547 ex
1695 3495 1779 3548 his
1812 3509 1929 3563 quae
1984 3504 2041 3549 tu
2071 3496 2222 3559 dicis,

666 3585 757 3637 ille
787 3598 894 3637 non
934 3592 1016 3638 est
1047 3596 1065 3636 :
1096 3584 1189 3637 sed
1234 3599 1300 3639 ex
1348 3585 1428 3637 his
1458 3599 1575 3652 quae
1616 3599 1719 3638 non
1762 3587 1957 3651 credis,
2006 3596 2060 3640 tu
2120 3602 2223 3641 non

665 3676 793 3729 eris.
821 3673 948 3741 Quae
990 3676 1190 3745 scripta
1238 3686 1363 3731 sunt
1394 3676 1577 3741 dicito,
1610 3684 1664 3731 et
1695 3678 2101 3748 derelinquetur
2131 3680 2217 3735 lis.

663 3766 780 3819 Non
819 3780 994 3820 meum
1025 3774 1078 3819 et
1113 3776 1281 3832 tuum,
1314 3768 1407 3822 sed
1447 3783 1564 3836 qua:
1608 3770 1908 3823 communia
1954 3780 2079 3824 sunt
2119 3770 2221 3825 Ec-

662 3858 860 3911 clesiae.
894 3856 1024 3922 Quis
1044 3858 1186 3911 enim
1231 3868 1283 3911 te
1307 3856 1545 3925 judicat?
1575 3859 1701 3925 quid
1743 3858 1910 3913 habes
1943 3862 2083 3929 quod
2115 3876 2221 3915 non

662 3946 953 4015 accepisti?
986 3944 1101 3999 Non
1132 3947 1231 4000 ista
1251 3954 1334 4000 est
1361 3960 1460 4000 vox
1500 3945 1649 4003 Pauli
1672 3947 1762 4015 qui
1795 3948 1871 4001 ait
1902 3964 1916 4001 :
1955 3946 2041 4002 Ea:
2075 3960 2224 4017 parte

662 4037 1015 4107 agnoscimus,
1050 4045 1101 4089 et
1130 4052 1194 4090 ea:
1223 4048 1369 4105 parte
1402 4038 1769 4105 prophetamus
1810 4038 1893 4091 “‘i
1942 4037 2066 4093 Hac
2093 4039 2225 4093 dixit

664 4127 878 4194 Paulus,
919 4142 988 4182 ne
1031 4141 1161 4183 sane
1210 4126 1354 4183 solus
1393 4135 1673 4196 putaretur
1721 4142 1785 4181 ex
1826 4137 1999 4198 parte,
2047 4130 2141 4183 sed
2170 4139 2224 4183 et

662 4219 909 4289 Apostoli
944 4234 1064 4273 cum
1088 4220 1203 4288 ipso
1231 4219 1323 4288 qui
1358 4220 1453 4283 ait,
1483 4235 1619 4273 nunc
1638 4220 1871 4274 uidemus
1913 4237 2005 4291 per
2038 4238 2224 4291 specu-

662 4310 772 4364 lum
810 4310 872 4364 η.
900 4308 1003 4363 Sed
1036 4308 1232 4363 Paulus
1262 4323 1357 4377 per
1389 4309 1662 4377 speculum
1690 4327 1704 4376 ;
1736 4321 1791 4364 ιιι
1817 4322 1999 4366 autem
2028 4324 2082 4367 et
2103 4312 2223 4367 istic

661 4404 771 4472 iam
789 4402 865 4457 vis
908 4401 1045 4457 facie
1072 4404 1138 4456 ad
1156 4401 1347 4457 faciem
1373 4416 1549 4457 nosse.
1584 4400 2043 4467 Quemadmodum
2094 4419 2223 4459 sane

2333 1946 2540 2003 salutis.
2571 1945 2686 2004 Non
2717 1947 3015 2003 moriamur
3040 1962 3189 2017 ergo,
3231 1962 3352 2002 cum
3386 1947 3649 2002 debemus
3689 1949 3895 2003 vivere.

2333 2036 2439 2094 Sed
2462 2024 2606 2093 nunc
2627 2038 2843 2109 quidem
2867 2039 3053 2108 paucis
3078 2039 3149 2093 ob
3171 2039 3494 2094 memoriam
3538 2048 3596 2093 et
3633 2039 3895 2094 honorem

2331 2127 2507 2185 Patris
2534 2129 2677 2185 illius
2708 2130 2901 2194 nostri,
2939 2129 3011 2184 ita
3048 2130 3200 2193 boni,
3239 2130 3311 2184 ita
3359 2129 3644 2193 laboriosi,
3698 2139 3756 2185 et
3805 2144 3900 2202 pre

2332 2219 2586 2276 Ecclesiis
2615 2219 2814 2288 ubique
2832 2218 3088 2289 vigilante
3113 2218 3196 2289 (5)
3225 2220 3369 2274 dicta
3412 2220 3521 2274 sint
3575 2220 3759 2275 nobis.
3803 2218 3902 2275 Ne-

2331 2328 2436 2384 que
2460 2312 2603 2369 enim
2631 2313 2843 2383 generis
2877 2309 2997 2380 ejus
3052 2312 3366 2367 memoriam
3414 2311 3666 2378 fecimus,
3730 2327 3903 2383 neque

2330 2405 2684 2471 educationis,
2729 2412 2823 2457 aut
2877 2402 3223 2470 eruditionis,
3278 2414 3372 2459 aut
3421 2404 3648 2460 alterius
3698 2404 3902 2459 vitaet

2334 2495 2614 2570 pmpositi.
2648 2492 2923 2549 Sul'ﬁcienl
2946 2496 3090 2549 enim
3130 2493 3183 2549 in
3226 2494 3463 2551 Ecclesia
3501 2496 3592 2550 Dei
3629 2494 3698 2550 de
3742 2494 3901 2550 Patre

2331 2598 2388 2643 et
2426 2587 2563 2642 Filio
2608 2586 2749 2654 loqui
2812 2585 2909 2656 (6).
2957 2585 3127 2656 Loqui
3182 2587 3378 2657 quippe
3416 2586 3674 2654 dicililia,
3726 2595 3899 2643 tacere

2329 2686 2506 2732 autem
2544 2689 2665 2747 qua
2685 2675 2895 2733 occulta
2942 2685 3086 2730 sunt.
3123 2675 3459 2748 Tinguamur
3497 2676 3698 2733 fratres
3732 2678 3788 2731 in
3821 2677 3900 2731 his

2330 2783 2447 2839 quas
2478 2768 2530 2823 in
2556 2767 2849 2837 Scripturis
2898 2769 3097 2838 scripta
3138 2782 3288 2833 sunt,
3328 2784 3433 2824 non
3474 2776 3532 2824 ut
3576 2783 3766 2823 vacuae
3811 2767 3899 2823 lit-

2330 2868 2458 2914 ιιι-ω
2484 2860 2867 2929 prophetarum
2900 2868 2958 2913 ut
2986 2859 3208 2915 Judmis.
3231 2860 3309 2914 Illi
3333 2860 3481 2916 enim
3520 2861 3808 2915 adversum
3840 2874 3895 2914 se

2327 2949 2541 3021 legunt;
2578 2949 2815 3020 legentes
2852 2950 2997 3003 enim
3031 2949 3237 3005 litteras
3281 2959 3337 3004 et
3384 2964 3489 3004 non
3535 2952 3890 3019 suscipientes

2327 3044 2605 3113 negotium
2634 3057 2700 3097 ex
2738 3042 2820 3095 his
2848 3043 3041 3111 quibus
3086 3041 3388 3113 legunt(7),
3410 3043 3736 3111 semetipsos
3770 3058 3893 3098 con-

2329 3137 2583 3189 demnant
2603 3134 2692 3201 qui
2728 3143 3011 3187 excusant.
3054 3131 3240 3187 Videte
3267 3147 3334 3186 ne
3380 3134 3658 3203 patiamur
3686 3148 3749 3188 ea
3775 3148 3892 3206 qua

2332 3224 2529 3279 Judaeis
2570 3225 2932 3293 increpamus.
2973 3222 3029 3278 Si
3072 3225 3216 3279 enim
3258 3224 3488 3280 dicimus
3530 3223 3751 3292 Filium,
3794 3240 3895 3280 non

2330 3313 2649 3369 conﬁtemur
2686 3324 2862 3369 autem
2894 3315 3108 3379 Filium,
3136 3326 3189 3371 et
3213 3316 3255 3369 si
3285 3315 3630 3382 agnoscimus
3659 3315 3894 3380 Patrem,

2329 3418 2641 3472 spernamus
2680 3415 2861 3458 autem
2904 3404 3152 3469 Patrem;
3196 3405 3288 3459 illa
3330 3405 3447 3475 ipsa
3490 3421 3612 3477 qua:
3645 3407 3893 3475 legimus.

2334 3497 2448 3567 ipsa
2481 3496 2717 3552 nobisin
2768 3498 2854 3552 die
2877 3495 3064 3566 judicii
3103 3496 3347 3567 legentur
3382 3497 3451 3551 ad
3488 3497 3894 3552 condemnatio-

2340 3606 2484 3645 nem.
2516 3590 2648 3646 Dicit
2714 3589 2856 3646 enim
2893 3588 3195 3644 Dominus:
3230 3582 3342 3653 Ego
3359 3585 3662 3655 nonjudico
3708 3590 3777 3652 “,
3808 3587 3895 3643 sed

2332 3696 2514 3735 sermo
2540 3695 2705 3751 quem
2768 3680 2976 3734 locutus
3024 3690 3106 3733 est
3153 3677 3270 3749 ipse
3323 3691 3444 3731 eum
3489 3678 3719 3745 judicat.
3758 3675 3895 3729 Dixit

2329 3774 2447 3839 tibi,
2479 3774 2604 3843 quia
2637 3773 2772 3827 vado
2815 3774 2885 3826 ad
2943 3772 3155 3827 Patrem
3210 3786 3383 3824 meum
3432 3768 3577 3822 Dixit
3627 3766 3747 3832 tibi,
3776 3767 3891 3836 quia

2326 3862 2525 3916 missus
2547 3876 2576 3914 a
2604 3857 2767 3913 Patre
2804 3872 2959 3922 sum;
2986 3868 3041 3911 et
3062 3868 3116 3911 tu
3138 3856 3269 3911 dicis
3292 3856 3415 3925 quia
3440 3871 3545 3909 non
3570 3864 3654 3909 est
3675 3854 3895 3909 missos?

2325 3954 2417 4006 sed
2441 3952 2555 4019 ipse
2575 3960 2657 4005 est
2683 3950 2774 4019 qui
2800 3949 2913 4004 haec
2930 3948 3084 4014 dixit,
3107 3958 3161 4003 et
3181 3958 3305 4001 tunc
3325 3945 3583 4014 iudicabit
3604 3963 3621 4000 ;
3641 3946 3783 4015 leget
3805 3947 3890 4001 tibi

2324 4042 2631 4112 Evangelia,
2650 4041 2801 4105 dabis
2820 4042 3105 4105 rationem,
3126 4040 3265 4094 dicet
3280 4053 3376 4094 cur
3399 4039 3509 4092 hac
3524 4038 3727 4107 scripta
3744 4037 3893 4092 sunti

2324 4134 2449 4189 Haec
2474 4142 2651 4187 autem
2676 4143 2803 4187 tunc
2828 4146 2931 4187 non
2959 4133 3065 4188 dixi
3094 4145 3189 4201 per
3219 4143 3425 4185 vocem.
3447 4127 3513 4182 Et
3533 4143 3641 4198 qua
3665 4127 3803 4184 facie
3822 4128 3893 4182 vi-

2328 4226 2483 4280 debis
2526 4223 2654 4277 illud
2687 4222 2902 4278 lumen?
2931 4222 3179 4278 Contenti
3204 4221 3374 4275 simus
3398 4219 3645 4284 veritate,
3678 4231 3892 4273 excuss-

2328 4330 2447 4371 mus
2472 4314 2613 4369 lites.
2652 4312 2709 4369 Si
2733 4315 2853 4384 quis
2875 4324 3052 4369 autem
3092 4322 3147 4367 et
3185 4313 3336 4367 novit
3371 4310 3579 4379 aliquid
3633 4325 3757 4364 cum
3801 4320 3890 4378 pa.

2332 4406 2516 4462 tientia
2546 4414 2601 4461 et
2638 4421 2742 4460 non
2773 4408 2837 4459 ad
2872 4403 3267 4476 instigatiouem
3306 4418 3427 4471 qua:
3461 4400 3627 4466 laedit,
3655 4402 3751 4455 sed
3777 4414 3890 4455 cum

662 4506 785 4547 eum
804 4491 1064 4546 interimis
1081 4505 1237 4560 quem
1264 4490 1431 4545 rides.
1460 4488 2233 4558 Hasc(2-5)videbamussem-
2264 4506 2307 4560 ι)
2336 4498 2639 4553 humilitate
2682 4512 2801 4567 quae
2859 4498 3098 4567 prodest,
3149 4509 3253 4549 non
3296 4505 3355 4546 ut
3404 4493 3632 4559 inimici,
3687 4495 3780 4548 sed
3841 4500 3889 4546 ut

664 4598 810 4656 pera
835 4585 992 4639 beato
1015 4582 1106 4639 illo
1126 4582 1261 4639 viro.
1293 4581 1603 4652 Saepeenim
1625 4580 1942 4636 dicebantur
1979 4578 2227 4650 ab’eo,nt
2332 4589 2645 4655 Christiani,
2688 4605 2792 4644 non
2848 4599 2906 4643 ut
2958 4590 3010 4642 in
3059 4588 3230 4651 circo,
3285 4587 3377 4640 sed
3418 4594 3478 4638 ut
3526 4586 3578 4638 in
3636 4583 3889 4640 Ecclesia.

662 4676 878 4747 quidam
906 4676 1308 4744 suspicarentur
1346 4689 1441 4729 ore
1471 4673 1683 4745 quidem
1718 4688 1817 4730 suo
1840 4676 1938 4731 ista
1964 4679 2225 4747 proferre,
2341 4680 2527 4735 Habes
2569 4680 2783 4750 aliquid
2827 4697 2841 4733 :
2886 4681 3039 4733 trade
3093 4693 3197 4732 non
3258 4692 3378 4732 cum
3430 4678 3544 4739 lite,
3597 4692 3702 4732 non
3749 4680 3889 4749 quasi

661 4771 829 4825 corde
852 4778 1028 4823 autem
1057 4768 1213 4823 aliter
1238 4767 1455 4822 habere.
1505 4764 1572 4820 Et
1622 4766 1836 4835 quidem
1891 4783 2100 4826 memor
2135 4786 2228 4825 vo-
2334 4784 2543 4835 auctur,
2582 4773 2675 4828 sed
2716 4786 3034 4827 ammonens
3061 4784 3122 4825 ea
3153 4784 3272 4840 quae
3301 4768 3542 4824 didicisti
3594 4785 3623 4824 a
3658 4767 3886 4839 Scripta.

668 4861 754 4915 bis
783 4875 901 4915 sum
931 4858 1146 4914 audisse
1175 4872 1263 4914 me
1299 4860 1366 4912 ab
1392 4872 1457 4911 eo
1492 4866 1679 4914 sancto
1729 4860 1883 4915 nobis
1919 4858 2226 4929 iuramento
2335 4866 2430 4921 ris.
2467 4864 2713 4921 Retinete
2734 4865 2869 4929 hac,
2898 4871 2953 4919 et
2985 4861 3273 4916 eessabitis
3303 4860 3468 4923 alite,
3507 4870 3562 4914 et
3599 4861 3669 4914 ab
3702 4858 3874 4914 Eccle-

665 4950 1020 5017 satisiecisse,
1046 4952 1172 5021 quia
1196 4965 1300 5006 non
1330 4949 1472 5005 aliud
1504 4950 1557 5003 in
1593 4950 1793 5021 lingua,
1828 4960 1883 5007 et
1916 4953 2059 5007 aliud
2085 4964 2228 5009 esset
2332 4957 2411 5011 sia
2447 4956 2687 5025 separari
2732 4955 2922 5010 nolite.
2972 4949 3030 5007 Si
3076 4966 3175 5022 ego
3224 4951 3412 5016 deliro,
3455 4951 3583 5019 quid
3619 4952 3689 5005 ad
3738 4950 3823 5003 te?
3850 4948 3886 5004 si

666 5048 721 5103 in
756 5046 919 5103 corde
944 5046 1093 5116 ejus;
1125 5044 1221 5101 sed
1255 5042 1420 5099 corde
1455 5042 1671 5111 quidem
1702 5044 1940 5098 creditur
1963 5044 2030 5098 ad
2060 5044 2225 5114 justi-
2332 5064 2433 5118 ego
2463 5048 2639 5103 aliena
2674 5047 2890 5118 loquar,
2924 5061 3009 5099 me
3031 5043 3216 5114 iudica
3248 5052 3303 5098 et
3330 5042 3555 5113 perdere
3582 5041 3713 5096 noli.
3734 5041 3881 5096 Occa-

666 5134 816 5198 tiam,
836 5148 930 5188 ore
949 5142 1126 5187 autem
1155 5131 1443 5187 conﬁtetur
1477 5132 1543 5185 ad
1565 5131 1791 5187 salutem
1832 5150 1847 5188 :
1886 5135 2027 5189 unde
2059 5134 2224 5205 igitur
2329 5140 2533 5193 sionem
2564 5137 2731 5192 nolite
2773 5148 3015 5205 quazrere
3052 5134 3118 5189 ad
3166 5132 3477 5189 schismata.
3507 5129 3637 5186 Ovis
3660 5145 3779 5199 qua
3803 5144 3882 5183 ex.

1908 5254 1928 5284 '
1958 5250 2111 5306 Joan.
2143 5266 2260 5315 vtu,
2302 5253 2393 5310 49.
2470 5251 2663 5308 ‘Joan.
2697 5266 2749 5315 v,
2786 5251 2871 5313 i7,
2916 5247 3005 5304 56.
3106 5247 3283 5303 ’Joan.
3310 5261 3420 5310 xxv,
3449 5245 3502 5310 1,
3532 5244 3625 5301 9.8.
3690 5244 3722 5315 7'
3743 5243 3866 5315 Joa-

738 5249 757 5279 ⁸
779 5247 934 5305 Joan.
960 5262 1036 5310 xt,
1065 5248 1156 5312 41,
1187 5248 1278 5302 62.
1346 5249 1367 5279 ⁵
1404 5248 1558 5303 Joan.
1588 5266 1697 5314 xtv,
1720 5251 1808 5305 3i.

1452 5321 1494 5351 ¹⁰
1526 5320 1683 5375 Joan.
1719 5337 1793 5388 vr,
1822 5323 1911 5379 38.
2010 5323 2048 5353 “
2083 5324 2099 5377 I
2128 5314 2253 5378 Cor.
2291 5340 2411 5392 xm,
2435 5325 2489 5383 9.
2584 5325 2629 5355 ¹¹
2667 5314 2821 5385 ibtd.,
2856 5319 2941 5374 12.
3039 5317 3143 5372 "ll
3170 5318 3297 5373 Cor.
3348 5333 3468 5381 xm,
3501 5316 3555 5370 3.
3661 5314 3707 5348 ί*
3737 5314 3879 5371 Joau.

667 5332 723 5381 δ.
757 5318 811 5371 9.
920 5318 941 5349 '
972 5318 1125 5373 Joan.
1166 5333 1255 5384 xv,
1298 5318 1345 5373 1.

665 5401 784 5454 vui,
816 5386 901 5442 15.

735 5497 873 5568 (1οὸ)
908 5496 1037 5575 llam
1075 5500 1393 5563 videbamus,
1433 5512 1539 5559 etc.
1581 5504 1744 5559 Henr.
1780 5504 2021 5561 Valesius
2046 5504 2171 5575 legit
2200 5522 2217 5562 :

666 5561 809 5641 βὼςΔ
821 5561 1160 5641 audiebamus
1182 5561 1390 5639 semper
1411 5590 1442 5626 a
1467 5575 1614 5627 beato
1639 5575 1729 5628 illo
1759 5591 1887 5639 liil'O,
1916 5592 2053 5641 sepe
2079 5561 2217 5630 cuius

664 5637 753 5713 ita
778 5636 1077 5713 dicebantur
1120 5641 1183 5692 ab
1233 5636 1312 5713 eo,
1353 5653 1406 5694 ut
1437 5645 1647 5712 quidam
1696 5636 2087 5713 suspicarentur
2131 5661 2219 5699 ore

663 5705 1009 5778 quidenseum
1042 5710 1142 5761 ista
1172 5710 1427 5778 proferre,
1449 5705 1557 5767 ctc.

735 5774 814 5843 (ι)
844 5774 1023 5844 Neque
1044 5774 1279 5836 cessavit.
1304 5777 1466 5837 Forte
1505 5798 1666 5849 neque
1690 5782 1932 5838 cessabit.

2400 5504 2477 5575 (5)
2522 5503 2803 5575 Vigilasne.
2832 5501 2897 5558 11.
2933 5500 3193 5575 Valesius
3218 5499 3349 5575 legit
3370 5497 3656 5575 uigilantis.

2493 5564 2844 5659 lilsiSu‘ﬁicit
2882 5574 3018 5628 enim
3054 5575 3108 5626 in
3147 5564 3385 5626 ErclEsia
3418 5564 3515 5622 Dei
3552 5571 3620 5623 de
3657 5564 3876 5625 Ριιηι

2328 5643 2700 5840 F‘zflgllﬂu'éis
2740 5715 2925 5785 quibus
2952 5711 3148 5785 legunt.
3179 5708 3367 5767 Greco
3388 5723 3561 5778 more,
3595 5724 3695 5783 pro
3720 5723 3783 5767 ea
3807 5705 3875 5763 his

2328 5803 2439 5840 auc
2484 5801 2619 5840 eaun
2649 5824 2664 5839 .

2321 5803 2439 5849 τινα
2464 5801 2664 5846 ιεηιιηι.
