4072 6422
182 433 334 489 1069

1302 421 1391 473 DL
1427 413 2032 472 libSUﬂliL’CTIONE.
2073 445 2127 456 --
2182 411 2310 467 UB.
2355 409 2396 465 Ι.

3336 403 3472 462 1070

174 547 260 594 tra
287 553 522 610 gregem
553 549 656 604 est,
685 552 816 612 pars
855 547 962 611 lupi
997 551 1102 598 est.
1137 539 1272 597 Nam
1302 542 1405 598 etsi
1438 541 1632 597 fortior
1660 541 1781 597 ovis
1809 547 1856 604 Α
1886 551 1996 598 tres
2033 563 2045 597 :
2089 556 2194 596 non
2238 539 2504 594 faciamus
2547 531 2950 596 conventicula,
2995 545 3106 586 non
3159 528 3471 600 Speluneas.

173 645 258 694 es,
287 634 527 703 expedit
581 634 677 688 tibi
729 632 867 687 infra
925 634 1162 705 parietes
1210 636 1370 691 ovilis
1419 650 1563 697 esse.
1612 650 1775 704 quam

173 723 355 780 foras.
390 724 580 781 Fortis
616 739 697 789 es,
740 735 894 794 porta
947 743 1122 781 meam
1167 727 1539 782 infirmitatem
1575 741 1592 781 :
1628 727 1782 783 infir-

172 832 300 872 mus
335 833 426 884 es,
457 819 647 888 accipe
669 821 931 878 medelam
959 837 988 876 a
1012 822 1284 878 communi
1318 822 1559 879 Ecclesia
1588 840 1602 877 :
1627 831 1779 893 gutta

170 928 284 967 una
353 923 663 970 torrentem
725 929 831 969 non
882 913 1035 969 facit.
1090 912 1147 968 Si
1195 913 1343 966 enim
1389 921 1446 967 et
1496 914 1776 977 ceciderit,

165 1015 486 1073 alitequam
524 1007 705 1071 cadat,
735 1023 762 1058 a
793 1015 936 1060 terra
975 1004 1320 1059 absorbetur.
1365 1002 1528 1059 Gutta
1552 1014 1777 1068 autem,

168 1106 228 1153 et
266 1107 460 1169 gutta,
497 1109 553 1154 et
575 1107 724 1169 gutta
754 1099 918 1154 etiam
964 1105 1175 1152 montes
1218 1099 1436 1152 evertit.
1484 1095 1666 1152 Canna
1719 1111 1780 1152 es

172 1191 421 1260 fragilis,
460 1190 612 1245 multi
646 1199 826 1244 autem
879 1188 1028 1244 ferro
1077 1197 1206 1242 sunt
1259 1186 1534 1243 fortiores.
1577 1187 1780 1244 Oculus

170 1282 332 1337 solus
363 1297 478 1337 non
504 1290 589 1337 est
609 1281 824 1346 oculus,
857 1295 1033 1350 neque
1055 1291 1431 1351 caputcaput,
1469 1297 1644 1351 neque
1685 1297 1780 1351 pes

171 1389 297 1444 pes.
341 1373 688 1444 Compositio
733 1374 876 1429 enim
926 1373 1295 1427 membrorum
1355 1383 1524 1427 totum
1576 1377 1777 1428 bonum

169 1460 334 1516 facit.
385 1459 525 1516 Nam
557 1462 660 1516 etsi
704 1475 856 1516 esses
890 1460 1102 1527 oculus,
1151 1462 1390 1525 ablatus,
1415 1477 1539 1517 eras
1578 1478 1774 1518 czecus.

168 1556 217 1608 Δ
242 1567 484 1624 corpore
513 1553 658 1607 enim
689 1551 936 1608 sublatus
959 1552 1174 1617 oculus,
1208 1567 1386 1608 exectis
1429 1561 1515 1610 est
1558 1554 1777 1620 oculus,

169 1645 358 1714 magis
391 1652 579 1698 autem
621 1653 886 1699 mortuus.
915 1644 970 1698 ln
1003 1644 1244 1700 Ecclesia
1279 1644 1478 1700 fratres
1528 1649 1631 1702 sub
1665 1647 1778 1703 alas

169 1735 377 1790 matris
402 1735 801 1791 conveniamus
829 1753 846 1796 :
877 1735 929 1789 in
953 1735 1197 1791 Ecclesia
1241 1736 1294 1790 in
1323 1751 1427 1806 qua
1455 1742 1776 1794 ornamenta

171 1842 402 1899 sponsae
431 1836 580 1895 sunt,
608 1837 662 1882 et
691 1828 936 1883 membra
957 1827 1181 1893 Christi,
1214 1843 1322 1883 non
1352 1830 1418 1884 ad
1461 1831 1776 1896 schismata,

1884 633 2049 691 Forte
2090 635 2235 690 enim
2290 629 2524 704 apostoli
2582 629 2701 685 hac
2748 625 3067 681 fundarunt.
3102 622 3220 679 Non
3265 623 3473 694 lapich

1882 726 2025 792 dico,
2065 726 2162 782 sed
2198 725 2411 797 negotia
2452 738 2659 779 rerum.
2696 720 2828 776 Eris
2867 719 2937 775 ab
2967 716 3237 783 Ecclesia,
3284 726 3344 774 et
3385 731 3472 774 ro-

1881 819 2082 890 linquis
2122 829 2352 874 matrem
2398 827 2543 873 tuam
2574 823 2798 887 prepter
2849 827 2957 867 me.
2987 811 3125 878 Quid
3160 826 3280 866 sum
3325 810 3472 866 enim

1880 928 2005 984 ego,
2040 923 2135 968 aut
2173 911 2399 975 Paulus,
2425 919 2522 964 aut
2554 905 2746 978 Apollo
2769 905 2892 975 quis
2928 903 3050 958 est?
3098 904 3172 958 De
3198 918 3285 958 me
3324 912 3381 958 et
3419 911 3474 960 to

1880 1006 1987 1061 erit
2019 1019 2219 1061 sermo.
2253 1001 2392 1058 Num
2428 1015 2529 1073 ego
2571 999 2870 1057 cruciﬁxus
2917 997 3076 1053 sum?
3105 997 3349 1050 Necdum
3403 1007 3474 1052 ne

1881 1097 2100 1166 quidem
2124 1096 2334 1167 alapam
2359 1094 2569 1164 accepi.
2604 1092 2646 1147 E
2667 1091 2948 1147 contrario
2983 1101 3184 1155 autem,
3219 1100 3274 1144 et
3298 1089 3472 1144 bono-

1881 1197 2035 1244 ratus
2085 1202 2204 1243 sum
2258 1195 2478 1257 pr0pter
2526 1181 2736 1240 Iesum.
2791 1185 2858 1240 Et
2901 1181 2992 1238 ille
3031 1181 3248 1252 quidem
3301 1180 3472 1236 multa

1884 1294 2075 1350 passus
2099 1290 2181 1334 est
2213 1289 2432 1350 propter
2455 1293 2542 1333 me
2575 1295 2590 1331 :
2631 1293 2732 1345 ego
2771 1287 2953 1332 autem
3006 1276 3307 1330 honoratus
3343 1287 3466 1329 sum

1883 1384 2104 1444 propter
2143 1373 2340 1441 ipsum.
2387 1369 2456 1425 Et
2483 1385 2584 1426 nos
2617 1370 2837 1439 quidem
2889 1367 3154 1424 feriamur
3204 1367 3472 1424 adversus

1881 1480 2126 1528 crucem,
2172 1473 2227 1520 et
2271 1464 2567 1519 adversum
2606 1477 2730 1517 eum
2766 1461 2857 1532 qui
2905 1472 3123 1531 propter
3165 1475 3265 1515 nos
3310 1460 3383 1516 fel
3419 1469 3472 1515 et

1882 1566 2094 1613 acetum
2135 1555 2292 1619 bibit,
2325 1564 2379 1610 et
2404 1553 2736 1624 imponimus
2782 1553 2832 1608 ei
2868 1553 3053 1623 spinas
3094 1553 3268 1625 magis
3301 1567 3470 1623 quam

1881 1645 2070 1715 Judtei,
2095 1658 2151 1704 et
2181 1646 2466 1703 elfodimus
2502 1662 2696 1703 manus
2738 1645 2856 1715 ejus
2901 1655 2956 1700 et
2996 1645 3187 1715 pedes,
3232 1655 3286 1702 et
3313 1646 3472 1701 dinu-

1882 1754 2158 1795 meramus
2176 1737 2294 1807 ejus
2319 1753 2443 1793 ossa
2481 1756 2494 1790 :
2527 1737 2662 1804 Qua:
2700 1739 2865 1804 enim,
2902 1737 3102 1807 inquit,
3135 1736 3336 1805 fecistis
3375 1733 3473 1792 uni

1882 1847 1949 1886 ea:
1978 1832 2211 1886 minimis
2241 1830 2366 1885 istis
2399 1830 2490 1900 qui
2519 1837 2738 1884 credunt
2782 1829 2836 1882 in
2865 1845 2970 1895 me,
3000 1828 3128 1882 mihi
3177 1829 3372 1897 fecistis
3401 1827 3473 1895 ¹⁶,

174 1935 289 1975 non
317 1920 389 1975 ad
416 1920 674 1976 haereses.
705 1919 1007 1989 Aliquoties
1027 1920 1173 1975 enim
1207 1920 1330 1977 dico
1361 1941 1374 1976 :
1407 1920 1630 1977 oﬂ'endit
1660 1938 1777 1978 mea
1816 1932 1858 1991 Β
1886 1932 1980 1976 aut
2015 1921 2218 1976 bonum
2254 1932 2349 1976 aut
2382 1921 2612 1976 malum.
2651 1920 2775 1976 ﬂare
2808 1919 3007 1977 fratres
3047 1930 3100 1977 et
3149 1921 3202 1975 in
3249 1922 3333 1978 his
3361 1921 3472 1977 fra-

173 2012 366 2083 lingua
399 2029 413 2066 :
451 2021 630 2081 potest
660 2012 774 2065 fieri
804 2021 862 2066 nt
905 2027 1059 2066 mens
1105 2027 1221 2067 mea
1276 2011 1536 2068 offendat.
1585 2014 1692 2069 Sed
1723 2025 1778 2070 tu

172 2104 292 2158 noli
323 2123 338 2159 :
369 2104 693 2160 obliviscere
736 2102 812 2175 (8)
853 2119 974 2158 eum
1016 2104 1108 2170 qui
1156 2105 1292 2159 dixit
1334 2122 1348 2158 :
1392 2103 1573 2160 Pretio
1619 2107 1779 2177 empti

173 2197 332 2262 estis,
366 2195 534 2251 nolite
562 2195 679 2264 ﬁeri
708 2197 843 2250 serti
883 2197 1152 2252 hominum
1176 2193 1241 2250 ¹⁸.
1271 2194 1381 2253 ista
1413 2200 1556 2253 enim
1584 2200 1780 2256 domus

175 2303 291 2344 non
316 2304 443 2345 mea
466 2299 550 2344 est
572 2299 665 2343 aut
693 2298 804 2347 tua.
851 2288 962 2345 Cur
1013 2291 1117 2345 mei
1171 2306 1335 2346 causa
1368 2292 1579 2346 recedis
1611 2306 1640 2344 a
1677 2292 1780 2346 Do-

175 2380 395 2438 mlnica
444 2382 645 2437 domo?
692 2381 757 2436 Et
810 2383 983 2452 primo
1025 2383 1240 2452 quidem
1287 2383 1417 2453 quid
1469 2384 1778 2454 accepimus

175 2474 345 2529 nobis
376 2459 504 2544 quia
538 2474 894 2544 sapientiores
923 2474 1178 2530 omnibus
1213 2475 1439 2530 sumus?
1467 2474 1670 2530 Deinde
1719 2485 1781 2530 ut

176 2566 314 2635 quid
341 2568 493 2636 quod
522 2566 574 2620 in
599 2580 762 2635 prece
787 2564 864 2637 (9)
893 2566 1140 2620 diabolus
1176 2566 1359 2632 habet,
1391 2567 1657 2621 donamus
1691 2566 1780 2622 ei?

175 2653 240 2712 Si
279 2671 386 2727 ego
413 2658 660 2712 infirmus
688 2653 829 2722 suni,
872 2667 924 2710 tu
946 2658 1035 2726 qui
1072 2672 1132 2712 es
1155 2659 1328 2722 fortis,
1361 2673 1463 2714 non
1496 2659 1775 2723 recedens,

178 2751 455 2804 conﬁrma
502 2749 826 2806 Ecclesiam.
876 2750 932 2804 Si
978 2765 1080 2819 ego
1125 2749 1301 2804 aliena
1336 2749 1547 2820 loquor,
1587 2767 1686 2805 cur
1721 2760 1776 2804 tu

183 2841 278 2912 qui
304 2842 448 2896 bene
485 2840 730 2909 loqueris
775 2839 1048 2897 abstrahis
1075 2853 1127 2895 te
1151 2850 1208 2894 ut
1233 2840 1520 2895 videantur
1550 2858 1669 2896 mea
1697 2843 1780 2895 in-

183 2932 438 2988 firmari?
464 2931 528 2986 Et
558 2947 625 2987 ne
651 2932 776 3002 quis
795 2947 880 2986 me
911 2942 1064 3002 putet
1100 2933 1383 2987 incitatum
1415 2933 1481 2986 ad
1512 2933 1778 3002 quosdam

185 3023 530 3081 dicere:sed
571 3024 640 3079 ab
662 3023 920 3080 exercitio
957 3023 1070 3094 (l0)
1110 3039 1231 3078 sum
1284 3023 1575 3079 multorum
1610 3041 1622 3076 :
1665 3025 1780 3080 scio

190 3128 404 3188 quanta
437 3119 580 3174 dicta
618 3128 745 3173 sunt
796 3127 852 3173 et
892 3119 1163 3173 dicuntur.
1212 3116 1596 3186 Unusquisque
1633 3118 1778 3172 enim

189 3225 449 3281 quarens
474 3211 618 3265 unde
652 3219 908 3281 pascatur
945 3209 1156 3265 furatur
1179 3210 1315 3281 (ll).
1349 3209 1587 3263 Minores
1624 3227 1637 3261 :
1668 3208 1779 3262 fra-

1882 2023 2036 2069 tres:
2073 2029 2180 2069 non
2232 2029 2448 2084 semper
2506 2014 2748 2076 nomina,
2798 2017 2895 2070 sed
2941 2030 3052 2071 res.
3125 2016 3472 2076 Christianus

1880 2107 2022 2160 enim
2051 2120 2233 2172 verus,
2289 2105 2460 2161 frater
2501 2106 2596 2162 sit.
2647 2104 2820 2162 Verus
2875 2106 3220 2164 Christianus
3260 2129 3272 2164 :
3308 2125 3472 2167 verus

1880 2208 1965 2254 est
2014 2199 2160 2254 enim
2221 2199 2492 2256 Christus.
2541 2199 2787 2267 Fratres,
2840 2199 3061 2267 fratres,
3123 2203 3288 2260 nolite
3351 2219 3474 2262 esse

1880 2291 2100 2361 piratae,
2165 2293 2334 2348 nolite
2399 2293 2717 2348 bellatores.
2787 2291 2968 2349 Nolite
3035 2309 3278 2364 quaerere
3343 2313 3469 2353 cum

1881 2399 1987 2453 quo
2060 2380 2311 2455 litigetis,
2380 2385 2474 2440 sed
2528 2402 2688 2456 quem
2769 2386 3014 2444 salvetis.
3093 2387 3209 2458 ipse
3286 2400 3468 2446 autem

1881 2475 2025 2532 Deus
2083 2478 2243 2546 pacis.
2301 2477 2392 2546 qui
2440 2493 2545 2533 non
2607 2479 2847 2550 pepercit
2910 2481 3190 2549 unigenito
3222 2495 3320 2537 suo
3375 2481 3468 2537 Fi-

1881 2566 1974 2631 lio,
2010 2579 2065 2622 et
2096 2567 2243 2622 misit
2306 2585 2432 2624 eum
2478 2573 2542 2623 ad
2583 2571 2810 2625 salutem
2863 2582 3128 2638 nostram,
3184 2573 3304 2642 ipse
3342 2588 3466 2628 om-

1881 2661 2028 2714 nium
2073 2671 2316 2716 vestrum
2347 2661 2560 2718 animas
2604 2664 2670 2717 ad
2707 2678 2868 2718 unam
2918 2665 3362 2730 consensionem,
3397 2666 3468 2721 ad

1882 2767 2043 2805 unam
2067 2753 2440 2817 concordiam,
2481 2754 2548 2807 ad
2594 2770 2758 2809 unum
2810 2770 2999 2822 pacem
3042 2767 3098 2812 et
3147 2757 3468 2813 charitalem

1882 2843 2079 2897 adnuet
2106 2859 2202 2913 per
2227 2845 2563 2915 unigenitum
2596 2862 2754 2901 suum
2784 2844 2978 2902 Filium
3005 2865 3020 2902 :
3053 2864 3150 2919 per
3188 2865 3351 2920 quem
3383 2858 3472 2906 est

1881 2952 1987 2991 non
2025 2947 2153 2992 nato
2181 2936 2326 2992 Patri
2370 2938 2562 3009 gloria,
2609 2939 2802 3008 honor,
2861 2941 3172 3011 imperium,
3207 2943 3468 3012 maiestas

1881 3029 1935 3084 in
1965 3029 2166 3100 Spiritu
2212 3042 2424 3095 sancto,
2454 3041 2506 3086 et
2541 3048 2682 3088 nunc
2715 3043 2768 3088 et
2805 3047 3041 3105 semper,
3072 3044 3122 3089 et
3154 3048 3249 3105 per
3283 3034 3468 3091 omnia

1882 3115 2079 3172 saecula
2107 3118 2456 3172 saeculorum.
2487 3118 2680 3172 Amen.

197 3359 2060 3390 ΨΜ

899 3362 3423 3397 W

960 3583 1722 3742 EUSEBII
1780 3579 2707 3744 PAMPHILI

777 3878 1005 3993 DE
1133 3875 2880 3993 RESURRECTIONE.

1356 4249 1712 4338 LIBER
1788 4251 2284 4342 PRIMUS.

258 4603 472 4661 Dictum
493 4602 811 4676 estquidem
837 4621 864 4659 a
898 4607 1050 4660 nobis
1078 4613 1132 4660 et
1160 4616 1281 4662 ante
1305 4609 1372 4663 de
1409 4609 1768 4664 resurrecﬁo-
1794 4619 1835 4675 c
1872 4622 2052 4666 autem
2113 4620 2167 4666 et
2202 4627 2322 4680 quae
2357 4609 2491 4662 lecta
2525 4616 2687 4673 sunt;
2738 4605 2878 4661 forte
2926 4603 3091 4662 etiam
3140 4615 3283 4674 sape
3307 4601 3469 4660 nobis

186 4712 289 4764 ne;
327 4697 556 4752 audistis
593 4707 647 4752 et
686 4712 782 4752 vos
831 4717 843 4752 :
885 4699 977 4753 sed
1014 4701 1196 4753 omnia
1259 4708 1501 4767 tempora
1549 4701 1774 4767 exigunt

185 4805 340 4845 suum
389 4789 646 4853 fructum,
687 4789 950 4858 siquidem
1001 4801 1055 4844 et
1111 4792 1162 4845 in
1204 4801 1446 4860 tempore
1498 4809 1770 4857 rosarum,

185 4896 323 4936 rosa
345 4879 654 4936 florescunt.
695 4880 1007 4952 Agnoscunt
1043 4891 1223 4936 autem
1262 4893 1317 4937 et
1350 4887 1645 4938 secundum
1677 4884 1769 4940 Je-

189 4975 415 5030 remiam
449 4974 526 5037 ‘7,
573 4974 974 5029 etbirundines
1029 4985 1239 5045 tempus
1287 4984 1342 5030 et
1390 4976 1477 5030 alii
1519 4991 1768 5046 passeres

184 5067 337 5137 agri;
369 5081 597 5134 quorum
626 5067 887 5136 propheta
911 5068 1113 5123 faciens
1139 5069 1490 5134 mentionem,
1524 5070 1771 5139 increpa-

185 5158 275 5213 bat
318 5156 484 5214 Israel
519 5158 609 5226 qui
635 5166 876 5227 tempora
917 5158 1220 5229 ignorabat.
1268 5159 1335 5214 Et
1366 5169 1578 5230 tempus
1620 5162 1769 5216 omni

185 5251 266 5306 rei
294 5263 411 5306 esse
433 5249 870 5318 sapientissimus
905 5250 1038 5304 dixit
1066 5249 1320 5306 Salomon
1345 5253 1410 5310 ³⁸.
1443 5251 1578 5320 Quia
1606 5252 1770 5321 igitur

185 5350 400 5410 tempus
435 5339 681 5411 exposcit
711 5339 780 5394 de
811 5339 1208 5395 resurrectione
1238 5342 1484 5405 tractari,
1511 5348 1771 5410 expetunt

1876 4704 2203 4770 dicentibus,
2230 4703 2456 4757 necdum
2489 4700 2707 4770 quidam
2749 4701 2815 4754 de
2845 4696 3246 4753 resurrectione
3273 4709 3467 4751 susce-

1874 4805 2072 4865 perunt
2119 4808 2424 4851 sermonem
2470 4811 2483 4846 :
2525 4791 2662 4847 nihil
2709 4788 2964 4861 prohibet
3000 4798 3245 4856 repetere
3279 4799 3379 4841 nos
3412 4795 3471 4844 et

1871 4889 2072 4952 denuo,
2107 4896 2161 4941 et
2193 4888 2258 4940 de
2283 4887 2367 4941 his
2399 4885 2531 4954 ipsis
2560 4892 2797 4938 tractare
2822 4881 2888 4934 “.
2917 4880 3117 4935 Eadem
3150 4879 3294 4931 enim
3331 4877 3470 4933 scri-

1875 4980 2006 5034 bere
2049 4995 2149 5034 nec
2184 4978 2408 5032 Paulum
2447 4975 2619 5048 piguit
2663 4991 2678 5028 :
2723 4975 2777 5031 bi
2805 4975 2949 5030 enim
2997 4973 3090 5044 qui
3116 4970 3344 5026 credunt
3381 4985 3471 5027 re-

1878 5075 2236 5129 surrectionis
2265 5086 2567 5136 sermones,
2608 5078 2770 5125 erunt
2816 5066 3088 5122 tutiores:
3121 5063 3261 5119 forte
3283 5071 3468 5118 autem

1877 5164 1969 5234 qui
1993 5166 2225 5219 necdum
2253 5162 2397 5218 suasi
2429 5170 2576 5227 sunt,
2605 5160 3001 5216 suadebuntur.
3046 5153 3204 5210 Nunc
3226 5153 3471 5208 creditur

1876 5253 2022 5308 enim
2054 5255 2296 5310 sermoni
2325 5252 2416 5323 qui
2452 5251 2518 5307 de
2551 5247 2945 5307 resurrectione
2972 5247 3240 5309 habetur;
3264 5253 3319 5300 et
3354 5259 3471 5296 ma-

1878 5355 1980 5410 gna
2027 5350 2115 5397 est
2162 5339 2453 5398 multitudo
2486 5353 2592 5393 non
2630 5337 2989 5394 credentium.
3031 5333 3273 5391 Gentiles
3321 5333 3468 5389 enim

258 5478 304 5513 ⁸⁸
326 5476 348 5533 l
369 5479 494 5535 Cor.
524 5495 600 5546 vr,
624 5479 735 5539 20:
769 5490 822 5535 et
861 5497 955 5549 vn,
980 5479 1073 5538 25.
1147 5479 1194 5513 “
1221 5479 1412 5540 Matth.
1443 5496 1574 5548 xxv,
1598 5479 1690 5535 40.
1770 5479 1776 5511 ¹

1881 5491 1962 5533 er.
1986 5489 2109 5540 vni,
2140 5476 2194 5530 7.
2272 5472 2318 5506 “
2355 5472 2534 5528 Eccle.
2570 5486 2653 5539 ιιι,
2681 5472 2770 5527 l7.
2849 5472 2893 5504 ”
2931 5467 3167 5541 Philipp.
3196 5466 3360 5535 "1,1.

257 5597 337 5682 (ἲς)
366 5594 495 5652 Noli
536 5612 556 5650 :

183 5667 340 5880 (“€93
371 5737 439 5796 In
479 5753 632 5808 prece
679 5738 760 5792 Ἐν
783 5737 941 5812 εὐχῇ,
977 5739 1030 5795 in
1060 5747 1208 5805 voto,
1241 5738 1296 5795 in
1322 5738 1544 5808 optatis.

289 5812 372 5880 10)
404 5811 480 5861 Ab
520 5809 792 5880 exercitio.
836 5811 890 5865 ld
919 5819 1022 5878 est,
1049 5825 1116 5866 ex
1164 5809 1469 5866 ministerio
1499 5823 1544 5864 tu

289 5809 372 5880 ill)
404 5811 480 5861 Ab
520 5809 792 5880 exercitio.
836 5809 1022 5878 idest,
1049 5825 1116 5866 ex
1164 5809 1469 5866 ministerio
1499 5823 1622 5867 meo
1651 5822 1772 5864 mea

188 5879 363 5940 «atto
393 5883 456 5935 ad
486 5879 684 5935 multos
705 5881 956 5941 pertinet.

603 5597 927 5655 obliviscere.
986 5597 1150 5654 Forte
1208 5598 1299 5652 sed
1354 5609 1410 5654 tu
1470 5599 1579 5653 noli
1634 5600 1751 5651 obli-

1951 5590 2062 5664 (Η)
2092 5591 2355 5647 Furatur.
2384 5587 2639 5664 Minores.
2668 5589 2833 5664 Forte
2864 5587 3076 5664 fugatur
3115 5585 3468 5664 minores-ﬁll

1877 5654 1984 5727 est.
2019 5654 2240 5720 adducit
2269 5676 2367 5729 per
2408 5661 2650 5714 fraudem
2703 5674 2732 5714 θ
2760 5654 2881 5729 sinu
2925 5657 3178 5713 Ecclesia:
3207 5654 3473 5729 paruulos

1879 5736 1938 5792 in
1973 5727 2334 5806 ﬁdo._slbique
2365 5731 2806 5806 adjttngitgnnde
2834 5728 3013 5784 alatur
3049 5747 3063 5784 :
3099 5727 3289 5796 quales
3328 5727 3365 5782 ii
3402 5727 3475 5785 de

1883 5797 2274 5878 quibus’Judas
2300 5797 2472 5873 apost.
2499 5799 2585 5865 12,
2610 5797 2926 5872 εσιηοιίριοι
2954 5808 3246 5870 pauentes.
