4072 6396
657 406 791 466 1071

1317 392 1587 456 Ευειωιι
1620 385 2093 448 αεωωωειε
2128 382 2236 439 ΟΡΙ

2338 377 2496 435 PARS
2532 376 2622 432 IV.
2660 406 2731 419 —
2768 371 3188 431 DOGHATICA.

3762 363 3901 418 I07!

654 541 763 582 non
784 522 1045 586 credunt;
1079 516 1319 576 heretici
1353 513 1514 572 simili
1540 513 1699 567 modo
1748 511 1937 567 iisdem
1978 523 2083 563 non
2121 506 2211 560 ha'
2239 509 2284 565 Α
2316 499 2462 555 tilice
2491 498 2581 568 qui
2607 496 2749 569 apud
2778 508 2875 551 nos
2897 502 3001 560 est,
3027 492 3233 586 humile
3261 488 3535 586 loquatur.
3568 483 3901 586 Ennomon-

654 616 782 673 bent
810 613 1002 677 tidem;
1032 607 1200 665 Judci
1226 607 1381 663 divisi
1410 612 1531 660 sunt
1555 604 1621 659 de
1644 600 2058 658 resurrectione.
2078 595 2213 652 Sad-

653 706 823 764 ducaai
852 703 995 758 enim
1026 700 1367 770 intercipiunt
1394 695 1508 769 (12)
1526 695 1994 758 resurrectionem,
2018 688 2211 744 Phari-

649 798 747 854 αεὶ
776 805 953 851 autem
984 804 1267 861 suscepere
1301 806 1315 842 :
1349 788 1451 842 nisi
1492 786 1665 856 magis
1708 786 1761 838 in
1793 781 2003 852 injuriis
2044 778 2213 849 petie—

655 898 803 952 runt,
844 899 1004 957 quam
1038 883 1437 937 honoraverunt
1467 897 1480 932 :
1506 878 1647 932 forte
1698 884 1874 929 autem
1925 880 1980 927 et
2024 870 2117 940 qui
2157 870 2211 923 in

656 977 897 1033 Ecclesia
922 972 1267 1036 conveniunt,
1298 968 1449 1024 multi
1479 968 1725 1021 dubitant
1761 965 1825 1019 de
1863 959 2215 1017 resurrectim

656 1084 759 1136 ne;
795 1082 913 1137 quae
946 1064 1087 1118 enim
1125 1062 1349 1116 necdum
1382 1059 1557 1115 oculis
1586 1058 1853 1119 videntur,
1896 1068 1925 1108 a
1970 1050 2216 1123 plurimis

658 1174 763 1215 non
787 1156 1102 1211 creduntur.
1128 1149 1261 1206 Nam
1283 1160 1335 1206 et
1361 1150 1396 1203 ii
1422 1149 1511 1217 qui
1544 1146 1840 1215 suscipiunt
1867 1142 2216 1198 resurrectio-

654 1265 807 1312 nem,
841 1245 1116 1302 constituti
1165 1250 1347 1311 utpote
1396 1240 1449 1293 in
1492 1237 1750 1299 Ecclesia,
1799 1235 1959 1290 multa
2017 1233 2221 1288 habent

657 1341 820 1397 dubia
847 1339 900 1393 in
940 1344 1121 1391 mente
1150 1334 1215 1387 de
1252 1332 1365 1401 ipsa
1392 1329 1809 1386 resurrectione.
1843 1326 2010 1380 Aiunt
2039 1325 2216 1386 enim,

658 1428 929 1500 quomodo
949 1420 1329 1494 resurgemus?
1364 1420 1416 1473 in
1450 1434 1556 1487 quo
1605 1418 1815 1480 habitu,
1843 1430 1945 1485 qua
1986 1428 2214 1469 convcr-

659 1521 892 1581 satione,
920 1519 971 1571 in
998 1529 1104 1584 quo
1131 1510 1287 1566 loco?
1317 1509 1441 1564 nudi
1466 1522 1533 1562 an
1551 1507 1774 1562 vestiti?
1802 1502 2222 1560 manducantes?

660 1626 769 1667 non
801 1608 1097 1679 indigentes
1116 1602 1277 1657 esca?
1302 1601 1355 1653 in
1372 1597 1529 1662 caelo,
1547 1599 1597 1652 in
1626 1594 1906 1668 paradiso?
1931 1607 2118 1649 omnes
2145 1592 2223 1647 si-

662 1702 798 1767 mul,
831 1716 899 1754 an
936 1696 1024 1751 alii
1056 1692 1216 1749 alibi?
1243 1691 1371 1757 Qui:
1396 1687 1720 1744 diversitas?
1766 1694 1945 1739 utrum
1978 1684 2030 1738 in
2067 1682 2219 1747 locis,

662 1805 755 1849 aut
783 1794 835 1847 in
869 1784 1258 1859 dignitatibus?
1296 1783 1363 1838 Et
1393 1784 1457 1837 de
1484 1783 1565 1835 his
1591 1780 1680 1850 qui
1708 1778 2003 1848 puniuntur
2043 1783 2221 1831 utrum

663 1893 717 1939 et
742 1851 972 1951 semper";
1004 1888 1095 1932 aut
1119 1887 1329 1945 tempus
1351 1872 1585 1943 aliquod,
1612 1879 1667 1924 et
1685 1880 1861 1923 utrum
1892 1878 2103 1936 semper
2129 1880 2226 1935 per
2254 1851 2298 1908 Β

665 1976 863 2045 ignem,
887 1980 977 2025 aut
1003 1968 1287 2039 aliquando
1314 1963 1504 2017 aliter?
1530 1962 1594 2018 Et
1623 1971 1800 2015 utrum
1843 1959 1931 2029 qui
1970 1959 2144 2027 plura,
2173 1965 2227 2011 et

666 2080 853 2137 parva,
888 2072 941 2116 et
973 2059 1064 2130 qui
1090 2058 1253 2113 multa
1288 2062 1666 2125 peccaverunt,
1715 2064 1925 2121 semper
1959 2048 2229 2104 habebunt

666 2152 915 2225 pinnam?
946 2149 1011 2204 Et
1041 2149 1082 2203 si
1113 2147 1365 2200 videbunt
1410 2158 1469 2199 se
1517 2144 1769 2197 invicem.
1814 2150 1906 2195 aut
1935 2140 2226 2195 secundum

665 2242 987 2301 eminentias
1012 2240 1100 2295 alii
1135 2239 1187 2293 in
1212 2237 1315 2291 alio
1341 2236 1461 2293 loco
1490 2232 1777 2304 punientur
1799 2274 1811 2287 .
1844 2233 1909 2288 Et
1931 2243 2109 2287 utrum
2136 2232 2228 2301 qui

667 2337 969 2409 puniuntur
1013 2332 1057 2387 si
1113 2330 1430 2399 semetipsos
1455 2329 1712 2384 videbunt
1744 2327 1891 2399 (l3);
1926 2334 1981 2380 et
2015 2326 2059 2379 si
2102 2324 2229 2394 justi

666 2441 780 2487 eos,
808 2424 897 2495 qui
939 2424 992 2477 in
1022 2421 1198 2493 pinnis
1225 2429 1351 2474 sunt
1384 2436 1398 2473 :
1434 2428 1488 2474 et
1521 2420 1566 2473 si
1603 2418 1639 2472 ii
1669 2417 1760 2488 qui
1798 2418 1849 2471 in
1885 2415 2061 2486 pmnis
2087 2424 2229 2479 sunt,

668 2521 835 2585 iustos
876 2512 1254 2585 conspiciunt?
1282 2512 1345 2566 Et
1368 2510 1513 2566 mille
1530 2518 1655 2565 sunt
1678 2510 2001 2580 quaestiones
2024 2509 2089 2562 de
2113 2523 2235 2578 pro-

669 2612 843 2681 posita
883 2608 1298 2666 resurrectione.
1350 2606 1538 2661 Tantis
1572 2606 1734 2677 igitur
1774 2592 2064 2675 propositis
2098 2617 2237 2671 quae-

670 2704 962 2769 stionibus,
1004 2711 1056 2756 et
1078 2700 1242 2754 tantis
1271 2713 1375 2753 non
1405 2698 1767 2765 credentibus,
1805 2708 1858 2750 et
1888 2696 2050 2750 tantis
2076 2694 2236 2749 dubi-

676 2796 943 2861 tantibus;
970 2792 1214 2849 oratione
1248 2805 1381 2859 Opus
1409 2800 1512 2856 est,
1540 2800 1597 2844 ut
1624 2789 1791 2859 ipsius
1830 2786 2237 2841 resurrectionis

669 2886 954 2949 Dominus,
998 2894 1054 2940 et
1109 2884 1400 2952 impensius
1430 2881 1645 2949 quidem
1684 2880 1887 2933 tribuat
1935 2891 2237 2932 sermonem

672 2977 892 3041 dicenti,
921 2975 1244 3030 intellectum
1271 2985 1446 3029 autem
1480 2972 1844 3026 audientibus.
1879 2968 2153 3039 Siquidem
2183 2978 2239 3022 et

672 3068 741 3125 iis
763 3084 879 3137 qua:
912 3069 1051 3121 dicta
1078 3078 1201 3121 sunt
1234 3065 1375 3120 aliud
1400 3080 1563 3118 unum
1604 3072 1687 3117 est
1717 3077 2004 3117 commune
2027 3061 2239 3124 vitium,

673 3162 816 3230 quod
850 3162 1095 3231 jurgatur
1116 3160 1375 3212 adversus
1410 3155 1884 3211 resurrectionem.
1920 3152 2069 3207 Multi
2096 3153 2238 3206 enim

676 3262 803 3305 sunt
831 3253 918 3318 qui
959 3260 1204 3319 peccant,
1241 3250 1392 3317 pauci
1440 3260 1618 3300 autem
1666 3248 1759 3316 qui
1809 3261 1869 3301 se
1912 3244 2239 3299 custodiunt.

676 3337 757 3395 llli
784 3342 944 3410 igitur
975 3340 1064 3409 qui
1103 3341 1438 3407 delinquunt,
1485 3338 1671 3391 uolunt
1726 3351 1843 3391 esse
1888 3336 2245 3391 resurrectio-

680 3448 823 3494 nem,
856 3442 911 3483 ut
944 3447 1047 3485 non
1079 3432 1355 3483 incurrant
1380 3430 1431 3483 in
1464 3444 1681 3497 pinnas;
1720 3430 1811 3484 sed
1834 3443 1981 3483 suam
2010 3428 2248 3484 volunta-

680 3534 787 3575 tem
844 3526 1058 3575 decreto
1091 3522 1504 3575 resurrectionis
1556 3530 1856 3590 opponunt,
1894 3530 1949 3575 et
1988 3522 2246 3575 resistunt

679 3614 809 3669 Deo.
856 3614 991 3681 Quia
1036 3613 1177 3674 enim
1224 3612 1408 3666 volunt
1456 3628 1484 3664 a
1535 3613 1748 3682 negotio
1805 3610 2019 3664 liberari
2079 3611 2244 3664 semel

686 3706 998 3769 morientes,
1055 3706 1239 3758 nolunt
1294 3705 1345 3757 iu
1382 3715 1550 3758 totum
1594 3718 1716 3759 esse
1771 3705 2245 3767 resurrectionem,

681 3807 743 3851 ut
776 3813 877 3851 non
922 3798 1151 3851 habeant
1182 3810 1421 3855 causam.
1462 3810 1632 3863 neque
1673 3796 1929 3849 rationem
1962 3794 2084 3848 vita:
2111 3810 2247 3863 prae-

682 3900 830 3945 stent
864 3899 983 3957 post
1013 3886 1424 3955 mortemjudici
1470 3885 1595 3940 Deo.
1630 3887 1767 3956 Ergo
1793 3887 2041 3955 jurgatur
2076 3898 2127 3940 et
2153 3888 2247 3939 lio-

682 3995 804 4037 t'um
858 3980 1106 4032 voluntas
1157 3977 1372 4031 decreto
1419 3978 1875 4033 resurrectionis:
1916 3979 2039 4046 quia
2086 3978 2249 4045 igitur

683 4083 833 4126 tanta
871 4080 923 4125 et
958 4070 1081 4123 talia
1115 4079 1242 4123 sunt
1290 4084 1407 4136 qua:
1453 4078 1786 4145 quaeruntur,
1839 4071 2084 4124 oratione
2116 4086 2250 4139 opus

682 4172 787 4225 est,
821 4171 876 4214 ut
906 4162 1077 4215 victor
1109 4171 1325 4230 superet
1354 4161 1651 4215 universos.
1678 4158 1791 4215 Non
1820 4162 2127 4231 ignoramus
2155 4179 2249 4216 au-

688 4267 794 4309 tem
836 4265 883 4308 et
908 4255 1057 4321 illud,
1090 4258 1213 4324 quia
1238 4255 1388 4309 multi
1422 4263 1739 4324 putaverunt
1776 4256 1941 4307 Deum
1972 4255 2108 4309 nihil
2136 4270 2249 4308 am-

688 4348 829 4415 plius
858 4359 1013 4414 posse
1040 4362 1198 4413 quam
1232 4360 1349 4401 nos.
1384 4345 1577 4399 lncet'ti
1618 4354 1742 4397 sunt
1776 4344 1917 4397 enim
1947 4352 2001 4395 et
2035 4354 2250 4399 movent

684 4447 740 4491 ct
767 4437 1036 4490 adducunt
1069 4438 1119 4489 in
1151 4437 1325 4489 medio
1358 4436 1656 4489 istiusmodi
1688 4436 2060 4501 qumstionem.
2104 4434 2247 4489 Mor-

2313 591 2483 663 gitant
2514 599 2777 659 quantum
2829 588 3060 658 interest
3112 582 3255 637 inter
3308 579 3477 634 Deum
3535 586 3593 630 et
3648 574 3900 631 homines

2312 691 2574 738 mortuos.
2599 679 2893 737 Gentilium
2930 678 3093 746 igitur
3117 673 3268 728 multi
3292 671 3460 727 semel
3492 668 3898 738 providentiam

2314 776 2365 829 in
2400 772 2483 828 bis
2504 771 2756 829 omnibus
2781 770 3080 840 ejicieutes,
3104 774 3156 820 et
3189 780 3217 819 a
3244 764 3357 820 Deo
3400 762 3526 818 vivo
3565 760 3902 829 semetipsos

2313 864 2652 928 lraudantes,
2696 864 2812 915 ausi
2845 870 2968 918 sunt
2998 861 3203 918 dicere.
3235 854 3377 926 quod
3422 864 3477 911 et
3528 864 3785 923 repetere
3814 863 3900 905 tu-

2318 968 2428 1011 tum
2460 971 2567 1010 non
2598 964 2701 1011 est.
2742 953 2823 1007 llli
2849 952 2994 1008 enim
3023 950 3141 1006 sine
3187 946 3297 1002 Deo
3338 954 3561 1017 agentes
3612 958 3768 1013 spem
3820 957 3900 995 re-

2316 1046 2672 1103 surrectionis
2696 1044 3031 1099 interimunt.
3071 1039 3172 1108 Qui
3202 1037 3345 1094 enim
3387 1052 3512 1093 eum
3541 1036 3633 1103 qui
3671 1035 3899 1089 suscitat

2319 1150 2533 1209 negant,
2561 1135 2772 1192 diﬂicile
2801 1143 2887 1189 est
2926 1142 2986 1187 ut
3008 1130 3370 1186 conﬁteantur
3415 1126 3899 1180 resurrectionem.

2320 1232 2424 1288 Sed
2465 1230 2833 1299 relinquamus
2863 1226 3056 1280 horum
3086 1219 3583 1292 importunitatem,
3614 1228 3675 1271 ut
3704 1232 3735 1270 a
3772 1229 3901 1287 pue-

2319 1325 2394 1380 ris
2423 1322 2831 1378 convincantur.
2877 1315 2988 1372 Nec
3026 1316 3170 1371 enim
3202 1313 3268 1368 ad
3300 1324 3491 1374 omnes
3540 1320 3761 1365 certare
3802 1324 3901 1363 nos

2320 1433 2417 1488 par
2444 1425 2549 1481 est,
2575 1427 2749 1484 neque
2786 1412 2853 1466 ad
2875 1423 3063 1464 omnes
3081 1406 3320 1478 iurgari;
3356 1404 3629 1472 siquidem
3682 1417 3784 1457 nec
3835 1400 3900 1452 ad

2320 1508 2540 1562 insanos
2570 1501 2947 1559 consuevimus
2991 1500 3058 1556 de
3084 1496 3506 1570 cogitationibus
3531 1495 3685 1549 sanis
3711 1492 3858 1562 loqui
3885 1509 3898 1544 :

2320 1600 2411 1671 qui
2446 1610 2625 1653 autem
2671 1595 3040 1665 imprudenter
3086 1592 3163 1646 ita
3199 1591 3507 1661 jurgsntur,
3539 1604 3646 1643 non
3688 1587 3758 1641 ad
3785 1603 3903 1648 nos.

2321 1693 2418 1747 sed
2442 1691 2509 1745 ad
2539 1691 2711 1759 ipsum
2742 1689 2981 1742 ordinem
3006 1684 3327 1750 ciliciorum,
3361 1692 3415 1737 et
3439 1682 3506 1736 ad
3542 1679 3765 1751 opilicia
3789 1694 3902 1747 qua

2322 1783 2471 1855 iussa
2518 1789 2840 1849 sequuntur,
2874 1778 2940 1832 ad
2990 1776 3123 1831 solis
3157 1776 3368 1831 scilicet
3405 1788 3653 1836 cursum,
3702 1773 3769 1825 ad
3806 1770 3902 1823 im-

2328 1873 2675 1930 mutationem
2701 1869 2865 1935 lunaa,
2908 1868 2974 1922 ad
3003 1866 3281 1922 stellarum
3314 1866 3532 1924 choros.
3566 1866 3636 1917 ad
3664 1861 3899 1915 transla-

2329 1966 2526 2019 tionem
2560 1963 2816 2018 borarum
2848 1958 2961 2031 (li)
2992 1974 3112 2027 qua:
3140 1971 3235 2026 per
3254 1970 3427 2011 annos
3444 1951 3580 2009 eﬂici
3607 1963 3902 2007 consueve-

2328 2066 2471 2123 runt,
2520 2055 2586 2109 ad
2622 2052 2855 2109 cilicium
2902 2050 3088 2115 maris,
3132 2048 3200 2104 ad
3240 2057 3461 2112 terram,
3498 2046 3565 2099 ad
3597 2058 3810 2107 aerem,
3840 2043 3901 2096 ad

2326 2148 2584 2217 pluviam,
2611 2156 2667 2199 et
2688 2143 2754 2198 ad
2778 2141 2959 2198 omnia
2986 2155 3106 2208 qua
3130 2146 3454 2206 sequuntur,
3480 2136 3550 2190 ad
3571 2133 3759 2189 ofﬁcia
3781 2142 3905 2187 asta-

2331 2252 2465 2305 tum,
2495 2240 2561 2293 ad
2589 2238 2893 2301 hominum,
2916 2234 2985 2290 ad
3007 2232 3345 2295 animalium,
3377 2229 3443 2283 ad
3469 2229 3652 2282 avium
3679 2223 3905 2280 diversi-

2332 2343 2490 2398 tates,
2543 2330 2612 2384 ad
2648 2329 2915 2392 vultuum,
2971 2325 3039 2380 ad
3073 2324 3374 2394 specierum
3416 2320 3682 2385 habitum,
3741 2326 3799 2372 ut
3841 2318 3909 2372 it

2332 2424 2623 2495 unicuique
2680 2420 3010 2479 conveniens
3064 2433 3210 2483 esca,
3278 2416 3647 2471 membrorum
3674 2413 3907 2484 "partes,

2333 2516 2573 2570 dentium
2606 2512 2837 2580 numeri,
2888 2510 3210 2580 ungularum
3255 2522 3541 2571 mensurae,
3589 2504 3904 2577 capillorum

2333 2609 2529 2674 ollicia,
2560 2606 2882 2676 compositio
2909 2608 3275 2660 membrorum
3322 2620 3336 2656 :
3375 2603 3490 2657 haec
3518 2603 3702 2656 omnia
3749 2601 3909 2658 silete

2338 2703 2412 2755 tio
2440 2701 2676 2754 clamant
2708 2697 2976 2767 opiﬁcem,
3006 2708 3062 2753 et
3090 2697 3422 2766 provisorem
3446 2694 3689 2749 omnium
3724 2692 3908 2748 Deum.

2337 2794 2472 2861 Quia
2508 2792 2671 2862 igitur
2719 2791 2821 2844 ista
2880 2790 3007 2846 eieci
3066 2805 3173 2844 non
3234 2787 3506 2852 viderunt,
3550 2801 3650 2854 per
3698 2800 3765 2841 ea
3799 2800 3912 2854 qua

2338 2884 2589 2937 videntur
2619 2880 2941 2936 invisibilem
2970 2898 2984 2933 :
3017 2880 3239 2934 stultum
3282 2886 3367 2933 est
3399 2878 3464 2930 de
3489 2876 3769 2931 coloribus
3805 2875 3911 2943 jur-

2338 2975 2451 3047 gari
2486 2976 2550 3029 ad
2586 2989 2760 3029 caecos
2811 2990 2826 3027 :
2868 2973 2995 3043 quid
3025 2971 3167 3027 enim
3197 2967 3469 3024 eiiicacius
3496 2977 3581 3022 est
3607 2968 3701 3022 Dei
3736 2967 3913 3038 provio

2340 3068 2515 3123 dentia
2536 3068 2561 3121 ?
2584 3067 2710 3136 quid
2760 3075 2937 3121 autem
2969 3065 3131 3120 breve
3160 3064 3299 3133 quod
3331 3072 3552 3131 putatur
3600 3076 3707 3115 non
3761 3062 3812 3115 in
3860 3072 3912 3113 ss

2344 3159 2607 3227 aequalem
2654 3173 2683 3210 a
2730 3155 3021 3223 majoribus
3064 3154 3363 3208 invenietur
3392 3154 3591 3207 habere
3626 3152 3910 3222 providen-

2348 3251 2513 3303 tiam?
2538 3250 2646 3304 Cur
2670 3251 2812 3304 enim
2846 3248 3189 3304 formicarum
3217 3246 3457 3301 salvator
3487 3260 3659 3314 genus
3685 3246 3739 3297 in
3763 3244 3910 3297 simi-

2348 3341 2609 3394 litudine?
2630 3357 2727 3394 cur
2752 3340 2930 3408 apium
2958 3352 3011 3393 et
3035 3339 3371 3405 operationes
3397 3336 3448 3390 in
3475 3349 3769 3390 commune
3797 3333 3909 3386 rei-

2346 3434 2567 3497 duntur,
2591 3443 2643 3487 et
2669 3434 2847 3487 habita
2870 3431 3104 3486 minimis
3127 3431 3179 3484 in
3204 3430 3501 3484 substantia
3522 3430 3545 3481 ?
3568 3443 3686 3495 quae
3702 3428 3911 3496 quidem

2346 3535 2399 3578 et
2429 3525 2481 3578 iu
2510 3524 2710 3588 volatu,
2745 3534 2797 3577 et
2839 3537 3116 3593 processu,
3151 3531 3205 3575 et
3235 3535 3505 3588 regressu,
3564 3531 3620 3572 et
3664 3520 3716 3571 in
3759 3532 3912 3585 opere

2346 3616 2695 3669 consentiunt
2721 3615 2845 3669 sibi.
2876 3615 3008 3681 Quis
3044 3613 3170 3668 fecit
3210 3612 3345 3666 mel?
3374 3611 3562 3681 utique
3602 3611 3693 3678 qui
3719 3610 3913 3664 consti-

2349 3710 2450 3763 tuit
2483 3708 2827 3774 medicinam,
2874 3721 2997 3777 qua:
3039 3720 3102 3760 eo
3136 3705 3201 3758 ad
3232 3703 3493 3758 medelam
3529 3706 3703 3764 utitur
3756 3702 3912 3756 homi-

2349 3816 2504 3855 num.
2533 3800 2672 3866 Quid
2703 3800 2845 3854 eniin
2872 3815 2976 3855 non
3008 3797 3225 3869 plenum
3257 3806 3337 3851 est
3375 3794 3753 3865 providentia?
3794 3792 3910 3865 quid

2350 3908 2454 3945 non
2495 3891 2692 3944 clamat
2726 3891 3057 3958 provisorem
3088 3888 3290 3942 Deum?
3328 3886 3515 3943 Nonne
3568 3888 3771 3951 herba,
3803 3901 3911 3955 qua

2351 3985 2637 4037 utilitatem
2674 3984 2914 4053 praebent
2963 3980 3219 4035 medelis?
3266 3996 3441 4034 n‘oime
3474 3979 3649 4049 pisces
3707 3995 3739 4034 e
3786 3979 3908 4033 mari

2351 4075 2617 4146 producti,
2650 4074 2865 4143 quidam
2906 4074 3119 4142 quidem
3156 4074 3222 4127 ad
3251 4088 3424 4137 escas,
3477 4072 3694 4139 quidam
3743 4080 3908 4125 autem

2350 4169 2415 4221 ad
2444 4165 2639 4221 curas?
2660 4164 2849 4221 Nonne
2872 4164 3075 4233 lapides
3113 4166 3289 4227 incisi,
3318 4175 3376 4219 ut
3403 4162 3493 4217 alii
3522 4163 3741 4233 quidem
3770 4162 3911 4217 utiles

2350 4260 2458 4313 sint
2485 4259 2550 4312 ad
2578 4258 2805 4311 aedilicia
2842 4266 2896 4311 et
2932 4265 3066 4311 tecta
3099 4265 3156 4312 et
3182 4266 3552 4324 operauicnta,
3597 4256 3690 4309 alii
3735 4268 3909 4309 neces-

2352 4354 2480 4407 sarii
2540 4351 2603 4404 ad
2650 4365 2931 4420 corporum
2959 4351 3241 4412 sanitates,
3287 4349 3408 4419 quia
3439 4356 3494 4403 et
3531 4346 3912 4401 inﬁrmantur?

2352 4446 2538 4499 Nonne
2575 4460 2710 4498 escae
2740 4444 2859 4499 alia
2884 4445 3005 4499 aliis
3028 4445 3396 4509 succedentes,
3423 4453 3477 4497 et
3510 4442 3628 4497 alia:
3658 4458 3780 4498 cum
3808 4445 3910 4497 aliis

688 4538 811 4581 ιυυ5
834 4538 938 4591 εει.
975 4527 1165 4595 inquit.
1211 4526 1299 4594 (ιυὶ
1337 4537 1577 4580 mortuus
1605 4535 1723 4592 €51;
1760 4536 1812 4579 εει
1847 4525 1993 4579 illam
2036 4528 2247 4596 quidem
2282 4545 2325 4599 ῐ)
2356 4538 2715 4606 insequentes,
2742 4539 3028 4592 ostendunt
3056 4546 3470 4607 praeparatorem
3510 4536 3715 4592 Deum?
3740 4536 3910 4592 Nonne

687 4633 893 4690 partem
948 4622 1063 4691 ejus
1107 4620 1283 4689 aquila
1322 4620 1667 4672 manducavit
1714 4628 1805 4671 aut
1844 4618 2040 4672 vultur.
2089 4616 2252 4672 Forte

686 4726 865 4767 autem
896 4728 996 4766 non
1023 4712 1297 4781 patiuntur
1324 4710 1518 4779 aquilae
1544 4710 1845 4764 istiusmodi
1870 4709 2249 4765 humilitatem.

685 4805 881 4868 Aliam,
916 4805 1108 4873 inquit,
1144 4805 1349 4871 accepit
1376 4804 1543 4864 canis,
1568 4812 1621 4855 et
1647 4816 1835 4855 canem
1866 4811 1921 4856 ut
1943 4814 2071 4871 puta
2105 4818 2245 4856 saeva

685 4896 863 4949 bellua
922 4896 1268 4949 manducavit
1314 4911 1327 4945 :
1380 4906 1470 4947 aut
1508 4894 1650 4947 aliud
1695 4894 1908 4963 aliquod
1937 4895 2159 4959 animal,
2197 4907 2251 4947 et

687 4987 828 5043 istud
857 4988 1055 5041 animal
1080 4985 1437 5049 interfectum,
1471 4987 1805 5041 combustum
1839 4996 1943 5051 est,
1978 4998 2069 5040 aut
2101 4997 2249 5041 certe

687 5080 988 5150 obputruit,
1025 5088 1116 5131 aut
1139 5080 1310 5147 ipsum
1336 5081 1401 5133 ab
1435 5080 1537 5131 alio
1565 5079 1795 5147 quodam
1822 5089 2117 5134 comestum
2144 5090 2249 5141 est,

690 5169 804 5224 tieri
852 5171 993 5222 enim
1045 5168 1145 5221 hoc
1188 5176 1386 5236 potest;
1436 5177 1602 5231 tanta,
1659 5168 1855 5237 inquit,
1899 5168 2246 5222 successione

689 5260 851 5321 facta,
880 5271 934 5314 et
960 5274 1087 5312 casu
1122 5273 1307 5313 eorum
1337 5260 1426 5326 qui
1460 5260 1652 5311 mortui
1699 5270 1822 5312 sunt
1857 5261 1924 5313 ab
1956 5259 2061 5312 alio
2089 5259 2140 5311 in
2171 5261 2247 5313 al-

690 5361 885 5411 terum,
916 5352 1202 5418 quomodo,
1236 5350 1426 5418 inquit,
1478 5360 1651 5418 potest
1698 5351 1837 5403 Deus
1883 5352 2120 5406 invenire
2152 5353 2251 5405 iui-

692 5442 858 5497 tium?
883 5454 1132 5511 tanquam
1162 5444 1223 5496 de
1250 5442 1409 5512 ﬁgulo
1440 5443 1643 5510 aliquo,
1679 5452 1765 5495 aut
1801 5444 1865 5497 de
1894 5443 2122 5513 quodam
2160 5460 2251 5496 ar-

765 5577 873 5646 (12)
909 5574 1274 5642 Inlercipiunt.
1310 5575 1449 5629 Infra
1482 5576 1585 5632 col.
1610 5577 1808 5631 1075A
1832 5594 1842 5628 :
1868 5576 1926 5630 Si
1962 5578 2246 5635 intercepe-

692 5648 856 5702 rt'mus
882 5648 1268 5699 resurrectionis
1291 5662 1426 5713 spent
1453 5664 1470 5699 :
1494 5659 1548 5700 et
1580 5663 1725 5714 supr.
1758 5648 1846 5701 lib.
1880 5661 1917 5708 ι,
1943 5649 2095 5714 paulo
2128 5659 2246 5713 post

691 5717 903 5845 ignium
970 5731 983 5767 :
1060 5716 1225 5768 Filius
1276 5715 1491 5769 Verbum
1562 5722 1730 5770 dictus
1820 5735 1921 5770 non
1987 5720 2242 5785 iiuercqm

745 5802 883 5842 eum.

2353 4632 2644 4683 secundum
2669 4630 3088 4700 uniuscujusque
3108 4630 3349 4685 habitum
3367 4631 3614 4685 animalis
3639 4646 3907 4694 mensum,

2354 4720 2769 4790 magnitudines,
2823 4725 3189 4794 compagines,
3231 4725 3470 4776 membra
3519 4734 3646 4777 sunt
3678 4723 3819 4785 data,
3864 4738 3908 4777 et

2356 4817 2774 4885 unumquodque
2828 4817 2895 4869 ad
2951 4831 3103 4869 suam
3152 4816 3527 4870 necessitatem
3578 4823 3629 4868 et
3672 4815 3906 4869 virtutem

2356 4907 2596 4975 accepit?
2630 4907 2795 4977 Equis
2820 4907 2964 4960 enim
2990 4906 3245 4959 velocitas
3269 4907 3393 4960 data
3412 4916 3519 4970 est,
3546 4915 3604 4958 ut
3635 4905 3913 4975 insequan-

2358 5005 2446 5049 tur
2478 5008 2532 5052 et
2558 4997 2799 5067 fugiunt;
2827 4996 2949 5050 aliis
2977 4997 3297 5051 animalibus
3323 4995 3605 5063 fortitudo,
3640 5005 3698 5049 ut
3727 4997 3906 5050 sensim

2356 5100 2633 5157 portarent
2668 5090 2902 5159 pondera
2950 5092 3051 5147 sibi
3083 5091 3354 5159 imposita.
3396 5089 3462 5143 Et
3502 5101 3809 5145 mensurata
3838 5098 3905 5143 est

2358 5179 2645 5249 unicuique
2679 5183 2871 5245 virtus,
2918 5182 3175 5251 potentia,
3222 5182 3560 5251 magnitudo,
3601 5181 3906 5237 conveniens

2359 5285 2501 5336 esca,
2530 5282 2583 5326 et
2608 5273 2737 5343 ipsis
2765 5274 3088 5328 animalibus
3119 5276 3338 5344 proiiria
3368 5274 3535 5340 salus,
3562 5289 3682 5341 qua
3711 5284 3901 5343 gustare

2361 5361 2632 5424 deberent,
2671 5373 2725 5416 et
2764 5378 2790 5414 a
2830 5364 3023 5432 quibus
3064 5378 3122 5417 se
3148 5364 3464 5417 abstinere:
3500 5363 3705 5417 homini
3748 5374 3899 5417 autem

2361 5462 2411 5504 et
2443 5454 2509 5506 alt
2546 5456 2663 5507 aliis
2696 5457 3021 5511 animalibus
3059 5456 3525 5511 irrationabilibus
3562 5473 3692 5511 usus
3720 5456 3901 5513 estda-

2349 5586 2661 5709 deléi‘izdls.
2695 5588 2761 5642 Et
2794 5591 2977 5641 iterum
3000 5591 3088 5660 qui
3115 5591 3427 5659 puniuntur,
3456 5593 3503 5645 si
3530 5594 3819 5663 semctipsos
3839 5588 3899 5648 li-

2421 5728 2531 5797 (H)
2565 5731 2849 5783 Horarum.
2894 5728 3086 5802 Ὤρων,
3118 5739 3521 5800 tempestatum.

3740 6382 3745 6383 ’
3772 6382 3945 6393 a-‘——-‘-
4006 6382 4039 6385 ἡ
