4072 6428
237 426 383 485 1075

1351 420 1443 476 DE
1481 414 2090 477 RESURRECTIONE.
2120 445 2189 460 -ο
2226 414 2358 470 ιιι.
2394 415 2438 470 ι.

3373 404 3513 464 1οη

237 550 343 604 his,
370 553 427 598 et
454 557 484 596 a
513 539 712 612 plantis
733 540 877 594 etab
903 536 1213 599 arboribus,
1243 549 1274 589 a
1304 533 1590 604 lapidibus,
1620 546 1649 586 a
1677 528 1815 584 mari
1847 534 1897 591 Α
1921 541 2028 581 non
2050 523 2329 597 pertinet?
2369 520 2833 612 quemadmodum
2864 526 3044 612 autem
3079 517 3339 612 pertinet,
3362 517 3407 612 si
3438 520 3512 575 si-

236 644 291 695 st
327 652 357 688 a
389 644 536 688 terra
569 651 584 687 :
620 631 854 698 undique
896 628 1040 682 enim
1085 625 1414 682 constitutus
1449 632 1536 677 est
1569 620 1732 676 veluti
1767 620 1820 674 in

237 741 350 783 Ino
375 739 604 795 corpore
627 723 858 776 mundus
887 721 1210 788 conjunctus
1241 716 1365 771 sibi.
1401 715 1468 769 Et
1489 710 1824 783 unumquod-

244 831 345 890 que
377 819 592 886 quidem
620 822 758 882 quod
789 813 988 867 factum
1018 819 1125 875 est,
1163 809 1438 878 propriam
1473 807 1634 860 habet
1661 812 1821 858 natu-

240 925 356 967 ram
391 920 447 962 et
490 907 758 971 salutem;
791 905 1020 972 plurima
1057 912 1236 955 autem
1276 912 1504 969 quaaqne
1538 896 1590 950 in
1623 910 1682 950 se
1728 909 1825 949 ne-

238 1001 476 1058 cessaria
506 999 763 1054 continet.
791 997 1033 1064 Denique
1065 999 1145 1049 sol
1178 995 1385 1063 positus
1412 992 1629 1060 quidem
1662 997 1745 1044 est
1767 988 1822 1042 in

232 1107 342 1149 suo
366 1090 504 1152 loco,
544 1090 704 1144 habet
737 1097 914 1142 autem
962 1085 1234 1154 propriam
1283 1080 1732 1148 magnitudinem,
1769 1088 1826 1133 et

239 1183 482 1257 possidet
515 1193 794 1249 acceptum
826 1194 980 1232 suum
1028 1177 1311 1246 fulgorem,
1346 1184 1402 1229 et
1452 1173 1721 1228 illuminat
1760 1186 1824 1224 ea

1925 616 2130 672 militer
2156 615 2390 671 moritur
2407 614 2610 685 justus,
2629 621 2687 667 et
2705 609 2940 681 impius?
2965 611 3017 665 ls
3044 610 3188 666 enim
3216 610 3310 680 qui
3338 609 3515 665 aliena

1925 709 2090 779 rapit,
2117 706 2314 762 fruitus
2337 717 2422 762 est
2456 720 2576 776 qua
2606 704 2829 775 diripuit
2861 700 2974 774 (l5)
3007 719 3023 758 :
3052 702 3143 772 qui
3185 711 3366 757 autem
3419 717 3516 757 sua

1927 799 2133 862 amisit,
2166 798 2299 853 abiit
2317 811 2541 869 gemens
2572 811 2676 851 non
2704 797 2912 850 habens
2948 795 3145 864 spem?
3174 795 3279 851 Sed
3306 811 3410 851 non
3435 805 3516 852 est

1925 891 2194 963 iniquitas
2219 893 2360 961 apud
2392 891 2580 946 Deum.
2612 889 2670 946 Si
2705 888 2851 943 enim
2876 903 2981 943 non
3017 898 3100 944 est
3125 903 3250 960 spes
3271 903 3520 944 resurre-

1925 984 2143 1048 ctionis,
2181 990 2236 1038 et
2266 981 2518 1038 solatium
2545 979 2651 1035 illis
2680 980 2769 1050 qui
2800 979 2924 1036 istic
2959 989 3246 1042 uocentur,
3279 987 3335 1034 et
3377 993 3507 1034 mets

1926 1091 2021 1132 ces
2052 1075 2137 1130 his
2169 1074 2260 1145 qui
2285 1089 2383 1130 sua
2420 1072 2546 1128 istic
2571 1080 2856 1144 Spargunt,
2910 1086 3100 1142 magna
3147 1070 3410 1140 iniquitas
3437 1075 3520 1126 est

1929 1168 2069 1237 apud
2091 1167 2319 1238 justum.
2365 1164 2424 1221 Si
2451 1166 2595 1220 enim
2624 1180 2775 1235 aqua
2803 1165 3104 1221 redduntur
3137 1164 3409 1228 omnibus,
3434 1163 3517 1234 jeo

239 1256 363 1345 qua:
410 1276 465 1327 in
499 1281 640 1326 terra
685 1272 967 1331 habentur,
998 1267 1139 1322 fovet
1171 1274 1226 1321 et
1257 1265 1526 1320 calefacit.
1576 1263 1641 1318 Et
1687 1277 1827 1318 nunc
1922 1258 2136 1328 junanti
2171 1268 2226 1314 et
2257 1258 2496 1321 ebrioso,
2543 1256 2829 1312 libidinoso
2869 1267 2925 1314 et
2946 1257 3165 1328 pudico,
3203 1256 3438 1327 rapienti
3467 1265 3516 1311 et

239 1366 461 1436 quidem
486 1364 696 1435 longius
733 1361 1049 1424 abscedens,
1083 1360 1228 1414 cedit
1251 1357 1576 1414 c0nfectioni
1611 1359 1826 1422 hiemis,

243 1465 303 1509 ut
328 1463 590 1509 statutum
623 1461 738 1516 est;
782 1465 922 1504 nunc
976 1460 1156 1504 autem
1204 1449 1394 1503 iterum
1433 1452 1738 1511 revocatus,
1775 1459 1830 1501 et

244 1545 311 1601 ad
331 1558 610 1598 mensuras
637 1543 920 1605 accedens,
951 1557 1056 1595 non
1085 1540 1263 1594 subito
1293 1548 1485 1605 nocet;
1532 1539 1831 1593 exnssisset

245 1636 390 1689 enim
429 1634 634 1698 omnia,
686 1634 731 1687 si
763 1633 941 1687 subito
969 1632 1035 1685 ad
1073 1646 1134 1684 ea
1179 1631 1353 1700 spatia
1397 1645 1516 1699 qua:
1554 1629 1831 1682 dimiserat

248 1725 603 1790 recurrisset;
641 1739 813 1794 neque
836 1725 1028 1777 iterum
1052 1739 1156 1776 non
1182 1721 1492 1776 illuminans
1517 1718 1827 1780 intermisit,

243 1829 309 1874 ot
346 1818 554 1874 fructus
589 1832 693 1870 non
727 1825 1120 1886 coquerentur;
1145 1829 1318 1882 neque
1343 1812 1597 1866 advenire
1635 1811 1700 1864 ad
1734 1811 1833 1864 im-

1930 1351 2177 1415 donanti,
2221 1350 2491 1406 occidenti
2539 1359 2594 1406 et
2645 1349 2698 1406 ei
2740 1350 2830 1420 qui
2879 1350 3169 1413 occiditur,
3225 1358 3280 1405 et
3331 1349 3380 1403 ei
3427 1347 3519 1419 qui

1931 1441 2252 1509 martyrium
2283 1439 2427 1494 tollit
2448 1438 2583 1508 (l6),
2619 1438 2709 1496 ubi
2738 1440 2910 1494 virtus
2944 1448 3027 1495 est
3054 1438 3445 1510 providentia?
3467 1438 3519 1495 In

1933 1532 2220 1601 prmeipuis
2247 1532 2392 1585 enim
2433 1531 2480 1586 si
2512 1530 2767 1596 defuerit,
2798 1547 2904 1586 non
2941 1532 3048 1588 erit
3076 1531 3223 1588 utilis
3256 1546 3432 1602 neque
3466 1531 3520 1586 in

1934 1625 2196 1680 minimis.
2231 1622 2336 1678 Sed
2373 1638 2478 1678 non
2521 1622 2592 1678 sit
2640 1623 2985 1693 sacrilegium
3035 1623 3177 1677 istud
3235 1623 3521 1679 admittere

1931 1731 2304 1788 quemquam:
2341 1715 2456 1770 sive
2494 1714 2640 1770 enim
2683 1717 2912 1787 gentiles
2956 1723 3084 1769 sunt
3129 1712 3224 1785 qui
3262 1713 3522 1769 adversus

1935 1806 2397 1864 resurrectionem
2437 1817 2635 1874 augent
2668 1808 2824 1861 nobis
2869 1805 3157 1872 rationem,
3206 1804 3297 1874 qui
3334 1803 3524 1860 volunt

247 1914 429 1977 petum
461 1906 639 1960 subito
674 1878 878 1959 currit:
914 1878 1258 1958 atmensurai
1282 1911 1338 1957 et
1360 1901 1632 1956 recedenti
1660 1912 1716 1953 et
1747 1913 1821 1953 re-
1864 1878 1910 1934 Β
1936 1901 2149 1955 ratione
2206 1913 2266 1954 se
2301 1913 2463 1968 agere
2503 1910 2723 1958 cuncta,
2773 1895 2865 1967 qui
2899 1906 3028 1952 sunt
3073 1896 3471 1952 irrationabiles
3503 1912 3519 1950 :

248 1997 486 2050 currenti
519 2005 645 2052 sunt
669 1997 826 2049 datae.
857 1995 972 2050 Non
1004 1993 1405 2066 coniunguntur
1434 1995 1549 2048 dies
1579 1992 1828 2048 noctibus

246 2087 514 2146 habentes
552 2093 752 2150 sulem;
801 2100 844 2140 st
877 2085 1016 2140 enim
1045 2085 1159 2140 haec
1203 2086 1276 2139 ita
1315 2093 1519 2149 essent,
1568 2083 1836 2138 arsissent

248 2181 454 2238 omnia.
488 2179 595 2236 Sed
629 2179 710 2234 sol
741 2178 957 2247 quidem
995 2192 1091 2247 per
1118 2177 1258 2232 diem
1305 2175 1472 2244 fovet,
1505 2189 1597 2230 nos
1651 2185 1832 2229 autem

249 2283 574 2328 nocturnum
604 2270 917 2326 consolatur
939 2269 1209 2324 ardorem.
1236 2267 1306 2322 Et
1331 2283 1584 2324 mensura
1627 2283 1656 2322 a
1687 2277 1834 2322 terra

247 2366 329 2418 sol
363 2365 549 2428 distat,
571 2372 631 2418 ut
659 2373 832 2432 neque
854 2362 1220 2432 propinquans
1251 2369 1491 2423 noceret,
1524 2375 1698 2429 neque
1726 2359 1836 2412 lon-

247 2456 370 2524 gius
392 2454 606 2508 distans
632 2453 820 2522 frigori
846 2453 1082 2507 cederet.
1116 2450 1382 2505 Nemora:
1411 2450 1572 2522 igitur
1601 2452 1684 2504 bis
1716 2465 1837 2520 qua:

251 2547 305 2600 in
332 2547 470 2601 coelo
503 2556 630 2601 sunt
655 2547 722 2599 ad
751 2561 812 2599 ea
838 2559 963 2614 quae
995 2545 1048 2597 in
1079 2554 1220 2598 terra
1260 2542 1566 2607 habentur;
1599 2557 1699 2596 nec
1729 2556 1836 2596 non

246 2648 304 2694 et
329 2653 448 2708 qua:
502 2640 554 2692 in
609 2637 743 2692 mari
791 2637 856 2691 ad
905 2645 1126 2700 terram,
1171 2644 1225 2689 et
1258 2635 1363 2690 diei
1397 2635 1463 2688 ad
1494 2645 1744 2697 noctem,
1783 2643 1841 2688 et

251 2733 413 2786 hiemi
452 2731 518 2784 ad
563 2741 830 2785 astalem.
891 2730 953 2783 Et
1008 2744 1112 2782 non
1157 2737 1302 2782 tanta
1347 2727 1529 2796 eloqui
1590 2737 1837 2797 possunt,

249 2833 447 2902 quanta
497 2825 747 2876 universa
794 2832 984 2876 natura
1026 2823 1343 2890 proclamat.
1407 2820 1536 2876 Caeli
1588 2831 1840 2876 enarrant

247 2915 473 2986 gloriam
515 2913 635 2980 Dei,
683 2931 840 2981 epera
881 2927 1054 2970 autem
1091 2931 1342 2969 manuum
1388 2915 1503 2984 ejus
1555 2916 1836 2969 annuntiat

246 3009 642 3079 ﬁrmamentum
676 3009 744 3073 “,
773 3009 904 3063 dicit
927 3006 1216 3078 Propheta.
1252 3008 1308 3061 In
1342 3006 1450 3060 alio
1481 3017 1663 3061 autem
1696 3006 1840 3075 psal-

255 3114 345 3155 tno
375 3117 404 3152 a
433 3114 646 3153 sursum
691 3115 860 3167 usque
895 3101 1146 3154 deorsum
1187 3100 1364 3152 omnis
1392 3107 1644 3153 creatura
1675 3099 1836 3151 diuu-

258 3203 521 3248 meratur.
568 3193 635 3247 Et
665 3205 813 3247 certe
858 3203 912 3247 et
947 3194 1057 3261 ipse
1088 3192 1182 3262 qui
1218 3189 1381 3254 dicit,
1431 3188 1562 3244 Caeli
1586 3199 1840 3246 enarrant

1933 1991 2387 2062 quemadmodum
2433 1989 2542 2044 Deo
2569 1990 2781 2056 justitia
2821 1988 3161 2046 salvabitnr?
3211 1990 3334 2045 istic
3377 1991 3523 2044 enim

1936 2085 2183 2140 videmus
2213 2098 2597 2153 nonnunquam
2627 2098 2883 2152 perverse
2909 2084 3122 2152 negotia
3153 2083 3290 2154 geri,
3317 2090 3374 2137 ut
3404 2083 3524 2139 illos

1935 2178 2157 2247 quidem
2189 2177 2282 2248 qui
2305 2187 2530 2232 cantant
2553 2187 2801 2246 putemus
2829 2176 2965 2230 bene
2989 2174 3191 2230 habere
3214 2175 3265 2230 in
3290 2175 3524 2232 mundo:

1937 2271 2074 2326 alios
2101 2280 2305 2335 autem,
2334 2269 2424 2339 qui
2458 2268 2721 2337 diripiunt
2750 2277 2806 2322 et
2837 2267 3100 2331 ditantur,
3141 2265 3312 2322 laetari
3348 2275 3404 2322 et
3433 2281 3526 2322 sa-

1939 2378 2038 2418 nos
2069 2377 2194 2426 esse
2212 2376 2462 2432 corpore,
2503 2361 2643 2416 forte
2672 2359 2843 2432 magis
2882 2361 3098 2433 iniquos
3123 2375 3286 2431 quam
3324 2359 3528 2429 iustos,

1937 2466 1994 2510 et
2047 2470 2430 2526 nonnunquam
2482 2453 2673 2510 melius
2727 2469 2928 2525 corpus
2985 2453 3224 2518 habere,
3279 2464 3335 2509 et
3390 2453 3531 2508 filios

1938 2547 2310 2618 quamplures,
2337 2555 2393 2602 et
2413 2546 2514 2602 hos
2541 2545 2861 2611 incolumes,
2881 2557 2938 2603 et
2970 2545 3225 2602 mulieres
3251 2561 3374 2601 cum
3399 2545 3533 2600 viris

1940 2640 2116 2694 laetam
2155 2641 2352 2710 degere
2397 2639 2587 2701 vitam.
2617 2646 2671 2694 et
2696 2653 2975 2694 servorum
3020 2637 3420 2692 multitudinem
3451 2636 3533 2692 eis

1937 2747 2086 2795 esse,
2121 2741 2176 2786 et
2207 2745 2369 2800 opum
2420 2739 2478 2784 et
2513 2731 2940 2802 possessionum,
2992 2739 3050 2786 et
3101 2731 3319 2786 condita
3360 2727 3532 2786 multa

1940 2825 2245 2880 substantia
2278 2824 2452 2892 larga,
2489 2839 2651 2895 quam
2694 2832 2749 2879 et
2797 2823 3175 2879 transmittunt
3235 2824 3300 2878 ad
3346 2821 3527 2878 filios:

1933 2912 2066 2982 justi
2097 2925 2277 2968 autem
2309 2926 2554 2986 gemunt,
2576 2923 2631 2970 et
2651 2929 2773 2970 cum
2799 2929 3036 2971 maerore
3071 2915 3270 2985 degunt
3297 2914 3352 2970 in
3379 2929 3535 2968 mun-

1942 3006 2012 3060 do
2032 3023 2049 3062 :
2072 3015 2126 3061 et
2159 3006 2250 3078 ubi
2277 3017 2360 3062 est
2394 3007 2603 3079 iustitia
2626 3023 2748 3078 quae
2779 3024 2809 3062 a
2837 3007 2948 3064 Deo
2985 3007 3110 3064 est?
3141 3008 3210 3063 Et
3235 3008 3282 3064 si
3313 3007 3533 3078 quidem

1942 3097 2008 3151 ad
2046 3095 2260 3152 Jodaeos
2292 3097 2366 3152 sit
2389 3112 2570 3155 sermo
2592 3136 2611 3166 ,
2651 3098 2783 3171 quid
2809 3099 3012 3169 profuit
3038 3101 3290 3166 Abrahae,
3317 3109 3375 3155 ut
3405 3115 3536 3170 pro-

1945 3189 2259 3244 missionem
2281 3189 2503 3260 quidem
2525 3190 2821 3262 acciperet,
2851 3191 2918 3246 ad
2941 3191 3331 3261 promissiones
3351 3202 3534 3248 autem

255 3285 482 3357 gloriam
523 3285 635 3345 Dei,
673 3302 777 3340 non
819 3285 1149 3352 loquentiam
1193 3284 1419 3338 audivit.
1453 3283 1708 3337 Aitenim
1740 3299 1842 3336 non
1868 3262 1912 3320 (ἶ
1947 3298 2068 3338 non,
2083 3284 2392 3353 perveniret
2423 3299 2438 3338 :
2474 3283 2677 3354 quique
2708 3292 2920 3354 patrem
2961 3283 3182 3354 quidem
3221 3283 3540 3339 amantissi-

254 3389 366 3427 ωδε
396 3373 648 3442 loquelas,
696 3390 860 3443 neque
906 3389 1170 3427 sermones
1191 3373 1237 3403 “
1272 3390 1285 3426 :
1324 3372 1618 3427 tacentium
1665 3381 1844 3426 autem

255 3479 446 3520 eorum
471 3466 523 3518 in
554 3480 770 3519 omnem
795 3466 1052 3520 mundum
1077 3465 1275 3521 exiisse
1304 3480 1498 3522 sonum
1527 3479 1714 3519 eorum
1748 3465 1844 3517 ait.

258 3556 393 3621 Quia
457 3555 618 3625 igitur
671 3569 765 3624 per
815 3565 964 3610 tanta
1012 3569 1132 3625 qum
1164 3555 1399 3610 diximus
1460 3567 1512 3608 et
1553 3557 1844 3616 tacuimus,

258 3648 373 3714 ipsa
405 3662 584 3702 rerum
618 3652 830 3718 negotia
865 3648 1121 3713 clamant,
1150 3657 1204 3702 et
1231 3648 1628 3718 providentiam
1654 3648 1849 3718 praedi-

257 3749 387 3794 cant
436 3737 568 3805 Dei;
604 3741 827 3794 rationis
877 3755 982 3794 non
1019 3751 1099 3794 est
1133 3740 1201 3794 ad
1227 3754 1324 3795 eos
1358 3740 1450 3808 qui
1499 3737 1849 3809 praescribere
1887 3807 1895 3818 χ

261 3843 509 3886 naturain
542 3832 749 3899 volunt,
771 3845 825 3888 et
854 3832 1086 3886 visibilia
1120 3845 1224 3885 non
1247 3832 1453 3894 videre,
1487 3830 1858 3900 nosmetipsos

258 3926 600 3995 protendere.
660 3925 767 3980 Sed
807 3926 876 3979 ab
913 3923 1122 3979 illorum
1170 3923 1390 3995 quidem
1449 3922 1850 3989 irreligiositate

261 4018 493 4073 transire
520 4018 636 4087 jam
672 4027 883 4086 tempus
917 4033 1014 4074 nos
1047 4018 1324 4080 admonet,
1349 4029 1645 4086 properare
1666 4023 1848 4068 autem

261 4111 328 4163 ad
354 4110 541 4173 aliam,
574 4124 642 4164 ne
683 4112 964 4165 videamur
1008 4119 1064 4165 et
1101 4109 1464 4165 contaminari
1499 4105 1851 4178 inspicientcs

257 4213 376 4264 eos,
422 4199 514 4269 qui
563 4214 668 4254 non
705 4199 908 4255 vident.
955 4197 1187 4254 Tantum
1222 4206 1402 4253 autem
1458 4198 1580 4252 addi
1614 4207 1847 4268 oportet,

263 4293 391 4363 quia
422 4291 669 4346 confessa
699 4289 1039 4361 providentia
1065 4302 1404 4357 consequens
1429 4297 1513 4343 est
1545 4287 1737 4344 adesse
1766 4302 1853 4342 re.-

262 4382 684 4445 snrrectionem,
721 4381 1176 4450 quemadmodum
1205 4395 1547 4450 consequens
1579 4386 1643 4436 et
1665 4393 1853 4435 neces-

263 4477 410 4534 saria
452 4485 535 4531 est
579 4477 925 4532 resurrectio.
975 4476 1108 4532 Sine
1162 4491 1325 4531 causa
1384 4476 1652 4548 justitiam
1722 4475 1852 4531 colit

259 4569 477 4644 justus?
506 4570 625 4624 sine
651 4583 814 4623 causa
850 4569 1160 4638 pudicitiam
1196 4577 1345 4622 amat
1369 4569 1635 4638 pudicus?
1671 4577 1729 4624 et
1757 4572 1847 4638 qui
1882 4608 1931 4667 Β

267 4661 518 4733 providet
539 4660 622 4715 his
647 4676 766 4728 qua
787 4661 904 4715 sine
921 4660 1099 4714 anima
1132 4667 1278 4726 sunt,
1302 4660 1589 4715 arboribus
1612 4669 1666 4714 et
1697 4659 1850 4728 plan-

269 4753 360 4816 tis,
396 4751 557 4816 Deus,
589 4752 863 4806 invenitur
900 4750 1249 4806 rationabiles
1283 4751 1498 4806 animas
1535 4750 1850 4821 negligens!

266 4853 323 4902 et
350 4846 444 4914 qui
478 4845 871 4914 providentiam
895 4858 1071 4898 'suam
1101 4843 1342 4898 formicis
1373 4843 1633 4913 impertit,
1675 4852 1731 4896 et
1757 4857 1850 4897 os-

270 4940 444 4993 tendit
464 4952 557 4992 eas
578 4953 697 5006 qua:
728 4953 834 4991 non
867 4937 1067 4991 habent
1095 4935 1468 4990 rationabilem
1503 4951 1742 4999 sensum,
1776 4935 1852 4989 si-

274 5028 444 5083 bimet
463 5028 796 5089 consentire,
828 5037 884 5079 et
904 5025 1263 5079 imitationem
1288 5027 1594 5080 concordia:
1615 5025 1815 5080 habere
1836 5038 1853 5090 ;

268 5120 316 5178 si
350 5129 530 5172 tamen
576 5128 630 5173 et
665 5126 915 5188 oporteat
947 5119 1052 5171 dici
1089 5118 1398 5173 consentire
1443 5117 1546 5172 sibi
1593 5132 1681 5180 ea,
1735 5132 1857 5187 qua:

269 5226 380 5268 non
408 5213 608 5269 habent
638 5223 892 5272 sensum;
920 5209 1045 5278 quia
1078 5209 1240 5280 igitur
1262 5221 1318 5262 et
1346 5207 1591 5263 formicis
1609 5209 1860 5278 providet

272 5304 437 5369 Dens,
465 5313 521 5358 et
543 5303 692 5359 dedit
737 5304 816 5358 eis
863 5313 917 5357 et
957 5302 1293 5369 receptacula
1343 5313 1502 5358 terrae
1543 5313 1599 5356 et
1627 5317 1855 5357 concor-

272 5397 443 5459 diam,
474 5397 714 5450 ninnium
755 5396 879 5450 licet
921 5393 1029 5447 sint
1061 5404 1249 5448 natura
1291 5393 1638 5454 infirmiores,
1676 5404 1853 5448 tamen

271 5487 378 5553 eis,
404 5502 524 5556 quas
547 5488 812 5552 videmus,
841 5486 1058 5542 donavit
1085 5504 1102 5545 :
1139 5491 1207 5543 de
1233 5489 1405 5542 bobus
1440 5501 1619 5541 autem
1660 5502 1855 5542 secun-

274 5577 403 5636 dum
434 5581 746 5650 Apostolum
780 5581 1014 5650 pertinet
1045 5580 1110 5632 ad
1144 5581 1306 5633 Deum
1325 5580 1394 5646 ’ἰ
1420 5590 1477 5635 et
1513 5580 1578 5634 de
1620 5580 1774 5633 nobis
1805 5581 1854 5634 ei

347 5671 396 5708 ³⁸
430 5671 569 5728 Psal.
609 5689 766 5740 svnt,
800 5675 854 5728 1.
949 5672 994 5706 ⁸⁸
1035 5673 1163 5730 ibid.
1189 5674 1244 5730 4.
1286 5669 1520 5730 "lCnr.
1557 5689 1632 5739 ta,
1661 5675 1715 5731 9.

351 5784 467 5855 (15)
495 5786 594 5842 Ms.
629 5785 884 5842 Fremitus
906 5797 980 5839 est
1006 5804 1122 5854 quae
1145 5789 1388 5855 diripuit.

353 5857 467 5927 (lli)
498 5856 593 5914 Ms.
625 5857 689 5916 Et
719 5862 765 5913 ei
788 5858 877 5926 qui
908 5858 1220 5925 martyrium
1252 5860 1394 5914 coiit.

1948 3393 2118 3442 mum,
2156 3385 2388 3430 matrem
2416 3376 2634 3445 quidem
2665 3374 2941 3441 dilectam,
2972 3378 3204 3446 patriam
3242 3374 3297 3430 in
3320 3391 3427 3446 qua
3454 3384 3543 3432 est

1946 3469 2210 3524 educatus
2243 3467 2465 3539 reliquit
2492 3478 2713 3539 propter
2739 3477 3072 3539 praeceptum
3090 3468 3116 3521 τ
3160 3466 3330 3524 Scitis
3359 3475 3541 3522 autem

1946 3573 2004 3616 et
2033 3577 2131 3617 vos
2165 3570 2368 3631 quanta
2401 3561 2673 3631 pernicies
2721 3561 2792 3617 sit
2829 3559 3236 3616 consuetudinis
3273 3559 3545 3615 sustinere

1950 3667 2247 3708 recessum.
2277 3651 2590 3708 Adveniens
2614 3661 2796 3706 autem
2834 3653 2901 3706 ad
2931 3659 3131 3707 terram
3165 3651 3546 3722 repromissio-

1948 3742 2060 3807 nis,
2090 3742 2419 3798 circumibat
2446 3749 2504 3795 ut
2528 3741 2850 3813 peregrinus
2878 3751 2933 3798 et
2967 3742 3197 3808 advena,
3225 3743 3545 3800 desiderans

1951 3833 2140 3888 satiari
2183 3847 2349 3904 aqua,
2386 3833 2543 3902 cujus
2584 3835 2701 3906 ipse
2729 3833 2870 3900 fons,
2906 3843 3099 3904 puteus
3136 3842 3256 3891 erat
3282 3835 3546 3891 adiuven-

1951 3933 2056 3991 tor,
2097 3925 2190 3996 qui
2223 3925 2272 3980 ei
2304 3925 2516 3980 fructus
2553 3939 2619 3980 es
2667 3924 3029 3994 promissione
3072 3923 3375 3996 provenit!
3405 3922 3547 3980 Tor-

1952 4027 2191 4073 mentum
2232 4018 2378 4073 enim
2410 4019 2460 4073 ei
2487 4027 2608 4074 erat
2631 4018 2800 4089 ipsius
2828 4018 3206 4091 promissionis
3242 4018 3542 4077 adventus:

1951 4113 2137 4167 videre
2166 4113 2310 4169 enim
2349 4110 2789 4182 promissionem,
2818 4127 2924 4169 non
2949 4111 3188 4183 permitti
3233 4122 3410 4168 autem
3453 4126 3548 4169 ea-

1953 4202 2076 4257 dem
2104 4201 2233 4268 frui,
2259 4201 2432 4274 magis
2463 4202 2531 4256 ad
2555 4201 2944 4271 blasphemiam
2973 4201 3302 4269 adducebat,
3320 4203 3415 4258 sed
3435 4217 3543 4259 non

1952 4293 2250 4350 Abraham.
2287 4294 2564 4351 Abraham
2601 4293 2748 4348 enim
2776 4294 2983 4351 addens
3023 4304 3080 4349 et
3114 4309 3222 4350 non
3259 4295 3546 4365 perfruens

1954 4394 2013 4436 nt
2041 4398 2226 4437 mensa
2256 4382 2526 4454 apposita,
2553 4392 2611 4438 et
2634 4383 2943 4454 prohibitus
2966 4382 3260 4455 degustare
3287 4383 3449 4440 etiam
3475 4399 3545 4440 ex

1957 4475 2043 4530 his
2065 4491 2185 4545 qua:
2207 4483 2690 4546 exsuperavcraut,
2716 4475 2789 4532 ita
2812 4476 3069 4531 dimissus
3094 4477 3300 4546 gratias
3327 4477 3545 4547 agebat.

1939 4566 2093 4646 Quid
2123 4575 2255 4638 ergo
2283 4565 2487 4637 profuit
2517 4567 2636 4622 illi?
2661 4567 2768 4623 Sed
2795 4569 2921 4638 quia
2975 4567 3148 4623 filium
3174 4567 3400 4633 habuit;
3428 4577 3550 4635 post

1956 4669 2154 4728 quanta
2215 4670 2506 4727 tormenta,
2559 4669 2682 4732 post
2737 4671 2970 4729 quantas
3023 4660 3333 4717 orationes?
3389 4659 3550 4714 Servi

1957 4751 2230 4806 Abraham
2260 4753 2555 4821 habebant,
2578 4762 2635 4810 et
2662 4753 2939 4809 Abraham
2967 4754 3284 4809 desiderans
3319 4768 3424 4808 non
3449 4753 3547 4808 ba-

1958 4845 2121 4900 bebat
2154 4863 2166 4900 :
2198 4849 2291 4902 sed
2321 4846 2604 4919 coniugem
2652 4846 3000 4913 babebat,,et
3043 4847 3204 4902 istam
3243 4847 3547 4912 honestam,

1961 4954 2190 5008 quaeque
2220 4941 2290 4995 ab
2314 4954 2379 4996 eo
2403 4940 2579 4994 ablata
2613 4947 2715 5004 est,
2749 4948 2805 4992 et
2836 4938 2989 4993 valde
3015 4952 3225 5001 amare,
3249 4953 3353 4992 non
3383 4937 3552 4992 inter-

1964 5027 2176 5094 ficiens,
2212 5040 2266 5085 et
2292 5040 2512 5085 mutans
2540 5029 2715 5084 locum
2752 5023 2867 5100 (l7)
2901 5038 2959 5082 et
3000 5029 3198 5095 locum,
3234 5041 3552 5099 persevera-

1965 5121 2063 5172 vit.
2092 5120 2281 5174 Dicaut
2328 5136 2461 5193 ergo
2489 5119 2660 5176 Judaei
2695 5136 2817 5189 qua:
2853 5120 3200 5190 provenerint
3223 5120 3456 5174 Abrahae
3485 5132 3549 5173 ex

1966 5212 2329 5282 promissione
2380 5215 2433 5268 iu
2482 5215 2732 5283 praesenti
2784 5213 2884 5268 hac
2930 5213 3067 5277 vita,
3116 5222 3175 5267 ttt
3210 5212 3554 5266 abscidamus

1962 5318 2151 5359 eorum
2221 5321 2368 5376 spem
2443 5307 2881 5362 resurrectionis.
2939 5307 3045 5360 Sed
3105 5289 3294 5360 habuit
3359 5304 3551 5360 lilium.

1962 5395 2190 5463 Quando
2211 5399 2235 5452 l
2257 5399 2415 5455 Circa
2445 5403 2800 5455 centesimum
2847 5415 3047 5456 annum
3101 5400 3259 5454 datus
3284 5407 3368 5453 est
3403 5399 3451 5452 ei
3491 5397 3557 5453 ii-

1965 5489 2090 5555 lius,
2129 5500 2521 5547 tormentorum
2546 5495 2724 5562 potius
2750 5493 2868 5561 ejus
2888 5500 2944 5546 et
2960 5506 3204 5561 precum.
3237 5489 3374 5559 Quia
3401 5489 3552 5546 enim

1965 5582 2155 5638 habuit
2203 5594 2260 5639 et
2305 5583 2506 5640 bonum
2542 5585 2734 5651 filium,
2779 5593 2836 5641 ει
2876 5584 3089 5640 lautus
3141 5583 3196 5638 in
3248 5582 3394 5639 dono
3445 5589 3578 5652 est”

2044 5789 2159 5863 (l7)
2189 5789 2406 5846 Locum.
2438 5789 2615 5844 Τόπον
2637 5791 2701 5844 ἐκ
2731 5789 2895 5845 τόπου
2919 5787 3186 5861 ἀμείϐων.
