4072 6400
672 385 811 443 ιοτε

1332 382 1603 445 EUSEBII
1639 379 2112 440 CESARIENSIS
2147 376 2297 437 OPP.
2340 377 2517 435 PARS
2551 378 2643 436 IV.
2677 408 2750 420 —
2786 373 3205 434 DOGMATICA.

3779 359 3906 419 me

669 514 829 579 putas
876 502 1146 573 accipiens
1188 501 1357 564 ﬁlium
1410 505 1528 559 sine
1572 504 1868 559 tentatione
1920 502 1987 560 de
2039 508 2238 557 caetero
2266 507 2309 558 A
2339 507 2393 553 et
2434 498 2629 553 borum
2675 494 2797 562 filii,
2827 504 2883 552 et
2932 494 3007 551 illi
3056 492 3307 549 homines
3338 487 3548 579 quibus
3599 484 3906 579 peregrinus

669 597 903 655 mansit?
929 606 984 653 et
1012 611 1119 651 non
1150 596 1264 667 ipsa
1305 595 1648 666 pulchritudo
1698 596 1810 661 ﬁlii,
1856 596 1973 665 ipsa
2019 596 2233 663 sapien-

668 690 765 755 tia,
796 690 910 759 ipse
940 686 1262 751 intellectus,
1292 696 1349 745 et
1391 700 1453 741 ea
1503 700 1623 757 qua
1669 686 1723 741 in
1768 699 1834 741 eo
1872 692 2029 739 erant
2074 684 2233 746 bona,

668 789 726 835 et
750 793 1086 849 quacunque
1144 778 1384 833 habebat
1440 787 1500 840 ut
1544 777 1738 832 donum
1784 775 1911 839 Dei,
1965 773 2234 829 amariora

667 876 938 923 tormenta
981 874 1198 938 operata
1248 877 1374 922 sunt
1418 866 1594 942 patri!
1642 865 1768 935 quid
1819 863 1963 920 enim
2018 863 2149 919 dicit
2183 863 2234 925 ei

666 956 848 1013 Deus?
873 958 965 1029 qui
997 958 1134 1014 dixit
1171 959 1284 1029 (l8)
1344 958 1562 1014 donavit
1596 957 1642 1011 ei
1685 956 1855 1011 ﬁlium
1891 974 1905 986 ·
1944 954 2231 1016 Abraham,

666 1047 970 1117 Abraham,
999 1049 1173 1117 accipe
1229 1048 1390 1103 lilium
1440 1058 1585 1102 tuum
1630 1044 1808 1111 Isaac,
1854 1061 2007 1115 quem
2054 1044 2232 1113 diligis

667 1138 1017 1209 unigenitum,
1062 1150 1110 1195 et
1160 1140 1343 1209 oﬁ'eres
1382 1155 1497 1196 eum
1542 1137 1673 1193 mibi
1712 1137 1769 1189 in
1807 1151 1911 1188 uno
1952 1135 2231 1199 montium,

666 1246 819 1301 quem
842 1231 935 1284 tibi
960 1232 1148 1289 dixero
1170 1232 1235 1286 ⁸³.
1262 1231 1317 1285 Si
1345 1230 1792 1299 interceperimns
1821 1227 2232 1282 resurrectionis

666 1336 816 1391 spem
847 1322 982 1394 (l9).
1008 1323 1187 1377 statim
1220 1321 1384 1381 habet
1409 1320 1668 1385 dolorem.
1699 1320 1880 1378 statim
1904 1318 2066 1375 habet
2097 1332 2233 1380 mm-

666 1429 846 1471 rorem
876 1414 1169 1469 Abraham.
1208 1412 1330 1468 Noli
1359 1413 1504 1468 enim
1532 1426 1775 1483 quaerere
1806 1412 1851 1466 si
1886 1425 1993 1465 non
2020 1416 2105 1465 est
2130 1423 2229 1465 oc-

666 1507 811 1561 cisus
844 1504 1027 1571 Isaac;
1065 1503 1157 1559 sed
1202 1518 1267 1558 es
1301 1517 1411 1574 quo
1446 1502 1725 1573 proposuit
1774 1512 1948 1571 pater.
1985 1508 2230 1553 mortuus

666 1605 750 1650 est
781 1593 921 1664 patri
959 1593 1130 1651 Isaac.
1173 1592 1342 1648 Putas
1367 1594 1494 1663 quia
1525 1603 1580 1647 et
1618 1602 1766 1647 tanta
1791 1602 1908 1646 erat
1936 1590 2229 1645 crudelitas

667 1688 808 1755 apud
836 1686 1024 1749 lleum,
1057 1694 1116 1741 ut
1148 1688 1203 1741 in
1238 1695 1449 1740 tantum
1474 1694 1755 1755 torqueret
1785 1684 2091 1738 Abraham?
2115 1683 2229 1751 ipse

664 1777 808 1832 enim
840 1786 1067 1831 testatur
1093 1786 1146 1831 et
1175 1777 1307 1831 dicit
1340 1795 1353 1831 :
1384 1777 1506 1831 Scio
1532 1785 1655 1847 quia
1694 1777 1802 1843 ipse
1841 1787 1888 1828 et
1920 1774 2066 1842 ﬁlius
2109 1773 2226 1843 ejus

665 1867 931 1921 mandabit
955 1866 1215 1927 custodire
1242 1866 1401 1936 legem
1434 1876 1482 1923 et
1507 1864 1759 1924 mandata
1800 1862 2012 1918 Domini
2038 1861 2085 1894 “
2118 1882 2131 1917 :
2167 1873 2225 1916 ut

664 1972 730 2011 ex
764 1958 867 2019 hoc
906 1957 1213 2011 testimonio
1240 1956 1512 2011 Abraham
1548 1970 1653 2010 non
1696 1954 1865 2009 solum
1908 1969 2003 2025 per
2027 1962 2225 2015 semet-

661 2047 836 2113 ipsum
871 2048 1151 2118 religiosns
1183 2047 1486 2110 exstiterit,
1526 2047 1619 2101 sed
1668 2055 1723 2100 et
1766 2061 1834 2100 ex
1876 2048 2131 2100 mandato
2168 2053 2224 2100 et

658 2134 792 2198 ﬁlio.
817 2139 907 2214 qui
967 2148 1023 2191 et
1059 2146 1178 2205 post
1214 2150 1440 2190 mortem
1475 2135 1603 2190 colit
1647 2144 1703 2190 et
1738 2144 2025 2190 veneratur
2053 2134 2221 2201 Deum

660 2243 757 2297 per
786 2243 848 2289 ea
880 2242 998 2299 qua:
1026 2227 1302 2284 mandavit
1331 2227 1492 2283 Deus.
1522 2226 1981 2295 Quemadmodum
2008 2228 2112 2283 iste
2138 2227 2222 2282 vi-

660 2335 791 2375 vens
815 2335 917 2382 non
949 2334 1136 2389 ponas
1165 2320 1461 2375 sustinuit?
1486 2321 1632 2375 dedit
1658 2321 1709 2375 ei
1738 2320 1906 2374 ﬁlium
1941 2320 2101 2387 Deus,
2128 2319 2223 2375 de-

659 2413 812 2467 ditet
847 2413 1195 2467 tentationem
1231 2428 1246 2464 :
1292 2411 1337 2465 si
1366 2420 1509 2465 esset
1550 2410 1711 2477 alius,
1757 2409 1985 2466 dixisset
2010 2410 2219 2485 utique,

658 2502 873 2560 Utinam
915 2519 1019 2558 nun
1065 2504 1416 2571 accepissem.
1462 2502 1730 2558 Abraham
1767 2512 1948 2557 autem
1984 2510 2042 2557 et
2080 2500 2221 2557 accl-

656 2593 811 2662 piens
843 2594 1047 2673 gratias
1079 2594 1210 2664 egit,
1239 2604 1293 2647 et
1325 2592 1556 2647 reddens
1594 2593 1795 2662 gratias
1838 2592 1967 2661 egit,
2010 2594 2218 2655 lucrum

657 2694 845 2756 utpote
881 2686 1084 2742 ducens
1111 2703 1216 2740 non
1244 2685 1348 2739 frui
1400 2684 1587 2751 ﬁlium,
1618 2685 1711 2739 sed
1742 2683 1959 2751 (τίτθη-ε,
1995 2685 2136 2738 sicut
2166 2693 2220 2738 et

655 2776 853 2833 factum
875 2787 960 2832 est
988 2796 999 2831 :
1027 2780 1120 2833 sed
1141 2790 1411 2847 quemque
1435 2777 1729 2844 respiciens
1751 2775 1975 2830 habuit:
2004 2775 2219 2845 quando

653 2876 835 2924 autalt
864 2868 1174 2936 praecipitur
1201 2868 1342 2921 ﬁlius
1369 2863 1591 2919 olferri?
1624 2880 1728 2921 non
1753 2866 1938 2918 statim
1966 2872 2024 2921 ut
2059 2871 2217 2921 natus

654 2967 740 3014 est
775 2979 789 3012 :
826 2974 945 3029 qua:
974 2959 1118 3014 enim
1153 2973 1324 3026 nuper
1361 2968 1484 3012 nata
1532 2968 1683 3023 sunt,
1732 2955 1960 3010 necdum
2012 2962 2216 3008 tantum

654 3050 857 3105 habent
880 3048 1149 3106 ab'ectum.
1198 3050 1259 3107 Et
1296 3060 1584 3120 antequam
1629 3048 1921 3119 loquantur
1959 3046 2214 3111 infantes,

651 3141 890 3213 perdicis
917 3152 1010 3195 aut
1046 3141 1308 3195 columbae
1340 3139 1513 3197 locum
1554 3139 1621 3196 ad
1661 3140 1930 3210 genitores
1962 3139 2169 3194 habent
2198 3156 2210 3190 :

652 3234 829 3296 visum
862 3235 1005 3291 enim
1044 3244 1250 3289 tantum
1297 3232 1584 3296 delectant,
1628 3242 1683 3287 et
1734 3233 2085 3301 incomposite
2136 3231 2217 3285 lo-

662 3334 890 3396 quentes
919 3342 933 3379 :
967 3340 1089 3386 cum
1116 3335 1293 3378 autem
1324 3324 1651 3394 promoverit
1683 3333 1839 3384 mtas.
1867 3332 1919 3376 et
1954 3320 2220 3376 eﬁ’ulserit

652 3431 881 3483 sensus,
915 3428 971 3472 et
999 3416 1225 3485 coeperit
1274 3414 1574 3469 intellectus
1620 3428 1715 3483 per
1749 3413 1986 3481 linguam
2020 3412 2215 3481 promi,

649 3507 935 3564 ﬂoruerint
980 3516 1159 3561 autem
1205 3507 1380 3562 aetatis
1427 3506 1855 3576 pulchritudines
1904 3516 1957 3559 et
2006 3503 2215 3559 ﬁrmata

654 3599 856 3656 fuerint
886 3600 1125 3653 membra
1164 3597 1283 3651 istic
1314 3606 1369 3651 et
1410 3598 1619 3651 initium
1653 3595 1821 3665 ipsius
1860 3596 2125 3664 corporis.
2159 3605 2219 3649 ut

654 3702 798 3749 rosa.
824 3698 916 3741 aut
949 3686 1140 3742 lilium.
1173 3686 1258 3739 vel
1291 3685 1485 3755 aliquis
1522 3683 1621 3739 ﬂos
1678 3697 1945 3750 maturus,
1979 3694 2072 3739 aut
2103 3684 2216 3737 fru-

651 3790 770 3842 ctus
791 3778 897 3848 jam
939 3788 1185 3848 paratus:
1214 3777 1284 3831 ita
1318 3786 1372 3830 et
1404 3776 1747 3847 pulchritudo
1772 3793 1892 3847 qua:
1912 3778 2213 3843 videbatur,

651 3881 705 3925 et
730 3871 963 3926 maxime
994 3869 1300 3924 intelleCtus
1326 3868 1506 3923 ﬂectet
1532 3870 1827 3937 genitores,
1860 3879 1914 3924 et
1950 3880 2120 3927 totum
2156 3884 2217 3924 se

652 3966 705 4016 in
736 3962 997 4031 genitoris
1023 3969 1256 4015 evacuat
1286 3976 1547 4016 amorem.
1581 3960 1797 4017 Movent
1822 3972 2002 4017 autem
2036 3970 2091 4019 et
2118 3962 2214 4018 ﬁlii

653 4052 895 4109 moribus
920 4052 1033 4108 suis
1060 4062 1311 4121 parentes
1344 4061 1398 4105 et
1424 4052 1761 4105 sermonibus
1790 4062 1845 4105 et
1870 4051 2113 4121 loquelis.
2150 4051 2217 4105 Et

651 4144 1105 4215 quemadmodum
1156 4142 1399 4197 extendit
1458 4156 1677 4194 manum
1726 4142 1867 4203 ﬁlius
1940 4161 1955 4196 :
2025 4157 2216 4210 quem-

652 4234 938 4290 admodum
994 4244 1203 4302 patrem
1253 4232 1503 4287 hortatus
1556 4242 1641 4285 est
1689 4242 1781 4286 aut
1830 4246 1925 4300 per
1969 4232 2213 4298 verbum,

569 4360 572 4369 η
650 4336 744 4381 aut
775 4339 870 4398 per
898 4326 1155 4396 linguam,
1197 4333 1292 4379 aut
1324 4338 1418 4392 per
1446 4338 1564 4378 eam
1609 4339 1772 4391 quam
1806 4322 1972 4377 sumit
2010 4339 2212 4378 escam.

650 4418 970 4488 Loquuntnr
998 4426 1176 4469 autem
1203 4425 1259 4469 et
1284 4425 1466 4487 patres
1501 4415 1568 4471 ad
1602 4414 1767 4477 ﬁlios,
1799 4423 1851 4468 et
1881 4414 2092 4469 dulcior
2122 4414 2213 4469 lilii

2336 587 2690 644 cohabitabat
2719 585 3029 649 Abraham,
3054 597 3176 638 cum
3241 578 3477 648 undique
3510 574 3790 633 excelsum
3827 574 3902 627 fa-

2334 687 2481 735 etum
2512 686 2660 734 esset
2677 676 2877 732 donum
2908 675 3033 739 Dei;
3074 685 3199 728 tunc
3219 672 3351 727 dicit
3384 670 3529 725 Deus
3557 678 3816 735 tanquam
3844 666 3905 720 ad

2335 770 2620 846 quemdam
2669 768 3075 824 adamantinum
3127 783 3140 818 :
3182 763 3477 827 Abraham,
3510 760 3691 827 accipe
3739 756 3903 825 ﬁliam

2333 873 2482 915 tuum
2536 862 2861 933 unigenitum
2908 859 3106 922 Isaac,
3164 872 3314 926 quem
3368 855 3626 909 dilexisti.
3680 850 3904 905 Intueris

2332 952 2499 1009 Deum
2526 969 2622 1023 per
2648 953 3084 1009 adhortationem
3116 951 3498 1005 dehortantem
3524 962 3539 999 :
3571 943 3737 999 solito
3762 942 3902 997 enim

2332 1062 2463 1106 usus
2498 1055 2582 1101 est
2617 1046 2686 1101 ad
2739 1043 3012 1099 Abraham
3055 1052 3335 1103 sermone;
3375 1036 3646 1107 siquidem
3683 1044 3741 1088 et
3786 1043 3903 1087 tunc

2332 1154 2454 1195 cum
2494 1138 2816 1208 praeciperet
2856 1136 2904 1189 ei
2949 1148 3101 1189 exure
3133 1146 3165 1186 e
3199 1131 3371 1200 patria
3405 1143 3523 1192 sua,
3557 1126 3652 1180 tali
3684 1126 3753 1178 ad
3789 1140 3902 1179 eum

2333 1242 2462 1283 usus
2509 1236 2591 1282 est
2638 1241 2922 1292 sermone,
2964 1225 3055 1294 qui
3097 1223 3261 1276 alium
3310 1220 3495 1289 utique
3541 1216 3901 1287 prohibuisset

2331 1320 2502 1383 exire.
2556 1318 2691 1373 Dicit
2734 1318 2879 1371 enim
2922 1316 2971 1370 ei
3018 1334 3033 1369 :
3072 1313 3358 1377 Abraham,
3402 1312 3699 1369 Abraham.
3752 1312 3837 1360 exi
3876 1322 3903 1359 e

2328 1415 2503 1481 patria
2535 1422 2650 1471 tua.
2680 1420 2730 1467 et
2761 1424 2828 1465 ea:
2868 1407 3178 1477 cognatione
3203 1414 3318 1468 tua,
3351 1415 3397 1457 et
3434 1417 3501 1455 ex
3540 1401 3702 1453 domo
3737 1399 3901 1466 petris

2330 1505 2409 1565 tui
2427 1504 2472 1536 "
2498 1521 2513 1556 :
2546 1503 2659 1557 haec
2690 1501 2829 1555 alius
2856 1501 2899 1554 si
2929 1498 3215 1563 audiisset,
3244 1495 3417 1561 magis
3440 1492 3637 1547 fuisset
3657 1492 3902 1545 detentis

2330 1609 2489 1664 quam
2517 1593 2852 1650 obaudisset.
2892 1588 2999 1644 Sed
3029 1589 3170 1643 sicut
3202 1586 3420 1642 athletis
3459 1584 3783 1639 fortioribus
3815 1583 3900 1652 ju-

2331 1687 2520 1741 bentes
2555 1686 2772 1740 duriora
2801 1682 3121 1754 praecipiunt
3150 1697 3164 1733 :
3190 1672 3409 1750 oportet
3437 1687 3509 1741 te,
3543 1675 3742 1745 inquit,
3781 1689 3901 1744 por-

2331 1786 2472 1841 tare,
2520 1776 2684 1831 etiam
2732 1774 2777 1830 si
2819 1772 2986 1828 fueris
3032 1770 3179 1826 calce
3227 1782 3551 1839 percussus;
3593 1775 3810 1834 oportet
3851 1774 3901 1818 te

2254 1845 2446 1923 Besse
2489 1866 2823 1936 patientem,
2868 1862 3080 1918 etiamsi
3130 1859 3423 1915 adversum
3480 1855 3699 1911 oculum
3753 1864 3898 1909 tuum

2327 1973 2546 2011 manum
2582 1952 2930 2012 adversarius
2957 1950 3293 2022 protenderit
3322 1962 3479 2005 suam
3512 1963 3530 2001 :
3562 1953 3618 2001 et
3641 1958 3898 2015 quacun-

2323 2064 2428 2119 que
2450 2049 2521 2102 illi
2547 2050 2805 2102 mandare
2825 2053 3173 2107 consuerunt,
3190 2050 3243 2095 et
3258 2040 3584 2095 athletarum
3610 2035 3895 2092 fortissimi

2323 2140 2599 2196 sustinere
2627 2156 2640 2192 :
2682 2139 2755 2192 ita
2796 2146 2852 2192 et
2890 2137 3015 2191 istic
3040 2133 3183 2189 Deus
3215 2147 3371 2188 suum
3403 2130 3665 2185 athletam
3696 2128 3895 2183 adhor-

2325 2222 2465 2298 tans,
2497 2245 2593 2301 per
2620 2230 2783 2284 duros
2808 2242 2929 2284 eum
2973 2228 3224 2291 hortatur
3255 2234 3408 2279 actus
3446 2241 3460 2277 :
3505 2224 3617 2276 Exi
3659 2237 3689 2275 e
3726 2220 3897 2289 patria

2322 2334 2433 2387 tua,
2457 2332 2509 2377 et
2538 2321 2844 2391 cognatione
2869 2329 2985 2385 tua,
3017 2327 3064 2371 et
3090 2333 3155 2371 ea:
3180 2318 3334 2369 domo
3366 2315 3533 2384 patris
3563 2314 3666 2377 tui,
3701 2323 3750 2365 et
3776 2314 3891 2365 sui

2323 2415 2392 2467 ad
2431 2422 2661 2479 terram;
2690 2412 2757 2467 ad
2799 2425 2963 2480 quam
3011 2418 3261 2479 paratum
3302 2415 3487 2477 negat.
3531 2414 3588 2460 et
3625 2404 3892 2473 promittit

2322 2504 2507 2571 aliam,
2550 2515 2605 2560 et
2640 2502 2813 2572 ipsam
2863 2500 3283 2570 promissionem
3340 2496 3399 2552 in
3450 2498 3663 2552 incerto
3721 2496 3886 2564 ponit.

2320 2599 2436 2660 Non
2467 2600 2611 2654 enim
2658 2599 2790 2653 dixit
2839 2598 2983 2651 illam
3018 2606 3254 2658 terram;
3299 2593 3396 2648 sed
3438 2594 3495 2647 in
3547 2603 3769 2655 terram,
3814 2592 3891 2645 in-

2320 2694 2464 2762 quit,
2501 2708 2659 2756 quam
2705 2692 2795 2744 tibi
2836 2691 3107 2744 ostendero
3124 2687 3192 2740 “.
3225 2686 3381 2741 Sicut
3419 2686 3566 2741 enim
3608 2685 3836 2754 ejiciens
3860 2698 3889 2737 ο

2318 2783 2513 2852 patria,
2546 2797 2643 2850 per
2681 2796 2746 2837 ea
2771 2795 2892 2850 quae
2919 2780 3273 2849 prohiberent
3297 2778 3478 2848 ejicit;
3517 2778 3591 2829 ita
3627 2783 3684 2830 et
3703 2774 3889 2844 praci-

2317 2873 2473 2943 piens
2500 2872 2669 2927 ﬁlium
2700 2887 2856 2927 suum
2883 2871 2983 2925 sibi
3015 2868 3229 2933 uli‘erre,
3263 2883 3359 2936 per
3384 2867 3694 2923 istiusmodi
3732 2866 3885 2920 verba

2314 2963 2487 3032 jubet,
2518 2978 2747 3033 perquas
2770 2964 2814 3017 si
2837 2974 2978 3017 esset
2997 2962 3153 3025 alius,
3175 2975 3279 3016 non
3302 2960 3567 3015 obediret.
3586 2959 3881 3023 Abraham,

2320 3055 2514 3122 inquit,
2539 3054 2837 3116 Abraham,
2856 3053 3036 3121 accipe
3060 3064 3111 3106 tu
3134 3069 3149 3117 ;
3173 3066 3273 3105 nec
3309 3066 3406 3121 per
3432 3051 3601 3105 alium
3629 3050 3887 3121 pracipit,

2320 3144 2414 3198 sed
2428 3145 2626 3208 accipe,
2653 3143 2849 3212 inquit,
2874 3152 2925 3197 tu
2947 3144 3115 3213 ﬁlium
3132 3150 3366 3206 tuum,et
3381 3143 3526 3196 hunc
3547 3143 3885 3212 unigenitum,

2320 3233 2396 3286 ait
2432 3253 2445 3287 :
2478 3232 2751 3301 porrectio
2787 3234 3133 3298 tentationis;
3171 3249 3323 3302 quem
3366 3231 3628 3295 dilexisti,
3668 3231 3840 3301 inquit
3870 3249 3884 3284 :

2318 3324 2749 3379 additamentum
2781 3324 2985 3380 doloris
3009 3325 3151 3380 aliis.
3187 3324 3254 3379 Et
3294 3334 3417 3396 post
3460 3326 3577 3380 haec
3607 3326 3883 3394 consignat

2320 3413 2581 3483 majorem
2609 3416 2839 3485 plagam,
2868 3416 3007 3470 dixit
3039 3416 3183 3474 enim
3211 3426 3263 3469 et
3289 3430 3484 3469 nomen
3522 3415 3642 3470 filii.
3666 3416 3805 3468 Nam
3836 3423 3883 3467 et

2315 3505 2362 3562 si
2396 3508 2509 3560 hinc
2546 3510 2730 3561 omnia
2758 3518 2942 3562 essent
2972 3506 3148 3561 dulcia
3177 3518 3231 3560 et
3262 3506 3476 3568 idonea,
3509 3517 3755 3560 moveret
3787 3506 3883 3557 vis.

2316 3612 2439 3651 cera
2474 3605 2738 3667 paterna,
2782 3608 2843 3651 ut
2873 3597 3115 3663 diceret,
3148 3597 3319 3665 ﬁlium
3368 3607 3517 3650 tuum
3564 3596 3885 3665 unigenitum

2315 3706 2467 3760 quem
2493 3689 2750 3745 dilexisti.
2786 3688 2892 3743 Sed
2919 3689 3051 3743 nihil
3076 3690 3205 3755 tale,
3231 3699 3491 3757 quantum
3531 3696 3587 3742 et
3617 3701 3884 3756 nuncupa-

2318 3784 2519 3839 tionem
2549 3782 2666 3852 ejus
2688 3782 3058 3847 annuntiaret,
3087 3791 3143 3835 et
3167 3782 3394 3846 diceret,
3428 3780 3587 3833 Isaac
3618 3782 3815 3845 accipe,
3839 3790 3885 3832 et

2317 3876 2502 3944 σπεῖρε
2534 3889 2653 3927 eum
2683 3872 2809 3928 mihi
2838 3872 2893 3926 in
2925 3889 3030 3925 uno
3055 3873 3333 3929 maritima.
3381 3870 3570 3941 Neque
3597 3872 3723 3925 istic
3748 3870 3883 3925 desi-

2322 3977 2453 4037 gnat
2486 3966 2684 4028 locum,
2719 3966 2813 4018 sed
2842 3965 2985 4019 sicut
3024 3963 3247 4028 eiiciens
3275 3978 3397 4017 eum
3449 3964 3517 4016 de
3561 3963 3759 4028 patria,
3791 3962 3882 4023 ait,

2323 4056 2452 4111 Veni
2477 4059 2546 4111 ad
2576 4066 2773 4110 terram
2804 4072 2963 4125 quam
2992 4056 3091 4109 tibi
3119 4055 3430 4117 ostendero;
3464 4056 3539 4107 ita
3569 4064 3628 4109 et
3660 4054 3783 4108 istic
3811 4052 3884 4110 di-

2316 4147 2407 4198 cit.
2442 4146 2497 4199 in
2532 4160 2635 4197 uno
2666 4145 2945 4198 montium.
2989 4143 3057 4197 Et
3086 4152 3234 4198 certe
3280 4143 3508 4201 multum
3555 4142 3884 4199 commodius

2316 4236 2359 4291 si
2395 4237 2448 4290 in
2483 4238 2599 4305 ipso
2627 4234 2844 4290 fervore
2883 4235 3081 4305 negotii
3112 4233 3370 4291 liberatus
3405 4233 3598 4288 fuisset
3629 4233 3883 4289 sollicitu-

2316 4330 2439 4385 dine
2488 4330 2795 4394 Abraham,
2835 4337 2889 4381 et
2940 4343 3049 4383 non
3097 4328 3310 4384 audiret
3343 4328 3559 4383 itineris
3605 4330 3877 4392 laborem,

2316 4429 2617 4475 nocturnos
2649 4417 2928 4488 amplexus
2954 4418 3237 4484 unigeniti,
3265 4418 3755 4484 confabulationes,
3790 4433 3881 4488 per

648 4518 734 4564 est
760 4522 863 4563 vox
885 4506 1029 4561 omni
1057 4506 1162 4562 alio
1184 4507 1325 4575 quod
1357 4506 1588 4560 videtur.
1617 4504 1751 4559 Nam
1774 4515 1826 4558 et
1852 4504 2056 4559 frontes
2078 4504 2211 4559 ﬁlio-
2242 4523 2287 4577 ι)
2312 4512 2427 4568 dies
2466 4512 2666 4575 visum,
2704 4520 2908 4565 motum
2927 4552 2943 4575 ,
2977 4525 3259 4566 sermones
3278 4550 3293 4575 ,
3346 4510 3525 4579 ipsum
3574 4509 3726 4565 Isaac
3753 4511 3883 4565 ἀξια-

648 4617 767 4657 rum
802 4600 1028 4656 illiciunt
1066 4609 1343 4669 aspectum
1371 4608 1673 4667 parentum,
1721 4608 1777 4651 et
1818 4597 1966 4652 mille
2013 4597 2120 4651 alia
2156 4608 2211 4652 et

646 4692 751 4749 alia
796 4701 1043 4755 movent,
1088 4700 1143 4746 et
1180 4691 1357 4745 omnia
1402 4704 1732 4760 quaecunque
1791 4688 2001 4743 locutus
2050 4688 2211 4741 fuerit

648 4783 810 4845 illius,
861 4786 907 4836 si
948 4796 1043 4850 per
1085 4790 1298 4836 noctem
1346 4780 1623 4848 amplexus
1671 4787 1786 4845 est,
1836 4779 1881 4834 si
1923 4794 2018 4848 per
2066 4778 2208 4833 diem

647 4874 918 4929 blanditus
948 4882 1051 4928 est.
1080 4872 1213 4931 Cum
1246 4873 1407 4942 igitur
1448 4874 1560 4926 haec
1590 4873 1766 4926 omnia
1795 4882 2206 4936 concurrerunt,

647 4976 700 5019 et
729 4980 853 5019 cum
884 4975 1156 5020 maturum
1191 4965 1393 5021 factum
1424 4976 1508 5021 est
1544 4965 1743 5019 donum
1787 4964 1880 5021 Dei
1903 5006 1919 5029 ,
1958 4980 2080 5021 cum
2112 4965 2209 5019 do-

646 5055 857 5115 mestici
901 5056 953 5108 in
984 5069 1078 5122 spe
1106 5054 1287 5118 fuere,
1318 5069 1439 5109 cum
1485 5054 1675 5107 amicis
1706 5052 1925 5106 allatum
1956 5062 2035 5107 est
2068 5069 2206 5106 nun-

649 5150 805 5207 tium,
832 5160 952 5200 cum
988 5146 1219 5200 reddidit
1238 5149 1376 5200 Deus
1396 5146 1625 5200 Abrahae
1652 5146 2035 5213 promissiones
2058 5160 2205 5210 suas,

644 5235 821 5303 etiam
847 5236 1069 5290 haberet
1090 5236 1255 5289 lilium
1277 5254 1291 5301 ;
1316 5237 1596 5291 videbatur
1620 5238 1760 5290 enim
1782 5248 1834 5290 et
1856 5238 1955 5306 Ipsi
1979 5238 2206 5293 Abrahae

646 5328 897 5383 solatium
934 5328 1315 5396 promissionis
1345 5332 1453 5396 jam
1491 5327 1729 5395 factum;
1763 5343 1881 5381 cum
1919 5326 2033 5397 jam
2069 5327 2203 5382 Sara

646 5418 896 5474 habuerit
928 5420 1369 5489 consolationem,
1404 5430 1458 5473 et
1483 5419 1590 5488 jam
1624 5435 1729 5473 non
1778 5422 1845 5475 ab
1884 5420 2076 5475 ancilla
2112 5436 2205 5476 ex-

645 5509 1021 5579 probrationes
1070 5510 1317 5575 audiret,
1346 5527 1466 5566 cum
1506 5513 1759 5581 cognatio
1789 5512 2013 5567 audiens
2060 5524 2204 5568 esset

647 5603 701 5654 in
737 5601 937 5663 lautitia,
966 5618 1084 5655 cum
1128 5603 1278 5673 pueri
1312 5612 1365 5656 et
1392 5606 1554 5667 servi,
1580 5618 1701 5657 cum
1726 5604 1918 5657 domus
1948 5603 2202 5672 majores,

2312 4615 2481 4661 ctum.
2510 4605 2579 4657 Et
2608 4602 2737 4674 quid
2761 4616 2899 4675 opus
2931 4614 3015 4657 est
3046 4601 3198 4671 plura
3233 4615 3331 4656 nos
3362 4601 3585 4658 dicere?
3617 4604 3885 4656 Abraham

2312 4699 2479 4759 enim,
2525 4696 2620 4764 qui
2673 4694 3000 4749 sententiam
3024 4693 3299 4749 adversus
3334 4694 3503 4748 lilium
3547 4706 3884 4764 susceperat,

2314 4788 2676 4853 descripserat
2720 4785 2820 4838 sibi
2865 4791 2921 4837 et
2969 4785 3153 4839 abibat
3197 4784 3403 4840 habens
3446 4784 3655 4845 ﬁlium,
3711 4787 3885 4840 vivum

2314 4879 2531 4946 quidem
2564 4892 2827 4947 quantum
2857 4875 2923 4931 ad
2963 4891 3180 4932 sensum
3223 4877 3343 4940 lilii,
3374 4877 3485 4947 jam
3513 4889 3701 4933 autem
3736 4878 3883 4932 holo-

2316 4981 2562 5025 caustum
2600 4978 2860 5038 quantum
2903 4967 2969 5021 ad
3014 4969 3353 5023 inscientiam
3400 4970 3593 5037 patris.
3640 4969 3707 5023 Et
3744 4983 3884 5025 certe

2315 5073 2521 5123 tantam
2554 5061 2861 5130 passionem
2894 5060 3059 5117 habet
3086 5062 3231 5130 quod
3263 5061 3482 5126 dicitur,
3510 5073 3569 5115 ut
3590 5074 3647 5117 et
3674 5080 3773 5119 nos
3797 5068 3881 5133 qui

2312 5155 2561 5206 audimus
2598 5164 2651 5210 et
2680 5153 2931 5215 dicimus,
2964 5152 3036 5207 de
3073 5153 3157 5207 his
3190 5168 3309 5223 qua;
3340 5153 3428 5207 ille
3458 5154 3511 5208 in
3550 5156 3879 5224 unigenitum

2310 5244 2478 5297 lilium
2528 5260 2680 5297 suum
2731 5244 2903 5307 ausit,
2959 5246 3291 5301 commoveri
3324 5260 3378 5300 et
3423 5246 3799 5321 collacrymari
3833 5260 3883 5303 et

2309 5337 2617 5391 conturbari
2651 5336 2951 5393 videamur.
2981 5336 3041 5391 Si
3073 5338 3238 5407 igitur
3271 5338 3426 5392 nobis
3457 5339 3645 5396 dicere
3677 5353 3878 5397 tantum

2309 5437 2364 5482 et
2401 5428 2590 5481 audire
2626 5442 2734 5479 non
2762 5437 2844 5480 est
2876 5427 3160 5481 ferendum
3195 5428 3313 5482 sine
3352 5429 3640 5501 lacrymis;
3674 5437 3877 5505 qualis,

2313 5526 2499 5586 putas,
2538 5516 2838 5571 invenietur
2870 5531 3121 5571 mensura
3175 5519 3320 5573 illius
3353 5524 3879 5597 conscientiarquig

2312 5608 2536 5665 snlﬁciet
2560 5624 2737 5664 sermo
2764 5608 2903 5664 illius
2927 5609 3187 5666 exhibere
3212 5612 3561 5671 dilectionem
3586 5618 3654 5672 ad
3681 5616 3876 5676 Donati

714 5696 761 5726 ”
781 5695 914 5749 Gen.
940 5713 1074 5759 χιιι,
1094 5697 1149 5752 2.
1223 5699 1267 5729 ’⁸
1290 5696 1421 5756 Gen.
1450 5714 1599 5761 svnt,
1627 5698 1713 5754 l9.
1787 5700 1831 5731 “
1857 5700 1995 5759 Cen.
2020 5717 2113 5772 xu,
2144 5704 2191 5759 1.
2272 5705 2316 5736 ’⁸
2336 5704 2469 5759 Ibid.

711 5787 823 5872 (18)
858 5788 957 5854 Qui
987 5792 1137 5845 dixit.
1172 5790 1329 5846 Forte
1360 5794 1488 5846 dixit
1523 5797 1631 5863 qui.

2378 5801 2395 5861 l
2406 5801 2484 5865 l9)
2523 5801 2978 5865 Interceperimus.
3001 5803 3083 5861 Cf.
3115 5807 3386 5864 suoracol.
3414 5807 3547 5864 1071
3576 5809 3642 5866 Δ.
