4072 6438
215 426 354 486 ωτι

1339 418 1429 476 DE
1462 415 2067 476 BESUBRECTIONE.
2103 451 2173 464 —
2207 419 2342 480 LIB.
2376 420 2420 481 l.

3331 417 3472 474 i078

215 539 325 600 Iter
353 539 515 597 simul
555 538 783 596 iaciebat
841 543 998 608 pater
1036 546 1156 592 cum
1204 531 1349 602 alio,
1384 542 1440 588 et
1478 531 1622 588 inter
1678 532 1792 588 haec
1818 534 1868 594 Δ
1893 548 2010 596 eos.
2065 534 2276 590 Honore
2317 537 2403 590 Mc
2448 549 2468 588 :
2506 549 2602 606 ego
2647 542 2821 589 autem
2863 543 2914 588 et
2965 548 3098 604 pater
3139 532 3476 589 ascendentes

217 633 389 690 multa
411 633 627 704 quidem
654 630 997 694 dicebantur,
1017 627 1170 698 plura
1203 634 1382 681 autem
1410 627 1790 690 audiebantur,

218 735 279 782 et
312 725 525 780 infinita
567 723 887 794 agebantur.
929 719 1098 776 Erant
1131 729 1314 775 autem
1361 720 1544 773 omnia
1595 715 1736 770 bona
1775 733 1790 769 :

222 816 316 874 Dei
357 819 502 874 enim
539 816 737 871 donum
768 825 888 870 erat
917 813 1090 879 Isaac,
1134 823 1190 866 et
1216 812 1466 880 portabat
1497 827 1512 863 :
1552 809 1646 879 qui
1673 823 1796 878 por-

220 907 408 967 tabat?
437 907 575 962 forte
605 915 782 960 autem
807 920 912 959 non
937 904 1096 958 debet
1119 903 1223 958 dici
1250 900 1376 972 quia
1406 903 1675 972 portabat,
1701 899 1798 954 sed

222 1001 510 1070 gaudebat.
547 998 615 1055 Et
641 999 756 1054 dies
792 1012 897 1054 una
935 997 1270 1064 transierat,
1300 1007 1353 1050 et
1385 995 1614 1052 necdum
1649 993 1802 1050 locus

222 1094 632 1149 ostendebatur.
657 1093 726 1148 Et
746 1107 851 1148 nox
876 1092 943 1147 ad
977 1091 1142 1156 diem,
1172 1098 1228 1146 et
1260 1087 1488 1144 necdum
1524 1088 1590 1141 ad
1621 1086 1798 1141 locum

228 1187 500 1256 pervenit.
532 1185 596 1239 Et
644 1184 914 1239 secundus
957 1182 1094 1247 dies,
1141 1187 1197 1234 et
1237 1189 1356 1248 post
1386 1177 1528 1232 diem
1580 1191 1707 1239 nox.
1748 1184 1804 1231 et

226 1273 334 1332 alla
377 1290 482 1332 nox
519 1293 533 1330 :
570 1283 626 1330 et
661 1275 896 1328 nondum
933 1272 1076 1335 linis,
1107 1272 1204 1329 sed
1237 1271 1517 1341 proteesio
1541 1278 1660 1324 erat
1687 1277 1801 1323 ten-

227 1367 459 1425 tationis
485 1365 751 1431 dilatatio,
785 1373 841 1419 et
872 1363 1088 1433 quando
1128 1362 1477 1434 perveniret,
1511 1371 1566 1417 et
1590 1365 1805 1431 quando

226 1462 618 1519 ostenderetur
662 1457 812 1512 locus
858 1471 979 1511 cum
1022 1456 1134 1523 jam
1181 1455 1404 1511 deberet
1440 1471 1454 1508 :
1504 1453 1631 1524 quia
1675 1468 1806 1522 ergo

230 1551 421 1606 omnia
463 1565 583 1619 qua:
623 1559 750 1604 sunt
797 1557 852 1602 et
892 1548 944 1602 in
998 1547 1190 1602 Vetere
1217 1545 1571 1602 Testamento
1617 1543 1806 1599 formae

230 1653 396 1701 erant
433 1640 589 1705 Novi,
624 1641 781 1695 tertio
808 1640 895 1694 die
934 1648 988 1696 et
1018 1639 1174 1705 tertia
1208 1642 1368 1694 noete
1404 1645 1806 1694 sacramentum

233 1735 498 1805 unigentti
562 1731 682 1787 Filii
746 1732 838 1786 Dei
891 1730 1260 1800 praecurrebat
1311 1742 1410 1800 per
1465 1727 1806 1799 unigenitum

1893 627 2234 682 adorabimus
2261 628 2317 682 in
2349 638 2546 694 monte,
2593 635 2644 682 et
2686 628 3066 698 regredientur.
3094 625 3209 682 Hoc
3255 625 3474 697 quidem

1896 734 2004 774 non
2043 720 2308 789 speravit,
2353 720 2460 778 hoc
2503 730 2685 778 autem
2725 719 3061 791 impetravit,
3110 728 3165 773 et
3216 731 3350 773 usus
3392 723 3479 772 est

1897 809 2040 868 Deus
2068 811 2187 883 ejus
2215 810 2398 883 lingua
2436 812 2505 866 ad
2538 810 2901 884 prophetiam.
2943 813 3080 865 Cum
3113 822 3245 880 ergo
3282 806 3480 861 dicitur

1896 904 2171 960 Abraham
2210 904 2478 975 propheta
2504 943 2523 972 ,
2568 912 2623 960 et
2650 903 2914 974 quaeritur
2943 915 2976 956 a
3003 899 3192 957 multis
3231 900 3324 955 ubi
3353 913 3480 968 pro-

1900 996 2207 1068 phetaverit
2242 996 2560 1065 Abraham;
2593 997 2740 1054 scire
2775 1004 3026 1069 oportet,
3074 996 3201 1068 quia
3239 993 3479 1049 maxime

1898 1090 2116 1159 quidem
2150 1089 2237 1145 cui
2271 1089 2532 1146 revelavit
2554 1087 2698 1146 Deus
2721 1088 3098 1159 semetipsum,
3126 1095 3389 1158 quantum
3422 1094 3479 1140 et

1903 1180 2162 1251 possibile
2207 1181 2308 1235 fuit
2348 1180 2585 1237 Abraba
2627 1190 2688 1236 ut
2727 1180 3065 1236 nevelaretur
3089 1180 3178 1246 ei;
3222 1167 3323 1234 iste
3364 1178 3482 1248 ipse

1902 1278 2199 1331 vocabatur
2221 1274 2504 1347 propheta.
2521 1273 2638 1329 Alia
2662 1282 2844 1329 autem
2868 1273 3175 1329 invenimus
3197 1287 3322 1327 eum
3351 1271 3478 1326 istic

1901 1370 2308 1438 prophetantem
2331 1385 2348 1423 :
2374 1383 2535 1423 unam
2566 1366 2785 1439 quidem
2807 1365 3163 1438 prophetiam,
3189 1381 3348 1436 quam
3365 1363 3478 1434 jam

1903 1460 2140 1515 diximus
2188 1476 2204 1514 :
2248 1460 2544 1514 secundam
2590 1467 2774 1514 autem
2804 1472 2926 1514 eam
2947 1497 2962 1523 ,
2995 1471 3116 1528 qua:
3150 1457 3477 1528 insequitur.

1909 1551 2015 1618 Sed
2050 1562 2368 1622 sequentem
2398 1549 2542 1607 forte
2570 1549 2753 1606 dicere
2777 1548 3140 1620 perniciosum
3165 1559 3268 1615 est,
3300 1558 3356 1603 et
3385 1564 3485 1603 an-

1905 1645 2025 1700 dire
2053 1644 2432 1714 perniciosius.
2461 1641 2933 1709 Quemadmodum
2953 1677 2970 1704 ,
3000 1648 3159 1709 putas
3183 1678 3198 1703 .
3227 1638 3490 1695 sustinuit

1905 1750 1970 1791 ea
1997 1749 2116 1806 qua
2148 1749 2336 1806 passus
2361 1733 2483 1790 est?
2525 1734 2982 1805 quemadmodum
3019 1731 3259 1788 charitas
3303 1731 3487 1785 omnia

232 1827 510 1884 Abraba:
550 1824 674 1895 quia
715 1833 896 1877 autem
931 1821 1254 1891 completum
1290 1827 1693 1875 sacramentum
1726 1825 1810 1872 est

1924 1829 2162 1885 sustinet.
2210 1827 2278 1883 Et
2319 1828 2473 1898 pueri
2523 1826 2745 1897 quidem
2779 1831 3185 1888 remanserunt,
3227 1823 3489 1893 praecepit

235 1921 407 1977 trium
428 1919 659 1980 dierum,
683 1924 738 1971 et
762 1917 920 1969 trium
952 1915 1216 1976 noctium,
1237 1921 1496 1967 ostensus
1525 1917 1610 1965 est
1636 1908 1805 1975 locus,
1841 1896 1885 1952 Β
1910 1922 2053 1977 enim
2093 1896 2378 1990 dominug;
2406 1896 2680 1975 Αδηιηη,
2708 1929 2890 1975 amem
2918 1917 3197 1989 accipiens
3229 1917 3404 1987 ignem
3436 1924 3494 1970 ει

234 2011 464 2069 advenit
494 2017 550 2064 et
593 2019 804 2075 tempus
838 2023 853 2064 :
890 2002 1028 2060 forte
1064 2013 1242 2058 autem
1282 2002 1488 2072 putatis
1528 1998 1639 2069 jam
1670 1997 1804 2052 libeo

237 2115 363 2158 rum
414 2112 537 2154 esse
576 2112 606 2151 a
651 2094 956 2150 certamine.
990 2092 1350 2148 tentationutn
1394 2089 1695 2145 Abraham.
1743 2088 1810 2141 Et

235 2201 391 2251 certe
417 2200 676 2262 quantum
712 2188 1036 2256 propinquat
1075 2195 1307 2254 tempus,
1341 2193 1553 2236 tantum
1589 2181 1810 2236 tentatio

237 2283 586 2359 protenditur
610 2283 748 2352 ejus.
785 2280 852 2334 Et
879 2278 1148 2334 Abraham
1177 2276 1305 2331 dicit
1329 2276 1395 2330 ad
1420 2289 1618 2346 pueros
1646 2292 1660 2328 :
1694 2272 1812 2326 Ma-

239 2387 356 2438 neto
381 2374 501 2440 hic;
532 2389 624 2444 ego
651 2381 827 2426 autem
863 2379 913 2423 et
949 2368 1094 2438 ﬁlius
1115 2368 1455 2422 ascendemus
1479 2367 1532 2420 in
1563 2375 1809 2430 montem,

238 2473 524 2524 adorantes
553 2465 894 2519 remeabimus
923 2461 990 2516 ’⁷.
1023 2460 1228 2515 Timuit
1255 2461 1426 2522 enim,
1462 2472 1529 2512 ne
1561 2457 1709 2526 pueri
1747 2457 1813 2508 ad

240 2560 520 2616 dominum
558 2555 807 2612 allectum
836 2556 1116 2620 habentes,
1164 2560 1220 2606 et
1262 2549 1496 2604 maxime
1528 2549 1594 2602 ad
1629 2547 1815 2619 unige-

241 2649 439 2714 nitum,
484 2647 855 2718 prohiberent.
886 2643 1044 2697 Certe
1088 2641 1214 2710 quia
1244 2653 1517 2709 nunquam
1553 2637 1816 2693 Dominus

243 2737 579 2796 sacriﬁcium
610 2734 843 2790 hominis
871 2731 1026 2802 petit.
1059 2730 1360 2786 Audierant
1401 2738 1582 2783 autem
1614 2728 1739 2798 quia
1763 2738 1819 2782 et

242 2830 544 2889 secundum
609 2826 1027 2899 promissionem
1102 2822 1246 2878 Deus
1307 2822 1603 2876 donaverat
1669 2821 1818 2875 lsaac

244 2925 521 2980 Abrahae:
565 2921 836 2975 intuentes
869 2931 998 2974 vero
1032 2924 1087 2970 et
1119 2923 1334 2970 aetatem
1364 2914 1597 2969 Abrabze
1632 2913 1686 2968 in
1714 2913 1819 2968 alio

245 3015 354 3084 jam
377 3021 617 3080 tempore
641 3009 991 3064 constitutam
1019 3022 1036 3061 :
1069 3006 1191 3075 quia
1214 3005 1376 3084 igitur
1392 3018 1496 3058 non
1516 3003 1820 3058 consentie-

251 3080 383 3162 bant
407 3105 523 3176 (ἳο)
547 3102 758 3174 negotio
785 3102 868 3157 his
893 3114 1013 3169 qua:
1039 3080 1554 3180 faciebatA‘raham
1582 3097 1824 3168 :possint

1910 2011 2051 2082 ligna
2081 2019 2137 2065 et
2172 2009 2442 2081 gladium,
2471 2008 2719 2063 ascendit
2745 2023 2868 2063 cum
2901 2005 3035 2070 lilio,
3087 2007 3200 2074 ipse
3241 2003 3352 2059 lilio
3389 2017 3487 2058 suo

1913 2105 2196 2174 imponens
2229 2100 2391 2171 ligna.
2434 2099 2502 2154 Et
2532 2108 2680 2155 certe
2724 2097 2928 2153 scimus
2958 2096 3234 2151 Abraham
3279 2109 3374 2164 per
3402 2107 3489 2148 se-

1915 2197 2207 2266 metipsum
2281 2193 2509 2249 vitulum
2583 2203 2888 2265 portantem
2961 2193 3027 2248 ad
3089 2191 3488 2260 susceptionem

1914 2305 2100 2347 eorum
2134 2289 2224 2358 qui
2261 2291 2614 2343 advenerant.
2641 2286 2781 2352 Quid
2809 2297 2990 2342 autem
3018 2300 3161 2340 nunc
3190 2299 3292 2340 nec
3317 2282 3490 2352 parti-

1919 2397 2006 2440 tus
2032 2399 2153 2440 cum
2186 2382 2297 2438 lilio
2323 2383 2533 2452 pondus
2572 2390 2676 2442 est.
2715 2380 2810 2435 sed
2839 2380 3022 2434 omnia
3049 2379 3192 2448 ligna
3233 2376 3498 2445 imposuit

1917 2477 2046 2541 lilio,
2078 2475 2265 2530 volens
2316 2475 2426 2544 jam
2463 2481 2746 2542 acceptum
2781 2469 2982 2525 habere
3024 2469 3257 2524 donum?
3284 2466 3493 2536 signiti-

1917 2567 2076 2623 cabat
2103 2575 2280 2621 autem
2305 2566 2430 2636 quia
2461 2565 2686 2636 incipiet
2713 2564 3002 2628 immolari,
3032 2559 3489 2632 quemadmodum

1918 2669 2137 2731 portare
2167 2674 2386 2715 erucem
2421 2673 2520 2729 per
2559 2657 2934 2729 semetipsum.
2962 2655 3097 2711 Cum
3137 2663 3317 2708 autem
3364 2666 3494 2721 pro-

1920 2759 2164 2806 moveret
2195 2750 2322 2814 iter,
2357 2759 2412 2804 et
2449 2757 2837 2818 agnosceretur
2875 2745 3077 2801 montis
3104 2756 3395 2807 cacumen,
3437 2748 3495 2796 et

1922 2843 2061 2914 ignis
2105 2843 2159 2897 in
2190 2841 2387 2905 medio,
2425 2848 2478 2896 et
2505 2840 2648 2909 ligna
2689 2838 2744 2893 in
2776 2837 2918 2894 collo
2949 2835 3104 2892 Isaac
3135 2833 3495 2900 haberentur,

1922 2942 1974 2987 et
1999 2933 2558 3004 gladiusappareret;
2603 2927 2757 2984 Isaac
2783 2926 3021 2998 undique
3050 2923 3313 2996 prudens.
3343 2921 3488 2992 quod

1925 3024 2014 3078 alii
2049 3023 2201 3094 pueri
2233 3038 2338 3080 non
2371 3022 2577 3087 dixere,
2611 3022 2713 3076 istc
2747 3019 2977 3090 requirit
3009 3032 3040 3072 a
3089 3025 3262 3085 patre.
3299 3013 3504 3072 Tenta-

1927 3117 2126 3169 tionem
2155 3121 2340 3182 utpote
2376 3126 2539 3180 quam
2581 3111 2818 3165 habebat
2851 3117 3025 3177 pater,
3061 3105 3334 3175 eloquitur
3378 3104 3500 3160 dul-

249 3197 394 3253 αιίω
428 3197 608 3288 σκετο
647 3213 660 3248 ε
706 3193 835 3288 «καί-ά
871 3191 1033 3288 om"?
1069 3193 1176 3247 Deo
1208 3191 1376 3288 mill"!
1431 3205 1537 3246 ηοη
1575 3189 1820 3258 Peleu“?
1850 3230 1894 3288 ε
1928 3207 2176 3270 cissima,
2209 3214 2302 3258 aut
2336 3204 2515 3274 potius
2554 3202 2688 3256 dura
2737 3213 2872 3254 voce
2921 3216 2934 3251 :
2965 3197 3138 3268 magis
3170 3205 3353 3251 autem
3387 3208 3496 3249 non

249 3289 373 3360 quis
397 3287 542 3343 enim
566 3295 622 3342 et
641 3296 769 3341 ante
795 3285 974 3354 ipsum
991 3283 1263 3351 justorum
1293 3283 1395 3339 hoc
1418 3290 1512 3336 aut
1532 3296 1696 3337 ausus
1718 3291 1824 3346 est,

253 3386 349 3432 aut
375 3384 585 3431 tentare
617 3388 783 3429 ausus
815 3371 938 3427 est?
967 3375 1037 3425 ob
1069 3386 1234 3441 quam
1262 3371 1405 3428 enim
1441 3385 1657 3424 causam
1681 3380 1827 3439 petat

259 3465 406 3520 Deus
429 3479 576 3530 eum,
607 3477 768 3534 quem
811 3458 1074 3516 donavit?
1115 3475 1214 3512 cur
1246 3469 1425 3514 autem
1455 3466 1508 3512 et
1537 3456 1829 3511 transierat

260 3558 404 3615 Deus
425 3555 810 3627 promissiones
823 3551 997 3607 suas?
1024 3559 1082 3606 ut
1108 3551 1238 3620 quid
1262 3557 1440 3605 autem
1472 3559 1526 3604 et
1547 3548 1728 3611 dedit.
1771 3559 1829 3603 ut

253 3660 310 3708 et
334 3649 585 3716 accipiat,
612 3659 772 3715 quem
811 3642 1072 3697 indulsit?
1107 3642 1216 3697 llos
1248 3641 1602 3697 rationabiles
1626 3641 1829 3712 cogita-

255 3753 344 3797 tus
369 3743 568 3797 timens
591 3737 891 3802 Abraham,
927 3734 1170 3806 praecipit
1198 3735 1383 3806 pueris
1407 3743 1745 3805 exspectare,
1775 3742 1832 3800 et

256 3849 442 3890 secum
489 3845 596 3887 non
638 3834 966 3893 ascendere,
1003 3842 1071 3881 ne
1108 3827 1233 3897 quis
1274 3826 1344 3880 ob
1393 3841 1628 3881 amorem
1679 3826 1829 3883 lsaac

257 3925 503 3980 mitteret
548 3936 799 3986 manum,
839 3929 894 3974 et
944 3917 1339 3972 contaminaret
1382 3915 1828 3972 immolationem.

254 4015 397 4084 Quid
427 4023 607 4068 autem
649 4013 775 4082 quia
806 4020 862 4066 et
890 4009 1063 4080 ipsam
1100 4008 1314 4071 Saram,
1347 4013 1507 4075 quam
1539 4019 1668 4077 puto
1698 4006 1832 4062 nihil

261 4105 486 4160 latuisse
511 4118 744 4174 unquam
766 4118 886 4170 qua:
912 4102 1184 4155 Abraham
1222 4098 1528 4169 cogitabat?
1552 4099 1667 4153 haec
1689 4099 1832 4152 enim

259 4196 592 4254 conscientia
620 4195 733 4266 ipsa
762 4193 1034 4248 aestimare
1060 4206 1156 4246 nos
1185 4189 1332 4255 facit,
1359 4205 1480 4259 qua;
1510 4189 1563 4242 in
1596 4189 1688 4243 illo
1717 4197 1836 4253 erat

260 4289 535 4360 coniugio.
568 4285 659 4341 Illa
690 4301 850 4356 quam
892 4284 1022 4339 nihil
1057 4284 1211 4338 latuit
1239 4297 1476 4352 unquam
1513 4295 1631 4350 qna
1657 4283 1831 4337 Abra-

263 4384 389 4436 ham
431 4379 638 4442 l’acere,
673 4387 766 4433 ant
810 4391 1029 4431 movere
1068 4375 1355 4438 voluisset,
1400 4374 1483 4427 vel
1529 4373 1772 4441 cogitare
1818 4392 1831 4430 :

262 4473 351 4530 illa
379 4472 647 4544 ignoravit
674 4470 803 4542 quia
831 4469 1140 4538 unigenitus
1165 4468 1304 4534 ejus,
1350 4465 1455 4521 illia
1496 4467 1696 4521 sterilis
1724 4465 1836 4520 lru-

1930 3307 2139 3355 tantum
2179 3311 2365 3368 grave,
2397 3301 2657 3364 quantum
2683 3291 2861 3347 dulce.
2899 3289 3057 3344 Pater
3082 3287 3250 3358 enim,
3283 3288 3456 3356 inquit
3485 3303 3502 3340 :
3602 3317 3607 3330 ι

1929 3386 2126 3445 sulﬁcit
2158 3389 2263 3443 hoc
2289 3389 2354 3441 ad
2384 3383 2707 3441 ﬂectendum
2739 3392 2948 3452 patrem
2994 3399 3010 3437 :
3057 3379 3259 3451 quique
3287 3389 3342 3434 et
3370 3392 3502 3433 con-

1923 3481 2104 3555 jungit
2134 3479 2235 3533 alia
2265 3489 2320 3533 et
2344 3478 2474 3532 dicit
2507 3494 2522 3530 :
2564 3475 2696 3529 Ecce
2735 3476 2895 3545 ignis.
2929 3489 3050 3528 ecce
3091 3475 3259 3543 tigna,
3307 3471 3397 3524 ubi
3431 3476 3508 3524 est

1930 3573 2040 3625 ovis
2085 3573 2140 3624 in
2176 3569 2499 3638 sacriﬁcium
2545 3567 2632 3620 "1’
2663 3566 2797 3634 Quis
2842 3565 2982 3621 alius
3031 3573 3301 3634 portasset
3341 3561 3504 3615 istam

1932 3661 2154 3716 vocem?
2201 3660 2279 3715 Ex
2331 3658 2451 3713 aliis
2496 3657 2716 3727 quidem
2766 3655 3077 3713 hominibus
3118 3652 3317 3707 nullus.
3359 3648 3512 3706 Iuste

1930 3766 2059 3823 ergo
2106 3751 2248 3806 Deus
2297 3749 2570 3804 Abraham
2621 3746 2828 3803 dilexit.
2878 3742 3275 3801 Adamantinus
3323 3749 3506 3796 autem

1931 3843 2043 3907 ille,
2087 3839 2348 3913 unigeniti
2395 3837 2478 3894 sui
2530 3837 2782 3911 sagittam
2834 3835 3131 3904 accipiens,
3180 3847 3288 3887 non
3333 3831 3507 3886 tacuit

1933 3933 2134 3999 ferens,
2167 3933 2261 3987 sed
2293 3931 2465 4000 potuit
2488 3928 2653 3997 loqui,
2682 3924 2857 3997 potuit
2882 3925 3230 3995 respondere,
3252 3929 3307 3976 et
3332 3933 3508 3990 neque

1933 4025 2170 4094 linguam
2197 4021 2396 4077 oilendi
2427 4020 2679 4075 dentibus
2711 4036 2726 4072 :
2763 4025 2987 4087 potuere
3017 4023 3202 4070 autem
3231 4021 3286 4069 et
3317 4011 3511 4066 dentes

1935 4115 2135 4189 aperiri
2165 4125 2221 4170 et
2247 4117 2380 4168 dare
2409 4111 2646 4183 spatium
2680 4111 2875 4181 lingua:
2915 4123 2930 4162 :
2969 4107 3064 4164 sed
3098 4120 3198 4163 nec
3233 4105 3374 4160 forte
3403 4103 3513 4158 ista

1936 4210 2119 4264 dicere
2147 4211 2213 4264 de
2242 4206 2333 4261 illo
2360 4206 2564 4260 licitum
2596 4212 2700 4258 est.
2731 4201 2846 4257 Non
2872 4202 3021 4257 enim
3049 4215 3116 4256 ex
3152 4198 3238 4256 his
3266 4211 3388 4267 quae
3412 4209 3512 4250 nos

1937 4303 2195 4372 patimur,
2226 4299 2370 4355 illius
2409 4298 2665 4352 virtutem
2712 4306 3035 4351 accusemus
3070 4307 3086 4346 :
3121 4290 3219 4347 sed
3257 4297 3314 4344 et
3354 4287 3519 4343 laetus.

1938 4406 1992 4451 et
2021 4396 2321 4463 exsultans,
2371 4403 2491 4450 erat
2541 4393 2688 4448 enim
2745 4389 3060 4454 Abraham,
3117 4381 3398 4456 respondit
3449 4380 3519 4436 ad

1940 4489 2107 4543 lilium
2135 4504 2242 4544 non
2275 4487 2566 4544 crudeliter
2597 4500 2774 4557 neque
2799 4484 3113 4544 inhumane,
3145 4478 3241 4534 sed
3269 4475 3521 4541 religiose

261 4575 404 4628 (⁵⁸⁸³⁸⁸
441 4563 532 4618 in"
562 4578 628 4617 ⁸⁸
659 4564 931 4635 impera“)
967 4560 1139 4624 mm"
1177 4561 1263 4615 me
1296 4561 1388 4631 qui
1440 4569 1594 4614 “"3
1623 4566 1835 4612 “nam”
1868 4582 1913 4638 D
1941 4589 1996 4633 et
2023 4579 2110 4648 pie
2141 4596 2155 4632 :
2201 4579 2498 4633 dicitenim
2540 4577 2605 4632 ad
2658 4575 2827 4632 lilium
2870 4591 2886 4628 :
2926 4573 3181 4627 Dominus
3228 4568 3522 4639 providebit

263 4664 584 4728 procreatus
614 4665 700 4711 est
734 4674 748 4710 :
785 4655 876 4709 illa
910 4654 1175 4723 ignoravit
1219 4654 1345 4722 quia
1385 4653 1495 4708 Deo
1523 4649 1832 4716 oﬂerretur,

265 4747 356 4819 qui
387 4747 682 4802 donaverat
718 4764 733 4800 :
767 4758 824 4800 ut
856 4760 959 4799 non
991 4745 1132 4799 sicut
1165 4742 1457 4812 aliquando
1480 4743 1598 4796 risit
1631 4743 1836 4810 impor-

267 4851 394 4894 tune
420 4839 473 4892 in
503 4837 858 4906 promissione
882 4836 1018 4905 ejus,
1042 4845 1095 4889 et
1120 4849 1261 4888 nunc
1289 4834 1506 4904 plorans
1533 4834 1838 4902 importune

269 4928 552 5000 impediret
579 4927 1003 4982 immolationem
1040 4945 1052 4981 ε
1087 4925 1182 4980 sed
1221 4924 1381 4979 tacita
1422 4939 1508 4980 res
1549 4934 1633 4979 est
1672 4933 1727 4977 et
1769 4924 1835 4978 ad

271 5021 483 5076 Saram.
518 5018 597 5073 ita
631 5019 774 5073 enim
807 5015 1014 5071 sciebat
1056 5025 1109 5069 et
1137 5015 1444 5081 Abraham,
1477 5023 1530 5068 et
1556 5024 1680 5067 ante
1723 5030 1839 5068 mu-

272 5113 496 5177 lierem,
547 5119 602 5166 et
641 5110 833 5165 Seram
883 5108 1265 5178 praebenorare
1323 5107 1414 5160 Dei
1468 5114 1835 5174 praeceptum;

274 5202 480 5258 sciebat
509 5210 686 5258 autem
718 5211 773 5254 et
803 5209 927 5254 ante
970 5198 1304 5268 unigenitum
1349 5214 1505 5252 suum
1531 5237 1546 5261 ,
1593 5212 1714 5251 eum
1745 5199 1837 5267 qui

275 5296 570 5351 donaverat
601 5296 892 5348 honorare.
929 5291 1036 5347 Sed
1073 5307 1246 5361 neque
1276 5291 1311 5344 ii
1347 5290 1438 5358 qui
1473 5291 1578 5343 iter
1615 5303 1736 5344 cum
1774 5303 1840 5342 eo

275 5388 544 5455 fecerant,
601 5389 844 5445 sciebant
895 5389 1251 5458 mysterium,
1308 5387 1399 5441 sed
1455 5397 1841 5441 sacramentum

286 5499 443 5538 neum
462 5525 477 5547 ,
507 5483 701 5552 inquit,
736 5481 887 5537 mihi.
915 5480 1121 5534 Tamen
1167 5481 1390 5549 cupiens
1415 5478 1690 5533 Abraham
1719 5493 1846 5532 sua-

281 5576 402 5630 .iere
429 5574 609 5644 pueris
636 5584 695 5629 ut
735 5583 1115 5638 remanerent,
1148 5573 1359 5627 locutus
1398 5583 1482 5627 est
1524 5572 1576 5626 id
1617 5572 1684 5625 ad
1725 5585 1840 5637 eos,

284 5667 418 5741 quod
450 5680 549 5721 nec
576 5665 689 5736 ipse
724 5667 992 5737 speravit,
1035 5680 1134 5720 nec
1173 5665 1342 5720 sensit
1378 5683 1391 5719 :
1434 5664 1565 5719 dicit
1603 5665 1744 5720 enim
1777 5666 1844 5721 ad

342 5781 388 5815 "
411 5779 549 5836 Gen.
574 5795 711 5846 xxn,
733 5782 786 5837 5.
849 5781 893 5813 ’⁸
915 5779 1047 5836 Gen.
1075 5796 1210 5845 xan,
1241 5781 1291 5833 7.
1349 5782 1393 5814 ”
1420 5780 1548 5838 ibid.
1571 5782 1626 5840 8.

347 5870 461 5943 αθ)
499 5869 738 5944 Negotio.
771 5872 936 5932 Forte
967 5877 1190 5944 negotia,
1225 5888 1328 5956 res.

1941 4684 2086 4725 ovem
2110 4668 2372 4737 sacriﬁcio
2402 4683 2522 4731 suo,
2553 4667 2632 4734 [ili
2655 4666 2720 4720 η.
2746 4664 2887 4720 Ecce
2915 4662 3017 4719 alia
3057 4659 3343 4737 prophetia
3363 4696 3379 4722 ,
3405 4670 3524 4726 qua:

1941 4759 2011 4815 ab
2039 4775 2104 4816 eo
2137 4763 2230 4830 qui
2260 4761 2469 4816 locutus
2495 4769 2582 4814 est
2603 4799 2620 4826 ,
2654 4757 3005 4827 ignorabatur
3041 4771 3059 4808 τέ
3086 4735 3394 4824 δρροεὶιυιη
3429 4764 3525 4802 au-

1944 4859 2051 4906 tem
2078 4861 2198 4905 erat
2222 4851 2363 4921 quod
2389 4850 2487 4913 ait,
2521 4849 2781 4902 Dominus
2806 4845 3098 4916 providebit
3129 4859 3272 4897 ovem
3312 4837 3525 4910 sacri/i-

1945 4945 2026 4996 cio
2058 4959 2177 5007 suo,
2219 4942 2320 5012 ﬁli.
2365 4942 2519 4996 Sicut
2550 4941 2694 4996 enim
2731 4939 2821 4995 ille
2852 4938 3117 5007 incipiens
3145 4950 3395 4989 sermone
3425 4936 3522 4995 ait,

1945 5048 2094 5106 pater
2121 5051 2139 5090 :
2169 5038 2242 5091 ita
2282 5039 2383 5092 iste
2409 5035 2738 5105 consignaos
2769 5033 3014 5098 verbum,
3057 5029 3207 5093 dicit,
3231 5029 3329 5096 ﬁli.
3360 5026 3523 5080 Audi-

1947 5133 2024 5184 vit
2052 5117 2228 5192 ov€m,
2267 5140 2321 5184 et
2365 5129 2574 5198 accepit
2605 5137 2664 5182 ut
2709 5143 2739 5180 a
2784 5134 2963 5196 patre,
2993 5132 3177 5178 certus
3211 5123 3340 5190 quia
3380 5120 3524 5187 quod

1951 5225 2227 5278 inventum
2301 5223 2518 5278 interim
2593 5235 2699 5274 non
2756 5227 2915 5285 erat,
2973 5217 3327 5270 inveniretur.
3383 5210 3525 5267 Cntu

1949 5325 2129 5370 autem
2174 5317 2550 5386 pervenissent
2596 5314 2662 5367 ad
2717 5313 2927 5376 locutn,
2990 5308 3295 5364 aediﬁcabat
3353 5306 3529 5359 Abra-

1950 5408 2074 5462 ham
2116 5406 2376 5462 festinans
2404 5408 2597 5470 altare,
2656 5416 2708 5460 et
2758 5421 2883 5462 cum
2925 5400 3342 5462 construxisset,
3379 5413 3532 5453 men-

1953 5502 2107 5554 titur.
2153 5503 2218 5555 ad
2268 5501 2435 5556 illium
2499 5498 2855 5569 promissione
2901 5494 3015 5568 (‘21)
3081 5508 3203 5564 quae
3267 5505 3363 5561 per
3420 5488 3531 5545 lino

1952 5606 2109 5661 gnam
2154 5591 2331 5647 fuerat
2386 5590 2550 5647 facta.
2586 5603 2693 5644 non
2759 5597 2938 5643 tamen
2994 5601 3116 5641 eam
3173 5598 3294 5655 qua:
3327 5584 3377 5635 in
3408 5595 3533 5638 cor-

1952 5689 2022 5742 de
2096 5695 2212 5740 erat
2288 5686 2569 5742 absconsa.
2637 5683 2703 5738 Et
2763 5679 2974 5756 accedit
3038 5685 3197 5748 pater
3258 5675 3544 5733 Abraham

2026 5871 2136 5939 (2i)
2173 5867 2548 5927 Bromissionc.
2575 5868 2655 5925 Au
2676 5862 3116 5924 orontissioncntf
