4072 6398
714 417 848 475 1079

1373 413 1636 471 EUSEBII
1675 410 2154 472 CESABIENSiS
2183 411 2331 471 OPP.
2374 410 2552 466 PARS
2589 410 2679 467 Ν.
2718 439 2787 451 --
2822 408 3236 467 DOGMATICA.

3816 410 3950 469 {(50

712 547 763 593 et
804 536 1007 591 accedit
1035 536 1101 586 ad
1123 531 1291 597 Isaac,
1332 542 1386 587 et
1426 534 1555 604 ligat
1590 549 1604 586 :
1639 533 1806 589 illium
1839 534 2109 595 Abraham
2142 533 2261 601 liga-
2294 536 2339 591 Α
2371 539 2592 583 tionem.
2624 530 2846 599 Accepit
2891 527 3165 582 Abraham
3208 526 3510 581 secundum
3559 524 3754 581 ﬁlium.
3782 524 3947 585 Putas

714 628 807 691 vit,
834 642 892 681 ut
919 640 1014 679 nec
1038 624 1320 694 palpitans,
1347 640 1444 679 nec
1465 639 1523 677 se
1552 640 1774 680 movens
1805 627 2040 682 turbaret
2072 626 2263 677 immo-

712 717 982 772 lationem.
1007 715 1143 782 Quo,
1176 726 1350 787 putas,
1379 716 1528 770 vultu
1553 718 1875 786 respiciebat
1905 718 2069 771 lilium
2097 716 2267 772 Abra-

710 808 868 865 ham?
897 810 1018 877 quis
1049 809 1097 863 ei
1134 818 1252 867 erat
1294 808 1479 863 colori
1526 811 1971 879 quemadmodum
2002 810 2119 863 sine
2151 816 2263 863 tre-

706 912 856 954 more
897 913 1089 952 manus
1117 898 1518 963 operabantur?
1554 901 1699 968 quis,
1745 908 1924 969 putas,
1979 909 2104 953 tunc
2149 908 2265 951 erat

706 984 855 1043 Isaac
886 989 936 1042 in
970 990 1053 1043 liis
1081 995 1421 1052 constitutus,
1457 1000 1640 1045 tacens
1697 999 1789 1043 aut
1824 988 2086 1057 loquens?
2114 988 2266 1043 Scri-

705 1088 859 1149 plura
879 1082 1017 1135 enim
1060 1081 1158 1135 hoc
1192 1082 1378 1136 tacuit.
1407 1082 1569 1147 Putas
1608 1082 1729 1152 quia
1760 1082 1919 1150 justis
1950 1082 2001 1133 in
2033 1080 2116 1135 bis
2149 1094 2263 1135 ser-

705 1173 952 1228 monibus
988 1188 1115 1227 usus
1139 1172 1259 1227 est?
1283 1172 1400 1229 Noli
1430 1174 1571 1229 enim
1602 1175 1879 1229 attendere
1912 1174 1958 1228 si
1983 1188 2135 1243 puer,
2168 1173 2261 1227 sed

704 1263 827 1330 quia
862 1263 1009 1317 lsaac
1039 1274 1158 1318 erat
1196 1263 1339 1319 illius
1365 1265 1614 1319 Abrahm.
1660 1266 1824 1319 Putas
1872 1280 1979 1318 non
2014 1265 2148 1317 dixit
2193 1264 2258 1318 ad

703 1361 913 1422 patrem
961 1372 974 1407 :
1009 1358 1225 1424 quando
1250 1356 1389 1411 Deus
1417 1355 1739 1411 sacriﬁcium
1789 1354 2063 1409 hominum
2098 1355 2258 1422 depo—

701 1443 850 1496 scit?
878 1446 1005 1514 quid
1042 1446 1212 1501 facis?
1238 1447 1433 1501 donum
1475 1460 1592 1501 sum
1628 1446 1717 1503 Dei
1764 1447 1923 1502 :sine
1946 1444 2256 1514 paenitentia

700 1539 829 1584 sunt
856 1547 973 1600 quas
1005 1548 1033 1587 a
1075 1532 1183 1589 Deo
1208 1544 1331 1589 sunt
1360 1534 1496 1588 dona
1530 1552 1544 1587 :
1573 1533 1699 1605 quid
1728 1534 1940 1602 spernis
1982 1535 2211 1605 gratiam
2235 1534 2263 1587 ἓ

700 1622 829 1689 quid
856 1637 1042 1679 contra
1085 1626 1409 1680 voluntatem
1445 1624 1696 1680 donantis
1730 1624 1992 1679 interficis
2020 1626 2257 1680 donum?

703 1711 867 1767 Erant
904 1717 1063 1769 multa
1094 1733 1213 1786 qua
1264 1718 1592 1773 dicerentur.
1628 1714 1737 1770 Cur
1762 1726 1940 1768 autem
1982 1724 2036 1768 et
2086 1724 2258 1769 mater

702 1820 806 1858 non
837 1808 1084 1876 agnovit?
1104 1810 1149 1861 si
1175 1810 1315 1862 enim
1344 1808 1663 1863 rationabile
1688 1816 1772 1861 est
1797 1807 1939 1874 quod
1966 1806 2049 1870 lit,
2074 1822 2175 1860 cur
2202 1815 2256 1858 et

698 1914 727 1948 a
760 1900 924 1951 servis
954 1897 1283 1953 abscondisti
1306 1900 1330 1951 ?
1352 1899 1394 1951 si
1420 1908 1599 1952 autem
1628 1908 1679 1950 et
1704 1898 1804 1953 hoc
1848 1895 1964 1953 ﬁeri
2012 1899 2251 1957 deberet.

697 2004 793 2041 cur
820 1990 951 2042 mibi
979 1990 1075 2057 ipsi
1111 1990 1211 2045 hoc
1243 1991 1415 2058 ipsum
1450 2004 1554 2043 non
1589 1988 1760 2055 palam
1800 1988 1976 2040 facere
2004 1986 2257 2041 voluisti?

694 2080 1123 2149 promissionem,
1156 2095 1314 2149 quam
1357 2079 1537 2133 dixisti
1572 2078 1793 2146 exigens
1824 2096 1837 2132 :
1874 2078 2049 2132 dixisti
2084 2078 2253 2143 enim,

693 2170 816 2237 quia
848 2170 987 2223 Deus
1015 2188 1152 2224 orem
1179 2171 1463 2238 providebit
1490 2171 1751 2238 sacriﬁcio
1776 2186 1869 2224 suo
1899 2187 1916 2223 :
1957 2170 2127 2224 fidelis
2170 2185 2253 2234 es,

694 2260 860 2314 redde
911 2261 1142 2315 fructum
1192 2261 1348 2325 fidei,
1413 2273 1613 2331 utpote,
1675 2278 1792 2331 quae
1839 2262 2045 2317 dixisti.
2088 2262 2254 2316 Erant

692 2355 855 2408 multa
892 2371 1009 2423 quae
1042 2357 1363 2409 dicerentur.
1421 2356 1485 2410 Et
1528 2372 1634 2411 non
1667 2357 1852 2426 utique
1895 2372 1957 2410 ea
2004 2371 2123 2427 quae
2153 2370 2253 2410 nos

690 2443 918 2499 dicimus
953 2464 963 2497 :
992 2444 1106 2511 ipsa
1132 2445 1342 2499 etiamsi
1380 2461 1483 2499 non
1509 2446 1613 2499 sint
1644 2446 1867 2516 scripta,
1889 2445 1997 2513 jam
2030 2461 2127 2499 nos
2155 2448 2252 2499 ad-

686 2534 891 2588 ducunt
917 2534 981 2587 ad
1011 2549 1145 2588 rem.
1183 2535 1419 2588 Movetur
1450 2536 1591 2590 enim
1624 2551 1822 2591 sensus
1855 2548 2250 2605 consequenter

683 2634 746 2678 ut
798 2639 917 2678 sese
962 2626 1230 2693 negotium
1286 2626 1467 2691 habet,
1499 2638 1555 2682 et
1588 2627 1940 2682 advenientes
1972 2642 2166 2683 sensus
2194 2628 2247 2682 in

685 2717 779 2771 illo
807 2727 932 2772 tunc
968 2728 1206 2786 tempore
1238 2719 1289 2773 in
1330 2734 1436 2789 quo
1466 2720 1580 2774 haec
1608 2721 1904 2789 agebantur
1928 2724 2244 2793 cogitemus.

683 2804 744 2861 Si
775 2807 943 2862 tacuit
978 2804 1153 2869 lsaac,
1194 2809 1415 2872 grandis
1446 2808 1735 2863 admiratio
1767 2820 1851 2863 est
1893 2827 1907 2864 :
1955 2812 1999 2864 si
2032 2810 2248 2867 dicebat

682 2896 879 2951 iterum
916 2897 1137 2973 aliquid,
1169 2898 1271 2954 alia
1304 2899 1611 2955 admiratio.
1646 2901 2111 2968 Quemadmodum
2149 2918 2245 2969 po.-

679 2990 783 3043 tult
832 2991 1103 3046 sustinere
1154 2992 1342 3061 pater?
1394 2992 1661 3060 quomodo
1706 2992 2000 3047 currebant
2051 3008 2245 3049 manus

679 3080 839 3150 eius?
868 3081 971 3137 Sed
999 3085 1114 3137 ista!
1142 3084 1534 3139 admirationes
1572 3084 1623 3137 in
1652 3082 1771 3137 aliis
1804 3084 2114 3139 hominibus
2145 3084 2244 3139 ha-

682 3171 877 3229 bentur
908 3193 923 3229 :
960 3174 1011 3227 in
1042 3174 1313 3229 Abraham
1353 3183 1530 3229 autem
1564 3173 1840 3228 contraria
1861 3182 1982 3249 erat
2005 3173 2239 3229 admira-
2264 3214 2310 3273 ε

681 3265 773 3319 tio.
804 3264 957 3320 Finis
980 3274 1159 3321 autem
1185 3265 1453 3322 sermonis
1486 3282 1500 3317 :
1534 3264 1673 3319 forte
1700 3274 1957 3335 urgentur
1983 3266 2241 3324 uniuscu-

676 3355 871 3425 jusque
894 3356 1111 3411 viscera
1142 3374 1155 3403 τ
1182 3365 1237 3411 et
1276 3356 1417 3426 quod
1449 3364 1532 3409 est
1561 3356 1862 3411 mirandum
1893 3372 1907 3408 :
1938 3357 2068 3427 quia
2105 3357 2241 3413 certi

676 3458 745 3501 ex
794 3443 1087 3515 Scripturis
1118 3460 1237 3516 qua:
1278 3447 1389 3500 sint
1437 3454 1576 3507 acta,
1608 3456 1661 3499 et
1698 3447 1822 3516 quis
1866 3445 2029 3502 fuerit
2065 3448 2243 3503 exitus

680 3536 1017 3605 negotiorum
1045 3575 1061 3599 ,
1119 3546 1372 3605 tanquam
1414 3535 1788 3603 periclitantes
1831 3550 2117 3599 sermone.
2171 3553 2240 3593 ne

674 3626 803 3693 quid
828 3623 969 3677 aliud
993 3625 1299 3693 proveniret
1326 3625 1466 3693 quod
1500 3634 1580 3678 est
1608 3626 1892 3695 scriptum,
1922 3628 1996 3681 ita
2017 3627 2234 3683 solliciti

674 3726 886 3769 sumus.
928 3713 1206 3779 Completa
1251 3712 1471 3768 fuerunt
1510 3713 1743 3769 Abrahae
1784 3714 1965 3769 omnia
2015 3731 2136 3785 quae
2168 3719 2235 3772 ad

672 3803 1013 3859 alacritatem
1054 3804 1364 3859 tendebant.
1396 3803 1619 3875 Ligatus
1648 3805 1717 3859 ab
1755 3820 1821 3860 eo
1860 3804 2035 3861 fuerat
2068 3807 2229 3873 illius,

669 3903 726 3949 et
744 3895 1009 3949 exaltatus
1037 3894 1088 3947 in
1115 3895 1303 3961 altare,
1328 3906 1380 3951 et
1403 3898 1611 3965 positus
1640 3912 1800 3967 supra
1828 3897 1993 3969 ligna,
2014 3909 2071 3955 et
2093 3899 2234 3956 illius

670 3986 899 4054 desuper
935 3985 1179 4054 alligatus
1209 4004 1223 4041 :
1253 3996 1307 4042 et
1333 3996 1485 4054 pater
1518 3986 1675 4040 velox
1701 4003 1857 4041 manu
1884 3989 2116 4057 gladium
2139 4007 2233 4061 ap-

668 4074 973 4143 prehendit.
997 4074 1111 4140 Quu
1130 4085 1351 4144 accepto
1372 4076 1694 4145 properabat
1709 4078 1977 4143 occidere,
2001 4096 2107 4133 non
2129 4080 2231 4135 dif-

670 4164 851 4218 ferens
885 4166 1085 4233 quippe
1124 4164 1459 4219 alacritatem
1484 4180 1548 4219 ac
1575 4167 1796 4222 donum.
1826 4168 1954 4223 Erat
1974 4182 2151 4225 autem
2176 4181 2232 4227 et

668 4268 829 4310 manu
863 4264 918 4309 et
948 4256 1226 4311 alacritate
1253 4256 1426 4327 patris
1451 4256 1709 4323 Abrahae,
1730 4258 1819 4313 Dei
1845 4260 2079 4317 velocior
2106 4277 2225 4320 vox.

664 4346 938 4402 Abraham
956 4348 1053 4419 {qui
1088 4346 1374 4403 alacritate
1396 4360 1769 4417 praeessent,
1793 4361 2064 4421 praecepto
2093 4368 2228 4422 prm-

662 4450 856 4492 ventus
885 4446 967 4491 est
1007 4438 1122 4493 Dei.
1151 4438 1439 4502 Abraham,
1476 4440 1779 4493 Abraham:
1812 4442 1893 4495 bis
1926 4442 2098 4495 utitur
2130 4460 2225 4499 vo-

2372 621 2639 684 tristatus,
2682 620 2811 689 quia
2877 634 2988 673 non
3048 618 3275 687 perfecit
3327 628 3641 687 promptum
3701 620 3944 673 animum

2374 713 2571 765 suum?
2602 711 2695 765 sed
2752 711 3023 766 Abraham
3058 721 3161 771 est,
3207 711 3381 765 nescit
3434 710 3668 767 tristari.
3724 710 3945 779 Ignorat

2366 802 2714 871 praescribere
2740 802 2791 855 id
2817 802 2958 869 quod
3001 800 3239 867 gaudens
3270 801 3480 868 accepit
3510 817 3523 853 :
3554 816 3660 853 non
3688 803 3819 869 quia
3839 817 3941 857 non

2364 894 2578 949 obtulit.
2612 894 2753 948 Deus
2793 894 3069 962 pracepit,
3115 892 3353 961 gaudens
3400 894 3597 947 obtulit
3632 911 3645 945 :
3682 897 3778 950 sed
3815 895 3939 961 quia

2363 986 2416 1040 in
2444 986 2590 1039 nullo
2648 985 2963 1040 inobediens
3008 984 3129 1039 fuit.
3183 979 3283 1037 Ubi
3336 998 3465 1052 ergo
3513 994 3599 1038 est
3648 984 3938 1052 prophetia

2362 1092 2521 1147 quam
2556 1077 2630 1129 ait
2661 1076 2961 1138 Abraham,
3008 1072 3145 1128 Deus
3197 1074 3487 1139 providebit
3530 1076 3806 1142 sacriﬁcio
3846 1091 3937 1128 suo

2361 1170 2541 1223 ovem?
2570 1166 2705 1221 Num
2737 1168 2969 1222 Otiosum
3002 1166 3105 1219 erit
3155 1165 3355 1217 altare?
3392 1163 3527 1217 Num
3585 1181 3822 1219 vacuum
3861 1177 3937 1221 tn-

2362 1268 2471 1313 tum
2502 1257 2642 1327 quod
2672 1259 2869 1311 factum
2909 1258 3027 1311 est?
3052 1256 3186 1323 Quid
3220 1268 3393 1310 autem
3424 1272 3559 1323 Opus
3598 1266 3722 1311 erat
3762 1260 3932 1314 videri

2359 1350 2544 1405 ludere
2576 1349 2784 1404 Deum?
2811 1348 2865 1403 Si
2894 1348 3037 1403 enim
3068 1350 3167 1403 iste
3197 1349 3409 1418 quidem
3437 1362 3539 1400 nou
3579 1346 3930 1414 offerebatur,

2359 1440 2502 1495 Deus
2538 1452 2713 1497 autem
2762 1441 3018 1509 praecepit
3062 1456 3185 1495 eum
3233 1439 3439 1503 olferri,
3477 1439 3695 1493 oblatus
3726 1451 3928 1505 autem,

2360 1549 2464 1587 non
2493 1543 2579 1587 est
2604 1533 2812 1587 oblatus
2849 1552 2861 1587 :
2898 1534 3025 1601 quid
3051 1534 3415 1587 necessarium
3442 1542 3559 1585 erat
3590 1532 3641 1584 in
3675 1548 3732 1586 re
3759 1550 3773 1585 :
3805 1533 3930 1598 quid

2360 1626 2731 1678 necessarium
2783 1624 2950 1678 erat?
2990 1625 3274 1692 oportean
3337 1623 3677 1691 praeformari
3720 1622 3926 1678 Novum

2360 1713 2767 1770 Testamentum
2802 1730 2831 1768 a
2858 1714 3051 1769 Vetere
3074 1714 3168 1770 ἶφι
3189 1715 3326 1779 apud
3350 1714 3563 1767 Judaeos
3594 1715 3816 1781 quidem
3844 1724 3931 1768 aut

2361 1819 2526 1873 parva
2557 1805 2908 1859 inveniuntur
2942 1806 3044 1859 ista
3074 1814 3164 1857 aut
3188 1806 3383 1858 otiosa.
3409 1804 3463 1857 Si
3507 1816 3689 1859 autem
3722 1804 3926 1860 Novum

2362 1896 2599 1948 additum
2658 1894 2820 1949 fuerit
2862 1896 3292 1958 Testamentum,
3323 1905 3377 1948 et
3430 1896 3609 1950 lumen
3667 1897 3927 1951 eﬂ'nlserit

2360 2000 2579 2051 verum;
2610 1988 2897 2041 utilissima
2929 1998 2982 2042 et
3032 2002 3134 2041 non
3173 1986 3366 2050 utiosa,
3408 1996 3464 2040 et
3516 1989 3829 2042 necessaria
3875 1998 3926 2043 et

2357 2093 2462 2131 non
2481 2077 2745 2147 soperﬂua
2777 2080 3125 2147 apparebunt.
3147 2076 3202 2132 Si
3230 2079 3372 2132 enim
3398 2088 3453 2132 et
3483 2080 3920 2147 interrogaveri-

2357 2184 2476 2223 ηας
2504 2168 2739 2232 Judteos,
2771 2181 2828 2223 ut
2858 2170 2984 2238 quid
3032 2168 3361 2224 oderebatur
3388 2169 3536 2223 Isaac
3574 2170 3667 2237 qui
3712 2186 3819 2224 non
3846 2178 3922 2224 est

2354 2260 2585 2323 oblatus,
2618 2260 2810 2315 incerti
2840 2269 2966 2315 sunt
2999 2270 3053 2315 et
3089 2262 3476 2329 imprudentes.
3524 2260 3580 2315 Si
3609 2274 3791 2317 autem
3826 2262 3921 2318 Ec-

2353 2352 2517 2407 clesia
2552 2354 2749 2407 dixerit
2780 2370 2900 2422 quae
2928 2368 3052 2408 vera
3099 2364 3249 2419 sunt,
3282 2356 3403 2423 quia
3438 2356 3652 2408 oblatus
3684 2366 3767 2407 est
3817 2371 3917 2411 non

2353 2453 2411 2497 trs
2444 2442 2752 2507 oﬂ'erretur,
2783 2446 2876 2499 sed
2912 2455 2969 2498 ut
2997 2457 3276 2513 appareret
3305 2446 3428 2514 quia
3469 2448 3587 2500 ovis
3618 2446 3761 2517 ligno
3789 2461 3919 2516 pen-

2354 2534 2515 2591 debat
2545 2551 2641 2604 pro
2667 2538 2905 2603 nomine,
2954 2547 3010 2592 ut
3043 2537 3368 2592 liberaretur
3397 2538 3559 2591 homo
3611 2554 3641 2593 a
3700 2548 3913 2593 morte:

2350 2644 2455 2683 non
2485 2630 2785 2683 concedunt
2833 2631 2991 2685 nobis
3020 2629 3189 2685 Judai
3243 2631 3595 2701 magnificare
3633 2640 3787 2686 vetus
3824 2646 3917 2702 per

2348 2720 2681 2790 agnitionem
2707 2722 2850 2775 novi.
2879 2720 3332 2791 lnterrogavimns
3357 2722 3500 2776 enim
3517 2737 3634 2787 eos,
3659 2737 3825 2791 quam
3848 2723 3913 2777 ob

2347 2826 2566 2866 causam
2599 2812 2715 2866 haec
2747 2812 2927 2866 omnia
2981 2813 3180 2868 fiebant
3225 2829 3239 2865 :
3286 2813 3500 2868 oblatus
3533 2830 3639 2867 non
3668 2813 3911 2870 offertur.

2346 2900 2451 2971 Sed
2483 2903 2685 2967 dicent,
2719 2912 2777 2956 ut
2812 2914 3195 2973 agnosceretur
3226 2906 3501 2959 Abraham
3525 2921 3552 2958 a
3592 2904 3724 2961 Deo.
3753 2904 3910 2959 Late-

2345 2978 2437 3049 bat
2462 2996 2603 3049 enim
2631 3010 2752 3049 eum
2792 3006 2846 3051 et
2874 3006 3001 3049 ante
3031 2998 3379 3053 tentationem
3397 2997 3421 3049 ἵ
3442 2998 3549 3051 Sed
3573 3008 3629 3051 ut
3654 2998 3721 3051 ab
3743 2998 3912 3053 homi-

2345 3084 2525 3138 nibus.
2560 3084 2731 3140 Erant
2758 3085 2878 3153 ejus
2905 3096 2961 3142 et
2993 3087 3113 3142 alia:
3138 3088 3463 3143 tentationes
3484 3088 3733 3157 plurima
3762 3104 3778 3141 :
3815 3105 3908 3161 pe-

2344 3184 2428 3231 tas
2470 3178 2593 3245 quia
2619 3185 2677 3230 ut
2708 3177 2940 3233 sciretur
2986 3179 3117 3233 nihil
3166 3181 3225 3233 tit
3264 3179 3529 3248 amplius?
3563 3190 3624 3234 ut
3676 3182 3909 3237 lucrare-

2346 3280 2469 3321 mur
2493 3265 2584 3333 qui
2612 3276 2735 3333 post
2768 3266 2884 3322 hac
2926 3268 3115 3324 lucrati
3162 3270 3385 3323 sumus?
3413 3268 3551 3336 Quid
3601 3285 3740 3340 opus
3794 3280 3908 3326 erat

2342 3356 2482 3411 ove?
2510 3366 2637 3426 puta
2663 3356 2791 3425 quia
2819 3366 2874 3413 et
2914 3373 3018 3414 ove
3046 3377 3060 3414 :
3092 3376 3188 3417 cur
3240 3377 3345 3415 non
3383 3371 3569 3417 taurus
3614 3361 3909 3431 apparuit?

2341 3461 2441 3501 cur
2499 3462 2603 3501 non
2656 3462 2819 3517 capra
2865 3459 2959 3504 aut
2994 3452 3235 3506 vitulus?
3264 3469 3363 3507 cur
3411 3468 3520 3507 non
3576 3454 3681 3507 alia
3717 3467 3904 3523 magna

2341 3536 2664 3602 immolatio,
2694 3540 2786 3593 sed
2833 3541 3145 3609 ovisiputa
3197 3547 3318 3612 quia
3372 3544 3511 3597 ovis.
3565 3543 3677 3600 Cur
3710 3560 3815 3599 nou
3852 3545 3903 3599 in

2340 3639 2481 3683 terra
2509 3631 2621 3685 visa
2668 3645 2745 3689 est
2781 3634 2938 3689 ovis?
2990 3653 3091 3691 cur
3121 3653 3226 3691 non
3261 3646 3414 3692 extra
3464 3638 3657 3701 altare,
3702 3649 3794 3692 aut
3851 3639 3899 3693 in

2336 3722 2583 3774 cominus
2610 3726 2859 3792 apparuit
2879 3724 3083 3781 altari?
3119 3728 3174 3783 Si
3202 3729 3418 3799 quidem
3453 3726 3737 3783 hominum
3765 3738 3901 3785 esset

2336 3808 2653 3867 adinventio
2683 3820 2778 3865 aut
2810 3816 3132 3881 compositio
3181 3816 3249 3872 de
3293 3831 3416 3881 ove,
3444 3819 3736 3887 oportebat
3775 3818 3899 3874 alibi

2336 3896 2592 3955 inveniri.
2623 3899 2681 3956 Si
2710 3911 2889 3959 autem
2922 3904 3065 3961 Dens
3112 3923 3207 3977 pro
3237 3908 3459 3963 homine
3493 3904 3677 3964 oveni‘
3693 3910 3893 3979 praebe.

2332 3990 2445 4055 bat,
2463 3991 2642 4047 subito
2669 3992 2722 4048 in
2755 3995 2871 4064 ipso
2900 3996 3018 4052 loco
3040 4000 3223 4055 debuit
3249 4000 3338 4054 ubi
3356 4011 3475 4055 erat
3502 3986 3677 4069 Isaac,
3704 4003 3756 4056 in
3787 4002 3891 4073 ipse

2332 4082 2526 4142 altare,
2559 4093 2648 4137 aut
2701 4085 2753 4138 in
2792 4096 2954 4151 terra,
2987 4092 3256 4159 autjuxta
3288 4093 3483 4155 altare,
3532 4102 3629 4146 aut
3678 4093 3892 4164 ligatum

2331 4174 2398 4229 ad
2425 4174 2655 4229 radicem
2697 4178 2927 4233 arboris.
2964 4179 3118 4236 Nunc
3152 4192 3330 4237 autem
3375 4194 3608 4252 apparet
3649 4189 3768 4238 ovis
3809 4198 3893 4238 su-

2330 4278 2553 4333 spensa,
2590 4276 2646 4323 et
2686 4284 2714 4323 a
2748 4272 3028 4336 cornibus,
3061 4285 3117 4330 et
3142 4288 3404 4343 suspensa
3432 4277 3489 4329 in
3520 4276 3741 4331 arbore.
3786 4273 3889 4330 Na-

2331 4364 2450 4411 tura
2490 4368 2671 4415 autem
2694 4361 3156 4432 interpretabatur
3185 4366 3326 4437 quod
3359 4377 3481 4420 erat
3512 4366 3809 4422 occultum.
3836 4366 3888 4422 Si

2330 4448 2453 4516 quis
2481 4449 2625 4505 enim
2658 4456 3004 4522 suspenderit
3038 4471 3195 4512 ovem
3228 4473 3257 4511 a
3292 4458 3556 4514 cornibus
3584 4458 3640 4511 in
3680 4460 3886 4520 arbore.

660 4541 747 4591 ce,
780 4529 907 4598 quia
932 4529 1079 4583 etab
1111 4530 1267 4585 initio
1293 4531 1543 4600 praecepti
1590 4548 1606 4587 :
1647 4531 1773 4601 quia
1808 4533 1951 4587 enim
2003 4534 2141 4589 forte
2170 4544 2226 4590 et
2254 4543 2301 4604 ι)
2330 4537 2382 4592 id
2418 4540 2558 4609 quod
2588 4547 2855 4613 sequitur,
2891 4548 3100 4603 videbit
3126 4548 3266 4617 quod
3298 4559 3418 4606 erat
3468 4548 3736 4605 futurum.
3791 4548 3887 4605 Ne-

662 4618 909 4675 dubitare
938 4620 1088 4690 (22):
1122 4621 1213 4676 sed
1241 4622 1503 4691 praevenit
1548 4624 1641 4692 qui
1683 4626 1938 4693 praecepit
1973 4644 1986 4679 :
2030 4627 2218 4682 eadem

658 4713 827 4767 utitur
846 4727 1002 4769 voce.
1035 4712 1187 4768 Sicut
1210 4715 1355 4769 enim
1382 4716 1516 4769 dixit
1550 4725 1729 4777 antea,
1751 4716 2036 4781 Abraham,
2059 4719 2223 4772 Abra-

660 4804 802 4867 ltuttt,
834 4806 1012 4869 accipe
1026 4805 1194 4873 ﬁlium
1227 4815 1375 4859 tuum
1406 4808 1725 4873 unigenitum
1772 4809 1929 4862 Isaac
1957 4825 2106 4878 quem
2133 4810 2220 4863 di-

654 4894 830 4946 lexisti
859 4912 879 4951 :
914 4894 985 4949 ita
1013 4903 1070 4948 et
1092 4895 1237 4957 istic,
1262 4894 1549 4960 Abraham,
1581 4895 1867 4952 Abraham.
1920 4897 2036 4967 Ipse
2068 4901 2215 4955 enim

654 4985 744 5050 qui
774 4984 860 5037 illa
888 4986 1161 5054 praeepit,
1191 4995 1246 5040 et
1279 5000 1423 5039 nunc
1470 4984 1738 5053 loquitur,
1787 5000 1844 5043 et
1893 4989 2046 5052 dicit.
2083 4988 2215 5045 Noli

652 5076 951 5145 contingere
969 5075 1141 5143 ﬁlium
1167 5087 1313 5128 tuum
1345 5076 1391 5109 ’°
1419 5094 1434 5130 :
1474 5076 1645 5132 habeo
1673 5080 1898 5147 donum,
1917 5082 2054 5136 habe
2076 5094 2129 5137 et
2158 5092 2213 5135 tu

650 5165 841 5219 filium.
873 5166 1122 5221 Secundo
1145 5166 1237 5219 tibi
1260 5178 1316 5221 et
1342 5166 1446 5221 hoc
1472 5184 1665 5223 munus
1695 5170 1853 5224 dono.
1886 5170 2092 5227 Eﬂ'ulsit
2122 5182 2213 5227 tua

643 5256 911 5323 'cltaritas,
940 5258 1119 5327 agnita
1150 5268 1233 5313 est
1262 5259 1396 5313 ﬁdes
1427 5270 1539 5313 tua.
1575 5260 1744 5314 Erunt
1797 5264 1895 5316 ista
1929 5280 2049 5332 quae
2097 5280 2125 5317 a
2160 5275 2213 5320 te

651 5360 770 5407 acta
807 5365 954 5416 sunt,
1016 5353 1323 5408 adhortatio
1357 5370 1545 5409 eorum
1579 5355 1671 5425 qui
1703 5366 1823 5426 post
1868 5356 2033 5414 futuri
2081 5371 2209 5415 sunt

653 5451 723 5495 te.
760 5442 1144 5497 Decantabitur
1179 5444 1229 5497 id
1255 5444 1399 5513 quod
1435 5444 1634 5510 fecisti,
1672 5446 1722 5499 in
1751 5450 2033 5517 progenies
2058 5448 2205 5503 futu-

648 5548 756 5587 ras.
794 5533 971 5587 Habes
1002 5532 1232 5588 fructum
1258 5534 1400 5597 fidei,
1439 5535 1608 5591 babes
1640 5546 1694 5591 ct
1718 5536 1946 5593 fructum
1979 5543 2201 5607 ventris,

646 5621 815 5679 habes
841 5634 895 5678 et
918 5624 1118 5680 sterilis
1145 5626 1337 5692 illium,
1368 5625 1534 5683 babes
1562 5636 1619 5682 et
1642 5642 1708 5683 ex
1739 5629 1910 5686 altare
1956 5631 2199 5688 immola-

717 5720 764 5753 ⁸⁸
796 5718 936 5777 Gen.
966 5737 1101 5790 xxii,
1130 5722 1217 5779 l2.

716 5814 827 5886 ξεί)
864 5814 1133 5873 Dubitare.
1170 5816 1329 5875 Forte
1354 5822 1635 5877 dubitant.

2328 4645 2479 4689 cosse
2494 4635 2636 4690 enim
2662 4647 2744 4692 est
2771 4639 2926 4697 istam
2955 4643 3169 4710 quaita
3197 4643 3392 4713 pendet
3412 4643 3464 4696 in
3497 4642 3697 4698 arbore
3713 4658 3881 4705 ovem,

2324 4736 2602 4793 separatos
2634 4731 2939 4799 expandere
2974 4732 3138 4801 pedes
3168 4734 3408 4801 priores:
3437 4733 3541 4787 hoc
3556 4733 3705 4788 enim
3723 4748 3882 4804 expe-

2324 4815 2532 4873 ditovis
2563 4834 2683 4889 qua
2726 4820 2804 4875 ita
2858 4815 3229 4893 suspenditur.
3284 4821 3520 4879 Necesse
3547 4834 3635 4879 est
3659 4825 3801 4879 enim
3830 4834 3881 4880 et

2322 4909 2562 4977 separari
2588 4909 2703 4977 ejus
2728 4912 2820 4981 qui
2868 4914 3117 4967 deorsum
3155 4923 3281 4969 sunt
3320 4915 3508 4985 pedes.
3550 4914 3689 4971 Cum
3725 4916 3879 4986 igitur

2320 5002 2439 5056 ovis
2464 5017 2734 5072 suspensa:
2760 5005 2812 5059 in
2841 5004 3007 5074 ligno,
3040 5006 3173 5061 etin
3204 5007 3394 5061 arbore
3410 5022 3664 5075 expansa:
3692 5009 3877 5064 fuerint

2321 5105 2513 5145 manus
2536 5103 2591 5147 et
2623 5094 2811 5161 pedes,
2857 5108 3033 5164 neque
3060 5095 3512 5165 interpretatione
3556 5098 3801 5168 indigent
3826 5097 3873 5153 bl

2316 5182 2408 5248 qni
2443 5181 2645 5237 habent
2677 5184 2865 5239 oculos
2895 5186 3114 5240 mentis.
3148 5184 3255 5241 Sed
3284 5188 3408 5256 quis
3433 5195 3517 5243 est
3536 5188 3631 5256 qui
3665 5187 3871 5253 peridi-

2319 5274 2533 5328 tabatur
2551 5274 2757 5330 occidit
2812 5276 2994 5333 homo.
3056 5275 3194 5343 Quid
3225 5288 3308 5337 est
3336 5278 3477 5348 quod
3525 5294 3622 5348 pro
3668 5280 3871 5334 homine

2313 5362 2730 5421 immolabatur?
2778 5367 2897 5423 ovis
2924 5383 3186 5437 suspensa
3231 5370 3283 5423 in
3317 5370 3479 5439 ligno.
3511 5370 3790 5439 Tanquam
3828 5368 3866 5425 si

2314 5455 2516 5509 diceret
2544 5455 2689 5512 Deus
2715 5456 2782 5511 ad
2812 5457 3083 5519 Abraham
3118 5458 3269 5513 :Non
3302 5469 3424 5514 tuus
3451 5460 3760 5530 unigenitus
3786 5473 3867 5514 ne-

2311 5547 2586 5602 cessarius
2622 5564 2635 5601 :
2668 5550 2759 5604 sed
2788 5560 2969 5604 currat
3000 5550 3219 5621 quidem
3256 5550 3427 5605 forma
3454 5566 3550 5619 per
3575 5562 3867 5617 tuum,ser-

2310 5647 2469 5692 vetur
2496 5650 2677 5695 autem
2715 5655 2839 5698 nico
2864 5640 3151 5713 Uuigenito
3182 5643 3324 5713 quod
3347 5641 3425 5697 iit.
3454 5640 3530 5700 ιιι
3560 5645 3681 5700 ovis
3713 5657 3864 5716 appa-

4004 5468 4013 5813 ι
