4072 6442
189 421 342 481 1081

1342 421 1433 476 DE
1473 417 2082 476 BESURRECTIONE.
2124 451 2195 463 —
2233 418 2364 474 LIB.
2406 418 2451 476 l.

3348 410 3488 469 i089

160 539 282 593 ruit
318 550 434 606 pro
468 538 722 601 homine.
753 546 810 595 et
842 538 946 596 hoc
985 537 1039 593 in
1071 538 1240 610 ligno,
1283 549 1338 594 et
1375 540 1480 592 hoc
1507 552 1794 606 suspensa,
1827 541 1872 596 Α
1902 546 2081 590 autem
2113 536 2321 591 electus
2351 535 2442 590 ille
2474 543 2530 590 et
2563 536 2654 605 qui
2699 544 2828 590 ante
2870 532 3014 588 Esau
3046 531 3226 588 factus
3261 540 3368 595 est,
3399 532 3484 586 vi-

157 637 222 686 es
252 630 368 687 hoc
394 634 564 700 cuius
588 632 866 688 haeserant
901 647 1092 688 manus
1133 642 1189 687 et
1241 633 1408 704 pedes
1439 642 1702 701 tauquam
1736 632 1788 686 in

159 737 352 778 cruce
391 740 408 776 :
437 734 502 780 et
529 725 812 795 prophetia
856 725 1091 780 Abrahze
1121 724 1354 780 efficitur
1385 723 1606 794 duplex.
1639 720 1793 790 Quod

159 815 326 870 enim
362 815 474 882 ait,
521 815 666 872 Deus
700 819 987 884 providebis
1030 833 1171 871 ouem
1217 817 1508 883 sacriﬁcio,
1557 815 1636 883 ﬁli
1675 829 1695 868 :
1741 820 1797 869 et

165 917 312 964 tunc
345 911 492 976 quid
522 911 848 978 completum
873 921 957 964 est
987 910 1038 963 in
1068 909 1496 977 comparatione,
1537 907 1795 961 servaba-

167 1007 270 1052 tur
296 1009 502 1055 autem
533 1001 585 1053 in
615 999 873 1071 mysterio
906 999 1142 1053 Verilali.
1173 999 1310 1064 Quid
1350 997 1513 1067 igitur
1555 996 1656 1052 sibi
1684 994 1798 1047 vult

168 1088 288 1145 iste
322 1106 526 1146 sermo
556 1093 842 1147 incurrens
870 1091 1160 1146 ostendere
1203 1089 1328 1159 quia
1374 1089 1651 1144 Abraham
1683 1083 1795 1157 (23)

177 1187 369 1234 totam
416 1197 578 1237 suam
615 1182 780 1235 vitam
813 1181 1070 1250 transegit
1113 1181 1164 1234 in
1208 1181 1494 1251 angustiis,
1528 1180 1582 1233 iu
1619 1190 1799 1234 tenta-

173 1267 473 1336 tiouibus,
505 1272 556 1326 in
583 1271 882 1327 doloribus.
913 1271 969 1325 Si
991 1272 1136 1327 enim
1170 1273 1220 1326 in
1250 1274 1352 1344 ista
1382 1273 1492 1326 vita
1518 1287 1668 1340 spem
1705 1270 1802 1325 ha-

173 1363 376 1426 beret,
416 1363 709 1418 fraudatus
747 1372 891 1419 esset
921 1379 950 1417 a
1002 1379 1120 1433 spe.
1170 1364 1304 1420 Cum
1360 1364 1524 1434 igitur
1584 1361 1800 1433 gloriati

176 1453 412 1509 fuerint
445 1453 616 1510 Judaei
668 1457 721 1510 iu
769 1455 1067 1517 Abraham,
1100 1456 1480 1510 necessitatem
1527 1455 1802 1510 habebunt

174 1557 235 1600 et
279 1547 754 1602 resurrectionem
777 1548 1044 1602 confiteri.
1075 1547 1188 1602 Hoc
1214 1549 1279 1600 ad
1309 1548 1451 1603 illam
1480 1547 1805 1601 Sadducaeo—

179 1652 319 1691 rnm
375 1649 622 1708 partem,
671 1638 762 1705 qui
819 1646 1022 1708 negant
1073 1651 1300 1706 prorsus
1345 1637 1802 1690 resurrectionem

179 1727 474 1792 futuram,
505 1741 654 1784 recte
679 1729 974 1784 diceretur.
1002 1729 1138 1796 Quia
1169 1740 1348 1783 autem
1379 1727 1483 1781 alia
1524 1743 1672 1797 pars,
1702 1728 1806 1781 hoc

178 1830 277 1874 est
331 1820 767 1884 Pharistcorutn,
806 1821 1261 1876 resurrectionem
1307 1819 1528 1889 quidem
1575 1819 1805 1873 conﬁte-

182 1919 311 1978 tur,
352 1914 820 1968 resurrectionem
849 1923 1031 1967 autem
1065 1913 1228 1968 talem
1275 1912 1410 1966 dicit
1452 1910 1713 1973 futuram,
1745 1918 1804 1962 ιιι
1835 1891 1879 1952 Β
1911 1919 2102 1973 Dieant
2130 1914 2298 1984 igitur
2328 1914 2484 1968 nobis
2510 1910 2680 1966 Judaei

185 2003 409 2060 iterum
439 2007 799 2059 mauducetur
831 2015 887 2058 et
918 2004 1153 2068 bibatur,
1201 2012 1256 2056 et.
1281 2001 1548 2072 coniugiis
1588 2010 1804 2068 utatur;

185 2103 256 2149 ut
295 2111 374 2151 ne
399 2096 616 2165 quidem
647 2107 993 2166 resurgentes
1038 2104 1257 2151 cessent
1303 2097 1699 2150 mauducantes
1751 2103 1807 2149 et

186 2185 485 2253 bibentes,
507 2195 560 2241 et
591 2189 858 2258 coniugiis
881 2203 939 2242 se
971 2189 1365 2259 coniungentes
1391 2207 1404 2243 :
1438 2199 1632 2242 venter
1656 2187 1803 2243 enim

189 2279 387 2347 magis
409 2287 535 2335 sunt
555 2295 716 2350 quam
749 2279 1017 2334 homines.
1061 2280 1124 2334 Et
1154 2282 1294 2335 sicut
1319 2279 1538 2350 quidam
1569 2280 1809 2334 morien-

191 2371 346 2424 tium
379 2371 470 2439 qui
505 2381 632 2426 aute
684 2369 837 2426 fuere
871 2372 923 2425 in
974 2371 1189 2427 deliciis
1244 2373 1568 2435 viventium,
1607 2381 1806 2442 putant

192 2472 336 2514 esse
374 2458 630 2513 fraudare
654 2459 771 2529 (24)
799 2462 899 2516 ista
929 2462 1038 2516 vita
1074 2461 1125 2516 in
1162 2473 1357 2527 morte,
1387 2463 1442 2517 in
1483 2477 1808 2517 monumen-

196 2549 308 2612 tis,
340 2559 400 2604 et
428 2551 572 2605 circa
603 2550 800 2621 ianuas
833 2553 1209 2623 sepulcrorum
1265 2557 1589 2625 semetipsos
1617 2555 1796 2625 depin-

196 2651 370 2711 gunt,
401 2651 456 2695 et
479 2641 565 2695 vel
599 2644 651 2697 in
683 2644 1026 2713 imaginibus,
1057 2657 1112 2701 et
1163 2657 1285 2717 post
1310 2658 1543 2702 mortem
1577 2647 1808 2710 mandu-

197 2741 382 2788 cant:
416 2732 491 2786 ita
525 2742 580 2788 et
604 2732 917 2790 Iudaeorum
969 2737 1230 2794 Pharisaei
1257 2738 1446 2794 volunt
1475 2750 1526 2794 et
1559 2749 1683 2809 post
1722 2752 1808 2792 re-

197 2825 614 2880 surrectionem
645 2835 900 2896 tanquam
922 2826 1120 2899 depicti
1154 2831 1351 2884 iterum
1391 2833 1730 2885 manducare
1754 2838 1808 2884 et

202 2913 433 2984 bibere,
467 2927 522 2972 et
547 2919 676 2974 nubi
708 2929 764 2974 et
792 2920 1018 2975 nubere.
1071 2921 1419 2977 Recumbunt
1463 2925 1609 2976 enim
1638 2932 1693 2977 et
1721 2924 1807 2992 pi-

200 3010 390 3064 cturis
422 3010 563 3079 apud
614 3011 946 3075 istiusmodi,
972 3023 1024 3068 et
1056 2997 1312 3070 meliores
1365 3031 1478 3070 sua
1527 3015 1663 3087 (25).
1699 3015 1807 3070 Nos

203 3111 396 3157 autem
429 3103 788 3173 prtesiliamus
811 3106 880 3160 ad
929 3105 982 3160 id
1033 3108 1178 3177 quod
1225 3123 1412 3161 verum
1439 3120 1541 3163 est.
1571 3109 1629 3163 Si
1660 3111 1806 3165 enim

209 3193 347 3249 talis
392 3204 540 3250 esset
566 3198 919 3262 resurrectio,
948 3212 1340 3255 excusaremus
1374 3201 1564 3270 utique
1617 3217 1805 3256 resur-

1897 629 2033 700 ginti
2068 638 2122 684 et
2170 644 2339 682 unum
2396 643 2569 682 annos
2638 627 2851 689 serviit,
2902 638 3029 681 tunc
3081 624 3324 680 maxime
3354 636 3483 678 cum

1897 720 2265 776 adolescentia
2300 719 2350 775 ei
2381 720 2544 790 dabat
2573 719 2779 789 epulari
2813 738 2828 774 :
2869 729 2925 773 et
2969 720 3024 772 in
3081 716 3322 788 paternis
3353 715 3483 769 dum

1898 823 2101 883 ageret.
2135 822 2424 882 suspectus
2458 822 2574 866 erat
2609 827 2675 866 ne
2709 813 3055 867 occideretur
3091 826 3121 864 a
3159 809 3330 864 fratre
3363 823 3380 860 :
3433 815 3492 864 et

1899 905 1954 960 in
1988 906 2162 960 soceri
2195 907 2356 958 domo
2388 919 2580 958 servus
2637 920 2650 958 :
2699 905 2752 959 in
2807 905 3002 959 itinere
3039 913 3218 957 autem
3253 901 3485 970 lapidem

1899 1001 2053 1068 ponit
2083 998 2185 1052 sub
2215 998 2393 1064 capite
2448 1013 2566 1061 suo,
2600 1007 2654 1051 et
2699 1014 2822 1051 cum
2867 999 3016 1069 virga
3059 997 3171 1050 sola
3227 994 3490 1048 ambulat.

1899 1088 2026 1143 Haec
2053 1089 2356 1142 nuditatem
2385 1088 2605 1156 quidem
2638 1087 2950 1156 signiﬁcant
2991 1087 3163 1154 ipsius
3193 1083 3432 1140 heminis
3469 1099 3486 1137 :

1901 1189 2249 1236 sacramenta
2277 1192 2456 1232 autem
2504 1195 2626 1248 quze
2666 1194 2759 1249 per
2786 1177 2954 1234 Jacoh
2994 1180 3220 1240 ﬁebant,
3279 1186 3490 1247 petram

1901 1281 2314 1340 supportantem
2345 1279 2510 1339 caput
2542 1269 2691 1337 eius,
2719 1271 2811 1340 qui
2855 1271 3290 1341 persecutionem
3322 1269 3493 1338 patie-

1904 1362 2105 1415 batur:
2143 1368 2200 1414 et
2232 1360 2382 1428 virga
2420 1362 2472 1414 in
2508 1376 2669 1413 manu
2703 1361 3002 1416 ostendens
3052 1362 3194 1411 viam
3245 1359 3492 1427 fugienti.

1905 1459 2017 1526 Ego
2043 1469 2174 1510 sane
2203 1454 2380 1508 audivi
2411 1452 2578 1509 Jacob
2604 1436 3042 1528 dicentem,quia
3066 1470 3153 1518 per
3179 1453 3317 1505 diem
3340 1468 3496 1505 com-

1902 1549 2013 1603 edit
2054 1563 2172 1600 eum
2213 1547 2374 1597 artior
2409 1544 2575 1605 solis;
2615 1553 2666 1598 et
2712 1546 2880 1613 frigus
2929 1560 3132 1606 semper
3171 1560 3262 1606 per
3292 1552 3497 1594 noctem

1905 1641 2068 1694 sensit
2101 1639 2167 1691 ³³.
2207 1638 2262 1691 Si
2315 1638 2414 1690 ista
2477 1637 2761 1691 beatitudo
2794 1646 2898 1701 est,
2937 1637 3091 1690 valde
3124 1635 3310 1688 odihat
3359 1635 3497 1717 Deus

1905 1730 2098 1793 Jacob,
2135 1727 2274 1781 Esau
2329 1733 2449 1779 erat
2504 1736 2688 1780 autem
2748 1727 2803 1779 in
2863 1725 3093 1779 deliciis.
3149 1724 3324 1781 Audio
3377 1739 3504 1781 sane

1908 1825 2076 1878 Deum
2103 1821 2371 1875 dicentem
2409 1815 2615 1872 :Jucob
2644 1819 2836 1881 dilexi,
2877 1817 3021 1872 Esau
3066 1831 3247 1876 auten:
3289 1822 3428 1880 ocimi
3449 1821 3520 1880 “.

2731 1932 2743 1966 :
2785 1910 2830 1984 si
2887 1911 2989 1966 iste
3017 1924 3100 1967 est
3137 1914 3351 1972 fructus
3392 1935 3493 1987 pro

1911 2007 2212 2070 missionis,
2249 2007 2293 2061 si
2325 2005 2428 2061 ista
2471 2015 2558 2060 est
2581 2017 2728 2072 spes,
2765 2019 2896 2057 num
2927 2006 3046 2061 odit
3078 2007 3228 2064 Deus
3254 2010 3429 2069 Jacob
3459 2017 3525 2073 de

1909 2119 2019 2174 quo
2060 2103 2214 2167 dicit,
2249 2101 2380 2170 quia
2431 2097 2639 2152 dilexi?
2669 2097 2778 2152 Sed
2830 2108 2964 2155 tunc
3007 2115 3131 2155 cum
3177 2104 3440 2170 liberatus
3487 2124 3520 2165 ο

1911 2194 2176 2251 servitute
2206 2201 2378 2257 esset,
2407 2203 2592 2244 nonne
2646 2188 2786 2260 fugit
2812 2198 2871 2243 ut
2905 2191 3248 2247 salvaretur?
3279 2192 3516 2267 Fugiens

1911 2298 2092 2340 autem
2135 2299 2238 2337 non
2266 2292 2348 2337 est
2390 2282 2854 2352 comprehensus,
2910 2293 2966 2340 et
3009 2285 3062 2339 in
3104 2286 3297 2340 timore
3328 2287 3517 2344 stetit?

1913 2376 2020 2432 Sed
2050 2376 2264 2446 fugiens
2297 2375 2684 2444 insequentem
2719 2389 2778 2430 se
2804 2390 3057 2431 socerum
3099 2393 3277 2432 uouue
3310 2393 3515 2432 occur-

1914 2471 1984 2525 rit
2011 2471 2160 2524 fratri
2191 2461 2331 2524 suo?
2367 2482 2549 2522 nonne
2602 2467 2770 2521 timor
2820 2468 3004 2523 timori
3038 2471 3345 2525 successit?
3404 2471 3513 2526 Sed

1913 2563 2038 2631 quia
2069 2561 2329 2615 liberatus
2347 2569 2402 2614 et
2424 2558 2492 2613 ab
2528 2560 2633 2614 isto
2659 2567 2782 2615 est:
2813 2572 2997 2611 nonne
3031 2559 3224 2615 habuit
3263 2562 3316 2614 iu
3351 2575 3514 2615 sene-

1913 2664 2060 2710 ctute
2090 2654 2208 2707 sine
2233 2651 2606 2706 consolatione
2632 2648 2913 2704 dolorem?
2940 2646 3144 2703 iiahuit
3169 2652 3313 2706 enim
3341 2650 3514 2707 Jacob

1924 2757 1978 2803 et
2013 2746 2175 2800 alium
2203 2743 2372 2798 Isaac.
2411 2740 2631 2809 Habuit,
2666 2743 2913 2811 inquam,
2946 2738 3173 2808 Joseplt,
3233 2741 3385 2797 illum
3416 2744 3512 2799 ho-

1915 2851 2043 2889 uum
2090 2843 2146 2890 et
2195 2834 2452 2889 dilectum
2491 2832 2618 2898 sibi,
2675 2812 2873 2884 bonam
2932 2832 3248 2900 progeniem
3306 2847 3509 2887 suam:

1913 2939 2160 2977 amarum
2189 2932 2373 2976 autem
2405 2921 2474 2975 de
2503 2935 2569 2975 eo
2593 2920 2861 2974 dolorem.
2897 2918 2964 2973 Et
2991 2918 3183 2974 habuit
3211 2921 3430 2990 quando
3455 2931 3511 2977 et

1913 3015 2116 3070 sterilis
2153 3025 2273 3070 erat
2305 3023 2360 3068 et
2402 3013 2564 3067 istius
2595 3020 2798 3073 mater.
2825 3023 2882 3065 et
2905 3010 3079 3065 Jacoh
3116 3025 3223 3065 non
3254 3013 3510 3066 cessabat

1915 3109 2145 3162 orando.
2171 3106 2290 3162 Jam
2330 3113 2513 3160 autem
2538 3114 2594 3159 et
2633 3104 2686 3158 in
2711 3103 3067 3174 Opprobrium
3097 3113 3235 3157 erat.
3269 3103 3510 3159 Deilebat

1917 3200 2060 3254 enim
2098 3198 2320 3261 sterilis,
2355 3206 2412 3253 et
2436 3196 2652 3252 dicebat
2682 3197 2749 3249 ad
2774 3197 2951 3250 virum
2990 3211 3003 3247 :
3037 3195 3120 3248 Da
3156 3194 3284 3247 mihi
3312 3193 3510 3262 lilium,

206 3300 366 3356 gere.
414 3285 616 3344 lterum
663 3290 808 3345 enim
840 3305 1158 3362 exsurgere,
1195 3303 1252 3347 et
1292 3307 1452 3348 arare
1475 3268 1799 3359 et'metere,
1827 3268 1873 3327 θ
1916 3299 2007 3344 aut
2038 3291 2242 3344 moriar
2266 3289 2334 3344 ⁸⁸.
2376 3288 2548 3343 Soror
2576 3296 2896 3358 exaggerat.
2931 3286 3160 3342 Ancilla:
3205 3285 3507 3351 habebant,

205 3378 412 3434 lterum
445 3381 775 3438 manducare
801 3392 858 3438 et
895 3384 1103 3447 bibere,
1143 3385 1340 3439 iterum
1369 3384 1594 3455 spoliari
1631 3394 1684 3438 2t
1708 3399 1804 3438 ve-

205 3469 361 3538 stiri,
392 3471 590 3527 iterum
625 3473 868 3529 dormire
913 3485 967 3530 et
1018 3477 1268 3546 vigilare.
1319 3477 1424 3532 Sed
1459 3478 1805 3532 advertamus

205 3562 345 3631 quid
361 3563 502 3619 dicat
528 3564 843 3632 Apostolus:
868 3565 926 3621 Si
941 3567 995 3620 in
1019 3569 1119 3623 ista
1144 3569 1249 3623 vita
1274 3586 1412 3638 spem
1427 3569 1734 3622 haberemus
1751 3570 1804 3622 in

209 3651 447 3721 Christo,
472 3657 880 3712 miserabiliora
901 3659 1144 3714 omnibus
1166 3662 1462 3716 hominibus
1476 3659 1802 3717 essemus".

212 3742 276 3801 Si
305 3746 451 3802 enim
482 3747 554 3801 ita
578 3749 769 3804 statuit
791 3749 931 3805 Deus
963 3761 1021 3804 ut
1046 3751 1097 3805 in
1123 3753 1252 3822 ipsis
1277 3742 1474 3808 iterum
1512 3753 1711 3819 simus,
1746 3761 1805 3807 ut

208 3837 344 3909 quid
369 3847 545 3894 noset
570 3839 851 3911 quiescere
874 3840 1039 3898 facit?
1088 3842 1200 3899 Hoc
1248 3844 1391 3900 enim
1443 3845 1697 3901 ludentis
1719 3853 1807 3900 est

208 3929 416 3998 potius,
446 3933 743 3990 concedere
776 3934 932 4000 mori,
969 3947 1022 3992 et
1050 3935 1242 3990 iterum
1274 3936 1341 3990 ad
1383 3937 1575 4007 ipsam
1618 3953 1806 3994 resur-

208 4035 340 4090 gere
371 4021 556 4079 vitam.
617 4023 674 4080 Si
715 4025 861 4081 enim
905 4027 976 4081 ita
1027 4040 1466 4097 resurgeremus,
1514 4031 1805 4099 oportebat

206 4113 487 4170 Abraham
515 4124 575 4171 ut
610 4131 717 4172 non
752 4118 1026 4174 amitteret
1053 4135 1175 4190 qua:
1207 4118 1297 4174 hic
1336 4131 1494 4186 sunt,
1527 4120 1643 4188 iam
1677 4137 1805 4193 per-

207 4205 320 4261 frui
349 4222 412 4263 ea
445 4223 568 4278 qua:
601 4218 747 4266 esset
772 4211 827 4266 in
861 4213 1325 4267 resurrectionem
1353 4224 1708 4284 accepturus.
1744 4213 1802 4271 Si

210 4300 360 4355 enim
399 4316 526 4358 cum
555 4303 834 4375 voluptate
884 4304 1074 4360 bibere
1097 4314 1154 4358 et
1185 4305 1399 4374 epulari
1427 4307 1539 4360 vita
1590 4317 1709 4373 est;
1745 4307 1800 4361 in

208 4405 538 4464 quacunque
566 4395 698 4450 hora
724 4411 831 4452 non
847 4410 970 4452 cum
988 4395 1270 4466 voluptate
1294 4395 1556 4465 bibimus,
1581 4398 1804 4455 frauda-

211 4499 398 4540 remus
426 4501 455 4540 a
482 4489 612 4543 vita.
637 4487 745 4544 Sed
779 4502 908 4544 vere
929 4487 1240 4544 Judzeorum
1271 4501 1448 4544 center
1467 4503 1542 4546 est
1576 4496 1706 4548 deus
1733 4493 1800 4558 ",

207 4576 351 4631 sicut
382 4577 516 4631 dicit
560 4577 780 4644 Paulus,
813 4579 906 4651 qui
939 4589 1028 4636 est
1073 4595 1140 4636 ex
1185 4580 1408 4648 Judaeis,
1445 4586 1537 4654 qui
1586 4583 1804 4641 Iudaeos

208 4669 430 4736 quidem
474 4685 670 4740 passus
716 4686 824 4726 non
857 4681 961 4734 est,
993 4675 1208 4728 veritati
1258 4677 1405 4731 enim
1469 4677 1705 4732 credidit
1747 4679 1801 4734 in

207 4757 450 4816 Christo.
476 4762 615 4828 Quid
653 4772 837 4818 autem
866 4764 1044 4819 dicent
1075 4765 1230 4833 nobis
1280 4777 1338 4822 et
1379 4768 1440 4824 de
1485 4768 1658 4831 Isaac,
1705 4771 1800 4839 qui

201 4848 319 4919 iam
350 4853 855 4932 habebatgdoiorem
887 4856 1312 4913 immolationis?
1363 4858 1567 4914 Habuit
1611 4872 1796 4917 autem

208 4953 266 4999 et
293 4954 418 5012 post
441 4947 556 5003 lucc
577 4950 796 5005 easdem
832 4950 977 5020 ipsas
1005 4950 1402 5014 tribulationes,
1439 4969 1576 5024 quas
1611 4965 1664 5010 et
1700 4973 1798 5025 pa-

214 5046 323 5096 ter.
352 5038 615 5111 Coniugis
642 5048 863 5112 inquam
888 5059 1021 5110 sua,
1046 5059 1169 5116 qua:
1198 5060 1390 5117 parere
1422 5064 1526 5102 non
1560 5059 1792 5116 poterat,

216 5135 534 5204 nuptiarum
569 5149 881 5201 mmrorem,
925 5141 1390 5195 commanentimn
1427 5142 1795 5211 deceptiones,

212 5221 437 5282 fraudes
461 5227 729 5283 laborum.
756 5227 880 5284 Haec
908 5230 1074 5285 donat
1107 5230 1248 5287 Deus
1277 5234 1413 5298 suis,
1442 5235 1680 5300 dolores,
1711 5239 1802 5295 tri—

211 5313 545 5385 bulationes,
569 5303 876 5390 angustias.
907 5317 964 5374 Si
996 5319 1136 5377 Deus
1168 5323 1284 5379 haec
1322 5325 1611 5393 promisit:
1635 5325 1803 5385 Jacob

1913 3395 1970 3438 et
1996 3383 2165 3438 libera
2218 3398 2326 3437 non
2372 3381 2628 3437 habebat.
2671 3382 2855 3446 Dolor,
2887 3384 3148 3452 gemitus,
3200 3389 3256 3435 et
3287 3378 3510 3435 tristitia

1914 3484 2032 3531 erat
2063 3475 2278 3531 iisdem.
2310 3474 2415 3530 Sed
2447 3475 2708 3529 misertus
2731 3484 2816 3528 est
2840 3474 2921 3528 eis
2941 3473 3239 3542 aliquando
3266 3471 3425 3536 Dens,
3450 3477 3510 3525 et

1916 3580 2080 3631 natus
2135 3579 2222 3625 est
2265 3568 2463 3638 Joseph
2512 3567 2602 3622 ille
2649 3568 2826 3622 bonus
2875 3567 3137 3637 undique,
3165 3578 3400 3636 corpore
3449 3564 3510 3619 in

1913 3670 2149 3726 tantum,
2183 3673 2449 3732 quantum
2482 3669 2717 3715 testatur
2755 3674 2876 3730 quae
2921 3659 3066 3715 victa
3116 3668 3222 3725 est,
3267 3666 3506 3713 mentem

1915 3767 2098 3809 autem
2128 3753 2242 3827 (96)
2271 3763 2534 3824 quantum
2571 3761 2807 3807 testatur
2846 3761 3048 3822 pater:
3090 3751 3182 3820 qui
3232 3763 3507 3821 prseroga-

1918 3845 1998 3898 vit
2022 3844 2131 3908 his,
2163 3845 2254 3914 qui
2307 3852 2466 3897 antea
2501 3841 2724 3896 fuerant
2769 3842 2908 3896 nati.
2947 3840 3206 3896 Testatur
3234 3847 3417 3893 autem
3449 3846 3507 3892 et

1914 3938 2057 4006 apud
2107 3935 2404 4010 Egyptum
2455 3933 2815 4015 dispensatio,
2865 3948 2988 4004 quae
3045 3942 3160 4000 t0to
3223 3930 3370 3987 facta
3423 3941 3510 3986 est

1913 4032 2138 4087 mundo.
2174 4030 2430 4086 Testatur
2474 4040 2529 4086 et
2569 4027 2807 4084 scientia.
2847 4026 3046 4099 lingua:
3078 4039 3241 4097 quam
3283 4024 3509 4095 ignora-

1913 4124 2004 4178 bat
2039 4140 2055 4178 :
2081 4130 2136 4176 et
2161 4121 2432 4176 mirabilia
2469 4119 2840 4175 intellectibos
2865 4117 3019 4186 pueri
3049 4126 3236 4182 erant;
3267 4115 3364 4171 sed
3387 4114 3506 4186 pul-

1911 4214 2254 4270 chritudines
2288 4214 2372 4268 ha
2400 4211 2643 4280 salvatze,
2675 4210 2954 4266 lzetillcant
2987 4230 3001 4267 :
3028 4211 3293 4265 bonorum
3321 4216 3504 4261 autent

1914 4322 2075 4363 casus
2123 4308 2246 4362 sine
2274 4307 2470 4360 solatio
2499 4305 2740 4360 dolorem
2773 4304 3059 4375 parabant.
3092 4300 3223 4356 Erat
3256 4300 3424 4373 igitur
3452 4300 3509 4352 in

1914 4405 2110 4455 timore
2141 4400 2312 4470 patris
2335 4397 2537 4468 Joseph
2566 4414 2580 4453 :
2611 4408 2667 4453 et
2694 4413 2819 4454 cum
2878 4398 3098 4452 adesset
3135 4411 3259 4452 cum
3302 4409 3390 4457 eo,
3441 4409 3511 4449 ue

1912 4494 2056 4549 forte
2099 4491 2223 4547 talis
2267 4507 2374 4546 non
2405 4499 2753 4562 permaneret
2787 4489 3067 4546 salvator:
3098 4488 3170 4543 ita
3203 4486 3505 4548 mordebat.

1911 4596 1965 4641 et
1993 4586 2244 4640 timorem
2273 4583 2559 4648 ingerebat
2586 4584 2728 4653 patri
2758 4598 2857 4654 per
2887 4597 2952 4637 ea
2989 4597 3110 4652 qua:
3159 4579 3507 4651 loquebatur,

1911 4695 2006 4750 per
2028 4695 2090 4734 ea
2119 4694 2240 4748 qua:
2269 4678 2471 4744 aiebat,
2523 4693 2620 4748 per
2665 4692 2731 4732 ea
2779 4691 2900 4746 quae
2927 4675 3161 4731 tacebat.
3202 4674 3341 4741 Quid
3373 4686 3511 4742 ergo

1909 4773 2034 4843 quia
2059 4770 2258 4845 Joseph
2279 4783 2396 4827 erat
2425 4756 2571 4834 talis,
2601 4780 2655 4826 et
2679 4769 2954 4826 secundus
2987 4769 3134 4824 solus
3158 4768 3348 4823 matris
3371 4779 3505 4827 suae,

1907 4880 1963 4922 et
2001 4866 2237 4922 dilectus
2266 4865 2434 4936 patri,
2462 4873 2517 4919 et
2541 4863 2745 4918 fratres
2773 4862 2994 4932 quidem
3023 4860 3510 4932 eiusmittebautur

1907 4973 1966 5016 ut
1998 4968 2287 5030 pascerent
2316 4972 2534 5029 gregem
2568 4974 2583 5010 :
2637 4952 2840 5024 Joseph
2867 4964 3051 5008 autem
3081 4954 3148 5007 ad
3174 4952 3499 5007 cltaritateut

1909 5049 2091 5121 patris
2125 5064 2230 5103 non
2265 5060 2346 5102 est
2378 5048 2582 5102 missus
2609 5061 2734 5101 cum
2776 5046 3072 5108 fratribus;
3100 5043 3226 5112 quia
3271 5041 3507 5098 habebat

1910 5141 2154 5198 tunicam
2187 5142 2523 5211 singularem
2553 5139 2620 5193 ad
2655 5138 2990 5208 agnitionem
3025 5136 3298 5208 praecipue
3321 5134 3506 5190 chari-

1912 5237 2063 5292 tatis.
2096 5234 2212 5291 Non
2243 5233 2532 5290 suffecerat
2556 5231 2725 5289 Iacob
2755 5231 2938 5288 fratris
2966 5231 3121 5298 livor,
3150 5230 3335 5284 fratris
3364 5227 3508 5290 invi-,-

1913 5330 2024 5395 dia,
2057 5328 2298 5384 servitus
2331 5328 2382 5381 in
2417 5326 2879 5398 peregrinatione,
2915 5325 3040 5399 fuga
3065 5343 3095 5379 ει
3131 5323 3323 5391 fratre,
3354 5336 3508 5378 com-

281 5456 327 5489 "
363 5454 531 5511 iCor.
564 5471 655 5521 xv,
688 5457 775 5512 l9.
844 5456 890 5488 ³¹
927 5454 1160 5525 Philipp.
1184 5474 1267 5525 ut,
1298 5459 1384 5517 19.
1457 5460 1505 5494 ⁸³
1536 5463 1676 5524 Gen.
1707 5481 1802 5520 an

1909 5466 1982 5522 ιο.
2049 5465 2098 5499 ³⁸
2124 5464 2357 5523 Malacb.
2387 5479 2430 5525 ι.
2463 5463 2534 5527 3;
2572 5461 2733 5518 Rom.
2766 5478 2845 5530 ts,
2873 5462 2962 5519 15.
3039 5461 3086 5494 ⁸⁸
3116 5459 3253 5517 Gen.
3285 5475 3417 5522 us.
3448 5458 3505 5514 1.

260 5589 588 5667 (‘25),Forte
619 5606 719 5667 per
749 5593 1253 5667 interrogationem.
1303 5594 1446 5661 Quid
1495 5599 1662 5667 igitur
1699 5604 1801 5657 sibi

213 5666 320 5720 salt
343 5664 442 5735 iste
471 5677 644 5735 sermo
665 5665 941 5716 incurrens
963 5663 987 5716 ?
1009 5671 1068 5716 ut
1090 5667 1369 5735 responsio
1392 5670 1483 5734 sit,
1511 5663 1801 5728 Ostendere

212 5751 335 5808 quia
356 5731 652 5808 Abraham,
684 5741 794 5785 etc.

283 5803 400 5874 (Si)
442 5802 540 5884 Ms.
577 5799 780 5884 Putant
810 5818 867 5857 se
900 5800 1177 5872 fraudare.
1203 5806 1342 5875 Quid
1385 5809 1430 5865 si
1465 5812 1666 5884 potius,
1704 5830 1806 5884 pg-

211 5871 388 5930 tentes
406 5887 463 5928 se
488 5871 765 5946 fraudare.

1982 5602 2099 5672 (ἓό)
2134 5603 2235 5659 Ms.
2264 5603 2514 5657 Meliores
2549 5619 2660 5657 sue.

1993 5670 2111 5745 (26)
2146 5674 2372 5728 Mentem
2406 5684 2603 5728 autem.
2647 5672 2926 5737 Fortasse,
2960 5683 3130 5745 mente
3161 5671 3385 5743 (bonus)
3416 5670 3500 5728 si-

1916 5756 2011 5799 cut
2043 5744 2204 5799 autca
2237 5760 2455 5812 corpore
2480 5761 2498 5798 :
2524 5761 2718 5799 sensus
2749 5754 2853 5807 est,
2885 5744 3053 5799 animi
3101 5744 3318 5799 dotibus
3365 5759 3506 5812 pra:-

1914 5829 2112 5887 smus,
2148 5817 2289 5871 sicut
2344 5825 2574 5867 testatus
2613 5827 2697 5867 est
2750 5820 2929 5881 patiar,
2987 5831 3110 5868 cum
3167 5816 3217 5872 ei
3287 5826 3507 5887 partem

1912 5901 2076 5942 unam
2102 5886 2433 5942 barcditatis
2454 5901 2614 5945 supra
2646 5888 2842 5941 fratres
2869 5887 3142 5943 attribuit.
