4072 6410
1353 402 1622 461 EUSEBII
1659 400 2135 458 CASSARIENSlS
2171 399 2322 457 θΡΡ.
2363 398 2544 455 PARS
2582 394 2672 451 IV.
2710 424 2780 436 -
2818 388 3225 449 DOGMATICA.

3810 392 3940 446 1084

670 525 960 600 prehensio
982 522 1359 593 lnsequentis:
1396 522 1591 576 obvius
1634 536 1664 574 a
1692 521 1889 575 timore
1935 518 2143 585 frater;
2180 525 2237 571 ut
2265 522 2313 577 Α
2341 525 2519 570 autent
2550 512 2945 569 benefactorem
2992 509 3323 600 accipientes
3349 505 3638 600 occidunt,
3669 516 3931 600 quantum

670 621 760 674 vis
792 618 1055 686 acciperet
1088 615 1253 671 Iacob
1297 630 1327 669 a
1356 614 1526 669 sterili
1578 614 1747 683 ipsius
1794 613 1985 667 matris
2036 625 2180 664 mors
2220 626 2233 661 :

669 712 901 779 desupra
950 709 1067 763 haec
1100 708 1281 762 omnia
1316 712 1503 761 decem
1548 714 1601 761 et
1644 717 1847 775 septem
1890 705 2015 759 dum
2055 712 2239 773 ageret

668 814 841 856 annos
869 802 921 855 in
952 810 1112 855 aetate
1134 798 1331 869 Ioseph
1385 816 1400 853 :
1430 806 1560 854 tunc
1601 813 1723 853 cum
1770 807 2035 865 augentur
2077 795 2237 857 bona,

668 893 924 948 excidere
951 890 1105 946 bonis
1155 892 1389 956 quantus
1437 896 1522 943 est
1570 888 1763 940 dolor?
1795 887 1860 939 Et
1888 885 2052 938 mittit
2087 896 2241 954 paler

672 982 931 1038 dilectum
964 997 1117 1035 suum
1146 980 1335 1045 filium,
1358 993 1516 1048 quem
1550 980 1601 1031 in
1637 978 1818 1032 multis
1841 977 2109 1031 fratribus
2133 978 2240 1058 .ha-

669 1074 832 1132 bebat
860 1072 1427 1140 unigenitum:mittit
1470 1080 1620 1137 pater
1656 1070 1846 1134 lilium,
1896 1079 1951 1122 ut
1996 1070 2241 1122 visitaret

669 1180 763 1223 eos
792 1166 883 1235 qui
914 1173 1073 1217 erant
1118 1164 1171 1217 in
1217 1163 1504 1218 solitudine
1561 1160 1782 1214 fratres.
1850 1159 1991 1213 Puto
2025 1160 2149 1228 quia
2183 1168 2240 1213 et

671 1258 798 1312 dum
836 1256 1030 1323 legitur
1060 1252 1221 1308 Vetus
1249 1253 1682 1317 Testamentum,
1717 1253 1891 1321 magis
1919 1250 2121 1305 Novum
2153 1260 2237 1305 est

670 1363 833 1417 quam
861 1344 1045 1401 Vetus.
1081 1345 1242 1398 Mittit
1268 1353 1423 1413 pater
1470 1343 1636 1397 filium
1668 1358 1823 1397 suum
1860 1358 2018 1413 quem
2068 1343 2237 1397 habe-

673 1440 766 1496 bat
805 1441 855 1492 in
890 1438 1068 1491 locum
1114 1436 1369 1504 unigeniti
1426 1451 1439 1487 :
1501 1450 1623 1488 nam
1679 1446 1733 1487 et
1782 1435 2039 1504 singulari
2089 1442 2237 1489 veste

681 1540 1033 1600 neparaverat
1059 1544 1178 1582 eum
1228 1544 1257 1581 a
1292 1526 1591 1581 fratribus:
1626 1527 1789 1581 mittit
1831 1526 1996 1579 filium
2029 1525 2097 1579 de
2128 1539 2235 1594 quo

671 1624 1047 1693 praedictiones
1076 1628 1231 1676 erant
1260 1636 1273 1673 :
1312 1621 1693 1687 praedictiones
1732 1629 1909 1672 autem
1955 1634 2091 1689 quas
2122 1618 2237 1686 ipse

670 1718 886 1787 quidem
914 1715 1120 1768 viderat
1147 1711 1371 1782 Ioseph,
1414 1728 1520 1767 non
1558 1712 1909 1766 absconderat
1960 1723 2139 1765 autem
2202 1728 2233 1765 a

673 1810 931 1863 fratribus
966 1806 1078 1860 suis
1111 1823 1125 1859 :
1168 1814 1287 1859 erat
1310 1805 1453 1859 enim
1494 1803 1685 1858 frater.
1730 1802 1950 1857 Dicebat
1983 1802 2126 1857 enim
2163 1804 2228 1855 ad

671 1917 796 1956 eos:
822 1898 1164 1961 Metebamus,
1189 1898 1381 1966 inquit.
1398 1908 1444 1951 et
1463 1913 1633 1951 meum
1656 1896 1981 1965 manipulum
2009 1906 2233 1950 erectum
2270 1872 2310 1929 Β

668 2001 744 2046 est
764 2007 789 2061 ;Δ
837 1992 993 2045 vestri
1054 1999 1227 2041 autem
1274 1990 1513 2043 undecim
1570 1990 1793 2042 circuitu
1846 1988 2137 2041 adorabunt
2168 1987 2234 2041 ³⁸.

668 2082 812 2139 Bene
840 2083 949 2153 jam
985 2080 1200 2135 occasio
1225 2095 1345 2135 esse
1380 2081 1564 2150 cmpit,
1602 2091 1657 2133 ut
1689 2090 1978 2133 adorarent
2016 2079 2234 2133 fratres.

668 2174 964 2228 Audierant
994 2172 1214 2235 fratres,
1250 2182 1303 2226 et
1334 2172 1523 2226 efﬁcax
1561 2171 1829 2225 somnium
1868 2171 2050 2223 statim
2080 2170 2239 2224 intel-

670 2263 936 2330 lexerunt,
967 2274 1021 2319 et
1058 2265 1211 2318 aiunt
1261 2264 1326 2318 ad
1366 2278 1529 2318 eum:
1572 2262 1717 2317 Nam
1760 2261 2160 2315 adoraverintus
2193 2272 2241 2315 te

673 2359 797 2413 nos!
844 2359 1081 2424 regnabis
1107 2361 1243 2410 enim
1284 2364 1376 2409 aut
1399 2357 1593 2409 tenebis
1621 2372 1711 2408 nos
1744 2355 1785 2385 ⁸⁷
1812 2354 1836 2406 τ
1875 2354 2037 2407 Forte
2061 2366 2240 2407 autem

672 2449 1404 2520 irascebaturprimogenitus
1426 2458 1479 2503 et
1513 2447 1876 2518 primogeniti,
1912 2448 2036 2515 quia
2060 2447 2243 2515 junior

669 2540 883 2595 volebat
916 2542 1167 2596 omnibus
1213 2541 1527 2611 prterogari.
1564 2540 1744 2593 Voluit
1793 2539 1935 2593 enim
1975 2540 2239 2592 somnium

669 2629 856 2684 videre
906 2642 964 2684 ut
1010 2633 1109 2685 hoc
1136 2631 1265 2686 velit
1318 2646 1495 2686 :num
1556 2631 1865 2699 increpatur
1914 2629 2113 2699 aliquis
2144 2644 2240 2682 cur

670 2720 940 2775 somnium
966 2721 1199 2774 viderit?
1232 2721 1430 2774 Tamen
1459 2719 1798 2790 objurgatum
1825 2718 2024 2787 Ioseph
2057 2731 2163 2785 est,
2189 2731 2241 2773 et

672 2817 774 2869 hoc
803 2814 1040 2867 secundo
1066 2814 1213 2867 videt
1255 2822 1347 2867 :et
1388 2828 1454 2866 ne
1484 2814 1700 2881 quidem
1736 2814 1977 2867 secundo
2012 2815 2243 2867 abscon-

670 2906 752 2961 dit
790 2906 857 2959 ab
886 2906 970 2959 bis
1001 2906 1090 2973 qui
1126 2904 1251 2958 irati
1283 2903 1499 2958 fuerant
1520 2906 1583 2957 de
1608 2904 1798 2971 priori.
1828 2905 1901 2957 Ita
1932 2915 2055 2959 erat
2072 2903 2243 2959 frater

667 2996 736 3051 ad
778 2995 998 3052 fratres.
1023 2995 1104 3050 illi
1133 3004 1315 3048 autem
1355 3011 1419 3049 ex
1452 2998 1685 3050 secunda
1726 2996 1929 3049 visione
1965 2999 2243 3051 tirmantes

668 3091 932 3159 priorem,
957 3090 1221 3158 duplicem
1256 3088 1523 3141 habebant
1551 3088 1804 3142 invidiam
1843 3101 1896 3141 et
1925 3089 2242 3156 indignatio-

2340 608 2407 661 ad
2436 604 2804 676 propositum;
2841 610 2896 657 et
2931 598 3254 655 occidissent
3285 600 3502 667 utique,
3532 596 3641 652 nisi
3681 597 3779 666 qui
3812 613 3934 666 pro-

2350 700 2528 754 hibuit
2548 696 2699 753 lsaac
2723 710 2791 751 ne
2820 693 3184 755 occideretur,
3212 699 3271 743 ut
3299 705 3431 745 vero
3452 698 3778 743 servaretur
3798 705 3923 758 pas-

2340 792 2443 856 sio,
2468 786 2713 859 permisit
2736 796 2792 840 et
2816 784 2938 837 istic
2968 781 3175 835 firmam
3200 795 3319 835 esse
3344 778 3601 834 formam.
3652 778 3932 846 Quemad-

2340 882 2558 937 modum
2603 894 2730 950 ergo
2782 876 2955 931 forma
3002 874 3285 939 occiditur,
3331 883 3388 927 et
3440 889 3551 929 non
3589 874 3867 929 occiditur
3900 888 3919 927 :

2340 981 2736 1044 proposuerunt
2763 968 3009 1023 occidere
3039 962 3258 1031 Ioseph.
3305 962 3426 1018 Iam
3462 966 3531 1019 ad
3566 966 3916 1035 propositum

2341 1061 2781 1117 interficientium
2809 1066 3052 1110 mortuus
3075 1062 3159 1108 est
3189 1051 3385 1122 Ioseph
3414 1072 3428 1107 :
3459 1054 3585 1122 quia
3617 1062 3677 1107 et
3712 1068 3915 1124 propo-

2340 1152 2705 1210 sitoAbrahaa
2734 1149 2949 1204 oblatus
2978 1148 3128 1202 Isaac
3172 1154 3291 1209 est,
3343 1154 3397 1199 et
3444 1144 3784 1200 immolatus.
3841 1143 3918 1200 Illi

2340 1257 2521 1302 autem
2554 1260 2659 1299 non
2691 1242 2863 1298 solum
2891 1255 2997 1298 non
3022 1249 3146 1293 sunt
3184 1238 3420 1292 contenti
3474 1237 3762 1306 pr0posito
3798 1249 3915 1296 suo.

2340 1340 2434 1395 sed
2465 1337 2797 1405 accipientes
2824 1347 2947 1388 eum
2980 1333 3123 1386 facto
3149 1331 3344 1399 impetu
3382 1328 3672 1383 voluerunt
3700 1328 3921 1399 quidem

2340 1430 2608 1491 occidere.
2636 1426 2839 1482 detenti
2865 1432 3047 1478 autem
3083 1425 3150 1477 ab
3182 1437 3291 1477 uno
3323 1431 3469 1485 sunt,
3498 1422 3590 1489 qui
3619 1422 3920 1491 prophcu-

2343 1531 2497 1577 verat
2529 1520 2684 1575 fratri
2730 1535 2744 1572 :
2790 1526 2844 1573 et
2890 1516 3112 1570 mittunt
3141 1530 3261 1570 eum
3289 1516 3557 1569 viventem
3615 1514 3675 1569 in
3720 1515 3923 1577 iacula.

2342 1615 2743 1670 annuntiantes
2796 1610 2918 1678 quia
2963 1609 3119 1662 vivus
3172 1607 3444 1661 descendit
3489 1609 3542 1661 in
3596 1606 3781 1662 lacum
3833 1622 3927 1677 pro

2340 1708 2567 1762 mortuis
2587 1704 2860 1762 Christus.
2888 1700 3105 1755 Haedum
3122 1708 3298 1752 autem
3325 1697 3659 1763 occidentes,
3686 1699 3926 1753 tunicam

2338 1801 2533 1870 Ioseph
2568 1799 2780 1867 tingunt
2806 1795 2857 1849 in
2892 1793 3154 1863 sanguine
3194 1791 3352 1855 haedi,
3386 1800 3443 1843 ut
3473 1798 3622 1845 esset
3677 1788 3921 1859 suspicio

2340 1911 2435 1963 per
2482 1892 2820 1957 sanguinem,
2876 1896 2932 1941 ut
2961 1888 3101 1940 inter
3151 1894 3389 1938 mortuos
3420 1882 3556 1937 liber
3598 1883 3818 1938 vivens.
3859 1878 3915 1935 In

2340 1987 2455 2041 lacu
2483 1986 2664 2053 itaque
2695 1979 3014 2037 interfectus
3034 1988 3114 2033 est
3131 1974 3349 2045 Ioseph;
3384 1976 3740 2046 coinquinata
3776 1976 3920 2029 enim

2341 2085 2461 2133 erat
2484 2071 2606 2144 'ejus
2639 2075 2818 2128 tunica
2850 2088 2883 2128 a
2921 2073 3207 2137 sanguine.
3239 2072 3369 2126 Erat
3416 2080 3601 2125 autem
3644 2072 3840 2124 vivens
3868 2073 3917 2122 in

2348 2171 2467 2225 lacu
2498 2178 2622 2238 post
2677 2164 3113 2239 interfectionem
3150 2178 3271 2234 qua:
3317 2164 3369 2218 in
3414 2162 3598 2217 tunica
3640 2161 3825 2215 fuerat
3852 2160 3926 2215 fa-

2340 2274 2449 2319 cta.
2484 2262 2795 2317 Transeunt
2836 2258 3055 2331 quidem
3089 2271 3121 2312 e
3162 2257 3438 2327 gentibus,
3495 2253 3700 2323 quibus
3738 2267 3926 2313 serva-

2343 2357 2500 2413 batur
2532 2357 2731 2410 honum
2758 2352 2902 2422 quod
2926 2361 3046 2405 erat
3082 2351 3134 2405 in
3160 2351 3276 2404 lacu
3319 2367 3333 2402 :
3370 2357 3427 2403 et
3458 2355 3642 2400 movet
3676 2346 3795 2413 (28)
3821 2346 3924 2413 spi-

2344 2452 2449 2504 ritu
2478 2464 2641 2502 unum
2676 2462 2708 2501 e
2759 2444 3029 2500 fratribus
3079 2442 3361 2497 consolare
3405 2454 3565 2493 suum
3598 2452 3849 2493 errorem
3874 2446 3937 2489 et,

2344 2544 2525 2597 dicere
2570 2558 2585 2598 :
2624 2557 2727 2595 non
2769 2538 3073 2594 occidamus
3124 2536 3364 2603 fratrem.
3414 2534 3705 2587 Amatores
3746 2540 3922 2583 autem

2341 2635 2693 2708 pecuniamm
2740 2632 2891 2686 fuere
2925 2640 2982 2684 et
3030 2627 3339 2685 Iuda-orum
3384 2635 3570 2694 patres
3613 2637 3629 2676 :
3666 2634 3723 2677 et
3763 2620 3921 2675 Iudas

2342 2724 2661 2780 consiliator
2696 2736 2921 2787 eorum;
2954 2728 3011 2772 et
3052 2717 3257 2776 dixere.
3291 2713 3415 2769 Non
3457 2713 3797 2773 occidamu.
3848 2711 3921 2763 in-

2342 2818 2482 2886 quit,
2507 2832 2647 2881 eum,
2676 2812 2805 2885 quia
2833 2826 2943 2866 non
2970 2825 3158 2865 sumus
3186 2807 3310 2877 ejus
3335 2806 3503 2877 digni.
3547 2804 3668 2859 Non
3716 2812 3789 2857 sit
3830 2815 3922 2854 no-

2342 2910 2550 2963 biscum
2582 2908 2674 2975 qui
2709 2904 3031 2960 beneficium
3081 2901 3238 2958 nobis
3306 2895 3923 2969 impertit.-Distrahitur

2343 3001 2528 3067 itaque
2556 2997 2787 3066 Ioseph,
2818 3006 2875 3051 et
2932 3005 3143 3049 tantum
3194 3011 3223 3047 a
3283 2990 3756 3060 comparatoribus
3782 2988 3898 3041 acci

2355 3094 2506 3161 piunt
2542 3092 2797 3159 pretium,
2832 3098 3098 3159 quantum
3144 3087 3408 3141 dederunt
3439 3094 3496 3139 et
3541 3082 3810 3154 proditori
3837 3080 3922 3136 Iu-

672 3199 794 3237 nenv
839 3194 893 3237 et
928 3186 1062 3236 iram
1106 3184 1366 3235 adversus
1409 3179 1626 3250 Ioseph.
1683 3180 1931 3237 Narravit
1988 3193 2041 3235 et
2098 3180 2237 3249 patri
2267 3210 2310 3267 ρ
2345 3186 2446 3246 dae,
2498 3194 2557 3235 ut
2586 3191 2639 3234 et
2694 3182 2927 3250 pretium
2984 3178 3313 3234 consentiret
3364 3186 3730 3232 sacramento.
3780 3173 3921 3229 Iudae

670 3274 963 3338 somnium,
998 3273 1122 3341 quia
1172 3274 1249 3326 sol
1292 3282 1344 3327 et
1382 3272 1503 3325 luna
1554 3282 1607 3325 et
1659 3273 1907 3325 undecim
1966 3272 2133 3326 stellae
2179 3286 2239 3325 se

670 3366 973 3421 adorabant
1004 3366 1067 3419 ³⁸.
1102 3365 1282 3419 Solem
1319 3366 1535 3435 quidem
1580 3366 1629 3417 in
1692 3366 1809 3418 loco
1864 3367 2033 3434 patris
2082 3364 2243 3418 intel-

676 3456 801 3527 iige,
834 3455 1011 3508 lunam
1041 3463 1217 3507 autem
1260 3455 1310 3507 in
1341 3455 1458 3507 loco
1492 3454 1700 3515 matris,
1732 3464 1787 3507 ct
1819 3465 2043 3506 caetera.
2081 3452 2243 3507 Vide-

677 3557 766 3602 tur
794 3546 1215 3614 reprehensibile
1246 3560 1405 3610 esse;
1442 3546 1565 3613 quia
1604 3555 1775 3599 mater
1805 3543 1923 3612 ejus
1961 3559 2064 3597 non
2109 3543 2243 3596 vidit

674 3652 797 3693 eum
826 3636 878 3689 in
902 3635 1073 3705 gloria
1108 3653 1120 3688 :
1162 3634 1617 3703 quemadmodum
1669 3648 1800 3704 ergo
1830 3634 2119 3687 adoravit?
2150 3646 2243 3686 aut

671 3743 816 3783 nunc
856 3730 1115 3796 quaeritur
1147 3726 1297 3780 locus
1333 3725 1523 3779 matris
1551 3740 1711 3793 quem
1766 3725 2005 3792 implevit
2048 3724 2242 3792 conjux

679 3820 886 3890 patris?
911 3819 1079 3873 Simul
1113 3828 1289 3870 autem
1319 3818 1489 3887 magis
1524 3816 1693 3871 stellae
1722 3817 1995 3880 undecim,
2032 3816 2133 3870 hoc
2161 3826 2249 3870 est

677 3911 927 3965 undecim
962 3908 1188 3963 fratres.
1247 3909 1409 3963 Forte
1440 3918 1620 3963 autem
1672 3909 1793 3961 ideo
1848 3923 1919 3963 ex
1968 3908 2241 3962 sideribus

676 4017 801 4072 quae
849 4003 900 4055 in
931 4003 1069 4057 c0310
1094 4010 1220 4055 sunt
1260 4001 1508 4068 apparuit
1554 4002 1845 4063 somnium,
1898 4008 1957 4052 ut
2005 4001 2241 4070 pretiosa

673 4093 1051 4147 ostenderetur
1083 4098 1361 4161 prosapies
1406 4093 1620 4161 generis
1646 4090 1780 4159 ejus.
1814 4092 2089 4147 Praefectte
2120 4101 2245 4145 sunt

674 4187 860 4255 itaque
914 4184 1363 4254 prtedicationes;
1413 4182 1670 4250 prtedicta
1719 4184 1863 4236 enim
1926 4193 2077 4246 sunt,
2127 4198 2245 4257 qua

672 4285 800 4333 sunt
826 4277 1075 4346 praedicta
1107 4275 1244 4346 (27).
1272 4274 1336 4328 Et
1367 4284 1495 4328 tunc
1520 4276 1750 4329 mittitur
1781 4291 1809 4329 a
1841 4285 1992 4344 patre
2014 4276 2117 4340 ,de
2139 4292 2245 4345 quo

671 4379 727 4426 et
766 4368 1161 4438 praediuioues.
1208 4367 1582 4422 Praedixerunt
1627 4366 1768 4420 enim
1827 4369 2102 4436 prophetae
2144 4375 2247 4425 :et

684 4475 817 4517 tunc
864 4461 1063 4515 missus
1096 4471 1178 4515 est
1229 4458 1399 4513 Filius
1428 4476 1455 4511 a
1497 4459 1657 4513 Patre
1720 4459 1991 4514 Christus.
2046 4459 2243 4528 Ioseph

2343 3285 2523 3327 autem
2557 3281 2677 3326 erat
2712 3271 2992 3326 consilium
3024 3282 3081 3326 et
3133 3281 3261 3325 tunc
3306 3280 3363 3323 ut
3411 3278 3621 3323 tantum
3663 3266 3921 3322 distrabe-

2346 3376 2496 3419 retur
2526 3364 2745 3432 Ioseph.
2769 3361 2935 3418 Iudas
2962 3372 3142 3419 autem
3170 3373 3276 3427 est,
3324 3362 3415 3432 qui
3452 3372 3508 3416 et
3540 3362 3596 3415 in
3636 3359 3921 3430 Evangelia

2345 3456 2601 3510 distrahit
2642 3454 2890 3511 Domino.
2925 3456 3181 3509 Ascendit
3224 3470 3255 3508 e
3300 3455 3418 3508 lacu
3462 3454 3553 3523 qui
3592 3452 3709 3519 jam
3752 3453 3919 3507 fuerat

2342 3547 2661 3605 interfectus
2694 3562 2792 3616 per
2828 3549 3063 3600 tunicam
3102 3566 3117 3601 :
3151 3557 3205 3600 et
3247 3547 3298 3599 in
3350 3548 3466 3599 lacu
3519 3555 3741 3614 putatus
3785 3558 3919 3599 mor-

2344 3651 2511 3704 tuus,
2572 3640 2873 3710 ingreditur
2931 3639 3244 3711 Egyptum.
3308 3639 3372 3693 Et
3418 3641 3612 3693 iterum
3675 3636 3796 3692 istic
3835 3651 3919 3705 per

2341 3734 2610 3793 insomnia
2670 3740 2727 3787 et
2789 3732 3055 3787 visionem
3130 3733 3331 3786 adunat
3389 3731 3598 3785 fructus
3645 3729 3918 3785 alimonias

2343 3826 2540 3878 mundo
2572 3844 2585 3877 :
2615 3832 2668 3875 et
2717 3837 2878 3892 quem
2927 3821 3315 3879 intet'fccertmt
3352 3821 3521 3876 Iudmi
3569 3831 3627 3875 et
3667 3822 3918 3877 distraxe-

2345 3926 2493 3977 runt,
2532 3918 2694 3968 istum
2739 3915 2972 3969 adorant
3020 3924 3209 3986 gentes
3264 3915 3389 3969 dum
3442 3923 3759 3982 pascuntur.
3814 3913 3916 3968 Non

2342 4007 2489 4059 enim
2520 4005 2807 4077 Algyptios
2847 4007 2993 4062 solos
3027 4008 3178 4075 pavit
3227 4005 3462 4073 Ioseph;
3514 4004 3609 4059 sed
3665 4019 3735 4058 ex
3784 4006 3913 4058 omni

2347 4100 2549 4155 mundo
2603 4096 2949 4151 confluebant
2998 4113 3189 4153 omnes
3242 4108 3430 4169 gentes
3479 4105 3536 4150 et
3591 4097 3807 4166 pepuli,
3858 4094 3917 4150 ad

2350 4189 2579 4245 formam
2644 4200 2830 4260 utpote
2880 4190 3093 4247 Domini
3141 4190 3290 4246 Iesu.
3346 4188 3545 4258 Ioseph
3595 4200 3777 4245 autem
3816 4188 3913 4258 jam

2345 4282 2603 4353 pascebat
2634 4282 2831 4339 fratres
2864 4285 3033 4353 ipsos,
3074 4286 3283 4341 scilicet
3308 4283 3396 4352 qui
3438 4298 3497 4337 se
3539 4282 3913 4348 distraxerant.

2346 4384 2400 4433 et
2424 4374 2653 4443 pretium
2686 4386 3013 4441 acceperunt
3048 4392 3230 4430 suum.
3261 4374 3443 4431 Gratis
3480 4374 3778 4445 accipiens,
3805 4389 3913 4445 gra-

2355 4469 2421 4522 tis
2453 4467 2630 4523 dabat.
2664 4468 2729 4523 Et
2760 4467 2833 4521 illi
2865 4468 3081 4536 quidem
3122 4466 3241 4535 ejus
3279 4476 3606 4534 acceperunt
3652 4466 3910 4536 pretium:

674 4567 856 4613 autem
918 4556 1058 4611 filius
1109 4556 1357 4610 veniebat
1403 4570 1430 4608 a
1485 4554 1640 4625 longe
1687 4557 1754 4609 ad
1808 4555 2007 4611 fratres
2061 4555 2245 4609 frater.
2282 4550 2325 4605 D
2355 4560 2467 4627 ipse
2498 4568 2676 4613 autem
2705 4560 2867 4613 tritici
2899 4562 3130 4628 pretium
3157 4574 3263 4613 non
3295 4559 3518 4628 accepit.
3550 4557 3656 4614 Ubi
3684 4572 3813 4628 ergo
3830 4571 3912 4612 eos

679 4649 847 4719 Magis
878 4659 1055 4701 autem
1091 4648 1157 4701 ad
1190 4662 1294 4702 non
1318 4646 1514 4701 fratres
1545 4647 1728 4701 frater.
1761 4648 1837 4701 Illi
1868 4660 2046 4707 autem
2066 4648 2249 4699 viden-

680 4753 763 4796 tes
788 4754 910 4793 etnn
950 4755 978 4793 a
1037 4739 1195 4807 longe
1240 4738 1566 4800 venientem,
1602 4739 1788 4792 dicunt
1811 4753 1875 4792 ea
1910 4752 2034 4805 quae
2078 4745 2135 4790 et
2195 4738 2246 4791 in

678 4831 967 4901 Evangelia
990 4831 1187 4900 scripta
1214 4838 1381 4882 sunt:
1417 4828 1526 4882 Iste
1566 4841 1640 4884 est
1681 4832 1868 4893 lateres,
1898 4831 2061 4883 venite
2114 4828 2251 4885 occi-

676 4927 862 4976 damus
896 4940 1035 4986 eum,
1087 4939 1132 4975 et
1170 4934 1348 4977 nostra
1379 4924 1480 4975 erit
1524 4921 1800 4975 hereditas
1833 4922 1899 4974 ".
1948 4921 2103 4984 Ecce,
2160 4921 2249 4975 ille

680 5018 874 5086 inquit,
922 5017 1201 5070 somniatur
1256 5018 1415 5080 venit,
1452 5018 1619 5069 venite
1665 5016 1963 5069 occidamus
2010 5030 2151 5077 eum,
2196 5024 2243 5073 et

680 5112 950 5162 mittamus
974 5109 1028 5161 in
1061 5125 1221 5162 unum
1252 5128 1279 5164 e
1304 5112 1432 5163 lacis
1457 5109 1524 5172 ‘°,
1554 5109 1937 5161 annuntiantes
1972 5107 2094 5176 quia
2140 5121 2245 5159 non

680 5202 854 5253 solum
912 5201 1288 5268 interficielur,
1320 5205 1413 5255 sed
1452 5202 1761 5255 inferiorem
1790 5202 1963 5254 locum
2002 5200 2243 5254 habebit.

686 5295 745 5348 Et
774 5292 969 5360 Ioseph
1000 5293 1216 5361 quidem
1266 5298 1745 5365 appropinquavit:
1792 5294 2247 5365 appropinquavit

680 5387 746 5435 ad
777 5383 1035 5451 judicimn
1062 5384 1317 5451 fratrum,
1346 5389 1411 5440 ad
1440 5388 1799 5443 visitationem
1834 5387 2093 5442 malorum
2121 5403 2134 5439 :
2171 5388 2246 5441 illi

760 5542 805 5572 "
836 5540 967 5595 Gen.
1001 5556 1209 5602 xxxvn,
1238 5542 1293 5600 7.
1398 5543 1439 5573 ⁸⁷
1477 5543 1629 5606 ibid.,
1661 5542 1715 5598 8.

687 5610 730 5644 “
773 5612 927 5666 Rom.
968 5627 1046 5676 ιιι,
1073 5612 1125 5665 5.

1804 5542 1848 5574 ⁸⁸
1883 5544 2034 5610 ibid.,
2071 5543 2123 5598 9.

764 5767 879 5835 (‘27)
909 5766 1069 5843 Forte
1096 5766 1334 5835 perfecta:
1363 5783 1480 5820 sunt
1508 5768 1681 5843 itaque
1720 5770 2103 5839 pradictiones,
2122 5788 2234 5843 pen.

690 5837 825 5909 [ecta
847 5840 981 5893 enim
1009 5846 1129 5893 sunt
1154 5854 1270 5907 qua:
1294 5847 1413 5891 sunt
1451 5839 1721 5894 mwdictu.

2203 5544 2246 5574 ”
2275 5543 2460 5601 Matth.
2498 5561 2605 5603 xxI.
2639 5542 2727 5598 58.

2355 4653 2444 4719 qui
2480 4648 2764 4707 aﬂixernnt
2806 4651 2952 4706 cruci
2980 4660 3035 4703 et
3074 4649 3482 4713 distraxerunt,
3524 4650 3699 4718 pascit
3743 4647 3907 4703 Domi-

2355 4758 2455 4795 nus
2486 4740 2639 4797 Iesus
2656 4742 2689 4803 ἲ,
2717 4742 2792 4799 Ex
2828 4742 2959 4811 ipsis
2999 4741 3188 4797 Petrus
3213 4752 3314 4803 est.
3340 4755 3405 4795 ex
3443 4741 3577 4810 ipsis
3604 4751 3661 4795 et
3689 4739 3907 4803 Paulus.

2352 4843 2405 4886 et
2427 4832 2602 4887 caeteri
2644 4834 2890 4903 apostoli.
2920 4834 2987 4888 Et
3017 4834 3209 4889 fratres
3234 4842 3291 4888 et
3314 4832 3539 4902 apostoli
3585 4833 3654 4886 ad
3696 4832 3900 4887 Paulum

2351 4926 2538 4980 dicunt
2567 4942 2580 4978 :
2614 4923 2846 4981 Intueris
2870 4967 2885 4991 ,
2918 4928 3114 4993 inquit,
3148 4936 3347 4995 quanta
3374 4924 3543 4979 millia
3573 4934 3697 4978 sunt
3735 4925 3788 4979 in
3822 4922 3909 4977 Ju-

2357 5021 2472 5077 dtea
2500 5022 2588 5091 qui
2623 5019 3064 5074 crediderunt"?
3106 5019 3243 5084 Quid
3268 5032 3437 5073 autem
3468 5021 3516 5072 si
3547 5036 3652 5071 non
3691 5019 3899 5071 credide-

2356 5124 2477 5167 runt
2503 5113 2716 5183 quidam
2740 5110 3027 5180 ‘P'nunquid
3051 5111 3389 5164 incredulitas
3422 5126 3603 5164 eorum
3636 5111 3796 5180 ﬁdem
3823 5109 3907 5165 Dei

2354 5206 2665 5260 evacuabit?
2696 5203 2845 5259 Absit
2871 5216 3041 5257 autem
3083 5204 3148 5258 ⁸³.
3183 5204 3250 5259 Et
3293 5215 3645 5258 contumaces
3681 5203 3909 5256 volumus

2354 5298 2499 5367 pasci
2530 5313 2623 5365 per
2647 5296 2856 5349 Iesum.
2902 5296 3182 5349 Prohibuit
3222 5310 3315 5350 eos
3350 5294 3510 5350 idolis
3554 5295 3781 5349 servire.
3819 5294 3905 5347 Sed

2354 5405 2533 5444 sermo
2560 5391 2625 5443 ad
2655 5389 2929 5459 proposita
2948 5387 3187 5451 festinat,
3222 5397 3280 5441 ut
3316 5388 3572 5442 ostendat
3596 5396 3653 5442 et
3682 5385 3903 5440 dolorem

2816 5542 2859 5575 ⁸⁸
2884 5542 3019 5598 Gen.
3056 5557 3265 5607 xxxvii,
3298 5539 3391 5601 20.
3468 5543 3509 5575 δ’
3539 5544 3663 5599 Act.
3690 5558 3803 5609 nt,
3827 5538 3904 5597 ιο.

2416 5772 2530 5844 (98)
2575 5773 2799 5844 Spiritu.
2843 5773 3009 5831 Eone
3040 5774 3283 5848 spiritus.
