4072 6424
1369 402 1461 458 DE
1495 401 2099 461 RESURRECTIONE.
2151 434 2209 446 —-
2247 401 2379 460 LIB.
2419 405 2462 460 1.

221 521 418 591 Iacob,
450 535 508 581 et
537 523 665 596 quia
694 538 805 580 non
834 523 936 580 ista
960 523 1073 579 vita
1098 537 1226 594 spes
1263 532 1348 578 est
1377 523 1668 594 religiosis.
1695 523 1805 580 Pu-
1834 528 1880 585 Α
1910 540 2016 580 non
2057 525 2306 596 permisit
2331 539 2458 580 eum
2501 523 2644 580 Deus
2675 542 2690 580 :
2723 522 2916 579 habuit
2963 521 3243 579 solatium.
3293 521 3493 580 Dilexit

223 625 314 674 tas
365 625 543 690 potest
587 617 857 673 sustinere
924 617 1042 672 sine
1109 616 1366 688 lacrymis
1420 617 1612 672 audire
1643 629 1806 671 :cum

223 709 412 766 tunica
448 708 540 764 illa
576 707 840 779 sanguine
865 707 1032 764 tincta
1060 707 1114 762 in
1143 722 1304 762 manu
1335 705 1504 764 lacob
1525 717 1611 762 est
1632 707 1806 776 posita

222 815 352 855 cum
389 815 524 856 voce
552 799 640 853 illa
667 799 945 854 conﬁcta?
972 797 1166 867 Istam,
1194 799 1390 869 inquit,
1412 801 1707 854 inuenimus
1731 799 1801 866 “,

223 891 388 945 istam
414 887 679 958 sanguine
699 887 987 959 pollutam.
1026 903 1260 959 agnosce
1293 887 1449 958 cujus
1485 898 1572 944 est
1595 890 1800 955 tunica,

221 993 461 1050 agnosce
491 988 641 1034 tuum
668 979 932 1035 dolorem.
959 979 1126 1036 Dolor
1151 980 1369 1050 quidem
1391 991 1514 1036 erat
1535 983 1709 1050 patris
1735 982 1802 1036 de

219 1081 437 1128 mortuo
461 1070 681 1143 Joseph.
709 1073 839 1128 Erat
864 1088 972 1128 nou
999 1072 1258 1130 ferendus
1302 1073 1478 1139 dolor,
1528 1076 1656 1143 quia
1700 1088 1800 1130 nec

217 1173 350 1218 ante
399 1163 590 1219 oculos
638 1179 769 1220 suos
819 1165 1130 1220 decesserat
1167 1163 1312 1228 tilius
1350 1165 1611 1220 :videtur
1651 1166 1796 1220 enim

216 1254 365 1310 istud
390 1253 645 1309 solatium
695 1269 816 1310 esse
863 1257 988 1324 quia
1036 1253 1209 1320 aﬂuit,
1268 1255 1396 1325 quia
1446 1256 1796 1310 novissimam

215 1345 338 1412 ejus
371 1361 559 1401 vocem
589 1347 851 1416 suscepit,
879 1346 1006 1415 quia
1032 1355 1088 1401 et
1111 1346 1319 1401 dimisit
1361 1347 1411 1401 ei
1437 1347 1506 1401 ad
1547 1348 1799 1402 consola-

217 1439 420 1493 tionem
473 1437 719 1502 verbum,
755 1437 881 1506 quia
929 1436 1188 1507 reliquias
1223 1437 1344 1506 ejus
1395 1437 1797 1492 commendavit

216 1536 396 1584 terrc.
431 1528 561 1582 Cum
598 1539 778 1583 autem
807 1537 1054 1583 mortuus
1075 1527 1239 1584 fuerit
1272 1527 1497 1600 Ioseph,
1531 1541 1794 1599 quantum

213 1621 283 1675 ad
309 1621 563 1676 nuntium
593 1629 897 1690 exspectat,
935 1632 1197 1692 quantum
1244 1622 1313 1677 ad
1362 1623 1790 1688 distractionem,

212 1724 268 1766 et
299 1713 565 1768 incertum
607 1711 679 1766 sit
701 1712 1054 1766 homicidium
1077 1720 1170 1766 aut
1202 1726 1374 1774 mors.
1405 1712 1576 1767 incisa
1609 1725 1789 1768 autem

1907 617 2052 672 enim
2083 630 2207 672 eum
2241 616 2335 686 qui
2359 624 2586 682 emerat,
2610 629 2770 684 quem
2815 615 3045 669 oderant
3080 613 3306 672 fratres.
3352 613 3492 681 Quid

1907 710 2094 782 igitur.
2159 710 2283 766 istic
2328 718 2488 780 putas
2525 708 2854 764 obdormivit
2909 706 3154 778 invidia?
3192 715 3349 774 putas
3389 706 3491 762 de-

1909 802 2091 870 spexit
2113 801 2359 857 diabolus
2375 801 2801 856 consolationem
2829 798 3028 869 Joseph
3046 799 3070 852 i
3089 797 3332 852 Habebat
3357 811 3492 852 con-

1898 892 2082 964 jugem
2107 892 2396 964 Egyptius
2424 893 2471 925 “
2540 911 2553 947 :
2620 908 2716 964 per
2746 892 3030 947 mulierem
3058 890 3221 960 igitur
3245 887 3491 944 diabolus

1908 986 2273 1042 machinatur.
2315 985 2589 1056 Diligitur,
2623 985 2816 1054 inquit,
2851 983 3025 1038 bonus
3069 997 3177 1036 non
3217 982 3376 1037 bene.
3420 977 3490 1035 Et

1898 1092 2028 1132 vere
2055 1091 2196 1131 nunc
2226 1075 2458 1130 incurrit
2495 1076 2548 1129 in
2583 1073 2752 1129 feram
2794 1071 3014 1142 Joseph,
3067 1081 3121 1126 et
3165 1072 3488 1140 ﬁgmentum

1900 1168 2131 1222 fratrum
2160 1166 2416 1220 transivit
2437 1167 2504 1220 ad
2534 1173 2733 1219 actum.
2765 1163 2957 1218 Mulier
2991 1163 3267 1227 insistens,
3292 1161 3490 1216 mulier

1897 1258 2244 1328 semetipsam
2266 1257 2553 1323 decoratis,
2580 1258 2646 1310 ad
2669 1256 2918 1324 laqueum
2940 1255 3117 1309 verbis
3135 1254 3383 1316 illiciens,
3409 1251 3456 1306 la

1895 1348 2238 1419 pidibus(3%)
2270 1348 2526 1412 suadens,
2562 1348 2818 1401 odoribus
2842 1345 3082 1413 capiens,
3112 1353 3166 1400 et
3191 1345 3370 1398 varias
3393 1358 3488 1398 ve-

1894 1450 2010 1495 stes
2028 1449 2084 1493 ut
2105 1439 2240 1492 retia
2257 1438 2586 1506 expandens.
2611 1437 2675 1491 Et
2690 1439 2899 1491 intuere
2917 1436 3048 1489 mihi
3067 1435 3410 1505 peregrinum
3431 1441 3488 1488 et

1896 1530 2321 1585 adolescentem.
2349 1528 2566 1584 Intuere
2593 1544 2713 1584 eum
2739 1529 2828 1596 qui
2860 1543 2964 1582 non
2993 1527 3226 1581 habebat
3248 1539 3484 1595 patrem,

1893 1633 2002 1673 non
2035 1628 2265 1672 matrem
2298 1627 2642 1686 praesentem.
2683 1618 2895 1671 Intuere
2936 1616 3257 1670 distractum
3309 1630 3338 1668 a
3373 1612 3484 1667 fra-

1893 1711 2088 1776 tribus,
2115 1719 2170 1766 et
2195 1719 2382 1764 contra
2417 1709 2733 1780 dignitatem
2789 1708 3116 1763 servientem
3165 1706 3480 1773 ingenuum,

211 1813 341 1860 sunt
367 1804 537 1874 patris
565 1804 794 1860 viscera.
831 1803 1023 1859 Omnia
1068 1805 1400 1874 suspicatur,
1449 1807 1632 1861 omnia
1680 1807 1784 1862 sibi
1889 1811 1945 1857 et
1973 1819 2180 1858 memor
2201 1810 2318 1858 esto
2359 1803 2645 1856 verborum
2676 1815 2794 1869 quae
2819 1816 2848 1852 a
2877 1800 3104 1854 muliere
3150 1796 3483 1866 promeban-

209 1895 492 1959 describit,
529 1904 586 1951 et
639 1895 837 1951 multas
875 1905 1076 1952 mortes
1121 1911 1224 1966 pro
1264 1912 1372 1952 una
1416 1899 1682 1953 imitatur.
1722 1899 1780 1954 Si
1814 1879 1858 1935 Β
1891 1904 2000 1956 tur.
2028 1907 2083 1950 et
2120 1894 2211 1948 illa
2265 1895 2388 1950 [icta
2438 1892 2683 1948 mulieris
2722 1892 3111 1946 blandimenta.
3164 1887 3380 1942 intuere
3424 1893 3482 1941 et

207 1987 333 2057 quis
361 1989 592 2043 sustinet
633 1987 715 2043 vel
748 1989 993 2042 auditum
1016 2027 1034 2052 ,
1079 2002 1187 2044 non
1232 1987 1407 2043 solum
1444 1991 1538 2059 qui
1577 1991 1782 2060 genuit,

208 2080 295 2135 vel
320 2080 412 2149 qui
441 2078 668 2146 audivit,
699 2080 882 2134 tunica
913 2080 1214 2149 composita
1261 2091 1318 2135 et
1363 2081 1566 2144 scissa;
1611 2081 1687 2136 ita
1723 2089 1786 2137 ut

206 2179 262 2225 et
290 2177 548 2240 parerent
577 2184 790 2224 morsus
812 2167 941 2225 fera:
968 2171 1215 2240 impressi
1247 2185 1346 2240 per
1373 2172 1632 2228 tunicam.
1663 2171 1786 2229 Uti-

208 2276 336 2316 nam
363 2261 651 2324 dixissent,
675 2261 802 2331 quia
827 2271 882 2315 et
906 2261 959 2316 in
989 2260 1166 2317 lacum
1213 2262 1413 2318 cecidit
1452 2263 1736 2319 ambulans
1762 2281 1778 2319 :

204 2361 262 2406 et
285 2353 572 2408 videbatur
594 2353 907 2424 ﬁgmentum
955 2353 1256 2423 proximum
1307 2355 1520 2408 veritati
1565 2354 1778 2412 haberi.

205 2444 315 2500 Sed
351 2447 588 2516 suspecti
612 2457 740 2502 sunt
775 2461 843 2501 ne
874 2456 1242 2518 arguerentur.
1279 2447 1609 2518 Requirebat
1634 2450 1778 2506 enim

203 2535 274 2594 ab
293 2536 376 2592 eis
404 2537 669 2607 reliquias
701 2547 876 2608 pater.
919 2537 1214 2609 Suspectus
1244 2541 1422 2609 itaque
1461 2541 1631 2597 Jacob
1670 2553 1776 2609 est,

201 2627 330 2697 quia
356 2638 596 2684 mortuus
618 2638 700 2684 est
729 2628 927 2698 Joseph
954 2670 969 2694 ,
1003 2639 1058 2686 et
1094 2646 1218 2685 esca
1252 2631 1428 2687 factus
1472 2642 1559 2687 est
1603 2633 1774 2688 feris:

201 2719 590 2774 nuntiaverunt
639 2719 782 2775 enim
807 2718 1062 2786 .fratres,
1113 2723 1412 2777 testabatur
1469 2732 1527 2779 et
1570 2725 1774 2781 tunica.

201 2809 338 2876 Quis
367 2821 631 2880 portaret,
660 2811 783 2880 quis
804 2812 1098 2868 sustineret
1123 2827 1331 2868 memor
1350 2813 1494 2869 illius
1527 2813 1776 2886 Joseph?

198 2916 324 2955 cum
373 2909 519 2957 esset
575 2917 697 2956 cum
747 2911 903 2973 patre
976 2913 1267 2973 antequam
1336 2905 1773 2961 distraheretur?

197 2992 384 3047 decem
425 2999 482 3047 et
500 3001 706 3061 septem
733 2994 892 3048 annis
929 3003 1047 3047 erat
1083 2994 1133 3049 ei
1166 3005 1432 3061 mortuus,
1488 3005 1546 3052 et
1586 2997 1772 3054 tunica

1889 1987 2108 2042 divitias
2135 1985 2355 2057 Egypti
2403 1995 2652 2040 ostensas
2698 1999 2729 2038 a
2774 1983 3028 2052 conjuge,
3084 1967 3480 2050 promissiones

1889 2079 2156 2144 mulieris,
2185 2078 2464 2133 tristitiam
2492 2077 2646 2147 pueri
2674 2093 2688 2131 :
2729 2075 2882 2146 pueri
2923 2073 3249 2144 angustiam,
3280 2069 3478 2124 mulie-

1890 2171 1968 2226 ris
1995 2171 2416 2234 abundautiam;
2451 2177 2771 2240 potestatem
2797 2168 2941 2222 enim
2982 2163 3219 2222 habebat
3245 2162 3473 2228 domus;

1887 2263 2258 2319 additamenta
2274 2261 2613 2316 tentationis.
2637 2260 2859 2314 Dicebat
2881 2259 3026 2314 enim
3051 2256 3248 2311 mulier
3269 2253 3472 2310 multa:

1885 2371 1994 2410 non
2025 2354 2282 2410 audiebat
2302 2361 2484 2409 autem
2511 2353 2759 2422 pudicus.
2794 2350 3129 2422 Depingebat
3151 2347 3252 2403 sibi
3286 2347 3476 2404 oculos

1884 2448 1977 2504 illa
2007 2468 2022 2504 :
2046 2448 2248 2518 Josepb
2275 2456 2456 2502 autem
2482 2461 2611 2501 suos
2639 2444 2951 2500 claudebat.
3003 2442 3094 2498 illa
3116 2457 3176 2498 se
3197 2441 3473 2511 lapidibus

1883 2535 2312 2595 coronabatzet
2362 2537 2453 2592 ille
2499 2550 2559 2591 se
2619 2550 2651 2589 a
2710 2533 2982 2605 lapidibus
3046 2548 3114 2588 ne
3171 2532 3474 2588 oll‘enderet

1883 2627 2257 2685 custodiebat.
2305 2626 2402 2682 illa
2451 2625 2853 2694 contorquebat
2901 2622 3127 2692 capillus
3189 2637 3320 2677 suos
3358 2640 3372 2676 :
3413 2629 3472 2676 et

1881 2721 1975 2777 ille
1994 2720 2208 2775 vitabat
2232 2727 2292 2772 ut
2314 2718 2549 2773 vincula.
2581 2717 2675 2772 Illa
2708 2716 2864 2770 varia
2904 2716 3232 2769 vestimenta
3281 2714 3472 2767 uteba-

1882 2822 2008 2868 tur:
2040 2821 2096 2867 et
2135 2811 2225 2866 ille
2261 2811 2577 2866 intuebatur
2601 2809 2949 2879 Opiiiciorum
2984 2807 3326 2861 varietatem.
3377 2804 3470 2860 llla

1878 2902 2130 2960 movebat
2158 2903 2509 2972 thymiamata
2538 2903 2605 2956 ad
2627 2902 2849 2956 odorem
2879 2916 2893 2952 :
2932 2899 3020 2955 ille
3044 2907 3228 2953 autem
3245 2897 3470 2952 odorem

1877 2998 2152 3068 pudicitiae
2195 2999 2436 3052 odorans
2495 2997 2751 3051 domabat
2793 3010 2947 3050 suam
2998 2991 3466 3058 adolescentiam,

195 3081 560 3140 immortalem
593 3084 918 3154 suggerebat
945 3094 1198 3142 mortem.
1240 3085 1397 3146 Sicut
1432 3088 1578 3144 enim
1606 3091 1774 3146 mise—
1870 3091 2060 3160 junior
2091 3100 2356 3162 quantum
2382 3089 2450 3143 ad
2473 3097 2713 3154 aetatem,
2746 3086 2934 3142 senior
2965 3095 3146 3139 autem
3175 3082 3464 3153 sapientia.

195 3175 439 3231 ricordes
482 3185 609 3230 sunt
665 3188 888 3246 patres,
939 3191 1326 3248 nonnunquam
1379 3189 1440 3234 ut
1504 3181 1772 3236 retineant

1885 3185 2010 3243 Cum
2040 3196 2221 3240 autem
2248 3199 2354 3238 non
2401 3180 2670 3235 valuisset
2706 3177 2953 3232 mulieris
2996 3175 3426 3230 blandimentum
3447 3209 3468 3238 ,

194 3268 395 3338 ﬁguras
422 3267 658 3323 ﬁliorum
690 3285 787 3339 per
816 3269 1026 3324 colores
1058 3271 1398 3342 depingunt,
1444 3273 1774 3342 easdemque
1798 3264 1844 3292 “
1873 3277 2157 3334 transtulit
2189 3273 2622 3329 blandimentum
2663 3269 2730 3324 ad
2767 3271 2900 3323 vim.
2947 3265 3096 3322 Nova
3125 3264 3326 3333 quippe
3347 3271 3468 3317 tra-

194 3362 499 3420 recondunt
525 3362 577 3415 in
603 3360 877 3426 domibus,
905 3372 965 3415 ut
994 3371 1188 3432 putant
1215 3364 1435 3431 quidam
1468 3363 1536 3418 ad
1573 3377 1776 3420 conso-
1875 3372 2058 3443 gmdia
2086 3370 2139 3424 in
2165 3368 2344 3439 primo
2369 3365 2533 3419 liebat
2561 3362 2766 3430 Joseph
2792 3401 2808 3426 ,
2862 3360 3007 3415 forte
3036 3367 3092 3413 et
3119 3357 3257 3412 solo.
3283 3355 3469 3426 Siqui-

194 3451 475 3508 lationem.
526 3451 843 3521 Emgiantur
876 3455 943 3508 ad
990 3455 1420 3510 admonitionem
1474 3455 1770 3510 dolorum:

195 3545 266 3600 ita
293 3556 350 3600 et
369 3545 553 3600 tunica
587 3545 674 3600 illa
699 3546 978 3600 recondita
1010 3545 1180 3612 domi,
1225 3556 1282 3600 et
1317 3547 1524 3602 habens
1551 3546 1772 3617 sangui-

193 3653 318 3696 nem
345 3638 830 3695 inveterasceutem
859 3653 964 3692 non
997 3637 1132 3692 haedi
1160 3646 1403 3707 putatum
1420 3638 1514 3693 sed
1549 3635 1769 3706 Joseph,

191 3741 247 3786 et
277 3747 490 3787 morsus
524 3731 807 3802 compositi
852 3729 966 3802 (29)
1016 3740 1072 3787 et
1127 3730 1365 3800 impositi
1410 3729 1671 3796 terarum,
1715 3739 1774 3786 et

193 3825 295 3883 hoc
323 3824 647 3880 silvestrium
673 3864 688 3888 ,
724 3838 941 3893 semper
982 3822 1251 3878 faciebant
1295 3823 1538 3877 dolorem
1561 3821 1768 3879 Jacob:

191 3915 401 3976 videns,
426 3915 771 3978 condiscens,
798 3925 1026 3984 tangens
1049 3928 1266 3984 semper
1288 3914 1458 3970 lilium
1490 3931 1591 3986 per
1620 3915 1770 3969 illam

193 4008 427 4064 tunicam
459 4007 571 4077 (50)
603 4027 615 4061 :
650 4017 874 4077 tangens
907 4020 1026 4060 eam
1049 4017 1106 4061 et
1128 4007 1303 4063 oculis
1341 4007 1552 4063 videns.
1597 4006 1665 4064 Et
1703 4023 1771 4063 ne

189 4101 312 4168 quis
339 4099 696 4168 reprehendat
737 4112 1042 4154 sermonem
1071 4142 1084 4165 ,
1116 4099 1247 4171 quia
1289 4099 1558 4154 dolentem
1595 4099 1770 4154 intro-

189 4190 552 4257 ducojustum
582 4208 597 4244 :
625 4200 753 4245 sunt
797 4190 942 4245 enim
986 4201 1041 4245 et
1088 4193 1470 4248 misericordes
1509 4193 1767 4263 religiosi.

193 4281 326 4336 Nam
377 4290 432 4337 et
479 4283 787 4337 audivimus
841 4299 965 4339 eum
1017 4285 1487 4341 dicentetu:Csnt
1547 4303 1768 4354 omnes,

192 4373 386 4444 inquit,
431 4373 533 4442 ﬁlii
579 4385 625 4428 et
669 4375 797 4442 [ilia
849 4379 1192 4434 accessissent
1245 4388 1301 4432 ut
1371 4378 1772 4433 consolarentur

188 4479 327 4527 eum,
364 4480 466 4518 non
487 4467 708 4535 suscepit
727 4482 906 4520 eorum
933 4467 1348 4524 cumulationem
1373 4471 1448 4536 “;
1481 4486 1587 4525 non
1621 4471 1769 4526 sine-

1872 3464 1995 3517 dem
2019 3477 2047 3516 a
2081 3461 2218 3515 viris
2251 3460 2360 3512 vim
2394 3457 2508 3527 pati
2547 3453 2842 3518 mulieres,
2882 3460 3076 3506 natura
3120 3450 3237 3519 ipsa
3274 3447 3469 3502 mulie-

1874 3571 1994 3610 rum
2023 3553 2261 3608 suadet:
2298 3547 2498 3620 Joseph
2545 3555 2731 3601 autem
2787 3545 2938 3600 solus
2991 3556 3021 3596 a
3069 3542 3297 3596 muliere
3354 3537 3466 3593 vim

1871 3642 2280 3716 periclitabatur
2327 3640 2620 3696 sustinere.
2673 3636 2918 3692 Accessit
2962 3634 3107 3689 enim
3158 3631 3353 3686 mulier
3395 3631 3466 3685 ad

1872 3739 2295 3800 adolescentem,
2355 3733 2469 3791 sola
2522 3731 2590 3787 ad
2655 3731 2874 3785 solum:
2909 3728 3190 3784 hominum
3243 3722 3467 3778 videbat

1873 3833 2070 3887 nullus.
2112 3830 2208 3884 Ille
2235 3838 2416 3882 autem
2447 3829 2539 3895 qui
2574 3831 2643 3878 ab
2671 3823 2985 3878 hominibus
3015 3833 3124 3874 non
3153 3817 3463 3883 videbatur,

1872 3923 2041 3978 Deum
2125 3919 2450 3976 invisibilem
2530 3916 2864 3971 intuebatur.
2945 3912 3280 3966 lmmittebat
3346 3905 3466 3961 fera

1870 4012 2103 4083 ungulas
2125 4026 2254 4067 suas
2303 4009 2374 4064 ad
2421 4007 2664 4062 tunicam
2718 4004 2943 4073 Joseph.
2999 4002 3090 4056 llle
3137 4009 3318 4055 autem
3365 3997 3464 4067 qui

1871 4111 2230 4163 consueverat
2263 4101 2443 4158 tunica
2467 4097 2693 4162 salvari,
2729 4106 2784 4152 et
2808 4097 2900 4166 qui
2925 4094 3167 4148 tunicam
3198 4088 3465 4146 fratribus

1870 4195 2041 4260 dedit,
2067 4202 2122 4249 et
2148 4208 2178 4248 a
2207 4190 2522 4262 deceptione
2549 4187 2779 4243 fratrum
2800 4197 2888 4242 est
2917 4185 3202 4247 liberatus,
3242 4180 3467 4250 reliquit

1869 4299 1928 4345 et
1961 4302 2103 4342 nunc
2125 4285 2364 4341 tunicam
2390 4284 2444 4338 iu
2477 4298 2638 4337 manu
2668 4279 2943 4343 mulieris,
2980 4284 3038 4330 ut
3077 4291 3182 4330 non
3223 4272 3464 4327 dimitte-

1871 4391 1957 4437 ret
1976 4393 2130 4435 suam
2157 4379 2393 4434 animam
2428 4376 2482 4430 in
2509 4375 2759 4429 manibus
2799 4370 3146 4442 impudicitia:
3172 4387 3185 4423 :
3217 4375 3272 4422 et
3294 4365 3465 4421 exivit

1871 4474 2046 4529 nudus
2085 4487 2116 4526 a
2150 4472 2352 4537 tunica,
2395 4467 2654 4538 pudicitia
2703 4476 2884 4521 autem
2927 4463 3157 4517 amictus
3192 4474 3313 4525 sua,
3371 4457 3463 4514 illo

189 4558 280 4613 bat
309 4559 452 4614 enim
487 4560 667 4614 tunica
694 4564 958 4633 sanguine
1003 4565 1192 4619 tincta.
1244 4565 1391 4621 Dixit
1435 4567 1579 4621 enim
1608 4581 1624 4622 :
1659 4567 1764 4622 De-
1799 4585 1847 4643 ι)
1875 4573 2062 4621 sancto
2083 4571 2139 4620 et
2169 4563 2365 4634 pudico
2393 4560 2712 4615 vestimento
2759 4557 3000 4613 indutus.
3055 4551 3246 4606 Mulier
3279 4558 3460 4643 autem

186 4653 430 4708 scendam
454 4655 522 4707 ad
551 4652 814 4722 infernum
835 4673 953 4711 cum
982 4658 1160 4712 dolore
1190 4660 1259 4712 ad
1279 4658 1451 4728 [ilium
1477 4660 1523 4692 “
1552 4679 1566 4714 τ
1595 4670 1778 4719 tantus
1803 4640 1818 4643 v
1878 4659 2066 4712 videtis
2092 4657 2245 4728 pueri
2295 4651 2684 4717 constantiam,
2725 4661 2780 4706 et
2827 4647 3099 4720 pudicitiae
3153 4640 3459 4711 imperium,

189 4754 306 4798 erat
351 4746 524 4800 dolor.
561 4747 662 4803 Ubi
691 4763 822 4818 ergo
857 4751 1142 4817 promissio
1184 4752 1313 4815 est?
1355 4753 1508 4822 cujus
1541 4755 1775 4823 promis-
1871 4750 2124 4805 detinens
2161 4748 2399 4803 tunicam
2443 4745 2580 4815 ejus,
2627 4742 2772 4798 sicut
2820 4755 2984 4796 canes
3029 4738 3341 4793 irascuntur
3391 4734 3463 4788 ad

190 4837 392 4892 sionem
431 4838 704 4909 impletum
737 4842 876 4910 patri
927 4840 1140 4898 deﬂenti
1198 4853 1293 4898 aut
1326 4843 1437 4900 lilio
1477 4845 1770 4900 morienti?
1868 4842 2072 4913 lapides
2093 4840 2188 4911 qui
2218 4840 2285 4894 ad
2309 4853 2404 4895 eos
2433 4837 2637 4893 fuerint
2671 4836 2824 4890 missi
2857 4855 2868 4890 :
2899 4843 2954 4889 et
2980 4833 3123 4887 sicut
3147 4830 3462 4899 frequenter

190 4929 321 4985 Nam
347 4933 448 4985 etsi
478 4947 583 4986 non
610 4943 692 4988 est
718 4944 984 4999 mortuus,
1020 4944 1202 4992 tamen
1228 4937 1480 4992 timorem
1507 4945 1764 5006 expertus
1865 4935 2088 5006 quidam
2161 4931 2478 5001 eﬂ‘ugientes
2549 4929 2755 4986 bestias
2787 4969 2802 4994 ,
2880 4936 3089 4998 partem
3151 4923 3459 4977 vestimenti

189 5033 271 5077 est
299 5024 511 5079 mortis.
565 5023 698 5079 Puta
750 5029 878 5095 quia
909 5043 1015 5082 non
1062 5039 1146 5083 est
1178 5037 1466 5093 mortuus,
1521 5043 1628 5082 non
1679 5035 1769 5083 est
1860 5028 2154 5097 jactantes,
2209 5025 2416 5080 iaciunt
2455 5039 2550 5078 eas
2601 5023 2738 5077 iram
2783 5024 2838 5077 in
2890 5030 3098 5090 partem
3154 5016 3458 5071 vestimenti

188 5114 497 5179 distractus,
544 5131 649 5171 non
703 5119 939 5174 serviit?
987 5121 1078 5176 ille
1127 5121 1256 5191 quia
1314 5121 1367 5177 in
1431 5123 1553 5178 sinu
1613 5123 1764 5175 lusus
1864 5121 2135 5188 deponere
2160 5132 2312 5172 suam
2352 5115 2723 5181 :itaillalea,
2754 5125 2846 5170 aut
2873 5115 2975 5169 alia
2999 5114 3242 5183 quadam
3287 5109 3460 5164 bestia

187 5207 355 5276 patris
379 5206 490 5276 (3i)
523 5223 706 5279 agens,
747 5226 854 5264 non
881 5211 1201 5268 mittebatur
1246 5213 1418 5278 foras,
1460 5228 1605 5268 nunc
1648 5226 1765 5268 ser-
1864 5212 2264 5275 dira,tunicam
2286 5209 2467 5280 pudici
2493 5209 2790 5277 accipiens,
2815 5219 2867 5262 et
2890 5207 3138 5262 manibus
3164 5215 3218 5259 et
3243 5203 3460 5274 ungulis

190 5297 280 5352 vit.
316 5295 500 5351 Servit
528 5309 731 5363 autem,
767 5308 823 5353 et
847 5305 1162 5357 servitutem
1207 5302 1611 5375 Egyptiorum.
1650 5302 1758 5358 Sed
1865 5303 2335 5373 comprehendeus
2359 5311 2416 5358 et
2441 5311 2654 5368 tenens,
2683 5312 2740 5358 et
2769 5302 3022 5358 scindens
3045 5300 3280 5356 undioue
3311 5312 3461 5352 cont-

254 5499 302 5534 “
328 5495 464 5554 Gen.
499 5514 699 5562 xxxv",
732 5499 823 5554 52.
897 5498 1100 5555 “ibid.
1149 5502 1239 5557 '55.
1313 5503 1358 5535 “
1381 5503 1511 5558 ibid.
1574 5503 1630 5536 ‘“
1671 5503 1809 5562 Gen.
1845 5519 2040 5568 xxxix,
2089 5502 2143 5556 7.

1933 5707 2047 5778 (3|)
2081 5707 2148 5781 [rt
2189 5712 2307 5764 sinu
2330 5715 2475 5765 lusus
2498 5713 2687 5776 patris.
2730 5713 2834 5768 Pro
2864 5715 2916 5767 in
2952 5716 3067 5768 sinu
3098 5715 3264 5781 patris
3298 5713 3452 5776 lusus

1862 5795 2041 5851 agens.
2075 5778 2249 5851 Supra
2276 5797 2396 5851 pag.
2436 5781 2558 5837 485.
2595 5798 2649 5834 a.
2683 5783 2812 5836 Post
2837 5786 3006 5851 futuri
3036 5778 3155 5840 sunt
3187 5797 3262 5846 te.

1933 5847 2044 5922 (52p
2077 5847 2389 5928 uiridibus}
2422 5853 2472 5909 id
2502 5863 2617 5920 est,
2655 5847 2890 5920 qam-nis.

255 5700 371 5771 (29)
422 5701 628 5757 Marsus
681 5703 970 5772 compositi.
1011 5704 1283 5763 Iorsuum
1327 5721 1466 5767 nota:
1510 5711 1754 5772 conﬁctae

191 5772 251 5826 ad
284 5772 571 5835 fallendum
597 5783 823 5840 patrem.

255 5842 368 5914 (30)
400 5841 496 5899 Ms.
531 5841 635 5900 Per
671 5845 816 5902 illam
854 5843 1093 5917 electam
1129 5851 1376 5916 tunicam.
