4072 6402
640 404 781 463 1087
1282 393 1553 451 EUSEBII
1591 389 2069 449 CESARIENSlS
2106 389 2250 442 OPP.

2352 389 2475 439 ωδ
2514 389 2602 438 Π.
2642 413 2715 424 --
2752 387 3170 438 υυωιΑῊιΑ.
3786 384 3911 433 £08!

643 524 879 595 ponebat
919 518 1107 573 falsam
1150 516 1583 571 adinventionem
1630 527 1783 567 suam
1809 511 2008 582 pudico
2045 507 2216 561 ascri-
2246 510 2293 567 Α
2321 513 2494 558 suuta
2527 503 2949 595 resurrectione.
2982 501 3047 555 Et
3069 502 3320 554 videmur
3339 500 3569 570 quidem
3601 500 3910 595 protrahere

644 588 799 676 item,
828 621 882 667 et
907 611 1203 666 honestiam
1229 608 1344 679 (33)
1373 608 1513 661 adse
1536 604 1883 660 transferens.
1919 598 2213 671 impudenti
2322 603 2610 648 tractatuum
2645 594 2735 647 diu
2768 592 2872 647 hoc
2890 602 3213 659 exposcente
3246 602 3303 645 et
3340 600 3620 645 maturam
3661 588 3909 644 refectio-

645 708 790 760 enim
819 705 1189 765 clamatvoce,
1212 710 1542 755 etconvocat
1564 702 1821 753 adversus
1844 712 1902 751 se
1926 694 2221 750 convictio-
2321 704 2444 743 nem
2475 697 2682 741 tenere.
2717 683 2822 739 Sed
2850 683 2989 737 forte
3030 697 3126 737 nec
3158 683 3446 736 inituorari
3484 692 3572 736 est
3596 680 3666 735 ad
3704 684 3909 743 Otium;
4012 688 4015 733 ι

643 814 771 853 nem
799 808 853 851 et
886 798 1014 851 dicit
1051 814 1065 851 :
1101 796 1300 858 Venite,
1356 793 1565 861 inquit,
1613 802 1660 845 et
1696 790 1857 843 uidete
1884 802 1902 841 :
1928 786 2219 839 introduxit
2321 786 2535 847 oportet
2573 776 2723 831 enim
2772 782 3087 829 constantes
3134 770 3247 825 fieri
3289 772 3357 825 ad
3418 783 3687 838 mortem,
3744 782 3802 825 et
3842 772 3913 825 ita

644 906 867 960 puerum
901 888 1176 941 Hermum
1211 887 1275 937 ".
1304 884 1514 938 Dicitur
1539 881 1871 951 ingenuitas,
1923 888 1981 930 ut
2034 876 2222 930 illudat
2327 872 2471 926 reﬁci
2494 871 2654 925 escis.
2690 867 3001 922 Eﬂlciamur
3029 866 3192 960 igitur
3223 874 3280 918 et
3314 881 3416 919 nos
3444 866 3634 931 medii,
3660 873 3717 919 et
3744 878 3916 960 neque

649 995 751 1033 nos
780 998 792 1031 :
820 980 1196 1043 soliingressns
1222 988 1300 1030 est
1335 976 1487 1038 mihi,
1522 974 1705 1026 volens
1732 971 1836 1022 vim
1872 970 2067 1024 facere.
2114 967 2221 1021 Pu-

654 1082 737 1126 tas
764 1088 866 1125 non
894 1070 1113 1123 odendit
1144 1071 1320 1132 lingua
1358 1066 1718 1137 impudentis?
1753 1064 2007 1117 Miramur
2041 1064 2085 1115 si
2117 1077 2221 1114 non

650 1178 738 1219 est
769 1175 1001 1218 mutatus
1040 1164 1155 1228 rjtts
1190 1164 1373 1218 color?
1424 1158 1759 1215 Conscientia
1796 1158 1961 1221 enim,
2009 1153 2222 1209 etiamsi

650 1260 886 1311 occultat
944 1258 1183 1322 iactum,
1236 1266 1410 1308 tamen
1464 1268 1556 1320 per
1609 1252 1783 1304 vultus
1833 1267 1928 1303 sua
1981 1249 2227 1315 producit

655 1351 897 1416 vestigia.
932 1348 1247 1403 Corifi-rebat
1291 1357 1464 1399 autem
1495 1346 1557 1396 ad
1589 1345 1897 1411 ﬁgmentum
1928 1343 2074 1396 color
2106 1341 2229 1393 iuti-

655 1453 803 1496 tatus
857 1442 987 1512 (5i).
1043 1423 1329 1493 Videbatur
1383 1439 1525 1490 enim
1577 1438 1642 1488 ad
1672 1437 1782 1488 vim
1839 1449 1959 1488 esse
2016 1434 2226 1494 durata,

657 1552 819 1604 quam
850 1528 963 1603 ipsa
989 1536 1201 1603 quidem
1229 1532 1453 1591 fecerat,
1484 1546 1698 1596 passam
1728 1538 1907 1581 autem
1947 1543 2005 1582 se
2030 1524 2233 1583 confin-

656 1632 839 1699 gebat.
864 1628 1236 1696 Subingressua
1260 1635 1333 1677 est
1364 1626 1509 1685 mihi,
1552 1624 1725 1691 inquit
1760 1621 2063 1689 impudens.
2092 1616 2232 1671 Sub-

662 1725 935 1791 ingressns
982 1730 1064 1775 est
1122 1719 1249 1771 mitti
1300 1719 1446 1782 dicit,
1477 1732 1595 1785 qua:
1629 1716 1971 1783 subingressa
2012 1720 2130 1776 est;
2184 1717 2232 1763 et

658 1814 969 1878 clamavi“,
1001 1815 1093 1867 ait.
1139 1812 1202 1865 Et
1227 1821 1374 1865 certe
1426 1825 1532 1864 non
1590 1808 1851 1868 clamasti,
1897 1808 1997 1860 nisi
2050 1815 2231 1875 postea

2324 975 2473 1020 extra
2509 976 2818 1016 mensuram
2848 956 3230 1027 protendamus
3254 969 3571 1009 sermonem
3601 972 3616 1008 :
3647 969 3756 1008 non
3791 953 3914 1006 sinit

2325 1058 2468 1112 enim
2503 1063 2718 1123 tempus
2748 1070 2763 1106 :
2791 1066 2966 1122 neque
3010 1050 3200 1104 iterum
3248 1047 3406 1101 valde
3460 1046 3815 1116 colligamus,
3865 1054 3918 1098 ut

2328 1151 2575 1205 fruamur
2596 1158 2651 1202 et
2683 1146 2996 1201 festivitate.
3033 1144 3098 1197 Et
3128 1142 3249 1211 quia
3278 1156 3376 1194 nos
3398 1154 3464 1193 ex
3498 1139 3684 1192 anima
3716 1148 3777 1192 et
3800 1152 3915 1192 cor-

2327 1257 2457 1313 pore
2481 1256 2667 1294 sumus
2690 1238 2997 1305 compositi,
3042 1250 3323 1305 pascamus
3354 1232 3598 1285 animant
3644 1230 3917 1285 mensuris

2331 1336 2583 1404 propriis,
2615 1342 2673 1385 ut
2722 1341 2776 1385 et
2816 1330 2929 1397 ipsa
2972 1328 3179 1382 reficiat
3213 1341 3445 1395 corpora
3497 1343 3525 1377 a
3582 1324 3916 1379 coostantia.

2332 1429 2437 1482 Sed
2460 1428 2586 1496 quid
2611 1424 2813 1479 vultis?
2842 1423 3175 1475 dimittemus
3196 1418 3392 1487 Ioseph
3420 1420 3472 1472 in
3497 1417 3835 1473 carcerem?
3869 1424 3921 1471 et

2333 1533 2490 1587 quem
2524 1518 2664 1570 Deus
2699 1530 2803 1568 non
2836 1513 3052 1581 reliquit
3113 1511 3162 1563 in
3210 1524 3461 1572 carcere,
3512 1525 3615 1563 nos
3671 1524 3921 1563 sermone

2336 1611 2619 1678 pingentes
2646 1606 3008 1672 relinquemus
3033 1599 3284 1668 ligatum?
3312 1599 3512 1669 thuis
3538 1601 3922 1654 adhortabitur

2337 1699 2648 1770 pudicitiam
2693 1696 2952 1751 studere?
3002 1698 3123 1765 quis
3157 1709 3338 1749 autem
3380 1696 3585 1749 amabit
3631 1695 3923 1749 continen-

2340 1794 2491 1854 tiam,
2545 1791 2733 1845 videns
2787 1792 2837 1843 in
2882 1805 3103 1845 carcere
3168 1790 3480 1844 derelictum
3551 1786 3806 1857 Ioseph?
3864 1786 3926 1841 Et

665 1856 879 1868 ...........
955 1856 969 1878 ,
1001 1856 1093 1867 .....
1140 1856 1369 1865 ..-
1899 1856 1996 1860 η--.
2050 1856 2191 1875 Γπ

665 1922 822 1970 etiam
846 1921 1093 1971 egressus
1119 1914 1201 1959 est
1229 1905 1537 1957 adolescens
1572 1921 1586 1955 :
1620 1912 1668 1955 et
1709 1902 1944 1967 reliquit,
1966 1901 2060 1963 ait,
2086 1915 2235 1952 suam

2352 1891 2487 1938 certe
2513 1883 2557 1936 si
2584 1882 2917 1950 relinquatur
2953 1880 3151 1950 Ioseph
3193 1883 3244 1935 in
3277 1896 3517 1944 carcere,
3572 1890 3628 1935 et
3679 1890 3933 1934 mortuus

664 2002 916 2063 tunicam,
948 2010 996 2053 et
1020 1999 1154 2068 fugit
1179 1999 1246 2053 δ’.
1274 1999 1335 2051 Et
1374 2005 1519 2050 certe
1550 2011 1651 2048 non
1695 2003 1779 2049 est
1820 1995 1925 2046 vim
1970 1992 2236 2054 facientis,

664 2101 723 2144 ut
755 2094 1017 2161 relinquat
1042 2107 1195 2145 suam
1221 2090 1477 2143 tunicam.
1510 2086 1587 2140 Ad
1623 2085 2015 2140 convictionem
2058 2096 2240 2152 super-

662 2186 808 2237 venit
842 2197 891 2238 et
922 2184 1174 2237 dominus
1201 2184 1407 2244 domus,
1432 2181 1520 2249 qni
1549 2194 1763 2233 omnem
1809 2178 2027 2231 domum
2059 2177 2238 2232 credi-

661 2274 820 2329 derat
845 2275 1063 2343 Ioseph.
1094 2275 1477 2327 A‘cceditaznea
1512 2272 1688 2327 fronte
1722 2271 1937 2334 mulier,
1964 2280 2016 2325 et
2046 2272 2239 2324 iterum

665 2370 861 2438 repetit
929 2368 1237 2438 figmentum
1276 2369 1419 2435 quod
1476 2365 1647 2419 fuerat
1711 2366 1963 2419 meditata
2012 2382 2026 2417 :
2068 2362 2245 2433 lacry-

668 2475 929 2527 mansque
957 2472 1011 2514 et
1038 2458 1257 2521 deﬂens,
1295 2468 1387 2511 aut
1415 2458 1538 2527 quia
1594 2473 1699 2511 non
1751 2459 1925 2526 potttit
1980 2456 2244 2517 obtinere,

665 2563 760 2606 aut
788 2554 912 2623 quia
938 2564 1241 2621 coittrmpta
1265 2562 1369 2612 est,
1401 2562 1491 2604 aut
1520 2551 1641 2618 quia
1695 2566 1799 2603 non
1837 2548 2085 2602 manibus
2122 2562 2243 2601 eum

669 2643 776 2711 iam
813 2643 1148 2713 prtefocavit.
1201 2643 1533 2697 Desiderinm
1580 2642 1723 2694 enim
1766 2648 2129 2706 contemptum
2179 2639 2244 2691 ad

670 2736 804 2791 iram
835 2738 1182 2789 convertitur.
1222 2734 1357 2801 Quid
1395 2733 1628 2801 igiturin
1666 2733 1749 2786 his
1769 2730 1987 2801 agitur?
2011 2728 2246 2784 Pudicus

670 2836 960 2880 accusatur
988 2827 1055 2878 ab
1087 2826 1370 2894 impudica.
1414 2823 1526 2878 Non
1555 2824 1766 2875 miraris
1790 2822 1913 2891 quia
1942 2834 2045 2875 non
2071 2822 2245 2875 statim

670 2934 955 2986 aggressus
992 2927 1073 2972 est
1107 2919 1207 2980 vir,
1254 2927 1307 2971 et
1338 2918 1438 2970 hoc
1474 2914 1757 2986 [Egyptins
1804 2914 1990 2967 calida:
2041 2924 2249 2967 natura:

673 3011 833 3064 homo
859 3020 908 3065 et
950 3009 1049 3064 loci
1088 3010 1309 3063 laniavit
1331 3007 1725 3061 adolescentem
1756 3021 1770 3059 :
1802 3006 1844 3061 si
1866 3005 2085 3073 quidem
2115 3014 2248 3058 artas

674 3099 835 3152 habet
856 3097 1235 3166 suspicionem,
1270 3106 1323 3151 et
1357 3111 1475 3168 qum
1499 3095 1724 3149 vocabat
1750 3106 1804 3149 et
1842 3096 2158 3156 accusabat,
2197 3103 2251 3147 et

2342 1972 2504 2027 fuerit
2538 1987 2657 2023 cum
2703 1972 2986 2039 pudicitia,
3026 1986 3149 2040 spes
3201 1974 3619 2027 resurrectionis
3669 1987 3783 2026 non
3822 1973 3925 2025 cir-

2342 2062 2657 2116 cumscribit
2683 2075 2855 2131 spem.
2896 2060 3003 2117 Sed
3042 2062 3167 2131 quia
3216 2078 3318 2117 non
3366 2062 3575 2117 dimisit
3619 2078 3751 2117 eum
3793 2063 3932 2116 Deus

2345 2153 2397 2206 in
2463 2166 2711 2215 carcere,
2762 2151 2934 2205 simus
2990 2152 3291 2220 patientes,
3343 2162 3399 2206 et
3467 2152 3765 2206 audiamus
3817 2151 3928 2219 ejus

2343 2262 2641 2315 egressura.
2694 2245 2761 2302 Et
2792 2262 2917 2301 cum
2958 2248 3045 2302 ille
3072 2247 3235 2301 fuerit
3264 2246 3517 2309 emissus,
3568 2257 3703 2301 tunc
3733 2257 3790 2299 et
3836 2262 3929 2300 nos

2347 2341 2685 2394 dimittamur
2717 2355 2839 2394 cum
2876 2355 2963 2395 eo.
2997 2338 3190 2409 Ioseph
3245 2340 3407 2408 igitur
3435 2348 3553 2392 erat
3603 2340 3658 2391 in
3707 2354 3929 2393 carcere

2346 2436 2554 2491 habens
2592 2434 2814 2489 delicias
2860 2449 2929 2487 ex
2983 2434 3239 2488 uberibus
3286 2433 3591 2500 pudicitiae,
3644 2432 3933 2485 honestate

2350 2528 2599 2591 indutus,
2654 2526 2884 2597 diligens
2934 2524 3105 2591 magis
3145 2540 3417 2579 carcerem
3469 2540 3633 2591 quam
3688 2537 3926 2578 amorem

2350 2620 2491 2673 illius
2536 2618 2744 2684 bestiae,
2788 2627 3085 2673 amatorem
3130 2618 3355 2672 fetorem
3400 2616 3525 2670 frui.
3582 2618 3753 2673 Istum
3792 2622 3925 2673 enitr.

2349 2706 2767 2779 praeitottorabat
2814 2712 3126 2781 unguentis.
3182 2711 3304 2763 Ast-
3330 2708 3557 2778 pudicus
3598 2710 3929 2778 amplectens

2351 2804 2565 2856 vincula
2623 2802 2816 2871 magis,
2859 2802 3021 2872 qua‘rn
3078 2808 3326 2854 ornatum
3385 2797 3697 2869 Egyptian
3748 2816 3929 2853 amans

2348 2894 2633 2948 oculorum
2672 2894 2928 2949 tenebras
2974 2905 3195 2964 propter
3224 2894 3401 2948 lumen
3433 2896 3629 2948 anima:
3657 2909 3673 2958 ;
3709 2893 3931 2948 libenter

2353 2985 2581 3039 audiens
2610 2986 2844 3055 gemitus
2884 2986 3155 3049 carceris,
3184 3000 3343 3051 quam
3388 2986 3579 3041 videns
3635 2986 3847 3057 lapides
3881 2986 3929 3039 in

2352 3074 2627 3130 luxuriosa
2664 3074 2842 3129 fronte
2896 3084 2950 3129 et
2985 3075 3279 3129 immunda.
3334 3073 3435 3131 Ubi
3474 3089 3607 3146 ergo
3641 3085 3773 3130 sunt
3801 3090 3936 3144 pm

674 3192 765 3257 qui
807 3193 872 3244 ad
900 3165 1083 3245 vacem
1113 3192 1227 3256 ejus
1252 3165 1629 3249 cucurrerant,
1678 3198 1731 3241 et
1761 3188 1939 3240 tunica
1973 3202 2092 3255 qua:
2124 3188 2250 3240 reti-

2355 3167 2619 3221 dictiones
2642 3166 2667 3219 3
2689 3165 2806 3220 Noli
2837 3180 3152 3236 pr0perare,
3185 3176 3237 3223 et
3266 3168 3473 3221 audies.
3510 3166 3777 3222 Irascitur
3794 3167 3927 3222 Pha-

680 3283 926 3347 neltatttr,
987 3284 1236 3335 movebat
1286 3282 1559 3335 dominum
1600 3281 1665 3334 ad
1707 3282 2149 3349 indignationem,
2199 3291 2250 3334 et

678 3373 857 3428 honor
882 3374 971 3440 qui
1010 3383 1125 3426 erat
1168 3376 1324 3427 datus
1350 3374 1396 3425 ei
1424 3373 1517 3441 qui
1570 3371 1747 3425 fuerat
1799 3374 2106 3426 distractus.
2146 3370 2255 3426 Mo-

678 3463 837 3517 vebat
872 3473 1047 3517 autem
1086 3473 1139 3517 et
1178 3464 1537 3533 suspicionem
1582 3462 1945 3531 pulchritudo.
2002 3462 2066 3516 Et
2111 3472 2253 3515 tanta

678 3556 898 3624 quidem
932 3565 1087 3609 erant
1111 3571 1229 3620 qua
1253 3557 1317 3609 ad
1352 3556 1509 3609 fidem
1537 3556 1920 3625 provocabant.
1953 3553 2259 3608 Suiliciebat

688 3656 872 3701 autem
910 3646 974 3699 ad
1024 3646 1205 3714 operis
1252 3646 1637 3700 dubitationem
1684 3645 1830 3712 pueri
1883 3645 2145 3711 sapientia
2203 3652 2260 3699 et

678 3736 1041 3807 pulchritudo.
1105 3735 1212 3788 Cur
1268 3736 1409 3789 enim
1474 3750 1597 3788 eum
1667 3749 1771 3786 non
1835 3734 2015 3787 statim
2074 3734 2259 3803 dispa-

685 3829 826 3883 ravit
849 3828 999 3897 (35)?
1023 3830 1147 3897 quia
1187 3826 1387 3882 sciebat
1414 3827 1563 3895 pueri
1596 3838 1773 3879 mores
1806 3843 1819 3878 :
1847 3825 2053 3879 medius
2076 3836 2255 3879 autem

683 3918 861 3973 factus
886 3918 1005 3972 fidei
1043 3928 1097 3972 et
1138 3918 1497 3971 incredulitati
1526 3916 1823 3979 dilaniarit,
1870 3917 1961 3969 sed
2009 3917 2259 3971 dubitans

688 4023 796 4063 non
830 4009 1142 4077 disparavit.
1176 4008 1241 4061 Et
1263 4009 1479 4077 quidem
1514 4006 1687 4075 ipsum
1713 4008 1835 4074 quia
1872 4023 1975 4061 non
2014 4010 2259 4069 credidit,

688 4102 757 4154 ad
780 4116 1051 4155 carcerem
1085 4101 1235 4155 misit
1260 4114 1275 4151 :
1299 4100 1387 4169 qui
1415 4110 1466 4154 et
1490 4110 1772 4169 susceptus
1800 4110 1906 4153 est.
1942 4098 2072 4164 Quae
2102 4100 2264 4167 igitur

689 4194 1149 4247 dinumerabitnus
1177 4191 1419 4262 Ioseph?
1460 4190 1654 4244 bonam
1685 4192 1803 4259 ejus
1830 4192 2260 4245 interfectionem

688 4285 803 4357 (36)
828 4288 1066 4341 dicemus
1095 4304 1108 4339 :
1136 4296 1222 4337 aut
1258 4285 1451 4337 bonam
1490 4282 1846 4349 jactationem
1881 4285 1930 4336 in
1976 4284 2124 4346 lacu;
2168 4285 2261 4337 sed

691 4377 1119 4439 distractionem,
1144 4376 1236 4430 sed
1272 4374 1623 4441 servitutem;
1651 4384 1773 4443 post
1802 4377 1915 4428 haec
1952 4373 2046 4429 sed
2078 4390 2266 4428 exsur-

691 4472 985 4525 rectioncm
1017 4470 1259 4522 mulieris
1302 4468 1618 4535 impudicae;
1660 4468 1753 4522 sed
1801 4468 1998 4521 factam
2056 4468 2261 4521 calum-

692 4561 837 4616 niam
863 4568 917 4614 et
944 4559 1341 4615 accusationem
1364 4542 1563 4612 .falsam
1608 4558 1660 4611 itt
1701 4558 2107 4611 adatnantinttm
2136 4560 2237 4612 ado

692 4655 1003 4708 lescentem.
1036 4650 1149 4705 Non
1180 4660 1259 4705 est
1284 4651 1492 4704 locutus
1518 4648 1717 4719 Ioseplt
1749 4670 1761 4705 :
1799 4668 1901 4704 non
1952 4649 2079 4705 fecit
2127 4654 2266 4707 satis

696 4746 785 4814 qui
831 4744 1297 4798 calumniabatur:
1332 4758 1437 4796 non
1486 4752 1569 4797 est
1627 4745 1885 4797 confusus
1942 4758 2039 4811 pro
2086 4742 2265 4810 impu-

692 4838 877 4903 denti;
921 4837 1105 4889 maluit
1130 4836 1263 4889 mori
1306 4835 1687 4897 ealuniniattts,
1717 4852 1875 4903 quam
1921 4836 1996 4889 uti
2040 4837 2266 4891 veritate

698 4932 761 4982 ad
783 4931 1029 4983 salutem.
1056 4928 1219 4982 Putas
1244 4937 1297 4982 et
1324 4929 1443 4982 istic
1471 4928 1710 4982 imitator
1745 4938 1825 4983 est
1849 4938 1901 4983 et
1928 4928 2097 4981 forma
2126 4928 2264 4998 ejus,

697 5024 785 5089 qui
816 5038 918 5075 non
946 5021 1155 5089 aperuit
1184 5036 1276 5075 eos
1308 5036 1460 5074 suum
1510 5035 1627 5075 cum
1663 5020 2106 5075 calumniaretur.
2158 5020 2264 5074 Sed

702 5111 894 5181 Ioseph
925 5114 1116 5167 iterum
1166 5116 1231 5165 ad
1270 5127 1568 5167 carcerem.
1626 5113 1690 5166 Et
1739 5115 1824 5167 ubi
1847 5124 1929 5167 est
1957 5112 2263 5169 Iuda-orum

702 5207 864 5277 spes?
913 5206 1018 5260 Sed
1076 5206 1143 5259 de
1185 5207 1581 5261 resurrectione
1643 5218 2000 5275 proponentes
2048 5209 2262 5270 dicere,

704 5300 1026 5355 tneurrimus
1054 5297 1107 5353 in
1147 5300 1481 5355 necessarios
1510 5313 1811 5368 sermones,
1845 5301 1937 5371 qui
1974 5315 2076 5355 non
2102 5299 2262 5354 alieni

2358 3296 2454 3335 rao
2477 3280 2683 3334 duobus
2716 3278 2899 3349 pueris
2930 3278 3044 3333 suis
3071 3280 3295 3333 summis
3334 3293 3365 3333 e
3401 3278 3711 3333 ministerio
3736 3278 3805 3341 ”,
3829 3278 3931 3334 ira-

2359 3382 2444 3427 tus
2480 3382 2563 3426 est
2598 3371 2823 3436 Pharao,
2871 3371 2998 3438 quia
3056 3372 3323 3440 prOpitius
3370 3383 3491 3427 erat
3520 3368 3724 3440 Ioseph
3780 3371 3929 3426 Deus.

2356 3462 2640 3517 Mittuntur
2668 3462 2733 3515 ad
2773 3476 3070 3526 carcerem,
3097 3473 3150 3516 et
3177 3462 3335 3515 simul
3370 3479 3494 3516 cum
3526 3462 3733 3532 Ioseph
3765 3464 3929 3518 reclu-

2358 3556 2576 3607 duntur.
2600 3552 2799 3621 Ioseph
2834 3563 3015 3607 autem
3046 3562 3099 3606 et
3131 3553 3183 3606 in
3212 3567 3431 3607 carcere
3470 3562 3524 3606 et
3573 3554 3697 3609 istic
3743 3553 3929 3610 ﬁdelis.

2361 3642 2514 3697 Sicut
2566 3640 2711 3694 enim
2769 3641 3034 3695 creditam
3102 3644 3307 3711 accepit
3368 3644 3591 3697 domum
3665 3643 3936 3715 Egypt“,

2359 3733 2651 3788 custodivit
2710 3732 2871 3787 fidem
2930 3732 3095 3785 etiam
3151 3747 3275 3789 cum
3323 3734 3774 3791 calumniaretur.
3826 3736 3936 3790 Non

2357 3828 2503 3880 enim
2526 3824 2717 3878 detulit
2744 3824 3025 3891 damnum,
3057 3826 3152 3879 sed
3187 3840 3379 3896 passus
3415 3835 3498 3880 est
3534 3826 3651 3895 ipse
3686 3828 3932 3899 injuriatn

2362 3918 2470 3987 pati
2501 3930 2663 3985 quant
2698 3914 2897 3979 facere,
2946 3926 3002 3970 et
3030 3914 3250 3970 diﬂ'erre
3283 3918 3502 3971 domum
3543 3919 3667 3986 ejus
3725 3924 3813 3990 qui
3842 3924 3932 3977 sibi

2359 4009 2687 4063 crediderat.
2713 4007 3018 4062 Creduntnr
3058 4020 3111 4064 et
3160 4010 3365 4079 religati
3410 4010 3461 4062 in
3496 4024 3726 4067 carcere
3766 4015 3815 4067 ei
3844 4015 3923 4084 qui

2361 4101 2557 4153 eratin
2586 4115 2826 4156 carcere.
2890 4102 3014 4160 Flos
3058 4102 3201 4155 enim
3248 4100 3524 4169 pudicitiae
3574 4105 3930 4159 annuntiabat

2366 4203 2461 4257 per
2486 4189 2714 4243 frontem
2746 4205 2991 4262 puerum.
3030 4189 3099 4246 Et
3133 4191 3184 4244 in
3218 4198 3362 4243 tanta
3404 4190 3742 4247 abundantia
3784 4195 3935 4250 habe.

2369 4280 2754 4344 batsolatium,
2776 4291 2835 4337 ut
2866 4283 2977 4351 ipse
3016 4292 3163 4336 esset
3181 4283 3271 4352 qui
3310 4283 3695 4339 consolaretur
3727 4288 3935 4341 tristan—

2368 4383 2467 4427 tes.
2501 4371 2739 4427 Habebat
2768 4375 2910 4429 enim
2958 4375 3190 4429 frontem
3233 4376 3488 4446 pudicitia
3531 4380 3935 4445 genuinantetn.

2370 4461 2616 4532 Suscepit
2638 4474 2691 4517 et
2726 4480 2921 4535 pueros
2947 4467 3267 4531 Pharaonis,
3295 4484 3497 4538 eosque
3530 4472 3718 4525 statim
3756 4487 3936 4527 consoo

2295 4536 2339 4591 D
2369 4553 2703 4625 laturzquia
2750 4569 2869 4613 erat
2913 4570 3195 4629 susceptor
3246 4570 3301 4613 et
3355 4536 3522 4631 nepos
3580 4564 3839 4628 Abrahae,
3891 4576 3939 4619 et

2367 4649 2585 4715 sapiens
2631 4648 2807 4705 valde.
2855 4651 3137 4723 Ingressus
3177 4652 3341 4723 igitur
3388 4657 3439 4708 in
3483 4670 3592 4709 uno
3624 4657 3835 4710 dierum
3878 4657 3935 4711 ad

2366 4754 2565 4807 puvros
2587 4737 2909 4811 Pharaonis,
2937 4746 3069 4800 vidit
3092 4748 3270 4801 vultus
3298 4763 3483 4802 eorum
3516 4751 3863 4815 immutatos,
3890 4761 3937 4805 et

2370 4834 2633 4889 intellexit
2658 4838 2780 4905 quia
2826 4854 2979 4894 mens
3020 4854 3206 4893 eorum
3246 4850 3365 4895 erat
3408 4842 3623 4894 turbata
3655 4860 3669 4896 :
3696 4851 3753 4897 et
3785 4843 3936 4897 inter-

2372 4938 2525 4996 rogat
2554 4942 2798 4994 causam,
2840 4944 2961 4996 qum
2994 4930 3091 4984 ista
3122 4940 3267 4985 esset
3307 4934 3358 4984 in
3385 4931 3467 4985 eis
3493 4931 3820 5003 imumtatio.
3867 4930 3940 4985 Illi

2373 5028 2552 5072 autem
2588 5032 2841 5088 promunt
2889 5021 3193 5087 insomnia,
3231 5032 3286 5077 et
3328 5023 3445 5077 hac
3492 5022 3754 5091 duplicia.
3803 5021 3937 5078 Sient

2371 5112 2515 5167 enim
2542 5122 2596 5167 et
2621 5114 2671 5166 in
2701 5123 2928 5183 paterna
2966 5114 3097 5168 vidit
3123 5116 3283 5169 domo
3308 5157 3320 5175 ,
3351 5125 3404 5169 et
3436 5119 3755 5185 procuravit
3787 5115 3931 5178 Deus,

2373 5202 2499 5259 licet
2529 5212 2583 5255 et
2609 5204 2867 5259 contrarii
2900 5205 3000 5260 sibi
3024 5218 3207 5261 essent
3233 5208 3453 5261 somnii.
3483 5206 3707 5262 Primus
3737 5210 3934 5277 erpouit

2372 5298 2639 5352 somnium
2686 5298 2779 5369 qui
2813 5300 3023 5354 viderat
3066 5300 3298 5367 bonum,
3342 5312 3400 5355 ut
3449 5302 3768 5359 adhortatio
3803 5303 3935 5360 ﬂeret

774 5460 817 5491 δ’
844 5462 977 5518 Gen.
1012 5478 1198 5531 suis,
1234 5463 1319 5522 N.
1394 5464 1439 5495 "
1473 5464 1604 5518 ibid.
1675 5464 1720 5495 δ’
1750 5464 1877 5518 ibid.
1905 5457 1990 5515 15-
2044 5464 2092 5495 ”
2117 5462 2253 5518 Gen.
2285 5480 2369 5519 ιι.

778 5614 883 5698 (δβ)
920 5615 1245 5673 Honestiam.
1276 5618 1636 5684 Honestatem,
1677 5628 1733 5673 ιιι
1778 5635 1807 5672 a
1851 5621 2123 5676 modi-alus
2153 5636 2266 5676 mo-

706 5683 899 5743 (testia.

778 5756 890 5819 (Si)
926 5756 1025 5811 Ms.
1065 5759 1221 5812 Color
1242 5771 1491 5814 mutatus.

802 5760 890 5819 δι)
926 5760 1025 5811 Ms.
1065 5760 1221 5812 Color
1242 5771 1491 5814 mutatus.

778 5760 894 5898 :35)
927 5826 1242 5899 Dtspararit.
1282 5830 1618 5896 Diiaceraril,
1652 5829 1885 5885 medium
1918 5830 2106 5887 difﬁdit

2446 5618 2556 5687 (36)
2602 5616 2807 5671 Bonam
2866 5633 2980 5684 qua
3030 5615 3441 5739 inurget-tionem
3533 5612 3799 5669 Videntur
3838 5614 3935 5669 hac

2446 5694 2478 5739 :i
2512 5705 2605 5739 per
2630 5688 3131 5739 interrogationem.
3212 5702 3367 5738 onum
3398 5684 3517 5739 eius
3544 5685 3935 5739 interfectio-sl

2375 5684 2478 5744 dici
2512 5684 2605 5757 per
2630 5688 3131 5757 interrogationem.
3163 5684 3381 5757 Bonam
3398 5684 3517 5749 eius
3544 5685 3938 5757 interfectio-sl

2375 5755 2653 5863 diremta
2678 5768 2769 5883 est
2794 5755 2982 5812 bonum
2995 5756 3340 5828 jactationem
3364 5755 3421 5809 in
3452 5757 3577 5811 lacu
3595 5757 3623 5811 .’
3654 5758 3745 5813 sed
3760 5756 3939 5813 datrae

2373 5844 2624 5885 stionem.
2659 5844 2691 5883 e
2748 5865 2765 5881 .
3216 5868 3227 5878 .
