4072 6410
1288 379 1378 436 οε
1418 377 2024 440 ιιεευιιιιεετιωῐε.
2064 413 2139 430 --
2174 379 2304 438 LIB.
2345 377 2389 438 1.

3341 386 3482 445 ιοιιο

199 498 452 564 lacundo,
478 504 789 555 nelaceret.
823 494 880 552 Si
903 494 1046 554 enim
1090 497 1318 554 fuissent
1341 499 1558 570 utrique
1580 501 1776 554 somnii
1807 517 1854 573 Α
1885 502 1940 555 in
1994 515 2229 556 carcere.
2268 501 2385 557 Non
2415 500 2564 557 enim
2611 502 2923 558 intermittit
2969 503 3112 558 Deus
3168 515 3479 561 sanctorum

195 590 345 655 boni,
398 590 538 646 forte
565 590 801 658 suspicio
842 589 1055 655 fuisset,
1109 589 1236 658 quia
1297 599 1528 658 utraque
1573 589 1783 643 donans

186 679 331 738 bene
362 683 749 751 interpretatus
776 691 860 736 est
887 679 1120 750 Joseph,
1169 689 1228 736 ut
1267 696 1363 737 eos
1405 681 1784 736 consolaretur

183 776 392 844 potius,
441 789 603 844 quam
655 787 839 828 veram
893 773 1399 842 interpretationem
1447 775 1781 828 sotnuiorum

185 867 421 932 diatret,
449 877 500 923 et
535 869 815 924 fortuitum
839 877 1126 939 putaretur
1161 871 1468 942 negotium,
1501 881 1557 925 et
1587 873 1780 926 iterum

186 960 286 1030 qui
349 960 710 1030 perniciosum
762 963 976 1017 viderat
1028 963 1296 1017 somnium
1356 963 1624 1017 secundus
1673 978 1780 1018 non

187 1051 420 1115 diceret,
467 1061 524 1106 et
569 1067 673 1107 non
728 1053 883 1107 heret
931 1052 1122 1122 duplex
1183 1053 1579 1108 testimonium.
1626 1053 1782 1111 Nunc

186 1153 372 1198 autem
393 1144 608 1212 exponit
635 1145 840 1211 primus
865 1144 956 1212 qui
977 1143 1175 1198 bonum
1206 1145 1446 1200 habebat
1474 1147 1776 1200 somnium.

183 1229 323 1289 Erat
349 1237 494 1289 enim
535 1251 700 1304 supra
730 1238 945 1290 vineam
962 1236 1126 1306 regis,
1151 1248 1206 1291 et
1222 1237 1354 1292 dicit
1384 1254 1398 1292 :
1439 1235 1608 1292 Vitem
1643 1240 1780 1294 vide-

183 1324 332 1387 bam,
359 1326 487 1378 etin
518 1328 618 1380 vite
644 1335 748 1380 tres
778 1327 932 1394 fundi
962 1341 983 1382 :
1016 1337 1065 1382 et
1090 1330 1204 1396 ipsa
1235 1331 1539 1399 germinans
1583 1329 1780 1385 attule-

183 1425 273 1469 rat
303 1427 542 1471 maturos
574 1418 835 1474 botriones
860 1437 977 1475 um
1001 1436 1021 1475 :
1052 1433 1098 1474 et
1122 1422 1267 1476 calix
1298 1422 1510 1477 Pharao
1537 1424 1592 1477 in
1617 1440 1779 1478 manu

182 1523 302 1560 mea
325 1520 346 1559 :
375 1519 422 1560 et
449 1511 650 1578 sumpsi
677 1527 831 1566 uvam
870 1525 916 1566 et
958 1515 1191 1580 expressi
1237 1531 1351 1570 eam
1386 1517 1443 1569 in
1475 1515 1694 1571 calicem
1723 1519 1780 1573 in

183 1602 427 1657 munibus
486 1599 699 1658 Pharao
763 1606 834 1660 ⁸¹.
909 1603 1172 1664 Prudeus'
1208 1617 1262 1664 et
1335 1610 1778 1677 sapientissimus

185 1692 406 1765 Joseph,
436 1698 527 1766 qui
562 1715 591 1753 a
621 1698 729 1754 Deo
758 1701 1106 1765 edoceliatur,
1131 1704 1315 1757 statim
1345 1705 1412 1758 ad
1451 1706 1779 1775 interpreta-

183 1784 387 1840 tionem
406 1788 576 1841 currit
599 1799 652 1842 et
675 1789 800 1842 dicit
818 1803 834 1843 :
852 1789 977 1844 Tres
1000 1791 1154 1860 fundi
1175 1803 1276 1846 tres
1301 1793 1413 1848 dies
1433 1803 1555 1848 sunt
1577 1796 1776 1863 adhuc;

1887 605 2124 654 errores,
2155 592 2388 662 diligens
2418 606 2534 649 eos.
2573 592 2630 646 Si
2662 593 2754 662 qui
2779 603 3121 657 erraverunt,
3144 596 3330 649 statim
3361 612 3481 650 eor-

1887 684 2035 754 rigit,
2063 693 2122 736 ut
2152 700 2256 737 non
2289 693 2508 738 maneat
2540 685 2622 738 eis
2649 685 2701 737 in
2743 683 2971 752 judicio.
3026 683 3172 739 Dixit
3201 687 3345 741 enim
3379 688 3480 742 ho-

1887 777 2017 830 mini
2055 793 2070 830 :
2128 773 2331 831 Memor
2387 785 2498 831 esto
2529 777 2651 841 mei,
2691 786 2738 830 et
2783 779 2994 831 educito
3046 794 3127 831 tne
3175 779 3240 830 de
3271 793 3482 832 carcere

1885 870 2024 934 ista;
2047 869 2398 924 obliviscetur
2421 879 2472 923 te
2499 870 2683 932 homo,
2724 880 2779 922 et
2809 869 3166 936 protendetur
3203 870 3296 923 tibi
3323 871 3480 924 bien-

1886 961 2035 1014 nium
2070 971 2298 1030 tempus.
2332 959 2436 1014 Sed
2485 976 2591 1014 non
2634 969 2718 1015 est
2742 961 2946 1032 oblitus
2978 959 3122 1015 Deus
3152 980 3166 1016 :
3203 964 3298 1016 sed
3333 965 3477 1016 assi-

1884 1051 2203 1127 stitJoseph
2255 1052 2522 1107 Pharaoni
2575 1053 2829 1122 primoet
2863 1053 3124 1108 secundo.
3176 1052 3473 1108 Erateuim

1883 1146 2022 1201 visio
2046 1143 2348 1200 Pharaonis
2377 1145 2427 1177 “
2451 1145 2629 1198 omnis
2657 1145 2724 1199 de
2749 1143 2996 1211 frugibus
3015 1155 3069 1200 et
3097 1145 3331 1199 cultura.
3361 1146 3476 1202 lllic

1882 1238 2026 1292 enim
2052 1239 2220 1292 boves
2258 1237 2470 1292 femina
2501 1247 2692 1302 erant;
2719 1246 2928 1308 septem
2970 1239 3124 1294 bona
3149 1247 3373 1306 aspectu
3420 1248 3479 1294 et

1882 1328 2069 1384 electa:
2099 1331 2382 1393 carnibus,
2409 1339 2462 1382 et
2490 1329 2650 1384 culmi
2675 1344 2883 1399 septem
2909 1331 3186 1399 spicarum
3217 1349 3232 1384 :
3262 1341 3480 1400 oportet

1882 1421 2028 1475 enim
2068 1421 2320 1490 conjungi
2371 1421 2640 1474 insomnia
2694 1422 2875 1488 spicas
2906 1433 3116 1492 septem
3167 1421 3374 1491 plenas,
3425 1433 3482 1479 et

1881 1521 2089 1580 septem
2136 1523 2346 1568 tenues.
2397 1513 2538 1580 Quia
2586 1514 2732 1567 enim
2780 1512 2958 1569 cultus
3011 1526 3169 1568 terra
3194 1529 3292 1584 per
3315 1516 3482 1571 liores

1880 1601 2138 1668 ellicitur,
2174 1620 2270 1672 per
2296 1606 2506 1658 culmos
2541 1614 2722 1660 autem
2756 1607 2942 1672 spica,
2977 1604 3043 1659 de
3070 1617 3336 1672 proventu
3380 1623 3480 1658 au-

1881 1706 1989 1751 tem
2019 1707 2075 1751 et
2117 1696 2258 1751 fame
2289 1710 2450 1754 erant
2496 1699 2769 1754 insomnia
2806 1698 2983 1769 regis;
3015 1712 3111 1767 per
3141 1699 3486 1754 domesticas

1878 1791 2116 1846 visiones
2148 1790 2341 1845 dantur
2366 1803 2421 1846 et
2449 1791 2810 1858 provisiones.
2848 1792 3069 1860 Septem
3122 1802 3282 1847 erant
3312 1795 3480 1860 spica:

183 1878 443 1942 triduum,
496 1890 547 1934 et
594 1881 649 1935 in
690 1892 861 1936 mente
904 1883 1115 1940 habebit
1167 1884 1381 1939 Pharao
1429 1887 1640 1941 initium
1668 1888 1772 1952 tui,

1880 1877 2070 1948 plenae,
2094 1887 2372 1947 etseptetn
2407 1893 2584 1933 vacca:
2613 1879 2874 1950 pingues:
2904 1881 3478 1937 succedebantautem

183 1980 234 2024 et
259 1973 494 2027 restituet
513 1985 563 2029 te
587 1991 743 2042 super
769 1977 970 2030 vineam
996 1978 1048 2031 in
1075 1978 1242 2049 adicio
1263 1989 1376 2045 tuo,
1397 1990 1445 2032 et
1472 1981 1627 2034 dabis
1648 1980 1775 2034 cali-

183 2081 294 2119 cem
316 2067 369 2120 in
394 2083 585 2122 manus
609 2065 847 2123 Pharao.
881 2070 1118 2125 chtatus
1137 2083 1222 2127 est
1239 2073 1486 2136 audiens,
1513 2082 1566 2128 et
1586 2073 1772 2127 statim

183 2159 412 2213 nmtavit
429 2160 664 2216 colorem
685 2161 749 2215 ⁸¹.
779 2161 1032 2216 llortatus
1046 2173 1225 2218 autem
1248 2175 1301 2218 et
1321 2165 1460 2220 alius
1477 2175 1558 2221 εει
1575 2175 1777 2220 seruet-

183 2248 358 2319 ipsum
393 2269 406 2304 :
441 2252 672 2307 habebat
701 2264 756 2309 et
793 2256 907 2324 ipse
930 2256 1166 2310 similem
1214 2257 1508 2313 visionem.
1557 2257 1625 2311 Et
1656 2274 1771 2328 ego,

183 2344 379 2414 inquit,
399 2348 506 2399 uidi
527 2349 810 2402 somniuut.
834 2348 1097 2403 Putabam
1123 2365 1204 2402 me
1235 2351 1337 2402 tria
1357 2350 1589 2402 canistra
1605 2350 1774 2402 Italise

184 2436 296 2510 (37)
327 2440 510 2493 tollere
547 2457 704 2510 super
734 2455 888 2508 caput
921 2459 1091 2496 meum
1128 2441 1196 2494 ⁸³.
1237 2442 1389 2497 Sicut
1415 2441 1523 2496 illic
1557 2443 1684 2504 tria,
1721 2452 1775 2494 et

183 2529 309 2585 istic
333 2532 456 2583 tria.
485 2531 551 2583 Et
576 2533 628 2585 in
660 2532 892 2586 canistro
925 2534 1182 2600 superiori
1204 2549 1268 2586 ex
1285 2533 1523 2586 omnibus
1567 2535 1770 2602 generi-

184 2620 278 2675 bus
309 2621 419 2692 (38)
452 2637 516 2676 ea:
548 2625 732 2691 quibus
768 2622 983 2677 Pharao
1017 2641 1108 2677 rex
1139 2624 1512 2688 manducabat,
1534 2641 1663 2691 Opus
1692 2626 1772 2688 pi-

183 2722 382 2767 storum
408 2731 426 2768 :
465 2724 582 2769 erat
619 2717 763 2770 enim
805 2733 963 2785 supra
991 2719 1225 2786 pistores
1265 2735 1278 2770 :
1309 2729 1355 2770 et
1391 2718 1628 2772 volatilia
1658 2719 1775 2771 σηιειί

183 2808 514 2860 comedebant
563 2825 619 2861 ea
669 2811 734 2862 de
783 2813 1014 2863 canistro
1049 2813 1190 2878 quod
1237 2822 1352 2862 erat
1406 2827 1568 2878 supra
1618 2819 1774 2878 caput

182 2913 376 2951 meum.
407 2897 602 2966 Etiam,
632 2900 824 2970 inquit,
844 2911 891 2952 et
913 2902 1014 2952 tria
1032 2914 1121 2953 tua
1141 2913 1241 2954 tres
1261 2903 1370 2954 dies
1389 2902 1688 2970 signiﬁcant
1705 2904 1772 2956 ".

183 2987 429 3057 Sethuia
457 3008 561 3046 nou
590 2993 903 3046 ministrasti
936 2994 987 3046 in
1023 3007 1182 3047 manu
1210 2995 1373 3062 regis,
1408 2995 1646 3048 volatilia
1680 3012 1776 3048 an-

184 3089 291 3136 tem
320 3085 677 3138 comedehant
710 3102 806 3151 ea;
839 3087 1184 3140 manifestum
1221 3088 1449 3155 estquia
1479 3089 1652 3142 inciso
1686 3105 1776 3143 ca-

184 3172 297 3242 pite
332 3183 442 3236 tuo,
476 3186 532 3228 et
562 3176 716 3230 allixa
776 3192 940 3230 carne
976 3177 1148 3242 cruci,
1194 3180 1430 3233 volatilia
1483 3183 1776 3233 manduca-

183 3264 318 3320 bunt
352 3281 546 3322 carnes
567 3279 706 3322 tuas.
739 3269 850 3324 llnc
871 3271 1014 3324 enim
1043 3273 1621 3326 annuntiatsomnium
1653 3274 1768 3327 tibi.

186 3355 255 3412 Et
286 3373 412 3412 cum
463 3361 654 3412 tertius
704 3360 1012 3413 advenisset
1038 3361 1170 3425 dies,
1219 3373 1273 3415 et
1307 3362 1448 3431 regis
1487 3362 1776 3417 haberetur

187 3449 402 3514 natalis,
425 3467 629 3506 memor
657 3453 758 3506 fuit
785 3469 1117 3508 summorum
1140 3456 1352 3508 illorum
1378 3456 1770 3510 ministrorum.

188 3541 254 3597 Et
283 3545 356 3598 illi
398 3546 730 3616 quidemqui
760 3561 918 3616 supra
946 3551 1158 3600 vineam
1191 3558 1313 3602 erat
1342 3549 1632 3603 coiicedit:
1678 3563 1772 3602 vo-

189 3643 342 3688 catus
372 3637 515 3688 enim
560 3647 662 3700 est,
709 3647 764 3689 et
797 3638 946 3690 stetit
974 3650 1101 3691 ante
1141 3651 1492 3707 conspectum
1523 3640 1685 3708 regis,
1722 3650 1775 3692 et

189 3727 334 3782 dedit
355 3727 575 3781 calicem
608 3729 659 3782 in
701 3744 916 3782 manum
946 3728 1062 3798 ejus
1091 3731 1390 3785 secundum
1440 3731 1774 3799 interpreta-

191 3816 390 3872 tionem
417 3817 635 3888 Joseph.
677 3820 954 3889 Prmpositi
997 3833 1175 3876 autem
1215 3823 1436 3891 pistoris
1478 3824 1780 3878 admonitio

190 3911 364 3981 magis
405 3911 614 3969 fervere
656 3911 780 3968 fecit
813 3915 1232 3985 indignationem
1273 3917 1440 3985 regis,
1483 3927 1538 3971 et
1568 3918 1774 3971 incide-

189 4002 353 4059 batur
413 4007 608 4075 capite,
664 4017 719 4062 et
764 4007 1005 4062 volatilia
1067 4010 1426 4079 perliciebant
1485 4011 1772 4066 visionem.

191 4099 330 4168 Quid
412 4102 530 4156 haec
598 4108 664 4158 ad
731 4101 971 4174 Joseph?
1048 4107 1284 4160 maxime
1355 4105 1577 4176 quidem
1650 4107 1774 4176 quia

191 4192 497 4248 intellectus
556 4205 674 4250 erat
725 4197 777 4250 in
828 4212 892 4252 eo
945 4207 1001 4251 et
1061 4199 1320 4254 revelatio
1372 4219 1384 4254 :
1439 4211 1496 4254 et
1547 4199 1670 4272 quia
1723 4209 1778 4252 et

191 4300 378 4342 eOrum
417 4289 505 4356 qui
565 4289 616 4343 in
652 4305 874 4346 carcere
913 4300 1070 4345 erant
1117 4293 1420 4349 consolatio
1453 4294 1774 4359 habebatur,

193 4379 315 4448 quia
335 4389 392 4433 et
417 4380 522 4435 illic
540 4383 804 4437 creditum
836 4392 920 4437 est
941 4382 1013 4437 ei.
1045 4383 1260 4439 Dixerat
1293 4393 1474 4440 autem
1507 4387 1614 4439 vini
1647 4401 1778 4455 prmo

190 4472 402 4542 posito:
438 4472 696 4529 Memento
752 4478 848 4530 mei
889 4494 984 4545 per
1037 4480 1362 4546 temetipsum
1409 4495 1528 4532 cum
1562 4481 1767 4546 ceperit

1878 1973 2058 2026 vaccis
2081 1972 2298 2041 quidem
2329 1973 2620 2042 pinguibus
2641 1989 2823 2028 vaccae
2845 1989 3061 2039 macrae,
3099 1976 3265 2045 spicis
3293 1987 3477 2030 autem

1877 2062 2033 2118 bonis
2063 2075 2117 2118 et
2140 2066 2314 2133 plenis
2333 2066 2496 2135 spica:
2525 2075 2736 2120 tenues.
2779 2065 2886 2122 Pro
2921 2077 3129 2138 septem
3163 2069 3333 2139 spicis
3363 2069 3480 2138 ple.

1878 2156 1967 2210 nis
1995 2167 2203 2226 septem
2230 2159 2392 2226 spica:
2417 2168 2626 2217 tenues.
2648 2158 2919 2216 Comestae
2945 2171 3072 2214 sunt
3097 2162 3324 2230 pingues
3355 2175 3485 2216 vac-

1876 2262 1953 2301 cze
1981 2265 2007 2300 a
2038 2248 2342 2304 macileutis
2364 2251 2569 2316 vaccis,
2592 2261 2649 2306 et
2678 2252 2842 2320 spica
2875 2268 2903 2307 a
2927 2253 3117 2321 spicis,
3151 2263 3208 2308 et
3237 2253 3292 2307 In
3331 2253 3482 2308 fame

1879 2339 2180 2395 habebatur
2210 2340 2494 2412 Egyptus,
2553 2354 2606 2398 et
2645 2345 2697 2397 in
2744 2343 2951 2399 turbela
2987 2344 3222 2398 Pharao.
3276 2344 3340 2398 Et
3367 2343 3476 2398 vini

1875 2434 2196 2503 praepositus
2243 2436 2551 2490 admonitus
2601 2446 2684 2489 est
2732 2436 2922 2492 dicens
2970 2435 3083 2507 (39)
3122 2456 3136 2491 :
3189 2435 3376 2490 Dicam
3407 2451 3478 2491 an

1878 2524 2128 2579 taceam?
2180 2527 2321 2579 tacui
2376 2535 2525 2579 tanto
2567 2537 2829 2593 tetttpore.
2880 2527 2986 2582 Sed
3026 2529 3069 2581 si
3112 2543 3218 2582 non
3265 2527 3476 2589 dixero,

1877 2619 2089 2687 perierit
2115 2615 2380 2688 Egyptii.
2407 2619 2608 2683 Meum,
2643 2620 2838 2689 inquit,
2861 2634 3132 2684 errorem,
3161 2634 3337 2673 meum
3358 2635 3484 2688 ιιεοο

1878 2719 2057 2764 catum
2087 2713 2434 2766 admoneam.
2488 2712 2657 2768 Putas
2683 2730 2805 2768 eum
2837 2724 3112 2783 repeteret
3139 2704 3200 2768 εἴ
3234 2715 3475 2768 diceret:

1879 2803 2012 2858 Cum
2044 2804 2213 2857 iratus
2244 2819 2394 2858 esses
2431 2807 2622 2872 nobis;
2655 2806 2956 2860 admonitio
2985 2807 3065 2860 sui
3092 2807 3332 2874 peccati:
3358 2815 3480 2859 erat

1878 2906 2054 2949 autem
2088 2898 2496 2952 taciturnltatis.
2534 2897 2675 2951 Fieri
2712 2898 2856 2951 enim
2895 2906 3072 2967 potest
3104 2899 3230 2968 quia
3249 2910 3486 2968 utraque

1879 2989 2193 3042 admonitus
2217 3002 2318 3054 est,
2355 3003 2407 3044 et
2445 3004 2671 3059 utraque
2695 2992 2852 3044 dixit.
2891 2990 3030 3055 Quid
3061 2992 3134 3044 ait
3165 2992 3230 3044 ad
3259 2990 3489 3058 regem?

1878 3078 2118 3146 Peccati,
2155 3083 2351 3151 inquit,
2387 3100 2587 3137 memor
2639 3084 2721 3151 fui
2756 3085 2910 3137 hodie
2937 3099 2956 3138 .'
2989 3083 3204 3138 Pharao
3232 3085 3489 3152 indigna-

1881 3185 1964 3229 tus
1987 3180 2260 3245 estpueris
2300 3180 2432 3236 suis,
2466 3187 2515 3231 et
2554 3179 2692 3230 misit
2730 3196 2824 3231 nos
2861 3179 2913 3231 in
2945 3195 3242 3242 carcerem;
3287 3180 3339 3231 in
3383 3178 3484 3230 do-

1880 3285 2022 3322 mum
2070 3271 2339 3337 prtepositi
2377 3286 2666 3337 coquorum
2712 3287 2794 3323 me
2826 3279 2876 3322 et
2933 3271 3020 3340 qui
3055 3287 3214 3338 supra
3256 3271 3482 3336 pistores

1878 3372 2013 3415 erat.
2051 3360 2112 3413 Et
2157 3363 2378 3415 vidimus
2428 3366 2691 3416 somnium
2730 3376 2942 3428 uterque
2978 3379 3081 3414 una
3126 3372 3307 3424 nocte;
3363 3379 3483 3431 ego,

1878 3455 2057 3507 itidem
2093 3454 2217 3519 ille;
2254 3456 2606 3524 unusquisque
2624 3456 2888 3507 somnium
2921 3455 3172 3508 vidimus.
3217 3455 3344 3508 Erat
3379 3474 3484 3510 au-

1879 3554 1979 3598 tem
2008 3545 2079 3596 ibi
2111 3547 2380 3598 nobiscum
2409 3545 2714 3597 adolescens
2745 3560 2874 3612 puer
2908 3543 3166 3598 liebrwus
3205 3544 3483 3612 pra'positi

1877 3654 2164 3708 coquorum
2199 3653 2215 3691 :
2247 3651 2292 3689 et
2315 3639 2679 3690 enarrarimus
2710 3637 2813 3698 illi,
2837 3648 2884 3690 et
2914 3639 3276 3704 interpretavit
3304 3640 3480 3694 nobis.

1879 3729 1947 3783 Et
1977 3731 2176 3799 [aetum
2206 3741 2302 3793 est,
2333 3731 2464 3783 sicut
2487 3732 2865 3795 interpretatus
2899 3731 3070 3798 [uerat
3103 3733 3341 3784 nobissic
3367 3749 3486 3787 ευοο

1879 3824 1992 3886 nit;
2024 3839 2104 3876 me
2129 3826 2407 3876 restituisti
2443 3824 2497 3874 in
2522 3822 2714 3892 oﬂicio,
2749 3824 2898 3874 illum
2937 3834 3113 3876 autem
3135 3827 3479 3893 suspendisti.

1884 3917 1946 3969 Et
1964 3917 2101 3969 misit
2139 3916 2350 3969 Pharao
2383 3914 2766 3978 uocariloseph
2793 3917 2882 3971 5".
2908 3917 3169 3971 Convicia
3203 3921 3345 3972 enim
3367 3919 3488 3987 iam

1881 4010 2055 4064 luerat
2087 4011 2480 4078 sapientiornm
2517 4009 2810 4078 sapientia,
2852 4027 2974 4080 qua:
3023 4013 3297 4067 somnium
3338 4017 3485 4083 regis

1881 4100 2226 4168 interpretari
2275 4115 2380 4154 nou
2418 4102 2611 4170 potuit.
2653 4100 2722 4156 Et
2748 4103 3051 4157 eduxerunt
3081 4119 3204 4158 eum
3249 4104 3315 4156 de
3350 4120 3484 4159 car-

1880 4209 2026 4258 cere,
2053 4203 2107 4248 et
2146 4197 2498 4248 totouderuut
2528 4209 2678 4258 eum,
2705 4205 2758 4248 et
2794 4205 3149 4252 mutaverunt
3186 4198 3486 4251 vestimen-

1879 4297 1990 4339 tum
2042 4286 2180 4354 ejus.
2231 4288 2426 4341 Iterum
2470 4304 2500 4342 e
2544 4289 2662 4341 lacu
2711 4288 2938 4358 Joseph,
2967 4290 3166 4344 iterum
3201 4306 3231 4344 e
3261 4305 3495 4345 carcere

1879 4379 2030 4444 exiit,
2078 4387 2133 4432 et
2192 4379 2434 4433 venitad
2479 4378 2714 4434 Pharao.
2768 4382 2914 4435 Dixit
2948 4392 3130 4435 autem
3167 4381 3385 4435 Pharao
3415 4386 3489 4437 ad

1880 4467 2080 4538 Ioseph
2113 4488 2125 4524 :
2159 4470 2440 4526 Somnium
2504 4473 2632 4535 ridi,
2693 4486 2741 4526 et
2789 4478 2879 4543 qui
2932 4477 3303 4540 interpretetur
3346 4477 3488 4530 illud

192 4569 284 4621 tibi
316 4585 426 4621 esse
475 4573 615 4636 bene,
659 4583 705 4625 et
727 4572 887 4639 facies
919 4573 972 4625 in
1020 4589 1101 4626 me
1130 4573 1538 4631 miserationem.
1574 4585 1622 4627 et
1665 4591 1772 4627 me-

1884 4579 1986 4616 non
2020 4573 2096 4616 est
2125 4564 2193 4616 ⁸⁷.
2220 4562 2476 4618 Convicta
2509 4565 2782 4631 enimjaut
2823 4569 2999 4620 luerat
3029 4567 3334 4639 Egyptus:
3363 4583 3492 4624 cou-

191 4661 419 4714 morabis
445 4663 509 4714 de
533 4679 613 4715 me
663 4661 932 4717 Pharaoni
966 4679 983 4716 :
1019 4676 1066 4720 ct
1107 4667 1294 4720 educes
1326 4680 1408 4718 me
1437 4667 1500 4719 de
1529 4667 1630 4720 isto
1655 4684 1771 4719 car-

193 4767 306 4805 cere
341 4765 362 4805 :
402 4756 648 4822 quoniam
678 4753 818 4822 furto
851 4754 1087 4808 sublatus
1115 4773 1229 4809 sum
1257 4757 1321 4808 de
1353 4767 1494 4809 terra
1523 4755 1775 4810 Heber-

195 4858 331 4904 rum,
362 4857 406 4898 et
426 4846 511 4897 hic
534 4847 659 4898 nihil
689 4846 950 4916 malifeci,
983 4849 1071 4901 sed
1104 4850 1359 4902 miserunt
1380 4865 1460 4901 me
1488 4849 1539 4901 in
1561 4850 1772 4900 domum

194 4935 294 4988 laci
316 4937 474 5004 hujus
518 4938 584 4990 ".
615 4938 748 5004 Quia
779 4941 920 4994 enim
949 4941 1048 4996 hoc
1091 4942 1263 5009 ipsum
1300 4942 1530 4994 credidit
1561 4941 1613 4995 in
1673 4943 1771 4994 ho-

195 5026 360 5088 mine,
389 5027 629 5081 adtlitum
680 5041 763 5083 est
789 5029 838 5084 ei
872 5032 1172 5086 biennium.
1227 5033 1559 5088 Emendatus
1592 5045 1776 5087 autem

195 5131 276 5175 est
305 5122 374 5175 ob
403 5121 561 5174 istum
590 5136 894 5177 sermonem
917 5139 1010 5193 per
1027 5125 1301 5182 biennium
1328 5126 1526 5196 Juseph
1552 5137 1611 5180 ut
1632 5137 1778 5181 esset

261 5215 306 5248 ⁸⁸
334 5215 467 5274 Gen.
501 5219 754 5286 x1.,9-M.
833 5220 1130 5289 “ibidJQ,
1153 5224 1240 5278 15.
1316 5225 1362 5256 ⁸³
1388 5222 1624 5280 ibid.16.

193 5287 237 5321 "
280 5289 406 5344 ibid.
447 5291 528 5345 15.
603 5293 650 5323 ⁸⁸
682 5291 812 5347 ibid.
848 5291 936 5345 16.

217 5445 229 5460 θ
263 5389 374 5460 (57)
433 5387 556 5443 Tria
595 5392 828 5444 canistra
876 5390 1062 5444 Italico.
1116 5390 1312 5445 lialicaP
1355 5406 1448 5446 seu
1494 5393 1688 5447 alica:
1723 5389 1776 5444 in

197 5456 283 5535 8ης
296 5461 507 5535 Scripta
517 5478 571 5513 ra
603 5462 787 5516 Graeca
823 5460 956 5535 cpia,
979 5462 1456 5535 κανᾶ-χονδριτῶν.

263 5529 376 5602 (38)
417 5535 493 5584 lix
520 5535 755 5585 omnibus
786 5529 1080 5600 generibus.
1121 5529 1178 5586 lii
1208 5529 1419 5603 vulgata
1454 5537 1776 5604 interpreta-

200 5600 364 5660 tione,
386 5617 556 5654 omnes
586 5607 727 5656 czbos
754 5605 842 5671 qui
867 5604 997 5672 ﬁunt
1032 5617 1144 5658 arte
1169 5600 1411 5673 pistoria.

264 5672 374 5744 (39)
410 5675 717 5726 Admonrtus
765 5686 836 5726 est
885 5676 1079 5729 dicens.
1117 5672 1317 5729 Lucum
1357 5680 1497 5730 hunc
1527 5675 1776 5730 videmur

198 5746 272 5798 sic
309 5745 596 5816 explanare
628 5759 782 5812 posse
825 5759 889 5798 ex
952 5746 1273 5816 Scriptura:
1308 5748 1640 5802 llecordatus
1691 5758 1775 5802 est

197 5815 404 5880 Jnsephi
457 5818 658 5887 dicens,
710 5815 891 5887 lltcam
933 5820 1039 5887 regi
1077 5836 1144 5871 an
1195 5819 1421 5871 tacebo?
1471 5830 1621 5870 tanto
1655 5819 1769 5886 jam

206 5897 436 5956 tempore
460 5886 597 5940 tacui
640 5905 652 5940 :
690 5885 785 5942 sed
803 5888 845 5940 si
883 5885 1227 5956 nou'disero,
1257 5885 1723 5959 pericqugypui
1754 5907 1766 5943 :

1703 5220 2104 5277 “ibide—lS.

1884 4660 2022 4711 victa
2061 4667 2114 4712 et
2161 4660 2427 4726 sapientia
2473 4675 2591 4727 qua:
2626 4660 2985 4728 pollicebatur
3022 4663 3212 4716 tuulta.
3242 4661 3350 4731 Ego
3383 4678 3488 4714 au-

1884 4759 1991 4803 tem
2033 4750 2213 4803 audivi
2245 4752 2311 4804 de
2358 4760 2409 4802 te
2445 4751 2714 4817 dicentes,
2771 4753 2960 4807 audire
2987 4761 3040 4806 te
3072 4753 3283 4807 somnia
3320 4763 3370 4806 et
3405 4754 3488 4806 ιιι-

1881 4845 2167 4910 lerpretari
2203 4859 2286 4900 ea.
2351 4844 2625 4898 Conlirma
2676 4861 2810 4914 ergo
2867 4847 3024 4900 nobis
3066 4846 3263 4899 famam
3309 4855 3484 4901 tuam.

1881 4933 2192 5004 Religiosus
2233 4947 2414 4992 autem
2464 4935 2664 5006 .loseph
2710 4939 2990 5006 respondit
3031 4939 3096 4992 ad
3149 4954 3370 5009 regem,
3432 4951 3490 4994 et

1881 5028 2016 5080 dixit
2059 5046 2070 5080 :
2105 5028 2231 5082 Sine
2255 5029 2361 5082 Deo
2391 5046 2492 5082 non
2531 5031 2935 5097 respondebitur
2963 5032 3202 5084 salutare
3243 5028 3489 5087 Pharao.

1883 5123 1982 5177 Dei
2010 5125 2148 5176 enim
2171 5134 2269 5190 est,
2303 5127 2498 5194 inquit,
2533 5127 2896 5194 interpretatio
2932 5126 2999 5179 ⁸⁸.
3039 5125 3148 5193 Εςο
3192 5125 3324 5178 nihil
3359 5142 3493 5210 pps-

2182 5223 2227 5252 σε
2260 5221 2387 5275 ibid.
2417 5209 2607 5277 14-151
2685 5221 2730 5252 ⁸ο
2754 5222 3022 5276 Cuthxu.
3101 5219 3301 5273 δθίιιὶἀ.
3322 5209 3488 5278 a-tt.

1884 5388 2059 5456 potius
2102 5389 2277 5457 itaque
2310 5403 2515 5449 meum,
2566 5387 2760 5456 inquit,
2792 5404 3057 5451 errorem,
3090 5403 3268 5442 meum
3292 5400 3490 5454 perca-

1888 5470 1998 5512 tum
2027 5462 2380 5514 conlitebor:
2443 5474 2634 5525 nempe
2684 5479 2806 5514 cum
2850 5461 3119 5514 Pharaoni
3172 5471 3489 5518 renarrat-et

1886 5547 1951 5582 ac
1990 5531 2220 5595 diceret,
2271 5533 2404 5587 Cum
2435 5531 2606 5582 iratus
2639 5548 2790 5586 esScs
2842 5534 3018 5594 uoltis,
3063 5531 3330 5585 confessio
3361 5543 3496 5590 erat

1883 5602 1964 5654 sui
1993 5606 2199 5668 peccati
2236 5619 2340 5672 quo
2369 5604 2501 5667 regis
2552 5603 2682 5653 iram
2730 5621 3013 5670 provocare
3049 5611 3123 5665 .tt,
3166 5613 3278 5654 tuttt
3315 5603 3493 5659 etiam

1885 5674 2297 5734 taciturnitatis,
2332 5678 2475 5743 quod
2510 5675 2716 5740 accepti
2759 5693 2785 5726 a
2821 5673 3056 5742 Josepho
3098 5672 3346 5726 benelicii
3382 5676 3495 5728 itu-

1883 5759 2093 5796 metnor
2147 5749 2350 5799 ιτιιιιιΙιιι
2397 5744 2678 5798 siluisset:
2718 5746 2832 5799 lieri
2865 5750 3007 5800 enim
3041 5751 3218 5813 potest
3259 5752 3316 5795 ut
3365 5749 3496 5815 ejus

1881 5816 2064 5866 animo
2116 5820 2346 5873 subierit
2399 5828 2724 5882 utrumque,
2775 5827 2828 5871 et
2887 5831 3182 5884 utrumque
3227 5815 3299 5869 sit
3353 5831 3496 5873 cott-

1881 5887 2079 5939 lessus.
