4072 6400
668 373 807 433 1091

1302 372 1568 429 ευδεδιι
1605 372 2087 429 CASSARIENSIS
2116 372 2222 429 0P]

2324 372 2490 427 PARS
2530 373 2621 427 ιν.
2663 401 2733 413 —-
2773 372 3192 430 DOGMATICA.

3776 378 3919 437 «ωε

670 501 790 542 sum
846 494 907 541 ut
933 482 1159 555 possim.
1208 482 1441 554 Exponit
1485 494 1663 539 autem
1717 485 1912 555 duplex
1964 487 2231 541 somnium
2261 499 2309 555 Α
2336 495 2384 538 et
2416 485 2495 538 ori
2533 494 2621 538 tuo
2651 486 2852 539 obediet
2902 484 3124 555 populus
3173 486 3339 540 omnis
3384 498 3581 557 prater
3627 490 3918 545 thronum:

668 576 898 641 Pharao,
929 577 1071 644 quod
1100 582 1219 629 erat
1246 575 1297 629 in
1328 590 1429 628 una
1458 576 1677 630 virtute.
1697 575 1807 631 Cur
1834 589 2014 631 autem
2039 592 2231 632 secun-

670 671 794 721 dum
818 666 1086 721 somnium
1116 664 1293 719 videt?
1334 674 1392 717 ut
1422 667 1602 719 discas
1629 668 1755 735 quia
1796 678 1950 736 urget
1986 669 2124 723 Deus
2175 677 2233 722 ut

666 764 853 826 parcat
882 754 1211 809 hominibus.
1241 750 1527 817 Putabam,
1558 754 1750 823 inquit,
1780 771 1860 808 me
1887 766 2027 808 stare
2074 755 2232 823 juxta

666 862 813 900 orant
829 846 1083 916 ﬂuminis,
1105 854 1154 898 et
1173 845 1323 912 quasi
1348 845 1411 897 de
1440 847 1655 914 flumine
1681 846 2025 899 ascendebant
2044 855 2233 913 septem

666 954 837 993 vacca
866 937 1040 992 electa
1067 936 1334 997 carnibus,
1369 936 1517 989 bona
1548 946 1779 1005 aspectu,
1814 946 1863 990 et
1888 936 2235 999 pascebantur

666 1030 738 1084 ad
780 1029 965 1097 ripam.
1013 1026 1081 1081 Et
1119 1043 1233 1081 ecce
1279 1027 1400 1080 alia
1444 1040 1633 1094 septem
1672 1042 1839 1080 vacca
1888 1026 2231 1080 ascendebant

665 1131 779 1187 post
818 1120 945 1173 illas.
988 1117 1055 1173 de
1085 1118 1323 1185 ﬂumine,
1359 1118 1595 1183 pessima
1636 1128 1683 1171 et
1715 1124 1890 1185 turpes
1914 1129 2147 1183 aspectu,
2180 1123 2231 1170 et

666 1227 858 1265 macra
902 1212 1169 1273 carnibus,
1203 1213 1332 1266 tales
1364 1212 1544 1282 quales
1572 1224 1837 1279 nunquam
1888 1209 1994 1261 vidi
2032 1208 2086 1261 in
2125 1217 2231 1261 tota

663 1300 895 1371 Egypto
919 1304 1197 1370 turpiores.
1234 1304 1299 1356 Et
1330 1306 1702 1356 devoraverunt
1728 1301 1833 1354 illa
1847 1310 2037 1367 septem
2064 1314 2232 1353 vacca

664 1409 857 1447 macra
884 1406 933 1449 et
966 1405 1138 1461 turpes
1173 1405 1358 1461 septem
1379 1410 1559 1447 vaccas
1586 1393 1745 1446 bonas
1769 1402 1817 1445 et
1848 1392 2055 1456 electas,
2088 1398 2136 1443 et
2159 1390 2234 1442 in-

665 1489 933 1537 traverunt
973 1485 1029 1536 in
1069 1493 1265 1536 ventres
1303 1498 1517 1546 earum;
1551 1492 1732 1535 etnon
1756 1491 2045 1551 paruerunt
2092 1478 2231 1549 quod

664 1574 961 1628 introissent
1006 1576 1063 1627 in
1112 1585 1309 1628 ventres
1355 1589 1558 1637 earum,
1588 1584 1761 1642 turpes
1787 1574 1920 1626 sicut
1965 1581 2115 1625 erant
2164 1569 2229 1622 ab

664 1666 837 1719 initio.
870 1665 1101 1734 Surgens
1122 1676 1295 1720 autem
1325 1683 1509 1721 rursus
1555 1668 1803 1729 dormivi,
1826 1676 1878 1721 et
1902 1668 2007 1721 vidi
2035 1667 2230 1721 iterum

665 1757 721 1809 in
749 1758 940 1810 somnis
975 1771 994 1809 :
1014 1766 1061 1809 et
1091 1757 1240 1825 quasi
1260 1767 1451 1822 septem
1477 1759 1634 1826 spica
1664 1758 2013 1811 ascendebant
2033 1759 2086 1810 in
2112 1758 2232 1826 fun-

2330 590 2423 645 ego
2447 584 2498 628 te
2518 591 2739 644 praero.
2769 575 2917 629 Dixit
2945 575 3160 630 Pharao
3191 577 3261 631 ad
3278 575 3477 647 Ioseph
3506 593 3527 632 :
3563 578 3700 634 Ecce
3724 585 3917 635 consti-

2330 675 2419 719 tuo
2442 675 2487 719 te
2533 666 2679 719 hodie
2703 683 2859 735 super
2880 682 3081 721 omnem
3112 677 3306 723 terram
3342 670 3587 742 Egypti,
3612 673 3805 738 facito,
3833 674 3917 726 iu-

2330 756 2461 824 quit,
2490 765 2635 808 tuum
2658 756 2955 812 consilium.
2986 755 3117 822 Quis
3144 766 3193 812 te
3220 762 3556 828 sapientior!
3577 764 3695 834 quis
3724 774 3774 817 te
3794 780 3915 818 sen-

2331 848 2497 901 satior
2525 855 2575 900 et
2599 846 2850 915 ﬁdelior?
2878 858 2926 903 te
2960 848 3096 903 enim
3125 850 3328 904 volebat
3360 851 3506 906 Deus
3533 865 3591 907 ut
3623 870 3793 923 supra
3827 859 3917 909 do-

2331 952 2472 990 mum
2505 954 2641 992 esses
2688 953 2879 1004 meam,
2923 957 3080 1008 super
3118 957 3318 995 omnem
3351 944 3548 999 scilicet
3590 945 3913 1017 Egypt“.

2332 1027 2578 1097 Perﬁcito
2608 1040 2754 1082 tuum
2782 1031 3083 1096 consilium,
3125 1049 3385 1103 conregna
3417 1037 3570 1091 mihi.
3607 1037 3727 1091 Tibi
3772 1041 3916 1093 enim

2330 1120 2463 1174 dans
2498 1118 2787 1192 Egyptum
2813 1124 2870 1177 in
2892 1134 3167 1192 potestate,
3190 1128 3387 1182 habebo
3429 1137 3479 1183 te
3505 1146 3713 1185 mecum
3742 1135 3802 1185 in
3835 1149 3916 1187 re-

2332 1226 2445 1279 gem
2479 1211 2547 1267 ”.
2580 1210 2699 1266 Iam
2715 1212 3037 1281 consolatio,
3070 1215 3183 1285 jam
3210 1214 3417 1273 fructus
3447 1221 3724 1288 pudicitia:
3750 1232 3913 1276 erant

2330 1298 2550 1371 Ioseph.
2572 1302 2677 1357 Sed
2704 1318 2804 1358 nec
2827 1305 2879 1358 in
2908 1304 2995 1361 his
3021 1305 3197 1364 factus
3217 1311 3396 1380 arguit
3414 1311 3698 1367 mulierem
3728 1314 3910 1383 impu-

2332 1394 2569 1457 dentem,
2584 1410 2690 1449 non
2707 1395 2881 1451 reddit
2902 1397 3069 1452 vicem
3094 1418 3108 1453 :
3132 1409 3311 1457 tamen
3342 1402 3443 1456 fuit
3464 1403 3515 1456 in
3535 1403 3908 1470 tribulatione,

2331 1495 2388 1540 et
2416 1486 2470 1539 in
2501 1486 2591 1539 tali
2625 1488 2870 1558 angustia
2902 1497 3048 1543 tanta
3073 1487 3292 1560 Ioseph.
3325 1491 3492 1547 Iacob
3520 1503 3704 1548 autem
3731 1496 3784 1548 in
3813 1496 3909 1549 tri-

2332 1576 2607 1633 bulatione
2657 1589 2795 1646 erat,
2851 1587 2905 1633 et
2948 1577 3059 1647 jam
3100 1597 3224 1643 cum
3272 1583 3382 1653 (41)
3416 1585 3677 1640 remissus
3712 1586 3909 1641 fuisset

2330 1665 2529 1739 Ioseph
2562 1685 2593 1723 a
2625 1685 2862 1727 carcere.
2887 1672 3023 1741 Quid
3057 1688 3210 1745 ergo,
3246 1674 3429 1729 dicent
3450 1674 3646 1740 Iudici,
3674 1678 3764 1732 ubi
3818 1690 3904 1733 est

2334 1760 2541 1817 fructus
2582 1765 2996 1830 promissionis?
3032 1764 3087 1820 Si
3136 1766 3281 1820 enim
3320 1768 3420 1821 ista
3475 1778 3560 1823 est
3598 1771 3738 1835 vita,
3771 1771 3905 1840 quid

665 1850 732 1903 do
762 1866 865 1903 uno
885 1850 1049 1916 plena
1066 1860 1113 1902 et
1140 1850 1307 1903 bona.
1327 1849 1461 1904 Alia
1475 1861 1649 1904 autem
1672 1860 1865 1917 septem
1882 1851 2231 1915 spica-tenues
2262 1847 2306 1903 B
2338 1852 2436 1907 hoc
2463 1853 2528 1906 ad
2553 1851 2745 1921 Iacob,
2792 1856 2884 1925 qui
2917 1856 3101 1911 decem
3136 1868 3188 1913 et
3216 1867 3419 1928 septem
3452 1862 3611 1916 annis
3651 1861 3796 1917 luxit
3817 1862 3908 1918 Io-

661 1950 709 1994 et
734 1957 764 1992 a
793 1950 939 1993 vento
972 1950 1229 2006 corrupta
1249 1941 1542 1992 crescebant
1566 1938 1723 2008 juxta
1750 1954 1837 1991 eas
1868 1947 1913 1990 et
1944 1938 2229 2006 glutierunt

659 2042 845 2099 septem
878 2032 1035 2099 spica
1062 2040 1237 2085 tenues
1261 2041 1310 2085 et
1335 2047 1369 2083 a
1393 2040 1540 2085 vento
1570 2040 1851 2097 corrupta,
1901 2038 2093 2095 septem
2122 2030 2219 2096 spi-

658 2140 746 2177 cas
772 2124 948 2192 plenas
974 2136 1019 2176 et
1041 2125 1219 2177 bonas.
1248 2123 1372 2176 Dixi
1391 2138 1513 2191 ergo
1534 2121 2037 2188 interpretatoribus,
2063 2127 2109 2170 et
2128 2134 2231 2171 non

658 2213 759 2283 fuit
789 2215 878 2282 qui
902 2216 1172 2267 dissereret
1210 2213 1359 2266 mihi.
1391 2212 1457 2265 Et
1490 2213 1622 2264 dixit
1662 2209 1853 2277 Ioseph
1878 2210 1944 2261 ad
1969 2208 2184 2262 Pharao
2209 2225 2227 2263 :

658 2302 932 2356 Somnium
967 2301 1173 2357 Pharao
1199 2321 1359 2357 unum
1384 2313 1479 2356 est.
1516 2302 1850 2371 Quacunque
1890 2300 2025 2353 Deus
2048 2304 2228 2369 faciet,

658 2394 886 2449 ostendit
939 2392 1173 2447 Pharao.
1222 2392 1429 2462 Septem
1461 2409 1627 2447 vacca
1683 2394 1831 2445 bona
1884 2402 2072 2458 septem
2101 2391 2227 2445 anni

656 2491 795 2535 sunt.
839 2482 1111 2537 Somnium
1142 2482 1357 2536 Pharao
1387 2499 1545 2536 unum
1578 2492 1651 2536 est
1686 2497 1705 2534 :
1746 2491 1795 2533 et
1834 2494 2019 2550 septem
2057 2498 2230 2535 vacca

656 2587 849 2625 πωπω
891 2588 1008 2642 qua
1036 2571 1375 2626 ascendebant
1404 2584 1517 2641 post
1545 2590 1655 2638 eas,
1696 2582 1890 2641 septem
1931 2572 2058 2624 anni
2085 2583 2228 2624 sunt.

658 2659 727 2714 Et
757 2671 948 2730 septem
982 2664 1137 2732 spica
1169 2672 1345 2716 tenues
1380 2674 1426 2717 et
1463 2680 1493 2716 a
1525 2674 1669 2717 vento
1707 2674 1986 2732 corrupta,
2035 2674 2226 2731 septem

655 2753 782 2805 anni
820 2762 961 2807 sunt.
1001 2752 1068 2805 Et
1098 2756 1191 2808 erit
1214 2764 1403 2822 septem
1442 2755 1593 2807 annis
1630 2756 1828 2825 fames:
1854 2772 2027 2809 verum
2052 2763 2226 2807 autem

656 2844 797 2913 quod
832 2844 968 2896 dixit
1003 2842 1211 2897 Pharao
1244 2861 1261 2898 :
1296 2860 1619 2914 quacunque
1642 2845 1778 2900 Deus
1802 2846 1979 2915 faciet,
2004 2846 2225 2901 ostendit

654 2934 949 2990 Pharaoni.
983 2932 1117 2989 Ecce
1175 2945 1368 3004 septem
1406 2938 1531 2989 anni
1586 2938 1791 2991 veniunt
1823 2939 2079 2991 ubertatis
2107 2953 2224 2991 ma-

654 3040 774 3094 gna
832 3026 886 3079 in
924 3028 1063 3079 omni
1105 3038 1243 3080 terra
1285 3027 1523 3098 zEgypti.
1556 3027 1686 3083 Post
1718 3038 1890 3082 autem
1915 3032 2111 3083 venient
2141 3044 2227 3083 se-

652 3128 790 3188 ptem
827 3120 950 3173 anni
980 3119 1134 3188 famis
1168 3136 1185 3173 :
1228 3132 1405 3190 postea
1430 3121 1794 3175 obliviscantur
1836 3124 2120 3176 ubertatem
2167 3123 2225 3176 in

2332 1944 2500 2012 sepb?
2524 1955 2618 1998 aut
2644 1945 2709 1999 ad
2743 1946 2916 2015 ipsum
2951 1945 3177 2020 Ioseph,
3219 1951 3313 2021 qui
3347 1954 3438 2006 vix
3486 1952 3748 2009 libentes
3787 1954 3908 2010 est?

2333 2040 2438 2095 Sed
2479 2056 2657 2097 sermo
2700 2044 2917 2113 quidem
2964 2046 3237 2115 impletur,
3270 2050 3541 2117 negotium
3573 2060 3756 2105 autem
3787 2065 3904 2107 ser-

2329 2140 2522 2186 vetur:
2574 2133 2779 2188 licitum
2828 2137 2972 2190 enim
3005 2148 3089 2191 est
3125 2139 3281 2193 nobis
3311 2150 3363 2194 et
3389 2142 3639 2210 sequenti
3697 2142 3902 2212 perfrui

2330 2224 2436 2279 die.
2469 2224 2838 2281 Mensurenuts
2867 2239 3045 2282 autem
3084 2239 3311 2300 tempus.
3353 2230 3514 2286 Decet
3542 2234 3689 2287 enim
3738 2234 3905 2303 gratis

2331 2316 2467 2370 dona
2496 2317 2611 2383 D‘ei,
2637 2328 2691 2371 ut
2715 2316 2964 2387 jejuuent
2998 2321 3049 2374 in
3099 2332 3361 2390 tempore,
3404 2334 3458 2377 et
3510 2325 3801 2393 epulentur
3852 2326 3902 2379 in

2332 2416 2589 2477 tempore.
2631 2407 2858 2463 Tantum
2887 2420 3057 2467 estote
3095 2428 3362 2469 memores
3414 2415 3496 2469 ubi
3539 2416 3759 2471 ﬁnimus
3790 2433 3902 2473 ser-

2331 2513 2579 2552 monem:
2618 2509 2675 2553 ut
2701 2500 2835 2555 sicut
2870 2501 2921 2554 lii
2954 2502 3045 2570 qui
3074 2502 3326 2559 alacriter
3357 2507 3705 2571 manducata,
3749 2520 3805 2563 et
3839 2509 3900 2564 ob

2328 2591 2615 2659 quamdam
2680 2592 3015 2648 occasionem
3066 2610 3419 2667 exsurgentes
3481 2616 3511 2652 a
3570 2616 3761 2655 mensa
3824 2603 3895 2655 ni.

2330 2692 2444 2735 tant
2474 2682 2584 2753 (ιε)
2634 2684 2735 2739 sibi
2783 2687 3026 2756 apposita
3056 2706 3071 2741 :
3101 2689 3172 2742 ita
3218 2700 3272 2744 et
3310 2706 3404 2746 vos
3439 2691 3691 2761 reliquias
3734 2694 3841 2749 alio
3869 2710 3897 2748 s

2326 2774 2482 2828 nobis
2508 2778 2781 2844 exposcite
2813 2776 2921 2840 die,
2953 2794 3020 2833 ne
3047 2781 3171 2849 quid
3198 2793 3253 2835 et
3284 2784 3669 2839 intermisimus
3714 2804 3727 2839 :
3794 2804 3897 2842 non

2325 2865 2468 2919 enim
2497 2866 2655 2923 decet
2678 2885 2774 2924 nos
2804 2872 3080 2926 venientes
3118 2872 3185 2927 ad
3216 2874 3633 2929 consolationem
3687 2878 3895 2945 mortis,

2325 2955 2633 3028 relinquere
2658 2956 2825 3014 Iacob
2854 2961 2907 3014 in
2948 2960 3094 3016 luctu
3122 2965 3189 3017 de
3221 2962 3363 3017 fama
3396 2967 3586 3020 mortis
3621 2966 3739 3020 lilii.
3792 2968 3893 3023 Sed

2324 3047 2550 3103 rationis
2587 3059 2670 3105 est
2722 3062 2778 3105 et
2807 3052 3055 3121 sequenti
3098 3053 3460 3124 nosjungere,
3484 3067 3536 3110 et
3564 3058 3794 3113 miscere
3843 3060 3892 3114 in

2324 3139 2658 3197 alacritatem
2691 3142 2986 3213 lugentium
3007 3145 3116 3216 jam
3154 3161 3274 3201 esse
3309 3149 3754 3208 consolationem.
3782 3151 3891 3208 Non

655 3213 895 3265 universa
932 3210 1182 3281 £gypto,
1214 3222 1261 3267 et
1298 3225 1559 3268 consumet
1585 3215 1746 3283 fames
1777 3231 1977 3268 omnem
2004 3225 2217 3269 terram.

2326 3230 2545 3286 fuissem
2577 3247 2671 3287 vos
2720 3200 2911 3303 passus
2958 3200 3032 3289 ita
3086 3236 3380 3304 dimittere,
3429 3242 3604 3296 adhuc
3638 3242 3891 3300 sollicitus

656 3297 838 3369 Neque
867 3312 1173 3370 agnoscetur
1193 3305 1400 3355 ubertas
1429 3319 1581 3371 super
1602 3315 1791 3358 terram
1810 3314 1923 3374 pra
1939 3304 2077 3373 fante
2102 3322 2219 3376 qua

656 3390 834 3460 futura
862 3404 936 3444 est
972 3406 1081 3460 post
1102 3394 1232 3447 hac.
1273 3392 1552 3449 Vehemens
1573 3399 1711 3449 enim
1738 3396 1835 3449 erit
1862 3397 2029 3451 valde.
2066 3394 2218 3461 Quod

654 3492 830 3538 autem
864 3486 1066 3539 iteravit
1105 3488 1364 3539 somnium
1393 3485 1609 3543 Pharao
1639 3490 1744 3553 bis;
1773 3492 1895 3559 quin
1922 3507 2094 3544 verum
2117 3492 2217 3543 erit

651 3577 862 3629 verbum
900 3579 1035 3645 quod
1066 3592 1139 3631 est
1189 3595 1220 3629 a
1254 3577 1386 3642 Deo,
1429 3589 1475 3632 et
1504 3591 1745 3649 properat
1797 3579 1940 3634 Deus
1972 3590 2028 3661 ut
2053 3581 2217 3651 faciat

651 3668 768 3723 hoc.
811 3668 967 3722 Nunc
998 3685 1118 3739 ergo
1144 3672 1353 3739 provide
1393 3672 1650 3726 hominem
1679 3686 1967 3737 sensatum,
1997 3685 2042 3727 et
2080 3691 2217 3742 pra-

650 3776 781 3827 pone
828 3776 945 3812 eum
992 3777 1145 3828 super
1192 3760 1507 3831 zEgyptum,
1562 3773 1610 3816 et
1668 3764 1827 3832 faciat
1865 3763 2216 3829 Pharaoret

650 3860 916 3915 praponat
937 3851 1168 3902 locorum
1183 3853 1442 3920 principes
1462 3870 1619 3924 super
1646 3866 1862 3919 terram,
1884 3856 1974 3926 qui
2003 3858 2213 3926 quintus

651 3940 824 4007 exigat
863 3937 975 4009 (ιο)
1026 3943 1190 3995 omnis
1222 3942 1424 4010 fructus
1451 3956 1604 3999 terra
1630 3945 1849 4016 Egypti
1881 3960 2072 4017 septem
2113 3966 2214 4003 an-

652 4045 839 4082 norum
880 4034 1148 4097 ubertatis,
1187 4045 1235 4087 et
1282 4037 1529 4104 colligant
1571 4054 1745 4092 omnes
1781 4039 1984 4108 fructus
2020 4050 2212 4109 septem

651 4134 907 4172 annorum
940 4124 1255 4177 venientium
1297 4126 1485 4178 horum
1525 4126 1778 4180 bonorum
1809 4142 1827 4181 :
1855 4138 1903 4183 et
1936 4130 2213 4200 colligatur

646 4209 967 4281 frumentum
992 4218 1084 4269 sub
1111 4232 1268 4270 manu
1299 4215 1512 4271 Pharao
1554 4233 1566 4246 ι
1596 4228 1645 4272 et
1684 4236 1815 4275 esca
1837 4222 1887 4274 in
1916 4222 2211 4276 civitatibus

645 4307 1012 4361 custodiantur
1041 4322 1058 4360 :
1086 4320 1133 4363 et
1152 4311 1255 4363 sint
1278 4326 1409 4365 esca
1441 4327 1555 4379 qua
1578 4313 1849 4365 custodita
1881 4313 2072 4382 fuerint
2108 4325 2213 4367 ter-

646 4411 742 4462 ra,
772 4397 825 4449 in
852 4407 1040 4465 septem
1063 4417 1222 4454 annos
1243 4401 1398 4470 famis
1430 4419 1545 4473 qua
1569 4404 1670 4457 erit
1700 4405 1754 4458 in
1784 4414 1924 4457 terra
1950 4405 2167 4476 Αῑρειριὶ
2191 4421 2209 4458 :

645 4498 693 4540 et
724 4505 825 4541 non
858 4492 1287 4545 exterminabitur
1334 4505 1475 4547 terra
1514 4511 1545 4547 a
1594 4495 1757 4563 fame.
1788 4494 1858 4549 Et
1900 4496 2211 4566 placuerunt

644 4582 756 4632 hac
812 4582 963 4633 verba
1018 4592 1139 4635 ante
1186 4581 1421 4648 Pharao,
1468 4593 1517 4639 et
1563 4586 1803 4641 omnibus
1846 4590 2022 4657 pueris
2074 4590 2204 4643 suis.

644 4670 900 4740 Nunquid
935 4674 1247 4727 inveniemus
1287 4676 1545 4730 hominem
1572 4678 1727 4732 talem
1756 4682 1846 4751 qui
1879 4682 2031 4734 habet
2050 4684 2209 4750 spiri-

640 4768 750 4811 tum
780 4758 942 4812 Deiiu
970 4761 1061 4814 se?
1087 4761 1154 4815 Et
1178 4762 1313 4817 dixit
1338 4760 1553 4819 Pharao
1582 4766 1651 4819 ad
1671 4767 1864 4837 Ioseph
1896 4784 1915 4823 :
1943 4768 2207 4835 Quoniam

646 4847 981 4904 ostendittibi
1006 4851 1143 4907 Deus
1173 4854 1348 4907 omnia
1368 4856 1500 4923 hac,
1535 4874 1635 4911 non
1664 4869 1739 4913 est
1782 4860 1877 4915 tibi
1898 4861 2051 4915 homo
2079 4879 2207 4923 pru-

646 4938 871 5005 dentior,
902 4958 994 4997 nec
1020 4946 1278 5000 sensatior
1306 4954 1353 5001 te
1370 4958 1462 5002 :tu
1483 4951 1583 5004 eris
1598 4967 1755 5020 super
1783 4952 1995 5008 domum
2013 4971 2204 5020 meam,

712 5116 762 5150 ”
795 5115 931 5173 Gen.
955 5134 1063 5185 xu,
1100 5120 1266 5178 1741

736 5271 827 5347 ἑο)
865 5270 1078 5347 βάρει.
1101 5275 1520 5347 Forte_esigant.

774 5346 825 5414 l)
864 5344 929 5400 Et
954 5344 1072 5413 iam
1095 5360 1234 5402 cum.
1262 5344 1427 5404 Forte
1450 5349 1608 5404 etiam
1642 5359 1778 5406 cum.

2325 3332 2545 3393 propter
2575 3324 2741 3380 Iacob
2766 3325 3054 3396 lugentem.
3086 3328 3220 3396 Quia
3261 3332 3422 3401 igitur
3458 3333 3749 3403 incipimus
3775 3352 3886 3407 per-

2324 3410 2570 3466 mittente
2606 3411 2713 3468 Deo
2752 3425 2806 3468 et
2832 3416 3173 3484 probationes
3200 3420 3266 3473 de
3312 3424 3713 3479 resurrectione
3766 3441 3886 3481 con-

2318 3497 2561 3571 jungere,
2591 3501 2701 3571 jam
2731 3503 2887 3559 tidem
2908 3508 3259 3576 praecedentis
3280 3513 3542 3568 sermonis
3562 3516 3889 3574 continentes

2322 3592 2619 3661 epulemur,
2648 3610 2755 3650 non
2799 3612 2920 3651 cum
2972 3608 3240 3657 mortuis:
3282 3618 3469 3659 omnes
3501 3607 3643 3661 enim
3686 3610 3886 3666 vivunt.

2322 3681 2439 3737 Non
2479 3685 2622 3739 enim
2669 3688 2915 3743 venimus
2942 3689 3009 3744 ad
3060 3703 3449 3760 monumenta;
3478 3698 3571 3751 sed
3615 3701 3683 3753 ad
3718 3700 3887 3756 locum

2321 3777 2837 3845 commendationis;
2869 3796 2975 3836 non
3002 3785 3251 3839 venimus
3278 3786 3343 3839 ad
3397 3800 3661 3861 mortuos,
3693 3795 3785 3845 sed
3824 3794 3884 3846 ad

2319 3869 2607 3924 viventes:
2660 3884 3064 3930 commonentes
3110 3880 3461 3949 nosmetipsos
3509 3894 3602 3950 per
3644 3898 3707 3937 ea
3774 3899 3885 3954 qua

2320 3959 2549 4016 facimus
2576 3977 2723 4032 spem
2744 3965 2909 4033 ipsius
2927 3970 3352 4024 resurrectionis.
3375 3970 3503 4026 Lati
3520 3975 3883 4039 convenimus,

2320 4051 2492 4120 majus
2516 4056 2808 4121 gaudentes
2858 4059 3197 4125 recedimus;
3243 4061 3310 4113 ita
3359 4062 3501 4117 enim
3542 4066 3884 4130 caulidimus,

2319 4142 2442 4210 quia
2471 4157 2831 4214 resurgemus,
2859 4146 2984 4214 quia
3012 4155 3068 4202 et
3113 4148 3216 4203 ista
3261 4151 3542 4206 credentes
3563 4153 3881 4210 ltelabimur.

2318 4230 2586 4288 Habemus
2622 4246 2798 4292 autem
2826 4240 3156 4297 reconditum
3183 4257 3486 4297 sermonem
3518 4246 3674 4301 nobis
3702 4256 3881 4304 osten-

2318 4313 2555 4390 dentem,
2607 4340 2730 4397 spes
2777 4334 2901 4400 quia
2943 4344 3029 4390 est
3068 4334 3349 4405 religiosis.
3411 4335 3617 4407 Etiam
3675 4342 3883 4410 quidem

2319 4424 2591 4471 ostensum
2615 4429 2699 4473 est
2736 4436 2764 4475 a
2794 4423 2942 4493 justo
2976 4425 3083 4481 Deo
3103 4444 3117 4484 :
3139 4435 3314 4481 tamen
3345 4427 3469 4496 quia
3496 4442 3656 4485 vocat
3684 4442 3881 4505 tempus

2247 4554 2288 4608 υ
2317 4522 2417 4562 nos
2451 4509 2597 4565 reiici
2633 4512 2845 4579 debere,
2881 4518 3173 4586 gratiarum
3225 4519 3467 4575 actiones
3507 4526 3880 4594 consignantes

2317 4600 2536 4654 verbum
2559 4601 2781 4675 gloriam
2814 4608 3110 4663 referamus
3137 4610 3327 4665 viventi
3354 4624 3405 4667 et
3428 4614 3572 4671 bono
3597 4627 3654 4672 et
3687 4634 3813 4676 vero
3834 4631 3877 4675 et

2314 4688 2603 4747 viviﬁcanti
2626 4693 2751 4750 Iesu
2767 4697 3015 4755 Christo:
3041 4716 3136 4768 per
3150 4717 3308 4772 quem
3335 4716 3419 4760 est
3452 4708 3563 4765 Deo
3598 4710 3745 4767 Patri
3773 4727 3879 4768 cum

2316 4779 2520 4849 Spiritu
2546 4796 2737 4844 sancto
2764 4790 2934 4860 gloria
2964 4800 3019 4845 et
3045 4792 3234 4860 honor,
3278 4797 3591 4867 imperium,
3622 4802 3881 4872 maiestas,

2311 4881 2367 5013 ἵ
2405 4889 2546 4931 nunc
2575 4885 2629 4932 et
2654 4893 2887 4952 semper,
2912 4891 2965 4938 et
2982 4900 3078 4955 per
3102 4888 3282 4942 omnia
3316 4891 3519 4947 saeuis
3552 4895 3883 4954 seculorum.

2361 4975 2505 5013 mea.

2361 4975 2505 5017 mea.

2382 5289 2933 5388 forte
2951 5298 3175 5369 uictam,
3216 5302 3341 5361 dum
3371 5307 3596 5367 scilicet
3620 5314 3690 5370 ad
3719 5316 3877 5388 epulst

2316 5362 2534 5419 relictas
2565 5375 2895 5435 respectant.
