4072 6456
1212 420 1304 475 DE
1340 409 1942 476 BESURRECTIONE.
1982 439 2052 456 ——-
2085 406 2214 466 LIB.
2257 409 2322 467 11.

3288 407 3431 468 (θοι

149 564 3396 617 ___________________.._____._.______.

1247 742 1612 832 LIBER
1661 732 2331 830 SECUNDUS.

220 1115 503 1175 Latautur
530 1112 749 1184 quidem
773 1108 900 1166 coeli
929 1108 999 1163 de
1036 1105 1332 1163 festivitate
1363 1104 1638 1174 praesenti,
1683 1102 1735 1158 in
1767 1109 1815 1168 Α
1843 1117 1966 1174 qua:
1992 1111 2120 1167 ante
2150 1113 2366 1157 crucem
2395 1096 2536 1154 facta
2570 1104 2699 1153 sunt
2731 1098 2823 1168 qui
2871 1095 2974 1153 fuit
2993 1100 3232 1156 ostendit
3259 1117 3274 1155 :
3308 1111 3428 1172 post

145 1225 254 1281 qua
281 1205 570 1263 Dominum
600 1213 886 1270 suscepere
914 1199 1172 1254 victorem
1211 1212 1226 1249 :
1268 1196 1480 1251 lmtatur
1499 1204 1554 1249 et
1585 1207 1744 1249 exer-

146 1302 294 1356 citus
311 1295 626 1365 angelorum
649 1291 949 1362 suscipiens
972 1305 1094 1344 cum
1106 1287 1330 1342 victoria
1359 1300 1536 1356 regem
1560 1305 1572 1339 :
1595 1285 1744 1338 laeta-

146 1402 236 1446 tnr
263 1399 322 1446 et
345 1389 434 1460 qui
459 1387 662 1458 genuit,
691 1393 745 1440 et
765 1383 915 1438 misit
940 1380 1102 1435 Pater
1122 1395 1152 1434 a
1176 1379 1382 1434 dextris
1399 1378 1510 1433 suis
1532 1377 1742 1431 habens

147 1483 534 1540 charissimum
570 1476 792 1541 Filium,
818 1490 914 1546 per
937 1489 1095 1544 quem
1121 1483 1332 1528 mortua
1358 1471 1574 1540 quidem
1599 1484 1744 1524 mors

146 1578 263 1651 (L3)
300 1588 403 1642 est,
441 1582 697 1642 corrupta
721 1579 900 1625 autem
927 1577 1009 1622 est
1043 1566 1371 1658 corruptela,
1391 1574 1446 1620 et
1467 1565 1741 1619 destructa

143 1683 230 1727 est
252 1667 457 1725 diaboli
489 1663 760 1739 tyrannis,
792 1671 845 1716 et
859 1659 1052 1716 salvati
1075 1669 1201 1714 sunt
1229 1659 1496 1724 homines,
1527 1667 1582 1712 et
1613 1671 1743 1721 gau-

142 1762 298 1816 dium
329 1765 655 1829 acceperunt
679 1753 872 1825 angeli.
908 1753 1022 1808 Non
1053 1763 1135 1808 est
1153 1767 1346 1818 passus
1369 1759 1550 1804 autem
1570 1747 1743 1816 Spiri-

146 1864 232 1909 tus
256 1855 510 1907 sanctus':
529 1847 623 1902 sed
646 1861 740 1916 per
754 1847 992 1900 omnium
1018 1843 1297 1898 hominum
1316 1842 1530 1912 linguas
1551 1839 1742 1894 victori

141 1941 344 1997 obtulit
359 1936 863 2003 laudes.Quiaenirn
875 1937 1114 1989 omnium
1132 1935 1432 2005 linguarum
1447 1930 1741 1994 eratsalus,

135 2033 264 2088 ideo
285 2032 430 2088 omni
461 2030 644 2100 lingua
667 2041 761 2096 per
776 2040 870 2080 ora
895 2026 1259 2095 apostolorum
1293 2023 1503 2078 locutus
1526 2031 1607 2076 est
1628 2018 1744 2091 Spi-

141 2126 310 2179 ritus.
337 2123 399 2176 Et
426 2120 626 2176 exinde
647 2117 756 2188 jam
784 2118 1211 2186 vocabatgenles
1238 2131 1334 2185 per
1363 2115 1698 2169 initiamenta
1723 2130 1740 2168 :

140 2214 482 2286 implebatur
508 2221 688 2266 autem
731 2222 784 2264 et
805 2210 1158 2281 praecedentis
1199 2206 1508 2263 festivitatis
1536 2205 1738 2259 laetitia.

142 2301 360 2359 Pascha
404 2302 550 2356 enim
596 2301 906 2356 festivitatis
938 2299 1124 2354 mortis
1165 2305 1562 2352 sacramentum
1599 2296 1650 2348 in
1683 2307 1743 2348 se

153 2396 598 2456 continens,tunc
619 2389 1304 2460 recipiebatfructum,cum
1331 2387 1742 2442 iiebatrecursio

1844 1206 2073 1252 mortem
2121 1203 2299 1249 autem
2355 1190 2625 1246 mirabilia
2657 1205 2780 1261 qua
2822 1205 2922 1259 per
2962 1192 3236 1263 apostolos
3283 1191 3428 1250 facta

1841 1298 1992 1354 sunt,
2025 1288 2357 1342 contlrmant
2397 1285 2525 1354 quia
2559 1282 2652 1352 qui
2697 1285 2946 1340 mortuus
2987 1293 3074 1339 est
3127 1288 3430 1342 resurrexit

1842 1389 1900 1436 et
1930 1380 2082 1434 vivit.
2120 1377 2274 1434 Unde
2296 1386 2352 1433 et
2381 1375 2587 1445 majora
2615 1385 2830 1431 servata
2860 1387 2987 1433 sunt
3010 1377 3284 1435 mirabilia
3308 1387 3430 1451 post

1844 1480 2097 1536 mortem,
2120 1484 2281 1538 quam
2305 1484 2369 1524 ea
2402 1483 2524 1540 qua:
2541 1477 2668 1524 ante
2701 1478 2929 1525 mortem
2953 1479 3080 1526 sunt
3102 1471 3263 1528 facta.
3289 1471 3430 1540 Quia

1841 1565 1989 1620 enim
2021 1561 2394 1620 incredibilior
2436 1564 2769 1618 resurrectio
2798 1564 3012 1620 Domini
3060 1567 3236 1636 magis
3262 1583 3430 1636 quam

1849 1655 2119 1712 adventus
2141 1656 2258 1727 ejus
2283 1657 2336 1710 in
2373 1656 2597 1721 mundo,
2626 1656 2832 1726 majora
2868 1672 3081 1712 servata
3120 1672 3245 1714 sunt
3276 1661 3432 1715 testi-

1842 1749 1945 1804 bus
1997 1749 2413 1806 resurrectionis
2444 1749 2737 1816 mirabilia,
2786 1757 2845 1805 ut
2866 1761 3251 1819 agnosceretur
3285 1751 3426 1821 (66‘)

1844 1843 1970 1914 quia
2004 1853 2247 1899 mortuus
2273 1843 2493 1914 quidem
2531 1853 2633 1908 est,
2663 1843 2756 1900 sed
2789 1845 3084 1900 resurrexit
3104 1843 3174 1898 ob
3206 1845 3429 1915 dispen-

1843 1935 2132 2002 sationem,
2159 1935 2292 1990 vivit
2322 1943 2500 1989 autem
2544 1943 2764 2006 propter
2795 1936 3070 1991 virtutem.
3115 1936 3248 2004 Quis
3279 1938 3427 1993 enim

1843 2043 2010 2085 ausus
2037 2039 2122 2084 est
2153 2030 2359 2093 dicere,
2387 2029 2514 2099 quia
2549 2043 2660 2085 non
2691 2029 2994 2084 resurrexit
3022 2029 3296 2094 Christus,
3333 2035 3429 2084 aut

1841 2119 2342 2188 coniessibilesﬂ7)
2367 2119 2591 2184 inimici,
2614 2129 2707 2174 aut
2731 2120 2847 2175 [icti
2879 2119 3076 2174 amici?
3108 2119 3274 2174 Putas
3291 2135 3428 2190 gen-

1845 2214 1966 2268 tiles
1995 2214 2270 2268 audebunt
2303 2211 2487 2268 dicere
2513 2211 2639 2282 quia
2676 2222 2926 2266 mortuus
2956 2220 3041 2266 est
3082 2219 3135 2265 et
3184 2227 3290 2265 non
3323 2224 3430 2267 re-

1843 2305 2123 2361 surrexit?
2150 2303 2262 2357 Non
2298 2320 2483 2373 quaero
2515 2305 2645 2375 quid
2693 2305 2902 2371 dicant,
2932 2305 3027 2359 sed
3056 2304 3185 2373 quid
3215 2288 3429 2372 patian-

1847 2406 1950 2451 tur.
1980 2395 2036 2450 Si
2076 2397 2221 2451 enim
2246 2407 2392 2467 stant
2414 2413 2600 2453 eorum
2634 2398 2852 2467 templa,
2880 2412 2985 2452 non
3014 2399 3330 2452 resurrexit.
3365 2393 3426 2452 Si

144 2480 364 2540 Domini
391 2483 457 2536 ad
504 2482 688 2535 caelos.
713 2479 828 2535 Non
847 2480 989 2535 enim
1005 2478 1153 2533 venit
1170 2488 1224 2530 ut
1245 2477 1480 2530 moriens
1507 2489 1741 2529 morere—

1845 2507 1953 2546 non
1982 2465 2281 2554 destruxit:
2308 2492 2354 2546 si
2382 2505 2489 2545 non
2512 2489 2742 2546 conﬂata
2763 2503 2885 2545 sunt
2921 2505 3110 2545 eorum
3135 2489 3427 2545 simulacra

146 2580 262 2632 tur,
279 2570 375 2625 sed
395 2581 452 2624 ut
468 2584 562 2624 eos
575 2570 664 2638 qui
684 2570 877 2623 mortui
898 2568 1109 2623 fuerant
1124 2568 1330 2620 vivitica
1343 2576 1439 2620 ret.
1458 2565 1736 2620 Luctantur

139 2659 318 2734 igitur
331 2661 513 2717 omnia
538 2681 552 2714 :
575 2662 712 2717 forte
727 2669 907 2715 autem
931 2673 986 2714 et
1015 2670 1291 2715 creatura:
1311 2658 1510 2714 clarior
1523 2658 1666 2711 enim
1684 2665 1739 2711 et

149 2755 232 2811 sol
275 2764 396 2820 est,
440 2754 734 2808 secundum
770 2767 1006 2822 praesens
1039 2754 1141 2806 hoc
1188 2761 1396 2818 tempus
1441 2750 1741 2813 :prolixior

139 2848 298 2903 enim
312 2856 371 2901 et
391 2845 571 2898 lumen
589 2845 816 2899 habetur
837 2843 950 2916 (ιι)
973 2859 988 2897 :
1011 2853 1066 2898 et
1085 2845 1323 2898 omnium
1343 2845 1641 2912 completus
1656 2848 1742 2898 est

153 2939 370 2994 fructus
403 2954 417 2992 :
446 2946 503 2991 et
525 2938 873 2992 consentiunt
910 2934 1082 2990 oﬁicia
1118 2935 1527 3004 dispensationi.
1556 2933 1740 2989 Soluta

150 3039 339 3086 autem
371 3029 524 3083 nobis
565 3036 648 3083 est
682 3037 737 3084 et
774 3028 1043 3083 sententia
1074 3045 1086 3080 :
1134 3036 1383 3082 revocata
1440 3036 1523 3082 est
1557 3037 1738 3081 nostra

150 3121 431 3179 restitutio
471 3136 487 3174 :
519 3117 823 3174 obedientia
863 3119 1008 3172 enim
1045 3118 1292 3181 veniens,
1331 3116 1735 3182 prrevaricatio-

152 3215 242 3269 nis
276 3228 468 3284 pronas
495 3213 650 3279 ejecit
679 3229 693 3264 :
732 3210 936 3279 iustitia
961 3210 1366 3263 subintroducta
1400 3208 1739 3276 iniquitatem

151 3308 399 3377 repulit:
434 3306 654 3359 veniens
703 3305 810 3356 vita
864 3312 1092 3357 mortem
1153 3301 1542 3355 mortiﬁcavit:
1595 3298 1739 3353 Deus

155 3395 497 3452 descendens
542 3394 813 3449 hominem
865 3394 1114 3462 perduxit
1150 3395 1216 3446 ad
1268 3393 1456 3447 caelos.
1496 3391 1742 3460 Undique

153 3488 324 3555 igitur
374 3484 609 3557 fulgores
665 3484 973 3540 festivitatis
1020 3484 1296 3538 lucescant
1339 3482 1472 3554 (te).
1514 3483 1740 3537 Sursum

158 3581 335 3647 chori,
405 3580 459 3634 in
517 3589 661 3633 terra
722 3576 940 3633 laetitia.
1011 3574 1251 3630 Tristant
1314 3576 1451 3628 bona
1508 3575 1740 3641 malum,

154 3671 305 3740 luget
361 3667 712 3738 semetipsum
773 3665 1059 3720 diabolus:
1109 3666 1263 3720 decet
1324 3668 1466 3720 enim
1496 3681 1618 3720 eum
1663 3665 1743 3718 lu-

155 3775 274 3818 ctus
302 3778 471 3817 suus:
509 3761 694 3829 lugent
727 3760 908 3814 adhuc
930 3770 1104 3828 usque
1126 3759 1421 3824 daemones,
1452 3765 1507 3811 et
1534 3766 1740 3812 semet--

156 3856 304 3926 ipsos
326 3854 630 3923 deplorant.
672 3851 906 3908 Tantum
958 3851 1103 3907 enim
1147 3860 1206 3904 ut
1254 3851 1529 3904 nominata
1578 3849 1743 3904 fuerit

155 3962 310 4012 crux,
355 3951 658 4014 agnoscunt
700 3945 936 4015 plagam,
972 3952 1027 3999 et
1070 3958 1180 3998 non
1211 3940 1477 3998 suﬂ'erunt
1519 3957 1737 3997 nomen.

153 4036 226 4094 Et
258 4053 328 4094 ne
357 4037 479 4108 quis
529 4046 678 4107 putet
718 4037 944 4093 oblitum
993 4050 1080 4090 me
1112 4035 1279 4090 fuisse
1314 4035 1580 4124 hesterna:
1619 4049 1741 4104 pro-

160 4129 626 4194 missionis-meae;
658 4128 1082 4198 promiseramus
1110 4127 1256 4181 enim
1284 4126 1347 4180 de
1381 4126 1740 4182 resurrectio-

159 4234 230 4276 ue
284 4221 468 4276 dicere
512 4219 668 4287 beri;
720 4219 1048 4290 exposcebat
1101 4219 1248 4273 enim
1302 4229 1533 4288 tempus.
1587 4217 1742 4273 Sicut

159 4313 306 4369 enim
358 4313 480 4369 heri
511 4312 577 4367 de
608 4311 1008 4368 resurrectione
1057 4322 1236 4367 motus
1273 4321 1357 4366 est
1396 4325 1579 4366 sermo
1610 4327 1625 4366 :
1663 4309 1739 4366 ita

161 4407 285 4475 quia
320 4403 590 4460 festivitas
640 4417 947 4472 regressum
1001 4402 1213 4457 Domini
1259 4401 1484 4471 requirit
1532 4401 1597 4455 ad
1644 4399 1744 4455 Pa-

163 4506 322 4552 trem.
357 4495 638 4550 Firmatur
678 4503 858 4548 autem
912 4491 1190 4546 hominum
1226 4491 1581 4554 resurrectio,
1619 4505 1741 4544 cum

162 4588 473 4659 apparuerit
521 4583 690 4640 Filius
735 4596 988 4639 reversus
1034 4584 1101 4637 ad
1150 4581 1391 4637 Patrem.
1447 4580 1517 4635 Et
1572 4583 1745 4648 majus

161 4680 371 4734 ostendi
381 4690 469 4734 tur
481 4679 621 4748 quod
636 4674 966 4748 propositum
979 4683 1083 4740 est,
1101 4690 1220 4730 cum
1238 4675 1552 4745 apparuerit
1566 4689 1746 4730 resur-

164 4771 332 4827 rectio
361 4771 476 4839 ejus
498 4770 588 4840 qui
619 4767 902 4826 suscitavit
929 4767 1065 4840 μδ).
1095 4768 1370 4839 Siquidem
1389 4767 1747 4838 etApostolus

163 4861 350 4919 volens
372 4863 658 4920 ostendere
695 4862 816 4932 quia
846 4871 1136 4931 resurgunt
1165 4860 1430 4925 homines,
1462 4861 1529 4914 ad
1565 4875 1746 4915 resur—

168 4956 466 5011 rectionem
503 4955 713 5010 Domini
759 4954 1063 5009 transmisit
1097 4969 1252 5008 suum
1304 4967 1646 5017 sermonem,
1690 4963 1748 5007 et

169 5045 339 5101 dixit:
371 5043 431 5101 Si
461 5045 810 5114 compatimur
831 5054 887 5098 ut
917 5056 965 5099 et
993 5045 1153 5100 simul
1193 5045 1547 5116 gloriﬁcemur
1567 5045 1635 5099 “.
1682 5044 1746 5103 Si

1838 2588 1960 2650 poSt
1990 2598 2233 2646 crucem,
2269 2599 2374 2638 non
2404 2584 2727 2649 resurrexit,
2751 2583 2841 2652 qui
2864 2583 3045 2653 arguit
3073 2598 3134 2638 ea
3163 2598 3282 2654 qum
3315 2597 3423 2638 non

1839 2677 2049 2730 vivunt.
2082 2675 2142 2730 Si
2173 2689 2279 2731 non
2303 2676 2652 2745 increpantur
2680 2675 2900 2730 nomine
2934 2676 3112 2731 crucis
3130 2690 3321 2731 eorum
3348 2674 3426 2730 dil

1839 2778 1896 2824 et
1925 2769 2220 2834 daemones,
2267 2785 2372 2826 non
2423 2769 2722 2826 resurrexit
2757 2769 2849 2839 qui
2894 2770 2982 2824 his
3013 2769 3104 2838 qui
3140 2783 3247 2823 non
3296 2776 3426 2823 sunt

1845 2862 2104 2917 terribilis
2162 2863 2437 2918 habetur:
2478 2863 2808 2918 confitentur
2859 2863 3005 2918 enim
3041 2871 3096 2917 et
3150 2865 3426 2916 daemones

1844 2973 2301 3030 resurrectionem
2333 2975 2560 3031 Christi.
2591 2977 2691 3044 Qui
2727 2977 2871 3033 enim
2916 2978 3264 3038 exorcizant,
3299 2988 3428 3029 orn-

1845 3082 1961 3122 cem
1991 3067 2202 3122 Domini
2231 3069 2538 3133 nominant,
2581 3079 2635 3124 et
2682 3070 3132 3124 resurrectionem
3177 3084 3192 3122 :
3231 3075 3285 3122 et
3326 3081 3431 3122 no-

1846 3161 1992 3213 mine
2022 3160 2140 3228 ejus
2169 3160 2262 3229 qui
2301 3170 2547 3214 mortuus
2583 3170 2666 3215 est
2698 3173 2755 3216 ct
2800 3163 3101 3217 resurrexit
3133 3161 3425 3228 increpan-

1847 3254 1944 3310 tes,
1980 3261 2085 3299 non
2112 3255 2172 3298 ut
2206 3245 2577 3299 inobedientes
2616 3255 2708 3298 aut
2756 3246 3190 3300 contradicentes
3225 3243 3428 3299 habent

1845 3339 2142 3402 daemones,
2179 3340 2271 3394 sed
2300 3337 2656 3392 obaudientes
2689 3347 2743 3393 et
2786 3338 3190 3393 consentientes
3244 3352 3428 3392 resur-

1843 3430 2158 3485 rectionem.
2215 3429 2320 3484 Sed
2375 3428 2544 3484 Judaei
2601 3430 2853 3485 dubitant
2904 3432 2971 3486 de
3022 3429 3427 3484 resurrectione

1843 3521 2067 3576 Christi.
2106 3521 2322 3577 Utinam
2353 3537 2462 3577 non
2505 3524 2836 3586 dubitarent.
2876 3532 2935 3577 ut
2966 3531 3021 3578 et
3049 3522 3148 3591 ipsi
3175 3536 3428 3594 resurge-

1845 3623 1967 3668 reut
1995 3628 2026 3667 a
2067 3613 2304 3682 peccatis
2331 3614 2465 3675 suis.
2517 3613 2570 3667 in
2604 3616 2801 3682 quibus
2843 3613 3039 3668 mortui
3067 3624 3122 3667 et
3151 3627 3277 3669 vere
3302 3623 3429 3668 sunt

1845 3682 2074 3758 mortui!
2100 3704 2156 3759 Si
2182 3711 2359 3758 autem
2378 3705 2504 3759 dubi
2517 3713 2656 3769 tant,
2676 3703 2960 3758 ostendant
2977 3701 3250 3757 civitatem
3274 3715 3424 3756 suam

1770 3817 1811 3874 ο
1845 3803 1964 3864 post
1991 3807 2053 3847 ea
2086 3809 2203 3862 quae
2229 3793 2345 3847 ausi
2379 3802 2528 3860 sunt,
2564 3801 2822 3847 stantem.
2874 3791 2941 3846 Et
2969 3803 3095 3844 vere
3141 3788 3234 3857 qui
3262 3801 3432 3842 .mor-

1846 3895 1969 3939 tuus
1994 3894 2077 3940 est
2107 3895 2350 3940 mortuus
2382 3894 2486 3950 est,
2528 3885 2656 3954 quia
2685 3893 2830 3940 stant
2857 3883 2948 3956 qui
2977 3878 3268 3936 aﬂixerunt
3296 3893 3426 3935 cra-

1841 3977 1913 4030 ci.
1941 3977 1997 4031 Si
2032 3986 2212 4033 autem
2241 3977 2456 4032 deserta
2486 3987 2570 4033 est
2610 3977 2804 4033 civitas
2845 3977 2916 4031 ob
2949 3976 3234 4031 audaciam
3283 3973 3422 4027 inco-

1840 4068 2035 4132 larum,
2062 4069 2154 4139 qui
2190 4079 2310 4137 post
2348 4078 2577 4123 mortem
2603 4067 2816 4125 cruciat
2845 4083 2940 4123 eos
2969 4068 3097 4136 quia
3130 4071 3283 4127 sunt.
3328 4061 3434 4119 uti-

1839 4172 1948 4228 que
1973 4158 2158 4212 vivens
2181 4159 2234 4212 id
2265 4159 2425 4230 gerit.
2452 4159 2512 4214 Si
2537 4175 2640 4214 nou
2657 4160 2825 4214 servit
2852 4173 3040 4214 eorum
3065 4170 3228 4229 gens,
3246 4155 3289 4210 si
3316 4169 3424 4209 nan

1841 4259 2249 4306 excusaverunt
2282 4267 2439 4307 suum
2479 4266 2694 4323 regem,
2743 4251 2787 4307 si
2835 4261 2921 4308 est
2956 4267 3079 4306 cum
3115 4250 3250 4319 ipsis
3298 4262 3429 4318 pro-

1844 4341 2044 4410 pheta;
2079 4356 2185 4396 non
2215 4352 2299 4397 est
2351 4342 2527 4399 tactus
2557 4343 2734 4399 exitus
2762 4342 3162 4414 praedicationis
3192 4341 3433 4411 prophe-

1845 4441 2044 4485 tarum.
2080 4431 2138 4485 Si
2173 4442 2354 4488 autem
2386 4434 2580 4491 civitas
2603 4450 2793 4490 eorum
2823 4434 3041 4490 deserta
3059 4443 3164 4498 est,
3180 4432 3224 4487 si
3257 4429 3433 4488 altare

1838 4520 1953 4592 jam
1981 4535 2087 4576 non
2117 4533 2202 4577 est
2229 4524 2333 4589 eis,
2382 4540 2484 4580 non
2519 4525 2798 4589 sacerdos,
2834 4538 2941 4578 non
2987 4539 3108 4590 rex,
3160 4537 3265 4576 non
3303 4535 3427 4590 pro-

1845 4610 2028 4677 Ριὶθιεο
2067 4625 2173 4665 non
2203 4612 2454 4682 spiritus;
2483 4627 2581 4683 per
2603 4627 2762 4682 quem
2797 4612 2938 4667 ista?
2970 4609 3028 4666 Si
3060 4619 3244 4666 autem
3268 4619 3327 4664 et
3347 4607 3430 4664 di-

1845 4707 1998 4752 catur
2021 4705 2091 4754 ab
2122 4701 2202 4756 eis
2236 4702 2590 4774 impudenter,
2639 4704 2764 4774 quia
2792 4703 3068 4760 civitatem
3118 4716 3304 4758 eorum
3332 4700 3432 4755 de-

1845 4795 2162 4844 struxerunt
2209 4793 2496 4860 homines;
2531 4803 2713 4850 utrum
2752 4793 3089 4850 concedente
3121 4791 3234 4848 Deo
3265 4800 3323 4847 et
3354 4791 3431 4846 ita

1845 4880 2213 4947 permittente,
2250 4884 2422 4954 magis
2454 4893 2636 4939 autem
2681 4883 3037 4955 Indignante?
3059 4883 3249 4937 dicant
3297 4896 3434 4936 cau-

1846 4981 1962 5021 sam
2011 4973 2237 5037 peccati.
2268 4970 2436 5029 Putas
2461 4984 2682 5045 pr0pter
2712 4971 3118 5030 idololatriam?
3169 4980 3227 5028 et
3282 4978 3433 5027 certe

1846 5074 1990 5116 nunc
2019 5062 2158 5118 idola
2188 5078 2296 5120 non
2337 5065 2541 5122 colunt.
2576 5066 2683 5122 Sed
2715 5066 2842 5137 quia
2886 5067 3180 5135 prophetas
3207 5065 3433 5121 occide-

165 5140 360 5192 ποντιιὶ
395 5154 499 5193 non
528 5145 828 5208 resurgunt,
860 5153 1021 5206 neque
1064 5137 1305 5193 Christus
1333 5140 1618 5193 resurrexit
1645 5139 1690 5171 “
1727 5159 1741 5196 :
1777 5163 1824 5220 ι)
1852 5160 1978 5206 mm
2032 5154 2361 5225 aliquando}
2394 5166 2450 5214 et
2506 5167 2653 5214 certe
2702 5173 2829 5213 cum
2877 5172 2972 5213 eo,
3033 5156 3432 5220 interﬁcerent.

166 5235 229 5282 ut
256 5242 324 5284 ex
359 5228 458 5284 hoc
485 5228 830 5283 manifestum
863 5229 954 5292 sit,
982 5229 1260 5286 hominum
1290 5233 1741 5289 resurrectionem

168 5321 320 5390 aequi
350 5321 561 5378 Domini
591 5319 1068 5378 resurrectionem.
1105 5321 1168 5379 Et
1223 5323 1491 5380 mirabilia
1518 5325 1740 5397 quidem

238 5431 287 5467 ⁸³
319 5432 478 5492 Rom.
509 5451 628 5503 vin,
665 5436 753 5492 17.
853 5435 896 5467 ⁸³
922 5431 938 5487 l
965 5435 1092 5491 Cor.
1118 5453 1209 5504 xv,
1235 5437 1324 5494 16.

1854 5241 2170 5300 habitabant
2192 5247 2473 5303 civitatem
2501 5264 2691 5305 suam.
2720 5247 2827 5302 Sed
2849 5249 2976 5317 quia
3008 5247 3265 5319 templum
3297 5261 3434 5301 con-

1849 5335 2182 5394 taminarunt
2203 5338 2528 5412 aliquando?
2555 5349 2612 5396 et
2631 5349 2778 5397 certe
2806 5342 3239 5396 contaminantes
3268 5336 3440 5394 habe-

1950 5587 2062 5656 L6‘)
2091 5589 2190 5646 Ms.
2215 5588 2283 5645 Ut
2316 5603 2725 5660 cognosceretur.
3172 5658 3181 5660 _
3226 5659 3231 5660 γ
3283 5659 3288 5660 γ
3357 5650 3364 5660 ,

1957 5660 2079 5734 ιη
2100 5661 2200 5716 Ms.
2245 5658 2564 5734 (Jon’fessiles
2589 5681 2614 5720 .'
2642 5662 2811 5733 aperti
2847 5671 2902 5717 et
2934 5658 3193 5732 professi
3223 5659 3452 5734 inimici,

1854 5727 1992 5856 inlfra
2007 5727 2120 5855 ‘l‘ib.
2141 5749 2187 5859 tt,
2217 5734 2282 5786 de
2307 5727 2626 5806 incorporati
2653 5727 2772 5805 post
2800 5727 2951 5790 nich
2990 5744 3186 5790 nonne
3212 5727 3459 5796 confessi-

1887 5818 1954 5857 is
1980 5818 2006 5856 ε
2061 5843 2080 5869 ,
2107 5819 2136 5858 e
2163 5819 2213 5859 c.

384 5568 487 5646 I_l_s.
519 5571 626 5646 Per
649 5589 801 5646 quem
828 5581 1038 5627 mortua
1059 5576 1266 5645 quidem
1299 5594 1460 5633 mors.

261 5639 355 5711 44)
405 5641 506 5697 Ils.
557 5639 828 5699 Pro'lizius
850 5645 987 5696 enim
1042 5639 1088 5699 ei
1125 5649 1299 5701 lumen
1341 5651 1584 5708 liabetttr.
1613 5650 1748 5711 Pro.

173 5704 560 5787 enim
597 5723 725 5769 tunc
750 5715 870 5769 dies
896 5729 1016 5770 esse
1050 5715 1333 5787 incipiunt.

260 5776 332 5836 45
384 5781 484 5837 Iis.
515 5781 825 5839 Lucescunl.

239 5779 353 5923 ἱωζ
395 5848 694 5913 Suscitavit.
733 5854 825 5911 Fat

395 5848 694 5913 Suscitavit.
733 5854 899 5911 Forte
918 5856 1214 5913 διεσείσθη.
