4072 6392
668 338 809 398 1098

1367 338 1633 397 EUSEBII
1670 336 2139 395 CESARIENSIS
2174 334 2324 391 OPP.
2366 332 2546 388 PARS
2582 332 2677 392 iV.
2715 362 2786 374 —-
2822 329 3247 389 DOGMATICA.

3786 329 3923 389 {096

667 458 819 515 bant.
851 456 979 525 Qus
998 471 1131 527 ergo
1154 471 1313 513 causa
1341 467 1421 512 est
1440 466 1499 512 ut
1523 458 1600 511 ira
1630 458 1889 513 adversus
1918 472 2012 513 eos
2042 458 2113 511 sit
2138 455 2227 509 Dei
2258 460 2304 517 Α
2332 470 2437 520 res,
2459 464 2507 508 st
2530 454 2659 520 ipsa:
2690 452 2966 520 fornicata:
2987 460 3109 505 sunt
3142 466 3197 505 tn
3213 448 3453 519 Egypto
3482 447 3539 502 in
3564 447 3921 502 adolescentia

671 541 852 597 nunc?
892 542 957 595 Et
1003 552 1147 600 certe
1192 542 1483 595 secundum
1540 542 1777 609 ipsorum
1808 556 2115 595 sermonem
2165 550 2225 593 ut

672 637 839 694 aiunt.
874 635 1076 686 utinam
1108 632 1395 687 videamur
1447 634 1854 702 religiositatem
1899 633 2124 689 fecisse!
2176 632 2232 687 Si

669 724 810 775 enim
844 722 1134 774 solventem
1162 722 1354 790 legem,
1402 732 1457 775 et
1501 725 1567 777 de
1595 724 1709 792 lege
1735 730 1918 777 contra
1951 722 2231 777 facientem

669 812 981 865 invenerunt
1014 810 1290 863 Dominum
1316 808 1592 873 Jesmn,et
1614 826 1717 865 non
1753 812 1973 874 invidia,
1999 813 2092 865 sed
2118 812 2234 865 zelo

668 916 765 970 pro
805 903 919 969 lege
950 900 1234 953 allisernnt
1264 902 1410 954 cruci
1449 918 1463 955 :
1497 901 1780 969 oportebat
1816 901 1983 954 Dettm
2028 912 2083 953 et
2130 901 2233 955 alia

668 991 749 1044 eis
781 1000 1000 1059 peccata
1034 990 1302 1042 dimittere
1327 991 1495 1057 magis
1520 1002 1741 1059 propter
1764 990 1918 1043 istam
1946 991 2233 1058 justitiam,

667 1098 827 1153 quam
854 1098 995 1137 nunc
1015 1084 1195 1137 eosita
1226 1086 1431 1152 punire.
1459 1084 1521 1138 Et
1543 1085 1667 1139 licet
1700 1085 1796 1153 ipsi
1825 1094 2009 1138 essent
2050 1100 2233 1151 pecca-

669 1182 837 1238 tores,
867 1184 922 1228 et
970 1174 1072 1228 alia
1112 1175 1370 1229 haberent
1421 1185 1679 1244 peccata;
1739 1184 1915 1230 tamen
1970 1172 2236 1229 Dominus

672 1262 829 1320 Iesus
855 1305 871 1329 .
902 1280 1060 1336 quem
1110 1267 1206 1337 ipsi
1250 1266 1352 1337 legi
1402 1269 1674 1321 contraria
1718 1265 2003 1323 facientem
2033 1270 2233 1333 dixere,

669 1372 795 1413 cum
825 1358 966 1427 apud
1000 1373 1095 1417 eos
1142 1369 1307 1423 esset,
1344 1360 1668 1429 prmdicebat
1700 1361 1828 1429 quia
1864 1362 2235 1417 destrueretur

666 1464 855 1504 eorum
906 1451 1182 1520 templum,
1243 1460 1303 1511 et
1349 1450 1753 1520 depraalarctur
1802 1468 1989 1507 eorum
2045 1455 2237 1510 civitas

674 1550 891 1610 propter
912 1542 962 1593 iil
987 1542 1125 1611 quod
1161 1546 1416 1598 adversus
1447 1559 1507 1599 se
1535 1544 1824 1600 audebant.
1848 1546 1971 1600 Etsi
2006 1548 2101 1616 ipsi
2133 1548 2234 1602 alia

683 1633 950 1687 habebant
978 1644 1217 1701 peccata,
1263 1635 1402 1689 Deus
1433 1648 1609 1691 autem
1647 1654 1748 1691 non
1793 1639 2065 1693 videretur
2090 1656 2239 1695 men-

683 1725 812 1789 dax,
846 1736 899 1777 ut
926 1726 1022 1795 ipsi
1066 1725 1457 1795 blasphemant,
1488 1730 1820 1783 inveniretur
1850 1742 2028 1784 autem
2052 1746 2234 1799 verax,

2334 561 2431 599 sua
2466 544 2534 598 “.
2573 542 2883 598 Forniratio
2933 550 3113 595 autem
3143 540 3195 592 in
3230 539 3516 607 Scriptura
3551 540 3625 594 ita
3680 539 3920 605 ponitur,

2333 638 2460 706 quia
2482 638 2779 691 secundum
2811 633 3238 688 misericordiam
3272 632 3611 700 dignabatur
3644 631 3788 686 Deus
3814 643 3921 685 tau-

2335 742 2497 796 quam
2545 725 2879 794 coujungens
2928 724 3029 777 sibi
3063 734 3188 777 tunc
3242 722 3459 792 quidem
3519 724 3873 795 Synagogam
3902 763 3918 787 ,

2336 833 2477 872 nunc
2504 826 2684 871 autem
2709 814 3027 868 Ecclesiam.
3078 812 3161 867 Ab
3210 827 3275 867 eo
3315 830 3449 883 ergo
3479 813 3573 883 qui
3614 814 3918 867 secundum

2336 904 2766 960 misericordiam
2800 900 3163 970 conjungebat
3200 904 3459 965 recessio,
3496 913 3552 955 et
3577 900 3922 954 (laenionibus

2336 997 2662 1065 coniunctio,
2686 1006 2736 1049 et
2764 994 3092 1056 idololatria,
3118 992 3407 1048 fornicatio
3448 995 3754 1048 secundum
3780 990 3923 1045 Scri-

2339 1099 2553 1157 pturam
2589 1086 2889 1141 rectissime
2946 1085 3273 1139 nominatur.
3310 1084 3446 1151 Quia
3484 1080 3796 1154 ergoidola
3834 1098 3925 1137 eo-

2338 1181 2523 1237 lebattt
2553 1180 2606 1233 in
2652 1178 2914 1250 Egypto.
2960 1179 3080 1233 ideo
3120 1193 3215 1248 per
3260 1176 3579 1246 prophetam
3632 1175 3754 1228 ait:
3790 1171 3924 1227 Dec

2336 1280 2487 1326 erant
2512 1286 2739 1333 sorOrcs,
2767 1278 2817 1323 et
2867 1269 2997 1335 ipsa:
3026 1268 3299 1336 fornicata:
3325 1274 3449 1321 sunt
3476 1266 3531 1317 in
3561 1260 3923 1317 adolescentia

2337 1379 2433 1417 sua
2477 1364 2533 1416 in
2564 1359 2817 1430 ﬁgypto.
2850 1360 3093 1427 Denique
3134 1368 3187 1414 et
3227 1358 3392 1427 Moysi
3434 1370 3731 1413 successor
3763 1350 3923 1407 Jestts

2338 1454 2500 1513 Nave,
2538 1452 2803 1506 mandans
2832 1450 3029 1519 populo
3058 1449 3124 1503 de
3159 1464 3258 1503 suo
3302 1448 3450 1502 exitu
3495 1448 3631 1500 dicit
3667 1463 3681 1498 :
3716 1442 3921 1509 Quibus

2340 1546 2491 1601 uultis
2529 1546 2723 1599 seruire
2756 1542 2904 1597 diis?
2951 1539 3094 1596 Num
3142 1541 3223 1595 Itis
3267 1557 3393 1610 quas
3421 1540 3704 1593 coluerunt
3745 1548 3921 1604 patres

2337 1638 2491 1691 uestri
2510 1637 2563 1689 in
2588 1634 2822 1706 zﬂ'gypto
2842 1635 2929 1688 ⁸δῖ
2960 1633 3099 1700 Quid
3124 1644 3301 1687 autent
3331 1647 3468 1701 opus
3505 1639 3590 1685 est
3619 1628 3919 1697 prophetas

2337 1725 2568 1781 vocare?
2603 1725 2779 1794 ipsum
2826 1724 2991 1780 lsrael
3024 1734 3214 1777 testem
3242 1724 3529 1775 adversum
3578 1736 3639 1777 se
3668 1728 3725 1773 et
3770 1718 3921 1787 ipso-

682 1830 873 1883 passus
910 1818 1093 1887 utique
1128 1816 1317 1873 fuisset
1362 1820 1467 1876 alia
1512 1836 1697 1876 eorum
1735 1832 1976 1891 peccata,
2023 1836 2077 1877 ut
2106 1840 2236 1878 con-
2264 1802 2309 1857 Β
2341 1834 2456 1873 rum
2483 1831 2670 1871 vocem
2703 1817 2969 1885 produco,
3013 1824 3071 1869 ut
3107 1813 3388 1869 ostendam
3423 1812 3551 1881 quia
3586 1810 3732 1865 idola
3782 1809 3924 1862 cole-

669 1908 976 1963 lirmaretur
1007 1912 1216 1965 docenti
1240 1914 1547 1982 praedicatio
1582 1914 1693 1978 illa,
1722 1930 1842 1984 quae
1871 1924 1925 1968 et
1948 1916 2102 1969 caecis
2136 1930 2233 1969 ex-

669 2000 807 2055 stitit
848 2001 1156 2066 manifesta,
1187 2014 1242 2057 et
1275 2006 1579 2061 videntibus
1613 2006 1899 2076 completa.
1946 2006 2236 2076 Apostolus

668 2094 810 2146 enim
859 2092 1055 2149 Paulus
1098 2096 1163 2148 ad
1213 2093 1429 2150 Galatas
1482 2096 1727 2152 scribens
1778 2098 1855 2151 ait
1898 2114 1911 2151 :
1951 2096 2088 2162 Quia
2114 2107 2237 2152 ante

670 2183 847 2239 oculos
905 2201 1086 2240 eorum
1133 2188 1417 2256 descriptus
1458 2200 1531 2243 est
1583 2174 1736 2244 Iesus
1776 2189 2015 2244 Christus
2068 2192 2238 2244 cruci-

668 2275 807 2343 ﬁxus
839 2276 903 2329 “.
937 2277 1049 2347 Ego
1073 2290 1252 2333 autem
1293 2290 1347 2332 et
1376 2281 1583 2335 audebo
1616 2282 1878 2336 adversus
1912 2298 2005 2336 vos
2034 2283 2234 2347 dicere,

674 2369 797 2436 quia
837 2385 1014 2426 sermo
1068 2381 1192 2425 ante
1241 2372 1428 2426 oculos
1478 2384 1689 2428 vestros
1736 2374 1994 2427 describit
2052 2371 2235 2428 Jesum

670 2458 952 2513 Christum
982 2464 1341 2518 resurrexisse
1378 2479 1407 2517 a
1437 2465 1684 2519 mortuis.
1730 2464 1866 2531 Quid
1892 2465 2036 2520 enim
2086 2480 2238 2533 quae-

670 2550 787 2606 ris?
824 2566 927 2605 non
960 2553 1205 2608 invenies
1242 2554 1409 2609 solem
1448 2555 1769 2610 clariorem:
1801 2561 1868 2611 ad
1911 2556 2239 2611 satisfactio-

670 2657 793 2696 nem
828 2641 936 2709 (48)
968 2647 1379 2701 resurrectionis
1407 2645 1644 2712 Domini,
1678 2649 1959 2717 gentilium
1990 2650 2237 2717 quotidie

668 2731 1002 2788 deficientem
1033 2735 1319 2789 culturam.
1346 2733 1746 2790 Protenduntur
1769 2748 1945 2792 autem
1981 2736 2237 2794 Ecclesia

669 2820 833 2888 bona,
877 2833 926 2875 et
967 2824 1208 2891 quotidie
1238 2834 1511 2879 crescunt.
1561 2821 1824 2881 Inimicus
1873 2842 2005 2898 ergo
2039 2836 2096 2880 ut
2135 2828 2235 2895 ipsi

670 2920 857 2980 putant
882 2909 1030 2980 legis,
1061 2913 1152 2979 qui
1183 2915 1418 2967 vindicat
1450 2915 1502 2966 in
1552 2915 1808 2970 adversos
1838 2926 1892 2970 et
1916 2919 2240 2973 domesticos

669 3016 820 3063 suos,
870 3002 1157 3065 exaltatur,
1200 3004 1347 3055 vivit.
1387 3002 1549 3056 Putas
1594 3016 1687 3057 aut
1735 3020 1838 3059 non
1896 3009 2079 3060 vivens
2129 3010 2242 3060 haec

674 3109 794 3163 qua:
824 3109 926 3148 non
960 3096 1196 3149 viventes
1243 3106 1487 3164 possunt,
1539 3097 1651 3166 ipse
1700 3098 1993 3165 operatur?
2022 3100 2238 3153 Occasio

673 3181 870 3235 .lnda-is
907 3182 1049 3235 nulla
1087 3184 1268 3237 relicta
1306 3194 1407 3237 est.
1447 3184 1582 3239 Cum
1632 3188 1775 3240 enim
1832 3188 2051 3251 dicunt,
2110 3192 2233 3257 quia

675 3271 779 3323 alia
811 3284 1028 3338 peccata
1070 3273 1376 3336 habuimus,
1405 3284 1457 3326 et
1510 3273 1631 3327 ideo
1661 3275 1815 3343 ejecti
1857 3290 2044 3329 sumus
2074 3290 2235 3330 nunc.

675 3361 914 3415 Primum
973 3374 1053 3417 est
1099 3366 1261 3429 enim,
1316 3366 1529 3433 quando
1574 3382 1677 3419 non
1733 3371 1974 3434 peccavit
2032 3368 2239 3421 lsrael?

671 3456 886 3523 quando
925 3469 1030 3507 non
1064 3470 1154 3507 eos
1180 3466 1259 3508 est
1290 3470 1477 3523 passus
1509 3456 1649 3511 Deus
1684 3459 1784 3511 nisi
1822 3473 1963 3513 nunc
2016 3459 2185 3513 solum
2216 3460 2238 3512 ?

673 3544 861 3599 bonne
887 3549 936 3598 in
963 3544 1194 3615 ,Εξςγριο
1240 3547 1374 3601 idola
1425 3548 1715 3602 colebant?
1744 3549 1905 3603 Putas
1939 3565 2068 3621 ergo
2104 3551 2233 3620 quia

673 3636 922 3689 colebant
948 3639 1081 3689 idola
1110 3637 1522 3705 primautistatn
1555 3640 2005 3709 irroligiositatent
2036 3644 2234 3696 admit-

675 3737 865 3791 tentes,
884 3729 1003 3780 ideo
1030 3744 1130 3780 non
1152 3741 1275 3781 sunt
1292 3729 1448 3797 cjecti
1482 3732 1547 3785 de
1567 3728 1801 3799 zEgypto
1818 3733 1841 3783 ?
1860 3732 1922 3785 Et
1950 3744 2095 3788 certe
2114 3750 2235 3787 cum

676 3820 858 3873 multis
886 3821 1116 3887 signiset
1144 3822 1399 3889 prodigiis
1425 3833 1479 3875 et
1509 3824 1865 3889 mirabilibus,
1894 3840 2014 3878 cum
2047 3840 2238 3895 percu-

676 3922 919 3964 terentur
953 3911 1183 3979 Adgyptii
1219 3913 1401 3970 decem
1433 3916 1623 3983 plagis,
1676 3916 1814 3969 liber
1856 3928 2035 3971 autem
2092 3930 2237 3973 esset

675 4000 837 4056 Israel
863 4018 891 4055 a
923 4006 1105 4056 decem
1138 4003 1306 4073 plagis
1349 4008 1666 4061 cohabitans
1709 4008 1923 4062 iisdem.
1967 4010 2033 4063 Et
2060 4013 2238 4079 Operi-

675 4095 774 4148 bus
806 4092 915 4164 (49)
949 4097 1160 4163 quidem
1210 4105 1326 4148 erat
1359 4094 1597 4167 Egypti,
1652 4099 1743 4153 Dei
1790 4110 1971 4154 autem
2018 4103 2235 4156 miseri-

675 4188 853 4240 cordia
881 4202 910 4237 a
943 4187 1108 4255 plagis
1133 4184 1511 4256 :Egyptiorum
1558 4189 1897 4244 habebantur
1944 4192 2233 4250 immunes.

677 4278 733 4332 Si
764 4279 921 4347 igztur
953 4288 1168 4347 propter
1196 4278 1496 4332 istiusmodi
1522 4291 1738 4348 peccata
1766 4282 1935 4351 plaga:
1958 4293 2110 4349 sunt,
2148 4286 2239 4338 de-

676 4370 902 4424 buerant
930 4386 980 4423 tu
1010 4368 1240 4439 Aigypto
1268 4385 1390 4423 cum
1417 4372 1826 4427 adducebantur
1854 4375 2023 4443 plagae
2055 4376 2243 4430 adver-

2339 1909 2469 1963 bant
2516 1908 2569 1962 in
2617 1902 2877 1976 Egypto.
2910 1906 3045 1973 Quia
3102 1906 3245 1961 enim
3293 1914 3553 1959 exeuntes
3584 1905 3651 1958 de
3677 1900 3921 1973 Egypto

2336 2008 2494 2055 erant
2527 2001 2578 2053 in
2630 1999 2869 2063 deserto,
2900 2009 2955 2052 et
3001 1996 3216 2068 Moyses
3249 1996 3573 2050 ascenderat
3624 2007 3923 2063 apportare

2337 2092 2614 2161 sacrilegis
2643 2089 2837 2159 legem,
2858 2088 3216 2157 quadraginta
3234 2099 3413 2141 autem
3435 2086 3550 2140 dies
3572 2085 3923 2155 protenderat

2340 2183 2391 2238 in
2416 2194 2596 2235 monte
2622 2179 2836 2251 Moyses
2864 2199 2878 2233 :
2915 2190 3080 2250 caput
3116 2178 3269 2232 vituli
3298 2178 3401 2232 sibi
3433 2178 3760 2239 conllautes,
3816 2176 3922 2230 cla-

2340 2276 2563 2330 ntabant
2616 2274 2731 2329 suis
2790 2274 2989 2343 linguis
3044 2272 3335 2327 adversum
3372 2286 3476 2324 se:
3513 2268 3619 2322 Isti
3678 2269 3755 2321 dii
3810 2269 3919 2334 tui,

2339 2363 2531 2427 Israet,
2556 2365 2645 2434 qui
2675 2365 2962 2417 eduxerunt
3000 2374 3047 2416 te
3097 2363 3159 2415 de
3186 2372 3326 2416 terra
3347 2359 3570 2429 ﬁgypti
3591 2360 3659 2413 ".
3690 2360 3807 2415 Hoc
3830 2376 3922 2413 au-

2344 2469 2450 2513 tem
2484 2458 2849 2521 commendat,
2880 2458 3008 2526 quia
3051 2457 3140 2525 qui
3172 2466 3224 2510 et
3276 2457 3329 2509 in
3380 2457 3600 2510 deserto
3637 2457 3922 2509 coluerunt

2342 2549 2482 2603 idola
2514 2549 2776 2603 facientes
2818 2547 2921 2600 sibi
2954 2545 3105 2599 vituli
3130 2556 3313 2613 caput,
3340 2553 3393 2597 et
3418 2544 3561 2613 apud
3584 2542 3907 2613 Egyptum.

2342 2638 2537 2695 Dixere
2554 2638 2698 2693 enim
2720 2636 2849 2692 :Isti
2878 2637 2955 2689 dii
2981 2636 3085 2699 tui,
3112 2634 3311 2699 Israel,
3344 2636 3432 2705 qui
3465 2636 3762 2687 eduxerunt
3786 2645 3837 2687 te
3860 2634 3919 2687 ds

2341 2745 2483 2786 terra
2514 2729 2756 2802 ﬂgypti.
2792 2728 3177 2784 Accusantium
3209 2743 3306 2781 vos
3336 2737 3420 2781 est
3451 2726 3577 2796 quia
3613 2725 3919 2780 istiusmodi

2340 2823 2750 2879 venerabantur
2793 2820 2960 2883 idola,
2996 2821 3173 2874 ethos
3197 2818 3448 2874 colebant
3478 2827 3534 2871 et
3573 2818 3627 2871 in
3668 2816 3920 2887 Egypto,

2339 2915 2538 2984 quibus
2575 2923 2631 2969 et
2672 2912 2977 2968 reddebant
3009 2911 3245 2981 gratiam
3310 2910 3644 2981 egressionis
3676 2924 3813 2964 suae.
3867 2908 3920 2963 Si

2343 3016 2521 3060 autem
2555 3004 2817 3068 dixerint,
2849 3004 2975 3072 quia
3012 3002 3116 3055 alia
3146 3013 3364 3072 peccata
3398 3001 3689 3056 habuimus
3716 3000 3787 3055 ob
3808 3016 3921 3070 qua

2344 3108 2397 3150 et
2425 3099 2492 3150 ad
2526 3098 2803 3151 desertum
2860 3096 3117 3164 perducta
3152 3110 3337 3149 eorum
3381 3094 3610 3159 civitas,
3658 3104 3713 3148 et
3761 3094 3920 3149 servit

2342 3205 2496 3258 gens,
2526 3198 2581 3242 et
2612 3202 2786 3256 neque
2812 3189 3072 3258 propheta
3100 3204 3218 3242 cum
3251 3187 3380 3257 ipsis
3399 3198 3503 3248 est,
3538 3202 3717 3255 neque
3736 3186 3919 3251 altare,

2342 3296 2443 3335 nec
2476 3296 2592 3345 rex,
2632 3296 2733 3334 nec
2765 3282 3059 3346 sacerdos;
3091 3280 3236 3349 quod
3288 3290 3568 3347 peccatum
3617 3280 3795 3345 majus
3844 3288 3919 3333 est

2343 3371 2791 3441 irreligiositate?
2818 3371 2875 3425 Si
2916 3382 3097 3425 autem
3137 3372 3377 3425 colentes
3422 3371 3562 3425 idola
3600 3374 3648 3424 in
3692 3370 3920 3443 {Egypto

2343 3465 2598 3518 exierunt
2622 3479 2684 3518 ex
2718 3463 2990 3535 Egypto;
3017 3481 3119 3519 non
3140 3476 3256 3517 erat
3275 3464 3483 3518 facilius
3514 3464 3815 3533 irreligiose
3834 3478 3920 3522 eos

2341 3568 2564 3626 agentes
2586 3558 2724 3625 apud
2757 3553 3021 3619 Judaeum,
3051 3555 3242 3611 reverti
3280 3557 3330 3608 in
3359 3552 3642 3609 Iud-.eam?
3673 3557 3778 3609 Sed
3809 3556 3919 3611 ausi

2349 3659 2475 3703 sunt
2494 3650 2696 3713 dicere,
2730 3648 2853 3718 quia
2884 3648 3004 3701 ideo
3030 3662 3169 3701 nunc
3195 3662 3298 3701 non
3327 3648 3588 3700 habemus
3608 3650 3918 3715 prOphetas,

2340 3742 2465 3809 quia
2499 3740 2640 3793 inter
2658 3755 2844 3809 gentes
2874 3740 3046 3808 sparsi
3068 3741 3330 3792 videmur.
3354 3738 3597 3804 Ubiergo
3615 3742 3761 3793 venit
3787 3740 3921 3809 Moy-

2340 3831 2463 3883 ses?
2482 3845 2658 3883 nonne
2674 3831 2724 3883 in
2744 3828 3002 3899 JEgypto?
3024 3831 3110 3883 tthi
3130 3829 3321 3893 Maria,
3342 3847 3497 3883 soror
3514 3829 3727 3899 Moysi?
3751 3845 3921 3885 nonne

2341 3923 2398 3976 in
2425 3921 2694 3992 Egypto?
2732 3924 2820 3977 ubi
2850 3924 3187 3993 septuaginta
3230 3922 3371 3976 duo?
3400 3938 3579 3977 nonne
3620 3928 3672 3975 in
3715 3926 3920 3977 deserto

2340 4013 2622 4083 gentium?
2644 4014 2768 4068 Post
2792 4015 2905 4069 haec
2927 4025 3106 4067 autem
3126 4016 3212 4068 ubi
3238 4016 3420 4069 Daniel
3440 4016 3464 4067 Ρ
3487 4029 3670 4069 nonne
3690 4018 3740 4069 in
3757 4016 3922 4085 Babyo

2342 4104 2522 4158 lonia?
2554 4105 2653 4161 Ubi
2705 4116 2810 4160 tres
2840 4106 2957 4176 ejus
3004 4104 3241 4161 fratres?
3291 4123 3466 4162 nonne
3524 4109 3575 4162 in
3628 4108 3919 4179 Babylonia

2340 4197 2484 4265 apud
2528 4197 2753 4267 gentes?
2786 4196 2887 4253 Ubi
2929 4200 3133 4271 degunt
3172 4201 3262 4271 qui
3310 4200 3606 4270 jejunant?
3652 4218 3837 4256 nonne
3868 4204 3916 4255 in

2340 4288 2633 4357 gentibus?
2661 4290 2748 4345 ubi
2782 4288 3005 4345 ﬂamma
3045 4292 3313 4361 ignoravit
3333 4309 3486 4347 suam
3514 4294 3807 4347 naturam?
3836 4294 3916 4347 ubi

2340 4378 2637 4435 Zacharias
2684 4382 2981 4451 prepheta?
3015 4386 3102 4437 ubi
3159 4384 3390 4453 Angelus
3437 4382 3593 4454 (50)?
3654 4384 3713 4437 Si
3747 4397 3916 4440 autent

677 4479 767 4516 sus
798 4460 1095 4531 Egyptios,
1128 4461 1240 4515 dari
1270 4470 1323 4515 et
1355 4458 1582 4527 Iudaeis,
1610 4466 1701 4534 qui
1728 4480 1852 4520 cum
1876 4467 2236 4521 cohabitanti-
2273 4478 2316 4531 ι)
2346 4473 2519 4543 prima
2561 4482 2618 4528 et
2651 4474 2825 4528 media
2860 4476 2911 4527 in
2946 4477 3224 4545 gentibus,
3273 4491 3397 4530 cum
3454 4477 3587 4545 ipsis
3614 4490 3774 4533 erant
3808 4492 3916 4548 pto-

678 4556 779 4610 bus
822 4556 957 4607 idola
1011 4556 1341 4623 adorabant,
1414 4556 1503 4625 qui
1558 4569 1615 4610 et
1668 4556 2042 4612 cohabitantes
2087 4559 2245 4613 simul

678 4662 799 4699 cum
827 4647 1009 4699 iisdem
1041 4649 1353 4716 peccabant.
1408 4646 1463 4701 Si
1500 4658 1682 4701 autem
1720 4648 1859 4703 idola
1889 4652 2104 4717 quidem
2149 4666 2246 4705 co-

679 4738 820 4792 lebat
846 4738 895 4791 iu
928 4737 1157 4810 [Egypto
1188 4740 1375 4806 lsrael,
1414 4749 1602 4799 etnon
1638 4740 1809 4793 solum
1858 4757 1963 4794 non
2006 4741 2243 4811 accipie-

678 4828 769 4881 bat
804 4830 1001 4899 plagas,
1038 4832 1197 4885 etiam
1224 4830 1521 4901 irreligioso
1551 4846 1766 4901 gerens,
1793 4831 1887 4883 sed
1918 4830 2005 4883 alii
2037 4847 2132 4899 pro
2164 4832 2244 4886 eis

679 4923 910 4988 quandiu
943 4933 996 4975 et
1028 4924 1239 4977 exirent
1269 4924 1391 4989 isti;
1430 4938 1570 4977 nunc
1593 4924 1708 4976 sine
1730 4938 1893 4978 causa
1919 4934 2233 4977 causantur.

678 5012 829 5077 Quod
857 5026 1033 5066 autem
1072 5014 1208 5067 idola
1238 5014 1484 5067 colebant
1515 5010 1567 5065 in
1594 5010 1825 5083 Egypto
1859 5014 2041 5077 Israel,
2071 5024 2237 5068 testa-

678 5105 766 5152 tur
798 5102 1010 5168 quidem
1042 5114 1095 5155 ct
1124 5102 1374 5157 Ezechiel
1434 5106 1697 5171 propheta
1754 5118 2079 5172 comparans
2104 5108 2239 5159 duas

678 5205 860 5246 eorum
892 5194 1233 5263 tnetropoles,
1271 5192 1609 5250 Hierusalem
1668 5194 1786 5248 dico
1823 5205 1875 5247 et
1910 5195 2237 5261 Samariam,

680 5282 886 5338 duabus
916 5286 1323 5351 coiisororibus,
1359 5295 1412 5339 et
1448 5284 1618 5339 dicit:
1660 5284 1791 5337 Diue
1817 5298 1964 5339 erant
1993 5302 2242 5340 consarc-

749 5424 794 5456 ⁸⁸
817 5421 931 5477 Gal.
971 5438 1048 5487 ιιι,
1084 5424 1168 5478 ll.

707 5593 713 5598 ,
752 5536 860 5607 με)
898 5540 977 5589 ad
1006 5539 1437 5605 satisfactionem.
1462 5539 1620 5594 Forte
1650 5538 1903 5594 iuGrteco
1922 5540 2233 5595 fueritdm-

682 5603 886 5675 Misit,
913 5613 1047 5671 quod
1074 5603 1333 5674 interpres
1366 5610 1589 5663 verterit
1621 5609 2068 5665 satisfactionem:
2096 5614 2236 5666 sicut

683 5675 705 5731 Ξ
732 5677 847 5727 νει.
876 5691 957 5745 ιιι,
982 5677 1063 5740 15,
1097 5678 1147 5729 in
1172 5680 1377 5744 vulgata
1402 5680 1862 5745 interpretatione.

753 5746 862 5810 (49)
898 5744 961 5797 Et
990 5749 1478 5804 ouenbusuSeusus
1526 5744 1701 5816 potest
1744 5763 1886 5815 esse,
1930 5749 2231 5804 idololatria

1245 5424 1287 5454 "
1322 5423 1516 5479 Ezech.
1546 5440 1701 5487 χχιιι,
1734 5424 1788 5477 3.
1862 5423 1907 5454 “
1931 5421 2043 5478 Jos.
2078 5440 2225 5491 sxw,
2252 5430 2339 5482 11.

2348 4562 2543 4629 pheta.
2605 4562 2674 4617 Et
2702 4574 2853 4618 certe
2887 4567 3028 4633 apud
3064 4562 3415 4635 Babyloniam
3466 4574 3624 4617 extra
3682 4564 3783 4620 hos
3832 4566 3915 4635 qui

2346 4651 2587 4722 praedicti
2617 4665 2777 4724 sunt,
2811 4672 2999 4711 omnes
3023 4656 3195 4711 Judaei
3238 4659 3603 4712 adoraverunt
3627 4659 3908 4726 imaginem

2346 4745 2516 4814 regis,
2546 4755 2600 4800 et
2626 4763 2731 4802 non
2762 4750 2883 4803 idco
2919 4748 3153 4802 fraudati
3193 4758 3321 4802 sunt
3366 4765 3394 4803 a
3434 4749 3739 4819 prophetis.
3792 4752 3914 4816 Quia

2346 4847 2531 4890 autem
2565 4838 2930 4894 adoraverunt
2988 4841 3302 4909 imaginem,
3344 4841 3703 4897 comminatio
3749 4841 3915 4896 Nabu-

2343 4925 2684 4983 chodonosor
2706 4940 2833 4984 tunc
2858 4929 3001 4983 facta
3024 4932 3326 4985 adnuntiat.
3357 4932 3501 4986 Dicit
3525 4934 3671 4987 enim
3702 4950 3716 4985 :
3746 4933 3913 4988 Omnis

2344 5019 2433 5085 qui
2451 5036 2552 5073 non
2575 5024 2769 5075 cadens
2802 5024 3099 5075 adoravsrit
3126 5023 3429 5091 imaginem,
3468 5027 3653 5079 statim
3698 5029 3914 5079 mittetur

2346 5112 2401 5164 in
2453 5111 2718 5169 fornacem
2768 5116 2903 5183 ignis
2953 5117 3189 5168 ardentis
3219 5114 3285 5171 “.
3350 5115 3416 5169 Et
3472 5120 3668 5173 aderat
3716 5122 3908 5188 quidem

2349 5202 2423 5256 illt
2454 5204 2566 5275 (5i)
2602 5208 2781 5261 omnis
2806 5205 2991 5261 lsrael.
3032 5206 3167 5261 Tres
3206 5219 3387 5263 autem
3435 5211 3541 5265 soli
3577 5212 3780 5268 inventi
3803 5219 3911 5267 sunt

2350 5295 2441 5365 qui
2473 5312 2577 5350 non
2618 5300 2980 5353 adoraverant
3012 5315 3027 5366 ;
3081 5300 3135 5354 in
3170 5298 3451 5354 fornacem
3487 5305 3649 5360 missi
3680 5315 3824 5371 sunt,
3866 5314 3910 5357 et

2420 5432 2657 5487 “Exod.
2691 5450 2861 5500 xxxii,
2889 5435 2942 5489 4.
3021 5436 3065 5466 ⁸⁸
3091 5436 3222 5489 Dan.
3256 5452 3336 5502 tu,
3371 5436 3427 5493 6.

2341 5546 2529 5601 similis
2564 5548 2828 5617 ﬂgyptiis
2850 5560 2962 5602 erat
2989 5548 3176 5605 Israel.

2414 5616 2527 5688 (50)
2562 5616 2660 5688 Ubi
2682 5616 2931 5688 Angelus.
2956 5617 3275 5677 Malacinos.

2415 5687 2527 5760 (si)
2558 5686 2671 5743 1m.
2706 5686 2865 5745 Forte
2891 5692 3021 5747 uno.
