4072 6448
184 439 318 494 109'!

1236 435 1325 491 DE
1361 435 1967 494 RESURRECTIONE.
2013 467 2079 476 —-
2117 435 2248 491 LIB.
2288 434 2354 493 ll.

3309 432 3446 489 4098

182 553 253 608 ab
283 553 406 623 igne
420 547 614 609 salvati
642 559 791 608 sunt.
822 549 1009 606 Daniel
1037 561 1216 607 autem
1249 554 1450 622 regalia
1481 554 1582 610 sibi
1611 570 1758 610 com-
1786 562 1831 620 Α
1860 559 2219 610 constantiam
2252 553 2390 625 (58),
2425 552 2666 623 praecipit
2702 565 2824 607 eum
2850 551 3052 608 induci.
3087 549 3203 607 Non
3232 563 3442 623 oporte-

184 650 348 703 missa
372 662 480 703 non
513 646 706 702 aderat
738 660 998 716 pmsens.
1035 646 1093 702 Si
1122 647 1266 702 enim
1307 646 1594 713 adfuisset,
1616 661 1758 702 nun-

182 752 347 806 quam
389 752 418 791 a
440 737 706 808 quadriga
734 737 908 792 bonus
933 737 1285 791 remansisset
1314 751 1510 808 equus.
1555 737 1631 792 Ita
1663 753 1761 792 au-

187 837 292 883 tem
338 843 437 883 nec
480 827 775 882 derelictus
799 837 884 882 est
929 827 1112 882 Daniel
1159 827 1231 883 ob
1281 826 1759 883 comminationem

185 917 322 987 ignis
341 931 372 971 a
405 915 667 973 fratribus
695 916 812 972 suis
836 927 891 971 et
911 916 1128 972 illorum
1148 916 1412 989 martyrio
1449 932 1462 967 :
1498 919 1624 988 quia
1650 917 1760 973 fra-

181 1017 291 1062 tres
326 1009 545 1079 quidem
581 1008 704 1078 eius
741 1009 794 1063 in
847 1009 1084 1062 medium
1120 1008 1410 1080 producti,
1464 1009 1519 1064 in
1574 1018 1763 1080 aperto

181 1095 502 1168 martyrium
540 1105 861 1167 posuerunt,
907 1106 963 1151 et
1009 1097 1156 1165 passi
1207 1109 1336 1153 sunt
1380 1108 1437 1154 et
1488 1099 1702 1156 liberati
1741 1115 1756 1153 :

181 1185 373 1243 Daniel
398 1197 581 1242 autem
638 1197 761 1258 post
791 1188 906 1243 haec
937 1197 1211 1259 praecepto
1259 1190 1560 1247 exsistente
1616 1192 1762 1262 regis

181 1277 390 1333 nullum
420 1279 620 1334 debere
657 1293 832 1348 neque
871 1278 1038 1332 alium
1064 1280 1296 1336 adorare
1327 1282 1530 1347 Deum,
1585 1299 1762 1354 neque

180 1385 392 1442 regem,
442 1371 548 1426 nisi
604 1371 778 1426 solum
815 1387 1021 1442 regem,
1052 1381 1108 1428 et
1156 1387 1316 1444 quem
1343 1375 1540 1445 putas?
1568 1375 1763 1432 Persa-

181 1478 301 1518 rum
337 1481 352 1518 :
395 1463 508 1533 ipse
536 1473 718 1518 autem
749 1464 1055 1534 ingrediens
1094 1465 1314 1520 domum
1349 1481 1528 1534 suam,
1558 1478 1760 1524 etcum

178 1563 362 1623 posset
389 1553 559 1609 latere
587 1564 642 1609 et
674 1555 885 1610 occulte
917 1557 1145 1612 adorare
1174 1557 1363 1621 Deum,
1396 1559 1572 1628 palam
1619 1560 1761 1615 ado-

180 1659 310 1700 rans
337 1661 442 1700 non
470 1646 689 1716 negavit
722 1647 1062 1717 religionem,
1095 1648 1190 1704 sed
1220 1650 1409 1704 maluit
1436 1653 1609 1724 magis
1635 1667 1759 1710 esca

178 1735 295 1791 dari
333 1736 598 1802 leonibus,
629 1751 793 1807 quam
830 1738 1067 1794 fraudari
1113 1755 1172 1796 se
1211 1743 1280 1796 ab
1322 1743 1643 1800 adoratione
1680 1745 1763 1800 vi-

178 1825 362 1881 ventis
387 1827 503 1882 Dei.
527 1825 649 1881 Noli
685 1829 830 1882 enim
861 1844 1126 1899 quaerere,
1159 1832 1204 1888 si
1252 1831 1442 1888 Daniel
1474 1849 1582 1890 non
1612 1844 1696 1891 est
1727 1853 1756 1892 a

1861 645 1953 700 bat
1983 645 2130 700 enim
2173 644 2460 700 Dominum
2506 642 2691 698 .lesum
2733 645 2851 698 sine
2898 645 3108 697 victore
3159 643 3437 698 recedere.

1861 731 2214 800 Introducens
2235 744 2413 787 autem
2449 747 2572 787 eum
2604 770 2620 795 ,
2653 731 2836 786 omnia
2869 737 3139 786 tormenta
3171 731 3443 797 movebat,

1859 831 1916 876 et
1946 829 2093 877 tanta
2119 822 2210 877 uni
2243 823 2504 887 vincenti,
2538 833 2740 891 quanta
2780 823 3034 878 omnibus
3063 822 3147 876 his
3180 822 3272 892 qui
3324 820 3444 875 fue-

1862 922 1990 968 rant
2014 923 2279 983 superati.
2312 912 2659 969 Contendens
2681 913 2823 968 enim
2849 928 2917 968 ne
2939 911 3241 968 solveretur
3269 911 3443 968 victo.

1863 1004 1942 1060 ria
1968 1019 2063 1059 sua
2099 1019 2195 1074 per
2221 1004 2379 1060 unius
2407 1004 2564 1060 istius
2588 1005 2898 1068 victoriam,
2924 1012 2979 1058 et
3013 1013 3270 1073 reputans
3299 1003 3442 1073 apud

1860 1108 1940 1159 se,
1974 1095 2099 1164 quia
2129 1103 2186 1150 et
2222 1093 2276 1149 in
2320 1094 2513 1150 stadiis
2549 1095 2669 1149 ﬂuis
2697 1095 3034 1150 currentium
3059 1091 3343 1163 quaeritur,
3391 1101 3444 1147 et

1859 1186 1985 1256 qttia
2014 1185 2059 1241 si
2093 1185 2195 1240 iste
2223 1184 2436 1251 vicerit,
2487 1199 2585 1239 nec
2617 1193 2676 1240 ut
2720 1183 2847 1239 victi
2878 1191 3042 1239 erunt
3081 1184 3173 1254 qui
3226 1182 3446 1238 fuerant

1862 1278 2140 1346 superati;
2191 1279 2451 1336 universa
2488 1279 2538 1334 el
2593 1275 2876 1333 admoveri
2936 1286 3207 1332 tormenta
3263 1276 3440 1347 jubet.

1863 1372 2062 1429 Valens
2086 1372 2234 1428 enim
2264 1369 2483 1428 ﬂectere
2520 1369 2798 1441 juvenem,
2841 1379 2897 1424 et
2927 1369 3100 1425 oculis
3131 1370 3441 1442 torquebat,

1860 1471 1917 1520 et
1938 1463 2188 1519 dentibus
2211 1464 2540 1530 minabatur,
2565 1473 2621 1520 et
2645 1462 2898 1517 manibus
2927 1461 3291 1532 torquentium
3318 1477 3446 1520 suas

1860 1557 2215 1628 protendebat
2253 1570 2467 1620 manus,
2511 1565 2568 1611 et
2605 1557 2673 1610 ab
2712 1555 2827 1625 ipsa
2868 1557 2949 1610 ira
2994 1541 3157 1611 etiam
3200 1557 3270 1613 de
3316 1555 3448 1612 sede

1863 1643 2182 1698 movebatur
2209 1658 2327 1698 sua.
2379 1642 2514 1699 Cum
2559 1650 2742 1698 autem
2790 1641 3149 1715 fatigarentur
3176 1652 3440 1715 torquen-

1865 1738 1967 1798 tes,
1999 1744 2054 1788 et
2080 1749 2183 1790 non
2211 1736 2430 1791 cederet
2453 1735 2545 1805 qui
2581 1735 2957 1805 torquebatur,
2985 1744 3149 1807 atque
3189 1737 3443 1792 obtusum

1863 1832 1919 1877 et
1945 1821 2212 1880 deﬂexum
2229 1823 2428 1880 fuisset
2455 1822 2682 1888 ferrum,
2713 1839 2819 1880 non
2851 1832 2934 1879 est
2961 1823 3134 1882 ﬂexus
3162 1827 3253 1896 qui
3288 1827 3448 1882 rade-

178 1918 424 1975 leonibus
445 1930 717 1975 comestus
732 1937 748 1976 :
762 1921 855 1976 sed
873 1921 998 1992 quia
1019 1923 1295 1994 proposuit
1313 1938 1372 1979 se
1388 1926 1598 1982 comedi
1618 1927 1754 1999 (52),

1869 1915 2038 1970 batur.
2088 1915 2224 1972 Cum
2281 1916 2394 1986 jam
2450 1915 2595 1970 nulla
2655 1917 2969 1973 adinventio
3048 1927 3443 1975 tormentorum

178 2012 284 2067 hoc
312 2012 554 2066 adverte.
582 2010 693 2067 Nec
723 2014 849 2082 quia
887 2028 995 2069 non
1025 2016 1370 2086 consumpsit
1403 2015 1618 2072 ﬂamma
1648 2029 1759 2075 tres

178 2103 302 2158 illos
338 2118 535 2174 pueros
567 2104 760 2160 missos
794 2103 848 2159 in
873 2104 1145 2161 fornacem
1178 2107 1315 2177 ignis
1342 2108 1584 2164 ardentis
1605 2148 1621 2174 ,
1663 2112 1758 2166 sed

175 2196 303 2264 quia
329 2196 425 2265 ipsi
462 2195 765 2250 bolocausti
793 2195 920 2251 facti
951 2206 1080 2252 sunt
1109 2197 1225 2270 (53)
1257 2209 1519 2268 quantum
1549 2201 1616 2256 ad
1647 2201 1762 2257 ala—

177 2287 426 2342 critatem
448 2302 624 2342 suam.
650 2285 764 2342 Non
789 2289 932 2343 enim
967 2290 1035 2345 ab
1062 2291 1210 2346 exitu
1237 2291 1502 2360 judicium
1531 2302 1635 2358 est,
1663 2295 1760 2350 sed

177 2379 250 2434 ab
279 2377 560 2434 alacritate
572 2393 805 2435 coronae.
826 2381 933 2450 Ego
951 2393 1129 2438 autem
1151 2384 1292 2451 dico,
1307 2385 1400 2456 qui
1427 2385 1549 2442 ideo
1563 2385 1758 2442 salvati

177 2479 307 2527 sunt
354 2481 502 2537 tunc,
558 2481 614 2527 et
661 2471 846 2527 Daniel
894 2488 924 2527 a
974 2473 1242 2543 leonibus,
1287 2487 1342 2531 et
1375 2485 1488 2532 tres
1533 2479 1683 2548 pueri
1729 2495 1758 2532 a

179 2558 395 2616 ﬂamma
451 2561 595 2632 ignis
639 2562 923 2630 ardentis;
985 2579 1090 2618 non
1149 2575 1373 2633 propter
1423 2566 1758 2623 alacritatem

180 2666 370 2709 eorum
398 2655 488 2723 qui
524 2653 717 2709 salvati
762 2662 907 2718 sunt,
969 2656 1064 2710 sed
1113 2667 1338 2726 propter
1383 2658 1758 2716 infirmitatem

184 2743 402 2798 illorum
437 2743 529 2814 qui
560 2747 926 2800 aduraverunt
981 2747 1292 2817 imaginem.
1333 2747 1401 2804 Ut
1453 2751 1597 2805 enim
1650 2767 1757 2807 non

181 2835 426 2890 dicerent
452 2835 543 2905 qui
584 2836 966 2904 adoraverunt,
1003 2838 1144 2906 Quid
1177 2839 1375 2909 profuit
1403 2841 1483 2897 eis
1507 2844 1597 2914 qui
1648 2859 1757 2899 non

181 2927 590 2983 adoraverant?
618 2945 684 2982 ne
711 2930 778 2982 ab
809 2930 959 2984 exitu
1017 2931 1250 2986 incendii
1284 2948 1473 2990 eorum
1528 2937 1617 3005 qui
1649 2953 1758 2992 non

185 3018 570 3083 adoraverunt,
610 3017 1040 3074 satisfactionem
1086 3020 1198 3094 (5L)
1229 3023 1329 3078 sibi
1377 3027 1765 3096 conquirerent

188 3108 492 3177 irreligiosa
516 3120 757 3180 agentes,
795 3111 915 3167 ideo
945 3111 1136 3168 salvati
1172 3125 1296 3169 sunt
1319 3117 1410 3185 qui
1441 3122 1546 3173 non
1571 3117 1769 3172 adora-

1862 2003 2049 2062 futsset
2067 2007 2341 2071 derelicta,
2355 2009 2582 2076 cupiens
2597 2010 2957 2065 constantiam
2975 2024 3134 2067 suam
3161 2010 3450 2068 ostendere

1862 2096 2070 2153 Domini
2086 2099 2259 2165 miles,
2279 2099 2476 2154 emittit
2493 2113 2678 2154 vocem
2691 2101 2908 2157 dicens:
2929 2101 3179 2171 Curiam,
3201 2111 3452 2176 tyranne,

1863 2204 1968 2245 non
1992 2191 2211 2247 cessas?
2231 2190 2521 2247 confessus
2547 2205 2666 2245 sum
2695 2207 2791 2262 per
2811 2205 2874 2248 os
2906 2207 3092 2248 verum
3114 2209 3237 2250 esse
3267 2209 3455 2265 regem

1861 2280 2374 2338 Christum...ludex
2400 2292 2582 2339 autem
2609 2283 2864 2354 iniuriam
2897 2285 2951 2340 in
2989 2287 3338 2358 tyrannidem
3371 2288 3458 2342 di-

1862 2362 2006 2432 clam
2043 2390 2151 2432 non
2196 2373 2491 2442 suﬂ‘erens,
2546 2377 2782 2437 convicit
2811 2379 3030 2447 quidem
3077 2393 3158 2446 se,
3195 2389 3252 2434 et
3302 2395 3458 2435 com-

1865 2468 2139 2524 mendavit
2171 2478 2466 2538 martyrem
2496 2467 2696 2525 Christi
2730 2487 2743 2524 :
2775 2474 2902 2542 quia
2932 2472 3052 2526 ideo
3081 2472 3195 2527 hac
3219 2487 3321 2544 pro
3359 2487 3458 2527 ve-

1863 2577 1926 2615 ro
1963 2575 2090 2631 rege
2119 2560 2344 2629 patitur,
2369 2562 2460 2630 qui
2504 2563 2576 2618 ita
2610 2563 2676 2619 de
2709 2565 2921 2619 mortali
2954 2579 3121 2621 ausus
3155 2575 3241 2621 est
3274 2565 3449 2635 loqui.

1861 2649 2160 2720 Propterea
2195 2650 2352 2719 jubet
2400 2666 2520 2708 eum
2567 2654 2673 2724 igni
2711 2655 2890 2722 tradi,
2927 2671 3186 2722 coronam
3230 2659 3455 2716 coronis

1861 2743 2221 2814 coniungens.
2267 2743 2334 2800 Et
2383 2745 2504 2802 ideo
2551 2749 2660 2803 cito
2709 2746 3046 2804 efficiebatur
3094 2761 3453 2845 pmceptutn.

1860 2836 2202 2907 Ejiciebatur
2225 2836 2371 2892 enim
2407 2835 2685 2896 Romanus
2723 2838 2877 2897 lctus
2903 2850 2959 2897 et
2992 2835 3282 2897 coronatu's
3320 2857 3451 2904 san-~

1861 2928 2045 2998 guine,
2086 2926 2320 2999 insignia
2359 2928 2414 2984 in
2447 2927 2710 2985 lateribus
2740 2931 2948 2986 habens
2973 2947 3094 3001 quae
3143 2946 3245 3001 pro
3309 2933 3454 2988 veri-

1865 3029 1977 3073 tate
2006 3017 2191 3076 fuerat
2222 3035 2421 3090 passus
2453 3035 2467 3072 :
2505 3028 2731 3091 portans
2767 3021 2966 3091 quippe
3004 3029 3059 3076 et
3109 3022 3162 3076 in
3205 3022 3451 3079 humeris

1869 3123 2086 3164 crucem
2117 3149 2134 3174 ,
2176 3121 2232 3166 et
2277 3112 2333 3165 in
2392 3109 2572 3167 fronte
2623 3112 2837 3181 signum
2880 3109 3080 3181 regale.
3111 3109 3247 3167 Cum
3272 3121 3452 3166 autem

186 3211 409 3264 verunt,
454 3208 515 3255 ut
550 3217 657 3256 non
706 3215 1086 3269 permanerent
1125 3207 1323 3261 mortui
1358 3208 1450 3278 qui
1510 3210 1838 3297 adorave—C
1872 3201 2243 3258 adunarentur
2291 3214 2565 3259 sarmenta
2610 3211 2665 3259 et
2701 3217 2927 3268 cannae,
2989 3202 3056 3257 ad
3109 3201 3452 3259 velocitatem

188 3300 338 3348 runt.
375 3291 495 3361 Ipse
527 3292 642 3363 (55)
671 3293 816 3348 enim
859 3293 999 3351 Deus
1023 3306 1108 3351 est
1140 3298 1325 3352 Daniel
1373 3310 1427 3355 et
1457 3301 1646 3355 horum
1677 3301 1768 3370 qui

191 3384 247 3440 lu
303 3385 582 3456 martyriis
632 3387 1029 3443 consumuntur
1072 3405 1102 3443 a
1157 3389 1309 3446 feris.
1351 3391 1457 3447 Sed
1498 3408 1603 3447 non
1658 3394 1774 3464 ipse

190 3475 421 3545 populus
456 3491 473 3528 :
502 3475 572 3531 ab
594 3475 892 3532 incredibili
933 3478 1046 3548 (56)
1074 3481 1218 3534 enim
1263 3482 1459 3551 populo
1488 3482 1774 3538 salvaban-

191 3577 284 3623 tur
311 3568 400 3638 qui
431 3566 591 3624 ﬂdetn
619 3569 1043 3637 confitebantur,
1081 3583 1140 3626 ut
1161 3587 1268 3628 non
1291 3575 1642 3632 incredulitas
1678 3593 1776 3646 po-

190 3660 302 3732 puli
328 3669 652 3731 augeretur:
690 3675 719 3713 a
747 3659 884 3715 fideli
907 3672 1086 3717 autem
1117 3662 1289 3733 plebe,
1317 3674 1376 3719 ut
1397 3677 1606 3722 crescat
1643 3668 1776 3724 fides

195 3754 250 3810 in
291 3753 556 3823 sanguine
588 3761 925 3822 sanctorum,
957 3755 1161 3810 veritas
1189 3757 1439 3812 firmatur
1463 3758 1763 3830 Evangelii.

192 3843 466 3898 llabemus
496 3852 677 3899 autem
710 3852 764 3898 et
793 3859 910 3913 nos,
934 3845 1060 3915 quia
1099 3857 1153 3902 et
1178 3849 1442 3904 mirabilia
1479 3852 1618 3906 facta
1651 3864 1778 3908 sunt

193 3935 248 3990 in
277 3931 661 4003 languentibus
705 3933 862 3990 locis.
907 3935 1133 4003 Quidam
1164 3939 1308 3994 enim
1345 3956 1374 3994 a
1414 3941 1544 3996 feris
1577 3943 1774 4000 salvati

193 4032 343 4088 sunt,
370 4025 496 4094 quia
519 4023 846 4095 languebant
868 4025 980 4082 loca
1017 4027 1069 4080 in
1097 4027 1294 4096 quibus
1325 4038 1380 4084 et
1403 4033 1582 4100 passio
1632 4049 1778 4088 mar-

194 4123 374 4188 tyrum
399 4116 708 4186 agitabatur
739 4132 754 4168 :
789 4117 877 4169 alii
906 4118 974 4171 ab
1002 4118 1124 4188 igne
1154 4120 1363 4175 liberati
1389 4132 1534 4176 sunt.
1573 4122 1628 4178 Si
1653 4127 1776 4193 quis

196 4217 377 4262 autem
411 4223 517 4260 non
553 4208 746 4272 credit,
790 4218 844 4264 et
867 4211 1132 4266 rationem
1156 4215 1436 4282 exposcit;
1470 4215 1601 4270 nihil
1646 4231 1775 4286 pro-

194 4295 346 4352 hibet
375 4297 608 4368 religiosi
635 4301 792 4355 unius
823 4287 1139 4357 memoriam
1163 4318 1260 4358 nos
1293 4315 1554 4376 repetere,
1580 4317 1633 4361 et
1650 4323 1777 4376 pro-

194 4391 342 4446 ferre
377 4391 430 4445 in
461 4391 718 4446 medium.
761 4391 815 4446 ltt
859 4393 1323 4450 Antiochenorum
1369 4397 1460 4454 illa
1494 4400 1630 4455 urbe
1662 4398 1775 4455 Ro-

1872 3303 2054 3362 utpote
2100 3292 2369 3360 ﬂammai,
2422 3296 2506 3350 vel
2557 3297 2702 3366 quod
2752 3295 2860 3367 igni
2917 3306 3042 3365 apta
3094 3294 3352 3351 videntur
3388 3295 3456 3349 ad

1874 3379 2264 3446 incensionem,
2309 3383 2687 3453 imponebatur
2711 3393 2891 3438 autem
2931 3384 3121 3439 vivens
3156 3383 3457 3445 immolatio

1873 3472 1927 3528 in
1977 3475 2100 3541 igne
2149 3474 2284 3546 (59).
2332 3473 2460 3532 Haec
2511 3491 2633 3532 cum
2672 3477 2743 3532 ita
2777 3487 3090 3547 agerentur,
3142 3490 3250 3531 non
3300 3474 3458 3545 longe

1874 3573 2051 3619 autem
2102 3565 2318 3620 abesset
2364 3567 2579 3632 civitas,
2635 3576 2694 3621 ut
2729 3576 3019 3622 testaretur
3075 3566 3340 3623 veritati:
3398 3575 3456 3621 et

1875 3657 2012 3710 forte
2073 3658 2198 3725 quia
2255 3659 2473 3727 quidam
2538 3660 2604 3714 de
2652 3657 2855 3715 Iudaeis
2907 3670 2999 3714 aut
3057 3657 3150 3714 alii
3205 3660 3454 3714 homines

1875 3750 2146 3816 dicebant,
2187 3751 2278 3806 ubi
2318 3761 2402 3806 est
2431 3751 2624 3806 horum
2676 3751 2851 3807 Deus?
2890 3752 3030 3808 forte
3067 3749 3455 3822 proferentium

1877 3837 2187 3894 Judaeorum
2223 3850 2334 3895 tres
2375 3855 2592 3910 pueros,
2624 3851 2679 3897 et
2709 3843 3030 3908 dicentium,
3066 3843 3191 3911 quia
3227 3842 3329 3897 sub
3363 3857 3459 3897 nos

1875 3931 2225 3986 salvabantur
2256 3947 2284 3986 a
2325 3931 2543 3988 ﬂamma
2585 3933 2824 3989 fornacis
2853 3934 3122 4000 ardentis,
3160 3934 3250 3990 isti
3279 3943 3458 3989 autem

1875 4026 2106 4078 ardent:
2137 4026 2287 4096 atqui
2313 4027 2435 4081 caeli
2472 4027 2623 4095 jubet
2651 4028 2918 4083 Dominus
2949 4028 3183 4084 nubibus
3205 4031 3459 4086 coronari

1875 4115 2095 4171 cmlum.
2136 4117 2450 4188 Adimplens
2497 4129 2679 4174 autem
2729 4119 2883 4175 sinus
2929 4121 3152 4176 nubium
3193 4123 3460 4192 grandisne

1877 4219 1932 4262 et
1971 4208 2147 4264 imbre
2194 4210 2484 4265 admodum
2524 4212 2856 4277 vehementi,
2910 4221 2966 4266 et
3021 4213 3230 4269 addens
3267 4224 3462 4269 ventos

1879 4300 1947 4356 ad
2003 4300 2243 4356 velocem
2297 4300 2649 4357 emissionem
2699 4318 2888 4359 eorum
2935 4321 2950 4358 :
3009 4319 3183 4374 neque
3239 4310 3461 4361 accendt

1878 4383 2151 4448 ﬂa‘mmatn
2177 4395 2462 4464 permittit,
2500 4397 2966 4452 vehementiorem
2989 4398 3288 4454 ostendens
3324 4400 3463 4455 hanc

195 4495 393 4536 manus
415 4481 633 4550 quidam
658 4483 864 4538 exstitit
889 4494 1114 4556 martyr.
1138 4484 1243 4542 Iste
1271 4488 1585 4556 peregrinus
1613 4490 1778 4545 adve—
1883 4489 2160 4554 virtutem,
2213 4505 2377 4559 quam
2440 4489 2582 4558 apud
2633 4489 3004 4560 Babyloniam.
3058 4489 3171 4546 lllic
3230 4491 3375 4546 enim
3432 4506 3462 4547 e

198 4579 354 4626 uerat
383 4571 495 4625 illo.
530 4572 662 4626 Cum
703 4582 880 4628 autem
898 4573 1092 4644 jactari
1131 4591 1159 4628 a
1195 4577 1604 4647 tempestatibus
1633 4578 1776 4633 illam
1809 4585 1853 4641 Β
1881 4575 2096 4632 ﬂamma
2138 4587 2248 4635 tres
2286 4595 2483 4649 pueros
2519 4580 2774 4636 liberavit
2804 4595 2820 4635 :
2856 4580 2980 4638 istic
3011 4591 3194 4636 autem
3239 4595 3306 4637 ne
3340 4583 3462 4651 qui-

197 4671 328 4718 tunc
361 4662 567 4717 videret
593 4662 867 4719 civitatem
923 4665 1228 4738 (invenerat
1252 4669 1395 4724 enim
1423 4669 1538 4740 jam
1580 4670 1778 4726 multos
1883 4671 2005 4725 dem
2053 4672 2274 4727 accendi
2317 4670 2547 4728 ﬂammte
2589 4686 2913 4729 concessum
2959 4682 3066 4728 est.
3118 4672 3205 4728 Fit
3254 4674 3464 4729 turbela

197 4754 400 4810 milites
432 4757 698 4814 cecidisse
748 4759 1065 4834 Ecclesiae),
1107 4778 1214 4819 non
1269 4775 1354 4820 est
1399 4781 1594 4835 passus
1645 4767 1778 4822 dare

196 4847 414 4902 diabolo
441 4857 502 4902 ut
523 4849 819 4906 exsultaret
854 4870 866 4906 :
897 4857 992 4910 sed
1031 4856 1398 4913 exsultantem
1427 4859 1664 4929 iudicem
1709 4861 1777 4915 de

197 4937 284 4993 bis
316 4940 406 5007 qui
433 4937 651 4993 fuerant
672 4947 911 5010 superati
940 4946 1276 5017 aggreditur,
1305 4950 1412 5002 vim
1444 4947 1655 5004 faciens
1684 4965 1772 5003 re-

195 5046 303 5100 gno
329 5045 456 5087 vero
489 5043 640 5100 rapto
661 5033 774 5103 (57)
819 5051 832 5087 :
881 5047 936 5092 et
961 5039 1089 5092 dicit
1123 5055 1135 5091 :
1166 5037 1279 5094 Non
1324 5040 1545 5096 recedes
1597 5041 1775 5096 laetus.

199 5122 380 5178 Habet
410 5123 554 5177 enim
591 5122 734 5179 Deus
763 5127 962 5184 milites
994 5131 1086 5199 qui
1121 5132 1364 5202 superari
1389 5148 1496 5186 non
1527 5145 1775 5202 possunt.

197 5211 372 5268 Judex
398 5223 580 5267 autem
607 5215 790 5270 ebrius
825 5217 876 5270 in
934 5221 1158 5273 victoria
1207 5235 1395 5276 eorum
1442 5224 1532 5292 qui
1567 5222 1782 5279 fuerant

198 5307 464 5376 superati,
497 5320 564 5360 ex
617 5305 829 5362 illorum
861 5309 1234 5368 imbecillitate
1286 5315 1566 5370 aestimans
1606 5318 1782 5372 sancti

271 5457 388 5532 (52)
418 5455 697 5528 Proposuit
722 5477 775 5514 se
795 5463 1015 5518 comedi.
1045 5462 1250 5533 Sponte
1293 5482 1352 5523 se
1378 5467 1573 5523 obtulit
1605 5468 1777 5524 leoni-

200 5530 302 5586 bus
323 5533 646 5583 vorand:.m.

271 5597 386 5671 (5'5)
440 5596 751 5678 Holocnnsti
782 5599 927 5666 facti.
963 5601 1321 5678 ξολᾳκαμστοί
1358 5607 1411 5661 id
1438 5617 1524 5678 est
1566 5608 1782 5678 penitus

198 5669 530 5796 co‘nsu'mpti,
550 5680 604 5722 et
626 5671 936 5726 holocausta
957 5673 1107 5738 facti,
1137 5677 1181 5728 si
1198 5690 1413 5747 spectes
1434 5669 1647 5732 illorum
1667 5679 1750 5732 ala
1764 5707 1784 5720 ο

199 5755 264 5796 cr
283 5750 475 5795 metu.

199 5750 475 5803 nitatem.

268 5807 387 5886 (ἐξ)
411 5806 855 5886 satisfactionem.
886 5812 1203 5883 Ἀπολογίαν
1227 5832 1385 5886 supra
1411 5818 1514 5874 col.
1536 5817 1693 5876 {095.
1715 5818 1778 5875 Β.

427 5883 566 5949 Ipse.
591 5878 697 5932 Pro
723 5879 878 5936 idem.

527 5974 780 6038 Pauor.
825 5975 1193 6045 GLXXIV.

1884 4777 1991 4816 non
2025 4761 2160 4817 levis
2196 4781 2211 4818 :
2265 4765 2582 4819 nuntiantur
2617 4764 2731 4837 (60)
2771 4775 3004 4838 tyranno
3052 4767 3181 4835 quia
3224 4775 3464 4835 martyre

1885 4855 2085 4911 tradito
2118 4856 2226 4926 igni
2253 4857 2450 4912 ctelnm
2484 4857 2822 4928 indignatum
2852 4867 2958 4925 est,
2993 4866 3048 4911 et
3070 4858 3196 4928 quia
3222 4859 3463 4912 cmlestis

1883 4963 1977 5003 rex
2007 4962 2135 5002 suos
2164 4949 2256 5017 qui
2294 4949 2347 5003 in
2394 4960 2538 5004 terra
2581 4949 2851 5005 habentur
2877 4950 3142 5004 defendit.
3179 4948 3306 5004 Hac
3335 4965 3460 5004 cum

1882 5039 2122 5094 audisset
2150 5052 2433 5109 tyrannus,
2454 5052 2657 5095 etcum
2684 5041 2840 5096 valde
2864 5041 3122 5108 injuriatn
3147 5041 3466 5098 defenderet

1882 5143 2037 5184 suam
2063 5129 2261 5186 factam
2291 5145 2386 5201 per
2413 5133 2675 5202 linguam,
2706 5134 2862 5202 jubet
2883 5133 3053 5202 judici
3085 5133 3200 5202 jam
3232 5148 3337 5187 non
3370 5134 3464 5188 de-

1884 5225 2015 5279 bere
2040 5223 2250 5293 jurgari
2275 5239 2397 5279 eum
2431 5226 2498 5280 ad
2524 5224 2717 5284 Deum.
2745 5229 2839 5282 sed
2871 5226 3035 5282 istum
3065 5242 3223 5289 quem
3260 5225 3461 5282 libera-

1889 5320 1966 5372 vit
2003 5319 2145 5374 Deus
2178 5319 2378 5374 dimitti
2417 5319 2636 5375 debere.
2685 5318 2752 5374 Et
2799 5329 2981 5376 noster
3021 5321 3186 5386 igitur
3218 5318 3464 5376 Ananias

1969 5469 2062 5612 56;
2092 5470 2424 5526 Incredibili.
2449 5470 2553 5526 Pro
2585 5472 2876 5527 incredula.

1973 5543 2038 5597 57
2099 5541 2273 5612 Regna
2300 5558 2417 5596 vero
2449 5551 2623 5612 rupto.
2669 5543 2824 5610 Quod
2855 5560 2876 5598 t

1973 5541 2062 5612 57)
2099 5541 2273 5614 Regna
2300 5558 2417 5596 vero
2449 5551 2623 5614 rapto.
2669 5543 2824 5610 Quod
2855 5544 3071 5599 uiolenti
3112 5544 3351 5614 rapiunt,
3409 5556 3468 5600 ut

1880 5610 2081 5670 dicitur
2104 5610 2293 5667 Matth.
2335 5628 2412 5678 xt,
2460 5611 2544 5665 l2.

1950 5682 2062 5754 (58)
2097 5679 2196 5754 bis.
2230 5681 2529 5754 (Estimans
2556 5680 2708 5754 fortis
2729 5686 3103 5742 constantiam.

1952 5751 2063 5826 (ἐξῇ)
2096 5751 2201 5826 his.
2237 5752 2608 5826 Imponebatur
2631 5753 2803 5808 vivens
2831 5757 3130 5810 immolatis
3159 5756 3213 5810 in
3244 5755 3386 5826 igne.

1953 5821 2066 5896 (σθ)
2110 5821 2466 5880 Nuntiantur.
2505 5822 2669 5882 Forte
2705 5827 3002 5881 nuntiatur.

3070 5989 3147 6051 32')
