4072 6410
719 391 860 449 1099

1420 383 1687 442 EUSEBll
1724 379 2193 443 CESARIENSIS
2230 378 2377 437 OPP.
2416 378 2598 442 PARS
2631 380 2719 436 iV.
2759 412 2827 421 —
2860 378 3279 438 DOGIIATICA.

3806 380 3931 437 il“

720 507 865 561 velut
893 519 963 561 ex
999 502 1119 574 Igne
1142 499 1446 571 dimittitur.
1473 498 1652 556 iudex
1668 510 1846 555 autem
1870 500 2150 554 blandiens
2180 507 2262 569 ly-
2296 503 2341 558 Α
2368 498 2530 553 senti.
2572 499 2770 554 Iterum
2816 499 2905 569 qui
2956 498 3219 554 inciderat
3262 498 3530 563 medicus,
3586 497 3930 553 constituitur

723 610 910 660 ranno,
958 594 1175 663 iniquus
1218 591 1496 647 voluntate
1548 602 1608 647 el
1650 594 1945 662 proposito,
1991 589 2110 647 sine
2162 588 2271 642 Deo

719 685 937 754 degens,
962 684 1184 753 cupiens
1216 681 1349 737 nihil
1385 682 1577 738 deesse
1612 681 2000 737 blandimentis
2020 682 2153 747 suis,
2188 680 2272 735 in-

715 776 864 831 venit
887 774 1069 830 nescio
1097 770 1223 841 quid
1257 786 1452 851 novum
1480 770 1742 826 adversus
1763 778 2033 835 sanctum,
2067 772 2272 825 addens

714 862 1647 943 admirationem‘admirationibus.
1702 859 1839 929 Quid
1901 862 2044 916 enim
2102 860 2273 915 facit?

716 957 957 1027 pmcipit
987 944 1223 1027 linguam
1261 967 1363 1021 qua
1405 952 1581 1008 fuerat
1627 952 1835 1008 locutus
1870 954 1923 1006 in
1964 952 2262 1019 hominem,

716 1064 781 1104 eo
811 1048 951 1115 quod
994 1060 1097 1100 non
1156 1052 1443 1116 negaverat
1491 1044 1679 1111 Deum,
1718 1044 1902 1099 incidi.
1945 1042 2010 1097 Et
2050 1043 2268 1114 quidam

716 1138 959 1194 medicus
990 1136 1079 1205 qui
1109 1136 1220 1206 jam
1266 1144 1449 1190 ruerat
1486 1150 1591 1189 non
1637 1135 1915 1205 proposito
1949 1134 2043 1189 sed
2088 1136 2272 1191 carnis

715 1224 1064 1294 inllrmi'tate;
1117 1229 1239 1297 quia
1280 1228 1421 1284 enim
1463 1230 1577 1296 ipse
1618 1226 1793 1281 fuerat
1838 1235 2125 1296 superatus
2153 1228 2272 1281 exi—

713 1323 823 1388 vit;
848 1322 1107 1376 exsultari
1137 1321 1266 1375 libet
1292 1319 1357 1373 de
1388 1319 1611 1374 victoria
1640 1318 1985 1388 superantis:
2017 1319 2269 1388 provenit

716 1426 894 1467 autem
931 1413 1093 1468 istum
1139 1420 1356 1480 portare
1405 1409 1743 1467 medicinalia
1783 1420 2150 1479 operamenta.
2205 1409 2270 1464 Et

714 1505 881 1559 exivit
914 1514 973 1560 ut
1010 1503 1376 1559 consolaretur
1417 1517 1567 1557 suam
1616 1501 1827 1556 ruinam
1858 1519 1872 1554 :
1910 1502 2159 1557 inventus
2187 1511 2269 1557 est

716 1599 767 1651 in
809 1572 966 1651 aliam
1004 1594 1347 1650 lentationem
1383 1591 1988 1662 incurrere-Praecepto
2009 1594 2149 1647 enim
2177 1593 2266 1665 ju-

716 1688 853 1741 dicis
882 1686 1164 1741 insistente
1198 1692 1256 1737 ut
1286 1683 1463 1751 lingua
1490 1684 1820 1737 inciderelur
1845 1683 2038 1745 sancti,
2062 1693 2115 1737 et
2141 1685 2267 1753 quia

716 1778 963 1832 inventus
998 1787 1080 1831 est
1111 1775 1200 1829 ille
1230 1784 1414 1845 parata
1451 1774 1657 1828 habens
1694 1775 1759 1827 ad
1786 1772 1945 1827 istam
1974 1776 2268 1829 necessita-

2371 589 2423 643 in
2469 590 2676 644 timore.
2722 590 2915 656 Etiam,
2960 592 3161 660 inquit,
3211 592 3313 646 iste
3365 590 3544 645 adhuc
3590 589 3929 645 Christianus

2368 692 2487 736 est:
2521 691 2579 769 ut
2606 682 2759 736 fratri
2790 698 3017 752 parcens
3042 684 3367 752 contempsit
3388 693 3746 753 praeceptum.
3776 681 3931 737 Ferte

2368 780 2546 826 autem
2573 772 2682 838 ille,
2710 775 2933 842 cupiens
2964 784 3081 843 post
3113 774 3431 830 incisionem
3465 774 3666 844 linguas
3706 789 3814 829 non
3839 789 3929 829 su-

2368 874 2588 929 peresse
2628 871 2942 931 martyrem,
2992 873 3046 917 et
3089 862 3277 933 majori
3344 878 3601 925 mensura
3644 863 3833 919 incidit
3871 866 3929 917 ad

2370 950 2793 1006 interfectionem
2824 952 3001 1019 potius
3022 966 3181 1021 quam
3210 952 3277 1005 ad
3301 953 3703 1022 praecisionem.
3731 953 3929 1008 Tamen

2368 1042 2793 1111 comprehensus
2832 1041 3073 1097 medicus
3119 1042 3419 1097 ducebatur
3459 1042 3527 1097 ad
3560 1042 3831 1110 iudicem,
3880 1052 3931 1097 et

2370 1133 2640 1202 negotium
2695 1133 2945 1195 habebat,
3000 1148 3100 1187 cur
3155 1132 3560 1203 loqueretur,is
3610 1134 3700 1188 cui
3763 1135 3929 1189 incisa

2369 1222 2541 1278 fuerat
2588 1223 2789 1294 lingua.
2824 1220 2940 1277 Non
2973 1224 3118 1278 enim
3155 1223 3323 1278 semel
3353 1223 3564 1280 locutus
3598 1226 3799 1291 tacuit,
3843 1226 3929 1281 sed

2369 1311 2680 1368 conferebat
2707 1329 2828 1369 cum
2855 1312 2977 1368 aliis
3006 1316 3073 1369 de
3098 1318 3265 1371 cruce
3290 1323 3344 1369 et
3371 1315 3598 1370 victoria
3626 1317 3855 1380 Christi,
3882 1328 3932 1373 et

2368 1406 2469 1460 hoc
2497 1404 2678 1460 multis
2700 1404 2975 1459 mensibus
3015 1405 3069 1459 in
3108 1419 3330 1460 carcere
3360 1407 3715 1462 constitutus.
3755 1406 3927 1462 Habe-

2368 1511 2487 1551 mus
2510 1500 2644 1567 ergo
2676 1505 2729 1551 et
2765 1497 2978 1550 tertiam
3012 1496 3451 1562 admirationem,
3484 1508 3540 1552 et
3572 1515 3713 1553 unus
3742 1499 3927 1555 Eccleo

2366 1588 2460 1642 sia:
2487 1598 2697 1658 martyr
2719 1587 2829 1657 jam
2855 1596 3103 1657 equalur
3138 1588 3311 1643 tribus
3346 1602 3409 1641 ex
3449 1586 3759 1659 Synagoga.
3802 1590 3927 1645 Cum

2368 1688 2549 1733 autem
2592 1680 2859 1749 negotium
2896 1686 3173 1749 pateretur
3201 1679 3464 1744 medicus,
3502 1690 3561 1734 ut
3596 1682 3926 1736 condiscatis

2366 1779 2626 1839 quantum
2656 1769 2778 1825 boni
2814 1769 2907 1834 sit,
2938 1777 2992 1823 et
3021 1768 3202 1823 brevis
3230 1768 3443 1837 quidam
3477 1772 3616 1825 ictus
3669 1772 3929 1841 religiosi-

712 1879 819 1923 tem
852 1869 1211 1931 ferramenta,
1235 1843 1533 1935 urgebatur
1568 1864 1809 1919 incidere
1854 1878 2014 1933 quam
2052 1865 2267 1921 nolebat
2302 1843 2340 1897 Β
2371 1862 2518 1915 latis.
2558 1859 2694 1927 Quia
2736 1861 2878 1915 enim
2920 1861 3099 1917 tutela:
3139 1876 3301 1917 causa
3338 1872 3627 1932 acceperat
3666 1863 3927 1934 linguam,

711 1962 971 2032 linguam.
1015 1962 1081 2015 Et
1109 1960 1295 2015 incidit
1324 1960 1535 2029 quidem
1562 1973 1577 2012 :
1609 1973 1733 2015 cum
1762 1968 1940 2012 autem
1968 1958 2266 2024 incidisset,

711 2054 885 2121 ipsam
922 2051 1155 2120 linguam
1186 2066 1316 2105 usus
1345 2058 1429 2105 est
1459 2050 1523 2107 ad
1563 2048 1780 2103 tutelam
1808 2050 1891 2105 sui
1926 2067 1940 2104 :
1979 2066 2084 2105 non
2122 2052 2266 2106 enim

712 2140 938 2210 proiecit
974 2155 1135 2209 quam
1173 2138 1379 2204 incidit,
1412 2139 1504 2194 sed
1551 2140 1823 2207 accipiens
1867 2154 2008 2205 eam,
2048 2148 2109 2195 ut
2156 2156 2268 2197 me-

711 2232 955 2287 dicamen
988 2232 1053 2284 ad
1083 2231 1367 2285 sanitatem
1400 2230 1543 2286 illius
1580 2230 1761 2285 delicti
1794 2233 1935 2300 quod
1969 2234 2267 2288 admiserat

711 2321 779 2373 ab
823 2320 1088 2389 negando,
1132 2320 1405 2388 accipiens
1438 2320 1579 2373 domi
1631 2321 1893 2387 recondit,
1945 2332 2003 2376 ut
2042 2337 2267 2378 consue-

711 2420 837 2465 runt
870 2411 980 2483 (6i)
1027 2411 1372 2477 inﬁrmiores,
1426 2410 1609 2466 ﬁdeles
1653 2420 1853 2479 tamen,
1901 2413 2166 2471 honorare
2220 2417 2294 2473 si.

708 2503 837 2572 quid
871 2518 898 2556 a
927 2502 1255 2573 martyribus
1284 2501 1630 2571 sumpserint.
1662 2502 1801 2558 Dicit
1822 2512 2001 2559 autem
2033 2505 2268 2561 medico-

710 2609 828 2646 rum
861 2592 1130 2668 doqrina,
1158 2602 1490 2648 contestatur
1512 2592 1674 2647 etiam
1702 2602 1758 2648 et
1778 2605 1990 2660 natura,
2020 2597 2142 2660 quia
2166 2597 2267 2652 lin-

709 2698 826 2753 guae
850 2684 1055 2748 incisio,
1078 2683 1381 2739 interfectio
1393 2693 1478 2740 est
1492 2683 1609 2753 ejus
1626 2698 1657 2738 a
1680 2699 1787 2753 quo
1807 2686 2058 2743 inciditur
2079 2707 2093 2743 :
2111 2704 2267 2757 opor-

711 2758 865 2827 tebat
894 2782 1071 2828 autem
1105 2782 1162 2828 et
1187 2775 1425 2828 secundo
1456 2789 1485 2827 a
1523 2784 1694 2830 morte
1726 2776 1939 2831 liberari
1970 2788 2264 2851 martyrem

708 2863 907 2917 Christi
937 2881 951 2917 :
976 2877 1106 2928 ergo
1131 2878 1259 2918 cum
1283 2864 1589 2932 producunt
1619 2866 1774 2919 nobis
1795 2864 1963 2922 Judaei
1997 2878 2108 2924 tres
2134 2884 2266 2937 pue-

708 2967 818 3017 ros,
841 2953 894 3007 in
916 2969 1021 3009 uno
1045 2955 1147 3009 tria
1172 2955 1515 3025 proferimus.
1543 2954 1605 3008 Et
1627 2955 1737 3023 jam
1763 2958 1978 3025 quidem
2002 2961 2265 3018 habemus

706 3045 812 3097 duo
852 3044 1117 3099 mirabilia
1162 3064 1176 3100 :
1233 3043 1502 3099 ﬂammam
1554 3062 1623 3101 ne
1675 3048 1891 3117 quidem
1951 3064 2263 3107 concessam

2368 1953 2494 2022 quia
2535 1953 2589 2008 in
2620 1954 2829 2008 ratione
2863 1934 3061 2009 salutis
3091 1954 3399 2010 thesaurum
3440 1956 3764 2010 reconderet
3800 1956 3927 2022 sibi,

2365 2043 2565 2099 exhinc
2614 2044 2724 2114 jam
2765 2046 2977 2113 accepit
3019 2044 3252 2101 fructum
3284 2044 3428 2100 lidei.
3458 2045 3636 2102 Iudici
3670 2048 3819 2102 enim
3854 2048 3931 2101 in-

2364 2134 2603 2205 dignanti
2622 2146 2677 2190 et
2705 2136 3076 2203 comminantt,
3104 2147 3159 2191 et
3182 2136 3293 2204 jam
3335 2151 3471 2193 eum
3493 2137 3809 2194 interficere
3839 2155 3929 2194 vo-

2366 2226 2493 2282 lenti
2513 2226 2787 2295 respondit
2806 2229 3041 2284 medicus
3064 2246 3079 2283 :
3099 2227 3279 2284 Habeo
3300 2228 3531 2299 linguam
3550 2244 3716 2299 quam
3743 2231 3927 2285 incidi.

2366 2317 2717 2373 Producatur.
2743 2318 2899 2383 alius,
2932 2320 3020 2374 cui
3062 2333 3166 2373 non
3212 2319 3422 2375 assistit
3448 2320 3613 2387 Deus,
3641 2331 3700 2375 et
3738 2336 3927 2376 secan-

2365 2410 2489 2463 dum
2518 2424 2825 2464 mensuram
2857 2410 3041 2465 incisa:
3072 2410 3284 2481 linguae,
3330 2411 3599 2467 incidatur
3625 2411 3846 2482 lingua;
3876 2421 3927 2466 et

2364 2497 2407 2552 si
2440 2496 2669 2561 vixerit,
2715 2513 2893 2554 meum
2920 2512 3284 2555 commentum
3315 2511 3421 2565 est,
3468 2512 3523 2556 et
3556 2516 3663 2557 non
3710 2502 3806 2556 Dei
3832 2503 3926 2557 de-

2364 2587 2555 2643 fensio.
2590 2588 2916 2644 Producitur
2943 2591 3161 2661 quidam
3188 2592 3585 2657 damnatorum,
3616 2602 3675 2649 et
3695 2592 3895 2665 diligen
3912 2625 3928 2636 ο

2365 2676 2572 2733 tissime
2602 2693 2851 2733 mensura
2892 2690 3112 2749 accepta
3139 2720 3156 2746 ,
3184 2681 3353 2735 incisa
3401 2681 3565 2736 etiam
3606 2682 3800 2753 lingua
3826 2691 3925 2748 est.

2361 2782 2481 2838 qua:
2508 2769 2741 2824 habebat
2776 2768 2939 2825 incidi
2992 2770 3220 2826 Tantum
3253 2782 3310 2826 nt
3342 2772 3563 2842 impleta
3597 2773 3794 2830 incisio
3820 2786 3925 2841 est,

2361 2869 2418 2914 et
2452 2858 2576 2914 ﬁnis
2602 2859 2718 2928 ejus
2762 2860 3062 2931 completus
3088 2872 3173 2918 est
3203 2863 3342 2917 vita.
3380 2864 3448 2919 Et
3477 2864 3565 2919 ille
3597 2866 3818 2935 quidem
3846 2877 3927 2923 est

2362 2962 2633 3007 mortuus.
2683 2953 2777 3008 Dei
2818 2964 2998 3009 autem
3030 2970 3099 3011 ex
3133 2957 3538 3026 comparatione
3584 2961 3925 3013 tenebrarum

2363 3044 2659 3113 apparebat
2691 3045 3055 3102 clarissimum
3085 3046 3291 3103 lumen.
3322 3048 3379 3103 Si
3408 3050 3531 3118 quis
3559 3056 3741 3104 autem
3774 3049 3926 3105 infir-

705 3134 972 3190 ﬂammam
1024 3136 1174 3203 ﬁeri;
1247 3150 1369 3206 post
1426 3139 1741 3193 incisionem
1803 3141 2016 3211 lingua,
2078 3145 2261 3209 vim“,
2290 3179 2332 3237 ο
2366 3148 2485 3191 mus
2523 3145 2579 3193 et
2600 3138 2907 3193 incredulus
2943 3148 3048 3205 est,
3098 3140 3250 3211 signa
3282 3150 3460 3195 autem
3507 3142 3836 3207 inlidelibns,
3868 3152 3927 3196 ut

706 3241 866 3295 quam
915 3237 1103 3288 natura
1141 3228 1353 3295 quidem
1401 3243 1506 3282 non
1536 3228 1842 3295 confitetur,
1887 3235 2058 3301 gratia
2085 3245 2262 3289 autem
2296 3227 2332 3237 ’”
2365 3227 2498 3282 diei!
2539 3228 2817 3297 Scriptura
2841 3229 2906 3291 ".
2942 3230 3204 3287 habemus
3236 3230 3349 3287 hac
3392 3231 3636 3301 proferre
3663 3248 3784 3304 quae
3825 3249 3924 3287 In-

706 3316 928 3369 addi'dit.
959 3316 1058 3371 Ubi
1078 3332 1205 3387 ergo
1226 3316 1380 3372 tertia
1408 3317 1692 3373 admiratio
1709 3332 1804 3374 -est
1830 3320 1895 3375 de
1915 3324 2099 3377 eodem
2124 3339 2266 3378 mar-

708 3421 825 3481 tyre
863 3408 1100 3464 Christi?
1133 3410 1509 3464 Adducebatur
1538 3410 1811 3468 Romanus
1849 3414 1914 3467 ad
1940 3429 2214 3471 carcerem
2245 3436 2260 3473 :

702 3499 938 3556 addebat
998 3510 1177 3555 autem
1227 3511 1279 3556 et
1321 3502 1423 3555 hoc
1461 3501 1689 3558 blandus
1741 3506 2130 3571 ad'tyrannutn
2170 3507 2261 3577 ju—

702 3591 827 3655 dex,
872 3592 963 3661 qui
1014 3592 1171 3645 istam
1218 3590 1550 3661 corporalem
1584 3592 1817 3663 linguam
1858 3612 1963 3651 non
2010 3598 2258 3653 habebat.

700 3679 922 3737 Lectum
950 3689 1032 3736 est
1056 3694 1235 3739 autem
1275 3682 1453 3747 nobis,
1490 3684 1614 3752 quia
1648 3686 1701 3739 in
1732 3687 2003 3756 apostolos
2030 3688 2261 3759 Spiritus

701 3773 913 3844 linguas
946 3782 1005 3827 ut
1039 3774 1214 3841 ignem
1249 3773 1434 3829 divisit
1465 3782 1519 3829 et
1551 3775 1790 3833 donavit.
1826 3775 1932 3833 Sed
1964 3779 2110 3833 illum
2151 3796 2256 3835 non

699 3865 954 3925 vidimus.
1000 3864 1091 3917 sed
1131 3864 1429 3917 audivimus
1459 3874 1512 3917 et
1545 3865 1831 3921 credimus.
1882 3867 2032 3934 Quod
2078 3878 2256 3923 autem

703 3957 943 4009 dicturus
965 3969 1107 4016 sum,
1136 3954 1285 4008 multi
1318 3955 1493 4010 vultus
1527 3954 1639 4027 (62)
1679 3968 1805 4011 sunt
1836 3967 2019 4014 testes.
2052 3960 2256 4016 Dicitur

700 4044 825 4112 quia
871 4043 1061 4097 beatus
1108 4044 1211 4096 iste
1246 4045 1543 4112 ltomanns,
1597 4046 1722 4098 dum
1780 4046 1956 4103 adhuc
2004 4064 2255 4105 carneam

701 4133 930 4188 habebat
966 4132 1223 4201 linguam,
1252 4134 1449 4190 similia
1479 4136 1647 4207 Moysi
1678 4137 2012 4206 loquebatur,
2045 4140 2145 4196 hoc
2175 4151 2260 4198 est

698 4221 1018 4286 balbutiens,
1065 4230 1119 4275 et
1147 4237 1251 4275 non
1289 4225 1582 4291 composite
1619 4224 1866 4293 loquens.
1902 4226 2037 4280 Dum
2076 4226 2254 4283 adhuc

703 4313 926 4366 haberet
965 4321 1130 4366 totam
1179 4311 1432 4381 linguam,
1478 4322 1531 4369 et
1576 4329 1680 4368 non
1731 4325 1914 4383 posset
1960 4319 2257 4386 composite

701 4400 867 4470 loqui,
897 4411 1013 4455 erat
1034 4402 1243 4457 balbus.
1277 4402 1377 4467 Qui
1407 4410 1584 4457 autem
1614 4417 1888 4459 carcerem
1906 4406 2251 4474 1ingredieba-

2365 3315 2615 3371 dlvimus.
2647 3315 2714 3371 Et
2743 3326 2891 3373 certe
2933 3332 3041 3373 non
3072 3327 3274 3373 tantum
3312 3334 3480 3390 egena
3526 3331 3613 3375 est
3646 3320 3921 3385 Ecdesia;

2362 3406 2456 3461 sed
2498 3416 2555 3462 et
2584 3406 2650 3463 de
2677 3407 2783 3467 alio
2818 3408 2997 3464 audivi
3023 3424 3156 3481 ego,
3183 3410 3311 3480 quia
3350 3412 3430 3465 vir
3462 3412 3687 3480 quidam
3722 3414 3792 3467 ad
3830 3413 3926 3468 be-

2362 3496 2495 3550 stias
2528 3497 2725 3553 missus
2761 3506 2878 3562 est,
2903 3514 2935 3553 a
2970 3494 3159 3556 bestiis
3198 3512 3376 3558 autem
3406 3516 3512 3555 non
3543 3513 3922 3575 consumptus,

2362 3597 2423 3643 ut
2470 3588 2675 3652 Daniel,
2720 3587 2978 3646 Ecclesia
3026 3591 3296 3647 referebat
3339 3592 3602 3648 mirabilia
3655 3593 3774 3650 Dei.
3817 3595 3922 3651 Sed

2362 3695 2468 3735 non
2496 3682 2567 3735 sit
2597 3680 2729 3735 mihi
2752 3682 3006 3753 colligere
3032 3684 3180 3738 talia.
3214 3684 3317 3740 Ista
3344 3686 3486 3739 enim
3519 3689 3923 3756 supportatoria

2362 3771 2747 3827 infirmantium
2782 3774 3064 3842 habentur,
3089 3776 3208 3831 ista:
3232 3776 3632 3833 satisfactiones
3662 3788 3793 3834 sunt
3821 3796 3923 3835 non

2360 3862 2716 3918 credentium.
2769 3864 2876 3919 Sed
2926 3880 3099 3935 neque
3152 3868 3256 3923 ista
3306 3884 3520 3937 sperno,
3572 3884 3677 3925 nec
3723 3872 3921 3927 abnno.

2358 3952 2700 4008 Gloriﬁcetur
2765 3965 2943 4011 autem
3002 3968 3056 4012 et
3101 3958 3155 4012 in
3218 3960 3333 4014 istis
3394 3959 3718 4015 miriﬁcator
3764 3962 3923 4019 Deus.

2360 4045 2532 4114 Diligo
2565 4055 2745 4100 autem
2772 4062 2894 4102 cum
2928 4048 3087 4104 video
3113 4048 3276 4103 incidi
3309 4050 3484 4119 capita
3517 4062 3845 4123 martyrum,
3869 4063 3923 4107 ct

2360 4146 2528 4190 totum
2571 4152 2766 4206 corpus
2796 4137 3009 4200 ardere.
3048 4149 3105 4194 et
3139 4140 3377 4209 virgines
3403 4140 3575 4197 nudas
3604 4158 3715 4197 non
3748 4144 3923 4199 irreli-

2356 4228 2523 4299 giosis
2550 4230 2742 4295 oculis,
2776 4231 2964 4287 amicis
2985 4240 3161 4286 autem
3193 4243 3248 4287 et
3280 4233 3558 4289 fraternis.
3592 4234 3737 4291 Nihil
3781 4240 3923 4292 enim

2358 4321 2551 4374 horum
2584 4322 2828 4377 terribile
2852 4322 3037 4377 vident
3064 4322 3283 4387 fratres,
3318 4326 3442 4393 quia
3476 4340 3575 4380 nec
3613 4328 3919 4396 patiuntur.

2358 4410 2477 4466 Istae
2516 4420 2641 4465 sunt
2672 4412 2876 4479 glorim,
2911 4412 3027 4467 ista:
3060 4424 3257 4468 nostra:
3294 4413 3632 4471 dilectiones.
3682 4418 3751 4471 Et
3800 4420 3922 4488 qui-

699 4500 786 4545 tur
820 4500 999 4545 custos
1026 4493 1262 4546 carceris
1298 4494 1651 4564 interrogavit
1676 4508 1822 4559 eum,
1854 4496 1998 4565 quod
2024 4496 2071 4551 ei
2103 4506 2252 4553 esset
2287 4529 2331 4584 υ
2357 4504 2474 4556 dem
2503 4503 2593 4570 qui
2628 4503 2877 4557 inciditur
2915 4505 3112 4574 capite,
3150 4504 3369 4558 habebit
3397 4515 3559 4573 caput
3594 4506 3647 4560 in
3674 4507 3917 4577 judicio;

694 4596 888 4637 nomen
909 4593 989 4636 :et
1020 4594 1165 4637 certe
1194 4583 1386 4639 littera:
1407 4584 1518 4654 (63)
1540 4585 1651 4654 jam
1688 4585 1773 4640 his
1801 4586 1893 4653 qui
1924 4586 2080 4642 valde
2108 4603 2255 4643 com-

690 4672 853 4742 positi
881 4682 1028 4728 recte
1055 4673 1365 4743 loquuntur,
1392 4675 1613 4743 impedit
1634 4678 1697 4728 ad
1722 4676 2069 4744 loquendum.
2102 4678 2253 4733 Nunc

693 4770 870 4815 autem
901 4759 1173 4817 Romanus
1200 4773 1254 4818 et
1280 4764 1449 4819 incisa
1496 4764 1704 4835 lingua;
1741 4781 1901 4837 quam
1934 4782 2056 4822 cum
2094 4769 2254 4823 habe-

696 4861 778 4905 ret
804 4852 936 4924 (64),
967 4865 1020 4906 et
1045 4864 1189 4908 recte
1217 4853 1360 4925 loqui
1390 4870 1494 4909 non
1522 4867 1767 4923 poterat;
1799 4857 2034 4926 Spiritus
2058 4857 2251 4928 linguae

692 4939 947 5009 loquitur,
999 4952 1053 4997 et
1095 4942 1249 4997 valde
1291 4945 1611 5011 rectissime,
1663 4955 1717 5002 et
1762 4947 1914 5011 dicit,
1968 4947 2245 5003 Romanus

692 5032 861 5087 dicor.
890 5032 1084 5088 lterum
1116 5034 1391 5089 nuntiatur
1425 5036 1526 5090 hoc
1553 5036 1718 5104 judici
1751 5046 1803 5091 et
1834 5046 2064 5107 tyranno
2097 5054 2239 5109 prte-

779 5126 823 5157 "
851 5126 871 5181 l
902 5126 1026 5181 Cor.
1061 5142 1172 5191 xiv,
1198 5128 1287 5181 22.
1360 5128 1404 5160 ⁸⁸
1423 5128 1588 5184 hiare.
1618 5145 1733 5199 vnt,
1765 5132 1854 5187 33.

760 5218 873 5290 (61)
918 5217 981 5271 Ut
1008 5235 1337 5291 consuerunt.
1372 5220 1442 5275 Ut
1470 5224 1635 5276 solent
1673 5224 1989 5291 inﬁrmiores
2023 5225 2161 5280 clam
2196 5236 2249 5283 et

692 5286 833 5367 domi
855 5286 1486 5367 'reconditasiuartyruin
1516 5286 1770 5367 reijquias
1795 5295 2096 5367 honorare;
2126 5313 2245 5352 cum

692 5356 945 5412 fortiores
974 5357 1144 5425 palam
1182 5358 1232 5410 id
1260 5356 1496 5417 facerent
1523 5379 1536 5415 :
1586 5356 1705 5416 erat
1733 5374 1915 5419 autem
1956 5366 2046 5419 ille
2077 5356 2246 5419 rnedi-

690 5442 780 5504 cus
828 5428 1001 5482 carnis
1070 5426 1371 5495 inﬁrmitate
1435 5431 1633 5500 lapsus,
1694 5433 1834 5488 sicut
1906 5437 2061 5504 paulo
2124 5447 2249 5493 ante

691 5497 910 5549 dictum.

761 5565 871 5704 ἒῡὲ)
920 5564 1123 5621 Vultus.
1150 5571 1466 5640 Πρόσωπα,
1500 5582 1758 5640 aspectus.

786 5636 873 5704 65)
914 5635 1322 5693 Litterw.h'orte
1353 5644 1549 5704 littera,
1592 5654 1648 5696 ut
1690 5657 1758 5696 sel

2355 4593 2481 4660 quia
2511 4592 2602 4668 qui
2646 4594 2798 4648 ardet
2838 4602 3001 4657 tatus,
3036 4593 3403 4649 holocaustum
3451 4595 3562 4650 Deo
3592 4599 3799 4654 viventi
3831 4599 3917 4653 of-

2354 4680 2545 4737 fertur.
2574 4683 2641 4739 Et
2679 4686 2827 4755 virgo
2862 4685 3076 4749 nudata,
3110 4700 3214 4738 non
3247 4687 3422 4750 nuda;
3462 4688 3625 4743 habet
3649 4692 3797 4744 enim
3836 4693 3915 4744 in-

2353 4774 2662 4830 dumentum
2694 4774 3075 4845 incorruptelae
3106 4791 3235 4830 sua.
3279 4776 3450 4832 Nemo
3491 4779 3636 4834 dicat
3664 4782 3920 4852 martyri-

2355 4862 2493 4919 bus:
2526 4864 2890 4923 Misericordia
2930 4883 2960 4921 a
3000 4867 3151 4922 vobis
3177 4867 3289 4938 (65)
3322 4871 3390 4923 ab
3437 4869 3539 4934 his,
3583 4871 3814 4940 fratres;
3853 4889 3919 4929 ne

2352 4954 2491 5012 forte
2520 4960 2815 5014 imitatores
2841 4959 3042 5014 Christi
3081 4974 3265 5015 vocem
3292 4963 3458 5016 etiam
3486 4964 3606 5033 ejus
3639 4967 3918 5021 mittentes

2348 5048 2707 5117 respondeant
2731 5048 3070 5105 dicentibus:
3120 5048 3258 5104 Vade
3294 5064 3429 5106 retro
3483 5070 3585 5117 me.
3620 5054 3826 5112 Salano
3851 5059 3913 5112 ⁸³.

2424 5229 2537 5301 (δι)
2596 5228 2767 5294 Quam
2814 5245 2931 5283 cum
2976 5229 3205 5285 haberet.
3255 5230 3427 5298 Quam
3477 5232 3717 5289 litteram
3765 5235 3915 5291 facile

2351 5300 2699 5370 prOnuntiare
2742 5313 2851 5353 non
2890 5308 3121 5369 poterat.
3156 5300 3318 5355 etiam
3360 5316 3485 5356 cum
3529 5304 3771 5374 linguam
3818 5308 3912 5360 ha-

2350 5374 2534 5510 ι,ἓξὲξ
2578 5438 2942 5510 Misericordia
2960 5455 2991 5492 ο
3013 5438 3171 5510 vobis.
3195 5438 3358 5495 Forte
3381 5440 3757 5497 Miserirordia
3780 5445 3912 5498 uobis

2350 5512 2413 5563 ab
2434 5507 2550 5573 his,
2580 5519 2639 5562 ut
2666 5523 2859 5579 sensus
2892 5509 2960 5563 sit
2992 5526 3007 5562 :
3044 5507 3213 5563 Nemo
3240 5512 3573 5579 martyribus
3603 5515 3784 5569 dicat:
3812 5518 3912 5568 ira-

2352 5590 2481 5646 tres,
2514 5578 2678 5633 vestri
2719 5580 3075 5633 misereantur
3106 5580 3158 5632 hi
3197 5578 3433 5649 tyranni.
3475 5597 3710 5648 parcant
3745 5587 3795 5638 in
3829 5599 3912 5638 vos

786 5636 873 5704 63)
904 5635 1144 5724 έιίιιετω.
1166 5635 1322 5724 Forte
1353 5635 1570 5724 linem,
1592 5654 1648 5696 ut
1690 5657 1878 5724 sensus
1917 5645 1987 5724 sit
2015 5663 2028 5698 :
2062 5644 2239 5699 littera
2345 5635 2576 5724 saevire;
2613 5663 2677 5703 ne
2708 5660 2969 5720 martyres
3005 5635 3249 5719 exemplo
3275 5635 3491 5707 Christi
3512 5635 3908 5724 respondeanti

695 5700 737 5753 ll
762 5700 880 5772 qua:
902 5719 1039 5784 aegre
1067 5712 1437 5786 pronuntiatur
1469 5700 1635 5786 etiam
1662 5712 1729 5766 ab
1768 5713 1832 5767 iis
1874 5716 1966 5781 qui
1998 5730 2062 5768 os
2094 5728 2239 5773 recte
2340 5700 2673 5786 ualde—relro,‘
2700 5700 2806 5776 etc.

693 5775 1045 5831 cumoositum
1075 5775 1282 5834 habent
1310 5781 1377 5837 ad
1409 5781 1752 5842 loquendum.
1784 5775 1945 5843 nunc.
1980 5797 2085 5841 etc.
