4072 6452
1200 446 1291 504 ΒΕ
1330 435 1942 501 ιιεδυιιιιιιιτιοιιε.
1975 461 2054 482 ε·-
2094 430 2226 494 LIB.
2269 428 2337 491 II.

3301 421 3448 482 II”

155 583 486 641 lncedantur
525 588 578 637 et
615 576 843 634 ardeant
879 581 936 629 ut
964 569 1241 628 nudentur
1277 565 1389 638 (66)
1416 565 1655 634 virgines
1690 563 1744 618 in
1777 566 1824 624 Α
1853 559 2058 632 plagas,
2103 571 2200 631 per
2245 567 2469 621 terram,
2517 561 2618 626 per
2667 551 2872 626 ignem,
2919 563 3019 624 per
3055 547 3317 621 gladium,
3347 562 3448 620 per

151 674 427 748 passione,
461 679 517 728 et
547 656 726 725 vincat
759 680 859 738 per
889 663 1072 719 omnia
1103 658 1376 717 Christus.
1396 656 1552 748 Quid
1593 654 1740 748 enim

152 744 208 823 et
251 751 517 837 promunt
555 759 725 818 Judai
773 767 831 814 ut
873 755 1102 829 gloriam
1153 761 1247 807 aut
1288 744 1742 805 accusationem?

155 857 212 915 Si
241 857 387 914 enim
421 869 521 911 nos
549 851 779 908 fratrum
809 857 1117 904 nostrorum
1159 840 1601 898 interlicientium
1627 838 1741 908 (67)

155 952 235 1008 usi
264 965 451 1008 sumus
479 945 740 1020 praedicta
766 942 961 1016 gloria,
991 937 1294 995 interfectis
1319 934 1595 1006 prioribus
1638 948 1743 987 non
1769 977 1773 980 ,

154 1057 431 1100 cessamus
455 1038 688 1095 interﬁci
722 1060 734 1093 :
767 1049 914 1092 nunc
937 1032 1228 1087 adoremus
1255 1026 1395 1082 idola
1424 1039 1547 1096 qua
1576 1038 1746 1078 excu-

153 1152 334 1194 sanius
359 1134 496 1208 (68).
531 1132 699 1189 Israel
723 1139 904 1186 autem
948 1137 1004 1182 et
1048 1125 1174 1180 dum
1230 1119 1634 1177 interficeretur
1679 1132 1747 1172 ne

153 1231 425 1294 adoraret,
461 1243 568 1282 non
602 1225 841 1281 cessavit
869 1219 1172 1276 adorando.
1204 1216 1273 1272 Et
1298 1214 1416 1269 ausi
1443 1222 1571 1270 sunt
1598 1210 1742 1282 loqui

155 1323 222 1379 ad
246 1337 488 1378 crucem.
515 1320 648 1376 Cum
675 1318 821 1374 enim
846 1312 1001 1370 vituli
1029 1318 1203 1381 caput
1227 1308 1332 1366 sibi
1361 1315 1421 1362 ut
1448 1307 1745 1362 adorarent

154 1411 428 1479 fecerunt,
459 1410 670 1483 Moyses
695 1397 982 1464 interfecit
1011 1405 1296 1475 plurimos,
1337 1414 1406 1455 ne
1442 1398 1625 1454 ceteri
1659 1396 1744 1450 fa-

153 1517 339 1564 cerent
383 1505 532 1570 talia,
565 1512 619 1557 et
652 1493 745 1572 qui
776 1499 1020 1555 derelicti
1064 1505 1190 1553 sunt
1234 1496 1550 1549 adorarent.
1589 1487 1746 1546 Unde

152 1615 281 1673 ergo
321 1598 502 1655 simile
541 1597 647 1654 erit
681 1595 885 1652 ludatis
929 1603 989 1647 ut
1029 1599 1085 1646 et
1133 1591 1261 1645 dum
1319 1584 1744 1648 interficiuntur,

152 1693 241 1749 alii
272 1693 507 1748 adorent
539 1687 867 1753 simulacra;
902 1695 959 1740 et
999 1680 1242 1739 Ecclesla
1267 1677 1382 1752 (69)
1423 1693 1545 1749 qnte
1574 1677 1744 1732 inter-

151 1786 330 1842 licitur
353 1794 414 1838 ut
439 1783 649 1849 adoret,
677 1790 730 1835 et
760 1795 866 1834 non
895 1777 1122 1832 adorat?
1145 1774 1254 1831 Sed
1285 1788 1406 1844 quae
1431 1769 1749 1828 communio

149 1886 236 1936 est
265 1875 456 1931 lumini
489 1876 556 1929 ad
587 1870 886 1928 tenebras?
922 1869 1056 1935 Quar
1097 1869 1238 1924 enim
1277 1865 1431 1921 debui
1461 1863 1636 1934 facere
1670 1861 1747 1915 vi-

1853 661 2170 723 serpentes,
2198 664 2296 721 per
2319 649 2484 714 feras,
2511 662 2612 720 per
2634 647 2907 712 inimicos,
2932 661 3028 716 per
3048 643 3222 720 legem
3248 643 3447 715 puniti,

1853 745 2153 809 interfecti,
2183 744 2412 811 concisi,
2439 741 2749 812 consumpti
2779 749 2929 806 sunt,
2961 748 3014 794 et
3045 752 3213 794 manu
3254 747 3448 793 sacer-

1849 839 2036 896 dotum
2067 839 2237 895 occisi
2264 855 2278 893 :
2320 847 2375 892 et
2411 852 2516 893 non
2543 844 2894 891 recesserunt
2924 833 2994 890 ab
3014 831 3216 889 ,ldolis.
3257 829 3328 888 Et
3361 840 3448 887 ta-

1851 948 1976 1002 men
2029 935 2146 989 haec
2191 931 2375 988 omnia
2424 930 2627 986 flebant
2675 939 2821 994 tunc,
2863 935 2920 983 ct
2955 926 3186 997 spiritus
3231 930 3355 981 erat
3387 922 3442 978 in

1851 1011 2004 1098 ipsis,
2053 1036 2107 1082 et
2149 1025 2363 1098 Moyses
2408 1023 2694 1095 propheta,
2733 1031 2788 1078 et
2833 1021 3016 1076 Aaron
3064 1017 3344 1085 sacerdos,
3390 1029 3449 1076 et

1850 1119 2010 1176 Jesus
2038 1117 2184 1173 Nave
2213 1115 2515 1172 exercitum
2548 1115 2770 1180 ducens,
2804 1121 2859 1169 et
2891 1125 3211 1183 expugnans
3256 1110 3444 1168 inimi-

1851 1228 1967 1279 cos,
1998 1223 2056 1269 et
2081 1214 2304 1285 Moyses
2333 1210 2682 1267 orationibus
2715 1209 2962 1272 vincens.
3009 1217 3065 1263 et
3106 1221 3309 1262 manna
3357 1206 3455 1263 de-

1852 1320 2093 1370 sursum,
2151 1315 2206 1360 et
2253 1315 2408 1376 petra
2460 1303 2627 1358 dabat
2669 1317 2892 1373 aquam,
2935 1311 2991 1356 et
3035 1299 3451 1356 tabernaculum

1853 1399 2061 1464 aderat,
2110 1406 2167 1453 et
2195 1395 2346 1468 virga
2382 1395 2635 1463 florebat,
2682 1404 2738 1451 et
2782 1395 3056 1449 mirabilia
3107 1393 3327 1450 flebant.
3385 1388 3452 1451 Et

1863 1492 2107 1549 colentes
2146 1491 2292 1547 idola
2332 1506 2439 1545 non
2491 1490 2792 1559 abegerunt
2837 1488 3031 1554 Deum,
3069 1498 3128 1544 ut
3164 1487 3453 1545 recederet

1855 1598 1885 1636 a
1941 1582 2396 1654 promissionihus
2444 1581 2557 1636 suis
2604 1595 2742 1651 quas
2777 1579 2983 1635 fecerat
3027 1579 3096 1634 ad
3148 1578 3450 1636 Abraham.

1854 1673 1966 1731 Cur
2002 1690 2154 1747 ergo,
2187 1689 2283 1730 vos
2313 1673 2688 1743 interrogabo,
2738 1687 2837 1727 cur
2866 1686 2989 1727 cum
3017 1681 3074 1728 et
3103 1671 3244 1741 apud
3275 1666 3454 1745 Egy-

1854 1782 2006 1841 ptum
2053 1769 2196 1825 idola
2251 1768 2540 1829 colebatis.
2581 1783 2705 1824 cum
2736 1776 2804 1822 et
2850 1767 2902 1821 in
2946 1767 3066 1836 ipso
3110 1765 3250 1822 mari
3290 1767 3452 1837 positi

1859 1877 1966 1918 non
1992 1862 2324 1928 credebatis,
2356 1877 2480 1917 cum
2510 1869 2567 1917 et
2606 1876 2807 1916 manna
2835 1861 3175 1931 accipientes
3203 1875 3452 1918 murmu-

149 1984 264 2025 nete
296 1981 450 2030 mea,
482 1977 532 2020 et
557 1981 659 2019 non
693 1963 796 2032 feci
825 1959 907 2016 “3
936 1959 1066 2015 dicit
1099 1957 1264 2013 Deus.
1296 1953 1508 2010 Donare
1535 1950 1742 2012 demit.
1781 1927 1823 1985 Β
1855 1956 2082 2019 rabatis,
2109 1969 2235 2009 cum
2286 1963 2339 2008 et
2377 1963 2507 2010 ante
2549 1953 2725 2021 legem
2767 1962 2823 2008 et
2863 1927 3058 2009 contra
3089 1952 3265 2026 legem
3296 1953 3451 2010 vituli

147 2073 201 2117 et
233 2061 506 2125 blandire,
541 2069 596 2113 et
630 2054 894 2112 beneficia
927 2053 1170 2108 tribuere
1197 2069 1211 2106 :
1243 2046 1372 2103 fecit
1403 2046 1608 2103 omnia.
1639 2044 1746 2099 Do-

146 2152 298 2209 navit
323 2149 470 2206 enim
504 2161 700 2202 manna
733 2163 748 2201 :
779 2144 945 2202 lsrael
974 2154 1157 2198 autem
1194 2140 1357 2196 modo
1386 2137 1742 2202 manducans,

145 2243 379 2300 vitulum
427 2240 520 2313 qui
569 2254 670 2295 nec
722 2239 949 2296 herbam
1005 2232 1379 2298 manducabat
1427 2245 1528 2287 nec
1576 2230 1744 2285 vitam

148 2336 407 2399 habebat,
443 2333 763 2388 adorabant.
795 2330 836 2387 E
865 2343 1020 2400 petra
1053 2328 1318 2386 bibebant
1347 2339 1562 2396 aquam,
1595 2333 1651 2379 et
1678 2340 1747 2379 ex

145 2439 300 2500 retra
327 2426 604 2483 faciebant
627 2423 768 2480 idola
793 2422 917 2480 sibi.
945 2422 1048 2477 Per
1074 2419 1281 2490 lignum
1310 2415 1529 2488 figurati
1562 2431 1748 2471 amara

149 2536 290 2592 aqua
323 2523 588 2575 translata
614 2517 680 2571 ad
709 2515 1046 2572 dulcedinem
1075 2525 1160 2570 est
1186 2532 1199 2568 :
1228 2512 1309 2568 illi
1344 2520 1525 2566 autem
1552 2525 1582 2564 e
1607 2509 1750 2579 ligno

148 2613 533 2682 exsculpentes
582 2610 684 2664 sibi
735 2607 1059 2673 simulacra,
1121 2607 1425 2661 adversum
1479 2618 1602 2658 eum
1657 2603 1747 2674 qui

149 2698 363 2760 fe'cerat
403 2701 560 2758 dulce
589 2700 908 2756 adorabant.
939 2698 1375 2754 Veterascentes
1404 2706 1586 2752 autem
1622 2711 1752 2752 con-

152 2796 480 2853 crescebant
525 2794 606 2848 eis
636 2791 834 2847 tunirz
869 2810 884 2846 :
917 2790 996 2845 illi
1034 2800 1220 2845 autem
1261 2788 1600 2860 accipientes
1632 2803 1754 2858 qua

151 2885 402 2955 donabat
440 2884 604 2948 Deus,
641 2882 1042 2940 consecrabant
1091 2879 1268 2936 idolis.
1321 2880 1556 2935 Tantum
1606 2879 1751 2934 enim

152 2988 318 3037 erant
362 2979 430 3033 ad
471 2975 732 3033 beneficia
778 2985 1133 3032 contumaces
1185 2989 1200 3026 :
1249 2972 1486 3043 ideoque
1531 2971 1756 3027 adduxit

153 3071 448 3127 adversum
481 3084 576 3125 eos
603 3067 789 3140 plagas
807 3107 825 3133 ,
854 3066 982 3135 quia
1007 3065 1137 3120 dum
1164 3064 1322 3121 daret
1347 3064 1632 3129 beneficia,
1658 3079 1754 3120 eos

154 3164 395 3219 suadere
443 3175 550 3216 non
589 3161 765 3230 potuit
803 3177 818 3215 :
854 3156 1032 3215 voluit
1069 3170 1201 3228 ergo
1240 3171 1336 3212 eos
1363 3157 1596 3229 puniens
1633 3171 1758 3228 per.

151 3268 381 3326 urgere.
428 3251 604 3320 Quam
648 3251 794 3307 enim
837 3250 1052 3320 plagam
1087 3250 1169 3304 eis
1216 3262 1326 3303 non
1377 3248 1572 3303 misit?
1615 3247 1753 3316 Quid

155 3349 308 3404 enim
337 3345 419 3400 ait
449 3345 564 3415 ipse
615 3345 682 3399 ad
721 3341 857 3399 eos?
889 3342 1019 3398 Sine
1043 3357 1208 3397 causa
1241 3341 1478 3411 percussi
1499 3341 1643 3412 ﬁlios
1674 3357 1758 3395 ve-

151 3448 301 3498 stros
345 3451 367 3492 :
448 3436 790 3507 disciplinam
835 3453 939 3491 non
993 3435 1270 3506 accepistis
1301 3435 1371 3492 ".
1423 3433 1560 3491 Cum
1613 3433 1757 3490 enim

155 3531 426 3609 beneﬁcia
460 3545 558 3584 sua
593 3516 674 3584 eis
719 3530 1069 3600 exproharet,
1107 3529 1360 3584 dicebat:
1401 3528 1546 3595 Quid
1585 3527 1760 3582 adhuc

154 3624 318 3680 debui
342 3622 520 3693 facere
543 3623 705 3677 uineta
723 3637 872 3685 meae,
895 3631 946 3675 et
969 3637 1072 3676 non
1097 3620 1259 3691 feci"
1277 3620 1302 3676 3
1321 3620 1457 3677 Cum
1480 3631 1661 3676 autem
1685 3622 1764 3676 in-

155 3715 542 3772 credulitatem
566 3714 634 3769 ad
661 3713 847 3785 plagas
878 3713 1153 3769 addebat:
1182 3713 1313 3770 Sine
1335 3729 1498 3769 causa
1525 3713 1762 3785 percussi

155 3810 306 3880 ﬁlios
340 3817 582 3864 vestros:
610 3806 949 3872 disciplinam
976 3822 1080 3860 non
1108 3806 1406 3876 accepistis.
1426 3806 1494 3861 Et
1519 3806 1713 3860 iterum
1742 3825 1754 3860 :

159 3899 312 3966 Quid
348 3897 524 3952 adhuc
564 3895 937 3967 percutiamini
975 3895 1226 3950 addentes
1271 3904 1489 3964 peccata
1517 3893 1605 3948 7’?
1646 3892 1764 3950 Hoc

158 4001 271 4056 est,
317 4004 420 4061 ego
463 3987 726 4044 evacuavi
771 3985 958 4057 plagas
989 4004 1004 4041 :
1035 4001 1131 4041 vos
1168 3997 1350 4040 autem
1393 4000 1500 4040 non
1534 3985 1763 4041 cessatis

161 4091 486 4154 peccantes.
536 4079 645 4136 Sed
689 4078 829 4134 forte
877 4078 1156 4148 simplices
1193 4076 1380 4148 plagas
1417 4077 1623 4148 putatis
1666 4086 1768 4132 :et

161 4175 348 4248 gladio
376 4170 651 4228 interfecti
677 4181 827 4236 sunt,
857 4171 948 4242 qui
980 4181 1145 4240 caput
1174 4173 1278 4227 sibi
1308 4169 1465 4226 vituli
1496 4169 1765 4236 fecerunt,

160 4279 226 4324 ut
249 4268 546 4322 adorarent
572 4283 586 4320 :
617 4274 674 4320 et
699 4264 1056 4321 nihilominus
1087 4264 1532 4333 indisciplinatus
1564 4263 1768 4318 mansit

163 4359 338 4418 Israel
367 4376 381 4413 :
407 4367 463 4413 et
488 4369 632 4413 terra
663 4356 893 4412 miriﬁce
911 4358 1166 4412 ostendat
1191 4357 1446 4427 aperiens
1470 4371 1534 4410 os
1560 4370 1718 4410 suum
1746 4367 1763 4407 :

164 4454 325 4510 vivos
354 4451 623 4522 quosdam
659 4447 943 4504 absorbuit
970 4463 986 4502 :
1026 4458 1083 4503 et
1112 4448 1207 4518 qui
1238 4446 1414 4503 relicti
1445 4455 1597 4513 sunt,
1632 4446 1767 4500 ade-

164 4567 370 4624 tabant
415 4578 524 4618 non
572 4562 838 4618 viventes.
887 4560 1130 4618 Flamma
1171 4576 1267 4618 eos
1310 4561 1654 4633 consumpsit
1697 4574 1766 4615 ne

1851 2058 2013 2118 caput
2054 2047 2209 2103 vobis
2257 2046 2487 2112 fecistis,
2536 2061 2659 2102 cum
2709 2045 3051 2117 Beelphegor
3087 2047 3453 2120 vosmetipsos

1849 2140 2235 2208 consecrastis,
2265 2155 2387 2195 cum
2412 2139 2686 2194 ﬂammam
2710 2139 2851 2208 ignis
2873 2139 3303 2208 contempsistis,
3325 2155 3451 2196 cum

1850 2234 2199 2304 serpentibus
2233 2231 2734 2297 interﬁciebamini,
2770 2249 2875 2288 non
2920 2232 3054 2289 estis
3087 2234 3234 2289 suasi
3264 2251 3278 2288 :
3325 2249 3452 2292 cum

1853 2335 1996 2382 terra
2045 2325 2442 2382 admirabiliter
2466 2340 2528 2380 os
2563 2339 2721 2380 suum
2765 2324 3014 2395 aperiens
3047 2323 3333 2380 absorbuit
3355 2341 3452 2382 vos

1852 2421 2118 2488 viventes,
2156 2433 2330 2491 neque
2374 2435 2473 2476 vos
2502 2421 2858 2476 cessastis‘ab
2885 2419 3066 2486 idolis,
3096 2437 3272 2493 neque
3305 2421 3448 2479 Deus

1855 2514 2107 2580 recessit,
2140 2523 2199 2569 ut
2257 2528 2365 2569 non
2400 2514 2554 2570 vobis
2602 2513 2808 2571 faceret
2859 2514 3042 2582 bene;
3087 2525 3142 2570 et
3173 2516 3453 2587 habebatis

1854 2607 2148 2677 prophetas
2186 2605 2491 2662 vobiscum.
2539 2605 2993 2677 Comparavimus
3034 2608 3202 2680 igitur
3231 2609 3322 2662 illa
3370 2609 3454 2664 Itis

1854 2715 1974 2769 quae
2006 2715 2114 2754 non
2147 2709 2276 2754 sunt
2303 2698 2446 2771 (7i),
2477 2708 2533 2756 ct
2581 2701 3039 2778 inlqrrogavimus
3071 2719 3165 2761 eos
3188 2721 3288 2761 cur
3328 2717 3455 2762 tunc

1855 2807 1977 2846 cum
2004 2800 2151 2846 tanta
2178 2791 2372 2850 flerent
2391 2807 2422 2848 a
2447 2793 2624 2859 vobis,
2647 2809 2839 2864 passus
2864 2794 2978 2866 (72)
3027 2807 3111 2854 est
3135 2799 3290 2854 vobis
3337 2798 3455 2870 (75)

1860 2883 2019 2950 Deus,
2038 2891 2093 2937 et
2113 2899 2256 2939 nunc
2271 2900 2393 2940 cum
2413 2883 2709 2940 Sabbatum
2725 2887 3014 2944 custoditis
3030 2897 3089 2945 ut
3104 2889 3457 2961 pollicemini,

1857 2985 1911 3030 et
1938 2976 2109 3048 legem
2141 2977 2342 3049 legitis,
2372 2989 2428 3035 et
2467 2979 2639 3037 libros
2682 2983 3095 3052 prophetarum,
3146 2999 3283 3056 quos
3315 3001 3454 3056 pne-

1858 3078 2044 3124 sentes
2097 3070 2319 3139 quidem
2374 3071 2755 3139 interfecistis,
2809 3073 2979 3130 libros
3025 3084 3209 3133 autem
3259 3092 3453 3133 eorum

1860 3160 2146 3229 purpureis
2179 3161 2362 3231 palliis
2408 3162 2735 3220 honoratis:
2772 3180 2893 3234 qua:
2927 3181 3093 3222 causa
3128 3178 3212 3224 est
3240 3177 3297 3224 ιιι
3331 3180 3458 3228 tunc

1861 3250 2078 3322 quidem
2113 3261 2262 3308 tanta
2295 3255 2452 3310 vobis
2489 3255 2817 3314 facientibus
2865 3259 3027 3327 mala,
3067 3270 3217 3317 tanta
3255 3262 3458 3320 flebant

1864 3343 1918 3396 in
1951 3343 2107 3398 vobis
2143 3343 2239 3400 Dei
2273 3344 2433 3410 bona,
2465 3354 2524 3400 et
2563 3347 2788 3417 spiritus
2811 3349 2969 3404 vobis
3001 3350 3218 3420 aderat,
3245 3363 3303 3408 et
3337 3368 3460 3424 pro-

1863 3434 2042 3502 phetae
2073 3434 2353 3491 vobiscum
2383 3437 2580 3492 erant?
2607 3437 2762 3503 Nunc
2795 3449 3001 3507 autem,
3031 3455 3156 3498 cum
3197 3453 3253 3498 et
3283 3442 3462 3512 legem

1863 3525 2066 3597 legitis,
2090 3536 2146 3582 et
2175 3527 2381 3594 dicitis,
2409 3538 2465 3585 et
2487 3532 2796 3598 custoditis,
2823 3543 2878 3590 et
2908 3534 3208 3603 feriamini,
3238 3547 3296 3593 et
3325 3539 3463 3596 Sab-

1862 3619 2050 3677 batum
2090 3622 2417 3690 observatis,
2453 3632 2509 3678 et
2564 3625 2632 3679 ab
2665 3625 2808 3682 escis
2839 3642 2936 3683 vos
2977 3629 3304 3698 abstinetis;
3345 3633 3464 3690 sine

1864 3733 2029 3774 causa
2055 3717 2342 3785 laboratis,
2374 3728 2430 3777 et
2455 3720 2712 3792 vigilatis,
2736 3738 2835 3792 per
2865 3733 3083 3781 noctem
3113 3727 3354 3798 psalmos
3381 3729 3464 3786 tli-

1865 3819 2073 3876 centes,
2101 3819 2154 3866 et
2185 3825 2281 3882 per
2297 3812 2550 3868 civitates
2569 3822 2626 3868 et
2651 3816 2906 3870 nationes
2928 3824 3234 3890 synagogas
3260 3822 3460 3876 consti.

1866 3904 2069 3969 tuistis.
2099 3913 2157 3961 et
2176 3920 2364 3961 arcam
2397 3915 2452 3963 et
2480 3908 2806 3965 candelabra
2833 3917 2888 3966 et
2919 3925 3164 3978 mensas,
3190 3925 3246 3969 et
3277 3917 3465 3971 omnia

1867 3994 2031 4050 vultis
2065 3993 2248 4051 facere
2276 4011 2424 4052 nunc
2446 3999 2622 4070 magis
2647 4014 2811 4070 quam
2849 4001 2902 4056 in
2930 4011 3073 4056 terra
3104 4005 3326 4060 vestra?
3354 4004 3463 4064 Cur

1869 4095 1996 4143 tunc
2024 4104 2148 4144 cum
2174 4099 2324 4145 tanta
2359 4091 2500 4145 mala
2529 4091 2812 4148 faciebatis
2838 4103 3021 4151 tantos
3042 4096 3327 4155 habebatis
3347 4115 3449 4172 pro

1869 4181 2082 4250 pltetas,
2111 4189 2170 4235 et
2198 4180 2418 4253 Moysen
2442 4197 2603 4253 quem
2625 4183 2878 4240 voluistis
2899 4184 3164 4256 lapidare.
3187 4199 3244 4244 et
3275 4190 3462 4247 Aaron

1869 4272 1957 4328 cui
1988 4273 2097 4328 vim
2130 4274 2416 4345 irrogastis
2437 4293 2453 4331 ι
2477 4291 2620 4332 nunc
2641 4287 2823 4332 autem
2844 4293 2969 4334 cum
3006 4279 3262 4338 videmini
3287 4294 3466 4339 custo-

1870 4364 1987 4418 dire
2016 4364 2209 4436 legem,
2232 4377 2287 4423 et
2303 4368 2483 4422 omnia
2512 4367 2693 4426 facere
2723 4380 2782 4426 ut
2804 4372 3124 4437 praedictum
3147 4384 3252 4441 est,
3283 4377 3465 4434 nullus

1872 4457 2150 4512 vobiscum
2174 4459 2441 4528 propheta
2460 4459 2586 4515 est?
2616 4459 2786 4517 Putas
2802 4462 2929 4532 quia
2954 4461 3212 4531 Romani,
3233 4468 3467 4537 compel-

1872 4546 2043 4602 limini
2074 4549 2222 4604 enim
2262 4551 2468 4616 dicere,
2512 4553 2640 4622 quia
2665 4555 2806 4609 citra
2843 4555 3180 4612 voluntatem
3235 4559 3328 4614 Dei
3375 4561 3468 4617 de-

166 4657 474 4713 adonrem
500 4654 663 4719 ίάοιδ,
698 4662 754 4709 ει
781 4653 1020 4709 comedit
1051 4651 1255 4708 multos
1296 4669 1311 4707 ε
1348 4661 1406 4708 οι
1447 4652 1542 4720 qui
1587 4650 1763 4706 relicti
1800 4664 1844 4719 ι)
1873 4655 2195 4699 struxerunt
2242 4655 2478 4700 vestram
2519 4646 2845 4702 civitatem?
2893 4648 3158 4719 Spiritum
3211 4663 3466 4708 sanctum

166 4758 322 4813 sunt,
351 4749 649 4803 adorarunt
675 4747 972 4801 simulacra
999 4744 1419 4800 damoniorum.
1452 4746 1518 4801 ιλ
1551 4743 1626 4799 illi
1654 4745 1770 4812 qui-

169 4844 299 4899 dem
336 4841 824 4906 consumebantur,
870 4850 930 4895 ut
976 4855 1082 4895 non
1132 4839 1442 4904 adorarent,
1478 4846 1534 4892 at
1568 4837 1772 4892 nihilo-

170 4935 360 4992 minus
398 4933 700 4987 adorabant
743 4932 878 5006 (70).
922 4931 1032 4988 Nos
1079 4941 1261 4987 autem
1297 4930 1677 4987 consumimur
1711 4937 1771 4983 ut

169 5021 491 5084 adoremus,
523 5029 579 5073 et
624 5035 730 5076 non
783 5022 1103 5078 adoramus.
1160 5018 1276 5074 Non
1331 5019 1535 5090 quippe
1583 5028 1770 5075 nostra

169 5113 406 5175 virtute,
436 5110 534 5165 sed
567 5112 747 5167 crucis
780 5111 1044 5182 potentia.
1081 5111 1381 5180 Serpentes
1417 5125 1511 5166 eos
1553 5111 1774 5165 morde-

171 5205 339 5270 bant,
371 5211 430 5259 et
457 5204 704 5259 immisso
739 5219 949 5259 veneno
991 5206 1338 5260 occidebant.
1369 5213 1425 5260 et
1457 5218 1555 5266 per
1583 5218 1774 5260 omnes

252 5343 302 5375 “
337 5341 443 5398 lsa.
473 5355 531 5406 v,
554 5339 610 5395 4.

254 5462 370 5533 (66)
407 5460 754 5516 Inceduntur.
780 5460 948 5516 Forte
975 5461 1286 5515 incidantur
1333 5461 1453 5526 (aut
1477 5462 1768 5516 incendan-

178 5545 293 5598 ων,
333 5545 381 5588 et
410 5536 651 5596 ardeant,
681 5542 728 5585 et
756 5533 1042 5598 nudentur,
1069 5541 1176 5586 etc.

256 5603 375 5677 (67)
420 5601 878 5677 Lnterﬁcientiunt.
908 5602 1014 5677 Pro
1044 5601 1461 5677 interfectorum.

255 5671 373 5746 (68)
418 5671 768 5746 Excusatum.
806 5673 919 5746 Vox
945 5673 1226 5746 interpreti
1254 5685 1438 5746 nostro
1462 5672 1770 5746 familiaris,

224 5743 286 5802 ro
311 5743 378 5800 eo
398 5743 543 5812 quod
565 5753 650 5814 est
673 5745 973 5814 repudiare,
1001 5744 1234 5814 rejicere.
1263 5743 1355 5798 Sic
1375 5759 1560 5814 supra,
1586 5744 1678 5797 lib.
1706 5759 1769 5798 ιι.

224 5763 286 5802 ro
311 5763 378 5800 eo
398 5763 543 5812 quou
565 5763 650 5797 est
673 5763 973 5812 repudiare,
1001 5763 1234 5812 reﬁcere.
1263 5763 1355 5798 me
1375 5763 1560 5814 supra,
1587 5763 1678 5797 ιιι).
1706 5763 1769 5798 ιι.

179 5763 264 5876 Bc
293 5816 399 5871 fide
429 5815 552 5867 adv.
575 5812 778 5869 Sabell.
810 5815 912 5868 sub
929 5812 1021 5868 litt.
1042 5830 1054 5865 :
1075 5810 1318 5868 Contenti
1339 5817 1506 5868 situas
1536 5815 1772 5876 veritate,

182 5900 496 5946 excusemus
528 5881 677 5947 lites;
705 5895 762 5940 et
782 5883 876 5939 lib.
907 5898 946 5938 ι.
975 5883 1050 5938 De
1090 5900 1290 5940 resurr.
1333 5887 1478 5941 circa
1512 5886 1686 5940 med.:
1715 5883 1777 5940 Si

183 5961 312 6018 tatis
336 5965 474 6015 esset
499 5956 838 6024 resurrectio,
862 5969 1236 6013 excusare-tus
1259 5958 1442 6027 utique
1467 5970 1778 6024 resurgere;

1875 4736 1998 4805 quis
2036 4735 2262 4792 abstulit
2303 4753 2331 4792 a
2367 4736 2556 4792 vobis?
2588 4738 2689 4795 Ubi
2720 4754 2866 4796 nunc
2895 4741 3039 4810 apud
3070 4757 3170 4799 vos
3201 4747 3469 4816 propheta

1878 4828 1996 4884 est?
2023 4828 2166 4885 Dicit
2208 4831 2350 4887 Deus
2375 4831 2428 4886 in
2464 4831 2716 4890 Ezechiel
2746 4836 3012 4905 propheta
3040 4853 3056 4890 :
3100 4837 3340 4908 Populus
3372 4842 3469 4897 iste

1877 4924 2110 4992 peccavit
2147 4923 2206 4977 in
2252 4939 2355 4990 nte,
2396 4933 2444 4980 et
2482 4925 2605 4980 misi
2628 4941 2718 4980 eos
2756 4927 2826 4981 ad
2866 4929 3225 4998 captivitatem
3258 4931 3327 4986 τ’.
3365 4929 3470 4988 Sed

1880 5033 1986 5072 non
2009 5016 2111 5071 ista
2133 5025 2458 5082 metuentes,
2481 5017 2672 5088 inquit,
2691 5019 2757 5074 ad
2784 5028 2976 5088 gentes
3001 5021 3327 5079 audiebant:
3359 5024 3470 5080 Iste

1881 5121 1960 5164 est
1987 5110 2214 5180 populus
2253 5109 2348 5165 Dei
2387 5121 2435 5165 et
2467 5121 2608 5166 terra
2642 5109 2738 5166 Dei
2762 5112 2829 5166 ".
2872 5113 2938 5170 Et
2972 5115 3225 5183 educam,
3267 5117 3467 5186 inquit,

1884 5215 2106 5273 propter
2128 5217 2328 5258 nomen
2351 5217 2553 5267 meum,
2581 5213 2638 5259 et
2659 5205 2916 5262 reducam
2945 5221 3061 5272 eos,
3085 5217 3144 5264 et
3166 5208 3331 5266 dicito
3354 5212 3432 5268 eis
3455 5230 3471 5268 :

681 5341 729 5375 ¹¹⁶
764 5339 1165 5406 Jerem.tt,30.
1201 5342 1246 5374 ⁷¹
1291 5341 1393 5397 lsa.
1419 5357 1474 5406 v,
1497 5341 1552 5395 ι.
1630 5341 1677 5371 ’³
1715 5339 1756 5397 It

1869 5383 1883 5407 ,
1910 5340 1963 5396 5.
2041 5338 2310 5396 "Esech.
2339 5353 2527 5404 xxxvi,
2575 5341 2662 5395 t9.
2741 5338 2790 5370 ’⁸
2829 5340 2961 5398 ibid.
2990 5343 3083 5398 20.

1879 5468 1939 5582 et:
1976 5457 2115 5583 idnfrs‘t
2143 5476 2162 5513 :
2189 5456 2394 5513 Factus
2423 5474 2477 5513 es
2521 5457 2809 5528 perfectus,
2859 5458 3122 5527 [armatus
3161 5474 3237 5526 es,
3284 5473 3478 5514 excusa

1879 5546 1896 5583 t
1944 5547 1974 5581 ιι
2021 5570 2034 5583 .
2059 5544 2090 5583 e
2118 5545 2166 5583 c.

1877 5544 2034 5591 ιιιιια,
2059 5544 2166 5584 DIC.

1973 5600 2064 5662 69)
2098 5599 2359 5654 Ecclesia.
2389 5598 2558 5655 Forte
2601 5600 2871 5662 Ecclesiae.

1979 5669 2066 5729 70)
2107 5670 2207 5726 Ms.
2257 5669 2325 5723 Et
2352 5671 2696 5728 nihilominus
2726 5673 3046 5729 adorabant.

2107 5741 2253 5864 gon.
2290 5740 2454 5796 Forte
2484 5759 2646 5798 nunc.

2018 5849 2048 5866 ο
2166 5828 2213 5868 s.
2248 5811 2456 5884 Passus
2482 5823 2565 5868 est
2599 5830 2632 5869 a

2113 5810 2213 5868 his.
2242 5811 2456 5895 fassus
2482 5823 2565 5868 est
2599 5830 2632 5869 a
2677 5813 2826 5872 nobis
2863 5811 3028 5872 Deus.
3059 5813 3319 5874 Fortasse
3353 5833 3456 5891 pas

1886 5900 1974 5942 sua
1999 5883 2076 5937 est
2113 5899 2145 5936 a
2172 5883 2333 5938 vobis.

1965 5953 2078 6025 (73)
2135 5951 2313 6012 Vobis.
2340 5954 2505 6015 Forte
2531 5976 2640 6018 vos-
