4072 6414
742 407 878 463 1105

1431 401 1696 459 ευεεειι
1725 400 2200 460 εΑεωιιεΝειε
2236 400 2286 459 0]

2388 448 2389 452 η
2431 400 2611 457 PARS
2660 399 2750 456 IV.
2785 426 2853 441 —
2880 397 3299 457 υοϐιιΔτιαΑ.

3844 403 3965 459 μοι

743 523 865 581 Non
893 532 1099 593 propter
1120 538 1207 577 sos
1237 522 1400 590 facio,
1420 530 1605 576 donius
1630 521 1818 589 Israel,
1840 524 1933 577 sed
1960 531 2169 593 propter
2197 538 2292 576 ιιο-
2322 526 2364 583 A
2393 519 2575 591 pulum
2606 533 2703 591 per
2730 518 2883 590 signa
2915 533 3021 574 non
3074 517 3266 586 suasit,
3310 515 3475 575 Jesus
3506 528 3699 575 autem
3724 534 3824 589 per
3851 535 3965 575 crs-

734 632 851 670 κιαι
880 629 1047 668 nteant
1075 613 1142 665 ⁷³.
1176 610 1268 666 llle
1299 611 1435 666 Deus
1464 612 1555 682 qui
1582 612 1717 667 dixit
1757 622 1904 679 tunc,
1929 609 2047 666 Non
2074 622 2292 682 propter

730 720 834 759 vos
866 703 1027 767 facio,
1060 704 1153 758 sed
1185 711 1403 773 propter
1440 716 1634 758 nomen
1667 718 1864 765 meum,
1900 717 2043 757 nunc
2066 704 2292 759 audiens

739 809 833 849 vos
880 795 1137 859 dicentes,
1186 793 1311 864 quis
1358 793 1609 863 religiose
1651 792 1875 848 fecimus
1928 793 2291 863 crucillgendo

738 885 1035 950 Christum,
1054 894 1109 939 et
1135 882 1245 939 sint
1272 884 1346 937 illi
1375 884 1518 954 digni
1543 894 1758 954 propter
1774 885 1923 954 prius
1941 878 2299 952 opprobrium’

737 978 973 1050 gentium
1003 976 1145 1032 dicat
1169 986 1228 1031 ut
1254 977 1389 1031 dixit
1415 992 1429 1029 :
1460 987 1513 1031 et
1534 991 1692 1042 nunc,
1720 976 1763 1031 si
1806 987 1984 1030 tamen
2026 977 2293 1047 permittit

738 1080 971 1125 vestrum
1015 1078 1313 1137 peccatum,
1360 1069 1411 1122 iu
1456 1084 1617 1121 unum
1660 1083 1765 1122 non
1808 1078 2025 1139 propter
2069 1070 2289 1125 domum

737 1157 898 1215 Israel
945 1159 1103 1224 facio,
1154 1159 1246 1213 sed
1294 1168 1510 1227 propter
1543 1171 1737 1211 nomen
1774 1171 1951 1211 meum
1985 1174 2000 1210 :
2042 1168 2098 1211 et
2141 1166 2289 1212 certe

737 1256 955 1319 propter
985 1263 1175 1303 nomen
1216 1262 1369 1301 suum
1415 1260 1557 1301 nunc
1595 1261 1689 1301 vos
1728 1262 1832 1301 non
1878 1247 2103 1302 reducit.
2138 1247 2289 1302 Sicut

736 1340 881 1394 enim
907 1348 1032 1393 tunc
1060 1349 1274 1407 pr0pter
1302 1352 1491 1392 nomen
1520 1353 1674 1391 suum
1707 1339 1977 1393 revocavit
2001 1352 2016 1392 :
2049 1338 2120 1391 ita
2147 1352 2289 1393 nunc

736 1440 954 1500 propter
983 1446 1171 1485 nomen
1203 1444 1358 1484 suum
1384 1444 1479 1485 vos
1506 1444 1609 1484 non
1638 1439 1873 1484 revocat.
1906 1428 1961 1483 Si
1989 1430 2132 1482 enim
2158 1444 2285 1497 pro-

736 1531 857 1591 pter
886 1535 1076 1575 nomen
1101 1535 1249 1573 suum
1282 1519 1412 1573 facit
1432 1519 1572 1589 quod
1610 1534 1713 1572 non
1746 1518 1890 1582 facit,
1918 1519 2073 1573 debet
2100 1530 2155 1573 et
2182 1534 2285 1573 non

736 1613 1044 1682 permittere
1093 1610 1205 1666 fieri
1258 1626 1319 1666 ea
1372 1626 1489 1680 qum
1538 1611 1786 1681 praedixit
1834 1609 2103 1675 Salvator,
2162 1626 2283 1665 cum

736 1704 1079 1760 ostenderent
1106 1703 1153 1757 ei
1196 1702 1396 1771 lapides
1429 1703 1630 1773 templi,
1670 1703 1793 1772 quia
1832 1719 1931 1755 non
1963 1703 2286 1772 relinquetur

736 1794 867 1860 lapis
897 1810 1051 1861 super
1078 1793 1324 1860 lapidem,
1362 1792 1451 1863 qui
1491 1809 1591 1846 non
1624 1794 1919 1847 destruatur
1942 1801 1990 1833 ⁷⁸
2023 1810 2038 1848 :
2070 1803 2125 1846 et
2162 1808 2283 1846 cum

2391 628 2529 678 cem,
2559 628 2654 683 per
2682 611 3019 679 scandalum,
3046 620 3097 667 et
3120 626 3224 667 non
3257 626 3354 681 per
3379 612 3533 683 signa
3572 622 3671 669 aut
3708 614 3959 683 prodigia.

2392 707 2649 761 mundum
2686 705 2962 761 transtulit
2991 706 3057 759 sd
3103 704 3194 761 Dei
3233 703 3504 759 culturam
3549 724 3566 759 :
3623 704 3845 776 Moyses
3889 705 3961 758 ls-

2392 810 2550 851 cerns
2594 810 2663 852 ne
2699 796 2917 865 quidem
2965 794 3058 849 uni
3088 794 3269 850 domui
3312 794 3552 862 suﬁicit;
3590 793 3757 851 Iesus
3794 806 3962 851 autem

2392 888 2471 943 sol
2506 888 2751 958 iustitiae,
2797 888 2842 943 si
2879 902 2982 943 non
3019 888 3184 957 fulget
3225 889 3456 944 mundus
3507 900 3565 945 et
3613 890 3965 954 illumioatnr,

2392 994 2496 1033 non
2528 979 2599 1033 sit
2632 978 2736 1035 sol.
2768 979 2844 1033 Ex
2881 979 3109 1049 negotiis
3141 979 3286 1034 enim
3308 989 3359 1035 et
3391 983 3834 1051 nuncupationes
3850 994 3965 1038 ssnt

2389 1071 2731 1140 accipiendae.
2753 1071 2808 1127 Si
2841 1072 3171 1127 illuminstur
3213 1073 3467 1136 mundus,
3492 1072 3572 1127 sol
3588 1072 3827 1142 justiti:
3849 1083 3929 1130 est
3953 1098 3962 1128 :

2390 1160 2478 1216 ubi
2506 1160 2649 1215 enim
2674 1162 2951 1232 pmcurrit
2976 1176 3135 1232 opus,
3174 1163 3424 1232 adjuncta
3472 1162 3544 1216 sit
3584 1171 3643 1217 et
3690 1179 3966 1234 nuncupa-

2391 1254 2483 1309 tio.
2522 1253 2731 1324 Moyses
2786 1254 3006 1309 lucerna
3061 1268 3231 1324 quare
3275 1254 3449 1308 dictus
3489 1263 3596 1318 est,
3643 1255 3740 1324 qui
3804 1270 3965 1322 neque

2388 1342 2646 1398 fratribus
2674 1343 2787 1398 suis
2814 1352 2872 1398 et
2894 1343 3144 1413 cognatis
3175 1342 3355 1397 lucere
3403 1342 3576 1397 valuit
3613 1344 3639 1398 ?
3688 1342 3963 1412 Siquidem

2387 1435 2454 1489 ad
2489 1435 2621 1489 fines
2652 1435 2765 1506 (77)
2794 1435 2912 1505 ejus
2940 1434 3047 1505 igni
3076 1435 3381 1503 consumpti
3408 1446 3534 1489 sunt
3562 1436 3668 1490 sub
3705 1436 3803 1491 illo
3842 1451 3963 1505 pec-

2386 1533 2572 1580 cantes
2601 1564 2616 1590 ,
2677 1534 2731 1579 et
2778 1526 2960 1578 Aaron
2988 1538 3083 1593 per
3128 1537 3190 1578 os
3221 1522 3387 1592 ipsius
3434 1522 3603 1595 Moysi
3650 1524 3967 1597 obiurgatus

2386 1625 2506 1679 est,
2534 1625 2588 1669 et
2613 1624 2832 1685 propter
2865 1616 3039 1687 ipsum
3085 1613 3308 1686 Moysen
3333 1615 3652 1686 obiurgatus
3680 1630 3712 1670 s
3744 1615 3861 1671 Deo
3885 1626 3965 1672 est

2387 1708 2587 1761 Aaron.
2620 1705 2722 1773 Qui
2758 1713 2961 1759 norunt
3012 1704 3325 1772 Scripturas
3368 1704 3550 1759 sciunt
3600 1719 3729 1775 qua:
3782 1706 3967 1761 dicun-

2393 1805 2499 1851 tur.
2535 1795 2755 1867 Moysen
2784 1796 3087 1864 producunt
3108 1793 3251 1862 quod
3275 1793 3525 1864 jurgstus
3568 1808 3598 1848 a
3636 1792 3752 1848 Deo
3785 1803 3893 1858 est.
3919 1806 3969 1848 et

736 1859 1333 1947 defieret-Hierusalem,
1368 1859 1423 1938 et
1460 1883 1770 1951 praediceret
1817 1883 1939 1952 quia
1985 1883 2287 1936 circumda-
2322 1859 2361 1913 Β
2393 1887 2550 1941 linem
2572 1859 2997 1955 justum-habuit
3029 1859 3172 1939 vitm.
3209 1859 3314 1939 Sed
3344 1859 3439 1939 nos
3468 1883 3856 1953 compellimur
3892 1887 3969 1937 di.

734 1975 864 2031 bunt
890 1991 1008 2030 eam
1040 1975 1264 2037 inimici,
1297 1984 1349 2030 et
1380 1975 1654 2029 destruent
1694 1988 1811 2028 eam
1843 1993 1856 2039 ;
1898 1987 1953 2029 et
1991 1990 2111 2028 cum
2144 1974 2289 2029 dice-

734 2078 817 2125 ret
845 2070 1050 2123 liliabus
1079 2068 1241 2121 Israel
1270 2086 1284 2121 :
1330 2066 1480 2121 Filia:
1519 2065 1709 2129 Israel,
1740 2067 1895 2121 nolite
1936 2066 2143 2135 plorare
2184 2083 2284 2131 me,

736 2162 823 2214 sed
837 2161 1065 2231 plangite
1088 2178 1169 2213 uos
1189 2170 1236 2213 et
1269 2159 1406 2227 ﬁlios
1440 2171 1629 2213 vestros
1654 2171 1671 2209 :
1699 2160 1893 2211 uenient
1916 2162 2073 2222 enim,
2094 2159 2284 2228 inquit,

735 2253 839 2307 dies
864 2269 979 2307 cum
1011 2252 1282 2320 patiemini
1304 2268 1366 2305 ea
1406 2267 1521 2319 quw
1551 2265 1717 2319 passae
1749 2261 1864 2303 sunt
1892 2251 1957 2305 ⁷⁷.
1998 2249 2092 2303 His
2122 2249 2287 2304 semel

734 2352 783 2399 et
808 2344 889 2399 bis
916 2354 971 2398 et
998 2343 1155 2398 tertio
1179 2358 1209 2398 a
1233 2341 1513 2398 Salvatore
1531 2341 1824 2413 prmdictis,
1847 2340 1891 2394 si
1925 2340 2152 2395 mendax
2183 2350 2285 2405 est,

732 2435 845 2490 etsi
860 2446 1051 2499 centra
1077 2434 1243 2505 legem
1280 2434 1505 2495 faciens.
1542 2436 1585 2489 si
1616 2433 1965 2489 defendentes
2000 2432 2169 2501 legem
2196 2448 2288 2486 oc-

732 2526 1146 2597 cideruntquem
1170 2526 1511 2591 occiderunt;
1540 2526 1756 2580 deberet
1782 2526 1918 2579 Deus
1948 2534 2004 2579 ut
2038 2532 2288 2594 argueret

732 2621 1140 2689 praedicationes
1166 2620 1470 2682 mendaces,
1502 2618 1611 2689 pati
1641 2618 1756 2673 illos
1786 2617 1947 2674 etiam
1982 2633 2125 2672 nunc
2156 2632 2285 2686 pec-

731 2720 939 2774 cantes,
970 2722 1026 2764 ut
1060 2720 1110 2765 et
1149 2721 1303 2764 antea
1334 2723 1523 2779 passus
1561 2718 1661 2763 est.
1704 2709 1758 2764 Si
1811 2720 1987 2764 autem
2035 2709 2286 2764 Salvator

730 2801 941 2870 quidem
972 2800 1240 2870 praedixit,
1273 2799 1435 2853 Pater
1460 2808 1637 2853 autem
1668 2799 1891 2853 audiens
1918 2799 2280 2866 confirmavit,

728 2900 780 2944 et
812 2905 974 2961 opera
1002 2899 1291 2956 testantur,
1338 2890 1726 2959 praedicatione
1774 2890 2063 2959 dupliciter
2104 2892 2285 2945 convi-

727 2990 847 3036 ctus
874 2990 957 3036 est
990 2980 1172 3036 Israel.
1201 2979 1334 3047 Quia
1370 2979 1533 3050 igitur
1577 2989 1800 3049 apparet
1846 2980 2116 3049 correptio
2164 2994 2284 3049 qua:

726 3089 821 3142 per
867 3087 1083 3129 crucem
1138 3072 1277 3126 facta
1326 3072 1377 3124 in
1417 3072 1613 3124 mundo
1652 3069 1875 3135 eli‘ulsit,
1929 3070 2282 3139 interrogavi-

728 3180 846 3221 mus
872 3180 984 3231 eos,
1012 3179 1168 3233 quem
1197 3164 1362 3217 vultis
1400 3177 1520 3217 esse
1560 3162 1740 3218 .lesum
1776 3162 1799 3215 Ἰ
1846 3162 2119 3217 hominem
2151 3177 2280 3230 pee-
2310 3194 2351 3252 ο

728 3266 963 3309 sutorem
992 3265 1045 3307 et
1067 3263 1255 3308 contra
1284 3255 1451 3323 legem
1477 3251 1806 3307 facientem?
1839 3252 1976 3322 Ergo
2000 3252 2283 3320 producite

728 3356 934 3399 vestros
956 3344 1151 3414 justos,
1180 3355 1232 3396 et
1263 3343 1355 3396 fiat
1382 3341 1734 3410 comparatio.
1762 3342 1917 3394 Absit
1956 3351 2010 3394 ut
2057 3357 2084 3393 a
2130 3341 2285 3395 nobis

730 3435 922 3500 servis,
953 3436 1015 3487 ad
1044 3433 1322 3487 Dominum
1356 3434 1368 3485 ι
1399 3431 1533 3497 Quia
1572 3440 1752 3485 autem
1776 3432 1840 3483 ad
1874 3429 2086 3485 ludaaos
2117 3432 2283 3500 10qui-

728 3545 866 3591 mur,
898 3536 1108 3596 oportet
1160 3540 1254 3580 nos
1298 3524 1595 3580 infantiarl.
1641 3523 2029 3591 Comparemus
2075 3524 2127 3577 in
2168 3524 2279 3595 (74)

723 3619 898 3688 signa,
932 3628 985 3671 et
1014 3630 1350 3684 opponamus
1403 3613 1646 3668 lucernas
1694 3612 1876 3683 plures
1913 3613 2010 3668 soli
2064 3630 2187 3675 uno,
2229 3624 2284 3669 et

725 3713 964 3765 dicamus
990 3708 1186 3763 Iudaeis
1213 3724 1225 3760 :
1248 3706 1415 3771 Quem
1444 3706 1603 3759 vultis
1626 3704 1806 3759 Jesum
1836 3705 1991 3760 esse?
2018 3715 2075 3759 ut
2104 3707 2279 3760 Abra-

727 3801 899 3857 ham?
932 3800 1206 3856 Ostendite
1254 3813 1385 3867 ergo
1440 3812 1595 3867 quem
1637 3798 1806 3852 suasit
1850 3797 2147 3859 Abraham,
2196 3797 2281 3851 vel

728 3910 888 3947 unum
933 3893 1076 3958 licet,
1135 3893 1201 3946 ab
1244 3889 1540 3945 idololatria
1579 3891 1644 3942 ad
1694 3889 2141 3958 religiositatem:
2187 3902 2281 3943 aut

730 4002 833 4040 non
866 3985 969 4039 hoc
994 3985 1221 4053 primum
1262 3991 1317 4037 et
1355 3983 1406 4035 in
1440 3990 1618 4034 vestra
1656 3980 1774 4050 lege
1823 3982 2132 4034 mandatum
2177 3992 2278 4034 est.

729 4076 834 4132 Sed
872 4076 1022 4129 Isaac
1051 4072 1451 4143 comparabitur
1490 4073 1563 4125 rei
1602 4072 1711 4142 (75)
1746 4071 1877 4140 ipse,
1921 4080 1975 4124 et
2016 4071 2083 4125 de
2132 4071 2281 4125 lsaac

728 4170 833 4224 erit
860 4182 1056 4223 sermo.
1115 4168 1282 4233 Quem
1329 4167 1498 4219 suasit
1536 4166 1725 4221 Isaac?
1763 4165 1867 4220 Sed
1907 4165 2094 4231 Jacob,
2130 4166 2282 4236 cujus

729 4270 782 4313 et
815 4273 970 4313 socer
1007 4256 1060 4312 in
1089 4256 1390 4311 idololatria
1442 4254 1783 4325 permansit?
1816 4254 1922 4310 Sed
1960 4256 2147 4327 Moysi,
2192 4260 2281 4326 qui

730 4365 833 4404 non
856 4350 1027 4418 potuit
1052 4362 1146 4418 per
1175 4346 1336 4399 multa
1365 4344 1515 4413 signa
1540 4354 1593 4398 et
1624 4345 1863 4415 prodigia
1895 4346 2032 4398 lllios
2054 4345 2282 4401 Abrahae

730 4443 793 4495 ad
838 4439 1100 4494 culturam
1150 4437 1379 4491 Abrahae
1427 4433 1765 4488 transferre?
1814 4436 1906 4504 qui
1960 4450 2063 4489 non
2114 4438 2284 4505 potuit

2390 1991 2512 2032 cere
2544 1978 2829 2031 adversum
2860 1985 3082 2030 sanctos
3108 1990 3245 2044 quos
3267 1976 3515 2046 cupimus
3540 1976 3839 2030 honorare.
3868 1975 3967 2031 Sed

2391 2083 2493 2122 non
2544 2067 2774 2121 dicimus
2843 2066 3108 2120 adversus
3160 2065 3403 2134 Moysen,
3448 2068 3544 2121 sed
3590 2080 3655 2119 ea
3699 2066 3967 2135 loquimur

2388 2176 2506 2229 qum
2550 2159 2698 2212 vult:
2726 2160 2841 2228 ipse
2866 2157 2998 2212 dicit
3026 2156 3255 2228 Moyses.
3282 2155 3414 2211 Nam
3441 2167 3497 2213 et
3521 2158 3567 2212 si
3591 2160 3967 2228 compellimur

2388 2253 2588 2319 dicere,
2630 2251 2858 2307 dicimus
2896 2250 3016 2305 ideo
3050 2261 3109 2304 ut
3140 2251 3583 2305 commendemus
3614 2265 3681 2307 ea
3707 2267 3832 2321 qua
3859 2252 3965 2320 ipse

2391 2345 2595 2415 Moyses
2642 2343 2709 2397 de
2750 2340 2972 2397 Christo
3030 2340 3239 2394 locutus
3289 2348 3398 2394 est.
3447 2339 3589 2410 Ergo
3629 2341 3774 2395 falso
3800 2340 3964 2397 Judzi

2389 2435 2605 2507 Moysen
2632 2434 2893 2489 adversus
2919 2431 3138 2505 Moysen
3175 2432 3377 2503 legunt.
3406 2431 3671 2502 Legentes
3702 2435 3855 2487 enim
3885 2434 3964 2486 di-

2387 2536 2535 2590 cunt,
2570 2526 2696 2596 quia
2730 2523 2867 2578 nihil
2903 2525 3016 2577 veri
3074 2522 3329 2592 loquitur.
3380 2520 3489 2577 Nos
3518 2533 3701 2577 autem
3743 2522 3962 2595 Iloysen

2386 2630 2484 2686 pro
2513 2613 2693 2684 Iloyse
2719 2615 2965 2681 legimus.
3002 2613 3068 2666 Et
3097 2612 3223 2681 quid
3248 2614 3622 2668 contendimus
3649 2614 3720 2668 ad
3747 2613 3958 2670 Iudaeos

2387 2718 2513 2760 vere
2550 2705 2764 2759 adicere
2789 2702 2900 2775 (78)
2924 2718 3044 2773 qua
3076 2703 3212 2773 apud
3241 2702 3461 2758 Judzeos
3492 2704 3797 2769 habentur,
3824 2723 3963 2776 que-

2385 2811 2491 2866 que
2531 2796 2684 2851 nobis
2729 2795 3088 2850 concedunt?
3142 2795 3213 2850 At
3260 2795 3399 2849 idem
3449 2793 3619 2851 Judaei
3667 2799 3962 2853 concedant

2387 2888 2542 2942 nobis
2573 2889 2697 2958 quia
2723 2886 2937 2957 Moyses
2955 2901 3081 2942 vera
3116 2886 3327 2942 locutus
3354 2896 3456 2953 est,
3487 2896 3541 2942 et
3573 2888 3758 2944 nullus
3783 2906 3818 2945 e
3845 2907 3961 2960 pro-

2384 2979 2563 3047 phetis
2593 2980 2855 3033 mentitus
2890 2986 2999 3043 est,
3047 2993 3223 3049 neque
3266 2979 3409 3035 Deus
3458 2980 3677 3035 horum.
3730 2982 3963 3037 Dicimus

2383 3070 2526 3124 enim
2560 3070 2681 3139 quia
2715 3083 2903 3123 omnes
2930 3070 3315 3138 promissiones
3352 3068 3469 3136 Dei,
3509 3086 3631 3139 quae
3669 3086 3771 3141 per
3795 3071 3960 3142 legem

2385 3160 2540 3215 facta:
2567 3168 2695 3214 sunt
2727 3169 2779 3214 et
2822 3175 2918 3229 per
2963 3160 3270 3231 prophetas,
3310 3162 3543 3230 impleta;
3586 3174 3715 3217 sunt
3764 3165 3820 3217 in
3872 3167 3962 3217 sd-

2391 3261 2548 3304 ventu
2582 3251 2791 3306 Domini
2820 3253 3045 3316 Christi,
3106 3261 3159 3307 et
3195 3254 3371 3306 adhuc
3419 3267 3590 3322 usque
3646 3254 3957 3322 implentur.

2386 3340 2499 3395 Hoc
2533 3350 2617 3396 est
2646 3342 2917 3398 honorare
2960 3343 3132 3398 libros
3164 3345 3576 3414 prophetarum,
3616 3360 3723 3398 non
3758 3361 3961 3415 purpu-

2387 3437 2495 3491 reis
2524 3436 2687 3506 pallis
2725 3451 2754 3491 a
2795 3436 2948 3503 foris,
2977 3439 3071 3493 sed
3118 3439 3265 3492 illum
3297 3440 3386 3508 qui
3446 3439 3593 3493 intus
3635 3442 3962 3509 pradicatur

2384 3542 2696 3597 agnoscere.
2745 3528 2862 3582 Non
2913 3538 2996 3583 est
3039 3530 3298 3585 mentitus
3350 3530 3562 3601 Moyses
3613 3547 3714 3602 pro
3760 3532 3957 3595 nobis;

2382 3633 2518 3689 opus
2542 3619 2686 3673 enim
2728 3620 2901 3687 ipsum
2937 3620 2987 3673 ei
3031 3621 3395 3675 testimonium
3430 3634 3675 3690 praestat.
3723 3622 3845 3679 Non
3880 3637 3959 3677 est

2405 3712 2661 3765 mentitus
2698 3709 2908 3781 Moyses
2934 3711 3194 3765 adversus
3220 3711 3379 3766 lsrael
3412 3729 3426 3776 ;
3482 3715 3771 3782 captivitas
3819 3720 3959 3771 enim

2395 3816 2582 3855 eorum
2609 3812 2663 3855 et
2691 3800 2991 3854 ltumiliatio
3024 3811 3275 3858 testatur.
3301 3802 3410 3856 Non
3441 3814 3567 3857 sunt
3599 3807 3817 3858 mentiti
3846 3823 3962 3876 pru-

2386 3896 2568 3963 pliette
2616 3894 2952 3947 vocationem
3010 3894 3247 3962 gentium
3308 3894 3709 3961 prmdiceutes;
3791 3900 3957 3950 vocati

2381 3986 2529 4039 enim
2573 3994 2699 4039 sunt
2744 3994 2801 4038 ut
2832 3984 3041 4038 videtis.
3076 3982 3192 4038 Non
3236 3994 3359 4039 sunt
3399 3986 3610 4038 mentiti
3662 3987 3959 4055 prOpbett.

2382 4075 2587 4128 exitum
2615 4082 2669 4128 et
2702 4074 3057 4141 abjectionem
3086 4073 3251 4127 Israel
3290 4075 3703 4142 proplietantes.
3770 4074 3827 4128 Si
3869 4093 3959 4127 au-

2384 4174 2490 4217 tem
2523 4178 2801 4218 sermones
2835 4164 3078 4233 praedicti
3125 4174 3271 4223 sunt,
3304 4172 3358 4217 et
3405 4164 3616 4232 negotia
3670 4174 3962 4231 testantur,

2383 4256 2509 4323 quid
2534 4256 2708 4309 adhuc
2746 4256 3025 4324 impudens
3051 4253 3260 4309 lsrael?
3283 4254 3577 4323 aliquando
3614 4256 3841 4323 quidem
3901 4258 3962 4310 ad

2384 4347 2547 4410 dicta,
2600 4360 2741 4399 nunc
2772 4355 2959 4407 autem
3014 4356 3068 4399 et
3106 4347 3174 4397 ad
3232 4346 3342 4413 ipsa
3393 4347 3628 4413 negotia.
3685 4347 3959 4417 Scriptum

2384 4448 2489 4502 est,
2532 4447 2587 4491 et
2614 4438 2933 4507 promissum
2973 4437 3026 4491 in
3072 4436 3186 4507 lege
3225 4446 3344 4499 est,
3387 4438 3511 4505 quia
3547 4438 3592 4491 si
3645 4438 3853 4493 fuerint
3878 4443 3961 4509 qui

724 4532 956 4587 suadere
1008 4543 1192 4583 socero
1250 4528 1390 4582 suo?
1429 4525 1613 4580 Nonne
1644 4541 1790 4580 mare
1817 4527 2183 4589 scindebatur,
2230 4537 2285 4581 et
2318 4526 2361 4579 D
2390 4530 2618 4599 dispersi
2661 4538 2788 4584 sunt
2815 4545 2845 4583 e
2885 4530 3083 4597 populo
3134 4531 3201 4583 ad
3253 4528 3386 4583 lines
3439 4544 3610 4598 usque
3664 4533 3881 4591 mundi,
3912 4545 3962 4585 et

730 4624 922 4676 iterum
950 4619 1316 4688 copulabatur,
1348 4627 1403 4671 et
1434 4620 1637 4670 mann:
1661 4618 1725 4669 ad
1764 4616 1931 4671 vicem
1972 4617 2159 4672 imbris
2194 4618 2288 4672 de-

730 4714 1044 4778 ducebatur,
1070 4721 1124 4765 et
1162 4720 1325 4780 petra
1363 4724 1428 4763 ex
1471 4708 1592 4763 imis
1640 4708 1959 4763 emittebant
2011 4724 2201 4777 aquas,
2233 4719 2289 4764 et

728 4806 904 4858 omnis
951 4814 1141 4857 natura
1195 4800 1621 4857 transferebatur
1659 4814 1754 4869 per
1781 4800 1951 4869 signa,
1980 4811 2035 4857 et
2063 4802 2289 4870 populus

734 4897 982 4949 manebat
1014 4896 1064 4949 in
1095 4894 1393 4949 idololatria
1426 4893 1450 4946 ?
1499 4891 1637 4959 Quid
1677 4892 1845 4946 valuit
1884 4893 2098 4947 lucerna
2140 4893 2288 4965 Moy-

734 4988 862 5042 ses?
886 4986 1007 5042 ideo
1036 4987 1173 5041 bene
1197 4986 1325 5039 dicit
1370 4983 1626 5037 Dominus
1657 5000 1668 5035 :
1715 4981 1898 5037 Nolite
1938 4984 2185 5052 judicare
2216 4986 2285 5038 ad

733 5077 938 5143 facient,
972 5076 1060 5129 sed
1085 5076 1285 5144 justum
1331 5074 1583 5141 indicium
1610 5072 1840 5139 iudicate
1862 5073 1946 5126 ’δε
1977 5090 2081 5126 ιιοιι
2111 5075 2286 5127 ιιοιιιὶ-

733 5168 913 5230 nibus,
938 5168 1029 5221 sed
1060 5166 1289 5234 negotiis
1317 5183 1330 5220 :
1368 5165 1495 5232 quid
1534 5162 1774 5218 correxit
1811 5162 2120 5233 Moyses,et
2155 5179 2284 5234 prae.

732 5260 1027 5311 houoretur
1052 5255 1163 5325 (76)
1191 5271 1219 5308 a
1251 5256 1398 5310 vobis
1424 5253 1616 5309 Iesus?
1662 5252 1720 5309 Si
1758 5262 1935 5309 autem
1991 5270 2153 5309 unum
2185 5270 2281 5324 po-

799 5416 843 5447 "
884 5416 1080 5470 Ezech.
1125 5429 1307 5479 xxxvn,
1332 5412 1421 5479 22,
1494 5414 1540 5446 "
1562 5412 1729 5467 Marc.
1762 5428 1881 5477 xm,
1910 5413 1965 5467 2.
2040 5414 2083 5444 '”
2112 5413 2238 5467 Luc.
2279 5429 2434 5477 xxiii,
2460 5413 2564 5477 28;
2594 5429 2707 5477 xix,
2735 5412 2826 5465 46.

802 5535 911 5605 (74)
942 5536 1025 5605 In.
1065 5535 1228 5589 Forte
1250 5539 1387 5604 jam.

802 5602 911 5673 (Ἰὸ)
941 5602 1341 5673 Comparabitur
1375 5605 1468 5656 rei.
1502 5602 1752 5659 Fortasse
1790 5605 2179 5670 comparabitur
2207 5603 2275 5665 ei,

735 5678 784 5728 id
816 5688 898 5729 est
924 5675 1045 5728 Jesu
1076 5675 1288 5727 Christo
1316 5689 1330 5725 :
1362 5688 1552 5739 nempe
1596 5678 1770 5730 littera
1817 5692 1863 5739 ι’,
1906 5675 2097 5742 prioris
2132 5676 2280 5726 vocis

730 5758 1020 5809 postrema,
1051 5758 1328 5811 perperam
1363 5746 1587 5809 repetita
1613 5745 1791 5798 fuerit.
2222 5786 2225 5787 ν

808 5815 913 5878 (76)
945 5813 1010 5866 Et
1040 5816 1449 5877 prtrltonoretur,
1473 5822 1574 5871 etc.
1597 5814 1778 5878 Forte,
1812 5823 1863 5865 ut
1893 5811 2279 5879 pur/tonorum

2389 4622 2710 4689 pmuitentes
2739 4620 3093 4674 custodieriut
3143 4619 3357 4690 legem:
3401 4619 3523 4675 inde
3565 4637 3656 4675 eos
3691 4625 3961 4685 reducant.

2388 4712 2517 4764 dicit
2557 4710 2806 4765 Dominus
2834 4712 2901 4766 ".
2946 4712 3047 4765 Ista
3078 4712 3171 4765 Dei
3220 4714 3502 4781 promissio
3527 4723 3629 4768 est.
3665 4713 3963 4787 Interroga-

2388 4805 2564 4858 vimus
2591 4817 2720 4873 ergo
2745 4802 2981 4865 Judaeos,
3015 4815 3194 4855 utrum
3230 4806 3458 4858 servatis
3496 4804 3673 4874 legem
3699 4817 3798 4861 aut
3821 4807 3962 4861 non?

2389 4894 2447 4947 Si
2480 4909 2584 4948 ιιοιι
2610 4895 2861 4957 servatis,
2894 4895 3023 4961 quid
3049 4907 3105 4948 et
3143 4894 3473 4964 loquimini?
3520 4899 3579 4951 Si
3626 4910 3811 4954 autem
3851 4916 3961 4955 ser-

2389 4985 2550 5049 vatis,
2577 4984 2703 5054 quid
2735 4985 2859 5052 quia
2895 4998 3002 5036 non
3037 4984 3362 5038 revocamini
3392 4982 3554 5037 ?Non
3588 4987 3738 5039 enim
3778 4990 3959 5040 menti-

2392 5084 2478 5129 tur
2502 5074 2664 5129 Deus.
2700 5074 2756 5128 Si
2798 5082 2975 5127 autem
3012 5076 3429 5142 praevaricantes
3460 5076 3635 5144 legem
3684 5078 3957 5132 habebatis

2389 5165 2664 5218 civitatem
2690 5180 2705 5229 ;
2748 5178 2889 5218 nunc
2928 5175 2986 5218 ut
3014 5165 3193 5218 dicitis
3218 5175 3498 5217 servantes
3526 5164 3701 5233 legem
3729 5166 3953 5235 dispersi

2390 5257 2520 5310 estis
2575 5255 2629 5309 in
2685 5255 2993 5310 civitatibus
3047 5272 3063 5310 :
3128 5253 3417 5309 manifesta
3464 5270 3598 5323 ergo
3653 5264 3741 5309 est
3787 5268 3954 5310 vestra

2902 5412 2947 5445 ⁷⁸
2976 5411 3133 5467 Joau.
3165 5427 3265 5483 vn,
3298 5412 3388 5467 24.
3464 5414 3510 5445 ⁷⁸
3539 5414 3695 5470 Deut.
3732 5431 3861 5479 xxx,
3896 5415 3944 5471 3.

2384 5550 2414 5585 a
2441 5534 2578 5597 vobis
2603 5531 2781 5587 Jesus.

2424 5604 2568 5683 ⁵(77)
2598 5600 2677 5656 Ad
2720 5603 2871 5670 ﬁnes.
2908 5602 3161 5659 Fortasse
3188 5605 3346 5659 unica
3394 5618 3528 5659 voce
3570 5606 3801 5674 adﬁnes,
3831 5620 3947 5674 prc~

2385 5688 2733 5811 pultigh’ere
2765 5741 2986 5798 adicere.
3019 5744 3273 5799 Fortasse
3320 5760 3435 5799 uere
3484 5761 3545 5798 ea
3570 5786 3584 5804 .
3614 5746 3701 5800 vel
3734 5762 3844 5801 cere
3868 5750 3943 5797 dt-

2385 5828 2497 5866 cere
2527 5828 2545 5865 :
2580 5818 2659 5869 vel
2682 5815 2887 5869 adicere
2914 5816 3118 5871 dictum
3150 5825 3226 5871 est
3258 5831 3355 5883 pro
3386 5816 3646 5885 adjicere.
