4072 6448
203 437 358 495 11115

1298 427 1386 484 DE
1425 407 2037 481 ιιεευιιιιεετιοιιε.
2079 442 2148 456 -
2182 408 2314 466 LIB.
2354 406 2418 464 ii.

3341 395 3483 454 H06

203 547 610 608 Inexcusabilis
637 549 864 606 audacia
894 547 1174 622 sanguinis
1204 548 1358 618 justi.
1390 544 1458 601 Et
1489 551 1637 599 certe
1661 537 1799 594 mul-
1828 544 1874 601 Α
1905 531 2064 597 dixit,
2111 536 2410 622 negaturos
2455 535 2580 580 esse
2619 531 2832 622 omnes,
2871 517 3068 622 Petrus
3103 513 3320 622 dicebat
3401 512 3481 622 si

205 649 393 698 lorum
427 643 817 715 prophetarum
868 641 1141 698 eii‘udistis
1176 639 1518 712 sanguinem,
1549 648 1606 695 et
1629 637 1796 694 habe-

205 732 356 789 batis
386 746 622 791 vestram
653 736 928 790 civitatem
955 751 971 788 ;
998 742 1052 788 et
1088 733 1365 803 prioribus
1390 734 1678 804 prophetis
1713 732 1796 786 in-

209 822 485 894 teriectis,
511 819 732 880 secundi
779 825 1092 888 veniebant.
1148 836 1205 882 et
1243 825 1644 880 convincebant
1673 839 1790 880 vos.

206 909 497 979 Quomodo
527 929 656 986 ergo
689 915 978 970 multorum
1014 914 1405 984 prophetarum
1435 915 1658 985 sanguis
1684 930 1790 971 non

212 1003 496 1061 intercidit
527 1007 903 1075 prophetiam;
935 1007 1094 1060 unius
1119 1017 1322 1071 autem,
1357 1013 1415 1060 ut
1437 1006 1643 1072 dicitis,
1668 1021 1794 1063 con-

214 1108 301 1156 Ira
329 1099 500 1170 legent
529 1100 777 1157 facientis
797 1101 1040 1174 sanguis,
1065 1103 1254 1156 statuit
1278 1101 1395 1173 (79)
1418 1115 1634 1158 omnem
1663 1115 1792 1172 pro-

213 1189 498 1261 phetiam?
526 1192 590 1247 Et
625 1194 894 1262 quomodo
921 1208 1110 1248 omnes
1137 1194 1411 1265 prophetae
1434 1209 1554 1249 cum
1578 1194 1788 1265 legisla-

208 1289 333 1336 tore
373 1291 426 1336 et
459 1282 675 1353 regihus
700 1283 882 1352 justis,
909 1291 968 1338 et
1008 1283 1261 1339 omnibus
1301 1284 1640 1340 mirabilibus
1669 1301 1790 1356 quae

205 1364 352 1425 laeta
383 1373 522 1441 apud
560 1371 852 1443 Egyptum
881 1374 1153 1441 videntur,
1185 1383 1241 1431 et
1288 1375 1341 1430 in
1379 1376 1612 1442 deserto,
1639 1387 1695 1432 et
1733 1377 1786 1433 in

210 1460 336 1530 ipsa
382 1472 523 1516 terra
552 1465 940 1531 promissionis,
969 1474 1025 1520 et
1051 1481 1173 1520 cum
1211 1465 1465 1522 omnibus
1509 1465 1787 1524 hen'eiiciia

201 1559 263 1604 et
291 1553 467 1619 plenis
505 1567 608 1608 non
635 1555 1316 1612 statueruntidololatriam
1365 1573 1432 1614 ne
1449 1560 1668 1630 quidem
1716 1560 1785 1617 ab

204 1641 328 1716 ipso
366 1644 566 1700 Israel?
592 1646 781 1704 Crucis
822 1659 1004 1703 autem
1038 1665 1220 1706 sermo
1244 1660 1300 1706 et
1331 1651 1522 1708 orbem
1563 1655 1783 1710 univer-

198 1747 325 1791 sum
387 1740 676 1805 convertit,
719 1751 774 1796 et
821 1741 984 1799 Israel
1019 1743 1066 1798 si
1119 1743 1253 1798 nihil
1288 1744 1458 1812 aliud,
1505 1756 1680 1804 tamen
1714 1749 1783 1805 ab

201 1824 514 1883 idololatria
553 1831 1037 1907 prohibuitIQuid
1061 1835 1166 1890 hoc
1194 1834 1520 1895 cilicientius
1553 1839 1681 1894 mihi
1711 1841 1782 1894 vi-

1896 636 2076 677 omnes
2103 630 2155 674 te
2187 616 2473 688 negabunt,
2506 629 2600 684 ego
2632 627 2736 666 non
2762 620 2812 667 te
2851 609 3089 681 negabo;
3125 606 3218 662 sed
3260 614 3481 675 paratas

1895 727 2009 767 sunt
2038 726 2134 781 pro
2161 719 2210 764 te
2246 708 2382 762 mori
2407 706 2476 770 ⁸¹,
2506 714 2561 761 et
2590 713 2717 760 ante
2736 711 2792 759 te
2812 703 2970 758 mori.
3003 700 3072 756 Et
3099 714 3222 754 cum
3251 698 3480 753 dixisset

1895 802 2022 872 quia
2060 811 2116 856 et
2153 803 2270 870 ipse
2320 807 2401 854 ter
2450 796 2817 868 abnegaturus
2855 801 3041 857 esset,
3084 805 3188 845 non
3228 789 3477 854 recessit,

1895 892 2230 948 contendens
2270 897 2327 945 et
2370 887 2579 952 dicens,
2624 885 2748 940 Non
2795 895 2844 940 te
2893 883 3110 954 negabo.
3145 879 3251 949 Qui
3295 889 3476 933 autem

1893 981 2034 1037 dixit
2083 993 2249 1050 saepe,
2296 977 2423 1048 quia
2476 989 2584 1031 non
2625 972 2853 1043 negabo,
2896 979 2952 1026 et
3007 969 3197 1024 horum
3240 963 3478 1020 habebat

1893 1071 2247 1137 memoriam;
2283 1068 2408 1139 quia
2442 1065 2623 1136 puella
2651 1066 2896 1134 quaedam
2937 1061 3205 1117 accedens
3233 1059 3475 1112 interro-

1892 1163 2054 1236 gahat
2083 1175 2234 1226 eum,
2262 1175 2405 1216 nunc
2425 1157 2681 1215 Gaiiizeus
2703 1165 2804 1220 est,
2838 1170 2980 1209 nunc
3008 1167 3130 1208 cum
3157 1148 3287 1206 Jesu
3316 1157 3468 1213 erat;

1892 1253 2059 1324 capit
2086 1263 2140 1308 et
2162 1251 2376 1322 jurare,
2409 1249 2558 1322 quod
2593 1264 2700 1305 non
2741 1259 3062 1320 poposcerat
3089 1245 3288 1316 puella,
3319 1252 3377 1299 et
3398 1242 3476 1298 di-

1889 1359 2035 1411 cere,
2077 1344 2204 1415 quia
2249 1342 2436 1399 nescio
2479 1341 2780 1406 hominem,
2819 1353 2923 1397 nec
2981 1347 3040 1392 ut
3085 1337 3387 1401 hominem,
3435 1348 3472 1392 ο

1890 1455 2089 1512 Petre!
2121 1464 2178 1512 et
2211 1456 2318 1511 hoc
2352 1454 2543 1524 semel,
2576 1464 2630 1510 et
2658 1453 2743 1510 his
2775 1465 2829 1510 et
2859 1463 2959 1510 ter.
2991 1453 3058 1507 Et
3080 1459 3226 1506 certe
3256 1446 3473 1503 vivebat

1887 1547 2161 1618 Magister,
2198 1555 2254 1603 et
2283 1548 2555 1603 incertum
2587 1556 2708 1602 erat
2745 1546 2792 1602 si
2817 1553 3125 1601 moreretur
3175 1542 3354 1599 Petro.
3388 1539 3473 1608 lp-

1885 1638 2000 1693 aius
2029 1645 2114 1692 est
2135 1636 2284 1692 enim
2317 1649 2416 1691 vox
2442 1650 2566 1706 quae
2592 1636 2768 1691 dixit:
2797 1633 3168 1689 Misericordia
3210 1629 3327 1696 tibi,
3365 1629 3471 1684 Do-

1885 1726 2042 1796 mine,
2069 1731 2134 1783 ab
2160 1721 2244 1783 Itis
2274 1729 2342 1782 “.
2383 1725 2850 1796 Quemadmodum
2894 1727 2996 1782 iste
3039 1740 3244 1796 negans
3288 1735 3368 1780 ter
3413 1734 3468 1779 et

1879 1816 2096 1888 jurans,
2149 1829 2204 1875 et
2262 1818 2365 1875 hoc
2412 1826 2635 1890 propter
2671 1832 2860 1875 vocem
2907 1816 3096 1889 puellae
3138 1817 3299 1871 unius
3337 1823 3464 1870 ante

197 1914 382 1982 detur,
430 1920 557 1988 quia
618 1922 948 1976 resurrectio
1003 1922 1234 1980 viventis
1289 1941 1412 1998 qua
1461 1928 1565 1984 hoc
1623 1929 1774 1996 iecit,
1810 1919 1851 1975 Β
1881 1919 2148 1998 "lorum"
2191 1920 2319 1981 νοιο
2347 1919 2963 1998 ετυοοιη.ι)οιιι›·ιιοοι
2997 1909 3121 1998 ιυίοε
3160 1909 3276 1998 dies
3319 1922 3458 1963 "lc"

195 2022 348 2061 niors
377 2022 539 2077 quam
578 2011 852 2066 sustinuit.
881 2012 940 2068 Si
970 2014 1116 2070 enim
1162 2014 1353 2072 aliixns
1401 2026 1484 2072 est
1516 2019 1585 2074 ob
1632 2019 1780 2075 iniir-

195 2094 471 2158 mitatem,
527 2108 586 2154 ut
614 2101 744 2156 dicit
764 2101 964 2160 Paulus
995 2105 1064 2172 '°,
1114 2109 1208 2164 sed
1257 2110 1390 2164 vivit
1421 2120 1482 2165 ut
1511 2110 1773 2168 videmus.

193 2181 263 2238 Et
292 2203 390 2242 nos
412 2189 627 2258 quidem
657 2192 804 2247 illum
829 2209 992 2265 quem
1031 2212 1137 2252 non
1177 2199 1420 2256 videmus
1463 2216 1570 2258 non
1611 2219 1770 2276 nega.

191 2292 358 2334 mus:
401 2282 669 2338 viventem
710 2295 892 2341 autent
927 2303 993 2344 ex
1019 2289 1106 2346 his
1133 2308 1254 2363 qum
1293 2293 1458 2350 eiiicit
1502 2297 1768 2354 videmus.

190 2368 331 2438 Quia
362 2383 540 2428 autem
575 2376 693 2430 ausi
723 2387 872 2444 sunt,
907 2379 960 2433 in
991 2395 1095 2451 qua
1128 2395 1258 2438 sunt
1297 2400 1460 2456 paena
1515 2387 1619 2458 ipsi
1660 2391 1774 2444 edi-

189 2472 344 2516 cant.
377 2463 522 2536 Ergo
548 2467 737 2524 vivens
763 2479 819 2526 et
845 2473 990 2542 apud
1017 2489 1112 2530 eos
1145 2475 1426 2534 invenitur
1454 2482 1547 2552 qui
1581 2498 1773 2553 passus

188 2561 299 2610 est.
332 2555 436 2623 Qui
468 2561 612 2613 enim
645 2561 1008 2620 adversantur
1031 2567 1084 2621 in
1119 2569 1476 2628 dissolutione
1507 2584 1636 2629 sunt
1664 2594 1678 2630 :
1717 2586 1772 2631 et

186 2645 426 2715 gentiles
471 2649 582 2719 jam
625 2667 730 2708 non
777 2657 1051 2724 gentiles:
1103 2670 1158 2714 et
1202 2659 1374 2718 Judaei
1421 2675 1767 2735 superantur.

189 2735 334 2805 Quid
366 2741 623 2812 deestqui
656 2746 867 2802 vincit?
903 2749 1140 2808 Ecclesia
1175 2754 1374 2824 quippe
1401 2759 1541 2813 unde
1563 2758 1770 2818 habens

187 2829 372 2889 illius!
424 2833 502 2890 Ita
536 2839 681 2893 enim
711 2850 798 2896 est
830 2844 1144 2910 admiratio,
1172 2849 1299 2915 quia
1325 2865 1354 2902 a
1379 2847 1581 2908 Judazis
1625 2856 1770 2911 acci-

185 2920 344 2991 piens
392 2937 573 2994 patres
615 2931 909 2999 apostolos,
961 2947 990 2985 a
1049 2937 1300 3004 gentibus
1327 2950 1509 2996 autem
1557 2941 1698 3001 illios
1735 2961 1764 3000 a

185 3027 296 3068 non
323 3017 708 3087 credentibus;
745 3022 910 3077 habet
941 3025 1054 3081 illic
1088 3026 1318 3084 salutem
1353 3031 1607 3104 ﬁliorum,
1645 3038 1766 3095 istic

183 3118 292 3193 non
322 3107 705 3166 creditludaeis
731 3113 865 3186 (80).
901 3115 1006 3172 Sed
1036 3119 1104 3173 ab
1144 3121 1538 3193 ahnegantihus
1565 3128 1766 3186 Judaeis

180 3192 345 3250 habet
378 3207 544 3255 testes
572 3206 868 3272 apostolos,
907 3221 965 3261 ut
998 3209 1211 3264 illorum
1266 3192 1587 3286 conspersio
1622 3225 1762 3290 apud

181 3303 283 3342 nos
320 3305 426 3346 non
465 3294 535 3348 sit
564 3295 802 3355 illorum.
849 3298 983 3353 Cum
1037 3303 1180 3358 enim
1235 3305 1439 3364 ferrum
1474 3327 1757 3381 acceptum
1789 3331 1831 3386 (ζ

178 3377 344 3436 fuerit
373 3399 402 3437 a
443 3389 798 3457 congeriehus
823 3393 1079 3462 lapidum,
1106 3409 1196 3453 aut
1233 3417 1263 3455 a
1296 3415 1439 3458 terra
1471 3421 1535 3461 ex
1560 3377 1666 3479 qua
1699 3423 1760 3467 et

177 3472 471 3531 conﬂatum
493 3481 726 3548 est,jam
762 3499 867 3540 non
901 3491 1146 3557 estquod
1185 3505 1306 3547 erat
1335 3495 1386 3550 in
1421 3472 1603 3554 monte
1647 3520 1661 3555 :
1706 3515 1760 3558 et

177 3566 410 3632 apostoli
443 3583 473 3623 a
503 3568 703 3627 Judaais
729 3578 962 3646 accepti,
984 3578 1094 3646 jam
1116 3599 1221 3636 non
1247 3597 1374 3639 sunt
1401 3604 1465 3643 ex
1501 3591 1628 3646 illis.
1654 3593 1757 3650 Per

179 3653 359 3725 ignem
413 3662 558 3716 enim
614 3668 909 3734 emundati,
965 3670 1112 3726 aliud
1158 3689 1316 3742 quant
1368 3678 1572 3750 lapides
1628 3684 1754 3742 facti

178 3755 329 3800 sunt.
384 3747 464 3802 illi
506 3753 647 3807 enim
693 3755 1161 3816 interﬁciebantur
1211 3777 1270 3821 ut
1312 3747 1434 3824 non—
1467 3773 1758 3834 adorarent

175 3836 319 3892 idola
350 3856 365 3905 ;
391 3851 447 3896 et
484 3843 792 3912 lapidabant
822 3848 1042 3919 Moysen
1093 3858 1218 3925 quia
1262 3878 1366 3917 non
1424 3869 1756 3925 concedebat

173 3929 256 3984 eis
283 3933 554 3989 adorare:
586 3935 894 4007 Stephanus
922 3955 1100 4001 autem
1135 3952 1319 4006 statim
1354 3971 1418 4009 ex
1456 3958 1588 4025 ipsis
1617 3961 1754 4030 lapi-

170 4019 428 4088 dabatur,
457 4045 523 4082 eo
563 4033 708 4100 quod
748 4052 855 4091 non
893 4043 1110 4111 negavit
1141 4060 1305 4102 causa
1348 4019 1531 4106 crucis
1571 4019 1752 4108 Domi-

171 4127 299 4165 num
328 4113 534 4171 Jesmn.
573 4121 735 4180 Putas
767 4126 856 4181 isti
895 4146 960 4184 ex
992 4131 1194 4190 Judteis
1223 4141 1397 4192 sunt?
1427 4139 1622 4198 Petrus
1657 4145 1747 4214 qui

173 4203 394 4263 inverso
427 4212 606 4280 capite
635 4215 825 4274 aiiixus
864 4231 948 4276 est
979 4226 1150 4291 cruci,
1197 4226 1397 4284 Paulus
1434 4235 1525 4301 qui
1566 4250 1750 4305 perse-

167 4301 442 4356 cutionem
481 4313 562 4359 est
591 4322 806 4376 passus,
853 4323 908 4366 et
946 4316 1212 4384 gloriatus
1252 4331 1336 4375 est
1378 4325 1428 4376 in
1469 4301 1746 4394 periculis.

168 4391 276 4448 Sed
306 4399 652 4456 meminimus
699 4404 846 4461 Petri
886 4419 937 4462 et
981 4408 1131 4464 Pauli
1158 4425 1209 4467 et
1241 4391 1520 4486 Stephani.
1556 4419 1748 4478 Petrus

165 4492 296 4539 ante
330 4501 548 4542 crucem
577 4491 821 4550 infirmus
865 4507 920 4551 et
958 4497 1215 4567 incertus,
1259 4514 1314 4558 et
1353 4515 1434 4560 ter
1471 4510 1746 4581 abnegans

165 4572 453 4631 Dominum
480 4596 496 4644 ;
522 4585 739 4649 quando
780 4587 954 4657 magis
999 4595 1288 4658 oportebat
1323 4611 1446 4652 eum
1496 4608 1745 4672 negare?

1879 1997 1958 2067 pit
1985 1997 2227 2055 clamare
2251 2010 2308 2056 et
2337 2000 2405 2054 ad
2438 1999 2692 2071 populum
2729 1997 2914 2056 dicere
2950 2016 2967 2055 :
3021 1997 3136 2053 Viri
3177 1997 3373 2067 fratres
3409 2006 3458 2053 et

1875 2097 2076 2157 patres,
2105 2090 2286 2144 audite
2305 2090 2372 2144 ⁸⁸.
2399 2089 2634 2145 Puellam
2661 2105 2769 2145 non
2793 2090 2967 2156 audis,
2999 2101 3048 2146 et
3078 2090 3225 2146 viros
3258 2088 3457 2144 fratres

1876 2191 1928 2235 et
1963 2193 2142 2250 patres
2170 2197 2333 2238 vocas
2363 2193 2421 2238 ut
2451 2182 2784 2238 suadeantur
2817 2183 2841 2238 τ
2887 2182 2945 2238 in
2992 2191 3148 2237 nocte
3184 2194 3349 2251 negas
3394 2179 3447 2233 in

1874 2306 1978 2362 qua
2019 2308 2209 2368 posses
2237 2305 2294 2352 et
2317 2295 2508 2362 latere,
2543 2305 2595 2352 et
2622 2296 2784 2352 tertia
2817 2298 2946 2352 hora
2976 2307 3298 2353 constanter
3331 2312 3450 2367 pro-

1874 2383 2118 2441 clamans
2147 2386 2393 2457 loqueris
2411 2387 2478 2442 ad
2504 2391 2761 2458 populum
2800 2390 3160 2445 universum?
3191 2387 3296 2446 Sed
3319 2400 3449 2459 puta

1873 2475 1998 2543 quia
2028 2474 2228 2533 Petrus
2249 2481 2625 2535 contentiosus
2653 2491 2758 2546 est,
2782 2491 2836 2537 et
2863 2481 3045 2537 omnia
3080 2482 3290 2558 donans
3327 2480 3450 2537 Ma-

1869 2565 2062 2636 gistro,
2114 2583 2280 2626 ausus
2323 2571 2422 2626 fuit
2469 2570 2671 2628 Iudaeis
2720 2583 2777 2629 et
2824 2573 2990 2645 loqui,
3019 2590 3052 2628 a
3082 2573 3280 2644 quibus
3328 2575 3444 2644 ipsa

1870 2659 2094 2714 audacia
2121 2662 2349 2718 exstitit.
2395 2662 2861 2732 Quemadmodum
2902 2664 3078 2723 Judaei
3117 2682 3220 2722 non
3261 2668 3446 2724 statim

1869 2746 2102 2806 fustibus
2134 2763 2189 2806 et
2236 2754 2520 2824 lapidibus,
2555 2766 2648 2812 aut
2672 2759 2918 2828 quolibet
2957 2757 3065 2812 alio
3109 2774 3308 2830 genere
3346 2761 3446 2814 oh-

1871 2855 2030 2897 ruere
2079 2857 2396 2915 arguentem
2435 2847 2457 2901 ?
2491 2848 2547 2902 Si
2577 2850 2720 2904 enim
2753 2851 2940 2917 Deum,
2977 2854 3068 2923 qui
3097 2855 3251 2925 signa
3293 2855 3446 2924 fecit,

1866 2935 1984 2989 ausi
2028 2946 2153 2991 sunt
2206 2936 2423 3010 aiiigere
2466 2942 2640 3006 cruci,
2688 2946 3147 3010 quemadmodum
3222 2947 3444 3006 Petrum

1865 3028 2280 3085 convincentem
2314 3046 2408 3088 eos
2458 3045 2578 3102 post
2621 3036 2785 3092 istam
2816 3040 3095 3094 audaciam
3125 3057 3231 3095 non
3259 3043 3444 3098 statim

1866 3117 2098 3175 fustibus
2125 3133 2216 3176 aut
2246 3123 2517 3193 lapidibus
2563 3128 2908 3184 obruerunt?
2945 3130 3099 3187 Nunc
3145 3148 3278 3204 ergo
3319 3145 3450 3192 sunt

1865 3209 1918 3264 in
1947 3213 2259 3282 captivitate
2288 3225 2343 3270 et
2367 3217 2762 3286 hmniliatione,
2812 3237 2933 3276 cum
2977 3224 3130 3280 lloret
3169 3227 3443 3294 Ecclesia;

1864 3316 1920 3358 et
1961 3310 2191 3363 adorant
2236 3309 2518 3366 nobiscum
2561 3323 2617 3369 et
2667 3330 2823 3385 reges
2869 3328 2924 3373 et
2964 3318 3194 3388 iudices.
3232 3321 3448 3380 Audeat

1863 3401 1983 3467 quis
2023 3403 2232 3471 ingredi
2256 3419 2606 3476 synagogam,
2647 3410 2796 3466 visus
2819 3412 2943 3468 licet
2967 3412 3082 3485 (82)
3106 3414 3352 3485 alicujus,
3386 3427 3442 3473 et

1861 3493 2064 3556 dicere,
2113 3493 2270 3552 Jesus
2304 3499 2597 3555 crucilixus
2642 3498 2814 3558 Filius
2860 3513 2948 3558 est
2991 3504 3105 3560 Dci.
3156 3505 3211 3559 Si
3247 3508 3446 3562 exierit

1861 3586 2055 3641 exinde
2076 3587 2100 3640 ?
2125 3598 2181 3644 et
2213 3590 2314 3645 hoc
2345 3605 2468 3646 cum
2502 3608 2606 3647 non
2641 3595 2713 3648 sit
2742 3611 2808 3651 ex
2852 3595 3074 3662 .ludzeis,
3116 3600 3210 3654 sed
3246 3615 3310 3654 ex
3345 3615 3441 3654 no-

1861 3673 1944 3728 bis
1974 3693 1986 3728 :
2020 3690 2142 3729 cum
2173 3689 2228 3733 et
2279 3680 2426 3750 leges
2476 3683 2773 3749 vindicant,
2808 3697 2863 3742 et
2892 3703 3046 3760 reges
3081 3695 3333 3756 adorant,
3385 3703 3440 3748 et

1861 3781 1985 3821 cum
2038 3767 2279 3827 Ecclesia
2317 3783 2458 3830 tenet
2496 3775 2632 3848 (85).
2695 3777 2753 3832 Si
2790 3791 2972 3836 autem
3019 3799 3162 3839 nunc
3208 3798 3312 3838 non
3358 3794 3442 3840 est

1858 3859 1974 3914 sine
2003 3862 2243 3930 periculo
2273 3866 2504 3936 aliquem
2532 3886 2637 3925 non
2685 3870 2930 3930 Judxeutn
2968 3876 3176 3944 ingredi
3213 3877 3265 3930 in
3305 3891 3438 3948 syn-

1856 3967 2080 4021 agogam
2135 3969 2322 4010 eorum
2373 3961 2463 4028 qui
2499 3962 2550 4014 in
2576 3965 2896 4031 captivitate
2919 3967 3210 4032 habentur,
3241 3981 3295 4024 et
3331 3972 3435 4050 hoc

1858 4042 1911 4094 in
1952 4048 2068 4100 vico
2096 4048 2184 4101 ubi
2222 4060 2330 4104 tres
2365 4061 2459 4106 aut
2499 4064 2734 4122 quatuor
2781 4059 3106 4129 colliguntur
3152 4060 3344 4128 Judzei,
3369 4042 3438 4121 ‘et

1855 4138 2036 4192 dicere
2071 4144 2352 4198 veritatem
2379 4163 2394 4209 ;
2432 4149 2887 4214 quemadmodum
2919 4153 3110 4211 Petrus
3135 4173 3199 4212 ex
3230 4156 3433 4216 Judaeis

1853 4227 2107 4288 Galilzeus
2128 4235 2275 4291 ?Nec
2298 4238 2440 4291 enim
2467 4238 2568 4294 hoc
2586 4252 2670 4296 est
2689 4246 2870 4301 dicere
2892 4250 3017 4316 quia
3044 4252 3432 4318 ingenuitatem

1853 4320 1971 4388 ejus
2007 4325 2364 4392 honorarunt,
2394 4338 2449 4383 et
2482 4346 2586 4383 non
2626 4343 2750 4387 sunt
2773 4338 2888 4390 ausi
2916 4355 2930 4391 :
2963 4354 3063 4392 nec
3090 4342 3215 4407 quia
3247 4345 3433 4398 erudi-

1853 4415 2075 4478 tionem,
2114 4435 2212 4473 nec
2251 4421 2377 4487 quia
2407 4423 2648 4477 divitias.
2679 4425 2799 4481 Jam
2827 4441 3005 4484 autem
3059 4448 3158 4488 nec
3194 4438 3433 4503 piscator

1850 4515 1989 4572 erat,
2023 4510 2114 4563 sed
2148 4528 2318 4581 egeno
2345 4519 2611 4584 egentior.
2662 4519 2717 4574 in
2762 4531 2969 4576 tantmn
3023 4533 3202 4579 autem
3245 4527 3432 4583 aderat

1849 4598 1895 4649 ei
1927 4608 1984 4652 ut
2018 4616 2122 4654 non
2149 4603 2482 4674 loqueretur,
2502 4611 2593 4677 qui
2621 4610 2746 4666 dum
2778 4615 3185 4683 periclitaretur
3207 4621 3430 4685 animae,

165 4678 287 4721 cum
321 4670 497 4725 adhuc
535 4675 743 4730 viveret
768 4681 1030 4749 magister
1063 4684 1086 4736 ?
1119 4695 1213 4739 aut
1266 4698 1390 4743 tunc
1431 4670 1741 4752 cum—satis

168 4756 262 4780 -tk:
295 4757 415 4780 l'.--2.
456 4763 538 4780 -..ο
579 4779 589 4780 γ
634 4775 645 4780 -
840 4779 844 4780 ,
988 4773 1009 4780 ,ι
1068 4773 1119 4780 .-.-

1868 4700 1903 4742 :t
1935 4690 2366 4763 interrogaretur
2396 4700 2440 4752 si
2471 4700 2727 4760 Galilazus
2778 4717 2946 4768 esset.
2999 4724 3204 4780 negans
3247 4723 3301 4767 et
3352 4716 3429 4767 di-

167 4756 262 4811 sibi
294 4757 421 4812 fecit
449 4763 539 4830 qui
567 4775 651 4819 est
711 4773 1010 4825 mortuus?
1065 4773 1120 4827 Si
1167 4791 1346 4832 autem
1400 4797 1574 4851 neque
1613 4798 1741 4842 ante

169 4859 398 4903 mortem
433 4866 678 4922 negaret,
727 4870 872 4913 esset
913 4867 1307 4924 contentiosum
1355 4876 1536 4929 omnia
1567 4879 1738 4932 domi-

167 4943 349 4996 nantis
384 4942 639 5013 Magistro
665 4949 802 5021 (8i).
834 4953 888 5008 Si
922 4968 1099 5012 autem
1131 4971 1256 5014 ante
1293 4978 1512 5020 crucem
1552 4982 1733 5040 negat,

161 5042 214 5088 et
242 5044 326 5089 ter
359 5050 462 5089 non
491 5039 830 5108 simpliciter,
870 5049 961 5101 sed
998 5063 1092 5113 per
1120 5065 1305 5105 vocem
1339 5056 1526 5120 puella:
1555 5039 1734 5125 unius,

164 5132 216 5177 et
248 5124 353 5179 hoc
378 5123 606 5184 Domino
640 5134 968 5200 praedicente
1005 5140 1077 5203 ei,
1108 5151 1161 5193 et
1199 5151 1348 5196 certe
1389 5146 1452 5202 si,
1469 5162 1575 5200 non
1615 5165 1737 5216 pro-

163 5225 277 5286 pter
337 5219 508 5285 aliud,
569 5235 788 5293 prepter
853 5233 1312 5300 contemptionem
1370 5239 1738 5304 praedictionis

164 5305 384 5363 deberet
411 5307 603 5367 Petrus
633 5327 740 5368 non
775 5329 994 5384 negare.
1046 5319 1115 5374 Et
1138 5334 1288 5378 certe
1321 5340 1442 5378 cum
1474 5327 1736 5386 Dominus

1849 4796 2001 4846 cens,
2038 4800 2168 4851 non,
2201 4788 2255 4841 in
2285 4789 2397 4859 ipsa
2430 4791 2786 4864 abnegatione
2814 4800 3093 4856 convictus
3130 4814 3235 4856 est.
3291 4805 3427 4872 Quia

1847 4876 1990 4929 enim
2020 4882 2280 4934 naturalis
2307 4894 2390 4937 est
2427 4884 2620 4955 lingua:
2642 4889 2777 4958 (84),
2801 4894 2971 4960 partis
3010 4896 3428 4968 uniuscujusque

1848 4979 2007 5023 teri-aa
2049 4977 2399 5032 meditantem
2434 4983 2713 5038 assnelieri
2743 4988 2808 5039 ad
2829 4987 3211 5056 eloquendum,
3247 4993 3426 5049 oriens

1847 5062 1911 5115 ad
1957 5064 2118 5119 aliam
2173 5083 2380 5137 partem
2435 5076 2622 5138 utitur,
2666 5077 2932 5148 Syrorum
2980 5083 3160 5153 lingua
3223 5086 3274 5140 in
3321 5089 3425 5142 alio

1845 5154 2062 5222 clamet,
2099 5164 2369 5220 nationem
2400 5170 2616 5235 quidem
2650 5169 2821 5239 ipsam
2851 5188 2994 5236 esse,
3028 5186 3287 5230 mutatam
3328 5195 3423 5232 an-

1847 5257 1952 5302 tem
1985 5251 2034 5304 in
2068 5269 2203 5312 sono
2248 5261 2454 5316 haheri.
2493 5263 2576 5317 Fit
2612 5267 2756 5322 enim
2789 5279 2841 5322 ct
2873 5270 2972 5325 hoc
3013 5275 3150 5342 apud
3173 5273 3422 5333 Judaeos:

1844 5350 1900 5393 et
1922 5353 2138 5403 caatera.
2196 5349 2401 5407 Galilzei
2458 5354 2722 5414 llebraica
2777 5361 2994 5430 quidem
3045 5366 3418 5436 loquebantur,

225 5488 272 5522 '°
306 5489 345 5544 li
375 5491 502 5546 Cor.
539 5512 658 5564 xm,
692 5497 747 5551 4.
825 5501 867 5531 ⁸¹
900 5499 1088 5557 Matth.
1128 5521 1273 5570 xxvi,
1300 5508 1489 5565 55-35.
1567 5513 1612 5541 ’"
1641 5512 1766 5567 Slalt

1868 5531 1975 5578 xvi,
2002 5517 2093 5574 22.
2173 5521 2217 5552 ⁸³
2241 5523 2360 5576 Act.
2396 5540 2488 5587 vn,
2517 5527 2570 5580 ει..

225 5609 340 5675 (79)
367 5609 584 5682 Statuit.
617 5616 670 5669 id
700 5631 804 5682 est,
836 5622 989 5674 stitit.

226 5683 338 5750 (80)
373 5679 598 5750 Judwis.
633 5679 799 5742 Forte
831 5690 1081 5747 Jndwns.

226 5749 341 5820 (8i)
387 5749 582 5829 Omnia
635 5759 983 5829 dominantis.
1034 5764 1194 5820 Forte
1248 5773 1426 5824 omnia
1483 5774 1731 5829 donantis

163 5817 438 5900 Magistro.
499 5824 590 5880 Sic
626 5828 785 5895 paulo
833 5842 953 5908 post
991 5852 1008 5908 :_
1051 5835 1150 5888 Sed
1176 5817 1488 5908 ἰιγέίὶιῖμὶιιι
1540 5817 1728 5901 I’cmi;

162 5897 518 5947 contentiosut
551 5907 649 5962 est,
681 5906 730 5953 et
762 5897 935 5955 ont'nt'a
978 5897 1491 5976 tlunanadlngidtru.

1922 5638 2037 5718 (8‘2)
2077 5640 2229 5696 Visus
2253 5647 2394 5730 licet.
2419 5649 2691 5730 Quamvis
2717 5655 2962 5726 aliquam
3000 5659 3411 5730 st-ecicmdigni

1847 5713 1975 5762 tatis
2011 5727 2106 5766 ore
2142 5731 2204 5767 ac
2237 5718 2384 5768 vultu
2421 5722 2737 5785 praeferens.

1911 5800 2025 5870 (85)
2067 5802 2246 5858 Tenet.
2283 5808 2509 5879 Κρατεῖ.

1911 5894 2024 5959 (δι)
2056 5892 2156 5952 Ms.
2183 5897 2448 5958 Nummic
2479 5916 2553 5958 est
2585 5907 2802 5978 linguis.
