4072 6426
690 457 831 513 1107

1356 444 1623 501 EUSEBII
1662 438 2139 497 CASSARIENSIS
2178 437 2328 493 OPP.
2372 438 2553 494 PARS
2590 435 2681 493 IV.
2722 467 2792 478 —
2833 433 3253 491 DOGMATICA.

3825 430 3939 484 “03

692 575 869 644 lingua
920 577 1097 629 autem
1153 564 1392 636 impediti
1447 572 1539 618 aut
1582 564 1932 644 immutantes
1980 559 2268 617 convince-
2296 561 2336 616 Α
2368 574 2471 627 qua
2504 572 2599 627 spe
2632 555 2783 622 elati,
2814 554 2944 625 quid
2976 563 3102 607 ante
3129 551 3321 607 oculos
3365 548 3640 644 habentes
3666 547 3789 601 ausi
3832 558 3938 644 sunt

691 640 888 720 bantur
916 660 1040 731 quia
1076 674 1180 715 non
1203 666 1359 713 erant
1391 671 1423 713 e
1450 655 1693 711 civitate.
1725 640 1879 710 Sicut
1905 664 1960 708 et
1981 652 2122 722 apud
2160 664 2257 705 nos

689 768 833 811 nunc
866 752 1117 813 eﬁicitur,
1152 751 1240 819 qui
1277 762 1436 818 agros
1490 745 1757 814 habitant,
1806 746 2158 800 immutantur
2190 747 2258 797 ab

685 848 766 901 eis
798 846 887 915 qui
938 845 993 899 in
1047 843 1361 900 civitatibus
1400 841 1713 895 habitantes
1754 838 1989 909 linguam
2032 838 2253 891 habent.

690 935 855 992 Forte
890 944 1069 989 autem
1099 942 1151 986 et
1181 932 1600 999 uniuscuiusque
1634 929 1837 985 civitati
1870 928 2060 983 vicina:
2084 927 2258 982 diver-

687 1044 803 1081 sam
834 1027 1033 1081 habent
1060 1025 1295 1095 linguam
1332 1033 1551 1094 propter
1578 1018 2020 1077 consuetudinem
2051 1034 2245 1073 assue-

688 1127 822 1171 tam.
857 1115 981 1171 llazc
1010 1129 1131 1169 cum
1187 1114 1258 1167 ita
1306 1121 1615 1183 agerentur,
1660 1124 1725 1163 ex
1764 1109 2154 1165 consuetudine
2182 1108 2254 1163 ita

683 1210 961 1277 apparent.
1007 1205 1062 1261 ιιι
1116 1205 1257 1260 libro
1307 1201 1551 1259 Judicum
1584 1202 1841 1271 scriptum
1878 1208 1962 1255 est
2014 1198 2095 1265 ⁸⁸,’
2128 1200 2252 1269 quia

683 1299 930 1367 provenit
965 1296 1163 1353 bellum
1188 1297 1326 1350 inter
1344 1310 1402 1349 se
1426 1308 1580 1364 agere
1607 1302 1824 1363 propter
1852 1293 2249 1348 accusationem

683 1387 863 1442 nescio
902 1403 1061 1457 quam
1088 1402 1155 1442 ex
1184 1386 1335 1439 istius
1358 1384 1527 1453 partis
1557 1381 1677 1454 (sic)
1708 1381 1970 1437 homines.
1997 1381 2252 1437 Commu-

680 1479 765 1534 nis
788 1480 931 1535 enim
962 1487 1078 1534 erat
1107 1476 1465 1533 circumcisio.
1506 1475 1563 1531 Si
1603 1477 1668 1531 ad
1714 1475 1937 1531 alteram
1973 1475 2247 1528 venissent

682 1578 913 1637 partem,
954 1580 1046 1636 per
1078 1565 1313 1637 linguam
1344 1576 1463 1622 erat
1488 1580 1674 1621 eorum
1697 1565 1972 1620 discretio.
2002 1564 2242 1618 Interro-

682 1660 879 1729 gabant
914 1659 1057 1713 enim
1096 1658 1327 1713 victores
1384 1670 1479 1712 eos
1521 1671 1655 1726 quos
1711 1656 1954 1711 vicerant
1997 1656 2249 1710 undees-

682 1757 804 1805 sent
832 1766 845 1802 :
883 1761 977 1817 pro
1006 1746 1180 1801 salute
1202 1762 1269 1802 ex
1305 1754 1456 1817 parte
1478 1746 1706 1801 adversa
1737 1746 1945 1812 haberi,
1980 1758 2248 1816 propone-

682 1842 810 1893 bant
842 1852 1144 1893 sermonem
1174 1839 1483 1908 quemdam,
1531 1853 1635 1893 non
1680 1846 1931 1907 poterant
1974 1849 2121 1892 recte
2170 1837 2243 1891 ita

2367 651 2517 706 hoc?
2559 648 2713 706 Unde
2764 658 2942 705 autem
2992 646 3074 701 eis
3124 646 3241 700 haec
3291 640 3633 713 prudentia?
3680 642 3939 710 quomodo

2363 755 2520 814 putas
2546 741 2768 797 adunati
2810 742 2927 796 haec
2957 737 3304 808 impudenter
3333 735 3403 789 ad
3438 734 3769 789 alterutrum
3805 730 3938 785 diue-

2366 838 2516 900 bant,
2562 833 2815 905 Magister
2837 831 3027 888 fefellit
3059 828 3201 885 nos?
3229 828 3367 896 Quia
3414 842 3550 898 ergo
3593 824 3792 882 fefellit
3826 840 3934 892 nos,

2360 938 2414 982 et
2444 940 2541 981 nos
2574 924 2822 979 fallamus
2857 924 3141 978 mundum.
3182 920 3446 976 Dicebant
3476 921 3605 991 quia
3660 920 3938 976 suscitavit

2361 1032 2458 1072 nos
2492 1016 2628 1089 (87),
2655 1024 2711 1071 et
2742 1016 2857 1085 ipse
2890 1023 3136 1071 mortuus
3185 1028 3290 1069 non
3346 1013 3677 1069 resurrexit.
3735 1014 3795 1069 Si
3829 1013 3937 1069 hac

2358 1111 2694 1166 conscientia
2725 1124 2914 1165 eorum
2949 1109 3021 1164 ita
3056 1109 3221 1163 sciret
3263 1121 3387 1162 esse
3429 1109 3735 1172 contraria,
3780 1108 3937 1163 debe-

2362 1212 2480 1258 rent
2530 1204 2732 1271 dicere,
2786 1211 2841 1258 et
2897 1216 3119 1272 negare,
3166 1210 3220 1257 et
3270 1199 3557 1271 pasniteri,
3595 1208 3654 1255 et
3686 1198 3935 1255 conﬁteri

2357 1311 2625 1360 errorem,
2669 1304 2725 1351 et
2771 1303 2900 1349 ante
2928 1294 3147 1351 Iudaeos
3177 1294 3359 1349 dicere
3393 1307 3514 1363 quae
3556 1292 3827 1349 dicebant
3852 1290 3938 1347 ιυ-

2356 1386 2455 1440 dmi
2518 1384 2685 1457 (88):
2734 1383 2992 1440 seductor
3046 1392 3186 1448 erat,
3231 1383 3447 1438 seduxit
3502 1398 3650 1447 nos;
3707 1381 3934 1451 putaba-

2356 1491 2516 1543 mus,
2596 1476 2947 1546 promittebat
3000 1474 3491 1538 resurrectionem;
3556 1472 3743 1543 arguit
3817 1487 3936 1527 eum

2353 1568 2747 1638 operimentum
2769 1565 2905 1638 (89).
2936 1565 3224 1621 Debuisset
3250 1565 3626 1634 unusquisque
3653 1576 3939 1619 recurrere

2353 1656 2420 1712 ad
2453 1657 2587 1713 retia
2612 1666 2858 1727 paterna,
2888 1656 3178 1728 prgvidere
3211 1655 3313 1709 sibi
3354 1655 3584 1717 victum,
3641 1653 3930 1719 abscondi,

2351 1748 2676 1803 erubescere
2713 1747 3007 1803 falsitatem
3054 1745 3317 1817 Magistri,
3348 1745 3627 1816 propriam
3658 1745 3940 1806 seductio-

2354 1854 2475 1895 nem
2517 1838 2822 1904 occultare,
2856 1836 3024 1892 multo
3069 1838 3247 1907 magis
3267 1836 3488 1906 iurgare
3522 1834 3640 1907 (90)
3678 1836 3813 1906 quia
3844 1850 3940 1892 nec

682 1932 827 2013 loqui
858 1930 999 2004 (85).
1026 1940 1087 1987 ut
1136 1931 1211 1986 illi
1261 1932 1353 2003 qni
1407 1931 1847 2002 interrogabant:
1876 1941 1927 1986 et
1951 1930 2043 2000 qui
2076 1944 2243 2001 nega-
2279 1922 2321 1981 Β
2352 1933 2583 1987 vidimus
2620 1945 2768 1987 eum.
2823 1928 2951 1985 Haec
2988 1928 3246 1984 deberent
3277 1927 3480 1995 facere,
3514 1928 3563 1984 si
3595 1942 3729 1982 vera
3757 1936 3939 1983 essent

680 2025 832 2091 bant,
862 2041 927 2082 ex
954 2024 1132 2095 lingua
1172 2035 1547 2096 arguerentur.
1587 2021 1699 2079 Hoc
1720 2024 1887 2090 enim,
1918 2022 1971 2077 in
2012 2034 2246 2091 evange-

686 2117 775 2173 liis
806 2125 1097 2182 renovatur
1140 2118 1280 2185 quod
1309 2116 1448 2186 apud
1472 2113 1691 2171 Judices
1722 2114 1981 2185 scriptum
2011 2122 2116 2169 est.
2146 2111 2246 2168 Pe-

680 2220 795 2263 trus
825 2208 968 2263 enim
1009 2207 1241 2279 negabat
1272 2221 1330 2263 se
1356 2207 1499 2262 scire
1552 2207 1825 2263 hominem
1863 2220 1879 2260 :
1930 2204 2112 2275 lingua
2158 2224 2247 2263 au-

682 2310 790 2354 tem
826 2314 923 2369 per
955 2300 1122 2367 ipsam
1152 2300 1558 2372 abnegatimiem
1586 2302 1939 2358 convincebat
1962 2317 2084 2358 eum
2118 2302 2243 2375 quia

673 2389 925 2447 Galilzeus
955 2400 1092 2445 erat.
1128 2388 1232 2445 Iste
1269 2389 1461 2446 Petrus
1481 2391 1571 2461 qui
1599 2392 2034 2462 periclitabatur,
2063 2400 2119 2448 et
2145 2409 2241 2448 cn-

672 2483 853 2552 piebat
881 2496 1031 2537 suam
1060 2480 1349 2536 immutare
1378 2482 1612 2553 linguam
1647 2498 1677 2537 a
1708 2482 1925 2539 Galilaea
1963 2483 2031 2537 ad
2050 2480 2239 2538 Judaic

671 2592 813 2645 cam,
847 2575 910 2631 et‘
935 2589 1126 2645 parum
1168 2574 1296 2644 quid
1334 2576 1630 2646 corrigere,
1662 2575 1777 2630 haec
1828 2576 2053 2645 cupiens
2080 2586 2136 2631 et
2161 2576 2242 2631 fe—

671 2669 882 2723 stinans
924 2675 978 2721 et
1025 2675 1251 2722 mortem
1308 2667 1525 2733 timens,
1571 2667 1719 2722 dicat
1770 2667 1898 2736 quid
1948 2667 2238 2737 putaverit.

674 2762 956 2830 Quomodo
987 2761 1135 2817 omni
1162 2761 1361 2816 mundo
1380 2760 1620 2831 loquitur
1640 2760 1745 2815 iste
1773 2757 2011 2828 ludens,
2041 2762 2148 2816 imo
2172 2777 2241 2818 ex

675 2852 877 2908 indicis
906 2851 1043 2925 (86),
1071 2853 1239 2916 dicat,
1269 2863 1323 2907 et
1344 2853 1577 2924 gentiles
1601 2853 1907 2907 convincat.
1957 2852 2111 2908 Unde
2137 2853 2241 2909 iste

670 2945 757 2998 cui
790 2944 907 2999 sine
929 2956 1065 3000 voce
1091 2951 1213 2999 erat
1261 2942 1467 3015 lingua,
1527 2941 1666 2995 unde
1718 2939 1912 2995 Petrus
1957 2939 2239 3009 loquitur?

671 3036 777 3093 Sed
820 3051 926 3091 non
976 3046 1060 3091 est
1107 3034 1339 3105 locutus,
1386 3033 1482 3089 sed
1538 3042 1723 3088 tacens
1752 3031 1922 3087 suasit
1955 3032 2235 3087 mundum.

669 3129 922 3199 Maiorem
955 3127 1113 3184 nobis
1140 3127 1239 3182 das
1282 3125 1736 3182 admirationem:
1784 3126 1830 3180 is
1870 3125 1960 3197 qui
2007 3125 2237 3195 negabat

668 3222 763 3277 sed
805 3220 1018 3276 locutus
1052 3227 1161 3285 est,
1213 3232 1319 3289 qua
1355 3217 1575 3289 lingua?
1610 3217 1739 3288 ipsis
1769 3217 1915 3271 enim
1957 3218 2050 3286 qui
2093 3216 2234 3287 apud

672 3310 1098 3382 Hierosolymam
1130 3318 1310 3375 erant,
1354 3309 1625 3379 quomodo
1658 3317 1870 3379 poterat
1913 3307 2103 3378 loqui?
2146 3319 2232 3362 ta-

673 3418 794 3458 men
847 3402 1108 3471 loquitur,
1158 3409 1214 3456 ct
1254 3409 1372 3470 post
1425 3409 1659 3469 quantos
1706 3401 1825 3456 dies
1874 3401 2237 3458 couvictionis

670 3509 798 3549 cum
826 3507 921 3562 per
943 3492 1174 3562 linguam
1203 3500 1286 3546 est
1315 3490 1639 3548 convictus?
1670 3492 1770 3548 iste
1798 3502 1914 3548 erat
1941 3492 2059 3548 dies
2078 3494 2238 3563 quin-

671 3585 1001 3655 quagesima
1049 3582 1368 3653 completio,
1455 3582 1833 3651 abnegationis
1866 3594 2045 3640 autem
2090 3584 2234 3640 Petri

668 3685 797 3731 ante
825 3676 1217 3745 quinquaginta
1241 3674 1358 3729 dies
1382 3674 1565 3743 passio
1591 3675 1767 3731 fuerat
1799 3675 2032 3731 Domini.
2070 3675 2236 3733 Putas

668 3769 723 3825 in
754 3766 1142 3839 quinquaginta
1170 3765 1361 3823 diebus
1393 3768 1629 3837 piscator
1658 3768 1967 3824 rusticanus
2009 3782 2078 3824 ex
2111 3770 2235 3824 vico

666 3859 874 3915 studuit
901 3872 1115 3913 omnem
1147 3857 1386 3929 linguam
1410 3859 1433 3913 ?
1458 3860 1513 3913 In
1538 3858 1761 3914 Actibus
1788 3860 1932 3914 enim
1974 3861 2232 3931 scriptum

666 3959 753 4005 est
781 3947 1149 4017 apostolorum
1177 3957 1270 4003 :et
1301 3963 1411 4003 non
1440 3949 1723 4012 credatur,
1759 3948 1802 4003 si
1840 3965 1926 4005 res
1958 3949 2089 4020 ipsa:
2128 3967 2231 4006 non

669 4037 1033 4092 consentiunt.
1066 4035 1335 4108 Scriptum
1366 4049 1450 4093 est
1470 4039 1616 4093 enim
1641 4038 1768 4108 quia
1810 4042 1938 4093 dum
1976 4040 2234 4111 implere-

669 4138 758 4189 tur
803 4130 919 4185 dies
968 4130 1437 4201 quinquagesima,
1473 4140 1631 4186 erant
1687 4132 1905 4188 adunati
1957 4134 2011 4188 in
2067 4125 2230 4189 duum

666 4222 897 4290 apostoli
925 4219 994 4288 ⁸³,
1027 4236 1161 4291 quos
1194 4232 1470 4291 sparserat
1498 4223 1715 4291 quidem
1746 4239 1903 4291 crux,
1935 4225 2232 4296 collegerat

666 4322 847 4366 autem
895 4313 1259 4379 resurrectio;
1296 4320 1352 4367 et
1378 4312 1629 4368 adunatis
1663 4314 1849 4370 iisdem
1878 4314 2069 4372 divisa:
2108 4326 2235 4373 sunt

665 4408 860 4479 lingute
890 4418 1143 4479 tanquam
1170 4410 1309 4481 ignis
1334 4410 1633 4466 dividentes
1659 4452 1676 4477 ,
1725 4422 1779 4468 et
1816 4413 2135 4469 insederunt
2176 4415 2231 4471 in

666 4514 1104 4570 unumquemque
1146 4501 1382 4567 illorum,
1425 4512 1481 4558 et
1522 4515 1808 4575 cmperunt
1850 4505 2051 4579 linguis
2087 4507 2230 4579 loqui

2348 2038 2468 2094 qua:
2519 2020 2692 2077 Judaei
2731 2020 3005 2076 volebant.
3061 2018 3167 2075 Sed
3225 2028 3384 2089 putas
3430 2018 3833 2074 convenientes
3888 2018 3937 2073 in

2346 2130 2509 2171 unum
2544 2114 2889 2183 impudenter
2932 2111 3186 2167 dicebant
3220 2110 3287 2165 ad
3317 2112 3688 2180 semetipsos:
3722 2108 3865 2177 Quid
3893 2110 3934 2165 si

2343 2206 2550 2265 seducti
2582 2206 2808 2263 sumus?
2830 2205 2923 2261 sed
2959 2220 3066 2260 non
3094 2204 3478 2260 concedamus.
3510 2200 3775 2273 Ilagister
3796 2217 3938 2258 mor-

2348 2310 2470 2356 tuus
2507 2309 2627 2367 est;
2660 2299 2905 2355 dicamus
2949 2297 3079 2369 quia
3115 2296 3415 2353 resurrexit
3444 2313 3459 2350 :
3490 2303 3552 2349 ut
3589 2295 3727 2365 quid
3764 2294 3937 2349 lucra-

2346 2391 2568 2446 rentur?
2592 2390 2721 2461 quid
2757 2389 3027 2446 commodi
3061 2386 3408 2459 acciperent?
3439 2387 3675 2441 aurum?
3702 2388 3802 2442 sed
3833 2402 3935 2441 non

2344 2484 2594 2554 permisit
2618 2483 2934 2539 mandatum
2967 2500 2982 2538 :
3008 2478 3338 2553 argentum?
3364 2488 3418 2534 et
3447 2480 3564 2548 ipsa
3598 2481 3741 2534 retia
3779 2479 3936 2534 dere-

2342 2574 2640 2644 liquerunt.
2674 2573 2781 2631 Sed
2816 2583 2875 2629 ut
2912 2572 3354 2629 honorarentur?
3379 2574 3468 2642 qui
3507 2572 3730 2627 inverso
3758 2572 3934 2643 capite

2341 2667 2715 2738 aﬁigebantur.
2740 2666 2901 2745 Quid
2935 2677 3054 2727 erat
3080 2666 3224 2737 quod
3255 2675 3442 2735 posset
3471 2681 3569 2722 eos
3601 2666 3841 2734 hortari,
3877 2674 3934 2721 ut

2342 2761 2702 2817 mentirentur
2730 2760 2799 2816 de
2827 2774 2895 2816 eo
2914 2760 3008 2829 qui
3045 2775 3151 2813 non
3180 2758 3597 2814 resurrexerat?
3619 2757 3761 2825 Quis
3790 2772 3931 2828 pra-

2341 2853 2531 2909 buerat
2577 2851 2659 2907 eis
2717 2850 3043 2907 audaciam?
3102 2849 3161 2904 ln
3206 2864 3316 2920 quo
3365 2849 3706 2904 conﬁdentes
3750 2860 3931 2906 esseut

2340 2942 2647 2999 inscientia
2691 2957 2836 3008 suae,
2895 2940 3226 3010 rusticitati,
3286 2941 3651 3013 ingenuitati,
3700 2940 3930 3007 divitiis.

2340 3034 2692 3109 multitudini,
2723 3034 3009 3091 duodecim
3058 3036 3127 3089 ad
3167 3034 3466 3089 mundum?
3510 3032 3618 3090 Sed
3662 3036 3927 3104 pradica-

2340 3129 2541 3185 tionem
2575 3128 2694 3196 ejus
2728 3127 2819 3197 qui
2852 3124 3045 3182 allisus
3078 3135 3162 3182 est
3191 3126 3361 3182 cruci.
3401 3122 3585 3196 Ipsum
3619 3127 3800 3183 solum
3833 3143 3929 3182 au-

2340 3220 2469 3275 dere
2498 3219 2653 3275 exire
2694 3220 2762 3273 ad
2808 3220 3092 3286 mundum,
3122 3220 3327 3287 grande
3352 3228 3458 3276 est.
3500 3217 3637 3273 Puta
3670 3219 3776 3276 ista
3809 3222 3925 3276 ausi

2337 3321 2466 3368 sunt
2516 3328 2531 3365 :
2566 3309 2735 3367 Judaei
2776 3311 3048 3381 quomodo
3086 3311 3229 3382 passi
3283 3323 3411 3367 sunt
3464 3328 3573 3368 non
3612 3329 3710 3369 eos
3743 3317 3924 3370 statim

2336 3402 2690 3459 interimere?
2726 3400 2916 3457 Nonne
2944 3402 3120 3473 parati
3152 3413 3279 3458 sunt
3307 3403 3373 3457 ad
3414 3404 3928 3475 interemptionem?

2335 3494 2655 3567 Magistrum
2705 3493 3014 3560 aﬁiserunt,
3068 3496 3161 3565 qui
3213 3509 3315 3549 non
3347 3497 3523 3563 arguit
3554 3510 3653 3551 eos
3701 3498 3927 3553 homici-

2336 3588 2439 3644 das
2464 3604 2480 3642 :
2513 3587 2649 3644 istos
2674 3587 2765 3657 qui
2797 3586 3155 3642 cunvicerunt
3174 3587 3299 3658 quia
3323 3587 3613 3644 homicida
3634 3599 3789 3653 sunt,
3816 3605 3921 3644 non

2336 3678 2509 3733 multo
2542 3679 2719 3750 magis
2751 3678 3065 3735 debuissent
3098 3679 3443 3736 interimere?
3472 3679 3586 3736 Cur
3606 3682 3923 3752 sanguinem

2337 3772 2584 3845 Magistri
2613 3774 2792 3829 adhuc
2822 3773 3088 3830 habentes
3133 3774 3187 3829 in
3230 3774 3509 3840 manibus,
3534 3774 3819 3845 patiuntur
3844 3775 3925 3844 pi-

2334 3866 2627 3924 scatores?
2674 3874 2732 3923 et
2774 3876 2924 3923 certe
2973 3883 3101 3924 cum
3159 3868 3528 3925 interﬁcerent
3581 3868 3920 3939 Magistrum,

2337 3960 2440 4014 nisi
2483 3967 2735 4029 negasset
2774 3958 2967 4016 Petrus
3003 3961 3203 4017 fuisset
3242 3971 3506 4016 mortuus.
3534 3958 3640 4029 Qui
3669 3977 3805 4031 ergo
3832 3978 3922 4017 vo-

2334 4051 2518 4111 lebant
2540 4066 2662 4107 eum
2688 4059 2981 4123 antequam
3030 4063 3337 4109 moreretur
3357 4051 3620 4124 Magister
3647 4055 3919 4121 occidere,

2335 4142 2793 4213 quemadmodum
2820 4158 2944 4199 eum
2993 4159 3102 4198 non
3127 4144 3385 4199 occidunt
3419 4155 3543 4215 post
3571 4144 3819 4217 Magistri
3851 4150 3925 4203 in-

2337 4234 2757 4291 terfectionem?
2780 4235 3280 4306 quemadmodum?
3314 4251 3433 4306 qua;
3463 4246 3551 4294 est
3577 4240 3792 4295 causa?
3829 4241 3920 4295 sed

2336 4329 2626 4385 noluerunt
2671 4346 2687 4384 :
2738 4329 2944 4399 etquis
2993 4338 3079 4384 est
3108 4328 3201 4399 qui
3248 4332 3516 4385 convertit
3545 4348 3742 4387 eorum
3778 4348 3923 4389 men-

2336 4420 2485 4477 tem?
2534 4420 2642 4477 Sed
2689 4421 2981 4477 voluerunt
3029 4440 3043 4478 :
3090 4430 3147 4477 et
3193 4423 3316 4491 quis
3365 4430 3451 4478 est
3496 4424 3589 4492 qui
3643 4425 3922 4494 prohibuit

2334 4528 2523 4569 eorum
2547 4513 2921 4586 propositum?
2947 4516 3042 4571 sed
3064 4515 3358 4571 voluerunt
3377 4524 3431 4570 et
3453 4531 3561 4571 non
3591 4528 3917 4585 potuerunt:

661 4605 800 4661 quas
826 4604 931 4645 non
964 4592 1283 4647 didicerant.
1315 4591 1440 4649 Haec
1473 4594 1752 4667 Scriptura
1787 4597 1957 4664 dicit;
1995 4600 2087 4668 qtti
2116 4599 2230 4655 vult
2260 4622 2306 4678 ι)
2336 4616 2391 4661 et
2416 4606 2543 4677 quis
2584 4615 2668 4663 est
2698 4608 2790 4678 qui
2829 4608 3106 4679 superavit
3137 4622 3325 4663 eorum
3376 4608 3641 4664 malitiam
3663 4610 3691 4664 ἲ
3733 4626 3921 4681 quem-

664 4682 981 4753 interroget.
1032 4681 1088 4737 Si
1135 4699 1241 4738 non
1271 4693 1358 4740 est
1397 4686 1617 4753 factum,
1646 4690 1917 4758 quomodo
1944 4691 2231 4746 audierunt

660 4774 895 4842 gentes?
924 4774 1028 4829 Sed
1060 4778 1348 4832 audierunt
1374 4789 1585 4848 gentes.
1615 4780 1758 4848 Ergo
1790 4783 1931 4851 quod
1964 4784 2227 4855 scriptum

659 4875 764 4930 est,
801 4865 1002 4922 factum
1031 4878 1135 4923 est.
1161 4868 1290 4936 Quis
1324 4878 1408 4925 est
1435 4872 1526 4941 qui
1565 4873 1823 4927 donavit?
1848 4876 1940 4944 qui
1973 4887 2220 4932 mortuus

663 4964 788 5022 est;
844 4958 1138 5026 etquidem
1181 4969 1477 5033 antequam
1511 4974 1812 5035 pateretur,
1859 4982 1962 5022 non
2010 4967 2232 5023 donavit

663 5047 923 5117 linguam.
950 5049 1101 5118 Quod
1131 5067 1261 5123 ergo
1288 5070 1394 5110 non
1428 5055 1653 5111 donavit
1698 5069 1987 5128 antequam
2016 5071 2230 5131 patere-

664 5147 773 5205 tur,
806 5143 1260 5210 quemadmodum
1305 5146 1473 5203 donat
1516 5160 1779 5218 mortuus,
1826 5153 1928 5209 nisi
1963 5155 2091 5224 quia
2141 5169 2227 5210 re-

661 5233 941 5287 surrexit?
987 5233 1092 5290 Sed
1142 5252 1245 5292 non
1297 5241 1535 5303 donavit.
1591 5258 1688 5297 nec
1743 5259 1867 5299 vera
1914 5245 2041 5301 dicit
2078 5246 2224 5302 Scri-

663 5340 839 5394 ptura.
866 5328 1142 5395 Quomodo
1169 5335 1284 5388 ausi
1303 5348 1426 5391 sunt
1459 5341 1687 5409 apostoli
1714 5342 1863 5396 exire
1894 5343 1959 5396 ad
1993 5344 2223 5415 gentes?

730 5464 779 5496 “
810 5463 985 5521 Judic.
1020 5482 1116 5532 an,
1148 5467 1203 5525 6.
1291 5470 1338 5503 "
1362 5475 1479 5529 Act.
1510 5491 1569 5539 Il,
1606 5478 1656 5530 Ι.

877 5619 974 5699 ξι.
1007 5621 1266 5699 Naturale
1288 5639 1363 5681 est
1392 5632 1605 5699 lingua.

662 5690 851 5812 ιοέὲῗ)
882 5690 979 5748 Iis.
1015 5696 1326 5762 Quemdum,
1364 5690 1515 5770 quem
1558 5719 1659 5755 non
1691 5712 1931 5770 poterant
1977 5716 2112 5761 recte
2143 5705 2218 5761 ita

881 5829 974 5915 ,βε
998 5830 1225 5915 {edici}.
1251 5835 1414 5915 Forte
1440 5850 1487 5892 et
1510 5838 1737 5915 Judafis.

758 5900 847 5969 87)
874 5898 1155 5960 Sttseitavt't
1189 5923 1299 5965 nos.
1332 5908 1587 5968 Fortasse
1631 5913 1831 5969 dicebat
1885 5916 2009 5973 auia
2053 5918 2213 5973 susci-

2339 4691 2629 4755 admodum
2654 4701 2892 4771 superati
2924 4700 3087 4756 sunt?
3106 4700 3152 4754 si
3183 4714 3289 4754 non
3316 4708 3399 4755 est
3431 4699 3575 4756 facta
3605 4703 3915 4769 admiratio,

2338 4791 2610 4861 quomodo
2647 4793 2872 4849 vincunt
2893 4790 3234 4862 piscatores?
3272 4791 3411 4848 Ecce
3458 4793 3563 4845 alia
3600 4795 3913 4860 admiratio,

2331 4885 2376 4940 si
2411 4884 2553 4939 nulla
2574 4885 2935 4941 admiratione
2964 4884 3206 4939 vincunt.
3243 4884 3310 4939 Et
3341 4894 3491 4940 certe
3522 4885 3713 4940 volunt
3747 4886 3913 4943 Jndad

2332 4977 2600 5039 occidere,
2638 4984 2694 5031 et
2716 4975 2971 5032 concedit
2999 4975 3254 5032 Dominus
3272 4975 3353 5033 eis
3384 4987 3442 5032 ut
3462 4978 3741 5035 occidant.
3772 4978 3913 5035 Iar-

2332 5068 2528 5138 tyrium
2562 5067 2902 5138 itaque-tulit
2948 5068 3278 5138 Stephanus.
3309 5068 3593 5136 Quomodo
3621 5088 3759 5144 ergo
3792 5074 3911 5129 Ste-

2335 5160 2548 5227 phanus
2576 5158 2797 5229 quidem
2830 5161 2899 5213 ab
2941 5159 3060 5214 istis
3095 5160 3394 5215 occiditur?
3438 5159 3582 5217 Utile
3616 5165 3766 5218 enim
3796 5172 3911 5219 erat

2330 5250 2449 5317 ejus
2477 5251 2822 5323 martyrium,
2855 5261 2912 5305 ut
2936 5251 3248 5310 ﬁrmaretur
3275 5269 3372 5324 per
3405 5266 3637 5311 mortem
3674 5271 3909 5313 resurre

2329 5346 2437 5400 ctio
2465 5362 2481 5401 :
2511 5354 2567 5415 et
2605 5348 2792 5401 ceteri
2827 5361 2931 5400 non
2962 5348 3325 5405 occiduntur?
3358 5347 3465 5404 Sed
3512 5350 3689 5406 noluit
3729 5351 3905 5408 israel.

2329 5639 2647 5783 “$333.8.
2686 5710 2874 5766 Dicere
2896 5729 2958 5766 ru
2988 5728 3108 5783 (1⁸⁸⁸⁸
3139 5713 3381 5769 “ab”,
3411 5714 3619 5773 Iud“.

2403 5780 2516 5853 (89)
2544 5779 2645 5853 bis.
2676 5784 2864 5853 Argeit
2890 5779 3012 5836 enni
3039 5786 3472 5851 experimentum.

2403 5783 2494 5848 (89
2544 5783 2645 5839 Ms.
2676 5784 2864 5853 Arguit
2890 5798 3007 5836 eum
3039 5786 3228 5851 expet-it

2397 5783 2516 5923 (90;
2558 5850 2805 5924 Jargare.
2836 5852 2997 5912 Forte
3030 5853 3228 5918 iurare.
