4072 6410
194 411 334 470 “09

1265 414 1355 472 DE
1407 412 2017 474 RESURRECTIONE.
2054 447 2120 458 -—
2159 415 2288 472 LIB.
2324 415 2390 473 η.

3315 426 3450 480 mu

191 524 475 592 Quomodo
503 525 620 580 vult
653 523 1029 596 Stephanum?
1053 526 1128 583 De
1165 527 1271 585 hoc
1303 531 1554 586 concedit
1593 529 1778 585 Domi-
1803 537 1853 593 Α
1879 530 2115 585 deorum
2155 529 2399 600 primarii
2433 527 2753 603 Synagogze,
2787 539 2882 588 aut
2907 533 3266 592 transferrent
3291 539 3448 592 corda

191 631 294 672 nus
329 632 344 670 :
374 612 567 674 suﬂcit
611 617 713 673 hoc
755 617 824 673 ad
850 617 1154 673 victoriam.
1211 621 1494 688 Quomodo
1525 619 1772 677 concedit

193 706 553 782 Stephanum,
584 717 640 762 et
670 722 776 763 non
807 709 1055 764 concedit
1095 716 1152 764 et
1198 709 1372 765 alios?
1398 710 1468 768 Ut
1510 724 1772 782 agnosce-

193 808 344 855 retur
370 800 499 871 quia
548 810 761 856 mortua
809 810 894 858 est
935 817 1103 872 mors,
1138 811 1193 859 et
1223 805 1348 874 quia
1395 817 1493 874 per
1540 813 1768 860 mortem

192 890 443 947 ﬁrmatur
471 892 830 959 resurrectio;
862 901 922 949 ut
955 903 1345 964 agnosceretur
1369 895 1493 965 quia
1522 895 1654 950 vivit
1680 894 1768 963 qui

191 981 454 1038 viviﬁcat.
482 981 684 1038 Volunt
711 982 880 1040 Judaei
913 993 969 1040 et
1015 1000 1119 1041 non
1155 995 1401 1056 possunt.
1442 986 1661 1057 Moysen
1688 985 1768 1041 fa-

193 1073 426 1129 cientem
457 1073 610 1146 signa
640 1076 810 1131 voluit
860 1073 1025 1132 Israel
1068 1077 1335 1148 lapidare,
1382 1084 1441 1134 et
1483 1078 1772 1149 prophetas

192 1162 532 1228 occiderunt,
569 1171 626 1220 et
665 1163 769 1220 hoc
809 1165 882 1220 ita
915 1166 1241 1236 prohibente
1267 1166 1405 1238 lege.
1437 1165 1768 1232 Piscatores,

193 1260 488 1324 arguentes
521 1267 617 1310 eos
651 1262 705 1310 et
729 1254 1084 1325 pmdicantu
1109 1253 1464 1322 Cruciﬁsum,
1495 1269 1602 1310 non
1623 1255 1770 1310 occi«

194 1345 391 1401 derunt
423 1360 441 1401 :
475 1343 764 1412 Laaarum,
795 1346 921 1417 quia
968 1347 1269 1402 resurrexit
1316 1361 1349 1403 a
1399 1350 1650 1414 mortuis,
1671 1364 1769 1405 vo-

193 1434 414 1491 luerunt
450 1435 724 1502 occidere,
775 1445 836 1491 ut
881 1435 1278 1492 mortiﬁcarent
1313 1437 1769 1503 admirationem;

193 1533 251 1580 et
275 1536 372 1582 eos
399 1525 493 1595 qui
531 1524 826 1590 praedicant
860 1525 1312 1582 resurrectionem
1341 1523 1490 1581 afﬁxi
1521 1525 1668 1582 cruci
1703 1524 1773 1580 ab

194 1615 349 1686 ipsis,
405 1630 514 1672 non
550 1614 889 1672 occiderunt.
939 1614 1046 1672 Sed
1094 1624 1221 1687 puta
1268 1615 1395 1687 quia
1438 1613 1611 1672 Judaei
1643 1616 1770 1672 victi

193 1714 343 1764 aunt.
386 1707 773 1779 Cogitaverunt
823 1714 1003 1764 autem
1059 1708 1354 1778 piscatores
1397 1707 1466 1769 ad
1510 1707 1768 1763 mundum

193 1800 368 1859 exire.
396 1799 442 1856 si
477 1798 727 1856 homines
752 1799 820 1855 ad
859 1798 1122 1856 terminos
1169 1797 1356 1854 mundi
1403 1798 1522 1854 sine
1549 1796 1767 1865 litteris,

193 1890 264 1947 ad
289 1892 532 1948 eruditos
561 1889 824 1961 imperiti,
851 1890 1114 1962 ignobiles
1141 1889 1211 1943 ad
1243 1891 1538 1958 ingenuos;
1567 1888 1769 1960 cogita-
1800 1883 1842 1939 Β

195 1993 391 2041 verunt
416 1993 473 2040 et
501 1991 656 2040 tanto
692 1983 1032 2040 donaverunt
1064 1981 1178 2052 (9i)
1230 1979 1488 2052 Magistro
1531 1989 1768 2045 mortuo,

194 2075 320 2134 cum
353 2088 462 2146 quo
489 2082 546 2131 et
577 2073 732 2132 fuere
767 2095 782 2132 :
838 2083 968 2147 puta
1022 2074 1154 2144 quia
1215 2072 1317 2144 ipsi
1371 2071 1769 2144 cogitaverunt,

195 2177 324 2240 pata
356 2169 484 2240 quia
514 2167 690 2224 victus
715 2177 839 2224 est:
870 2165 1144 2238 quomodo
1174 2173 1365 2235 gentes
1388 2171 1768 2234 susceperunt,

193 2268 251 2318 et
299 2269 490 2333 gentes
539 2258 832 2332 discipulos
883 2256 1207 2314 audiebant?
1269 2252 1390 2314 Non
1440 2255 1773 2312 consuetudo

195 2361 318 2411 erat
350 2362 531 2417 vetus,
583 2368 695 2410 non
742 2351 1030 2410 simulacra
1084 2348 1368 2417 adornata,
1421 2362 1529 2404 non
1573 2346 1772 2419 templa

197 2445 441 2511 excelsa,
471 2459 577 2501 non
623 2444 865 2502 sacraria
915 2458 1041 2515 qua
1087 2441 1259 2498 multo
1309 2448 1596 2497 tenuerant
1633 2451 1774 2495 tem-

195 2553 353 2611 pore,
404 2552 513 2595 non
542 2551 734 2595 versus
765 2535 1076 2611 compositi,
1123 2547 1233 2592 non
1261 2533 1512 2605 superbia
1561 2532 1777 2603 sapien-

195 2631 358 2699 tium,
393 2645 499 2687 non
534 2629 825 2686 multitudo
854 2637 1158 2701 poetarum,
1195 2641 1304 2684 non
1334 2625 1583 2682 remissio
1615 2623 1775 2679 feria-

198 2738 345 2791 rum,
379 2739 489 2781 non
526 2723 750 2781 traditio
778 2731 1090 2793 parentum,
1132 2735 1241 2776 non
1289 2717 1556 2774 mirabilia
1597 2716 1685 2772 illa
1719 2715 1774 2771 in

202 2817 523 2884 ambitione,
551 2831 671 2889 quae
699 2829 799 2888 per
834 2823 982 2871 artes
1019 2823 1076 2888 et
1106 2812 1389 2870 machinas
1415 2819 1473 2867 et
1507 2809 1778 2880 composi-

199 2912 386 2969 tiones:
426 2920 610 2966 vatum
662 2908 782 2966 ﬁeri
837 2903 1275 2966 consueverant!
1323 2902 1607 2973 Quomodo
1655 2901 1775 2959 ausi

202 3011 334 3060 sunt
367 3002 668 3074 piscatores
708 3015 778 3057 ne
807 3001 1026 3071 quidem
1067 3013 1234 3071 panes
1260 3005 1540 3070 portantes
1568 2993 1776 3067 ingredi

201 3081 424 3153 domum
452 3091 720 3166 alicujus?
747 3093 816 3150 ad
849 3107 1014 3164 quam
1056 3088 1474 3162 cognationem?
1517 3087 1585 3143 ad
1611 3098 1775 3157 quam

1871 636 1967 675 sua
1999 620 2209 692 lapidea
2254 622 2322 677 ad
2374 621 2556 688 ﬁdem,
2589 633 2683 678 aut
2709 629 2955 681 tacentes
3000 626 3189 696 utique
3217 626 3448 683 confun-

1871 716 2149 771 derentur.
2179 714 2504 772 Scribantur
2537 714 2656 772 ista:
2694 716 2981 773 suasiones
3010 717 3062 771 in
3111 716 3446 788 uniuscujus-

1870 823 1976 880 que
2030 810 2213 879 corde,
2261 825 2368 867 non
2408 817 2760 866 atramento:
2800 825 2908 866 non
2942 812 3090 866 enim
3142 820 3449 867 atramento

1871 910 1996 957 sunt
2024 902 2185 974 digna
2231 920 2247 958 :
2294 903 2340 959 si
2373 901 2502 974 quid
2553 913 2733 957 autem
2778 918 2904 958 cum
2935 903 2985 958 vi
3035 903 3296 974 loquitur,
3337 903 3449 959 noti

1871 994 1982 1065 pati
2022 995 2341 1052 mentientes
2359 994 2474 1067 (95)
2509 1013 2522 1051 :
2555 1005 2609 1051 et
2636 996 2682 1051 si
2709 995 2976 1052 donamus
3015 995 3218 1066 aliquid
3242 1009 3450 1053 sermo-

1872 1085 1950 1151 ni,
2002 1085 2170 1142 nolite
2218 1085 2424 1143 seduci.
2480 1085 2537 1142 Si
2586 1096 2766 1142 autem
2812 1087 2929 1144 sole
2965 1088 3197 1145 clariora
3234 1089 3451 1160 negotia

1871 1188 2019 1244 sunt.
2066 1178 2234 1236 nolite
2287 1179 2403 1235 ﬁeri
2453 1179 2602 1236 ccci.
2656 1180 2845 1238 Videte
2878 1181 3166 1238 Dominum
3194 1179 3376 1236 Iesum
3417 1195 3449 1235 a

1871 1271 2101 1327 mortuis
2125 1281 2518 1343 resurgentem.
2548 1272 2744 1329 Videte
2772 1288 2896 1329 eum
2933 1273 2999 1329 ad
3029 1273 3310 1330 dexteram
3345 1270 3453 1326 Pa-

1873 1364 1973 1420 tris
2005 1378 2127 1420 cum
2159 1363 2330 1435 gloria
2371 1364 2673 1420 sedentem.
2707 1363 2911 1434 Quibus
2937 1365 3112 1422 oculis
3131 1366 3156 1420 i
3176 1364 3453 1436 apostolo-

1870 1468 1990 1509 rum
2031 1455 2230 1526 quippe
2259 1454 2474 1512 illorum
2514 1456 2734 1524 virtute,
2763 1457 2980 1513 illorum
3015 1457 3266 1514 scientia.
3299 1455 3450 1530 Quo-

1873 1546 2033 1602 modo
2061 1547 2296 1618 suscepti
2342 1536 2505 1603 suntl
2529 1549 2799 1619 quomodo
2836 1549 3101 1605 creditum
3147 1544 3273 1606 est?
3311 1563 3452 1620 quo-

1873 1639 2032 1694 modo
2053 1640 2328 1696 destructa
2360 1648 2488 1696 sunt
2531 1643 2792 1697 veterna?
2829 1642 3102 1712 quomodo
3144 1638 3451 1701 introducta

1871 1744 1993 1801 quae
2031 1731 2084 1789 in
2119 1733 2500 1803 praedicatione
2543 1742 2704 1789 erant
2738 1742 2992 1805 tanquam
3025 1731 3349 1790 inhonesta?
3383 1730 3454 1786 Et

1873 1832 2019 1878 certe
2050 1827 2216 1880 multa
2270 1834 2427 1887 erant
2454 1826 2842 1898 impedimenta
2875 1825 3015 1898 apud
3057 1841 3186 1889 eos;
3219 1837 3452 1881 consue-

1873 1913 2002 1969 tudo
2021 1930 2141 1986 qua:
2160 1917 2449 1986 putabatur
2469 1926 2646 1984 vetus,
2670 1919 2954 1990 imperiu
2971 1917 3445 1983 adversariorum,

1872 2008 2121 2065 remissio
2154 2006 2514 2076 feriarum,et
2543 2026 2608 2068 ea
2643 2027 2766 2082 quc
2788 2011 3156 2084 particulatim
3189 2009 3451 2083 pradicas

1871 2109 1997 2156 sunt
2023 2118 2036 2156 :
2061 2101 2132 2158 ab
2163 2116 2229 2158 eo
2260 2113 2444 2158 autem
2486 2103 2579 2175 qui
2609 2103 3011 2176 praedicabatur
3035 2120 3192 2170 crux,
3218 2113 3276 2163 et
3306 2106 3452 2177 quod

1873 2193 2022 2249 ineo
2049 2203 2169 2250 erat
2220 2194 2542 2252 incredibile
2591 2205 2648 2254 et
2695 2198 2817 2254 sine
2855 2197 3084 2256 honore.
3129 2197 3450 2254 Praeconium

1872 2297 2053 2341 autem
2071 2284 2332 2356 abjectio,
2364 2288 2702 2359 ignobilitas,
2735 2290 2879 2346 nulla
2911 2290 3184 2356 doctrina,
3211 2299 3451 2362 egestas,

1875 2390 2134 2432 numerus
2161 2391 2379 2448 parvus.
2415 2379 2497 2436 Ab
2524 2380 2644 2452 ipsa
2682 2393 2866 2438 autem
2898 2382 3287 2453 pradicatlone
3311 2379 3455 2452 jeju-

1874 2468 2024 2523 nium
2066 2483 2167 2538 pro
2196 2469 2486 2536 ebrietate,
2515 2471 2778 2541 pudicitia
2827 2487 2928 2545 pro
2967 2471 3211 2537 libidine,
3248 2472 3456 2526 donare

1875 2575 1972 2616 sua
2007 2576 2168 2631 quam
2217 2578 2432 2635 rapere.
2478 2563 2539 2621 Si
2575 2565 2742 2639 igitur
2791 2566 2884 2638 qui
2927 2565 3330 2638 praedicabatur
3372 2563 3458 2619 iu-

1874 2653 2248 2712 credulitatem
2309 2656 2550 2713 habebat
2617 2666 2841 2729 propter
2900 2656 3275 2728 impotentiam
3333 2671 3458 2727 qua:

1876 2746 2166 2816 putabatur
2187 2747 2390 2816 crucis,
2431 2757 2488 2804 et
2527 2747 2620 2820 qui
2652 2749 3026 2819 prcdicabant
3053 2748 3237 2805 omnia
3271 2748 3456 2806 incre-

1875 2838 2095 2907 dlbilia;
2124 2840 2262 2907 adde
2301 2851 2484 2898 autem
2518 2850 2573 2900 et
2593 2843 3031 2914 persecutionem
3061 2844 3300 2913 ipsorum
3326 2856 3456 2898 cum

1876 2930 2217 3000 vapularent,
2255 2946 2378 2992 cum
2431 2929 2657 3003 injurias
2711 2933 3064 3000 sustinerent,
3103 2947 3228 2989 cum
3281 2931 3460 2989 reclu-

1878 3018 2134 3076 derentur
2178 3031 2236 3078 et
2283 3018 2761 3089 interﬁcerentur;
2822 3020 2871 3077 si
2913 3022 3006 3093 qui
3057 3022 3460 3094 praedicabatur

1877 3109 2201 3168 interfectus
2235 3120 2341 3179 est,
2369 3113 2464 3184 qui
2495 3113 2793 3185 praedicant
2819 3111 3245 3180 interﬁciuntur,
3267 3123 3324 3168 et
3357 3113 3456 3184 qui

201 3188 438 3246 σίωηθω
491 3187 776 3284 ¹ί⁰8¹ξ²¹1¹ἶ
812 3177 879 3240 έά
1127 3183 1406 3284 θίνίωξδω
1451 3189 1510 3237 οι
1557 3181 1776 3284 dam“?
1804 3220 1850 3282 α
1880 3203 2112 3260 credunt
2157 3177 2589 3275 persecutionem
2639 3203 2930 3262 sustinent.
2978 3203 3139 3262 Unde
3170 3177 3458 3261 creditur?

201 3279 634 3354 agnoscentuml
673 3278 779 3336 Sed
818 3277 1131 3350 pradicatio
1157 3290 1279 3333 erat
1306 3276 1555 3332 honesta.
1592 3274 1782 3330 Cruci-

201 3374 348 3431 ilxus
376 3373 800 3444 praedicabatur,
830 3381 886 3428 et
916 3370 1006 3441 qui
1035 3370 1406 3441 pradicabant
1439 3366 1702 3432 huutiles,
1725 3373 1782 3422 et

204 3465 407 3536 quibus
444 3464 847 3536 pradicabatur
883 3462 1144 3534 preventi
1190 3470 1370 3519 erant.
1403 3461 1558 3516 Nunc
1589 3473 1781 3515 ascen-

203 3560 300 3616 dat
352 3557 475 3629 quis
519 3556 586 3612 ad
627 3554 913 3625 templum,
961 3554 1109 3610 dicat
1136 3553 1282 3625 quod
1322 3567 1509 3609 verum
1538 3549 1781 3620 estquia

202 3665 311 3708 non
357 3657 486 3705 sunt
526 3647 602 3702 dil
636 3646 891 3714 lapides:
931 3646 977 3702 si
1007 3646 1245 3717 potuerit
1294 3643 1642 3700 dinumerare
1684 3653 1783 3695 eos

205 3741 301 3814 qui
333 3741 620 3797 adversum
665 3753 725 3794 se
757 3737 1055 3809 iaciuntur.
1092 3737 1150 3793 Si
1197 3747 1377 3793 autem
1411 3749 1590 3805 reges,
1625 3743 1784 3789 exer-
1837 3761 1842 3766 υ

206 3834 348 3892 citus
373 3841 430 3889 et
468 3830 614 3903 leges
649 3845 748 3900 pro
787 3829 1052 3900 religione
1084 3838 1233 3896 sunt,
1262 3836 1317 3885 et
1340 3826 1627 3883 multitudo
1652 3825 1786 3881 iide-

203 3924 360 3990 lium,
387 3932 551 3980 tanta
579 3922 740 3978 mina:
774 3923 1062 3980 adversum
1086 3936 1183 3979 eos
1206 3923 1298 3994 qui
1327 3923 1445 3979 haec
1475 3937 1581 3978 non
1611 3918 1787 3977 susci-

205 4020 383 4090 piunt,
425 4016 601 4072 nullus
628 4031 796 4072 ausus
829 4025 914 4072 est
950 4031 967 4071 ε
1022 4025 1078 4072 et
1122 4015 1173 4073 si
1225 4013 1391 4072 fuerit
1444 4029 1634 4078 ausus,
1676 4027 1783 4068 non

206 4115 373 4170 vivet.
437 4112 494 4168 Si
548 4111 770 4176 dixerit,
823 4111 912 4166 isti
969 4111 1044 4167 dil
1108 4125 1216 4166 non
1257 4120 1386 4167 sunt
1425 4109 1523 4175 dii,
1585 4109 1682 4164 sed
1740 4105 1787 4163 si

211 4225 358 4266 nunc
383 4207 496 4281 (9'2)
526 4207 599 4262 ita
635 4217 1000 4276 repetentem,
1029 4206 1153 4262 vide
1181 4220 1302 4277 qua
1324 4213 1444 4262 erat
1472 4204 1644 4258 virtus
1671 4203 1789 4258 sine

209 4300 434 4375 his(95)
466 4300 559 4380 qui
596 4298 900 4356 circuibant
944 4282 1203 4353 mundum
1255 4315 1270 4352 :
1321 4307 1378 4354 et
1423 4296 1610 4353 dicunt
1660 4295 1789 4366 quia

211 4397 317 4454 ista
343 4410 452 4451 non
498 4403 625 4450 sunt
654 4408 776 4464 quae
803 4401 1090 4464 apparent,
1122 4405 1298 4462 neque
1351 4391 1455 4447 ista
1509 4398 1786 4458 putantur,

211 4503 390 4561 neque
440 4487 529 4544 illa
558 4502 682 4561 quae
722 4486 996 4558 sapientes
1025 4485 1214 4540 dicunt
1265 4492 1359 4540 aut
1386 4493 1557 4555 poetae
1583 4479 1790 4537 conlin-

1880 3293 1950 3348 ab
1976 3293 2096 3366 ipso
2114 3334 2128 3348 .
2163 3309 2196 3348 a
2223 3293 2338 3351 suis
2366 3293 2854 3365 pradicatoribus?
2881 3293 2952 3351 ab
2971 3294 3058 3352 his
3081 3295 3172 3366 qui
3203 3309 3461 3365 suscepe-

1881 3385 2048 3441 runtl
2073 3383 2182 3459 Sed
2210 3400 2278 3444 ea
2314 3387 2708 3445 consuetudine
2748 3402 2870 3459 qua
2893 3388 3170 3444 contraria
3201 3401 3459 3460 suggere-

1880 3477 2015 3534 bat?
2037 3478 2134 3535 sed
2156 3480 2228 3537 ab
2257 3478 2562 3537 acerbitate
2593 3480 2998 3550 pradicationis
3028 3480 3114 3538 cui
3140 3478 3461 3536 adversaba—

1883 3577 1973 3624 tur
2003 3569 2222 3639 requies
2244 3584 2364 3642 quze
2391 3570 2444 3625 in
2477 3567 2660 3627 Veteri
2704 3580 2828 3628 erat
2858 3570 3209 3628 Testamento
3233 3571 3462 3642 permis-

1882 3676 1944 3717 sa
1974 3661 2127 3736 (96)?
2151 3663 2246 3719 sed
2269 3678 2308 3719 .a
2333 3664 2829 3734 promissionibus?
2857 3667 3101 3722 Mortuus
3121 3673 3227 3729 est,
3260 3662 3461 3734 inquit,

1881 3754 2126 3831 quidam,
2158 3763 2215 3812 et
2259 3757 2556 3834 resurrexit
2576 3756 2901 3828 aliquando;
2932 3766 2988 3813 et
3013 3755 3316 3827 persecutio
3340 3753 3463 3825 qui-

1881 3845 2005 3903 dem
2050 3847 2262 3915 aderat,
2313 3848 2706 3918 promissiones
2750 3857 2930 3923 autem
2961 3848 3298 3905 dicebautur.
3350 3844 3462 3902 Sed

1884 3946 2044 4006 putas
2090 3946 2460 4006 provenerunt
2509 3937 2634 4005 ista,
2675 3947 2733 3994 et
2761 3929 3068 3995 suaserunt
3097 3935 3370 4008 discipuli,
3408 3947 3464 3993 et

1887 4026 2184 4084 translatus
2208 4035 2295 4084 est
2324 4027 2580 4103 mundus,
2620 4038 2676 4086 et
2704 4028 2874 4087 Judaei
2904 4027 3231 4086 cessarunt?
3258 4027 3465 4099 impos.

1886 4115 2065 4172 sibilia
2109 4116 2254 4174 facta
2285 4127 2415 4173 sunt
2453 4118 2759 4188 possibilia,
2789 4127 2845 4174 et
2888 4118 3084 4175 iterum
3113 4116 3335 4173 silentio
3361 4133 3377 4172 :
3408 4127 3467 4172 et

1886 4209 1936 4265 si
1968 4207 2194 4265 fortuitu
2239 4208 2374 4283 (97).
2406 4209 2463 4266 Si
2514 4220 2696 4267 autem
2741 4211 2994 4281 przedisit
3041 4225 3105 4266 ea
3151 4207 3313 4266 Jesus
3339 4220 3467 4264 ante

1887 4314 2128 4368 crucem,
2159 4302 2390 4374 perfecit
2425 4312 2606 4358 autent
2647 4311 2767 4373 post
2801 4317 3043 4366 crucem,
3076 4301 3208 4372 quid
3242 4317 3348 4357 non
3379 4300 3466 4354 vi-

1888 4391 2081 4449 demus
2110 4395 2178 4448 ad
2228 4393 2421 4459 solem,
2469 4393 2559 4450 ubi
2597 4405 2652 4449 et
2701 4393 2988 4466 praedixit?
3032 4392 3132 4449 Ubi
3162 4394 3308 4449 enim
3358 4409 3468 4450 non

1889 4483 2178 4553 praedixit?
2204 4483 2261 4540 Si
2306 4484 2432 4554 quis
2474 4492 2656 4540 autem
2687 4493 2964 4541 scrutatus
2999 4483 3162 4540 fuerit
3203 4483 3321 4554 ejus
3349 4499 3471 4541 ser-

211 4590 346 4655 gunt
392 4591 449 4637 et
488 4595 609 4652 quae
637 4580 955 4651 loquuntur.
993 4577 1329 4636 Mentiuntur
1359 4575 1598 4633 sacraria
1630 4591 1646 4628 :
1679 4587 1784 4628 non
1815 4577 1863 4636 ι)
1895 4591 2102 4641 mones,
2129 4591 2237 4633 non
2275 4585 2361 4633 est
2408 4578 2526 4646 eius
2570 4591 2774 4639 sermo.
2805 4578 2859 4634 in
2888 4593 2997 4650 quo
3031 4593 3136 4634 non
3169 4588 3251 4635 est
3284 4579 3472 4634 statim

211 4692 342 4733 vera
398 4675 652 4731 dicuntur
692 4672 1128 4728 vaticinationes.
1167 4668 1474 4725 Pmmissio
1522 4665 1636 4736 (οι)
1668 4664 1784 4734 ipsa

214 4783 418 4826 nocens
444 4780 617 4824 etars
659 4766 882 4822 mentita
912 4776 1016 4821 est.
1043 4760 1266 4832 Templa
1304 4759 1443 4815 male
1472 4764 1784 4815 constructa

212 4867 362 4925 sunt,
385 4859 622 4915 recedite
644 4871 676 4912 a
717 4856 959 4929 paternis
987 4864 1044 4910 et
1085 4855 1289 4910 credite
1327 4850 1619 4910 Cruciﬁso.
1649 4842 1783 4918 Quis

213 4961 375 5024 putas
403 4951 477 5006 ita
522 4950 795 5022 lapideum
823 4949 990 5005 habet
1016 4947 1149 5003 cor?
1179 4947 1290 5009 Ego
1333 4954 1460 5032 puto
1490 4943 1614 5014 quia
1653 4951 1713 5032 et
1737 4943 1785 4996 si

216 5042 496 5118 gentilium
528 5043 766 5114 ipsorum
804 5041 1021 5112 quidem
1060 5040 1310 5096 adessent
1337 5031 1564 5110 priores,
1594 5045 1650 5090 et
1687 5031 1782 5088 .lu-

284 5183 334 5219 ⁸⁸
354 5182 546 5240 Matth.
573 5199 650 5249 tv,
674 5182 761 5240 i9.

293 5323 407 5396 (9|)
445 5321 616 5378 Tanto
637 5320 960 5396 donaverunt
969 5361 993 5396 ,Δ
1005 5317 1278 5396 Myrica!“
1301 5329 1448 5373 tanta
1468 5317 1790 5396 detruserunt

219 5386 514 5477 nogis'tro;
543 5404 605 5448 ut
622 5406 784 5460 supra
812 5391 917 5446 col.
939 5387 1076 5444 “06
1099 5386 1161 5456 Β,
1188 5388 1377 5444 Petrus
1397 5390 1574 5444 omnia
1589 5389 1793 5441 donans

217 5473 490 5532 Mgistro.

290 5533 423 5605 (93,),
446 5530 549 5589 Sed
574 5533 642 5605 si;
661 5545 822 5605 nunc.
861 5527 1136 5591 Fortasse.
1169 5532 1263 5605 sed
1303 5530 1349 5583 si
1374 5545 1517 5605 nunc
1543 5529 1621 5582 ita
1648 5542 1796 5596 repe-

225 5600 348 5659 tat!
375 5600 427 5658 id
447 5613 531 5659 est
554 5603 682 5672 quid
717 5602 763 5655 si
805 5602 910 5655 ista
934 5613 1040 5653 non
1076 5601 1266 5668 semel,
1293 5601 1396 5655 sed.
1420 5600 1616 5654 iterum
1655 5605 1794 5667 apud

220 5672 709 5748 WKEOttﬁlserit?

297 5737 579 5816 (93)_Qatat
606 5751 717 5796 erat
742 5741 908 5816 uirtus
931 5737 1174 5816 siue_
1202 5738 1365 5795 Forte
1391 5752 1506 5810 qua:
1533 5747 1646 5794 erat
1682 5737 1788 5793 vir-

225 5807 518 5877 tus‘ia'ltis,
547 5825 740 5879 nempe
771 5811 823 5864 in
857 5807 1129 5879 apostolis.

295 5882 408 5949 (ω)
452 5879 769 5937 Ρηωκῦιείο.
805 5879 964 5936 Forte
997 5883 1293 5947 promissio.

1889 4679 1944 4726 et
1967 4670 2304 4740 praedicatio.
2330 4669 2638 4728 Piscatores
2665 4670 2810 4727 enim
2841 4671 3149 4728 nominavit
3177 4671 3474 4742 discipulos

1889 4775 2065 4818 suos:
2107 4763 2160 4818 in
2208 4777 2275 4819 eo
2323 4763 2452 4820 dum
2487 4775 2712 4819 vocaret
2746 4763 3064 4831 piscatores,
3112 4764 3471 4835 piscationem

1888 4853 2236 4908 annuutiavit
2293 4852 2471 4922 Ipsum
2501 4852 2648 4908 enim
2696 4866 2915 4920 nomen,
2952 4851 3354 4923 pradicatiouis
3389 4861 3477 4909 est

1891 4946 2244 5014 nuncupatio.
2294 4945 2522 5000 Vocavit
2571 4959 2669 5000 eos
2721 4945 3022 5015 piscatores
3069 4945 3352 5000 hominum
3403 4945 3474 5000 ad

1889 5036 2120 5093 salutem
2145 5036 2215 5092 ⁸⁸.
2246 5036 2447 5094 Piscati
2473 5048 2604 5092 sunt
2631 5052 2836 5094 autem.
2863 5035 2923 5092 Si
2952 5052 3058 5093 non
3090 5047 3218 5093 sunt
3252 5036 3471 5108 placati,

1972 5311 2084 5384 (95)
2127 5312 2226 5384 Ms.
2256 5311 2308 5367 Ν
2313 5312 2437 5366 olitc

1971 5381 2083 5454 (θῇ)
2129 5381 2411 5454 gmina.

1996 5446 2086 5519 97)
2127 5451 2196 5507 Et
2226 5454 2416 5506 iterum
2446 5446 2655 5506 silentio
2693 5467 2713 5506 :
2743 5461 2792 5505 et
2833 5451 2880 5506 si
2905 5447 3150 5519 fortuitu.
3185 5446 3470 5519 Sententia

1902 5517 2118 5580 videtur
2145 5537 2267 5578 esse
2301 5539 2315 5576 :
2343 5522 2408 5577 Et
2443 5522 2642 5576 iterum
2669 5522 2840 5585 dices,
2858 5517 2983 5588 quid
3013 5519 3058 5571 si
3084 5518 3198 5588 haec
3225 5517 3469 5584 silentio,

1905 5595 1959 5672 i_d
1991 5602 2074 5672 est
2102 5593 2240 5648 clam
2271 5603 2324 5648 et
2358 5591 2591 5651 obscure
2610 5587 3044 5672 gperacta_’st_t‘nt?
3067 5587 3271 5672 quid-si
3300 5591 3469 5644 etiuut

1905 5665 2130 5720 fortuito
2163 5673 2219 5719 et
2254 5673 2454 5716 temere
2496 5657 2876 5732 contigerunt?
2919 5657 3252 5732 Respondet,
3281 5670 3488 5732 neque

1897 5737 2037 5790 clam
2067 5748 2189 5789 esse
2220 5741 2460 5802 peracta,
2509 5731 2636 5802 quia
2654 5729 2727 5802 ad
2750 5729 2944 5802 solem,
2979 5730 3031 5784 id
3055 5738 3167 5802 _est_
3208 5729 3385 5802 palam
3418 5741 3473 5786 et

1897 5805 2081 5874 aperte
2111 5796 2260 5875 gesta
2290 5813 2442 5866 sunt;
2474 5796 2651 5872 neque
2703 5800 2944 5867 iortuito,
2979 5800 3111 5870 quia.
3153 5797 3268 5856 haec
3311 5796 3472 5858 Iesus

1896 5875 2065 5931 multo
2091 5887 2217 5931 aute
2243 5875 2587 5937 pmdiaerat.

2502 5312 2574 5364 uti
2599 5311 2924 5394 mentientes.

2482 5392 2600 5437 orte
2626 5392 2904 5450 promus.
