4072 6410
663 409 781 464 ΙΗΙ

1316 402 1586 461 ευεεθιι
1622 399 2100 460 εεεωιεκειε
2135 402 2222 461 OP

2324 402 2505 461 PARS
2542 402 2632 462 iV.
2669 433 2741 446 —
2778 397 3197 459 DOGIIATIGA.

3756 392 3881 449 illi

656 519 913 577 mentitus
934 528 1018 579 est
1037 526 1093 575 et
1122 526 1385 572 mortuus.
1416 516 1475 572 Si
1499 527 1680 571 autem
1706 524 1761 571 et
1794 518 2043 571 absentes
2064 531 2206 571 nunc
2233 522 2281 581 Α
2308 519 2693 585 prtetlicobitur
2716 528 2766 572 et
2806 518 2901 570 hoc
2938 516 3078 580 quod
3107 510 3227 581 fecit
3250 514 3354 565 isto
3388 508 3459 565 ”.
3493 506 3564 562 Et
3589 519 3758 576 parva
3790 504 3871 556 illa

657 628 824 681 usque
848 612 1123 681 piscantur
1153 608 1419 671 homines,
1443 622 1618 663 nonne
1656 616 1878 677 apparet
1900 608 2026 677 quia
2057 608 2207 663 adest

656 703 745 773 qui
793 702 941 757 misit
970 701 1268 771 piscatores
1305 698 1371 753 ad
1417 698 1777 769 piscandumi
1827 698 1893 754 Et
1939 714 2062 754 cum
2104 699 2213 755 sint

656 798 926 861 alnentes.
958 794 1103 850 sales
1132 807 1227 849 eos
1257 792 1546 863 appellavit
1569 793 1637 851 ".
1682 792 1739 847 Si
1774 807 1879 847 non
1907 800 2215 847 statuerunt

656 894 897 944 nostram
942 884 1313 956 putredinem,
1356 883 1403 937 si
1468 899 1574 938 non
1620 884 1958 938 deterserunt
2004 892 2215 936 nostras

657 978 864 1044 sordes,
896 976 941 1031 si
972 990 1076 1030 non
1117 974 1546 1029 emundaverunt
1572 982 1785 1029 nostras
1820 971 2133 1043 spurcities.
2168 970 2214 1027 si

659 1085 764 1125 non
796 1070 1134 1124 immiserunt
1174 1064 1227 1121 in
1262 1066 1418 1122 nobis
1460 1079 1737 1135 saporem,
1771 1078 1877 1117 non
1923 1063 2033 1118 sint
2071 1062 2215 1132 quod

658 1161 786 1215 dicti
815 1169 959 1223 sunt.
995 1157 1055 1213 Si
1078 1167 1260 1215 autem
1285 1174 1314 1213 a
1343 1157 1617 1227 spurcitiis
1651 1170 1750 1211 nos
1782 1164 1836 1209 et
1866 1153 2059 1212 [nitore
2082 1154 2217 1210 lihe-

658 1259 865 1315 rarunt,
905 1259 1213 1307 statuerunt
1252 1259 1431 1305 autem
1464 1256 1679 1305 nostras
1725 1248 2075 1308 deﬂuxiones.
2126 1247 2219 1302 de-

658 1351 935 1399 terserunt
969 1351 1187 1398 nostras
1219 1342 1429 1408 sordes,
1456 1341 1611 1396 suavi
1658 1351 1838 1397 autem
1873 1341 2041 1396 odore
2076 1339 2218 1410 pleni

658 1447 844 1488 sumus
876 1447 973 1503 per
1002 1432 1143 1497 illos,
1173 1441 1229 1485 et
1253 1444 1439 1485 sumus
1467 1444 1593 1488 esca
1622 1430 1801 1486 divina
1836 1448 1851 1485 :
1882 1430 2218 1501 reprehendo

660 1524 1114 1593 pradicationem,
1153 1522 1197 1577 si
1238 1520 1502 1576 concedet
1544 1519 1639 1574 tibi
1670 1520 1846 1575 exitus
1885 1534 2097 1574 .rerum.
2132 1518 2220 1573 Pi—

658 1625 905 1670 scatores
953 1613 1091 1670 sales
1125 1626 1220 1668 eos
1253 1610 1390 1667 dixit
1426 1618 1480 1667 et
1507 1610 1771 1666 exhibuit.
1818 1610 2058 1679 Denique
2084 1618 2138 1664 et
2166 1608 2218 1663 in

664 1706 773 1761 alia
799 1703 1178 1775 praedicatione
1201 1702 1382 1757 lumen
1400 1716 1498 1757 eos
1525 1700 1650 1756 facit
1672 1711 1729 1757 et
1749 1701 1877 1757 dicit
1912 1719 1927 1755 :
1974 1696 2073 1755 Vos
2098 1702 2221 1755 eatis

660 1796 833 1851 lumen
862 1795 1125 1849 mundi“.
1149 1793 1458 1849 Piscatores
1484 1793 1698 1861 privati,
1724 1791 2006 1863 ignobiles,
2036 1792 2215 1863 egeni,

2307 614 2522 668 occasio
2554 610 2813 681 unguenti
2866 616 3071 663 tantam
3116 602 3548 675 magnitudinem
3586 596 3881 653 introduxit

2308 702 2713 779 pradicationis
2740 719 2756 757 :
2788 710 2842 755 et
2863 702 3064 755 dictum
3095 707 3178 753 est
3205 696 3333 766 quia
3360 704 3474 751 toto
3515 692 3720 749 mundo
3750 704 3861 759 pra:

2309 795 2577 851 dicahltur
2616 808 2815 849 nomen
2854 807 3053 855 meum,
3085 799 3141 846 et
3188 789 3335 843 illius
3378 784 3629 841 mulieris
3655 782 3809 836 lusus
3834 781 3884 834 ia

2314 889 2635 945 memoriam
2682 888 2809 943 erit.
2837 884 2967 952 Qua
3001 882 3298 939 auctoritas
3331 880 3489 935 istius
3524 874 3715 933 vocis?
3750 872 3885 941 Quid

2312 980 2458 1036 enim
2502 979 2631 1035 dicit
2675 978 2767 1049 qui
2802 988 3047 1032 mortuus
3080 984 3165 1031 est
3212 982 3335 1043 post
3370 982 3605 1028 mortem
3663 970 3753 1025 his
3797 965 3885 1037 qui

2312 1068 2713 1139 pradicarunt?
2746 1066 2901 1122 Exite
2934 1065 3004 1121 od
3047 1064 3348 1119 universum
3393 1063 3677 1117 mandunt.
3722 1060 3887 1121 DixitI

2313 1169 2407 1216 aut
2446 1175 2556 1215 non
2602 1158 2775 1215 dixit?
2818 1158 2876 1213 Si
2934 1173 3041 1214 non
3096 1156 3251 1223 dixit,
3302 1155 3576 1227 quomodo
3628 1162 3889 1209 exeuntes

2316 1250 2662 1322 perfecerunt
2679 1265 2799 1321 quae
2821 1247 3019 1318 jussit!
3038 1247 3309 1319 quomodo
3325 1246 3563 1317 suspecti
3581 1255 3714 1300 sunt
3738 1243 3888 1314 (99)!

2316 1344 2588 1416 quomodo
2608 1345 2699 1414 qui
2727 1348 2973 1398 mortuus
3000 1348 3103 1408 est,
3135 1349 3380 1395 mortuus
3405 1337 3522 1394 est?
3549 1336 3657 1399 Ite,
3691 1338 3887 1400 docete,

2318 1435 2515 1505 inquit,
2546 1449 2725 1488 omnes
2754 1441 2928 1503 gentes
2950 1446 2970 1486 :
3003 1445 3038 1486 ο
3069 1431 3213 1501 regia
3242 1444 3371 1492 vox,
3402 1443 3436 1483 o
3463 1427 3707 1483 tenentis
3736 1442 3889 1481 mua-

2318 1528 2444 1583 dum
2495 1524 2815 1594 promissio!
2854 1522 2958 1589 Ite,
3002 1524 3181 1576 docete
3218 1526 3394 1575 omnes
3427 1528 3625 1589 gentes.
3662 1516 3888 1585 Quantis

2320 1617 2457 1674 dicis
2492 1618 2626 1679 hzec.
2658 1630 2693 1671 o
2722 1614 2991 1671 Domine?
3022 1612 3315 1667 Duodecim
3364 1608 3678 1666 hominibus
3709 1608 3779 1663 ad
3809 1608 3889 1661 in—

2320 1707 2710 1763 numerabilem
2742 1704 2991 1776 populum
3018 1720 3034 1759 :
3070 1712 3120 1759 et
3151 1703 3409 1769 boptisote
3442 1717 3531 1755 eos
3561 1700 3629 1764 ⁸³,
3673 1699 3888 1770 inquit;

2321 1808 2377 1855 et
2403 1796 2649 1853 fecerunt
2690 1813 2811 1867 quae
2860 1786 3122 1851 videmus.
3168 1795 3363 1849 Iterum
3393 1808 3527 1848 sane
3559 1804 3891 1861 comparans

662 1888 838 1944 lumen
892 1885 1075 1941 mundi
1122 1885 1389 1940 dicuntur.
1443 1882 1639 1937 Domus
1684 1882 1829 1938 enim
1879 1882 1927 1939 si
1972 1881 2223 1955 dixisset,
2251 1872 2293 1928 Β
2323 1889 2603 1961 parabam
2625 1888 2867 1959 pmdicii
2892 1905 2907 1943 ε
2936 1886 3125 1943 Simila
3144 1895 3220 1942 eu
3246 1900 3461 1954 regnum
3488 1884 3766 1947 cctam,
3791 1881 3890 1937 hoc

659 1994 767 2038 non
794 1986 937 2033 esset
965 1988 1238 2046 magnum,
1267 1975 1313 2030 sl
1340 1974 1424 2027 via
1459 1972 1683 2041 alicujus
1707 1986 1812 2027 non
1833 1980 2000 2028 esset.
2032 1972 2220 2027 Adhuc

661 2070 857 2140 majus.
889 2068 1141 2125 Civitatis
1181 2067 1325 2122 enim
1355 2064 1513 2120 unius
1546 2064 1591 2120 si
1619 2063 1861 2120 dixisset.
1892 2063 1999 2120 Sed
2034 2063 2217 2119 lumen

658 2176 754 2222 eos
782 2178 905 2219 esse
936 2176 1039 2217 non
1066 2168 1152 2216 est
1189 2159 1503 2215 incredibile
1544 2157 1781 2212 nationis
1808 2156 2033 2229 integra
2070 2173 2085 2211 :
2125 2156 2219 2211 sed

659 2255 868 2319 mundi,
919 2252 1116 2325 inquit,
1160 2253 1293 2308 estis
1326 2251 1527 2306 lumen.
1572 2248 1628 2305 Si
1678 2249 1815 2304 dixit
1860 2263 2132 2318 magnum,
2168 2255 2223 2301 et

662 2361 770 2403 non
816 2345 944 2401 fecit
972 2342 1289 2411 maximum,
1324 2356 1457 2397 num
1493 2340 1749 2396 mentitus
1777 2348 1863 2396 est
1894 2337 2132 2408 aliquid?
2163 2336 2219 2393 Si

662 2448 840 2493 autem
872 2436 1003 2491 dicit
1044 2448 1260 2505 magna,
1300 2440 1560 2502 operatur
1600 2444 1775 2486 autem
1819 2430 2046 2498 majora,
2092 2428 2221 2499 quid

663 2527 923 2584 faciemus
952 2525 1019 2581 de
1044 2524 1131 2580 his
1156 2539 1276 2593 qua:
1320 2520 1607 2577 videntur?
1646 2519 1790 2575 Dicit
1818 2520 1976 2575 Petro
2009 2536 2024 2573 :
2054 2517 2134 2573 Tu
2166 2535 2221 2573 es

662 2615 876 2682 Petrus,
907 2625 959 2671 et
986 2631 1143 2685 super
1170 2615 1329 2668 istam
1368 2621 1572 2682 petram
1610 2611 1882 2679 odi/icobo
1922 2608 2217 2665 Ecclesium

664 2724 830 2763 nteant
861 2706 927 2761 ".
958 2705 1117 2762 Certe
1142 2703 1532 2760 adiﬁcaturum
1569 2716 1627 2757 se
1656 2702 2001 2772 promittebat
2034 2701 2223 2756 Eccle-

663 2800 799 2854 siam
845 2812 1023 2853 suam.
1055 2795 1114 2851 Si
1148 2810 1251 2849 non
1281 2793 1585 2855 aediﬁcavit,
1625 2800 1871 2847 mortuus
1896 2800 1998 2847 est.
2035 2791 2091 2847 Si
2128 2807 2221 2844 au-

663 2897 769 2943 tem
798 2885 1088 2942 aediﬁcavit
1110 2884 1200 2955 qui
1238 2898 1340 2937 non
1379 2882 1529 2944 vivit.
1557 2882 1740 2936 dicant
1768 2882 2034 2951 quomodo
2056 2880 2223 2935 aedili-

662 2981 805 3035 cavit
852 2998 865 3034 :
917 2978 1011 3033 sed
1059 2975 1368 3041 adiﬁcavit,
1420 2974 1551 3029 nihil
1602 2984 1783 3028 autem
1826 2972 2068 3027 addidit?
2126 2971 2221 3027 sed

663 3070 822 3125 dicit:
842 3080 889 3124 et
910 3078 1075 3136 porttz
1096 3068 1253 3137 inferi
1276 3082 1377 3121 non
1392 3063 1738 3134 prcoalebunt
1756 3064 2003 3117 adversus
2024 3078 2135 3116 eam
2150 3061 2219 3117 ”.

2318 1992 2399 2037 est
2440 1981 2753 2050 praedicatio
2809 1981 2932 2045 ista,
2984 1983 3239 2045 fermento
3282 1978 3351 2032 ³⁸.
3395 1976 3709 2033 Secundum
3760 1974 3890 2045 quid

2318 2071 2679 2129 fermentum?
2727 2070 2852 2141 quia
2894 2079 2951 2127 et
3000 2070 3268 2125 fermento
3304 2069 3514 2124 modico
3566 2082 3597 2122 a
3665 2066 3891 2122 muliere

2318 2162 2373 2217 in
2407 2159 2572 2215 multa
2606 2159 2984 2230 conspersione
3041 2158 3389 2225 abscondito,
3446 2158 3621 2227 ipsum
3674 2156 3890 2226 quidem

2319 2267 2421 2308 non
2455 2255 2776 2308 obscuratur
2808 2268 2835 2306 a
2865 2252 3271 2320 conspersione,
3298 2251 3392 2306 sed
3422 2265 3548 2304 cum
3590 2251 3667 2304 sit
3700 2262 3889 2318 parum

2320 2352 2489 2398 totum
2535 2342 2846 2405 fermentat,
2883 2352 2940 2396 et
2987 2340 3282 2396 fermentat
3332 2339 3451 2394 sine
3496 2337 3752 2406 strepitu.
3792 2336 3889 2401 ita,

2320 2433 2516 2504 inquit,
2564 2448 2685 2488 mea
2714 2432 3029 2504 praedicatio
3074 2430 3256 2487 brevis
3310 2444 3404 2499 per
3446 2428 3761 2495 duodecim,
3802 2440 3887 2497 per

2318 2528 2460 2584 istud
2512 2526 2870 2591 fermentum,
2924 2533 3062 2589 toto,
3130 2523 3344 2594 inquit,
3406 2522 3721 2592 iusparsum
3784 2534 3889 2574 non

2321 2614 2797 2674 transmutabitur.
2832 2613 2926 2668 sed
2952 2627 3168 2668 omnem
3193 2612 3449 2667 mundum
3493 2608 3794 2679 transferet
3827 2607 3889 2663 ad

2321 2709 2754 2779 religiositatem.
2815 2705 2931 2762 Hoc
2991 2706 3195 2761 dictum
3256 2710 3339 2760 est
3399 2717 3495 2773 per
3553 2700 3886 2771 parabolarn.

2319 2795 2637 2865 Praedicatio
2664 2808 2843 2852 autem
2874 2796 3017 2852 facta
3042 2805 3147 2860 est,
3193 2803 3287 2851 aut
3322 2793 3473 2848 non?
3516 2792 3573 2847 Si
3609 2791 3759 2847 facta
3785 2800 3887 2859 est,

2321 2889 2450 2959 quid
2477 2889 2725 2945 dubitas?
2757 2889 2803 2945 si
2832 2897 3010 2943 autem
3042 2903 3148 2943 non
3179 2897 3262 2943 est
3292 2885 3457 2950 facta,
3497 2899 3688 2955 argue.
3717 2883 3887 2938 Aliam

2322 2984 2517 3039 iterum
2566 2982 2878 3053 paraliolam
2927 2982 3157 3036 similem
3208 2979 3333 3035 huic
3382 2978 3703 3033 introducit.
3757 2976 3887 3045 Quid

2322 3076 2465 3130 enim
2492 3072 2656 3130 dicit?
2683 3073 2873 3129 Simile
2904 3083 2980 3127 est
3017 3088 3233 3143 regnum
3270 3069 3516 3125 culorum
3548 3084 3720 3140 grano
3751 3069 3891 3121 sino-

664 3160 721 3263 ?“
755 3176 861 3216 που
899 3160 1028 3215 πιοίί
1054 3158 1215 3229 ΒΙεάῘί
1243 3167 1389 3222 sum:
1418 3166 1471 3211 ει
1494 3155 1791 3257 "efﬂuis,
1820 3165 1873 3209 θῑ
1902 3155 2139 3263 ξῐηηηίν
2166 3163 2223 3209 ει
2250 3206 2291 3263 c
2323 3169 2424 3236 pis,
2447 3167 2586 3237 quod
2616 3166 2816 3220 brevius
2847 3164 3056 3244 quidem
3086 3174 3161 3219 est
3190 3162 3256 3217 ob
3288 3163 3530 3217 omnibus
3558 3161 3846 3217 seminibus
3871 3173 3891 3215 :

666 3251 827 3322 leges,
876 3260 932 3305 et
962 3265 1157 3320 pana,
1207 3257 1264 3303 θι
1309 3261 1477 3310 mors,
1530 3257 1585 3300 Cl
1625 3246 1858 3300 varietas
1906 3245 2121 3312 horum,
2170 3254 2226 3301 ει
2251 3245 2291 3263 ν
2325 3274 2439 3315 cum
2474 3269 2649 3312 ανον-ω
2696 3259 2937 3321 creverit,
2970 3256 3142 3326 mdia
3174 3254 3234 3325 ﬁt
3282 3254 3524 3308 οῃικίὺιη
3563 3254 3797 3307 σιω-ᾔδη
3824 3251 3887 3308 θ’,

666 3342 826 3411 ignis,
853 3350 908 3395 et
937 3354 1106 3403 mare,
1147 3349 1202 3393 et
1245 3337 1414 3404 ﬂuvii,
1446 3344 1499 3393 et
1541 3336 1721 3390 omnia
1768 3335 1929 3390 simul
1970 3336 2227 3391 adversus

666 3433 825 3487 istam
864 3430 1321 3501 pradicationem,
1356 3438 1410 3485 et
1450 3443 1545 3499 per
1583 3428 1763 3483 omnia
1800 3427 2065 3482 transiens
2093 3442 2227 3500 pre-

666 3521 865 3575 dicatio
894 3520 1122 3575 conﬂata
1160 3530 1279 3586 est;
1305 3529 1359 3576 et
1382 3522 1446 3574 de
1476 3530 1645 3582 terra,
1678 3530 1733 3575 et
1761 3520 2017 3591 castigata
2043 3534 2226 3575 osten-

666 3610 813 3666 ditur
840 3608 966 3679 quia
989 3611 1146 3666 inferi
1172 3621 1228 3669 et
1262 3622 1461 3687 mortes
1490 3613 1731 3684 plurimae
1754 3629 1857 3666 non
1893 3611 2228 3667 transferunt

666 3702 877 3757 Domini
912 3704 1368 3771 pradicationem.
1407 3704 1463 3759 Si
1509 3720 1615 3761 non
1660 3703 1801 3758 facta
1846 3703 2074 3758 fuissent
2102 3702 2225 3771 ista,

667 3794 807 3851 forte
856 3795 1248 3865 relinqueretur
1277 3796 1560 3852 dubitatio.
1603 3794 1659 3850 Si
1705 3804 1882 3850 autem
1918 3810 2013 3865 per
2046 3796 2226 3850 omnia

671 3896 779 3941 tota
814 3878 911 3941 ista
945 3887 1252 3956 praedicatio
1286 3897 1414 3953 stat,
1447 3888 1577 3942 vivit
1620 3888 1803 3956 utique
1836 3888 1990 3958 cujus
2033 3886 2229 3957 pracdi-

667 3982 811 4037 catio
851 3995 957 4038 non
994 3982 1277 4037 evertitur.
1318 3983 1423 4037 Sed
1453 3999 1519 4038 ex
1552 3982 1779 4038 modicis
1806 3996 2008 4053 magna:
2038 3981 2231 4051 praedi-

669 4078 913 4131 cationes
944 4088 1071 4132 sunt
1105 4076 1280 4132 factae.
1320 4076 1686 4141 Recumbebat,
1725 4076 1920 4143 inquit,
1956 4075 2228 4142 Dominus,

666 4178 717 4223 et
747 4169 883 4223 venit
926 4169 995 4221 ad
1029 4184 1144 4221 eum
1187 4168 1429 4237 quadam
1465 4166 1653 4220 mulier
1679 4166 1745 4218 ⁹¹.
1784 4166 1849 4221 Et
1879 4165 2021 4234 quod
2049 4173 2231 4232 porta-

668 4257 785 4312 vit?
817 4269 1147 4329 unguentum
1201 4258 1387 4313 eﬂ‘udit
1433 4274 1597 4326 super
1640 4266 1801 4328 caput
1845 4258 1981 4327 ejus.
2026 4255 2230 4312 irasce-

670 4349 865 4403 bantur
886 4360 1061 4402 autem
1088 4348 1355 4417 discipuli,
1386 4348 1619 4403 scientes
1650 4348 1791 4415 quod
1827 4354 2099 4416 unguento
2126 4360 2231 4400 non

669 4440 873 4509 indiget
911 4439 1185 4510 Magister.
1221 4438 1556 4495 Irascebatur
1589 4447 1767 4491 autem
1807 4447 1861 4491 et
1896 4437 2061 4490 ludas
2104 4450 2230 4506 pro-

2321 3350 2391 3405 Et
2418 3348 2728 3419 praedicatio
2755 3349 2805 3402 in
2840 3348 3122 3403 duodecim
3149 3356 3267 3401 erat
3289 3344 3569 3414 apostolis,
3598 3354 3656 3398 et
3678 3341 3890 3397 Judais-

2327 3456 2447 3495 mus
2473 3450 2526 3495 et
2550 3440 2821 3510 gentilitas
2852 3450 2991 3494 erat.
3022 3437 3156 3493 Cum
3187 3446 3363 3492 autem
3404 3437 3597 3500 crevit,
3618 3433 3890 3505 superavit

2325 3543 2573 3604 utraque.
2618 3531 2707 3586 Isti
2758 3542 2884 3586 ante
2933 3544 3148 3586 crucem
3199 3541 3473 3583 sermones
3522 3535 3694 3592 sunt,
3777 3533 3891 3595 post

2326 3639 2543 3681 crucem
2584 3633 2764 3678 autem
2800 3637 2964 3691 opera
3008 3637 3130 3692 qua
3171 3620 3431 3675 videmus.
3477 3617 3704 3672 Interim
3740 3632 3892 3671 vene-

2327 3725 2453 3771 runt
2478 3716 2693 3785 quidem
2728 3714 2982 3785 gentiles,
3012 3722 3067 3767 et
3093 3712 3282 3767 dicunt
3305 3708 3555 3779 Philippo
3591 3727 3605 3764 :
3646 3707 3891 3762 Voluntas

2324 3808 2508 3863 Iesum
2537 3809 2710 3863 videre
2737 3808 2809 3873 ",
2859 3815 2914 3860 et
2955 3806 3086 3859 dicit
3120 3802 3316 3858 Iesus:
3351 3799 3504 3855 Venit
3530 3802 3690 3865 liora,
3722 3802 3893 3855 crucis

2331 3902 2514 3963 timor,
2559 3912 2613 3954 ut
2644 3899 2970 3969 gloriﬁcetur
3008 3894 3181 3951 Filius
3219 3895 3440 3949 hominis
3464 3894 3530 3949 ".
3569 3894 3736 3959 Dicit,
3776 3892 3891 3962 quia

2327 4007 2449 4047 cum
2502 3994 2792 4046 cruciﬁxus
2848 3991 3007 4045 luero
3056 3989 3413 4059 glorificahor.
3458 3985 3573 4041 Hoc
3603 3986 3763 4051 dixit,
3795 4000 3892 4039 non

2330 4086 2442 4150 liat,
2485 4096 2540 4138 et
2572 4092 2818 4137 mortuus
2842 4092 2944 4135 est.
2984 4081 3040 4134 Si
3070 4088 3246 4133 autem
3278 4077 3525 4147 praedixit
3552 4088 3609 4130 et
3632 4092 3731 4145 per
3757 4091 3893 4131 mor-

2330 4186 2435 4232 tem
2486 4173 2734 4244 perfecit,
2783 4188 2816 4228 ο
2862 4173 3098 4243 potentia
3149 4170 3361 4223 virtutis
3409 4183 3591 4237 perea
3625 4183 3748 4239 qua:
3793 4184 3889 4223 nou

2327 4278 2456 4323 sunt
2499 4266 2698 4321 fortia!
2748 4266 2855 4320 Sed
2902 4263 3065 4318 nolite
3097 4261 3321 4331 fatigare
3359 4261 3426 4315 de
3469 4261 3890 4325 resurrectione,

2328 4360 2382 4416 iu
2436 4360 2526 4415 die
2560 4357 2942 4427 assumptionis
2988 4356 3195 4410 audire.
3246 4352 3536 4407 Festivitas
3580 4362 3669 4407 est
3720 4353 3887 4423 primo

2329 4453 2557 4515 animas,
2598 4460 2652 4505 et
2690 4451 2761 4504 ita
2802 4459 3015 4506 ventres
3048 4448 3147 4520 (l).
3182 4447 3364 4502 Primo
3382 4447 3556 4501 debes
3582 4445 3894 4500 condiscere

668 4540 791 4603 pter
824 4530 1089 4595 fructum;
1123 4538 1176 4584 et
1216 4530 1339 4600 quia
1386 4538 1440 4583 et
1480 4528 1805 4599 pauperibus
1834 4529 2000 4583 donat
2046 4528 2222 4582 incur-

2330 4546 2415 4600 cui
2455 4544 2713 4610 feriaris;
2750 4543 2927 4612 primo
2976 4544 3138 4599 debes
3170 4553 3463 4611 agnoscere
3496 4540 3624 4608 quia
3667 4538 3803 4590 vivit
3844 4536 3892 4589 it.

672 4622 867 4677 rentia.
902 4622 1157 4676 Dominus
1185 4632 1361 4675 autem
1410 4622 1474 4675 ad
1510 4623 1808 4676 irascentes
1857 4636 1872 4671 :
1920 4618 2112 4680 Nolite,
2151 4618 2233 4670 in-

670 4715 806 4782 quit,
848 4730 1090 4782 quaerere
1116 4715 1241 4785 quid
1271 4730 1371 4785 ego
1404 4715 1586 4779 velim,
1630 4714 1722 4768 sed
1752 4713 1874 4782 quis
1914 4721 1967 4766 et
2003 4726 2122 4781 quae
2151 4720 2235 4764 est

671 4806 927 4860 voluntas
951 4812 1067 4875 ejus
1098 4806 1185 4875 qui
1212 4807 1432 4861 immisit
1467 4806 1599 4877 (98).
1633 4805 1803 4860 Nolite
1832 4819 1951 4859 esse
1980 4802 2187 4857 molesti
2216 4820 2229 4856 :

671 4896 801 4952 fecit
842 4898 1009 4957 enim.
1058 4899 1211 4965 Quod
1261 4909 1438 4954 autem
1491 4897 1619 4953 fecit
1661 4897 1785 4961 ista,
1838 4912 1942 4952 non
1994 4897 2229 4967 ignorat.

670 4989 1004 5046 Praanuntiat
1049 4992 1151 5047 ista
1200 5008 1372 5047 meam
1422 5002 1671 5048 mortem.
1728 4992 2039 5047 lmmittitur
2081 4991 2225 5045 enim

670 5080 922 5151 gentibus
951 5082 1040 5147 qui
1080 5082 1381 5137 metiuntur
1404 5094 1751 5152 unguentum.
1785 5083 1849 5137 Et
1884 5098 1985 5136 una
2009 5081 2227 5152 quidem

672 5171 981 5240 pradicatio
1026 5174 1150 5241 quia
1197 5175 1456 5228 morietur
1492 5192 1507 5230 :
1553 5176 1644 5229 sed
1690 5175 1792 5229 ista
1830 5189 1933 5228 non
1970 5175 2040 5229 sit
2068 5173 2229 5227 mira-

674 5262 813 5316 bilis.
850 5264 1010 5318 Addit
1038 5266 1182 5319 enim
1216 5285 1231 5320 :
1264 5268 1423 5321 Amen
1452 5286 1604 5321 amen
1634 5268 1750 5321 dico
1783 5268 1938 5331 vobis,
1966 5266 2087 5336 quia
2111 5282 2228 5319 cum

675 5355 1017 5419 praedicatum
1062 5356 1223 5424 fuerit
1280 5373 1461 5412 nomen
1507 5374 1679 5413 meum
1737 5360 1791 5413 in
1840 5360 1980 5413 omni
2010 5360 2225 5423 mundo,

2333 4650 2439 4703 quo
2486 4634 2715 4689 habetur
2760 4650 2905 4703 spes,
2953 4644 3013 4689 ut
3052 4650 3275 4689 securus
3306 4637 3623 4687 manduces.
3658 4628 3717 4683 Si
3763 4642 3894 4683 mor-

2334 4736 2456 4780 tuus
2503 4735 2579 4779 e5t
2629 4726 2717 4793 qui
2756 4726 3100 4790 adhortatur,
3150 4725 3313 4795 lugeri
3346 4730 3580 4793 oportet.
3627 4719 3684 4774 Si
3722 4730 3891 4774 autem

2333 4817 2479 4871 suasi
2534 4816 2795 4872 fuerimus
2823 4819 2947 4885 quia
2985 4818 3117 4871 vivit
3159 4827 3210 4872 et
3241 4816 3494 4881 viviﬁcat,
3517 4823 3572 4868 et
3600 4813 3645 4867 si
3680 4812 3893 4867 mandu-

2334 4908 2643 4962 caveritnus
2669 4918 2723 4962 et
2770 4909 3091 4973 biberimus,
3130 4918 3185 4963 et
3224 4922 3558 4978 quaecunque
3607 4904 3714 4957 alia
3760 4901 3890 4956 [eoeo

2335 4996 2540 5060 rimus,
2594 4995 2645 5049 in
2694 4996 2919 5067 gloriam
2976 4998 3211 5051 viventis
3263 4994 3543 5050 faciemus.
3601 4993 3893 5047 Suademus

2335 5086 2497 5155 igitur
2528 5098 2583 5140 et
2630 5097 2680 5141 ut
2714 5090 3013 5157 gaudentes
3038 5090 3337 5159 epulemur.
3383 5087 3547 5142 Putas
3577 5087 3725 5140 enim
3774 5084 3888 5154 quia

2335 5180 2509 5233 adhuc
2541 5181 2876 5235 necessarius
2914 5195 3091 5235 sermo
3128 5192 3231 5236 est.
3283 5181 3471 5235 Adhuc
3514 5180 3660 5234 enim
3709 5177 3889 5231 suade-

2336 5286 2473 5323 mur.
2502 5268 2677 5324 Unum
2704 5272 2847 5324 enim
2898 5288 2962 5325 ex
3022 5271 3107 5325 bis
3134 5288 3253 5340 qtae
3281 5273 3423 5326 dicta
3459 5281 3589 5326 sunt
3628 5285 3735 5326 non
3789 5268 3889 5325 suf-

2347 5364 2459 5416 licit
2490 5371 2543 5416 et
2585 5364 2815 5432 lapidem
2847 5366 3213 5420 comminuere
3245 5383 3259 5420 :
3294 5380 3470 5419 tamen
3510 5380 3672 5419 unum
3707 5381 3774 5420 ex
3818 5364 3888 5417 bis

745 5534 786 5565 ⁸⁷
815 5536 1002 5592 Matth.
1030 5552 1081 5597 ν.
1124 5538 1205 5589 l3.
1284 5536 1329 5569 ⁸⁸
1374 5537 1499 5590 ibid.
1534 5538 1619 5589 H.
1690 5536 1734 5567 ⁸⁵
1764 5536 1948 5590 Matth.
1973 5553 2081 5599 ΠΙ,
2112 5537 2197 5589 18.
2277 5540 2322 5571 ⁹⁰
2354 5541 2479 5595 ibid.
2560 5539 2603 5570 ⁸¹
2638 5540 2824 5593 Matth.
2860 5556 3009 5603 xxvi,
3036 5541 3092 5604 6.
3117 5544 3169 5596 7.
3248 5544 3295 5575 "
3328 5542 3459 5596 ibid.
3495 5542 3583 5597 13.
3636 5542 3685 5574 "
3714 5540 3885 5598 Matth.

679 5618 867 5671 xxvut,
895 5604 979 5660 i9.

750 5764 861 5835 (98)
905 5765 1005 5829 Qui
1041 5768 1273 5819 immisit.
1307 5767 1465 5819 Forte
1493 5767 1580 5835 qui
1613 5783 1688 5819 me
1718 5768 1873 5821 misit.

745 5834 852 5897 l99)
892 5835 1124 5892 Susuecti
1154 5848 1293 5891 sunt.
1323 5835 1425 5892 Pro
1456 5834 1673 5901 mam
1702 5849 1837 5890 sunt.

1080 5606 1125 5641 “
1149 5606 1334 5661 Matth.
1368 5622 1483 5671 xm,
1526 5610 1614 5661 55.
1694 5608 1735 5637 ³⁵
1770 5609 1895 5661 ibid.
1925 5608 2012 5665 51.
2087 5609 2130 5639 ’⁸
2158 5606 2220 5664 Jo

2349 5610 2573 5674 311,21.
2649 5610 2693 5641 ⁸⁷
2748 5612 2870 5664 ibid.
2904 5613 2995 5665 '25.

2407 5769 2482 5843 (l_)
2526 5768 2588 5821 Et
2625 5770 2948 5843 “attentus.
2982 5772 3242 5832 Subaudi,
3295 5790 3503 5831 curare.
3548 5775 3613 5830 Et
3653 5774 3884 5843 ito,forte

2333 5854 2397 5894 ex
2427 5838 2613 5895 Graeco
2643 5840 2731 5892 καὶ
2765 5836 2902 5905 εἶτα,
2938 5843 2989 5899 id
3018 5853 3103 5899 est
3137 5855 3180 5898 et
3206 5845 3411 5900 deinde.
