4072 6410
177 405 324 458 HI?)

1172 395 1264 450 DE
1299 391 1769 452 INCORPORALI
1805 391 1896 448 ET
1935 389 2284 449 INVISIBILI
2326 388 2481 447 οιο.

3313 388 3450 448 UH

181 524 410 576 addam.
446 521 642 578 Omnia
671 521 816 576 enim
858 527 920 573 ut
960 518 1161 582 dicant,
1209 532 1311 573 nec
1341 515 1598 573 saeculum
1650 515 1766 571 sui-
1796 530 1842 587 Α
1879 517 2006 584 quia
2034 515 2332 569 moriturus
2359 527 2503 577 sum,
2541 519 2601 568 et
2623 509 2910 569 exaltabor
2937 512 2991 568 ln
3015 525 3256 577 crucem,
3279 515 3454 570 autin

179 611 319 667 ficit.
375 611 702 668 lensurabo
752 627 889 667 sane
934 618 1218 666 tractatum
1250 618 1474 678 propter
1501 621 1755 674 corpora,

180 705 410 765 propter
456 695 836 757 festivitatem,
892 702 1111 764 propter
1167 690 1540 747 refectionem.
1613 689 1763 746 Dicit

179 785 387 842 Iterum
435 787 694 841 Dominus
730 804 746 840 :
780 784 1018 841 Granum
1064 785 1230 840 tritici
1260 783 1365 838 nisi
1398 785 1592 838 cadens
1621 798 1768 838 utor-

181 886 339 934 tuunt
373 879 558 945 fuerit,
609 877 779 947 ipsum
826 876 997 931 solum
1046 885 1221 930 monet
1254 875 1322 930 ’⁸.
1370 873 1442 932 Ut
1493 875 1660 930 habet
1705 889 1766 932 se

180 979 386 1024 natura
422 969 633 1023 locutus
673 976 778 1024 est.
820 966 878 1022 Si
909 966 1054 1022 enim
1085 965 1409 1021 semiustum
1441 980 1548 1020 non
1575 964 1762 1032 fuerit,

181 1060 392 1116 nudum
428 1075 657 1132 granum
688 1059 945 1114 manebit.
985 1056 1042 1112 Si
1094 1068 1276 1113 autem
1303 1058 1528 1124 cadens,
1565 1058 1763 1130 inquit,

180 1148 356 1206 fuerit
407 1162 707 1215 mortuum,
737 1161 797 1206 ut
832 1159 1060 1206 testatur
1087 1165 1116 1204 a
1159 1160 1349 1206 natura
1374 1192 1391 1217 ,
1422 1151 1620 1208 multos
1648 1154 1765 1206 tru-

176 1251 312 1298 ctus
355 1239 538 1298 aﬂert.
582 1242 650 1298 Et
677 1257 800 1313 ego,
837 1243 1030 1312 inquit,
1064 1246 1110 1298 si
1153 1259 1259 1298 non
1307 1242 1462 1299 fuero
1493 1254 1762 1309 mortuus,

179 1344 297 1384 non
325 1329 523 1399 colligo
565 1350 580 1386 :
618 1331 663 1385 si
717 1343 898 1386 autem
933 1333 1134 1388 cadens
1181 1333 1234 1388 in
1286 1342 1486 1389 terram
1520 1343 1766 1391 mortuus

179 1420 367 1486 fuero,
401 1424 600 1477 multos
630 1421 837 1479 fructus
861 1422 1031 1480 aiiero
1071 1425 1365 1480 secundum
1398 1440 1628 1497 granum
1662 1427 1764 1481 tri-

182 1512 304 1568 tici.
339 1513 405 1566 Et
439 1529 535 1584 per
573 1515 845 1570 modicum
877 1516 1090 1583 quidem
1121 1530 1347 1587 granum
1391 1515 1648 1587 parabola
1682 1517 1768 1572 di-

183 1615 274 1660 cta
315 1616 421 1670 est,
465 1621 762 1679 permagna
794 1616 974 1663 autem
1022 1607 1379 1662 admiratione
1421 1622 1559 1678 opus
1585 1617 1766 1664 osten-

183 1695 357 1752 ditur.
396 1695 455 1753 Si
506 1698 674 1763 enim,
728 1698 928 1767 inquit,
965 1709 1208 1754 mortuus
1260 1715 1366 1755 non
1429 1699 1604 1766 fuero,
1657 1716 1763 1756 non

183 1790 409 1860 colligo.
461 1791 765 1860 Antequam
822 1790 964 1847 enim
1016 1800 1339 1857 moreretur,
1386 1801 1444 1847 et
1495 1791 1762 1848 mirabilia

1867 604 2044 662 caios
2075 604 2232 677 (nihil
2266 606 2416 660 enim
2447 603 2703 675 prohibet
2731 614 2962 676 utraque
2993 604 3067 660 ita
3097 605 3372 678 intelligi),
3398 616 3454 663 et

1869 693 2086 750 traham
2125 709 2319 750 omnes
2365 694 2433 749 ad
2473 708 2562 750 me
2597 711 2614 748 :
2649 693 2791 749 dixit
2831 696 3139 751 modicum?
3170 697 3455 754 miremur.

1867 785 1975 840 Sed
2007 799 2266 855 lagnum
2297 783 2429 854 quid
2463 783 2622 848 dixit,
2653 791 2712 838 et
2737 783 3006 838 modicum
3047 783 3216 841 fecit?
3238 786 3454 842 minua-

1866 891 1990 931 mus
2032 874 2474 930 admirationem.
2533 871 2592 930 Si
2642 883 2826 929 autem
2865 889 3117 946 magnum
3155 877 3314 942 dixit,
3347 891 3456 932 ma-

1864 980 2033 1037 gnum
2063 977 2118 1020 et
2147 963 2302 1030 fecit,
2332 973 2386 1021 et
2422 965 2525 1020 hoc
2552 978 2651 1036 per
2679 979 2919 1028 crucem.
2953 975 3009 1022 et
3038 977 3160 1037 post
3185 979 3451 1036 mortem;

1866 1057 2132 1127 pellamtts
2175 1055 2575 1113 dubitationem
2627 1066 2683 1109 et
2727 1057 3089 1126 suscipiamus
3147 1058 3328 1116 iidem.
3386 1058 3455 1114 Et

1866 1148 2065 1203 iterum
2097 1148 2166 1200 ad
2202 1144 2420 1202 indutos
2444 1146 2579 1200 dicit
2603 1145 2795 1200 eadem
2830 1163 2847 1201 :
2877 1146 3030 1213 Cum,
3071 1149 3267 1220 inquit,
3305 1149 3456 1205 mi-

1865 1239 2099 1294 tasea'tis
2137 1235 2186 1290 Ρ
2189 1237 2340 1292 ilium
2370 1236 2628 1301 hominis,
2656 1244 2781 1290 tunc
2802 1239 2974 1293 scietis
3006 1241 3132 1311 quia
3162 1257 3256 1311 ego
3285 1258 3402 1296 sunt
3433 1257 3453 1297 :

1865 1341 1916 1385 et
1943 1349 1974 1384 α
2006 1346 2094 1385 me
2125 1331 2237 1399 ipso
2265 1346 2372 1384 non
2409 1331 2550 1395 reni,
2573 1331 2664 1385 sed
2689 1347 2721 1384 α
2757 1329 2885 1399 Deo,
2917 1348 3034 1386 eum
3074 1349 3232 1400 opera
3261 1343 3454 1390 testato

1864 1421 2060 1492 fuerint
2108 1423 2191 1475 tris
2219 1437 2336 1492 qua
2366 1420 2486 1474 dico
2521 1421 2562 1476 ⁸.
2611 1419 2675 1475 Hi
2711 1434 2840 1478 sunt
2883 1433 3072 1494 gustus
3117 1423 3456 1493 pradicatio-

1867 1529 1994 1569 num
2038 1513 2250 1569 Domini
2295 1528 2312 1566 :
2348 1511 2506 1582 plena
2542 1521 2726 1568 autem
2766 1511 3057 1582 Evangelia
3107 1524 3235 1570 sunt
3271 1514 3456 1572 voleuv

1868 1605 2016 1660 tibus
2047 1606 2184 1660 bene
2228 1604 2446 1675 degere,
2479 1603 2622 1673 pleni
2666 1603 2838 1661 Actus
2885 1606 3254 1675 apostolorum
3303 1617 3455 1673 sunt,

1865 1708 1920 1752 et
1951 1695 2208 1766 Epistula
2238 1695 2413 1760 Pauli,
2455 1706 2510 1752 et
2547 1697 2793 1753 civitates
2840 1698 3108 1753 mirabilia
3144 1700 3246 1773 (3),
3283 1699 3456 1770 plena

1869 1798 1999 1843 sunt
2030 1788 2194 1844 urbes
2231 1789 2356 1843 lide.
2398 1787 2543 1844 Laus
2588 1789 2681 1844 uni
2718 1805 2824 1846 non
2855 1800 2987 1846 nato
3018 1790 3149 1854 Deo.
3181 1793 3272 1863 qui
3305 1794 3456 1850 misit

185 1878 417 1946 faceret,
451 1896 555 1937 nec
595 1881 876 1937 duodecim
903 1881 1162 1954 collegit;
1218 1897 1324 1936 non
1353 1892 1766 1952 permanserunt
1798 1881 1841 1937 Β
1871 1880 2027 1935 nobis
2074 1895 2241 1934 unum
2291 1878 2462 1936 Deum
2509 1883 2842 1954 unigenitum
2897 1897 3056 1939 suum
3084 1883 3306 1950 Filium,
3361 1901 3456 1956 per

183 1973 336 2028 enim
371 1988 495 2028 cum
541 1988 627 2031 eo.
681 1975 822 2030 Dicit
863 1975 1006 2030 enim
1041 1992 1055 2029 :
1085 1975 1218 2041 Quia
1251 1973 1297 2028 si
1340 1988 1446 2028 non
1488 1989 1584 2028 ero
1617 1989 1759 2027 mor-

185 2072 336 2131 tuus,
368 2079 472 2120 non
505 2065 752 2137 colligam
779 2066 897 2137 (‘2):
929 2064 1060 2120 Cum
1092 2075 1266 2120 autem
1298 2064 1567 2119 excitatus
1606 2064 1760 2133 [uero

185 2167 219 2206 ς
259 2163 429 2222 terra,
460 2171 636 2211 omnes
685 2157 895 2212 trahant
940 2159 1011 2210 ad
1043 2172 1125 2211 me
1151 2157 1220 2211 ”.
1269 2155 1382 2211 lloc
1425 2155 1569 2226 quod
1597 2155 1756 2218 dixit,

1870 1987 2032 2041 quem
2077 1981 2163 2027 est
2205 1971 2254 2026 ei
2290 1973 2483 2042 gloria,
2516 1979 2708 2042 honor,
2762 1977 3070 2048 imperium,
3110 1978 3366 2049 majestas
3397 1979 3452 2032 in

1867 2061 2076 2132 Spiritu
2125 2072 2339 2130 sancto,
2375 2076 2430 2120 et
2484 2084 2653 2133 nunc.
2685 2079 2742 2126 et
2789 2085 3010 2142 semper
3039 2079 3094 2126 et
3127 2085 3224 2142 per
3266 2085 3450 2126 omnia

1865 2154 2062 2210 stecula
2092 2157 2432 2214 seculorum.
2476 2160 2671 2216 Anien.

1141 2455 1705 2574 EUSEBlI
1789 2455 2475 2571 PAMPHILI

633 2696 781 2786 DE
860 2691 1680 2789 INCOBPORALI
1755 2694 1913 2784 ΕΤ
1987 2693 2637 2788 INVISIBILI
2720 2698 3001 2793 ΠΕΟ.

257 3047 657 3121 incorporalem
690 3061 810 3103 esse
839 3047 1003 3104 Deum
1029 3061 1164 3104 voce
1193 3061 1388 3117 magna
1422 3047 1750 3115 clamemus,
1785 3048 1832 3114 c
1861 3045 1954 3118 qui
1996 3056 2050 3104 et
2090 3047 2288 3104 animis
2341 3047 2526 3103 tribuit
2569 3057 2626 3104 et
2686 3047 3201 3118 incorporaiitatem.
3250 3045 3453 3108 Paulus

184 3154 239 3198 et
269 3145 322 3198 in
351 3156 582 3212 corpore
606 3141 907 3207 constituti,
931 3150 987 3196 et
1013 3156 1041 3194 a
1070 3141 1390 3217 corporibus
1422 3144 1760 3198 recedentes.

188 3232 384 3291 Vivent
421 3235 566 3291 enim
601 3235 793 3288 anima
829 3233 1260 3304 incorporaiiter,
1290 3243 1344 3290 et
1379 3244 1501 3304 post
1534 3244 1764 3290 mortem

186 3328 581 3400 incorporalem
609 3328 704 3399 (4).
735 3337 788 3383 et
815 3327 1044 3382 necdum
1077 3341 1196 3396 quae
1222 3342 1252 3381 a
1286 3324 1396 3383 Deo
1424 3336 1607 3383 creata
1639 3335 1767 3383 sunt

190 3429 390 3475 tantam
430 3422 631 3475 habent
667 3419 1003 3490 dignitatem.
1036 3419 1151 3489 Ipse
1194 3430 1375 3476 autem
1417 3422 1509 3492 qui
1548 3436 1682 3491 pura
1714 3431 1768 3477 et

186 3513 468 3584 perspicua
494 3522 743 3583 operatus
765 3523 877 3579 est;
908 3513 1262 3583 incorporalia
1291 3524 1448 3584 putas
1483 3517 1766 3586 aperietur

186 3615 366 3660 mente
411 3605 781 3675 insipientium
829 3603 1093 3674 corpore?
1152 3605 1546 3676 Consignemus
1598 3605 1764 3675 igitur

185 3706 400 3755 nostros
447 3699 711 3770 cogitatus
755 3712 786 3752 a
821 3697 1012 3752 divinis
1045 3697 1364 3769 Scripturis.
1419 3699 1557 3766 Quia
1619 3698 1761 3754 enim

185 3789 309 3845 inde
360 3799 644 3845 moventur
693 3791 1045 3860 quaestiones,
1093 3791 1214 3845 inde
1242 3791 1460 3846 veniant
1509 3799 1570 3845 et
1614 3792 1763 3847 solu-

187 3885 374 3939 tiones.
406 3884 598 3938 Anima
630 3883 943 3940 immortalis
981 3892 1086 3948 est,
1112 3893 1166 3939 et
1198 3884 1480 3949 passiones
1517 3887 1766 3956 corporis

187 3992 288 4032 non
341 3979 564 4032 veniunt
607 3977 671 4030 ad
717 3992 856 4032 eam.
906 3975 1008 4033 Per
1057 3992 1177 4031 eum
1246 3978 1392 4032 enim
1449 3992 1548 4047 per
1601 3993 1764 4049 quem

183 4070 359 4124 omnia
397 4070 536 4124 facta
582 4079 727 4136 sunt,
765 4080 817 4124 et
845 4071 1037 4124 aninne
1076 4079 1277 4123 creatae
1321 4080 1473 4123 sunt.
1509 4069 1630 4140 ipse
1665 4073 1766 4127 hoc

185 4163 547 4231 pronuntiavit
594 4161 848 4216 Dominus
889 4171 942 4216 et
987 4161 1121 4214 dixit
1165 4179 1178 4216 :
1227 4158 1410 4214 Nolite
1457 4165 1639 4218 timere
1678 4180 1765 4218 eos

182 4254 270 4323 qui
323 4257 568 4310 occidunt
620 4270 833 4319 coruus,
885 4255 1117 4308 animam
1163 4265 1339 4309 autem
1398 4271 1503 4310 non
1547 4266 1764 4326 possunt

187 4349 416 4404 occidere
472 4351 515 4403 ’.
567 4348 679 4404 Non
728 4349 862 4402 dixit
915 4346 1039 4416 quia
1091 4346 1278 4401 nolunt
1326 4349 1612 4414 occidere,
1666 4350 1760 4407 sed

186 4445 306 4512 quia
352 4458 457 4496 non
494 4450 749 4510 possunt,
794 4440 1003 4510 inquit,
1038 4441 1306 4495 occidere.
1359 4439 1580 4497 Naturae
1617 4445 1761 4499 enim

188 4535 378 4591 animae
417 4534 714 4604 potentiam
760 4533 958 4602 posuit,
997 4540 1052 4588 et
1095 4548 1198 4588 non
1239 4534 1572 4603 propositum
1622 4536 1764 4590 deci-

188 4627 467 4697 pientium.
515 4625 570 4680 Si
612 4626 772 4695 igitur
821 4635 1018 4680 nostra:
1058 4625 1275 4688 animae,
1315 4640 1433 4693 qua:
1474 4625 1525 4678 in
1567 4639 1764 4695 corpo-

189 4719 332 4773 ribus
381 4729 438 4772 et
478 4719 624 4773 circa
678 4733 902 4786 corpora
955 4717 1241 4784 habentur,
1290 4733 1579 4787 corporum
1640 4735 1763 4788 pas-

187 4813 366 4866 siones
394 4826 500 4864 non
539 4809 853 4874 admittunt,
889 4811 1053 4864 etiam
1089 4810 1217 4864 dum
1253 4810 1449 4864 adsunt
1487 4809 1538 4863 in
1570 4824 1763 4878 corpo-

190 4904 370 4966 ribus;
416 4912 620 4970 quanto
655 4903 825 4971 magis
857 4901 934 4972 (5)
967 4902 1052 4956 bis
1092 4902 1182 4973 qui
1224 4902 1508 4956 honoravit
1552 4903 1761 4959 animas

192 4995 516 5066 incorporali
567 5005 782 5060 natura,
818 4997 942 5066 ipse
978 4997 1150 5066 inagis
1177 5001 1259 5050 est
1287 4995 1661 5065 incorporalis,
1706 5007 1761 5052 et

191 5103 289 5143 non
327 5090 402 5144 ita
443 5088 796 5157 incorporalis
839 5099 896 5143 ut
934 5089 1161 5142 anitum?
1197 5087 1330 5142 Cum
1378 5088 1521 5141 enim
1563 5089 1629 5142 de
1679 5089 1761 5143 his

190 5183 516 5238 moverimus
563 5197 898 5247 sermonem,
943 5180 1443 5251 et'inquisierimus
1489 5183 1759 5248 quomodo

192 5271 542 5339 incorporalis
577 5271 646 5325 ab
704 5271 1130 5341 incorporalibus
1191 5269 1408 5337 diﬂ‘ert;
1457 5281 1582 5325 tunc
1637 5288 1755 5326 cum

183 5362 297 5431 ipse
325 5363 467 5418 Deus
498 5365 818 5434 itnpertierit
843 5365 909 5420 de
941 5365 1025 5419 his
1064 5365 1368 5434 loquemur.
1412 5363 1631 5417 inierint
1664 5378 1760 5417 an-

191 5464 292 5513 tem
325 5470 502 5513 motus
541 5467 623 5511 est
668 5473 882 5520 sermo,
908 5458 1034 5526 quia
1079 5457 1216 5512 Deus
1268 5456 1624 5524 incorporalis
1654 5466 1759 5518 est,

253 5551 298 5583 "
319 5545 479 5602 Joan.
528 5563 624 5612 xu,
657 5545 750 5602 εει.

191 5621 214 5653 ⁸
249 5620 439 5674 Matth.
475 5633 527 5679 ν,
566 5619 618 5672 8.

257 5709 335 5781 (Ξ)
374 5707 472 5762 Ms.
509 5706 675 5774 Dicit,
703 5709 826 5777 quia
878 5709 923 5762 si
958 5724 1060 5762 non
1091 5724 1181 5762 ero
1224 5718 1477 5773 mortuus,
1515 5722 1617 5762 non
1661 5709 1761 5763 ευ(-

197 5781 666 5908 ﬁgrgdlirabilia.
699 5847 802 5906 Pro
831 5847 1175 5903 mirabilibus.

864 5548 908 5580 ”
949 5547 1079 5602 ibid.
1136 5547 1224 5605 51.
1315 5547 1330 5577 ⁸
1370 5544 1526 5600 Joan.
1561 5560 1690 5613 vm,
1731 5546 1820 5604 '28.
1916 5551 1936 5581 ²
1977 5551 2164 5605 Matth.
2204 5552 2352 5614 x38.
2440 5553 2462 5584 ³
2501 5552 2542 5606 ιι
2568 5553 2692 5609 Cor.
2741 5571 2791 5622 ι,
2841 5555 2896 5610 3.

1866 3150 2045 3196 autem
2076 3153 2131 3198 et
2180 3143 2233 3196 lu
2283 3157 2511 3213 corpore
2561 3142 2909 3208 constitutus,
2951 3153 3008 3198 et
3060 3144 3116 3198 in
3163 3159 3332 3203 carne
3362 3145 3456 3202 ’νί-

1867 3249 2019 3300 veos,
2054 3250 2159 3290 non
2189 3234 2404 3291 volebat
2448 3235 2502 3289 in
2532 3249 2700 3290 carne
2738 3249 2879 3291 esse.
2923 3235 3060 3290 Dicit
3108 3237 3254 3290 enim
3285 3256 3301 3294 :
3344 3236 3462 3292 Au-

1865 3329 1993 3383 dent
2021 3329 2240 3398 quidam
2272 3336 2525 3399 putantes
2559 3343 2658 3382 nos
2689 3327 2740 3382 in
2767 3342 2931 3382 carne
2965 3328 3190 3395 vivere;
3230 3339 3287 3383 et
3324 3330 3456 3398 quia

1864 3422 2082 3476 vivebat
2114 3422 2166 3476 in
2195 3436 2381 3485 carne,
2421 3421 2569 3474 addit
2602 3437 2616 3474 :
2653 3418 2710 3474 in
2751 3435 2914 3476 carne
2947 3421 3097 3475 enim
3138 3423 3454 3494 constituti,

1869 3531 1973 3570 non
2004 3530 2066 3569 ea
2108 3529 2230 3584 quae
2256 3513 2442 3570 carnis
2480 3522 2607 3568 sunt
2648 3527 2939 3582 cperamur
2964 3515 3007 3569 ³.
3044 3513 3099 3569 Si
3148 3515 3314 3584 igitur
3355 3518 3450 3587 qui

1865 3619 1982 3664 erat
2020 3607 2074 3662 iu
2111 3621 2276 3662 carne
2315 3605 2654 3660 alacritatem
2689 3604 2981 3662 refundens
3031 3607 3081 3660 in
3122 3606 3315 3676 spiritu
3367 3622 3455 3663 re-

1867 3702 2008 3758 cedit
2045 3717 2072 3754 a
2111 3714 2362 3768 corpore,
2395 3708 2598 3768 quanto
2632 3698 2802 3766 magis
2841 3699 3188 3753 immaculata
3212 3709 3268 3753 et
3300 3699 3452 3752 inac-

1867 3794 2132 3851 cessibilis
2169 3802 2222 3847 et
2262 3808 2392 3864 pura
2441 3792 2527 3846 illa
2573 3801 2763 3846 natura
2800 3790 2904 3846 hoc
2936 3791 3042 3845 erit
3080 3800 3137 3845 et
3176 3805 3450 3858 sermone,

1865 3889 2008 3959 quod
2044 3897 2126 3942 est
2171 3895 2223 3941 et
2285 3885 2524 3940 natura?
2575 3883 2847 3940 Habemus
2893 3900 3022 3940 sane
3063 3894 3118 3937 et
3167 3885 3218 3938 in
3267 3882 3450 3938 Evan-

1866 3982 2020 4052 geliis
2045 3981 2330 4050 scriptum,
2361 3981 2476 4049 ipso
2504 3976 2788 4034 Salvatore
2817 3978 3030 4032 dicente
3056 3995 3069 4031 :
3103 3976 3267 4031 Deam
3297 3992 3450 4030 nemo

1867 4073 1992 4127 cidit
2051 4087 2282 4126 unquam
2315 4071 2359 4126 ⁸.
2423 4069 2651 4135 Nullus,
2711 4071 2921 4141 inquit.
2975 4085 3212 4140 unquam
3269 4070 3448 4126 vidit:

1865 4181 2054 4221 omnes
2090 4181 2350 4236 personas
2382 4163 2794 4232 comprehendit
2819 4179 2834 4218 :
2863 4162 3043 4217 omnia
3087 4177 3194 4216 non
3242 4161 3445 4228 simul,

1867 4275 1973 4314 non
2010 4260 2333 4329 separatim;
2368 4272 2607 4328 unquam
2637 4255 2877 4327 potuisse
2907 4255 3090 4310 videre
3125 4254 3294 4309 Deum
3326 4269 3451 4322 pro-

1870 4351 2172 4406 nuntiavit?
2197 4353 2378 4406 omnia
2417 4351 2590 4420 spatia
2626 4351 3080 4420 comprehendit:
3119 4358 3176 4403 ut
3209 4364 3278 4404 ne
3327 4347 3451 4417 quis

1869 4444 2097 4509 diceret,
2132 4445 2407 4513 prophetis
2442 4441 2712 4512 apparuit,
2743 4451 2836 4494 aut
2868 4439 3306 4511 legislatorihaut
3344 4439 3450 4494 alio

1868 4537 2049 4590 alicui.
2087 4534 2228 4602 Quid
2275 4535 2444 4603 ergo?
2495 4535 2827 4588 mentiuntur
2871 4531 3163 4601 Scriptum
3194 4546 3317 4603 quae
3368 4533 3449 4585 di-

1866 4639 2034 4684 cunt:
2072 4628 2202 4682 Veni
2241 4638 2295 4682 et
2324 4627 2462 4691 vidi,
2491 4634 2545 4681 et
2575 4626 2789 4679 audivi?
2816 4623 3068 4679 Vultibus
3110 4640 3214 4677 non
3255 4634 3337 4679 est
3373 4626 3449 4678 vi-

1868 4721 2043 4775 sibilis
2077 4720 2237 4775 Deus.
2279 4719 2744 4786 Quemadmodum
2769 4732 2900 4787 ergo
2937 4716 3320 4788 agnoscibilis?
3348 4718 3448 4783 Qui

1865 4823 2045 4868 autem
2083 4814 2230 4868 solus
2269 4813 2416 4868 novit
2445 4827 2568 4866 eum
2614 4811 2706 4880 qui
2753 4825 2813 4865 se
2855 4812 3060 4877 genuit,
3094 4809 3263 4863 dicit:
3299 4807 3449 4861 Beati

1868 4909 2062 4960 mundo
2095 4908 2273 4972 corde,
2322 4908 2570 4972 quoniam
2625 4906 2725 4964 ipsi
2778 4902 2948 4958 Deum
3003 4903 3244 4956 uidebunt
3290 4903 3333 4955 ⁸.
3391 4901 3447 4958 Si

1866 5002 2011 5056 enim
2059 5001 2313 5066 dixisset,
2359 4999 2505 5054 Beati
2549 4999 2641 5068 qui
2689 4997 2834 5051 acuti
2885 5005 3010 5050 sunt
3045 4994 3239 5052 oculis.
3281 4993 3430 5047 dice-

1868 5109 2050 5148 remus
2095 5094 2217 5162 quia
2267 5094 2441 5147 oculis
2504 5091 2844 5158 mancipavit
2896 5090 3095 5143 visum.
3155 5087 3210 5141 Si
3268 5096 3446 5140 autem

1870 5185 2008 5239 sicut
2037 5186 2223 5239 oculus
2254 5200 2420 5253 purus
2461 5185 2604 5239 videt
2631 5199 2753 5251 quae
2785 5182 2952 5238 oculis
2999 5190 3125 5236 sunt
3158 5179 3448 5242 naturalia,

1869 5276 1941 5328 ita
1992 5286 2046 5329 et
2078 5276 2257 5329 anima
2318 5275 2512 5330 munda
2560 5277 2708 5332 videt
2780 5291 2899 5345 qua:
2947 5283 3073 5330 sunt
3116 5289 3279 5343 supra
3329 5276 3449 5325 ani-

1869 5382 2050 5430 mant;
2085 5367 2178 5435 qui
2211 5369 2375 5423 corde
2408 5369 2642 5433 videtur,
2683 5367 2856 5423 oculis
2888 5383 2991 5442 non
3040 5367 3295 5422 videtur:
3333 5379 3456 5434 qua:

1870 5469 2050 5514 autem
2085 5460 2258 5516 oculis
2289 5461 2562 5524 videntur,
2608 5458 2891 5528 subiacent
2925 5462 3254 5516 motionibus
3302 5474 3458 5512 men-

2995 5555 3016 5586 δ
3051 5551 3207 5608 Joan.
3269 5567 3310 5618 t,
3361 5551 3452 5606 i8.

1939 5706 2018 5779 (vi)
2070 5705 2167 5779 bis.
2208 5717 2258 5779 et
2297 5718 2408 5774 post
2459 5718 2679 5764 mortem
2725 5721 2937 5779 propter
2968 5709 3376 5775 incorporalem.

1939 5778 2012 5848 (ὅ)
2058 5777 2172 5833 llis.
2211 5778 2313 5833 [’t'o
2335 5781 2398 5832 is.
