4072 6408
653 417 795 477 HIS

1324 407 1595 469 EUSEBII
1628 403 2103 468 ωεωιιειεδιε
2138 402 2223 460 0P

2328 399 2505 461 PARS
2543 398 2635 458 IV.
2672 432 2743 446 —
2778 395 3196 457 DOGMATICA.

3759 393 3887 447 1116

652 542 745 593 iis.
791 538 986 592 lterum
1027 534 1171 590 enim
1220 532 1417 588 Paulus
1451 531 1584 587 dicit
1615 549 1629 586 :
1670 530 1836 597 Quem
1887 544 2036 583 nemo
2080 525 2209 581 sidit
2236 530 2284 586 Α
2309 524 2506 579 mundo
2535 529 2675 587 erat,
2713 520 2981 592 quomodo
3016 518 3163 574 venit
3192 482 3263 571 ini
3305 513 3601 570 mundum?
3632 512 3768 568 Cum
3800 529 3888 569 aa-

650 629 942 690 Iiosniniim,
972 642 1063 686 iter:
1091 625 1264 680 uidere
1293 634 1457 695 potest
1482 624 1524 681 ‘.
1561 622 1697 691 Quia
1725 621 1869 677 enim
1894 627 2069 692 potest
2098 617 2213 672 ﬁeri

650 737 776 777 eum
823 720 910 789 qui
968 719 1114 773 audit
1167 733 1232 773 ea
1266 732 1387 788 qua
1432 731 1539 772 non
1584 716 1732 771 videt
1776 715 2043 785 cogitare;
2089 711 2213 780 quia

655 827 759 867 non
802 813 1085 882 pervenit,
1129 822 1221 865 aut
1260 810 1559 879 prohibitus
1602 818 1704 869 est.
1752 817 1843 861 aut
1876 806 2071 861 calum
2107 818 2212 859 non

648 904 927 971 permisit;
974 910 1257 972 amputans
1312 914 1527 955 omnem
1577 898 1938 968 suspicionem
1983 897 2214 964 Aposto-

650 995 762 1060 lus,
794 1006 849 1050 et
878 994 1296 1049 invisibilitatem
1328 992 1437 1048 Deo
1476 991 1782 1048 custodiens
1820 987 1960 1057 quod
1990 986 2215 1057 conjun-

650 1099 795 1144 etum
836 1098 919 1142 est
950 1086 1303 1158 incorporali,
1341 1101 1445 1141 non
1477 1085 1647 1141 solum
1674 1082 1835 1144 dixit,
1874 1096 2022 1136 nemo
2055 1081 2211 1145 vidit,

650 1181 746 1235 sed
786 1195 876 1233 nec
922 1179 1126 1243 uidere,
1168 1178 1369 1247 inquit,
1418 1185 1604 1246 potest.
1645 1174 1711 1229 Et
1757 1174 1898 1229 sicut
1945 1173 2215 1238 animam,

656 1285 763 1325 non
797 1270 919 1339 quia
948 1270 1225 1333 nolebant,
1255 1267 1350 1323 sed
1387 1257 1511 1337 quia
1554 1281 1659 1322 non
1689 1274 1938 1335 poterant
1966 1264 2217 1319 occidere

652 1373 868 1435 propter
920 1373 1186 1426 nturam,
1235 1361 1304 1417 ita
1353 1368 1409 1416 et
1456 1360 1581 1415 istic
1614 1358 1818 1414 dictum
1864 1366 1983 1438 est,
2043 1370 2218 1427 neque

650 1451 836 1507 videre
882 1460 1142 1523 possunt:
1167 1451 1289 1521 quia
1324 1464 1429 1505 non
1468 1449 1662 1505 calum
1702 1447 1989 1503 obumbrat
2026 1461 2094 1502 ne
2136 1446 2221 1501 vi-

652 1544 864 1609 deatur,
894 1544 987 1600 sed
1028 1552 1221 1599 natura
1258 1555 1363 1598 non
1415 1540 1908 1612 romprebenditur.
1938 1538 2012 1596 Ut
2037 1547 2215 1594 autem

651 1636 796 1693 scias
842 1634 975 1705 quia
1013 1631 1208 1690 edem
1250 1647 1359 1687 non
1405 1632 1582 1703 operit
1616 1646 1727 1687 eos
1769 1646 1837 1686 ne
1867 1630 2085 1687 videant
2127 1628 2218 1699 qui

652 1728 836 1783 videre
1022 1721 1272 1795 possunt;
1316 1725 1537 1781 adverte
1580 1723 1708 1795 quid
1742 1723 1818 1778 ait
1866 1724 1983 1793 ipse
2029 1722 2215 1777 Deus:

2314 623 2421 669 tem
2468 612 2705 669 audieris
2744 611 2869 681 quia
2902 608 3038 664 Deus
3082 606 3315 662 ambulat
3344 608 3401 661 in
3436 605 3696 675 paradiso
3719 604 3785 669 ⁸⁸,
3814 605 3886 659 ita

2311 706 2434 762 audi
2466 713 2521 761 et
2547 704 2613 759 de
2640 702 2778 759 Filio
2816 703 2943 774 quia
2973 701 3139 756 venit.
3179 700 3320 769 Ergo
3343 706 3400 754 et
3427 712 3552 752 cum
3582 696 3823 752 audieris
3852 713 3881 751 s

2312 798 2622 869 propheta:
2672 794 2803 862 Quis
2849 803 2927 849 est
2984 796 3074 866 qui
3117 793 3257 848 venit
3300 808 3365 847 ea:
3410 789 3585 845 Edoni
3622 789 3701 844 “i
3747 790 3888 845 sicut

2312 888 2462 942 venit
2501 888 2587 955 qui
2621 889 2774 941 adest
2816 886 2869 940 in
2909 885 3137 949 mundo,
3180 884 3253 939 ita
3292 883 3441 938 venit
3486 882 3581 952 qui
3629 880 3782 936 venit
3819 894 3887 934 ex

2312 980 2505 1036 Edom.
2531 979 2721 1036 Vestes
2746 988 2928 1033 autem
2961 977 3012 1032 ei
3052 977 3247 1032 rubras
3290 975 3546 1045 imposuit
3578 972 3885 1045 prophetia,

2314 1087 2439 1128 cum
2469 1070 2657 1126 Daniel
2688 1070 2889 1125 dixerit
2916 1069 3036 1125 alba
3064 1083 3186 1125 esse
3220 1068 3338 1137 ejus
3370 1066 3721 1122 vestimenta.
3747 1063 3887 1119 Iota

2314 1174 2493 1220 autem
2536 1162 2691 1219 nobis
2723 1162 2899 1219 fuerat
2931 1163 3035 1219 ista
3076 1160 3301 1232 quastio
3326 1167 3384 1216 et
3415 1158 3482 1214 de
3515 1158 3801 1214 vestibus:
3830 1164 3889 1211 et

2315 1258 2363 1315 si
2398 1272 2502 1312 non
2542 1256 2731 1314 fuisset
2765 1266 2944 1322 mota,
2972 1254 3198 1312 rationis
3235 1260 3356 1311 erat
3390 1266 3497 1308 non
3538 1264 3661 1307 eam
3705 1259 3886 1305 trans-

2318 1350 2423 1406 ire.
2450 1349 2840 1405 Condiseamus
2875 1348 3002 1418 quid
3030 1356 3116 1404 est
3149 1346 3292 1418 quod
3332 1344 3532 1401 dicitur
3563 1351 3749 1398 vestes
3787 1341 3887 1397 ba-

2318 1439 2449 1495 bere
2490 1437 2690 1503 Deum,
2728 1444 2784 1494 et
2823 1438 2924 1493 bas
2961 1438 3120 1492 modo
3160 1437 3375 1500 rubras,
3415 1434 3575 1490 modo
3607 1442 3789 1488 autem
3820 1432 3892 1486 al-

2317 1530 2436 1587 bas.
2478 1530 2592 1586 Non
2640 1529 2783 1585 enim
2812 1532 3073 1602 lactatum
3106 1527 3282 1583 dicam
3317 1527 3481 1582 Deum
3522 1524 3579 1579 in
3623 1523 3889 1588 vestibus,

2315 1627 2383 1675 et‘
2412 1634 2553 1675 nunc
2580 1619 2799 1690 quidem
2846 1619 2917 1674 ita
2956 1616 3162 1682 vestiri,
3197 1631 3345 1673 nunc
3385 1625 3565 1671 autem
3600 1616 3731 1682 alia,
3778 1625 3893 1671 tan-

2316 1725 2478 1783 quam
2522 1710 2839 1767 obsoletatis
2889 1710 3187 1780 prioribus.
3251 1719 3345 1763 aut
3392 1723 3497 1763 non
3555 1707 3892 1763 obsolentis.

654 1815 847 1871 Nonne
870 1815 1132 1870 emitteret
1159 1821 1359 1869 terrain
1397 1829 1490 1885 ego
1522 1812 1793 1881 impleo'?
1840 1810 2051 1867 Intuere
2089 1810 2215 1881 quia
2319 1801 2549 1871 Quidam
2579 1802 2673 1857 sed
2701 1801 2886 1856 volunt
2914 1803 3082 1856 Deum
3105 1800 3160 1855 in
3193 1798 3437 1854 vestibus
3470 1798 3737 1865 iactatum
3764 1811 3887 1853 esse

653 1906 809 1964 adest
848 1908 1087 1977 quidem,
1118 1913 1223 1962 non
1251 1906 1463 1962 videtur
1488 1916 1665 1960 autem
1700 1905 1823 1974 duis
1856 1913 1909 1959 et
1943 1905 2113 1959 adest.
2140 1902 2216 1957 Ita
2248 1891 2294 1951 Β
2318 1901 2375 1949 et
2398 1892 2605 1947 clarum
2634 1892 2834 1958 videri,
2879 1900 3133 1960 tanquam
3184 1904 3293 1946 non
3337 1887 3568 1945 sumciat
3606 1888 3657 1945 el
3703 1898 3896 1943 natura

652 2000 851 2075 iterum
881 1998 1021 2054 idem
1051 1998 1341 2069 Apostolus
1370 1999 1438 2054 de
1468 1996 1747 2070 unlgenito
1770 1996 1909 2052 Filio
1931 1991 2008 2051 ait
2034 2020 2045 2052 :
2074 1994 2216 2063 Quia
2314 2000 2410 2042 ωε
2439 2002 2454 2039 ε
2484 1994 2542 2039 ιιι
2582 1985 2973 2075 nuncnum?!)
3014 1982 3136 2075 flii!
3169 1981 3413 2039 ναιίδιιι
3454 1982 3899 2075 induunt-nobis

652 2070 732 2148 .2.
766 2090 940 2161 imago
980 2090 1260 2147 invisibilis
1287 2086 1446 2146 an".
1479 2087 1537 2145 Si
1564 2090 1708 2145 enim
1749 2089 1976 2145 dixisset
2024 2076 2218 2159 imagi-
2317 2075 2502 2133 sedeat
2548 2074 2844 2132 secundum
2895 2072 3194 2138 Danielem.
3243 2087 3387 2128 nunc
3429 2081 3613 2127 autem
3655 2070 3781 2127 aliis
3807 2071 3897 2126 in-

654 2197 775 2237 ueni
806 2190 1032 2249 tantum,
1059 2194 1423 2251 quaereremus
1466 2180 1759 2238 secundum
1789 2181 1916 2252 quid
1952 2193 2096 2235 nunc
2124 2193 2218 2235 sc-

2323 2163 2477 2221 dutirs
2504 2164 2687 2221 veniat
2720 2167 3016 2221 secundum
3060 2163 3277 2249 lsaiam.
3316 2163 3426 2219 Sed
3458 2163 3542 2217 bat
3582 2162 3717 2233 ipsa:
3754 2177 3900 2233 qua-

651 2272 797 2343 cepit
846 2271 1271 2327 similitudinem.
1323 2271 1383 2329 Si
1433 2274 1613 2326 autem
1665 2272 1831 2327 addat
1882 2271 2215 2342 imaginem,
2315 2258 2519 2315 οιὶοιιθε
2559 2260 2729 2330 magis
2769 2258 2923 2313 nobis
2974 2258 3401 2329 interpretantur
3449 2266 3721 2313 naturam.
3768 2254 3899 2323 Quis

650 2363 944 2420 secundum
989 2364 1118 2435 quid
1160 2363 1367 2434 accepit
1422 2361 1877 2419 similitudinem?
1926 2359 2214 2416 manifeste

2323 2350 2485 2414 enim,
2519 2348 2715 2419 inquit,
2745 2359 2821 2404 est
2850 2349 2943 2419 qui
2966 2348 3102 2404 venit
3130 2363 3198 2403 ea:
3226 2345 3421 2414 Edoni,
3449 2349 3749 2419 interrogat
3780 2363 3901 2421 pro-

652 2452 883 2508 dicens:
931 2450 1226 2509 Invisibilis
1263 2462 1348 2515 est
1392 2451 1573 2519 Pater,
1619 2451 1905 2511 invisibilis
1952 2461 2007 2507 et
2048 2450 2219 2507 Filius
2318 2440 2511 2511 plicia.
2557 2441 2717 2495 rubra
2761 2442 3065 2496 vestimenta
3114 2439 3310 2495 lium
3360 2455 3428 2495 ea:
3476 2438 3757 2496 Basor"?
3796 2440 3897 2495 Ista

651 2543 851 2602 Patris.
902 2542 1056 2600 Sicut
1102 2544 1245 2599 enim
1292 2544 1349 2600 in
1396 2542 1582 2601 Genesi
1628 2544 1886 2613 scriptum
1932 2532 2067 2598 est:
2106 2540 2219 2597 Fu.
2316 2532 2460 2587 enim
2498 2530 2640 2587 illius
2674 2531 2908 2587 nationis
2939 2530 3256 2602 metropolis
3293 2538 3434 2587 erat.
3462 2529 3763 2600 Respondit
3808 2545 3902 2602 per

652 2636 853 2689 ciamus
883 2634 1141 2690 hominem
1174 2638 1242 2689 ad
1280 2635 1561 2705 imaginem
1595 2645 1644 2688 et
1677 2634 2079 2688 similitudinem
2125 2649 2220 2688 ιο·
2306 2630 2424 2686 ‘boe
2466 2630 2691 2700 spiritus
2740 2628 3015 2700 propheta
3056 2628 3148 2699 qui
3205 2627 3641 2699 interrogaverat
3680 2645 3697 2682 :
3734 2626 3904 2697 magis

653 2731 820 2777 strain
841 2722 886 2787 ⁵,
915 2732 972 2779 et
1001 2726 1055 2777 in
1094 2711 1443 2793 sequentibus
1482 2722 1719 2779 ostendit
1758 2723 2052 2778 secundum
2090 2721 2223 2794 quid
2319 2732 2501 2778 autem
2542 2718 2762 2791 spiritus
2794 2721 2935 2778 Deus
2966 2731 3196 2792 utraque
3233 2719 3364 2776 facit
3393 2735 3412 2785 ;
3446 2728 3503 2776 et
3543 2719 3898 2792 interrogavit

653 2812 1082 2868 similitudinem.
1124 2814 1214 2867 Ait
1259 2812 1443 2868 enim:
1477 2810 1551 2866 Et
1580 2813 1882 2867 dominetur
1912 2828 2072 2891 supra
2111 2825 2219 2868 ter-

654 2921 767 2959 rens
807 2904 1049 2960 omnibus
1092 2905 1319 2971 piscibus
1369 2906 1552 2970 lteris,
1581 2896 1645 2959 et.
1668 2904 1962 2959 volatilibus
1992 2904 2141 2973 cali,
2170 2914 2223 2960 et

653 2995 969 3049 animalibus
1000 3006 1155 3049 teme
1181 2993 1246 3047 ⁸⁸.
1293 2993 1361 3048 Et
1396 2993 1660 3064 accipitur
1700 2992 1994 3049 secundum
2036 2991 2225 3063 imagi-

655 3101 777 3141 nem
814 3100 920 3142 non
948 3085 1090 3141 aliud
1115 3085 1215 3141 nisi
1237 3086 1328 3156 qui
1357 3100 1387 3138 a
1410 3099 1536 3152 rege
1564 3084 1674 3140 Deo
1728 3083 1979 3139 omnibus
2014 3083 2219 3140 consti-

654 3187 773 3233 tuto
805 3193 897 3233 rex
943 3178 1035 3234 ﬂet
1066 3180 1142 3232 ‘et
1188 3177 1349 3231 homo
1388 3190 1577 3231 eorum
1640 3189 1760 3245 qua:
1808 3188 1971 3244 supra
2021 3183 2221 3230 terram

653 3280 800 3325 sunt.
842 3268 907 3324 Et
942 3269 1257 3325 dominante
1292 3267 1399 3323 Deo
1436 3265 1685 3323 omnibus
1718 3266 1801 3321 his
1834 3280 1955 3337 qua
1994 3265 2123 3350 fecit
2168 3266 2223 3320 in

655 3359 803 3416 rmlo
822 3368 878 3414 et
902 3360 957 3414 in
992 3368 1157 3424 terra,
1184 3357 1547 3414 dominabitur
1574 3367 1631 3412 et
1668 3357 1829 3425 homo
1862 3356 2114 3412 omnibus
2140 3357 2226 3412 bis

654 3464 794 3523 quos
823 3450 1145 3521 susceperit.
1175 3448 1329 3505 Sicut
1374 3450 1518 3504 enim
1560 3448 1673 3505 illic
1709 3448 2006 3504 similitudo
2033 3462 2227 3505 secun-

656 3543 784 3597 dum
825 3542 1114 3612 imaginem
1172 3541 1415 3597 salvatur
1455 3540 1510 3595 in
1556 3530 2013 3607 dominationem;
2061 3540 2136 3595 ita
2172 3549 2227 3607 et

656 3632 780 3689 istic
819 3616 1234 3703 quod'dieitur,
1278 3631 1371 3704 qui
1408 3641 1493 3688 est
1539 3632 1715 3700 imago
1765 3626 2065 3688 iuvisibilis‘
2094 3631 2228 3701 Dei,

655 3725 1113 3795 confitetur-quia
1156 3724 1298 3780 sicut
1342 3721 1509 3782 Pater
1560 3722 1847 3779 invisibilis
1889 3728 2004 3790 est,
2056 3723 2129 3779 ita
2171 3733 2228 3780 et

657 3815 827 3873 Filius
859 3818 975 3883 Dei,
1008 3819 1099 3889 qui
1142 3826 1227 3874 est
1268 3820 1447 3887 imago
1488 3815 1665 3873 Patris
1708 3817 2014 3881 invisibilis,
2047 3818 2251 3873 [tabem

659 3919 768 3964 tur.
794 3908 973 3981 Imago
1000 3910 1144 3965 enim
1174 3910 1578 3966 similitudinem
1617 3909 1859 3998 e.xbibet.
1890 3910 1957 3965 Et
1990 3909 2131 3998 sicut
2159 3909 2225 3964 de

658 4000 820 4055 Patre
861 4002 1059 4057 dictum
1087 4011 1187 4068 est,
1225 4002 1334 4057 imo
1362 4004 1430 4058 ab
1457 4003 1560 4058 isto
1586 3997 1783 4059 Patre:
1815 3997 2011 4057 Caleni
2042 4012 2089 4055 et
2126 4013 2227 4059 ter-

657 4108 773 4147 rain
800 4108 892 4163 ego
930 4094 1117 4162 impleo
1143 4094 1208 4157 “,
1239 4102 1295 4149 et
1325 4110 1449 4150 cum
1496 4095 1651 4151 adest
1686 4096 1937 4151 omnibus
1987 4112 2091 4152 non
2144 4097 2228 4151 vi-

658 4186 858 4239 detur:
896 4185 970 4239 ita
1002 4194 1057 4240 et
1084 4184 1153 4240 de
1189 4182 1325 4240 Filio
1355 4186 1558 4239 dictum
1596 4194 1716 4241 est:
1750 4183 1820 4239 In
1857 4186 2055 4240 inunita
2092 4196 2225 4253 erat,

656 4283 709 4330 et
737 4276 958 4329 mundus
983 4292 1099 4330 sunt
1127 4292 1230 4331 non
1256 4272 1496 4345 cognouit
1522 4277 1591 4332 ".
1617 4275 1685 4331 Et
1713 4286 1863 4333 certe
1893 4277 2027 4333 dicit
2060 4278 2232 4333 Evan-

659 4366 855 4438 gelium
891 4385 905 4422 :
943 4367 1069 4423 Erat
1116 4368 1288 4422 lumen
1326 4384 1504 4422 rerum
1531 4368 1594 4423 “.
1641 4368 1850 4423 Lumen
1908 4364 2089 4425 autem
2150 4370 2231 4425 vi-

659 4462 818 4516 detnr
859 4460 1196 4516 conducibile
1226 4476 1347 4517 esse
1395 4464 1585 4522 oculis.
1633 4462 1890 4518 Naturale
1940 4465 2086 4518 enim
2139 4473 2229 4519 est

2320 2812 2605 2883 prepbeta,
2646 2820 2700 2866 et
2730 2810 3019 2880 respondet
3058 2819 3119 2867 ut
3158 2810 3301 2867 Deus
3344 2826 3360 2865 :
3393 2806 3530 2882 Ego,
3566 2810 3777 2880 inquit,
3812 2810 3903 2881 qui

2321 2903 2508 2974 loquor
2538 2900 2904 2973 justitiam".
2947 2900 3077 2967 Cur,
3137 2901 3347 2971 inquit,
3391 2902 3571 2956 rubra
3624 2908 3757 2956 sunt
3802 2909 3905 2955 tua:

2323 2992 2537 3050 vestes?
2568 2991 2739 3049 Dicit:
2760 2992 3017 3049 Τρίτειαν
3046 2992 3245 3049 calcan
3270 2992 3417 3049 soliis
3441 2993 3507 3046 ⁸³.
3548 2991 3606 3048 Si
3645 3002 3903 3064 quantum

2323 3084 2391 3140 ad
2423 3084 2626 3140 dictum
2657 3093 2896 3154 spectat,
2940 3083 3065 3153 quia
3103 3097 3383 3138 sermones
3425 3082 3582 3138 nobis
3625 3083 3907 3154 proferunt

2327 3175 2530 3231 inimici
2582 3194 2598 3230 :
2643 3175 2996 3247 incorporalis
3029 3174 3287 3241 torcular,
3323 3174 3526 3244 inquit,
3569 3174 3815 3241 micavi;
3854 3183 3910 3229 et

2327 3268 2471 3325 sicut
2514 3266 2805 3325 toreularia
2864 3282 3051 3339 sparsa
3098 3264 3224 3325 sunt
3270 3268 3606 3339 vestimenta
3659 3267 3812 3338 ejus,
3854 3278 3909 3327 et

2327 3359 2559 3417 rubredo
2610 3360 2889 3431 quadam,
2928 3375 3034 3416 non
3081 3370 3261 3417 tamen
3308 3358 3532 3425 fucatio.
3572 3368 3695 3415 erat
3739 3353 3905 3413 vesti-

2327 3460 2629 3508 mentorum
2671 3452 2971 3518 naturalis,
3019 3467 3199 3523 neque
3249 3453 3340 3507 illa
3402 3466 3527 3523 qua:
3562 3466 3633 3507 ex
3677 3449 3908 3507 artiﬁcio

2328 3542 2445 3599 ﬁeri
2492 3544 2795 3600 consuevit.
2844 3542 2949 3599 Sed
3000 3544 3130 3616 quid
3186 3544 3383 3600 erant?
3426 3542 3771 3613 aspersione:
3807 3543 3909 3597 uti-

2325 3638 2450 3705 que,
2478 3643 2593 3689 uta
2625 3633 2879 3691 toreulari
2914 3634 3031 3692 ﬂeri
3071 3635 3211 3691 solet
3242 3649 3627 3707 nonnunquam
3665 3635 3795 3691 vino
3818 3634 3903 3704 ja-

2327 3734 2556 3780 ctatum.
2586 3724 2725 3792 Quid
2769 3740 2899 3799 ergo
2941 3726 2994 3782 in
3037 3726 3209 3784 Edam
3254 3727 3414 3783 habet
3446 3726 3588 3782 Deus
3637 3726 3908 3783 torcular?

2327 3817 2386 3873 Si
2415 3819 2540 3888 quis
2570 3828 2749 3875 autem
2793 3820 3086 3878 calcaverit
3132 3822 3387 3889 torcular,
3418 3820 3690 3892 iustitiam
3734 3821 3905 3893 loqui-

2329 3917 2435 3963 tur.
2464 3908 2523 3965 Si
2569 3918 2747 3966 autem
2787 3913 3191 3971 considerantes
3232 3915 3604 3971 invenerimus
3630 3929 3753 3985 qua:
3792 3923 3907 3970 erat

2328 4001 2430 4056 ista
2459 4016 2616 4072 gens,
2642 4014 2698 4058 et
2725 4016 2831 4073 qua
2858 4004 3206 4062 damnatione
3235 4005 3465 4062 debitris
3500 4007 3827 4074 habebatur,
3852 4019 3905 4063 et

2327 4108 2488 4164 quam
2528 4093 2821 4150 vindictam
2862 4093 2930 4152 de
2971 4096 3159 4153 eadem
3194 4097 3319 4153 iecit
3359 4096 3534 4164 Deus,
3580 4107 3636 4153 et
3672 4113 3783 4169 quo
3825 4098 3903 4153 in-

2331 4185 2669 4243 terﬁciuntur
2688 4185 2935 4257 judicio:
2976 4203 3330 4262 agnosceinus
3356 4190 3481 4259 quia
3514 4192 3758 4245 torcular
3792 4206 3893 4246 nou

2326 4287 2411 4335 est
2462 4279 2693 4335 torcular
2720 4319 2737 4345 ,
2781 4282 2875 4336 sed
2930 4280 3168 4338 vindicta
3217 4296 3315 4353 per
3382 4282 3725 4352 sanguinem.
3768 4282 3903 4339 Esau

2328 4380 2512 4426 autem
2556 4372 2629 4427 ob
2670 4372 2878 4429 ventris
2939 4374 3260 4428 edacitatem
3317 4372 3629 4429 distrahens
3684 4386 3901 4445 propter

2330 4469 2574 4516 ventrem
2627 4469 2834 4516 natura
2874 4462 3178 4532 primitias;
3216 4461 3342 4529 quia
3385 4460 3533 4515 enim
3593 4460 3699 4515 hoc
3736 4462 3901 4531 ipsum

658 4550 870 4616 lumini,
896 4564 953 4605 ut
981 4567 1076 4621 per
1109 4567 1233 4606 eum
1276 4552 1504 4609 visibilia
1544 4554 1847 4610 videantur.
1879 4552 1984 4611 Sed
2020 4557 2064 4611 si
2098 4554 2231 4611 sim-
2261 4575 2306 4630 ι)
2332 4553 2714 4609 incontinentia
2752 4562 2903 4621 eral,
2947 4568 3016 4610 ex
3056 4554 3187 4609 vitio
3229 4552 3417 4609 habuit
3455 4562 3511 4608 et
3546 4553 3899 4623 nuncupatio-

657 4644 870 4715 pliciter
906 4644 1085 4700 lumen
1122 4646 1379 4712 dixisset,
1422 4650 1705 4718 oportebat
1748 4663 1845 4705 nos
1891 4649 1960 4704 de
2002 4648 2105 4705 boc
2147 4650 2224 4704 lu-

659 4735 806 4793 mine
837 4738 1099 4807 suspicari
1127 4739 1350 4803 dictum,
1390 4749 1445 4795 et
1482 4741 1550 4797 de
1579 4742 1695 4798 istis
1728 4742 1917 4797 oculis.
1962 4742 2068 4798 Sed
2107 4743 2233 4813 quia

662 4842 767 4882 non
799 4827 1117 4897 simpliciter
1148 4829 1281 4884 dicit
1328 4830 1507 4887 lumen
1536 4850 1551 4887 :
1585 4835 1681 4889 sed
1713 4844 1865 4902 erat,
1911 4835 2117 4907 inquit,
2149 4835 2233 4890 lu-

659 4938 777 4976 men
807 4938 981 4977 verum
1007 4922 1089 4976 “:
1132 4922 1283 4995 pellit
1315 4924 1454 4978 istud
1489 4922 1666 4980 lumen
1707 4928 1848 4996 quod
1891 4941 2077 4982 verum
2125 4942 2230 4982 non

658 5024 763 5069 est.
812 5011 942 5066 Erat
990 5013 1165 5068 lumen
1201 5029 1375 5068 rerum
1418 5014 1625 5069 ueniens
1670 5014 1727 5069 in
1773 5014 1909 5071 hunc
1952 5018 2226 5072 mundam.

660 5104 795 5169 Quia
834 5104 979 5157 enim
1014 5104 1150 5159 dixit
1177 5107 1410 5172 veniens,
1439 5107 1675 5177 suspicio
1702 5117 1818 5163 erat
1847 5108 1970 5178 quia
2006 5110 2229 5166 veniens

662 5193 895 5247 nondum
925 5190 1235 5249 advenerat.
1262 5193 1509 5251 lucidens
1553 5205 1732 5252 autem
1773 5200 2036 5253 sermonis
2075 5198 2226 5255 infir-

2339 4659 2481 4700 nem.
2513 4645 2582 4701 Et
2618 4655 2702 4702 est
2729 4645 2897 4701 Edom
2929 4645 3072 4716 quod
3116 4646 3501 4715 interpretatur
3539 4646 3791 4701 avaritia.
3830 4643 3901 4700 Ex

2294 4810 2296 4812 ν
2338 4730 2444 4791 isto
2486 4736 2649 4808 igitur
2692 4736 2833 4792 Esau
2879 4735 3022 4792 facta
3076 4747 3162 4793 est
3211 4750 3341 4805 gens
3377 4736 3757 4792 ldumcornm.
3799 4736 3902 4792 Ista

2337 4839 2503 4895 gens,
2537 4826 2662 4896 quia
2712 4836 2767 4883 et
2804 4826 2945 4882 Esau
2987 4836 3106 4881 erat
3152 4826 3318 4883 frater
3358 4824 3549 4894 Iacob,
3580 4826 3771 4897 utique
3814 4829 3903 4881 de-

2336 4916 2451 4970 buit
2487 4917 2746 4987 aequalem
2787 4917 3083 4973 fraternam
3113 4919 3398 4988 quamdam
3442 4918 3781 4975 affectionem
3809 4920 3900 4974 ba-

2334 5007 2463 5063 bere
2502 5010 2571 5063 ad
2616 5009 2891 5080 populum.
2938 5006 3040 5075 Qui
3088 5022 3212 5065 cum
3261 5025 3366 5065 non
3415 5010 3678 5076 haberet,
3726 5012 3899 5066 incre-

2334 5106 2494 5166 patur
2520 5097 2570 5153 ei
2609 5114 2640 5152 a
2673 5098 2784 5155 Deo
2812 5100 2939 5169 quia
2970 5111 3077 5153 non
3116 5100 3356 5155 servavit
3390 5110 3608 5170 pactum
3647 5099 3900 5157 fraterni-

2334 5183 2463 5245 tatis
2515 5192 2584 5245 ad
2635 5191 2914 5260 populum.
2972 5189 3111 5258 Quid
3166 5205 3297 5261 ergo
3344 5191 3723 5259 praevaricavit
3775 5205 3896 5247 con-

662 5285 898 5341 mitatem
933 5286 1273 5343 conﬁrmavit
1300 5289 1496 5343 mentis
1540 5288 1887 5345 intellectum.
1916 5291 2049 5357 Quia
2078 5294 2223 5347 enim

2331 5282 2555 5338 scientia
2588 5284 2656 5337 ad
2690 5283 2933 5348 fratrem,
2960 5294 3014 5339 et
3039 5284 3218 5340 erexit
3241 5282 3476 5354 iudicem
3514 5283 3779 5338 adversus
3805 5281 3901 5339 se!

660 5376 827 5441 dixit,
877 5375 1009 5431 Erat
1056 5377 1230 5433 lumen
1282 5394 1471 5435 verum
1518 5380 1739 5435 veniens
1779 5381 1831 5434 in
1878 5382 2019 5437 hunc
2066 5399 2226 5437 niun-
2333 5372 2600 5443 Ρτοριιειει
2635 5384 2815 5429 illum
2861 5375 3160 5454 PMVidblll
3192 5374 3431 5432 Ῑυιυι-υηι
3470 5377 3538 5433 de
3576 5375 3783 5432 eildem
3820 5375 3899 5447 ἱυ·

660 5464 787 5517 dum
828 5482 843 5519 :
885 5474 944 5519 ut
985 5480 1089 5520 non
1137 5474 1382 5535 putares,
1428 5470 1553 5539 quia
1600 5485 1703 5524 non
1753 5470 1937 5525 aderat
1984 5487 2223 5543 praesens
2329 5473 2527 5528 dicium
2566 5481 2623 5527 et
2661 5472 2978 5538 vindictam,
3009 5482 3068 5527 ut
3111 5473 3368 5528 lsraelita
3405 5474 3472 5529 de
3499 5470 3753 5529 ldumeis
3793 5475 3897 5529 vin-

661 5566 947 5623 anteqnaui
996 5560 1237 5624 veniret,
1280 5571 1339 5615 ut
1368 5562 1568 5616 dicitur
1600 5577 1629 5615 a
1675 5563 2022 5632 quibusdam,
2070 5566 2219 5621 addit
2325 5563 2659 5628 dicarentur,
2687 5570 2975 5632 antequam
3006 5562 3163 5620 ﬁeret
3186 5563 3421 5619 vindicta
3447 5563 3895 5634 videtjudieiuia,

659 5646 935 5716 corrigens
980 5664 1319 5708 sermonem:
1348 5652 1417 5708 In
1461 5651 1661 5707 mando
1696 5664 1828 5709 erat.
1864 5655 1920 5711 Si
1957 5656 2123 5727 igitur
2156 5657 2211 5713 in
2316 5656 2541 5715 et.dicit
2582 5669 2599 5710 :
2660 5654 2795 5721 Quis
2827 5663 2901 5711 est
2955 5656 3047 5727 qui
3088 5658 3220 5713 venit
3270 5672 3336 5712 ea:
3379 5654 3603 5713 Edent?
3643 5656 3714 5713 Et
3765 5667 3896 5714 cert:

730 5804 807 5884 '_l
855 5803 962 5860 l‘iin
996 5824 1083 5884 _vi.
1119 5810 1203 5884 lii.
1236 5880 1265 5884 __
1291 5811 1310 5884 7
1338 5812 1496 5884 ~llicr.
1525 5826 1687 5877 xxiii,
1727 5812 1817 5868 ει.
1893 5817 1914 5848 ⁸
1952 5817 2156 5871 Coloss.
2190 5832 2223 5883 ι,

2323 5816 2355 5870 i.
2433 5817 2454 5848 ’
2492 5815 2631 5872 Gen.
2670 5833 2725 5884 ι,
2764 5818 2855 5874 26.
2942 5817 2986 5849 ¹⁶
3027 5817 3155 5875 ibid.
3236 5817 3275 5851 ¹¹
3316 5817 3425 5874 Jer.
3470 5833 3649 5881 xxiii,
3694 5816 3787 5874 24.

662 5876 703 5915 ιι
739 5874 1075 5943 Joan.t,l0.
1153 5881 1195 5913 ιι
1235 5880 1433 5939 ibid.9.
1513 5883 1554 5916 ιι
1592 5874 1722 5940 una.
1800 5886 1843 5918 ι·
1882 5886 2016 5943 Gen.
2044 5902 2126 5955 ιιι,
2161 5874 2228 5944 s.’
2295 5887 2336 5920 ιο
2374 5887 2660 5957 tum",
2694 5874 2742 5944 i'.
2821 5892 2864 5929 ιτ
2906 5874 3066 5947 ἰδίεις
3117 5890 3157 5923 ιο
3196 5888 3321 5945 ibid.
3358 5888 3414 5945 5.
3494 5889 3537 5920 ι’
3576 5874 3709 5945 ibid.
