4072 6408
222 419 360 473 1117

1219 409 1308 463 DE
1348 408 1818 465 thORPORALl
1857 402 1950 461 ΕΤ
1988 403 2336 462 INVISIBILI
2365 403 2520 460 DEO.

3373 400 3515 458 1118

221 545 485 606 quantum
542 534 609 588 ad
655 546 768 589 rem
815 531 1046 586 necdum
1091 529 1195 586 hoc
1234 529 1460 585 scierat.
1509 526 1567 583 Si
1627 536 1812 583 autem
1840 526 1889 587 Α
1918 541 2117 596 capere
2170 525 2360 582 volunt
2404 521 2732 594 strepitibus
2776 520 3104 590 quibusdam
3152 529 3208 574 et
3252 522 3422 586 sonis,
3458 531 3516 577 et

221 629 452 685 necdum
483 625 632 682 facto
660 623 870 692 judicio
912 635 1170 693 tanquam
1203 620 1316 689 jam
1358 620 1600 685 fecisset,
1627 627 1683 674 et
1725 632 1816 674 ve-

218 719 342 776 nire
374 719 592 773 videtur
630 730 754 770 cum
797 713 1000 769 dicitur
1040 727 1332 783 apparere,
1371 710 1603 765 necdum
1649 722 1817 778 appa-

219 821 327 878 ret,
361 825 469 864 non
513 807 639 877 quia
679 813 904 876 apparet
944 813 1234 872 antequam
1267 803 1461 858 veniat
1490 815 1560 856 es
1594 799 1763 854 Edom
1793 815 1810 866 ;

218 905 338 959 viso
374 902 519 957 enim
556 913 662 954 non
694 896 908 952 videtur
933 894 1024 966 qui
1071 894 1336 964 pravenit
1370 892 1634 948 visionem
1655 930 1671 955 ,
1723 905 1818 945 ne-

218 1010 327 1065 que
356 992 680 1048 vestimenta
715 990 900 1054 habet,
927 985 1112 1058 qualia
1147 985 1402 1055 apparuit
1431 984 1638 1038 habens
1666 1001 1679 1038 :
1718 981 1814 1038 sed

215 1087 344 1157 quia
381 1083 498 1138 vult
529 1075 694 1138 veluti
740 1081 954 1152 aspergi
999 1095 1093 1135 sua
1123 1079 1446 1134 vestimenta
1491 1090 1520 1129 a
1554 1074 1818 1145 sanguine

215 1193 405 1234 eorum
434 1179 527 1248 qui
561 1175 710 1246 digni
755 1185 884 1230 sunt
924 1181 1121 1228 morte.
1156 1169 1274 1226 Non
1322 1169 1470 1224 enim
1508 1168 1576 1222 ad
1618 1167 1814 1223 calum

218 1267 609 1323 transmittitur
662 1253 1106 1320 interiicientium
1161 1260 1425 1332 sanguis,
1465 1259 1562 1314 sed
1600 1272 1670 1312 ex
1715 1258 1818 1312 hoc

216 1357 457 1412 maxime
496 1355 810 1426 agnoscitur
839 1351 966 1422 quia
1015 1346 1378 1420 incorporalis
1421 1354 1506 1401 est
1547 1342 1724 1408 Deus,
1761 1350 1819 1398 et

215 1446 563 1504 vestimentis
606 1459 713 1500 non
763 1443 990 1511 indiget.
1036 1439 1175 1508 Quia
1213 1453 1336 1510 qua
1382 1443 1610 1506 apparet
1653 1433 1816 1489 indu-

216 1547 332 1604 tus,
356 1535 681 1610 signiﬁcatio
713 1544 800 1590 est
830 1532 1000 1602 magis
1031 1529 1332 1597 ellicientia
1361 1544 1524 1598 quam
1555 1526 1818 1582 esbibitio

215 1638 449 1688 natum.
487 1629 625 1684 Cum
672 1626 882 1696 judicat
915 1624 1080 1679 habet
1122 1629 1341 1686 adem,
1380 1628 1437 1675 et
1479 1617 1571 1690 qui
1609 1616 1818 1689 judicat

214 1722 515 1788 mundum,
565 1718 718 1774 albas
758 1717 878 1786 ejus
925 1728 1048 1770 esse
1098 1724 1278 1770 vestes
1329 1710 1611 1781 Scriptura
1662 1707 1816 1763 dicit.

1923 619 2286 690 thymiamate
2316 616 2568 672 volantes
2595 614 2882 670 detinent:
2908 614 2985 669 ita
3015 623 3069 668 et
3106 614 3368 668 immundi
3410 614 3518 683 spi-

1919 712 2062 766 ritus
2097 712 2246 766 circa
2277 709 2556 766 immunda
2598 716 2891 779 vagantur,
2929 719 2986 763 et
3013 717 3263 778 quarunt
3286 724 3394 764 non
3422 709 3517 765 ubi
3633 710 3637 714 ’

1921 819 2092 874 purus
2127 812 2212 858 est
2259 799 2380 869 ﬂos,
2435 801 2533 856 sed
2581 799 2670 855 ubi
2724 801 3147 863 contaminatio.
3179 799 3270 854 ubi
3315 799 3518 856 fabula

1920 895 2242 960 mendaces,
2294 894 2389 949 ubi
2423 893 2602 964 imago
2653 891 2788 947 false
2821 893 3071 964 figurata,
3102 892 3193 947 tibi
3243 893 3515 948 sacrilicia

1919 986 2214 1054 malitiosa,
2259 986 2351 1040 ubi
2391 985 2651 1040 mulieres
2692 985 3001 1055 impudicae,
3045 985 3136 1040 ubi
3179 986 3281 1039 viri
3331 985 3515 1052 incisi,

1919 1077 2012 1132 ubi
2043 1077 2131 1132 dei
2163 1075 2398 1138 adulteri
2432 1075 2536 1145 (7),
2575 1075 2667 1130 ubi
2699 1075 2814 1130 dea
2857 1075 3218 1138 iornicantes.
3254 1075 3344 1131 ubi
3387 1090 3520 1130 san-

1917 1168 2042 1240 guis
2087 1177 2142 1223 et
2157 1168 2402 1238 pollutio,
2432 1167 2522 1221 ubi
2557 1166 2726 1234 tibias,
2757 1167 2849 1222 ubi
2881 1166 3122 1232 saltatio,
3149 1167 3241 1222 ubi
3274 1167 3515 1231 nuditas,

1918 1260 2010 1316 ubi
2041 1261 2223 1316 omnis
2257 1260 2559 1330 turpitudo.
2590 1258 2651 1313 ln
2700 1260 3006 1315 istiusmodi
3051 1260 3318 1315 immundi
3352 1261 3518 1332 spiri-

1921 1361 2008 1407 tus
2036 1352 2406 1422 requiescunt.
2435 1350 2492 1408 Si
2527 1362 2716 1408 autem
2752 1353 2956 1410 viderit
2981 1353 3222 1426 aliquem
3253 1355 3306 1409 in
3323 1353 3516 1410 habitu

1917 1445 2116 1516 pudico
2159 1455 2218 1501 et
2255 1447 2515 1515 honesto,
2543 1447 2795 1502 indutum
2832 1461 2956 1502 esse
2986 1447 3275 1504 Dominum
3301 1445 3518 1510 Iesum,

1917 1536 2106 1591 statim
2153 1535 2320 1600 dicit;
2369 1551 2494 1605 qua
2543 1536 2680 1592 dicit
2750 1535 3055 1606 permitte:
3087 1537 3219 1608 quid
3261 1537 3418 1593 nobis
3459 1545 3518 1592 et

1921 1628 2059 1684 tibi?
2100 1626 2219 1684 Non
2260 1637 2345 1684 est
2380 1637 2568 1699 aptum
2613 1628 2796 1684 lumen
2839 1629 2925 1685 his
2953 1629 3050 1701 qui
3085 1629 3197 1685 laesi
3234 1642 3362 1685 sunt
3387 1646 3522 1687 ocu-

1918 1721 2038 1788 lis;
2070 1722 2139 1776 ad
2175 1719 2431 1776 tenebras
2460 1721 2608 1777 enim
2631 1731 3049 1787 convertentur,
3079 1723 3335 1778 tenebras
3371 1723 3518 1778 inse-

214 1813 352 1873 Cum
405 1821 590 1869 autem
643 1812 842 1866 iterum
891 1807 1136 1862 vindicta
1183 1806 1511 1877 completur,
1547 1815 1807 1874 tanquam
1841 1876 1878 1884 _
1920 1822 2180 1884 quentur,
2209 1812 2264 1866 in
2306 1811 2554 1868 tenebris
2599 1813 2976 1884 requiescunt.
3010 1812 3144 1870 Cum
3179 1823 3359 1870 autem
3401 1815 3518 1884 spi-

217 1906 531 1979 regrediens
561 1903 727 1959 rubra
769 1904 891 1975 ejus
918 1901 1053 1959 dicit
1094 1915 1216 1972 qua!
1264 1876 1370 1955 non
1419 1906 1590 1954 erant"
1612 1897 1807 1961 fill)".
1839 1876 1884 1933 Β
1915 1876 2058 1960 ritus
2082 1876 2399 1959 immundus
2424 1876 2711 1974 quaesierit
2747 1906 2801 1959 in
2837 1906 3070 1962 desertis
3098 1916 3156 1962 et
3187 1907 3357 1962 aridis
3382 1876 3518 1963 locis

213 2010 273 2056 et
299 2000 628 2057 vestimenta
667 2012 790 2069 qua:
834 2012 944 2053 non
977 2002 1135 2050 erant
1166 1992 1490 2048 vestimenta
1529 2007 1545 2044 :
1583 1997 1644 2044 ut
1685 1996 1815 2044 ante

213 2093 428 2149 audiret
473 2091 700 2164 populus
743 2090 872 2161 quia
912 2086 1204 2143 vindictam
1263 2083 1416 2140 facit.
1469 2082 1583 2153 Ego
1630 2089 1813 2137 autem

215 2184 505 2240 audiebam
553 2182 878 2253 prophetam
941 2178 1208 2235 dicentem
1259 2189 1364 2231 non
1411 2174 1479 2230 de
1517 2171 1629 2228 Deo
1673 2171 1812 2237 solo,

218 2277 315 2333 sed
356 2283 414 2332 et
456 2275 524 2331 de
559 2275 864 2338 sacerdote,
909 2271 1095 2328 neseio
1139 2283 1268 2341 quo,
1299 2267 1392 2339 qui
1425 2266 1650 2322 indutus
1695 2270 1817 2319 erat

217 2370 538 2429 vestimenta
570 2369 712 2425 sicut
740 2366 1015 2422 induimur
1055 2373 1112 2420 et
1148 2377 1266 2418 nos.
1298 2361 1430 2430 Qua:
1470 2368 1651 2413 autem
1680 2355 1818 2411 vidit

216 2461 486 2534 propheta
523 2459 872 2523 vestimenta,
905 2463 961 2511 et
998 2468 1118 2525 qua:
1163 2449 1473 2508 immutavit
1512 2447 1774 2503 visionem
1797 2483 1814 2509 ,

216 2568 325 2609 non
373 2559 501 2608 sunt
546 2551 650 2607 ista
707 2548 1032 2605 vestimenta
1087 2560 1210 2616 quae
1244 2559 1345 2600 nos
1403 2542 1702 2600 induimur.
1753 2537 1815 2594 Si

214 2656 397 2701 autem
441 2646 533 2713 qui
581 2640 822 2698 induitur
868 2639 972 2695 ista
1023 2638 1347 2694 vestimenta
1391 2637 1555 2692 homo
1596 2632 1817 2703 conspi-

215 2738 361 2796 citur
412 2737 636 2793 indutns
689 2743 747 2792 et
807 2743 1057 2799 mutans,
1107 2741 1164 2789 et
1219 2730 1528 2801 patiebatur
1592 2729 1814 2799 quidem

216 2833 310 2893 ille
349 2831 483 2890 nihil
523 2845 713 2888 eorum
755 2843 878 2900 quae
919 2829 1057 2884 vidit
1099 2826 1395 2898 propheta,
1445 2822 1590 2880 facta
1633 2833 1815 2878 autem

215 2939 378 2992 sunt,
415 2939 538 2996 qua:
575 2922 722 2978 videt
757 2921 1019 2992 propheta
1064 2917 1142 2988 (6)
1176 2939 1189 2973 :
1236 2918 1281 2974 si
1324 2917 1391 2972 de
1436 2914 1657 2971 homine
1690 2914 1815 2978 ista,

216 3029 425 3092 quanto
456 3017 631 3088 magis
667 3016 736 3072 de
791 3011 949 3070 Deo?
1011 3010 1219 3068 Dicitur
1267 3010 1322 3066 in
1383 3008 1649 3064 Zacharia
1690 3023 1817 3078 pro-

219 3114 420 3183 pheta:
461 3109 704 3166 Ostendit
735 3108 868 3165 mibi
912 3104 1057 3162 Deus
1099 3105 1286 3162 Jesum
1332 3119 1600 3160 sumntum
1637 3117 1816 3156 sacer-

217 3207 394 3262 dotem
429 3205 476 3238 '°
523 3223 539 3259 :
589 3201 774 3260 Jesum
823 3201 1012 3258 dicens
1072 3199 1446 3263 sacerdotem,
1498 3213 1607 3254 non
1664 3196 1813 3294 illum
1841 3233 1886 3294 ο

217 3299 458 3355 ostendit
501 3297 784 3352 Dominum
842 3294 1026 3351 Jesum
1055 3295 1147 3364 qui
1183 3303 1267 3349 est
1298 3292 1540 3361 pontifex
1593 3288 1813 3361 pontiii-
1850 3288 1908 3318 *ξ

218 3407 342 3447 cum
378 3399 432 3448 et
459 3389 715 3446 sacerdos
736 3388 1098 3444 sacerdotum.
1130 3383 1199 3441 Et
1223 3388 1337 3450 iste,
1371 3385 1566 3455 inquit,
1594 3384 1813 3438 restitas

218 3488 330 3533 erat
362 3479 670 3532 vestimenta
712 3475 965 3541 sordida,
997 3484 1046 3530 et
1083 3475 1258 3530 stabat
1298 3473 1548 3529 diabolus
1589 3491 1626 3528 ιι
1679 3472 1811 3526 dea;-

216 3571 316 3626 tris
357 3569 475 3641 ejus
528 3570 742 3640 cupiens
778 3586 896 3624 eum
949 3585 1134 3625 nocere
1152 3569 1223 3626 “.
1274 3568 1449 3626 Erant
1495 3567 1647 3625 enim
1699 3568 1816 3635 ejus

216 3663 437 3719 sordida
479 3662 818 3719 vestimenta.
861 3661 1015 3718 Sicut
1059 3663 1204 3719 enim
1243 3675 1428 3718 mures
1474 3661 1542 3716 ad
1594 3661 1814 3716 nidores

216 3764 551 3812 concurrunt
581 3773 596 3810 :
623 3755 695 3810 ita
723 3753 971 3812 diabolus
997 3763 1051 3810 et
1102 3754 1248 3811 illius
1277 3755 1560 3811 exercitus
1608 3754 1701 3809 illo
1727 3754 1816 3809 de-

217 3849 451 3906 lectatur
475 3849 688 3905 nidore.
721 3847 787 3904 Et
814 3849 917 3905 hoc
941 3847 1086 3921 quod
1115 3858 1236 3905 erat
1275 3849 1478 3904 lectum
1519 3856 1612 3903 est
1638 3866 1660 3908 :,
1680 3848 1812 3903 Cum

212 3943 434 4012 spiritus
468 3957 691 4012 nequam
744 3941 931 3996 exierit
974 3942 1040 3996 ab
1079 3941 1312 4009 homine,
1344 3939 1536 3994 circuit
1581 3941 1813 3995 desertos

213 4031 380 4098 locos,
402 4043 450 4088 et
476 4032 663 4105 quierit
705 4033 1012 4104 requiem".
1047 4031 1208 4087 Sicut
1234 4043 1292 4086 et
1327 4046 1496 4086 canes
1547 4031 1813 4102 coquina-

216 4143 338 4184 rum
365 4127 647 4199 requirunt
681 4126 772 4182 ubi
814 4125 1058 4198 sanguis,
1085 4125 1178 4181 ubi
1221 4136 1467 4190 stercus,
1495 4123 1590 4180 ubi
1633 4125 1815 4180 inlota:

217 4219 535 4288 interanea,
570 4229 626 4274 et
673 4219 782 4276 illic
829 4228 1183 4275 concurrunt.
1229 4217 1298 4274 Et
1344 4220 1490 4275 sicut
1526 4219 1622 4290 qui
1678 4218 1811 4276 foris

217 4322 464 4376 currunt,
520 4311 872 4368 adinveniunt
910 4311 1057 4381 quod
1108 4320 1267 4382 turpe
1297 4322 1385 4370 est
1431 4311 1682 4389 verbum,
1720 4313 1811 4379 qui

217 4415 374 4462 actus
421 4403 643 4470 ftedos;
699 4402 774 4458 ita
819 4418 944 4460 cum
993 4402 1219 4474 spiritus
1262 4401 1576 4458 immundus
1618 4403 1814 4459 exierit

217 4497 288 4550 ab
315 4495 560 4560 homine,
591 4493 788 4550 circuit
830 4494 1043 4550 deserta
1099 4503 1154 4549 et
1202 4493 1354 4548 arida
1398 4492 1516 4549 loca
1558 4508 1812 4564 qurerens

1918 1996 2163 2066 requiem
2191 2004 2247 2050 et
2278 2010 2384 2051 non
2410 1996 2701 2064 invenerit,
2736 1998 3115 2063 exieratenim
3139 2001 3210 2054 ab
3247 2000 3466 2055 homine
3499 2015 3516 2055 :

1918 2087 2176 2153 Redeunt,
2205 2088 2408 2159 inquit,
2432 2092 2502 2143 ad
2544 2091 2756 2145 domum
2787 2107 2956 2146 meum
2983 2092 3122 2147 unde
3145 2093 3284 2148 exiri
3303 2093 3370 2147 ".
3406 2091 3518 2148 Do-

1916 2195 2068 2237 mum
2124 2194 2279 2235 suam
2341 2191 2502 2237 vocat
2545 2183 2814 2253 eum,qui
2851 2183 3089 2238 voluerit
3147 2185 3343 2238 domus
3395 2197 3522 2243 esse

1915 2272 2058 2344 ejus.
2097 2269 2158 2327 Si
2191 2279 2376 2354 autem
2410 2272 2655 2339 redierit,
2686 2273 2884 2344 inquit,
2911 2273 3140 2342 spiritus
3173 2274 3511 2340 immundus.

1915 2373 1973 2421 et
2011 2364 2278 2420 invenerit
2332 2365 2610 2421 hominem
2675 2365 2824 2421 illum
2885 2377 3136 2436 paratum
3190 2367 3342 2422 sibi:
3387 2369 3519 2439 quia

1915 2457 2062 2511 enim
2097 2457 2233 2513 vidit
2269 2459 2508 2530 spatium
2561 2459 2618 2514 in
2675 2459 2844 2525 malo,
2889 2474 2997 2513 non
3047 2459 3166 2514 vult
3215 2458 3330 2529 jam
3368 2461 3524 2516 solus

1918 2549 2190 2618 habitare,
2220 2554 2315 2608 sed
2343 2553 2493 2608 vadit
2525 2561 2581 2609 et
2607 2551 2844 2609 assumit
2870 2551 3011 2610 alios
3035 2562 3250 2625 septem
3289 2554 3522 2626 spiritus

1917 2642 2023 2700 sibi
2070 2644 2386 2716 nequiores,
2421 2658 2478 2701 et
2527 2645 2748 2716 octuplo
2797 2655 3064 2717 quantum
3104 2645 3174 2700 ad
3223 2659 3518 2700 numerum

1918 2735 2046 2807 quia
2078 2737 2294 2808 pejores
2325 2737 2580 2794 assumit.
2617 2736 2735 2794 Non
2768 2740 2914 2794 enim
2942 2749 3211 2806 quantum
3254 2751 3522 2794 numerus

1919 2828 2268 2901 multiplicat,
2299 2839 2510 2886 tantum
2543 2830 2721 2888 solum
2754 2840 2809 2887 et
2838 2832 3046 2888 malitia
3082 2831 3252 2890 addit.
3284 2829 3362 2886 Ita
3391 2845 3520 2886 cum

1919 2926 2150 2994 creperit
2173 2925 2298 2995 quis
2323 2926 2531 2981 moveri
2565 2927 2632 2982 ad
2669 2943 2893 2984 cursum
2927 2928 3156 2994 malum,
3185 2937 3282 2982 aut
3306 2926 3376 2982 ad
3399 2935 3520 2982 tur-

1919 3031 2042 3087 pem
2071 3015 2343 3086 loquelam
2373 3031 2530 3071 suam
2557 3017 2834 3086 paraverit
2862 3018 3138 3089 linguam;
3173 3017 3384 3073 invenit
3405 3015 3518 3085 spi-

1921 3109 2062 3164 ritus
2086 3109 2405 3164 immundus
2431 3121 2848 3180 operamentum
2876 3109 2988 3180 jam
3035 3111 3338 3180 incipiente
3369 3108 3516 3165 mala

1920 3201 1990 3257 ah
2024 3199 2272 3267 homine,
2324 3209 2380 3255 et
2426 3203 2674 3273 suggerit
2718 3201 2926 3269 pejora,
2964 3211 3022 3256 et
3057 3200 3225 3257 eﬂicit
3262 3203 3367 3258 ista
3396 3215 3522 3273 quae

1919 3303 1977 3349 et
2005 3293 2226 3349 videtis.
2264 3291 2384 3350 Non
2417 3293 2562 3348 enim
2597 3301 2682 3348 est
2711 3293 2858 3363 quod
2903 3293 3104 3349 videtis
3144 3302 3386 3360 tantum,
3424 3294 3522 3352 sed

1919 3385 2296 3457 unusquisque
2343 3398 2537 3439 eorum
2569 3394 2777 3455 septem
2813 3394 2868 3438 et
2898 3383 3084 3454 plures
3123 3396 3272 3441 sunt.
3305 3382 3443 3441 Nam
3468 3397 3523 3442 et

1920 3479 2104 3549 plures
2153 3477 2359 3533 habent
2388 3477 2683 3533 (temones.
2725 3475 2940 3548 Siquis
2984 3487 3167 3532 autem
3207 3475 3514 3534 recedenti-

1918 3568 2020 3627 bus
2046 3570 2407 3631 da'monibus,
2444 3569 2587 3624 sicut
2637 3569 2903 3624 ebrietate
2935 3570 3245 3634 recedente,
3277 3571 3515 3626 voluerit

1924 3665 2294 3736 interrogare,
2337 3665 2380 3720 si
2424 3676 2606 3720 tamen
2639 3675 2694 3719 et
2729 3665 3020 3734 agnoverit
3049 3662 3284 3732 aliquem
3321 3676 3514 3717 eorum

1919 3757 2012 3828 qui
2052 3771 2200 3811 nunc
2229 3756 2544 3828 gloriantur
2573 3756 2625 3810 in
2661 3752 3093 3823 turpitudinibus
3124 3751 3264 3827 suis,
3297 3751 3414 3822 ipse
3439 3753 3516 3809 sit

1916 3851 2006 3919 qui
2052 3847 2285 3904 faciebat
2317 3849 2454 3911 hmc,
2498 3857 2592 3903 aut
2633 3846 2784 3912 fecit,
2830 3856 2926 3900 aut
2961 3844 3175 3900 locutus
3205 3853 3333 3910 est;
3386 3857 3517 3901 vero

1917 3943 2149 4000 eilicitur
2196 3943 2326 3998 illud
2378 3941 2737 4013 apostolicum
2789 3940 2994 3996 dictum
3029 3954 3044 3992 :
3074 3939 3230 4005 Quod
3281 3937 3517 4008 fructum

1921 4037 2194 4091 habebatis
2226 4045 2374 4101 tunc,
2404 4037 2457 4089 in
2481 4035 2670 4106 quibus
2697 4049 2834 4087 nunc
2859 4029 3352 4101 confundimini“?
3390 4028 3517 4086 Sic-

1916 4139 1974 4184 ut
2014 4129 2160 4183 enim
2227 4143 2370 4183 nunc
2419 4129 2667 4182 videmus
2727 4126 3038 4180 innnnndos
3086 4124 3316 4195 spiritus
3367 4123 3516 4179 acci-

1917 4223 2129 4294 pientes
2164 4220 2535 4283 occasionem,
2585 4219 2838 4288 persequi
2870 4234 2933 4272 ea
2977 4231 3099 4287 qua:
3143 4215 3345 4270 similia
3381 4224 3514 4272 sunt

1916 4316 2019 4370 sibi
2048 4314 2164 4370 :ita
2208 4320 2267 4370 et
2325 4322 2457 4367 tunc
2506 4312 2632 4382 quia
2684 4310 2908 4365 sordida
2979 4318 3139 4365 erant
3189 4309 3518 4364 vestimenta

1915 4405 2223 4464 sacerdotis
2261 4405 2383 4476 ejus
2433 4404 2526 4474 qui
2577 4402 2759 4458 fuerat
2817 4404 2988 4468 visus,
3029 4403 3212 4459 stabat
3270 4401 3520 4457 diabolus

1915 4501 1986 4555 ad
2044 4499 2327 4554 dexteram
2395 4495 2512 4564 ejus
2571 4495 2797 4566 cupiens
2865 4501 3002 4550 etnn'
3054 4508 3251 4549 nocere
3297 4502 3521 4562 propter

219 4592 490 4657 requiem.
539 4587 666 4657 quia
715 4601 823 4642 ηοη
866 4585 1166 4642 deiﬁcum"
1212 4601 1428 4657 Pacem.
1479 4601 1656 4657 neque
1699 4588 1814 4644 Wll
1843 4595 1888 4651 D
1919 4593 2136 4649 sordida
2178 4592 2532 4647 vestimenta.
2586 4587 2778 4643 Stabat
2833 4598 3018 4643 autem
3050 4597 3105 4641 et
3137 4585 3364 4656 angelus
3397 4582 3513 4638 Dei.

218 4679 553 4745 habitacula,
576 4682 671 4736 sed
700 4681 915 4735 deserta
949 4679 1168 4749 quaerit,
1198 4691 1292 4734 aut
1333 4689 1533 4736 terram
1565 4690 1660 4736 aut
1688 4683 1808 4736 ani-

224 4787 369 4826 mam
396 4772 612 4843 quaerit.
649 4770 762 4827 Nec
785 4771 873 4826 ubi
895 4786 1088 4826 aurum
1121 4772 1280 4828 malis
1322 4773 1531 4830 artibus
1563 4787 1807 4830 comma-

220 4863 506 4919 chinatnm
546 4873 632 4919 est
668 4864 723 4917 in
766 4864 1078 4921 simulacris
1104 4865 1326 4934 quaerit,
1355 4879 1456 4921 nec
1480 4866 1572 4920 ubi
1617 4881 1810 4938 argen-

222 4964 336 5010 tum
385 4954 527 5009 male
572 4952 864 5009 conﬂatum
917 4965 1000 5011 est
1027 4963 1085 5010 ut
1129 4955 1472 5012 adoraretur.
1510 4956 1698 5014 Sicubi
1740 4958 1806 5012 li-

219 5059 386 5114 gnum
423 5060 514 5100 ars
543 5054 638 5100 aut
663 5044 862 5100 idolum
895 5045 1139 5118 sculpsit,
1189 5048 1363 5105 sicubi
1397 5047 1630 5120 lapidem
1685 5067 1804 5107 ere-

219 5147 423 5194 xerunt
453 5152 646 5195 manus
680 5138 748 5193 ad
780 5137 1105 5208 colendum;
1161 5141 1297 5197 tales
1345 5143 1540 5214 quaerit
1585 5147 1801 5217 requies

222 5233 449 5299 spiritus
493 5231 823 5287 immundus.
875 5230 1060 5287 Sicubi
1111 5235 1355 5306 sanguis,
1388 5236 1565 5292 sicubi
1619 5240 1803 5306 nidor,

224 5321 404 5379 sicubi
439 5325 792 5388 seducantur,
829 5324 1004 5380 sicubi
1031 5324 1269 5389 theatra,
1304 5325 1481 5382 sicubi
1515 5328 1645 5382 nudi
1677 5345 1807 5385 cur-

255 5425 434 5480 entes,
467 5415 639 5470 sicubi
673 5417 847 5486 turpia
874 5416 1185 5486 loquentes,
1234 5427 1295 5472 et
1325 5418 1566 5486 turpiora
1613 5423 1811 5479 admit-

284 5517 426 5575 ntes,
468 5520 523 5564 et
562 5509 705 5565 sicut
745 5512 926 5580 apium
967 5513 1259 5581 progenies
1306 5513 1561 5568 acerrimi
1582 5516 1807 5584 quidam

292 5694 341 5728 ⁸⁸
377 5693 544 5754 Zach.
581 5709 663 5761 Itt,
693 5696 747 5751 1.
821 5697 866 5731 ¹¹
906 5698 1036 5756 ibid.
1071 5699 1123 5756 8.

223 5813 394 5941 abigi.
433 5811 532 5870 διε.
587 5810 751 5870 Facta
795 5825 970 5874 autent
1015 5827 1136 5875 sunt
1185 5818 1288 5875 ista
1321 5834 1440 5919 qua-
1475 5817 1635 5884 rides,
1687 5838 1808 5895 pro.

1919 4680 1991 4736 Et
2027 4682 2176 4747 dicit,
2224 4679 2422 4750 inquit,
2467 4676 2688 4749 angelus
2732 4675 2826 4731 Dei
2867 4673 3384 4745 diabolo:lncrepet
3421 4673 3516 4728 tibi

1920 4774 2202 4830 Dominus.
2254 4771 2397 4838 Hoc,
2448 4770 2644 4841 inquit,
2679 4769 2923 4824 relictum
2968 4779 3042 4823 est
3081 4769 3147 4822 ab
3187 4770 3326 4838 igne,
3350 4777 3398 4821 et
3439 4766 3516 4822 vis

1917 4885 2037 4922 eum
2080 4864 2484 4921 comburere"?
2531 4863 2600 4918 Et
2642 4873 2768 4934 post
2821 4862 2928 4918 hoc
2985 4861 3245 4932 pmcepit
3291 4858 3518 4931 angelus

1916 4958 2121 5014 auferri
2157 4971 2186 5011 a
2237 4957 2528 5013 sacerdote
2565 4955 2784 5011 sordida
2829 4956 3173 5017 vestimenta,
3223 4963 3275 5007 et
3321 4953 3511 5008 vestiri

1915 5067 2041 5108 eum
2081 5051 2306 5106 munda.
2336 5051 2403 5105 Et
2429 5050 2687 5106 sacerdos
2707 5047 2928 5120 quidem
2957 5048 3048 5116 qui
3086 5046 3369 5101 videbatur
3401 5060 3509 5100 non

1923 5143 2153 5208 aderat;
2193 5143 2288 5198 sed
2329 5143 2629 5199 constituto
2673 5155 2739 5196 eo
2780 5139 2932 5207 alibi,
2979 5140 3266 5194 videbatur
3309 5153 3340 5191 a
3390 5153 3514 5206 pro-

1918 5238 2106 5308 pheta,
2135 5244 2193 5292 et
2215 5236 2436 5292 sordida
2466 5237 2698 5291 vestitus
2722 5245 2844 5290 erat
2881 5233 3226 5298 vestimenta,
3251 5231 3342 5287 illo
3373 5230 3517 5285 forte

1917 5329 2154 5384 candida
2190 5329 2416 5384 vestito.
2471 5325 2538 5382 Et
2585 5327 2785 5384 iterum
2835 5329 3158 5383 itnmutatur
3190 5325 3312 5396 ejus
3347 5320 3524 5377 vestis

1916 5424 2011 5495 qui
2053 5421 2342 5479 videbatur
2385 5439 2415 5477 a
2463 5423 2752 5494 propheta,
2781 5433 2838 5478 et
2878 5423 2965 5477 ille
3014 5437 3122 5477 non
3155 5418 3390 5476 mutavit
3423 5414 3531 5484 qni

1918 5535 2027 5574 non
2064 5527 2185 5574 erat
2215 5521 2268 5573 in
2301 5518 2530 5574 visione.
2566 5518 2632 5572 Et
2663 5519 2918 5588 provenit
2952 5528 3216 5588 quantum
3254 5516 3331 5570 ad—
3354 5513 3533 5570 visio-

1235 5701 1280 5732 "
1306 5699 1494 5756 Matth.
1519 5714 1618 5765 stt,
1651 5702 1740 5760 b3.

1918 5706 2039 5764 ibid.
2068 5703 2161 5760 ιι.
2261 5704 2308 5739 ³⁵
2346 5705 2501 5762 Rom.
2531 5703 2719 5770 vt,2l.
2797 5704 2844 5736 "
2875 5702 3040 5761 Zuch.
3079 5701 3222 5771 nt,2

1989 5823 2067 5898 (7)
2099 5822 2198 5880 bis.
2229 5821 2275 5880 ιι
2283 5824 2334 5879 bi
2366 5825 2452 5880 dei
2479 5821 2864 5879 adulterantes.
