4072 6398
614 400 753 456 1119

1287 394 1548 451 EUSEBII
1588 388 2068 449 CESARIENSIS
2104 386 2259 444 OPP.
2300 384 2478 442 PARS
2514 383 2604 440 IV.
2643 414 2718 427 —
2752 376 3171 438 DOGMATICA.

3728 374 3857 427 H20

618 532 765 582 nem,
806 513 1077 585 duplicem
1114 527 1235 569 esse
1274 516 1607 569 sacerdotem
1650 511 1833 566 istum.
1869 508 2000 565 Erat
2036 508 2179 565 enim
2209 510 2258 565 Δ
2285 504 2502 561 videbat
2544 502 2684 558 Deus
2747 500 2963 567 athletae
3003 510 3281 553 coronam.
3334 493 3477 566 Ergo
3532 506 3659 547 cum
3711 489 3859 545 Scri-

616 618 666 659 ει
695 607 855 661 homo
900 606 965 659 ad
1006 604 1352 673 semetipsum
1393 601 1502 665 ille,
1532 613 1588 656 et
1620 601 1805 670 utique
1836 615 1935 655 nec
1963 598 2177 653 sordida

619 698 849 751 habebat
872 696 1214 761 vestimenta,
1248 709 1422 764 neque
1454 692 1761 749 immutavit
1793 706 1918 747 cum
1960 692 2065 746 isto
2087 690 2178 760 qui

620 787 670 838 in
701 785 909 839 visione
938 794 1056 837 erat
1094 782 1258 838 visus.
1295 784 1504 854 Agente
1550 793 1728 837 autem
1764 796 1832 837 eo
1855 790 1908 836 et
1930 781 2099 844 salvo,
2125 789 2179 835 et

618 883 810 941 agente
860 874 912 927 in
950 874 1034 928 his
1069 873 1204 927 locis
1246 873 1298 927 in
1336 874 1531 943 quibus
1573 882 1690 928 erat
1722 871 2002 941 prepheta,
2046 871 2183 927 vidit

618 981 764 1028 eum,
796 981 901 1020 non
944 966 1114 1035 ipsum
1148 965 1314 1028 videt,
1346 975 1400 1020 et
1428 981 1549 1021 eum
1583 974 1899 1033 praesentem
1931 964 2179 1018 vestitum

619 1055 833 1109 sordida
859 1055 1199 1121 vestimenta,
1230 1071 1349 1123 qua:
1380 1069 1483 1109 non
1514 1055 1743 1109 habebat
1773 1054 1879 1120 ille,
1906 1068 2003 1108 nec
2036 1054 2179 1109 enim

620 1153 776 1198 erant
806 1145 1130 1201 vestimenta
1178 1147 1270 1201 sed
1317 1154 1558 1214 peccata.
1592 1144 1918 1223 i’estimenu
1964 1148 2181 1217 quidem

620 1242 806 1301 utpote
848 1234 1083 1289 hominis
1122 1244 1283 1289 erant
1331 1235 1555 1289 candida
1609 1253 1623 1289 :
1662 1236 1751 1290 ubi
1804 1246 1981 1291 autem
2016 1237 2182 1292 vesti-

624 1334 803 1377 tneuta
839 1339 944 1377 non
963 1334 1141 1387 erant,
1164 1324 1482 1378 vestimenta
1516 1333 1735 1393 peccata
1762 1338 1917 1380 erant
1942 1326 2181 1381 sordida.

622 1414 754 1480 Quia
788 1414 931 1467 enim
967 1426 1189 1483 peccata
1221 1424 1397 1481 erant,
1435 1416 1650 1470 sordida
1684 1418 2005 1472 vestimenta
2031 1417 2183 1473 dicit.

622 1504 755 1572 Quia
787 1516 965 1561 autem
996 1508 1230 1576 peccatis
1250 1508 1552 1563 delectatur
1580 1508 1845 1573 diabolus,
1878 1511 2067 1564 adorat
2093 1526 2188 1581 per

622 1595 883 1650 visionem
914 1612 927 1648 :
957 1597 1044 1649 ubi
1075 1596 1218 1650 enim
1247 1606 1365 1651 erat
1393 1599 1569 1664 nidor,
1610 1599 1717 1653 illic
1743 1600 1958 1655 sordida
1978 1601 2187 1655 anima-

626 1681 696 1737 lia
726 1702 742 1739 :
773 1686 859 1739 ubi
896 1694 1190 1755 peccatum,
1240 1685 1348 1741 illic
1386 1687 1706 1743 adiuventur
1746 1689 1813 1743 ab
1866 1689 2020 1746 initio
2061 1705 2187 1758 pec-

627 1774 753 1829 cati.
784 1774 1043 1844 Obiurgat
1084 1776 1249 1846 igitur
1282 1777 1504 1848 angelus
1534 1790 1854 1849 praesentem
1886 1780 2185 1844 diabolum.

626 1877 677 1919 et
701 1868 946 1937 pmcipit
975 1881 1187 1922 mutare
1213 1847 1871 1936 vestiinentavsacerdotis,
1900 1880 1955 1925 et
1986 1873 2188 1927 auferri
2220 1847 2261 1902 Β

626 1959 696 2011 ab
722 1973 787 2012 eo
814 1961 1057 2032 sordida,
1094 1963 1279 2017 vestiri
1314 1972 1490 2017 autem
1534 1978 1653 2017 eum
1696 1965 1914 2029 nmnda,
1942 1972 1997 2019 et
2023 1964 2191 2019 inter-

626 2057 870 2116 pretatur
900 2051 1263 2118 eﬂicientiam,
1294 2066 1349 2109 et
1379 2054 1509 2109 dicit
1540 2078 1553 2111 ;
1582 2054 1735 2119 Ecce,
1775 2056 1966 2126 inquit,
1996 2056 2192 2112 abstuli

624 2155 656 2191 α
692 2148 740 2193 te
776 2154 986 2207 peccata
1037 2152 1129 2196 tua
1149 2144 1216 2199 “.
1254 2146 1310 2200 Si
1347 2146 1462 2199 ista:
1510 2147 1649 2200 circa
1703 2146 1971 2202 hominem
2014 2158 2192 2204 vestes

628 2244 731 2283 non
761 2242 915 2284 erant
949 2240 1148 2298 vestes,
1175 2235 1268 2288 sed
1299 2237 1456 2289 modo
1477 2236 1692 2305 quidem
1732 2248 2078 2306 peccatorum
2108 2238 2192 2292 in-

625 2320 819 2389 signia,
859 2325 1017 2378 modo
1048 2334 1225 2379 autem
1271 2326 1558 2393 puritatis:
1587 2342 1759 2396 quare
1797 2344 1859 2383 ea
1897 2344 2017 2399 qua
2044 2330 2190 2385 circa

629 2412 895 2467 hominem
937 2428 1062 2469 sunt
1114 2418 1386 2485 descripta
1429 2420 1751 2473 vestimenta
1808 2436 1910 2475 non
1958 2423 2192 2491 suscipi-

626 2520 764 2565 mus.
801 2510 929 2574 quia
962 2509 1106 2562 circa
1142 2510 1414 2564 hominem
1447 2511 1659 2565 fuerant
1702 2528 1820 2581 quae
1853 2526 1906 2567 et
1937 2514 2192 2580 vestitur;

627 2611 746 2663 quae
775 2608 951 2652 autem
1000 2600 1145 2654 circa
1191 2599 1357 2654 Deum
1393 2602 1645 2654 dicuntur
1677 2603 2026 2666 vestimenta,
2062 2618 2193 2658 con-

630 2689 899 2743 tendimus
920 2705 1040 2745 esse
1066 2693 1416 2746 vestimenta?
1439 2692 1619 2746 Multis
1647 2694 1858 2747 deuudo
1891 2695 2043 2750 vobis
2069 2711 2190 2750 om-

626 2793 747 2831 nem
786 2791 994 2847 partem
1044 2781 1198 2835 istam
1249 2780 1561 2852 Scripturae.
1606 2782 1715 2837 Nec
1744 2782 1900 2838 Jesus
1935 2787 2191 2842 sacerdos

624 2869 717 2924 ille
746 2871 930 2925 aderat
952 2873 1079 2937 illic,
1120 2889 1225 2928 non
1258 2875 1400 2928 enim
1434 2877 1620 2929 aderat
1647 2893 1660 2928 :
1690 2879 1782 2931 sed
1815 2892 1913 2933 nec
1944 2877 2191 2934 diabolus

627 2962 831 3029 aderat,
868 2979 1041 3034 neque
1068 2967 1291 3036 angelus
1314 2969 1523 3034 aderat,
1548 2970 1642 3022 sed
1678 2979 1848 3023 totum
1880 2979 1999 3024 erat
2031 2970 2187 3025 visio.

627 3052 693 3108 Et
715 3056 967 3111 sacerdos
994 3058 1211 3126 quidem
1248 3070 1465 3129 propter
1496 3072 1781 3129 peccatum
1823 3072 2048 3130 apparet
2074 3078 2189 3118 sor-

627 3144 767 3201 didis
799 3150 1130 3204 vestimentis
1174 3152 1537 3221 indutus;qui
1593 3167 1695 3207 nun
1747 3162 1800 3207 et
1851 3156 2058 3217 aderat,
2090 3169 2189 3209 nec

628 3225 745 3290 erat
770 3240 994 3295 vestitus
1024 3243 1237 3296 sordida
1279 3244 1622 3299 vestimenta.
1659 3245 1722 3298 Et
1751 3245 1995 3299 diabolus
2025 3244 2187 3300 veluti

628 3331 863 3392 videtur,
892 3334 1017 3401 quia
1062 3334 1181 3387 istis
1227 3336 1421 3388 talibus
1450 3338 1666 3409 gaudet,
1704 3347 1757 3391 et
1788 3338 1853 3390 ad
1893 3338 2023 3393 istos
2058 3338 2191 3393 tales

628 3423 887 3491 exsurgit.
925 3423 993 3476 Et
1015 3425 1234 3493 angelus
1266 3426 1425 3497 veluti
1478 3426 1624 3481 visus
1656 3438 1757 3493 est,
1792 3437 1850 3481 ut
1879 3428 2191 3483 ostendere-

629 3523 719 3564 tur
770 3515 893 3580 quia
939 3530 1034 3582 per
1074 3519 1293 3585 angelos
1337 3518 1499 3587 justis
1558 3520 1791 3573 ellicitur
1839 3520 2189 3588 adjutorium,

628 3606 798 3673 magis
843 3618 1021 3660 autem
1065 3622 1161 3675 pro
1197 3610 1568 3675 peccatoribus
1620 3612 2009 3681 paenitentibus
2057 3628 2191 3683 gau-

629 3696 797 3749 dium.
853 3696 960 3750 Nec
1005 3698 1148 3751 cnim
1198 3700 1324 3753 illud
1375 3712 1620 3768 putemus
1646 3705 1785 3756 sicut
1823 3716 1875 3759 et
1919 3714 2190 3771 putamus,

627 3786 749 3852 quia
780 3798 832 3849 et
861 3788 910 3839 in
934 3787 1032 3842 Job
1057 3778 1197 3842 libro
1224 3790 1465 3844 diabolus
1489 3793 1673 3847 aderat
1693 3805 1815 3848 ante
1844 3806 2189 3864 conspectum

633 3877 755 3938 llei,
802 3887 855 3930 et
907 3878 1101 3930 locutio
1154 3889 1272 3933 erat
1340 3881 1428 3935 Dei
1490 3900 1609 3935 cum
1652 3885 1862 3939 diabolo
1900 3902 1964 3939 ex
2016 3903 2193 3956 acqua-

628 3966 857 4021 litate".
914 3970 979 4023 Et
1025 3971 1158 4023 dixit
1200 3974 1475 4035 Dominus,
1522 3983 1575 4027 et
1627 3977 1763 4030 dixit
1819 3978 2099 4045 diabolus,
2139 3989 2191 4032 et

631 4058 977 4129 interrogavit
1047 4059 1298 4116 Dominus
1378 4064 1686 4132 diabolum,
1756 4068 1891 4122 unde
1953 4071 2187 4126 venisti?

630 4146 734 4201 Sed
780 4150 888 4202 lucc
933 4153 997 4201 ad
1038 4151 1361 4204 auditionem
1407 4162 1639 4206 vestram
1690 4154 1830 4209 velut
1893 4162 2192 4228 composita

630 4241 975 4296 inducuntur.
1027 4242 1218 4297 Totum
1272 4254 1449 4298 autem
1500 4246 1630 4299 illud
1673 4258 1755 4302 est
1797 4251 2062 4316 quomodo
2096 4249 2194 4306 Job

634 4331 846 4399 quidem
882 4343 999 4385 erat
1041 4333 1124 4385 vir
1172 4336 1681 4404 irreprehensibilis,
1722 4339 1967 4394 diabolus
2016 4354 2191 4396 autem

630 4422 857 4476 invidus.
911 4424 990 4477 Ad
1049 4427 1341 4481 istiusmodi
1394 4439 1446 4483 et
1502 4430 1642 4485 Deus
1706 4432 1957 4486 defensor
2003 4434 2191 4487 horum

2284 608 2445 669 ptura
2495 595 2697 666 aliquid
2750 601 2968 664 propter
3022 605 3121 648 nos
3167 589 3421 660 loquitur,
3467 602 3576 641 nou
3618 595 3856 641 nostram

2280 688 2653 746 inﬁrmitatem
2678 685 2789 741 Deo
2821 684 2944 740 forti
2976 682 3333 755 applicemus.
3369 678 3426 735 Si
3448 678 3597 734 enim
3648 676 3704 732 in
3743 690 3858 730 cor-

2281 796 2417 852 pore
2444 790 2498 835 et
2530 779 2582 834 in
2618 790 2787 834 carne
2832 786 2978 833 totus
3022 782 3325 832 conventus
3358 775 3669 828 daemonum
3716 768 3855 838 legio

2284 873 2338 927 in
2394 870 2689 942 Evangelia
2734 871 2914 926 dictus
2950 878 3035 925 est
3053 869 3122 931 ".
3169 876 3226 921 et
3270 881 3376 922 non
3426 864 3693 922 sustinuit
3738 861 3855 917 Filii

2282 965 2375 1021 Dei
2422 963 2801 1035 prcsentiam;
2839 975 2963 1016 nam
2992 970 3048 1016 et
3075 959 3321 1015 diabolus
3366 958 3485 1029 ipse
3523 956 3579 1013 in
3602 968 3849 1025 corpore,

2283 1066 2479 1128 agente
2519 1054 2657 1109 Filio
2692 1053 2785 1109 Dei
2828 1068 2931 1108 non
2977 1052 3076 1107 fuit
3124 1066 3288 1106 ausus
3318 1049 3583 1105 accedere
3611 1046 3848 1117 quandiu

2284 1147 2535 1209 esuriret,
2572 1154 2628 1199 et
2663 1145 2981 1199 immitteret
3018 1143 3067 1198 ei
3093 1142 3347 1211 laqueum
3390 1155 3487 1209 per
3538 1136 3847 1207 ejusmodi:

2286 1238 2738 1309 quemadmodum
2797 1250 3089 1306 possumus
3132 1233 3241 1303 pati
3287 1243 3344 1287 et
3382 1231 3567 1286 dicere
3588 1228 3717 1300 quia
3750 1228 3859 1282 dia-

2287 1330 2441 1386 bolus
2475 1330 2583 1385 Deo
2623 1344 2690 1383 ex
2726 1328 3039 1397 mortalitate
3090 1326 3301 1381 locutus
3333 1324 3456 1379 est?
3491 1323 3592 1380 Cui
3619 1332 3679 1377 et
3704 1333 3859 1389 ange-

2287 1421 2369 1477 lus
2414 1421 2505 1483 Dei
2546 1421 2676 1475 dicit
2708 1418 2988 1487 ειηεηρει
3036 1419 3130 1471 tibi
3180 1415 3317 1471 Deus
3334 1417 3402 1470 ”.
3447 1414 3512 1470 Et
3559 1414 3692 1485 quid
3736 1412 3852 1467 dico

2288 1511 2508 1582 angelus
2544 1510 2677 1565 Dei?
2720 1508 2979 1565 Vermes:
3012 1509 3104 1579 qui
3150 1522 3249 1563 nec
3293 1505 3496 1562 vermis
3538 1504 3849 1575 accepimus

2289 1604 2542 1659 virtutem
2581 1604 2633 1657 in
2663 1603 2882 1657 nomine
2906 1602 3110 1667 crucis,
3143 1610 3200 1655 ut
3234 1601 3564 1669 imperemus
3602 1597 3859 1652 demoni-

2288 1696 2390 1751 bus
2420 1703 2475 1749 et
2498 1694 2733 1759 diabolo,
2766 1707 2970 1763 eosque
3011 1691 3278 1763 fugamus.
3327 1690 3383 1745 Si
3429 1689 3597 1759 igitur
3634 1702 3738 1743 nos
3780 1687 3863 1741 in-

2291 1800 2599 1855 crepamus,
2629 1786 2767 1840 Deus
2794 1785 2861 1840 ad
2892 1784 3302 1841 collocutionem
3346 1782 3513 1836 venit.
3547 1780 3613 1835 Et
3636 1788 3790 1835 certe
3819 1778 3864 1833 si

2294 1888 2619 1948 acceperunt
2646 1885 2969 1947 potestatem
3018 1876 3267 1930 homines
3295 1872 3509 1927 Domini
3540 1869 3759 1927 calcare
3792 1869 3867 1924 vi-

2293 1986 2449 2039 peras
2489 1978 2545 2025 et
2592 1972 2907 2038 scorpiones
2955 1977 3009 2023 et
3050 1982 3265 2021 omnem
3302 1966 3563 2020 virtutem
3607 1964 3867 2018 adversa-

2294 2062 2448 2129 rii“;
2492 2061 2537 2115 si
2587 2061 2835 2115 homines
2881 2068 3211 2129 acceperunt
3254 2054 3865 2127 potestatem-calcare,

2294 2154 2435 2207 Deus
2456 2166 2520 2207 ex
2562 2150 2871 2220 aequalitate
2901 2151 3145 2218 loquitur
3184 2150 3234 2203 ei
3268 2148 3363 2219 qui
3394 2148 3640 2203 calcatur
3660 2145 3686 2201 1
3710 2144 3867 2201 Venit

2296 2244 2508 2299 diabolo
2562 2243 2788 2309 fortior;
2839 2243 3061 2298 vincens
3101 2248 3226 2296 eum
3274 2240 3483 2311 ligavit.
3525 2237 3639 2294 Leo
3684 2248 3863 2293 autem

2294 2338 2515 2407 ligatus,
2573 2351 2674 2392 nec
2718 2345 2778 2391 ut
2820 2338 2973 2391 canis
3017 2343 3214 2406 potest.
3256 2331 3420 2387 Forte
3469 2342 3650 2386 autem
3695 2330 3864 2394 dices,

2293 2432 2417 2501 quia
2446 2429 2492 2484 si
2521 2430 2748 2484 veniens
2785 2428 2936 2491 vicit,
2976 2427 3199 2481 vincens
3240 2424 3447 2493 ligavit,
3476 2432 3531 2477 et
3571 2422 3753 2493 ligans
3784 2420 3870 2474 de-

2292 2522 2371 2574 dit
2398 2518 2621 2582 calcari,
2664 2533 2771 2572 non
2806 2516 3024 2586 quidem
3053 2516 3125 2569 sit
3158 2514 3285 2575 talis
3316 2530 3330 2565 :
3362 2524 3487 2567 tunc
3528 2522 3715 2565 autem
3747 2526 3865 2564 cum

2297 2621 2465 2674 esset,
2510 2608 2610 2662 sub
2650 2605 2751 2661 Job
2791 2612 2908 2660 erat
2940 2622 2954 2657 :
2986 2604 3164 2658 adhuc
3220 2601 3307 2657 ille
3368 2610 3579 2672 poterat
3612 2599 3864 2653 ilduciani

2294 2703 2495 2759 habere
2522 2717 2535 2753 :
2562 2700 2799 2756 nondum
2845 2698 2986 2752 enim
3032 2707 3145 2753 erat
3177 2696 3369 2768 ligatus
3400 2692 3730 2749 hominibus.
3766 2689 3866 2746 Pu-

2304 2802 2387 2847 tas
2424 2792 2495 2846 sit
2537 2792 2696 2861 lupus
2736 2800 2925 2860 potens
2954 2786 3239 2841 adversum
3279 2799 3429 2847 oves,
3469 2784 3513 2838 si
3556 2790 3740 2837 autem
3772 2798 3865 2852 pu-

2294 2898 2410 2940 tens
2435 2892 2488 2939 et
2512 2884 2795 2938 adversum
2828 2882 3033 2937 leonem
3054 2879 3079 2933 1
3119 2889 3176 2932 ut
3199 2878 3270 2931 ita
3296 2875 3696 2947 quodammodo
3716 2889 3862 2931 com-

2294 2976 2671 3047 parationibus
2716 2983 2931 3027 utamur
2980 2982 3198 3041 propter
3233 2970 3536 3024 fortiorem.
3568 2966 3685 3022 Non
3719 2967 3862 3022 enim

2294 3068 2613 3138 ampliorem
2663 3065 2874 3135 accepit
2927 3062 3181 3117 virtutem
3233 3078 3264 3115 a
3317 3075 3548 3130 corpore
3606 3060 3863 3115 Dominus

2294 3160 2469 3223 Iesus,
2500 3169 2559 3213 ut
2583 3165 2868 3226 superaret
2911 3155 3204 3210 diabolum.
3240 3152 3345 3209 Sed
3376 3167 3476 3207 cur
3508 3152 3624 3221 ipsa
3671 3161 3727 3206 et
3756 3150 3865 3206 col-

2298 3252 2519 3307 luctatio
2545 3249 2687 3304 facta
2709 3248 2831 3303 est?
2861 3247 2997 3315 Quia
3023 3246 3170 3300 enim
3198 3245 3450 3317 produxit
3471 3259 3671 3315 agnum
3706 3243 3859 3314 lupo:

2296 3341 2451 3410 lupus
2490 3348 2669 3393 autem
2714 3338 2900 3392 videns
2948 3351 3147 3403 agnum
3185 3335 3279 3404 qui
3319 3336 3602 3391 videbatur
3635 3349 3704 3389 ex
3732 3348 3864 3389 con-

2294 3432 2577 3487 suetudine
2610 3444 2917 3496 accurrere,
2944 3440 2993 3482 et
3028 3437 3178 3483 extra
3204 3427 3650 3482 consuetudinem
3683 3429 3866 3482 deten-

2295 3529 2381 3575 tus
2408 3528 2514 3573 est.
2555 3518 2612 3574 Si
2648 3520 2791 3572 enim
2824 3518 3057 3572 maxime
3101 3528 3158 3571 et
3201 3518 3453 3571 inimicus
3492 3526 3744 3578 vocatur.
3774 3518 3866 3569 ad-

2295 3611 2567 3667 versarius
2598 3609 2848 3665 diabolus
2878 3622 2893 3662 :
2918 3610 3043 3680 quia
3068 3610 3213 3665 enim
3249 3618 3303 3663 et
3328 3608 3529 3663 inimici
3562 3611 3742 3663 crucis
3769 3610 3849 3663 di-

2294 3712 2486 3758 cuntur
2532 3702 2781 3757 homines
2812 3700 2887 3773 (8)
2934 3716 3086 3756 :non
3126 3703 3253 3771 quia
3306 3701 3557 3756 inimicus
3614 3703 3857 3756 nomina-

2298 3805 2403 3860 tur,
2442 3792 2556 3863 jam
2592 3793 2816 3863 aequalis
2845 3802 2948 3848 est.
2993 3792 3106 3847 Non
3142 3795 3287 3849 enim
3333 3794 3613 3864 aqualiter
3642 3794 3846 3849 habens

2297 3884 2550 3938 virtutem
2587 3884 2788 3938 dicitur
2843 3884 3213 3952 adversarius,
3278 3888 3372 3941 sed
3421 3887 3541 3940 ideo
3578 3887 3706 3955 quia
3764 3900 3865 3939 non

2296 3974 2470 4043 placet
2517 3975 2627 4040 Deo
2647 3975 2765 4045 ejus
2801 3974 3125 4045 malignitas.
3170 3974 3290 4030 Non
3335 3978 3474 4031 sicut
3508 3979 3747 4031 tenebrae
3788 3978 3866 4030 vi-

2297 4067 2491 4120 dentur
2540 4065 2731 4121 lumini
2783 4081 2851 4121 ex
2896 4068 3089 4134 aequali
3121 4068 3323 4122 virtute
3357 4069 3709 4133 adversaria,
3747 4070 3867 4139 quia

2298 4168 2447 4211 tanta
2469 4157 2714 4213 detinent
2744 4160 2917 4227 spatia
2950 4160 3206 4225 tenebrm,
3244 4170 3448 4229 quanta
3475 4172 3529 4215 et
3559 4160 3761 4215 lumen.
3814 4162 3867 4215 Si

2296 4258 2478 4301 autent
2504 4256 2560 4302 et
2590 4249 2693 4303 hoc
2724 4248 2855 4313 tale,
2883 4264 2986 4304 non
3020 4250 3092 4303 ita
3125 4250 3443 4305 adversatur
3467 4253 3715 4307 diabolus
3741 4254 3867 4317 Deo.

2299 4355 2402 4393 non
2450 4354 2516 4394 ex
2554 4341 2884 4408 aqualitate,
2911 4344 3005 4397 sed
3051 4343 3174 4413 quia
3201 4342 3342 4399 Dens
3374 4345 3613 4415 maligno
3639 4360 3744 4399 non
3778 4346 3867 4399 de-

2303 4432 2534 4485 lectatur
2561 4450 2576 4488 :
2607 4441 2663 4487 et
2700 4448 2763 4488 ex
2802 4447 2867 4488 eo
2909 4433 3056 4503 quod
3096 4436 3349 4500 vertitur,
3391 4444 3445 4489 et
3497 4452 3602 4489 non
3656 4436 3769 4490 vult
3816 4446 3867 4492 et

632 4515 871 4583 permisit
926 4516 1191 4570 diabolum
1262 4530 1382 4573 ante
1447 4533 1791 4589 conspectum
1862 4540 2035 4578 suum.
2086 4524 2189 4579 Sed
2222 4549 2266 4605 Β
2305 4525 2444 4588 odit,
2476 4525 2519 4579 si
2556 4535 2733 4580 tamen
2767 4529 2839 4581 ita
2872 4528 3032 4581 debet
3058 4526 3184 4593 dici,
3219 4529 3442 4582 adversa
3478 4528 3728 4583 voluntas
3763 4546 3863 4592 est.

631 4607 732 4660 hoc
790 4607 861 4659 ita
920 4618 1021 4660 est.
1075 4609 1213 4661 Vidit
1270 4611 1511 4665 diabolus
1576 4614 1976 4668 immaculatum
2021 4631 2034 4667 :
2077 4631 2194 4684 pro-

629 4697 838 4765 peravit
874 4698 1147 4767 imponere
1192 4702 1477 4755 maculam.
1522 4703 1865 4775 Quaecunque
1912 4707 2053 4761 enim
2082 4725 2193 4762 1))οο

631 4788 805 4841 tiones
848 4802 1002 4840 erant
1053 4790 1247 4843 diaboli
1300 4792 1583 4846 adversum
1620 4794 1753 4856 Job,
1798 4796 1911 4850 hinc
1950 4812 2045 4866 per
2080 4812 2193 4851 ser-

631 4893 813 4931 mones
858 4892 1216 4935 contexuntur
1259 4884 1310 4936 in
1353 4884 1660 4953 Scriptura;
1709 4898 1895 4955 utpote
1947 4890 1990 4943 si
2042 4888 2191 4944 dice-

633 4969 721 5021 bat
770 4970 1012 5025 diabolus
1076 4973 1141 5026 ad
1215 4976 1697 5044 semetipsum:Si
1772 4995 1875 5032 non
1946 4982 2189 5035 timerem

632 5058 815 5119 Demn,
868 5072 1135 5129 langerem
1187 5069 1365 5118 omnia
1408 5083 1526 5134 quae
1578 5069 1731 5123 habet
1768 5068 1909 5135 Job;
1974 5072 2195 5127 abstulit

632 5150 693 5202 ab
735 5165 799 5204 ro
836 5151 974 5205 Deus
1019 5154 1284 5221 timorem,
1327 5167 1381 5209 et
1428 5174 1531 5211 non
1585 5162 1873 5227 prohibuit.
1932 5162 2183 5217 Coutexi-

636 5250 721 5292 tur
756 5242 866 5307 jam
918 5246 1236 5311 compositio
1282 5246 1428 5303 libri.
1472 5249 1613 5302 Dixit
1659 5252 1920 5315 diabolus,
1972 5263 2025 5307 et
2064 5255 2197 5308 dixit

634 5330 789 5386 Deus.
832 5334 941 5387 lloc
976 5344 1076 5399 est,
1114 5337 1280 5390 voluit
1342 5340 1603 5404 diabolus,
1652 5354 1703 5396 et
1764 5361 1866 5398 non
1925 5346 2199 5411 prohibuit

634 5426 789 5479 Deus.
847 5426 954 5481 Cur
1004 5439 1180 5483 autem
1229 5448 1335 5487 non
1381 5436 1686 5502 prohibuit?
1741 5439 1873 5503 Quia
1934 5456 2036 5493 non
2113 5440 2194 5493 in-

2299 4635 2401 4671 non
2434 4627 2609 4673 tamen
2644 4620 2832 4674 virtus.
2860 4620 2915 4673 Si
2946 4620 3089 4673 enim
3138 4634 3309 4687 neque
3339 4623 3407 4673 ab
3443 4622 3753 4675 hominibus
3790 4632 3867 4677 est

2298 4710 2496 4762 melior
2529 4709 2777 4764 diabolus
2810 4725 2985 4778 neque
3030 4709 3241 4772 fortior,
3279 4726 3397 4779 qua:
3430 4713 3623 4765 horum
3660 4714 3855 4780 proba-

2299 4802 2370 4853 tio
2396 4801 2418 4853 ?
2443 4801 2582 4865 Quid
2639 4801 2755 4855 vult
2807 4801 3090 4856 diabolus?
3124 4800 3484 4856 Perdilionem
3536 4804 3817 4857 hominum
3850 4822 3863 4858 :

2296 4892 2339 4945 si
2369 4892 2605 4945 correxit
2630 4891 2813 4957 homo,
2850 4890 3043 4946 fortior
3076 4892 3287 4947 illoest.
3334 4894 3390 4947 Si
3423 4908 3604 4948 autem
3629 4896 3864 4965 quotidie

2299 4984 2563 5052 spoliatur
2590 4992 2644 5038 et
2673 4984 3003 5047 denudatur,
3038 4995 3091 5039 et
3118 4995 3417 5039 evacuatur
3446 4986 3535 5054 qui
3568 4986 3865 5040 hominibus

2299 5090 2495 5130 nocere
2532 5079 2827 5139 contendit.
2858 5086 2912 5132 et
2954 5092 3058 5131 non
3097 5088 3295 5146 putest,
3324 5080 3417 5133 sed
3450 5080 3673 5134 nomine
3694 5080 3785 5135 Dei
3818 5090 3869 5133 et

2299 5169 2700 5237 nuncupatione
2740 5170 2871 5234 sola,
2900 5180 2955 5223 et
3014 5171 3081 5225 ab
3123 5170 3431 5225 hominibus
3469 5172 3710 5226 vincitur
3742 5191 3754 5226 :
3784 5173 3865 5239 qui

2297 5276 2431 5330 ergo
2469 5275 2575 5313 non
2606 5260 2788 5314 sullert
2824 5263 3280 5329 nuncupationem
3312 5261 3429 5327 Dei,
3454 5264 3733 5331 quomodo
3769 5264 3867 5315 vir-

2300 5363 2467 5405 tutem
2494 5359 2675 5419 posset
2700 5350 2924 5407 sufferre
2954 5353 3044 5407 Dei
3068 5353 3090 5407 ?
3112 5354 3175 5407 Et
3197 5365 3344 5408 certe
3373 5369 3474 5409 nec
3492 5356 3673 5425 ipsum
3708 5357 3866 5409 Adam

2310 5458 2613 5514 provocans
2639 5445 2785 5507 vicit,
2824 5446 2918 5500 scd
2948 5445 3180 5501 suadens
3203 5457 3260 5503 et
3285 5448 3565 5517 decipiens
3584 5459 3640 5504 et
3666 5448 3867 5503 fallens.

704 5626 747 5655 "
772 5625 1020 5693 Zaclt,ttt,
1056 5630 1106 5681 4.
1185 5630 1225 5659 ³⁷
1255 5628 1349 5685 Job
1383 5647 1440 5690 ll.
1471 5632 1517 5688 1.
1582 5635 1625 5665 ³⁸
1653 5634 1814 5691 Marc.
1845 5652 1894 5702 ν,
1929 5639 1988 5703 9;
2026 5638 2155 5696 Luc.

2303 5682 2317 5710 ,
2344 5640 2433 5698 50.
2513 5644 2553 5675 "
2587 5641 2811 5700 Zacltar.
2857 5659 2940 5710 Ill,
2966 5644 3023 5699 ‘2.
3102 5645 3145 5677 “
3170 5644 3296 5699 Luc.
3334 5662 3386 5713 x,
3427 5645 3514 5704 19.

712 5780 787 5848 (8)
820 5778 915 5834 Ms.
957 5780 1090 5844 Quia
1119 5795 1159 5838 ct
1189 5786 1381 5841 inimici
1409 5790 1577 5843 crucis
1601 5792 1844 5845 dicuntur
1866 5794 2116 5849 homines.
