4072 6404
246 378 372 436 liii

1195 371 1283 428 DE
1323 369 1788 430 INGORPORALI
1829 372 1922 429 ΕΤ
1961 372 2304 432 ιΝνιειΒιιι
2340 373 2498 430 πο.

3369 383 3508 436 “'2‘!

245 493 357 549 Hoc
389 502 568 549 autem
610 489 944 547 inﬁrmitatis
986 500 1072 547 est
1110 505 1267 562 opus.
1305 489 1582 558 Quantum
1609 490 1683 544 ad
1704 490 1820 544 dia-
1849 497 1897 553 Α
1925 489 2056 545 tiam
2102 491 2170 546 ad
2208 489 2496 546 Dominum
2548 488 2882 560 religiosam,
2914 487 2982 546 ad
3025 496 3506 564 conservosjusti-

245 584 423 641 bolum
451 593 684 654 spectat,
709 582 851 636 nulla
880 584 970 650 sil,
1006 584 1198 654 inquit,
1227 583 1381 652 virgo
1406 599 1420 635 :
1457 585 1694 639 vincitur
1719 600 1820 638 au-

243 679 352 726 tem
383 684 412 722 a
448 667 636 723 tantis.
668 667 940 735 Quantum
968 668 1115 722 enim
1157 669 1228 722 ad
1256 667 1530 722 diabolum
1557 667 1817 738 pertinet,

241 775 309 815 ne
343 759 557 828 quidem
581 775 722 815 unus
747 759 1010 815 salvator.
1039 759 1110 814 At
1153 760 1354 830 nuptias
1394 761 1637 816 honestae
1666 769 1814 828 sunt,

240 860 296 907 ct
316 851 560 906 diabolus
596 866 626 906 a
660 852 826 908 tantis
870 861 952 908 est
987 852 1237 908 obrutus.
1267 853 1544 920 Quantum
1573 852 1719 909 enim
1749 853 1817 908 ad

239 941 514 997 diabolum
538 943 792 1012 pertinet,
823 943 1002 999 nullus
1029 959 1246 1000 sursum
1274 945 1505 1014 aspiciat
1536 960 1771 1016 unquam
1797 962 1812 1000 :

239 1034 597 1104 disrumpitur
624 1044 803 1090 autem
829 1045 1014 1091 tantos
1047 1036 1262 1092 videns.
1294 1039 1570 1104 Quantum
1607 1038 1674 1091 ad
1698 1036 1818 1091 dia-

237 1122 448 1184 bolum.
475 1138 543 1178 ne
573 1125 794 1193 quidem
826 1128 1112 1196 vestigium
1159 1127 1432 1197 pudicitia
1460 1128 1578 1182 vult
1605 1143 1727 1183 esse
1760 1130 1813 1182 in

238 1223 408 1271 terra.
444 1215 671 1272 Feriunt
713 1225 888 1272 autem
922 1218 1014 1288 qui
1060 1221 1372 1288 percutiunt
1411 1236 1510 1276 cor
1556 1221 1814 1278 errantis.

243 1305 516 1375 Quantum
568 1309 635 1362 ad
679 1307 953 1364 diabolum
979 1351 994 1374 ,
1034 1325 1135 1366 nec
1180 1327 1377 1367 nomen
1423 1312 1653 1382 justitia:
1692 1329 1816 1373 csse

239 1399 411 1468 cupit.
447 1397 549 1465 Qui
587 1409 767 1454 autem
807 1401 998 1456 dicunt
1025 1405 1266 1470 peccavi,
1296 1404 1438 1460 illius
1460 1421 1622 1462 aures
1650 1411 1816 1466 casti-

236 1496 386 1558 gant.
411 1485 528 1541 Non
555 1488 670 1542 vult
706 1490 1080 1558 paenitentiam
1113 1507 1257 1556 esse,
1297 1503 1350 1547 et
1374 1492 1603 1550 edicitur
1636 1501 1812 1566 poeni-

239 1580 430 1635 tentia.
477 1578 658 1634 lovet
702 1582 1164 1649 persecutionem,
1222 1591 1280 1637 et
1327 1585 1459 1640 liunt
1515 1597 1809 1660 martyres.

237 1669 448 1738 Quanta
477 1670 594 1739 ejus
623 1673 795 1739 capita
831 1671 999 1728 incisa
1037 1674 1206 1727 sunt?
1250 1675 1351 1730 hoc
1377 1685 1462 1732 est
1487 1677 1655 1747 ipsius
1691 1679 1812 1734 dia-

237 1763 366 1817 boli.
392 1761 524 1831 Qua:
545 1765 690 1818 enim
717 1764 1027 1819 inciduntur
1052 1781 1149 1836 pro
1171 1767 1389 1823 Christo
1418 1774 1617 1840 capita,
1639 1772 1808 1842 ipsius

1922 582 2079 649 tiam,
2110 584 2302 639 videns
2321 584 2450 654 quia
2478 597 2613 638 oves
2642 600 2778 653 quas
2819 585 3081 654 orphanis
3109 587 3416 652 occidebat,
3449 601 3506 646 et

1925 682 2110 728 tauros
2149 686 2382 741 quorum
2413 685 2613 728 carnes
2639 673 2815 726 vidua
2841 682 2898 728 et
2939 674 3171 743 orphani
3209 677 3506 734 manduca-

1920 763 2078 829 bant,
2111 774 2169 821 et
2202 764 2381 820 omnis
2414 766 2691 834 possessio
2720 767 2873 834 cujus
2905 776 3024 821 erat
3053 768 3403 838 dispensator
3431 773 3502 826 ad

1918 867 2015 908 eos
2057 854 2148 922 qui
2183 853 2457 909 habebant
2488 855 2649 920 nihil,
2682 855 2732 909 in
2776 870 2886 910 uno
2928 868 3208 912 momento
3245 867 3500 928 tanquam

1920 956 1952 997 a
1980 941 2090 998 Deo
2115 942 2319 1008 ablata,
2337 957 2518 998 nonne
2537 944 2830 999 doluisset?
2861 945 2967 1000 Sed
2991 944 3093 1000 Job
3130 946 3336 1018 gratias
3365 949 3498 1017 egit,

1920 1043 2048 1102 puta
2077 1036 2205 1104 quia
2238 1035 2426 1088 omnia
2456 1034 2637 1090 subito
2659 1037 2881 1106 abrepta
2910 1047 3033 1091 sunt
3060 1037 3198 1105 ejus,
3230 1038 3498 1108 siquidem

1917 1132 1974 1179 et
1999 1124 2116 1179 filii.
2145 1125 2202 1180 Si
2237 1135 2416 1179 autem
2442 1135 2498 1180 et
2525 1125 2646 1192 lilii,
2683 1137 2740 1182 ut
2769 1129 2900 1196 quid
2939 1128 3028 1181 tali
3071 1126 3281 1184 morte?
3309 1129 3419 1184 Cur
3445 1131 3498 1185 in

1920 1217 2051 1284 ipsis
2091 1216 2295 1272 mensis
2319 1217 2480 1270 simul
2504 1232 2694 1272 omnes
2722 1218 2910 1272 decem
2941 1220 3187 1288 oppressi
3229 1220 3397 1274 sunt?
3430 1219 3501 1276 Et

1921 1308 2022 1362 hoc
2053 1309 2248 1363 iterum
2285 1307 2582 1377 putabatur
2616 1310 2754 1364 Deus
2803 1309 3022 1365 fecisse.
3060 1309 3192 1364 Puta
3219 1314 3346 1382 quia
3379 1329 3500 1367 orn-

1917 1399 2002 1453 nis
2030 1397 2262 1452 facultas
2288 1406 2343 1451 et
2381 1399 2654 1466 possessio
2705 1406 2759 1452 et
2806 1398 2928 1453 lilii.
2975 1399 3113 1466 Quid
3159 1412 3338 1455 autem
3371 1406 3499 1472 quia

1915 1499 1972 1543 et
2021 1503 2152 1543 caro
2184 1487 2353 1557 ipsius
2392 1485 2494 1541 Job
2537 1487 2912 1559 expugnaturi
2939 1489 3004 1543 Et
3039 1493 3154 1545 inec
3184 1492 3366 1545 omnia
3400 1508 3500 1562 pu-

1915 1587 2028 1633 tata
2066 1589 2198 1633 sunt
2241 1595 2360 1636 esse
2396 1596 2425 1635 a
2452 1581 2582 1645 Deo,
2609 1593 2664 1635 et
2702 1582 2931 1649 periure
2958 1583 3208 1636 universa
3235 1579 3336 1637 Job
3375 1599 3501 1650 gra-

1918 1672 2021 1725 tias
2055 1673 2165 1742 egit
2215 1670 2344 1727 Deo.
2387 1671 2503 1727 Non
2556 1673 2722 1742 igitur
2748 1681 2800 1726 te
2827 1680 3031 1725 terreat
3070 1672 3358 1728 diabolus:
3387 1690 3496 1729 non

1916 1765 1988 1818 sit
2013 1762 2208 1818 domus
2249 1777 2440 1828 vacua,
2474 1778 2648 1833 neque
2674 1763 2746 1817 illi
2769 1771 2984 1834 parata,
3017 1771 3070 1817 et
3094 1778 3198 1817 non
3233 1765 3394 1819 habet
3422 1764 3493 1819 ln-

233 1855 413 1924 capita
452 1855 715 1919 incidunt,
742 1856 1026 1924 quotiesin
1061 1857 1280 1913 ﬂamma
1310 1869 1410 1916 est
1444 1863 1646 1918 missus
1678 1874 1808 1919 ante

1916 1869 2062 1907 cum.
2110 1854 2194 1908 Sit
2224 1855 2320 1908 tibi
2375 1855 2709 1922 comparatio
2758 1850 2862 1907 Job
2908 1855 2975 1907 ad
3011 1853 3290 1907 victoriam
3320 1870 3335 1908 :
3363 1868 3497 1908 con-

234 1945 534 2016 gehennam
591 1947 643 2000 in
680 1949 956 2017 geheuna!
985 1949 1305 2020 Quicunque
1345 1952 1491 2006 enim
1529 1951 1653 2008 facti
1681 1965 1812 2010 sunt

235 2035 608 2092 holocaustum
637 2038 874 2101 Christo.
904 2039 993 2095 isti
1042 2041 1313 2097 diabolum
1354 2057 1812 2114 consumpserunt

233 2125 364 2196 igni,
398 2136 453 2180 et
478 2129 572 2182 alii
597 2143 719 2183 eum
752 2131 1186 2201 prazfocaverunt
1223 2135 1277 2202 in
1313 2136 1472 2200 mari,
1501 2137 1589 2192 alii
1622 2149 1806 2195 autem

232 2217 503 2272 dederunt
545 2219 662 2288 ejus
694 2233 891 2289 corpus
938 2225 1208 2279 meatibus
1251 2223 1560 2282 ﬂuviorum.
1608 2229 1805 2296 Quanti

229 2322 354 2362 eum
405 2312 724 2365 torserunt?
751 2312 926 2367 Etiam
963 2313 998 2368 ii
1031 2315 1122 2384 qui
1157 2315 1260 2371 visi
1305 2328 1431 2372 sunt
1454 2322 1716 2389 superati.
1747 2323 1805 2377 Si

229 2398 379 2458 cultu
405 2411 462 2455 et
484 2401 610 2455 vicit
635 2406 992 2472 quorumdam
1037 2421 1286 2476 corpora,
1315 2411 1408 2464 sed
1436 2425 1541 2466 non
1569 2414 1808 2480 pruden-

203 2487 360 2549 tiam
395 2505 451 2550 et
473 2493 828 2552 intellectum.
868 2497 1132 2566 Malignus
1160 2500 1365 2554 athleta
1396 2511 1501 2567 est,
1527 2512 1582 2557 et
1617 2503 1800 2558 incon-

228 2588 500 2645 sideratus
532 2602 790 2646 certator.
817 2590 952 2646 Cum
979 2592 1123 2646 enim
1155 2593 1372 2647 videtur
1410 2593 1575 2650 ferire
1605 2595 1801 2662 alium,

230 2682 580 2752 semetipsum
636 2685 923 2753 percussit.
984 2681 1136 2748 Quod
1194 2683 1362 2738 habes
1417 2686 1690 2757 negotium
1737 2687 1806 2742 ad

226 2769 348 2836 Job,
387 2787 422 2826 o
447 2774 693 2828 diabole?
730 2773 796 2830 Ut
835 2775 962 2844 quid
1009 2783 1182 2829 vtetus
1221 2776 1320 2829 es?
1347 2778 1606 2844 peccasti,
1638 2788 1802 2845 tace;

229 2862 405 2916 victus
438 2878 520 2927 es,
545 2865 786 2928 quiesce.
817 2865 923 2920 Sed
957 2863 1216 2928 secundo,
1248 2865 1444 2934 inquit,
1477 2879 1691 2938 oportet
1718 2885 1806 2926 me

229 2955 372 3008 vinci
409 2975 422 3010 :
456 2971 562 3010 non
596 2957 720 3025 quia
757 2958 871 3012 haec
903 2959 1093 3024 voluit,
1138 2959 1235 3014 sed
1274 2962 1401 3028 quia
1444 2961 1558 3015 haec
1609 2976 1804 3032 passus

231 3055 334 3099 est.
389 3045 528 3112 Quid
582 3048 950 3104 intretniscis?
999 3049 1138 3116 Quid
1191 3051 1393 3105 times?
1429 3048 1531 3109 Job
1582 3068 1686 3108 non
1721 3066 1808 3108 est

227 3138 480 3205 angelus,
515 3140 607 3193 sed
643 3141 805 3194 homo
855 3140 1118 3204 mortalis,
1147 3140 1235 3195 cui
1267 3141 1662 3196 colluctabatur
1686 3143 1803 3197 dia-

231 3228 386 3282 bolus
420 3228 782 3292 invisibiliter,
818 3231 989 3284 victus
1031 3240 1209 3286 autem
1251 3242 1336 3287 est
1391 3233 1696 3288 visibiliter.
1729 3233 1799 3288 Et

228 3335 296 3374 ne
337 3320 505 3374 lateat
557 3330 608 3374 te
656 3321 798 3375 illius
840 3323 1125 3391 pat‘iditas.
1158 3323 1487 3379 Certabatur
1517 3325 1665 3377 enim
1699 3340 1804 3379 non

229 3425 498 3478 apparens
528 3429 540 3464 :
572 3421 627 3466 et
654 3427 758 3465 non
789 3413 931 3466 sicut
959 3413 1010 3467 itt
1036 3414 1224 3470 stadiis
1249 3424 1304 3470 et
1332 3415 1807 3473 colluctationibus

230 3502 356 3555 nudi
396 3501 463 3554 ad
509 3503 679 3556 nudos
722 3512 1023 3568 cet-tantur,
1061 3507 1155 3560 sed
1207 3507 1381 3561 latens
1432 3507 1710 3570 mittebat.
1751 3519 1807 3562 et

228 3607 335 3646 non
364 3605 636 3660 apparens
659 3592 906 3658 feriebat,
938 3602 994 3648 et
1020 3595 1333 3663 percutiens
1363 3595 1539 3651 victus
1567 3610 1670 3652 est.
1702 3597 1805 3653 Job

226 3682 368 3736 enim
425 3683 692 3752 ignoravit
744 3687 864 3753 quis
913 3695 1059 3739 esset
1102 3686 1522 3756 quiluctaretur
1553 3689 1620 3743 ad
1653 3702 1799 3755 eum,

227 3773 320 3828 sed
364 3782 422 3826 et
465 3776 670 3843 putavit
702 3787 756 3829 et
790 3777 950 3844 dixit,
983 3778 1109 3847 quia
1142 3793 1172 3831 a
1223 3777 1334 3833 Deo
1383 3778 1548 3833 habet
1597 3778 1804 3849 plagas.

226 3867 379 3920 Alius
432 3877 552 3920 erat
607 3869 697 3936 qui
751 3873 1042 3939 pugnabat,
1096 3879 1150 3925 et
1195 3869 1333 3924 alius
1365 3871 1455 3939 qui
1510 3871 1808 3939 putabatur

229 3957 539 4012 ettiendaro.
570 3957 680 4012 Hoc
706 3959 905 4012 furtum
937 3961 1108 4029 magis
1140 3976 1298 4028 quam
1324 3961 1469 4015 lucta
1499 3970 1602 4015 est.
1630 3963 1802 4014 Adam

228 4047 438 4100 seducit
467 4061 482 4098 :
515 4049 582 4100 ab
613 4048 711 4102 Job
740 4051 1063 4104 occultatur.
1087 4050 1189 4106 Job
1220 4053 1365 4106 enim
1401 4054 1692 4108 admiratio
1717 4068 1804 4109 est

230 4139 355 4205 ista,
409 4141 537 4210 quia
587 4152 781 4210 putans
834 4159 863 4196 a
911 4144 1018 4197 Deo
1060 4145 1164 4199 sibi
1203 4147 1395 4199 venire
1448 4145 1656 4214 plagas,
1694 4163 1805 4202 non

230 4235 485 4287 conscius
513 4246 690 4288 autem
726 4236 827 4289 sibi
860 4248 1160 4304 peccatum,
1202 4238 1544 4291 c0nvertitur
1580 4239 1646 4292 ad
1688 4239 1807 4291 dia-

231 4325 412 4382 bolum
457 4329 681 4396 sagittas
711 4343 830 4397 qua:
870 4327 1037 4397 ipsius
1078 4338 1258 4383 erant.
1290 4327 1392 4383 Job
1430 4329 1575 4383 enim
1608 4340 1808 4398 putans

235 4416 401 4470 Deum
429 4431 552 4472 esse
578 4418 666 4487 qui
707 4417 916 4483 feriret,
945 4428 1001 4473 et
1050 4421 1357 4490 suspicatus
1383 4430 1467 4476 est
1499 4435 1621 4476 esse
1645 4436 1672 4474 a
1699 4421 1808 4476 Deo

234 4509 458 4579 plagas:
492 4519 545 4561 et
591 4521 785 4577 putans
837 4511 1005 4564 Deum
1050 4527 1168 4567 esse
1211 4514 1302 4582 qui
1350 4513 1561 4577 feriret,
1602 4514 1808 4584 gratias

231 4606 341 4672 egit
375 4604 426 4656 in
463 4602 648 4673 plagis.
691 4604 1004 4674 Magnitudo
1045 4615 1227 4659 autem
1282 4607 1634 4676 malignitatis
1695 4607 1809 4660 tlia-

235 4692 342 4746 boli
365 4708 627 4747 conversa
651 4705 733 4748 est
771 4697 836 4748 ad
877 4697 1299 4765 magnitudinem
1328 4713 1656 4753 coronarum
1679 4696 1805 4753 Job.

238 4783 294 4839 Si
322 4785 467 4839 enim
503 4788 666 4840 sciret
689 4790 812 4857 quia
837 4789 1123 4843 adversum
1157 4789 1234 4859 (ll)
1269 4790 1509 4842 invidum
1542 4799 1597 4844 et
1630 4790 1813 4844 inimi-

237 4894 357 4932 cum
378 4878 628 4943 haberet,
655 4881 793 4934 forte
817 4882 1206 4936 contentiosius
1237 4881 1439 4951 egisset
1474 4891 1528 4934 et
1551 4881 1809 4947 alacrius,

234 4981 328 5024 aut
359 4980 414 5024 et
441 4973 922 5041 contemptibiiius.
967 4972 1121 5027 Nunc
1151 4985 1329 5028 autem
1364 4974 1539 5028 malus
1572 4975 1724 5028 canis
1759 4984 1813 5029 et

237 5062 540 5116 tnalitiosus
578 5063 731 5134 lupus
767 5066 1116 5133 semetipsum
1149 5067 1410 5130 occuitat,
1449 5076 1506 5121 et
1532 5079 1808 5136 pastorem

236 5157 506 5221 producit,
561 5164 616 5210 et
668 5155 767 5211 Job
813 5158 1230 5215 admirationem
1286 5160 1530 5214 adauxit.
1591 5161 1696 5215 Per
1747 5177 1812 5217 ea

234 5248 378 5300 enim
412 5263 532 5316 quae
566 5251 772 5317 putavit
797 5250 1030 5306 maxime
1054 5266 1111 5305 se
1137 5252 1419 5323 instigare,
1457 5266 1553 5321 per
1581 5257 1697 5306 htec
1724 5253 1810 5306 in-

235 5338 465 5408 stigatus
485 5351 538 5393 et
569 5343 760 5407 victus,
792 5351 847 5397 et
881 5357 1046 5413 supra
1080 5359 1294 5400 omnem
1335 5360 1485 5415 spent
1519 5356 1810 5414 superatus

232 5437 474 5492 ostendit
504 5439 787 5491 victorem.
833 5436 965 5503 Quis
1012 5437 1156 5492 enim
1189 5447 1242 5492 et
1271 5436 1498 5492 sullerre
1542 5439 1809 5508 potuisset

238 5530 418 5585 sciens
451 5544 601 5581 suam
632 5531 795 5582 vitam
826 5529 1266 5584 immaculatam?
1295 5528 1485 5587 Sciens
1515 5533 1804 5588 conscien-

307 5641 352 5674 ⁸¹
390 5640 470 5695 lsa
526 5657 615 5707 LII,
642 5643 727 5696 ll.

311 5732 388 5802 (9)
419 5733 721 5786 Adversum.
753 5733 853 5787 Pro
885 5734 1261 5789 adversarium.

309 5803 420 5863 (10)
457 5805 679 5858 l’rodn't.
715 5806 876 5859 Forte
902 5807 1153 5858 credidit.

1915 1946 2067 2000 disce
2107 1962 2203 2016 per
2234 1961 2357 1999 eum
2391 1945 2598 2000 inimici
2629 1944 3021 2000 inﬁrmitatem.
3047 1945 3152 1999 Sed
3182 1946 3316 2000 dicis
3343 1964 3359 2000 :
3389 1961 3494 2000 non

1915 2039 2061 2091 etiim
2093 2037 2314 2092 abducit
2340 2047 2395 2091 et
2426 2036 2806 2094 adducitloca.
2835 2047 3046 2105 gentes,
3077 2035 3305 2104 populos
3328 2051 3498 2104 quan-

1917 2139 2002 2184 tos
2039 2137 2096 2184 et
2145 2127 2433 2182 videmus?
2460 2128 2695 2181 Adducit
2726 2145 2740 2181 :
2772 2129 2863 2181 sed
2907 2135 2962 2181 et
2997 2136 3246 2195 apportat
3276 2140 3372 2180 eos
3398 2127 3490 2194 qui

1915 2219 2123 2283 volunt,
2158 2217 2295 2287 fugit
2336 2227 2520 2270 autem
2565 2231 2658 2270 eos
2689 2216 2778 2284 qui
2821 2215 3120 2282 increpant.
3171 2213 3307 2267 Cum
3343 2216 3490 2268 enim

1915 2310 2061 2364 dedit
2088 2309 2136 2364 ei
2178 2309 2355 2362 locum
2399 2306 2596 2373 Judas,
2635 2308 2910 2373 ingressus
2956 2315 3039 2359 est
3075 2306 3128 2358 in
3157 2305 3275 2375 ejus
3303 2308 3490 2371 corde,

1913 2400 2125 2455 furatus
2151 2409 2256 2464 est,
2292 2401 2495 2468 prodiit
2524 2397 2656 2470 (ιο).
2685 2395 2879 2450 Petrus
2911 2395 2959 2449 ei
2989 2395 3162 2450 lactus
3187 2405 3272 2451 est
3295 2407 3446 2464 petra
3478 2417 3489 2452 :

1911 2493 2086 2560 magis
2108 2492 2251 2544 enim
2287 2489 2518 2558 plagavit
2549 2503 2708 2557 quam
2742 2487 2987 2555 plagatus
3018 2495 3124 2542 est.
3167 2485 3274 2539 Sed
3308 2487 3444 2540 dicis
3473 2506 3488 2542 :

1909 2598 2016 2637 non
2039 2582 2251 2652 negavit
2279 2581 2496 2635 Petrus?
2516 2578 2718 2646 Quart-1
2738 2587 2953 2646 quando
2978 2580 3203 2636 necdum
3224 2588 3343 2632 erat
3365 2593 3490 2630 cru-

1909 2672 1990 2728 cis
2033 2683 2288 2741 tropaeum
2328 2681 2591 2725 erectum.
2629 2669 2808 2723 Nolite
2836 2683 2957 2722 esse
2996 2669 3187 2731 timidi,
3212 2668 3377 2722 nolite
3407 2668 3494 2721 in-

1909 2764 2055 2834 digni
2091 2779 2120 2815 a
2155 2767 2392 2830 proavis.
2429 2764 2633 2815 Aurum
2673 2758 2890 2829 quidem
2940 2758 3034 2812 Det
3066 2770 3145 2813 est
3177 2775 3192 2812 :
3222 2758 3493 2824 dicamus,

1909 2856 2070 2909 aﬂ‘ers
2099 2855 2304 2926 ignem,
2336 2853 2498 2908 affers
2533 2852 2792 2922 gladium,
2823 2851 3103 2916 addentes,
3150 2852 3330 2905 omnia
3369 2867 3497 2921 pos-

1910 2961 2033 3003 sum
2089 2955 2311 3015 propter
2371 2959 2497 2998 eum
2534 2943 2628 3012 qui
2658 2941 2916 2996 misertus
2963 2950 3045 2996 est
3083 2940 3237 2994 mihi.
3270 2940 3495 2997 Gladius

1910 3038 2094 3094 Jesum
2131 3051 2236 3092 non
2279 3035 2492 3101 incidit,
2529 3049 2701 3104 neque
2732 3034 2874 3103 ignis
2914 3047 3036 3089 eum
3075 3034 3366 3098 consumit,
3397 3036 3493 3088 sed

1912 3132 2118 3185 incisus
2175 3128 2467 3197 aliquando
2515 3136 2599 3181 est
2639 3141 2746 3196 per
2790 3124 3024 3182 clavum.
3053 3124 3192 3192 Quid
3226 3135 3311 3180 est
3350 3128 3495 3194 quod

1912 3225 2141 3278 incisum
2189 3219 2316 3275 est?
2355 3217 2474 3274 Noli
2531 3218 2798 3287 ignorare,
2848 3219 2972 3287 quia
3006 3233 3107 3273 nec
3159 3219 3212 3274 in
3253 3219 3494 3274 animam

1911 3315 2212 3385 ingreditur
2244 3313 2450 3366 clavus.
2485 3310 2769 3365 Passiones
2817 3311 2960 3365 enim
3017 3310 3330 3381 corporales
3373 3327 3498 3368 cor-

1908 3407 2132 3476 poribus
2155 3414 2282 3460 sunt
2308 3403 2694 3458 conducibiies.
2717 3402 2926 3469 Corpus
2946 3417 2974 3454 a
2999 3415 3228 3470 corpore
3243 3401 3448 3471 patitur
3475 3419 3490 3458 :

1911 3496 2247 3566 incorporale
2294 3509 2399 3548 non
2445 3495 2617 3555 ardet.
2643 3509 2748 3547 non
2802 3492 3073 3546 inciditur.
3117 3489 3266 3546 Talis
3302 3501 3495 3550 natura

1913 3602 2023 3642 non
2062 3586 2339 3652 dividitur,
2372 3601 2478 3640 non
2525 3582 2868 3654 praefocatur.
2913 3581 2969 3638 Si
3001 3583 3143 3636 enim
3170 3583 3493 3639 translatum

1913 3678 2078 3733 fuerit
2105 3692 2324 3747 corpus,
2355 3693 2460 3730 non
2498 3686 2581 3731 est
2613 3676 2701 3730 ubi
2730 3677 2932 3744 capiat.
2977 3675 3084 3730 Sed
3137 3675 3262 3730 nolo
3311 3676 3495 3730 dicere

1910 3771 2053 3840 quod
2103 3771 2368 3838 sequitur,
2392 3768 2516 3838 quia
2577 3781 2677 3820 nec
2707 3767 2932 3819 rationis
2963 3777 3047 3819 est
3100 3764 3494 3834 blasphemiam

1911 3862 2055 3930 loqui
2089 3861 2140 3913 in
2167 3859 2432 3914 Ecclesia.
2474 3857 2547 3912 Ea
2577 3857 2744 3927 igitur
2774 3871 2894 3924 qua:
2921 3857 2987 3910 de
3017 3855 3232 3912 diabolo
3259 3871 3366 3910 non
3391 3857 3495 3911 im-

1913 3990 2141 4052 portune
2194 3987 2573 4042 occurrerunt,
2605 3977 2676 4030 ita
2727 3974 3126 4043 quodammodo
3173 3974 3314 4030 facta
3365 3983 3498 4033 sunt

1915 4072 2223 4127 manifesta.
2278 4070 2388 4125 Nos
2451 4080 2631 4124 autem
2689 4067 3028 4122 conlldamus
3084 4068 3137 4120 in
3181 4067 3416 4129 Christo.
3441 4077 3497 4124 et

1913 4164 2250 4220 conﬁdentes
2271 4163 2615 4232 increpetnus
2637 4167 2709 4228 ei,
2733 4173 2788 4219 et
2849 4163 3187 4230 increpantes
3231 4176 3497 4214 memores

1913 4258 2083 4312 simus
2111 4259 2229 4325 ejus
2284 4256 2375 4324 qui
2414 4256 2489 4309 ait
2520 4272 2535 4310 :
2569 4255 2724 4310 Exite
2759 4256 2822 4309 ab
2864 4258 2939 4308 eis
2989 4265 3034 4306 et
3076 4250 3419 4320 separamini,
3446 4262 3496 4304 et

1913 4350 2238 4403 immundum
2281 4363 2344 4400 ne
2391 4349 2664 4418 tetigerttis
2686 4349 2752 4405 ⁸¹.
2790 4347 2926 4415 Quid
2966 4346 3110 4400 enim
3148 4345 3230 4400 eis
3272 4351 3326 4397 et
3355 4341 3495 4396 difﬁ-

1914 4439 2045 4493 ciles
2069 4439 2290 4493 smnus?
2316 4439 2442 4507 quid
2471 4441 2548 4492 eis
2577 4449 2631 4493 et
2665 4437 2993 4492 irascimur?
3019 4451 3137 4506 qua:
3163 4435 3306 4491 enim
3336 4449 3495 4503 pmna

1841 4547 1883 4601 ι)
1915 4532 2019 4585 alia
2051 4533 2133 4587 eis
2163 4531 2504 4586 tlebetur‘lSi
2549 4533 2672 4600 quis
2706 4531 2786 4586 eis
2818 4532 3169 4594 irasceretur,
3198 4529 3383 4598 utique
3409 4529 3496 4584 di-

1915 4633 2064 4679 ceret
2105 4642 2118 4678 :
2153 4622 2398 4693 Spoliare
2422 4667 2436 4690 ,
2472 4624 2743 4677 denudare
2767 4662 2784 4685 ,
2813 4623 3118 4691 deturpare,
3159 4619 3498 4691 infrigidare.

1919 4718 2111 4772 Statue
2145 4735 2265 4772 eum
2299 4718 2498 4771 nudum
2551 4718 2603 4772 in
2661 4718 2884 4788 frigore,
2913 4717 3079 4772 facito
3124 4731 3247 4772 eum
3275 4731 3500 4774 currere

1919 4818 2046 4863 ante
2074 4824 2312 4862 currum.
2339 4807 2570 4864 Laboret
2604 4809 2892 4864 ambulans
2914 4849 2928 4872 ,
2974 4811 3288 4878 deturpetur
3331 4807 3502 4860 denu-

1922 4899 2097 4959 datus,
2124 4901 2267 4952 dicat
2303 4899 2498 4968 turpia.
2558 4898 2696 4965 Quid
2745 4899 2944 4968 quaeris
2984 4900 3180 4968 punire
3223 4911 3346 4952 eum
3405 4899 3500 4966 qui

1918 4990 2265 5057 semetipsum
2304 4990 2559 5043 damnat?
2588 4988 2786 5044 sullicit
2825 4989 2906 5044 eis
2935 4992 3061 5060 quia
3107 5003 3214 5043 non
3257 4995 3384 5042 sunt
3408 5003 3503 5043 no-

1917 5080 2124 5136 biscum
2165 5098 2180 5138 :
2210 5079 2404 5136 sufﬁcit
2443 5081 2601 5136 nobis
2633 5081 2757 5146 quia
2790 5095 2895 5135 non
2948 5093 3137 5134 sumus
3171 5093 3294 5133 cum
3344 5078 3499 5146 ipsis.

1919 5171 2166 5227 Habeant
2193 5175 2336 5241 quod
2364 5173 2588 5238 habent,
2619 5173 2745 5242 quia
2777 5185 2833 5228 ει
2868 5172 3074 5227 volunt.
3107 5171 3226 5228 Non
3252 5169 3365 5243 (ll)
3400 5172 3501 5225 ha-

1917 5263 2106 5318 bemus
2136 5280 2296 5335 quem
2327 5267 2612 5329 habemus,
2637 5268 2763 5335 quia
2797 5274 2851 5320 et
2880 5265 3148 5322 volumus.
3196 5265 3304 5319 Sed
3335 5263 3501 5334 fugiat

1915 5364 1971 5408 et
2009 5371 2161 5410 mens
2187 5357 2428 5422 insanos,
2462 5367 2516 5411 et
2537 5358 2693 5414 sileat
2729 5358 2908 5428 lingua
2936 5375 2950 5424 ;
2979 5357 3102 5412 inde
3131 5367 3184 5411 et
3217 5366 3487 5411 converts-

1916 5453 2006 5499 tnr
2029 5446 2094 5500 ad
2131 5461 2322 5515 purum
2349 5459 2402 5502 et
2451 5449 2849 5519 incorporalem
2888 5448 3080 5513 Deum,
3107 5448 3176 5502 ad
3226 5456 3502 5512 sanctum,

1915 5549 1970 5591 et
1997 5537 2151 5594 istius
2182 5539 2333 5594 chori
2371 5537 2682 5598 Dominum.
2715 5538 2833 5599 Non
2864 5554 2989 5598 cum
3037 5541 3352 5612 operiamus
3377 5551 3502 5594 cor-

1989 5736 2100 5809 (ll)
2135 5737 2277 5793 Non.
2313 5739 2388 5793 Att
2423 5755 2516 5794 nos
2539 5742 2564 5794 2’
