4072 6398
612 382 754 439 ιω

1310 377 1576 435 Ευεειιιι
1612 373 2085 433 meminsse
2119 374 2162 431 0

2267 372 2497 433 ,ιωιιε
2531 366 2623 432 ιν.
2662 402 2734 417 -
2769 365 3195 428 υοοιΔτιιιΑ.

3741 364 3870 424 “ﬂ

612 492 1263 566 pore.qaianeepatitur
1295 509 1313 548 :
1342 508 1449 549 non
1486 508 1615 548 eam
1667 490 1969 548 vestiamus
2027 491 2188 547 vesti-
2218 496 2264 553 Α
2292 498 2433 545 terra
2484 500 2541 546 ut
2599 486 2894 544 scabellum
2956 493 3167 540 tactum
3212 480 3409 553 pedum
3464 489 3869 543 meusuratul.

611 584 956 654 mente.th
991 600 1092 640 nec
1117 586 1320 656 indiget
1358 602 1373 639 :
1407 601 1514 641 uou
1537 586 1587 640 ei
1646 583 1944 641 oleramus
1968 583 2177 640 sacriii-

610 675 717 739 cia,
738 675 861 745 quia
898 691 1000 729 nec
1030 678 1185 745 petit.
1213 675 1448 731 Esﬂma
1480 677 1609 744 quid
1643 677 1797 733 dicis.
1848 675 1911 731 Si
1932 710 1935 711 ν
1958 674 2172 731 dederis

610 764 657 817 ei
685 778 901 833 corpus,
927 764 1187 833 separasti
1210 766 1259 818 ei
1280 766 1454 819 locum
1477 784 1491 832 ;
1518 765 1866 835 composuisti
1883 764 2183 833 simplicem

608 863 881 918 naturam,
934 855 1251 924 placabilem
1290 853 1461 910 iecisti
1527 855 1936 926 implacabilem.
1971 854 2026 910 in
2067 855 2186 911 loco

608 961 728 999 eum
751 946 839 1015 qui
865 957 921 999 et
966 961 994 999 a
1020 944 1151 1001 locis
1182 946 1319 1002 liber
1358 956 1441 1003 est
1490 946 1841 1001 constituisti.
1881 946 1937 1000 Si
1979 947 2185 1002 dixeris

607 1051 825 1106 corpus,
850 1035 1004 1090 dabis
1055 1036 1265 1101 oculos,
1313 1037 1465 1091 dabis
1518 1051 1681 1091 aures
1723 1037 1869 1091 circa
1904 1036 2094 1103 Deum,
2126 1047 2182 1092 et

610 1127 872 1197 linguam,
901 1137 957 1181 et
986 1142 1231 1191 sensum,
1258 1138 1312 1183 et
1336 1142 1478 1193 ossa,
1512 1136 1567 1182 et
1611 1128 1845 1191 viscera,
1872 1137 1924 1182 et
1963 1143 2180 1191 nervos,

605 1228 660 1272 et
681 1232 844 1275 venas
882 1235 896 1271 :
926 1228 981 1271 et
1012 1219 1227 1288 ignoras
1255 1219 1325 1274 de
1356 1233 1462 1287 quo
1498 1217 1766 1287 loqueris.
1796 1216 1940 1288 Fuge
1963 1218 2185 1272 demen-

605 1310 758 1374 tiam,
797 1320 854 1363 ut
884 1309 1308 1379 comprehendas
1336 1326 1441 1364 non
1473 1321 1705 1379 quantus
1742 1319 1825 1365 est
1848 1320 2063 1373 natura,
2085 1312 2180 1366 sed

603 1411 863 1471 quantum
892 1402 984 1455 tibi
1013 1400 1265 1469 possibile
1280 1410 1367 1456 est
1392 1414 1569 1471 nosse.
1593 1399 1650 1455 Si
1678 1414 1874 1470 corpus
1898 1412 1983 1455 est
2000 1401 2139 1455 Deus
2163 1418 2178 1455 :

605 1493 728 1554 quis
765 1502 847 1546 est
872 1492 963 1561 qui
1004 1499 1301 1559 supponat,
1326 1491 1419 1559 qui
1442 1490 1749 1559 subbajulat
1793 1492 1989 1546 omium
2017 1492 2040 1546 ἲ
2070 1496 2183 1547 An-

604 1591 820 1650 tequam
850 1570 980 1652 ergo
1009 1581 1201 1637 omium
1232 1581 1409 1646 ﬂeret,
1446 1580 1535 1635 ubi
1564 1592 1682 1635 erat
1708 1582 1889 1637 Deus?
1920 1582 2087 1637 Terra
2131 1584 2179 1637 ei

600 1673 893 1729 scabellum
919 1682 1001 1727 est
1027 1691 1039 1727 :
1067 1681 1362 1741 antequam
1380 1684 1674 1728 crearetur
1693 1682 1859 1738 terra,
1908 1674 1997 1729 ubi
2025 1683 2181 1730 erant

600 1762 797 1830 pedes?
824 1760 929 1816 Sed
956 1762 1171 1831 quando
1216 1763 1417 1817 dictum
1479 1773 1562 1818 est
1606 1766 1750 1819 hoc:
1793 1765 1994 1821 Caluus
2047 1767 2177 1820 mihi

600 1853 783 1915 sedes,
824 1862 961 1905 terra
1022 1863 1193 1906 autem
1248 1853 1535 1908 scabellum
1599 1857 1787 1923 pedum
1834 1857 2162 1912 υιεοτιιιιιυῖ

2277 1845 2424 1900 enim
2450 1858 2615 1913 supra
2654 1842 2855 1899 ﬂuctus
2897 1858 3006 1898 non
3037 1841 3280 1898 ambulat
3312 1840 3359 1881 ⁸⁸
3395 1858 3409 1894 :

595 1937 733 2001 Cum
758 1939 918 1995 Israel
954 1957 1204 2011 maguum
1246 1944 1373 2011 quid
1396 1956 1613 2012 saperet
1644 1947 1709 2000 de
1742 1947 1959 2016 templo,
2017 1949 2171 2005 adin-

598 2033 823 2086 veniens
848 2033 949 2087 sibi
978 2034 1258 2102 templum.
1291 2034 1601 2103 Corripiens
1653 2038 1797 2090 enim
1849 2038 2079 2094 humiles
2119 2046 2175 2094 et

597 2122 916 2187 admonens,
948 2124 1072 2193 quia
1103 2123 1242 2177 Deus
1265 2124 1462 2193 templo
1492 2142 1599 2182 non
1625 2128 2017 2194 circumdatur,
2046 2140 2173 2185 tunc

596 2213 727 2266 dicit
752 2229 766 2267 :
794 2210 990 2268 Caium
1012 2216 1138 2273 mihi
1166 2216 1311 2270 sedes
1338 2259 1353 2284 ,
1382 2228 1515 2270 terra
1556 2229 1729 2272 autem
1766 2222 2047 2275 scabellum
2080 2238 2174 2289 pe-

594 2302 722 2354 dum
746 2318 996 2356 meorum.
1026 2302 1134 2359 Hoc
1162 2314 1218 2357 ut
1246 2308 1428 2372 parvis
1470 2304 1728 2375 loquitur.
1766 2310 1831 2364 Et
1856 2312 1985 2379 quid
2024 2312 2173 2367 addit

594 2389 956 2461 interpretans
978 2407 1041 2447 ea
1074 2409 1193 2463 qua:
1215 2396 1393 2451 dixit:
1424 2396 1593 2462 Quam
1635 2400 1848 2453 domum
1883 2402 2173 2469 aadiﬁcabi-

593 2482 661 2535 tis
682 2484 830 2543 mihi,
858 2495 905 2538 et
939 2486 1052 2547 quis
1088 2485 1231 2540 locus
1282 2489 1617 2558 requietionis
1679 2508 1807 2547 mete
1828 2492 1912 2547 "i
1936 2494 2014 2547 Ad
2071 2493 2174 2550 hoc

593 2568 722 2623 illud
747 2572 877 2627 utile
904 2591 918 2625 :
946 2571 1011 2627 ad
1040 2584 1290 2629 nalttram
1314 2588 1493 2632 autem
1522 2594 1589 2633 ne
1605 2580 1819 2650 quidem
1845 2582 1999 2637 illud.
2029 2584 2171 2641 Audi

592 2661 737 2713 enim
767 2661 908 2718 illius
944 2665 1237 2733 magniﬁcae
1267 2668 1413 2723 vocis
1441 2669 1845 2725 admirationem
1874 2686 1889 2726 :
1916 2672 1982 2726 In
2016 2690 2172 2727 msu-

596 2749 665 2803 do
700 2761 835 2818 erat,
868 2762 961 2817 et,
1014 2758 1147 2809 venit
1191 2758 1259 2810 ad
1296 2758 1546 2813 niundu'ut
1564 2750 1627 2812 ’δζ
1682 2764 1981 2832 Antequam
2026 2764 2170 2819 enim

598 2851 879 2912 putaretur
924 2848 1139 2914 adesse,
1189 2850 1398 2906 aderat.
1437 2851 1551 2907 Non
1588 2864 1670 2908 est
1698 2856 1786 2909 ubi
1818 2870 1923 2911 non
1950 2865 2078 2912 est:
2116 2866 2172 2914 et

590 2933 715 3001 quia
748 2935 949 3008 ubique
994 2948 1094 3006 est,
1126 2955 1230 2995 non
1265 2942 1631 2999 circumdatur
1658 2958 1687 2999 a
1724 2945 1862 3001 loco.
1920 2946 1977 3002 Si
2007 2949 2163 3003 enim

590 3026 648 3081 in
680 3026 800 3084 loco
825 3038 962 3092 erat.
980 3031 1033 3085 in
1063 3033 1172 3090 alio
1200 3032 1317 3090 loco
1341 3051 1448 3091 non
1473 3046 1612 3091 erat.
1638 3037 1773 3105 Quia
1810 3040 1954 3094 enim
1981 3044 2166 3098 omnia

588 3116 781 3191 implet
803 3119 918 3177 loca
940 3162 955 3187 ,
985 3133 1039 3178 et
1076 3127 1327 3181 omnibus
1385 3141 1671 3199 separatus
1696 3139 1799 3197 est,
1831 3134 2011 3196 adest,
2060 3150 2166 3189 non

2288 582 2558 651 quomodo
2597 589 2783 652 potest
2810 577 3045 634 transire
3064 575 3359 632 acabellum
3387 574 3589 645 pedum
3618 572 3870 629 suorum

2284 674 2558 743 quomodo
2586 670 2923 728 ambulavit?
2978 670 3077 725 sed
3113 668 3319 724 habitat
3361 667 3505 724 Deus
3547 667 3603 722 in
3649 664 3866 732 animis,

2286 763 2499 820 habitat
2529 775 2586 817 et
2616 760 2934 817 iusntbuiat.
2960 758 3147 816 Latior
3173 756 3319 812 enim
3348 756 3504 812 sinus
3530 762 3621 810 est
3650 752 3866 821 anima,

2284 867 2446 923 quam
2478 851 2680 906 cmlum
2707 866 2722 904 :
2750 862 2971 907 sanctus
2992 852 3048 905 in
3089 847 3293 904 sanctis
3329 848 3650 918 requiescit.
3674 844 3866 900 Iudai-

2285 943 2437 1008 miui,
2470 942 2666 1012 inquit,
2720 939 2993 1008 Christus;
3034 937 3241 1004 Iesum,
3274 938 3405 995 dicit
3457 938 3755 1009 Apostolus
3788 936 3857 989 “.

2284 1032 2478 1099 Quanti
2512 1034 2656 1088 enim
2708 1032 3049 1088 induuntur?
3094 1032 3279 1101 quanti
3315 1040 3371 1085 et
3402 1031 3581 1085 vocati
3638 1038 3791 1093 sunt,
3817 1041 3869 1084 et

2286 1133 2569 1189 vocantur,
2595 1134 2646 1178 et
2671 1122 3045 1179 vocabuntur?
3071 1131 3129 1178 et
3174 1122 3549 1191 unusquisque
3577 1130 3775 1186 totum,
3808 1129 3862 1173 ei

2283 1227 2471 1269 omnes
2503 1222 2697 1277 totum,
2735 1222 2792 1267 et
2822 1224 3000 1282 neque
3034 1206 3298 1267 dividitur
3340 1210 3443 1273 eis,
3493 1221 3675 1277 neque
3731 1208 3864 1262 inei-

2290 1300 2457 1366 ditur,
2511 1316 2688 1371 neque
2745 1300 3032 1362 scinditur,
3082 1308 3139 1353 et
3188 1296 3441 1354 omnibus
3486 1297 3745 1364 adest,et
3798 1298 3862 1350 ab

2285 1391 2541 1445 omnibus
2576 1398 2862 1458 separatus
2894 1397 2997 1452 est,
3025 1395 3080 1442 et
3103 1400 3291 1441 omnes
3330 1385 3501 1455 replet
3533 1402 3548 1436 :
3578 1384 3709 1453 quia
3760 1397 3860 1436 neu

2284 1490 2373 1535 est
2406 1496 2608 1548 corpus
2637 1479 2805 1544 Deus,
2837 1493 3013 1547 neque
3038 1491 3238 1546 corpus
3259 1477 3406 1532 circa
3444 1477 3647 1545 ipsum,
3686 1488 3858 1542 neque

2285 1573 2631 1627 vestimenta.
2670 1570 2946 1642 Siquidem
2972 1578 3027 1625 et
3072 1584 3200 1624 cum
3262 1567 3317 1622 in
3372 1580 3607 1634 corpore
3666 1562 3861 1629 Filius,

2284 1679 2384 1719 nec
2412 1674 2539 1719 tunc
2584 1664 2733 1719 cadit
2790 1664 2841 1718 in
2876 1675 3113 1731 corpus:
3152 1658 3245 1716 sed
3280 1658 3451 1729 magis
3503 1655 3861 1727 incorporalis

2285 1767 2475 1810 natura
2535 1752 2854 1809 efﬁcientias
2910 1750 3039 1807 fecit
3078 1764 3280 1819 corpus
3338 1748 3569 1804 suﬂ'erre
3600 1787 3618 1813 ,
3663 1761 3859 1817 corpus

3448 1837 3752 1892 ambulavit
3774 1852 3858 1893 er-

2276 1954 2342 2009 go
2380 1936 2540 1993 Jesus
2562 1950 2661 2007 per
2689 1951 2909 2006 corpus.
2944 1934 3061 1992 Non
3086 1949 3217 2005 ergo
3250 1933 3423 1989 deitas
3452 1933 3683 1987 deducta
3713 1939 3797 1985 est
3828 1943 3857 1981 a

2274 2043 2525 2099 corpore,
2578 2028 2676 2083 sed
2706 2042 2907 2097 corpus
2940 2026 3210 2081 elevatum
3246 2034 3331 2080 est
3360 2040 3390 2077 a
3422 2024 3625 2078 deitate
3654 2038 3669 2074 :
3712 2021 3857 2089 spuit

2274 2136 2491 2191 corpus,
2516 2121 2637 2191 ejus
2666 2121 2812 2175 enim
2836 2126 3030 2173 natura
3070 2125 3177 2173 est.
3207 2110 3309 2184 Qui
3333 2126 3514 2170 autem
3542 2115 3596 2169 in
3628 2128 3857 2183 corpore

2274 2216 2461 2266 adesse
2491 2210 2743 2281 dignatus
2786 2219 2890 2275 est,
2918 2207 3079 2264 simul
3127 2221 3251 2262 cum
3274 2214 3433 2275 sputo
3467 2205 3655 2259 emisit
3680 2203 3853 2258 virtu-

2276 2312 2379 2357 tem
2405 2317 2509 2356 uou
2540 2299 2787 2356 incidens
2814 2315 2843 2353 a
2873 2314 2957 2366 se,
2989 2309 3043 2355 et
3067 2299 3238 2353 lutum
3260 2298 3423 2353 ﬁebat
3447 2313 3513 2352 ex
3547 2307 3711 2369 sputo
3742 2314 3761 2354 :
3790 2311 3855 2352 ex

2273 2403 2431 2461 sputo
2464 2402 2647 2447 autem
2691 2402 2747 2447 et
2796 2390 2911 2446 into
2960 2390 3149 2446 oculos
3205 2390 3299 2460 qui
3362 2398 3573 2444 natura:
3620 2388 3853 2443 deerant

2272 2484 2526 2554 ﬁguravit
2553 2498 2567 2536 :
2598 2492 2656 2537 ut
2683 2482 2751 2538 ab
2774 2483 2928 2537 initio
2958 2482 3192 2537 intueris
3226 2489 3395 2537 totum
3452 2480 3676 2552 quidem
3731 2495 3855 2536 cor-

2272 2592 2373 2647 pus
2397 2576 2729 2637 alleviatum.
2754 2582 2810 2629 et
2856 2574 3189 2637 vestimenta
3227 2573 3475 2643 corporis
3513 2572 3803 2628 efﬁcientia
3835 2587 3850 2625 :

2272 2677 2329 2722 et
2372 2667 2439 2721 ad
2493 2668 2847 2732 vestimenta,
2885 2675 2943 2721 ut
2988 2666 3173 2722 videas
3188 2666 3317 2736 quia
3340 2665 3527 2721 divina
3556 2666 3735 2720 virtus
3756 2679 3853 2733 per

2271 2774 2465 2815 ornnes
2518 2768 2772 2829 penetrat
2802 2759 2895 2829 qui
2958 2758 3273 2829 tetigerunt.
3331 2757 3489 2812 Sicut
3531 2757 3680 2812 enim
3714 2756 3853 2827 ignis

2270 2850 2523 2906 calefacit
2555 2849 2805 2921 proxima
2846 2849 2988 2912 sibi,
3037 2860 3093 2904 et
3132 2864 3229 2919 per
3276 2847 3535 2904 calefacta
3588 2847 3676 2903 his
3734 2861 3852 2918 qua:

2224 2936 2639 3013 ’adunguutur
2716 2939 2991 2996 calefactis
3070 2940 3305 2995 calorem
3383 2938 3624 3009 impertit
3690 2950 3707 2989 :
3780 2936 3849 2992 ita

2268 3031 2629 3088 sau’ctilicavit
2664 3031 2928 3089 Dominus
2956 3046 3154 3104 corpus
3188 3031 3331 3103 quod
3389 3030 3623 3101 accepit,
3647 3038 3703 3085 et
3754 3044 3849 3100 per

2270 3139 2469 3193 corpus
2496 3132 2742 3193 sputum,
2772 3132 2831 3180 et
2860 3139 2957 3195 per
2978 3139 3181 3194 corpus
3207 3122 3551 3180 vestimenta.
3578 3122 3673 3177 illa
3701 3122 3844 3179 enim

590 3210 745 3266 adest
778 3228 792 3265 :
830 3227 935 3267 non
970 3221 1123 3283 potes
1163 3192 1467 3288 intelligere
1500 3227 1577 3273 tu.
1610 3218 1721 3274 Hoc:
1738 3192 1883 3275 enim
1912 3192 2166 3292 est—quod
2195 3192 2237 3250 θ’
2278 3192 2474 3269 muiier
2493 3192 2615 3284 qua
2641 3192 3011 3270 summitatem
3060 3192 3287 3269 limbriie
3332 3215 3503 3285 tetigit
3559 3214 3843 3274 vestimen-

588 3303 855 3371 qua:ritur
903 3320 918 3357 :
980 3305 1118 3359 nihil
1168 3305 1611 3375 Samaritanum,
1666 3311 1796 3365 nihil
1860 3311 2161 3380 Judaicum,

590 3389 722 3443 nihil
751 3391 852 3446 tale
878 3400 935 3445 ut
962 3393 1115 3449 dicas
1146 3412 1160 3449 :
1199 3394 1388 3451 Patres
1418 3400 1581 3452 nostri
1626 3400 1681 3452 in
1707 3409 1882 3455 monte
1903 3402 2000 3456 hoc
2031 3406 2163 3457 ado-

588 3490 835 3535 ravmuu
878 3480 943 3535 ³³.
998 3481 1113 3538 Hoc
1164 3486 1311 3540 enim
1374 3485 1835 3544 Samaritanorum
1870 3501 2003 3546 est:
2059 3491 2163 3547 Vos

589 3581 760 3624 autem
810 3572 987 3627 dicitis
1041 3575 1099 3628 in
1152 3573 1525 3648 Hierosolyma
1593 3594 1703 3634 esse
1748 3579 1997 3636 locum“.
2044 3582 2161 3639 Non

589 3657 721 3716 mihi
769 3673 1003 3728 montes,
1039 3680 1146 3719 non
1208 3666 1428 3735 templa,
1458 3682 1562 3724 non
1597 3670 1893 3738 civitatem,
1926 3688 2032 3728 non
2071 3688 2161 3729 re-

587 3753 825 3823 gionem,
876 3770 985 3810 non
1049 3755 1249 3822 locum,
1310 3773 1410 3813 nec
1462 3771 1822 3827 terra_m,nec
1855 3778 2027 3831 mare,
2060 3780 2159 3823 nec

585 3858 812 3910 aerem;
856 3860 976 3901 cum
1036 3849 1175 3904 cmlo
1227 3848 1358 3903 nihil
1404 3849 1707 3908 Judaicum.
1740 3854 1885 3911 Bona
1912 3856 1998 3911 lex
2024 3867 2155 3914 est:

588 3933 675 3990 lac
702 3939 885 4006 parvis
907 3938 1039 3995 utile
1068 3950 1171 3994 est.
1206 3940 1408 3996 Factus
1460 3956 1520 3997 es
1567 3944 1856 4015 perfectus,
1894 3946 2157 4005 formatus

582 4041 665 4097 es,
713 4044 912 4086 excusa
936 4030 1087 4097 illud,
1114 4034 1257 4103 quod
1291 4033 1585 4104 aliquando
1636 4036 1731 4091 tibi
1758 4039 2045 4095 videbatur
2076 4042 2156 4095 ci-

580 4122 724 4176 vitas
776 4122 891 4190 Dei,
950 4125 1207 4195 templnm
1259 4124 1375 4194 Dei,
1432 4127 1687 4197 templum
1736 4128 1973 4186 Domini.
2012 4131 2153 4188 Dicit

579 4214 723 4266 enim
756 4210 1053 4267 Jeremias:
1105 4212 1378 4283 Templum
1429 4213 1663 4282 Domini,
1714 4219 1760 4272 si
1805 4221 2147 4287 senarsritis,

578 4300 772 4370 inquit,
799 4303 1047 4357 mandata
1071 4302 1281 4359 Domini
1303 4303 1371 4356 ".
1420 4304 1625 4363 Decora
1665 4324 1765 4363 vos
1793 4312 1967 4379 primo
2004 4314 2147 4367 testi.

580 4386 832 4442 Salomon
886 4399 1065 4444 autem
1120 4390 1403 4445 aediﬁcavit
1437 4394 1538 4448 sibi
1581 4396 1821 4462 domum,
1873 4400 1949 4453 ait
1989 4416 2006 4455 :
2055 4403 2149 4457 sed

574 4468 897 4541 Altissimus,
927 4478 1116 4547 inquit,
1145 4496 1247 4533 non
1278 4478 1481 4536 habitat
1510 4484 1565 4537 in
1612 4488 1931 4556 manu/iretis
1966 4493 2143 4546 homi-

576 4582 701 4620 num
719 4566 787 4620 ⁸⁸.
814 4568 1124 4625 Altissimus
1154 4581 1209 4625 et
1237 4587 1341 4627 non
1373 4575 1424 4627 in
1449 4576 1673 4632 civitate
1702 4596 1714 4632 :
1744 4580 2059 4639 Altissimus
2089 4596 2141 4640 et

574 4672 680 4712 non
749 4658 802 4713 in
865 4662 1082 4730 templo.
1136 4662 1202 4717 Et
1264 4664 1400 4720 dicit
1446 4683 1542 4737 per
1573 4670 1740 4725 alium
1768 4676 2139 4742 prophetam:

573 4746 801 4803 Sanctus
832 4767 969 4815 sum,
997 4761 1047 4805 ει
1075 4770 1177 4808 non
1207 4756 1471 4823 ingrediar
1504 4761 1767 4817 ciuitatem
1782 4763 1847 4819 ³⁹.
1875 4766 1931 4821 Si
1960 4780 2139 4825 autem

572 4838 946 4928 incivitatem
1011 4860 1116 4899 non
1173 4848 1496 4916 ingreditur,
1544 4853 1596 4906 in
1630 4856 1829 4925 templo
1866 4864 2139 4928 quomodo

571 4924 814 4980 habitat?
839 4936 891 4981 ut
922 4928 1133 4984 dicatur
1157 4933 1353 4987 ctelum
1377 4935 1557 5003 sedes,
1593 4948 1652 4991 ut
1673 4924 1779 4994 non
1807 4924 2001 4999 donius
2034 4961 2137 5015 pu-

570 5023 714 5071 tetur
741 5028 795 5072 et
825 5027 969 5075 terra
1002 5023 1342 5079 scabellum?
1372 5025 1472 5093 Qui
1496 5038 1673 5083 autem
1716 5034 1867 5087 novit
1896 5051 2017 5089 eum
2043 5037 2136 5105 qui

568 5118 627 5157 se
659 5107 863 5175 genuit.
888 5110 1004 5176 ipse
1033 5114 1137 5167 scit
1183 5124 1237 5167 et
1274 5118 1477 5171 revelat
1509 5120 1634 5188 quia
1688 5122 1866 5178 nullus
1902 5139 2025 5180 eum
2056 5129 2136 5181 vi-

569 5196 666 5254 dit.
703 5198 769 5252 Et
813 5210 961 5256 certe
994 5204 1140 5258 venit
1188 5204 1371 5272 Pater,
1400 5219 1455 5263 et
1489 5211 1692 5268 habitat
1726 5224 1779 5269 et
1813 5214 2131 5275 inambulat.

570 5286 637 5379 iit
661 5301 816 5346 certe
835 5292 924 5346 illa
969 5300 1355 5364 consequentia
1393 5317 1500 5357 non
1528 5306 1771 5361 consedit
1800 5308 1913 5379 (12)
1945 5312 2133 5366 ambu-

566 5373 840 5437 lationem.
870 5380 930 5435 Si
958 5384 1101 5438 enim
1140 5394 1308 5441 totum
1339 5391 1542 5445 ciuium
1572 5396 1727 5451 sedes
1756 5373 1906 5466 ejus,
1926 5408 1981 5455 et
2020 5411 2129 5457 tota

2276 3315 2471 3370 terum,
2507 3305 2708 3362 fontem
2732 3304 3091 3371 insanabilem
3119 3306 3397 3375 sanguinis
3458 3306 3682 3366 habens.
3713 3306 3818 3360 hau

2274 3397 2363 3453 ﬁt
2387 3411 2483 3468 per
2528 3397 2797 3453 ﬁmbriam
2829 3396 3085 3455 sanitatis
3123 3397 3389 3453 medelam
3416 3396 3463 3429 “
3505 3414 3521 3453 :
3558 3412 3590 3451 a
3644 3396 3842 3453 deitate

2270 3488 2476 3545 seiiicet
2505 3504 2628 3560 quae
2664 3490 2851 3546 aderat
2883 3490 2937 3546 iu
2958 3504 3188 3561 corpore
3219 3488 3348 3544 :sed
3382 3488 3706 3544 vestimenta
3731 3490 3844 3559 ejnl

2269 3583 2637 3651 praesentiam.
2666 3580 2855 3651 Neque
2888 3582 3054 3653 igitur
3083 3582 3199 3652 ipse
3230 3595 3431 3651 corpus
3475 3581 3840 3636 necessarium

2268 3672 2497 3727 habuit:
2529 3673 2621 3727 sed
2644 3675 2843 3744 quibus
2879 3685 3000 3731 erat
3022 3674 3152 3729 utile
3179 3674 3493 3743 contingere
3514 3685 3571 3730 et
3603 3675 3839 3729 tunicam

2264 3770 2321 3817 et
2378 3774 2597 3831 corpus.
2624 3772 2681 3819 et
2736 3780 2834 3836 per
2885 3767 3140 3837 spiritum
3193 3766 3379 3824 videre
3444 3766 3839 3837 incorporalem

2265 3850 2457 3919 Deum,
2476 3852 2569 3922 qui
2604 3852 2908 3910 ministerio
2937 3855 3355 3925 incorporalium
3386 3857 3536 3911 dives
3568 3867 3709 3912 erat.
3739 3855 3834 3911 li-

2264 3942 2544 3998 nisterium
2584 3953 2768 4001 autem
2791 3947 3019 4002 audiens
3052 3962 3159 4003 non
3212 3948 3595 4003 necessitatem
3650 3947 3835 4003 audire

2262 4033 2445 4100 debes,
2479 4034 2573 4091 sed
2610 4036 2938 4093 beneﬁcium
2980 4052 3170 4095 eorum
3204 4040 3299 4107 qui
3349 4039 3685 4107 ministrant,
3724 4054 3832 4095 nou

2261 4140 2415 4180 usum
2466 4133 2649 4183 tamen
2702 4126 2821 4197 ejus
2872 4129 2966 4198 qui
2999 4130 3383 4186 ministratur:
3418 4129 3644 4184 multum
3682 4130 3824 4185 enim

2260 4236 2358 4276 nos
2395 4220 2507 4292 (i3)
2534 4237 2817 4291 prosumus
2845 4223 2976 4287 Deo,
3002 4225 3129 4296 quia
3152 4224 3398 4279 videmur
3434 4239 3532 4293 pro
3566 4224 3676 4281 Deo
3700 4240 3829 4282 cou-

2261 4312 2499 4367 tendere.
2528 4310 2698 4368 Nobis
2721 4314 2866 4368 enim
2894 4311 3103 4370 lucrum
3130 4324 3234 4379 est,
3264 4323 3325 4368 ut
3354 4314 3592 4385 religiosi
3611 4316 3780 4371 simus
3808 4332 3823 4371 :

2256 4402 2411 4457 nobis
2436 4402 2645 4457 lucrum
2678 4413 2763 4459 est
2796 4406 2842 4459 si
2885 4420 2991 4459 non
3021 4418 3307 4476 perversas
3358 4406 3708 4463 habuerimus
3759 4409 3825 4464 de

2256 4494 2367 4549 Deo
2391 4504 2617 4561 mentes,
2651 4510 2717 4551 ne
2738 4506 2793 4551 et
2818 4496 3136 4562 decidamus
3181 4512 3210 4551 a
3239 4497 3370 4553 Deo.
3405 4496 3613 4552 Decidit
3645 4508 3821 4553 autem

2250 4585 2432 4640 omnis
2464 4600 2493 4640 a
2523 4583 2657 4652 Deo,
2687 4588 2776 4657 qui
2814 4588 2991 4642 aliena
3027 4588 3189 4658 sapit.
3216 4590 3291 4643 De
3341 4603 3449 4659 quo
3485 4589 3530 4643 si
3572 4588 3821 4645 didiceris

2250 4676 2321 4730 ita
2355 4686 2414 4729 ut
2435 4685 2536 4741 est,
2574 4676 2741 4731 babes
2778 4692 2899 4733 eum
2933 4695 2950 4732 :
2988 4678 3036 4733 si
3066 4686 3249 4735 autem
3273 4678 3435 4733 alium
3469 4693 3567 4747 pro
3590 4678 3696 4734 alio
3724 4694 3818 4748 pu-

2249 4770 2466 4833 taveris,
2503 4782 2623 4823 eum
2650 4770 2743 4839 qui
2788 4779 2872 4825 est
2906 4785 3013 4825 non
3044 4769 3291 4826 habebis.
3335 4770 3471 4837 Quia
3520 4786 3626 4825 non
3656 4786 3817 4841 agno-

2246 4859 2372 4913 visti
2394 4873 2552 4928 quem
2584 4872 2761 4930 putas,
2798 4877 2904 4914 non
2932 4861 3098 4918 habes
3117 4877 3242 4918 eum
3272 4863 3433 4933 :quia
3475 4876 3582 4917 non
3617 4874 3702 4917 est
3737 4873 3814 4916 ta-

2243 4947 2311 5004 lis
2335 4951 2542 5018 qualem
2573 4960 2755 5021 putas.
2813 4951 2930 5007 Non
2982 4954 3049 5008 de
3088 4953 3331 5023 quolibet
3384 4962 3659 5009 certamen
3708 4962 3809 5008 est.

2242 5037 2533 5094 Irridemus
2562 5056 2657 5097 eos
2702 5052 2757 5097 et
2782 5044 2907 5111 quia
2963 5043 3065 5098 ista
3127 5060 3296 5114 parva
3352 5040 3674 5114 delinquunt
3717 5043 3808 5113 qui

2241 5135 2491 5200 ignorant
2522 5143 2666 5188 artes
2695 5150 2710 5186 :
2738 5134 2828 5188 ubi
2856 5148 2952 5190 ars
2980 5144 3063 5189 est
3080 5136 3421 5201 necessaria,
3467 5150 3562 5189 ens
3583 5136 3672 5205 qui
3704 5151 3806 5189 non

2241 5234 2600 5292 assequuntur
2667 5241 2731 5281 ea
2789 5240 2908 5294 quae
2956 5228 3205 5292 audiunt,
3267 5228 3583 5298 frequenter
3624 5228 3805 5281 dicen-

2240 5323 2345 5369 tem
2370 5316 2481 5384 (ti)
2512 5318 2682 5382 vides,
2714 5319 2964 5383 dicimus,
2999 5335 3105 5374 non
3144 5320 3324 5389 audis,
3368 5335 3473 5374 non
3528 5319 3800 5390 intelligis.

2238 5404 2401 5473 Igitur
2425 5409 2493 5463 de
2521 5410 2606 5464 his
2638 5423 2758 5478 quae
2788 5410 3065 5466 hominum
3096 5421 3245 5477 sunt,
3293 5411 3448 5483 culpa
3495 5422 3582 5467 est
3613 5414 3659 5467 si
3702 5427 3803 5465 non

657 5558 699 5589 ”
732 5558 921 5672 1535::
930 5579 1014 5672 '1’.
1036 5566 1096 5672 ίὸ
1160 5565 1836 5672 ’³ιῖδί3ξέδέ2ῗηξιδίρς
1877 5583 2136 5672 ,Ἠθθτπ

2267 5589 2352 5644 20.
2381 5592 2645 5672 “"nibid.
2720 5594 2765 5627 ³⁷
2791 5593 3007 5672 {culti
3028 5636 3043 5661 ,
3075 5596 3131 5652 4.
3207 5596 3377 5654 “Act.
3408 5611 3508 5666 vlt,
3537 5594 3644 5665 i8;
3667 5609 3799 5672 xm,

567 5626 655 5681 Ἡ.
732 5630 775 5661 ³⁸
806 5630 927 5688 Ose.
963 5626 1036 5701 xi,
1063 5638 1115 5691 9.

636 5717 749 5854 δέ)
779 5719 1041 5806 contudit.
1064 5726 1220 5782 Forte
1246 5735 1501 5795 concedit.
1559 5776 1565 5787 ι

728 5794 748 5854 )
779 5790 911 5849 nos.
950 5793 991 5849 F
995 5808 1114 5852 orte
1138 5814 1258 5853 non.

728 5794 748 5856 )
779 5790 911 5849 Nos.
950 5793 991 5849 F
995 5808 1114 5852 orte
1138 5814 1258 5853 non.

1225 5639 1270 5671 ⁸⁸
1306 5640 1458 5701 item.
1486 5664 1606 5716 xm,
1632 5639 1727 5707 14..
1794 5652 1839 5684 “
1868 5639 2030 5712 Joan.
2064 5639 2140 5727 vr,
2163 5639 2273 5716 iii.

2379 5663 2423 5693 ⁸³
2460 5662 2649 5719 Matth.
2685 5681 2763 5729 ix,
2793 5665 2985 5721 20-29.

2305 5750 2419 5821 (bi)
2446 5752 2735 5812 Dicentem.
2762 5754 2921 5814 Forte
2949 5758 3201 5815 dictum.
