4072 6410
209 383 354 442 1128

1171 379 1261 436 DE
1292 375 1762 438 INCORPORALI
1801 376 1890 432 ΕΤ
1927 377 2273 434 lNVlSlBlLl
2311 374 2472 435 DEO.

3365 378 3508 436 ilio

207 498 563 562 habuerimus
619 501 692 558 de
718 499 978 557 invisibili
1030 500 1163 556 Deo.
1189 501 1323 556 Cum
1351 509 1532 555 autem
1563 500 1687 571 quis
1713 507 1809 554 aut
1835 504 1882 560 Α
1911 499 2180 552 inteuecta
2211 497 2613 566 conspiciuntur
2628 495 2696 552 “.
2743 493 2885 564 Quid
2923 505 3033 562 est,
3063 494 3341 553 intellecta
3367 511 3506 554 con-

205 597 541 666 dcspeserit,
571 605 670 650 aut
722 595 911 650 audire
968 594 1224 659 noluerit,
1253 603 1348 648 aut
1370 593 1674 663 intelligere
1699 592 1802 647 mi-

205 705 311 744 nus
357 687 620 761 potuerit,
649 689 778 757 quid
823 697 982 758 putas
1007 686 1153 742 erit?
1205 685 1324 742 Noli
1359 701 1548 742 errare
1585 701 1616 740 a
1665 686 1796 740 Deo.

201 781 350 838 Laus
377 782 492 846 Dei,
516 781 724 850 agnitio
749 791 834 836 est
867 779 984 835 Dei.
1014 779 1326 835 Secundum
1364 780 1510 846 quod
1533 788 1618 833 est
1643 780 1801 835 nobis

200 872 465 943 possibile
504 873 762 928 recedere
811 887 840 926 a
896 870 1318 927 consuetudine.
1365 868 1482 924 Non
1518 869 1797 925 hominem

202 967 405 1035 quaeris
455 975 515 1021 ut
544 966 760 1034 aperias
806 964 856 1020 ei
907 963 1093 1020 oculos
1119 962 1232 1035 (l5)
1257 972 1312 1017 et
1353 977 1535 1025 aures,
1568 974 1624 1017 et
1655 977 1718 1018 os
1743 970 1799 1017 et

199 1059 468 1128 linguam,
520 1070 574 1110 et
607 1071 824 1121 manus,
863 1065 916 1110 et
941 1065 1150 1125 pectus,
1183 1066 1239 1109 et
1285 1055 1473 1125 pedes,
1507 1047 1582 1109 et'
1626 1069 1797 1124 ponas

197 1152 300 1205 sub
325 1163 388 1206 eo
416 1150 642 1216 sedem,
675 1159 731 1202 et
761 1148 1024 1218 subjicias
1053 1145 1370 1208 scabellum,
1402 1155 1458 1200 et
1517 1161 1795 1216 supponas

203 1252 435 1298 terram.
482 1239 601 1296 Non
656 1249 740 1295 est
789 1255 855 1294 ex
908 1239 1067 1294 nobis
1100 1238 1386 1302 Dominus,
1420 1238 1516 1293 sed
1563 1254 1663 1295 nos
1697 1254 1795 1308 per

195 1336 376 1405 ipsum
418 1349 628 1408 sumus.
658 1333 753 1388 Vis
791 1344 972 1386 autem
1023 1331 1267 1388 ediscere
1292 1331 1417 1400 quia
1467 1346 1572 1386 non
1611 1340 1792 1386 estex

194 1427 356 1482 nobis
374 1427 400 1481 ?
427 1426 502 1482 De
528 1425 668 1482 Filio
697 1426 814 1494 ejus
834 1440 958 1479 cum
994 1425 1198 1480 dictum
1225 1433 1398 1485 esset,
1449 1422 1790 1488 Emmanuel,

193 1513 470 1572 nobiscum
530 1516 763 1582 Deus“;
814 1531 920 1571 non
989 1515 1310 1585 simpliciter
1366 1515 1647 1569 nobiscum
1706 1523 1792 1570 est

192 1609 424 1674 dictum,
453 1609 548 1664 sed
585 1624 707 1663 cum
750 1609 802 1662 in
858 1623 1089 1677 corpore
1139 1606 1291 1662 venit’
1333 1606 1624 1671 Dominus.
1662 1617 1790 1662 tunc

192 1681 480 1758 nobiscum
509 1719 522 1756 :
549 1717 674 1757 cum
702 1700 864 1772 Virgo
891 1702 944 1756 in
979 1709 1133 1755 utero
1183 1701 1437 1770 concepit
1470 1742 1486 1767 ,
1517 1711 1644 1755 tunc
1693 1715 1790 1756 no-

193 1799 412 1853 hiscum
461 1796 625 1852 Deus.
665 1797 805 1852 Ante
851 1796 1011 1851 istam
1069 1805 1251 1850 autem
1299 1795 1786 1866 diSpensationem,

193 1891 361 1944 etiam
397 1889 522 1943 dum
552 1899 700 1944 esset
730 1903 986 1958 praesens,
1040 1903 1150 1943 non
1197 1897 1316 1942 erat
1367 1889 1674 1945 nobiscum.
1729 1886 1788 1944 Si

193 1980 341 2036 enim
370 1993 568 2046 corpus
603 1977 800 2034 feceris
831 1979 995 2034 Deum
1022 2015 1038 2043 ,
1063 1989 1118 2032 et
1146 1993 1343 2048 corpus
1387 1979 1786 2049 plenitudinem

193 2058 322 2129 cmli
351 2080 406 2127 et
437 2082 622 2136 terra,
655 2080 750 2126 aut
778 2072 926 2143 quod
962 2085 1187 2141 superat
1213 2088 1376 2143 supra
1403 2073 1548 2141 hac;
1579 2075 1632 2128 in
1669 2074 1790 2145 ipso

192 2179 364 2234 pones
393 2163 614 2231 calum,
641 2172 694 2218 et
723 2171 885 2220 terra
910 2164 1142 2234 lapides,
1168 2174 1226 2219 et
1267 2169 1446 2220 omnia
1485 2181 1605 2235 qua
1638 2177 1784 2222 sunt.

191 2254 249 2310 Si
269 2255 412 2309 enim
442 2263 504 2310 ut
525 2269 725 2324 corpus
748 2264 1101 2310 coestensum
1131 2265 1216 2310 est
1237 2257 1584 2325 corporibus,
1610 2259 1788 2328 primo

190 2347 411 2414 quidem
431 2348 691 2403 abstrahe
727 2348 911 2414 omnia
938 2389 954 2413 ,
996 2358 1055 2403 ut
1085 2347 1260 2404 locum
1292 2349 1491 2404 habeat
1523 2351 1688 2406 Deus.
1726 2350 1784 2406 Si

190 2439 336 2493 enim
385 2454 584 2510 corpus
622 2448 708 2493 est
735 2454 987 2510 magnum
1018 2457 1032 2495 :
1063 2449 1360 2508 egestatem
1418 2439 1541 2496 dico
1582 2455 1786 2512 paupe-

192 2516 342 2599 rum,
374 2546 480 2586 non
510 2531 702 2600 implet
721 2532 901 2587 omnia
937 2546 951 2581 :
979 2531 1161 2585 nullus
1184 2532 1324 2587 alius
1350 2532 1550 2588 habeat
1580 2533 1782 2588 locum.

192 2620 390 2678 Omnia
424 2623 570 2678 enim
601 2621 860 2692 pra-venit
895 2620 1058 2679 Deus.
1091 2620 1159 2676 Et
1191 2621 1338 2678 sicut
1371 2624 1640 2693 repletum
1685 2641 1782 2681 vas

194 2713 383 2777 fuerit,
408 2729 476 2769 eo
501 2715 592 2784 qui
625 2723 982 2783 pmcesserat
1021 2714 1284 2782 replente,
1328 2732 1436 2772 non
1487 2728 1573 2772 est
1635 2715 1784 2774 locus

189 2818 250 2860 ut
273 2803 693 2876 stipermittatur
731 2805 930 2876 aliquid
980 2806 1126 2862 aliud
1157 2825 1172 2862 :
1208 2807 1279 2863 ita
1327 2809 1372 2863 si
1407 2809 1551 2865 Deus
1586 2825 1785 2878 corpus

187 2906 292 2960 est,
337 2899 615 2968 praecessit
673 2909 854 2953 autem
912 2900 1136 2967 omnia,
1175 2916 1284 2955 non
1330 2901 1529 2956 habeat
1584 2903 1781 2960 caelum

189 2991 370 3046 locum
417 3001 478 3048 ut
532 2991 720 3059 iaciat,
783 3005 961 3062 neque
1021 3000 1165 3047 terra
1221 2993 1438 3059 locum;
1503 2999 1783 3064 praecessit

188 3085 336 3140 enim
361 3084 522 3141 Deus.
557 3084 613 3140 Si
654 3094 834 3139 autem
867 3093 948 3139 est
975 3083 1171 3138 ccelum
1200 3094 1259 3140 et
1281 3093 1449 3150 terra,
1493 3096 1550 3142 et
1585 3103 1738 3143 mare
1763 3128 1780 3153 ,

194 3187 249 3233 et
287 3193 414 3244 aer,
446 3177 631 3231 nullus
653 3177 802 3233 locus
840 3187 926 3232 est
955 3191 1194 3234 vacuus:
1241 3192 1418 3249 neque
1468 3193 1536 3234 ex
1585 3192 1778 3234 natura
1806 3200 1851 3259 ε

185 3285 377 3325 eorum
433 3284 724 3338 corporum
783 3286 906 3339 qua:
951 3269 1156 3335 insunt,
1191 3283 1369 3340 neque
1391 3284 1458 3325 ex
1490 3275 1780 3342 praesentia

191 3361 287 3417 Dei
317 3379 333 3428 ;
367 3363 494 3432 quia
528 3377 626 3431 per
652 3377 886 3432 corpora.
907 3371 1202 3432 penetrans
1225 3363 1402 3427 adest,
1440 3377 1547 3418 non
1578 3379 1781 3435 corpus

186 3455 304 3524 ipse
329 3465 431 3511 est.
465 3453 745 3524 Siquidem
775 3470 874 3511 nec
923 3456 968 3510 si
995 3456 1173 3510 anima
1220 3467 1405 3512 nostra
1457 3467 1606 3514 esset
1653 3472 1777 3514 cor-

187 3566 308 3618 pus,
338 3560 558 3620 poterat
591 3565 710 3604 esse
737 3549 791 3604 in
823 3564 1073 3620 corpore.
1093 3549 1250 3606 Sicut
1281 3552 1427 3606 enim
1468 3553 1778 3623 suscipiens

186 3659 380 3713 aquam
404 3659 513 3699 non
549 3625 731 3699 manet
761 3654 1025 3714 quantum
1051 3654 1194 3707 erat,
1226 3645 1321 3700 sed
1348 3645 1777 3703 additamentum

185 3724 348 3806 auget
390 3735 817 3806 magnitudinem
851 3749 1121 3797 mensura:
1148 3750 1162 3787 :
1194 3735 1267 3790 ita
1319 3750 1518 3806 corpus
1553 3737 1773 3808 corpori

185 3829 569 3897 compositum.
598 3826 665 3881 Et
697 3829 836 3882 sicut
879 3827 1149 3894 adiﬁciis,
1180 3838 1233 3883 et
1265 3829 1518 3894 navibus,
1549 3840 1606 3884 et
1643 3831 1777 3886 cho-

187 3919 287 3986 ris,
316 3927 371 3974 et
404 3917 638 3988 populis,
664 3925 718 3972 et
737 3916 1069 3983 civitatibus,
1094 3925 1150 3972 et
1192 3918 1360 3988 agris.
1388 3926 1442 3972 et
1467 3916 1774 3983 arboribus,

183 4010 327 4064 aliud
348 4009 454 4065 alio
485 4008 729 4063 additum
775 4009 940 4078 auget
976 4008 1406 4078 magnitudinem
1435 4027 1449 4064 :
1500 4010 1544 4064 si
1592 4019 1773 4064 autem

182 4111 447 4171 angustus
477 4098 645 4154 fuerit
674 4098 844 4165 locus,
880 4113 1001 4168 quae
1043 4107 1481 4167 praecesserunt,
1512 4112 1635 4168 quia
1671 4112 1768 4152 au-

181 4205 289 4248 tem
343 4191 908 4256 subintroducuntur,
972 4207 1086 4247 non:
1124 4190 1403 4245 habebunt
1467 4189 1670 4246 locum.
1713 4191 1771 4246 Si

179 4282 345 4352 igitur
394 4295 625 4350 corpora
686 4281 965 4334 adduntur
1017 4281 1234 4350 corpori
1285 4282 1584 4337 constituto
1635 4281 1770 4352 Deo,

179 4373 494 4444 angelisque
525 4373 687 4437 Datus,
719 4381 878 4441 putas
902 4388 1006 4429 non
1029 4383 1151 4428 erat
1175 4371 1454 4443 perfectus
1473 4385 1769 4446 antequam

178 4468 470 4522 adderetur
499 4465 734 4522 calum?
768 4464 825 4520 Si
856 4475 1038 4520 autem
1082 4465 1201 4534 ipse
1228 4477 1346 4520 erat
1380 4467 1658 4536 perfectus
1714 4480 1770 4524 et

1903 589 2248 655 spiciuntur?
2280 590 2447 654 Deus,
2498 589 2700 658 inquit,
2759 586 3034 643 intellecta
3073 587 3330 650 visibilis.
3359 586 3509 645 Visi-

1902 681 2028 737 hilis
2085 689 2265 736 autem
2314 681 2515 736 dicitur
2556 680 2631 736 ita
2673 679 2817 736 sicut
2842 680 3106 750 scriptum
3141 690 3248 749 est,
3297 679 3367 737 Et
3392 681 3504 737 vidi

1901 773 2167 828 visionem
2197 773 2291 830 Dei
2328 791 2343 828 :
2380 771 2681 836 intellecta,
2712 780 2903 842 utpote
2931 782 3265 845 suggerente
3300 773 3500 840 oculis,

1900 878 2021 934 quae
2041 864 2174 920 vidit
2197 878 2320 920 esse
2348 864 2610 934 inscripta
2636 863 2687 917 in
2716 863 2980 933 operibus
3008 862 3148 932 ejus.
3184 863 3318 933 Qua:
3353 866 3501 922 enim

1901 954 2165 1023 inscripta
2193 966 2343 1022 sunt,
2387 955 2543 1010 nobis
2587 955 2898 1010 necessaria
2934 954 3211 1011 videntur.
3245 955 3360 1012 Cur
3399 971 3499 1012 au-

1899 1055 2008 1100 tem
2039 1044 2130 1100 illa
2157 1046 2315 1100 audis
2341 1060 2462 1116 qua:
2491 1045 2783 1101 visibiliter
2805 1045 2952 1101 dicta
2999 1057 3146 1113 sunt,
3173 1060 3367 1104 natura
3399 1064 3499 1104 au-

1903 1150 2008 1193 tem
2059 1153 2188 1194 vere
2221 1149 2277 1194 et
2309 1138 2689 1210 principaliter
2738 1154 2846 1193 non
2885 1138 3167 1195 admittis?
3209 1139 3331 1196 Vidi
3386 1141 3495 1197 Do-

1900 1233 2129 1298 minum,
2161 1232 2361 1287 audisti
2395 1247 2410 1284 :
2451 1230 2748 1286 invisibilis
2773 1230 2891 1297 ejus
2914 1245 3021 1286 non
3044 1231 3297 1286 audisti?
3321 1232 3494 1286 Audi-

1897 1328 1964 1381 sti
1993 1327 2122 1397 quia
2152 1327 2244 1382 ille
2272 1327 2463 1384 nescio
2496 1327 2587 1397 qui
2611 1327 2752 1380 vidit
2785 1326 3102 1393 Dominum,
3140 1327 3312 1383 Deum
3335 1344 3496 1385 nemo

1896 1419 2030 1474 vidit
2067 1436 2305 1488 unquam
2340 1436 2445 1476 non
2474 1419 2720 1475 audisti?
2748 1419 2965 1475 Audisti
2997 1421 3124 1490 quia
3171 1421 3264 1477 ille
3317 1423 3494 1488 novit,

1897 1526 2072 1582 neque
2108 1512 2264 1576 vidit,
2291 1528 2475 1584 neque
2505 1513 2693 1568 videre
2719 1514 2924 1584 poterit
2952 1530 2966 1566 :
3002 1529 3110 1569 non
3145 1514 3369 1583 audisti,
3397 1514 3498 1571 sed

1894 1605 2102 1659 audivit
2138 1621 2261 1660 eum
2287 1604 2459 1661 Filius
2483 1587 2621 1662 suu's
2650 1608 2824 1677 magis
2846 1607 2870 1662 ?
2911 1619 3177 1679 quantum
3205 1610 3321 1679 ipse
3344 1608 3494 1663 enim

1895 1699 2046 1753 novit
2090 1697 2307 1752 Patrem
2349 1714 2512 1755 suum
2561 1701 2653 1771 qui
2689 1701 2767 1754 ait
2797 1721 2810 1756 :
2849 1698 3036 1772 Neque
3056 1716 3231 1755 uocem
3260 1700 3376 1770 ejus
3401 1716 3499 1756 utt-

1892 1808 2050 1859 qaam
2072 1792 2323 1859 audistis,
2353 1810 2518 1864 neque
2562 1793 2756 1864 [aciem
2780 1792 2895 1863 ejus
2934 1794 3139 1848 vidistis
3164 1792 3236 1848 “.
3293 1791 3351 1847 Si
3397 1806 3497 1847 au-

1896 1896 2005 1941 tem
2029 1885 2269 1942 volueris
2297 1901 2366 1941 es
2395 1887 2504 1943 tuis
2530 1901 2832 1959 agnoscere
2863 1886 3058 1952 Deum,
3081 1898 3138 1944 et
3161 1898 3213 1943 te
3240 1897 3295 1941 et
3321 1886 3492 1942 Deum

1893 1977 2170 2048 iguorabis
2202 1993 2216 2030 :
2252 1977 2351 2034 sed
2391 1994 2622 2048 sequere
2658 1980 2902 2046 humilis,
2929 1981 3218 2036 considera
3255 1980 3351 2035 ubi
3391 1981 3489 2036 sis.

1892 2071 1938 2126 0
1977 2083 2238 2134 quantum
2280 2072 2426 2127 inter
2482 2081 2535 2128 te
2593 2080 2649 2126 et
2687 2073 2888 2129 calum
2946 2073 3210 2129 interest!
3254 2071 3493 2140 amplius

1890 2172 2072 2217 autem
2101 2163 2503 2234 derelinquitur
2532 2164 2732 2219 cmium
2757 2182 2787 2220 a
2809 2165 2938 2220 Deo.
2961 2165 3075 2231 Non
3109 2165 3302 2236 spatiis
3327 2165 3487 2220 dico:

1891 2255 2026 2310 nihil
2058 2257 2204 2309 enim
2237 2256 2514 2311 desertum
2547 2255 2656 2310 Deo
2687 2266 2770 2312 est
2807 2276 2818 2310 :
2852 2257 2904 2311 in
2948 2256 3096 2311 nullo
3129 2266 3314 2312 autem
3353 2257 3488 2311 reti-

1889 2354 2050 2400 netur
2074 2344 2237 2401 Deus.
2273 2345 2439 2402 Forte
2476 2346 2567 2401 isti
2597 2361 2882 2404 sermones
2925 2349 3085 2402 aliam
3122 2349 3362 2420 linguam
3389 2364 3489 2403 ne-

1888 2437 2182 2491 cessariam
2222 2438 2447 2506 habent,
2469 2439 2598 2507 quia
2644 2440 2786 2496 etde
2811 2441 2917 2494 alia
2955 2451 3149 2494 natura
3211 2441 3486 2495 dicuntur.
3567 2477 3577 2488 .

1886 2527 2020 2584 Cum
2077 2529 2241 2598 igitur
2291 2545 2576 2587 sermones
2642 2532 2774 2586 moti
2854 2531 3060 2586 iuerint
3115 2532 3168 2586 in
3228 2531 3487 2596 ecclesia,

1886 2619 2154 2689 siquidem
2181 2620 2247 2675 de
2278 2621 2532 2678 humanis
2564 2623 2799 2693 negotiis
2825 2664 2841 2687 ,
2888 2624 3262 2694 unusquisque
3291 2633 3490 2680 acutus

1885 2721 1941 2768 et
1967 2727 2092 2767 acer
2119 2713 2356 2781 auditor,
2387 2724 2442 2769 et
2471 2731 2539 2770 ex
2583 2718 2787 2786 quibus
2821 2717 3053 2786 patitur,
3097 2729 3152 2772 et
3189 2731 3256 2771 es
3286 2718 3488 2786 quibus

1855 2797 2122 2858 ‘admittit
2153 2807 2450 2874 respiciens
2482 2809 2549 2862 ad
2583 2809 2884 2873 dicentem,
2913 2818 2972 2864 et
3009 2823 3338 2878 comparans
3361 2825 3485 2880 qua:

1885 2895 2138 2950 dicantur
2167 2897 2251 2951 his
2282 2912 2404 2968 qua:
2442 2901 2578 2969 agit,
2606 2910 2664 2955 et
2689 2918 2810 2971 qua:
2837 2901 3195 2971 proferuntur
3243 2903 3328 2958 his
3365 2918 3488 2974 quae

1885 2990 2123 3057 patitur;
2150 2991 2334 3045 statim
2385 2994 2625 3062 prudens
2668 3005 2724 3048 et
2766 2995 3124 3065 scrupulosus
3151 2996 3370 3052 auditor
3426 3007 3485 3051 et

1884 3085 2104 3152 agnovit
2130 3093 2186 3139 et
2212 3084 2512 3141 consensit.
2539 3085 2674 3142 Cum
2718 3100 2902 3144 autem
2930 3092 3486 3146 transmutaverimus

1884 3188 2215 3243 sermonem,
2247 3179 2388 3234 etab
2416 3178 2670 3234 humanis
2705 3182 3118 3246 recesserimus,
3145 3191 3200 3238 et
3224 3183 3292 3238 ad
3312 3183 3480 3238 Deum

1884 3274 2122 3320 mentem
2171 3269 2578 3325 ostenderimus
2615 3269 2731 3343 (l7)
2784 3281 3030 3327 nostram
3073 3290 3087 3328 :
3147 3260 3274 3329 istic
3323 3273 3480 3330 multi

1883 3358 2102 3428 quidem
2143 3360 2510 3426 suscitantur,
2556 3362 2776 3433 quidam
2832 3374 3133 3432 gravantur
3176 3378 3211 3420 a
3263 3378 3484 3431 somno,

1883 3449 1977 3505 alii
1997 3450 2232 3506 delirare
2273 3462 2472 3522 putant
2498 3453 2796 3510 dicentem.
2835 3453 2906 3512 Ut
2955 3466 3142 3512 autem
3190 3457 3480 3514 condiscas

1881 3540 1988 3597 hoc
2013 3541 2206 3597 vitium
2236 3544 2308 3598 ita
2341 3559 2485 3608 esse.
2528 3545 2731 3601 audeat
2780 3548 2908 3618 quis
2943 3550 3206 3604 honestus
3263 3551 3483 3622 ingres-

1881 3647 1976 3691 sus
2005 3634 2275 3691 theatrum
2302 3636 2486 3693 dicere
2514 3653 2642 3692 vera
2696 3641 2781 3695 his
2821 3643 2914 3711 qui
2961 3643 3220 3699 mendose
3258 3645 3480 3701 conﬁn-

1879 3736 2034 3797 gunt,
2059 3737 2113 3783 et
2141 3743 2427 3787 assumere
2457 3733 2826 3789 constantiam
2855 3734 3148 3802 decoram;
3186 3737 3231 3792 si
3287 3747 3475 3795 autem

1877 3831 1934 3876 et
1963 3822 2016 3876 in
2042 3820 2135 3877 illo
2164 3818 2422 3878 decorum
2446 3835 2530 3881 est
2555 3827 2764 3898 ingredi
2795 3826 2952 3895 loco;
2984 3838 3040 3882 et
3070 3829 3297 3899 incipiat
3321 3831 3472 3887 dice-

1879 3927 1939 3970 re
1966 3931 1980 3966 :
2009 3913 2285 3979 insanitis,
2308 3931 2342 3971 ο
2365 3915 2617 3972 homines
2650 3934 2666 3975 :
2703 3934 2812 3974 non
2851 3921 3048 3975 videtis
3089 3920 3264 3976 oculis
3297 3940 3311 3976 :
3344 3936 3475 3976 sur-

1877 4007 1960 4062 da
1983 4007 2136 4062 vobis
2156 4018 2283 4064 sunt
2312 4024 2494 4066 aures.
2528 4011 2634 4067 lste
2677 4013 2823 4069 enim
2851 4013 2946 4084 qui
2977 4012 3162 4081 saltat,
3195 4013 3336 4069 ludit
3375 4030 3473 4070 ve-

1878 4115 2046 4158 stram
2064 4103 2380 4180 cultionem,
2403 4105 2746 4175 deturpatea
2790 4121 2911 4176 qua:
2947 4105 3164 4174 colitis,
3202 4106 3471 4162 mentitur

1877 4199 2003 4264 iste,
2031 4207 2087 4252 et
2116 4213 2215 4254 vos
2238 4198 2583 4254 cons‘entitis.
2614 4198 2783 4255 Putas
2810 4194 3092 4271 patientur
3112 4240 3129 4264 ,
3159 4210 3219 4255 ut
3253 4200 3476 4271 impleat

1875 4291 2284 4347 accusationem
2313 4301 2367 4346 et
2396 4293 2831 4358 convictionem,
2854 4302 2911 4348 et
2938 4309 3045 4349 non
3072 4292 3245 4363 ipsius
3271 4293 3475 4350 theatri

1877 4378 2209 4447 accipientes
2245 4379 2452 4450 lapides
2489 4381 2669 4437 mittet
2713 4390 2810 4436 aut
2844 4383 3029 4437 volvet
3069 4383 3474 4455 unusquisque,

1876 4478 1937 4524 ut
1965 4472 2012 4526 ei
2055 4469 2441 4538 l‘ueritvirtus,
2472 4484 2731 4545 tanquam
2785 4476 2853 4530 ad
2893 4478 3242 4548 deceptorem
3283 4488 3340 4533 et
3390 4480 3474 4534 in-

178 4568 518 4630 praevenerat
548 4559 751 4622 omnia,
777 4573 883 4612 non
917 4557 1191 4612 habebant
1218 4556 1398 4612 locum
1431 4575 1607 4626 mare,
1653 4569 1766 4615 ter-
1801 4547 1846 4604 Ῑ)
1875 4564 2235 4622 terticientem
2276 4568 2368 4638 qui
2419 4568 2747 4624 beneﬁcium
2795 4569 3110 4625 tribuebat?
3170 4570 3227 4626 Si
3290 4582 3472 4628 autem

178 4669 235 4707 ra
258 4661 314 4707 et
345 4651 569 4707 caelum.
600 4649 658 4705 Si
693 4660 876 4705 autem
918 4651 1137 4720 quidem
1169 4651 1270 4705 ista
1302 4661 1452 4719 sunt,
1489 4652 1633 4709 Deus
1669 4669 1769 4708 au-

177 4754 286 4798 tem
308 4757 372 4798 ea
426 4742 577 4807 fecit,
607 4751 662 4796 et
694 4743 982 4812 gubernat,
1007 4752 1063 4797 et
1102 4743 1279 4811 regit;
1339 4743 1630 4800 invisibilis
1683 4757 1769 4799 est

177 4845 358 4888 rector
392 4831 752 4888 invisibilibus
799 4831 955 4901 aquis
1001 4842 1340 4902 superstans.
1385 4833 1443 4888 Si
1476 4835 1620 4888 enim
1651 4835 1767 4905 ipse

175 4940 282 4980 non
355 4933 598 4992 regeret,
653 4939 928 4994 nunquam
971 4939 1130 4994 passa
1179 4927 1369 4980 fuisset
1415 4935 1559 4982 terra
1589 4943 1764 4994 mare,

174 5026 227 5068 et
253 5026 429 5084 neque
452 5029 602 5070 mare
626 5024 851 5082 terram,
898 5016 1124 5073 adversa
1177 5029 1233 5072 et
1275 5018 1503 5087 iurgans
1565 5031 1761 5076 natura

174 5120 227 5163 et
247 5110 466 5180 erigens
507 5121 601 5172 se,
630 5119 684 5164 et
733 5110 1024 5177 extollens,
1079 5122 1136 5166 et
1186 5111 1423 5179 minans,
1453 5113 1650 5168 indens
1703 5124 1760 5171 et

175 5203 509 5257 contendens
540 5199 650 5272 (16)
677 5217 692 5266 ;
722 5201 979 5256 invisibili
1008 5213 1190 5259 autem
1220 5218 1381 5260 manu
1405 5221 1503 5261 sua
1538 5209 1763 5264 statutis

176 5295 276 5349 sibi
304 5294 552 5372 terminis
577 5295 643 5349 lis
666 5309 770 5349 non
804 5295 1222 5365 transgreditur.
1269 5295 1414 5366 Ergo
1440 5311 1538 5368 per
1569 5299 1762 5355 visibi-

175 5387 241 5441 lia
283 5387 570 5442 invisibilis
636 5389 996 5458 conspicitur,
1023 5390 1169 5444 sicut
1194 5391 1462 5462 scriptum
1489 5402 1572 5448 est
1604 5411 1620 5447 :
1655 5392 1760 5448 In-

177 5481 398 5536 tisibilia
421 5490 596 5535 autem
620 5483 736 5537 eius
769 5499 863 5553 per
889 5492 1190 5537 creaturam
1211 5485 1399 5538 mundi
1424 5501 1490 5541 ex
1512 5487 1756 5555 operibus

241 5633 286 5668 “
313 5625 504 5693 Matth.
523 5651 564 5702 ι,
593 5635 684 5693 23.
761 5636 807 5669 “
832 5636 986 5692 Rom.
1009 5653 1046 5703 t,
1077 5637 1168 5692 20.
1246 5638 1292 5669 “
1317 5636 1477 5695 Joan.
1502 5655 1559 5710 v,
1586 5640 1683 5697 57.

244 5797 351 5870 (i5)
377 5797 474 5870 Elis.
513 5795 584 5870 ι
619 5815 850 5866 apportes
871 5800 919 5853 ei
939 5799 1139 5857 oculos.

247 5868 358 5927 tlti'l
382 5868 482 5927 Ms.
501 5869 570 5937 Et
604 5872 774 5926 minas
800 5873 983 5927 indens
1005 5881 1052 5927 et
1079 5868 1415 5930 contendens.

1875 4672 1932 4714 et
1959 4656 2246 4730 personam
2281 4663 2538 4726 commdi,
2567 4663 2902 4718 autillorum
2928 4665 3021 4735 qui
3059 4663 3134 4720 iiii
3173 4665 3472 4735 plurimum

1873 4753 2114 4831 clamore
2145 4765 2502 4818 consuerunt,
2556 4755 2825 4811 inducens
2866 4757 2991 4831 quis
3033 4755 3199 4811 fuerit
3263 4757 3471 4827 ingres-

1874 4829 2052 4900 sus'in
2093 4845 2278 4901 habitu
2312 4848 2533 4918 quidem
2575 4847 2708 4918 lupi,
2753 4830 2989 4920 incipiat
3024 4861 3206 4905 autem
3249 4851 3468 4905 dicere:

1874 4936 1973 4992 Est
1997 4935 2163 5002 Deus,
2197 4949 2252 4993 et
2284 4941 2388 4994 iste
2412 4957 2519 4996 non
2556 4942 2609 4996 in
2648 4941 2888 5011 templis,
2911 4958 3019 4998 non
3049 4944 3102 4999 in
3130 4944 3468 5008 simulacris,

1873 5045 1981 5085 non
2014 5031 2068 5086 in
2099 5032 2350 5102 picturis,
2377 5033 2562 5089 nonin
2593 5035 2850 5091 manibus
2891 5035 3206 5093 artiﬁcum:
3239 5038 3284 5094 si
3311 5036 3467 5092 dixe-

1871 5124 1945 5178 rit
1970 5139 2096 5179 vera
2128 5125 2268 5194 apud
2294 5140 2391 5182 eos
2418 5127 2510 5196 qui
2541 5127 2877 5183 meditantur
2901 5129 3095 5184 menda
3125 5129 3265 5201 (i8),
3306 5140 3467 5201 putas

1868 5214 2174 5270 concedent
2221 5215 2447 5286 implere
2499 5217 2748 5271 veritatis
2809 5232 3118 5284 sermones,
3162 5236 3268 5275 non
3338 5231 3466 5277 ante

1869 5322 2149 5364 sermones
2209 5309 2439 5365 obruent
2478 5324 2600 5366 eum
2646 5308 2917 5378 lapidibus
2964 5312 3280 5368 dicentem?
3330 5311 3464 5370 Nam

1868 5399 1972 5454 etsi
1999 5399 2124 5453 talia
2156 5415 2261 5454 non
2297 5401 2436 5456 ﬁunt
2480 5404 2531 5458 in
2592 5404 2861 5469 ecclesiis,
2900 5414 3079 5460 tamen
3118 5419 3243 5461 cum
3292 5422 3463 5478 supra

1868 5491 2284 5548 sensibilitatem
2349 5497 2686 5553 moverimus
2739 5512 3054 5554 sermonem
3090 5537 3108 5566 ,
3159 5498 3314 5556 multi
3359 5515 3462 5559 nos

1940 5801 2054 5878 (l7)
2095 5803 2493 5878 Qstenderimus
2537 5806 2703 5863 Forte
2729 5810 3139 5872 extenderimus.

1937 5875 2052 5938 tl8)
2089 5876 2304 5936 ﬂenda.
2331 5878 2495 5940 Forte
2529 5881 2831 5936 mendacis.
