4072 6406
696 403 836 460 lii?

1398 395 1665 453 EUSEBII
1701 391 2184 451 CIESARIENSIS
2222 388 2371 445 OPP.
2415 388 2594 443 PARS
2632 385 2725 442 iV.
2767 414 2837 430 -
2874 380 3293 442 DOGIIATICA.

3816 380 3916 433 ιω

695 518 1115 585 derelinquunt:
1154 523 1209 568 et
1238 526 1462 581 corpore
1482 510 1693 578 quidem
1743 508 2069 562 erubescunt
2112 520 2258 559 rece-
2286 514 2330 570 Α
2359 517 2551 557 carnes
2589 499 2705 573 (20)
2751 500 2981 563 vivent;
3030 497 3135 553 sed
3178 497 3360 550 anima
3386 531 3407 560 ,
3465 503 3527 549 et
3574 492 3916 563 cogitattts,el

696 611 845 669 dere.
873 616 1054 661 mente
1074 613 1261 657 autem
1288 602 1416 657 olim
1446 598 1849 666 dereliquerunt
1887 611 1903 649 :
1942 605 2259 665 reputantes

695 699 838 769 apud
864 712 944 762 se,
979 695 1150 765 magis
1175 705 1355 747 autem
1383 689 1696 744 fraudautes
1728 699 1783 742 et
1813 702 1920 742 non
1966 687 2259 739 admitten-

695 797 800 846 tes.
851 788 948 845 Est
994 802 1123 857 ergo
1175 782 1376 851 aliquid
1419 780 1561 848 quod
1594 794 1698 833 non
1737 788 1913 847 potest
1961 792 2150 831 manus
2190 786 2259 829 te-

696 893 827 935 nere
859 896 873 934 :
905 888 989 933 est
1043 874 1240 944 aliquid
1269 870 1414 942 quod
1440 885 1547 932 non
1579 878 1757 939 potest
1796 868 1988 922 oculus
2032 866 2257 921 videre:

697 968 1011 1039 estaliquid
1044 965 1185 1037 quod
1247 979 1351 1018 non
1415 971 1499 1017 est
1539 960 1895 1016 sensibilitas.
1947 957 2063 1013 Non
2096 957 2261 1011 babes

699 1067 934 1121 animam
957 1064 979 1117 ἲ
1004 1060 1181 1116 vidisti
1214 1059 1312 1114 ista
1338 1056 1491 1128 (ων
1517 1065 1677 1125 putas
1694 1069 1843 1123 ergo,
1871 1051 1996 1119 quia
2024 1051 2258 1103 animam

702 1174 804 1213 uou
835 1156 1013 1210 vidisti
1042 1164 1211 1214 tuam,
1242 1166 1344 1205 non
1373 1157 1457 1204 est
1490 1147 1631 1216 quod
1672 1143 1876 1199 babes?
1916 1152 1971 1197 et
2018 1156 2166 1196 certe
2195 1142 2259 1195 de

697 1250 876 1304 anima
908 1228 1103 1302 dubius
1136 1259 1255 1298 esse
1281 1258 1384 1297 non
1414 1242 1576 1295 debes
1600 1239 1644 1293 si
1673 1246 1777 1301 est,
1802 1236 1894 1291 sed
1919 1236 1984 1289 de
2013 1250 2257 1303 corpore.

696 1338 922 1405 Corpori
960 1336 1103 1389 enim
1140 1345 1201 1388 ut
1232 1334 1326 1396 sit,
1363 1330 1647 1399 praesentia
1677 1327 1805 1381 facit
1840 1326 2034 1380 anima:
2075 1344 2089 1379 :
2132 1339 2258 1378 num

698 1431 862 1485 debes
889 1426 1170 1483 dubitare?
1204 1426 1258 1479 Si
1292 1424 1441 1477 videt
1464 1421 1652 1476 oculus
1690 1430 1832 1483 tuus,
1858 1419 1902 1473 si
1945 1424 2124 1489 gustat
2160 1414 2261 1468 Iin-

695 1538 797 1591 gua
829 1532 878 1576 et
925 1522 1182 1591 loquitur,
1210 1528 1264 1572 et
1307 1518 1349 1571 si
1392 1515 1563 1597 tangit
1621 1527 1850 1577 manus;
1881 1525 1978 1565 cur
2024 1509 2257 1570 dubitas,

698 1625 755 1667 et
787 1630 893 1669 non
927 1614 1097 1681 magis
1129 1608 1412 1665 edocerisi
1465 1604 1705 1661 Ostendo
1748 1603 1844 1656 tibi
1884 1614 2081 1671 corpus
2127 1614 2263 1653 mor-

700 1707 818 1759 tui:
852 1704 1035 1760 oculus
1063 1702 1110 1757 ei
1164 1717 1269 1755 non
1326 1700 1495 1761 deest,
1543 1705 1597 1751 et
1630 1711 1734 1750 non
1797 1693 1985 1757 videt;
2023 1691 2258 1760 linguam

698 1796 880 1861 babet,
933 1808 988 1850 et
1051 1807 1353 1849 sermonem
1386 1805 1490 1845 non
1533 1788 1728 1853 habet;
1798 1798 1958 1839 aures
1986 1782 2165 1844 habet,
2208 1788 2262 1835 et

2358 606 2569 647 sensus.
2602 592 2660 647 Si
2698 601 2878 646 autem
2899 598 2955 646 et
2984 587 3313 647 contenditis
3343 600 3481 642 esse
3506 600 3741 656 corpora
3766 594 3913 641 etur-

2358 698 2454 739 nes
2490 683 2622 745 Deo,
2654 695 2759 736 non
2789 694 3128 752 opponamus
3164 678 3214 732 ei
3257 678 3353 747 qui
3404 692 3524 732 non
3557 676 3816 745 suscipit,
3849 681 3919 731 sed

2358 776 2428 830 sit
2453 783 2735 844 separatus
2762 781 2815 826 ut
2863 780 2969 837 est,
3016 771 3087 826 sit
3129 784 3313 840 purus,
3359 768 3442 822 sit
3491 767 3637 822 liber
3690 768 3918 836 corporali

2358 864 2551 921 affectu
2584 864 2653 918 ab
2684 863 2832 918 omni
2867 860 3005 928 loco,
3032 860 3102 916 ab
3126 859 3271 915 omni
3301 860 3565 927 regione,
3596 859 3667 914 ab
3693 859 3827 912 omni
3847 874 3918 912 ua-

2361 964 2500 1010 tura.
2530 953 2691 1009 Soius
2715 955 2860 1007 enim
2890 960 2980 1008 est
3012 953 3065 1007 in
3108 950 3446 1021 semetipso,
3486 950 3643 1004 solus
3689 950 3815 1018 apud
3850 964 3919 1003 κο

2360 1047 2676 1115 ηιθιίρὲιιιη,
2729 1044 2874 1100 solus
2925 1053 3201 1113 reparatus
3239 1045 3305 1097 ad
3347 1059 3448 1110 se,
3502 1052 3562 1097 et
3604 1056 3726 1095 cum
3760 1041 3823 1095 sit
3858 1056 3921 1095 re-

2360 1146 2581 1207 paratus
2608 1136 2672 1191 ad
2699 1150 2777 1201 se,
2809 1136 3040 1204 complet
3063 1136 3268 1202 omnia,
3302 1135 3405 1189 sed
3434 1148 3551 1188 non
3578 1133 3917 1201 corporaliter.

2361 1226 2511 1281 Tuba
2540 1241 2677 1297 opus
2700 1236 2813 1293 est;
2872 1240 2975 1280 vus
3005 1225 3237 1279 maxima
3271 1223 3607 1278 necessaria
3644 1231 3726 1277 est
3768 1237 3783 1273 :
3830 1237 3919 1275 ma-

2360 1322 2444 1391 gis
2470 1329 2651 1375 autem
2676 1334 2776 1375 nec
2820 1334 2942 1382 vox,
2980 1334 3078 1374 nec
3128 1318 3276 1382 tuba,
3330 1317 3437 1373 sed
3503 1329 3664 1370 mens
3708 1329 3850 1385 pura,
3874 1324 3920 1367 ut

2360 1412 2608 1467 videatur
2635 1412 2727 1481 qui
2762 1426 2867 1465 non
2896 1408 3131 1475 videtur,
3175 1418 3237 1464 ut
3260 1408 3531 1463 audiatur
3587 1405 3677 1477 qui
3712 1408 3817 1470 ‘nou
3850 1418 3919 1458 au-

2364 1503 2531 1569 ditur,
2562 1512 2621 1557 ut
2661 1500 2991 1572 intelligatur
3016 1501 3107 1570 qui
3143 1515 3248 1555 non
3300 1500 3737 1570 interpretatur,
3779 1496 3917 1552 θιᾶἱ-

2362 1605 2513 1650 catur
2539 1593 2629 1663 qui
2661 1606 2765 1647 nou
2795 1591 3025 1655 dicitur,
3053 1600 3112 1645 ut
3135 1602 3474 1661 agnoscatur
3515 1589 3613 1659 qui
3666 1603 3766 1645 non
3796 1603 3918 1645 eont-

2361 1686 2748 1757 prehenditur,
2805 1692 2863 1739 et
2928 1684 3002 1737 sit
3055 1682 3143 1738 isti
3202 1682 3296 1737 tali
3368 1683 3488 1737 Deo
3545 1695 3645 1751 per
3696 1695 3810 1735 eum
3843 1679 3917 1750 qui

2362 1778 2522 1832 talem
2550 1775 2708 1831 nobis
2755 1776 3034 1830 annuntiat
3077 1786 3129 1830 et
3154 1774 3585 1845 interpretatur
3624 1772 3785 1828 Deum
3827 1771 3915 1842 glo-

698 1887 936 1940 auditum
972 1902 1076 1941 non
1104 1884 1264 1941 babet
1294 1900 1311 1949 ;
1349 1898 1455 1937 non
1483 1890 1668 1950 gustus
1700 1879 1773 1943 ei,
1809 1891 1913 1932 non
1955 1883 2150 1931 tactus.
2182 1872 2266 1925 in-
2293 1860 2336 1916 Β
2366 1870 2466 1935 ria,
2503 1868 2697 1932 bouor,
2728 1868 3015 1937 imperium
3038 1905 3056 1933 ,
3089 1865 3346 1935 maiestas
3401 1866 3461 1921 in
3513 1865 3723 1935 Spiritu
3753 1875 3916 1918 sancto

696 1977 862 2031 tueris
897 1976 1017 2046 quia
1056 1974 1316 2029 abscessit
1348 1972 1541 2027 artifex
1591 1968 1879 2023 invisibilis
1902 2009 1917 2033 ,
1964 1973 2019 2019 et
2073 1977 2261 2018 cessa-

646 2086 653 2093 ·
698 2076 827 2121 runt
880 2066 1112 2123 visibilia
1165 2061 1743 2136 operamentaiNunc
1798 2072 1992 2128 corpus
2042 2072 2057 2109 :
2112 2069 2256 2110 nunc

714 2243 827 2265 —

2362 1971 2418 2016 et
2447 1976 2587 2015 nunc
2619 1971 2677 2014 et
2703 1972 2916 2029 semper
2931 1996 2950 2025 ,
2974 1965 3030 2013 et
3059 1970 3155 2027 per
3171 1955 3355 2012 omnia
3373 1953 3581 2011 secula
3603 1954 3910 2011 saeculorum.

2358 2056 2550 2111 Amen.

829 2230 2765 2263 ww

1658 2443 2219 2564 EUSEBII
2293 2445 2983 2597 PAMPHILI

1520 2704 3143 2832 DEINCORPORALH

2013 2925 2245 2987 LIBER
2290 2924 2607 2987 PRIMUS.

777 3336 1059 3394 Multitudo
1081 3335 1434 3405 quastionum
1463 3335 1517 3390 in
1549 3335 1635 3390 his
1661 3350 1780 3404 quae
1809 3336 1943 3391 lecta
1993 3344 2118 3392 sunt
2152 3336 2269 3391 haec
2294 3344 2341 3407 ο
2370 3336 2550 3393 omnia
2578 3346 2865 3406 mrporum
2900 3342 3029 3391 sunt
3058 3334 3187 3392 vitia
3211 3343 3269 3392 et
3299 3336 3617 3408 passiones,
3644 3346 3701 3392 st
3724 3327 3910 3392 divisio-

708 3430 1035 3485 corttinetur.
1074 3427 1139 3482 Et
1185 3426 1325 3483 forte
1371 3443 1492 3483 cum
1549 3428 1753 3497 jejunio
1804 3430 2051 3497 poteritis
2084 3428 2273 3483 audire

706 3534 757 3575 et
792 3537 909 3591 quae
941 3530 1062 3575 sunt
1089 3535 1208 3589 quae
1238 3530 1552 3589 quaeruntur
1575 3560 1591 3585 ,
1634 3529 1689 3573 et
1731 3535 1850 3589 qua:
1879 3534 2064 3573 eorum
2106 3522 2275 3574 inter-

709 3613 940 3685 pretatio
967 3612 1250 3665 habeatur.
1284 3610 1553 3678 Quzritur
1583 3611 1727 3665 enim
1762 3612 1812 3664 iu
1856 3612 1940 3664 his
1981 3625 2101 3679 quae
2135 3611 2271 3665 lecta

708 3716 855 3771 sunt,
910 3705 954 3760 si
1015 3704 1155 3759 Deus
1206 3705 1257 3758 in
1316 3714 1552 3758 montem
1596 3704 1873 3759 descendit
1907 3705 2061 3768 Sina,
2120 3712 2175 3757 et
2227 3704 2271 3758 si

708 3797 1074 3852 circumdatur
1120 3797 1259 3851 Deus
1319 3796 1371 3849 in
1421 3806 1604 3851 monte
1651 3806 1745 3851 aut
1807 3794 1945 3849 loco.
2000 3794 2273 3862 Quaeritur

709 3889 873 3944 etiam
902 3904 1021 3957 qua:
1069 3899 1187 3943 erat
1233 3889 1395 3955 tuba,
1443 3904 1563 3959 quae
1607 3902 1701 3961 ore
1741 3887 2113 3957 proferebatur
2158 3887 2272 3943 Dei.

714 3976 1006 4047 Quaeritur,
1055 3993 1151 4033 cur
1197 3980 1689 4049 appropinquantes
1737 3979 1802 4033 ad
1851 3988 2060 4032 montes
2081 3978 2192 4051 (21)
2224 3979 2274 4033 in

716 4085 822 4142 quo
878 4082 996 4124 erat
1045 4070 1205 4135 Deus,
1249 4070 1746 4135 interficiebantur,
1800 4078 1856 4125 et
1899 4070 2278 4140 prohibebatur

713 4162 940 4233 populus
972 4161 1418 4231 appropinquare.
1461 4159 1597 4229 Quid
1626 4160 1728 4215 sibi
1762 4160 1875 4216 vult
1905 4162 2156 4216 columna
2180 4178 2280 4215 nu-

715 4253 798 4309 bis
832 4252 919 4307 ubi
950 4263 1031 4307 est
1062 4251 1239 4306 Deus?
1274 4253 1401 4323 quid
1429 4252 1590 4306 etiam
1624 4264 1780 4306 mons
1814 4252 2071 4306 fumans?
2097 4253 2280 4308 Adda-

716 4356 803 4402 tur
834 4355 1011 4400 autem
1044 4344 1130 4398 bis
1191 4358 1288 4399 cur
1315 4344 1359 4398 si
1411 4343 1530 4413 quis
1557 4344 1779 4399 vidisset
1815 4345 1978 4399 Deum
2013 4344 2281 4399 morieba-

718 4446 829 4500 tur,
860 4446 910 4490 et
939 4451 1043 4490 nou
1075 4435 1244 4506 magis
1289 4436 1523 4492 vivebat.
1572 4435 1680 4492 Has
1727 4451 1915 4492 omnes
1957 4438 2282 4507 quaestiones

716 4527 883 4583 ambit
900 4526 1047 4581 locus
1059 4527 1148 4595 qui
1174 4527 1347 4583 lectus
1361 4530 1701 4597 est.t)rautes
1719 4528 1847 4597 igitu
1858 4544 1883 4581 r
1900 4529 2072 4598 ipsum
2093 4529 2281 4594 Deum,

715 4617 807 4689 qui
838 4616 985 4670 solus
1012 4625 1189 4685 potest
1215 4631 1311 4672 sua
1339 4616 1569 4683 edicere,
1601 4618 1670 4671 ita
1699 4620 1763 4673 ad
1782 4618 2077 4673 solutiones
2104 4618 2285 4673 istius-

2375 3443 2471 3484 nes
2496 3437 2551 3483 et
2581 3428 2923 3490 partitiones.
2965 3425 3059 3482 illa
3094 3440 3273 3484 autem
3326 3440 3527 3484 natura
3575 3428 3737 3485 libera
3778 3436 3849 3483 est
3887 3441 3909 3479 a

2372 3519 2714 3585 corporibus,
2748 3533 2853 3572 non
2881 3519 3057 3574 solum
3093 3529 3153 3574 ut
3190 3534 3300 3575 non
3329 3521 3405 3576 sit
3434 3536 3633 3591 corpus
3653 3562 3668 3585 ,
3695 3521 3780 3576 sed
3800 3529 3844 3574 et
3870 3528 3913 3572 ut

2374 3628 2480 3668 non
2512 3613 2709 3668 babeat
2732 3626 2949 3681 corpus.
2985 3610 3096 3670 Nec
3116 3614 3261 3668 enim
3307 3623 3369 3667 ut
3417 3615 3600 3670 anima
3631 3614 3910 3681 incorpora-

2374 3705 2441 3759 lis
2488 3704 2707 3774 quidem
2758 3714 2862 3771 est,
2900 3704 3045 3759 circa
3087 3717 3280 3775 corpus
3328 3715 3514 3759 autem
3558 3704 3911 3775 quodammodo

2374 3803 2478 3859 est,
2519 3804 2613 3851 aut
2638 3807 2835 3864 corpus
2862 3794 3008 3850 circa
3036 3795 3206 3864 ipsam
3226 3832 3246 3862 ,
3272 3807 3369 3851 aut
3402 3797 3672 3867 quomodo
3701 3796 3808 3865 quis
3831 3810 3910 3848 vo-

2377 3885 2754 3957 lueritdicere
2786 3900 2801 3937 :
2836 3900 3013 3954 neque
3056 3887 3157 3943 hoc
3188 3888 3565 3957 accipiendum
3605 3888 3669 3944 de
3701 3889 3799 3943 Deo
3821 3896 3907 3949 est.

2377 3978 2503 4047 quia
2534 3993 2710 4048 neque
2758 3993 2954 4049 corpus
2995 3988 3080 4034 est
3124 3979 3299 4044 Deus.
3350 3997 3531 4051 neque
3574 3996 3761 4049 corpus
3792 3980 3908 4035 cim

2379 4069 2578 4139 ipsum,
2602 4085 2775 4139 neque
2803 4070 2855 4125 in
2883 4084 3110 4141 corpore
3132 4080 3214 4125 est
3235 4071 3373 4139 ipse.
3408 4070 3479 4126 Et
3496 4074 3617 4144 quis
3637 4071 3910 4140 corporibus

2380 4160 2677 4216 innutritus
2724 4158 2862 4215 forte
2906 4160 3291 4230 suspicabitur,
3353 4164 3493 4218 nibil
3530 4178 3649 4219 esse
3687 4178 3819 4225 eum,
3838 4161 3910 4231 qui

2382 4264 2490 4304 non
2521 4258 2755 4317 tenetur,
2778 4265 2879 4306 nec
2903 4250 3136 4315 videtur,
3161 4264 3260 4305 nec
3282 4260 3553 4319 arctatur,
3569 4268 3663 4308 uec
3692 4255 3907 4323 tangitur.

2383 4342 2489 4396 Sed
2543 4356 2838 4397 conversus
2885 4343 3173 4397 edoceatur
3218 4353 3475 4398 naturam
3535 4345 3758 4416 negotii,
3810 4342 3909 4412 quia

2380 4449 2502 4504 quae
2539 4435 2808 4496 videnlur,
2840 4443 2896 4489 et
2926 4432 3159 4489 tactibus
3186 4433 3492 4501 incurrunt,
3531 4444 3586 4490 et
3630 4432 3909 4503 cogitatibtn

2384 4525 2799 4595 amplectuntur,
2848 4540 2975 4581 vere
3031 4540 3306 4595 nunquam
3366 4538 3515 4583 sunt.
3564 4528 3621 4582 Si
3672 4535 3830 4583 autem
3869 4534 3908 4578 et

2386 4616 2713 4674 transfertur
2740 4627 2797 4673 et
2824 4628 3241 4683 transmutatur,
3272 4628 3330 4673 et
3359 4621 3643 4687 scinditur,
3672 4632 3726 4676 et
3748 4619 3908 4675 dividi-

718 4709 862 4767 modi
910 4710 1208 4762 veniemus.
1267 4706 1432 4762 Deum
1490 4711 1709 4779 quidem
1758 4711 2059 4765 circumdat
2116 4711 2280 4776 nihil;
2313 4702 2359 4759 Ι)
2388 4718 2494 4771 tur.
2520 4718 2575 4763 et
2620 4711 2898 4778 putrescit,
2948 4719 3005 4765 et
3058 4725 3333 4781 nunquam
3385 4713 3558 4783 ipsum
3597 4711 3703 4783 (22)
3746 4710 3907 4779 accipit

716 4801 1019 4858 circumdat
1055 4809 1234 4855 autem
1271 4798 1413 4854 Deus
1456 4800 1637 4855 omnia
1663 4842 1680 4870 ,
1737 4816 1842 4857 non
1908 4802 2281 4874 corporaliter.

722 4890 931 4947 Virtute
973 4892 1115 4946 enim
1166 4891 1490 4962 incorporati
1541 4892 1696 4948 adest
1758 4893 2046 4956 omnibus,
2089 4894 2285 4963 ubique

722 4999 958 5055 presens
983 4995 1086 5052 est,
1116 4994 1171 5040 et
1194 4985 1262 5039 ab
1288 4985 1538 5040 omnibus
1564 4994 1841 5055 separatus
1869 4996 1971 5041 est.
1998 4985 2112 5041 Non
2141 4986 2283 5041 enim

724 5085 782 5133 ut
809 5075 1195 5147 permisceatur
1224 5077 1397 5138 adest.
1425 5086 1519 5131 aut
1546 5086 1604 5131 ut
1632 5070 1934 5147 copuletur,
1971 5089 2063 5133 aut
2089 5089 2144 5133 ut
2167 5079 2288 5149 jun-

724 5177 907 5239 gatur;
956 5168 1048 5223 sed
1079 5167 1215 5223 liber
1248 5178 1303 5224 et
1345 5157 1627 5242 separatus
1667 5168 1839 5224 adest.
1890 5168 2058 5225 Adest
2105 5180 2283 5223 autem

726 5274 831 5314 non
852 5258 1079 5324 divisus,
1108 5269 1201 5314 aut
1225 5261 1448 5324 scissus,
1477 5269 1569 5315 aut
1595 5269 1925 5333 segregatus.
1952 5260 2138 5331 Neque
2161 5275 2286 5331 pars

729 5352 941 5422 quidem
974 5351 1089 5419 ejus
1143 5351 1327 5416 adest,
1355 5366 1479 5421 pars
1531 5362 1709 5407 autem
1740 5353 1930 5419 abest;
1977 5368 2149 5423 neque
2198 5352 2287 5407 hic

730 5443 943 5513 quidem
972 5458 1097 5515 pars
1122 5442 1257 5509 alia,
1289 5441 1391 5497 alia
1418 5453 1596 5499 autem
1646 5457 1773 5513 pars
1807 5443 1956 5499 alibi.
1994 5444 2097 5500 ista
2140 5445 2285 5501 enim

805 5658 915 5729 (ιθ)
945 5658 1077 5729 ista.
1106 5660 1267 5719 Forte
1289 5660 1463 5716 istam.

805 5658 915 5799 (is;
945 5658 1077 5717 Ista.
1106 5660 1267 5719 Forte
1289 5660 1463 5716 istam.

803 5726 894 5799 (20
946 5726 1099 5786 Nunc
1123 5748 1327 5800 corpus,
1356 5748 1491 5786 nunc
1521 5746 1723 5788 carm.
1746 5728 1925 5797 Forte,
1950 5746 2048 5786 nou
2081 5740 2291 5800 corpus,

736 5816 836 5856 non
862 5815 1061 5856 carnea.

2383 4809 2608 4855 statum.
2638 4799 2842 4867 Quibus
2880 4800 3027 4854 enim
3061 4800 3363 4870 proprietas
3388 4813 3477 4857 est
3494 4842 3512 4867 ,
3536 4804 3803 4859 miuoratio
3828 4806 3907 4854 ista

2384 4890 2628 4945 videtur:
2647 4891 2771 4960 quid
2791 4890 2932 4945 enim
2960 4890 3236 4959 proprium
3257 4899 3344 4944 est
3370 4893 3683 4961 corporibus
3704 4891 3792 4946 nisi
3814 4882 3903 4962 (23)

2384 4984 2768 5040 veterascant?
2796 4983 2853 5039 Si
2880 4984 3026 5037 enim
3053 4991 3199 5038 esset
3223 4996 3516 5053 corporum
3551 4994 3728 5039 natura
3757 4982 3903 5055 perie-

2388 5082 2508 5139 cta,
2542 5090 2648 5130 non
2698 5076 2965 5145 indigeret
3008 5075 3167 5129 istam
3220 5075 3577 5133 additamenti
3619 5091 3901 5131 mensuram.

2388 5166 2463 5221 ita
2490 5168 2632 5223 enim
2658 5183 2885 5238 corpora
2910 5166 3123 5223 inﬁrma
3147 5177 3306 5237 sunt,
3345 5181 3404 5226 et
3435 5172 3523 5225 illa
3566 5170 3780 5225 maxime
3808 5181 3902 5237 qua

2393 5260 2642 5315 videntur
2676 5257 2970 5315 fortissima
3005 5274 3146 5324 esse,
3192 5264 3318 5332 quia
3344 5264 3595 5335 adjuvare
3616 5276 3671 5316 se
3691 5277 3782 5315 non
3805 5272 3901 5327 pos-

2390 5358 2533 5407 sunt.
2561 5349 2617 5405 Si
2653 5351 2795 5405 enim
2825 5350 3009 5419 pulsus
3032 5349 3194 5406 luerit
3219 5353 3356 5421 lapis
3375 5395 3392 5420 ,
3420 5363 3472 5406 et
3499 5349 3657 5407 semel
3682 5346 3899 5418 acceperit

2392 5441 2602 5497 initium
2631 5441 2900 5508 utcadat,
2934 5450 2990 5498 et
3011 5444 3241 5513 emperit
3262 5443 3590 5511 comminui,
3622 5456 3721 5498 non
3764 5450 3899 5510 potes-

2467 5658 2577 5728 (2i)
2604 5658 2826 5713 Montes.
2854 5657 2956 5713 Pro
2982 5671 3228 5716 meum.

2468 5729 2579 5800 (se)
2610 5728 2815 5800 Ipsum.
2832 5728 3023 5793 Αὐτόν,
3054 5733 3315 5790 eumdem.

2470 5798 2584 5866 αδδ
2618 5798 2754 5855 Nisi.
2778 5798 2956 5860 Forte.
2987 5800 3089 5857 ιιίεί
3110 5812 3191 5859 tu.
