  <div class='ocr_page' id='page_1' title='image "/cluster/home/n/w/nwhite01/storage/ocr_20150623/24/uva.x004246623/580.png"; bbox 0 0 4072 6398; ppageno 0'>
   <div class='ocr_carea' id='block_1_1' title="bbox 217 309 3498 370">
    <p class='ocr_par' dir='ltr' id='par_1_1' title="bbox 217 309 3498 370">
     <span class='ocr_line' id='line_1_1' title="bbox 217 309 3498 370; baseline -0.001 0"><span class='ocrx_word' id='word_1_1' title='bbox 217 312 362 370; x_wconf 62' lang='grc' dir='ltr'><strong>ΗΞΘ</strong></span> <span class='ocrx_word' id='word_1_2' title='bbox 1527 311 1616 366; x_wconf 81' lang='lat' dir='ltr'><strong>DE</strong></span> <span class='ocrx_word' id='word_1_3' title='bbox 1652 309 2139 367; x_wconf 66' lang='lat' dir='ltr'><strong>XNCORPOHALI.</strong></span> <span class='ocrx_word' id='word_1_4' title='bbox 3356 311 3498 367; x_wconf 72' lang='lat' dir='ltr'><strong>i130</strong></span> 
     </span>
    </p>
   </div>
   <div class='ocr_carea' id='block_1_2' title="bbox 204 427 3493 501">
    <p class='ocr_par' dir='ltr' id='par_1_2' title="bbox 204 427 3493 501">
     <span class='ocr_line' id='line_1_2' title="bbox 204 427 3493 501; baseline 0.001 -13"><span class='ocrx_word' id='word_1_5' title='bbox 204 445 470 488; x_wconf 79' lang='lat' dir='ltr'><strong>revocare</strong></span> <span class='ocrx_word' id='word_1_6' title='bbox 525 445 676 484; x_wconf 86' lang='lat' dir='ltr'><strong>suam</strong></span> <span class='ocrx_word' id='word_1_7' title='bbox 735 432 986 495; x_wconf 83' lang='lat' dir='ltr'><strong>ruinam;</strong></span> <span class='ocrx_word' id='word_1_8' title='bbox 1028 442 1081 486; x_wconf 92' lang='lat' dir='ltr'><strong>et</strong></span> <span class='ocrx_word' id='word_1_9' title='bbox 1129 435 1171 488; x_wconf 87' lang='lat' dir='ltr'><strong>si</strong></span> <span class='ocrx_word' id='word_1_10' title='bbox 1231 433 1434 489; x_wconf 88' lang='lat' dir='ltr'><strong>scissus</strong></span> <span class='ocrx_word' id='word_1_11' title='bbox 1482 435 1644 489; x_wconf 86' lang='lat' dir='ltr'><strong>fuerit</strong></span> <span class='ocrx_word' id='word_1_12' title='bbox 1685 451 1790 489; x_wconf 91' lang='lat' dir='ltr'><strong>non</strong></span> <span class='ocrx_word' id='word_1_13' title='bbox 1821 440 1868 492; x_wconf 75' lang='grc' dir='ltr'>Α</span> <span class='ocrx_word' id='word_1_14' title='bbox 1897 430 1975 501; x_wconf 86' lang='lat' dir='ltr'><strong>git</strong></span> <span class='ocrx_word' id='word_1_15' title='bbox 2003 431 2147 483; x_wconf 91' lang='lat' dir='ltr'><strong>enim</strong></span> <span class='ocrx_word' id='word_1_16' title='bbox 2183 429 2398 482; x_wconf 93' lang='lat' dir='ltr'><strong>ﬂamma</strong></span> <span class='ocrx_word' id='word_1_17' title='bbox 2433 444 2581 483; x_wconf 87' lang='lat' dir='ltr'><strong>eum.</strong></span> <span class='ocrx_word' id='word_1_18' title='bbox 2613 427 2669 484; x_wconf 90' lang='lat' dir='ltr'><strong>Si</strong></span> <span class='ocrx_word' id='word_1_19' title='bbox 2701 437 2882 485; x_wconf 88' lang='lat' dir='ltr'><strong>autem</strong></span> <span class='ocrx_word' id='word_1_20' title='bbox 2924 429 3067 501; x_wconf 80' lang='lat' dir='ltr'><strong>ignis</strong></span> <span class='ocrx_word' id='word_1_21' title='bbox 3112 429 3493 491; x_wconf 86' lang='lat' dir='ltr'><strong>confabulatus</strong></span> 
     </span>
    </p>
   </div>
   <div class='ocr_carea' id='block_1_3' title="bbox 196 521 3494 597">
    <p class='ocr_par' dir='ltr' id='par_1_3' title="bbox 196 521 3494 597">
     <span class='ocr_line' id='line_1_3' title="bbox 196 521 3494 597; baseline -0.001 -17"><span class='ocrx_word' id='word_1_22' title='bbox 196 525 568 597; x_wconf 71' lang='lat' dir='ltr'><strong>coniungitur,</strong></span> <span class='ocrx_word' id='word_1_23' title='bbox 603 532 657 578; x_wconf 89' lang='lat' dir='ltr'><strong>et</strong></span> <span class='ocrx_word' id='word_1_24' title='bbox 683 524 888 579; x_wconf 85' lang='lat' dir='ltr'><strong>divisus</strong></span> <span class='ocrx_word' id='word_1_25' title='bbox 929 525 1098 580; x_wconf 96' lang='lat' dir='ltr'><strong>distat</strong></span> <span class='ocrx_word' id='word_1_26' title='bbox 1127 541 1154 579; x_wconf 91' lang='lat' dir='ltr'><strong>a</strong></span> <span class='ocrx_word' id='word_1_27' title='bbox 1188 528 1503 596; x_wconf 87' lang='lat' dir='ltr'><strong>semetipso.</strong></span> <span class='ocrx_word' id='word_1_28' title='bbox 1537 525 1614 580; x_wconf 87' lang='lat' dir='ltr'><strong>ita</strong></span> <span class='ocrx_word' id='word_1_29' title='bbox 1643 538 1697 581; x_wconf 84' lang='lat' dir='ltr'><strong>et</strong></span> <span class='ocrx_word' id='word_1_30' title='bbox 1725 528 1832 582; x_wconf 65' lang='lat' dir='ltr'><strong>de“</strong></span> <span class='ocrx_word' id='word_1_31' title='bbox 1895 523 2058 577; x_wconf 90' lang='lat' dir='ltr'><strong>fuerit</strong></span> <span class='ocrx_word' id='word_1_32' title='bbox 2084 521 2272 591; x_wconf 88' lang='lat' dir='ltr'><strong>lapidi,</strong></span> <span class='ocrx_word' id='word_1_33' title='bbox 2310 535 2408 592; x_wconf 89' lang='lat' dir='ltr'><strong>per</strong></span> <span class='ocrx_word' id='word_1_34' title='bbox 2435 531 2604 576; x_wconf 90' lang='lat' dir='ltr'><strong>totum</strong></span> <span class='ocrx_word' id='word_1_35' title='bbox 2657 521 2890 591; x_wconf 89' lang='lat' dir='ltr'><strong>lapidem</strong></span> <span class='ocrx_word' id='word_1_36' title='bbox 2931 532 3197 594; x_wconf 89' lang='lat' dir='ltr'><strong>penetrat.</strong></span> <span class='ocrx_word' id='word_1_37' title='bbox 3231 523 3308 579; x_wconf 87' lang='lat' dir='ltr'><strong>Ita</strong></span> <span class='ocrx_word' id='word_1_38' title='bbox 3355 535 3410 580; x_wconf 89' lang='lat' dir='ltr'><strong>et</strong></span> <span class='ocrx_word' id='word_1_39' title='bbox 3446 525 3494 581; x_wconf 79' lang='lat' dir='ltr'><strong>si</strong></span> 
     </span>
    </p>
   </div>
   <div class='ocr_carea' id='block_1_4' title="bbox 197 614 1788 687">
    <p class='ocr_par' dir='ltr' id='par_1_4' title="bbox 197 614 1788 687">
     <span class='ocr_line' id='line_1_4' title="bbox 197 614 1788 687; baseline 0.001 -16"><span class='ocrx_word' id='word_1_40' title='bbox 197 616 475 671; x_wconf 88' lang='lat' dir='ltr'><strong>montibus</strong></span> <span class='ocrx_word' id='word_1_41' title='bbox 502 614 810 670; x_wconf 78' lang='lat' dir='ltr'><strong>eiﬂciuntur</strong></span> <span class='ocrx_word' id='word_1_42' title='bbox 837 616 1132 671; x_wconf 84' lang='lat' dir='ltr'><strong>incisiones</strong></span> <span class='ocrx_word' id='word_1_43' title='bbox 1161 627 1214 670; x_wconf 90' lang='lat' dir='ltr'><strong>et</strong></span> <span class='ocrx_word' id='word_1_44' title='bbox 1260 618 1458 683; x_wconf 67' lang='lat' dir='ltr'><strong>ruinas;</strong></span> <span class='ocrx_word' id='word_1_45' title='bbox 1494 628 1547 672; x_wconf 81' lang='lat' dir='ltr'><strong>et</strong></span> <span class='ocrx_word' id='word_1_46' title='bbox 1585 631 1788 687; x_wconf 90' lang='lat' dir='ltr'><strong>quanto</strong></span> 
     </span>
    </p>
   </div>
   <div class='ocr_carea' id='block_1_5' title="bbox 197 707 1792 780">
    <p class='ocr_par' dir='ltr' id='par_1_5' title="bbox 197 707 1792 780">
     <span class='ocr_line' id='line_1_5' title="bbox 197 707 1792 780; baseline 0.003 -20"><span class='ocrx_word' id='word_1_47' title='bbox 197 707 409 775; x_wconf 85' lang='lat' dir='ltr'><strong>majora</strong></span> <span class='ocrx_word' id='word_1_48' title='bbox 452 716 577 760; x_wconf 90' lang='lat' dir='ltr'><strong>sunt</strong></span> <span class='ocrx_word' id='word_1_49' title='bbox 611 722 730 775; x_wconf 74' lang='lat' dir='ltr'><strong>qua:</strong></span> <span class='ocrx_word' id='word_1_50' title='bbox 759 707 1116 771; x_wconf 87' lang='lat' dir='ltr'><strong>scinduntur,</strong></span> <span class='ocrx_word' id='word_1_51' title='bbox 1146 717 1298 763; x_wconf 90' lang='lat' dir='ltr'><strong>tanto</strong></span> <span class='ocrx_word' id='word_1_52' title='bbox 1329 725 1536 780; x_wconf 75' lang='lat' dir='ltr'><strong>magna:</strong></span> <span class='ocrx_word' id='word_1_53' title='bbox 1578 719 1709 769; x_wconf 82' lang='lat' dir='ltr'><strong>sunt</strong></span> <span class='ocrx_word' id='word_1_54' title='bbox 1737 721 1792 765; x_wconf 93' lang='lat' dir='ltr'><strong>et</strong></span> 
     </span>
    </p>
   </div>
   <div class='ocr_carea' id='block_1_6' title="bbox 196 795 1788 854">
    <p class='ocr_par' dir='ltr' id='par_1_6' title="bbox 196 795 1788 854">
     <span class='ocr_line' id='line_1_6' title="bbox 196 795 1788 854; baseline 0.003 -4"><span class='ocrx_word' id='word_1_55' title='bbox 196 799 395 851; x_wconf 77' lang='lat' dir='ltr'><strong>ruinze.</strong></span> <span class='ocrx_word' id='word_1_56' title='bbox 431 796 494 850; x_wconf 84' lang='lat' dir='ltr'><strong>Et</strong></span> <span class='ocrx_word' id='word_1_57' title='bbox 520 811 625 849; x_wconf 82' lang='lat' dir='ltr'><strong>non</strong></span> <span class='ocrx_word' id='word_1_58' title='bbox 655 795 708 850; x_wconf 93' lang='lat' dir='ltr'><strong>in</strong></span> <span class='ocrx_word' id='word_1_59' title='bbox 757 796 1121 852; x_wconf 71' lang='lat' dir='ltr'><strong>crassitudine</strong></span> <span class='ocrx_word' id='word_1_60' title='bbox 1161 799 1339 853; x_wconf 87' lang='lat' dir='ltr'><strong>virtus</strong></span> <span class='ocrx_word' id='word_1_61' title='bbox 1372 809 1474 852; x_wconf 92' lang='lat' dir='ltr'><strong>est.</strong></span> <span class='ocrx_word' id='word_1_62' title='bbox 1498 797 1555 852; x_wconf 92' lang='lat' dir='ltr'><strong>Si</strong></span> <span class='ocrx_word' id='word_1_63' title='bbox 1607 808 1788 854; x_wconf 89' lang='lat' dir='ltr'><strong>autem</strong></span> 
     </span>
    </p>
   </div>
   <div class='ocr_carea' id='block_1_7' title="bbox 193 889 1788 959">
    <p class='ocr_par' dir='ltr' id='par_1_7' title="bbox 193 889 1788 959">
     <span class='ocr_line' id='line_1_7' title="bbox 193 889 1788 959; baseline 0.003 -15"><span class='ocrx_word' id='word_1_64' title='bbox 193 897 413 959; x_wconf 79' lang='lat' dir='ltr'><strong>oportet</strong></span> <span class='ocrx_word' id='word_1_65' title='bbox 451 898 506 943; x_wconf 90' lang='lat' dir='ltr'><strong>et</strong></span> <span class='ocrx_word' id='word_1_66' title='bbox 546 889 783 958; x_wconf 89' lang='lat' dir='ltr'><strong>ipsorum</strong></span> <span class='ocrx_word' id='word_1_67' title='bbox 815 903 1106 958; x_wconf 85' lang='lat' dir='ltr'><strong>corporum</strong></span> <span class='ocrx_word' id='word_1_68' title='bbox 1139 891 1375 945; x_wconf 87' lang='lat' dir='ltr'><strong>scrutari</strong></span> <span class='ocrx_word' id='word_1_69' title='bbox 1408 899 1630 947; x_wconf 90' lang='lat' dir='ltr'><strong>naturas</strong></span> <span class='ocrx_word' id='word_1_70' title='bbox 1651 932 1666 956; x_wconf 88' lang='lat'><strong>,</strong></span> <span class='ocrx_word' id='word_1_71' title='bbox 1701 906 1788 948; x_wconf 83' lang='lat' dir='ltr'><strong>se-</strong></span> 
     </span>
    </p>
   </div>
   <div class='ocr_carea' id='block_1_8' title="bbox 195 979 1788 1052">
    <p class='ocr_par' dir='ltr' id='par_1_8' title="bbox 195 979 1788 1052">
     <span class='ocr_line' id='line_1_8' title="bbox 195 979 1788 1052; baseline 0.006 -22"><span class='ocrx_word' id='word_1_72' title='bbox 195 979 436 1033; x_wconf 85' lang='lat' dir='ltr'><strong>cundum</strong></span> <span class='ocrx_word' id='word_1_73' title='bbox 466 982 792 1049; x_wconf 82' lang='lat' dir='ltr'><strong>propositam</strong></span> <span class='ocrx_word' id='word_1_74' title='bbox 823 980 1179 1049; x_wconf 71' lang='lat' dir='ltr'><strong>quaestionem</strong></span> <span class='ocrx_word' id='word_1_75' title='bbox 1211 993 1613 1052; x_wconf 83' lang='lat' dir='ltr'><strong>consequenter</strong></span> <span class='ocrx_word' id='word_1_76' title='bbox 1640 984 1788 1040; x_wconf 76' lang='lat' dir='ltr'><strong>vide-</strong></span> 
     </span>
    </p>
   </div>
   <div class='ocr_carea' id='block_1_9' title="bbox 194 1069 1787 1144">
    <p class='ocr_par' dir='ltr' id='par_1_9' title="bbox 194 1069 1787 1144">
     <span class='ocr_line' id='line_1_9' title="bbox 194 1069 1787 1144; baseline 0.006 -22"><span class='ocrx_word' id='word_1_77' title='bbox 194 1069 395 1131; x_wconf 88' lang='lat' dir='ltr'><strong>bimus,</strong></span> <span class='ocrx_word' id='word_1_78' title='bbox 445 1069 569 1139; x_wconf 86' lang='lat' dir='ltr'><strong>quia</strong></span> <span class='ocrx_word' id='word_1_79' title='bbox 605 1080 660 1125; x_wconf 90' lang='lat' dir='ltr'><strong>et</strong></span> <span class='ocrx_word' id='word_1_80' title='bbox 713 1072 952 1141; x_wconf 86' lang='lat' dir='ltr'><strong>ipsorum</strong></span> <span class='ocrx_word' id='word_1_81' title='bbox 1009 1086 1299 1142; x_wconf 85' lang='lat' dir='ltr'><strong>corporum</strong></span> <span class='ocrx_word' id='word_1_82' title='bbox 1353 1075 1626 1130; x_wconf 80' lang='lat' dir='ltr'><strong>subtilitas</strong></span> <span class='ocrx_word' id='word_1_83' title='bbox 1667 1091 1787 1144; x_wconf 74' lang='lat' dir='ltr'><strong>quae</strong></span> 
     </span>
    </p>
   </div>
   <div class='ocr_carea' id='block_1_10' title="bbox 192 1160 1786 1238">
    <p class='ocr_par' dir='ltr' id='par_1_10' title="bbox 192 1160 1786 1238">
     <span class='ocr_line' id='line_1_10' title="bbox 192 1160 1786 1238; baseline 0.006 -25"><span class='ocrx_word' id='word_1_84' title='bbox 192 1171 461 1229; x_wconf 81' lang='lat' dir='ltr'><strong>putantur</strong></span> <span class='ocrx_word' id='word_1_85' title='bbox 482 1176 604 1217; x_wconf 87' lang='lat' dir='ltr'><strong>esse</strong></span> <span class='ocrx_word' id='word_1_86' title='bbox 625 1160 861 1225; x_wconf 87' lang='lat' dir='ltr'><strong>infirma,</strong></span> <span class='ocrx_word' id='word_1_87' title='bbox 907 1162 1137 1219; x_wconf 80' lang='lat' dir='ltr'><strong>fortiora</strong></span> <span class='ocrx_word' id='word_1_88' title='bbox 1168 1167 1573 1233; x_wconf 88' lang='lat' dir='ltr'><strong>quodammodo</strong></span> <span class='ocrx_word' id='word_1_89' title='bbox 1617 1183 1786 1238; x_wconf 83' lang='lat' dir='ltr'><strong>appa-</strong></span> 
     </span>
    </p>
   </div>
   <div class='ocr_carea' id='block_1_11' title="bbox 193 1249 1782 1324">
    <p class='ocr_par' dir='ltr' id='par_1_11' title="bbox 193 1249 1782 1324">
     <span class='ocr_line' id='line_1_11' title="bbox 193 1249 1782 1324; baseline 0.006 -21"><span class='ocrx_word' id='word_1_90' title='bbox 193 1259 317 1303; x_wconf 86' lang='lat' dir='ltr'><strong>rent</strong></span> <span class='ocrx_word' id='word_1_91' title='bbox 357 1264 371 1302; x_wconf 94' lang='lat'>:</span> <span class='ocrx_word' id='word_1_92' title='bbox 410 1260 467 1305; x_wconf 92' lang='lat' dir='ltr'><strong>nt</strong></span> <span class='ocrx_word' id='word_1_93' title='bbox 494 1259 628 1318; x_wconf 92' lang='lat' dir='ltr'><strong>puta</strong></span> <span class='ocrx_word' id='word_1_94' title='bbox 658 1251 798 1320; x_wconf 88' lang='lat' dir='ltr'><strong>quod</strong></span> <span class='ocrx_word' id='word_1_95' title='bbox 827 1249 950 1306; x_wconf 87' lang='lat' dir='ltr'><strong>dico</strong></span> <span class='ocrx_word' id='word_1_96' title='bbox 971 1293 986 1318; x_wconf 93' lang='lat'><strong>,</strong></span> <span class='ocrx_word' id='word_1_97' title='bbox 1017 1260 1160 1308; x_wconf 88' lang='lat' dir='ltr'><strong>terra</strong></span> <span class='ocrx_word' id='word_1_98' title='bbox 1192 1255 1350 1324; x_wconf 82' lang='lat' dir='ltr'><strong>aquis</strong></span> <span class='ocrx_word' id='word_1_99' title='bbox 1382 1267 1466 1311; x_wconf 89' lang='lat' dir='ltr'><strong>est</strong></span> <span class='ocrx_word' id='word_1_100' title='bbox 1521 1260 1782 1324; x_wconf 86' lang='lat' dir='ltr'><strong>crassior,</strong></span> 
     </span>
    </p>
   </div>
   <div class='ocr_carea' id='block_1_12' title="bbox 192 1342 1783 1412">
    <p class='ocr_par' dir='ltr' id='par_1_12' title="bbox 192 1342 1783 1412">
     <span class='ocr_line' id='line_1_12' title="bbox 192 1342 1783 1412; baseline 0.008 -19"><span class='ocrx_word' id='word_1_101' title='bbox 192 1355 354 1412; x_wconf 70' lang='lat' dir='ltr'><strong>aquae</strong></span> <span class='ocrx_word' id='word_1_102' title='bbox 410 1357 439 1397; x_wconf 91' lang='lat' dir='ltr'><strong>a</strong></span> <span class='ocrx_word' id='word_1_103' title='bbox 491 1352 633 1397; x_wconf 87' lang='lat' dir='ltr'><strong>terra</strong></span> <span class='ocrx_word' id='word_1_104' title='bbox 688 1342 866 1398; x_wconf 88' lang='lat' dir='ltr'><strong>minus</strong></span> <span class='ocrx_word' id='word_1_105' title='bbox 913 1358 1109 1399; x_wconf 60' lang='lat' dir='ltr'><strong>crassa</strong></span> <span class='ocrx_word' id='word_1_106' title='bbox 1160 1346 1454 1402; x_wconf 81' lang='lat' dir='ltr'><strong>habentur.</strong></span> <span class='ocrx_word' id='word_1_107' title='bbox 1508 1349 1614 1405; x_wconf 85' lang='lat' dir='ltr'><strong>Sed</strong></span> <span class='ocrx_word' id='word_1_108' title='bbox 1659 1365 1783 1406; x_wconf 90' lang='lat' dir='ltr'><strong>cum</strong></span> 
     </span>
    </p>
   </div>
   <div class='ocr_carea' id='block_1_13' title="bbox 193 1432 1782 1503">
    <p class='ocr_par' dir='ltr' id='par_1_13' title="bbox 193 1432 1782 1503">
     <span class='ocr_line' id='line_1_13' title="bbox 193 1432 1782 1503; baseline 0.006 -18"><span class='ocrx_word' id='word_1_109' title='bbox 193 1439 341 1486; x_wconf 82' lang='lat' dir='ltr'><strong>terra</strong></span> <span class='ocrx_word' id='word_1_110' title='bbox 397 1432 684 1487; x_wconf 89' lang='lat' dir='ltr'><strong>incurrerit</strong></span> <span class='ocrx_word' id='word_1_111' title='bbox 725 1446 946 1503; x_wconf 88' lang='lat' dir='ltr'><strong>aquam,</strong></span> <span class='ocrx_word' id='word_1_112' title='bbox 1007 1434 1374 1493; x_wconf 86' lang='lat' dir='ltr'><strong>dissolvitur:</strong></span> <span class='ocrx_word' id='word_1_113' title='bbox 1423 1453 1544 1492; x_wconf 89' lang='lat' dir='ltr'><strong>cum</strong></span> <span class='ocrx_word' id='word_1_114' title='bbox 1601 1449 1782 1495; x_wconf 89' lang='lat' dir='ltr'><strong>autem</strong></span> 
     </span>
    </p>
   </div>
   <div class='ocr_carea' id='block_1_14' title="bbox 189 1522 1782 1599">
    <p class='ocr_par' dir='ltr' id='par_1_14' title="bbox 189 1522 1782 1599">
     <span class='ocr_line' id='line_1_14' title="bbox 189 1522 1782 1599; baseline 0.007 -24"><span class='ocrx_word' id='word_1_115' title='bbox 189 1534 338 1592; x_wconf 87' lang='lat' dir='ltr'><strong>aqua</strong></span> <span class='ocrx_word' id='word_1_116' title='bbox 363 1522 779 1592; x_wconf 89' lang='lat' dir='ltr'><strong>apprehenderit</strong></span> <span class='ocrx_word' id='word_1_117' title='bbox 813 1531 1037 1588; x_wconf 89' lang='lat' dir='ltr'><strong>terram,</strong></span> <span class='ocrx_word' id='word_1_118' title='bbox 1068 1535 1316 1595; x_wconf 86' lang='lat' dir='ltr'><strong>penetrat</strong></span> <span class='ocrx_word' id='word_1_119' title='bbox 1363 1543 1506 1584; x_wconf 90' lang='lat' dir='ltr'><strong>eam.</strong></span> <span class='ocrx_word' id='word_1_120' title='bbox 1545 1528 1610 1583; x_wconf 89' lang='lat' dir='ltr'><strong>Et</strong></span> <span class='ocrx_word' id='word_1_121' title='bbox 1640 1533 1782 1599; x_wconf 91' lang='lat' dir='ltr'><strong>quod</strong></span> 
     </span>
    </p>
   </div>
   <div class='ocr_carea' id='block_1_15' title="bbox 189 1612 1778 1688">
    <p class='ocr_par' dir='ltr' id='par_1_15' title="bbox 189 1612 1778 1688">
     <span class='ocr_line' id='line_1_15' title="bbox 189 1612 1778 1688; baseline 0.006 -23"><span class='ocrx_word' id='word_1_122' title='bbox 189 1612 403 1683; x_wconf 73' lang='lat' dir='ltr'><strong>patitur</strong></span> <span class='ocrx_word' id='word_1_123' title='bbox 448 1621 590 1668; x_wconf 90' lang='lat' dir='ltr'><strong>terra</strong></span> <span class='ocrx_word' id='word_1_124' title='bbox 635 1614 703 1668; x_wconf 89' lang='lat' dir='ltr'><strong>ab</strong></span> <span class='ocrx_word' id='word_1_125' title='bbox 756 1628 917 1682; x_wconf 88' lang='lat' dir='ltr'><strong>aqua,</strong></span> <span class='ocrx_word' id='word_1_126' title='bbox 951 1615 1053 1670; x_wconf 88' lang='lat' dir='ltr'><strong>hoc</strong></span> <span class='ocrx_word' id='word_1_127' title='bbox 1113 1617 1318 1684; x_wconf 87' lang='lat' dir='ltr'><strong>patitur</strong></span> <span class='ocrx_word' id='word_1_128' title='bbox 1362 1634 1502 1688; x_wconf 88' lang='lat' dir='ltr'><strong>aqua</strong></span> <span class='ocrx_word' id='word_1_129' title='bbox 1540 1621 1608 1674; x_wconf 85' lang='lat' dir='ltr'><strong>ab</strong></span> <span class='ocrx_word' id='word_1_130' title='bbox 1637 1634 1778 1674; x_wconf 85' lang='lat' dir='ltr'><strong>aere.</strong></span> 
     </span>
    </p>
   </div>
   <div class='ocr_carea' id='block_1_16' title="bbox 191 1697 1782 1782">
    <p class='ocr_par' dir='ltr' id='par_1_16' title="bbox 191 1697 1782 1782">
     <span class='ocr_line' id='line_1_16' title="bbox 191 1697 1782 1782; baseline 0.006 -23"><span class='ocrx_word' id='word_1_131' title='bbox 191 1703 340 1772; x_wconf 84' lang='lat' dir='ltr'><strong>Quid</strong></span> <span class='ocrx_word' id='word_1_132' title='bbox 392 1706 536 1761; x_wconf 89' lang='lat' dir='ltr'><strong>enim</strong></span> <span class='ocrx_word' id='word_1_133' title='bbox 586 1708 1042 1776; x_wconf 86' lang='lat' dir='ltr'><strong>improvectiones</strong></span> <span class='ocrx_word' id='word_1_134' title='bbox 1094 1710 1207 1782; x_wconf 73' lang='grc'>(24)</span> <span class='ocrx_word' id='word_1_135' title='bbox 1269 1713 1390 1767; x_wconf 73' lang='lat' dir='ltr'><strong>ista:</strong></span> <span class='ocrx_word' id='word_1_136' title='bbox 1453 1697 1782 1769; x_wconf 80' lang='lat' dir='ltr'><strong>ostendunt?</strong></span> 
     </span>
    </p>
   </div>
   <div class='ocr_carea' id='block_1_17' title="bbox 1892 610 3496 682">
    <p class='ocr_par' dir='ltr' id='par_1_17' title="bbox 1892 610 3496 682">
     <span class='ocr_line' id='line_1_17' title="bbox 1892 610 3496 682; baseline 0.001 -15"><span class='ocrx_word' id='word_1_137' title='bbox 1892 622 2250 667; x_wconf 77' lang='lat' dir='ltr'><strong>ammentum</strong></span> <span class='ocrx_word' id='word_1_138' title='bbox 2272 611 2571 667; x_wconf 84' lang='lat' dir='ltr'><strong>immissum</strong></span> <span class='ocrx_word' id='word_1_139' title='bbox 2603 610 2766 667; x_wconf 90' lang='lat' dir='ltr'><strong>fuerit</strong></span> <span class='ocrx_word' id='word_1_140' title='bbox 2788 614 2841 668; x_wconf 92' lang='lat' dir='ltr'><strong>in</strong></span> <span class='ocrx_word' id='word_1_141' title='bbox 2868 614 3010 682; x_wconf 81' lang='lat' dir='ltr'><strong>igne,</strong></span> <span class='ocrx_word' id='word_1_142' title='bbox 3037 625 3130 668; x_wconf 93' lang='lat' dir='ltr'><strong>aut</strong></span> <span class='ocrx_word' id='word_1_143' title='bbox 3152 613 3496 681; x_wconf 89' lang='lat' dir='ltr'><strong>ferrum,aut</strong></span> 
     </span>
    </p>
   </div>
   <div class='ocr_carea' id='block_1_18' title="bbox 1893 702 3491 772">
    <p class='ocr_par' dir='ltr' id='par_1_18' title="bbox 1893 702 3491 772">
     <span class='ocr_line' id='line_1_18' title="bbox 1893 702 3491 772; baseline 0.003 -17"><span class='ocrx_word' id='word_1_144' title='bbox 1893 702 2067 772; x_wconf 89' lang='lat' dir='ltr'><strong>ipsum</strong></span> <span class='ocrx_word' id='word_1_145' title='bbox 2095 717 2285 756; x_wconf 87' lang='lat' dir='ltr'><strong>aurum</strong></span> <span class='ocrx_word' id='word_1_146' title='bbox 2306 742 2320 766; x_wconf 96' lang='lat'><strong>,</strong></span> <span class='ocrx_word' id='word_1_147' title='bbox 2356 703 2718 757; x_wconf 88' lang='lat' dir='ltr'><strong>immutantur</strong></span> <span class='ocrx_word' id='word_1_148' title='bbox 2760 702 2975 759; x_wconf 90' lang='lat' dir='ltr'><strong>colores</strong></span> <span class='ocrx_word' id='word_1_149' title='bbox 3003 705 3246 759; x_wconf 89' lang='lat' dir='ltr'><strong>omnium</strong></span> <span class='ocrx_word' id='word_1_150' title='bbox 3269 746 3285 770; x_wconf 95' lang='lat'><strong>,</strong></span> <span class='ocrx_word' id='word_1_151' title='bbox 3326 716 3381 760; x_wconf 90' lang='lat' dir='ltr'><strong>et</strong></span> <span class='ocrx_word' id='word_1_152' title='bbox 3421 705 3491 760; x_wconf 88' lang='lat' dir='ltr'><strong>ad</strong></span> 
     </span>
    </p>
   </div>
   <div class='ocr_carea' id='block_1_19' title="bbox 1894 792 3487 867">
    <p class='ocr_par' dir='ltr' id='par_1_19' title="bbox 1894 792 3487 867">
     <span class='ocr_line' id='line_1_19' title="bbox 1894 792 3487 867; baseline 0.003 -21"><span class='ocrx_word' id='word_1_153' title='bbox 1894 793 2040 864; x_wconf 90' lang='lat' dir='ltr'><strong>ignis</strong></span> <span class='ocrx_word' id='word_1_154' title='bbox 2098 792 2506 848; x_wconf 90' lang='lat' dir='ltr'><strong>transferuntur</strong></span> <span class='ocrx_word' id='word_1_155' title='bbox 2562 794 2800 850; x_wconf 91' lang='lat' dir='ltr'><strong>colorem</strong></span> <span class='ocrx_word' id='word_1_156' title='bbox 2851 805 2906 851; x_wconf 91' lang='lat' dir='ltr'><strong>et</strong></span> <span class='ocrx_word' id='word_1_157' title='bbox 2959 795 3279 865; x_wconf 88' lang='lat' dir='ltr'><strong>magistrum</strong></span> <span class='ocrx_word' id='word_1_158' title='bbox 3322 795 3487 867; x_wconf 76' lang='lat'><strong>(27):</strong></span> 
     </span>
    </p>
   </div>
   <div class='ocr_carea' id='block_1_20' title="bbox 1892 885 3490 956">
    <p class='ocr_par' dir='ltr' id='par_1_20' title="bbox 1892 885 3490 956">
     <span class='ocr_line' id='line_1_20' title="bbox 1892 885 3490 956; baseline 0.003 -16"><span class='ocrx_word' id='word_1_159' title='bbox 1892 885 2145 955; x_wconf 84' lang='lat' dir='ltr'><strong>quodque</strong></span> <span class='ocrx_word' id='word_1_160' title='bbox 2173 899 2364 940; x_wconf 89' lang='lat' dir='ltr'><strong>eorum</strong></span> <span class='ocrx_word' id='word_1_161' title='bbox 2395 885 2556 956; x_wconf 88' lang='lat' dir='ltr'><strong>ignis,</strong></span> <span class='ocrx_word' id='word_1_162' title='bbox 2585 896 2682 941; x_wconf 92' lang='lat' dir='ltr'><strong>aut</strong></span> <span class='ocrx_word' id='word_1_163' title='bbox 2718 886 2820 941; x_wconf 85' lang='lat' dir='ltr'><strong>hoc</strong></span> <span class='ocrx_word' id='word_1_164' title='bbox 2849 900 2957 956; x_wconf 89' lang='lat' dir='ltr'><strong>qua</strong></span> <span class='ocrx_word' id='word_1_165' title='bbox 2992 887 3195 942; x_wconf 83' lang='lat' dir='ltr'><strong>dicitur</strong></span> <span class='ocrx_word' id='word_1_166' title='bbox 3223 896 3278 942; x_wconf 90' lang='lat' dir='ltr'><strong>et</strong></span> <span class='ocrx_word' id='word_1_167' title='bbox 3306 886 3490 945; x_wconf 77' lang='lat' dir='ltr'><strong>calore</strong></span> 
     </span>
    </p>
   </div>
   <div class='ocr_carea' id='block_1_21' title="bbox 1891 975 3489 1049">
    <p class='ocr_par' dir='ltr' id='par_1_21' title="bbox 1891 975 3489 1049">
     <span class='ocr_line' id='line_1_21' title="bbox 1891 975 3489 1049; baseline 0.003 -19"><span class='ocrx_word' id='word_1_168' title='bbox 1891 985 1944 1031; x_wconf 92' lang='lat' dir='ltr'><strong>et</strong></span> <span class='ocrx_word' id='word_1_169' title='bbox 1984 975 2196 1046; x_wconf 80' lang='lat' dir='ltr'><strong>fulgore</strong></span> <span class='ocrx_word' id='word_1_170' title='bbox 2233 984 2290 1030; x_wconf 92' lang='lat' dir='ltr'><strong>et</strong></span> <span class='ocrx_word' id='word_1_171' title='bbox 2340 975 2598 1032; x_wconf 87' lang='lat' dir='ltr'><strong>omnibus</strong></span> <span class='ocrx_word' id='word_1_172' title='bbox 2644 979 3069 1047; x_wconf 83' lang='lat' dir='ltr'><strong>proprietatibus</strong></span> <span class='ocrx_word' id='word_1_173' title='bbox 3126 978 3288 1049; x_wconf 89' lang='lat' dir='ltr'><strong>ignis.</strong></span> <span class='ocrx_word' id='word_1_174' title='bbox 3349 977 3489 1047; x_wconf 84' lang='lat' dir='ltr'><strong>Quia</strong></span> 
     </span>
    </p>
   </div>
   <div class='ocr_carea' id='block_1_22' title="bbox 1889 1065 3488 1136">
    <p class='ocr_par' dir='ltr' id='par_1_22' title="bbox 1889 1065 3488 1136">
     <span class='ocr_line' id='line_1_22' title="bbox 1889 1065 3488 1136; baseline 0.004 -17"><span class='ocrx_word' id='word_1_175' title='bbox 1889 1077 2068 1121; x_wconf 91' lang='lat' dir='ltr'><strong>autem</strong></span> <span class='ocrx_word' id='word_1_176' title='bbox 2095 1065 2236 1135; x_wconf 90' lang='lat' dir='ltr'><strong>ignis</strong></span> <span class='ocrx_word' id='word_1_177' title='bbox 2265 1067 2333 1120; x_wconf 84' lang='lat' dir='ltr'><strong>ad</strong></span> <span class='ocrx_word' id='word_1_178' title='bbox 2375 1082 2566 1122; x_wconf 90' lang='lat' dir='ltr'><strong>aurum</strong></span> <span class='ocrx_word' id='word_1_179' title='bbox 2604 1083 2711 1122; x_wconf 89' lang='lat' dir='ltr'><strong>non</strong></span> <span class='ocrx_word' id='word_1_180' title='bbox 2740 1069 2904 1136; x_wconf 85' lang='lat' dir='ltr'><strong>cadit,</strong></span> <span class='ocrx_word' id='word_1_181' title='bbox 2935 1084 3126 1123; x_wconf 89' lang='lat' dir='ltr'><strong>aurum</strong></span> <span class='ocrx_word' id='word_1_182' title='bbox 3165 1078 3346 1124; x_wconf 88' lang='lat' dir='ltr'><strong>autem</strong></span> <span class='ocrx_word' id='word_1_183' title='bbox 3393 1086 3488 1125; x_wconf 79' lang='lat' dir='ltr'><strong>ca-</strong></span> 
     </span>
    </p>
   </div>
   <div class='ocr_carea' id='block_1_23' title="bbox 1891 1156 3483 1231">
    <p class='ocr_par' dir='ltr' id='par_1_23' title="bbox 1891 1156 3483 1231">
     <span class='ocr_line' id='line_1_23' title="bbox 1891 1156 3483 1231; baseline 0.005 -21"><span class='ocrx_word' id='word_1_184' title='bbox 1891 1156 2116 1224; x_wconf 87' lang='lat' dir='ltr'><strong>lefacit;</strong></span> <span class='ocrx_word' id='word_1_185' title='bbox 2148 1157 2443 1215; x_wconf 86' lang='lat' dir='ltr'><strong>manifesta</strong></span> <span class='ocrx_word' id='word_1_186' title='bbox 2473 1168 2558 1216; x_wconf 88' lang='lat' dir='ltr'><strong>est</strong></span> <span class='ocrx_word' id='word_1_187' title='bbox 2589 1161 2906 1216; x_wconf 86' lang='lat' dir='ltr'><strong>eminentia.</strong></span> <span class='ocrx_word' id='word_1_188' title='bbox 2951 1160 3017 1215; x_wconf 81' lang='lat' dir='ltr'><strong>Et</strong></span> <span class='ocrx_word' id='word_1_189' title='bbox 3045 1162 3173 1231; x_wconf 86' lang='lat' dir='ltr'><strong>quia</strong></span> <span class='ocrx_word' id='word_1_190' title='bbox 3210 1161 3349 1230; x_wconf 89' lang='lat' dir='ltr'><strong>ignis</strong></span> <span class='ocrx_word' id='word_1_191' title='bbox 3375 1177 3483 1218; x_wconf 90' lang='lat' dir='ltr'><strong>non</strong></span> 
     </span>
    </p>
   </div>
   <div class='ocr_carea' id='block_1_24' title="bbox 1889 1248 3483 1322">
    <p class='ocr_par' dir='ltr' id='par_1_24' title="bbox 1889 1248 3483 1322">
     <span class='ocr_line' id='line_1_24' title="bbox 1889 1248 3483 1322; baseline 0.004 -20"><span class='ocrx_word' id='word_1_192' title='bbox 1889 1248 2208 1304; x_wconf 82' lang='lat' dir='ltr'><strong>dissolvitur</strong></span> <span class='ocrx_word' id='word_1_193' title='bbox 2235 1265 2264 1304; x_wconf 90' lang='lat' dir='ltr'><strong>a</strong></span> <span class='ocrx_word' id='word_1_194' title='bbox 2302 1250 2507 1319; x_wconf 87' lang='lat' dir='ltr'><strong>petris,</strong></span> <span class='ocrx_word' id='word_1_195' title='bbox 2541 1251 2789 1307; x_wconf 71' lang='lat' dir='ltr'><strong>dissolvit</strong></span> <span class='ocrx_word' id='word_1_196' title='bbox 2829 1261 3011 1308; x_wconf 89' lang='lat' dir='ltr'><strong>autem</strong></span> <span class='ocrx_word' id='word_1_197' title='bbox 3039 1261 3257 1322; x_wconf 88' lang='lat' dir='ltr'><strong>petras;</strong></span> <span class='ocrx_word' id='word_1_198' title='bbox 3293 1265 3483 1321; x_wconf 86' lang='lat' dir='ltr'><strong>aperta</strong></span> 
     </span>
    </p>
   </div>
   <div class='ocr_carea' id='block_1_25' title="bbox 1888 1343 3484 1414">
    <p class='ocr_par' dir='ltr' id='par_1_25' title="bbox 1888 1343 3484 1414">
     <span class='ocr_line' id='line_1_25' title="bbox 1888 1343 3484 1414; baseline 0.003 -18"><span class='ocrx_word' id='word_1_199' title='bbox 1888 1352 1974 1396; x_wconf 90' lang='lat' dir='ltr'><strong>est</strong></span> <span class='ocrx_word' id='word_1_200' title='bbox 2026 1343 2224 1399; x_wconf 86' lang='lat' dir='ltr'><strong>virtus.</strong></span> <span class='ocrx_word' id='word_1_201' title='bbox 2272 1343 2340 1398; x_wconf 84' lang='lat' dir='ltr'><strong>Et</strong></span> <span class='ocrx_word' id='word_1_202' title='bbox 2377 1344 2503 1413; x_wconf 87' lang='lat' dir='ltr'><strong>quia</strong></span> <span class='ocrx_word' id='word_1_203' title='bbox 2551 1343 2692 1414; x_wconf 88' lang='lat' dir='ltr'><strong>ignis</strong></span> <span class='ocrx_word' id='word_1_204' title='bbox 2734 1359 2839 1400; x_wconf 91' lang='lat' dir='ltr'><strong>non</strong></span> <span class='ocrx_word' id='word_1_205' title='bbox 2887 1346 3164 1401; x_wconf 88' lang='lat' dir='ltr'><strong>detinetur</strong></span> <span class='ocrx_word' id='word_1_206' title='bbox 3212 1345 3282 1400; x_wconf 89' lang='lat' dir='ltr'><strong>ab</strong></span> <span class='ocrx_word' id='word_1_207' title='bbox 3333 1359 3484 1413; x_wconf 89' lang='lat' dir='ltr'><strong>aere,</strong></span> 
     </span>
    </p>
   </div>
   <div class='ocr_carea' id='block_1_26' title="bbox 1887 1435 3483 1508">
    <p class='ocr_par' dir='ltr' id='par_1_26' title="bbox 1887 1435 3483 1508">
     <span class='ocr_line' id='line_1_26' title="bbox 1887 1435 3483 1508; baseline 0.004 -21"><span class='ocrx_word' id='word_1_208' title='bbox 1887 1435 2082 1488; x_wconf 90' lang='lat' dir='ltr'><strong>scindit</strong></span> <span class='ocrx_word' id='word_1_209' title='bbox 2124 1444 2308 1491; x_wconf 90' lang='lat' dir='ltr'><strong>autem</strong></span> <span class='ocrx_word' id='word_1_210' title='bbox 2345 1447 2401 1491; x_wconf 92' lang='lat' dir='ltr'><strong>et</strong></span> <span class='ocrx_word' id='word_1_211' title='bbox 2428 1451 2643 1490; x_wconf 87' lang='lat' dir='ltr'><strong>sursum</strong></span> <span class='ocrx_word' id='word_1_212' title='bbox 2671 1437 2882 1504; x_wconf 90' lang='lat' dir='ltr'><strong>currit;</strong></span> <span class='ocrx_word' id='word_1_213' title='bbox 2911 1446 3156 1508; x_wconf 90' lang='lat' dir='ltr'><strong>apertum</strong></span> <span class='ocrx_word' id='word_1_214' title='bbox 3193 1438 3483 1508; x_wconf 89' lang='lat' dir='ltr'><strong>imperium</strong></span> 
     </span>
    </p>
   </div>
   <div class='ocr_carea' id='block_1_27' title="bbox 1886 1525 3484 1598">
    <p class='ocr_par' dir='ltr' id='par_1_27' title="bbox 1886 1525 3484 1598">
     <span class='ocr_line' id='line_1_27' title="bbox 1886 1525 3484 1598; baseline 0.002 -18"><span class='ocrx_word' id='word_1_215' title='bbox 1886 1534 1991 1580; x_wconf 89' lang='lat' dir='ltr'><strong>est.</strong></span> <span class='ocrx_word' id='word_1_216' title='bbox 2023 1525 2090 1580; x_wconf 87' lang='lat' dir='ltr'><strong>Et</strong></span> <span class='ocrx_word' id='word_1_217' title='bbox 2115 1527 2241 1596; x_wconf 85' lang='lat' dir='ltr'><strong>quia</strong></span> <span class='ocrx_word' id='word_1_218' title='bbox 2271 1539 2427 1596; x_wconf 88' lang='lat' dir='ltr'><strong>urget</strong></span> <span class='ocrx_word' id='word_1_219' title='bbox 2461 1542 2677 1582; x_wconf 88' lang='lat' dir='ltr'><strong>sursum</strong></span> <span class='ocrx_word' id='word_1_220' title='bbox 2721 1529 2862 1592; x_wconf 76' lang='lat' dir='ltr'><strong>fieri,</strong></span> <span class='ocrx_word' id='word_1_221' title='bbox 2898 1539 2954 1583; x_wconf 90' lang='lat' dir='ltr'><strong>et</strong></span> <span class='ocrx_word' id='word_1_222' title='bbox 3004 1529 3272 1598; x_wconf 87' lang='lat' dir='ltr'><strong>positione</strong></span> <span class='ocrx_word' id='word_1_223' title='bbox 3314 1538 3484 1584; x_wconf 88' lang='lat' dir='ltr'><strong>estet</strong></span> 
     </span>
    </p>
   </div>
   <div class='ocr_carea' id='block_1_28' title="bbox 1887 1619 3482 1694">
    <p class='ocr_par' dir='ltr' id='par_1_28' title="bbox 1887 1619 3482 1694">
     <span class='ocr_line' id='line_1_28' title="bbox 1887 1619 3482 1694; baseline 0.004 -23"><span class='ocrx_word' id='word_1_224' title='bbox 1887 1619 2088 1675; x_wconf 84' lang='lat' dir='ltr'><strong>virtute</strong></span> <span class='ocrx_word' id='word_1_225' title='bbox 2110 1629 2166 1675; x_wconf 92' lang='lat' dir='ltr'><strong>et</strong></span> <span class='ocrx_word' id='word_1_226' title='bbox 2199 1619 2382 1674; x_wconf 89' lang='lat' dir='ltr'><strong>colore</strong></span> <span class='ocrx_word' id='word_1_227' title='bbox 2412 1619 2630 1675; x_wconf 79' lang='lat' dir='ltr'><strong>fortior.</strong></span> <span class='ocrx_word' id='word_1_228' title='bbox 2671 1621 2778 1677; x_wconf 85' lang='lat' dir='ltr'><strong>Sed</strong></span> <span class='ocrx_word' id='word_1_229' title='bbox 2812 1620 2955 1676; x_wconf 87' lang='lat' dir='ltr'><strong>forte</strong></span> <span class='ocrx_word' id='word_1_230' title='bbox 2996 1623 3216 1692; x_wconf 89' lang='lat' dir='ltr'><strong>quidam</strong></span> <span class='ocrx_word' id='word_1_231' title='bbox 3244 1623 3482 1694; x_wconf 85' lang='lat' dir='ltr'><strong>jurgium</strong></span> 
     </span>
    </p>
   </div>
   <div class='ocr_carea' id='block_1_29' title="bbox 1895 1712 3484 1784">
    <p class='ocr_par' dir='ltr' id='par_1_29' title="bbox 1895 1712 3484 1784">
     <span class='ocr_line' id='line_1_29' title="bbox 1895 1712 3484 1784; baseline 0.005 -22"><span class='ocrx_word' id='word_1_232' title='bbox 1895 1724 2156 1779; x_wconf 89' lang='lat' dir='ltr'><strong>aquarum</strong></span> <span class='ocrx_word' id='word_1_233' title='bbox 2184 1712 2473 1766; x_wconf 89' lang='lat' dir='ltr'><strong>adversum</strong></span> <span class='ocrx_word' id='word_1_234' title='bbox 2503 1713 2682 1784; x_wconf 81' lang='lat' dir='ltr'><strong>ignem</strong></span> <span class='ocrx_word' id='word_1_235' title='bbox 2723 1714 2900 1779; x_wconf 82' lang='lat' dir='ltr'><strong>videt,</strong></span> <span class='ocrx_word' id='word_1_236' title='bbox 2937 1715 3064 1783; x_wconf 87' lang='lat' dir='ltr'><strong>quia</strong></span> <span class='ocrx_word' id='word_1_237' title='bbox 3095 1714 3164 1769; x_wconf 91' lang='lat' dir='ltr'><strong>ab</strong></span> <span class='ocrx_word' id='word_1_238' title='bbox 3198 1715 3353 1783; x_wconf 85' lang='lat' dir='ltr'><strong>aquis</strong></span> <span class='ocrx_word' id='word_1_239' title='bbox 3385 1729 3484 1770; x_wconf 77' lang='lat' dir='ltr'><strong>ex-</strong></span> 
     </span>
    </p>
   </div>
   <div class='ocr_carea' id='block_1_30' title="bbox 189 1789 3484 1878">
    <p class='ocr_par' dir='ltr' id='par_1_30' title="bbox 189 1789 3484 1878">
     <span class='ocr_line' id='line_1_30' title="bbox 189 1789 3484 1878; baseline 0.003 -28"><span class='ocrx_word' id='word_1_240' title='bbox 189 1793 303 1851; x_wconf 80' lang='lat' dir='ltr'><strong>boe</strong></span> <span class='ocrx_word' id='word_1_241' title='bbox 328 1811 492 1852; x_wconf 88' lang='lat' dir='ltr'><strong>unum</strong></span> <span class='ocrx_word' id='word_1_242' title='bbox 522 1799 758 1854; x_wconf 82' lang='lat' dir='ltr'><strong>maxime</strong></span> <span class='ocrx_word' id='word_1_243' title='bbox 781 1839 796 1864; x_wconf 94' lang='lat'><strong>,</strong></span> <span class='ocrx_word' id='word_1_244' title='bbox 831 1801 959 1870; x_wconf 84' lang='lat' dir='ltr'><strong>quia</strong></span> <span class='ocrx_word' id='word_1_245' title='bbox 999 1801 1067 1856; x_wconf 92' lang='lat' dir='ltr'><strong>ad</strong></span> <span class='ocrx_word' id='word_1_246' title='bbox 1099 1803 1598 1874; x_wconf 88' lang='lat' dir='ltr'><strong>incorporalitatem</strong></span> <span class='ocrx_word' id='word_1_247' title='bbox 1628 1818 1684 1863; x_wconf 91' lang='lat' dir='ltr'><strong>et</strong></span> <span class='ocrx_word' id='word_1_248' title='bbox 1713 1812 1778 1864; x_wconf 92' lang='lat' dir='ltr'><strong>ad</strong></span> <span class='ocrx_word' id='word_1_249' title='bbox 1811 1789 1853 1843; x_wconf 77' lang='grc' dir='ltr'>Β</span> <span class='ocrx_word' id='word_1_250' title='bbox 1893 1802 2188 1870; x_wconf 89' lang='lat' dir='ltr'><strong>stinguitur</strong></span> <span class='ocrx_word' id='word_1_251' title='bbox 2229 1802 2369 1873; x_wconf 88' lang='lat' dir='ltr'><strong>ignis</strong></span> <span class='ocrx_word' id='word_1_252' title='bbox 2397 1821 2410 1855; x_wconf 93' lang='lat'><strong>:</strong></span> <span class='ocrx_word' id='word_1_253' title='bbox 2438 1805 2582 1874; x_wconf 90' lang='lat' dir='ltr'><strong>quod</strong></span> <span class='ocrx_word' id='word_1_254' title='bbox 2614 1803 2834 1874; x_wconf 90' lang='lat' dir='ltr'><strong>quidem</strong></span> <span class='ocrx_word' id='word_1_255' title='bbox 2869 1805 3104 1860; x_wconf 89' lang='lat' dir='ltr'><strong>recessio</strong></span> <span class='ocrx_word' id='word_1_256' title='bbox 3131 1807 3303 1877; x_wconf 85' lang='lat' dir='ltr'><strong>magis</strong></span> <span class='ocrx_word' id='word_1_257' title='bbox 3341 1806 3484 1878; x_wconf 86' lang='lat' dir='ltr'><strong>ignis</strong></span> 
     </span>
    </p>
   </div>
   <div class='ocr_carea' id='block_1_31' title="bbox 190 1884 1783 1963">
    <p class='ocr_par' dir='ltr' id='par_1_31' title="bbox 190 1884 1783 1963">
     <span class='ocr_line' id='line_1_31' title="bbox 190 1884 1783 1963; baseline 0.009 -23"><span class='ocrx_word' id='word_1_258' title='bbox 190 1884 372 1942; x_wconf 76' lang='lat' dir='ltr'><strong>levius</strong></span> <span class='ocrx_word' id='word_1_259' title='bbox 396 1902 612 1958; x_wconf 88' lang='lat' dir='ltr'><strong>corpus,</strong></span> <span class='ocrx_word' id='word_1_260' title='bbox 643 1892 905 1960; x_wconf 86' lang='lat' dir='ltr'><strong>majorem</strong></span> <span class='ocrx_word' id='word_1_261' title='bbox 937 1894 1220 1963; x_wconf 89' lang='lat' dir='ltr'><strong>imponunt</strong></span> <span class='ocrx_word' id='word_1_262' title='bbox 1246 1896 1501 1952; x_wconf 80' lang='lat' dir='ltr'><strong>virtutem</strong></span> <span class='ocrx_word' id='word_1_263' title='bbox 1531 1899 1783 1956; x_wconf 85' lang='lat' dir='ltr'><strong>subtilio—</strong></span> 
     </span>
    </p>
   </div>
   <div class='ocr_carea' id='block_1_32' title="bbox 191 1979 1781 2060">
    <p class='ocr_par' dir='ltr' id='par_1_32' title="bbox 191 1979 1781 2060">
     <span class='ocr_line' id='line_1_32' title="bbox 191 1979 1781 2060; baseline 0.009 -28"><span class='ocrx_word' id='word_1_264' title='bbox 191 1979 367 2034; x_wconf 88' lang='lat' dir='ltr'><strong>ribus.</strong></span> <span class='ocrx_word' id='word_1_265' title='bbox 417 1980 523 2034; x_wconf 85' lang='lat' dir='ltr'><strong>Aer</strong></span> <span class='ocrx_word' id='word_1_266' title='bbox 563 1982 705 2036; x_wconf 89' lang='lat' dir='ltr'><strong>enim</strong></span> <span class='ocrx_word' id='word_1_267' title='bbox 737 1997 834 2053; x_wconf 88' lang='lat' dir='ltr'><strong>per</strong></span> <span class='ocrx_word' id='word_1_268' title='bbox 871 2000 1042 2054; x_wconf 86' lang='lat' dir='ltr'><strong>aquas</strong></span> <span class='ocrx_word' id='word_1_269' title='bbox 1081 1996 1372 2056; x_wconf 88' lang='lat' dir='ltr'><strong>penetrat;</strong></span> <span class='ocrx_word' id='word_1_270' title='bbox 1404 1999 1653 2060; x_wconf 85' lang='lat' dir='ltr'><strong>penetrat</strong></span> <span class='ocrx_word' id='word_1_271' title='bbox 1684 2007 1781 2046; x_wconf 78' lang='lat' dir='ltr'><strong>au-</strong></span> 
     </span>
    </p>
   </div>
   <div class='ocr_carea' id='block_1_33' title="bbox 195 2069 1780 2152">
    <p class='ocr_par' dir='ltr' id='par_1_33' title="bbox 195 2069 1780 2152">
     <span class='ocr_line' id='line_1_33' title="bbox 195 2069 1780 2152; baseline 0.011 -30"><span class='ocrx_word' id='word_1_272' title='bbox 195 2078 306 2124; x_wconf 88' lang='lat' dir='ltr'><strong>tem</strong></span> <span class='ocrx_word' id='word_1_273' title='bbox 341 2069 412 2123; x_wconf 90' lang='lat' dir='ltr'><strong>ita</strong></span> <span class='ocrx_word' id='word_1_274' title='bbox 443 2078 501 2123; x_wconf 90' lang='lat' dir='ltr'><strong>ut</strong></span> <span class='ocrx_word' id='word_1_275' title='bbox 541 2071 642 2124; x_wconf 79' lang='lat' dir='ltr'><strong>vim</strong></span> <span class='ocrx_word' id='word_1_276' title='bbox 674 2071 843 2128; x_wconf 82' lang='lat' dir='ltr'><strong>faciat</strong></span> <span class='ocrx_word' id='word_1_277' title='bbox 889 2091 1060 2145; x_wconf 82' lang='lat' dir='ltr'><strong>aquas</strong></span> <span class='ocrx_word' id='word_1_278' title='bbox 1088 2079 1264 2133; x_wconf 83' lang='lat' dir='ltr'><strong>emitti</strong></span> <span class='ocrx_word' id='word_1_279' title='bbox 1299 2094 1396 2150; x_wconf 91' lang='lat' dir='ltr'><strong>per</strong></span> <span class='ocrx_word' id='word_1_280' title='bbox 1440 2096 1500 2136; x_wconf 87' lang='lat' dir='ltr'><strong>se</strong></span> <span class='ocrx_word' id='word_1_281' title='bbox 1533 2084 1598 2137; x_wconf 89' lang='lat' dir='ltr'><strong>ad</strong></span> <span class='ocrx_word' id='word_1_282' title='bbox 1625 2099 1780 2152; x_wconf 88' lang='lat' dir='ltr'><strong>supe-</strong></span> 
     </span>
    </p>
   </div>
   <div class='ocr_carea' id='block_1_34' title="bbox 193 2162 1781 2246">
    <p class='ocr_par' dir='ltr' id='par_1_34' title="bbox 193 2162 1781 2246">
     <span class='ocr_line' id='line_1_34' title="bbox 193 2162 1781 2246; baseline 0.011 -32"><span class='ocrx_word' id='word_1_283' title='bbox 193 2162 371 2217; x_wconf 89' lang='lat' dir='ltr'><strong>riores</strong></span> <span class='ocrx_word' id='word_1_284' title='bbox 399 2172 580 2232; x_wconf 90' lang='lat' dir='ltr'><strong>partes</strong></span> <span class='ocrx_word' id='word_1_285' title='bbox 601 2203 616 2228; x_wconf 93' lang='lat'><strong>,</strong></span> <span class='ocrx_word' id='word_1_286' title='bbox 649 2167 792 2236; x_wconf 86' lang='lat' dir='ltr'><strong>quod</strong></span> <span class='ocrx_word' id='word_1_287' title='bbox 833 2167 950 2234; x_wconf 85' lang='lat' dir='ltr'><strong>ejus</strong></span> <span class='ocrx_word' id='word_1_288' title='bbox 978 2184 1082 2225; x_wconf 92' lang='lat' dir='ltr'><strong>non</strong></span> <span class='ocrx_word' id='word_1_289' title='bbox 1115 2179 1198 2226; x_wconf 88' lang='lat' dir='ltr'><strong>est</strong></span> <span class='ocrx_word' id='word_1_290' title='bbox 1225 2182 1454 2229; x_wconf 64' lang='lat' dir='ltr'><strong>natura.</strong></span> <span class='ocrx_word' id='word_1_291' title='bbox 1487 2174 1553 2229; x_wconf 83' lang='lat' dir='ltr'><strong>Et</strong></span> <span class='ocrx_word' id='word_1_292' title='bbox 1578 2178 1623 2230; x_wconf 92' lang='lat' dir='ltr'><strong>si</strong></span> <span class='ocrx_word' id='word_1_293' title='bbox 1657 2180 1781 2246; x_wconf 86' lang='lat' dir='ltr'><strong>quis</strong></span> 
     </span>
    </p>
   </div>
   <div class='ocr_carea' id='block_1_35' title="bbox 190 2253 1781 2336">
    <p class='ocr_par' dir='ltr' id='par_1_35' title="bbox 190 2253 1781 2336">
     <span class='ocr_line' id='line_1_35' title="bbox 190 2253 1781 2336; baseline 0.014 -34"><span class='ocrx_word' id='word_1_294' title='bbox 190 2253 427 2312; x_wconf 75' lang='lat' dir='ltr'><strong>voluerit</strong></span> <span class='ocrx_word' id='word_1_295' title='bbox 457 2256 559 2313; x_wconf 87' lang='lat' dir='ltr'><strong>hoc</strong></span> <span class='ocrx_word' id='word_1_296' title='bbox 591 2275 772 2326; x_wconf 84' lang='lat' dir='ltr'><strong>nosse,</strong></span> <span class='ocrx_word' id='word_1_297' title='bbox 803 2261 927 2329; x_wconf 90' lang='lat' dir='ltr'><strong>quia</strong></span> <span class='ocrx_word' id='word_1_298' title='bbox 964 2276 1070 2315; x_wconf 91' lang='lat' dir='ltr'><strong>non</strong></span> <span class='ocrx_word' id='word_1_299' title='bbox 1104 2263 1417 2320; x_wconf 89' lang='lat' dir='ltr'><strong>detinentur</strong></span> <span class='ocrx_word' id='word_1_300' title='bbox 1449 2282 1682 2336; x_wconf 89' lang='lat' dir='ltr'><strong>superna</strong></span> <span class='ocrx_word' id='word_1_301' title='bbox 1713 2271 1781 2325; x_wconf 87' lang='lat' dir='ltr'><strong>ab</strong></span> 
     </span>
    </p>
   </div>
   <div class='ocr_carea' id='block_1_36' title="bbox 191 2347 1775 2425">
    <p class='ocr_par' dir='ltr' id='par_1_36' title="bbox 191 2347 1775 2425">
     <span class='ocr_line' id='line_1_36' title="bbox 191 2347 1775 2425; baseline 0.01 -25"><span class='ocrx_word' id='word_1_302' title='bbox 191 2347 278 2402; x_wconf 88' lang='lat' dir='ltr'><strong>his</strong></span> <span class='ocrx_word' id='word_1_303' title='bbox 305 2363 425 2415; x_wconf 65' lang='lat' dir='ltr'><strong>quae</strong></span> <span class='ocrx_word' id='word_1_304' title='bbox 448 2349 693 2404; x_wconf 89' lang='lat' dir='ltr'><strong>deorsum</strong></span> <span class='ocrx_word' id='word_1_305' title='bbox 718 2361 864 2416; x_wconf 87' lang='lat' dir='ltr'><strong>sunt,</strong></span> <span class='ocrx_word' id='word_1_306' title='bbox 893 2350 938 2406; x_wconf 89' lang='lat' dir='ltr'><strong>si</strong></span> <span class='ocrx_word' id='word_1_307' title='bbox 964 2353 1086 2422; x_wconf 88' lang='lat' dir='ltr'><strong>quis</strong></span> <span class='ocrx_word' id='word_1_308' title='bbox 1111 2353 1397 2425; x_wconf 76' lang='lat' dir='ltr'><strong>repleverit</strong></span> <span class='ocrx_word' id='word_1_309' title='bbox 1427 2373 1555 2413; x_wconf 89' lang='lat' dir='ltr'><strong>aere</strong></span> <span class='ocrx_word' id='word_1_310' title='bbox 1581 2370 1775 2424; x_wconf 66' lang='lat' dir='ltr'><strong>utrem.</strong></span> 
     </span>
    </p>
   </div>
   <div class='ocr_carea' id='block_1_37' title="bbox 191 2440 1780 2514">
    <p class='ocr_par' dir='ltr' id='par_1_37' title="bbox 191 2440 1780 2514">
     <span class='ocr_line' id='line_1_37' title="bbox 191 2440 1780 2514; baseline 0.009 -22"><span class='ocrx_word' id='word_1_311' title='bbox 191 2451 428 2508; x_wconf 84' lang='lat' dir='ltr'><strong>eumque</strong></span> <span class='ocrx_word' id='word_1_312' title='bbox 470 2440 793 2495; x_wconf 85' lang='lat' dir='ltr'><strong>demerserit</strong></span> <span class='ocrx_word' id='word_1_313' title='bbox 843 2444 896 2496; x_wconf 93' lang='lat' dir='ltr'><strong>in</strong></span> <span class='ocrx_word' id='word_1_314' title='bbox 945 2458 1174 2514; x_wconf 88' lang='lat' dir='ltr'><strong>aquam;</strong></span> <span class='ocrx_word' id='word_1_315' title='bbox 1227 2456 1281 2500; x_wconf 89' lang='lat' dir='ltr'><strong>et</strong></span> <span class='ocrx_word' id='word_1_316' title='bbox 1347 2460 1494 2503; x_wconf 90' lang='lat' dir='ltr'><strong>certe</strong></span> <span class='ocrx_word' id='word_1_317' title='bbox 1539 2466 1661 2505; x_wconf 88' lang='lat' dir='ltr'><strong>cttm</strong></span> <span class='ocrx_word' id='word_1_318' title='bbox 1709 2453 1780 2506; x_wconf 92' lang='lat' dir='ltr'><strong>sit</strong></span> 
     </span>
    </p>
   </div>
   <div class='ocr_carea' id='block_1_38' title="bbox 193 2531 1781 2610">
    <p class='ocr_par' dir='ltr' id='par_1_38' title="bbox 193 2531 1781 2610">
     <span class='ocr_line' id='line_1_38' title="bbox 193 2531 1781 2610; baseline 0.01 -27"><span class='ocrx_word' id='word_1_319' title='bbox 193 2531 412 2598; x_wconf 85' lang='lat' dir='ltr'><strong>pellium</strong></span> <span class='ocrx_word' id='word_1_320' title='bbox 447 2540 636 2585; x_wconf 90' lang='lat' dir='ltr'><strong>natura</strong></span> <span class='ocrx_word' id='word_1_321' title='bbox 667 2534 904 2589; x_wconf 87' lang='lat' dir='ltr'><strong>crassior</strong></span> <span class='ocrx_word' id='word_1_322' title='bbox 931 2547 986 2589; x_wconf 93' lang='lat' dir='ltr'><strong>et</strong></span> <span class='ocrx_word' id='word_1_323' title='bbox 1016 2537 1236 2606; x_wconf 85' lang='lat' dir='ltr'><strong>gravior</strong></span> <span class='ocrx_word' id='word_1_324' title='bbox 1275 2540 1446 2610; x_wconf 85' lang='lat' dir='ltr'><strong>magis</strong></span> <span class='ocrx_word' id='word_1_325' title='bbox 1484 2557 1648 2609; x_wconf 89' lang='lat' dir='ltr'><strong>quam</strong></span> <span class='ocrx_word' id='word_1_326' title='bbox 1685 2559 1781 2599; x_wconf 87' lang='lat' dir='ltr'><strong>aer</strong></span> 
     </span>
    </p>
   </div>
   <div class='ocr_carea' id='block_1_39' title="bbox 192 2621 1776 2702">
    <p class='ocr_par' dir='ltr' id='par_1_39' title="bbox 192 2621 1776 2702">
     <span class='ocr_line' id='line_1_39' title="bbox 192 2621 1776 2702; baseline 0.012 -30"><span class='ocrx_word' id='word_1_327' title='bbox 192 2621 445 2686; x_wconf 78' lang='lat' dir='ltr'><strong>habetur,</strong></span> <span class='ocrx_word' id='word_1_328' title='bbox 477 2637 572 2678; x_wconf 91' lang='lat' dir='ltr'><strong>aer</strong></span> <span class='ocrx_word' id='word_1_329' title='bbox 597 2637 848 2692; x_wconf 58' lang='lat' dir='ltr'><strong>quaerens</strong></span> <span class='ocrx_word' id='word_1_330' title='bbox 888 2640 1045 2681; x_wconf 90' lang='lat' dir='ltr'><strong>suum</strong></span> <span class='ocrx_word' id='word_1_331' title='bbox 1081 2626 1318 2682; x_wconf 86' lang='lat' dir='ltr'><strong>oﬂicium</strong></span> <span class='ocrx_word' id='word_1_332' title='bbox 1371 2641 1425 2686; x_wconf 92' lang='lat' dir='ltr'><strong>et</strong></span> <span class='ocrx_word' id='word_1_333' title='bbox 1477 2635 1776 2702; x_wconf 82' lang='lat' dir='ltr'><strong>regidnem,</strong></span> 
     </span>
    </p>
   </div>
   <div class='ocr_carea' id='block_1_40' title="bbox 193 2716 1777 2787">
    <p class='ocr_par' dir='ltr' id='par_1_40' title="bbox 193 2716 1777 2787">
     <span class='ocr_line' id='line_1_40' title="bbox 193 2716 1777 2787; baseline 0.01 -24"><span class='ocrx_word' id='word_1_334' title='bbox 193 2725 369 2781; x_wconf 87' lang='lat' dir='ltr'><strong>neque</strong></span> <span class='ocrx_word' id='word_1_335' title='bbox 397 2728 519 2765; x_wconf 90' lang='lat' dir='ltr'><strong>cum</strong></span> <span class='ocrx_word' id='word_1_336' title='bbox 550 2716 884 2784; x_wconf 85' lang='lat' dir='ltr'><strong>gravissimis</strong></span> <span class='ocrx_word' id='word_1_337' title='bbox 916 2719 1126 2774; x_wconf 87' lang='lat' dir='ltr'><strong>utribus</strong></span> <span class='ocrx_word' id='word_1_338' title='bbox 1160 2723 1436 2776; x_wconf 85' lang='lat' dir='ltr'><strong>detinetur</strong></span> <span class='ocrx_word' id='word_1_339' title='bbox 1457 2763 1472 2787; x_wconf 91' lang='lat'><strong>,</strong></span> <span class='ocrx_word' id='word_1_340' title='bbox 1514 2723 1608 2777; x_wconf 90' lang='lat' dir='ltr'><strong>sed</strong></span> <span class='ocrx_word' id='word_1_341' title='bbox 1638 2726 1777 2780; x_wconf 88' lang='lat' dir='ltr'><strong>scin-</strong></span> 
     </span>
    </p>
   </div>
   <div class='ocr_carea' id='block_1_41' title="bbox 192 2804 1774 2883">
    <p class='ocr_par' dir='ltr' id='par_1_41' title="bbox 192 2804 1774 2883">
     <span class='ocr_line' id='line_1_41' title="bbox 192 2804 1774 2883; baseline 0.012 -29"><span class='ocrx_word' id='word_1_342' title='bbox 192 2804 326 2858; x_wconf 89' lang='lat' dir='ltr'><strong>dens</strong></span> <span class='ocrx_word' id='word_1_343' title='bbox 365 2819 531 2873; x_wconf 88' lang='lat' dir='ltr'><strong>aquas</strong></span> <span class='ocrx_word' id='word_1_344' title='bbox 557 2821 771 2860; x_wconf 88' lang='lat' dir='ltr'><strong>sursum</strong></span> <span class='ocrx_word' id='word_1_345' title='bbox 799 2811 1050 2862; x_wconf 92' lang='lat' dir='ltr'><strong>educitur</strong></span> <span class='ocrx_word' id='word_1_346' title='bbox 1073 2826 1193 2864; x_wconf 90' lang='lat' dir='ltr'><strong>cum</strong></span> <span class='ocrx_word' id='word_1_347' title='bbox 1221 2815 1482 2880; x_wconf 79' lang='lat' dir='ltr'><strong>gravibus</strong></span> <span class='ocrx_word' id='word_1_348' title='bbox 1504 2829 1601 2883; x_wconf 91' lang='lat' dir='ltr'><strong>per</strong></span> <span class='ocrx_word' id='word_1_349' title='bbox 1623 2832 1774 2873; x_wconf 87' lang='lat' dir='ltr'><strong>aera.</strong></span> 
     </span>
    </p>
   </div>
   <div class='ocr_carea' id='block_1_42' title="bbox 191 2892 1778 2977">
    <p class='ocr_par' dir='ltr' id='par_1_42' title="bbox 191 2892 1778 2977">
     <span class='ocr_line' id='line_1_42' title="bbox 191 2892 1778 2977; baseline 0.01 -30"><span class='ocrx_word' id='word_1_350' title='bbox 191 2892 355 2949; x_wconf 84' lang='lat' dir='ltr'><strong>istam</strong></span> <span class='ocrx_word' id='word_1_351' title='bbox 388 2897 553 2966; x_wconf 82' lang='lat' dir='ltr'><strong>igitur</strong></span> <span class='ocrx_word' id='word_1_352' title='bbox 580 2900 882 2966; x_wconf 84' lang='lat' dir='ltr'><strong>passionem</strong></span> <span class='ocrx_word' id='word_1_353' title='bbox 911 2917 1074 2970; x_wconf 89' lang='lat' dir='ltr'><strong>quam</strong></span> <span class='ocrx_word' id='word_1_354' title='bbox 1110 2919 1265 2973; x_wconf 78' lang='lat' dir='ltr'><strong>aqua:</strong></span> <span class='ocrx_word' id='word_1_355' title='bbox 1297 2906 1366 2959; x_wconf 89' lang='lat' dir='ltr'><strong>ab</strong></span> <span class='ocrx_word' id='word_1_356' title='bbox 1395 2921 1520 2962; x_wconf 90' lang='lat' dir='ltr'><strong>aere</strong></span> <span class='ocrx_word' id='word_1_357' title='bbox 1563 2912 1778 2977; x_wconf 80' lang='lat' dir='ltr'><strong>patiun-</strong></span> 
     </span>
    </p>
   </div>
   <div class='ocr_carea' id='block_1_43' title="bbox 190 2989 1776 3067">
    <p class='ocr_par' dir='ltr' id='par_1_43' title="bbox 190 2989 1776 3067">
     <span class='ocr_line' id='line_1_43' title="bbox 190 2989 1776 3067; baseline 0.013 -31"><span class='ocrx_word' id='word_1_358' title='bbox 190 2995 298 3052; x_wconf 87' lang='lat' dir='ltr'><strong>tur,</strong></span> <span class='ocrx_word' id='word_1_359' title='bbox 331 2996 388 3042; x_wconf 89' lang='lat' dir='ltr'><strong>et</strong></span> <span class='ocrx_word' id='word_1_360' title='bbox 411 3003 505 3042; x_wconf 84' lang='lat' dir='ltr'><strong>aer</strong></span> <span class='ocrx_word' id='word_1_361' title='bbox 535 2989 599 3042; x_wconf 89' lang='lat' dir='ltr'><strong>ab</strong></span> <span class='ocrx_word' id='word_1_362' title='bbox 633 2992 753 3059; x_wconf 80' lang='lat' dir='ltr'><strong>igne</strong></span> <span class='ocrx_word' id='word_1_363' title='bbox 788 2995 1056 3056; x_wconf 88' lang='lat' dir='ltr'><strong>sustinet,</strong></span> <span class='ocrx_word' id='word_1_364' title='bbox 1080 3007 1134 3049; x_wconf 81' lang='lat' dir='ltr'><strong>et</strong></span> <span class='ocrx_word' id='word_1_365' title='bbox 1164 2999 1314 3051; x_wconf 81' lang='lat' dir='ltr'><strong>testis</strong></span> <span class='ocrx_word' id='word_1_366' title='bbox 1348 2997 1461 3067; x_wconf 72' lang='lat'><strong>(‘25)</strong></span> <span class='ocrx_word' id='word_1_367' title='bbox 1509 3003 1776 3056; x_wconf 83' lang='lat' dir='ltr'><strong>sermonis</strong></span> 
     </span>
    </p>
   </div>
   <div class='ocr_carea' id='block_1_44' title="bbox 190 3077 1772 3146">
    <p class='ocr_par' dir='ltr' id='par_1_44' title="bbox 190 3077 1772 3146">
     <span class='ocr_line' id='line_1_44' title="bbox 190 3077 1772 3146; baseline 0.01 -16"><span class='ocrx_word' id='word_1_368' title='bbox 190 3077 420 3133; x_wconf 77' lang='lat' dir='ltr'><strong>ﬂammte</strong></span> <span class='ocrx_word' id='word_1_369' title='bbox 440 3089 566 3133; x_wconf 88' lang='lat' dir='ltr'><strong>sunt</strong></span> <span class='ocrx_word' id='word_1_370' title='bbox 593 3091 645 3134; x_wconf 87' lang='lat' dir='ltr'><strong>et</strong></span> <span class='ocrx_word' id='word_1_371' title='bbox 671 3083 922 3139; x_wconf 71' lang='lat' dir='ltr'><strong>lucernae.</strong></span> <span class='ocrx_word' id='word_1_372' title='bbox 960 3083 1084 3141; x_wconf 80' lang='lat' dir='ltr'><strong>Ideo</strong></span> <span class='ocrx_word' id='word_1_373' title='bbox 1113 3089 1258 3142; x_wconf 89' lang='lat' dir='ltr'><strong>enim</strong></span> <span class='ocrx_word' id='word_1_374' title='bbox 1281 3099 1596 3145; x_wconf 87' lang='lat' dir='ltr'><strong>attenuatur</strong></span> <span class='ocrx_word' id='word_1_375' title='bbox 1619 3090 1772 3146; x_wconf 82' lang='lat' dir='ltr'><strong>ﬂani-</strong></span> 
     </span>
    </p>
   </div>
   <div class='ocr_carea' id='block_1_45' title="bbox 182 3173 1767 3242">
    <p class='ocr_par' dir='ltr' id='par_1_45' title="bbox 182 3173 1767 3242">
     <span class='ocr_line' id='line_1_45' title="bbox 182 3173 1767 3242; baseline 0.012 -20"><span class='ocrx_word' id='word_1_376' title='bbox 182 3186 282 3224; x_wconf 74' lang='lat' dir='ltr'><strong>ma:</strong></span> <span class='ocrx_word' id='word_1_377' title='bbox 311 3173 614 3237; x_wconf 88' lang='lat' dir='ltr'><strong>summitas,</strong></span> <span class='ocrx_word' id='word_1_378' title='bbox 640 3175 762 3242; x_wconf 84' lang='lat' dir='ltr'><strong>quia</strong></span> <span class='ocrx_word' id='word_1_379' title='bbox 798 3176 982 3230; x_wconf 83' lang='lat' dir='ltr'><strong>incidit</strong></span> <span class='ocrx_word' id='word_1_380' title='bbox 1007 3179 1168 3232; x_wconf 88' lang='lat' dir='ltr'><strong>istum</strong></span> <span class='ocrx_word' id='word_1_381' title='bbox 1195 3183 1538 3238; x_wconf 79' lang='lat' dir='ltr'><strong>ambientem</strong></span> <span class='ocrx_word' id='word_1_382' title='bbox 1560 3200 1767 3242; x_wconf 85' lang='lat' dir='ltr'><strong>aerem.</strong></span> 
     </span>
    </p>
   </div>
   <div class='ocr_carea' id='block_1_46' title="bbox 180 3261 1771 3340">
    <p class='ocr_par' dir='ltr' id='par_1_46' title="bbox 180 3261 1771 3340">
     <span class='ocr_line' id='line_1_46' title="bbox 180 3261 1771 3340; baseline 0.009 -25"><span class='ocrx_word' id='word_1_383' title='bbox 180 3261 244 3316; x_wconf 81' lang='lat' dir='ltr'><strong>Et</strong></span> <span class='ocrx_word' id='word_1_384' title='bbox 277 3263 489 3318; x_wconf 83' lang='lat' dir='ltr'><strong>videtur</strong></span> <span class='ocrx_word' id='word_1_385' title='bbox 514 3265 724 3333; x_wconf 89' lang='lat' dir='ltr'><strong>quidem</strong></span> <span class='ocrx_word' id='word_1_386' title='bbox 779 3267 914 3336; x_wconf 81' lang='lat' dir='ltr'><strong>ignis</strong></span> <span class='ocrx_word' id='word_1_387' title='bbox 974 3286 1001 3322; x_wconf 89' lang='lat' dir='ltr'><strong>a</strong></span> <span class='ocrx_word' id='word_1_388' title='bbox 1050 3271 1378 3337; x_wconf 81' lang='lat' dir='ltr'><strong>videntibus,</strong></span> <span class='ocrx_word' id='word_1_389' title='bbox 1437 3277 1771 3340; x_wconf 75' lang='lat' dir='ltr'><strong>agnoscitur</strong></span> 
     </span>
    </p>
   </div>
   <div class='ocr_carea' id='block_1_47' title="bbox 175 3359 1769 3444">
    <p class='ocr_par' dir='ltr' id='par_1_47' title="bbox 175 3359 1769 3444">
     <span class='ocr_line' id='line_1_47' title="bbox 175 3359 1769 3444; baseline 0.01 -36"><span class='ocrx_word' id='word_1_390' title='bbox 175 3367 350 3411; x_wconf 87' lang='lat' dir='ltr'><strong>autem</strong></span> <span class='ocrx_word' id='word_1_391' title='bbox 387 3359 452 3413; x_wconf 90' lang='lat' dir='ltr'><strong>ab</strong></span> <span class='ocrx_word' id='word_1_392' title='bbox 481 3359 562 3412; x_wconf 85' lang='lat' dir='ltr'><strong>his</strong></span> <span class='ocrx_word' id='word_1_393' title='bbox 586 3361 673 3444; x_wconf 64' lang='grc' dir='ltr'><strong>(ιιιὶ</strong></span> <span class='ocrx_word' id='word_1_394' title='bbox 710 3372 930 3429; x_wconf 86' lang='lat' dir='ltr'><strong>possunt</strong></span> <span class='ocrx_word' id='word_1_395' title='bbox 957 3364 1070 3432; x_wconf 83' lang='lat' dir='ltr'><strong>ejus</strong></span> <span class='ocrx_word' id='word_1_396' title='bbox 1094 3375 1340 3419; x_wconf 88' lang='lat' dir='ltr'><strong>naturam</strong></span> <span class='ocrx_word' id='word_1_397' title='bbox 1369 3368 1573 3424; x_wconf 83' lang='lat' dir='ltr'><strong>videre</strong></span> <span class='ocrx_word' id='word_1_398' title='bbox 1594 3411 1608 3434; x_wconf 93' lang='lat'><strong>,</strong></span> <span class='ocrx_word' id='word_1_399' title='bbox 1644 3373 1769 3439; x_wconf 90' lang='lat' dir='ltr'><strong>quia</strong></span> 
     </span>
    </p>
   </div>
   <div class='ocr_carea' id='block_1_48' title="bbox 178 3449 1768 3525">
    <p class='ocr_par' dir='ltr' id='par_1_48' title="bbox 178 3449 1768 3525">
     <span class='ocr_line' id='line_1_48' title="bbox 178 3449 1768 3525; baseline 0.009 -24"><span class='ocrx_word' id='word_1_400' title='bbox 178 3450 244 3502; x_wconf 85' lang='lat' dir='ltr'><strong>ad</strong></span> <span class='ocrx_word' id='word_1_401' title='bbox 274 3464 427 3503; x_wconf 89' lang='lat' dir='ltr'><strong>suam</strong></span> <span class='ocrx_word' id='word_1_402' title='bbox 477 3449 694 3505; x_wconf 73' lang='lat' dir='ltr'><strong>festinat</strong></span> <span class='ocrx_word' id='word_1_403' title='bbox 730 3453 1001 3522; x_wconf 73' lang='lat' dir='ltr'><strong>regionem</strong></span> <span class='ocrx_word' id='word_1_404' title='bbox 1031 3494 1046 3515; x_wconf 85' lang='lat'><strong>,</strong></span> <span class='ocrx_word' id='word_1_405' title='bbox 1094 3456 1163 3509; x_wconf 81' lang='lat' dir='ltr'><strong>ad</strong></span> <span class='ocrx_word' id='word_1_406' title='bbox 1198 3458 1493 3525; x_wconf 82' lang='lat' dir='ltr'><strong>superiora</strong></span> <span class='ocrx_word' id='word_1_407' title='bbox 1538 3461 1768 3516; x_wconf 87' lang='lat' dir='ltr'><strong>scilicet.</strong></span> 
     </span>
    </p>
   </div>
   <div class='ocr_carea' id='block_1_49' title="bbox 180 3537 1770 3608">
    <p class='ocr_par' dir='ltr' id='par_1_49' title="bbox 180 3537 1770 3608">
     <span class='ocr_line' id='line_1_49' title="bbox 180 3537 1770 3608; baseline 0.006 -18"><span class='ocrx_word' id='word_1_408' title='bbox 180 3537 286 3593; x_wconf 81' lang='lat' dir='ltr'><strong>iste</strong></span> <span class='ocrx_word' id='word_1_409' title='bbox 316 3539 478 3608; x_wconf 76' lang='lat' dir='ltr'><strong>igitur</strong></span> <span class='ocrx_word' id='word_1_410' title='bbox 508 3539 890 3593; x_wconf 87' lang='lat' dir='ltr'><strong>subtilissimus</strong></span> <span class='ocrx_word' id='word_1_411' title='bbox 923 3540 1068 3606; x_wconf 76' lang='lat' dir='ltr'><strong>ignis</strong></span> <span class='ocrx_word' id='word_1_412' title='bbox 1106 3556 1232 3596; x_wconf 86' lang='lat' dir='ltr'><strong>cum</strong></span> <span class='ocrx_word' id='word_1_413' title='bbox 1281 3544 1355 3596; x_wconf 86' lang='lat' dir='ltr'><strong>sit</strong></span> <span class='ocrx_word' id='word_1_414' title='bbox 1400 3561 1541 3600; x_wconf 89' lang='lat' dir='ltr'><strong>unus</strong></span> <span class='ocrx_word' id='word_1_415' title='bbox 1592 3562 1622 3602; x_wconf 90' lang='lat' dir='ltr'><strong>e</strong></span> <span class='ocrx_word' id='word_1_416' title='bbox 1649 3562 1770 3601; x_wconf 84' lang='lat' dir='ltr'><strong>cor-</strong></span> 
     </span>
    </p>
   </div>
   <div class='ocr_carea' id='block_1_50' title="bbox 185 3630 1769 3700">
    <p class='ocr_par' dir='ltr' id='par_1_50' title="bbox 185 3630 1769 3700">
     <span class='ocr_line' id='line_1_50' title="bbox 185 3630 1769 3700; baseline 0.004 -16"><span class='ocrx_word' id='word_1_417' title='bbox 185 3630 425 3698; x_wconf 86' lang='lat' dir='ltr'><strong>poribus,</strong></span> <span class='ocrx_word' id='word_1_418' title='bbox 455 3634 733 3700; x_wconf 79' lang='lat' dir='ltr'><strong>proximus</strong></span> <span class='ocrx_word' id='word_1_419' title='bbox 762 3642 844 3685; x_wconf 91' lang='lat' dir='ltr'><strong>est</strong></span> <span class='ocrx_word' id='word_1_420' title='bbox 880 3632 1335 3700; x_wconf 86' lang='lat' dir='ltr'><strong>incorporalibus.</strong></span> <span class='ocrx_word' id='word_1_421' title='bbox 1376 3632 1593 3691; x_wconf 84' lang='lat' dir='ltr'><strong>Intuere</strong></span> <span class='ocrx_word' id='word_1_422' title='bbox 1623 3638 1769 3691; x_wconf 84' lang='lat' dir='ltr'><strong>enim</strong></span> 
     </span>
    </p>
   </div>
   <div class='ocr_carea' id='block_1_51' title="bbox 185 3722 1768 3800">
    <p class='ocr_par' dir='ltr' id='par_1_51' title="bbox 185 3722 1768 3800">
     <span class='ocr_line' id='line_1_51' title="bbox 185 3722 1768 3800; baseline 0.006 -27"><span class='ocrx_word' id='word_1_423' title='bbox 185 3731 418 3789; x_wconf 85' lang='lat' dir='ltr'><strong>quantas</strong></span> <span class='ocrx_word' id='word_1_424' title='bbox 446 3722 643 3778; x_wconf 86' lang='lat' dir='ltr'><strong>habeat</strong></span> <span class='ocrx_word' id='word_1_425' title='bbox 669 3724 1030 3800; x_wconf 80' lang='lat' dir='ltr'><strong>proprietates</strong></span> <span class='ocrx_word' id='word_1_426' title='bbox 1069 3723 1358 3778; x_wconf 86' lang='lat' dir='ltr'><strong>adversum</strong></span> <span class='ocrx_word' id='word_1_427' title='bbox 1410 3737 1606 3784; x_wconf 72' lang='lat' dir='ltr'><strong>caetera</strong></span> <span class='ocrx_word' id='word_1_428' title='bbox 1643 3744 1768 3783; x_wconf 87' lang='lat' dir='ltr'><strong>cor-</strong></span> 
     </span>
    </p>
   </div>
   <div class='ocr_carea' id='block_1_52' title="bbox 186 3812 1769 3884">
    <p class='ocr_par' dir='ltr' id='par_1_52' title="bbox 186 3812 1769 3884">
     <span class='ocr_line' id='line_1_52' title="bbox 186 3812 1769 3884; baseline 0.006 -18"><span class='ocrx_word' id='word_1_429' title='bbox 186 3827 337 3881; x_wconf 90' lang='lat' dir='ltr'><strong>pora.</strong></span> <span class='ocrx_word' id='word_1_430' title='bbox 377 3812 432 3865; x_wconf 89' lang='lat' dir='ltr'><strong>in</strong></span> <span class='ocrx_word' id='word_1_431' title='bbox 466 3815 630 3867; x_wconf 89' lang='lat' dir='ltr'><strong>certis</strong></span> <span class='ocrx_word' id='word_1_432' title='bbox 670 3818 815 3868; x_wconf 89' lang='lat' dir='ltr'><strong>enim</strong></span> <span class='ocrx_word' id='word_1_433' title='bbox 866 3815 1189 3884; x_wconf 89' lang='lat' dir='ltr'><strong>corporibus</strong></span> <span class='ocrx_word' id='word_1_434' title='bbox 1231 3817 1617 3876; x_wconf 85' lang='lat' dir='ltr'><strong>condiscamus</strong></span> <span class='ocrx_word' id='word_1_435' title='bbox 1667 3822 1769 3875; x_wconf 87' lang='lat' dir='ltr'><strong>im-</strong></span> 
     </span>
    </p>
   </div>
   <div class='ocr_carea' id='block_1_53' title="bbox 187 3903 1770 3971">
    <p class='ocr_par' dir='ltr' id='par_1_53' title="bbox 187 3903 1770 3971">
     <span class='ocr_line' id='line_1_53' title="bbox 187 3903 1770 3971; baseline 0.004 -13"><span class='ocrx_word' id='word_1_436' title='bbox 187 3903 395 3971; x_wconf 85' lang='lat' dir='ltr'><strong>perium</strong></span> <span class='ocrx_word' id='word_1_437' title='bbox 445 3917 566 3956; x_wconf 83' lang='lat' dir='ltr'><strong>esse</strong></span> <span class='ocrx_word' id='word_1_438' title='bbox 618 3903 894 3957; x_wconf 91' lang='lat' dir='ltr'><strong>subtilium</strong></span> <span class='ocrx_word' id='word_1_439' title='bbox 950 3918 1017 3957; x_wconf 90' lang='lat' dir='ltr'><strong>ne</strong></span> <span class='ocrx_word' id='word_1_440' title='bbox 1068 3919 1288 3960; x_wconf 86' lang='lat' dir='ltr'><strong>crassus</strong></span> <span class='ocrx_word' id='word_1_441' title='bbox 1332 3905 1560 3962; x_wconf 80' lang='lat' dir='ltr'><strong>eﬂ‘ectus</strong></span> <span class='ocrx_word' id='word_1_442' title='bbox 1610 3911 1770 3966; x_wconf 90' lang='lat' dir='ltr'><strong>cadat</strong></span> 
     </span>
    </p>
   </div>
   <div class='ocr_carea' id='block_1_54' title="bbox 187 3993 1764 4062">
    <p class='ocr_par' dir='ltr' id='par_1_54' title="bbox 187 3993 1764 4062">
     <span class='ocr_line' id='line_1_54' title="bbox 187 3993 1764 4062; baseline 0.007 -15"><span class='ocrx_word' id='word_1_443' title='bbox 187 3993 324 4047; x_wconf 88' lang='lat' dir='ltr'><strong>sicut</strong></span> <span class='ocrx_word' id='word_1_444' title='bbox 349 4002 406 4047; x_wconf 91' lang='lat' dir='ltr'><strong>et</strong></span> <span class='ocrx_word' id='word_1_445' title='bbox 429 4008 651 4062; x_wconf 90' lang='lat' dir='ltr'><strong>corpora</strong></span> <span class='ocrx_word' id='word_1_446' title='bbox 684 4009 866 4049; x_wconf 85' lang='lat' dir='ltr'><strong>crassa</strong></span> <span class='ocrx_word' id='word_1_447' title='bbox 903 4009 916 4046; x_wconf 87' lang='lat'><strong>:</strong></span> <span class='ocrx_word' id='word_1_448' title='bbox 957 3995 1056 4050; x_wconf 88' lang='lat' dir='ltr'><strong>sed</strong></span> <span class='ocrx_word' id='word_1_449' title='bbox 1100 4008 1334 4052; x_wconf 88' lang='lat' dir='ltr'><strong>mentem</strong></span> <span class='ocrx_word' id='word_1_450' title='bbox 1380 3999 1448 4054; x_wconf 91' lang='lat' dir='ltr'><strong>ad</strong></span> <span class='ocrx_word' id='word_1_451' title='bbox 1478 3999 1718 4057; x_wconf 77' lang='lat' dir='ltr'><strong>laetitiam</strong></span> <span class='ocrx_word' id='word_1_452' title='bbox 1751 4021 1764 4058; x_wconf 92' lang='lat'>:</span> 
     </span>
    </p>
   </div>
   <div class='ocr_carea' id='block_1_55' title="bbox 185 4087 1767 4161">
    <p class='ocr_par' dir='ltr' id='par_1_55' title="bbox 185 4087 1767 4161">
     <span class='ocr_line' id='line_1_55' title="bbox 185 4087 1767 4161; baseline 0.005 -19"><span class='ocrx_word' id='word_1_453' title='bbox 185 4087 510 4155; x_wconf 84' lang='lat' dir='ltr'><strong>corporibus</strong></span> <span class='ocrx_word' id='word_1_454' title='bbox 539 4089 758 4157; x_wconf 90' lang='lat' dir='ltr'><strong>quidem</strong></span> <span class='ocrx_word' id='word_1_455' title='bbox 807 4088 883 4143; x_wconf 89' lang='lat' dir='ltr'><strong>sis</strong></span> <span class='ocrx_word' id='word_1_456' title='bbox 916 4089 1051 4144; x_wconf 91' lang='lat' dir='ltr'><strong>liber</strong></span> <span class='ocrx_word' id='word_1_457' title='bbox 1073 4128 1089 4154; x_wconf 94' lang='lat'><strong>,</strong></span> <span class='ocrx_word' id='word_1_458' title='bbox 1125 4090 1194 4144; x_wconf 88' lang='lat' dir='ltr'><strong>ad</strong></span> <span class='ocrx_word' id='word_1_459' title='bbox 1229 4090 1546 4161; x_wconf 86' lang='lat' dir='ltr'><strong>incorporea</strong></span> <span class='ocrx_word' id='word_1_460' title='bbox 1583 4103 1767 4150; x_wconf 86' lang='lat' dir='ltr'><strong>autem</strong></span> 
     </span>
    </p>
   </div>
   <div class='ocr_carea' id='block_1_56' title="bbox 187 4177 1768 4252">
    <p class='ocr_par' dir='ltr' id='par_1_56' title="bbox 187 4177 1768 4252">
     <span class='ocr_line' id='line_1_56' title="bbox 187 4177 1768 4252; baseline 0.008 -20"><span class='ocrx_word' id='word_1_461' title='bbox 187 4177 427 4233; x_wconf 86' lang='lat' dir='ltr'><strong>festines.</strong></span> <span class='ocrx_word' id='word_1_462' title='bbox 481 4179 625 4250; x_wconf 84' lang='lat' dir='ltr'><strong>lgnis</strong></span> <span class='ocrx_word' id='word_1_463' title='bbox 677 4181 843 4249; x_wconf 80' lang='lat' dir='ltr'><strong>igitur</strong></span> <span class='ocrx_word' id='word_1_464' title='bbox 888 4182 1064 4251; x_wconf 90' lang='lat' dir='ltr'><strong>primo</strong></span> <span class='ocrx_word' id='word_1_465' title='bbox 1114 4183 1335 4252; x_wconf 87' lang='lat' dir='ltr'><strong>quidem</strong></span> <span class='ocrx_word' id='word_1_466' title='bbox 1384 4185 1566 4243; x_wconf 88' lang='lat' dir='ltr'><strong>dicam</strong></span> <span class='ocrx_word' id='word_1_467' title='bbox 1622 4187 1768 4244; x_wconf 88' lang='lat' dir='ltr'><strong>idem</strong></span> 
     </span>
    </p>
   </div>
   <div class='ocr_carea' id='block_1_57' title="bbox 188 4267 1765 4342">
    <p class='ocr_par' dir='ltr' id='par_1_57' title="bbox 188 4267 1765 4342">
     <span class='ocr_line' id='line_1_57' title="bbox 188 4267 1765 4342; baseline 0.007 -21"><span class='ocrx_word' id='word_1_468' title='bbox 188 4267 369 4337; x_wconf 71' lang='lat' dir='ltr'><strong>gloria:</strong></span> <span class='ocrx_word' id='word_1_469' title='bbox 393 4279 476 4322; x_wconf 80' lang='lat' dir='ltr'><strong>est</strong></span> <span class='ocrx_word' id='word_1_470' title='bbox 499 4285 660 4339; x_wconf 83' lang='lat' dir='ltr'><strong>supra</strong></span> <span class='ocrx_word' id='word_1_471' title='bbox 685 4272 865 4325; x_wconf 88' lang='lat' dir='ltr'><strong>omnia</strong></span> <span class='ocrx_word' id='word_1_472' title='bbox 895 4286 1123 4342; x_wconf 89' lang='lat' dir='ltr'><strong>corpora</strong></span> <span class='ocrx_word' id='word_1_473' title='bbox 1145 4312 1162 4338; x_wconf 93' lang='lat'><strong>,</strong></span> <span class='ocrx_word' id='word_1_474' title='bbox 1193 4284 1249 4328; x_wconf 90' lang='lat' dir='ltr'><strong>et</strong></span> <span class='ocrx_word' id='word_1_475' title='bbox 1291 4273 1569 4332; x_wconf 88' lang='lat' dir='ltr'><strong>illuminat</strong></span> <span class='ocrx_word' id='word_1_476' title='bbox 1603 4277 1709 4332; x_wconf 88' lang='lat' dir='ltr'><strong>alia</strong></span> <span class='ocrx_word' id='word_1_477' title='bbox 1751 4297 1765 4332; x_wconf 90' lang='lat'><strong>:</strong></span> 
     </span>
    </p>
   </div>
   <div class='ocr_carea' id='block_1_58' title="bbox 187 4363 1764 4422">
    <p class='ocr_par' dir='ltr' id='par_1_58' title="bbox 187 4363 1764 4422">
     <span class='ocr_line' id='line_1_58' title="bbox 187 4363 1764 4422; baseline 0.004 -7"><span class='ocrx_word' id='word_1_478' title='bbox 187 4376 247 4416; x_wconf 83' lang='lat' dir='ltr'><strong>se</strong></span> <span class='ocrx_word' id='word_1_479' title='bbox 273 4371 449 4414; x_wconf 87' lang='lat' dir='ltr'><strong>autem</strong></span> <span class='ocrx_word' id='word_1_480' title='bbox 487 4377 588 4416; x_wconf 93' lang='lat' dir='ltr'><strong>non</strong></span> <span class='ocrx_word' id='word_1_481' title='bbox 619 4363 771 4418; x_wconf 89' lang='lat' dir='ltr'><strong>facile</strong></span> <span class='ocrx_word' id='word_1_482' title='bbox 801 4365 870 4418; x_wconf 90' lang='lat' dir='ltr'><strong>ad</strong></span> <span class='ocrx_word' id='word_1_483' title='bbox 899 4364 1000 4418; x_wconf 88' lang='lat' dir='ltr'><strong>alia</strong></span> <span class='ocrx_word' id='word_1_484' title='bbox 1037 4363 1302 4418; x_wconf 83' lang='lat' dir='ltr'><strong>tenebrat.</strong></span> <span class='ocrx_word' id='word_1_485' title='bbox 1333 4363 1764 4422; x_wconf 76' lang='lat' dir='ltr'><strong>Penetratenim</strong></span> 
     </span>
    </p>
   </div>
   <div class='ocr_carea' id='block_1_59' title="bbox 1884 1895 3480 1964">
    <p class='ocr_par' dir='ltr' id='par_1_59' title="bbox 1884 1895 3480 1964">
     <span class='ocr_line' id='line_1_59' title="bbox 1884 1895 3480 1964; baseline 0.003 -18"><span class='ocrx_word' id='word_1_486' title='bbox 1884 1903 1967 1946; x_wconf 88' lang='lat' dir='ltr'><strong>est</strong></span> <span class='ocrx_word' id='word_1_487' title='bbox 2020 1907 2182 1963; x_wconf 85' lang='lat' dir='ltr'><strong>quam</strong></span> <span class='ocrx_word' id='word_1_488' title='bbox 2233 1895 2566 1964; x_wconf 88' lang='lat' dir='ltr'><strong>corruptela.</strong></span> <span class='ocrx_word' id='word_1_489' title='bbox 2616 1896 2770 1950; x_wconf 84' lang='lat' dir='ltr'><strong>Sicut</strong></span> <span class='ocrx_word' id='word_1_490' title='bbox 2819 1895 2964 1950; x_wconf 87' lang='lat' dir='ltr'><strong>enim</strong></span> <span class='ocrx_word' id='word_1_491' title='bbox 3008 1909 3039 1948; x_wconf 91' lang='lat' dir='ltr'><strong>a</strong></span> <span class='ocrx_word' id='word_1_492' title='bbox 3094 1895 3331 1951; x_wconf 88' lang='lat' dir='ltr'><strong>tenebris</strong></span> <span class='ocrx_word' id='word_1_493' title='bbox 3373 1910 3480 1950; x_wconf 92' lang='lat' dir='ltr'><strong>non</strong></span> 
     </span>
    </p>
   </div>
   <div class='ocr_carea' id='block_1_60' title="bbox 1884 1985 3475 2056">
    <p class='ocr_par' dir='ltr' id='par_1_60' title="bbox 1884 1985 3475 2056">
     <span class='ocr_line' id='line_1_60' title="bbox 1884 1985 3475 2056; baseline 0.003 -21"><span class='ocrx_word' id='word_1_494' title='bbox 1884 1985 2262 2048; x_wconf 87' lang='lat' dir='ltr'><strong>consumitur,</strong></span> <span class='ocrx_word' id='word_1_495' title='bbox 2310 1988 2404 2041; x_wconf 89' lang='lat' dir='ltr'><strong>sed</strong></span> <span class='ocrx_word' id='word_1_496' title='bbox 2471 1985 2784 2041; x_wconf 85' lang='lat' dir='ltr'><strong>cohabitare</strong></span> <span class='ocrx_word' id='word_1_497' title='bbox 2840 1986 3032 2040; x_wconf 88' lang='lat' dir='ltr'><strong>iisdem</strong></span> <span class='ocrx_word' id='word_1_498' title='bbox 3087 2001 3194 2040; x_wconf 92' lang='lat' dir='ltr'><strong>non</strong></span> <span class='ocrx_word' id='word_1_499' title='bbox 3251 1987 3475 2056; x_wconf 86' lang='lat' dir='ltr'><strong>patitur.</strong></span> 
     </span>
    </p>
   </div>
   <div class='ocr_carea' id='block_1_61' title="bbox 1884 2072 3480 2144">
    <p class='ocr_par' dir='ltr' id='par_1_61' title="bbox 1884 2072 3480 2144">
     <span class='ocr_line' id='line_1_61' title="bbox 1884 2072 3480 2144; baseline 0.001 -17"><span class='ocrx_word' id='word_1_500' title='bbox 1884 2072 2238 2132; x_wconf 89' lang='lat' dir='ltr'><strong>lmmutemus</strong></span> <span class='ocrx_word' id='word_1_501' title='bbox 2270 2085 2477 2141; x_wconf 89' lang='lat' dir='ltr'><strong>autem,</strong></span> <span class='ocrx_word' id='word_1_502' title='bbox 2505 2086 2564 2131; x_wconf 89' lang='lat' dir='ltr'><strong>et</strong></span> <span class='ocrx_word' id='word_1_503' title='bbox 2591 2077 2870 2132; x_wconf 84' lang='lat' dir='ltr'><strong>videamus</strong></span> <span class='ocrx_word' id='word_1_504' title='bbox 2918 2090 3042 2131; x_wconf 89' lang='lat' dir='ltr'><strong>cum</strong></span> <span class='ocrx_word' id='word_1_505' title='bbox 3073 2091 3213 2144; x_wconf 86' lang='lat' dir='ltr'><strong>aqua</strong></span> <span class='ocrx_word' id='word_1_506' title='bbox 3273 2077 3326 2132; x_wconf 92' lang='lat' dir='ltr'><strong>in</strong></span> <span class='ocrx_word' id='word_1_507' title='bbox 3377 2091 3480 2130; x_wconf 81' lang='lat' dir='ltr'><strong>vas</strong></span> 
     </span>
    </p>
   </div>
   <div class='ocr_carea' id='block_1_62' title="bbox 1883 2164 3476 2237">
    <p class='ocr_par' dir='ltr' id='par_1_62' title="bbox 1883 2164 3476 2237">
     <span class='ocr_line' id='line_1_62' title="bbox 1883 2164 3476 2237; baseline 0.003 -21"><span class='ocrx_word' id='word_1_508' title='bbox 1883 2164 2050 2219; x_wconf 90' lang='lat' dir='ltr'><strong>fuerit</strong></span> <span class='ocrx_word' id='word_1_509' title='bbox 2104 2165 2374 2230; x_wconf 89' lang='lat' dir='ltr'><strong>immissa,</strong></span> <span class='ocrx_word' id='word_1_510' title='bbox 2432 2178 2489 2222; x_wconf 91' lang='lat' dir='ltr'><strong>et</strong></span> <span class='ocrx_word' id='word_1_511' title='bbox 2532 2167 2772 2222; x_wconf 84' lang='lat' dir='ltr'><strong>oblatum</strong></span> <span class='ocrx_word' id='word_1_512' title='bbox 2802 2181 2894 2222; x_wconf 91' lang='lat' dir='ltr'><strong>vas</strong></span> <span class='ocrx_word' id='word_1_513' title='bbox 2935 2165 3099 2221; x_wconf 85' lang='lat' dir='ltr'><strong>fuerit</strong></span> <span class='ocrx_word' id='word_1_514' title='bbox 3126 2167 3259 2236; x_wconf 82' lang='lat' dir='ltr'><strong>igni,</strong></span> <span class='ocrx_word' id='word_1_515' title='bbox 3290 2167 3414 2237; x_wconf 85' lang='lat' dir='ltr'><strong>quis</strong></span> <span class='ocrx_word' id='word_1_516' title='bbox 3445 2182 3476 2220; x_wconf 88' lang='lat' dir='ltr'><strong>a</strong></span> 
     </span>
    </p>
   </div>
   <div class='ocr_carea' id='block_1_63' title="bbox 1882 2255 3480 2328">
    <p class='ocr_par' dir='ltr' id='par_1_63' title="bbox 1882 2255 3480 2328">
     <span class='ocr_line' id='line_1_63' title="bbox 1882 2255 3480 2328; baseline 0.003 -20"><span class='ocrx_word' id='word_1_517' title='bbox 1882 2269 1989 2325; x_wconf 89' lang='lat' dir='ltr'><strong>quo</strong></span> <span class='ocrx_word' id='word_1_518' title='bbox 2018 2255 2138 2312; x_wconf 88' lang='lat' dir='ltr'><strong>istic</strong></span> <span class='ocrx_word' id='word_1_519' title='bbox 2165 2258 2528 2322; x_wconf 87' lang='lat' dir='ltr'><strong>consumitur,</strong></span> <span class='ocrx_word' id='word_1_520' title='bbox 2557 2257 2690 2328; x_wconf 88' lang='lat' dir='ltr'><strong>quid</strong></span> <span class='ocrx_word' id='word_1_521' title='bbox 2734 2265 2914 2312; x_wconf 90' lang='lat' dir='ltr'><strong>autem</strong></span> <span class='ocrx_word' id='word_1_522' title='bbox 2945 2257 3108 2313; x_wconf 90' lang='lat' dir='ltr'><strong>veluti</strong></span> <span class='ocrx_word' id='word_1_523' title='bbox 3135 2272 3324 2327; x_wconf 67' lang='lat' dir='ltr'><strong>poenas</strong></span> <span class='ocrx_word' id='word_1_524' title='bbox 3359 2272 3480 2313; x_wconf 87' lang='lat' dir='ltr'><strong>sus-</strong></span> 
     </span>
    </p>
   </div>
   <div class='ocr_carea' id='block_1_64' title="bbox 1883 2348 3475 2420">
    <p class='ocr_par' dir='ltr' id='par_1_64' title="bbox 1883 2348 3475 2420">
     <span class='ocr_line' id='line_1_64' title="bbox 1883 2348 3475 2420; baseline 0.001 -18"><span class='ocrx_word' id='word_1_525' title='bbox 1883 2348 2054 2413; x_wconf 87' lang='lat' dir='ltr'><strong>tinet,</strong></span> <span class='ocrx_word' id='word_1_526' title='bbox 2097 2359 2152 2404; x_wconf 91' lang='lat' dir='ltr'><strong>et</strong></span> <span class='ocrx_word' id='word_1_527' title='bbox 2191 2359 2351 2404; x_wconf 88' lang='lat' dir='ltr'><strong>sonat</strong></span> <span class='ocrx_word' id='word_1_528' title='bbox 2401 2361 2456 2405; x_wconf 87' lang='lat' dir='ltr'><strong>et</strong></span> <span class='ocrx_word' id='word_1_529' title='bbox 2499 2349 2672 2404; x_wconf 90' lang='lat' dir='ltr'><strong>bullit.</strong></span> <span class='ocrx_word' id='word_1_530' title='bbox 2726 2349 2872 2418; x_wconf 86' lang='lat' dir='ltr'><strong>Ignis</strong></span> <span class='ocrx_word' id='word_1_531' title='bbox 2920 2348 3066 2404; x_wconf 88' lang='lat' dir='ltr'><strong>enim</strong></span> <span class='ocrx_word' id='word_1_532' title='bbox 3119 2363 3398 2420; x_wconf 90' lang='lat' dir='ltr'><strong>nunquam</strong></span> <span class='ocrx_word' id='word_1_533' title='bbox 3443 2365 3475 2404; x_wconf 84' lang='lat' dir='ltr'><strong>a</strong></span> 
     </span>
    </p>
   </div>
   <div class='ocr_carea' id='block_1_65' title="bbox 1882 2439 3482 2510">
    <p class='ocr_par' dir='ltr' id='par_1_65' title="bbox 1882 2439 3482 2510">
     <span class='ocr_line' id='line_1_65' title="bbox 1882 2439 3482 2510; baseline 0.002 -17"><span class='ocrx_word' id='word_1_534' title='bbox 1882 2439 2074 2510; x_wconf 84' lang='lat' dir='ltr'><strong>frigida</strong></span> <span class='ocrx_word' id='word_1_535' title='bbox 2106 2455 2246 2509; x_wconf 88' lang='lat' dir='ltr'><strong>aqua</strong></span> <span class='ocrx_word' id='word_1_536' title='bbox 2296 2441 2479 2496; x_wconf 87' lang='lat' dir='ltr'><strong>factus</strong></span> <span class='ocrx_word' id='word_1_537' title='bbox 2513 2452 2598 2496; x_wconf 91' lang='lat' dir='ltr'><strong>est</strong></span> <span class='ocrx_word' id='word_1_538' title='bbox 2635 2440 2864 2509; x_wconf 86' lang='lat' dir='ltr'><strong>frigidus</strong></span> <span class='ocrx_word' id='word_1_539' title='bbox 2901 2460 2915 2497; x_wconf 90' lang='lat'><strong>:</strong></span> <span class='ocrx_word' id='word_1_540' title='bbox 2960 2455 3102 2510; x_wconf 89' lang='lat' dir='ltr'><strong>aqua</strong></span> <span class='ocrx_word' id='word_1_541' title='bbox 3135 2449 3316 2496; x_wconf 89' lang='lat' dir='ltr'><strong>autem</strong></span> <span class='ocrx_word' id='word_1_542' title='bbox 3369 2441 3482 2496; x_wconf 84' lang='lat' dir='ltr'><strong>fre-</strong></span> 
     </span>
    </p>
   </div>
   <div class='ocr_carea' id='block_1_66' title="bbox 1880 2531 3483 2602">
    <p class='ocr_par' dir='ltr' id='par_1_66' title="bbox 1880 2531 3483 2602">
     <span class='ocr_line' id='line_1_66' title="bbox 1880 2531 3483 2602; baseline 0 -17"><span class='ocrx_word' id='word_1_543' title='bbox 1880 2540 2110 2601; x_wconf 90' lang='lat' dir='ltr'><strong>quenter</strong></span> <span class='ocrx_word' id='word_1_544' title='bbox 2131 2543 2184 2586; x_wconf 88' lang='lat' dir='ltr'><strong>et</strong></span> <span class='ocrx_word' id='word_1_545' title='bbox 2209 2546 2446 2602; x_wconf 87' lang='lat' dir='ltr'><strong>semper,</strong></span> <span class='ocrx_word' id='word_1_546' title='bbox 2481 2543 2539 2587; x_wconf 91' lang='lat' dir='ltr'><strong>ut</strong></span> <span class='ocrx_word' id='word_1_547' title='bbox 2567 2533 2641 2588; x_wconf 89' lang='lat' dir='ltr'><strong>ita</strong></span> <span class='ocrx_word' id='word_1_548' title='bbox 2666 2534 2865 2594; x_wconf 84' lang='lat' dir='ltr'><strong>dicam,</strong></span> <span class='ocrx_word' id='word_1_549' title='bbox 2885 2532 2953 2588; x_wconf 87' lang='lat' dir='ltr'><strong>ab</strong></span> <span class='ocrx_word' id='word_1_550' title='bbox 2976 2532 3099 2602; x_wconf 89' lang='lat' dir='ltr'><strong>igne</strong></span> <span class='ocrx_word' id='word_1_551' title='bbox 3127 2531 3362 2587; x_wconf 83' lang='lat' dir='ltr'><strong>eﬂicitur</strong></span> <span class='ocrx_word' id='word_1_552' title='bbox 3389 2547 3483 2588; x_wconf 82' lang='lat' dir='ltr'><strong>ca-</strong></span> 
     </span>
    </p>
   </div>
   <div class='ocr_carea' id='block_1_67' title="bbox 1880 2621 3477 2696">
    <p class='ocr_par' dir='ltr' id='par_1_67' title="bbox 1880 2621 3477 2696">
     <span class='ocr_line' id='line_1_67' title="bbox 1880 2621 3477 2696; baseline -0.002 -18"><span class='ocrx_word' id='word_1_553' title='bbox 1880 2623 2009 2682; x_wconf 86' lang='lat' dir='ltr'><strong>lida.</strong></span> <span class='ocrx_word' id='word_1_554' title='bbox 2037 2623 2180 2691; x_wconf 86' lang='lat' dir='ltr'><strong>Ergo</strong></span> <span class='ocrx_word' id='word_1_555' title='bbox 2222 2631 2278 2680; x_wconf 91' lang='lat' dir='ltr'><strong>et</strong></span> <span class='ocrx_word' id='word_1_556' title='bbox 2327 2625 2486 2690; x_wconf 85' lang='lat' dir='ltr'><strong>istic,</strong></span> <span class='ocrx_word' id='word_1_557' title='bbox 2536 2624 2662 2696; x_wconf 90' lang='lat' dir='ltr'><strong>quia</strong></span> <span class='ocrx_word' id='word_1_558' title='bbox 2727 2637 2867 2693; x_wconf 83' lang='lat' dir='ltr'><strong>aqua</strong></span> <span class='ocrx_word' id='word_1_559' title='bbox 2923 2622 3158 2677; x_wconf 84' lang='lat' dir='ltr'><strong>assumit</strong></span> <span class='ocrx_word' id='word_1_560' title='bbox 3213 2621 3477 2687; x_wconf 88' lang='lat' dir='ltr'><strong>calorem,</strong></span> 
     </span>
    </p>
   </div>
   <div class='ocr_carea' id='block_1_68' title="bbox 1883 2716 3480 2788">
    <p class='ocr_par' dir='ltr' id='par_1_68' title="bbox 1883 2716 3480 2788">
     <span class='ocr_line' id='line_1_68' title="bbox 1883 2716 3480 2788; baseline -0.001 -17"><span class='ocrx_word' id='word_1_561' title='bbox 1883 2718 2023 2788; x_wconf 80' lang='lat' dir='ltr'><strong>ignis</strong></span> <span class='ocrx_word' id='word_1_562' title='bbox 2060 2729 2241 2773; x_wconf 89' lang='lat' dir='ltr'><strong>autem</strong></span> <span class='ocrx_word' id='word_1_563' title='bbox 2300 2716 2600 2788; x_wconf 86' lang='lat' dir='ltr'><strong>frigdorem</strong></span> <span class='ocrx_word' id='word_1_564' title='bbox 2659 2729 2794 2772; x_wconf 82' lang='lat' dir='ltr'><strong>n‘on.</strong></span> <span class='ocrx_word' id='word_1_565' title='bbox 2819 2716 3055 2771; x_wconf 86' lang='lat' dir='ltr'><strong>admittit</strong></span> <span class='ocrx_word' id='word_1_566' title='bbox 3089 2732 3103 2767; x_wconf 93' lang='lat'><strong>:</strong></span> <span class='ocrx_word' id='word_1_567' title='bbox 3136 2716 3480 2771; x_wconf 89' lang='lat' dir='ltr'><strong>consumitur</strong></span> 
     </span>
    </p>
   </div>
   <div class='ocr_carea' id='block_1_69' title="bbox 1880 2808 3480 2879">
    <p class='ocr_par' dir='ltr' id='par_1_69' title="bbox 1880 2808 3480 2879">
     <span class='ocr_line' id='line_1_69' title="bbox 1880 2808 3480 2879; baseline -0.001 -17"><span class='ocrx_word' id='word_1_568' title='bbox 1880 2820 2058 2864; x_wconf 87' lang='lat' dir='ltr'><strong>autem</strong></span> <span class='ocrx_word' id='word_1_569' title='bbox 2089 2825 2228 2878; x_wconf 88' lang='lat' dir='ltr'><strong>aqua</strong></span> <span class='ocrx_word' id='word_1_570' title='bbox 2258 2812 2494 2879; x_wconf 88' lang='lat' dir='ltr'><strong>amplius</strong></span> <span class='ocrx_word' id='word_1_571' title='bbox 2539 2809 2801 2864; x_wconf 85' lang='lat' dir='ltr'><strong>calefacta</strong></span> <span class='ocrx_word' id='word_1_572' title='bbox 2823 2849 2837 2874; x_wconf 93' lang='lat'><strong>,</strong></span> <span class='ocrx_word' id='word_1_573' title='bbox 2870 2809 2939 2864; x_wconf 90' lang='lat' dir='ltr'><strong>ab</strong></span> <span class='ocrx_word' id='word_1_574' title='bbox 2982 2809 3125 2879; x_wconf 85' lang='lat' dir='ltr'><strong>igne,</strong></span> <span class='ocrx_word' id='word_1_575' title='bbox 3174 2818 3228 2864; x_wconf 92' lang='lat' dir='ltr'><strong>et</strong></span> <span class='ocrx_word' id='word_1_576' title='bbox 3263 2808 3480 2863; x_wconf 77' lang='lat' dir='ltr'><strong>fervens</strong></span> 
     </span>
    </p>
   </div>
   <div class='ocr_carea' id='block_1_70' title="bbox 1881 2898 3475 2970">
    <p class='ocr_par' dir='ltr' id='par_1_70' title="bbox 1881 2898 3475 2970">
     <span class='ocr_line' id='line_1_70' title="bbox 1881 2898 3475 2970; baseline 0 -18"><span class='ocrx_word' id='word_1_577' title='bbox 1881 2910 2068 2970; x_wconf 90' lang='lat' dir='ltr'><strong>utpote</strong></span> <span class='ocrx_word' id='word_1_578' title='bbox 2101 2909 2158 2956; x_wconf 91' lang='lat' dir='ltr'><strong>et</strong></span> <span class='ocrx_word' id='word_1_579' title='bbox 2190 2903 2387 2958; x_wconf 89' lang='lat' dir='ltr'><strong>emissa</strong></span> <span class='ocrx_word' id='word_1_580' title='bbox 2417 2911 2472 2957; x_wconf 92' lang='lat' dir='ltr'><strong>et</strong></span> <span class='ocrx_word' id='word_1_581' title='bbox 2501 2901 2765 2958; x_wconf 90' lang='lat' dir='ltr'><strong>ebulliens</strong></span> <span class='ocrx_word' id='word_1_582' title='bbox 2784 2941 2800 2967; x_wconf 93' lang='lat'><strong>,</strong></span> <span class='ocrx_word' id='word_1_583' title='bbox 2838 2898 2976 2970; x_wconf 89' lang='lat' dir='ltr'><strong>fugit</strong></span> <span class='ocrx_word' id='word_1_584' title='bbox 3003 2910 3188 2970; x_wconf 86' lang='lat' dir='ltr'><strong>partes</strong></span> <span class='ocrx_word' id='word_1_585' title='bbox 3217 2914 3475 2955; x_wconf 86' lang='lat' dir='ltr'><strong>vasorqu</strong></span> 
     </span>
    </p>
   </div>
   <div class='ocr_carea' id='block_1_71' title="bbox 1881 2990 3478 3062">
    <p class='ocr_par' dir='ltr' id='par_1_71' title="bbox 1881 2990 3478 3062">
     <span class='ocr_line' id='line_1_71' title="bbox 1881 2990 3478 3062; baseline 0.001 -19"><span class='ocrx_word' id='word_1_586' title='bbox 1881 2992 1946 3045; x_wconf 92' lang='lat' dir='ltr'><strong>ad</strong></span> <span class='ocrx_word' id='word_1_587' title='bbox 1973 3006 2109 3060; x_wconf 86' lang='lat' dir='ltr'><strong>quas</strong></span> <span class='ocrx_word' id='word_1_588' title='bbox 2137 2993 2586 3062; x_wconf 85' lang='lat' dir='ltr'><strong>propinquaverit</strong></span> <span class='ocrx_word' id='word_1_589' title='bbox 2614 2990 2754 3061; x_wconf 87' lang='lat' dir='ltr'><strong>ignis</strong></span> <span class='ocrx_word' id='word_1_590' title='bbox 2777 3030 2793 3057; x_wconf 97' lang='lat'><strong>,</strong></span> <span class='ocrx_word' id='word_1_591' title='bbox 2815 3000 2872 3046; x_wconf 89' lang='lat' dir='ltr'><strong>et</strong></span> <span class='ocrx_word' id='word_1_592' title='bbox 2916 3000 3141 3058; x_wconf 87' lang='lat' dir='ltr'><strong>urgetur</strong></span> <span class='ocrx_word' id='word_1_593' title='bbox 3169 2990 3406 3062; x_wconf 83' lang='lat' dir='ltr'><strong>eﬂ&#39;ugere</strong></span> <span class='ocrx_word' id='word_1_594' title='bbox 3444 3007 3478 3045; x_wconf 87' lang='lat' dir='ltr'><strong>e</strong></span> 
     </span>
    </p>
   </div>
   <div class='ocr_carea' id='block_1_72' title="bbox 1878 3080 3478 3151">
    <p class='ocr_par' dir='ltr' id='par_1_72' title="bbox 1878 3080 3478 3151">
     <span class='ocr_line' id='line_1_72' title="bbox 1878 3080 3478 3151; baseline 0.002 -18"><span class='ocrx_word' id='word_1_595' title='bbox 1878 3083 2024 3136; x_wconf 85' lang='lat' dir='ltr'><strong>vasis</strong></span> <span class='ocrx_word' id='word_1_596' title='bbox 2050 3091 2106 3136; x_wconf 89' lang='lat' dir='ltr'><strong>et</strong></span> <span class='ocrx_word' id='word_1_597' title='bbox 2130 3080 2356 3137; x_wconf 80' lang='lat' dir='ltr'><strong>eﬂ&#39;undi.</strong></span> <span class='ocrx_word' id='word_1_598' title='bbox 2399 3081 2514 3136; x_wconf 82' lang='lat' dir='ltr'><strong>Non</strong></span> <span class='ocrx_word' id='word_1_599' title='bbox 2539 3084 2683 3138; x_wconf 88' lang='lat' dir='ltr'><strong>enim</strong></span> <span class='ocrx_word' id='word_1_600' title='bbox 2710 3091 2890 3151; x_wconf 90' lang='lat' dir='ltr'><strong>potest</strong></span> <span class='ocrx_word' id='word_1_601' title='bbox 2917 3081 3058 3150; x_wconf 83' lang='lat' dir='ltr'><strong>ignis</strong></span> <span class='ocrx_word' id='word_1_602' title='bbox 3094 3080 3326 3137; x_wconf 81' lang='lat' dir='ltr'><strong>suﬂ‘erre</strong></span> <span class='ocrx_word' id='word_1_603' title='bbox 3356 3097 3478 3138; x_wconf 85' lang='lat' dir='ltr'><strong>cru-</strong></span> 
     </span>
    </p>
   </div>
   <div class='ocr_carea' id='block_1_73' title="bbox 1875 3173 3476 3244">
    <p class='ocr_par' dir='ltr' id='par_1_73' title="bbox 1875 3173 3476 3244">
     <span class='ocr_line' id='line_1_73' title="bbox 1875 3173 3476 3244; baseline 0 -16"><span class='ocrx_word' id='word_1_604' title='bbox 1875 3175 2074 3228; x_wconf 91' lang='lat' dir='ltr'><strong>ciatus.</strong></span> <span class='ocrx_word' id='word_1_605' title='bbox 2128 3173 2273 3243; x_wconf 85' lang='lat' dir='ltr'><strong>Ergo</strong></span> <span class='ocrx_word' id='word_1_606' title='bbox 2324 3175 2378 3228; x_wconf 93' lang='lat' dir='ltr'><strong>in</strong></span> <span class='ocrx_word' id='word_1_607' title='bbox 2427 3173 2552 3244; x_wconf 77' lang='lat' dir='ltr'><strong>istis</strong></span> <span class='ocrx_word' id='word_1_608' title='bbox 2604 3174 2860 3229; x_wconf 88' lang='lat' dir='ltr'><strong>omnibus</strong></span> <span class='ocrx_word' id='word_1_609' title='bbox 2904 3173 3190 3227; x_wconf 88' lang='lat' dir='ltr'><strong>subtiliora</strong></span> <span class='ocrx_word' id='word_1_610' title='bbox 3243 3188 3476 3243; x_wconf 87' lang='lat' dir='ltr'><strong>corpora</strong></span> 
     </span>
    </p>
   </div>
   <div class='ocr_carea' id='block_1_74' title="bbox 1876 3264 3474 3321">
    <p class='ocr_par' dir='ltr' id='par_1_74' title="bbox 1876 3264 3474 3321">
     <span class='ocr_line' id='line_1_74' title="bbox 1876 3264 3474 3321; baseline 0.001 -6"><span class='ocrx_word' id='word_1_611' title='bbox 1876 3264 2100 3319; x_wconf 83' lang='lat' dir='ltr'><strong>fortiora</strong></span> <span class='ocrx_word' id='word_1_612' title='bbox 2135 3275 2266 3319; x_wconf 89' lang='lat' dir='ltr'><strong>sunt</strong></span> <span class='ocrx_word' id='word_1_613' title='bbox 2299 3265 2516 3319; x_wconf 68' lang='lat' dir='ltr'><strong>caeteris</strong></span> <span class='ocrx_word' id='word_1_614' title='bbox 2550 3279 2562 3314; x_wconf 91' lang='lat'>:</span> <span class='ocrx_word' id='word_1_615' title='bbox 2607 3264 2843 3319; x_wconf 90' lang='lat' dir='ltr'><strong>secunda</strong></span> <span class='ocrx_word' id='word_1_616' title='bbox 2875 3275 3055 3318; x_wconf 88' lang='lat' dir='ltr'><strong>autem</strong></span> <span class='ocrx_word' id='word_1_617' title='bbox 3092 3279 3156 3318; x_wconf 89' lang='lat' dir='ltr'><strong>ea</strong></span> <span class='ocrx_word' id='word_1_618' title='bbox 3197 3278 3318 3321; x_wconf 86' lang='lat' dir='ltr'><strong>esse</strong></span> <span class='ocrx_word' id='word_1_619' title='bbox 3358 3266 3474 3318; x_wconf 84' lang='lat' dir='ltr'><strong>vir-</strong></span> 
     </span>
    </p>
   </div>
   <div class='ocr_carea' id='block_1_75' title="bbox 1872 3359 3477 3429">
    <p class='ocr_par' dir='ltr' id='par_1_75' title="bbox 1872 3359 3477 3429">
     <span class='ocr_line' id='line_1_75' title="bbox 1872 3359 3477 3429; baseline -0.002 -14"><span class='ocrx_word' id='word_1_620' title='bbox 1872 3370 2017 3426; x_wconf 85' lang='lat' dir='ltr'><strong>tute,</strong></span> <span class='ocrx_word' id='word_1_621' title='bbox 2047 3375 2168 3429; x_wconf 61' lang='lat' dir='ltr'><strong>que</strong></span> <span class='ocrx_word' id='word_1_622' title='bbox 2201 3361 2380 3415; x_wconf 89' lang='lat' dir='ltr'><strong>minus</strong></span> <span class='ocrx_word' id='word_1_623' title='bbox 2408 3359 2677 3414; x_wconf 89' lang='lat' dir='ltr'><strong>habentur</strong></span> <span class='ocrx_word' id='word_1_624' title='bbox 2721 3359 2775 3413; x_wconf 91' lang='lat' dir='ltr'><strong>in</strong></span> <span class='ocrx_word' id='word_1_625' title='bbox 2803 3359 3106 3413; x_wconf 86' lang='lat' dir='ltr'><strong>subtilitate</strong></span> <span class='ocrx_word' id='word_1_626' title='bbox 3131 3397 3147 3422; x_wconf 97' lang='lat'><strong>,</strong></span> <span class='ocrx_word' id='word_1_627' title='bbox 3195 3368 3249 3412; x_wconf 88' lang='lat' dir='ltr'><strong>et</strong></span> <span class='ocrx_word' id='word_1_628' title='bbox 3279 3372 3477 3413; x_wconf 84' lang='lat' dir='ltr'><strong>secun-</strong></span> 
     </span>
    </p>
   </div>
   <div class='ocr_carea' id='block_1_76' title="bbox 1873 3450 3478 3521">
    <p class='ocr_par' dir='ltr' id='par_1_76' title="bbox 1873 3450 3478 3521">
     <span class='ocr_line' id='line_1_76' title="bbox 1873 3450 3478 3521; baseline -0.001 -13"><span class='ocrx_word' id='word_1_629' title='bbox 1873 3453 2000 3508; x_wconf 92' lang='lat' dir='ltr'><strong>dum</strong></span> <span class='ocrx_word' id='word_1_630' title='bbox 2032 3453 2450 3521; x_wconf 87' lang='lat' dir='ltr'><strong>competentiam</strong></span> <span class='ocrx_word' id='word_1_631' title='bbox 2500 3450 2932 3519; x_wconf 82' lang='lat' dir='ltr'><strong>uniuscujusque</strong></span> <span class='ocrx_word' id='word_1_632' title='bbox 2982 3463 3158 3519; x_wconf 89' lang='lat' dir='ltr'><strong>usque</strong></span> <span class='ocrx_word' id='word_1_633' title='bbox 3207 3450 3275 3504; x_wconf 90' lang='lat' dir='ltr'><strong>ad</strong></span> <span class='ocrx_word' id='word_1_634' title='bbox 3315 3464 3478 3519; x_wconf 75' lang='lat' dir='ltr'><strong>quar-</strong></span> 
     </span>
    </p>
   </div>
   <div class='ocr_carea' id='block_1_77' title="bbox 1875 3540 3472 3604">
    <p class='ocr_par' dir='ltr' id='par_1_77' title="bbox 1875 3540 3472 3604">
     <span class='ocr_line' id='line_1_77' title="bbox 1875 3540 3472 3604; baseline 0.001 -10"><span class='ocrx_word' id='word_1_635' title='bbox 1875 3551 2008 3595; x_wconf 91' lang='lat' dir='ltr'><strong>tum.</strong></span> <span class='ocrx_word' id='word_1_636' title='bbox 2047 3540 2117 3597; x_wconf 89' lang='lat' dir='ltr'><strong>Ut</strong></span> <span class='ocrx_word' id='word_1_637' title='bbox 2145 3551 2326 3594; x_wconf 83' lang='lat' dir='ltr'><strong>autem</strong></span> <span class='ocrx_word' id='word_1_638' title='bbox 2353 3549 2408 3594; x_wconf 89' lang='lat' dir='ltr'><strong>et</strong></span> <span class='ocrx_word' id='word_1_639' title='bbox 2439 3541 2538 3594; x_wconf 87' lang='lat' dir='ltr'><strong>ista</strong></span> <span class='ocrx_word' id='word_1_640' title='bbox 2569 3541 2874 3604; x_wconf 87' lang='lat' dir='ltr'><strong>addantur,</strong></span> <span class='ocrx_word' id='word_1_641' title='bbox 2915 3540 3134 3593; x_wconf 84' lang='lat' dir='ltr'><strong>ﬂamma</strong></span> <span class='ocrx_word' id='word_1_642' title='bbox 3160 3540 3332 3594; x_wconf 89' lang='lat' dir='ltr'><strong>incisa</strong></span> <span class='ocrx_word' id='word_1_643' title='bbox 3363 3554 3472 3595; x_wconf 89' lang='lat' dir='ltr'><strong>non</strong></span> 
     </span>
    </p>
   </div>
   <div class='ocr_carea' id='block_1_78' title="bbox 1875 3630 3472 3694">
    <p class='ocr_par' dir='ltr' id='par_1_78' title="bbox 1875 3630 3472 3694">
     <span class='ocr_line' id='line_1_78' title="bbox 1875 3630 3472 3694; baseline -0.001 -8"><span class='ocrx_word' id='word_1_644' title='bbox 1875 3632 2149 3687; x_wconf 89' lang='lat' dir='ltr'><strong>inciditur.</strong></span> <span class='ocrx_word' id='word_1_645' title='bbox 2189 3631 2294 3686; x_wconf 84' lang='lat' dir='ltr'><strong>Sed</strong></span> <span class='ocrx_word' id='word_1_646' title='bbox 2323 3639 2378 3686; x_wconf 91' lang='lat' dir='ltr'><strong>et</strong></span> <span class='ocrx_word' id='word_1_647' title='bbox 2403 3631 2449 3686; x_wconf 93' lang='lat' dir='ltr'><strong>si</strong></span> <span class='ocrx_word' id='word_1_648' title='bbox 2489 3630 2728 3685; x_wconf 89' lang='lat' dir='ltr'><strong>volueris</strong></span> <span class='ocrx_word' id='word_1_649' title='bbox 2763 3644 3052 3685; x_wconf 87' lang='lat' dir='ltr'><strong>assumens</strong></span> <span class='ocrx_word' id='word_1_650' title='bbox 3098 3630 3304 3686; x_wconf 90' lang='lat' dir='ltr'><strong>ferrum</strong></span> <span class='ocrx_word' id='word_1_651' title='bbox 3327 3669 3342 3694; x_wconf 92' lang='lat'><strong>,</strong></span> <span class='ocrx_word' id='word_1_652' title='bbox 3373 3644 3472 3685; x_wconf 90' lang='lat' dir='ltr'><strong>aut</strong></span> 
     </span>
    </p>
   </div>
   <div class='ocr_carea' id='block_1_79' title="bbox 1872 3723 3469 3794">
    <p class='ocr_par' dir='ltr' id='par_1_79' title="bbox 1872 3723 3469 3794">
     <span class='ocr_line' id='line_1_79' title="bbox 1872 3723 3469 3794; baseline 0.001 -16"><span class='ocrx_word' id='word_1_653' title='bbox 1872 3724 2015 3778; x_wconf 91' lang='lat' dir='ltr'><strong>aliud</strong></span> <span class='ocrx_word' id='word_1_654' title='bbox 2041 3724 2245 3794; x_wconf 90' lang='lat' dir='ltr'><strong>aliquid</strong></span> <span class='ocrx_word' id='word_1_655' title='bbox 2271 3726 2417 3793; x_wconf 89' lang='lat' dir='ltr'><strong>quod</strong></span> <span class='ocrx_word' id='word_1_656' title='bbox 2463 3724 2679 3778; x_wconf 90' lang='lat' dir='ltr'><strong>videtur</strong></span> <span class='ocrx_word' id='word_1_657' title='bbox 2721 3723 2999 3787; x_wconf 90' lang='lat' dir='ltr'><strong>incidere,</strong></span> <span class='ocrx_word' id='word_1_658' title='bbox 3025 3731 3082 3778; x_wconf 88' lang='lat' dir='ltr'><strong>et</strong></span> <span class='ocrx_word' id='word_1_659' title='bbox 3119 3723 3190 3779; x_wconf 89' lang='lat' dir='ltr'><strong>ad</strong></span> <span class='ocrx_word' id='word_1_660' title='bbox 3233 3723 3469 3780; x_wconf 87' lang='lat' dir='ltr'><strong>alteram</strong></span> 
     </span>
    </p>
   </div>
   <div class='ocr_carea' id='block_1_80' title="bbox 1871 3814 3470 3890">
    <p class='ocr_par' dir='ltr' id='par_1_80' title="bbox 1871 3814 3470 3890">
     <span class='ocr_line' id='line_1_80' title="bbox 1871 3814 3470 3890; baseline -0.002 -18"><span class='ocrx_word' id='word_1_661' title='bbox 1871 3817 2189 3890; x_wconf 77' lang='lat' dir='ltr'><strong>perduxeris</strong></span> <span class='ocrx_word' id='word_1_662' title='bbox 2219 3827 2427 3886; x_wconf 89' lang='lat' dir='ltr'><strong>partem</strong></span> <span class='ocrx_word' id='word_1_663' title='bbox 2455 3831 2548 3886; x_wconf 90' lang='lat' dir='ltr'><strong>per</strong></span> <span class='ocrx_word' id='word_1_664' title='bbox 2575 3816 2874 3879; x_wconf 88' lang='lat' dir='ltr'><strong>ﬂammam,</strong></span> <span class='ocrx_word' id='word_1_665' title='bbox 2902 3824 3088 3868; x_wconf 87' lang='lat' dir='ltr'><strong>manet</strong></span> <span class='ocrx_word' id='word_1_666' title='bbox 3113 3823 3248 3881; x_wconf 93' lang='lat' dir='ltr'><strong>tota,</strong></span> <span class='ocrx_word' id='word_1_667' title='bbox 3287 3822 3342 3869; x_wconf 94' lang='lat' dir='ltr'><strong>et</strong></span> <span class='ocrx_word' id='word_1_668' title='bbox 3383 3814 3470 3869; x_wconf 82' lang='lat' dir='ltr'><strong>in-</strong></span> 
     </span>
    </p>
   </div>
   <div class='ocr_carea' id='block_1_81' title="bbox 1873 3907 3472 3979">
    <p class='ocr_par' dir='ltr' id='par_1_81' title="bbox 1873 3907 3472 3979">
     <span class='ocr_line' id='line_1_81' title="bbox 1873 3907 3472 3979; baseline 0.001 -13"><span class='ocrx_word' id='word_1_669' title='bbox 1873 3911 2134 3967; x_wconf 82' lang='lat' dir='ltr'><strong>cisioneni</strong></span> <span class='ocrx_word' id='word_1_670' title='bbox 2165 3926 2276 3966; x_wconf 91' lang='lat' dir='ltr'><strong>non</strong></span> <span class='ocrx_word' id='word_1_671' title='bbox 2327 3909 2580 3979; x_wconf 86' lang='lat' dir='ltr'><strong>suscipit.</strong></span> <span class='ocrx_word' id='word_1_672' title='bbox 2639 3908 2704 3962; x_wconf 79' lang='lat' dir='ltr'><strong>Si</strong></span> <span class='ocrx_word' id='word_1_673' title='bbox 2749 3909 2936 3962; x_wconf 63' lang='lat' dir='ltr'><strong>autem</strong></span> <span class='ocrx_word' id='word_1_674' title='bbox 2977 3920 3087 3962; x_wconf 90' lang='lat' dir='ltr'><strong>non</strong></span> <span class='ocrx_word' id='word_1_675' title='bbox 3121 3907 3472 3967; x_wconf 80' lang='lat' dir='ltr'><strong>intellexistis</strong></span> 
     </span>
    </p>
   </div>
   <div class='ocr_carea' id='block_1_82' title="bbox 1871 3996 3470 4071">
    <p class='ocr_par' dir='ltr' id='par_1_82' title="bbox 1871 3996 3470 4071">
     <span class='ocr_line' id='line_1_82' title="bbox 1871 3996 3470 4071; baseline -0.002 -13"><span class='ocrx_word' id='word_1_676' title='bbox 1871 4001 2013 4071; x_wconf 73' lang='lat' dir='ltr'><strong>Quod</strong></span> <span class='ocrx_word' id='word_1_677' title='bbox 2039 4001 2245 4056; x_wconf 90' lang='lat' dir='ltr'><strong>dictum</strong></span> <span class='ocrx_word' id='word_1_678' title='bbox 2273 4010 2378 4065; x_wconf 90' lang='lat' dir='ltr'><strong>est,</strong></span> <span class='ocrx_word' id='word_1_679' title='bbox 2411 4011 2754 4055; x_wconf 87' lang='lat' dir='ltr'><strong>transeamus</strong></span> <span class='ocrx_word' id='word_1_680' title='bbox 2781 3997 2849 4053; x_wconf 87' lang='lat' dir='ltr'><strong>ad</strong></span> <span class='ocrx_word' id='word_1_681' title='bbox 2895 3996 3082 4052; x_wconf 86' lang='lat' dir='ltr'><strong>radios</strong></span> <span class='ocrx_word' id='word_1_682' title='bbox 3116 3997 3248 4052; x_wconf 81' lang='lat' dir='ltr'><strong>solis</strong></span> <span class='ocrx_word' id='word_1_683' title='bbox 3287 4015 3302 4052; x_wconf 89' lang='lat'><strong>:</strong></span> <span class='ocrx_word' id='word_1_684' title='bbox 3333 3997 3470 4055; x_wconf 87' lang='lat' dir='ltr'><strong>istos</strong></span> 
     </span>
    </p>
   </div>
   <div class='ocr_carea' id='block_1_83' title="bbox 1873 4088 3470 4161">
    <p class='ocr_par' dir='ltr' id='par_1_83' title="bbox 1873 4088 3470 4161">
     <span class='ocr_line' id='line_1_83' title="bbox 1873 4088 3470 4161; baseline -0.002 -13"><span class='ocrx_word' id='word_1_685' title='bbox 1873 4091 2176 4148; x_wconf 85' lang='lat' dir='ltr'><strong>sivoluerit</strong></span> <span class='ocrx_word' id='word_1_686' title='bbox 2203 4093 2325 4161; x_wconf 90' lang='lat' dir='ltr'><strong>quis</strong></span> <span class='ocrx_word' id='word_1_687' title='bbox 2376 4091 2616 4145; x_wconf 88' lang='lat' dir='ltr'><strong>incidere</strong></span> <span class='ocrx_word' id='word_1_688' title='bbox 2647 4090 2861 4159; x_wconf 91' lang='lat' dir='ltr'><strong>gladio,</strong></span> <span class='ocrx_word' id='word_1_689' title='bbox 2906 4089 2960 4144; x_wconf 89' lang='lat' dir='ltr'><strong>in</strong></span> <span class='ocrx_word' id='word_1_690' title='bbox 3014 4088 3262 4144; x_wconf 86' lang='lat' dir='ltr'><strong>inferiori</strong></span> <span class='ocrx_word' id='word_1_691' title='bbox 3314 4098 3470 4161; x_wconf 82' lang='lat' dir='ltr'><strong>parte</strong></span> 
     </span>
    </p>
   </div>
   <div class='ocr_carea' id='block_1_84' title="bbox 1874 4182 3468 4242">
    <p class='ocr_par' dir='ltr' id='par_1_84' title="bbox 1874 4182 3468 4242">
     <span class='ocr_line' id='line_1_84' title="bbox 1874 4182 3468 4242; baseline -0.003 -3"><span class='ocrx_word' id='word_1_692' title='bbox 1874 4200 1978 4240; x_wconf 92' lang='lat' dir='ltr'><strong>non</strong></span> <span class='ocrx_word' id='word_1_693' title='bbox 2014 4185 2360 4242; x_wconf 66' lang='lat' dir='ltr'><strong>invenientur</strong></span> <span class='ocrx_word' id='word_1_694' title='bbox 2402 4201 2416 4238; x_wconf 88' lang='lat'><strong>:</strong></span> <span class='ocrx_word' id='word_1_695' title='bbox 2459 4197 2675 4238; x_wconf 87' lang='lat' dir='ltr'><strong>sursum</strong></span> <span class='ocrx_word' id='word_1_696' title='bbox 2722 4182 2867 4237; x_wconf 87' lang='lat' dir='ltr'><strong>enim</strong></span> <span class='ocrx_word' id='word_1_697' title='bbox 2906 4190 3194 4237; x_wconf 84' lang='lat' dir='ltr'><strong>remanent</strong></span> <span class='ocrx_word' id='word_1_698' title='bbox 3235 4197 3341 4236; x_wconf 90' lang='lat' dir='ltr'><strong>non</strong></span> <span class='ocrx_word' id='word_1_699' title='bbox 3383 4182 3468 4237; x_wconf 91' lang='lat' dir='ltr'><strong>in-</strong></span> 
     </span>
    </p>
   </div>
   <div class='ocr_carea' id='block_1_85' title="bbox 1871 4272 3464 4345">
    <p class='ocr_par' dir='ltr' id='par_1_85' title="bbox 1871 4272 3464 4345">
     <span class='ocr_line' id='line_1_85' title="bbox 1871 4272 3464 4345; baseline -0.003 -13"><span class='ocrx_word' id='word_1_700' title='bbox 1871 4279 1991 4334; x_wconf 88' lang='lat' dir='ltr'><strong>cisi.</strong></span> <span class='ocrx_word' id='word_1_701' title='bbox 2021 4277 2101 4332; x_wconf 83' lang='lat' dir='ltr'><strong>Ita</strong></span> <span class='ocrx_word' id='word_1_702' title='bbox 2140 4287 2195 4332; x_wconf 92' lang='lat' dir='ltr'><strong>et</strong></span> <span class='ocrx_word' id='word_1_703' title='bbox 2229 4275 2468 4341; x_wconf 87' lang='lat' dir='ltr'><strong>ﬂamma,</strong></span> <span class='ocrx_word' id='word_1_704' title='bbox 2501 4275 2591 4330; x_wconf 91' lang='lat' dir='ltr'><strong>ubi</strong></span> <span class='ocrx_word' id='word_1_705' title='bbox 2615 4275 2736 4345; x_wconf 88' lang='lat' dir='ltr'><strong>ejus</strong></span> <span class='ocrx_word' id='word_1_706' title='bbox 2776 4273 2939 4329; x_wconf 83' lang='lat' dir='ltr'><strong>fuerit</strong></span> <span class='ocrx_word' id='word_1_707' title='bbox 2969 4272 3160 4338; x_wconf 83' lang='lat' dir='ltr'><strong>radix,</strong></span> <span class='ocrx_word' id='word_1_708' title='bbox 3208 4273 3318 4329; x_wconf 91' lang='lat' dir='ltr'><strong>illic</strong></span> <span class='ocrx_word' id='word_1_709' title='bbox 3354 4281 3464 4333; x_wconf 84' lang='lat' dir='ltr'><strong>tota</strong></span> 
     </span>
    </p>
   </div>
   <div class='ocr_carea' id='block_1_86' title="bbox 1872 4361 3467 4440">
    <p class='ocr_par' dir='ltr' id='par_1_86' title="bbox 1872 4361 3467 4440">
     <span class='ocr_line' id='line_1_86' title="bbox 1872 4361 3467 4440; baseline -0.003 -18"><span class='ocrx_word' id='word_1_710' title='bbox 1872 4369 2163 4438; x_wconf 70' lang='lat' dir='ltr'><strong>colligitur.</strong></span> <span class='ocrx_word' id='word_1_711' title='bbox 2202 4366 2316 4421; x_wconf 84' lang='lat' dir='ltr'><strong>Non</strong></span> <span class='ocrx_word' id='word_1_712' title='bbox 2346 4376 2431 4421; x_wconf 86' lang='lat' dir='ltr'><strong>est</strong></span> <span class='ocrx_word' id='word_1_713' title='bbox 2460 4366 2604 4421; x_wconf 82' lang='lat' dir='ltr'><strong>enim</strong></span> <span class='ocrx_word' id='word_1_714' title='bbox 2638 4365 3079 4440; x_wconf 18' lang='lat' dir='ltr'><strong>videreﬂpartem</strong></span> <span class='ocrx_word' id='word_1_715' title='bbox 3123 4361 3354 4418; x_wconf 65' lang='lat' dir='ltr'><strong>ﬂamma</strong></span> <span class='ocrx_word' id='word_1_716' title='bbox 3380 4378 3467 4418; x_wconf 82' lang='lat' dir='ltr'><strong>su-</strong></span> 
     </span>
    </p>
   </div>
   <div class='ocr_carea' id='block_1_87' title="bbox 188 4455 3466 4540">
    <p class='ocr_par' dir='ltr' id='par_1_87' title="bbox 188 4455 3466 4540">
     <span class='ocr_line' id='line_1_87' title="bbox 188 4455 3466 4540; baseline 0.002 -35"><span class='ocrx_word' id='word_1_717' title='bbox 188 4467 280 4520; x_wconf 86' lang='lat' dir='ltr'><strong>per</strong></span> <span class='ocrx_word' id='word_1_718' title='bbox 306 4467 518 4517; x_wconf 80' lang='lat' dir='ltr'><strong>omnes,</strong></span> <span class='ocrx_word' id='word_1_719' title='bbox 550 4465 604 4508; x_wconf 86' lang='lat' dir='ltr'><strong>et</strong></span> <span class='ocrx_word' id='word_1_720' title='bbox 650 4455 894 4510; x_wconf 88' lang='lat' dir='ltr'><strong>dissolvit</strong></span> <span class='ocrx_word' id='word_1_721' title='bbox 933 4458 1113 4511; x_wconf 89' lang='lat' dir='ltr'><strong>omnia</strong></span> <span class='ocrx_word' id='word_1_722' title='bbox 1156 4471 1406 4526; x_wconf 86' lang='lat' dir='ltr'><strong>corpora.</strong></span> <span class='ocrx_word' id='word_1_723' title='bbox 1441 4457 1760 4528; x_wconf 83' lang='lat' dir='ltr'><strong>Quanquam</strong></span> <span class='ocrx_word' id='word_1_724' title='bbox 1796 4486 1840 4540; x_wconf 75' lang='grc' dir='ltr'><strong>ο</strong></span> <span class='ocrx_word' id='word_1_725' title='bbox 1872 4462 2058 4532; x_wconf 83' lang='lat' dir='ltr'><strong>peritis</strong></span> <span class='ocrx_word' id='word_1_726' title='bbox 2080 4461 2262 4530; x_wconf 88' lang='lat' dir='ltr'><strong>gladio</strong></span> <span class='ocrx_word' id='word_1_727' title='bbox 2293 4460 2517 4513; x_wconf 86' lang='lat' dir='ltr'><strong>incisam</strong></span> <span class='ocrx_word' id='word_1_728' title='bbox 2545 4469 2850 4519; x_wconf 82' lang='lat' dir='ltr'><strong>remanere,</strong></span> <span class='ocrx_word' id='word_1_729' title='bbox 2886 4462 3097 4525; x_wconf 88' lang='lat' dir='ltr'><strong>partem</strong></span> <span class='ocrx_word' id='word_1_730' title='bbox 3152 4465 3336 4509; x_wconf 88' lang='lat' dir='ltr'><strong>autem</strong></span> <span class='ocrx_word' id='word_1_731' title='bbox 3381 4457 3466 4510; x_wconf 89' lang='lat' dir='ltr'><strong>ln-</strong></span> 
     </span>
    </p>
   </div>
   <div class='ocr_carea' id='block_1_88' title="bbox 187 4542 1763 4619">
    <p class='ocr_par' dir='ltr' id='par_1_88' title="bbox 187 4542 1763 4619">
     <span class='ocr_line' id='line_1_88' title="bbox 187 4542 1763 4619; baseline 0.007 -24"><span class='ocrx_word' id='word_1_732' title='bbox 187 4542 329 4595; x_wconf 89' lang='lat' dir='ltr'><strong>euim</strong></span> <span class='ocrx_word' id='word_1_733' title='bbox 362 4557 510 4610; x_wconf 71' lang='lat' dir='ltr'><strong>petra</strong></span> <span class='ocrx_word' id='word_1_734' title='bbox 549 4547 622 4598; x_wconf 90' lang='lat' dir='ltr'><strong>ita</strong></span> <span class='ocrx_word' id='word_1_735' title='bbox 660 4555 744 4599; x_wconf 90' lang='lat' dir='ltr'><strong>est</strong></span> <span class='ocrx_word' id='word_1_736' title='bbox 768 4547 931 4613; x_wconf 90' lang='lat' dir='ltr'><strong>dura,</strong></span> <span class='ocrx_word' id='word_1_737' title='bbox 967 4557 1062 4600; x_wconf 92' lang='lat' dir='ltr'><strong>aut</strong></span> <span class='ocrx_word' id='word_1_738' title='bbox 1112 4561 1232 4619; x_wconf 63' lang='lat' dir='ltr'><strong>qua</strong></span> <span class='ocrx_word' id='word_1_739' title='bbox 1264 4558 1444 4618; x_wconf 78' lang='lat' dir='ltr'><strong>potest</strong></span> <span class='ocrx_word' id='word_1_740' title='bbox 1496 4549 1763 4606; x_wconf 80' lang='lat' dir='ltr'><strong>confabu-</strong></span> 
     </span>
    </p>
   </div>
   <div class='ocr_carea' id='block_1_89' title="bbox 187 4633 1766 4704">
    <p class='ocr_par' dir='ltr' id='par_1_89' title="bbox 187 4633 1766 4704">
     <span class='ocr_line' id='line_1_89' title="bbox 187 4633 1766 4704; baseline 0.008 -19"><span class='ocrx_word' id='word_1_741' title='bbox 187 4633 292 4687; x_wconf 87' lang='lat' dir='ltr'><strong>lata</strong></span> <span class='ocrx_word' id='word_1_742' title='bbox 341 4634 454 4704; x_wconf 69' lang='grc'>(95)</span> <span class='ocrx_word' id='word_1_743' title='bbox 499 4636 729 4691; x_wconf 71' lang='lat' dir='ltr'><strong>ﬂammae</strong></span> <span class='ocrx_word' id='word_1_744' title='bbox 775 4653 882 4692; x_wconf 86' lang='lat' dir='ltr'><strong>non</strong></span> <span class='ocrx_word' id='word_1_745' title='bbox 956 4642 1246 4696; x_wconf 87' lang='lat' dir='ltr'><strong>ostendere</strong></span> <span class='ocrx_word' id='word_1_746' title='bbox 1306 4640 1590 4696; x_wconf 88' lang='lat' dir='ltr'><strong>fortiorem</strong></span> <span class='ocrx_word' id='word_1_747' title='bbox 1643 4658 1766 4699; x_wconf 85' lang='lat' dir='ltr'><strong>esse</strong></span> 
     </span>
    </p>
   </div>
   <div class='ocr_carea' id='block_1_90' title="bbox 186 4725 1766 4790">
    <p class='ocr_par' dir='ltr' id='par_1_90' title="bbox 186 4725 1766 4790">
     <span class='ocr_line' id='line_1_90' title="bbox 186 4725 1766 4790; baseline 0.006 -11"><span class='ocrx_word' id='word_1_748' title='bbox 186 4725 411 4781; x_wconf 67' lang='lat' dir='ltr'><strong>ﬂamma</strong></span> <span class='ocrx_word' id='word_1_749' title='bbox 442 4727 693 4781; x_wconf 84' lang='lat' dir='ltr'><strong>virtutem</strong></span> <span class='ocrx_word' id='word_1_750' title='bbox 719 4742 752 4783; x_wconf 80' lang='lat' dir='ltr'><strong>&#39;a</strong></span> <span class='ocrx_word' id='word_1_751' title='bbox 782 4730 866 4784; x_wconf 88' lang='lat' dir='ltr'><strong>sui</strong></span> <span class='ocrx_word' id='word_1_752' title='bbox 917 4742 1110 4785; x_wconf 88' lang='lat' dir='ltr'><strong>natura</strong></span> <span class='ocrx_word' id='word_1_753' title='bbox 1147 4747 1164 4786; x_wconf 83' lang='lat'><strong>:</strong></span> <span class='ocrx_word' id='word_1_754' title='bbox 1202 4731 1477 4787; x_wconf 89' lang='lat' dir='ltr'><strong>emollitur</strong></span> <span class='ocrx_word' id='word_1_755' title='bbox 1517 4734 1662 4788; x_wconf 87' lang='lat' dir='ltr'><strong>enim</strong></span> <span class='ocrx_word' id='word_1_756' title='bbox 1711 4747 1766 4790; x_wconf 89' lang='lat' dir='ltr'><strong>et</strong></span> 
     </span>
    </p>
   </div>
   <div class='ocr_carea' id='block_1_91' title="bbox 186 4816 1763 4891">
    <p class='ocr_par' dir='ltr' id='par_1_91' title="bbox 186 4816 1763 4891">
     <span class='ocr_line' id='line_1_91' title="bbox 186 4816 1763 4891; baseline 0.009 -22"><span class='ocrx_word' id='word_1_757' title='bbox 186 4816 386 4871; x_wconf 77' lang='lat' dir='ltr'><strong>ferrum</strong></span> <span class='ocrx_word' id='word_1_758' title='bbox 421 4832 516 4887; x_wconf 86' lang='lat' dir='ltr'><strong>per</strong></span> <span class='ocrx_word' id='word_1_759' title='bbox 548 4819 743 4888; x_wconf 79' lang='lat' dir='ltr'><strong>ignem.</strong></span> <span class='ocrx_word' id='word_1_760' title='bbox 777 4822 1036 4888; x_wconf 88' lang='lat' dir='ltr'><strong>probatur</strong></span> <span class='ocrx_word' id='word_1_761' title='bbox 1079 4834 1133 4877; x_wconf 89' lang='lat' dir='ltr'><strong>et</strong></span> <span class='ocrx_word' id='word_1_762' title='bbox 1164 4840 1378 4891; x_wconf 87' lang='lat' dir='ltr'><strong>aurum,</strong></span> <span class='ocrx_word' id='word_1_763' title='bbox 1406 4826 1621 4882; x_wconf 88' lang='lat' dir='ltr'><strong>colatur</strong></span> <span class='ocrx_word' id='word_1_764' title='bbox 1674 4845 1763 4882; x_wconf 85' lang='lat' dir='ltr'><strong>ar-</strong></span> 
     </span>
    </p>
   </div>
   <div class='ocr_carea' id='block_1_92' title="bbox 185 4907 1764 4984">
    <p class='ocr_par' dir='ltr' id='par_1_92' title="bbox 185 4907 1764 4984">
     <span class='ocr_line' id='line_1_92' title="bbox 185 4907 1764 4984; baseline 0.006 -21"><span class='ocrx_word' id='word_1_765' title='bbox 185 4917 426 4976; x_wconf 70' lang='lat' dir='ltr'><strong>gentum,</strong></span> <span class='ocrx_word' id='word_1_766' title='bbox 452 4907 718 4964; x_wconf 81' lang='lat' dir='ltr'><strong>conﬂatur</strong></span> <span class='ocrx_word' id='word_1_767' title='bbox 741 4911 1038 4979; x_wconf 87' lang='lat' dir='ltr'><strong>plumbum,</strong></span> <span class='ocrx_word' id='word_1_768' title='bbox 1069 4923 1123 4969; x_wconf 86' lang='lat' dir='ltr'><strong>et</strong></span> <span class='ocrx_word' id='word_1_769' title='bbox 1145 4914 1328 4968; x_wconf 84' lang='lat' dir='ltr'><strong>omnia</strong></span> <span class='ocrx_word' id='word_1_770' title='bbox 1361 4930 1480 4984; x_wconf 68' lang='lat' dir='ltr'><strong>qua</strong></span> <span class='ocrx_word' id='word_1_771' title='bbox 1508 4927 1764 4983; x_wconf 86' lang='lat' dir='ltr'><strong>putantur</strong></span> 
     </span>
    </p>
   </div>
   <div class='ocr_carea' id='block_1_93' title="bbox 185 5001 1758 5077">
    <p class='ocr_par' dir='ltr' id='par_1_93' title="bbox 185 5001 1758 5077">
     <span class='ocr_line' id='line_1_93' title="bbox 185 5001 1758 5077; baseline 0.005 -21"><span class='ocrx_word' id='word_1_772' title='bbox 185 5001 400 5056; x_wconf 72' lang='lat' dir='ltr'><strong>fortiora</strong></span> <span class='ocrx_word' id='word_1_773' title='bbox 431 5015 550 5056; x_wconf 87' lang='lat' dir='ltr'><strong>esse</strong></span> <span class='ocrx_word' id='word_1_774' title='bbox 575 5017 827 5072; x_wconf 82' lang='lat' dir='ltr'><strong>corpora,</strong></span> <span class='ocrx_word' id='word_1_775' title='bbox 862 5004 970 5072; x_wconf 91' lang='lat' dir='ltr'><strong>igni</strong></span> <span class='ocrx_word' id='word_1_776' title='bbox 1013 5005 1211 5061; x_wconf 84' lang='lat' dir='ltr'><strong>cedunt</strong></span> <span class='ocrx_word' id='word_1_777' title='bbox 1250 5017 1476 5077; x_wconf 83' lang='lat' dir='ltr'><strong>prepter</strong></span> <span class='ocrx_word' id='word_1_778' title='bbox 1507 5008 1758 5064; x_wconf 89' lang='lat' dir='ltr'><strong>subtilem</strong></span> 
     </span>
    </p>
   </div>
   <div class='ocr_carea' id='block_1_94' title="bbox 186 5095 1756 5169">
    <p class='ocr_par' dir='ltr' id='par_1_94' title="bbox 186 5095 1756 5169">
     <span class='ocr_line' id='line_1_94' title="bbox 186 5095 1756 5169; baseline 0.006 -23"><span class='ocrx_word' id='word_1_779' title='bbox 186 5095 320 5162; x_wconf 83' lang='lat' dir='ltr'><strong>ignis</strong></span> <span class='ocrx_word' id='word_1_780' title='bbox 373 5105 639 5150; x_wconf 86' lang='lat' dir='ltr'><strong>naturam.</strong></span> <span class='ocrx_word' id='word_1_781' title='bbox 702 5096 942 5164; x_wconf 87' lang='lat' dir='ltr'><strong>Denique</strong></span> <span class='ocrx_word' id='word_1_782' title='bbox 986 5099 1028 5152; x_wconf 89' lang='lat' dir='ltr'><strong>si</strong></span> <span class='ocrx_word' id='word_1_783' title='bbox 1083 5099 1376 5169; x_wconf 75' lang='lat' dir='ltr'><strong>proieceris</strong></span> <span class='ocrx_word' id='word_1_784' title='bbox 1426 5101 1655 5169; x_wconf 89' lang='lat' dir='ltr'><strong>lapidem</strong></span> <span class='ocrx_word' id='word_1_785' title='bbox 1705 5105 1756 5156; x_wconf 92' lang='lat' dir='ltr'><strong>in</strong></span> 
     </span>
    </p>
   </div>
   <div class='ocr_carea' id='block_1_95' title="bbox 184 5183 1758 5259">
    <p class='ocr_par' dir='ltr' id='par_1_95' title="bbox 184 5183 1758 5259">
     <span class='ocr_line' id='line_1_95' title="bbox 184 5183 1758 5259; baseline 0.006 -22"><span class='ocrx_word' id='word_1_786' title='bbox 184 5183 413 5252; x_wconf 71' lang='lat' dir='ltr'><strong>ﬂamma,</strong></span> <span class='ocrx_word' id='word_1_787' title='bbox 449 5187 638 5241; x_wconf 80' lang='lat' dir='ltr'><strong>transit</strong></span> <span class='ocrx_word' id='word_1_788' title='bbox 664 5187 902 5256; x_wconf 89' lang='lat' dir='ltr'><strong>quidem,</strong></span> <span class='ocrx_word' id='word_1_789' title='bbox 941 5191 1032 5243; x_wconf 86' lang='lat' dir='ltr'><strong>sed</strong></span> <span class='ocrx_word' id='word_1_790' title='bbox 1060 5204 1162 5244; x_wconf 87' lang='lat' dir='ltr'><strong>non</strong></span> <span class='ocrx_word' id='word_1_791' title='bbox 1193 5205 1286 5259; x_wconf 89' lang='lat' dir='ltr'><strong>per</strong></span> <span class='ocrx_word' id='word_1_792' title='bbox 1316 5190 1609 5245; x_wconf 75' lang='lat' dir='ltr'><strong>ﬂammam.</strong></span> <span class='ocrx_word' id='word_1_793' title='bbox 1649 5191 1758 5246; x_wconf 79' lang='lat' dir='ltr'><strong>Fu-</strong></span> 
     </span>
    </p>
   </div>
   <div class='ocr_carea' id='block_1_96' title="bbox 252 5385 1751 5460">
    <p class='ocr_par' dir='ltr' id='par_1_96' title="bbox 252 5385 1751 5460">
     <span class='ocr_line' id='line_1_96' title="bbox 252 5385 1751 5460; baseline 0.002 -18"><span class='ocrx_word' id='word_1_794' title='bbox 252 5387 362 5458; x_wconf 64' lang='grc' dir='ltr'>(ῗι)</span> <span class='ocrx_word' id='word_1_795' title='bbox 392 5385 871 5460; x_wconf 42' lang='grc' dir='ltr'><strong>Ιηψτουεειίοιιηη</strong></span> <span class='ocrx_word' id='word_1_796' title='bbox 902 5387 1059 5440; x_wconf 81' lang='lat' dir='ltr'><strong>Forte</strong></span> <span class='ocrx_word' id='word_1_797' title='bbox 1094 5389 1146 5460; x_wconf 88' lang='lat' dir='ltr'><strong>in</strong></span> <span class='ocrx_word' id='word_1_798' title='bbox 1181 5403 1308 5441; x_wconf 89' lang='lat' dir='ltr'><strong>voce</strong></span> <span class='ocrx_word' id='word_1_799' title='bbox 1342 5391 1441 5442; x_wconf 86' lang='lat' dir='ltr'><strong>hac</strong></span> <span class='ocrx_word' id='word_1_800' title='bbox 1466 5404 1751 5460; x_wconf 83' lang='lat' dir='ltr'><strong>perperam</strong></span> 
     </span>
    </p>
   </div>
   <div class='ocr_carea' id='block_1_97' title="bbox 182 5457 1640 5528">
    <p class='ocr_par' dir='ltr' id='par_1_97' title="bbox 182 5457 1640 5528">
     <span class='ocr_line' id='line_1_97' title="bbox 182 5457 1640 5528; baseline -0.001 -15"><span class='ocrx_word' id='word_1_801' title='bbox 182 5457 427 5528; x_wconf 54' lang='lat' dir='ltr'><strong>addit-ml</strong></span> <span class='ocrx_word' id='word_1_802' title='bbox 445 5457 535 5519; x_wconf 87' lang='lat' dir='ltr'><strong>im,</strong></span> <span class='ocrx_word' id='word_1_803' title='bbox 559 5458 910 5528; x_wconf 21' lang='lat' dir='ltr'><strong>exévocabnlo</strong></span> <span class='ocrx_word' id='word_1_804' title='bbox 942 5459 1261 5526; x_wconf 61' lang='lat' dir='ltr'><strong>praecedenti</strong></span> <span class='ocrx_word' id='word_1_805' title='bbox 1288 5457 1640 5528; x_wconf 80' lang='lat' dir='ltr'><strong>geminatum.</strong></span> 
     </span>
    </p>
   </div>
   <div class='ocr_carea' id='block_1_98' title="bbox 250 5525 988 5593">
    <p class='ocr_par' dir='ltr' id='par_1_98' title="bbox 250 5525 988 5593">
     <span class='ocr_line' id='line_1_98' title="bbox 250 5525 988 5593; baseline 0 -11"><span class='ocrx_word' id='word_1_806' title='bbox 250 5527 363 5593; x_wconf 73' lang='grc'>(25)</span> <span class='ocrx_word' id='word_1_807' title='bbox 388 5525 573 5582; x_wconf 77' lang='lat' dir='ltr'><strong>Testis.</strong></span> <span class='ocrx_word' id='word_1_808' title='bbox 607 5525 788 5590; x_wconf 81' lang='lat' dir='ltr'><strong>Forte,</strong></span> <span class='ocrx_word' id='word_1_809' title='bbox 815 5542 988 5582; x_wconf 76' lang='lat' dir='ltr'><strong>testes.</strong></span> 
     </span>
    </p>
   </div>
   <div class='ocr_carea' id='block_1_99' title="bbox 249 5598 1750 5668">
    <p class='ocr_par' dir='ltr' id='par_1_99' title="bbox 249 5598 1750 5668">
     <span class='ocr_line' id='line_1_99' title="bbox 249 5598 1750 5668; baseline 0.003 -18"><span class='ocrx_word' id='word_1_810' title='bbox 249 5598 358 5668; x_wconf 73' lang='lat'><strong>(&#39;26)</strong></span> <span class='ocrx_word' id='word_1_811' title='bbox 385 5601 489 5650; x_wconf 72' lang='lat' dir='ltr'><strong>Aut</strong></span> <span class='ocrx_word' id='word_1_812' title='bbox 512 5614 627 5665; x_wconf 61' lang='lat' dir='ltr'><strong>eme</strong></span> <span class='ocrx_word' id='word_1_813' title='bbox 659 5608 846 5668; x_wconf 62' lang='lat' dir='ltr'><strong>potest.</strong></span> <span class='ocrx_word' id='word_1_814' title='bbox 881 5598 1053 5668; x_wconf 68' lang='lat' dir='ltr'><strong>Forte</strong></span> <span class='ocrx_word' id='word_1_815' title='bbox 1100 5613 1196 5668; x_wconf 88' lang='lat' dir='ltr'><strong>per</strong></span> <span class='ocrx_word' id='word_1_816' title='bbox 1241 5599 1750 5666; x_wconf 82' lang='lat' dir='ltr'><strong>interrogationem,</strong></span> 
     </span>
    </p>
   </div>
   <div class='ocr_carea' id='block_1_100' title="bbox 183 5666 1750 5739">
    <p class='ocr_par' dir='ltr' id='par_1_100' title="bbox 183 5666 1750 5739">
     <span class='ocr_line' id='line_1_100' title="bbox 183 5666 1750 5739; baseline 0.002 -18"><span class='ocrx_word' id='word_1_817' title='bbox 183 5668 275 5722; x_wconf 71' lang='lat' dir='ltr'><strong>Aut</strong></span> <span class='ocrx_word' id='word_1_818' title='bbox 304 5666 421 5736; x_wconf 73' lang='lat' dir='ltr'><strong>qua:</strong></span> <span class='ocrx_word' id='word_1_819' title='bbox 447 5677 609 5739; x_wconf 69' lang='lat' dir='ltr'><strong>potest</strong></span> <span class='ocrx_word' id='word_1_820' title='bbox 643 5666 977 5734; x_wconf 75' lang='lat' dir='ltr'><strong>confabulatu</strong></span> <span class='ocrx_word' id='word_1_821' title='bbox 995 5666 1324 5739; x_wconf 66' lang='grc' dir='ltr'><strong>(ὸμιλήσασα</strong></span> <span class='ocrx_word' id='word_1_822' title='bbox 1353 5670 1573 5739; x_wconf 83' lang='lat' dir='ltr'><strong>sociata)</strong></span> <span class='ocrx_word' id='word_1_823' title='bbox 1590 5669 1750 5738; x_wconf 75' lang='lat' dir='ltr'><strong>[lam-</strong></span> 
     </span>
    </p>
   </div>
   <div class='ocr_carea' id='block_1_101' title="bbox 183 5737 1749 5812">
    <p class='ocr_par' dir='ltr' id='par_1_101' title="bbox 183 5737 1749 5812">
     <span class='ocr_line' id='line_1_101' title="bbox 183 5737 1749 5812; baseline 0.002 -19"><span class='ocrx_word' id='word_1_824' title='bbox 183 5753 296 5808; x_wconf 62' lang='lat' dir='ltr'><strong>ntc,</strong></span> <span class='ocrx_word' id='word_1_825' title='bbox 325 5737 560 5794; x_wconf 76' lang='lat' dir='ltr'><strong>etc.!Sic</strong></span> <span class='ocrx_word' id='word_1_826' title='bbox 589 5747 708 5804; x_wconf 77' lang='lat' dir='ltr'><strong>post</strong></span> <span class='ocrx_word' id='word_1_827' title='bbox 737 5751 924 5804; x_wconf 81' lang='lat' dir='ltr'><strong>pauca,</strong></span> <span class='ocrx_word' id='word_1_828' title='bbox 958 5737 1012 5791; x_wconf 79' lang='lat' dir='ltr'><strong>si</strong></span> <span class='ocrx_word' id='word_1_829' title='bbox 1032 5737 1174 5808; x_wconf 78' lang='lat' dir='ltr'><strong>ignis</strong></span> <span class='ocrx_word' id='word_1_830' title='bbox 1195 5737 1559 5811; x_wconf 63' lang='lat' dir='ltr'><strong>confabulatu</strong></span> <span class='ocrx_word' id='word_1_831' title='bbox 1585 5737 1749 5812; x_wconf 65' lang='lat' dir='ltr'><strong>fuerit</strong></span> 
     </span>
    </p>
   </div>
   <div class='ocr_carea' id='block_1_102' title="bbox 453 5831 1151 5897">
    <p class='ocr_par' dir='ltr' id='par_1_102' title="bbox 453 5831 1151 5897">
     <span class='ocr_line' id='line_1_102' title="bbox 453 5831 1151 5897; baseline 0.001 -3"><span class='ocrx_word' id='word_1_832' title='bbox 453 5833 726 5897; x_wconf 67' lang='grc' dir='ltr'><strong>Ριτειοι..</strong></span> <span class='ocrx_word' id='word_1_833' title='bbox 763 5831 884 5894; x_wconf 78' lang='lat' dir='ltr'><strong>Gn.</strong></span> <span class='ocrx_word' id='word_1_834' title='bbox 919 5832 1066 5896; x_wconf 77' lang='lat' dir='ltr'><strong>XXI</strong></span> <span class='ocrx_word' id='word_1_835' title='bbox 1080 5833 1151 5895; x_wconf 69' lang='grc' dir='ltr'><strong>ιν.</strong></span> 
     </span>
    </p>
   </div>
   <div class='ocr_carea' id='block_1_103' title="bbox 1873 4544 3461 4618">
    <p class='ocr_par' dir='ltr' id='par_1_103' title="bbox 1873 4544 3461 4618">
     <span class='ocr_line' id='line_1_103' title="bbox 1873 4544 3461 4618; baseline -0.004 -12"><span class='ocrx_word' id='word_1_836' title='bbox 1873 4553 2064 4617; x_wconf 87' lang='lat' dir='ltr'><strong>ferius,</strong></span> <span class='ocrx_word' id='word_1_837' title='bbox 2088 4553 2182 4607; x_wconf 89' lang='lat' dir='ltr'><strong>sed</strong></span> <span class='ocrx_word' id='word_1_838' title='bbox 2219 4560 2329 4605; x_wconf 92' lang='lat' dir='ltr'><strong>tota</strong></span> <span class='ocrx_word' id='word_1_839' title='bbox 2363 4550 2430 4604; x_wconf 91' lang='lat' dir='ltr'><strong>ad</strong></span> <span class='ocrx_word' id='word_1_840' title='bbox 2453 4546 2803 4618; x_wconf 75' lang='lat' dir='ltr'><strong>semetipsum</strong></span> <span class='ocrx_word' id='word_1_841' title='bbox 2831 4544 3202 4616; x_wconf 87' lang='lat' dir='ltr'><strong>conjungitur.</strong></span> <span class='ocrx_word' id='word_1_842' title='bbox 3230 4544 3461 4615; x_wconf 80' lang='lat' dir='ltr'><strong>Lignum</strong></span> 
     </span>
    </p>
   </div>
   <div class='ocr_carea' id='block_1_104' title="bbox 1864 4638 3462 4707">
    <p class='ocr_par' dir='ltr' id='par_1_104' title="bbox 1864 4638 3462 4707">
     <span class='ocr_line' id='line_1_104' title="bbox 1864 4638 3462 4707; baseline -0.003 -9"><span class='ocrx_word' id='word_1_843' title='bbox 1864 4655 2042 4701; x_wconf 89' lang='lat' dir='ltr'><strong>autem</strong></span> <span class='ocrx_word' id='word_1_844' title='bbox 2075 4654 2132 4698; x_wconf 87' lang='lat' dir='ltr'><strong>et</strong></span> <span class='ocrx_word' id='word_1_845' title='bbox 2161 4653 2367 4697; x_wconf 88' lang='lat' dir='ltr'><strong>terram</strong></span> <span class='ocrx_word' id='word_1_846' title='bbox 2392 4683 2408 4707; x_wconf 95' lang='lat'><strong>,</strong></span> <span class='ocrx_word' id='word_1_847' title='bbox 2445 4649 2501 4695; x_wconf 85' lang='lat' dir='ltr'><strong>et</strong></span> <span class='ocrx_word' id='word_1_848' title='bbox 2549 4654 2681 4694; x_wconf 82' lang='lat' dir='ltr'><strong>saxa</strong></span> <span class='ocrx_word' id='word_1_849' title='bbox 2740 4638 3040 4693; x_wconf 86' lang='lat' dir='ltr'><strong>incidentes</strong></span> <span class='ocrx_word' id='word_1_850' title='bbox 3090 4638 3387 4694; x_wconf 87' lang='lat' dir='ltr'><strong>dividimus</strong></span> <span class='ocrx_word' id='word_1_851' title='bbox 3427 4654 3462 4694; x_wconf 94' lang='lat' dir='ltr'><strong>a</strong></span> 
     </span>
    </p>
   </div>
   <div class='ocr_carea' id='block_1_105' title="bbox 1861 4729 3462 4804">
    <p class='ocr_par' dir='ltr' id='par_1_105' title="bbox 1861 4729 3462 4804">
     <span class='ocr_line' id='line_1_105' title="bbox 1861 4729 3462 4804; baseline -0.004 -12"><span class='ocrx_word' id='word_1_852' title='bbox 1861 4735 2192 4804; x_wconf 78' lang='lat' dir='ltr'><strong>semetipsis,</strong></span> <span class='ocrx_word' id='word_1_853' title='bbox 2243 4744 2299 4790; x_wconf 92' lang='lat' dir='ltr'><strong>et</strong></span> <span class='ocrx_word' id='word_1_854' title='bbox 2355 4732 2718 4804; x_wconf 81' lang='lat' dir='ltr'><strong>disjungimus</strong></span> <span class='ocrx_word' id='word_1_855' title='bbox 2757 4740 2966 4801; x_wconf 86' lang='lat' dir='ltr'><strong>partem</strong></span> <span class='ocrx_word' id='word_1_856' title='bbox 3013 4744 3044 4782; x_wconf 90' lang='lat' dir='ltr'><strong>a</strong></span> <span class='ocrx_word' id='word_1_857' title='bbox 3082 4740 3279 4799; x_wconf 83' lang='lat' dir='ltr'><strong>parte:</strong></span> <span class='ocrx_word' id='word_1_858' title='bbox 3316 4729 3462 4786; x_wconf 81' lang='lat' dir='ltr'><strong>forte</strong></span> 
     </span>
    </p>
   </div>
   <div class='ocr_carea' id='block_1_106' title="bbox 1863 4819 3460 4891">
    <p class='ocr_par' dir='ltr' id='par_1_106' title="bbox 1863 4819 3460 4891">
     <span class='ocr_line' id='line_1_106' title="bbox 1863 4819 3460 4891; baseline -0.004 -7"><span class='ocrx_word' id='word_1_859' title='bbox 1863 4838 2045 4884; x_wconf 86' lang='lat' dir='ltr'><strong>autem</strong></span> <span class='ocrx_word' id='word_1_860' title='bbox 2077 4829 2372 4882; x_wconf 87' lang='lat' dir='ltr'><strong>incidimus</strong></span> <span class='ocrx_word' id='word_1_861' title='bbox 2409 4837 2464 4881; x_wconf 88' lang='lat' dir='ltr'><strong>et</strong></span> <span class='ocrx_word' id='word_1_862' title='bbox 2495 4838 2704 4886; x_wconf 87' lang='lat' dir='ltr'><strong>aerem,</strong></span> <span class='ocrx_word' id='word_1_863' title='bbox 2748 4822 2842 4878; x_wconf 89' lang='lat' dir='ltr'><strong>sed</strong></span> <span class='ocrx_word' id='word_1_864' title='bbox 2876 4821 3056 4890; x_wconf 76' lang='lat' dir='ltr'><strong>eiecto</strong></span> <span class='ocrx_word' id='word_1_865' title='bbox 3100 4836 3167 4878; x_wconf 91' lang='lat' dir='ltr'><strong>eo</strong></span> <span class='ocrx_word' id='word_1_866' title='bbox 3190 4819 3333 4891; x_wconf 90' lang='lat' dir='ltr'><strong>quod</strong></span> <span class='ocrx_word' id='word_1_867' title='bbox 3372 4820 3460 4877; x_wconf 84' lang='lat' dir='ltr'><strong>in-</strong></span> 
     </span>
    </p>
   </div>
   <div class='ocr_carea' id='block_1_107' title="bbox 1861 4917 3461 4990">
    <p class='ocr_par' dir='ltr' id='par_1_107' title="bbox 1861 4917 3461 4990">
     <span class='ocr_line' id='line_1_107' title="bbox 1861 4917 3461 4990; baseline -0.008 -10"><span class='ocrx_word' id='word_1_868' title='bbox 1861 4927 2010 4990; x_wconf 88' lang='lat' dir='ltr'><strong>cidit,</strong></span> <span class='ocrx_word' id='word_1_869' title='bbox 2052 4926 2236 4981; x_wconf 86' lang='lat' dir='ltr'><strong>statim</strong></span> <span class='ocrx_word' id='word_1_870' title='bbox 2282 4923 2355 4978; x_wconf 93' lang='lat' dir='ltr'><strong>ob</strong></span> <span class='ocrx_word' id='word_1_871' title='bbox 2397 4922 2751 4978; x_wconf 88' lang='lat' dir='ltr'><strong>subtilitatem</strong></span> <span class='ocrx_word' id='word_1_872' title='bbox 2804 4917 2886 4973; x_wconf 88' lang='lat' dir='ltr'><strong>sui</strong></span> <span class='ocrx_word' id='word_1_873' title='bbox 2938 4917 3292 4987; x_wconf 85' lang='lat' dir='ltr'><strong>semetipsum</strong></span> <span class='ocrx_word' id='word_1_874' title='bbox 3325 4927 3461 4968; x_wconf 85' lang='lat' dir='ltr'><strong>cou-</strong></span> 
     </span>
    </p>
   </div>
   <div class='ocr_carea' id='block_1_108' title="bbox 1865 5010 3457 5086">
    <p class='ocr_par' dir='ltr' id='par_1_108' title="bbox 1865 5010 3457 5086">
     <span class='ocr_line' id='line_1_108' title="bbox 1865 5010 3457 5086; baseline -0.007 -16"><span class='ocrx_word' id='word_1_875' title='bbox 1865 5017 2061 5086; x_wconf 82' lang='lat' dir='ltr'><strong>jungit.</strong></span> <span class='ocrx_word' id='word_1_876' title='bbox 2091 5015 2286 5070; x_wconf 85' lang='lat' dir='ltr'><strong>Gladio</strong></span> <span class='ocrx_word' id='word_1_877' title='bbox 2319 5016 2487 5080; x_wconf 87' lang='lat' dir='ltr'><strong>enim,</strong></span> <span class='ocrx_word' id='word_1_878' title='bbox 2516 5024 2608 5067; x_wconf 89' lang='lat' dir='ltr'><strong>aut</strong></span> <span class='ocrx_word' id='word_1_879' title='bbox 2635 5012 2810 5084; x_wconf 88' lang='lat' dir='ltr'><strong>ligno,</strong></span> <span class='ocrx_word' id='word_1_880' title='bbox 2838 5018 2934 5065; x_wconf 89' lang='lat' dir='ltr'><strong>aut</strong></span> <span class='ocrx_word' id='word_1_881' title='bbox 2963 5010 3146 5082; x_wconf 86' lang='lat' dir='ltr'><strong>lapide</strong></span> <span class='ocrx_word' id='word_1_882' title='bbox 3165 5050 3182 5078; x_wconf 94' lang='lat'><strong>,</strong></span> <span class='ocrx_word' id='word_1_883' title='bbox 3210 5021 3308 5081; x_wconf 86' lang='lat' dir='ltr'><strong>per</strong></span> <span class='ocrx_word' id='word_1_884' title='bbox 3334 5020 3457 5078; x_wconf 68' lang='lat' dir='ltr'><strong>qua</strong></span> 
     </span>
    </p>
   </div>
   <div class='ocr_carea' id='block_1_109' title="bbox 1871 5096 3456 5175">
    <p class='ocr_par' dir='ltr' id='par_1_109' title="bbox 1871 5096 3456 5175">
     <span class='ocr_line' id='line_1_109' title="bbox 1871 5096 3456 5175; baseline -0.003 -17"><span class='ocrx_word' id='word_1_885' title='bbox 1871 5107 2060 5160; x_wconf 83' lang='lat' dir='ltr'><strong>incisio</strong></span> <span class='ocrx_word' id='word_1_886' title='bbox 2091 5104 2320 5160; x_wconf 83' lang='lat' dir='ltr'><strong>eﬂicilur</strong></span> <span class='ocrx_word' id='word_1_887' title='bbox 2359 5107 2480 5175; x_wconf 89' lang='lat' dir='ltr'><strong>(per</strong></span> <span class='ocrx_word' id='word_1_888' title='bbox 2511 5105 2676 5159; x_wconf 90' lang='lat' dir='ltr'><strong>multa</strong></span> <span class='ocrx_word' id='word_1_889' title='bbox 2713 5105 2858 5158; x_wconf 91' lang='lat' dir='ltr'><strong>enim</strong></span> <span class='ocrx_word' id='word_1_890' title='bbox 2894 5101 3131 5158; x_wconf 85' lang='lat' dir='ltr'><strong>admittit</strong></span> <span class='ocrx_word' id='word_1_891' title='bbox 3167 5099 3305 5155; x_wconf 86' lang='lat' dir='ltr'><strong>ratio</strong></span> <span class='ocrx_word' id='word_1_892' title='bbox 3335 5096 3456 5155; x_wconf 81' lang='lat' dir='ltr'><strong>fieri</strong></span> 
     </span>
    </p>
   </div>
   <div class='ocr_carea' id='block_1_110' title="bbox 1869 5192 3457 5268">
    <p class='ocr_par' dir='ltr' id='par_1_110' title="bbox 1869 5192 3457 5268">
     <span class='ocr_line' id='line_1_110' title="bbox 1869 5192 3457 5268; baseline -0.002 -18"><span class='ocrx_word' id='word_1_893' title='bbox 1869 5197 2494 5260; x_wconf 76' lang='lat' dir='ltr'><strong>incisionemlsublato,</strong></span> <span class='ocrx_word' id='word_1_894' title='bbox 2547 5211 2640 5252; x_wconf 83' lang='lat' dir='ltr'><strong>aer</strong></span> <span class='ocrx_word' id='word_1_895' title='bbox 2683 5204 2910 5268; x_wconf 89' lang='lat' dir='ltr'><strong>propter</strong></span> <span class='ocrx_word' id='word_1_896' title='bbox 2955 5192 3316 5253; x_wconf 82' lang='lat' dir='ltr'><strong>subtilitatem</strong></span> <span class='ocrx_word' id='word_1_897' title='bbox 3367 5193 3457 5248; x_wconf 87' lang='lat' dir='ltr'><strong>sui</strong></span> 
     </span>
    </p>
   </div>
   <div class='ocr_carea' id='block_1_111' title="bbox 1859 5389 3457 5464">
    <p class='ocr_par' dir='ltr' id='par_1_111' title="bbox 1859 5389 3457 5464">
     <span class='ocr_line' id='line_1_111' title="bbox 1859 5389 3457 5464; baseline -0.005 -12"><span class='ocrx_word' id='word_1_898' title='bbox 1859 5395 2048 5463; x_wconf 75' lang='lat' dir='ltr'><strong>lapidi,</strong></span> <span class='ocrx_word' id='word_1_899' title='bbox 2079 5406 2132 5450; x_wconf 87' lang='lat' dir='ltr'><strong>et</strong></span> <span class='ocrx_word' id='word_1_900' title='bbox 2161 5398 2300 5452; x_wconf 89' lang='lat' dir='ltr'><strong>infra</strong></span> <span class='ocrx_word' id='word_1_901' title='bbox 2332 5400 2398 5453; x_wconf 77' lang='lat' dir='ltr'><strong>ds</strong></span> <span class='ocrx_word' id='word_1_902' title='bbox 2429 5399 2688 5464; x_wconf 73' lang='lat' dir='ltr'><strong>ineorpor.</strong></span> <span class='ocrx_word' id='word_1_903' title='bbox 2718 5395 2814 5451; x_wconf 82' lang='lat' dir='ltr'><strong>lib.</strong></span> <span class='ocrx_word' id='word_1_904' title='bbox 2834 5410 2873 5453; x_wconf 90' lang='lat' dir='ltr'><strong>tt</strong></span> <span class='ocrx_word' id='word_1_905' title='bbox 2892 5395 2994 5452; x_wconf 81' lang='lat' dir='ltr'><strong>sub</strong></span> <span class='ocrx_word' id='word_1_906' title='bbox 3011 5392 3108 5450; x_wconf 84' lang='lat' dir='ltr'><strong>ﬂn.</strong></span> <span class='ocrx_word' id='word_1_907' title='bbox 3135 5389 3457 5461; x_wconf 70' lang='lat' dir='ltr'><strong>siconfobu—</strong></span> 
     </span>
    </p>
   </div>
   <div class='ocr_carea' id='block_1_112' title="bbox 1858 5467 2634 5539">
    <p class='ocr_par' dir='ltr' id='par_1_112' title="bbox 1858 5467 2634 5539">
     <span class='ocr_line' id='line_1_112' title="bbox 1858 5467 2634 5539; baseline 0.006 -24"><span class='ocrx_word' id='word_1_908' title='bbox 1858 5467 2174 5539; x_wconf 44' lang='lat' dir='ltr'><strong>(«insurge</strong></span> <span class='ocrx_word' id='word_1_909' title='bbox 2212 5469 2395 5538; x_wconf 70' lang='lat' dir='ltr'><strong>[uisset</strong></span> <span class='ocrx_word' id='word_1_910' title='bbox 2425 5468 2634 5539; x_wconf 56' lang='lat' dir='ltr'><strong>(ignis).</strong></span> 
     </span>
    </p>
   </div>
   <div class='ocr_carea' id='block_1_113' title="bbox 1930 5533 3457 5608">
    <p class='ocr_par' dir='ltr' id='par_1_113' title="bbox 1930 5533 3457 5608">
     <span class='ocr_line' id='line_1_113' title="bbox 1930 5533 3457 5608; baseline -0.008 -12"><span class='ocrx_word' id='word_1_911' title='bbox 1930 5537 2042 5605; x_wconf 67' lang='lat'><strong>(27)</strong></span> <span class='ocrx_word' id='word_1_912' title='bbox 2067 5533 2132 5590; x_wconf 79' lang='lat' dir='ltr'><strong>Et</strong></span> <span class='ocrx_word' id='word_1_913' title='bbox 2161 5533 2496 5608; x_wconf 62' lang='lat' dir='ltr'><strong>magnum:</strong></span> <span class='ocrx_word' id='word_1_914' title='bbox 2524 5533 2688 5592; x_wconf 76' lang='lat' dir='ltr'><strong>Forte</strong></span> <span class='ocrx_word' id='word_1_915' title='bbox 2730 5536 2808 5592; x_wconf 90' lang='lat' dir='ltr'><strong>sic</strong></span> <span class='ocrx_word' id='word_1_916' title='bbox 2847 5535 3170 5608; x_wconf 76' lang='lat' dir='ltr'><strong>legendum,</strong></span> <span class='ocrx_word' id='word_1_917' title='bbox 3200 5543 3250 5588; x_wconf 84' lang='lat' dir='ltr'><strong>et</strong></span> <span class='ocrx_word' id='word_1_918' title='bbox 3273 5534 3457 5608; x_wconf 56' lang='lat' dir='ltr'><strong>mags-</strong></span> 
     </span>
    </p>
   </div>
   <div class='ocr_carea' id='block_1_114' title="bbox 1855 5603 3457 5688">
    <p class='ocr_par' dir='ltr' id='par_1_114' title="bbox 1855 5603 3457 5688">
     <span class='ocr_line' id='line_1_114' title="bbox 1855 5603 3457 5688; baseline 0.002 -30"><span class='ocrx_word' id='word_1_919' title='bbox 1855 5603 2028 5688; x_wconf 61' lang='lat' dir='ltr'><strong>struns</strong></span> <span class='ocrx_word' id='word_1_920' title='bbox 2050 5603 2291 5688; x_wconf 59' lang='lat' dir='ltr'><strong>quodque</strong></span> <span class='ocrx_word' id='word_1_921' title='bbox 2329 5625 2504 5664; x_wconf 74' lang='lat' dir='ltr'><strong>eorum</strong></span> <span class='ocrx_word' id='word_1_922' title='bbox 2543 5607 2679 5679; x_wconf 67' lang='lat' dir='ltr'><strong>ignis</strong></span> <span class='ocrx_word' id='word_1_923' title='bbox 2700 5617 2807 5663; x_wconf 86' lang='lat' dir='ltr'><strong>etc.</strong></span> <span class='ocrx_word' id='word_1_924' title='bbox 2837 5603 2933 5661; x_wconf 67' lang='lat' dir='ltr'><strong>xui.</strong></span> <span class='ocrx_word' id='word_1_925' title='bbox 2972 5605 3238 5672; x_wconf 72' lang='grc' dir='ltr'><strong>δέσποζον</strong></span> <span class='ocrx_word' id='word_1_926' title='bbox 3264 5603 3457 5673; x_wconf 73' lang='lat' dir='ltr'><strong>(doma-</strong></span> 
     </span>
    </p>
   </div>
   <div class='ocr_carea' id='block_1_115' title="bbox 1859 5677 2233 5750">
    <p class='ocr_par' dir='ltr' id='par_1_115' title="bbox 1859 5677 2233 5750">
     <span class='ocr_line' id='line_1_115' title="bbox 1859 5677 2233 5750; baseline 0.005 -22"><span class='ocrx_word' id='word_1_927' title='bbox 1859 5677 2010 5741; x_wconf 84' lang='lat' dir='ltr'><strong>nans)</strong></span> <span class='ocrx_word' id='word_1_928' title='bbox 2033 5677 2093 5730; x_wconf 77' lang='grc' dir='ltr'><strong>τδ</strong></span> <span class='ocrx_word' id='word_1_929' title='bbox 2121 5677 2193 5733; x_wconf 78' lang='grc' dir='ltr'>πῦ</span> <span class='ocrx_word' id='word_1_930' title='bbox 2203 5695 2233 5750; x_wconf 89' lang='grc' dir='ltr'>ρ</span> 
     </span>
    </p>
   </div>
   <div class='ocr_carea' id='block_1_116' title="bbox 3008 5835 3091 5898">
    <p class='ocr_par' dir='ltr' id='par_1_116' title="bbox 3008 5835 3091 5898">
     <span class='ocr_line' id='line_1_116' title="bbox 3008 5835 3091 5898; baseline 0 0"><span class='ocrx_word' id='word_1_931' title='bbox 3008 5835 3091 5898; x_wconf 80' lang='lat'><strong>36</strong></span> 
     </span>
    </p>
   </div>
  </div>
