4072 6392
668 455 801 513 1131

1326 422 1592 507 unseen
1624 444 2106 507 ωεΑιιιεΝδιε
2140 448 2291 507 ουρ.
2327 450 2509 508 pass
2544 448 2633 509 tv.
2668 482 2739 495 —
2775 449 3200 510 DOGIATICA.

3777 451 3905 509 1131

664 572 943 647 eonjungit
969 576 1149 641 partes
1173 568 1390 643 incisas.
1423 570 1481 625 Si
1528 580 1706 627 autem
1739 571 1844 626 hoc
1883 580 2102 642 propter
2148 570 2231 625 in-
2260 575 2307 633 Α
2331 586 2487 627 ramo
2511 572 2713 641 potitus
2743 571 2876 643 (30').
2900 570 3234 639 Quibusdam
3259 577 3444 625 autem
3470 565 3802 639 compositio
3828 577 3908 624 eat

664 664 1031 723 vlsibilitatem
1050 662 1242 718 minus
1280 664 1593 732 agnoscitur
1612 702 1630 728 ,
1658 663 1714 718 in
1744 665 1897 733 aquis
1918 664 2229 733 agnoscitur

664 756 806 828 quod
832 755 1049 810 dicitur.
1078 752 1212 811 Cum
1258 754 1427 810 incisa
1475 753 1642 809 fuerit
1698 768 1859 822 aqua,
1914 764 2010 810 aut
2057 756 2228 811 scissa

663 861 761 915 per
807 844 1032 914 lignum,
1081 853 1174 898 aut
1214 858 1309 913 per
1353 842 1500 898 aliud
1556 843 1771 913 aliquod
1830 845 2228 914 operimentum

663 936 799 1008 (28),
834 946 957 1006 post
987 945 1165 991 autem
1195 935 1242 990 si
1275 934 1566 990 abstuleris
1595 935 1649 990 id
1684 935 1825 1004 quod
1873 934 2083 1001 incidit,
2134 952 2228 990 ur-

662 1040 819 1102 getur
850 1043 989 1101 aqua
1042 1027 1108 1083 ad
1145 1026 1577 1097 coniunctionem
1610 1026 1695 1081 sui
1734 1040 1746 1075 :
1790 1034 1874 1080 est
1903 1028 2046 1081 enim
2088 1042 2227 1095 aqua

663 1141 694 1182 a
729 1134 871 1180 terra
900 1121 1169 1179 subtilior.
1207 1119 1378 1175 Terra
1420 1120 1563 1173 enim
1608 1117 1683 1172 ita
1724 1116 1828 1171 sibi
1862 1126 1921 1172 ut
1951 1120 2227 1188 aqua.ad-

657 1218 849 1287 iuvare
878 1230 984 1270 non
1036 1222 1217 1285 potest
1245 1228 1262 1266 :
1296 1221 1354 1266 ut
1384 1226 1450 1265 ex
1492 1211 1597 1265 hoc
1626 1219 1920 1279 appareat,
1950 1210 2073 1279 quia
2109 1226 2230 1280 quas

662 1312 915 1367 dicuntur
953 1306 1177 1363 fortiora
1228 1317 1479 1372 corpora,
1509 1300 1615 1356 ista
1668 1301 1839 1358 multo
1899 1301 2073 1371 magis
2103 1309 2229 1356 sunt

661 1402 983 1466 inﬁrmiora,
1041 1408 1098 1454 et
1139 1411 1244 1453 non
1295 1396 1348 1450 in
1403 1392 1771 1463 magnitudine
1831 1400 1915 1448 est
1966 1392 2224 1463 potentia.

661 1492 799 1562 Quid
828 1492 972 1548 enim
1002 1499 1207 1544 tantum
1237 1487 1399 1542 habet
1423 1499 1599 1562 mons,
1626 1493 1882 1554 quantum
1908 1484 2066 1539 habet
2086 1499 2229 1538 mar-

660 1561 835 1655 garita
878 1584 945 1639 ad
984 1577 1475 1654 pulchritudinem’
1502 1561 1836 1645 imagnitudo
1874 1575 2020 1631 enim
2051 1574 2227 1630 calca-

660 1689 771 1744 tur,
818 1678 870 1731 in
919 1674 1067 1731 brevi
1115 1683 1291 1728 autem
1343 1670 1687 1740 pulchritudo
1739 1669 2053 1738 requiritur.
2120 1667 2227 1724 Sed

661 1779 998 1823 transeamus
1016 1779 1045 1818 a
1066 1762 1255 1834 primis
1278 1778 1398 1826 qua:
1430 1764 1682 1818 dicuntur
1710 1764 2047 1833 corporibus,
2066 1774 2225 1820 terra

2334 664 2387 718 in
2418 662 2743 719 butronibus
2774 664 2887 735 (5i)
2911 662 3200 733 conjungi,
3232 672 3289 717 et
3317 662 3630 717 immutatio
3671 660 3905 717 colorum

2334 758 2386 811 in
2416 756 2603 812 iisdem
2631 765 2737 823 est,
2787 766 2842 812 et
2866 756 3033 827 ipsius
3058 754 3172 826 (32)
3196 755 3448 825 generis,
3481 764 3541 809 et
3576 754 3753 825 ipsius
3792 767 3910 824 spe-

2334 850 2435 905 ciei
2469 866 2484 904 :
2534 851 2892 920 quorumdam
2942 846 3158 920 quidem
3200 848 3608 902 manducantur
3632 861 3694 902 ea
3724 861 3846 918 qua
3879 860 3909 899 a

2333 942 2467 999 foris
2512 915 2797 1008 habentur,
2846 915 3204 1012 quorumdam
3250 949 3433 995 autem
3486 939 3557 995 ab
3611 915 3759 994 intus
3791 946 3909 993 sunt

2332 1051 2453 1107 qum
2481 1036 2855 1092 comeduntnr.
2890 1034 2958 1089 Et
2988 1034 3154 1088 multa
3184 1042 3272 1088 est
3310 1033 3549 1088 varicus
3583 1031 3909 1087 annuntians

2332 1143 2429 1199 per
2455 1129 2635 1183 omnia
2671 1128 2934 1198 sapientis
2957 1127 3304 1198 sapientiam,
3331 1136 3385 1180 et
3418 1126 3592 1196 ipsius
3614 1124 3803 1196 operis
3830 1123 3908 1177 di-

2334 1220 2640 1291 aciplinam.
2676 1220 2884 1274 Tamen
2941 1219 2995 1273 in
3051 1218 3171 1274 istis
3197 1219 3513 1288 corporibus
3546 1216 3677 1287 quia
3736 1214 3907 1272 oﬂcia

2334 1312 2578 1382 quadam
2608 1320 2664 1366 et
2690 1311 2909 1366 ordines
2940 1310 3372 1378 conspiciuntur,
3414 1317 3471 1363 et
3530 1322 3826 1371 mensura,
3853 1317 3907 1362 et

2335 1410 2595 1471 tempora,
2612 1410 2667 1455 et
2685 1398 3014 1471 agnitiones,
3038 1408 3097 1453 ut
3116 1398 3460 1455 emolliantur
3485 1413 3612 1455 cum
3638 1397 3907 1468 incipiunt

2332 1491 2569 1548 fructum
2610 1489 2845 1556 aﬁ'erre;
2876 1492 3171 1562 projiciunt
3202 1491 3345 1547 enim
3390 1490 3605 1546 etiamsi
3665 1491 3907 1545 floruerit

2333 1584 2400 1639 ad
2426 1583 2682 1654 fructum,
2710 1582 3121 1648 et'edncantur,
3156 1594 3211 1639 et
3243 1584 3445 1639 sensim
3483 1582 3796 1648 accedunt,
3854 1590 3907 1637 et

2333 1678 2401 1733 ad
2429 1686 2638 1747 tempus
2665 1686 2997 1740 occurrunt;
3028 1691 3307 1745 nunquam
3342 1686 3522 1731 autem
3564 1685 3759 1731 essent
3798 1674 3903 1730 ista

2330 1785 2452 1841 qua
2477 1778 2625 1838 sunt,
2648 1769 2764 1825 'nisi
2791 1784 2854 1824 ea
2883 1768 3246 1839 incorporalis
3277 1769 3523 1838 quadam
3551 1767 3732 1823 virtus
3772 1767 3907 1838 ﬁgu-

660 1859 782 1915 dico
833 1868 888 1911 et
929 1856 1066 1927 ignis
1103 1864 1159 1910 et
1191 1869 1341 1924 aqua:
1391 1864 1446 1909 et
1472 1857 1647 1920 aeris,
1683 1856 1749 1909 ad
1782 1870 1844 1910 ea
1868 1870 1988 1925 qua
2018 1872 2086 1911 ex
2139 1858 2223 1910 bis
2333 1872 2514 1917 rat-et;
2559 1861 2635 1916 ita
2667 1867 2723 1917 et
2753 1860 2806 1916 in
2839 1860 3166 1917 animalibus
3206 1860 3356 1931 lege.
3412 1869 3698 1931 precepts
3754 1869 3902 1926 sunt,

659 1956 784 2004 sunt
809 1947 1104 2017 composita
1157 1956 1212 2001 et
1252 1946 1505 2001 videntur
1538 1945 1721 2000 omnia
1770 1961 1835 2001 ex
1882 1946 1966 2001 his
2007 1947 2227 2011 habere,
2263 1934 2306 1989 Β
2332 1962 2389 2009 ιιι
2420 1952 2488 2009 ab
2510 1953 2669 2025 equis
2689 1954 2837 2025 equi,
2864 1963 2921 2010 et
2966 1956 3035 2009 ab
3092 1965 3420 2024 unoquoque
3470 1965 3679 2023 genere
3738 1965 3905 2023 genus

657 2038 889 2097 calorem
914 2039 1033 2092 diu)
1058 2046 1114 2093 et
1139 2037 1417 2092 humorent
1444 2046 1501 2092 et
1527 2037 1945 2093 crassitudinem
1977 2049 2031 2093 et
2055 2040 2228 2094 subti-

659 2133 863 2185 litatem
895 2140 949 2184 et
975 2128 1114 2195 alia;
1148 2138 1204 2183 et
1234 2130 1509 2184 videamus
1540 2130 1584 2184 si
1611 2139 1696 2183 est
1728 2130 1779 2185 in
1813 2130 1897 2185 his
1938 2131 2226 2197 stabilitas,

656 2226 703 2278 si
737 2232 821 2277 est
852 2221 1081 2276 mansio.
1127 2221 1194 2275 Et
1247 2236 1315 2277 ne
1363 2222 1485 2291 quis
1538 2231 1690 2291 putet
1735 2224 2025 2277 materiam
2056 2225 2228 2279 intro-

654 2314 774 2369 dnci
798 2328 1066 2377 sermone,
1089 2322 1183 2367 aut
1201 2314 1469 2382 quomodo
1491 2313 1913 2369 introducuntur
1932 2313 2225 2379 elementa,

652 2407 847 2475 quibus
869 2414 925 2459 et
954 2405 1297 2459 inducuntur.
1332 2403 1441 2459 Sed
1466 2406 1597 2459 illud
1624 2405 1767 2470 dico,
1797 2408 1923 2476 quia
1951 2407 2003 2461 in
2032 2422 2227 2477 corpu.

652 2500 808 2552 ribus
828 2512 946 2567 qua:
972 2507 1257 2551 moventur
1288 2510 1303 2550 :
1344 2498 1633 2552 motionem
1669 2506 1847 2553 autem
1881 2498 2002 2555 dico
2031 2499 2219 2567 istam,

652 2604 773 2659 quo
794 2588 1057 2645 naturalis
1085 2598 1173 2644 est
1206 2604 1395 2644 eorum
1444 2589 1535 2659 qui
1590 2588 1792 2644 habent
1850 2596 1907 2643 ut
1952 2599 2225 2656 crescant,

653 2682 743 2750 qui
776 2682 973 2737 habent
1002 2690 1060 2735 ut
1084 2680 1431 2745 minuantur;
1478 2696 1662 2735 eorum
1693 2682 1784 2752 qui
1818 2680 2051 2737 fructum
2091 2683 2224 2738 aﬁ‘e-

650 2783 800 2839 runt,
828 2788 1011 2828 eorum
1046 2774 1137 2843 qui
1165 2782 1450 2827 moventur
1476 2788 1506 2827 a
1538 2772 1673 2827 locis
1716 2774 1784 2828 ad
1833 2773 1968 2840 loca,
2013 2775 2225 2829 anima-

649 2864 779 2921 lium
803 2874 988 2935 utpote
1012 2874 1067 2920 et
1104 2864 1361 2918 arborum
1415 2874 1470 2919 et
1519 2864 1819 2919 hominum.
1868 2865 2219 2922 Variﬁcatum

648 2956 794 3011 enim
822 2966 905 3011 est
928 2970 1125 3025 corpus
1165 2964 1220 3010 et
1260 2956 1636 3025 compositum.
1677 2955 2045 3027 Compositum
2076 2959 2221 3014 enim

647 3062 733 3105 est
755 3063 809 3105 et
841 3049 1088 3104 Salvator
1120 3045 1231 3119 (29)
1276 3064 1370 3118 per
1417 3048 1788 3119 incorporales
1838 3050 2085 3105 virtutes.
2113 3049 2221 3105 Ne-

649 3158 753 3211 que
779 3143 922 3197 enim
946 3140 1166 3196 arbores
1198 3141 1414 3196 sibimet
1440 3140 1567 3209 ipsa
1600 3146 1842 3196 statuunt
1901 3148 2114 3209 tempus
2161 3151 2224 3196 ut

2329 2044 2631 2115 proprium,
2682 2044 2884 2100 similia
2912 2060 2943 2099 a
2979 2046 3290 2112 similibus;
3342 2052 3399 2100 et
3442 2053 3764 2099 mensurata
3822 2052 3904 2099 est

2327 2138 2764 2211 concupiscentia
2788 2136 3137 2190 animalibus.
3164 2134 3280 2189 Non
3313 2135 3458 2190 enim
3502 2136 3556 2190 in
3586 2135 3739 2190 omni
3772 2145 3904 2189 tem-

2326 2248 2456 2303 pore
2487 2230 2813 2286 animalibus
2837 2238 2921 2284 est
2950 2227 3396 2293 communicatio,
3414 2228 3510 2282 sed
3547 2236 3768 2295 tempus
3798 2236 3903 2281 sta-

2328 2336 2499 2381 tutum
2549 2333 2636 2380 est
2679 2332 2737 2379 et
2766 2322 3103 2392 agnoscitur.
3155 2320 3221 2375 Et
3257 2319 3483 2375 masculi
3518 2326 3654 2373 tunc
3685 2333 3903 2375 moven-

2331 2427 2444 2483 tur,
2476 2426 2532 2471 et
2557 2415 2769 2471 femina
2804 2423 2934 2467 tunc
2960 2414 3261 2482 patiuntur,
3300 2419 3355 2466 et
3397 2412 3619 2465 transiit
3666 2421 3897 2481 tempus,

2326 2515 2380 2561 et
2406 2513 2654 2562 emortua
2682 2515 2765 2561 est
2797 2502 2851 2558 in
2910 2500 3375 2557 irrationabilibus
3429 2500 3896 2571 concupiscentia.

2329 2599 2399 2654 Et
2417 2598 2505 2655 ubi
2536 2608 2683 2655 tanta
2707 2597 2942 2654 varietas
2964 2604 3071 2661 est,
3096 2609 3274 2650 nonne
3304 2593 3654 2649 confessibile
3682 2594 3799 2664 (35)
3819 2604 3900 2649 est

2332 2691 2570 2763 ignorari
2620 2689 2690 2746 ab
2738 2686 3205 2759 irrationabilibus
3269 2700 3393 2756 qua
3469 2684 3642 2741 ﬁunt?
3698 2683 3898 2741 Tamen

2325 2790 2621 2855 agnoscunt
2640 2780 2911 2852 quomodo
2962 2787 3225 2848 reguntur
3249 2786 3305 2831 et
3329 2776 3699 2841 adducuntur,
3729 2786 3786 2832 et
3811 2776 3898 2831 ubi

2322 2882 2539 2946 oportet
2570 2872 2851 2937 seminari,
2883 2878 2939 2925 et
2965 2870 3060 2926 ubi
3083 2869 3373 2926 conveniat
3399 2867 3780 2924 commendari
3806 2884 3823 2924 :
3848 2875 3901 2923 et

2323 2968 2635 3039 ignorantes
2668 2966 2811 3035 quod
2849 2962 3087 3018 futurum
3156 2970 3261 3026 est,
3318 2961 3677 3017 nihilominus
3718 2972 3896 3017 tamen

2322 3060 2530 3131 legibus
2553 3057 2873 3113 suadentur.
2911 3053 2969 3108 ln
3014 3053 3333 3109 matricibus
3371 3064 3552 3109 autem
3584 3068 3686 3110 nec
3729 3053 3896 3109 ratio-

2324 3151 2532 3207 nabiles
2559 3148 2812 3204 mulieres
2839 3155 3040 3201 norunt
3074 3144 3205 3216 quid
3231 3144 3526 3200 efﬁciatur.
3581 3143 3790 3200 Tamen
3844 3156 3897 3200 et

646 3234 895 3332 tim-sant,
924 3248 1029 3287 non
1082 3232 1503 3332 magnitudinem
1540 3215 1792 3287 foliorum
1816 3271 1832 3296 ,
1861 3247 1966 3332 non
2014 3244 2223 3301 tempus
2250 3270 2295 3332 Ο
2327 3239 2785 3297 irrationabilibus
2815 3238 3137 3309 ﬁgurantur,
3160 3245 3215 3291 et
3246 3236 3422 3291 nullus
3460 3247 3679 3292 emovet
3707 3247 3768 3292 ut
3790 3251 3895 3292 non

648 3324 882 3394 frugum,
913 3340 1016 3379 non
1044 3323 1488 3394 compositionem
1514 3337 1701 3377 eorum
1734 3338 1854 3392 qua
1897 3323 2221 3391 ﬁgurantur,

648 3433 755 3473 non
784 3434 844 3473 ea
873 3433 992 3488 qua
1020 3418 1165 3473 intus
1197 3426 1325 3473 sunt
1350 3418 1419 3490 ad
1453 3417 1869 3472 custodiendum
1889 3456 1904 3481 ,
1945 3431 2053 3472 non
2103 3431 2226 3487 quae

650 3512 797 3566 foras
826 3520 954 3570 sunt
987 3510 1053 3564 ad
1087 3508 1323 3568 tutelam.
1370 3508 1484 3563 Non
1538 3508 1686 3564 enim
1735 3508 1789 3561 in
1835 3508 2086 3563 arborum
2138 3519 2223 3564 est

644 3612 929 3672 putestate,
961 3601 1029 3657 de
1058 3601 1142 3661 his
1169 3616 1289 3670 qua
1315 3609 1443 3656 sunt
1470 3601 1522 3655 in
1554 3597 1862 3654 arboribus.
1904 3598 1961 3653 Si
1991 3598 2135 3654 enim
2167 3609 2222 3655 et

645 3696 699 3748 in
724 3694 877 3748 nobis
906 3692 1318 3748 rationabilibus
1366 3707 1471 3747 non
1522 3701 1607 3747 est
1650 3700 1897 3762 potestas
1950 3705 2223 3746 mensura-

646 3802 787 3851 rum,
817 3801 924 3840 non
956 3794 1173 3840 elatum
1193 3824 1208 3849 ,
1246 3799 1353 3839 non
1384 3785 1774 3849 membrorum,
1806 3796 1979 3851 neque
2004 3782 2221 3852 quando

647 3880 837 3934 debeat
888 3892 1194 3947 procreare,
1249 3886 1342 3931 ant
1387 3877 1555 3941 nasci,
1595 3885 1691 3930 aut
1733 3889 2012 3939 crescere,
2046 3889 2220 3945 neque

646 3986 817 4042 usque
850 3971 916 4025 ad
945 3970 1169 4039 capillos
1203 3986 1216 4020 :
1250 3984 1355 4024 non
1408 3968 1580 4023 solum
1628 3978 1690 4023 ut
1727 3966 1939 4035 quando
1970 3963 2216 4030 ﬂoreant,

646 4074 705 4120 et
744 4064 961 4135 quando
999 4063 1264 4127 debeant,
1308 4061 1398 4130 qui
1438 4060 1669 4115 necdum
1720 4068 1985 4113 venerunt
2012 4059 2079 4112 ad
2113 4055 2214 4111 ﬁo-

644 4172 797 4223 rem;
832 4156 925 4211 sed
977 4170 1151 4225 neque
1185 4156 1251 4209 de
1282 4168 1348 4209 eo
1394 4162 1451 4207 ut
1488 4151 1782 4207 transferat
1821 4150 2083 4214 colorem,
2108 4159 2161 4203 et
2188 4166 2217 4202 a

644 4250 803 4320 nigro
833 4248 1016 4303 veniat
1043 4248 1109 4302 ad
1140 4247 1345 4310 album,
1372 4253 1457 4301 est
1488 4246 1543 4299 in
1574 4252 1761 4298 nostra
1791 4250 2089 4311 potestate,
2127 4240 2238 4309 qui.

644 4345 935 4413 cogitatum
965 4334 1301 4411 possidemus
1330 4349 1385 4392 et
1418 4351 1636 4393 sensum
1667 4354 1683 4393 :
1710 4335 1755 4389 si
1792 4334 1958 4407 igitur
1986 4342 2041 4389 et
2068 4349 2217 4402 quam

643 4448 855 4503 cunque
887 4433 939 4487 in
977 4432 1135 4487 nobis
1162 4438 1289 4485 sunt
1330 4429 1597 4484 naturalia
1622 4470 1637 4494 ,
1696 4443 1802 4482 non
1854 4438 1980 4495 sunt
2024 4433 2220 4480 nostrae

640 4524 951 4594 potesntis,
979 4532 1182 4593 quanto
1212 4522 1387 4594 magis
1413 4522 1468 4575 in
1516 4518 1979 4576 irrationabilihus
2009 4518 2221 4573 anima-

2327 3341 2647 3389 moveantur
2666 3339 2823 3387 extra
2852 3343 3184 3394 mensuram,
3219 3342 3393 3396 neque
3419 3338 3477 3382 ut
3508 3328 3641 3383 illud
3667 3330 3896 3384 tuendu-

2325 3436 2428 3492 cet,
2455 3431 2510 3481 ει
2561 3423 2629 3479 ab
2675 3422 2769 3478 illo
2824 3435 2884 3477 se
2917 3420 3211 3475 abstineat.
3240 3417 3638 3490 Nonnunquam
3670 3420 3816 3475 enim
3845 3427 3898 3474 et

2322 3517 2596 3572 minantur
2635 3514 2946 3586 plurimum,
2972 3522 3028 3569 et
3055 3521 3290 3567 currunt
3336 3526 3455 3581 qua:
3497 3522 3894 3582 conceperunt,

2320 3619 2377 3666 et
2408 3608 2654 3664 custodit
2676 3621 2739 3661 ea
2764 3619 2885 3676 qua:
2906 3604 3165 3660 custodit.
3216 3605 3368 3673 Apud
3423 3618 3523 3658 nos
3579 3605 3730 3659 enim
3770 3604 3895 3678 quia

2321 3701 2540 3770 adjuvat
2573 3712 2663 3753 ars
2690 3706 2913 3761 natura,
2963 3696 3305 3750 immutatum
3336 3705 3419 3750 est
3445 3710 3473 3748 a
3518 3705 3719 3750 natura
3748 3696 3897 3764 adju-

2320 3799 2583 3847 mentum.
2603 3787 2703 3844 Ubi
2733 3797 2911 3842 autem
2942 3786 3073 3843 nihil
3099 3784 3332 3841 coefﬁcit
3354 3800 3445 3840 ars
3461 3797 3694 3849 natura,
3719 3794 3889 3841 totum

2320 3882 2688 3952 adiumentum
2729 3876 3054 3932 custoditur.
3087 3873 3255 3929 Multa
3286 3874 3429 3929 enim
3457 3883 3587 3929 sunt
3638 3890 3763 3945 qua:
3806 3877 3888 3931 vi.

2319 3972 2514 4027 dentur
2547 3971 2601 4025 in
2633 3968 2754 4025 aliis
2784 3966 3131 4032 animalibus,
3157 3979 3285 4035 qua
3318 3980 3416 4020 nos
3446 3980 3553 4019 non
3601 3965 3886 4022 habemus.

2318 4063 2487 4119 Nobis
2512 4063 2657 4118 enim
2692 4074 2873 4131 neque
2899 4058 3032 4114 tales
3057 4067 3245 4123 cutes,
3302 4070 3478 4126 neque
3537 4058 3675 4112 tanti
3710 4058 3889 4127 capilli

2320 4164 2467 4221 sunt,
2499 4153 2683 4225 quanti
2717 4162 2773 4207 et
2805 4152 2934 4207 illis.
2965 4150 3069 4206 Ara
3099 4150 3243 4205 enim
3282 4150 3521 4204 vestiens
3543 4164 3634 4213 ea,
3660 4152 3892 4219 complet

2320 4246 2463 4317 quod
2494 4245 2705 4300 videtur
2727 4244 2913 4297 deesse
2956 4252 3185 4296 naturae.
3239 4240 3354 4295 Non
3388 4241 3731 4310 operimenta
3770 4255 3891 4297 sunt

2321 4338 2512 4393 iisdem
2541 4351 2557 4401 ;
2620 4332 2898 4390 sufﬁciunt
2926 4333 3071 4387 enim
3100 4332 3218 4401 pili.
3253 4330 3369 4385 Non
3397 4331 3675 4398 opertoria
3705 4347 3721 4395 ;
3756 4332 3890 4386 ami-

2320 4440 2407 4486 cta
2454 4437 2538 4483 est
2584 4427 2727 4481 enim
2784 4439 2910 4496 pars
2965 4438 3084 4492 quae
3134 4423 3219 4478 his
3250 4421 3541 4490 indigebat.
3596 4421 3891 4478 Sufﬁciunt

2322 4516 2519 4585 quippe
2552 4512 2658 4568 illis
2696 4512 2871 4581 capilli
2901 4521 2955 4565 et
2980 4526 3077 4581 pro
3104 4511 3357 4565 domibus
3386 4518 3441 4564 et
3468 4511 3647 4573 tectis,
3675 4521 3731 4565 et
3751 4511 3891 4566 tuni-

642 4618 806 4684 libus,
834 4632 942 4671 non
967 4625 1091 4672 sunt
1116 4615 1172 4671 in
1206 4614 1444 4685 ipsorum
1474 4620 1743 4682 potestate
1770 4624 1890 4680 qua
1926 4624 2022 4664 sua
2054 4609 2218 4664 sunt!
2248 4620 2293 4685 ι)
2322 4607 2399 4661 cis
2428 4614 2484 4660 et
2515 4604 2688 4675 palliis
2713 4613 2769 4660 et
2794 4604 3146 4674 operimentis
3178 4620 3193 4670 ;
3243 4612 3294 4657 et
3346 4602 3640 4672 unicuique
3669 4604 3888 4658 animali

641 4710 810 4780 Magis
832 4718 1011 4763 autem
1048 4709 1151 4763 hoc
1199 4707 1255 4762 in
1287 4704 1575 4761 arboribus
1620 4718 1726 4758 non
1757 4710 1841 4757 est
1891 4711 1948 4757 et
1993 4702 2210 4772 plantis.

642 4800 711 4858 Et
739 4801 995 4856 tamenin
1026 4800 1110 4855 his
1145 4814 1266 4870 qua
1295 4798 1417 4853 sine
1466 4797 1646 4851 anima
1690 4805 1839 4859 sunt,
1890 4795 1993 4851 hoc
2032 4803 2117 4851 est
2154 4794 2210 4849 in

642 4894 927 4951 arboribus
955 4893 1073 4948 istis
1112 4900 1165 4946 et
1210 4890 1430 4961 plantis,
1470 4903 1765 4951 mensura,
1810 4886 2210 4957 magnitudines

645 4986 907 5055 partibus,
939 4992 995 5039 et
1017 4983 1117 5054 ipsi
1149 4982 1327 5038 omnia
1377 4980 1560 5035 arbori
1604 4988 1658 5035 et
1686 4979 1911 5047 plantae,
1962 4986 2017 5030 et
2059 4974 2207 5031 foliis

642 5077 760 5147 eius
810 5085 866 5131 et
913 5075 1207 5139 fructibus,
1260 5081 1318 5130 et
1378 5070 1857 5142 compositionibus
1915 5068 2208 5124 habentur.

644 5166 1006 5235 Quarumdam
1025 5166 1167 5220 enim
1190 5164 1399 5220 fructus
1428 5162 1602 5234 sparsi
1635 5170 1765 5218 sunt
1789 5202 1806 5229 ,
1850 5159 1991 5217 allus
2020 5160 2076 5216 in
2101 5157 2209 5213 alio

716 5339 827 5409 (Ξὸ)
876 5340 1279 5409 Oper-intentum.
1303 5338 1443 5409 Lege
1489 5344 1906 5409 aperamentunt,
1944 5348 2066 5409 qua:
2096 5348 2203 5387 vox

645 5405 1131 5479 interpretinostro
1162 5408 1566 5479 familiarispre
1616 5405 1848 5479 ecquod
1884 5413 1968 5479 est
2000 5405 2204 5456 instra-

642 5472 887 5535 mntitm.
926 5475 1017 5532 Sic
1060 5492 1217 5545 supra
1278 5477 1382 5530 col.
1438 5472 1575 5530 1099
1619 5472 1998 5545 ΑῗεΡγόιιειιίιΔ
2024 5483 2201 5545 eadem

641 5546 798 5617 [enim
815 5558 1019 5615 portare
1034 5540 1361 5599 meliirjnulia
1384 5553 1710 5617 operamque
1722 5560 1742 5609 ;
1765 5553 1819 5598 et
1844 5540 2115 5617 col._H$7
2137 5540 2197 5593 B:

641 5612 923 5696 catam:
949 5618 1175 5671 visibtlt'a
1194 5625 1520 5683 aperantenta
1541 5615 1813 5685 :‘idipsutn
1831 5614 2028 5682 passim
2063 5625 2209 5682 repe-

640 5697 770 5738 nas.

710 5754 822 5823 (29)
849 5756 1113 5812 Salvator.
1157 5756 1337 5821 Forte,
1378 5756 1632 5810 soluatur.

710 5825 822 5895 (30)
849 5825 1074 5895 fumus.
1113 5826 1290 5888 Forte,
1315 5830 1531 5895 positus.

710 5892 823 5969 (3t)
843 5892 1182 5952 Batronibu.
1220 5892 1457 5953 Deducta
1487 5910 1590 5952 vna
1620 5911 1683 5954 ea
1721 5896 1931 5954 videtur
1955 5906 1985 5948 a
2006 5892 2197 5951 Greca

2320 4712 2420 4769 pro
2448 4697 2531 4753 sui
2570 4706 2760 4755 natura
2809 4705 2863 4751 et
2915 4695 3187 4764 opertoria
3232 4695 3354 4749 data
3414 4702 3558 4748 sunt.
3594 4693 3691 4749 His
3744 4696 3886 4750 enim

2317 4789 2408 4859 qui
2450 4790 2629 4843 minus
2647 4795 2896 4859 poterant
2931 4788 3201 4842 sustinere
3233 4785 3547 4856 fridgorem,
3597 4786 3887 4857 spissiores

2314 4879 2406 4949 pili
2431 4888 2485 4933 et
2519 4879 2789 4949 longiores
2822 4866 3012 4935 indulti
3041 4886 3190 4937 sunt,
3226 4877 3349 4931 aliis
3378 4876 3515 4931 lana
3542 4895 3556 4929 :
3589 4888 3648 4931 et
3672 4878 3885 4933 unicui-

2312 4985 2418 5041 que
2451 4984 2696 5041 separata
2748 4982 2831 5028 est
2868 4984 2992 5026 esca
3026 4980 3084 5024 et
3133 4970 3371 5023 immissa
3396 5008 3413 5034 ,
3448 4976 3504 5021 et
3538 4968 3684 5021 circa
3740 4967 3881 5022 illam

2314 5078 2492 5120 escam
2526 5065 2614 5120 illa
2643 5065 2912 5119 alacritas.
2941 5062 3073 5130 Qua
3096 5062 3240 5116 enim
3264 5059 3635 5131 excusata!)
3668 5075 3883 5123 cervus.

2316 5157 2433 5213 hac
2466 5157 2813 5229 persequitur
2834 5156 2918 5211 leo
2945 5171 2960 5209 :
2986 5162 3043 5210 et
3066 5154 3218 5208 varia
3249 5152 3530 5224 proposita
3564 5161 3653 5208 est
3702 5152 3879 5223 magni

2308 5335 2487 5407 βότρις
2536 5332 2983 5407 racemus._(_3erte
3024 5332 3294 5407 sententia
3322 5329 3487 5407 huius
3516 5331 3622 5387 loci
3670 5332 3881 5407 videtur

2306 5400 2493 5460 eadem
2516 5420 2635 5461 esse
2657 5419 2775 5473 quas
2804 5403 2944 5459 illius
2964 5405 3102 5470 apud
3119 5400 3375 5473 Plinium,
3402 5402 3497 5473 lib.
3524 5418 3615 5465 av,
3641 5417 3763 5473 cap.
3779 5404 3876 5458 28:

2307 5473 2608 5543 Dependent
2633 5470 2741 5527 alia
2769 5474 3042 5543 pedicam,
3077 5483 3133 5527 tu
3175 5472 3293 5534 pira
3312 5488 3332 5536 ;
3364 5470 3475 5525 alia
3515 5471 3739 5525 recentis
3765 5511 3781 5537 ,
3822 5483 3876 5527 ut

2307 5560 2438 5597 atra.
2468 5544 2673 5597 natura.

2306 5560 2438 5609 una,
2468 5560 2673 5609 parma.

2380 5560 2717 5683 ῗέἐῖῗιῗῖἒῗε.
2753 5612 2948 5683 Αὑτοῦ2
2972 5613 3226 5682 ejusdem.

2380 5685 2495 5755 (3'5)
2528 5680 2891 5755 confinibus.
2916 5680 3263 5755 Coitf-jssum,
3296 5680 3878 5755 compertum._lJt_sI—

2309 5752 2660 5833 μετρεῖ-47.
2710 5755 2905 5833 ἠφίειξεὶ
2961 5752 3282 5833 confessifes,
3316 5752 3509 5833 aperti,
3544 5752 3795 5833 professi.

2309 5818 2326 5829 ’
2374 5824 2491 5955 £34)
2517 5824 2771 5882 Excuset‘.
2801 5822 2856 5881 Id
2900 5835 2982 5881 est
3015 5818 3206 5895 respuit
3235 5818 3379 5879 sicut
3424 5818 3742 5881 notavimus
3769 5818 3876 5881 est

2308 5896 2368 5955 11
2413 5898 2467 5955 1.
2502 5904 2617 5954 not.
2654 5896 2742 5954 68.

2450 5936 2467 5965 ,
2502 5911 2617 5954 net.
2654 5911 2742 5954 ua.
