4072 6454
156 612 292 672 113³

1498 592 1587 648 DE
1620 587 2110 648 lNCORPllllALI.

3286 585 3428 644 “3L

155 727 247 785 Dei
275 739 487 791 mensa,
520 722 673 793 plena
701 717 922 789 quidem
959 714 1237 779 omnibus,
1269 709 1604 768 conveniens
1635 723 1733 763 au-
1765 711 1813 767 Δ
1841 703 2130 765 mamillas,
2156 698 2581 793 quadripedihns
2611 703 2794 755 autem
2820 698 2874 793 in
2902 699 3028 756 aliis
3062 699 3238 756 infixit
3265 700 3424 759 locis.

156 827 261 874 tem
322 813 615 883 unicuique
673 820 898 864 natura.
937 805 1006 861 Et
1033 811 1119 860 est
1162 799 1472 857 admiratio.
1505 795 1724 851 Numeri

150 904 295 958 enim
328 900 600 956 mensium
634 895 954 951 matricibus
983 901 1041 947 et
1067 888 1538 946 trrationabilibus
1566 885 1728 957 positi

150 1003 294 1051 sunt.
327 991 396 1047 Et
436 991 558 1061 quis
593 1005 698 1043 non
738 995 978 1058 stupeat,
1037 985 1165 1054 quia
1215 983 1272 1039 in
1307 991 1570 1051 tempore
1627 981 1735 1034 isto

151 1091 508 1146 concurrunt,
561 1080 716 1149 cujus
747 1078 928 1134 exitus
966 1074 1208 1130 fructum
1259 1082 1554 1144 apportat,
1607 1085 1732 1125 cum

148 1176 417 1248 asperitas
453 1173 662 1229 hiberni
716 1169 1032 1226 transierit?
1078 1177 1140 1222 ut
1175 1181 1282 1222 non
1333 1173 1522 1220 tenera
1557 1164 1734 1218 adhuc

148 1269 448 1326 constituta
475 1280 597 1336 quae
619 1272 748 1318 nata
767 1270 894 1317 sunt
920 1262 974 1315 in
997 1259 1162 1316 domo
1186 1272 1292 1314 non
1308 1254 1549 1319 confota,
1577 1269 1735 1323 aspe-

148 1356 372 1416 ritatem
405 1366 586 1411 autem
619 1352 816 1409 hiemis
842 1350 1175 1407 incurrentia
1215 1349 1482 1418 perirent,
1512 1355 1567 1400 et
1601 1344 1736 1398 deﬁ-

146 1454 301 1501 ceret
326 1460 518 1516 genus,
555 1444 600 1497 si
631 1442 702 1495 ita
743 1440 994 1511 frigdore
1019 1439 1210 1510 gelida
1235 1437 1430 1493 hiemis
1455 1434 1735 1490 interfice-

145 1543 319 1589 retur.
343 1532 450 1588 Sed
484 1531 632 1602 lcges
655 1540 892 1595 statutae,
916 1537 973 1585 et
1001 1529 1138 1584 lines
1159 1537 1287 1583 sunt
1308 1526 1494 1597 positi,
1518 1523 1736 1594 quando

147 1625 428 1682 seminare
458 1624 742 1689 deberent,
772 1631 830 1678 et
862 1620 1081 1692 quando
1128 1619 1366 1674 fructum
1420 1614 1638 1671 all'erre.
1671 1617 1734 1670 Et

145 1730 330 1786 neque
363 1715 470 1770 illis
494 1729 631 1786 upus
683 1724 769 1769 est
817 1712 1137 1776 obstetrice,
1169 1723 1347 1780 neque
1378 1718 1497 1764 arte
1548 1707 1735 1763 istius-

148 1811 320 1876 modi,
354 1796 608 1880 nequeut
635 1810 796 1866 cadat
818 1819 873 1862 et
899 1807 1079 1878 jaceat
1107 1823 1121 1858 ε
1155 1804 1248 1860 sed
1281 1803 1464 1859 statim
1489 1811 1548 1856 ut
1575 1800 1735 1856 enixa

147 1902 319 1959 fuerit
342 1912 475 1968 stat,
507 1902 692 1958 statim
724 1909 784 1955 ut
811 1909 1000 1952 natum
1029 1896 1195 1951 fuerit
1248 1909 1418 1964 pecus
1469 1890 1733 1961 exsurgit,

145 2005 204 2052 ct
228 1997 477 2069 agnoscit
514 1992 889 2050 irrationabile
931 1988 1134 2046 animal
1170 1988 1314 2059 quod
1366 1985 1530 2057 ejecit
1555 2001 1585 2041 e
1622 2000 1739 2038 nta-

1836 795 1976 861 Quid
2003 803 2184 848 autem
2209 793 2347 848 dicis
2370 791 2498 860 quia
2523 790 2943 862 unumquodque
2977 793 3203 859 animal,
3237 795 3429 850 statim

1836 897 1894 942 ut
1927 897 2111 943 natum
2136 884 2319 952 fuerit,
2354 892 2617 954 quantum
2651 893 2738 939 est
2763 893 2973 940 tantum
3009 895 3112 949 est,
3141 887 3421 958 magnitu-

1837 977 1966 1034 dine
1990 977 2137 1042 dico,
2169 978 2264 1033 sed
2292 976 2440 1048 quod
2468 977 2608 1033 nihil
2642 979 2876 1047 amplius
2909 978 3144 1034 assumit
3174 979 3241 1034 ad
3269 994 3428 1036 men-

1837 1079 1969 1126 tem.
1998 1068 2174 1126 liabet
2192 1069 2337 1123 enim
2367 1067 2760 1125 sensibilitates
2791 1083 2940 1136 suas,
2973 1069 3138 1127 habet
3172 1071 3426 1141 capillos;

1837 1173 1894 1218 et
1923 1162 2050 1231 quia
2091 1161 2226 1217 nihil
2256 1162 2399 1228 apud
2443 1176 2541 1217 eos
2593 1162 2893 1232 pretiosum
2927 1171 3036 1228 est,
3093 1163 3216 1218 ideo
3250 1173 3425 1218 totum

1838 1256 2024 1311 statim
2050 1255 2102 1309 in
2127 1254 2207 1310 eis
2228 1253 2457 1309 effusum
2488 1262 2618 1310 cst':
2650 1254 2794 1310 sicut
2847 1263 2904 1308 et
2951 1254 3308 1310 infructuosis
3331 1268 3430 1308 ar-

1837 1348 2062 1404 boribus
2096 1347 2278 1403 statim
2300 1347 2655 1404 concurritet
2681 1344 2978 1404 edunditur
3007 1348 3340 1420 magnitudo.
3368 1343 3434 1404 in

1839 1439 2138 1496 fructiferis
2163 1448 2345 1494 autem
2397 1439 2600 1496 sensim
2653 1439 2873 1510 prolicit
2925 1449 3300 1512 augmentum.
3343 1438 3432 1498 Ita

1837 1541 1895 1585 et
1933 1527 2369 1586 rationabilihus
2397 1543 2505 1586 non
2534 1532 2721 1585 statim
2748 1529 2988 1589 efﬁcitur
3017 1541 3074 1586 ut
3127 1513 3427 1602 crescant,

1839 1636 1947 1677 non
1974 1623 2157 1677 statim
2181 1630 2386 1687 status,
2432 1636 2539 1677 non
2576 1621 2762 1677 statim
2813 1636 2962 1681 esca.
2995 1621 3276 1694 Siquidem
3323 1637 3436 1682 nec

1839 1714 2150 1785 margaritas
2173 1714 2225 1770 in
2258 1715 2399 1771 facie
2427 1715 2777 1786 reperiuntur
2800 1723 3000 1770 terras:
3033 1714 3128 1770 sed
3158 1723 3281 1784 post
3303 1724 3431 1770 tau-

1841 1816 1925 1862 tas
1948 1805 2303 1864 difﬁcultates
2326 1807 2470 1877 quod
2511 1808 2818 1876 pretiosum
2861 1815 2947 1861 est
2991 1806 3289 1860 invenitur.
3318 1802 3434 1864 Ta-v

1841 1915 1964 1955 men
1996 1900 2137 1969 quod
2166 1909 2427 1970 properat
2455 1913 2640 1955 sermo
2665 1899 2732 1954 ad
2785 1898 3138 1971 semetipsum
3189 1898 3426 1957 dicimus
3467 1921 3480 1929 κ

1841 1991 1965 2059 quia
1999 2005 2178 2060 neque
2201 1989 2690 2046 irrationabilibus.
2715 1988 2772 2046 Si
2812 1991 2958 2047 enim
2996 2001 3245 2056 nossent,
3282 1991 3426 2049 forte

147 2089 310 2153 trice,
339 2096 394 2143 et
413 2087 556 2157 quod
581 2101 685 2140 non
713 2084 926 2138 viderat
952 2091 1016 2135 υι
1047 2081 1229 2142 ﬁdens
1259 2088 1433 2135 male!“
1465 2075 1734 2148 agnoscit.
1769 2071 1813 2126 Β
1841 2082 2060 2152 quidam
2092 2097 2258 2137 ausus
2282 2081 2495 2148 fuisset,
2530 2093 2586 2138 et
2606 2084 2816 2138 diceret
2846 2083 3090 2152 ipsorum
3123 2098 3245 2139 esse
3265 2098 3422 2154 opus.

145 2191 206 2236 et
227 2181 513 2252 progenies
538 2179 602 2233 ad
636 2187 863 2231 matrem
881 2175 1222 2230 convertitur
1242 2187 1404 2242 quam
1435 2171 1732 2225 nesciebat.

145 2272 218 2327 Et
258 2287 382 2326 cum
406 2270 589 2326 adsint
618 2269 730 2342 (35)
767 2268 934 2338 ipsius
967 2267 1184 2336 generis
1213 2267 1326 2332 alii,
1361 2279 1470 2320 non
1498 2271 1618 2319 erat
1657 2262 1734 2315 ir-

145 2365 494 2421 rationabilis
515 2365 580 2418 ad
605 2362 899 2428 modicum,
921 2371 975 2416 et
998 2361 1181 2416 statim
1209 2359 1458 2431 agnoscit
1481 2365 1733 2411 matrem.

146 2457 418 2529 Agnoscit
444 2465 622 2510 autem
657 2465 713 2510 et
747 2454 829 2510 sui
863 2453 1080 2524 generis
1114 2471 1128 2507 :
1166 2467 1273 2506 non
1308 2452 1524 2522 ignorat
1568 2448 1734 2502 etiam

145 2555 210 2603 et
232 2561 356 2618 qua:
385 2546 487 2602 sibi
521 2545 745 2600 adversa
779 2554 927 2598 sunt.
984 2543 1333 2613 Accipiamus
1377 2541 1524 2594 enim
1559 2537 1736 2606 gratia

144 2637 579 2708 comparationis
605 2651 770 2690 unum
794 2648 863 2688 ex
895 2634 1003 2700 his,
1032 2643 1087 2688 et
1115 2634 1421 2688 videamus.
1456 2626 1616 2685 Cervi
1642 2641 1738 2681 ca-

149 2731 380 2804 preolus
413 2731 594 2785 statim
625 2738 683 2784 nt
715 2737 872 2783 natus
902 2727 1069 2782 fuerit
1093 2726 1268 2782 currit
1294 2723 1360 2778 ad
1396 2733 1650 2786 matrem,
1681 2729 1739 2775 et

149 2824 484 2893 quieritnon
535 2822 672 2876 unde
695 2820 1044 2892 processerit,
1101 2817 1199 2874 sed
1255 2817 1400 2872 unde
1453 2823 1733 2884 pascatur.

147 2913 249 2968 llla
275 2921 460 2974 autem
502 2927 619 2980 qua:
650 2922 808 2966 antea
831 2924 941 2964 non
979 2904 1538 2970 dederatmamillam,
1569 2916 1736 2973 agno-

151 3006 267 3063 scit
294 3006 411 3073 ejus
434 3006 526 3074 qui
565 3015 726 3058 natus
756 3014 837 3059 est
865 3003 1242 3066 alacritatem,
1293 3009 1348 3054 et
1402 3005 1556 3068 aptat
1606 3003 1742 3049 nato

150 3109 470 3153 mensuram
493 3094 688 3150 volenti
714 3095 1030 3166 contingere
1053 3103 1112 3148 ut
1139 3092 1435 3162 pertingat,
1463 3088 1622 3143 matri
1642 3103 1740 3142 au-

152 3198 267 3244 tem
299 3203 422 3258 qua:
449 3186 651 3257 prebet
681 3196 738 3240 ut
765 3185 1027 3256 suscipiat
1054 3195 1110 3239 et
1144 3192 1352 3255 pascat.
1404 3182 1516 3238 Cur
1557 3191 1739 3236 autem

149 3292 268 3333 non
297 3277 430 3332 abiit
464 3277 530 3331 ad
569 3277 730 3330 aliam
760 3275 1028 3332 similem?
1054 3274 1166 3330 Cur
1197 3275 1372 3345 ipsius
1395 3285 1608 3328 natura:
1632 3273 1740 3326 alia

149 3384 267 3424 non
307 3367 579 3437 suscepit?
607 3367 715 3423 Cur
746 3384 852 3424 non
883 3371 951 3424 ad
977 3385 1038 3424 os
1073 3369 1247 3439 patris
1306 3364 1602 3436 perrexit?
1639 3379 1740 3419 cur

153 3473 268 3514 non
299 3458 522 3514 oﬂ'endit
576 3461 643 3516 ad
691 3460 859 3524 latus,
906 3461 999 3516 sed
1039 3459 1332 3513 mamillam
1364 3456 1600 3527 quaerit?
1635 3469 1742 3525 quo
1768 3443 1813 3500 C

149 3551 466 3608 edocente?
486 3566 592 3622 quo
623 3552 989 3622 suggerente?
1023 3551 1172 3607 Unde
1203 3559 1384 3605 autem
1417 3559 1473 3606 et
1497 3549 1743 3620 agnoscit

150 3641 293 3714 quid
333 3641 532 3697 habeat
565 3644 847 3698 mamilla?
906 3644 1048 3698 unde
1093 3643 1251 3698 novit
1309 3642 1441 3712 quid
1479 3647 1738 3711 operetur

150 3737 289 3795 fons
315 3736 671 3792 mamillarum
694 3737 722 3791 ἲ
745 3737 870 3807 quis
907 3737 956 3792 ei
984 3736 1142 3802 dixit,
1166 3734 1294 3804 quia
1318 3734 1504 3790 fontes
1530 3730 1745 3786 mamil-

151 3831 228 3886 la
258 3829 426 3886 sunt?
452 3827 586 3886 Nam
641 3841 696 3884 et
741 3844 864 3884 cum
913 3829 1179 3883 ceciderit
1230 3827 1282 3880 in
1327 3834 1494 3889 terra,
1553 3824 1742 3879 statim

155 3931 301 3988 stat,
327 3933 384 3977 et
411 3936 585 3993 neque
611 3935 813 3977 cornua
838 3919 1182 3992 pertimescit
1208 3931 1498 3974 cervorum
1533 3915 1666 3970 talia
1691 3926 1746 3970 et

151 4016 240 4070 ita
271 4014 556 4080 terribilia,
584 4025 759 4083 neque
784 4011 1071 4083 perturbat
1120 4024 1242 4066 eum
1271 4007 1583 4063 immutatio
1617 4021 1742 4077 gre-

152 4109 267 4181 gis.
299 4105 357 4162 Si
382 4116 560 4161 autem
593 4104 903 4176 apparuerit
923 4101 1138 4160 catulus
1164 4101 1345 4165 canis,
1372 4100 1560 4156 statim
1593 4099 1749 4154 abeo

152 4201 257 4271 qui
294 4209 455 4254 natus
479 4207 562 4253 est
586 4191 916 4269 agnoscitur,
944 4196 1070 4265 quia
1103 4194 1459 4264 impugnator
1490 4202 1574 4247 est
1600 4191 1740 4260 ejus.

150 4295 228 4349 Et
260 4294 308 4348 si
335 4291 600 4348 simulans
644 4292 809 4345 homo
857 4289 1099 4344 imitatus
1132 4285 1298 4342 fuerit
1346 4300 1540 4341 vocem
1570 4288 1740 4350 cauis,

149 4388 354 4443 statim
384 4393 440 4440 et
472 4395 758 4454 antequam
796 4385 1018 4449 videat,
1077 4382 1442 4438 imitationem
1474 4380 1701 4434 audiens
1729 4416 1746 4442 ,

150 4493 354 4533 vocem
380 4475 535 4547 fugit.
572 4476 702 4543 Quis
726 4489 853 4545 ergo
898 4476 953 4530 in
990 4471 1460 4529 irrationabilibus
1489 4470 1704 4539 sapiens
1723 4468 1751 4521 τ

150 4581 218 4627 et
241 4581 393 4625 certe
426 4585 524 4625 nos
553 4569 645 4638 qui
696 4569 943 4623 videmur
987 4577 1044 4622 et
1077 4580 1269 4622 sumus
1329 4561 1691 4619 rationabiles
1730 4600 1747 4627 ,

149 4665 349 4721 statim
383 4665 495 4718 nati
524 4662 657 4718 nihil
687 4663 880 4719 horum
906 4661 1193 4721 habemus.
1224 4658 1370 4728 quod
1392 4664 1477 4712 est
1500 4654 1747 4710 admira-

152 4761 318 4812 tione
347 4755 566 4826 dignum
596 4773 612 4809 :
644 4769 743 4810 cur
764 4753 942 4808 infans
969 4763 1194 4807 matrem
1228 4751 1446 4821 ignorat
1476 4787 1492 4812 ,
1546 4757 1599 4802 et
1644 4761 1745 4818 pa-
1777 4780 1822 4836 Β

151 4861 306 4904 trem
339 4861 445 4902 non
479 4844 762 4917 agnoscit?
792 4842 978 4912 Neque
1008 4857 1036 4896 a
1069 4856 1131 4898 se
1167 4842 1346 4911 pergit
1390 4839 1507 4911 ('56)
1540 4838 1605 4892 ad
1631 4853 1748 4892 ma-

151 4939 396 5003 millam,
421 4952 595 5007 neque
623 4937 827 5006 aliquid
855 4933 1165 4990 istiusmodi
1195 4931 1354 4988 facit.
1399 4931 1539 4998 Quia
1594 4929 1742 4984 enim

147 5041 248 5089 est
277 5045 474 5087 sensus
505 5031 558 5084 in
585 5039 781 5094 matre,
815 5037 872 5082 et
905 5027 1072 5081 tutela
1107 5026 1159 5079 in
1202 5034 1358 5094 patre
1381 5063 1396 5088 ,
1436 5031 1492 5077 et
1541 5035 1631 5076 ars
1688 5019 1743 5073 in

147 5124 462 5182 obstetrice
489 5137 503 5174 :
529 5131 587 5175 ut
611 5127 868 5190 appareat
888 5117 1238 5189 providentiae
1267 5113 1624 5184 dispensatio,
1653 5110 1746 5165 ubi

148 5217 271 5270 ista
299 5212 516 5274 desunt,
543 5218 738 5264 natura
762 5208 999 5277 complet
1030 5225 1048 5262 :
1077 5208 1168 5261 ubi
1197 5217 1382 5260 autem
1417 5206 1518 5260 ista
1563 5203 1742 5257 abun-

150 5313 320 5371 dant,
355 5312 547 5357 natura
576 5302 738 5356 cedit.
767 5299 882 5356 Non
914 5301 1058 5354 enim
1086 5300 1268 5356 statim
1307 5299 1480 5368 surgit
1510 5296 1693 5352 infans
1729 5315 1743 5350 :

149 5401 334 5455 habet
378 5396 523 5452 enim
557 5409 748 5450 manus
777 5408 900 5463 qua:
942 5400 1206 5464 portant:
1270 5391 1612 5446 necessarios
1651 5404 1746 5442 ca-

148 5490 327 5565 pillos
358 5503 466 5543 non
490 5486 676 5541 habuit
701 5502 714 5536 :
745 5484 840 5555 pili
864 5485 1009 5540 enim
1043 5486 1222 5542 ovium
1252 5481 1564 5539 necessaria
1591 5495 1743 5535 com-

147 5583 338 5655 plent.
379 5576 616 5644 Quarito
663 5587 843 5632 autem
874 5584 930 5630 et
963 5576 1134 5645 ipsam
1189 5575 1519 5646 positionem
1576 5571 1748 5627 fontis

148 5686 422 5732 escarum
451 5668 625 5740 qualis
660 5667 802 5738 apud
832 5680 954 5733 nos,
993 5676 1049 5723 et
1085 5668 1263 5738 qualis
1291 5665 1431 5736 apud
1457 5665 1751 5718 irrationa-

150 5765 307 5824 biles
335 5764 617 5818 habeatur.
645 5761 781 5826 Quia
811 5761 957 5814 enim
979 5770 1194 5816 erectus
1222 5769 1412 5814 noster
1440 5766 1526 5812 est
1548 5766 1748 5821 status,

149 5856 297 5933 quia
321 5857 377 5910 in
409 5853 554 5907 inani
597 5868 658 5908 os
707 5863 1016 5921 portamus,
1050 5852 1301 5923 superius
1360 5850 1642 5907 constituit
1692 5858 1749 5905 et

238 6037 360 6114 (85)
395 6033 588 6108 Ipsius.
615 6034 810 6105 Αὐτοῦ,
839 6035 1098 6106 ejusdem.

1843 2175 1976 2243 Quia
1998 2183 2177 2230 autem
2211 2174 2467 2246 ignorant
2495 2175 2736 2244 quidem,
2767 2173 3009 2230 efficitur
3041 2190 3209 2242 vero;
3241 2185 3424 2230 tamen

1842 2267 1967 2337 quia
1999 2266 2135 2320 [lunt
2160 2281 2412 2336 corpora,
2440 2274 2497 2320 et
2541 2265 2845 2337 ﬁgurantur
2896 2267 2954 2321 in
2988 2267 3335 2331 matricibus,
3369 2278 3427 2321 et

1843 2370 2097 2415 crescunt
2121 2370 2244 2431 post
2271 2360 2561 2424 matrices;
2615 2368 2928 2431 quaerentes
2960 2361 3270 2417 invenimus
3296 2363 3427 2432 quia

1845 2451 2132 2524 praesentia
2162 2450 2464 2522 corporalis
2491 2449 2688 2506 anima:
2731 2467 2795 2506 ex
2848 2452 3170 2508 matricibus
3203 2455 3422 2520 exeunt,

1843 2553 1898 2598 et
1926 2551 2045 2612 post
2075 2556 2355 2612 egressum
2385 2553 2702 2613 pascuntur,
2742 2553 2797 2598 et
2833 2554 3090 2599 crescunt
3113 2554 3168 2600 et
3197 2559 3424 2600 moveu-

1847 2645 1954 2689 tur.
1983 2634 2040 2688 Si
2069 2644 2248 2690 autem
2278 2634 2401 2705 quis
2427 2634 2657 2700 dubitet,
2689 2635 3003 2692 consideret
3037 2650 3236 2706 corpus
3281 2636 3432 2694 unde

1844 2726 2076 2782 recessit
2111 2727 2313 2792 anima,
2342 2735 2396 2780 et
2420 2726 2558 2782 sciet
2595 2725 2747 2795 cujus
2790 2729 3075 2798 prasentia
3102 2736 3233 2784 sunt
3254 2743 3428 2798 opera

1846 2820 1965 2874 ista.
1991 2819 2133 2890 Ergo
2161 2828 2214 2875 et
2247 2819 2570 2889 corporibus
2604 2831 2666 2874 ut
2697 2821 2808 2875 sint
2833 2829 2888 2876 et
2920 2832 3199 2886 crescant,
3228 2831 3284 2878 et
3311 2835 3431 2875 ma-

1844 2921 2013 2966 neant
2040 2921 2217 2968 etnon
2244 2911 2636 2980 dissolvantur,
2661 2915 2944 2984 presentia
2971 2915 3167 2972 animae
3199 2915 3430 2985 praebet,

1845 3005 2162 3075 impertiens
2192 3020 2314 3076 quas
2341 3020 2450 3060 non
2479 3004 2645 3060 habet
2698 3019 2918 3076 corpus.
2948 3003 3085 3062 Cum
3137 3007 3281 3061 enim
3316 3017 3426 3081 non

1845 3106 2100 3166 pascatur
2127 3098 2338 3167 pascit;
2377 3110 2499 3151 cum
2531 3112 2640 3151 non
2683 3107 2915 3163 crescat,
2967 3097 3186 3166 corpori
3224 3094 3429 3169 praebet

1846 3195 1905 3240 ut
1928 3196 2179 3243 crescat:
2217 3201 2339 3242 cum
2362 3189 2598 3246 calorem
2632 3203 2744 3243 non
2800 3189 3018 3255 habeat,
3047 3188 3253 3259 prtebet
3277 3188 3429 3246 colo-

1846 3292 1959 3333 rem
1988 3294 2001 3331 :
2032 3292 2153 3333 cum
2188 3294 2294 3335 non
2327 3289 2569 3335 transeat
2597 3295 2629 3334 a
2671 3279 2792 3335 loco
2825 3279 2892 3333 ad
2947 3279 3150 3346 locum,
3185 3296 3251 3336 ex
3304 3280 3430 3335 loco

1848 3369 1916 3423 sd
1951 3369 2128 3424 locum
2164 3378 2514 3426 transmutat.
2546 3370 2614 3424 Et
2643 3369 2751 3425 hoc
2795 3371 2972 3440 ipsum
3017 3373 3160 3441 quod
3211 3371 3429 3427 videtur

1845 3477 1964 3517 esse
1987 3479 2208 3533 corpus,
2232 3477 2330 3534 per
2368 3464 2608 3518 animam
2642 3472 2727 3518 est
2768 3461 2912 3533 quod
2962 3470 3064 3519 est.
3117 3463 3435 3520 Recedente

1846 3563 2025 3608 autem
2056 3555 2259 3622 anima,
2296 3557 2480 3609 statim
2506 3554 2854 3610 convincitur
2874 3569 3093 3624 corpus.
3122 3556 3304 3612 statim
3321 3557 3430 3613 dis-

1846 3646 2097 3711 solvitur,
2121 3647 2304 3702 statim
2341 3646 2549 3714 defluit,
2574 3647 2869 3718 spargitur,
2892 3648 3248 3717 obputrescit,
3278 3663 3432 3705 emo-

1849 3739 2006 3801 ritur,
2045 3737 2396 3809 infrigdatur,
2427 3739 2681 3794 immutat
2713 3738 2973 3794 colorem.
3015 3739 3134 3796 Non
3160 3742 3278 3810 ejus
3299 3756 3432 3797 ocu-

1849 3831 1935 3887 lus
1965 3832 2132 3895 videt,
2162 3840 2223 3886 et
2243 3845 2351 3886 non
2391 3841 2646 3886 movetur
2676 3847 2893 3898 manus,
2944 3847 3050 3886 non
3108 3849 3226 3904 pes,
3277 3835 3431 3890 auris

1848 3936 1955 3976 non
1981 3921 2150 3982 audit,
2178 3921 2358 3991 lingua
2388 3935 2494 3975 non
2521 3931 2702 3990 gustat
2735 3937 2750 3977 :
2780 3932 2836 3977 et
2861 3921 2907 3976 si
2932 3921 3226 3978 immiseris
3246 3936 3434 3978 escam

1847 4013 1957 4068 vim
1988 4011 2220 4081 faciens,
2254 4028 2362 4068 non
2419 4012 2666 4068 efﬁciunt
2714 4024 3062 4084 operamenta
3119 4031 3238 4085 quae
3287 4014 3439 4070 intus

1848 4118 1974 4163 sunt
2006 4125 2022 4164 :
2052 4108 2340 4162 recedente
2363 4109 2506 4162 enim
2534 4105 2750 4162 artiflce
2776 4115 2943 4163 stant.
2962 4105 3031 4160 Et
3056 4106 3236 4176 capilli
3266 4107 3437 4162 etiam

1850 4213 1957 4254 non
1988 4197 2360 4262 adducuntur,
2393 4207 2447 4252 et
2491 4198 2824 4265 moriuntur,
2857 4207 2912 4254 et
2945 4210 3156 4268 ungues
3179 4197 3293 4266 jam
3323 4214 3434 4254 nou

1850 4301 2182 4354 crescentes,
2221 4298 2274 4343 et
2303 4289 2485 4345 omnia
2533 4290 2708 4344 otiosa
2742 4300 2910 4346 sunt:
2973 4290 3116 4345 sicut
3161 4289 3302 4345 fabri
3342 4300 3439 4346 aut

1852 4384 2083 4440 alterius
2109 4382 2362 4446 artificis.
2388 4385 2433 4440 si
2471 4384 2766 4437 recesserit
2807 4383 3028 4448 artifex,
3075 4392 3435 4454 operamenta

1847 4478 2029 4548 jacent
2058 4476 2302 4545 quidem,
2337 4474 2582 4543 indigent
2627 4483 2810 4529 autem
2845 4474 3137 4531 habentem
3175 4475 3438 4530 animam.

1853 4564 2051 4619 Statim
2083 4562 2231 4616 enim
2271 4572 2355 4617 est
2403 4563 2588 4617 videre
2636 4561 2782 4616 fwda
2823 4577 3054 4632 corpora
3089 4564 3442 4620 morientium

1855 4653 2169 4709 animalium
2207 4654 2447 4724 putrida,
2480 4669 2658 4723 neque
2706 4663 2764 4709 ut
2820 4658 3212 4726 contingantur
3257 4663 3387 4726 apta
3419 4671 3439 4710 :

1854 4759 1953 4800 nec
1979 4744 2124 4799 enim
2154 4753 2210 4796 et
2242 4744 2308 4798 ad
2341 4757 2522 4798 escam
2557 4751 2685 4798 sunt
2704 4744 3070 4800 conducibilia
3107 4761 3122 4798 :
3153 4745 3225 4799 ita
3255 4744 3439 4799 anima

1855 4837 2145 4892 recedente
2177 4850 2285 4891 non
2323 4836 2435 4890 sint
2479 4836 2630 4889 utilia
2668 4836 2735 4890 ad
2785 4852 2848 4891 ea
2880 4853 3002 4907 quas
3057 4851 3171 4892 sum
3232 4845 3444 4892 natura:

1854 4938 1998 4985 sunt.
2027 4926 2213 4982 Mirari
2243 4927 2387 4982 enim
2413 4937 2497 4982 est
2514 4929 2695 4993 etilla,
2714 4944 2942 4998 quorum
2971 4928 3148 4984 anima
3182 4929 3445 5000 languore

1856 5030 1948 5074 aut
1980 5017 2344 5073 dissolutione
2370 5018 2676 5074 istiusmodi
2711 5021 2939 5077 recedit.
2970 5020 3027 5075 Si
3054 5033 3235 5074 autem
3270 5028 3326 5074 et
3357 5034 3445 5075 re-

1853 5112 2050 5167 cedere
2074 5117 2292 5178 Oportet
2321 5108 2427 5163 dici
2455 5111 2694 5164 animam
2725 5110 3209 5176 irrationabilium,
3243 5110 3442 5165 horum

1855 5199 2203 5257 mortificatio
2235 5201 2520 5254 immutata
2548 5209 2634 5256 est
2658 5217 2688 5255 a
2721 5210 2869 5257 statu
2908 5202 3122 5256 illorum
3152 5216 3272 5271 qua:
3294 5199 3436 5256 occi-

1854 5292 2075 5345 duntur.
2101 5288 2232 5356 Qun
2249 5287 2580 5345 occiduntur
2605 5291 2751 5346 enim
2781 5290 2889 5346 alia
2941 5300 3071 5346 sunt
3098 5299 3155 5345 et
3207 5289 3394 5345 calore
3423 5333 3444 5359 ,

1851 5387 1955 5442 alia
1981 5400 2197 5456 sapore,
2230 5387 2346 5442 alia'
2373 5394 2430 5442 et
2462 5385 2655 5450 odore,
2686 5385 2793 5440 alia
2842 5383 3292 5440 manducatione.
3343 5382 3442 5437 ilia

1855 5490 2034 5535 autem
2058 5493 2179 5550 qua:
2203 5479 2510 5536 moriuntur
2537 5487 2595 5533 et
2620 5493 2728 5534 non
2763 5478 3109 5544 occiduntur,
3151 5487 3207 5533 et
3239 5478 3292 5530 in
3324 5475 3444 5544 ipsa

1856 5582 2033 5627 morte
2057 5573 2262 5628 habent
2291 5571 2734 5628 immutationem
2775 5572 2891 5651 sui.
2947 5571 3002 5625 In
3041 5580 3254 5626 tantum
3296 5568 3445 5624 enim

1857 5665 2268 5719 demonstratur
2301 5673 2566 5733 quantum
2626 5673 2807 5732 potest
2860 5665 3148 5734 prementia
3197 5661 3394 5720 anime
3425 5702 3448 5729 ,

1858 5755 1984 5825 quia
2016 5765 2067 5810 et
2098 5769 2201 5809 vox
2257 5755 2440 5811 subito
2494 5755 2721 5820 recedit,
2755 5763 2812 5810 et
2857 5765 3123 5826 tanquam
3157 5753 3448 5825 vestigium

1861 5863 1980 5918 quae
2006 5848 2062 5901 io
2095 5847 2287 5903 iisdem
2316 5857 2399 5902 est
2421 5846 2548 5901 vita
2577 5845 2857 5920 relinquit.
2887 5847 3027 5916 Quid
3080 5856 3264 5904 autem
3293 5845 3452 5907 dicas

1931 6029 2043 6106 (36)
2075 6031 2119 6085 Α
2145 6047 2222 6088 se.
2253 6028 2521 6088 Δὺτόθιν.
