4072 6404
183 389 326 446 1137

1412 379 1501 434 DE
1544 371 2009 434 li‘CORPORALl
2049 371 2285 427 ANIMA.

3331 368 3467 423 “38

187 505 527 575 incipiebant
566 501 616 557 ei
651 499 844 571 subjici
873 498 1055 554 omnia
1096 512 1217 567 quae
1243 497 1386 551 facta
1419 511 1447 550 a
1474 497 1583 551 Deo
1612 504 1774 557 sunt;
1807 498 1850 552 Α
1879 506 1949 562 go
1982 500 2166 544 autem
2194 487 2424 543 necdum
2456 481 2650 538 vivens
2678 522 2694 548 ,
2749 489 2804 536 et
2846 481 3062 548 jacebat
3092 478 3232 549 quod
3263 476 3464 534 factum

182 607 243 651 ut
278 610 386 650 non
420 595 588 663 ipsius
617 601 943 662 putarentur
974 605 1136 660 opera
1170 604 1291 660 qua
1325 589 1470 645 facta
1497 590 1770 653 videnlur,

182 689 516 744 novissimus
567 687 833 756 ﬁguratur
883 685 1047 740 bomo
1078 724 1094 749 ,
1157 692 1212 737 et
1261 697 1367 737 non
1420 683 1650 752 primus.
1712 679 1770 734 Si

181 780 329 835 enim
360 788 418 833 et
445 779 518 832 ita
543 776 842 832 novissimo
876 776 1020 830 facto
1065 773 1304 835 homine.
1334 773 1455 827 ausi
1496 783 1624 826 sunt
1651 771 1773 842 qui-

181 868 309 925 dam
361 884 458 938 per
490 869 702 923 fabulas
753 869 1135 932 introducere;
1178 866 1306 935 quid
1340 881 1446 920 non
1483 865 1598 919 ausi
1635 863 1770 916 fuis-

181 969 308 1018 sent
338 961 382 1016 si
423 976 532 1015 non
567 961 669 1014 ista
706 960 1077 1030 praecessisset
1116 957 1279 1011 tutela
1313 957 1336 1010 2
1390 957 1561 1010 Aliter
1589 964 1770 1009 autem

181 1060 241 1105 et
273 1050 503 1104 decebat
548 1060 842 1117 antequam
886 1055 1175 1102 crearetur
1217 1062 1311 1102 rex
1345 1061 1506 1116 super
1541 1055 1770 1106 terram.

185 1139 485 1210 przparari
523 1139 835 1193 necessaria
861 1137 1097 1206 primum
1124 1177 1140 1203 ,
1181 1145 1238 1191 ut
1275 1137 1344 1211 ita
1376 1137 1653 1191 adveniret
1681 1136 1772 1205 qui

182 1246 250 1288 ea
283 1230 486 1301 perfrui
535 1231 780 1286 deberet.
823 1228 1090 1283 Servatur
1126 1238 1306 1283 autem
1360 1237 1417 1282 et
1473 1229 1523 1281 in
1558 1227 1775 1281 irratio-

187 1322 467 1378 nabilibus
523 1323 679 1386 ordo,
719 1320 1016 1377 secundum
1068 1319 1432 1391 Scripturam.
1464 1319 1582 1375 Non
1629 1322 1772 1375 enim

187 1416 345 1485 prius
369 1415 512 1471 facta
539 1424 674 1469 sunt
702 1415 954 1469 animalia
976 1456 992 1480 ,
1032 1429 1194 1484 quam
1229 1412 1421 1468 fierent
1448 1429 1507 1468 ea
1545 1429 1663 1484 quae
1686 1429 1773 1483 pa.

189 1514 408 1561 scerent
456 1504 734 1559 animalia.
783 1503 918 1571 Quia
970 1503 1116 1558 enim
1159 1503 1359 1558 factum
1389 1505 1606 1572 quidem
1663 1504 1774 1574 jam

185 1593 368 1651 fuerat
395 1595 612 1658 ctutum,
641 1593 857 1648 fundata
887 1603 1065 1649 autem
1086 1592 1198 1664 jam
1230 1604 1349 1648 erat
1380 1603 1544 1658 terra,
1579 1603 1633 1650 et
1663 1609 1776 1648 ma-

188 1701 253 1740 re
281 1683 460 1739 fuerat
482 1687 794 1752 separatum
820 1682 887 1737 ab
915 1683 1090 1748 arida,
1119 1680 1326 1737 ellusus
1353 1692 1535 1738 autem
1573 1693 1690 1737 erat
1722 1693 1778 1738 et

190 1790 307 1840 aer,
333 1785 593 1830 coronata
622 1782 801 1827 autem
838 1781 994 1827 erant
1033 1786 1156 1841 quae
1200 1772 1342 1827 facta
1393 1782 1548 1840 sunt,
1581 1788 1776 1828 unum—

1875 595 2050 642 estut
2082 591 2492 654 operameutum
2531 598 2546 634 :
2593 576 2906 646 requirebat
2943 583 3124 630 autem
3174 572 3464 640 artiﬁcem,

1875 691 1981 731 non
2015 674 2292 730 lntellectu
2325 681 2419 727 aut
2443 671 2640 726 eﬂ'ectu
2663 708 2679 734 ,
2712 667 2807 724 sed
2834 666 3159 722 necessitate
3184 665 3462 736 poscebat.

1875 767 2155 837 Scriptum
2209 765 2355 820 enim
2384 773 2508 828 est,
2546 761 2672 833 quia
2725 769 2847 831 post
2893 760 2994 814 boc
3025 775 3039 812 :
3072 755 3360 826 Inspirauit
3403 758 3463 812 in

1877 875 1998 913 eum
2032 857 2284 911 Dominus
2321 855 2703 924 spiramentum
2736 852 2856 906 vim
2875 867 2895 915 ;
2929 859 2978 904 et
3012 848 3183 920 factus
3209 859 3285 904 est
3307 851 3461 903 homv

1877 953 1933 1003 in
1965 951 2200 1003 animum
2228 949 2484 1001 viventem
2511 943 2579 999 ⁸⁸.
2605 941 2670 998 Et
2696 945 2914 1008 iterum,
2941 941 3003 995 In
3031 940 3276 1021 spiritum
3298 938 3468 1008 viviﬁ-

1879 1052 2085 1096 cantem
2117 1040 2187 1093 ⁸⁸.
2244 1039 2385 1109 Ergo
2432 1038 2502 1093 ab
2539 1036 2692 1092 initio
2738 1033 3031 1105 separatim
3081 1032 3300 1102 quidem
3343 1044 3462 1084 cor-

1876 1148 1977 1201 pus
2003 1171 2019 1196 ,
2050 1129 2352 1200 separatim
2388 1136 2570 1181 autem
2599 1126 2778 1181 anima
2828 1123 2972 1177 facta
3022 1130 3126 1177 est.
3170 1121 3236 1176 Et
3263 1134 3463 1190 corpus

1877 1221 2098 1293 quidem
2124 1220 2244 1277 sine
2273 1219 2456 1273 anima
2484 1232 2592 1272 non
2633 1215 2766 1270 vivit
2801 1231 2814 1268 :
2848 1228 2972 1269 cum
2995 1207 3189 1267 autem
3216 1211 3463 1280 ingressa

1878 1315 2047 1372 fuerit
2070 1314 2279 1378 anima,
2315 1320 2449 1366 tunc
2479 1308 2711 1365 edicitur
2736 1309 2898 1364 bomo
2933 1306 2986 1360 in
3019 1307 3257 1360 animam
3283 1307 3466 1361 viven-

1879 1418 2010 1462 tem.
2045 1404 2115 1460 Et
2151 1405 2274 1475 quis
2309 1401 2646 1473 comparabit
2669 1407 2974 1471 opportune
3019 1411 3215 1466 corpus
3245 1397 3462 1466 quidem

1877 1499 2031 1564 nubi,
2060 1497 2300 1554 animam
2336 1505 2518 1550 autem
2545 1493 2804 1549 immissis
2835 1508 2865 1548 a
2893 1491 3007 1547 sole
3038 1487 3465 1561 splendoribus?

1880 1591 2131 1644 immutat
2159 1590 2303 1643 enim
2364 1585 2524 1640 nubis
2573 1585 2851 1650 colorem,
2887 1583 3136 1638 immutat
3187 1580 3304 1649 ejus
3355 1578 3466 1637 em-

1878 1683 2044 1753 giem,
2076 1681 2170 1736 sed
2203 1695 2310 1735 non
2335 1677 2602 1733 viviﬁcat.
2652 1676 2847 1744 Quaare
2875 1690 3004 1746 ergo
3050 1673 3324 1744 quomodo
3373 1688 3465 1729 ae-

1878 1775 2021 1846 ceplt
2075 1775 2219 1829 Deus
2252 1773 2440 1827 limum
2497 1781 2656 1827 terrae
2685 1811 2701 1839 ,
2751 1777 2806 1825 et
2852 1766 3128 1840 quomodo
3177 1765 3466 1837 inspiravit

188 1866 446 1936 quodque
482 1865 534 1920 in
565 1873 886 1919 ornamento
919 1878 1019 1920 suo
1050 1835 1077 1920 φτ
1121 1872 1265 1918 terra
1303 1835 1543 1934 quidem,
1576 1863 1774 1919 ﬂorens
1809 1835 1851 1891 Β
1880 1835 2042 1923 Deus.
2075 1865 2289 1936 Accipit
2317 1863 2462 1919 enim
2498 1864 2615 1918 sine
2657 1835 2910 1918 manibus
2937 1901 2952 1925 ,
2983 1869 3038 1915 et
3077 1835 3309 1928 inspirat
3341 1856 3464 1914 sine

189 1955 478 2010 arboribus
520 1963 578 2009 et
625 1953 824 2024 plantis
860 1968 997 2008 :aer
1046 1968 1144 2024 per
1197 1954 1378 2009 avium
1430 1955 1533 2008 iter
1584 1955 1776 2010 avibus

190 2046 439 2115 praebens
471 2064 487 2100 :
525 2060 676 2100 mare
719 2055 776 2101 et
815 2044 1035 2100 flumina
1066 2053 1120 2100 et
1161 2044 1337 2101 fontes
1366 2046 1604 2116 piscibus
1631 2045 1777 2100 laeta-

191 2137 416 2202 bantur,
445 2137 536 2206 qui
560 2137 613 2191 in
663 2151 721 2192 se
750 2136 968 2194 fuerant
999 2136 1132 2190 nati.
1180 2137 1389 2193 Caelum
1420 2148 1600 2192 autem
1636 2137 1778 2192 vari-

196 2239 380 2286 catum
428 2231 541 2301 (59)
576 2233 690 2286 suis
735 2231 961 2287 ﬁoribus
991 2241 1150 2296 erat,
1198 2240 1253 2287 et
1291 2240 1414 2286 tunc
1464 2230 1638 2285 factus
1692 2239 1778 2285 est

201 2321 390 2376 homo.
416 2321 645 2378 Creatus
676 2333 856 2378 autem
893 2333 977 2378 est
1015 2323 1179 2378 homo
1216 2337 1321 2376 non
1351 2337 1457 2377 uno
1485 2331 1774 2394 praecepto,

193 2412 293 2469 sed
321 2427 520 2482 corpus
542 2413 756 2484 quidem
785 2415 985 2469 dicitur
1041 2416 1291 2471 manibus
1326 2415 1638 2488 ﬁguratum.
1667 2415 1776 2469 Ex-

195 2504 327 2561 binc
353 2514 535 2560 autem
576 2503 689 2574 jam
730 2517 1049 2576 argumenta
1095 2508 1203 2563 sint
1234 2507 1301 2564 de
1350 2508 1592 2563 incertis.
1631 2505 1777 2562 Scri-

199 2607 351 2668 ptum
373 2605 460 2653 est
487 2599 631 2653 enim
681 2599 748 2667 ι’,
781 2599 906 2670 quia
930 2599 1141 2669 accepit
1172 2599 1312 2655 Deus
1331 2615 1364 2656 e
1387 2608 1532 2655 terra
1561 2600 1772 2654 limum.

197 2689 365 2746 Putas
393 2690 518 2760 quia
571 2691 810 2761 accepit,
842 2692 1019 2757 dixit,
1080 2692 1341 2748 addemus
1367 2691 1417 2748 ei
1451 2700 1508 2746 et
1533 2705 1724 2746 manus
1754 2691 1778 2745 τ

201 2781 476 2853 Scriptum
498 2791 581 2840 est
610 2785 734 2854 quia
766 2793 821 2840 et
871 2785 1126 2855 ﬁguravit
1151 2785 1451 2846 hominem.
1486 2784 1553 2840 Et
1576 2786 1778 2856 ﬁgura-

195 2875 277 2930 tio
306 2875 526 2944 quidem
561 2876 805 2944 corporis
836 2876 1073 2944 jacebat,
1106 2878 1287 2934 anima
1314 2887 1497 2932 autem
1527 2891 1634 2932 non
1657 2885 1778 2932 erat

195 2967 363 3020 simul
397 2977 603 3023 creata.
637 2966 742 3023 Sed
773 2968 961 3024 volens
990 2968 1131 3026 Deus
1176 2983 1274 3040 per
1305 2983 1469 3040 opera
1498 2977 1779 3040 separatas

205 3071 499 3128 segregare
527 3066 752 3113 naturas
780 3059 1074 3129 separatim
1109 3060 1361 3130 ﬁguravit
1391 3072 1590 3129 corpus
1617 3097 1632 3122 ,
1691 3073 1777 3114 se-

195 3147 430 3217 paratim
460 3149 694 3203 animam
720 3148 871 3205 fecit.
899 3149 966 3205 Et
994 3150 1199 3206 factum
1227 3160 1314 3207 est
1342 3150 1491 3205 velut
1520 3150 1774 3206 taberna-

199 3239 385 3294 culum
412 3255 611 3311 corpus
642 3259 659 3296 :
693 3241 1000 3298 introducta
1031 3251 1116 3298 est
1158 3252 1339 3298 autem
1366 3244 1570 3307 anima,
1592 3250 1647 3298 et
1677 3244 1774 3297 ba-

206 3331 422 3386 bitavit.
469 3331 535 3387 Et
561 3346 625 3386 ne
654 3344 810 3401 putes
841 3333 964 3402 quia
995 3334 1272 3403 pra-cessit
1299 3349 1499 3406 corpus
1539 3335 1592 3390 in
1622 3350 1776 3389 crea-

206 3424 356 3478 tione
383 3463 400 3488 ,
435 3424 548 3493 jam
592 3435 648 3478 et
700 3426 752 3478 in
799 3424 1005 3480 honore
1031 3426 1308 3496 praecellit.
1357 3428 1462 3481 Sed
1511 3435 1780 3480 memento

200 3530 325 3585 quc
351 3516 602 3584 superius
631 3515 853 3582 audisti,
879 3516 1005 3585 quia
1033 3524 1087 3573 et
1111 3516 1499 3572 irrationabilia
1524 3517 1779 3571 animalia

199 3615 332 3661 ante
364 3605 638 3661 hominem
669 3609 812 3661 tacta
841 3617 970 3662 sunt
1005 3623 1018 3660 :
1048 3614 1104 3664 et
1129 3623 1236 3664 non
1255 3608 1378 3678 quia
1408 3616 1783 3678 praevenerunt

200 3699 258 3754 in
293 3699 608 3768 operatione
637 3739 651 3764 ,
679 3699 791 3768 jam
826 3708 881 3754 et
911 3698 1088 3767 prima
1126 3709 1254 3755 sunt
1293 3700 1348 3755 in
1379 3701 1602 3756 honore.
1635 3699 1784 3770 ipso-

205 3805 325 3844 rum
352 3797 533 3844 autem
567 3789 1018 3846 irrationabilium
1056 3806 1119 3846 ea
1145 3803 1267 3862 qua
1299 3792 1368 3848 ad
1396 3807 1578 3848 escam
1601 3807 1782 3848 neces-

201 3883 348 3937 saria
368 3887 516 3946 sunt,
546 3881 726 3952 priora
755 3891 937 3938 creata
972 3893 1135 3938 sunt:
1161 3893 1216 3938 et
1247 3898 1352 3938 non
1378 3886 1504 3955 quia
1539 3899 1658 3954 quae
1688 3884 1784 3938 uti-

203 3973 278 4026 lia
305 3980 433 4028 sunt
455 3971 807 4040 animalibus,
835 3981 891 4027 et
933 3972 1048 4041 jam
1077 3973 1191 4044 (ιο)
1218 3973 1623 4029 bonorabiliora
1653 3985 1781 4030 sunt

201 4062 424 4119 iisdem.
455 4061 596 4132 Ergo
620 4078 727 4118 non
761 4077 794 4118 a
827 4064 1164 4133 temporibus
1188 4064 1539 4134 accipiamus,
1575 4065 1780 4134 pretio-

204 4155 352 4211 siora
383 4169 607 4212 ea-esse
635 4169 758 4225 qua
795 4158 976 4227 priora
1011 4167 1178 4213 sunt:
1219 4159 1486 4229 siquidem
1539 4169 1594 4215 et
1637 4171 1780 4215 terra

202 4257 331 4303 ante
381 4247 543 4304 istum
594 4247 690 4318 qui
744 4248 961 4303 videtur
991 4249 1189 4306 caelum
1229 4261 1314 4306 est
1347 4250 1508 4307 facta.
1563 4251 1621 4308 Si
1658 4251 1782 4322 quis

202 4338 353 4394 enim
385 4337 515 4408 legit
547 4339 911 4406 Scripturam,
935 4352 1029 4396 aut
1056 4341 1324 4412 legentem
1351 4343 1578 4406 audivit.
1632 4345 1782 4398 inve-

205 4432 322 4487 niet
343 4430 468 4500 quia
505 4432 763 4501 scriptum
789 4442 873 4487 est
903 4451 916 4486 ε
947 4431 1013 4488 In
1038 4435 1297 4502 principio
1339 4435 1462 4504 fecit
1510 4434 1649 4489 Deus
1680 4453 1779 4489 cm-

1876 1972 1994 2014 ore.
2027 1957 2141 2014 Cur
2174 1973 2303 2028 ergo
2336 1954 2601 2026 accepit?
2649 1963 2709 2009 ut
2755 1961 3038 2024 appareret
3067 1951 3193 2022 quia
3233 1964 3340 2004 non
3391 1947 3464 2005 ab

1879 2050 1981 2103 alia
2010 2059 2258 2104 creatura
2287 2057 2370 2104 est
2395 2049 2584 2112 bomo,
2615 2047 2710 2102 sed
2744 2060 2774 2099 a
2803 2043 3193 2114 conspersioue
3227 2035 3464 2097 l‘ermeno

1881 2152 2018 2197 tum.
2039 2141 2151 2198 Cur
2181 2149 2360 2196 autem
2383 2150 2439 2196 et
2468 2138 2753 2211 inspiravit
2779 2138 2804 2192 ‘l
2833 2136 2940 2192 Pro
2961 2151 3027 2191 eo
3050 2143 3110 2191 nt
3131 2135 3300 2201 dicat,
3331 2133 3460 2205 quia

1880 2235 2129 2291 immisit.
2161 2233 2218 2289 Si
2247 2234 2391 2289 enim
2416 2229 2773 2302 corporaliter
2811 2229 3184 2298 acceperimus
3210 2226 3351 2297 quod
3380 2226 3465 2281 in-

1877 2327 2108 2398 spiravit
2159 2326 2324 2391 Deus,
2354 2336 2414 2381 ut
2440 2340 2470 2381 a
2507 2323 2618 2381 Deo
2647 2337 2775 2395 pars
2798 2321 3064 2378 eliicimur
3100 2320 3190 2375 Dei
3222 2318 3461 2390 inspira-

1880 2421 2025 2474 tione
2054 2402 2161 2476 ista
2186 2459 2203 2484 ,
2229 2427 2284 2474 et
2325 2417 2618 2474 dividimus
2647 2415 2962 2473 indivisum.
3002 2413 3068 2468 Et
3099 2413 3456 2482 quemadmo-

1877 2510 2007 2566 dum
2061 2508 2321 2582 possibile
2349 2518 2721 2579 eratpeccare
2747 2522 2864 2575 eos,
2892 2505 3042 2577 quia
3083 2504 3193 2561 Deo
3227 2513 3285 2558 ut
3319 2517 3448 2574 pars

1875 2601 1995 2669 ejus
2036 2611 2194 2655 erant
2224 2601 2457 2670 separati
2483 2599 2508 2653 ἲ
2557 2597 2639 2655 lta
2671 2613 2804 2671 ergo
2859 2613 2926 2654 ex
2958 2605 3211 2653 creatura
3239 2595 3457 2664 quidem

1877 2695 1989 2764 ipsa
2015 2697 2197 2748 statim
2222 2703 2536 2762 separatum
2565 2701 2649 2746 est
2682 2681 2929 2745 noslrum
2964 2702 3164 2759 corpus
3184 2687 3254 2741 ab
3276 2685 3461 2739 anima

1875 2795 2087 2840 nostra.
2116 2784 2313 2839 Anima
2349 2792 2536 2838 autem
2568 2783 2812 2837 omnium
2848 2779 3162 2836 animalium
3212 2791 3332 2847 qua:
3388 2775 3460 2831 ab

1877 2877 2188 2934 hominibus
2232 2876 2660 2940 manducantur,
2710 2874 2890 2930 dictus
2928 2883 3012 2929 est
3047 2871 3309 2941 sanguis,
3351 2881 3462 2923 non

1877 2982 2061 3028 tamen
2094 2970 2354 3028 hominis.
2385 2969 2496 3026 Sed
2526 2983 2648 3026 cum
2698 2969 2905 3026 diceret
2953 2966 3159 3024 homini
3195 2966 3333 3020 Deus
3356 3002 3372 3029 ,
3402 2971 3464 3017 ut

1875 3066 2025 3136 prius
2071 3063 2371 3120 eﬁunderet
2418 3064 2785 3135 sanguinem,
2836 3071 2895 3118 et
2943 3061 3018 3116 ita
3070 3057 3461 3118 manducaret;

1879 3156 1945 3211 de
1978 3157 2305 3213 animalibus
2330 3158 2434 3212 isto
2462 3157 2581 3225 eius
2611 3165 2733 3212 erat
2773 3167 2974 3211 sermo.
3019 3151 3102 3206 Ab
3134 3148 3290 3206 initio
3325 3161 3462 3217 ergo

1879 3259 2183 3317 creatum,
2207 3249 2282 3305 ita
2319 3248 2515 3304 melior
2553 3256 2638 3304 est
2681 3257 2868 3302 nostra
2916 3244 3097 3299 anima
3128 3258 3159 3298 a
3210 3245 3462 3311 cOrpore,

1879 3351 1935 3398 et
1967 3351 2217 3413 separata
2248 3351 2352 3398 est.
2390 3341 2460 3398 Ut
2506 3352 2701 3415 autem,
2730 3339 3014 3396 veniamus
3042 3335 3110 3392 ad
3137 3334 3255 3404 ejus
3282 3333 3466 3405 digni-

1883 3441 2071 3496 tatem,
2098 3440 2402 3488 scrutantes
2432 3444 2744 3486 scrutemur
2776 3430 2901 3500 quia
2938 3441 3169 3497 corpora
3205 3441 3308 3480 non
3335 3440 3465 3496 ger-

1883 3525 2113 3589 minant,
2153 3525 2249 3578 sed
2279 3523 2506 3577 arbores
2543 3528 2599 3578 et
2626 3520 2832 3593 plantae
2850 3527 3180 3589 acceperunt
3214 3530 3464 3586 germen,

1881 3624 1939 3672 et
1957 3623 2330 3686 augmentum,
2361 3621 2417 3669 et
2437 3626 2646 3678 escam,
2677 3620 2843 3681 quam
2887 3623 2999 3666 non
3029 3608 3305 3665 habebant
3333 3622 3466 3662 saxa

1882 3722 2002 3778 qua
2025 3721 2153 3763 vere
2199 3715 2324 3763 sunt
2373 3721 2528 3762 saxa.
2558 3704 2881 3762 Germinare
2908 3701 3052 3759 enim
3082 3709 3136 3758 et
3169 3709 3421 3757 crescere
3447 3741 3465 3768 ,

1882 3809 1937 3856 et
1987 3799 2251 3855 imbribus
2282 3798 2480 3854 nutriri
2510 3812 2618 3854 non
2672 3795 2915 3863 habent,
2963 3795 3059 3852 sed
3091 3793 3210 3850 haec
3240 3807 3467 3864 accepe-

1885 3899 2010 3945 runt
2034 3889 2234 3961 planta:
2261 3898 2317 3945 et
2339 3890 2584 3945 arbores.
2609 3887 2678 3944 Et
2701 3902 2770 3944 ne
2788 3886 2913 3958 quis
2949 3887 3216 3959 producat
3246 3894 3470 3942 cantra-

1884 3982 2176 4040 dictionem
2198 4023 2215 4050 ,
2243 3983 2288 4038 si
2319 3981 2489 4052 aliqui
2534 3981 2744 4053 lapides
2787 3987 3044 4036 crescunt
3070 3980 3126 4034 in
3153 3977 3314 4044 mari,
3349 3977 3469 4033 sive

1884 4075 2064 4145 nigri,
2099 4074 2216 4129 sive
2265 4072 2459 4129 rubri:
2487 4071 2566 4128 illi
2611 4069 2757 4128 enim
2809 4066 3008 4141 plantls
3038 4069 3211 4141 magis
3261 4068 3466 4125 similes

1882 4173 2008 4220 sunt
2031 4179 2194 4235 quam
2223 4163 2493 4235 lapidibus
2519 4181 2534 4217 :
2563 4162 2721 4218 incisi
2755 4162 2905 4217 enim
2931 4176 3053 4217 cum
3079 4159 3307 4226 fuerint,
3337 4169 3470 4215 tunc

1886 4255 2093 4325 lapides
2119 4253 2431 4310 eﬁlciuntur
2460 4270 2477 4309 :
2504 4253 2559 4309 in
2589 4263 2852 4326 quantum
2891 4263 3070 4308 autem
3092 4259 3240 4305 stant
3261 4257 3468 4304 natura

1884 4347 2112 4419 legibus,
2142 4356 2200 4401 et
2234 4347 2447 4401 radices
2477 4347 2770 4412 emittunt,
2801 4355 2857 4400 et
2900 4343 3306 4416 pullulationem
3336 4355 3469 4412 ope-

1885 4449 2095 4504 rantur,
2132 4447 2186 4494 et
2221 4439 2618 4495 incrementum
2645 4437 2945 4509 accipiunt,
2980 4446 3036 4492 et
3066 4435 3231 4492 ramis
3253 4447 3468 4489 annun-

201 4524 313 4578 lum
350 4531 400 4577 et
434 4533 627 4577 terram
662 4523 732 4579 ".
776 4524 989 4581 Caelum
1037 4526 1182 4581 enim
1217 4541 1337 4581 cum
1389 4538 1530 4582 terra
1579 4527 1778 4593 factum
1815 4547 1859 4602 ο
1891 4533 2026 4587 tiant
2055 4529 2393 4587 aﬁlnitatem.
2427 4531 2572 4603 Ergo
2601 4531 2804 4604 plantis
2840 4537 2898 4586 et
2923 4529 3212 4586 arboribus
3240 4528 3342 4582 ista
3366 4527 3467 4582 ad-

203 4615 378 4682 dicit,
416 4631 522 4669 non
554 4616 719 4670 istum
760 4607 852 4687 qui
904 4615 1138 4681 videtur,
1177 4617 1272 4672 sed
1321 4618 1486 4673 alium
1533 4621 1781 4690 superio-

203 4719 344 4760 rem.
375 4703 630 4762 Secundo
657 4707 801 4761 enim
850 4707 939 4762 die
988 4706 1220 4762 eilicitur
1264 4707 1366 4765 iste
1413 4711 1502 4780 qui
1541 4713 1779 4780 videtur,

203 4808 262 4854 et
289 4799 604 4854 nominatur
638 4799 1056 4856 ﬁrmamentum.
1096 4800 1330 4857 Tantum
1375 4806 1519 4859 enim
1547 4807 1782 4861 honora-

201 4888 366 4945 biliur
390 4899 447 4945 et
497 4891 600 4946 iste
625 4907 654 4944 a
685 4901 826 4948 terra
867 4904 950 4948 est
973 4933 990 4959 ,
1026 4905 1285 4964 quantum
1311 4905 1369 4951 et
1410 4898 1586 4968 spatio
1616 4898 1780 4953 distat

200 4981 597 5052 superpositus.
623 4985 690 5038 Et
717 4999 824 5039 non
854 4988 978 5053 quia
1019 4996 1132 5042 toto
1175 4988 1262 5042 die
1291 4989 1576 5058 praecessit
1632 5001 1778 5046 terra

201 5076 372 5132 istum
411 5075 503 5145 qui
535 5076 742 5132 videtur
765 5079 985 5143 ctelum,
1012 5081 1122 5148 jam
1152 5088 1207 5135 et
1246 5081 1450 5136 honore
1483 5083 1656 5151 prima
1684 5100 1781 5153 pu-

204 5169 430 5224 tabitur.
459 5167 538 5223 lta
571 5169 832 5239 ﬁguretur
877 5172 1027 5237 prius
1060 5187 1280 5242 corpus,
1307 5182 1362 5229 et
1390 5186 1511 5244 post
1545 5179 1636 5230 tiat
1663 5178 1778 5232 aui-

203 5277 316 5328 ma,
347 5271 400 5316 et
429 5260 584 5316 nobis
615 5272 864 5316 servetur
889 5262 1147 5333 dignitas.
1182 5263 1382 5321 Factus
1411 5268 1576 5337 igitur
1617 5270 1781 5326 homo

200 5364 286 5408 est
310 5396 325 5419 ,
359 5353 435 5407 ita
467 5353 611 5408 enim
638 5353 879 5407 nominat
913 5351 1052 5409 Deus
1077 5355 1202 5409 dum
1238 5357 1387 5411 dicit.
1423 5356 1492 5410 Et
1534 5357 1780 5428 ﬁguravit

205 5445 346 5501 Deus
377 5446 662 5510 hominem,
697 5447 885 5501 limum
912 5464 944 5500 α
979 5457 1122 5502 terra
1143 5449 1402 5518 accipiens
1424 5450 1491 5504 ⁸¹.
1542 5449 1778 5506 Necdum

199 5545 323 5592 erat
351 5545 496 5593 totus
529 5537 688 5592 bomo
719 5559 734 5593 :
767 5539 860 5594 sed
894 5539 939 5594 si
974 5539 1114 5595 forte
1153 5540 1330 5611 imago
1360 5542 1614 5610 hominis,
1644 5543 1780 5598 ima-

276 5651 322 5684 “
359 5652 501 5736 Gen.
553 5667 611 5715 ιι,
653 5653 703 5706 7.
779 5655 826 5684 ³⁸
873 5652 1012 5709 Gen.
1065 5672 1102 5721 t,
1153 5657 1205 5709 1.

277 5807 388 5881 (39)
421 5809 602 5876 Forte,
635 5809 998 5876 Vnriﬁcatum.
1025 5822 1075 5868 ut
1103 5829 1262 5883 supra
1295 5817 1397 5873 col.
1440 5815 1567 5876 H51
1607 5815 1669 5870 Β.

1888 4625 2112 4692 duntur,
2149 4625 2272 4693 quia
2306 4624 2508 4679 habent
2551 4633 2611 4679 ut
2640 4622 2985 4695 germinent,
3021 4631 3081 4676 ut
3128 4619 3468 4690 procedant,

1890 4728 1950 4771 ut
1987 4725 2284 4781 crescant,
2333 4724 2395 4769 ut
2442 4726 2759 4783 pascantur.
2792 4711 3131 4770 Animalibus
3179 4719 3359 4774 autem
3414 4709 3471 4764 id

1886 4811 2032 4867 inest
2049 4810 2197 4880 quod
2228 4811 2391 4870 inest,
2417 4807 2520 4864 hoc
2546 4819 2632 4864 est
2668 4819 2728 4863 ut
2775 4817 3084 4874 nascantur,
3114 4815 3169 4861 et
3192 4813 3466 4870 crescant,

1885 4915 1939 4962 et
1967 4913 2280 4975 pascantur.
2314 4902 2509 4959 Iuncta
2535 4912 2714 4958 autem
2742 4902 2935 4958 iisdem
2960 4910 3046 4957 est
3078 4909 3131 4954 et
3165 4898 3468 4969 proprietao

1888 5001 1959 5054 tis
1984 4996 2406 5054 additamentum
2429 4995 2778 5052 sensibilitas.
2799 4994 2897 5051 Est
2915 5003 3093 5049 autem
3119 4992 3222 5048 hoc
3248 4991 3303 5046 in
3333 4990 3472 5060 lapi-

1889 5087 2044 5143 dibus
2088 5097 2147 5144 ut
2173 5092 2301 5155 sint,
2333 5087 2425 5142 sed
2459 5103 2563 5141 non
2602 5087 2744 5142 inest
2781 5085 2862 5140 eis
2889 5091 2951 5139 ut
2981 5091 3254 5148 crescant,
3289 5090 3345 5135 et
3374 5079 3472 5135 ad-

1891 5180 2187 5247 ditamenta
2221 5187 2461 5244 sumant,
2492 5179 2634 5248 quod
2659 5186 2740 5234 est
2772 5177 2824 5232 in
2848 5174 3173 5231 animalibus
3196 5173 3468 5229 omnibus.

1888 5270 2021 5327 Esse
2053 5280 2234 5327 autem
2272 5272 2414 5327 inest
2436 5271 2587 5327 saxis
2615 5279 2672 5327 et
2719 5279 2917 5326 teme:
2953 5268 3261 5340 germinare
3283 5273 3466 5319 autem

1887 5371 1944 5416 et
1974 5375 2246 5428 crescere,
2283 5372 2339 5418 et
2369 5364 2578 5434 augeri,
2621 5362 2764 5434 quod
2789 5371 2911 5416 erat
2946 5360 3224 5423 arborum,
3259 5371 3363 5411 non
3386 5363 3472 5411 est

1885 5453 1941 5508 in
1970 5453 2070 5509 eis.
2105 5453 2548 5509 Additamentum
2583 5464 2766 5509 autem
2806 5465 2996 5507 eorum
3023 5459 3332 5523 separatum
3386 5456 3473 5503 est

1891 5543 2228 5600 sensibilitas
2251 5585 2268 5612 ,
2293 5554 2478 5615 utpote
2525 5560 2645 5602 uua:
2678 5547 2732 5603 in
2760 5545 3087 5603 animalibus
3124 5541 3373 5599 habetur.
3411 5537 3476 5596 in

1283 5655 1327 5689 "
1357 5656 1493 5712 Gen.
1521 5672 1582 5723 ιι,
1611 5656 1664 5711 7.
1739 5656 1785 5689 ⁸³
1813 5656 1944 5715 ibid.
2023 5658 2069 5691 ⁵³
2099 5660 2230 5716 ibid.

1965 5815 2080 5888 (ιο)
2109 5814 2175 5872 Et
2206 5817 2342 5887 jam.
2384 5813 2467 5872 An
2503 5815 2710 5872 etiam?
