4072 6400
670 235 810 294 H39

1337 233 1426 294 ΕΙ]
1435 234 1605 291 SEBII
1639 233 2113 293 CESARIENSIS
2148 233 2229 291 0P

2341 234 2520 291 psus
2557 233 2645 290 tv.
2683 265 2754 277 —
2791 230 3215 305 DQGIIATICA.

3760 234 3889 293 1180

670 351 830 408 nobis
875 356 1049 406 autem
1094 350 1273 405 omnia
1316 365 1440 421 quae
1484 352 1738 421 prodicta
1769 362 1895 408 sunt
1938 353 2224 408 habentur.
2258 352 2303 411 Α
2331 350 2571 420 perﬂuo;
2606 354 2699 407 sed
2727 360 2930 407 tantum
2951 351 3132 406 anima
3166 365 3391 422 corpore
3422 350 3622 407 fortior
3651 354 3888 422 est,qaia

670 442 923 498 Additum
975 448 1153 496 autem
1187 442 1341 497 nobis
1371 452 1455 497 est
1493 444 1635 513 quod
1682 453 1926 499 nostrum
1974 452 2058 500 est
2102 459 2227 513 pro-

675 533 871 601 prium,
895 540 951 586 et
968 533 1110 603 quod
1137 533 1289 588 nobis
1323 534 1570 601 provenit
1595 574 1612 600 ,
1656 544 1715 589 ut
1742 528 1988 590 deorsum
2011 535 2225 604 quidem

673 625 970 681 habeamus
997 624 1175 679 omnia
1207 639 1326 694 quae
1350 624 1547 681 habent
1572 640 1635 681 ea
1662 640 1781 696 qua
1811 626 1911 680 sub
1946 640 2042 680 nos
2062 635 2223 690 sunt;

671 716 1009 771 extrinsecus
1026 726 1199 772 autem
1224 724 1466 771 nostrum
1511 718 1652 786 quod
1684 727 1767 772 est
1798 716 2073 788 proprium
2097 756 2113 781 ,
2157 718 2229 773 sit

671 807 728 861 in
764 805 917 861 nobis
946 806 1209 877 cogitatus
1253 814 1307 859 et
1340 821 1553 861 sensus.
1593 805 1793 861 lterum
1842 822 1904 863 ea
1940 822 2060 877 quae
2108 816 2229 877 post

670 909 772 953 nos
798 904 954 961 sunt,
994 894 1173 949 statim
1214 894 1602 954 irrationabilia
1633 895 1885 951 animalia
1928 898 2162 968 cogitatu
2195 912 2225 951 a

670 988 826 1044 nobis
856 988 1233 1056 relinquuntur
1259 997 1314 1042 et
1354 1002 1537 1043 sensu.
1573 986 1785 1043 Habent
1816 996 1994 1043 autem
2023 990 2222 1055 omnia,

669 1094 1001 1150 quacunque
1029 1080 1246 1149 habent,
1278 1081 1508 1133 minora.
1529 1079 1638 1133 illis
1659 1079 1800 1135 enim
1830 1088 1884 1135 et
1907 1081 2047 1149 quod
2071 1097 2223 1137 suum

670 1177 757 1226 est
792 1170 971 1237 inest,
1007 1172 1339 1228 seusibiiitas
1392 1172 1617 1227 scilicet.
1646 1170 1843 1226 iterum
1895 1172 2116 1227 arbores
2172 1180 2232 1228 et

667 1259 865 1329 plantae
893 1261 1270 1330 relinquuntur
1310 1262 1523 1332 quidem
1556 1277 1585 1316 a
1630 1262 1864 1332 cogitatu
1898 1271 2105 1327 nostro,
2141 1278 2225 1318 rev

668 1349 984 1421 linquuntur
1028 1362 1205 1406 autem
1236 1361 1291 1405 et
1320 1367 1352 1405 a
1379 1352 1736 1406 sensibilitate
1761 1352 2091 1407 animalium.
2120 1352 2225 1407 Ha-

667 1441 799 1497 bent
842 1450 1016 1498 autem
1062 1457 1158 1498 sua
1215 1444 1601 1513 proprietatem
1650 1442 1933 1500 adversum
1991 1459 2120 1501 saxa
2170 1454 2226 1500 et

669 1539 893 1595 terram,
932 1531 1377 1601 germinationem
1424 1533 1635 1588 scilicet
1655 1543 1709 1589 et
1744 1541 2087 1604 augmentum
2119 1573 2135 1598 ,
2170 1542 2226 1588 et

668 1621 1100 1685 crescibiljtatem
1142 1632 1197 1680 et
1229 1638 1432 1681 escam.
1476 1626 1586 1683 Fex
1624 1638 1826 1691 autem,
1863 1634 1918 1682 et
1956 1642 2075 1696 qua:
2124 1642 2222 1696 pu-

2326 450 2381 496 et
2427 443 2640 512 corpori
2686 458 2972 500 mensuras
3020 444 3088 499 ad
3139 444 3366 500 salutem
3400 446 3573 515 ponit.
3610 445 3679 500 Et
3722 446 3892 513 primo

2326 532 2543 599 quidem
2575 534 2955 603 ostenditque
2982 534 3176 591 debeat
3197 551 3427 602 sumere,
3453 545 3509 591 et
3540 552 3571 591 a
3612 537 3815 607 quibus
3839 552 3893 594 se

2328 622 2625 684 abstinere,
2653 628 2707 676 et
2727 636 2788 676 ea
2810 638 2929 692 qua:
2952 623 3096 679 licita
3120 634 3248 680 sunt
3278 626 3633 690 manducare,
3660 628 3892 697 quando,

2327 724 2381 771 et
2416 723 2671 786 quantum
2699 754 2715 779 .
2740 723 2795 771 et
2819 714 3019 785 quibus
3065 714 3215 770 boris
3239 755 3255 780 .
3285 700 3341 771 et
3386 715 3515 784 quid
3544 714 3747 770 debeat
3775 726 3895 770 ante

2326 821 2506 865 escam
2538 807 2751 877 operari
2782 848 2799 873 ,
2848 816 2904 862 et
2952 806 3408 876 quemadmodum
3446 806 3655 862 moveri
3690 806 3896 862 deside-

2326 896 2463 951 rium
2486 910 2752 960 escarum.
2774 906 2830 951 et
2867 897 3319 965 quemadmodum
3353 911 3578 951 servare
3597 911 3783 951 escam
3808 898 3887 952 in-

2326 1002 2562 1059 gressam
2582 1031 2595 1049 .
2624 997 2679 1042 et
2701 989 2971 1058 quomodo
3004 988 3233 1043 reticere
3260 997 3613 1056 operamenta
3645 1006 3661 1042 :
3692 996 3754 1044 ut
3790 1004 3893 1044 non

2325 1093 2393 1132 ex
2432 1077 2729 1133 abundanti
2778 1077 3015 1132 motione
3046 1076 3291 1132 confusio
3318 1077 3410 1130 ﬂat
3437 1077 3556 1143 ejus
3577 1077 3670 1143 qui
3701 1078 3893 1147 pascit.

2325 1168 2393 1224 Et
2442 1169 2701 1238 potuisset
2739 1169 2925 1239 utique
2963 1183 3162 1239 corpus
3206 1169 3478 1238 corrumpi
3531 1168 3635 1222 nisi
3681 1169 3897 1224 adesset

2326 1262 2527 1327 anima,
2559 1263 2876 1331 permittens
2915 1270 3179 1330 quantum
3219 1260 3473 1325 deberet,
3504 1268 3560 1315 et
3605 1260 3895 1315 continens

2324 1355 2582 1418 quantum
2613 1357 2908 1419 oporteret,
2940 1359 2995 1404 et
3019 1363 3339 1405 mensurans
3361 1356 3417 1405 et
3458 1348 3818 1419 permiscens.
3838 1357 3893 1406 et

2322 1442 2572 1497 rtatibus
2618 1440 2967 1510 semetipsam
3016 1440 3339 1501 extendens,
3378 1448 3434 1493 et
3485 1439 3686 1493 iterum
3746 1437 3897 1495 colli-

2323 1546 2454 1602 gens
2488 1545 2594 1585 non
2628 1529 3000 1598 magnitudine
3023 1529 3145 1584 dico
3171 1568 3185 1595 ,
3208 1530 3301 1583 sed
3330 1529 3625 1583 mensuris.
3671 1529 3894 1596 Quoties

2326 1624 2469 1678 enim
2504 1623 2760 1677 irascitur
2781 1635 2981 1690 corpus
3001 1621 3126 1691 quia
3151 1620 3410 1675 derelicta
3444 1630 3532 1674 est
3556 1634 3684 1675 esca
3731 1635 3890 1691 quam

670 1721 854 1768 tantur
892 1712 1205 1780 fortissima,
1250 1725 1438 1786 petrae,
1485 1718 1731 1786 inquam,
1781 1729 1836 1773 et
1864 1694 2019 1775 terra:
2048 1759 2065 1782 ,
2120 1694 2224 1773 hoc
2255 1694 2296 1748 Β
2327 1712 2552 1766 libenter
2584 1710 2850 1774 sumebat,
2892 1717 2946 1763 et
2976 1708 3166 1763 iterum
3204 1708 3441 1774 volebat,
3477 1719 3529 1763 et
3566 1724 3675 1763 non
3705 1709 3894 1779 pet-mi.

669 1804 843 1877 ipsum
866 1813 990 1860 sunt
1011 1819 1240 1874 corpus;
1266 1822 1371 1862 non
1396 1806 1780 1877 producuntur,
1798 1823 1901 1862 non
1936 1816 2221 1863 crescunt:

668 1896 716 1955 si
740 1895 883 1955 enim
913 1906 966 1951 et
993 1906 1262 1960 crescunt,
1287 1898 1357 1951 ita
1385 1910 1631 1953 crescunt
1660 1907 1716 1953 ut
1750 1913 1847 1954 nec
1874 1899 2076 1954 sciatur
2098 1898 2224 1968 quia

668 1994 939 2048 crescunt.
968 1984 1061 2041 His
1086 1987 1157 2041 ita
1184 2002 1213 2043 a
1244 1989 1491 2043 deorsum
1518 2003 1685 2057 usque
1711 2005 1945 2056 sursum,
1966 2000 2020 2047 et
2057 2005 2087 2043 a
2112 2004 2226 2044 sur-

669 2091 790 2135 sum
840 2090 1008 2147 usque
1039 2079 1287 2132 deorsum
1344 2080 1650 2147 separatis,
1694 2094 2048 2149 agnoscamus
2098 2079 2223 2150 quia

668 2180 771 2223 nos
792 2169 1003 2237 quidem
1035 2184 1220 2224 sumus
1257 2170 1312 2225 in
1346 2184 1629 2225 commune
1651 2210 1665 2235 .
1696 2171 1839 2225 sicut
1882 2180 1938 2226 et
1973 2180 2113 2225 terra
2171 2180 2227 2225 et

669 2258 872 2330 lapides
901 2262 1341 2317 :coextendimur
1388 2272 1565 2317 autem
1598 2271 1653 2317 et
1686 2262 1883 2332 plantis
1930 2272 1987 2317 et
2015 2262 2223 2319 arbori-

670 2353 791 2413 bus.
826 2352 1095 2409 Habemus
1133 2353 1275 2408 enim
1320 2364 1378 2408 ut
1421 2364 1475 2408 et
1509 2369 1793 2409 nascamur
1821 2362 1876 2409 et
1917 2369 2224 2411 crescamus

673 2452 731 2496 et
774 2457 1080 2513 pascamur.
1110 2442 1562 2501 Transcendimus
1587 2455 1764 2500 autem
1797 2454 1849 2499 et
1880 2444 2224 2501 irrationabi-

668 2534 741 2594 lia
773 2534 1023 2589 animalia
1068 2551 1189 2591 cum
1220 2535 1593 2591 sensibilitate.
1642 2535 1993 2591 Transilimus
2058 2535 2219 2589 etiam

667 2635 723 2682 et
750 2627 817 2680 ab
845 2626 931 2681 bis
960 2643 977 2683 :
1012 2627 1273 2682 habentes
1307 2626 1447 2696 quod
1489 2635 1573 2681 est
1605 2626 1952 2696 praecipuum,
1983 2628 2222 2682 rationa-

666 2715 793 2775 bilis
817 2716 1013 2791 quippe
1038 2716 1161 2773 vim
1190 2716 1500 2787 cogitatum.
1530 2715 1674 2775 Nihil
1709 2726 1885 2772 autem
1918 2716 2223 2785 praescribi-

667 2815 758 2863 tur
779 2820 810 2861 a
837 2808 1207 2863 communibus
1227 2847 1243 2872 ,
1273 2816 1331 2863 ut
1367 2816 1514 2877 puta,
1546 2808 1591 2862 si
1626 2807 1749 2877 quis
1791 2808 2018 2863 voluerit
2044 2806 2221 2863 homi-

668 2914 791 2955 nem
839 2899 1068 2968 aliquem
1106 2914 1358 2970 separare
1395 2903 1463 2954 ab
1496 2900 1669 2955 altero
1696 2940 1712 2965 ,
1756 2915 1858 2954 non
1889 2900 2045 2954 debet
2073 2899 2220 2956 dice-

669 3004 772 3045 re:
804 2990 895 3045 Ille
926 2990 1017 3059 qui
1056 2991 1190 3045 duos
1214 2991 1398 3045 oculos
1426 2991 1588 3045 habet
1612 3000 1706 3045 aut
1729 2992 1862 3044 duas
1892 3005 2083 3054 aures;
2128 3007 2221 3047 nec
2251 3025 2294 3083 ε

669 3096 774 3156 que
806 3081 896 3135 illa
926 3096 1045 3151 qua:
1089 3082 1143 3135 in
1173 3095 1455 3136 commune
1484 3090 1609 3136 sunt
1651 3091 1703 3136 et
1747 3083 1869 3137 aliis
1893 3122 1909 3145 ,
1955 3084 2049 3138 sed
2082 3083 2223 3138 illius

669 3168 903 3225 hominis
943 3172 1083 3241 quod
1120 3181 1201 3225 est
1230 3174 1556 3242 pracipuum
1591 3174 1658 3227 ad
1694 3174 2042 3240 agnitionem.
2091 3172 2226 3230 Esse

667 3262 813 3317 enim
841 3276 945 3316 non
976 3261 1128 3316 nobis
1155 3263 1282 3317 solis
1308 3271 1389 3317 est
1414 3302 1429 3326 .
1479 3274 1534 3317 et
1571 3264 1875 3331 germinare
1902 3279 2005 3317 non
2046 3265 2098 3317 iu
2126 3278 2226 3317 no-

666 3350 758 3408 bis
783 3360 863 3406 est
912 3359 1118 3404 tantum
1146 3391 1161 3415 ,
1194 3361 1248 3406 et
1300 3353 1626 3408 manducare
1672 3368 1777 3407 non
1817 3354 2096 3408 hominum
2138 3368 2227 3409 so-

668 3436 962 3502 lummodo,
1008 3447 1061 3492 et
1089 3454 1337 3495 crescere
1364 3454 1467 3497 non
1498 3450 1743 3496 nostrum
1770 3451 1855 3497 est
1891 3451 2123 3508 tantum,
2170 3452 2227 3498 et

671 3526 1120 3583 sensibilitatibus
1160 3528 1235 3582 uti
1283 3544 1388 3584 non
1442 3538 1685 3583 nostrum
1734 3537 1819 3584 est
1868 3528 2073 3595 solum;
2128 3529 2226 3583 sed

672 3619 890 3691 quando
922 3634 1016 3674 nos
1048 3628 1103 3675 et
1132 3618 1241 3684 ubi,
1277 3619 1333 3675 in
1363 3634 1631 3684 sermone,
1665 3618 1718 3674 in
1758 3619 2020 3689 cogitatu,
2047 3620 2099 3673 in
2131 3634 2223 3673 ra-

668 3708 912 3763 tionabili
944 3709 1049 3762 vita
1075 3748 1093 3775 ,
1145 3711 1246 3764 hoc
1275 3709 1435 3770 homo
1462 3718 1565 3770 est,
1618 3710 1732 3765 haec
1754 3709 1936 3779 imago
1956 3748 1971 3774 ,
1999 3711 2101 3765 hoc
2144 3716 2228 3764 est

672 3799 968 3858 secundum
999 3798 1289 3871 imaginem
1312 3839 1328 3863 ,
1367 3802 1469 3855 hoc
1497 3810 1580 3855 est
1627 3800 1919 3870 pretiosum
1949 3838 1965 3864 ,
1998 3801 2103 3855 hoc
2134 3801 2230 3854 im-

673 3890 913 3964 periale,
940 3890 1043 3945 hoc
1066 3900 1151 3946 est
1180 3892 1321 3961 quod
1368 3900 1514 3949 tenet
1554 3905 1650 3956 per
1689 3891 1947 3946 animam.
1974 3889 2078 3946 Per
2120 3892 2233 3947 haec

674 3983 985 4053 agnoscitur
1037 3994 1090 4039 et
1139 3984 1409 4053 pudicitiae
1464 3984 1743 4042 honestas.
1796 3983 1862 4039 Et
1908 3993 2053 4040 certe
2105 4000 2234 4043 caro

671 4074 970 4133 contrarias
1001 4076 1239 4145 suggerit
1290 4075 1557 4130 motiones
1596 4094 1610 4130 :
1648 4084 1843 4145 utpote
1888 4075 2234 4131 irrationabi-

678 4164 808 4228 lium
840 4166 905 4219 ad
950 4166 1465 4223 communicationes
1521 4183 1535 4221 :
1586 4166 1679 4222 sed
1729 4166 1923 4220 animas
1974 4168 2235 4237 cogitatus

672 4255 976 4326 gubernans
1008 4255 1278 4312 motiones
1307 4255 1871 4325 concupiscentiarum
1892 4295 1906 4318 ,
1948 4265 2003 4311 et
2029 4258 2234 4326 asperi-

2326 1802 2396 1856 sit
2422 1802 2615 1855 anima:
2646 1800 2913 1870 cogitatus
2938 1800 2962 1853 i
3001 1799 3221 1865 Quoties
3254 1814 3480 1853 accensa
3510 1810 3595 1854 est
3624 1801 3884 1870 concupi—

2326 1892 2555 1955 scentia,
2577 1900 2633 1946 et
2658 1890 2824 1945 voluit
2850 1905 2969 1946 esse
3004 1905 3100 1945 sua
3135 1889 3337 1953 aliena.
3361 1900 3415 1945 et
3444 1906 3679 1946 accensa
3704 1902 3811 1955 est.
3838 1899 3895 1947 at

2327 1982 2457 2036 arsit
2487 1980 2755 2036 ﬂammai
2799 1983 2891 2036 sed
2937 1995 3129 2038 sensus
3158 1996 3350 2038 rorans
3390 1983 3656 2038 exstinxit
3704 1985 3893 2039 motio-

2326 2090 2470 2137 nem,
2495 2083 2550 2130 et
2575 2076 2865 2129 marcidam
2900 2074 3168 2130 ﬂammam
3211 2072 3413 2139 eﬂecit,
3441 2085 3495 2129 et
3519 2076 3761 2131 ostendit
3799 2077 3893 2131 ho-

2326 2167 2456 2221 mini
2503 2168 2712 2221 ratione
2758 2167 2884 2237 quia
2918 2168 3083 2223 homo
3112 2175 3219 2232 est,
3265 2175 3321 2222 et
3369 2182 3477 2221 non
3513 2167 3893 2222 irrationabile

2325 2271 2507 2327 pecus.
2531 2254 2650 2312 Non
2669 2272 2855 2313 sumus
2875 2258 3020 2313 inter
3040 2274 3231 2328 greges
3258 2258 3325 2313 ad
3350 2272 3524 2313 comm
3535 2259 3891 2322 unicationes,

2326 2347 2419 2402 sed
2446 2346 2647 2416 nupti:
2671 2347 2814 2417 apud
2858 2362 2976 2412 nos,
3012 2358 3067 2403 et
3102 2349 3152 2403 iu
3177 2346 3428 2404 domibus
3456 2388 3472 2411 ,
3503 2360 3559 2403 et
3599 2348 3894 2403 successio-

2326 2452 2422 2492 nes
2443 2447 2497 2493 et
2518 2440 2863 2509 cognationes
2884 2439 3171 2494 habentur.
3194 2438 3567 2509 Compatimur
3586 2439 3736 2494 enim
3761 2438 3892 2494 alter

2329 2529 2508 2593 alteri,
2541 2540 2597 2583 et
2623 2531 3045 2601 congaudcmus.
3086 2529 3364 2600 Cogitatus
3392 2532 3538 2586 enim
3592 2532 3890 2600 coniungit.

2324 2633 2380 2675 et
2408 2631 2674 2692 separate
2699 2623 2896 2690 nuptias
2924 2623 3063 2691 apud
3092 2637 3191 2677 nos
3234 2632 3383 2677 sunt.
3430 2623 3721 2691 Separavit
3747 2625 3887 2679 enim

2326 2711 2431 2767 hoc
2454 2712 2597 2767 ratio
2626 2725 2820 2768 sensus
2845 2729 2859 2766 :
2890 2721 2947 2767 et
2976 2713 3116 2782 quod
3153 2720 3235 2767 est
3256 2712 3596 2780 admirabile,
3625 2728 3751 2784 qua
3787 2728 3889 2769 non

2324 2811 2411 2858 est
2446 2802 2565 2859 visa
2596 2802 2647 2857 ei
2692 2804 2785 2873 qui
2827 2816 2933 2857 non
2978 2812 3065 2858 est
3092 2804 3241 2859 visus
3264 2842 3280 2867 ,
3309 2813 3401 2857 aut
3431 2803 3560 2858 alibi
3594 2804 3794 2858 nutrita
3839 2804 3888 2859 ei

2340 2894 2431 2964 qui
2464 2893 2587 2949 alibi
2612 2903 2697 2950 est
2717 2894 2997 2961 educatus,
3029 2894 3212 2949 subito
3242 2894 3437 2949 tradita
3470 2895 3762 2963 conjuncta
3809 2906 3891 2948 est

2328 2986 2542 3041 ratione
2570 2995 2625 3039 et
2673 3000 2834 3040 sensu
2865 2992 2919 3041 et
2968 2985 3226 3054 cogitatu,
3255 2992 3312 3039 et
3360 2984 3773 3054 praehonoratus
3811 2997 3890 3039 est

2326 3078 2421 3149 qui
2467 3078 2678 3149 accepit
2723 3086 2777 3133 et
2813 3078 2952 3147 patri
3002 3076 3239 3141 dilecto,
3287 3086 3342 3133 et
3405 3076 3564 3131 matri
3598 3076 3809 3142 amicae,
3833 3086 3888 3131 et

2326 3169 2474 3225 omni
2518 3167 2849 3238 oognationi.
2894 3166 3012 3223 Non
3064 3167 3208 3222 enim
3257 3167 3387 3221 mibi
3423 3182 3570 3222 nunc
3603 3167 3888 3223 inducatur

2326 3274 2512 3316 eorum
2559 3258 2653 3329 qui
2680 3259 2983 3314 adulteram
3024 3274 3305 3313 nummum
3350 3258 3505 3328 (ii):
3544 3260 3675 3327 quia
3711 3274 3815 3314 nec
3859 3276 3888 3315 a

2326 3350 2485 3406 caecis
2504 3349 2820 3420 agnoscitur
2853 3347 2994 3403 oculi
3040 3349 3232 3414 virtus,
3259 3364 3435 3419 neque
3464 3364 3492 3402 a
3516 3350 3729 3406 claudis
3775 3358 3889 3404 a‘m-

2327 3440 2534 3496 bulatio
2564 3450 2707 3495 recta
2736 3478 2753 3505 ,
2806 3454 2980 3509 neque
3011 3441 3078 3493 ab
3107 3439 3375 3495 adulteris
3406 3441 3610 3496 nummi
3642 3442 3890 3513 ﬂguratio

2326 3545 2473 3585 vera.
2505 3529 2611 3583 Sed
2643 3529 2843 3599 nuptiae
2870 3530 3217 3598 sintnuptias,
3244 3546 3363 3598 qua
3387 3532 3638 3586 terminis
3670 3533 3893 3588 rationis

2329 3637 2357 3675 a
2409 3620 2643 3689 cogitatu
2704 3632 2835 3674 sunt
2872 3619 3169 3674 honorata}.
3201 3620 3318 3676 Duo
3362 3622 3506 3677 enim
3542 3622 3891 3687 ﬂuntunum,

2331 3712 2457 3781 quia
2483 3727 2548 3766 ex
2576 3725 2686 3765 uno
2712 3709 2839 3766 facti
2870 3718 2999 3764 sunt
3030 3711 3099 3767 ab
3121 3711 3279 3765 initio
3304 3713 3430 3767 duo.
3458 3711 3527 3766 Et
3548 3714 3677 3783 quis
3701 3715 3895 3783 poterit

2332 3803 2591 3857 exhibere
2614 3816 2800 3858 eorum
2829 3803 2922 3871 qui
2944 3802 3224 3858 salvantur
3252 3802 3503 3874 ﬁguram,
3528 3804 3891 3873 pulchritudi-

2333 3909 2455 3949 nem
2483 3934 2499 3959 ,
2549 3894 2984 3965 speciositatem,
3030 3895 3230 3966 quibus
3279 3898 3537 3954 tristities
3591 3900 3893 3958 consolatio

2333 3995 2416 4041 est
2444 3986 2467 4039 i
2494 3987 2799 4055 partiuntur
2824 3987 2989 4051 enim,
3014 3997 3067 4042 et
3103 3988 3423 4043 alterutrum
3455 4005 3621 4045 onera
3660 4002 3891 4061 portant,

2333 4086 2388 4130 et
2412 4077 2547 4132 alius
2580 4092 2678 4147 pro
2710 4077 2812 4133 alio
2834 4078 3097 4134 sollicitus
3126 4088 3233 4142 est,
3280 4091 3341 4135 ut
3382 4096 3488 4135 non
3518 4083 3769 4138 tristetur
3801 4099 3895 4139 nec

2334 4170 2532 4235 doleat,
2574 4184 2662 4234 ne,
2696 4170 2741 4223 si
2787 4185 2891 4225 non
2922 4171 3103 4225 videat
3138 4172 3370 4238 tristem,
3398 4174 3594 4228 iterum
3632 4178 3891 4233 lristetur.

2339 4263 2444 4316 Aut
2469 4263 2612 4317 enim
2638 4262 2899 4331 ﬁguratur
2921 4263 3215 4331 tristitiam,
3247 4273 3340 4318 aut
3366 4265 3535 4335 pellit.
3552 4268 3692 4321 Cum
3721 4280 3893 4323 autem

672 4356 837 4401 tatem
891 4345 1171 4399 libidinum
1228 4359 1456 4415 regens,
1502 4346 1746 4400 ostendit
1790 4346 1915 4415 quia
1970 4347 2146 4403 anima
2196 4362 2227 4401 a
2260 4359 2304 4415 υ
2338 4354 2629 4410 incurrerit
2675 4354 2886 4424 aliquod
2932 4356 3187 4425 gaudium
3234 4366 3329 4411 aut
3371 4357 3655 4424 latitiam,
3695 4360 3897 4417 videbis

674 4451 898 4507 corpore
926 4446 1173 4505 separata
1205 4447 1307 4493 est.
1332 4435 1390 4491 Si
1421 4435 1563 4490 enim
1593 4450 1791 4506 corpus
1829 4437 2097 4502 turbatur,
2123 4454 2228 4493 mo-

674 4541 851 4593 vetur,
886 4525 1175 4582 ﬂuctuatur
1216 4541 1247 4579 a
1296 4526 1748 4595 concupiscentiis
1772 4566 1789 4591 ,
1824 4528 2001 4581 anima
2052 4539 2229 4584 autem

674 4620 935 4689 gubernat
967 4635 982 4672 :
1011 4634 1205 4688 corpus
1238 4618 1474 4690 exsultat
1504 4620 1645 4674 escis
1673 4660 1689 4686 ,
1720 4620 1900 4675 anima
1930 4630 2107 4677 autem
2142 4638 2233 4677 co-

672 4712 842 4781 gitatu
878 4711 1113 4765 refrenat
1145 4724 1341 4779 corpus
1376 4729 1389 4764 :
1421 4724 1615 4780 corpus
1641 4712 1847 4783 expetit
1872 4727 2055 4769 escam
2078 4731 2092 4779 ;
2117 4730 2236 4770 eva-

674 4813 867 4857 cuatur
892 4804 1057 4868 enim,
1091 4813 1143 4857 et
1189 4804 1301 4857 vult
1334 4804 1526 4862 iterum
1560 4805 1833 4874 adimpleri
1866 4825 1879 4861 :
1915 4808 2095 4867 anima
2139 4825 2235 4863 au-

676 4902 783 4947 tem
807 4896 905 4948 sub
934 4909 1028 4962 spe
1074 4896 1441 4965 religiositatis
1470 4898 1667 4953 retinet
1712 4898 2037 4957 desiderium
2072 4918 2085 4953 :
2115 4916 2237 4954 cor-

681 4999 780 5051 pus
805 4984 957 5048 sitit;
983 4987 1159 5046 anima
1212 4998 1491 5049 mensurat
1528 4990 1668 5055 quod
1700 4990 1747 5042 ei
1784 4999 1867 5047 est
1896 4993 2023 5046 utile
2062 5011 2073 5045 :
2114 5009 2235 5047 cor-

685 5090 781 5141 pus
806 5085 983 5133 movet
1018 5077 1231 5141 ﬂuctus,
1257 5079 1435 5136 anima
1465 5092 1644 5132 autem
1678 5082 2121 5151 tranquillitatem
2153 5087 2240 5137 ad-

683 5165 849 5225 ducit.
880 5165 1086 5234 Corpus
1112 5169 1222 5220 sola
1247 5183 1364 5235 qua:
1393 5180 1519 5229 sunt
1552 5171 1767 5238 qumrit,
1794 5181 1846 5225 et
1873 5189 1977 5226 non
2005 5190 2121 5241 quae
2143 5190 2235 5227 sua

683 5265 809 5315 sunt
834 5264 1057 5314 tantum.
1079 5260 1173 5310 sed
1208 5268 1261 5310 et
1291 5275 1449 5325 supra
1479 5275 1540 5313 ea
1570 5276 1688 5329 qua:
1718 5276 1813 5315 sua
1838 5274 1979 5316 sunt.
2014 5265 2067 5317 Si
2092 5266 2236 5318 enim

688 5359 793 5404 non
854 5348 1063 5399 adesset
1118 5350 1292 5400 anima
1347 5366 1702 5417 mensurans,
1754 5364 1933 5423 posset
1988 5358 2241 5411 aviditate

682 5448 923 5488 escarum
940 5453 1133 5505 corpus
1156 5443 1445 5510 corrumpi,
1468 5454 1520 5497 et
1542 5459 1570 5497 a
1605 5447 1877 5513 potatione
1900 5462 2119 5520 crepare
2144 5466 2233 5504 su-

756 5611 866 5681 (il)
892 5612 987 5669 Ms.
1019 5617 1103 5685 qui
1130 5619 1423 5673 adnuerant
1464 5638 1721 5680 nummus.

2337 4444 2438 4498 ista
2468 4444 2726 4512 duplicia.
2759 4445 2911 4500 Sicut
2941 4448 3084 4501 enim
3116 4449 3518 4516 compatiuntur
3546 4450 3653 4505 sibi
3686 4450 3741 4505 in
3765 4452 3895 4508 mul-

2338 4538 2407 4592 tis
2428 4578 2443 4602 ,
2474 4524 2547 4590 ita
2582 4544 2636 4591 et
2665 4536 3014 4593 collatantur.
3050 4536 3328 4608 Cogitatus
3377 4540 3559 4611 itaque
3584 4543 3753 4597 etiam
3788 4542 3893 4598 {or-

2338 4628 2548 4685 tissima
2584 4628 2740 4683 nobis
2770 4629 3019 4683 animalia
3045 4630 3289 4700 subjecit.
3307 4630 3734 4701 Comprehendit
3758 4638 3894 4692 enim

2337 4729 2393 4775 et
2416 4718 2644 4785 velocia,
2681 4729 2734 4774 et
2768 4725 2921 4776 tarda
2951 4722 3157 4776 domuit
3187 4714 3243 4776 et
3268 4723 3520 4791 subjecit.
3553 4724 3897 4783 Descendens

2340 4819 2518 4866 autem
2558 4810 2611 4865 in
2634 4825 2807 4875 mare,
2834 4812 3138 4866 necessaria
3164 4813 3319 4869 nobis
3358 4816 3423 4869 ad
3456 4830 3615 4870 usum
3667 4818 3853 4874 eduxit
3881 4835 3896 4884 ;

2340 4910 2395 4957 et
2428 4904 2496 4957 ad
2544 4916 2726 4957 aerem
2776 4904 3090 4972 perveniens
3118 4943 3134 4967 ,
3166 4905 3289 4960 inde
3321 4921 3382 4960 ea
3413 4921 3532 4975 qua:
3561 4907 3810 4964 videmus
3850 4920 3899 4965 et

2342 4993 2731 5047 manducamus
2763 4994 3027 5064 deposuit.
3061 4995 3343 5066 Decerpsit-
3368 4999 3532 5052 etiam
3580 5000 3650 5053 ab
3696 5002 3898 5057 arbori-

2340 5086 2441 5139 bus
2463 5095 2517 5139 et
2542 5084 2758 5153 plantis,
2787 5094 2840 5141 et
2858 5102 2886 5140 a
2906 5095 3047 5142 terra
3064 5098 3118 5141 et
3144 5088 3210 5142 ab
3235 5090 3561 5147 animalibus
3580 5094 3896 5157 necessaria,

2345 5186 2401 5229 et
2428 5178 2658 5247 partitus
2678 5188 2782 5244 est,
2802 5187 2855 5233 et
2879 5181 3054 5234 omnia
3077 5181 3230 5235 nobis
3252 5183 3321 5237 ob
3338 5198 3504 5237 unam
3530 5200 3728 5240 sensus
3742 5184 3896 5239 ratio-

2347 5284 2468 5323 nem
2488 5270 2715 5339 paravit.
2734 5271 2942 5326 Nullum
2966 5275 3108 5327 enim
3138 5276 3333 5327 animal
3362 5276 3436 5329 ita
3452 5287 3535 5330 est
3553 5277 3712 5343 forte,
3741 5288 3798 5332 ut
3817 5293 3899 5333 co-

2351 5362 2541 5428 gitatui
2584 5362 2655 5416 sit
2682 5363 2908 5419 fortior:
2942 5365 3210 5435 siquidem
3260 5382 3360 5421 nec
3400 5384 3577 5438 penna
3613 5370 3739 5425 huic
3766 5372 3897 5424 veio-

2348 5452 2463 5507 cior
2510 5454 2779 5515 invenitur
2809 5475 2823 5512 :
2856 5457 2952 5515 sed
3002 5470 3203 5528 quanta
3239 5463 3387 5516 carni
3424 5473 3627 5519 nostra:
3665 5466 3734 5521 ob
3766 5464 3900 5519 inﬂro
