4072 6362
156 309 294 372 ωι

1366 306 1458 362 DE
1495 301 1964 374 INCORPORALI
2000 299 2242 357 ANIIA.

3285 295 3428 354 ηις

154 426 403 485 nitatem
454 423 644 482 deesse
677 389 953 490 videntur,
993 423 1110 479 liae
1156 422 1383 479 fortiora
1423 423 1730 480 emciuutur
1757 427 1805 486 Α
1832 423 1984 480 dives
2007 421 2102 493 qui
2130 417 2338 478 creavit
2356 417 2520 482 Deus,
2537 422 2595 472 et
2617 415 2708 486 qui
2737 414 2929 482 dignus
2957 421 3041 469 est
3062 411 3279 468 habitus
3297 427 3427 466 aen-

155 519 360 575 virtuts
386 532 578 574 sensus
602 527 657 574 et
684 516 975 586 cogitatus.
1006 515 1122 573 Non
1147 524 1330 587 potest
1370 519 1554 573 nostra
1582 518 1729 588 sspi-

159 612 301 667 ratio
325 611 613 680 plurimum
646 609 888 666 contueri
929 609 982 664 iu
1033 610 1193 663 mari.
1227 609 1366 676 Quid
1396 610 1572 678 ergo?
1603 624 1731 665 num

155 701 371 772 aufugit
391 717 489 758 nos
517 714 668 762 mare
692 701 714 756 i
761 698 949 756 Nosne
973 698 1025 755 ei
1061 698 1177 770 (42)
1205 699 1376 754 maris
1407 698 1732 771 profundum

160 793 434 863 cogitatus
478 791 726 858 invenit,
753 802 814 848 ut
868 808 1012 848 nunc
1041 792 1262 864 quidem
1301 789 1456 847 funes
1505 792 1560 848 in
1595 792 1732 846 mari

167 888 484 957 deponeret,
519 901 662 943 nunc
693 887 829 942 retia
854 889 1208 957 expanderet,
1239 885 1348 942 alio
1369 895 1548 942 autem
1593 896 1733 942 tem-

160 990 297 1048 pore
343 977 449 1031 alia
499 977 928 1033 machinamenta
969 977 1330 1034 immitteret?
1380 976 1646 1046 siquidem
1678 983 1736 1029 et

156 1081 488 1140 per-cannas
538 1069 606 1123 ad
637 1067 962 1138 profundum
1011 1067 1306 1138 pervenit,
1355 1076 1412 1124 et
1458 1083 1558 1138 per
1586 1073 1734 1122 setas

157 1165 438 1230 operatur.
484 1154 605 1212 lam
639 1166 816 1212 autem
845 1166 902 1213 et
931 1159 1258 1225 margaritas
1284 1165 1539 1214 scrutans
1583 1157 1736 1210 inve-

159 1251 263 1317 nit,
286 1260 343 1307 et
374 1249 660 1320 spirationi
707 1259 906 1304 nostra:
933 1237 1180 1320 deposuit
1210 1248 1487 1306 solatium.
1515 1247 1586 1302 Et
1620 1247 1733 1316 pri-

137 1348 254 1396 mo
281 1341 523 1411 quidem,
551 1339 822 1410 quomodo
857 1340 1122 1397 intellexit
1145 1356 1208 1397 ea
1247 1357 1364 1412 qua:
1389 1341 1442 1396 in
1467 1339 1735 1409 profundo

157 1431 329 1486 maris
357 1441 485 1486 sunt
517 1431 690 1501 posita
711 1431 736 1486 ἲ
758 1439 813 1487 et
835 1431 956 1487 dein
983 1433 1254 1501 quomodo
1281 1433 1450 1503 cmpit
1477 1432 1615 1501 (43),
1640 1441 1736 1486 aut

159 1521 382 1591 agnovit
410 1537 565 1578 usum
599 1536 809 1589 eorum,
841 1535 901 1578 ut
930 1526 1174 1596 quaedam
1206 1525 1424 1597 quidem
1451 1533 1735 1596 separaret

157 1613 228 1668 ad
250 1628 459 1680 escam,
490 1615 736 1684 quasdam
766 1626 946 1673 autem
995 1620 1315 1674 reconderet
1348 1618 1414 1674 ad
1441 1616 1731 1681 medelam,

161 1704 269 1758 alia
297 1703 523 1776 eligeret
550 1707 617 1760 ad
655 1715 906 1763 ornatum
931 1709 956 1763 τ
995 1709 1207 1764 Invenit
1254 1718 1434 1765 autem
1463 1719 1518 1764 et
1546 1710 1650 1764 iter
1678 1709 1734 1763 in

119 1798 323 1866 _marl.
351 1797 638 1867 Accipiens
671 1799 816 1854 enim
848 1815 879 1855 e
913 1811 1054 1855 terra
1101 1801 1355 1868 arbores,
1381 1799 1629 1855 vehicula
1681 1799 1736 1854 in

159 1887 416 1944 dorsibus
442 1899 702 1959 operatus
729 1900 812 1945 est
841 1891 1030 1946 maris.
1063 1891 1344 1947 Generans
1391 1891 1536 1946 enim
1589 1899 1736 1947 artes

157 1987 254 2032 aut
289 1976 592 2048 suscipiens
617 2018 632 2042 ,
663 1979 730 2033 ad
762 1994 826 2035 ea
860 1991 995 2035 usus
1025 1991 1106 2035 est
1129 1995 1248 2049 qua:
1287 1981 1515 2050 accepit,
1554 1989 1612 2036 et
1660 1990 1738 2036 te-

159 2079 341 2123 statur
383 2078 631 2124 creatura
674 2071 938 2140 sapientis
959 2085 1056 2142 per
1088 2071 1267 2127 omnia
1298 2069 1414 2126 Dei.
1444 2071 1737 2143 Accipiens

156 2159 309 2215 enim
356 2174 547 2230 aquam
573 2169 627 2214 et
657 2160 834 2231 ignem
861 2171 916 2218 et
950 2171 1151 2218 terram
1189 2171 1247 2218 et
1276 2177 1458 2219 aerem
1487 2173 1542 2218 et
1574 2165 1738 2222 arbo-

160 2265 252 2306 res
302 2259 360 2306 et
404 2267 552 2306 mare
603 2261 658 2307 et
689 2252 866 2310 fontes
889 2263 946 2309 et
979 2263 1190 2310 montes
1213 2264 1266 2310 et
1303 2271 1564 2326 campos,
1601 2257 1738 2313 nihil

160 2343 357 2399 borum
398 2342 472 2398 ita
499 2355 554 2399 ut
579 2346 787 2416 accepit
812 2347 1046 2402 otiosum
1091 2361 1214 2403 esse
1254 2348 1522 2418 permisit.
1565 2349 1737 2404 Coac-

158 2444 384 2503 ceperat
414 2435 556 2491 enim
587 2437 853 2492 virtutem
898 2439 1165 2508 cogitatus
1215 2448 1274 2494 et
1322 2440 1623 2510 sapientia.
1671 2440 1740 2496 Et

162 2527 288 2581 ideo
313 2528 667 2584 considerans
695 2545 757 2585 ea
793 2545 913 2600 quae
943 2531 1143 2586 iuidem
1175 2542 1334 2587 erant
1359 2533 1570 2589 occulta
1591 2575 1608 2601 ,
1637 2534 1738 2588 ha-

161 2619 282 2674 buit
309 2635 554 2687 sensum,
581 2631 641 2676 ut
659 2622 710 2677 ei
746 2621 1026 2678 adveniret
1049 2630 1105 2679 et
1136 2635 1457 2694 operaretur
1477 2636 1532 2680 et
1559 2636 1739 2681 utere-

163 2718 273 2762 tur.
309 2710 534 2782 Accepit
564 2715 710 2770 enim
737 2715 947 2787 ignem,
981 2727 1039 2774 et
1070 2718 1277 2774 invenit
1303 2719 1561 2775 solatium
1588 2729 1741 2777 tene-

164 2800 282 2857 bris
302 2811 357 2859 et
376 2805 552 2860 noctis
579 2805 843 2863 obscurae.
873 2807 1084 2866 invenlt
1111 2810 1385 2881 quomodo
1428 2827 1497 2868 ex
1543 2812 1738 2883 lapidi-

165 2894 268 2950 bus
298 2892 530 2951 eﬂlcitur
561 2898 762 2954 ferrum
797 2918 811 2954 :
849 2899 1054 2956 invenit
1099 2903 1368 2971 quomodo
1411 2914 1557 2961 esset
1599 2920 1739 2960 aera-

170 2995 411 3042 mentum
438 2997 655 3045 eterra.
681 2989 890 3047 invenit
920 2998 1192 3064 quomodo
1219 3010 1414 3050 aurum
1457 3006 1737 3067 purgatur,

166 3078 438 3176 quomodo
503 3094 786 3176 argentum
839 3085 1075 3152 colatur,
1131 3087 1403 3158 quomodo
1460 3089 1814 3176 plumbumc

167 3167 433 3225 conﬂatur
462 3181 518 3226 et
569 3173 788 3240 ferrum,
819 3185 875 3231 et
900 3176 1169 3246 quomodo
1193 3192 1262 3234 ex
1312 3180 1398 3234 his
1427 3195 1556 3234 vasa
1599 3179 1740 3251 ﬂgu-

167 3270 380 3327 rantur,
415 3272 471 3316 et
515 3276 765 3320 vasorum
819 3266 1057 3324 varietas
1081 3307 1096 3332 ,
1139 3279 1194 3326 et
1234 3284 1353 3342 qua:
1397 3271 1466 3326 ad
1497 3271 1740 3340 tutelam,

169 3364 290 3418 qua!
315 3352 382 3405 ad
411 3354 698 3422 medelam,
747 3371 866 3426 qua:
914 3359 982 3414 ad
1010 3362 1380 3430 operationem
1412 3371 1591 3430 terrae,
1622 3380 1745 3436 qua:

169 3443 239 3494 ad
270 3446 690 3517 navigationem,
727 3463 847 3518 quae
891 3452 957 3506 ad
991 3462 1215 3520 terram,
1239 3469 1358 3524 qua
1381 3457 1450 3510 ad
1481 3457 1742 3524 lapidem,

169 3548 290 3600 quae
319 3536 387 3588 ad
441 3536 604 3605 ligna,
645 3554 764 3609 quae
803 3541 868 3596 ad
915 3557 1110 3612 aquam
1161 3555 1288 3599 sunt
1337 3547 1663 3612 necessaria,
1689 3556 1745 3602 et

168 3639 290 3694 quae
324 3630 576 3683 materies
607 3632 778 3702 magis
815 3635 1086 3703 quomodo
1108 3635 1389 3704 conﬂatur,
1412 3647 1468 3692 et
1492 3639 1624 3709 quid
1653 3641 1744 3695 de-

165 3713 292 3771 beat
323 3717 591 3787 accipere,
623 3731 676 3775 et
716 3724 982 3790 quomodo
1019 3736 1268 3794 oporteat
1315 3726 1596 3785 coeﬂlcere
1629 3731 1742 3801 spi-

166 3804 329 3858 ritum
362 3803 587 3864 ﬂamma:
609 3825 674 3864 ex
707 3810 828 3881 igne
860 3829 876 3867 :
911 3824 1059 3870 tanta
1090 3827 1216 3871 sunt
1239 3817 1401 3883 bona,
1434 3819 1614 3875 lumen
1642 3837 1744 3876 no-

163 3895 361 3962 ctibus,
396 3899 598 3954 medela
621 3905 1023 3972 aegrotantibus,
1061 3919 1470 3976 operamentnm
1511 3912 1742 3979 artibus,

164 3998 219 4042 et
249 3990 499 4060 agricolis
529 3995 889 4063 pugnantibus
908 3997 1211 4067 tuitionem,
1234 4000 1475 4071 paciﬁcis
1500 4003 1743 4059 tutelam.

165 4076 367 4133 iterum
389 4092 566 4137 autem
588 4087 880 4141 secundum
903 4091 1320 4159 unumquodque
1336 4104 1744 4160 operamenlum

163 4177 222 4222 et
268 4184 384 4234 vas,
422 4183 617 4240 quanta
659 4177 799 4246 ignis
841 4188 1094 4246 operatur
1131 4182 1563 4239 consideremus.
1594 4183 1748 4240 Fecit

165 4274 380 4326 aurum,
403 4274 459 4317 et
487 4280 552 4319 ex
580 4283 712 4322 auro
750 4274 898 4326 tanta
923 4287 937 4338 ;
967 4283 1247 4342 argentum
1268 4314 1285 4340 ,
1318 4284 1374 4330 et
1408 4292 1474 4330 ex
1521 4287 1746 4346 argento

166 4362 276 4406 tam
325 4354 534 4419 multa;
572 4368 627 4411 et
662 4372 1037 4428 aaramentum,
1073 4372 1128 4417 et
1176 4379 1242 4418 ex
1300 4365 1418 4434 ipso
1449 4369 1501 4422 in
1557 4369 1747 4438 primis

1837 528 1930 571 sus
1975 512 2070 568 tali
2109 509 2326 574 divitia,
2388 515 2449 563 ut
2488 507 2606 563 haec
2648 504 2828 561 omnia
2879 511 3236 559 scrutaretur.
3285 500 3432 558 Vidit

1837 605 1982 661 enim
2014 601 2282 673 cogitatus
2311 600 2365 654 in
2395 597 2587 655 sabulo
2603 595 2823 652 vitrum.
2853 593 3069 650 intuere
3095 605 3226 661 ergo
3254 605 3434 662 quan-

1840 704 1954 751 tum
1983 694 2152 751 distat
2181 692 2452 762 cogitatus
2478 702 2512 744 a
2544 701 2794 760 corpore.
2833 685 2976 756 Quid
3006 684 3152 741 videt
3186 684 3378 755 oculus
3404 680 3434 740 τ

1836 784 2085 843 sabulum
2115 800 2132 840 :
2163 782 2294 855 quid
2313 781 2460 838 videt
2477 795 2670 837 sensus
2694 778 2958 834 l'vitrum.
2987 775 3224 841 intueris
3261 773 3432 831 alium

1837 885 1894 931 et
1921 875 2086 932 alium
2118 891 2133 929 :
2159 872 2252 930 ille
2288 873 2434 930 enim
2460 870 2609 926 videt
2638 867 2912 934 sabulum,
2935 867 3038 924 iste
3073 864 3252 923 autem
3281 864 3432 922 videt

1837 969 2062 1032 vitrum,
2095 965 2240 1036 quod
2267 965 2498 1021 necdum
2531 971 2633 1017 est.
2670 960 2814 1030 Ergo
2855 973 2963 1015 non
3003 957 3197 1015 oculus
3231 955 3428 1027 corpo-

1839 1056 1970 1113 ralis
1996 1056 2258 1119 intuetur,
2289 1053 2381 1124 qui
2409 1066 2509 1108 nec
2533 1051 2682 1106 videt
2706 1049 2808 1105 nisi
2830 1046 3069 1120 adfuerit
3091 1047 3294 1102 anima.
3319 1043 3432 1104 Sed

1839 1158 1896 1204 et
1924 1161 2048 1203 cum
2076 1145 2291 1202 videtur
2321 1143 2527 1208 videre,
2540 1141 2696 1198 aliter
2713 1141 2856 1197 videt
2896 1153 3096 1211 corpus
3125 1145 3182 1193 et
3205 1135 3433 1195 oculus:

1838 1248 1895 1293 et
1928 1244 2080 1302 certe
2113 1235 2296 1291 anima
2319 1233 2469 1289 videt
2515 1247 2614 1302 per
2649 1247 2774 1286 eum
2803 1247 2824 1285 τ
2859 1229 3017 1286 aliter
3053 1230 3297 1286 intuetur
3335 1242 3433 1285 eo-

1839 1331 2097 1403 gitatus-a
2133 1327 2449 1396 semetipso.
2490 1323 2608 1380 Non
2642 1323 2778 1379 vidit
2815 1336 3015 1393 corpus
3050 1328 3428 1386 seramentum,

1842 1437 1948 1477 non
1968 1417 2103 1476 vidit
2130 1432 2330 1490 corpus
2353 1419 2554 1473 ferrum
2571 1454 2591 1480 ,
2618 1414 2724 1473 sed
2740 1412 2878 1485 lapis
2915 1420 3036 1468 erat
3062 1420 3118 1468 et
3138 1421 3305 1468 terra.
3324 1410 3431 1468 Co-

1839 1515 2042 1586 gitatus
2082 1519 2262 1567 autem
2298 1507 2489 1566 videns
2524 1522 2646 1580 qua
2669 1520 2774 1562 non
2803 1502 3432 1571 videbanturmstimans

1840 1606 1970 1678 quid
2011 1603 2252 1659 facturus
2279 1610 2427 1659 esset
2454 1600 2616 1674 ignis,
2630 1598 2676 1656 si
2699 1596 3076 1655 confabulatus
3107 1605 3267 1650 terra:
3295 1593 3434 1650 luis-

1841 1707 1927 1754 set
1957 1697 2060 1752 iste
2084 1695 2222 1766 (ιι),
2244 1709 2352 1749 non
2380 1703 2560 1747 tamen
2587 1689 2736 1746 omni
2753 1705 2777 1755 ;e
2799 1694 2854 1745 et
2895 1687 2970 1742 illi
3009 1684 3194 1756 lapidi,
3237 1693 3293 1740 et
3325 1697 3433 1740 non

1768 1782 1815 1837 Β
1839 1787 2010 1846 omni.
2043 1786 2305 1855 Querens
2331 1785 2477 1840 enim
2516 1790 2871 1839 aeramentum
2901 1787 3101 1844 terram
3131 1777 3436 1847 accepit,et

1839 1894 2087 1950 quaerens
2124 1878 2328 1934 ferrum
2371 1875 2602 1946 lapidem
2651 1872 2921 1944 sumpsit;
2951 1878 3006 1926 et
3049 1885 3155 1924 non
3204 1869 3432 1938 erravit,

1839 1973 1934 2028 sed
1967 1971 2188 2041 agnovit
2224 1968 2279 2024 in
2308 1975 2571 2039 quantum
2601 1963 2825 2020 deberet
2865 1961 2973 2034 igni
3007 1961 3340 2031 permittere.
3374 1959 3433 2014 Si

1838 2062 1982 2118 enim
2014 2059 2293 2116 transierit
2322 2071 2632 2113 mensuram
2658 2070 2689 2110 a
2714 2054 2824 2110 Deo
2853 2062 3153 2122 acceptam,
3184 2051 3322 2123 ignis
3337 2051 3434 2122 qui

1838 2162 2032 2224 purgat
2062 2151 2358 2208 consumit.
2387 2151 2468 2204 ita
2506 2147 2560 2202 in
2593 2143 2899 2202 istiusmodi
2928 2144 3174 2200 materiis
3207 2143 3434 2200 immisit

1840 2242 2109 2310 cogitatus
2139 2254 2295 2296 suam
2325 2238 2769 2302 admirationem,
2803 2235 2859 2290 in
2899 2234 3048 2290 vasis
3078 2247 3231 2290 suam
3256 2232 3436 2289 varie-

1838 2338 2026 2396 tatem,
2050 2316 2103 2384 in
2124 2327 2528 2397 operationibus
2549 2341 2703 2383 suam
2727 2325 3004 2389 virtutem,
3036 2323 3088 2377 in
3111 2337 3436 2394 operamen-

1842 2422 1910 2476 tis
1932 2435 2083 2476 suam
2111 2419 2457 2490 sapientiam.
2492 2418 2797 2474 Procreans
2827 2415 2971 2471 enim
3014 2414 3210 2469 artium
3243 2421 3435 2484 gentes

1839 2523 1895 2568 et
1919 2511 2324 2583 disciplinarum
2349 2510 2603 2582 populos,
2637 2520 2693 2564 et
2738 2509 2991 2565 nationes
3025 2517 3081 2564 et
3123 2521 3348 2580 genera.
3378 2514 3436 2564 et

1841 2618 2100 2675 separans
2128 2603 2234 2658 alia
2270 2603 2452 2668 aliter,
2496 2609 2552 2658 et
2572 2602 2624 2656 in
2653 2600 2759 2656 alio
2787 2615 2953 2671 opere
2992 2600 3152 2656 aliter
3176 2606 3437 2670 operatus

1840 2706 1926 2752 est
1946 2695 2237 2767 unicuique
2262 2705 2610 2768 operamenta
2635 2702 2907 2764 separata,
2931 2702 2985 2750 et
3014 2693 3282 2765 suggessit
3312 2707 3431 2749 ms-

1842 2789 2043 2854 terias;
2086 2797 2143 2843 et
2177 2787 2322 2842 illam
2349 2787 2568 2857 quidem
2596 2785 2778 2898 gosuit
2803 2799 2958 2851 auro,
2979 2785 3141 2840 aliam
3162 2785 3436 2856 separavit

1840 2903 1909 2958 ad
1938 2915 2246 2974 argentum,
2265 2903 2495 2959 alteram
2529 2903 2595 2958 ad
2622 2912 3013 2970 aeramentum,
3029 2912 3084 2960 et
3107 2903 3226 2960 alia:
3246 2910 3432 2958 osten-

1844 2994 1925 3049 dit
1952 2992 2179 3059 {errum,
2209 2996 2327 3050 alia
2351 2995 2742 3052 demonstravit
2762 2993 3036 3062 sabulum,
3064 3002 3118 3050 et
3147 3008 3216 3049 ex
3240 2991 3434 3050 sabulo

1842 3084 2080 3142 fructum
2113 3086 2259 3142 vitri.
2294 3085 2430 3142 Aliae
2453 3087 2605 3142 dedit
2633 3085 2878 3142 invenire
2904 3095 3149 3140 naturam
3175 3086 3434 3140 arborum

1844 3187 1899 3230 et
1919 3177 2289 3247 operationem
2310 3187 2363 3234 et
2391 3192 2548 3235 usum
2579 3185 2636 3233 et
2668 3185 2931 3247 tempora.
2956 3174 3087 3231 Alite
3113 3175 3323 3231 fructus
3341 3188 3437 3228 eo-

1846 3280 1988 3334 rum,
2011 3265 2134 3321 aliae
2153 3266 2420 3334 culturam
2452 3283 2665 3338 eorum,
2701 3267 2822 3322 aliae
2874 3266 3305 3322 adinventionem
3338 3279 3435 3320 eo-

1847 3373 1990 3423 rum,
2021 3359 2141 3414 alia:
2167 3359 2429 3414 medelam
2459 3374 2526 3415 ex
2552 3359 2704 3430 ipsis,
2721 3369 2777 3414 et
2804 3358 2902 3429 ipsi
2938 3358 3221 3414 medicinae
3246 3365 3435 3412 nostra

1845 3463 2071 3519 corpora
2096 3449 2259 3519 :quid
2291 3450 2514 3507 deberet
2537 3450 2848 3516 amburere,
2875 3451 3004 3520 quid
3031 3458 3309 3520 Oporteret
3329 3461 3432 3504 co-

1846 3556 2034 3612 quere,
2058 3556 2181 3596 cum
2209 3556 2318 3612 quo
2347 3542 2568 3598 deberet
2595 3542 2856 3610 miscere;
2878 3541 3006 3611 quid
3028 3539 3250 3596 deberet
3275 3553 3437 3609 sepse

1845 3633 2008 3688 ratim
2065 3632 2287 3700 oﬂ'erre,
2318 3633 2449 3705 quid
2494 3635 2812 3690 conveniret
2841 3649 2966 3689 cum
3005 3631 3277 3704 plurimis,
3303 3629 3436 3702 quid

1846 3725 2095 3791 crudum,
2128 3725 2256 3796 quid
2288 3725 2674 3796 incipientibus
2703 3723 2907 3782 morbis
2934 3732 2990 3781 et
3041 3723 3117 3780 illi
3167 3721 3434 3796 passioni,

1847 3818 1975 3888 quid
2000 3826 2178 3872 autem
2202 3821 2538 3889 promoventi
2571 3829 2624 3873 et
2653 3816 2764 3887 jam
2795 3815 2973 3888 posito
3006 3817 3060 3871 in
3099 3815 3433 3880 cessatione,

1846 3909 1974 3979 quid
2003 3909 2165 3963 etiam
2216 3909 2271 3964 in
2305 3910 2590 3964 insistendi
2619 3910 2794 3975 initio,
2823 3909 2954 3981 quid
2982 3922 3113 3964 vero
3152 3906 3434 3974 reddenti,

1847 4009 1903 4054 et
1934 4000 2200 4066 credenti,
2237 4011 2293 4057 et
2323 4002 2616 4057 recedenti.
2648 4000 2766 4056 Non
2799 4001 3047 4071 despexit
3081 4014 3182 4055 nec
3218 3999 3434 4054 anima-

1848 4092 1975 4145 lium
2005 4089 2234 4154 ﬂ'uctus.
2255 4093 2347 4147 sed
2382 4094 2609 4149 totondit
2627 4093 2779 4147 nobis
2795 4092 3108 4147 indumenta
3131 4104 3198 4146 ex
3219 4089 3434 4156 ovibus,

1850 4181 2081 4238 totondit
2112 4193 2167 4236 et
2197 4197 2229 4238 e
2259 4183 2439 4251 capris
2470 4182 2730 4252 plurimos
2756 4197 2906 4236 usus.
2935 4180 3003 4236 Et
3039 4195 3144 4234 non
3171 4189 3256 4236 est
3285 4178 3435 4236 dinu-

1848 4287 2061 4329 merare
2088 4285 2287 4344 quanta
2314 4288 2382 4330 ex
2416 4273 2742 4328 animalibus
2769 4283 2825 4329 et
2853 4272 3126 4327 alimoniis
3158 4269 3316 4327 nobis
3338 4269 3434 4328 de-

1847 4367 1991 4422 derit
2016 4367 2082 4421 ad
2107 4367 2467 4434 operimenta,
2495 4367 2561 4419 ad
2599 4379 2776 4428 usum,
2815 4366 2882 4418 ad
2904 4363 3280 4426 medelam,ad
3303 4376 3436 4434 ope-

164 4443 491 4508 necessaria;
515 4455 570 4500 et
598 4453 1016 4519 unumquodque
1045 4454 1185 4521 quod
1223 4454 1456 4510 colatum
1491 4467 1584 4512 aut
1611 4473 1743 4514 con-
1772 4451 1823 4511 D
1849 4474 1907 4512 ra
1937 4474 1954 4512 :
1981 4468 2186 4526 quanta
2224 4474 2289 4512 ex
2314 4451 2838 4526 arboribus,quanta
2866 4471 2897 4510 e
2937 4455 3100 4516 saxis.
3129 4463 3331 4526 quanta
3363 4468 3433 4511 ex

163 4531 348 4591 ﬂatum
391 4545 492 4604 est,
545 4543 719 4609 primo
765 4546 980 4613 quidem
1023 4548 1302 4604 inventum
1337 4562 1441 4618 est,
1473 4553 1595 4609 dein
1626 4556 1738 4610 dis-

163 4638 412 4695 cretum,
463 4641 517 4686 et
553 4644 668 4702 post
716 4637 1040 4701 coniectum,
1094 4649 1147 4696 et
1186 4642 1259 4695 ita
1314 4659 1489 4698 usum.
1547 4645 1754 4714 Didicit,

162 4720 308 4774 enim
341 4722 604 4792 cogitatus
629 4728 824 4795 quibus
871 4733 1110 4797 pascitur
1157 4734 1332 4802 ignis:
1367 4744 1422 4788 et
1457 4746 1606 4792 certe
1639 4737 1739 4791 ali-

161 4811 374 4879 quoties
408 4811 564 4867 oﬂ‘ert
593 4815 734 4885 ligna
757 4818 824 4872 ad
846 4821 1140 4887 coctiones,
1163 4824 1450 4894 aliquoties
1470 4837 1653 4882 autem
1686 4838 1744 4882 ut

161 4913 400 4971 maneat,
435 4915 488 4960 et
518 4922 612 4973 per
652 4924 810 4977 quem
859 4910 1004 4982 ligna
1048 4926 1440 4971 consumuntur
1490 4934 1743 4988 perman-

160 4995 316 5059 serit,
349 5011 447 5063 pcr
481 4997 644 5050 istum
676 5014 890 5053 sensum
929 5007 1128 5058 nutrita
1175 5019 1495 5078 arguuntur.
1526 5011 1580 5062 In
1620 5021 1738 5064 tan-

162 5094 275 5139 tum
305 5086 448 5144 enim
485 5087 637 5140 dives
668 5099 750 5141 est
776 5092 865 5158 qui
892 5093 1102 5158 tribuit,
1129 5105 1182 5149 et
1213 5106 1418 5150 tantum
1441 5099 1640 5154 ditatus
1659 5112 1743 5156 est

160 5177 253 5246 qni
281 5178 516 5247 suscepit
541 5197 556 5244 ;
586 5179 732 5247 quia,
763 5182 805 5234 si
839 5183 1163 5241 voluerimus
1182 5188 1526 5256 contendere,
1545 5200 1599 5245 et
1627 5203 1742 5246 tan-

165 5277 274 5320 tum
320 5282 389 5322 ex
413 5268 646 5337 Opiiiciis
677 5270 851 5341 ignem
889 5287 1178 5343 exponere,
1220 5287 1274 5330 et
1309 5278 1459 5332 utilia
1508 5296 1627 5349 qua:
1671 5298 1735 5336 ex

164 5358 285 5427 igne
321 5368 448 5412 sunt
479 5361 844 5427 manifestare,
891 5369 1117 5421 transiet
1161 5384 1262 5423 nox
1300 5369 1582 5438 conjuncta
1613 5373 1738 5439 diei,

161 5456 219 5502 et
243 5450 541 5506 manebunt
570 5453 708 5523 ignis
737 5455 902 5511 solius
934 5471 1039 5514 non
1076 5457 1254 5530 plena.
1297 5461 1535 5533 Apparet
1560 5470 1740 5519 autem

234 5666 353 5809 in)
386 5666 473 5721 Ei.
512 5669 694 5736 Forte,
723 5683 787 5727 et.

261 5735 352 5809 ὦ)
382 5736 566 5808 Capit.
602 5740 781 5809 Forte,

261 5735 352 5811 ω)
382 5736 566 5808 Capit.
602 5735 781 5812 Forte,
820 5744 972 5815 cepit.

1849 4550 2025 4620 aquis,
2067 4557 2266 4620 quanta
2307 4565 2375 4606 ex
2407 4550 2712 4604 natantibus
2746 4559 2801 4604 et
2842 4547 3152 4606 volantibus
3178 4585 3196 4616 ,
3225 4555 3435 4616 quanta

1848 4657 1915 4697 ex
1942 4656 2074 4696 auro
2100 4651 2155 4695 et
2195 4651 2437 4712 argento,
2472 4654 2526 4696 et
2571 4641 2751 4711 lignis,
2785 4652 2839 4697 et
2879 4637 3168 4711 lapidibus,
3203 4648 3258 4695 et
3295 4654 3433 4695 :era-

1850 4741 2052 4796 mento,
2078 4743 2133 4787 et
2163 4732 2327 4797 ferro,
2353 4744 2407 4788 et
2437 4733 2675 4802 plumbo,
2705 4741 2760 4787 et
2790 4749 2908 4804 quae
2963 4733 3327 4788 amburuntur
3376 4739 3434 4787 et

1852 4835 1956 4874 non
1986 4820 2363 4888 amburuntur,
2393 4833 2447 4878 et
2478 4833 2852 4888 attenuentur,
2881 4832 2935 4878 et
2961 4832 3343 4878 contexuntur.
3366 4822 3439 4879 Et

1850 4910 1982 4968 mihi
2011 4897 2225 4979 quidem
2254 4913 2468 4967 videtur
2501 4915 2767 4984 cogitatus
2793 4916 2866 4969 ita
2893 4929 3014 4970 esse
3038 4915 3180 4970 sicut
3199 4915 3284 4969 vir
3311 4915 3432 4984 qui-

1847 5004 1974 5058 dam
2007 5005 2176 5068 dives,
2201 5022 2295 5061 sua
2319 5007 2543 5076 cupiens
2568 5007 2929 5071 dinumerare,
2953 5018 3008 5063 et
3031 5009 3262 5062 scrutari
3289 5025 3302 5073 ;
3323 5020 3432 5062 non

1850 5095 2067 5161 suﬂicit,
2096 5098 2189 5151 sed
2239 5098 2308 5152 ob
2343 5099 2738 5152 multitudinem
2770 5099 3175 5168 possessionum
3202 5108 3258 5152 et
3304 5099 3432 5153 sub-

1851 5189 2085 5254 stantiae,
2115 5205 2289 5258 neque
2342 5192 2646 5245 rationibus
2695 5201 2789 5244 aut
2830 5191 3078 5245 sensibus
3108 5205 3302 5245 vacare
3331 5205 3431 5261 po-

1848 5290 1988 5345 tens,
2012 5284 2105 5336 sed
2123 5292 2405 5349 superatus
2437 5285 2502 5336 ab
2524 5284 2605 5338 bis
2627 5297 2744 5351 qua
2764 5285 2946 5347 habet,
2967 5291 3145 5336 manet
3163 5283 3431 5338 incertu~.

1849 5373 1981 5428 Tale
2009 5376 2189 5429 nescio
2207 5375 2333 5443 quid
2353 5386 2405 5429 et
2428 5392 2568 5429 nunc
2591 5389 2782 5445 passus
2803 5385 2884 5431 est
2911 5377 3202 5446 cogitatus.
3229 5373 3436 5430 Similis

1851 5465 1996 5518 enim
2026 5474 2109 5520 est
2136 5466 2185 5520 ei
2217 5467 2307 5536 qui
2342 5467 2536 5521 ﬂuctus
2572 5469 2900 5525 dinumerat.
2937 5467 2992 5522 in
3023 5483 3088 5523 eo
3133 5467 3276 5522 enim
3307 5469 3436 5523 dum

1848 5684 2203 5814 “efﬁgiata.
2236 5691 2420 5759 Forte,
2452 5693 2558 5749 iali.
2580 5723 2606 5736 -
2635 5725 2648 5734 -
2672 5694 3074 5764 Confabulatus.
3115 5691 3237 5750 Vid.
3284 5707 3432 5765 supr.
