4072 6408
685 458 822 515 1143

1326 455 1593 512 Eli-SUB"
1630 453 2108 511 CESARIENSIS
2148 453 2293 508 OPP.
2344 452 2516 508 PARS
2556 451 2642 505 iV.
2684 482 2755 494 -
2794 450 3214 507 DOGMATICA.

3827 452 3942 505 illi

682 584 929 637 volumus
981 581 1363 650 proprietatem
1409 579 1526 645 ejus
1579 578 1631 631 in
1672 578 1781 648 igni
1821 579 2038 643 videre,
2071 592 2254 631 exsur-
2282 581 2328 639 Α
2357 590 2422 629 ex
2452 575 2607 629 bonis
2642 574 2918 647 angustari
2948 572 3061 646 (45)
3096 588 3194 627 nos
3237 586 3350 626 non
3386 570 3606 641 pigeat,
3639 570 3735 625 sed
3760 583 3947 640 quanto

685 672 906 725 rexitex
937 682 1084 724 mare
1111 668 1213 721 alia
1251 668 1417 727 unda,
1447 677 1502 721 et
1531 665 1668 719 alius
1697 676 1906 722 meatus
1933 680 1965 720 a
2008 663 2247 730 ﬂumine,

682 774 791 827 ets
820 760 1071 825 fontibus,
1104 771 1159 815 et
1190 760 1256 813 ab
1284 758 1385 813 illis
1417 758 1779 828 irrigationes,
1805 769 1859 811 et
1904 771 2032 813 usus
2058 772 2121 811 ex
2158 771 2249 810 ar-

683 852 923 915 boribus,
956 868 988 904 a
1039 850 1324 913 fructibus,
1374 866 1403 903 a
1458 852 1755 915 radicibus,
1790 865 1818 903 a
1852 848 2012 908 foliis,
2046 848 2116 901 ab
2166 848 2251 903 liis

681 960 799 1013 qua:
825 960 853 996 a
908 943 1040 1000 foris
1064 954 1117 997 et
1143 945 1209 997 ab
1247 943 1389 998 intus
1416 942 1706 1006 habemur,
1740 952 1795 995 et
1836 942 1887 995 in
1929 939 2249 994 animalibus

682 1048 799 1103 qua
828 1049 856 1087 a
881 1034 1023 1099 foris,
1038 1043 1090 1089 et
1115 1034 1182 1087 ab
1208 1034 1352 1087 intus
1372 1042 1516 1095 sunt,
1538 1042 1588 1087 et
1612 1033 1775 1101 pelles
1796 1031 1861 1085 ad
1882 1030 2042 1085 alium
2069 1046 2247 1095 usum,

682 1136 733 1179 et
752 1140 871 1181 ossa
900 1127 964 1179 ad
978 1126 1197 1179 alteram
1220 1127 1613 1179 necessitatem.
1632 1123 1696 1177 Et
1720 1138 1786 1177 ne
1808 1123 2018 1193 quidem
2038 1132 2250 1177 stercus

682 1218 869 1272 inutile
902 1218 1127 1281 exstitit,
1166 1216 1493 1287 pretiositate
1552 1216 1818 1284 cogitatus
1865 1214 2245 1284 appretiatum.

684 1308 786 1362 Scd
814 1324 1195 1378 nonnunquam
1226 1319 1277 1361 et
1304 1325 1334 1363 e
1357 1309 1640 1366 messibus.
1659 1308 1781 1375 quia
1818 1307 2041 1361 multum
2066 1306 2247 1361 attulit

681 1410 847 1465 terra,
862 1400 1087 1467 plurima
1114 1402 1499 1469 relinquuntur.
1521 1401 1643 1469 quia
1659 1416 1761 1455 non
1778 1410 2246 1470 potestpossessor

680 1488 933 1557 colligere
964 1499 1159 1557 quanta
1186 1500 1239 1542 et
1264 1490 1580 1554 seminavit,
1612 1500 1664 1543 et
1712 1503 1850 1544 terra
1878 1492 2244 1558 multiplicans

680 1578 929 1646 praebuit.
949 1578 1194 1631 Maneant
1217 1578 1376 1646 igitur
1395 1577 1585 1632 fluctus
1607 1592 1658 1631 et
1680 1582 1941 1633 undarum
1976 1578 2240 1646 procellae,

680 1678 737 1721 et
775 1683 982 1724 meatus
1028 1669 1307 1723 fluviorum
1336 1680 1388 1724 et
1419 1672 1613 1735 fontes,
1643 1681 1696 1725 et
1727 1687 2059 1742 quacunque
2094 1673 2243 1725 dere-

680 1759 805 1814 licta
850 1771 974 1814 sunt
1015 1762 1079 1815 de
1121 1761 1407 1825 fructibus,
1454 1764 1723 1833 cogitatus
1759 1775 1813 1819 et
1860 1764 2141 1833 progenies
2187 1773 2241 1816 et

681 1865 841 1919 opera
876 1870 890 1905 :
922 1862 975 1905 et
994 1862 1241 1922 putantes
1266 1870 1364 1908 nos
1396 1856 1551 1908 hodie
1576 1856 1797 1923 implere
1830 1870 1986 1923 posse
2020 1870 2083 1909 ea
2118 1870 2240 1922 qua:

2350 665 2685 734 potuerimus
2732 664 3094 719 scrutabimur
3137 677 3419 726 coronas,
3457 671 3658 731 utpote
3711 673 3945 719 serentes

2348 757 2641 816 Altissimo,
2666 771 2732 810 ex
2764 756 2958 825 quibus
2986 756 3042 809 in
3087 764 3322 809 terra'et
3355 754 3503 808 mari
3552 762 3645 807 est
3674 766 3940 821 operatus.

2348 848 2688 916 Quaecunque
2735 857 2914 901 autem
2953 860 3051 900 nos
3104 845 3536 908 transcendunt,
3568 853 3629 899 et
3673 856 3941 913 superant,

2348 941 2401 992 in
2443 954 2508 993 eo
2535 939 2651 1008 ipso
2693 940 2835 1007 quod
2867 938 3153 1003 vincimur,
3181 937 3385 991 victori
3424 936 3538 1005 ipsi
3572 952 3650 991 ex
3698 940 3939 1007 operibus

2348 1031 2457 1085 suis
2481 1031 2590 1085 sint
2624 1039 2679 1084 et
2707 1031 2823 1084 ista
2851 1045 3083 1085 coronae.
3104 1029 3429 1083 Retinentes
3457 1031 3636 1097 igitur
3669 1045 3940 1100 quousque

2347 1136 2400 1178 et
2428 1124 2675 1193 pervenit
2702 1138 2906 1186 sermo,
2937 1123 3294 1176 recondamus
3335 1124 3627 1192 sermonis
3659 1123 3936 1191 reliquias;

2347 1225 2407 1269 ut
2435 1217 2627 1269 iterum
2654 1216 2717 1267 ad
2748 1215 2915 1281 ipsam
2937 1226 3175 1267 mensam
3199 1213 3486 1277 sedentes,
3522 1213 3734 1267 iterum
3761 1216 3938 1268 iisdem

2348 1308 2476 1378 ipsis
2515 1306 2759 1360 fruamur
2794 1306 2962 1359 bonis.
3002 1305 3174 1361 Unum
3204 1314 3384 1357 autem
3415 1315 3505 1357 est
3528 1305 3683 1374 quod
3713 1307 3864 1359 decet
3890 1314 3940 1359 et

2348 1414 2509 1463 nunc,
2548 1408 2607 1453 ut
2647 1397 2902 1453 reddatur
2926 1399 2976 1454 ei
3003 1400 3087 1452 cui
3122 1412 3338 1467 semper
3370 1400 3633 1453 redditur
3656 1414 3714 1453 et
3741 1415 3939 1469 semper

2346 1492 2591 1555 debetur,
2625 1491 2676 1544 in
2716 1490 2801 1545 bis
2832 1507 2951 1560 qua:
2983 1500 3377 1557 praecesserunt
3427 1491 3742 1560 gratiaqu
3787 1491 3935 1553 actio,

2344 1592 2398 1635 et
2426 1582 2477 1633 in
2512 1581 2596 1635 bis
2628 1596 2749 1649 qua:
2787 1580 3045 1651 incipient
3071 1581 3238 1651 gloria
3269 1581 3385 1635 Deo
3406 1592 3613 1635 Sancto
3640 1583 3730 1649 qui
3769 1584 3935 1636 omnia

2345 1673 2502 1727 nobis
2526 1673 2777 1742 subjecit,
2819 1686 2913 1743 per
2938 1671 3194 1742 Spiritum
3241 1674 3489 1742 cogitatu
3527 1688 3635 1727 nos
3669 1675 3940 1743 pretioue-

2344 1765 2514 1817 ravit:
2533 1766 2614 1816 cui
2639 1773 2719 1817 est
2739 1780 2833 1832 per
2848 1765 3173 1834 unigenitum
3198 1779 3353 1816 suum
3377 1762 3590 1817 Filium
3608 1780 3733 1817 cum
3751 1763 3936 1831 Spiritu

2345 1865 2551 1915 Sancto.
2592 1854 2783 1924 gloria,
2821 1856 3026 1922 honor,
3055 1856 3364 1925 imperium,
3400 1858 3698 1926 tnajestas,
3732 1865 3785 1911 et
3807 1871 3933 1909 nunc

682 1943 1013 2009 resederant,
1048 1944 1199 2012 plura
1238 1946 1495 2001 habentes
1528 1948 1826 2001 recedimus
1851 1958 1905 2001 et
1939 1949 2097 2003 hodie
2126 1966 2139 2001 :
2168 1952 2239 2004 ita
2271 1934 2314 1989 Β
2343 1958 2397 2003 et
2429 1964 2659 2014 semper,
2689 1958 2742 2003 et
2767 1963 2863 2019 per
2888 1952 3065 2005 omnia
3100 1950 3294 2003 saecula
3344 1952 3710 2004 saeculorum.
3758 1953 3935 2009 Amen.

1636 2338 2194 2453 EUSEBII
2285 2340 2967 2453 PAMPHILI

1205 2576 1352 2663 DE
1426 2573 2035 2663 SPlRITALI
2119 2571 2734 2665 COGITATU
2808 2575 3400 2691 HOMINIS,

1992 2767 2225 2828 LIBER
2266 2767 2626 2829 TERTIUS.

747 3112 863 3182 ipse
887 3110 1229 3178 semetipsum
1254 3108 1516 3177 cogitatus
1544 3108 1738 3176 reiicit,
1762 3110 1873 3177 ipse
1896 3110 2244 3178 semetipsum
2274 3115 2316 3172 C
2350 3112 2525 3167 obfuit
2558 3111 2965 3172 festinantibus.
3008 3115 3345 3187 Frequenter
3378 3120 3528 3174 enim
3570 3123 3929 3193 tranquillitas

675 3205 882 3277 pascit,
909 3204 1025 3271 ipse
1052 3199 1394 3269 semetipsum
1430 3198 1709 3264 fortiﬁcat,
1756 3200 1867 3269 ipse
1899 3202 2251 3269 semetipsum

674 3296 998 3351 considerat.
1015 3291 1131 3361 Ipse
1148 3294 1289 3347 enim
1317 3292 1383 3345 ad
1401 3292 1739 3359 semetipsum
1760 3306 1817 3345 se
1832 3292 2060 3362 colligit,
2084 3301 2140 3345 et
2168 3306 2253 3347 se-

676 3386 959 3456 metipsum
1010 3385 1277 3445 intuetur,
1310 3392 1363 3435 et
1414 3393 1652 3436 arctatur
1687 3383 1739 3436 in
1784 3382 1918 3438 suis.
1949 3381 2069 3436 Non
2108 3383 2251 3437 enim

677 3481 819 3534 sicut
857 3476 1045 3533 oculus
1093 3474 1194 3527 alia
1239 3473 1449 3542 quidem
1488 3473 1650 3538 videt,
1689 3474 2041 3543 semetipsum
2074 3482 2251 3527 autem

674 3570 873 3625 intueri
896 3584 1000 3623 non
1024 3577 1238 3639 potest;
1266 3568 1391 3635 quia
1424 3582 1520 3622 nec
1538 3582 1646 3620 suae
1678 3577 1885 3622 natura:
1910 3575 1993 3622 est
2020 3577 2080 3622 ut
2095 3582 2154 3621 se
2177 3582 2254 3621 re-

674 3662 890 3732 spiciat.
915 3658 1030 3713 Non
1059 3660 1129 3713 ita
1162 3668 1213 3711 et
1244 3660 1527 3727 cogitatus.
1556 3658 1735 3727 Neque
1768 3661 1911 3713 enim
1962 3662 2109 3715 sicut
2139 3659 2253 3714 vul-

674 3762 762 3807 tus
798 3752 850 3806 in
885 3752 1138 3820 speculo,
1170 3752 1220 3804 in
1257 3751 1362 3806 alio
1418 3750 1635 3819 quidem
1678 3752 1919 3817 videtur,
1950 3754 2017 3807 ad
2052 3762 2253 3807 semet-

674 3847 847 3914 ipsum
881 3853 1059 3899 autem
1094 3846 1332 3899 converti
1371 3860 1474 3899 non
1520 3855 1711 3913 p0test.
1754 3845 1868 3900 Non
1902 3848 1974 3901 ita
2016 3856 2075 3901 et
2104 3847 2251 3916 cogi-

675 3944 819 3991 tatus
849 3936 1105 4002 habetur;
1145 3937 1236 3990 sed
1264 3937 1607 4005 semetipsum
1645 3937 1811 4001 videt,
1836 3948 1889 3991 et
1923 3938 2036 4005 ipse
2069 3939 2133 3992 ad
2164 3953 2250 3991 se-

673 4028 959 4096 metipsum
986 4027 1319 4081 convertitur
1341 4037 1394 4080 et
1431 4042 1488 4080 se
1526 4029 1781 4093 intuetur,
1808 4038 1864 4083 et
1902 4030 2007 4084 alia
2054 4029 2245 4083 inulta.

674 4116 742 4170 Et
766 4132 871 4171 non
917 4117 1056 4171 sicut
1087 4132 1185 4171 vox
1224 4117 1431 4171 levibus
1470 4119 1785 4186 quibusdam
1810 4119 1922 4189 (46)
1966 4118 2250 4175 offendens

676 4215 911 4267 resonat.
941 4208 1011 4261 ita
1050 4217 1105 4261 et
1133 4208 1399 4278 cogitatus
1446 4213 1510 4263 ad
1545 4212 1890 4276 semetipsum
1937 4222 2163 4267 resonat
2192 4224 2249 4265 ut

674 4302 829 4356 echo.
869 4302 983 4355 Vox
1010 4304 1151 4355 enim
1181 4300 1461 4357 olfendens
1489 4304 1705 4358 aliunde
1746 4305 2053 4374 respondet.
2080 4304 2245 4375 Lingi-

678 4404 821 4449 tatus
848 4406 1025 4449 autem
1062 4395 1176 4463 ipse
1227 4395 1572 4464 semetipsum
1625 4405 1919 4462 scrutatur,
1946 4404 1999 4451 et
2034 4397 2151 4465 ipsi:
2181 4396 2244 4447 ad

676 4484 1023 4551 semetipsum
1061 4493 1311 4551 tanquam
1347 4494 1636 4550 penetrans
1689 4486 1941 4547 recurrit,
1974 4495 2031 4541 et
2062 4484 2245 4539 revol-

674 4578 819 4630 vitur
846 4578 898 4629 in
940 4578 1245 4644 semetipso.
1278 4575 1555 4629 Diversum
1582 4587 1761 4630 autem
1800 4577 1903 4630 scit
1934 4592 1947 4628 :
1986 4591 2127 4631 nunc
2153 4586 2252 4631 .aut

676 4668 970 4738 desttrgunt
1022 4666 1301 4733 libidines,
1339 4676 1388 4722 et
1438 4669 1645 4738 spirant
1700 4670 2168 4739 concupiscentia,
2194 4678 2251 4725 et

675 4758 943 4825 pelluntur
987 4772 1181 4818 metus.
1215 4771 1267 4813 et
1297 4776 1398 4815 non
1449 4762 1685 4815 salvator
1718 4764 1859 4833 quod
1890 4765 2049 4833 sapit.
2087 4764 2251 4819 [nllu-

676 4867 852 4909 matur
878 4856 1018 4909 enim
1041 4865 1093 4910 et
1124 4854 1451 4910 fortissimus
1480 4856 1763 4924 cogitatus.
1786 4853 1921 4909 Cum
1949 4864 2124 4909 autem
2144 4872 2210 4924 pu
2231 4884 2251 4897 -

676 4950 851 5003 dicitia
885 4949 1045 5003 fuerit
1092 4952 1335 5019 ingressa
1366 4958 1457 5003 aut
1480 4952 1733 5014 excitata,
1765 4952 1945 5005 statim
1988 4953 2245 5020 concupi—

674 5042 893 5095 scentis:
924 5051 979 5096 et
1004 5041 1272 5105 libidines,
1321 5052 1377 5095 ut
1406 5044 1612 5099 ancilla:
1645 5060 1762 5113 quae
1789 5054 1914 5098 ante
1948 5048 2239 5099 surrectio-

675 5147 795 5186 nem
820 5134 1049 5188 dominae
1080 5138 1426 5189 turbaverant
1456 5136 1831 5203 domum,mox
1858 5149 1911 5190 ut
1947 5139 2054 5192 visa
2080 5138 2240 5192 fuerit

677 5224 912 5287 domina,
949 5228 1052 5279 alia
1100 5228 1224 5282 alibi
1274 5229 1659 5293 absconditur,
1693 5230 1795 5283 alia
1840 5232 1962 5285 alibi
2000 5231 2153 5301 fugit,
2187 5247 2241 5287 et

678 5318 996 5383 negantiam
1029 5320 1310 5385 motiones,
1341 5334 1395 5377 et
1427 5324 1684 5391 colligunt
1715 5326 1975 5390 luxurias,
2004 5341 2058 5383 et
2080 5345 2238 5383 revo—

676 5416 802 5459 cant
847 5421 1054 5473 ventos,
1080 5420 1133 5463 et
1182 5415 1467 5480 quiescunt
1497 5415 1725 5481 fluctus,
1750 5430 1805 5475 et
1844 5418 2072 5475 edicitur
2094 5432 2239 5474 tran-

678 5495 915 5560 Quillum.
948 5500 1061 5555 Hoc
1088 5505 1227 5557 enim
1258 5516 1342 5560 est
1361 5510 1611 5574 pudicitia
1647 5511 1698 5563 in
1733 5514 1932 5568 anima.
1963 5514 2100 5581 Quid
2135 5516 2239 5570 tale

674 5591 877 5652 prabet
906 5596 1263 5662 tranquillitas
1294 5601 1343 5654 in
1383 5604 1514 5657 mari
1560 5603 1584 5656 ?
1616 5618 1735 5673 qua:
1775 5623 2153 5680 nonnunquam
2184 5617 2239 5663 et

896 5768 1190 5844 lingulati.
1232 5773 1423 5832 Forte.
1443 5782 1750 5844 nnqustian’.

767 5830 882 5901 (46)
921 5830 1015 5891 Ms.
1048 5844 1357 5896 roxlmtbus
1380 5830 1705 5914 quihusdam.

2355 3218 2409 3262 et
2435 3221 2767 3279 opportunos
2793 3222 2981 3267 ventos
3013 3223 3395 3283 exspectantes
3422 3214 3705 3275 fraudavit
3731 3230 3785 3275 et
3807 3237 3931 3277 nono

2355 3317 2638 3373 nunquam
2666 3316 2722 3359 et
2748 3306 2835 3360 siti
2882 3307 3151 3362 interemit
3178 3309 3438 3376 graviori,
3466 3323 3661 3379 utpote
3694 3330 3723 3367 a
3762 3324 3930 3369 tenta-

2357 3398 2595 3453 tionibus
2650 3408 2827 3454 moue.
2882 3399 2986 3455 Sed
3044 3415 3147 3455 non
3206 3402 3329 3457 talis
3382 3404 3662 3471 pudicitia:
3708 3407 3929 3460 habetur

2356 3491 2742 3557 tranquillitas,
2771 3492 2862 3547 sed
2882 3508 3000 3561 quae
3030 3495 3363 3563 compescuit
3395 3505 3610 3560 ventos,
3646 3506 3701 3550 et
3728 3499 3928 3551 confre-

2354 3583 2430 3651 git
2472 3581 2687 3649 Iuctus,
2726 3594 2781 3639 et
2831 3586 3015 3638 statim
3062 3584 3289 3639 adduxit
3324 3586 3389 3639 ad
3426 3596 3676 3655 portum,
3708 3598 3763 3643 et
3811 3605 3922 3642 mox

2352 3677 2527 3730 erexit
2553 3692 2620 3731 ex
2665 3677 2916 3746 pudicitia
2968 3676 3200 3733 fructus.
3241 3677 3550 3745 Cogitatum
3586 3680 3810 3750 quippe,
3843 3682 3922 3749 qui

2353 3767 2526 3834 sapiat
2570 3768 2763 3822 anima:
2814 3767 3153 3838 dignitatem,
3209 3770 3560 3824 sanctimonii
3628 3772 3921 3835 honorem,

2350 3861 2641 3928 puritatem
2674 3860 3141 3920 honestatis.tnnc
3166 3860 3309 3914 videt
3341 3860 3531 3915 oculus
3568 3864 3788 3922 animas.
3809 3864 3921 3931 quia

2351 3952 2593 4004 excussit
2622 3949 2688 4004 ab
2719 3964 2783 4005 eo
2830 3950 3085 4019 pudicitia
3134 3948 3403 4019 pulverem
3457 3950 3920 4019 concupiscentia-

2352 4056 2501 4106 rum,
2558 4040 2909 4110 procellarum
2952 4040 3248 4094 libidinem.
3287 4038 3343 4093 Si
3380 4039 3502 4107 quis
3534 4050 3802 4108 expertus
3849 4047 3921 4093 est

2350 4140 2695 4200 tempestates
2716 4130 3566 4199 concupiscentiarum,expertus
3594 4140 3684 4182 est
3703 4140 3761 4182 et
3789 4140 3923 4182 tran-

2348 4224 2571 4290 quillum
2610 4222 2927 4293 pudicitiae;
2974 4235 3040 4274 ex
3088 4221 3171 4275 bis
3212 4235 3331 4289 qua:
3363 4234 3560 4287 passus
3610 4228 3697 4272 est
3723 4258 3738 4280 ,
3774 4228 3830 4273 et
3864 4233 3922 4271 ea

2352 4311 2435 4363 bis
2467 4326 2494 4360 a
2525 4312 2724 4377 quibus
2763 4310 3001 4363 salvatus
3044 4317 3163 4370 est,
3196 4308 3436 4377 agnoscit
3480 4322 3602 4375 qua:
3654 4308 3921 4361 dicuntur.

2352 4403 2629 4471 Cogitatus
2658 4400 2801 4454 enirn
2826 4399 3389 4468 concupiscentiarum
3414 4397 3721 4458 dormiunt.
3748 4400 3923 4451 motio-

2358 4512 2474 4559 nes,
2509 4492 2720 4557 ﬂuctus,
2749 4493 3132 4555 immissiones,
3175 4490 3397 4545 turbelas
3422 4490 3555 4560 (Π).
3582 4488 3775 4560 Neque
3818 4490 3922 4543 dorJ

2358 4588 2649 4641 mientibus
2671 4586 2905 4640 dormire
2916 4585 3193 4655 permittit.
3207 4585 3590 4638 Acceuduntur
3606 4586 3753 4637 enim
3770 4591 3821 4637 et
3839 4596 3925 4648 per

2358 4679 2700 4739 ambitiones,
2731 4684 2784 4730 et
2805 4678 3044 4747 jacentes
3068 4677 3406 4745 perturbant.
3426 4686 3481 4727 et
3508 4690 3634 4727 cum
3669 4675 3917 4729 dormien-

2357 4773 2500 4826 tibus
2523 4785 2625 4823 non
2653 4768 2947 4835 dormiunt,
2975 4768 3070 4822 sed
3098 4782 3307 4835 semper
3330 4776 3456 4819 sunt
3489 4766 3769 4834 inquietzr.
3797 4766 3914 4819 Cum

2357 4873 2536 4918 autem
2570 4860 2828 4931 pudicitia
2866 4858 3029 4912 fuerit
3068 4856 3436 4928 subingressa.
3470 4871 3591 4909 cum
3638 4857 3730 4911 illa
3782 4856 3915 4911 babi-

2356 4958 2551 5012 taverit
2583 4965 2639 5009 ut
2692 4955 2906 5009 domina
2932 4994 2946 5017 ,
2976 4968 3096 5008 cum
3144 4953 3392 5007 detinens
3424 4950 3609 5013 fuerit,
3643 4965 3769 5004 cum
3818 4954 3915 5004 suis

2358 5047 2675 5104 retinaculis
2708 5046 2962 5101 tutaverit
2991 5046 3246 5106 domum;
3282 5053 3410 5096 tunc
3457 5043 3601 5097 sicut
3632 5042 3912 5111 przedoruiti

2355 5142 2505 5211 equi,
2531 5149 2585 5194 et
2610 5139 2675 5192 ad
2704 5137 2966 5208 praesepia
2996 5136 3163 5204 quieti
3192 5145 3337 5199 sunt,
3368 5144 3421 5187 et
3448 5134 3503 5187 in
3537 5134 3910 5188 itineribusreo

2355 5249 2503 5291 ctum
2540 5240 2841 5303 agnoscunt
2883 5232 3008 5296 iter,
3044 5228 3265 5283 nutibus
3303 5235 3493 5297 utpote
3522 5227 3811 5296 digitorum
3836 5224 3912 5277 ad-

2347 5328 2501 5382 .ducti
2538 5344 2552 5379 :
2583 5326 2661 5379 ita
2690 5339 2813 5379 cum
2860 5322 3027 5377 semel
3055 5332 3215 5376 tenax
3247 5319 3412 5375 fuerit
3445 5320 3740 5389 pudicitia,
3761 5328 3812 5373 et
3837 5318 3909 5371 do-

2353 5421 2559 5479 muerit
2612 5419 3114 5487 concupiscentia,
3165 5426 3221 5471 et
3265 5415 3599 5484 mitigaverit
3651 5414 3909 5468 libidines.

2345 5515 2751 5571 manducamus
2788 5513 3033 5578 honeste,
3053 5521 3109 5565 et
3143 5510 3378 5563 bibimus
3408 5514 3723 5561 niensurate
3747 5524 3760 5557 :
3786 5516 3909 5557 tuen-

2346 5617 2511 5665 surat
2540 5608 2683 5663 enim
2721 5620 2841 5676 qua
2876 5607 3025 5661 adest
3055 5602 3337 5673 pudicitia.
3363 5599 3613 5670 Denique
3640 5608 3698 5654 et
3718 5598 3908 5652 honesta

2424 5788 2540 5862 (47)
2579 5787 2677 5843 Ms.
2710 5786 3243 5862 concupiscentiarnm
3290 5790 3567 5849 motiones,
3599 5786 3809 5851 ﬂuctus.
3832 5779 3902 5835 in-

2336 5855 2640 5923 mitisiones,
2676 5862 2921 5911 turbelas.
2951 5855 3146 5925 Neque.
