  <div class='ocr_page' id='page_1' title='image "/cluster/home/n/w/nwhite01/storage/ocr_20150623/24/uva.x004246623/588.png"; bbox 0 0 4072 6434; ppageno 0'>
   <div class='ocr_carea' id='block_1_1' title="bbox 233 439 380 497">
    <p class='ocr_par' dir='ltr' id='par_1_1' title="bbox 233 439 380 497">
     <span class='ocr_line' id='line_1_1' title="bbox 233 439 380 497; baseline -0.014 -1"><span class='ocrx_word' id='word_1_1' title='bbox 233 439 380 497; x_wconf 60' lang='lat'><strong>“£5</strong></span> 
     </span>
    </p>
   </div>
   <div class='ocr_carea' id='block_1_2' title="bbox 1211 426 2486 487">
    <p class='ocr_par' dir='ltr' id='par_1_2' title="bbox 1211 426 2486 487">
     <span class='ocr_line' id='line_1_2' title="bbox 1211 426 2486 487; baseline -0.005 0"><span class='ocrx_word' id='word_1_2' title='bbox 1211 430 1302 487; x_wconf 83' lang='lat' dir='ltr'><strong>DE</strong></span> <span class='ocrx_word' id='word_1_3' title='bbox 1346 428 1740 486; x_wconf 74' lang='lat' dir='ltr'><strong>SPIRITUAU</strong></span> <span class='ocrx_word' id='word_1_4' title='bbox 1784 428 2140 487; x_wconf 71' lang='lat' dir='ltr'><strong>COGITATU</strong></span> <span class='ocrx_word' id='word_1_5' title='bbox 2181 426 2486 483; x_wconf 69' lang='lat' dir='ltr'><strong>HOMINIS.</strong></span> 
     </span>
    </p>
   </div>
   <div class='ocr_carea' id='block_1_3' title="bbox 3379 421 3515 474">
    <p class='ocr_par' dir='ltr' id='par_1_3' title="bbox 3379 421 3515 474">
     <span class='ocr_line' id='line_1_3' title="bbox 3379 421 3515 474; baseline -0.015 0"><span class='ocrx_word' id='word_1_6' title='bbox 3379 421 3515 474; x_wconf 67' lang='grc'><strong>1146</strong></span> 
     </span>
    </p>
   </div>
   <div class='ocr_carea' id='block_1_4' title="bbox 226 535 3512 624">
    <p class='ocr_par' dir='ltr' id='par_1_4' title="bbox 226 535 3512 624">
     <span class='ocr_line' id='line_1_4' title="bbox 226 535 3512 624; baseline -0.007 -14"><span class='ocrx_word' id='word_1_7' title='bbox 226 556 556 613; x_wconf 77' lang='lat' dir='ltr'><strong>dormimus.</strong></span> <span class='ocrx_word' id='word_1_8' title='bbox 583 562 636 609; x_wconf 88' lang='lat' dir='ltr'><strong>et</strong></span> <span class='ocrx_word' id='word_1_9' title='bbox 661 550 825 608; x_wconf 88' lang='lat' dir='ltr'><strong>sobrii</strong></span> <span class='ocrx_word' id='word_1_10' title='bbox 849 548 1175 615; x_wconf 63' lang='lat' dir='ltr'><strong>excitamur,</strong></span> <span class='ocrx_word' id='word_1_11' title='bbox 1193 559 1247 604; x_wconf 89' lang='lat' dir='ltr'><strong>et</strong></span> <span class='ocrx_word' id='word_1_12' title='bbox 1277 551 1527 603; x_wconf 80' lang='lat' dir='ltr'><strong>videmus</strong></span> <span class='ocrx_word' id='word_1_13' title='bbox 1570 548 1809 617; x_wconf 86' lang='lat' dir='ltr'><strong>pnlchri-</strong></span> <span class='ocrx_word' id='word_1_14' title='bbox 1847 568 1895 624; x_wconf 66' lang='grc' dir='ltr'><strong>Α</strong></span> <span class='ocrx_word' id='word_1_15' title='bbox 1924 549 2068 601; x_wconf 87' lang='lat' dir='ltr'><strong>enim</strong></span> <span class='ocrx_word' id='word_1_16' title='bbox 2127 545 2302 599; x_wconf 86' lang='lat' dir='ltr'><strong>adhuc</strong></span> <span class='ocrx_word' id='word_1_17' title='bbox 2335 542 2710 597; x_wconf 85' lang='lat' dir='ltr'><strong>adolescentes</strong></span> <span class='ocrx_word' id='word_1_18' title='bbox 2744 548 2902 603; x_wconf 89' lang='lat' dir='ltr'><strong>sunt,</strong></span> <span class='ocrx_word' id='word_1_19' title='bbox 2952 547 3006 592; x_wconf 91' lang='lat' dir='ltr'><strong>et</strong></span> <span class='ocrx_word' id='word_1_20' title='bbox 3060 535 3288 590; x_wconf 82' lang='lat' dir='ltr'><strong>necdum</strong></span> <span class='ocrx_word' id='word_1_21' title='bbox 3345 553 3512 604; x_wconf 79' lang='lat' dir='ltr'><strong>opera</strong></span> 
     </span>
    </p>
   </div>
   <div class='ocr_carea' id='block_1_5' title="bbox 225 637 1818 712">
    <p class='ocr_par' dir='ltr' id='par_1_5' title="bbox 225 637 1818 712">
     <span class='ocr_line' id='line_1_5' title="bbox 225 637 1818 712; baseline -0.006 -12"><span class='ocrx_word' id='word_1_22' title='bbox 225 646 478 701; x_wconf 72' lang='lat' dir='ltr'><strong>tudinem</strong></span> <span class='ocrx_word' id='word_1_23' title='bbox 502 643 700 709; x_wconf 85' lang='lat' dir='ltr'><strong>vultus,</strong></span> <span class='ocrx_word' id='word_1_24' title='bbox 734 654 789 698; x_wconf 91' lang='lat' dir='ltr'><strong>et</strong></span> <span class='ocrx_word' id='word_1_25' title='bbox 829 639 1304 712; x_wconf 79' lang='lat' dir='ltr'><strong>pulchritudinem,</strong></span> <span class='ocrx_word' id='word_1_26' title='bbox 1337 650 1392 694; x_wconf 90' lang='lat' dir='ltr'><strong>et</strong></span> <span class='ocrx_word' id='word_1_27' title='bbox 1422 655 1525 692; x_wconf 91' lang='lat' dir='ltr'><strong>non</strong></span> <span class='ocrx_word' id='word_1_28' title='bbox 1555 649 1611 692; x_wconf 91' lang='lat' dir='ltr'><strong>ut</strong></span> <span class='ocrx_word' id='word_1_29' title='bbox 1646 637 1818 692; x_wconf 79' lang='lat' dir='ltr'><strong>oﬂen—</strong></span> 
     </span>
    </p>
   </div>
   <div class='ocr_carea' id='block_1_6' title="bbox 224 731 1819 806">
    <p class='ocr_par' dir='ltr' id='par_1_6' title="bbox 224 731 1819 806">
     <span class='ocr_line' id='line_1_6' title="bbox 224 731 1819 806; baseline -0.004 -14"><span class='ocrx_word' id='word_1_30' title='bbox 224 740 463 795; x_wconf 84' lang='lat' dir='ltr'><strong>sionem.</strong></span> <span class='ocrx_word' id='word_1_31' title='bbox 500 739 677 791; x_wconf 81' lang='lat' dir='ltr'><strong>Aures</strong></span> <span class='ocrx_word' id='word_1_32' title='bbox 712 751 929 806; x_wconf 88' lang='lat' dir='ltr'><strong>quoque</strong></span> <span class='ocrx_word' id='word_1_33' title='bbox 963 743 1178 789; x_wconf 87' lang='lat' dir='ltr'><strong>nostras</strong></span> <span class='ocrx_word' id='word_1_34' title='bbox 1226 748 1331 788; x_wconf 89' lang='lat' dir='ltr'><strong>non</strong></span> <span class='ocrx_word' id='word_1_35' title='bbox 1376 732 1615 802; x_wconf 73' lang='lat' dir='ltr'><strong>perforat</strong></span> <span class='ocrx_word' id='word_1_36' title='bbox 1647 731 1819 786; x_wconf 87' lang='lat' dir='ltr'><strong>melo-</strong></span> 
     </span>
    </p>
   </div>
   <div class='ocr_carea' id='block_1_7' title="bbox 225 825 1815 898">
    <p class='ocr_par' dir='ltr' id='par_1_7' title="bbox 225 825 1815 898">
     <span class='ocr_line' id='line_1_7' title="bbox 225 825 1815 898; baseline -0.006 -14"><span class='ocrx_word' id='word_1_37' title='bbox 225 830 340 884; x_wconf 89' lang='lat' dir='ltr'><strong>dia.</strong></span> <span class='ocrx_word' id='word_1_38' title='bbox 364 829 480 884; x_wconf 90' lang='lat' dir='ltr'><strong>Scit</strong></span> <span class='ocrx_word' id='word_1_39' title='bbox 505 830 647 883; x_wconf 89' lang='lat' dir='ltr'><strong>enim</strong></span> <span class='ocrx_word' id='word_1_40' title='bbox 677 829 933 898; x_wconf 74' lang='lat' dir='ltr'><strong>pudicitia</strong></span> <span class='ocrx_word' id='word_1_41' title='bbox 957 836 1010 881; x_wconf 91' lang='lat' dir='ltr'><strong>et</strong></span> <span class='ocrx_word' id='word_1_42' title='bbox 1040 826 1252 881; x_wconf 86' lang='lat' dir='ltr'><strong>solvere</strong></span> <span class='ocrx_word' id='word_1_43' title='bbox 1278 840 1458 880; x_wconf 88' lang='lat' dir='ltr'><strong>ceram</strong></span> <span class='ocrx_word' id='word_1_44' title='bbox 1491 825 1544 878; x_wconf 90' lang='lat' dir='ltr'><strong>in</strong></span> <span class='ocrx_word' id='word_1_45' title='bbox 1570 826 1815 888; x_wconf 79' lang='lat' dir='ltr'><strong>auribus,</strong></span> 
     </span>
    </p>
   </div>
   <div class='ocr_carea' id='block_1_8' title="bbox 228 911 1817 988">
    <p class='ocr_par' dir='ltr' id='par_1_8' title="bbox 228 911 1817 988">
     <span class='ocr_line' id='line_1_8' title="bbox 228 911 1817 988; baseline -0.004 -16"><span class='ocrx_word' id='word_1_46' title='bbox 228 931 409 988; x_wconf 84' lang='lat' dir='ltr'><strong>neque</strong></span> <span class='ocrx_word' id='word_1_47' title='bbox 446 927 642 973; x_wconf 77' lang='lat' dir='ltr'><strong>noceat</strong></span> <span class='ocrx_word' id='word_1_48' title='bbox 679 917 951 972; x_wconf 72' lang='lat' dir='ltr'><strong>audientis</strong></span> <span class='ocrx_word' id='word_1_49' title='bbox 992 915 1126 987; x_wconf 73' lang='grc'><strong>(48).</strong></span> <span class='ocrx_word' id='word_1_50' title='bbox 1159 912 1354 969; x_wconf 83' lang='lat' dir='ltr'><strong>Nostra</strong></span> <span class='ocrx_word' id='word_1_51' title='bbox 1396 914 1542 967; x_wconf 89' lang='lat' dir='ltr'><strong>enim</strong></span> <span class='ocrx_word' id='word_1_52' title='bbox 1576 911 1817 966; x_wconf 80' lang='lat' dir='ltr'><strong>membra</strong></span> 
     </span>
    </p>
   </div>
   <div class='ocr_carea' id='block_1_9' title="bbox 227 1004 1820 1080">
    <p class='ocr_par' dir='ltr' id='par_1_9' title="bbox 227 1004 1820 1080">
     <span class='ocr_line' id='line_1_9' title="bbox 227 1004 1820 1080; baseline -0.004 -16"><span class='ocrx_word' id='word_1_53' title='bbox 227 1019 585 1079; x_wconf 84' lang='lat' dir='ltr'><strong>operamenta</strong></span> <span class='ocrx_word' id='word_1_54' title='bbox 616 1009 888 1080; x_wconf 71' lang='lat' dir='ltr'><strong>pudicitiae</strong></span> <span class='ocrx_word' id='word_1_55' title='bbox 917 1009 1076 1065; x_wconf 83' lang='lat' dir='ltr'><strong>liuut.</strong></span> <span class='ocrx_word' id='word_1_56' title='bbox 1112 1006 1315 1063; x_wconf 83' lang='lat' dir='ltr'><strong>Oculus</strong></span> <span class='ocrx_word' id='word_1_57' title='bbox 1336 1006 1481 1061; x_wconf 80' lang='lat' dir='ltr'><strong>videt</strong></span> <span class='ocrx_word' id='word_1_58' title='bbox 1509 1006 1704 1059; x_wconf 80' lang='lat' dir='ltr'><strong>bonam</strong></span> <span class='ocrx_word' id='word_1_59' title='bbox 1739 1004 1820 1057; x_wconf 85' lang='lat' dir='ltr'><strong>l&#39;a-</strong></span> 
     </span>
    </p>
   </div>
   <div class='ocr_carea' id='block_1_10' title="bbox 227 1097 1820 1169">
    <p class='ocr_par' dir='ltr' id='par_1_10' title="bbox 227 1097 1820 1169">
     <span class='ocr_line' id='line_1_10' title="bbox 227 1097 1820 1169; baseline -0.005 -11"><span class='ocrx_word' id='word_1_60' title='bbox 227 1105 393 1169; x_wconf 80' lang='lat' dir='ltr'><strong>ciem,</strong></span> <span class='ocrx_word' id='word_1_61' title='bbox 419 1112 475 1158; x_wconf 87' lang='lat' dir='ltr'><strong>et</strong></span> <span class='ocrx_word' id='word_1_62' title='bbox 505 1118 628 1160; x_wconf 89' lang='lat' dir='ltr'><strong>cum</strong></span> <span class='ocrx_word' id='word_1_63' title='bbox 661 1103 948 1158; x_wconf 77' lang='lat' dir='ltr'><strong>honestate</strong></span> <span class='ocrx_word' id='word_1_64' title='bbox 969 1116 1087 1156; x_wconf 90' lang='lat' dir='ltr'><strong>eam</strong></span> <span class='ocrx_word' id='word_1_65' title='bbox 1123 1102 1388 1154; x_wconf 85' lang='lat' dir='ltr'><strong>intuetur.</strong></span> <span class='ocrx_word' id='word_1_66' title='bbox 1418 1097 1535 1153; x_wconf 77' lang='lat' dir='ltr'><strong>Non</strong></span> <span class='ocrx_word' id='word_1_67' title='bbox 1571 1107 1820 1152; x_wconf 82' lang='lat' dir='ltr'><strong>movetur</strong></span> 
     </span>
    </p>
   </div>
   <div class='ocr_carea' id='block_1_11' title="bbox 228 1190 1820 1265">
    <p class='ocr_par' dir='ltr' id='par_1_11' title="bbox 228 1190 1820 1265">
     <span class='ocr_line' id='line_1_11' title="bbox 228 1190 1820 1265; baseline -0.004 -16"><span class='ocrx_word' id='word_1_68' title='bbox 228 1197 298 1251; x_wconf 87' lang='lat' dir='ltr'><strong>ad</strong></span> <span class='ocrx_word' id='word_1_69' title='bbox 345 1197 873 1265; x_wconf 80' lang='lat' dir='ltr'><strong>concupiscentiam,</strong></span> <span class='ocrx_word' id='word_1_70' title='bbox 907 1195 1002 1251; x_wconf 88' lang='lat' dir='ltr'><strong>sed</strong></span> <span class='ocrx_word' id='word_1_71' title='bbox 1048 1193 1195 1248; x_wconf 80' lang='lat' dir='ltr'><strong>videt</strong></span> <span class='ocrx_word' id='word_1_72' title='bbox 1239 1195 1293 1247; x_wconf 90' lang='lat' dir='ltr'><strong>in</strong></span> <span class='ocrx_word' id='word_1_73' title='bbox 1341 1193 1477 1246; x_wconf 82' lang='lat' dir='ltr'><strong>facie</strong></span> <span class='ocrx_word' id='word_1_74' title='bbox 1517 1190 1820 1261; x_wconf 82' lang='lat' dir='ltr'><strong>pulchritu-</strong></span> 
     </span>
    </p>
   </div>
   <div class='ocr_carea' id='block_1_12' title="bbox 227 1282 1815 1357">
    <p class='ocr_par' dir='ltr' id='par_1_12' title="bbox 227 1282 1815 1357">
     <span class='ocr_line' id='line_1_12' title="bbox 227 1282 1815 1357; baseline -0.004 -17"><span class='ocrx_word' id='word_1_75' title='bbox 227 1285 437 1352; x_wconf 86' lang='lat' dir='ltr'><strong>dinem,</strong></span> <span class='ocrx_word' id='word_1_76' title='bbox 472 1297 528 1342; x_wconf 92' lang='lat' dir='ltr'><strong>et</strong></span> <span class='ocrx_word' id='word_1_77' title='bbox 555 1287 757 1357; x_wconf 75' lang='lat' dir='ltr'><strong>cogitat</strong></span> <span class='ocrx_word' id='word_1_78' title='bbox 790 1287 968 1354; x_wconf 78' lang='lat' dir='ltr'><strong>qualis</strong></span> <span class='ocrx_word' id='word_1_79' title='bbox 1007 1286 1077 1340; x_wconf 87' lang='lat' dir='ltr'><strong>sit</strong></span> <span class='ocrx_word' id='word_1_80' title='bbox 1123 1285 1472 1356; x_wconf 86' lang='lat' dir='ltr'><strong>pulchritudo</strong></span> <span class='ocrx_word' id='word_1_81' title='bbox 1501 1284 1554 1336; x_wconf 90' lang='lat' dir='ltr'><strong>in</strong></span> <span class='ocrx_word' id='word_1_82' title='bbox 1599 1282 1815 1346; x_wconf 85' lang='lat' dir='ltr'><strong>anima;</strong></span> 
     </span>
    </p>
   </div>
   <div class='ocr_carea' id='block_1_13' title="bbox 227 1375 1816 1448">
    <p class='ocr_par' dir='ltr' id='par_1_13' title="bbox 227 1375 1816 1448">
     <span class='ocr_line' id='line_1_13' title="bbox 227 1375 1816 1448; baseline -0.003 -17"><span class='ocrx_word' id='word_1_83' title='bbox 227 1387 286 1432; x_wconf 88' lang='lat' dir='ltr'><strong>et</strong></span> <span class='ocrx_word' id='word_1_84' title='bbox 324 1392 444 1448; x_wconf 75' lang='lat' dir='ltr'><strong>qua:</strong></span> <span class='ocrx_word' id='word_1_85' title='bbox 474 1393 504 1431; x_wconf 90' lang='lat' dir='ltr'><strong>a</strong></span> <span class='ocrx_word' id='word_1_86' title='bbox 540 1377 671 1431; x_wconf 75' lang='lat' dir='ltr'><strong>foris</strong></span> <span class='ocrx_word' id='word_1_87' title='bbox 702 1386 829 1432; x_wconf 91' lang='lat' dir='ltr'><strong>sunt</strong></span> <span class='ocrx_word' id='word_1_88' title='bbox 862 1376 1002 1432; x_wconf 90' lang='lat' dir='ltr'><strong>bona</strong></span> <span class='ocrx_word' id='word_1_89' title='bbox 1032 1376 1098 1431; x_wconf 90' lang='lat' dir='ltr'><strong>ad</strong></span> <span class='ocrx_word' id='word_1_90' title='bbox 1125 1377 1476 1444; x_wconf 89' lang='lat' dir='ltr'><strong>semetipsum</strong></span> <span class='ocrx_word' id='word_1_91' title='bbox 1518 1375 1816 1438; x_wconf 88' lang='lat' dir='ltr'><strong>adducens,</strong></span> 
     </span>
    </p>
   </div>
   <div class='ocr_carea' id='block_1_14' title="bbox 225 1463 1818 1538">
    <p class='ocr_par' dir='ltr' id='par_1_14' title="bbox 225 1463 1818 1538">
     <span class='ocr_line' id='line_1_14' title="bbox 225 1463 1818 1538; baseline -0.002 -18"><span class='ocrx_word' id='word_1_92' title='bbox 225 1479 286 1521; x_wconf 76' lang='lat' dir='ltr'><strong>et</strong></span> <span class='ocrx_word' id='word_1_93' title='bbox 335 1484 365 1522; x_wconf 94' lang='lat' dir='ltr'><strong>a</strong></span> <span class='ocrx_word' id='word_1_94' title='bbox 403 1468 559 1524; x_wconf 87' lang='lat' dir='ltr'><strong>bonis</strong></span> <span class='ocrx_word' id='word_1_95' title='bbox 606 1469 744 1523; x_wconf 86' lang='lat' dir='ltr'><strong>bona</strong></span> <span class='ocrx_word' id='word_1_96' title='bbox 781 1470 1056 1538; x_wconf 85' lang='lat' dir='ltr'><strong>decerpit,</strong></span> <span class='ocrx_word' id='word_1_97' title='bbox 1105 1477 1160 1521; x_wconf 92' lang='lat' dir='ltr'><strong>et</strong></span> <span class='ocrx_word' id='word_1_98' title='bbox 1209 1484 1315 1521; x_wconf 91' lang='lat' dir='ltr'><strong>non</strong></span> <span class='ocrx_word' id='word_1_99' title='bbox 1357 1469 1409 1520; x_wconf 90' lang='lat' dir='ltr'><strong>in</strong></span> <span class='ocrx_word' id='word_1_100' title='bbox 1457 1466 1614 1519; x_wconf 87' lang='lat' dir='ltr'><strong>malis</strong></span> <span class='ocrx_word' id='word_1_101' title='bbox 1651 1463 1818 1519; x_wconf 85' lang='lat' dir='ltr'><strong>oll‘en-</strong></span> 
     </span>
    </p>
   </div>
   <div class='ocr_carea' id='block_1_15' title="bbox 227 1554 1814 1628">
    <p class='ocr_par' dir='ltr' id='par_1_15' title="bbox 227 1554 1814 1628">
     <span class='ocr_line' id='line_1_15' title="bbox 227 1554 1814 1628; baseline -0.003 -16"><span class='ocrx_word' id='word_1_102' title='bbox 227 1559 330 1613; x_wconf 81' lang='lat' dir='ltr'><strong>dit.</strong></span> <span class='ocrx_word' id='word_1_103' title='bbox 363 1555 524 1614; x_wconf 89' lang='lat' dir='ltr'><strong>Sicut</strong></span> <span class='ocrx_word' id='word_1_104' title='bbox 549 1575 774 1628; x_wconf 82' lang='lat' dir='ltr'><strong>corpora</strong></span> <span class='ocrx_word' id='word_1_105' title='bbox 814 1559 1103 1614; x_wconf 80' lang='lat' dir='ltr'><strong>incolumia</strong></span> <span class='ocrx_word' id='word_1_106' title='bbox 1139 1558 1208 1612; x_wconf 87' lang='lat' dir='ltr'><strong>ab</strong></span> <span class='ocrx_word' id='word_1_107' title='bbox 1234 1557 1483 1611; x_wconf 88' lang='lat' dir='ltr'><strong>omnibus</strong></span> <span class='ocrx_word' id='word_1_108' title='bbox 1531 1554 1814 1608; x_wconf 80' lang='lat' dir='ltr'><strong>utilitatem</strong></span> 
     </span>
    </p>
   </div>
   <div class='ocr_carea' id='block_1_16' title="bbox 227 1649 1816 1718">
    <p class='ocr_par' dir='ltr' id='par_1_16' title="bbox 227 1649 1816 1718">
     <span class='ocr_line' id='line_1_16' title="bbox 227 1649 1816 1718; baseline -0.001 -15"><span class='ocrx_word' id='word_1_109' title='bbox 227 1651 528 1718; x_wconf 87' lang='lat' dir='ltr'><strong>accipiunt,</strong></span> <span class='ocrx_word' id='word_1_110' title='bbox 554 1662 608 1705; x_wconf 92' lang='lat' dir='ltr'><strong>et</strong></span> <span class='ocrx_word' id='word_1_111' title='bbox 634 1668 662 1704; x_wconf 89' lang='lat' dir='ltr'><strong>a</strong></span> <span class='ocrx_word' id='word_1_112' title='bbox 695 1661 868 1712; x_wconf 86' lang='lat' dir='ltr'><strong>motu,</strong></span> <span class='ocrx_word' id='word_1_113' title='bbox 899 1660 953 1704; x_wconf 90' lang='lat' dir='ltr'><strong>et</strong></span> <span class='ocrx_word' id='word_1_114' title='bbox 1004 1651 1072 1704; x_wconf 88' lang='lat' dir='ltr'><strong>ab</strong></span> <span class='ocrx_word' id='word_1_115' title='bbox 1116 1649 1468 1714; x_wconf 85' lang='lat' dir='ltr'><strong>exercitio,et</strong></span> <span class='ocrx_word' id='word_1_116' title='bbox 1494 1665 1520 1702; x_wconf 90' lang='lat' dir='ltr'><strong>a</strong></span> <span class='ocrx_word' id='word_1_117' title='bbox 1545 1663 1728 1709; x_wconf 80' lang='lat' dir='ltr'><strong>cursu,</strong></span> <span class='ocrx_word' id='word_1_118' title='bbox 1762 1657 1816 1701; x_wconf 92' lang='lat' dir='ltr'><strong>et</strong></span> 
     </span>
    </p>
   </div>
   <div class='ocr_carea' id='block_1_17' title="bbox 225 1738 1814 1808">
    <p class='ocr_par' dir='ltr' id='par_1_17' title="bbox 225 1738 1814 1808">
     <span class='ocr_line' id='line_1_17' title="bbox 225 1738 1814 1808; baseline -0.001 -16"><span class='ocrx_word' id='word_1_119' title='bbox 225 1740 300 1793; x_wconf 75' lang='lat' dir='ltr'><strong>ab</strong></span> <span class='ocrx_word' id='word_1_120' title='bbox 334 1742 610 1802; x_wconf 80' lang='lat' dir='ltr'><strong>unctione,</strong></span> <span class='ocrx_word' id='word_1_121' title='bbox 642 1749 697 1796; x_wconf 93' lang='lat' dir='ltr'><strong>et</strong></span> <span class='ocrx_word' id='word_1_122' title='bbox 743 1757 770 1794; x_wconf 89' lang='lat' dir='ltr'><strong>a</strong></span> <span class='ocrx_word' id='word_1_123' title='bbox 801 1755 990 1793; x_wconf 93' lang='lat' dir='ltr'><strong>somno</strong></span> <span class='ocrx_word' id='word_1_124' title='bbox 1013 1781 1026 1802; x_wconf 95' lang='lat'><strong>,</strong></span> <span class='ocrx_word' id='word_1_125' title='bbox 1063 1751 1117 1792; x_wconf 90' lang='lat' dir='ltr'><strong>et</strong></span> <span class='ocrx_word' id='word_1_126' title='bbox 1141 1742 1207 1793; x_wconf 86' lang='lat' dir='ltr'><strong>ab</strong></span> <span class='ocrx_word' id='word_1_127' title='bbox 1245 1755 1391 1802; x_wconf 85' lang='lat' dir='ltr'><strong>esca,</strong></span> <span class='ocrx_word' id='word_1_128' title='bbox 1423 1751 1476 1794; x_wconf 92' lang='lat' dir='ltr'><strong>et</strong></span> <span class='ocrx_word' id='word_1_129' title='bbox 1502 1754 1529 1792; x_wconf 88' lang='lat' dir='ltr'><strong>a</strong></span> <span class='ocrx_word' id='word_1_130' title='bbox 1559 1749 1720 1808; x_wconf 87' lang='lat' dir='ltr'><strong>potu:</strong></span> <span class='ocrx_word' id='word_1_131' title='bbox 1745 1738 1814 1791; x_wconf 90' lang='lat' dir='ltr'><strong>ita</strong></span> 
     </span>
    </p>
   </div>
   <div class='ocr_carea' id='block_1_18' title="bbox 225 1832 1810 1902">
    <p class='ocr_par' dir='ltr' id='par_1_18' title="bbox 225 1832 1810 1902">
     <span class='ocr_line' id='line_1_18' title="bbox 225 1832 1810 1902; baseline 0.001 -17"><span class='ocrx_word' id='word_1_132' title='bbox 225 1841 477 1897; x_wconf 84' lang='lat' dir='ltr'><strong>econtra,</strong></span> <span class='ocrx_word' id='word_1_133' title='bbox 503 1847 622 1902; x_wconf 71' lang='lat' dir='ltr'><strong>qua:</strong></span> <span class='ocrx_word' id='word_1_134' title='bbox 668 1843 933 1902; x_wconf 70' lang='lat' dir='ltr'><strong>aegrotant</strong></span> <span class='ocrx_word' id='word_1_135' title='bbox 961 1833 1028 1885; x_wconf 86' lang='lat' dir='ltr'><strong>ab</strong></span> <span class='ocrx_word' id='word_1_136' title='bbox 1066 1835 1320 1886; x_wconf 83' lang='lat' dir='ltr'><strong>Omnibus</strong></span> <span class='ocrx_word' id='word_1_137' title='bbox 1371 1843 1655 1886; x_wconf 82' lang='lat' dir='ltr'><strong>uocentur.</strong></span> <span class='ocrx_word' id='word_1_138' title='bbox 1693 1832 1810 1886; x_wconf 78' lang='lat' dir='ltr'><strong>Vini</strong></span> 
     </span>
    </p>
   </div>
   <div class='ocr_carea' id='block_1_19' title="bbox 1925 633 3513 703">
    <p class='ocr_par' dir='ltr' id='par_1_19' title="bbox 1925 633 3513 703">
     <span class='ocr_line' id='line_1_19' title="bbox 1925 633 3513 703; baseline -0.007 -9"><span class='ocrx_word' id='word_1_139' title='bbox 1925 637 2050 694; x_wconf 85' lang='lat' dir='ltr'><strong>belli</strong></span> <span class='ocrx_word' id='word_1_140' title='bbox 2075 637 2402 701; x_wconf 82' lang='lat' dir='ltr'><strong>didicerunt,</strong></span> <span class='ocrx_word' id='word_1_141' title='bbox 2417 649 2515 688; x_wconf 88' lang='lat' dir='ltr'><strong>nec</strong></span> <span class='ocrx_word' id='word_1_142' title='bbox 2533 633 2599 687; x_wconf 88' lang='lat' dir='ltr'><strong>ad</strong></span> <span class='ocrx_word' id='word_1_143' title='bbox 2622 633 2804 703; x_wconf 76' lang='lat' dir='ltr'><strong>praelia</strong></span> <span class='ocrx_word' id='word_1_144' title='bbox 2825 641 3105 691; x_wconf 82' lang='lat' dir='ltr'><strong>vocantur,</strong></span> <span class='ocrx_word' id='word_1_145' title='bbox 3128 643 3513 696; x_wconf 84' lang='lat' dir='ltr'><strong>nonnunquam</strong></span> 
     </span>
    </p>
   </div>
   <div class='ocr_carea' id='block_1_20' title="bbox 1924 718 3515 800">
    <p class='ocr_par' dir='ltr' id='par_1_20' title="bbox 1924 718 3515 800">
     <span class='ocr_line' id='line_1_20' title="bbox 1924 718 3515 800; baseline -0.008 -16"><span class='ocrx_word' id='word_1_146' title='bbox 1924 730 2195 800; x_wconf 72' lang='lat' dir='ltr'><strong>pudicitiae</strong></span> <span class='ocrx_word' id='word_1_147' title='bbox 2229 727 2331 782; x_wconf 85' lang='lat' dir='ltr'><strong>sibi</strong></span> <span class='ocrx_word' id='word_1_148' title='bbox 2362 726 2668 794; x_wconf 84' lang='lat' dir='ltr'><strong>imposuere</strong></span> <span class='ocrx_word' id='word_1_149' title='bbox 2703 737 2961 776; x_wconf 81' lang='lat' dir='ltr'><strong>coronas:</strong></span> <span class='ocrx_word' id='word_1_150' title='bbox 2987 721 3082 774; x_wconf 85' lang='lat' dir='ltr'><strong>sed</strong></span> <span class='ocrx_word' id='word_1_151' title='bbox 3109 730 3164 775; x_wconf 93' lang='lat' dir='ltr'><strong>et</strong></span> <span class='ocrx_word' id='word_1_152' title='bbox 3190 720 3260 772; x_wconf 92' lang='lat' dir='ltr'><strong>oh</strong></span> <span class='ocrx_word' id='word_1_153' title='bbox 3285 718 3515 772; x_wconf 82' lang='lat' dir='ltr'><strong>inlirmi-</strong></span> 
     </span>
    </p>
   </div>
   <div class='ocr_carea' id='block_1_21' title="bbox 1924 809 3514 890">
    <p class='ocr_par' dir='ltr' id='par_1_21' title="bbox 1924 809 3514 890">
     <span class='ocr_line' id='line_1_21' title="bbox 1924 809 3514 890; baseline -0.007 -15"><span class='ocrx_word' id='word_1_154' title='bbox 1924 832 2087 876; x_wconf 86' lang='lat' dir='ltr'><strong>tatem</strong></span> <span class='ocrx_word' id='word_1_155' title='bbox 2127 819 2374 890; x_wconf 81' lang='lat' dir='ltr'><strong>plurimis</strong></span> <span class='ocrx_word' id='word_1_156' title='bbox 2401 817 2584 886; x_wconf 69' lang='lat' dir='ltr'><strong>quiete</strong></span> <span class='ocrx_word' id='word_1_157' title='bbox 2619 815 2840 870; x_wconf 86' lang='lat' dir='ltr'><strong>donatis</strong></span> <span class='ocrx_word' id='word_1_158' title='bbox 2861 812 3120 884; x_wconf 72' lang='lat' dir='ltr'><strong>pudicitia</strong></span> <span class='ocrx_word' id='word_1_159' title='bbox 3156 809 3332 865; x_wconf 88' lang='lat' dir='ltr'><strong>adhuc</strong></span> <span class='ocrx_word' id='word_1_160' title='bbox 3365 809 3514 864; x_wconf 82' lang='lat' dir='ltr'><strong>utilis</strong></span> 
     </span>
    </p>
   </div>
   <div class='ocr_carea' id='block_1_22' title="bbox 1924 903 3514 979">
    <p class='ocr_par' dir='ltr' id='par_1_22' title="bbox 1924 903 3514 979">
     <span class='ocr_line' id='line_1_22' title="bbox 1924 903 3514 979; baseline -0.008 -7"><span class='ocrx_word' id='word_1_161' title='bbox 1924 916 2215 972; x_wconf 76' lang='lat' dir='ltr'><strong>invenitur.</strong></span> <span class='ocrx_word' id='word_1_162' title='bbox 2239 911 2374 966; x_wconf 77' lang='lat' dir='ltr'><strong>Nam</strong></span> <span class='ocrx_word' id='word_1_163' title='bbox 2401 911 2501 966; x_wconf 89' lang='lat' dir='ltr'><strong>etsi</strong></span> <span class='ocrx_word' id='word_1_164' title='bbox 2535 909 2687 964; x_wconf 90' lang='lat' dir='ltr'><strong>senio</strong></span> <span class='ocrx_word' id='word_1_165' title='bbox 2722 909 3068 979; x_wconf 88' lang='lat' dir='ltr'><strong>deponuntur</strong></span> <span class='ocrx_word' id='word_1_166' title='bbox 3104 903 3380 966; x_wconf 87' lang='lat' dir='ltr'><strong>libidines,</strong></span> <span class='ocrx_word' id='word_1_167' title='bbox 3416 904 3514 959; x_wconf 87' lang='lat' dir='ltr'><strong>sed</strong></span> 
     </span>
    </p>
   </div>
   <div class='ocr_carea' id='block_1_23' title="bbox 1923 994 3515 1074">
    <p class='ocr_par' dir='ltr' id='par_1_23' title="bbox 1923 994 3515 1074">
     <span class='ocr_line' id='line_1_23' title="bbox 1923 994 3515 1074; baseline -0.008 -11"><span class='ocrx_word' id='word_1_168' title='bbox 1923 1011 2104 1063; x_wconf 87' lang='lat' dir='ltr'><strong>adhuc</strong></span> <span class='ocrx_word' id='word_1_169' title='bbox 2159 1021 2334 1074; x_wconf 87' lang='lat' dir='ltr'><strong>nsque</strong></span> <span class='ocrx_word' id='word_1_170' title='bbox 2370 1005 2640 1059; x_wconf 82' lang='lat' dir='ltr'><strong>motiones</strong></span> <span class='ocrx_word' id='word_1_171' title='bbox 2692 998 3298 1068; x_wconf 76' lang='lat' dir='ltr'><strong>concupiscentiarum,</strong></span> <span class='ocrx_word' id='word_1_172' title='bbox 3336 994 3515 1050; x_wconf 82' lang='lat' dir='ltr'><strong>intus-</strong></span> 
     </span>
    </p>
   </div>
   <div class='ocr_carea' id='block_1_24' title="bbox 1924 1086 3514 1171">
    <p class='ocr_par' dir='ltr' id='par_1_24' title="bbox 1924 1086 3514 1171">
     <span class='ocr_line' id='line_1_24' title="bbox 1924 1086 3514 1171; baseline -0.006 -19"><span class='ocrx_word' id='word_1_173' title='bbox 1924 1117 2030 1171; x_wconf 89' lang='lat' dir='ltr'><strong>que</strong></span> <span class='ocrx_word' id='word_1_174' title='bbox 2055 1111 2108 1155; x_wconf 91' lang='lat' dir='ltr'><strong>et</strong></span> <span class='ocrx_word' id='word_1_175' title='bbox 2141 1099 2531 1154; x_wconf 79' lang='lat' dir='ltr'><strong>fornicationes</strong></span> <span class='ocrx_word' id='word_1_176' title='bbox 2570 1104 2836 1164; x_wconf 61' lang='lat' dir='ltr'><strong>egrotant</strong></span> <span class='ocrx_word' id='word_1_177' title='bbox 2863 1101 2920 1147; x_wconf 92' lang='lat' dir='ltr'><strong>et</strong></span> <span class='ocrx_word' id='word_1_178' title='bbox 2949 1086 3359 1160; x_wconf 58' lang='lat' dir='ltr'><strong>occiduntwi),</strong></span> <span class='ocrx_word' id='word_1_179' title='bbox 3393 1103 3514 1156; x_wconf 76' lang='lat' dir='ltr'><strong>qua:</strong></span> 
     </span>
    </p>
   </div>
   <div class='ocr_carea' id='block_1_25' title="bbox 1925 1180 3514 1256">
    <p class='ocr_par' dir='ltr' id='par_1_25' title="bbox 1925 1180 3514 1256">
     <span class='ocr_line' id='line_1_25' title="bbox 1925 1180 3514 1256; baseline -0.009 -10"><span class='ocrx_word' id='word_1_180' title='bbox 1925 1193 2210 1248; x_wconf 84' lang='lat' dir='ltr'><strong>libidinem</strong></span> <span class='ocrx_word' id='word_1_181' title='bbox 2243 1190 2526 1246; x_wconf 87' lang='lat' dir='ltr'><strong>continere</strong></span> <span class='ocrx_word' id='word_1_182' title='bbox 2572 1202 2676 1245; x_wconf 87' lang='lat' dir='ltr'><strong>non</strong></span> <span class='ocrx_word' id='word_1_183' title='bbox 2721 1193 2983 1256; x_wconf 86' lang='lat' dir='ltr'><strong>possunt,</strong></span> <span class='ocrx_word' id='word_1_184' title='bbox 3029 1192 3083 1236; x_wconf 91' lang='lat' dir='ltr'><strong>et</strong></span> <span class='ocrx_word' id='word_1_185' title='bbox 3136 1192 3318 1249; x_wconf 80' lang='lat' dir='ltr'><strong>patres</strong></span> <span class='ocrx_word' id='word_1_186' title='bbox 3347 1180 3514 1234; x_wconf 88' lang='lat' dir='ltr'><strong>deho-</strong></span> 
     </span>
    </p>
   </div>
   <div class='ocr_carea' id='block_1_26' title="bbox 1922 1273 3514 1352">
    <p class='ocr_par' dir='ltr' id='par_1_26' title="bbox 1922 1273 3514 1352">
     <span class='ocr_line' id='line_1_26' title="bbox 1922 1273 3514 1352; baseline -0.008 -14"><span class='ocrx_word' id='word_1_187' title='bbox 1922 1295 2141 1338; x_wconf 86' lang='lat' dir='ltr'><strong>nestant</strong></span> <span class='ocrx_word' id='word_1_188' title='bbox 2164 1326 2179 1350; x_wconf 96' lang='lat'><strong>,</strong></span> <span class='ocrx_word' id='word_1_189' title='bbox 2209 1298 2329 1352; x_wconf 72' lang='lat' dir='ltr'><strong>quae</strong></span> <span class='ocrx_word' id='word_1_190' title='bbox 2365 1280 2693 1335; x_wconf 87' lang='lat' dir='ltr'><strong>monitiones</strong></span> <span class='ocrx_word' id='word_1_191' title='bbox 2715 1278 2986 1347; x_wconf 71' lang='lat' dir='ltr'><strong>pudicitia:</strong></span> <span class='ocrx_word' id='word_1_192' title='bbox 3015 1289 3118 1329; x_wconf 88' lang='lat' dir='ltr'><strong>non</strong></span> <span class='ocrx_word' id='word_1_193' title='bbox 3158 1273 3390 1327; x_wconf 82' lang='lat' dir='ltr'><strong>libenter</strong></span> <span class='ocrx_word' id='word_1_194' title='bbox 3424 1287 3514 1326; x_wconf 85' lang='lat' dir='ltr'><strong>ac-</strong></span> 
     </span>
    </p>
   </div>
   <div class='ocr_carea' id='block_1_27' title="bbox 1921 1363 3515 1446">
    <p class='ocr_par' dir='ltr' id='par_1_27' title="bbox 1921 1363 3515 1446">
     <span class='ocr_line' id='line_1_27' title="bbox 1921 1363 3515 1446; baseline -0.009 -16"><span class='ocrx_word' id='word_1_195' title='bbox 1921 1376 2146 1446; x_wconf 89' lang='lat' dir='ltr'><strong>cipiunt.</strong></span> <span class='ocrx_word' id='word_1_196' title='bbox 2190 1374 2247 1428; x_wconf 89' lang='lat' dir='ltr'><strong>Si</strong></span> <span class='ocrx_word' id='word_1_197' title='bbox 2276 1374 2422 1428; x_wconf 90' lang='lat' dir='ltr'><strong>enim</strong></span> <span class='ocrx_word' id='word_1_198' title='bbox 2455 1371 2671 1424; x_wconf 80' lang='lat' dir='ltr'><strong>adesset</strong></span> <span class='ocrx_word' id='word_1_199' title='bbox 2700 1368 2963 1438; x_wconf 89' lang='lat' dir='ltr'><strong>pudicitia</strong></span> <span class='ocrx_word' id='word_1_200' title='bbox 2984 1407 2998 1429; x_wconf 90' lang='lat'><strong>,</strong></span> <span class='ocrx_word' id='word_1_201' title='bbox 3036 1378 3212 1433; x_wconf 85' lang='lat' dir='ltr'><strong>neque</strong></span> <span class='ocrx_word' id='word_1_202' title='bbox 3241 1363 3515 1416; x_wconf 75' lang='lat' dir='ltr'><strong>iuraretur</strong></span> 
     </span>
    </p>
   </div>
   <div class='ocr_carea' id='block_1_28' title="bbox 1919 1461 3514 1537">
    <p class='ocr_par' dir='ltr' id='par_1_28' title="bbox 1919 1461 3514 1537">
     <span class='ocr_line' id='line_1_28' title="bbox 1919 1461 3514 1537; baseline -0.011 -16"><span class='ocrx_word' id='word_1_203' title='bbox 1919 1469 2042 1537; x_wconf 87' lang='lat' dir='ltr'><strong>quis</strong></span> <span class='ocrx_word' id='word_1_204' title='bbox 2067 1509 2082 1532; x_wconf 94' lang='lat'><strong>,</strong></span> <span class='ocrx_word' id='word_1_205' title='bbox 2110 1479 2291 1534; x_wconf 86' lang='lat' dir='ltr'><strong>neque</strong></span> <span class='ocrx_word' id='word_1_206' title='bbox 2314 1461 2586 1518; x_wconf 90' lang='lat' dir='ltr'><strong>occideret</strong></span> <span class='ocrx_word' id='word_1_207' title='bbox 2628 1461 2824 1531; x_wconf 84' lang='lat' dir='ltr'><strong>aliquis</strong></span> <span class='ocrx_word' id='word_1_208' title='bbox 2846 1499 2862 1525; x_wconf 93' lang='lat'><strong>,</strong></span> <span class='ocrx_word' id='word_1_209' title='bbox 2896 1465 3106 1511; x_wconf 85' lang='lat' dir='ltr'><strong>amaret</strong></span> <span class='ocrx_word' id='word_1_210' title='bbox 3135 1466 3316 1509; x_wconf 88' lang='lat' dir='ltr'><strong>autem</strong></span> <span class='ocrx_word' id='word_1_211' title='bbox 3339 1464 3393 1506; x_wconf 88' lang='lat' dir='ltr'><strong>et</strong></span> <span class='ocrx_word' id='word_1_212' title='bbox 3414 1468 3514 1523; x_wconf 82' lang='lat' dir='ltr'><strong>pa-</strong></span> 
     </span>
    </p>
   </div>
   <div class='ocr_carea' id='block_1_29' title="bbox 1922 1541 3516 1620">
    <p class='ocr_par' dir='ltr' id='par_1_29' title="bbox 1922 1541 3516 1620">
     <span class='ocr_line' id='line_1_29' title="bbox 1922 1541 3516 1620; baseline -0.009 -10"><span class='ocrx_word' id='word_1_213' title='bbox 1922 1559 2023 1611; x_wconf 88' lang='lat' dir='ltr'><strong>tris</strong></span> <span class='ocrx_word' id='word_1_214' title='bbox 2051 1556 2251 1610; x_wconf 89' lang='lat' dir='ltr'><strong>monita</strong></span> <span class='ocrx_word' id='word_1_215' title='bbox 2281 1554 2440 1608; x_wconf 86' lang='lat' dir='ltr'><strong>lilius.</strong></span> <span class='ocrx_word' id='word_1_216' title='bbox 2477 1551 2668 1605; x_wconf 79' lang='lat' dir='ltr'><strong>Divina</strong></span> <span class='ocrx_word' id='word_1_217' title='bbox 2710 1547 2982 1620; x_wconf 86' lang='lat' dir='ltr'><strong>possessio</strong></span> <span class='ocrx_word' id='word_1_218' title='bbox 3012 1546 3114 1600; x_wconf 90' lang='lat' dir='ltr'><strong>ista</strong></span> <span class='ocrx_word' id='word_1_219' title='bbox 3137 1588 3151 1610; x_wconf 90' lang='lat'><strong>,</strong></span> <span class='ocrx_word' id='word_1_220' title='bbox 3179 1544 3274 1599; x_wconf 86' lang='lat' dir='ltr'><strong>sed</strong></span> <span class='ocrx_word' id='word_1_221' title='bbox 3300 1541 3516 1596; x_wconf 80' lang='lat' dir='ltr'><strong>diilicile</strong></span> 
     </span>
    </p>
   </div>
   <div class='ocr_carea' id='block_1_30' title="bbox 1919 1638 3518 1714">
    <p class='ocr_par' dir='ltr' id='par_1_30' title="bbox 1919 1638 3518 1714">
     <span class='ocr_line' id='line_1_30' title="bbox 1919 1638 3518 1714; baseline -0.011 -10"><span class='ocrx_word' id='word_1_222' title='bbox 1919 1651 2222 1706; x_wconf 84' lang='lat' dir='ltr'><strong>invenitur.</strong></span> <span class='ocrx_word' id='word_1_223' title='bbox 2257 1646 2360 1714; x_wconf 85' lang='lat' dir='ltr'><strong>Qui</strong></span> <span class='ocrx_word' id='word_1_224' title='bbox 2398 1655 2578 1699; x_wconf 89' lang='lat' dir='ltr'><strong>autem</strong></span> <span class='ocrx_word' id='word_1_225' title='bbox 2607 1642 2718 1711; x_wconf 88' lang='lat' dir='ltr'><strong>jam</strong></span> <span class='ocrx_word' id='word_1_226' title='bbox 2763 1640 2965 1696; x_wconf 84' lang='lat' dir='ltr'><strong>habent</strong></span> <span class='ocrx_word' id='word_1_227' title='bbox 3012 1638 3189 1699; x_wconf 87' lang='lat' dir='ltr'><strong>illam,</strong></span> <span class='ocrx_word' id='word_1_228' title='bbox 3223 1650 3342 1706; x_wconf 75' lang='lat' dir='ltr'><strong>qua:</strong></span> <span class='ocrx_word' id='word_1_229' title='bbox 3393 1643 3518 1704; x_wconf 93' lang='lat' dir='ltr'><strong>post</strong></span> 
     </span>
    </p>
   </div>
   <div class='ocr_carea' id='block_1_31' title="bbox 1922 1727 3516 1797">
    <p class='ocr_par' dir='ltr' id='par_1_31' title="bbox 1922 1727 3516 1797">
     <span class='ocr_line' id='line_1_31' title="bbox 1922 1727 3516 1797; baseline -0.011 -1"><span class='ocrx_word' id='word_1_230' title='bbox 1922 1741 2374 1797; x_wconf 85' lang='lat' dir='ltr'><strong>resurrectionem</strong></span> <span class='ocrx_word' id='word_1_231' title='bbox 2405 1737 2588 1792; x_wconf 77' lang='lat' dir='ltr'><strong>futura</strong></span> <span class='ocrx_word' id='word_1_232' title='bbox 2634 1745 2718 1789; x_wconf 88' lang='lat' dir='ltr'><strong>est</strong></span> <span class='ocrx_word' id='word_1_233' title='bbox 2753 1729 3138 1789; x_wconf 78' lang='lat' dir='ltr'><strong>conversatio?</strong></span> <span class='ocrx_word' id='word_1_234' title='bbox 3195 1727 3336 1784; x_wconf 88' lang='lat' dir='ltr'><strong>Dicit</strong></span> <span class='ocrx_word' id='word_1_235' title='bbox 3369 1727 3516 1784; x_wconf 88' lang='lat' dir='ltr'><strong>enim</strong></span> 
     </span>
    </p>
   </div>
   <div class='ocr_carea' id='block_1_32' title="bbox 1925 1825 3517 1905">
    <p class='ocr_par' dir='ltr' id='par_1_32' title="bbox 1925 1825 3517 1905">
     <span class='ocr_line' id='line_1_32' title="bbox 1925 1825 3517 1905; baseline -0.009 -17"><span class='ocrx_word' id='word_1_236' title='bbox 1925 1837 2093 1905; x_wconf 88' lang='lat' dir='ltr'><strong>ipsius</strong></span> <span class='ocrx_word' id='word_1_237' title='bbox 2127 1834 2275 1903; x_wconf 91' lang='lat' dir='ltr'><strong>regni</strong></span> <span class='ocrx_word' id='word_1_238' title='bbox 2313 1833 2574 1888; x_wconf 85' lang='lat' dir='ltr'><strong>Dominus</strong></span> <span class='ocrx_word' id='word_1_239' title='bbox 2610 1841 2664 1883; x_wconf 92' lang='lat' dir='ltr'><strong>et</strong></span> <span class='ocrx_word' id='word_1_240' title='bbox 2700 1836 3062 1898; x_wconf 88' lang='lat' dir='ltr'><strong>apportator:</strong></span> <span class='ocrx_word' id='word_1_241' title='bbox 3102 1825 3410 1895; x_wconf 82' lang='lat' dir='ltr'><strong>Quicunque</strong></span> <span class='ocrx_word' id='word_1_242' title='bbox 3436 1839 3517 1875; x_wconf 84' lang='lat' dir='ltr'><strong>re-</strong></span> 
     </span>
    </p>
   </div>
   <div class='ocr_carea' id='block_1_33' title="bbox 227 1918 3516 1992">
    <p class='ocr_par' dir='ltr' id='par_1_33' title="bbox 227 1918 3516 1992">
     <span class='ocr_line' id='line_1_33' title="bbox 227 1918 3516 1992; baseline -0 -18"><span class='ocrx_word' id='word_1_243' title='bbox 227 1923 374 1977; x_wconf 84' lang='lat' dir='ltr'><strong>enim</strong></span> <span class='ocrx_word' id='word_1_244' title='bbox 405 1923 570 1975; x_wconf 88' lang='lat' dir='ltr'><strong>etiam</strong></span> <span class='ocrx_word' id='word_1_245' title='bbox 617 1923 838 1976; x_wconf 90' lang='lat' dir='ltr'><strong>odorem</strong></span> <span class='ocrx_word' id='word_1_246' title='bbox 872 1931 1138 1976; x_wconf 80' lang='lat' dir='ltr'><strong>excusant</strong></span> <span class='ocrx_word' id='word_1_247' title='bbox 1167 1932 1222 1976; x_wconf 92' lang='lat' dir='ltr'><strong>et</strong></span> <span class='ocrx_word' id='word_1_248' title='bbox 1266 1922 1520 1986; x_wconf 82' lang='lat' dir='ltr'><strong>unguenti</strong></span> <span class='ocrx_word' id='word_1_249' title='bbox 1546 1921 1812 1987; x_wconf 81' lang='lat' dir='ltr'><strong>nidorem,</strong></span> <span class='ocrx_word' id='word_1_250' title='bbox 1846 1923 1888 1977; x_wconf 90' lang='grc' dir='ltr'>Β</span> <span class='ocrx_word' id='word_1_251' title='bbox 1923 1930 2268 1984; x_wconf 71' lang='grc' dir='ltr'><strong>δαννεειὶοηὶε</strong></span> <span class='ocrx_word' id='word_1_252' title='bbox 2311 1935 2636 1980; x_wconf 78' lang='lat' dir='ltr'><strong>mortuorum</strong></span> <span class='ocrx_word' id='word_1_253' title='bbox 2680 1922 2825 1992; x_wconf 82' lang='lat' dir='ltr'><strong>digni</strong></span> <span class='ocrx_word' id='word_1_254' title='bbox 2855 1921 3086 1992; x_wconf 82' lang='lat' dir='ltr'><strong>fuerint,</strong></span> <span class='ocrx_word' id='word_1_255' title='bbox 3127 1933 3234 1972; x_wconf 85' lang='lat' dir='ltr'><strong>non</strong></span> <span class='ocrx_word' id='word_1_256' title='bbox 3274 1918 3516 1979; x_wconf 72' lang='lat' dir='ltr'><strong>nubunt.</strong></span> 
     </span>
    </p>
   </div>
   <div class='ocr_carea' id='block_1_34' title="bbox 225 2010 1823 2083">
    <p class='ocr_par' dir='ltr' id='par_1_34' title="bbox 225 2010 1823 2083">
     <span class='ocr_line' id='line_1_34' title="bbox 225 2010 1823 2083; baseline -0.001 -16"><span class='ocrx_word' id='word_1_257' title='bbox 225 2023 283 2067; x_wconf 93' lang='lat' dir='ltr'><strong>et</strong></span> <span class='ocrx_word' id='word_1_258' title='bbox 327 2014 542 2070; x_wconf 86' lang='lat' dir='ltr'><strong>itineris</strong></span> <span class='ocrx_word' id='word_1_259' title='bbox 595 2022 820 2078; x_wconf 88' lang='lat' dir='ltr'><strong>motum,</strong></span> <span class='ocrx_word' id='word_1_260' title='bbox 851 2022 904 2068; x_wconf 90' lang='lat' dir='ltr'><strong>et</strong></span> <span class='ocrx_word' id='word_1_261' title='bbox 951 2029 1157 2078; x_wconf 85' lang='lat' dir='ltr'><strong>escam,</strong></span> <span class='ocrx_word' id='word_1_262' title='bbox 1187 2021 1242 2068; x_wconf 91' lang='lat' dir='ltr'><strong>et</strong></span> <span class='ocrx_word' id='word_1_263' title='bbox 1275 2013 1585 2083; x_wconf 81' lang='lat' dir='ltr'><strong>lridgorem,</strong></span> <span class='ocrx_word' id='word_1_264' title='bbox 1610 2022 1662 2066; x_wconf 88' lang='lat' dir='ltr'><strong>et</strong></span> <span class='ocrx_word' id='word_1_265' title='bbox 1683 2010 1823 2067; x_wconf 55' lang='lat' dir='ltr'><strong>calce</strong></span> 
     </span>
    </p>
   </div>
   <div class='ocr_carea' id='block_1_35' title="bbox 227 2102 1818 2174">
    <p class='ocr_par' dir='ltr' id='par_1_35' title="bbox 227 2102 1818 2174">
     <span class='ocr_line' id='line_1_35' title="bbox 227 2102 1818 2174; baseline -0.001 -14"><span class='ocrx_word' id='word_1_266' title='bbox 227 2120 370 2160; x_wconf 87' lang='lat' dir='ltr'><strong>rem.</strong></span> <span class='ocrx_word' id='word_1_267' title='bbox 398 2105 589 2161; x_wconf 83' lang='lat' dir='ltr'><strong>Omnia</strong></span> <span class='ocrx_word' id='word_1_268' title='bbox 620 2106 764 2160; x_wconf 89' lang='lat' dir='ltr'><strong>enim</strong></span> <span class='ocrx_word' id='word_1_269' title='bbox 811 2104 892 2159; x_wconf 90' lang='lat' dir='ltr'><strong>eis</strong></span> <span class='ocrx_word' id='word_1_270' title='bbox 931 2112 1127 2162; x_wconf 90' lang='lat' dir='ltr'><strong>nocent</strong></span> <span class='ocrx_word' id='word_1_271' title='bbox 1186 2105 1277 2174; x_wconf 89' lang='lat' dir='ltr'><strong>qui</strong></span> <span class='ocrx_word' id='word_1_272' title='bbox 1334 2105 1474 2158; x_wconf 87' lang='lat' dir='ltr'><strong>male</strong></span> <span class='ocrx_word' id='word_1_273' title='bbox 1501 2119 1560 2157; x_wconf 87' lang='lat' dir='ltr'><strong>se</strong></span> <span class='ocrx_word' id='word_1_274' title='bbox 1597 2102 1818 2158; x_wconf 80' lang='lat' dir='ltr'><strong>habent.</strong></span> 
     </span>
    </p>
   </div>
   <div class='ocr_carea' id='block_1_36' title="bbox 225 2195 1819 2268">
    <p class='ocr_par' dir='ltr' id='par_1_36' title="bbox 225 2195 1819 2268">
     <span class='ocr_line' id='line_1_36' title="bbox 225 2195 1819 2268; baseline -0.004 -12"><span class='ocrx_word' id='word_1_275' title='bbox 225 2199 421 2256; x_wconf 87' lang='lat' dir='ltr'><strong>Omnia</strong></span> <span class='ocrx_word' id='word_1_276' title='bbox 453 2208 630 2253; x_wconf 88' lang='lat' dir='ltr'><strong>autem</strong></span> <span class='ocrx_word' id='word_1_277' title='bbox 650 2199 972 2267; x_wconf 88' lang='lat' dir='ltr'><strong>prosuntbis</strong></span> <span class='ocrx_word' id='word_1_278' title='bbox 987 2199 1077 2268; x_wconf 94' lang='lat' dir='ltr'><strong>qui</strong></span> <span class='ocrx_word' id='word_1_279' title='bbox 1110 2198 1411 2252; x_wconf 84' lang='lat' dir='ltr'><strong>incolumes</strong></span> <span class='ocrx_word' id='word_1_280' title='bbox 1431 2197 1721 2251; x_wconf 89' lang='lat' dir='ltr'><strong>habentur.</strong></span> <span class='ocrx_word' id='word_1_281' title='bbox 1743 2195 1819 2250; x_wconf 85' lang='lat' dir='ltr'><strong>Ita</strong></span> 
     </span>
    </p>
   </div>
   <div class='ocr_carea' id='block_1_37' title="bbox 224 2289 1818 2358">
    <p class='ocr_par' dir='ltr' id='par_1_37' title="bbox 224 2289 1818 2358">
     <span class='ocr_line' id='line_1_37' title="bbox 224 2289 1818 2358; baseline -0.001 -11"><span class='ocrx_word' id='word_1_282' title='bbox 224 2304 283 2347; x_wconf 90' lang='lat' dir='ltr'><strong>et</strong></span> <span class='ocrx_word' id='word_1_283' title='bbox 329 2291 671 2346; x_wconf 87' lang='lat' dir='ltr'><strong>libidinosum</strong></span> <span class='ocrx_word' id='word_1_284' title='bbox 704 2292 887 2347; x_wconf 89' lang='lat' dir='ltr'><strong>omnia</strong></span> <span class='ocrx_word' id='word_1_285' title='bbox 927 2301 1148 2346; x_wconf 89' lang='lat' dir='ltr'><strong>movent</strong></span> <span class='ocrx_word' id='word_1_286' title='bbox 1185 2291 1250 2346; x_wconf 88' lang='lat' dir='ltr'><strong>ad</strong></span> <span class='ocrx_word' id='word_1_287' title='bbox 1279 2305 1502 2354; x_wconf 84' lang='lat' dir='ltr'><strong>noxam,</strong></span> <span class='ocrx_word' id='word_1_288' title='bbox 1539 2297 1594 2346; x_wconf 91' lang='lat' dir='ltr'><strong>et</strong></span> <span class='ocrx_word' id='word_1_289' title='bbox 1620 2289 1818 2358; x_wconf 87' lang='lat' dir='ltr'><strong>vultus,</strong></span> 
     </span>
    </p>
   </div>
   <div class='ocr_carea' id='block_1_38' title="bbox 227 2383 1820 2454">
    <p class='ocr_par' dir='ltr' id='par_1_38' title="bbox 227 2383 1820 2454">
     <span class='ocr_line' id='line_1_38' title="bbox 227 2383 1820 2454; baseline -0.002 -15"><span class='ocrx_word' id='word_1_290' title='bbox 227 2395 284 2439; x_wconf 87' lang='lat' dir='ltr'><strong>et</strong></span> <span class='ocrx_word' id='word_1_291' title='bbox 314 2383 681 2454; x_wconf 87' lang='lat' dir='ltr'><strong>pulchritudo,</strong></span> <span class='ocrx_word' id='word_1_292' title='bbox 715 2395 771 2439; x_wconf 93' lang='lat' dir='ltr'><strong>et</strong></span> <span class='ocrx_word' id='word_1_293' title='bbox 818 2385 1146 2452; x_wconf 88' lang='lat' dir='ltr'><strong>compositio</strong></span> <span class='ocrx_word' id='word_1_294' title='bbox 1203 2384 1470 2448; x_wconf 64' lang='lat' dir='ltr'><strong>melodiae,</strong></span> <span class='ocrx_word' id='word_1_295' title='bbox 1509 2394 1564 2438; x_wconf 92' lang='lat' dir='ltr'><strong>et</strong></span> <span class='ocrx_word' id='word_1_296' title='bbox 1586 2383 1820 2439; x_wconf 85' lang='lat' dir='ltr'><strong>vestium</strong></span> 
     </span>
    </p>
   </div>
   <div class='ocr_carea' id='block_1_39' title="bbox 229 2474 1820 2548">
    <p class='ocr_par' dir='ltr' id='par_1_39' title="bbox 229 2474 1820 2548">
     <span class='ocr_line' id='line_1_39' title="bbox 229 2474 1820 2548; baseline -0.002 -16"><span class='ocrx_word' id='word_1_297' title='bbox 229 2481 488 2544; x_wconf 86' lang='lat' dir='ltr'><strong>varietas,</strong></span> <span class='ocrx_word' id='word_1_298' title='bbox 517 2489 573 2534; x_wconf 92' lang='lat' dir='ltr'><strong>et</strong></span> <span class='ocrx_word' id='word_1_299' title='bbox 618 2479 792 2533; x_wconf 80' lang='lat' dir='ltr'><strong>honor</strong></span> <span class='ocrx_word' id='word_1_300' title='bbox 816 2478 1060 2548; x_wconf 86' lang='lat' dir='ltr'><strong>quidam,</strong></span> <span class='ocrx_word' id='word_1_301' title='bbox 1080 2487 1136 2533; x_wconf 89' lang='lat' dir='ltr'><strong>et</strong></span> <span class='ocrx_word' id='word_1_302' title='bbox 1175 2477 1315 2532; x_wconf 89' lang='lat' dir='ltr'><strong>bona</strong></span> <span class='ocrx_word' id='word_1_303' title='bbox 1350 2491 1512 2546; x_wconf 81' lang='lat' dir='ltr'><strong>Opera</strong></span> <span class='ocrx_word' id='word_1_304' title='bbox 1558 2476 1624 2530; x_wconf 92' lang='lat' dir='ltr'><strong>ad</strong></span> <span class='ocrx_word' id='word_1_305' title='bbox 1681 2474 1820 2530; x_wconf 86' lang='lat' dir='ltr'><strong>mala</strong></span> 
     </span>
    </p>
   </div>
   <div class='ocr_carea' id='block_1_40' title="bbox 231 2570 1816 2636">
    <p class='ocr_par' dir='ltr' id='par_1_40' title="bbox 231 2570 1816 2636">
     <span class='ocr_line' id='line_1_40' title="bbox 231 2570 1816 2636; baseline -0.002 -11"><span class='ocrx_word' id='word_1_306' title='bbox 231 2571 633 2627; x_wconf 79' lang='lat' dir='ltr'><strong>transferuntur</strong></span> <span class='ocrx_word' id='word_1_307' title='bbox 654 2571 724 2626; x_wconf 92' lang='lat' dir='ltr'><strong>ei.</strong></span> <span class='ocrx_word' id='word_1_308' title='bbox 747 2571 848 2636; x_wconf 86' lang='lat' dir='ltr'><strong>Qui</strong></span> <span class='ocrx_word' id='word_1_309' title='bbox 885 2579 1064 2624; x_wconf 88' lang='lat' dir='ltr'><strong>autem</strong></span> <span class='ocrx_word' id='word_1_310' title='bbox 1100 2570 1312 2624; x_wconf 87' lang='lat' dir='ltr'><strong>sobrius</strong></span> <span class='ocrx_word' id='word_1_311' title='bbox 1337 2578 1441 2635; x_wconf 87' lang='lat' dir='ltr'><strong>est,</strong></span> <span class='ocrx_word' id='word_1_312' title='bbox 1465 2585 1527 2624; x_wconf 89' lang='lat' dir='ltr'><strong>ex</strong></span> <span class='ocrx_word' id='word_1_313' title='bbox 1559 2570 1816 2634; x_wconf 86' lang='lat' dir='ltr'><strong>adverso;</strong></span> 
     </span>
    </p>
   </div>
   <div class='ocr_carea' id='block_1_41' title="bbox 228 2662 1823 2735">
    <p class='ocr_par' dir='ltr' id='par_1_41' title="bbox 228 2662 1823 2735">
     <span class='ocr_line' id='line_1_41' title="bbox 228 2662 1823 2735; baseline 0.001 -21"><span class='ocrx_word' id='word_1_314' title='bbox 228 2664 356 2735; x_wconf 81' lang='lat' dir='ltr'><strong>qnla</strong></span> <span class='ocrx_word' id='word_1_315' title='bbox 388 2673 444 2719; x_wconf 91' lang='lat' dir='ltr'><strong>et</strong></span> <span class='ocrx_word' id='word_1_316' title='bbox 495 2666 766 2718; x_wconf 85' lang='lat' dir='ltr'><strong>contraria</strong></span> <span class='ocrx_word' id='word_1_317' title='bbox 809 2663 882 2716; x_wconf 91' lang='lat' dir='ltr'><strong>illi</strong></span> <span class='ocrx_word' id='word_1_318' title='bbox 915 2673 1064 2726; x_wconf 89' lang='lat' dir='ltr'><strong>sunt,</strong></span> <span class='ocrx_word' id='word_1_319' title='bbox 1091 2676 1121 2715; x_wconf 85' lang='lat' dir='ltr'><strong>a</strong></span> <span class='ocrx_word' id='word_1_320' title='bbox 1169 2663 1326 2718; x_wconf 89' lang='lat' dir='ltr'><strong>bouis</strong></span> <span class='ocrx_word' id='word_1_321' title='bbox 1365 2665 1509 2718; x_wconf 91' lang='lat' dir='ltr'><strong>enim</strong></span> <span class='ocrx_word' id='word_1_322' title='bbox 1557 2663 1696 2718; x_wconf 86' lang='lat' dir='ltr'><strong>bona</strong></span> <span class='ocrx_word' id='word_1_323' title='bbox 1728 2662 1823 2716; x_wconf 89' lang='lat' dir='ltr'><strong>de-</strong></span> 
     </span>
    </p>
   </div>
   <div class='ocr_carea' id='block_1_42' title="bbox 231 2754 1822 2828">
    <p class='ocr_par' dir='ltr' id='par_1_42' title="bbox 231 2754 1822 2828">
     <span class='ocr_line' id='line_1_42' title="bbox 231 2754 1822 2828; baseline -0.002 -17"><span class='ocrx_word' id='word_1_324' title='bbox 231 2770 480 2828; x_wconf 78' lang='lat' dir='ltr'><strong>cerpens,</strong></span> <span class='ocrx_word' id='word_1_325' title='bbox 505 2757 656 2812; x_wconf 84' lang='lat' dir='ltr'><strong>dives</strong></span> <span class='ocrx_word' id='word_1_326' title='bbox 687 2756 739 2810; x_wconf 92' lang='lat' dir='ltr'><strong>in</strong></span> <span class='ocrx_word' id='word_1_327' title='bbox 763 2755 919 2812; x_wconf 87' lang='lat' dir='ltr'><strong>bonis</strong></span> <span class='ocrx_word' id='word_1_328' title='bbox 947 2766 1049 2810; x_wconf 86' lang='lat' dir='ltr'><strong>est.</strong></span> <span class='ocrx_word' id='word_1_329' title='bbox 1082 2754 1159 2810; x_wconf 90' lang='lat' dir='ltr'><strong>lta</strong></span> <span class='ocrx_word' id='word_1_330' title='bbox 1189 2772 1319 2827; x_wconf 89' lang='lat' dir='ltr'><strong>ergo</strong></span> <span class='ocrx_word' id='word_1_331' title='bbox 1345 2757 1582 2826; x_wconf 84' lang='lat' dir='ltr'><strong>pretiosa</strong></span> <span class='ocrx_word' id='word_1_332' title='bbox 1609 2765 1696 2810; x_wconf 90' lang='lat' dir='ltr'><strong>est</strong></span> <span class='ocrx_word' id='word_1_333' title='bbox 1724 2770 1822 2824; x_wconf 92' lang='lat' dir='ltr'><strong>pu-</strong></span> 
     </span>
    </p>
   </div>
   <div class='ocr_carea' id='block_1_43' title="bbox 233 2847 1816 2920">
    <p class='ocr_par' dir='ltr' id='par_1_43' title="bbox 233 2847 1816 2920">
     <span class='ocr_line' id='line_1_43' title="bbox 233 2847 1816 2920; baseline -0.001 -16"><span class='ocrx_word' id='word_1_334' title='bbox 233 2849 442 2914; x_wconf 83' lang='lat' dir='ltr'><strong>dicitia,</strong></span> <span class='ocrx_word' id='word_1_335' title='bbox 464 2849 612 2920; x_wconf 91' lang='lat' dir='ltr'><strong>quia,</strong></span> <span class='ocrx_word' id='word_1_336' title='bbox 632 2850 758 2903; x_wconf 91' lang='lat' dir='ltr'><strong>dum</strong></span> <span class='ocrx_word' id='word_1_337' title='bbox 791 2849 964 2914; x_wconf 80' lang='lat' dir='ltr'><strong>adest,</strong></span> <span class='ocrx_word' id='word_1_338' title='bbox 992 2849 1288 2919; x_wconf 63' lang='lat' dir='ltr'><strong>etjustitia</strong></span> <span class='ocrx_word' id='word_1_339' title='bbox 1315 2858 1588 2919; x_wconf 71' lang='lat' dir='ltr'><strong>praeparat</strong></span> <span class='ocrx_word' id='word_1_340' title='bbox 1615 2847 1816 2915; x_wconf 92' lang='lat' dir='ltr'><strong>locum,</strong></span> 
     </span>
    </p>
   </div>
   <div class='ocr_carea' id='block_1_44' title="bbox 232 2940 1817 3013">
    <p class='ocr_par' dir='ltr' id='par_1_44' title="bbox 232 2940 1817 3013">
     <span class='ocr_line' id='line_1_44' title="bbox 232 2940 1817 3013; baseline 0.001 -18"><span class='ocrx_word' id='word_1_341' title='bbox 232 2940 328 2996; x_wconf 83' lang='lat' dir='ltr'><strong>dat</strong></span> <span class='ocrx_word' id='word_1_342' title='bbox 355 2940 518 2996; x_wconf 88' lang='lat' dir='ltr'><strong>etiam</strong></span> <span class='ocrx_word' id='word_1_343' title='bbox 535 2943 764 3010; x_wconf 87' lang='lat' dir='ltr'><strong>spatium</strong></span> <span class='ocrx_word' id='word_1_344' title='bbox 796 2952 851 2995; x_wconf 87' lang='lat' dir='ltr'><strong>et</strong></span> <span class='ocrx_word' id='word_1_345' title='bbox 875 2943 1060 2996; x_wconf 88' lang='lat' dir='ltr'><strong>virtuti</strong></span> <span class='ocrx_word' id='word_1_346' title='bbox 1084 2961 1096 2996; x_wconf 91' lang='lat'>:</span> <span class='ocrx_word' id='word_1_347' title='bbox 1121 2941 1455 2997; x_wconf 88' lang='lat' dir='ltr'><strong>intellectum</strong></span> <span class='ocrx_word' id='word_1_348' title='bbox 1474 2953 1654 2996; x_wconf 90' lang='lat' dir='ltr'><strong>autem</strong></span> <span class='ocrx_word' id='word_1_349' title='bbox 1672 2941 1817 3013; x_wconf 71' lang='grc'><strong>’(49),</strong></span> 
     </span>
    </p>
   </div>
   <div class='ocr_carea' id='block_1_45' title="bbox 231 3033 1823 3106">
    <p class='ocr_par' dir='ltr' id='par_1_45' title="bbox 231 3033 1823 3106">
     <span class='ocr_line' id='line_1_45' title="bbox 231 3033 1823 3106; baseline 0.003 -21"><span class='ocrx_word' id='word_1_350' title='bbox 231 3043 296 3086; x_wconf 82' lang='grc' dir='ltr'><strong>ιιι</strong></span> <span class='ocrx_word' id='word_1_351' title='bbox 342 3033 729 3102; x_wconf 86' lang='lat' dir='ltr'><strong>interpretetur</strong></span> <span class='ocrx_word' id='word_1_352' title='bbox 752 3049 970 3103; x_wconf 87' lang='lat' dir='ltr'><strong>nomen,</strong></span> <span class='ocrx_word' id='word_1_353' title='bbox 1007 3035 1200 3090; x_wconf 85' lang='lat' dir='ltr'><strong>salvat.</strong></span> <span class='ocrx_word' id='word_1_354' title='bbox 1228 3034 1370 3105; x_wconf 85' lang='lat' dir='ltr'><strong>Ergo</strong></span> <span class='ocrx_word' id='word_1_355' title='bbox 1394 3037 1741 3106; x_wconf 88' lang='lat' dir='ltr'><strong>amplectitur</strong></span> <span class='ocrx_word' id='word_1_356' title='bbox 1767 3047 1823 3092; x_wconf 93' lang='lat' dir='ltr'><strong>et</strong></span> 
     </span>
    </p>
   </div>
   <div class='ocr_carea' id='block_1_46' title="bbox 228 3127 1822 3201">
    <p class='ocr_par' dir='ltr' id='par_1_46' title="bbox 228 3127 1822 3201">
     <span class='ocr_line' id='line_1_46' title="bbox 228 3127 1822 3201; baseline 0.004 -21"><span class='ocrx_word' id='word_1_357' title='bbox 228 3127 535 3180; x_wconf 87' lang='lat' dir='ltr'><strong>circumdat</strong></span> <span class='ocrx_word' id='word_1_358' title='bbox 563 3127 844 3193; x_wconf 81' lang='lat' dir='ltr'><strong>virtutem,</strong></span> <span class='ocrx_word' id='word_1_359' title='bbox 864 3139 920 3184; x_wconf 90' lang='lat' dir='ltr'><strong>ct</strong></span> <span class='ocrx_word' id='word_1_360' title='bbox 944 3129 1087 3184; x_wconf 91' lang='lat' dir='ltr'><strong>sicut</strong></span> <span class='ocrx_word' id='word_1_361' title='bbox 1117 3138 1290 3184; x_wconf 87' lang='lat' dir='ltr'><strong>mater</strong></span> <span class='ocrx_word' id='word_1_362' title='bbox 1327 3131 1572 3200; x_wconf 59' lang='lat' dir='ltr'><strong>quaedam</strong></span> <span class='ocrx_word' id='word_1_363' title='bbox 1605 3131 1822 3201; x_wconf 86' lang='lat' dir='ltr'><strong>pietatis</strong></span> 
     </span>
    </p>
   </div>
   <div class='ocr_carea' id='block_1_47' title="bbox 231 3217 1821 3293">
    <p class='ocr_par' dir='ltr' id='par_1_47' title="bbox 231 3217 1821 3293">
     <span class='ocr_line' id='line_1_47' title="bbox 231 3217 1821 3293; baseline 0.004 -21"><span class='ocrx_word' id='word_1_364' title='bbox 231 3217 466 3274; x_wconf 79' lang='lat' dir='ltr'><strong>elilcitnr</strong></span> <span class='ocrx_word' id='word_1_365' title='bbox 521 3221 804 3276; x_wconf 82' lang='lat' dir='ltr'><strong>fratribus.</strong></span> <span class='ocrx_word' id='word_1_366' title='bbox 846 3221 996 3276; x_wconf 88' lang='lat' dir='ltr'><strong>Bona</strong></span> <span class='ocrx_word' id='word_1_367' title='bbox 1038 3222 1256 3293; x_wconf 91' lang='lat' dir='ltr'><strong>quidem</strong></span> <span class='ocrx_word' id='word_1_368' title='bbox 1303 3233 1388 3278; x_wconf 83' lang='lat' dir='ltr'><strong>est</strong></span> <span class='ocrx_word' id='word_1_369' title='bbox 1426 3222 1642 3280; x_wconf 89' lang='lat' dir='ltr'><strong>virtutis</strong></span> <span class='ocrx_word' id='word_1_370' title='bbox 1671 3223 1821 3280; x_wconf 78' lang='lat' dir='ltr'><strong>forti-</strong></span> 
     </span>
    </p>
   </div>
   <div class='ocr_carea' id='block_1_48' title="bbox 235 3311 1819 3384">
    <p class='ocr_par' dir='ltr' id='par_1_48' title="bbox 235 3311 1819 3384">
     <span class='ocr_line' id='line_1_48' title="bbox 235 3311 1819 3384; baseline 0.006 -21"><span class='ocrx_word' id='word_1_371' title='bbox 235 3311 383 3376; x_wconf 91' lang='lat' dir='ltr'><strong>tudo,</strong></span> <span class='ocrx_word' id='word_1_372' title='bbox 419 3313 513 3367; x_wconf 84' lang='lat' dir='ltr'><strong>sed</strong></span> <span class='ocrx_word' id='word_1_373' title='bbox 553 3328 660 3368; x_wconf 92' lang='lat' dir='ltr'><strong>non</strong></span> <span class='ocrx_word' id='word_1_374' title='bbox 687 3328 909 3384; x_wconf 78' lang='lat' dir='ltr'><strong>semper</strong></span> <span class='ocrx_word' id='word_1_375' title='bbox 936 3328 1057 3368; x_wconf 91' lang='lat' dir='ltr'><strong>eam</strong></span> <span class='ocrx_word' id='word_1_376' title='bbox 1101 3316 1466 3370; x_wconf 82' lang='lat' dir='ltr'><strong>necessariam</strong></span> <span class='ocrx_word' id='word_1_377' title='bbox 1513 3315 1819 3381; x_wconf 85' lang='lat' dir='ltr'><strong>habemus;</strong></span> 
     </span>
    </p>
   </div>
   <div class='ocr_carea' id='block_1_49' title="bbox 231 3398 1822 3471">
    <p class='ocr_par' dir='ltr' id='par_1_49' title="bbox 231 3398 1822 3471">
     <span class='ocr_line' id='line_1_49' title="bbox 231 3398 1822 3471; baseline 0.004 -16"><span class='ocrx_word' id='word_1_378' title='bbox 231 3398 376 3459; x_wconf 75' lang='lat' dir='ltr'><strong>forte</strong></span> <span class='ocrx_word' id='word_1_379' title='bbox 399 3411 579 3458; x_wconf 90' lang='lat' dir='ltr'><strong>autem</strong></span> <span class='ocrx_word' id='word_1_380' title='bbox 617 3403 827 3458; x_wconf 84' lang='lat' dir='ltr'><strong>audebo</strong></span> <span class='ocrx_word' id='word_1_381' title='bbox 849 3414 904 3459; x_wconf 86' lang='lat' dir='ltr'><strong>et</strong></span> <span class='ocrx_word' id='word_1_382' title='bbox 928 3405 1110 3460; x_wconf 87' lang='lat' dir='ltr'><strong>dicere</strong></span> <span class='ocrx_word' id='word_1_383' title='bbox 1140 3424 1152 3460; x_wconf 93' lang='lat'><strong>:</strong></span> <span class='ocrx_word' id='word_1_384' title='bbox 1181 3405 1400 3463; x_wconf 87' lang='lat' dir='ltr'><strong>Utinam</strong></span> <span class='ocrx_word' id='word_1_385' title='bbox 1426 3423 1533 3462; x_wconf 92' lang='lat' dir='ltr'><strong>non</strong></span> <span class='ocrx_word' id='word_1_386' title='bbox 1571 3410 1822 3471; x_wconf 88' lang='lat' dir='ltr'><strong>eam,sed</strong></span> 
     </span>
    </p>
   </div>
   <div class='ocr_carea' id='block_1_50' title="bbox 232 3493 1822 3567">
    <p class='ocr_par' dir='ltr' id='par_1_50' title="bbox 232 3493 1822 3567">
     <span class='ocr_line' id='line_1_50' title="bbox 232 3493 1822 3567; baseline 0.003 -18"><span class='ocrx_word' id='word_1_387' title='bbox 232 3507 391 3564; x_wconf 88' lang='lat' dir='ltr'><strong>opus.</strong></span> <span class='ocrx_word' id='word_1_388' title='bbox 421 3493 479 3548; x_wconf 88' lang='lat' dir='ltr'><strong>Si</strong></span> <span class='ocrx_word' id='word_1_389' title='bbox 513 3495 640 3565; x_wconf 86' lang='lat' dir='ltr'><strong>quis</strong></span> <span class='ocrx_word' id='word_1_390' title='bbox 673 3496 819 3549; x_wconf 90' lang='lat' dir='ltr'><strong>enim</strong></span> <span class='ocrx_word' id='word_1_391' title='bbox 849 3511 970 3550; x_wconf 87' lang='lat' dir='ltr'><strong>eam</strong></span> <span class='ocrx_word' id='word_1_392' title='bbox 1002 3499 1297 3567; x_wconf 85' lang='lat' dir='ltr'><strong>acceperit,</strong></span> <span class='ocrx_word' id='word_1_393' title='bbox 1331 3508 1538 3553; x_wconf 86' lang='lat' dir='ltr'><strong>tantum</strong></span> <span class='ocrx_word' id='word_1_394' title='bbox 1585 3499 1638 3555; x_wconf 90' lang='lat' dir='ltr'><strong>in</strong></span> <span class='ocrx_word' id='word_1_395' title='bbox 1665 3499 1822 3555; x_wconf 86' lang='lat' dir='ltr'><strong>bellis</strong></span> 
     </span>
    </p>
   </div>
   <div class='ocr_carea' id='block_1_51' title="bbox 232 3581 1820 3658">
    <p class='ocr_par' dir='ltr' id='par_1_51' title="bbox 232 3581 1820 3658">
     <span class='ocr_line' id='line_1_51' title="bbox 232 3581 1820 3658; baseline 0.003 -20"><span class='ocrx_word' id='word_1_396' title='bbox 232 3592 319 3638; x_wconf 85' lang='lat' dir='ltr'><strong>est</strong></span> <span class='ocrx_word' id='word_1_397' title='bbox 346 3583 514 3638; x_wconf 87' lang='lat' dir='ltr'><strong>utilis.</strong></span> <span class='ocrx_word' id='word_1_398' title='bbox 543 3581 601 3637; x_wconf 91' lang='lat' dir='ltr'><strong>Si</strong></span> <span class='ocrx_word' id='word_1_399' title='bbox 626 3594 806 3637; x_wconf 83' lang='lat' dir='ltr'><strong>autem</strong></span> <span class='ocrx_word' id='word_1_400' title='bbox 833 3593 888 3638; x_wconf 90' lang='lat' dir='ltr'><strong>et</strong></span> <span class='ocrx_word' id='word_1_401' title='bbox 921 3585 974 3638; x_wconf 90' lang='lat' dir='ltr'><strong>in</strong></span> <span class='ocrx_word' id='word_1_402' title='bbox 1007 3599 1142 3658; x_wconf 78' lang='lat' dir='ltr'><strong>pace</strong></span> <span class='ocrx_word' id='word_1_403' title='bbox 1163 3588 1471 3641; x_wconf 85' lang='lat' dir='ltr'><strong>necessaria</strong></span> <span class='ocrx_word' id='word_1_404' title='bbox 1503 3597 1590 3643; x_wconf 90' lang='lat' dir='ltr'><strong>est</strong></span> <span class='ocrx_word' id='word_1_405' title='bbox 1626 3588 1820 3654; x_wconf 87' lang='lat' dir='ltr'><strong>virtus,</strong></span> 
     </span>
    </p>
   </div>
   <div class='ocr_carea' id='block_1_52' title="bbox 236 3673 1823 3753">
    <p class='ocr_par' dir='ltr' id='par_1_52' title="bbox 236 3673 1823 3753">
     <span class='ocr_line' id='line_1_52' title="bbox 236 3673 1823 3753; baseline 0.002 -25"><span class='ocrx_word' id='word_1_406' title='bbox 236 3674 451 3753; x_wconf 41' lang='lat' dir='ltr'><strong>forteout</strong></span> <span class='ocrx_word' id='word_1_407' title='bbox 475 3673 744 3730; x_wconf 81' lang='lat' dir='ltr'><strong>coeniciat</strong></span> <span class='ocrx_word' id='word_1_408' title='bbox 775 3675 1048 3745; x_wconf 76' lang='lat' dir='ltr'><strong>pudicitia:</strong></span> <span class='ocrx_word' id='word_1_409' title='bbox 1074 3694 1087 3730; x_wconf 90' lang='lat'><strong>:</strong></span> <span class='ocrx_word' id='word_1_410' title='bbox 1113 3675 1254 3734; x_wconf 80' lang='lat' dir='ltr'><strong>forte</strong></span> <span class='ocrx_word' id='word_1_411' title='bbox 1281 3679 1423 3732; x_wconf 90' lang='lat' dir='ltr'><strong>enim</strong></span> <span class='ocrx_word' id='word_1_412' title='bbox 1451 3695 1572 3733; x_wconf 90' lang='lat' dir='ltr'><strong>cum</strong></span> <span class='ocrx_word' id='word_1_413' title='bbox 1597 3678 1823 3748; x_wconf 72' lang='lat' dir='ltr'><strong>iurgan-</strong></span> 
     </span>
    </p>
   </div>
   <div class='ocr_carea' id='block_1_53' title="bbox 235 3770 1820 3846">
    <p class='ocr_par' dir='ltr' id='par_1_53' title="bbox 235 3770 1820 3846">
     <span class='ocr_line' id='line_1_53' title="bbox 235 3770 1820 3846; baseline 0.005 -25"><span class='ocrx_word' id='word_1_414' title='bbox 235 3775 324 3823; x_wconf 86' lang='lat' dir='ltr'><strong>tur</strong></span> <span class='ocrx_word' id='word_1_415' title='bbox 377 3770 852 3840; x_wconf 62' lang='lat' dir='ltr'><strong>concupiscentiae,</strong></span> <span class='ocrx_word' id='word_1_416' title='bbox 889 3779 944 3826; x_wconf 92' lang='lat' dir='ltr'><strong>et</strong></span> <span class='ocrx_word' id='word_1_417' title='bbox 994 3772 1207 3828; x_wconf 91' lang='lat' dir='ltr'><strong>illarum</strong></span> <span class='ocrx_word' id='word_1_418' title='bbox 1257 3773 1454 3830; x_wconf 78' lang='lat' dir='ltr'><strong>ﬂuctus</strong></span> <span class='ocrx_word' id='word_1_419' title='bbox 1502 3775 1820 3846; x_wconf 90' lang='lat' dir='ltr'><strong>eriguntur,</strong></span> 
     </span>
    </p>
   </div>
   <div class='ocr_carea' id='block_1_54' title="bbox 234 3863 1820 3938">
    <p class='ocr_par' dir='ltr' id='par_1_54' title="bbox 234 3863 1820 3938">
     <span class='ocr_line' id='line_1_54' title="bbox 234 3863 1820 3938; baseline 0.005 -24"><span class='ocrx_word' id='word_1_420' title='bbox 234 3873 372 3928; x_wconf 88' lang='lat' dir='ltr'><strong>opus</strong></span> <span class='ocrx_word' id='word_1_421' title='bbox 393 3871 476 3916; x_wconf 90' lang='lat' dir='ltr'><strong>est</strong></span> <span class='ocrx_word' id='word_1_422' title='bbox 513 3871 572 3916; x_wconf 92' lang='lat' dir='ltr'><strong>ut</strong></span> <span class='ocrx_word' id='word_1_423' title='bbox 595 3863 828 3918; x_wconf 78' lang='lat' dir='ltr'><strong>viriliter</strong></span> <span class='ocrx_word' id='word_1_424' title='bbox 858 3866 1080 3921; x_wconf 83' lang='lat' dir='ltr'><strong>resistat</strong></span> <span class='ocrx_word' id='word_1_425' title='bbox 1115 3866 1396 3933; x_wconf 87' lang='lat' dir='ltr'><strong>pudicitia.</strong></span> <span class='ocrx_word' id='word_1_426' title='bbox 1435 3866 1493 3922; x_wconf 88' lang='lat' dir='ltr'><strong>Si</strong></span> <span class='ocrx_word' id='word_1_427' title='bbox 1525 3868 1692 3938; x_wconf 82' lang='lat' dir='ltr'><strong>igitur</strong></span> <span class='ocrx_word' id='word_1_428' title='bbox 1722 3870 1820 3922; x_wconf 88' lang='lat' dir='ltr'><strong>ad-</strong></span> 
     </span>
    </p>
   </div>
   <div class='ocr_carea' id='block_1_55' title="bbox 234 3952 1825 4030">
    <p class='ocr_par' dir='ltr' id='par_1_55' title="bbox 234 3952 1825 4030">
     <span class='ocr_line' id='line_1_55' title="bbox 234 3952 1825 4030; baseline 0.008 -29"><span class='ocrx_word' id='word_1_429' title='bbox 234 3952 458 4007; x_wconf 86' lang='lat' dir='ltr'><strong>veniens</strong></span> <span class='ocrx_word' id='word_1_430' title='bbox 496 3954 619 4010; x_wconf 83' lang='lat' dir='ltr'><strong>istic</strong></span> <span class='ocrx_word' id='word_1_431' title='bbox 645 3954 884 4023; x_wconf 84' lang='lat' dir='ltr'><strong>juverit,</strong></span> <span class='ocrx_word' id='word_1_432' title='bbox 920 3968 1049 4011; x_wconf 88' lang='lat' dir='ltr'><strong>tunc</strong></span> <span class='ocrx_word' id='word_1_433' title='bbox 1091 3958 1196 4011; x_wconf 91' lang='lat' dir='ltr'><strong>erit</strong></span> <span class='ocrx_word' id='word_1_434' title='bbox 1229 3960 1462 4027; x_wconf 87' lang='lat' dir='ltr'><strong>pretiosa</strong></span> <span class='ocrx_word' id='word_1_435' title='bbox 1490 3969 1548 4014; x_wconf 90' lang='lat' dir='ltr'><strong>et</strong></span> <span class='ocrx_word' id='word_1_436' title='bbox 1591 3960 1643 4013; x_wconf 92' lang='lat' dir='ltr'><strong>in</strong></span> <span class='ocrx_word' id='word_1_437' title='bbox 1693 3974 1825 4030; x_wconf 88' lang='lat' dir='ltr'><strong>pace</strong></span> 
     </span>
    </p>
   </div>
   <div class='ocr_carea' id='block_1_56' title="bbox 238 4041 1823 4121">
    <p class='ocr_par' dir='ltr' id='par_1_56' title="bbox 238 4041 1823 4121">
     <span class='ocr_line' id='line_1_56' title="bbox 238 4041 1823 4121; baseline 0.009 -30"><span class='ocrx_word' id='word_1_438' title='bbox 238 4041 428 4098; x_wconf 80' lang='lat' dir='ltr'><strong>virtus.</strong></span> <span class='ocrx_word' id='word_1_439' title='bbox 460 4041 576 4098; x_wconf 83' lang='lat' dir='ltr'><strong>Non</strong></span> <span class='ocrx_word' id='word_1_440' title='bbox 616 4047 814 4116; x_wconf 85' lang='lat' dir='ltr'><strong>quippe</strong></span> <span class='ocrx_word' id='word_1_441' title='bbox 837 4048 1184 4118; x_wconf 86' lang='lat' dir='ltr'><strong>semetipsant</strong></span> <span class='ocrx_word' id='word_1_442' title='bbox 1211 4049 1512 4116; x_wconf 87' lang='lat' dir='ltr'><strong>vindicans,</strong></span> <span class='ocrx_word' id='word_1_443' title='bbox 1545 4051 1640 4105; x_wconf 90' lang='lat' dir='ltr'><strong>sed</strong></span> <span class='ocrx_word' id='word_1_444' title='bbox 1665 4051 1823 4121; x_wconf 89' lang='lat' dir='ltr'><strong>pudi-</strong></span> 
     </span>
    </p>
   </div>
   <div class='ocr_carea' id='block_1_57' title="bbox 238 4135 1826 4212">
    <p class='ocr_par' dir='ltr' id='par_1_57' title="bbox 238 4135 1826 4212">
     <span class='ocr_line' id='line_1_57' title="bbox 238 4135 1826 4212; baseline 0.006 -24"><span class='ocrx_word' id='word_1_445' title='bbox 238 4135 380 4190; x_wconf 77' lang='lat' dir='ltr'><strong>citia:</strong></span> <span class='ocrx_word' id='word_1_446' title='bbox 414 4137 764 4206; x_wconf 80' lang='lat' dir='ltr'><strong>coatljuvans.</strong></span> <span class='ocrx_word' id='word_1_447' title='bbox 799 4139 854 4195; x_wconf 91' lang='lat' dir='ltr'><strong>Si</strong></span> <span class='ocrx_word' id='word_1_448' title='bbox 889 4150 1070 4209; x_wconf 84' lang='lat' dir='ltr'><strong>autem</strong></span> <span class='ocrx_word' id='word_1_449' title='bbox 1101 4141 1230 4195; x_wconf 90' lang='lat' dir='ltr'><strong>etin</strong></span> <span class='ocrx_word' id='word_1_450' title='bbox 1263 4141 1404 4196; x_wconf 89' lang='lat' dir='ltr'><strong>bello</strong></span> <span class='ocrx_word' id='word_1_451' title='bbox 1448 4143 1621 4198; x_wconf 87' lang='lat' dir='ltr'><strong>virtus</strong></span> <span class='ocrx_word' id='word_1_452' title='bbox 1653 4157 1826 4212; x_wconf 89' lang='lat' dir='ltr'><strong>pona-</strong></span> 
     </span>
    </p>
   </div>
   <div class='ocr_carea' id='block_1_58' title="bbox 235 4229 1823 4302">
    <p class='ocr_par' dir='ltr' id='par_1_58' title="bbox 235 4229 1823 4302">
     <span class='ocr_line' id='line_1_58' title="bbox 235 4229 1823 4302; baseline 0.006 -21"><span class='ocrx_word' id='word_1_453' title='bbox 235 4239 346 4293; x_wconf 93' lang='lat' dir='ltr'><strong>tur,</strong></span> <span class='ocrx_word' id='word_1_454' title='bbox 378 4229 720 4283; x_wconf 81' lang='lat' dir='ltr'><strong>medietatem</strong></span> <span class='ocrx_word' id='word_1_455' title='bbox 757 4233 970 4299; x_wconf 83' lang='lat' dir='ltr'><strong>generis</strong></span> <span class='ocrx_word' id='word_1_456' title='bbox 1020 4233 1269 4302; x_wconf 89' lang='lat' dir='ltr'><strong>despicit.</strong></span> <span class='ocrx_word' id='word_1_457' title='bbox 1299 4231 1556 4289; x_wconf 81' lang='lat' dir='ltr'><strong>Mulieres</strong></span> <span class='ocrx_word' id='word_1_458' title='bbox 1587 4235 1731 4289; x_wconf 90' lang='lat' dir='ltr'><strong>enim</strong></span> <span class='ocrx_word' id='word_1_459' title='bbox 1756 4235 1823 4291; x_wconf 89' lang='lat' dir='ltr'><strong>ad</strong></span> 
     </span>
    </p>
   </div>
   <div class='ocr_carea' id='block_1_59' title="bbox 235 4319 1822 4395">
    <p class='ocr_par' dir='ltr' id='par_1_59' title="bbox 235 4319 1822 4395">
     <span class='ocr_line' id='line_1_59' title="bbox 235 4319 1822 4395; baseline 0.004 -21"><span class='ocrx_word' id='word_1_460' title='bbox 235 4319 587 4389; x_wconf 66' lang='lat' dir='ltr'><strong>praliantlum</strong></span> <span class='ocrx_word' id='word_1_461' title='bbox 637 4337 912 4378; x_wconf 89' lang='lat' dir='ltr'><strong>armamus</strong></span> <span class='ocrx_word' id='word_1_462' title='bbox 969 4323 1082 4395; x_wconf 80' lang='lat'><strong>(50)</strong></span> <span class='ocrx_word' id='word_1_463' title='bbox 1111 4343 1126 4390; x_wconf 88' lang='lat'><strong>;</strong></span> <span class='ocrx_word' id='word_1_464' title='bbox 1160 4326 1418 4394; x_wconf 87' lang='lat' dir='ltr'><strong>pudicitia</strong></span> <span class='ocrx_word' id='word_1_465' title='bbox 1474 4337 1655 4382; x_wconf 89' lang='lat' dir='ltr'><strong>autem</strong></span> <span class='ocrx_word' id='word_1_466' title='bbox 1682 4338 1736 4382; x_wconf 88' lang='lat' dir='ltr'><strong>et</strong></span> <span class='ocrx_word' id='word_1_467' title='bbox 1768 4329 1822 4383; x_wconf 91' lang='lat' dir='ltr'><strong>in</strong></span> 
     </span>
    </p>
   </div>
   <div class='ocr_carea' id='block_1_60' title="bbox 233 4411 1826 4481">
    <p class='ocr_par' dir='ltr' id='par_1_60' title="bbox 233 4411 1826 4481">
     <span class='ocr_line' id='line_1_60' title="bbox 233 4411 1826 4481; baseline 0.005 -15"><span class='ocrx_word' id='word_1_468' title='bbox 233 4411 370 4466; x_wconf 82' lang='lat' dir='ltr'><strong>viris</strong></span> <span class='ocrx_word' id='word_1_469' title='bbox 415 4415 648 4481; x_wconf 86' lang='lat' dir='ltr'><strong>pretiosa</strong></span> <span class='ocrx_word' id='word_1_470' title='bbox 676 4424 779 4480; x_wconf 88' lang='lat' dir='ltr'><strong>est,</strong></span> <span class='ocrx_word' id='word_1_471' title='bbox 806 4416 990 4470; x_wconf 91' lang='lat' dir='ltr'><strong>utilior</strong></span> <span class='ocrx_word' id='word_1_472' title='bbox 1015 4426 1194 4469; x_wconf 89' lang='lat' dir='ltr'><strong>autem</strong></span> <span class='ocrx_word' id='word_1_473' title='bbox 1235 4414 1292 4472; x_wconf 87' lang='lat' dir='ltr'><strong>et</strong></span> <span class='ocrx_word' id='word_1_474' title='bbox 1323 4417 1662 4474; x_wconf 85' lang='lat' dir='ltr'><strong>mulieribus.</strong></span> <span class='ocrx_word' id='word_1_475' title='bbox 1713 4419 1826 4474; x_wconf 84' lang='lat' dir='ltr'><strong>Cur</strong></span> 
     </span>
    </p>
   </div>
   <div class='ocr_carea' id='block_1_61' title="bbox 234 4506 1824 4579">
    <p class='ocr_par' dir='ltr' id='par_1_61' title="bbox 234 4506 1824 4579">
     <span class='ocr_line' id='line_1_61' title="bbox 234 4506 1824 4579; baseline 0.006 -21"><span class='ocrx_word' id='word_1_476' title='bbox 234 4513 419 4558; x_wconf 77' lang='lat' dir='ltr'><strong>autem</strong></span> <span class='ocrx_word' id='word_1_477' title='bbox 457 4519 564 4560; x_wconf 91' lang='lat' dir='ltr'><strong>non</strong></span> <span class='ocrx_word' id='word_1_478' title='bbox 593 4506 824 4572; x_wconf 88' lang='lat' dir='ltr'><strong>dicatur,</strong></span> <span class='ocrx_word' id='word_1_479' title='bbox 862 4508 1005 4576; x_wconf 86' lang='lat' dir='ltr'><strong>quod</strong></span> <span class='ocrx_word' id='word_1_480' title='bbox 1033 4524 1219 4564; x_wconf 90' lang='lat' dir='ltr'><strong>verum</strong></span> <span class='ocrx_word' id='word_1_481' title='bbox 1244 4519 1348 4575; x_wconf 90' lang='lat' dir='ltr'><strong>est,</strong></span> <span class='ocrx_word' id='word_1_482' title='bbox 1371 4511 1495 4579; x_wconf 85' lang='lat' dir='ltr'><strong>quia</strong></span> <span class='ocrx_word' id='word_1_483' title='bbox 1531 4520 1586 4567; x_wconf 91' lang='lat' dir='ltr'><strong>et</strong></span> <span class='ocrx_word' id='word_1_484' title='bbox 1608 4512 1824 4568; x_wconf 89' lang='lat' dir='ltr'><strong>virtutis</strong></span> 
     </span>
    </p>
   </div>
   <div class='ocr_carea' id='block_1_62' title="bbox 1925 2009 3520 2091">
    <p class='ocr_par' dir='ltr' id='par_1_62' title="bbox 1925 2009 3520 2091">
     <span class='ocr_line' id='line_1_62' title="bbox 1925 2009 3520 2091; baseline -0.006 -18"><span class='ocrx_word' id='word_1_485' title='bbox 1925 2038 2086 2091; x_wconf 85' lang='lat' dir='ltr'><strong>neque</strong></span> <span class='ocrx_word' id='word_1_486' title='bbox 2124 2022 2412 2084; x_wconf 82' lang='lat' dir='ltr'><strong>nubentur,</strong></span> <span class='ocrx_word' id='word_1_487' title='bbox 2443 2019 2532 2072; x_wconf 86' lang='lat' dir='ltr'><strong>sed</strong></span> <span class='ocrx_word' id='word_1_488' title='bbox 2555 2028 2611 2071; x_wconf 85' lang='lat' dir='ltr'><strong>tu</strong></span> <span class='ocrx_word' id='word_1_489' title='bbox 2646 2015 2821 2086; x_wconf 76' lang='lat' dir='ltr'><strong>angeli</strong></span> <span class='ocrx_word' id='word_1_490' title='bbox 2856 2022 3009 2070; x_wconf 82' lang='lat' dir='ltr'><strong>erunt</strong></span> <span class='ocrx_word' id='word_1_491' title='bbox 3043 2011 3136 2066; x_wconf 87' lang='lat' dir='ltr'><strong>Dei</strong></span> <span class='ocrx_word' id='word_1_492' title='bbox 3165 2011 3234 2076; x_wconf 75' lang='lat'><strong>&quot;,</strong></span> <span class='ocrx_word' id='word_1_493' title='bbox 3260 2009 3388 2080; x_wconf 85' lang='lat' dir='ltr'><strong>quia</strong></span> <span class='ocrx_word' id='word_1_494' title='bbox 3415 2022 3520 2063; x_wconf 91' lang='lat' dir='ltr'><strong>nec</strong></span> 
     </span>
    </p>
   </div>
   <div class='ocr_carea' id='block_1_63' title="bbox 1927 2103 3514 2184">
    <p class='ocr_par' dir='ltr' id='par_1_63' title="bbox 1927 2103 3514 2184">
     <span class='ocr_line' id='line_1_63' title="bbox 1927 2103 3514 2184; baseline -0.005 -15"><span class='ocrx_word' id='word_1_495' title='bbox 1927 2115 2066 2170; x_wconf 92' lang='lat' dir='ltr'><strong>mori</strong></span> <span class='ocrx_word' id='word_1_496' title='bbox 2092 2115 2203 2184; x_wconf 86' lang='lat' dir='ltr'><strong>jam</strong></span> <span class='ocrx_word' id='word_1_497' title='bbox 2230 2121 2478 2182; x_wconf 87' lang='lat' dir='ltr'><strong>possunt.</strong></span> <span class='ocrx_word' id='word_1_498' title='bbox 2509 2110 2554 2168; x_wconf 89' lang='grc'>0</span> <span class='ocrx_word' id='word_1_499' title='bbox 2583 2110 2966 2166; x_wconf 86' lang='lat' dir='ltr'><strong>immortalitas</strong></span> <span class='ocrx_word' id='word_1_500' title='bbox 2998 2103 3514 2178; x_wconf 67' lang='lat' dir='ltr'><strong>pudicitlmjunctal</strong></span> 
     </span>
    </p>
   </div>
   <div class='ocr_carea' id='block_1_64' title="bbox 1926 2195 3517 2274">
    <p class='ocr_par' dir='ltr' id='par_1_64' title="bbox 1926 2195 3517 2274">
     <span class='ocr_line' id='line_1_64' title="bbox 1926 2195 3517 2274; baseline -0.005 -16"><span class='ocrx_word' id='word_1_501' title='bbox 1926 2206 2028 2274; x_wconf 85' lang='lat' dir='ltr'><strong>Qui</strong></span> <span class='ocrx_word' id='word_1_502' title='bbox 2061 2206 2113 2260; x_wconf 92' lang='lat' dir='ltr'><strong>in</strong></span> <span class='ocrx_word' id='word_1_503' title='bbox 2149 2206 2301 2259; x_wconf 88' lang='lat' dir='ltr'><strong>bellis</strong></span> <span class='ocrx_word' id='word_1_504' title='bbox 2338 2205 2561 2258; x_wconf 87' lang='lat' dir='ltr'><strong>vincunt</strong></span> <span class='ocrx_word' id='word_1_505' title='bbox 2583 2219 2686 2256; x_wconf 89' lang='lat' dir='ltr'><strong>non</strong></span> <span class='ocrx_word' id='word_1_506' title='bbox 2721 2201 3030 2257; x_wconf 77' lang='lat' dir='ltr'><strong>ciliciuntur</strong></span> <span class='ocrx_word' id='word_1_507' title='bbox 3067 2212 3126 2253; x_wconf 93' lang='lat' dir='ltr'><strong>ut</strong></span> <span class='ocrx_word' id='word_1_508' title='bbox 3168 2198 3387 2269; x_wconf 85' lang='lat' dir='ltr'><strong>angeli,</strong></span> <span class='ocrx_word' id='word_1_509' title='bbox 3421 2195 3517 2251; x_wconf 87' lang='lat' dir='ltr'><strong>sed</strong></span> 
     </span>
    </p>
   </div>
   <div class='ocr_carea' id='block_1_65' title="bbox 1923 2289 3521 2365">
    <p class='ocr_par' dir='ltr' id='par_1_65' title="bbox 1923 2289 3521 2365">
     <span class='ocr_line' id='line_1_65' title="bbox 1923 2289 3521 2365; baseline -0.006 -15"><span class='ocrx_word' id='word_1_510' title='bbox 1923 2297 2014 2365; x_wconf 88' lang='lat' dir='ltr'><strong>qui</strong></span> <span class='ocrx_word' id='word_1_511' title='bbox 2047 2310 2220 2364; x_wconf 90' lang='lat' dir='ltr'><strong>neque</strong></span> <span class='ocrx_word' id='word_1_512' title='bbox 2249 2293 2458 2349; x_wconf 91' lang='lat' dir='ltr'><strong>nubunt</strong></span> <span class='ocrx_word' id='word_1_513' title='bbox 2503 2308 2679 2363; x_wconf 89' lang='lat' dir='ltr'><strong>neque</strong></span> <span class='ocrx_word' id='word_1_514' title='bbox 2700 2294 2995 2348; x_wconf 89' lang='lat' dir='ltr'><strong>nubentur.</strong></span> <span class='ocrx_word' id='word_1_515' title='bbox 3014 2289 3127 2345; x_wconf 88' lang='lat' dir='ltr'><strong>lloc</strong></span> <span class='ocrx_word' id='word_1_516' title='bbox 3148 2289 3410 2359; x_wconf 83' lang='lat' dir='ltr'><strong>judicium</strong></span> <span class='ocrx_word' id='word_1_517' title='bbox 3435 2295 3521 2342; x_wconf 89' lang='lat' dir='ltr'><strong>est</strong></span> 
     </span>
    </p>
   </div>
   <div class='ocr_carea' id='block_1_66' title="bbox 1936 2383 3517 2456">
    <p class='ocr_par' dir='ltr' id='par_1_66' title="bbox 1936 2383 3517 2456">
     <span class='ocr_line' id='line_1_66' title="bbox 1936 2383 3517 2456; baseline -0.004 -15"><span class='ocrx_word' id='word_1_518' title='bbox 1936 2386 2052 2455; x_wconf 86' lang='lat' dir='ltr'><strong>ejus</strong></span> <span class='ocrx_word' id='word_1_519' title='bbox 2080 2388 2171 2456; x_wconf 93' lang='lat' dir='ltr'><strong>qui</strong></span> <span class='ocrx_word' id='word_1_520' title='bbox 2227 2386 2356 2442; x_wconf 79' lang='lat' dir='ltr'><strong>fecit</strong></span> <span class='ocrx_word' id='word_1_521' title='bbox 2411 2397 2682 2439; x_wconf 89' lang='lat' dir='ltr'><strong>naturam.</strong></span> <span class='ocrx_word' id='word_1_522' title='bbox 2728 2383 2862 2438; x_wconf 79' lang='lat' dir='ltr'><strong>Nam</strong></span> <span class='ocrx_word' id='word_1_523' title='bbox 2905 2392 2959 2438; x_wconf 92' lang='lat' dir='ltr'><strong>et</strong></span> <span class='ocrx_word' id='word_1_524' title='bbox 2987 2383 3114 2438; x_wconf 90' lang='lat' dir='ltr'><strong>alibi</strong></span> <span class='ocrx_word' id='word_1_525' title='bbox 3151 2383 3517 2437; x_wconf 90' lang='lat' dir='ltr'><strong>ad&#39;ornatum</strong></span> 
     </span>
    </p>
   </div>
   <div class='ocr_carea' id='block_1_67' title="bbox 1926 2472 3517 2546">
    <p class='ocr_par' dir='ltr' id='par_1_67' title="bbox 1926 2472 3517 2546">
     <span class='ocr_line' id='line_1_67' title="bbox 1926 2472 3517 2546; baseline -0.003 -17"><span class='ocrx_word' id='word_1_526' title='bbox 1926 2476 2096 2546; x_wconf 82' lang='lat' dir='ltr'><strong>ipsius</strong></span> <span class='ocrx_word' id='word_1_527' title='bbox 2131 2475 2409 2546; x_wconf 57' lang='lat' dir='ltr'><strong>pudicitiae</strong></span> <span class='ocrx_word' id='word_1_528' title='bbox 2437 2475 2650 2530; x_wconf 81' lang='lat' dir='ltr'><strong>lucutus</strong></span> <span class='ocrx_word' id='word_1_529' title='bbox 2672 2485 2759 2530; x_wconf 86' lang='lat' dir='ltr'><strong>est</strong></span> <span class='ocrx_word' id='word_1_530' title='bbox 2791 2474 3052 2529; x_wconf 86' lang='lat' dir='ltr'><strong>Dominus</strong></span> <span class='ocrx_word' id='word_1_531' title='bbox 3083 2490 3097 2525; x_wconf 92' lang='lat'><strong>:</strong></span> <span class='ocrx_word' id='word_1_532' title='bbox 3140 2472 3261 2526; x_wconf 79' lang='lat' dir='ltr'><strong>Non</strong></span> <span class='ocrx_word' id='word_1_533' title='bbox 3299 2488 3517 2538; x_wconf 79' lang='lat' dir='ltr'><strong>omnes,</strong></span> 
     </span>
    </p>
   </div>
   <div class='ocr_carea' id='block_1_68' title="bbox 1927 2558 3518 2638">
    <p class='ocr_par' dir='ltr' id='par_1_68' title="bbox 1927 2558 3518 2638">
     <span class='ocr_line' id='line_1_68' title="bbox 1927 2558 3518 2638; baseline -0.004 -16"><span class='ocrx_word' id='word_1_534' title='bbox 1927 2568 2141 2638; x_wconf 86' lang='lat' dir='ltr'><strong>inquit,</strong></span> <span class='ocrx_word' id='word_1_535' title='bbox 2178 2577 2299 2622; x_wconf 80' lang='lat' dir='ltr'><strong>sunt</strong></span> <span class='ocrx_word' id='word_1_536' title='bbox 2327 2567 2513 2638; x_wconf 84' lang='lat' dir='ltr'><strong>digni,</strong></span> <span class='ocrx_word' id='word_1_537' title='bbox 2555 2569 2646 2621; x_wconf 83' lang='lat' dir='ltr'><strong>sed</strong></span> <span class='ocrx_word' id='word_1_538' title='bbox 2694 2564 2886 2637; x_wconf 79' lang='lat' dir='ltr'><strong>quibus</strong></span> <span class='ocrx_word' id='word_1_539' title='bbox 2936 2558 3122 2618; x_wconf 74' lang='lat' dir='ltr'><strong>datum</strong></span> <span class='ocrx_word' id='word_1_540' title='bbox 3157 2573 3230 2617; x_wconf 84' lang='lat' dir='ltr'><strong>est</strong></span> <span class='ocrx_word' id='word_1_541' title='bbox 3258 2564 3328 2618; x_wconf 84' lang='grc'><strong>⁸⁸.</strong></span> <span class='ocrx_word' id='word_1_542' title='bbox 3365 2561 3518 2628; x_wconf 85' lang='lat' dir='ltr'><strong>Quod</strong></span> 
     </span>
    </p>
   </div>
   <div class='ocr_carea' id='block_1_69' title="bbox 1925 2655 3520 2732">
    <p class='ocr_par' dir='ltr' id='par_1_69' title="bbox 1925 2655 3520 2732">
     <span class='ocr_line' id='line_1_69' title="bbox 1925 2655 3520 2732; baseline -0.006 -15"><span class='ocrx_word' id='word_1_543' title='bbox 1925 2660 2072 2717; x_wconf 84' lang='lat' dir='ltr'><strong>enim</strong></span> <span class='ocrx_word' id='word_1_544' title='bbox 2109 2662 2270 2715; x_wconf 90' lang='lat' dir='ltr'><strong>homo</strong></span> <span class='ocrx_word' id='word_1_545' title='bbox 2291 2675 2354 2714; x_wconf 86' lang='lat' dir='ltr'><strong>ex</strong></span> <span class='ocrx_word' id='word_1_546' title='bbox 2370 2668 2579 2732; x_wconf 84' lang='lat' dir='ltr'><strong>_natura</strong></span> <span class='ocrx_word' id='word_1_547' title='bbox 2608 2673 2713 2713; x_wconf 89' lang='lat' dir='ltr'><strong>non</strong></span> <span class='ocrx_word' id='word_1_548' title='bbox 2744 2658 2972 2724; x_wconf 89' lang='lat' dir='ltr'><strong>habuit,</strong></span> <span class='ocrx_word' id='word_1_549' title='bbox 3014 2656 3117 2711; x_wconf 89' lang='lat' dir='ltr'><strong>hoc</strong></span> <span class='ocrx_word' id='word_1_550' title='bbox 3164 2656 3235 2709; x_wconf 89' lang='lat' dir='ltr'><strong>sit</strong></span> <span class='ocrx_word' id='word_1_551' title='bbox 3288 2655 3520 2722; x_wconf 86' lang='lat' dir='ltr'><strong>desuper</strong></span> 
     </span>
    </p>
   </div>
   <div class='ocr_carea' id='block_1_70' title="bbox 1929 2743 3520 2822">
    <p class='ocr_par' dir='ltr' id='par_1_70' title="bbox 1929 2743 3520 2822">
     <span class='ocr_line' id='line_1_70' title="bbox 1929 2743 3520 2822; baseline -0.006 -13"><span class='ocrx_word' id='word_1_552' title='bbox 1929 2754 2130 2809; x_wconf 91' lang='lat' dir='ltr'><strong>donum</strong></span> <span class='ocrx_word' id='word_1_553' title='bbox 2170 2770 2185 2808; x_wconf 92' lang='lat'><strong>:</strong></span> <span class='ocrx_word' id='word_1_554' title='bbox 2218 2752 2314 2808; x_wconf 88' lang='lat' dir='ltr'><strong>sed</strong></span> <span class='ocrx_word' id='word_1_555' title='bbox 2348 2752 2480 2807; x_wconf 87' lang='lat' dir='ltr'><strong>mihi</strong></span> <span class='ocrx_word' id='word_1_556' title='bbox 2511 2751 2730 2822; x_wconf 89' lang='lat' dir='ltr'><strong>quidem</strong></span> <span class='ocrx_word' id='word_1_557' title='bbox 2765 2750 3024 2822; x_wconf 86' lang='lat' dir='ltr'><strong>pudicitia</strong></span> <span class='ocrx_word' id='word_1_558' title='bbox 3065 2749 3166 2804; x_wconf 89' lang='lat' dir='ltr'><strong>ista</strong></span> <span class='ocrx_word' id='word_1_559' title='bbox 3209 2762 3363 2802; x_wconf 88' lang='lat' dir='ltr'><strong>suam</strong></span> <span class='ocrx_word' id='word_1_560' title='bbox 3399 2743 3520 2815; x_wconf 81' lang='lat' dir='ltr'><strong>pul-</strong></span> 
     </span>
    </p>
   </div>
   <div class='ocr_carea' id='block_1_71' title="bbox 1924 2836 3521 2911">
    <p class='ocr_par' dir='ltr' id='par_1_71' title="bbox 1924 2836 3521 2911">
     <span class='ocr_line' id='line_1_71' title="bbox 1924 2836 3521 2911; baseline -0.009 -7"><span class='ocrx_word' id='word_1_561' title='bbox 1924 2846 2291 2904; x_wconf 89' lang='lat' dir='ltr'><strong>chritudinem</strong></span> <span class='ocrx_word' id='word_1_562' title='bbox 2319 2845 2599 2911; x_wconf 85' lang='lat' dir='ltr'><strong>ostendat,</strong></span> <span class='ocrx_word' id='word_1_563' title='bbox 2661 2853 2716 2898; x_wconf 90' lang='lat' dir='ltr'><strong>et</strong></span> <span class='ocrx_word' id='word_1_564' title='bbox 2771 2843 2974 2898; x_wconf 85' lang='lat' dir='ltr'><strong>sensim</strong></span> <span class='ocrx_word' id='word_1_565' title='bbox 3013 2842 3224 2903; x_wconf 86' lang='lat' dir='ltr'><strong>trahat,</strong></span> <span class='ocrx_word' id='word_1_566' title='bbox 3251 2847 3304 2892; x_wconf 90' lang='lat' dir='ltr'><strong>et</strong></span> <span class='ocrx_word' id='word_1_567' title='bbox 3355 2836 3521 2890; x_wconf 80' lang='lat' dir='ltr'><strong>relin-</strong></span> 
     </span>
    </p>
   </div>
   <div class='ocr_carea' id='block_1_72' title="bbox 1925 2931 3521 3015">
    <p class='ocr_par' dir='ltr' id='par_1_72' title="bbox 1925 2931 3521 3015">
     <span class='ocr_line' id='line_1_72' title="bbox 1925 2931 3521 3015; baseline -0.009 -17"><span class='ocrx_word' id='word_1_568' title='bbox 1925 2953 2124 3015; x_wconf 89' lang='lat' dir='ltr'><strong>quatur</strong></span> <span class='ocrx_word' id='word_1_569' title='bbox 2156 2958 2264 2998; x_wconf 93' lang='lat' dir='ltr'><strong>non</strong></span> <span class='ocrx_word' id='word_1_570' title='bbox 2287 2941 2512 3007; x_wconf 91' lang='lat' dir='ltr'><strong>cedens,</strong></span> <span class='ocrx_word' id='word_1_571' title='bbox 2548 2955 2723 3009; x_wconf 90' lang='lat' dir='ltr'><strong>neque</strong></span> <span class='ocrx_word' id='word_1_572' title='bbox 2749 2939 2950 3010; x_wconf 89' lang='lat' dir='ltr'><strong>repleta</strong></span> <span class='ocrx_word' id='word_1_573' title='bbox 2980 2931 3218 3014; x_wconf 66' lang='lat' dir='ltr'><strong>et&#39;capta</strong></span> <span class='ocrx_word' id='word_1_574' title='bbox 3253 2933 3381 2989; x_wconf 91' lang='lat' dir='ltr'><strong>:sed</strong></span> <span class='ocrx_word' id='word_1_575' title='bbox 3413 2931 3521 2986; x_wconf 91' lang='lat' dir='ltr'><strong>sic-</strong></span> 
     </span>
    </p>
   </div>
   <div class='ocr_carea' id='block_1_73' title="bbox 1925 3024 3521 3112">
    <p class='ocr_par' dir='ltr' id='par_1_73' title="bbox 1925 3024 3521 3112">
     <span class='ocr_line' id='line_1_73' title="bbox 1925 3024 3521 3112; baseline -0.012 -15"><span class='ocrx_word' id='word_1_576' title='bbox 1925 3051 1985 3097; x_wconf 92' lang='lat' dir='ltr'><strong>ut</strong></span> <span class='ocrx_word' id='word_1_577' title='bbox 2038 3042 2157 3096; x_wconf 88' lang='lat' dir='ltr'><strong>avis</strong></span> <span class='ocrx_word' id='word_1_578' title='bbox 2220 3039 2467 3112; x_wconf 71' lang='lat' dir='ltr'><strong>quaedam</strong></span> <span class='ocrx_word' id='word_1_579' title='bbox 2528 3037 2826 3099; x_wconf 87' lang='lat' dir='ltr'><strong>adornata,</strong></span> <span class='ocrx_word' id='word_1_580' title='bbox 2883 3042 3271 3099; x_wconf 85' lang='lat' dir='ltr'><strong>nonnunquam</strong></span> <span class='ocrx_word' id='word_1_581' title='bbox 3334 3024 3521 3080; x_wconf 84' lang='lat' dir='ltr'><strong>ludere</strong></span> 
     </span>
    </p>
   </div>
   <div class='ocr_carea' id='block_1_74' title="bbox 1925 3119 3516 3192">
    <p class='ocr_par' dir='ltr' id='par_1_74' title="bbox 1925 3119 3516 3192">
     <span class='ocr_line' id='line_1_74' title="bbox 1925 3119 3516 3192; baseline -0.011 -4"><span class='ocrx_word' id='word_1_582' title='bbox 1925 3133 2249 3188; x_wconf 89' lang='lat' dir='ltr'><strong>desiderans</strong></span> <span class='ocrx_word' id='word_1_583' title='bbox 2279 3130 2483 3185; x_wconf 88' lang='lat' dir='ltr'><strong>sensim</strong></span> <span class='ocrx_word' id='word_1_584' title='bbox 2533 3128 2742 3182; x_wconf 88' lang='lat' dir='ltr'><strong>recedit</strong></span> <span class='ocrx_word' id='word_1_585' title='bbox 2763 3166 2780 3192; x_wconf 95' lang='lat'><strong>,</strong></span> <span class='ocrx_word' id='word_1_586' title='bbox 2806 3134 2862 3182; x_wconf 85' lang='lat' dir='ltr'><strong>et</strong></span> <span class='ocrx_word' id='word_1_587' title='bbox 2908 3125 2962 3180; x_wconf 91' lang='lat' dir='ltr'><strong>in</strong></span> <span class='ocrx_word' id='word_1_588' title='bbox 3007 3139 3073 3180; x_wconf 90' lang='lat' dir='ltr'><strong>eo</strong></span> <span class='ocrx_word' id='word_1_589' title='bbox 3099 3122 3228 3177; x_wconf 88' lang='lat' dir='ltr'><strong>dum</strong></span> <span class='ocrx_word' id='word_1_590' title='bbox 3262 3119 3516 3182; x_wconf 90' lang='lat' dir='ltr'><strong>videtur,</strong></span> 
     </span>
    </p>
   </div>
   <div class='ocr_carea' id='block_1_75' title="bbox 1927 3209 3519 3288">
    <p class='ocr_par' dir='ltr' id='par_1_75' title="bbox 1927 3209 3519 3288">
     <span class='ocr_line' id='line_1_75' title="bbox 1927 3209 3519 3288; baseline -0.009 -9"><span class='ocrx_word' id='word_1_591' title='bbox 1927 3233 2108 3280; x_wconf 86' lang='lat' dir='ltr'><strong>movet</strong></span> <span class='ocrx_word' id='word_1_592' title='bbox 2131 3222 2464 3280; x_wconf 83' lang='lat' dir='ltr'><strong>desiderium</strong></span> <span class='ocrx_word' id='word_1_593' title='bbox 2489 3239 2504 3288; x_wconf 90' lang='lat'><strong>;</strong></span> <span class='ocrx_word' id='word_1_594' title='bbox 2534 3221 2736 3276; x_wconf 88' lang='lat' dir='ltr'><strong>sensim</strong></span> <span class='ocrx_word' id='word_1_595' title='bbox 2769 3230 2952 3274; x_wconf 92' lang='lat' dir='ltr'><strong>autem</strong></span> <span class='ocrx_word' id='word_1_596' title='bbox 2995 3217 3122 3274; x_wconf 91' lang='lat' dir='ltr'><strong>dum</strong></span> <span class='ocrx_word' id='word_1_597' title='bbox 3164 3224 3433 3277; x_wconf 82' lang='lat' dir='ltr'><strong>movetur,</strong></span> <span class='ocrx_word' id='word_1_598' title='bbox 3455 3209 3519 3266; x_wconf 83' lang='lat' dir='ltr'><strong>il-</strong></span> 
     </span>
    </p>
   </div>
   <div class='ocr_carea' id='block_1_76' title="bbox 1926 3309 3517 3386">
    <p class='ocr_par' dir='ltr' id='par_1_76' title="bbox 1926 3309 3517 3386">
     <span class='ocr_line' id='line_1_76' title="bbox 1926 3309 3517 3386; baseline -0.009 -13"><span class='ocrx_word' id='word_1_599' title='bbox 1926 3318 2044 3375; x_wconf 89' lang='lat' dir='ltr'><strong>licit</strong></span> <span class='ocrx_word' id='word_1_600' title='bbox 2087 3327 2146 3373; x_wconf 93' lang='lat' dir='ltr'><strong>ut</strong></span> <span class='ocrx_word' id='word_1_601' title='bbox 2179 3332 2299 3372; x_wconf 89' lang='lat' dir='ltr'><strong>eam</strong></span> <span class='ocrx_word' id='word_1_602' title='bbox 2330 3315 2453 3386; x_wconf 89' lang='lat' dir='ltr'><strong>quis</strong></span> <span class='ocrx_word' id='word_1_603' title='bbox 2494 3315 2852 3382; x_wconf 88' lang='lat' dir='ltr'><strong>insequatur;</strong></span> <span class='ocrx_word' id='word_1_604' title='bbox 2911 3325 3016 3366; x_wconf 91' lang='lat' dir='ltr'><strong>non</strong></span> <span class='ocrx_word' id='word_1_605' title='bbox 3056 3309 3272 3380; x_wconf 85' lang='lat' dir='ltr'><strong>capitur</strong></span> <span class='ocrx_word' id='word_1_606' title='bbox 3298 3315 3517 3372; x_wconf 91' lang='lat' dir='ltr'><strong>autem,</strong></span> 
     </span>
    </p>
   </div>
   <div class='ocr_carea' id='block_1_77' title="bbox 1925 3403 3522 3483">
    <p class='ocr_par' dir='ltr' id='par_1_77' title="bbox 1925 3403 3522 3483">
     <span class='ocr_line' id='line_1_77' title="bbox 1925 3403 3522 3483; baseline -0.009 -18"><span class='ocrx_word' id='word_1_607' title='bbox 1925 3411 2050 3483; x_wconf 92' lang='lat' dir='ltr'><strong>quia</strong></span> <span class='ocrx_word' id='word_1_608' title='bbox 2086 3410 2255 3480; x_wconf 86' lang='lat' dir='ltr'><strong>ipsius</strong></span> <span class='ocrx_word' id='word_1_609' title='bbox 2279 3417 2364 3464; x_wconf 89' lang='lat' dir='ltr'><strong>est</strong></span> <span class='ocrx_word' id='word_1_610' title='bbox 2395 3417 2455 3462; x_wconf 92' lang='lat' dir='ltr'><strong>ut</strong></span> <span class='ocrx_word' id='word_1_611' title='bbox 2481 3403 3026 3477; x_wconf 75' lang='lat' dir='ltr'><strong>eﬂugiatzprotendit</strong></span> <span class='ocrx_word' id='word_1_612' title='bbox 3053 3411 3235 3457; x_wconf 90' lang='lat' dir='ltr'><strong>autem</strong></span> <span class='ocrx_word' id='word_1_613' title='bbox 3274 3410 3522 3465; x_wconf 81' lang='lat' dir='ltr'><strong>cursum,</strong></span> 
     </span>
    </p>
   </div>
   <div class='ocr_carea' id='block_1_78' title="bbox 1924 3491 3519 3572">
    <p class='ocr_par' dir='ltr' id='par_1_78' title="bbox 1924 3491 3519 3572">
     <span class='ocr_line' id='line_1_78' title="bbox 1924 3491 3519 3572; baseline -0.01 -11"><span class='ocrx_word' id='word_1_614' title='bbox 1924 3514 1982 3561; x_wconf 89' lang='lat' dir='ltr'><strong>et</strong></span> <span class='ocrx_word' id='word_1_615' title='bbox 2013 3518 2138 3558; x_wconf 88' lang='lat' dir='ltr'><strong>cum</strong></span> <span class='ocrx_word' id='word_1_616' title='bbox 2165 3503 2289 3572; x_wconf 87' lang='lat' dir='ltr'><strong>quis</strong></span> <span class='ocrx_word' id='word_1_617' title='bbox 2319 3500 2556 3556; x_wconf 79' lang='lat' dir='ltr'><strong>maxime</strong></span> <span class='ocrx_word' id='word_1_618' title='bbox 2588 3497 2860 3570; x_wconf 86' lang='lat' dir='ltr'><strong>putaverit</strong></span> <span class='ocrx_word' id='word_1_619' title='bbox 2902 3509 2964 3569; x_wconf 87' lang='lat' dir='ltr'><strong>se</strong></span> <span class='ocrx_word' id='word_1_620' title='bbox 3006 3491 3519 3565; x_wconf 79' lang='lat' dir='ltr'><strong>comprehendisse.</strong></span> 
     </span>
    </p>
   </div>
   <div class='ocr_carea' id='block_1_79' title="bbox 1927 3581 3522 3662">
    <p class='ocr_par' dir='ltr' id='par_1_79' title="bbox 1927 3581 3522 3662">
     <span class='ocr_line' id='line_1_79' title="bbox 1927 3581 3522 3662; baseline -0.009 -12"><span class='ocrx_word' id='word_1_621' title='bbox 1927 3605 2108 3650; x_wconf 89' lang='lat' dir='ltr'><strong>movet</strong></span> <span class='ocrx_word' id='word_1_622' title='bbox 2140 3607 2372 3662; x_wconf 90' lang='lat' dir='ltr'><strong>pennam</strong></span> <span class='ocrx_word' id='word_1_623' title='bbox 2399 3599 2454 3646; x_wconf 91' lang='lat' dir='ltr'><strong>et</strong></span> <span class='ocrx_word' id='word_1_624' title='bbox 2483 3589 2628 3646; x_wconf 90' lang='lat' dir='ltr'><strong>volat</strong></span> <span class='ocrx_word' id='word_1_625' title='bbox 2655 3609 2669 3643; x_wconf 89' lang='lat'><strong>:</strong></span> <span class='ocrx_word' id='word_1_626' title='bbox 2699 3591 2771 3643; x_wconf 90' lang='lat' dir='ltr'><strong>ita</strong></span> <span class='ocrx_word' id='word_1_627' title='bbox 2799 3596 2855 3644; x_wconf 91' lang='lat' dir='ltr'><strong>et</strong></span> <span class='ocrx_word' id='word_1_628' title='bbox 2882 3586 3139 3658; x_wconf 88' lang='lat' dir='ltr'><strong>pudicitia</strong></span> <span class='ocrx_word' id='word_1_629' title='bbox 3165 3598 3319 3640; x_wconf 88' lang='lat' dir='ltr'><strong>suam</strong></span> <span class='ocrx_word' id='word_1_630' title='bbox 3341 3581 3522 3636; x_wconf 82' lang='lat' dir='ltr'><strong>varie-</strong></span> 
     </span>
    </p>
   </div>
   <div class='ocr_carea' id='block_1_80' title="bbox 1931 3681 3521 3754">
    <p class='ocr_par' dir='ltr' id='par_1_80' title="bbox 1931 3681 3521 3754">
     <span class='ocr_line' id='line_1_80' title="bbox 1931 3681 3521 3754; baseline -0.008 -13"><span class='ocrx_word' id='word_1_631' title='bbox 1931 3697 2095 3742; x_wconf 88' lang='lat' dir='ltr'><strong>tatem</strong></span> <span class='ocrx_word' id='word_1_632' title='bbox 2130 3687 2185 3742; x_wconf 91' lang='lat' dir='ltr'><strong>iu</strong></span> <span class='ocrx_word' id='word_1_633' title='bbox 2213 3688 2495 3742; x_wconf 90' lang='lat' dir='ltr'><strong>honestate</strong></span> <span class='ocrx_word' id='word_1_634' title='bbox 2517 3682 2836 3754; x_wconf 78' lang='lat' dir='ltr'><strong>proferens,</strong></span> <span class='ocrx_word' id='word_1_635' title='bbox 2867 3681 3072 3737; x_wconf 89' lang='lat' dir='ltr'><strong>sensim</strong></span> <span class='ocrx_word' id='word_1_636' title='bbox 3105 3687 3288 3733; x_wconf 90' lang='lat' dir='ltr'><strong>autem</strong></span> <span class='ocrx_word' id='word_1_637' title='bbox 3318 3691 3377 3734; x_wconf 89' lang='lat' dir='ltr'><strong>se</strong></span> <span class='ocrx_word' id='word_1_638' title='bbox 3411 3690 3521 3729; x_wconf 87' lang='lat' dir='ltr'><strong>mo-</strong></span> 
     </span>
    </p>
   </div>
   <div class='ocr_carea' id='block_1_81' title="bbox 1927 3768 3522 3844">
    <p class='ocr_par' dir='ltr' id='par_1_81' title="bbox 1927 3768 3522 3844">
     <span class='ocr_line' id='line_1_81' title="bbox 1927 3768 3522 3844; baseline -0.008 -10"><span class='ocrx_word' id='word_1_639' title='bbox 1927 3795 2058 3836; x_wconf 80' lang='lat' dir='ltr'><strong>vens</strong></span> <span class='ocrx_word' id='word_1_640' title='bbox 2082 3789 2135 3835; x_wconf 90' lang='lat' dir='ltr'><strong>et</strong></span> <span class='ocrx_word' id='word_1_641' title='bbox 2184 3792 2570 3844; x_wconf 87' lang='lat' dir='ltr'><strong>commovens,</strong></span> <span class='ocrx_word' id='word_1_642' title='bbox 2617 3775 2670 3830; x_wconf 92' lang='lat' dir='ltr'><strong>in</strong></span> <span class='ocrx_word' id='word_1_643' title='bbox 2705 3784 2910 3829; x_wconf 91' lang='lat' dir='ltr'><strong>tantum</strong></span> <span class='ocrx_word' id='word_1_644' title='bbox 2946 3787 3035 3827; x_wconf 91' lang='lat' dir='ltr'><strong>me</strong></span> <span class='ocrx_word' id='word_1_645' title='bbox 3071 3770 3238 3825; x_wconf 79' lang='lat' dir='ltr'><strong>traxit</strong></span> <span class='ocrx_word' id='word_1_646' title='bbox 3265 3777 3326 3823; x_wconf 91' lang='lat' dir='ltr'><strong>ut</strong></span> <span class='ocrx_word' id='word_1_647' title='bbox 3374 3768 3522 3823; x_wconf 56' lang='lat' dir='ltr'><strong>inse-</strong></span> 
     </span>
    </p>
   </div>
   <div class='ocr_carea' id='block_1_82' title="bbox 1928 3867 3523 3943">
    <p class='ocr_par' dir='ltr' id='par_1_82' title="bbox 1928 3867 3523 3943">
     <span class='ocr_line' id='line_1_82' title="bbox 1928 3867 3523 3943; baseline -0.011 -15"><span class='ocrx_word' id='word_1_648' title='bbox 1928 3887 2126 3943; x_wconf 89' lang='lat' dir='ltr'><strong>querer</strong></span> <span class='ocrx_word' id='word_1_649' title='bbox 2159 3886 2174 3926; x_wconf 88' lang='lat'><strong>:</strong></span> <span class='ocrx_word' id='word_1_650' title='bbox 2209 3886 2330 3927; x_wconf 86' lang='lat' dir='ltr'><strong>cum</strong></span> <span class='ocrx_word' id='word_1_651' title='bbox 2356 3880 2536 3924; x_wconf 86' lang='lat' dir='ltr'><strong>autem</strong></span> <span class='ocrx_word' id='word_1_652' title='bbox 2563 3867 2676 3936; x_wconf 86' lang='lat' dir='ltr'><strong>jam</strong></span> <span class='ocrx_word' id='word_1_653' title='bbox 2713 3873 2962 3936; x_wconf 89' lang='lat' dir='ltr'><strong>putarem</strong></span> <span class='ocrx_word' id='word_1_654' title='bbox 2991 3878 3079 3918; x_wconf 92' lang='lat' dir='ltr'><strong>me</strong></span> <span class='ocrx_word' id='word_1_655' title='bbox 3104 3875 3267 3932; x_wconf 87' lang='lat' dir='ltr'><strong>posse</strong></span> <span class='ocrx_word' id='word_1_656' title='bbox 3296 3872 3523 3915; x_wconf 80' lang='lat' dir='ltr'><strong>manuni</strong></span> 
     </span>
    </p>
   </div>
   <div class='ocr_carea' id='block_1_83' title="bbox 1925 3956 3522 4030">
    <p class='ocr_par' dir='ltr' id='par_1_83' title="bbox 1925 3956 3522 4030">
     <span class='ocr_line' id='line_1_83' title="bbox 1925 3956 3522 4030; baseline -0.011 -11"><span class='ocrx_word' id='word_1_657' title='bbox 1925 3963 2220 4019; x_wconf 77' lang='lat' dir='ltr'><strong>extendere</strong></span> <span class='ocrx_word' id='word_1_658' title='bbox 2244 3975 2476 4030; x_wconf 84' lang='lat' dir='ltr'><strong>eamque</strong></span> <span class='ocrx_word' id='word_1_659' title='bbox 2515 3956 2977 4028; x_wconf 85' lang='lat' dir='ltr'><strong>comprehendere</strong></span> <span class='ocrx_word' id='word_1_660' title='bbox 3001 3995 3018 4022; x_wconf 90' lang='lat'><strong>,</strong></span> <span class='ocrx_word' id='word_1_661' title='bbox 3044 3967 3266 4009; x_wconf 89' lang='lat' dir='ltr'><strong>movens</strong></span> <span class='ocrx_word' id='word_1_662' title='bbox 3313 3963 3522 4020; x_wconf 86' lang='lat' dir='ltr'><strong>pennas</strong></span> 
     </span>
    </p>
   </div>
   <div class='ocr_carea' id='block_1_84' title="bbox 1927 4041 3519 4124">
    <p class='ocr_par' dir='ltr' id='par_1_84' title="bbox 1927 4041 3519 4124">
     <span class='ocr_line' id='line_1_84' title="bbox 1927 4041 3519 4124; baseline -0.011 -12"><span class='ocrx_word' id='word_1_663' title='bbox 1927 4056 2180 4124; x_wconf 85' lang='lat' dir='ltr'><strong>superius</strong></span> <span class='ocrx_word' id='word_1_664' title='bbox 2209 4068 2269 4108; x_wconf 89' lang='lat' dir='ltr'><strong>se</strong></span> <span class='ocrx_word' id='word_1_665' title='bbox 2295 4052 2438 4108; x_wconf 75' lang='lat' dir='ltr'><strong>cmlo</strong></span> <span class='ocrx_word' id='word_1_666' title='bbox 2471 4049 2784 4118; x_wconf 71' lang='lat' dir='ltr'><strong>coniungit,</strong></span> <span class='ocrx_word' id='word_1_667' title='bbox 2820 4049 2889 4102; x_wconf 89' lang='lat' dir='ltr'><strong>ad</strong></span> <span class='ocrx_word' id='word_1_668' title='bbox 2913 4045 3135 4117; x_wconf 85' lang='lat' dir='ltr'><strong>angelos</strong></span> <span class='ocrx_word' id='word_1_669' title='bbox 3167 4043 3401 4107; x_wconf 89' lang='lat' dir='ltr'><strong>scilicet,</strong></span> <span class='ocrx_word' id='word_1_670' title='bbox 3428 4041 3519 4096; x_wconf 86' lang='lat' dir='ltr'><strong>ubi</strong></span> 
     </span>
    </p>
   </div>
   <div class='ocr_carea' id='block_1_85' title="bbox 1928 4138 3522 4214">
    <p class='ocr_par' dir='ltr' id='par_1_85' title="bbox 1928 4138 3522 4214">
     <span class='ocr_line' id='line_1_85' title="bbox 1928 4138 3522 4214; baseline -0.01 -11"><span class='ocrx_word' id='word_1_671' title='bbox 1928 4149 2045 4214; x_wconf 86' lang='lat' dir='ltr'><strong>ejus</strong></span> <span class='ocrx_word' id='word_1_672' title='bbox 2077 4155 2266 4198; x_wconf 86' lang='lat' dir='ltr'><strong>natura</strong></span> <span class='ocrx_word' id='word_1_673' title='bbox 2299 4153 2384 4199; x_wconf 88' lang='lat' dir='ltr'><strong>est</strong></span> <span class='ocrx_word' id='word_1_674' title='bbox 2406 4153 2465 4197; x_wconf 91' lang='lat' dir='ltr'><strong>ut</strong></span> <span class='ocrx_word' id='word_1_675' title='bbox 2495 4150 2735 4197; x_wconf 87' lang='lat' dir='ltr'><strong>maneat.</strong></span> <span class='ocrx_word' id='word_1_676' title='bbox 2759 4141 2823 4195; x_wconf 79' lang='lat' dir='ltr'><strong>Et</strong></span> <span class='ocrx_word' id='word_1_677' title='bbox 2849 4140 2964 4210; x_wconf 89' lang='lat' dir='ltr'><strong>ipsa</strong></span> <span class='ocrx_word' id='word_1_678' title='bbox 2990 4138 3207 4207; x_wconf 88' lang='lat' dir='ltr'><strong>quidem</strong></span> <span class='ocrx_word' id='word_1_679' title='bbox 3240 4150 3346 4190; x_wconf 90' lang='lat' dir='ltr'><strong>non</strong></span> <span class='ocrx_word' id='word_1_680' title='bbox 3369 4148 3522 4188; x_wconf 88' lang='lat' dir='ltr'><strong>com-</strong></span> 
     </span>
    </p>
   </div>
   <div class='ocr_carea' id='block_1_86' title="bbox 1930 4231 3525 4308">
    <p class='ocr_par' dir='ltr' id='par_1_86' title="bbox 1930 4231 3525 4308">
     <span class='ocr_line' id='line_1_86' title="bbox 1930 4231 3525 4308; baseline -0.009 -15"><span class='ocrx_word' id='word_1_681' title='bbox 1930 4237 2196 4308; x_wconf 86' lang='lat' dir='ltr'><strong>prehensa</strong></span> <span class='ocrx_word' id='word_1_682' title='bbox 2226 4237 2458 4301; x_wconf 90' lang='lat' dir='ltr'><strong>mansit,</strong></span> <span class='ocrx_word' id='word_1_683' title='bbox 2496 4251 2582 4289; x_wconf 90' lang='lat' dir='ltr'><strong>me</strong></span> <span class='ocrx_word' id='word_1_684' title='bbox 2620 4245 2801 4289; x_wconf 85' lang='lat' dir='ltr'><strong>autem</strong></span> <span class='ocrx_word' id='word_1_685' title='bbox 2853 4231 3074 4301; x_wconf 88' lang='lat' dir='ltr'><strong>reliquit</strong></span> <span class='ocrx_word' id='word_1_686' title='bbox 3123 4235 3430 4297; x_wconf 80' lang='lat' dir='ltr'><strong>stupentem</strong></span> <span class='ocrx_word' id='word_1_687' title='bbox 3465 4234 3525 4280; x_wconf 86' lang='lat' dir='ltr'><strong>et</strong></span> 
     </span>
    </p>
   </div>
   <div class='ocr_carea' id='block_1_87' title="bbox 1927 4327 3525 4400">
    <p class='ocr_par' dir='ltr' id='par_1_87' title="bbox 1927 4327 3525 4400">
     <span class='ocr_line' id='line_1_87' title="bbox 1927 4327 3525 4400; baseline -0.006 -16"><span class='ocrx_word' id='word_1_688' title='bbox 1927 4331 2329 4387; x_wconf 87' lang='lat' dir='ltr'><strong>desiderantem</strong></span> <span class='ocrx_word' id='word_1_689' title='bbox 2357 4327 2935 4400; x_wconf 77' lang='lat' dir='ltr'><strong>comprehensionem,</strong></span> <span class='ocrx_word' id='word_1_690' title='bbox 2974 4337 3136 4393; x_wconf 90' lang='lat' dir='ltr'><strong>quam</strong></span> <span class='ocrx_word' id='word_1_691' title='bbox 3188 4332 3525 4391; x_wconf 77' lang='lat' dir='ltr'><strong>persequens</strong></span> 
     </span>
    </p>
   </div>
   <div class='ocr_carea' id='block_1_88' title="bbox 1930 4415 3522 4493">
    <p class='ocr_par' dir='ltr' id='par_1_88' title="bbox 1930 4415 3522 4493">
     <span class='ocr_line' id='line_1_88' title="bbox 1930 4415 3522 4493; baseline -0.009 -15"><span class='ocrx_word' id='word_1_692' title='bbox 1930 4441 2036 4478; x_wconf 92' lang='lat' dir='ltr'><strong>non</strong></span> <span class='ocrx_word' id='word_1_693' title='bbox 2075 4421 2434 4493; x_wconf 88' lang='lat' dir='ltr'><strong>apprehendi.</strong></span> <span class='ocrx_word' id='word_1_694' title='bbox 2461 4420 2637 4476; x_wconf 84' lang='lat' dir='ltr'><strong>Etiam</strong></span> <span class='ocrx_word' id='word_1_695' title='bbox 2681 4421 2903 4488; x_wconf 88' lang='lat' dir='ltr'><strong>quidem</strong></span> <span class='ocrx_word' id='word_1_696' title='bbox 2954 4415 3273 4484; x_wconf 86' lang='lat' dir='ltr'><strong>colligamus</strong></span> <span class='ocrx_word' id='word_1_697' title='bbox 3312 4425 3522 4468; x_wconf 88' lang='lat' dir='ltr'><strong>sermo-</strong></span> 
     </span>
    </p>
   </div>
   <div class='ocr_carea' id='block_1_89' title="bbox 1931 4512 3522 4586">
    <p class='ocr_par' dir='ltr' id='par_1_89' title="bbox 1931 4512 3522 4586">
     <span class='ocr_line' id='line_1_89' title="bbox 1931 4512 3522 4586; baseline -0.011 -13"><span class='ocrx_word' id='word_1_698' title='bbox 1931 4535 2086 4584; x_wconf 88' lang='lat' dir='ltr'><strong>nem;</strong></span> <span class='ocrx_word' id='word_1_699' title='bbox 2119 4528 2174 4572; x_wconf 91' lang='lat' dir='ltr'><strong>et</strong></span> <span class='ocrx_word' id='word_1_700' title='bbox 2196 4516 2322 4586; x_wconf 90' lang='lat' dir='ltr'><strong>quia</strong></span> <span class='ocrx_word' id='word_1_701' title='bbox 2351 4514 2609 4583; x_wconf 89' lang='lat' dir='ltr'><strong>pudicitia</strong></span> <span class='ocrx_word' id='word_1_702' title='bbox 2637 4512 2804 4566; x_wconf 90' lang='lat' dir='ltr'><strong>multa</strong></span> <span class='ocrx_word' id='word_1_703' title='bbox 2836 4523 3102 4580; x_wconf 88' lang='lat' dir='ltr'><strong>superans</strong></span> <span class='ocrx_word' id='word_1_704' title='bbox 3129 4517 3183 4562; x_wconf 92' lang='lat' dir='ltr'><strong>et</strong></span> <span class='ocrx_word' id='word_1_705' title='bbox 3209 4517 3522 4561; x_wconf 86' lang='lat' dir='ltr'><strong>sermonem</strong></span> 
     </span>
    </p>
   </div>
   <div class='ocr_carea' id='block_1_90' title="bbox 233 4594 3519 4680">
    <p class='ocr_par' dir='ltr' id='par_1_90' title="bbox 233 4594 3519 4680">
     <span class='ocr_line' id='line_1_90' title="bbox 233 4594 3519 4680; baseline -0 -29"><span class='ocrx_word' id='word_1_706' title='bbox 233 4594 407 4666; x_wconf 86' lang='lat' dir='ltr'><strong>ipsius</strong></span> <span class='ocrx_word' id='word_1_707' title='bbox 440 4595 650 4652; x_wconf 80' lang='lat' dir='ltr'><strong>fructus</strong></span> <span class='ocrx_word' id='word_1_708' title='bbox 677 4607 732 4652; x_wconf 91' lang='lat' dir='ltr'><strong>et</strong></span> <span class='ocrx_word' id='word_1_709' title='bbox 769 4598 822 4652; x_wconf 92' lang='lat' dir='ltr'><strong>in</strong></span> <span class='ocrx_word' id='word_1_710' title='bbox 851 4600 1006 4654; x_wconf 88' lang='lat' dir='ltr'><strong>bellis</strong></span> <span class='ocrx_word' id='word_1_711' title='bbox 1033 4601 1103 4655; x_wconf 91' lang='lat' dir='ltr'><strong>ob</strong></span> <span class='ocrx_word' id='word_1_712' title='bbox 1140 4603 1453 4670; x_wconf 87' lang='lat' dir='ltr'><strong>pudicitiam</strong></span> <span class='ocrx_word' id='word_1_713' title='bbox 1485 4607 1827 4660; x_wconf 86' lang='lat' dir='ltr'><strong>necessarius</strong></span> <span class='ocrx_word' id='word_1_714' title='bbox 1856 4605 1904 4662; x_wconf 89' lang='lat' dir='ltr'><strong>D</strong></span> <span class='ocrx_word' id='word_1_715' title='bbox 1935 4613 2114 4680; x_wconf 81' lang='lat' dir='ltr'><strong>ipsum</strong></span> <span class='ocrx_word' id='word_1_716' title='bbox 2141 4611 2232 4673; x_wconf 90' lang='lat' dir='ltr'><strong>qui</strong></span> <span class='ocrx_word' id='word_1_717' title='bbox 2265 4608 2336 4663; x_wconf 90' lang='lat' dir='ltr'><strong>de</strong></span> <span class='ocrx_word' id='word_1_718' title='bbox 2361 4608 2550 4662; x_wconf 91' lang='lat' dir='ltr'><strong>eadem</strong></span> <span class='ocrx_word' id='word_1_719' title='bbox 2591 4617 2674 4661; x_wconf 90' lang='lat' dir='ltr'><strong>est</strong></span> <span class='ocrx_word' id='word_1_720' title='bbox 2701 4601 3222 4674; x_wconf 89' lang='lat' dir='ltr'><strong>ininterpretabilis,</strong></span> <span class='ocrx_word' id='word_1_721' title='bbox 3257 4596 3519 4662; x_wconf 87' lang='lat' dir='ltr'><strong>recessit,</strong></span> 
     </span>
    </p>
   </div>
   <div class='ocr_carea' id='block_1_91' title="bbox 233 4683 1823 4760">
    <p class='ocr_par' dir='ltr' id='par_1_91' title="bbox 233 4683 1823 4760">
     <span class='ocr_line' id='line_1_91' title="bbox 233 4683 1823 4760; baseline 0.008 -22"><span class='ocrx_word' id='word_1_722' title='bbox 233 4685 358 4739; x_wconf 77' lang='lat' dir='ltr'><strong>est?</strong></span> <span class='ocrx_word' id='word_1_723' title='bbox 392 4683 518 4740; x_wconf 85' lang='lat' dir='ltr'><strong>Ideo</strong></span> <span class='ocrx_word' id='word_1_724' title='bbox 543 4687 686 4740; x_wconf 89' lang='lat' dir='ltr'><strong>enim</strong></span> <span class='ocrx_word' id='word_1_725' title='bbox 715 4689 1039 4760; x_wconf 86' lang='lat' dir='ltr'><strong>suscipimus</strong></span> <span class='ocrx_word' id='word_1_726' title='bbox 1068 4693 1276 4760; x_wconf 75' lang='lat' dir='ltr'><strong>prtelia,</strong></span> <span class='ocrx_word' id='word_1_727' title='bbox 1295 4703 1356 4747; x_wconf 93' lang='lat' dir='ltr'><strong>ut</strong></span> <span class='ocrx_word' id='word_1_728' title='bbox 1385 4709 1489 4748; x_wconf 87' lang='lat' dir='ltr'><strong>non</strong></span> <span class='ocrx_word' id='word_1_729' title='bbox 1528 4696 1823 4751; x_wconf 83' lang='lat' dir='ltr'><strong>adversarii</strong></span> 
     </span>
    </p>
   </div>
   <div class='ocr_carea' id='block_1_92' title="bbox 235 4779 1826 4855">
    <p class='ocr_par' dir='ltr' id='par_1_92' title="bbox 235 4779 1826 4855">
     <span class='ocr_line' id='line_1_92' title="bbox 235 4779 1826 4855; baseline 0.006 -24"><span class='ocrx_word' id='word_1_730' title='bbox 235 4785 582 4845; x_wconf 88' lang='lat' dir='ltr'><strong>superantes,</strong></span> <span class='ocrx_word' id='word_1_731' title='bbox 617 4779 874 4835; x_wconf 89' lang='lat' dir='ltr'><strong>mulieres</strong></span> <span class='ocrx_word' id='word_1_732' title='bbox 926 4793 1084 4836; x_wconf 85' lang='lat' dir='ltr'><strong>extra</strong></span> <span class='ocrx_word' id='word_1_733' title='bbox 1139 4782 1313 4854; x_wconf 89' lang='lat' dir='ltr'><strong>legem</strong></span> <span class='ocrx_word' id='word_1_734' title='bbox 1377 4787 1656 4855; x_wconf 59' lang='lat' dir='ltr'><strong>pudicitiae</strong></span> <span class='ocrx_word' id='word_1_735' title='bbox 1701 4802 1826 4843; x_wconf 92' lang='lat' dir='ltr'><strong>cor-</strong></span> 
     </span>
    </p>
   </div>
   <div class='ocr_carea' id='block_1_93' title="bbox 237 4866 1826 4946">
    <p class='ocr_par' dir='ltr' id='par_1_93' title="bbox 237 4866 1826 4946">
     <span class='ocr_line' id='line_1_93' title="bbox 237 4866 1826 4946; baseline 0.008 -26"><span class='ocrx_word' id='word_1_736' title='bbox 237 4877 516 4936; x_wconf 89' lang='lat' dir='ltr'><strong>rumpant.</strong></span> <span class='ocrx_word' id='word_1_737' title='bbox 554 4866 610 4922; x_wconf 89' lang='lat' dir='ltr'><strong>Si</strong></span> <span class='ocrx_word' id='word_1_738' title='bbox 640 4870 783 4923; x_wconf 90' lang='lat' dir='ltr'><strong>enim</strong></span> <span class='ocrx_word' id='word_1_739' title='bbox 824 4870 894 4926; x_wconf 88' lang='lat' dir='ltr'><strong>ob</strong></span> <span class='ocrx_word' id='word_1_740' title='bbox 924 4872 1025 4926; x_wconf 85' lang='lat' dir='ltr'><strong>huc</strong></span> <span class='ocrx_word' id='word_1_741' title='bbox 1048 4888 1374 4943; x_wconf 84' lang='lat' dir='ltr'><strong>pugnamus,</strong></span> <span class='ocrx_word' id='word_1_742' title='bbox 1400 4887 1454 4929; x_wconf 92' lang='lat' dir='ltr'><strong>et</strong></span> <span class='ocrx_word' id='word_1_743' title='bbox 1492 4891 1686 4946; x_wconf 82' lang='lat' dir='ltr'><strong>pugnae</strong></span> <span class='ocrx_word' id='word_1_744' title='bbox 1727 4887 1826 4932; x_wconf 90' lang='lat' dir='ltr'><strong>ter-</strong></span> 
     </span>
    </p>
   </div>
   <div class='ocr_carea' id='block_1_94' title="bbox 236 4961 1826 5035">
    <p class='ocr_par' dir='ltr' id='par_1_94' title="bbox 236 4961 1826 5035">
     <span class='ocr_line' id='line_1_94' title="bbox 236 4961 1826 5035; baseline 0.007 -22"><span class='ocrx_word' id='word_1_745' title='bbox 236 4972 389 5013; x_wconf 89' lang='lat' dir='ltr'><strong>rores</strong></span> <span class='ocrx_word' id='word_1_746' title='bbox 422 4961 767 5027; x_wconf 85' lang='lat' dir='ltr'><strong>suscipimus,</strong></span> <span class='ocrx_word' id='word_1_747' title='bbox 817 4964 987 5018; x_wconf 89' lang='lat' dir='ltr'><strong>virtus</strong></span> <span class='ocrx_word' id='word_1_748' title='bbox 1020 4966 1090 5020; x_wconf 91' lang='lat' dir='ltr'><strong>ob</strong></span> <span class='ocrx_word' id='word_1_749' title='bbox 1145 4967 1461 5035; x_wconf 87' lang='lat' dir='ltr'><strong>pudicitiam</strong></span> <span class='ocrx_word' id='word_1_750' title='bbox 1488 4970 1626 5023; x_wconf 91' lang='lat' dir='ltr'><strong>etin</strong></span> <span class='ocrx_word' id='word_1_751' title='bbox 1669 4970 1826 5024; x_wconf 89' lang='lat' dir='ltr'><strong>bellis</strong></span> 
     </span>
    </p>
   </div>
   <div class='ocr_carea' id='block_1_95' title="bbox 236 5049 1825 5126">
    <p class='ocr_par' dir='ltr' id='par_1_95' title="bbox 236 5049 1825 5126">
     <span class='ocr_line' id='line_1_95' title="bbox 236 5049 1825 5126; baseline 0.008 -22"><span class='ocrx_word' id='word_1_752' title='bbox 236 5057 498 5106; x_wconf 83' lang='lat' dir='ltr'><strong>certatur.</strong></span> <span class='ocrx_word' id='word_1_753' title='bbox 529 5049 680 5106; x_wconf 90' lang='lat' dir='ltr'><strong>Sicut</strong></span> <span class='ocrx_word' id='word_1_754' title='bbox 705 5053 850 5107; x_wconf 88' lang='lat' dir='ltr'><strong>enim</strong></span> <span class='ocrx_word' id='word_1_755' title='bbox 900 5056 1161 5126; x_wconf 87' lang='lat' dir='ltr'><strong>naupegia</strong></span> <span class='ocrx_word' id='word_1_756' title='bbox 1198 5073 1290 5110; x_wconf 86' lang='lat' dir='ltr'><strong>ars</strong></span> <span class='ocrx_word' id='word_1_757' title='bbox 1320 5061 1688 5126; x_wconf 88' lang='lat' dir='ltr'><strong>gubernatrici</strong></span> <span class='ocrx_word' id='word_1_758' title='bbox 1723 5062 1825 5116; x_wconf 88' lang='lat' dir='ltr'><strong>mi-</strong></span> 
     </span>
    </p>
   </div>
   <div class='ocr_carea' id='block_1_96' title="bbox 235 5143 1824 5223">
    <p class='ocr_par' dir='ltr' id='par_1_96' title="bbox 235 5143 1824 5223">
     <span class='ocr_line' id='line_1_96' title="bbox 235 5143 1824 5223; baseline 0.008 -27"><span class='ocrx_word' id='word_1_759' title='bbox 235 5143 457 5202; x_wconf 87' lang='lat' dir='ltr'><strong>nistrat.</strong></span> <span class='ocrx_word' id='word_1_760' title='bbox 492 5143 563 5198; x_wconf 88' lang='lat' dir='ltr'><strong>ita</strong></span> <span class='ocrx_word' id='word_1_761' title='bbox 590 5155 644 5199; x_wconf 94' lang='lat' dir='ltr'><strong>et</strong></span> <span class='ocrx_word' id='word_1_762' title='bbox 675 5147 847 5201; x_wconf 90' lang='lat' dir='ltr'><strong>virtus</strong></span> <span class='ocrx_word' id='word_1_763' title='bbox 874 5148 1146 5216; x_wconf 64' lang='lat' dir='ltr'><strong>pudicitia</strong></span> <span class='ocrx_word' id='word_1_764' title='bbox 1171 5163 1433 5219; x_wconf 64' lang='lat' dir='ltr'><strong>praeparat</strong></span> <span class='ocrx_word' id='word_1_765' title='bbox 1460 5154 1824 5223; x_wconf 86' lang='lat' dir='ltr'><strong>tranquillita-</strong></span> 
     </span>
    </p>
   </div>
   <div class='ocr_carea' id='block_1_97' title="bbox 239 5233 1824 5318">
    <p class='ocr_par' dir='ltr' id='par_1_97' title="bbox 239 5233 1824 5318">
     <span class='ocr_line' id='line_1_97' title="bbox 239 5233 1824 5318; baseline 0.01 -34"><span class='ocrx_word' id='word_1_766' title='bbox 239 5242 368 5287; x_wconf 87' lang='lat' dir='ltr'><strong>tem.</strong></span> <span class='ocrx_word' id='word_1_767' title='bbox 413 5233 592 5288; x_wconf 86' lang='lat' dir='ltr'><strong>Divisa</strong></span> <span class='ocrx_word' id='word_1_768' title='bbox 635 5238 916 5308; x_wconf 87' lang='lat' dir='ltr'><strong>estigitur</strong></span> <span class='ocrx_word' id='word_1_769' title='bbox 962 5241 1134 5294; x_wconf 88' lang='lat' dir='ltr'><strong>virtus</strong></span> <span class='ocrx_word' id='word_1_770' title='bbox 1158 5257 1225 5295; x_wconf 87' lang='lat' dir='ltr'><strong>ex</strong></span> <span class='ocrx_word' id='word_1_771' title='bbox 1265 5254 1416 5311; x_wconf 89' lang='lat' dir='ltr'><strong>parte</strong></span> <span class='ocrx_word' id='word_1_772' title='bbox 1457 5247 1690 5299; x_wconf 81' lang='lat' dir='ltr'><strong>maxima</strong></span> <span class='ocrx_word' id='word_1_773' title='bbox 1728 5261 1824 5318; x_wconf 86' lang='lat' dir='ltr'><strong>ge-</strong></span> 
     </span>
    </p>
   </div>
   <div class='ocr_carea' id='block_1_98' title="bbox 237 5324 1819 5393">
    <p class='ocr_par' dir='ltr' id='par_1_98' title="bbox 237 5324 1819 5393">
     <span class='ocr_line' id='line_1_98' title="bbox 237 5324 1819 5393; baseline 0.009 -16"><span class='ocrx_word' id='word_1_774' title='bbox 237 5324 353 5378; x_wconf 86' lang='lat' dir='ltr'><strong>neri</strong></span> <span class='ocrx_word' id='word_1_775' title='bbox 391 5333 578 5379; x_wconf 89' lang='lat' dir='ltr'><strong>nostro</strong></span> <span class='ocrx_word' id='word_1_776' title='bbox 602 5329 725 5382; x_wconf 88' lang='lat' dir='ltr'><strong>:sed</strong></span> <span class='ocrx_word' id='word_1_777' title='bbox 754 5345 853 5385; x_wconf 91' lang='lat' dir='ltr'><strong>nec</strong></span> <span class='ocrx_word' id='word_1_778' title='bbox 880 5333 1011 5388; x_wconf 85' lang='lat' dir='ltr'><strong>viris</strong></span> <span class='ocrx_word' id='word_1_779' title='bbox 1060 5336 1316 5390; x_wconf 90' lang='lat' dir='ltr'><strong>omnibus</strong></span> <span class='ocrx_word' id='word_1_780' title='bbox 1350 5336 1496 5390; x_wconf 84' lang='lat' dir='ltr'><strong>utilis</strong></span> <span class='ocrx_word' id='word_1_781' title='bbox 1529 5338 1819 5393; x_wconf 88' lang='lat' dir='ltr'><strong>invenitur.</strong></span> 
     </span>
    </p>
   </div>
   <div class='ocr_carea' id='block_1_99' title="bbox 239 5415 1819 5499">
    <p class='ocr_par' dir='ltr' id='par_1_99' title="bbox 239 5415 1819 5499">
     <span class='ocr_line' id='line_1_99' title="bbox 239 5415 1819 5499; baseline 0.012 -31"><span class='ocrx_word' id='word_1_782' title='bbox 239 5415 510 5471; x_wconf 74' lang='lat' dir='ltr'><strong>Przevenit</strong></span> <span class='ocrx_word' id='word_1_783' title='bbox 552 5420 694 5475; x_wconf 89' lang='lat' dir='ltr'><strong>enim</strong></span> <span class='ocrx_word' id='word_1_784' title='bbox 740 5439 858 5477; x_wconf 87' lang='lat' dir='ltr'><strong>eam</strong></span> <span class='ocrx_word' id='word_1_785' title='bbox 906 5437 960 5482; x_wconf 89' lang='lat' dir='ltr'><strong>et</strong></span> <span class='ocrx_word' id='word_1_786' title='bbox 1014 5430 1350 5498; x_wconf 90' lang='lat' dir='ltr'><strong>temporibus</strong></span> <span class='ocrx_word' id='word_1_787' title='bbox 1402 5431 1686 5498; x_wconf 85' lang='lat' dir='ltr'><strong>pudicitia.</strong></span> <span class='ocrx_word' id='word_1_788' title='bbox 1718 5432 1819 5499; x_wconf 92' lang='lat' dir='ltr'><strong>Qui</strong></span> 
     </span>
    </p>
   </div>
   <div class='ocr_carea' id='block_1_100' title="bbox 1937 4697 3521 4760">
    <p class='ocr_par' dir='ltr' id='par_1_100' title="bbox 1937 4697 3521 4760">
     <span class='ocr_line' id='line_1_100' title="bbox 1937 4697 3521 4760; baseline -0.011 0"><span class='ocrx_word' id='word_1_789' title='bbox 1937 4706 2251 4760; x_wconf 89' lang='lat' dir='ltr'><strong>universam</strong></span> <span class='ocrx_word' id='word_1_790' title='bbox 2303 4703 2595 4757; x_wconf 78' lang='lat' dir='ltr'><strong>humanam</strong></span> <span class='ocrx_word' id='word_1_791' title='bbox 2651 4697 3040 4753; x_wconf 89' lang='lat' dir='ltr'><strong>transcendens</strong></span> <span class='ocrx_word' id='word_1_792' title='bbox 3081 4702 3327 4749; x_wconf 88' lang='lat' dir='ltr'><strong>naturam</strong></span> <span class='ocrx_word' id='word_1_793' title='bbox 3357 4705 3374 4744; x_wconf 87' lang='lat'><strong>:</strong></span> <span class='ocrx_word' id='word_1_794' title='bbox 3401 4703 3521 4744; x_wconf 85' lang='lat' dir='ltr'><strong>ser-</strong></span> 
     </span>
    </p>
   </div>
   <div class='ocr_carea' id='block_1_101' title="bbox 1935 4781 3518 4862">
    <p class='ocr_par' dir='ltr' id='par_1_101' title="bbox 1935 4781 3518 4862">
     <span class='ocr_line' id='line_1_101' title="bbox 1935 4781 3518 4862; baseline -0.01 -11"><span class='ocrx_word' id='word_1_795' title='bbox 1935 4813 2023 4852; x_wconf 91' lang='lat' dir='ltr'><strong>mo</strong></span> <span class='ocrx_word' id='word_1_796' title='bbox 2050 4805 2234 4850; x_wconf 91' lang='lat' dir='ltr'><strong>autem</strong></span> <span class='ocrx_word' id='word_1_797' title='bbox 2269 4793 2550 4850; x_wconf 87' lang='lat' dir='ltr'><strong>inveniens</strong></span> <span class='ocrx_word' id='word_1_798' title='bbox 2578 4806 2698 4862; x_wconf 62' lang='lat' dir='ltr'><strong>qua</strong></span> <span class='ocrx_word' id='word_1_799' title='bbox 2731 4792 2870 4847; x_wconf 88' lang='lat' dir='ltr'><strong>Deus</strong></span> <span class='ocrx_word' id='word_1_800' title='bbox 2904 4786 3214 4844; x_wconf 85' lang='lat' dir='ltr'><strong>hominibus</strong></span> <span class='ocrx_word' id='word_1_801' title='bbox 3255 4781 3473 4840; x_wconf 87' lang='lat' dir='ltr'><strong>donavit</strong></span> <span class='ocrx_word' id='word_1_802' title='bbox 3498 4819 3518 4846; x_wconf 95' lang='lat'><strong>,</strong></span> 
     </span>
    </p>
   </div>
   <div class='ocr_carea' id='block_1_102' title="bbox 1932 4873 3522 4958">
    <p class='ocr_par' dir='ltr' id='par_1_102' title="bbox 1932 4873 3522 4958">
     <span class='ocr_line' id='line_1_102' title="bbox 1932 4873 3522 4958; baseline -0.008 -16"><span class='ocrx_word' id='word_1_803' title='bbox 1932 4900 1987 4942; x_wconf 88' lang='lat' dir='ltr'><strong>et</strong></span> <span class='ocrx_word' id='word_1_804' title='bbox 2015 4889 2119 4944; x_wconf 89' lang='lat' dir='ltr'><strong>hoc</strong></span> <span class='ocrx_word' id='word_1_805' title='bbox 2149 4887 2494 4953; x_wconf 88' lang='lat' dir='ltr'><strong>mortalibus,</strong></span> <span class='ocrx_word' id='word_1_806' title='bbox 2515 4901 2613 4958; x_wconf 89' lang='lat' dir='ltr'><strong>per</strong></span> <span class='ocrx_word' id='word_1_807' title='bbox 2635 4900 2758 4954; x_wconf 60' lang='lat' dir='ltr'><strong>quas</strong></span> <span class='ocrx_word' id='word_1_808' title='bbox 2797 4873 3260 4958; x_wconf 84' lang='lat' dir='ltr'><strong>immortalitatem</strong></span> <span class='ocrx_word' id='word_1_809' title='bbox 3288 4878 3370 4933; x_wconf 90' lang='lat' dir='ltr'><strong>eis</strong></span> <span class='ocrx_word' id='word_1_810' title='bbox 3395 4891 3522 4946; x_wconf 91' lang='lat' dir='ltr'><strong>pro-</strong></span> 
     </span>
    </p>
   </div>
   <div class='ocr_carea' id='block_1_103' title="bbox 1931 4953 3517 5050">
    <p class='ocr_par' dir='ltr' id='par_1_103' title="bbox 1931 4953 3517 5050">
     <span class='ocr_line' id='line_1_103' title="bbox 1931 4953 3517 5050; baseline -0.008 -17"><span class='ocrx_word' id='word_1_811' title='bbox 1931 4980 2177 5045; x_wconf 86' lang='lat' dir='ltr'><strong>curavit,</strong></span> <span class='ocrx_word' id='word_1_812' title='bbox 2220 4980 2285 5034; x_wconf 91' lang='lat' dir='ltr'><strong>ad</strong></span> <span class='ocrx_word' id='word_1_813' title='bbox 2319 4978 2620 5050; x_wconf 87' lang='lat' dir='ltr'><strong>gratiarum</strong></span> <span class='ocrx_word' id='word_1_814' title='bbox 2656 4953 2930 5031; x_wconf 83' lang='lat' dir='ltr'><strong>actionem</strong></span> <span class='ocrx_word' id='word_1_815' title='bbox 2961 4953 3162 5027; x_wconf 75' lang='lat' dir='ltr'><strong>iterum</strong></span> <span class='ocrx_word' id='word_1_816' title='bbox 3199 4984 3257 5024; x_wconf 86' lang='lat' dir='ltr'><strong>se</strong></span> <span class='ocrx_word' id='word_1_817' title='bbox 3281 4982 3517 5024; x_wconf 76' lang='lat' dir='ltr'><strong>conver-</strong></span> 
     </span>
    </p>
   </div>
   <div class='ocr_carea' id='block_1_104' title="bbox 1931 5066 3518 5135">
    <p class='ocr_par' dir='ltr' id='par_1_104' title="bbox 1931 5066 3518 5135">
     <span class='ocr_line' id='line_1_104' title="bbox 1931 5066 3518 5135; baseline -0.009 -11"><span class='ocrx_word' id='word_1_818' title='bbox 1931 5080 2009 5124; x_wconf 86' lang='lat' dir='ltr'><strong>tat</strong></span> <span class='ocrx_word' id='word_1_819' title='bbox 2026 5111 2042 5135; x_wconf 92' lang='lat'><strong>,</strong></span> <span class='ocrx_word' id='word_1_820' title='bbox 2070 5079 2125 5125; x_wconf 90' lang='lat' dir='ltr'><strong>et</strong></span> <span class='ocrx_word' id='word_1_821' title='bbox 2148 5072 2215 5125; x_wconf 91' lang='lat' dir='ltr'><strong>de</strong></span> <span class='ocrx_word' id='word_1_822' title='bbox 2251 5080 2441 5125; x_wconf 92' lang='lat' dir='ltr'><strong>sancto</strong></span> <span class='ocrx_word' id='word_1_823' title='bbox 2462 5079 2516 5123; x_wconf 89' lang='lat' dir='ltr'><strong>et</strong></span> <span class='ocrx_word' id='word_1_824' title='bbox 2539 5066 2946 5130; x_wconf 83' lang='lat' dir='ltr'><strong>sanctiﬁcante,</strong></span> <span class='ocrx_word' id='word_1_825' title='bbox 2969 5078 3067 5134; x_wconf 92' lang='lat' dir='ltr'><strong>per</strong></span> <span class='ocrx_word' id='word_1_826' title='bbox 3085 5077 3246 5132; x_wconf 91' lang='lat' dir='ltr'><strong>quem</strong></span> <span class='ocrx_word' id='word_1_827' title='bbox 3271 5068 3518 5114; x_wconf 88' lang='lat' dir='ltr'><strong>sanctum</strong></span> 
     </span>
    </p>
   </div>
   <div class='ocr_carea' id='block_1_105' title="bbox 1934 5148 3521 5223">
    <p class='ocr_par' dir='ltr' id='par_1_105' title="bbox 1934 5148 3521 5223">
     <span class='ocr_line' id='line_1_105' title="bbox 1934 5148 3521 5223; baseline -0.006 -13"><span class='ocrx_word' id='word_1_828' title='bbox 1934 5158 2035 5211; x_wconf 88' lang='lat' dir='ltr'><strong>hoc</strong></span> <span class='ocrx_word' id='word_1_829' title='bbox 2069 5159 2274 5212; x_wconf 89' lang='lat' dir='ltr'><strong>donum</strong></span> <span class='ocrx_word' id='word_1_830' title='bbox 2302 5157 2613 5212; x_wconf 85' lang='lat' dir='ltr'><strong>hominibus</strong></span> <span class='ocrx_word' id='word_1_831' title='bbox 2649 5155 2839 5220; x_wconf 89' lang='lat' dir='ltr'><strong>misit,</strong></span> <span class='ocrx_word' id='word_1_832' title='bbox 2883 5169 2979 5223; x_wconf 93' lang='lat' dir='ltr'><strong>per</strong></span> <span class='ocrx_word' id='word_1_833' title='bbox 3011 5151 3347 5222; x_wconf 88' lang='lat' dir='ltr'><strong>unigenitum</strong></span> <span class='ocrx_word' id='word_1_834' title='bbox 3373 5148 3521 5202; x_wconf 83' lang='lat' dir='ltr'><strong>scili-</strong></span> 
     </span>
    </p>
   </div>
   <div class='ocr_carea' id='block_1_106' title="bbox 1933 5240 3516 5317">
    <p class='ocr_par' dir='ltr' id='par_1_106' title="bbox 1933 5240 3516 5317">
     <span class='ocr_line' id='line_1_106' title="bbox 1933 5240 3516 5317; baseline -0.007 -16"><span class='ocrx_word' id='word_1_835' title='bbox 1933 5258 2019 5302; x_wconf 82' lang='lat' dir='ltr'><strong>cet</strong></span> <span class='ocrx_word' id='word_1_836' title='bbox 2041 5264 2198 5302; x_wconf 91' lang='lat' dir='ltr'><strong>suum</strong></span> <span class='ocrx_word' id='word_1_837' title='bbox 2224 5246 2443 5310; x_wconf 86' lang='lat' dir='ltr'><strong>Filium,</strong></span> <span class='ocrx_word' id='word_1_838' title='bbox 2479 5247 2552 5303; x_wconf 89' lang='lat' dir='ltr'><strong>sit</strong></span> <span class='ocrx_word' id='word_1_839' title='bbox 2572 5247 2620 5302; x_wconf 88' lang='lat' dir='ltr'><strong>ei</strong></span> <span class='ocrx_word' id='word_1_840' title='bbox 2647 5246 2822 5317; x_wconf 87' lang='lat' dir='ltr'><strong>gloria</strong></span> <span class='ocrx_word' id='word_1_841' title='bbox 2857 5257 2911 5300; x_wconf 90' lang='lat' dir='ltr'><strong>et</strong></span> <span class='ocrx_word' id='word_1_842' title='bbox 2957 5246 3163 5307; x_wconf 86' lang='lat' dir='ltr'><strong>honor.</strong></span> <span class='ocrx_word' id='word_1_843' title='bbox 3197 5240 3516 5311; x_wconf 88' lang='lat' dir='ltr'><strong>imperium,</strong></span> 
     </span>
    </p>
   </div>
   <div class='ocr_carea' id='block_1_107' title="bbox 1935 5341 3522 5412">
    <p class='ocr_par' dir='ltr' id='par_1_107' title="bbox 1935 5341 3522 5412">
     <span class='ocr_line' id='line_1_107' title="bbox 1935 5341 3522 5412; baseline -0.006 -16"><span class='ocrx_word' id='word_1_844' title='bbox 1935 5341 2191 5410; x_wconf 75' lang='lat' dir='ltr'><strong>maiestas</strong></span> <span class='ocrx_word' id='word_1_845' title='bbox 2224 5359 2347 5397; x_wconf 90' lang='lat' dir='ltr'><strong>cum</strong></span> <span class='ocrx_word' id='word_1_846' title='bbox 2381 5343 2586 5412; x_wconf 89' lang='lat' dir='ltr'><strong>Spiritu</strong></span> <span class='ocrx_word' id='word_1_847' title='bbox 2614 5353 2808 5396; x_wconf 80' lang='lat' dir='ltr'><strong>sancto</strong></span> <span class='ocrx_word' id='word_1_848' title='bbox 2839 5351 2894 5396; x_wconf 91' lang='lat' dir='ltr'><strong>et</strong></span> <span class='ocrx_word' id='word_1_849' title='bbox 2925 5356 3065 5394; x_wconf 91' lang='lat' dir='ltr'><strong>nunc</strong></span> <span class='ocrx_word' id='word_1_850' title='bbox 3096 5350 3153 5395; x_wconf 91' lang='lat' dir='ltr'><strong>et</strong></span> <span class='ocrx_word' id='word_1_851' title='bbox 3187 5351 3435 5406; x_wconf 87' lang='lat' dir='ltr'><strong>semper,</strong></span> <span class='ocrx_word' id='word_1_852' title='bbox 3466 5350 3522 5388; x_wconf 77' lang='lat' dir='ltr'><strong>et</strong></span> 
     </span>
    </p>
   </div>
   <div class='ocr_carea' id='block_1_108' title="bbox 1930 5434 3055 5505">
    <p class='ocr_par' dir='ltr' id='par_1_108' title="bbox 1930 5434 3055 5505">
     <span class='ocr_line' id='line_1_108' title="bbox 1930 5434 3055 5505; baseline -0.001 -17"><span class='ocrx_word' id='word_1_853' title='bbox 1930 5451 2025 5505; x_wconf 89' lang='lat' dir='ltr'><strong>per</strong></span> <span class='ocrx_word' id='word_1_854' title='bbox 2047 5436 2226 5489; x_wconf 91' lang='lat' dir='ltr'><strong>omnia</strong></span> <span class='ocrx_word' id='word_1_855' title='bbox 2258 5436 2451 5490; x_wconf 66' lang='lat' dir='ltr'><strong>saecula</strong></span> <span class='ocrx_word' id='word_1_856' title='bbox 2487 5436 2832 5491; x_wconf 58' lang='lat' dir='ltr'><strong>saeculorum.</strong></span> <span class='ocrx_word' id='word_1_857' title='bbox 2861 5434 3055 5488; x_wconf 79' lang='lat' dir='ltr'><strong>Amen.</strong></span> 
     </span>
    </p>
   </div>
   <div class='ocr_carea' id='block_1_109' title="bbox 310 5574 2380 5656">
    <p class='ocr_par' dir='ltr' id='par_1_109' title="bbox 310 5574 2380 5656">
     <span class='ocr_line' id='line_1_109' title="bbox 310 5574 2380 5656; baseline 0.008 -29"><span class='ocrx_word' id='word_1_858' title='bbox 310 5575 357 5607; x_wconf 78' lang='lat'><strong>“</strong></span> <span class='ocrx_word' id='word_1_859' title='bbox 386 5574 578 5631; x_wconf 77' lang='lat' dir='ltr'><strong>Matth.</strong></span> <span class='ocrx_word' id='word_1_860' title='bbox 622 5593 732 5633; x_wconf 86' lang='lat' dir='ltr'><strong>xxtt</strong></span> <span class='ocrx_word' id='word_1_861' title='bbox 758 5621 771 5643; x_wconf 92' lang='lat'><strong>,</strong></span> <span class='ocrx_word' id='word_1_862' title='bbox 806 5580 892 5634; x_wconf 75' lang='grc'><strong>50.</strong></span> <span class='ocrx_word' id='word_1_863' title='bbox 923 5581 1084 5637; x_wconf 80' lang='lat' dir='ltr'><strong>Marc.</strong></span> <span class='ocrx_word' id='word_1_864' title='bbox 1124 5599 1227 5647; x_wconf 79' lang='lat' dir='ltr'><strong>xit,</strong></span> <span class='ocrx_word' id='word_1_865' title='bbox 1259 5584 1352 5638; x_wconf 75' lang='lat'><strong>‘25.</strong></span> <span class='ocrx_word' id='word_1_866' title='bbox 1387 5583 1516 5641; x_wconf 81' lang='lat' dir='ltr'><strong>Luc.</strong></span> <span class='ocrx_word' id='word_1_867' title='bbox 1549 5603 1614 5640; x_wconf 75' lang='lat' dir='ltr'><strong>xv</strong></span> <span class='ocrx_word' id='word_1_868' title='bbox 1690 5588 1779 5642; x_wconf 77' lang='lat'><strong>35.</strong></span> <span class='ocrx_word' id='word_1_869' title='bbox 1823 5592 1866 5623; x_wconf 83' lang='lat'>”</span> <span class='ocrx_word' id='word_1_870' title='bbox 1911 5592 2100 5645; x_wconf 73' lang='lat' dir='ltr'><strong>Matth.</strong></span> <span class='ocrx_word' id='word_1_871' title='bbox 2132 5606 2246 5656; x_wconf 69' lang='lat' dir='ltr'><strong>XIX,</strong></span> <span class='ocrx_word' id='word_1_872' title='bbox 2298 5593 2380 5645; x_wconf 82' lang='lat' dir='ltr'><strong>ll.</strong></span> 
     </span>
    </p>
   </div>
   <div class='ocr_carea' id='block_1_110' title="bbox 317 5739 1468 5809">
    <p class='ocr_par' dir='ltr' id='par_1_110' title="bbox 317 5739 1468 5809">
     <span class='ocr_line' id='line_1_110' title="bbox 317 5739 1468 5809; baseline 0.011 -20"><span class='ocrx_word' id='word_1_873' title='bbox 317 5739 432 5803; x_wconf 73' lang='lat' dir='ltr'><strong>(i8;</strong></span> <span class='ocrx_word' id='word_1_874' title='bbox 472 5739 569 5809; x_wconf 59' lang='lat' dir='ltr'><strong>his.</strong></span> <span class='ocrx_word' id='word_1_875' title='bbox 605 5744 846 5809; x_wconf 80' lang='lat' dir='ltr'><strong>nuribus,</strong></span> <span class='ocrx_word' id='word_1_876' title='bbox 878 5763 939 5798; x_wconf 84' lang='lat' dir='ltr'><strong>ne</strong></span> <span class='ocrx_word' id='word_1_877' title='bbox 965 5758 1147 5801; x_wconf 76' lang='lat' dir='ltr'><strong>nocent</strong></span> <span class='ocrx_word' id='word_1_878' title='bbox 1179 5749 1468 5802; x_wconf 73' lang='lat' dir='ltr'><strong>attdimtia.</strong></span> 
     </span>
    </p>
   </div>
   <div class='ocr_carea' id='block_1_111' title="bbox 315 5807 1828 5894">
    <p class='ocr_par' dir='ltr' id='par_1_111' title="bbox 315 5807 1828 5894">
     <span class='ocr_line' id='line_1_111' title="bbox 315 5807 1828 5894; baseline 0.005 -28"><span class='ocrx_word' id='word_1_879' title='bbox 315 5809 426 5866; x_wconf 75' lang='grc'><strong>(49)</strong></span> <span class='ocrx_word' id='word_1_880' title='bbox 466 5807 998 5894; x_wconf 56' lang='lat' dir='ltr'><strong>Intellectttmnutem.</strong></span> <span class='ocrx_word' id='word_1_881' title='bbox 1027 5821 1225 5894; x_wconf 61' lang='lat' dir='ltr'><strong>Auctor</strong></span> <span class='ocrx_word' id='word_1_882' title='bbox 1244 5818 1594 5890; x_wconf 76' lang='lat' dir='ltr'><strong>Elymulngtt‘t</strong></span> <span class='ocrx_word' id='word_1_883' title='bbox 1630 5837 1828 5892; x_wconf 72' lang='lat' dir='ltr'><strong>magna,</strong></span> 
     </span>
    </p>
   </div>
   <div class='ocr_carea' id='block_1_112' title="bbox 250 5878 1432 5961">
    <p class='ocr_par' dir='ltr' id='par_1_112' title="bbox 250 5878 1432 5961">
     <span class='ocr_line' id='line_1_112' title="bbox 250 5878 1432 5961; baseline 0.011 -28"><span class='ocrx_word' id='word_1_884' title='bbox 250 5878 580 5950; x_wconf 64' lang='grc' dir='ltr'><strong>Σωφροσύνη</strong></span> <span class='ocrx_word' id='word_1_885' title='bbox 608 5883 753 5953; x_wconf 75' lang='grc' dir='ltr'><strong>παρὰ</strong></span> <span class='ocrx_word' id='word_1_886' title='bbox 782 5884 842 5938; x_wconf 81' lang='grc' dir='ltr'>τὸ</span> <span class='ocrx_word' id='word_1_887' title='bbox 875 5887 1068 5952; x_wconf 70' lang='grc' dir='ltr'><strong>σώζειν</strong></span> <span class='ocrx_word' id='word_1_888' title='bbox 1097 5889 1154 5942; x_wconf 69' lang='grc' dir='ltr'><strong>τὸ</strong></span> <span class='ocrx_word' id='word_1_889' title='bbox 1197 5878 1432 5961; x_wconf 59' lang='grc' dir='ltr'><strong>ςρο·ἷςῖν.</strong></span> 
     </span>
    </p>
   </div>
   <div class='ocr_carea' id='block_1_113' title="bbox 2010 5751 3542 5824">
    <p class='ocr_par' dir='ltr' id='par_1_113' title="bbox 2010 5751 3542 5824">
     <span class='ocr_line' id='line_1_113' title="bbox 2010 5751 3542 5824; baseline -0.008 -14"><span class='ocrx_word' id='word_1_890' title='bbox 2010 5756 2127 5824; x_wconf 78' lang='grc'><strong>(50)</strong></span> <span class='ocrx_word' id='word_1_891' title='bbox 2170 5755 2250 5807; x_wconf 76' lang='lat' dir='ltr'><strong>Ad</strong></span> <span class='ocrx_word' id='word_1_892' title='bbox 2306 5754 2674 5824; x_wconf 64' lang='lat' dir='ltr'><strong>pra&#39;liandum.</strong></span> <span class='ocrx_word' id='word_1_893' title='bbox 2735 5752 2829 5806; x_wconf 77' lang='lat' dir='ltr'><strong>Ms.</strong></span> <span class='ocrx_word' id='word_1_894' title='bbox 2874 5754 2942 5804; x_wconf 81' lang='lat' dir='ltr'><strong>ad</strong></span> <span class='ocrx_word' id='word_1_895' title='bbox 2997 5751 3180 5816; x_wconf 66' lang='lat' dir='ltr'><strong>prce/in</strong></span> <span class='ocrx_word' id='word_1_896' title='bbox 3230 5755 3542 5802; x_wconf 71' lang='lat' dir='ltr'><strong>armumns.</strong></span> 
     </span>
    </p>
   </div>
   <div class='ocr_carea' id='block_1_114' title="bbox 1943 5821 3213 5891">
    <p class='ocr_par' dir='ltr' id='par_1_114' title="bbox 1943 5821 3213 5891">
     <span class='ocr_line' id='line_1_114' title="bbox 1943 5821 3213 5891; baseline -0.005 -12"><span class='ocrx_word' id='word_1_897' title='bbox 1943 5821 2103 5879; x_wconf 77' lang='lat' dir='ltr'><strong>Forte.</strong></span> <span class='ocrx_word' id='word_1_898' title='bbox 2138 5821 2442 5891; x_wconf 69' lang='lat' dir='ltr'><strong>legendum,</strong></span> <span class='ocrx_word' id='word_1_899' title='bbox 2471 5827 2538 5876; x_wconf 83' lang='lat' dir='ltr'><strong>ad</strong></span> <span class='ocrx_word' id='word_1_900' title='bbox 2564 5825 2750 5890; x_wconf 65' lang='lat' dir='ltr'><strong>pra‘liu</strong></span> <span class='ocrx_word' id='word_1_901' title='bbox 2783 5842 2884 5877; x_wconf 84' lang='lat' dir='ltr'><strong>mm</strong></span> <span class='ocrx_word' id='word_1_902' title='bbox 2915 5838 3213 5874; x_wconf 75' lang='lat' dir='ltr'><strong>urmmnns.</strong></span> 
     </span>
    </p>
   </div>
   <div class='ocr_carea' id='block_1_115' title="bbox 2016 5894 3327 5966">
    <p class='ocr_par' dir='ltr' id='par_1_115' title="bbox 2016 5894 3327 5966">
     <span class='ocr_line' id='line_1_115' title="bbox 2016 5894 3327 5966; baseline -0.002 -16"><span class='ocrx_word' id='word_1_903' title='bbox 2016 5897 2127 5966; x_wconf 66' lang='grc' dir='ltr'><strong>(δι)</strong></span> <span class='ocrx_word' id='word_1_904' title='bbox 2163 5897 2259 5950; x_wconf 71' lang='lat' dir='ltr'><strong>Ms.</strong></span> <span class='ocrx_word' id='word_1_905' title='bbox 2299 5895 2676 5962; x_wconf 73' lang='lat' dir='ltr'><strong>fornicationes</strong></span> <span class='ocrx_word' id='word_1_906' title='bbox 2699 5903 2912 5961; x_wconf 69' lang='lat' dir='ltr'><strong>&quot;agant</strong></span> <span class='ocrx_word' id='word_1_907' title='bbox 2946 5902 2990 5946; x_wconf 81' lang='lat' dir='ltr'><strong>et</strong></span> <span class='ocrx_word' id='word_1_908' title='bbox 3027 5894 3327 5954; x_wconf 65' lang='lat' dir='ltr'><strong>occulunt.</strong></span> 
     </span>
    </p>
   </div>
  </div>
