4072 6460
3778 260 3924 319 ιω

632 293 771 359 ΗΠ
1262 288 1527 345 EUSEBII
1566 282 2046 344 CESABIENSIS
2080 282 2232 341 OPP.
2270 278 2456 341 PARS
2490 275 2584 337 IV.
2622 306 2693 320 -—
2727 271 3149 333 DOGIATICA.

658 423 3906 467 _____________________________________

1585 597 2148 715 EUSEBII
2226 590 2908 708 PAMPHILI

855 847 1001 933 DE
1050 841 1204 935 EO
1258 838 1591 949 QUOD
1646 836 1950 928 DEUS
2002 832 2393 923 PATER
2446 821 3339 921 INCOBPOBALIS
3392 820 3686 927 EST,

1913 1025 2148 1087 LIBER
2190 1020 2578 1097 QUARTUS.

702 1334 784 1389 Ad
835 1334 1006 1402 ipsum
1056 1329 1220 1384 Deum
1270 1338 1514 1393 nostrum
1564 1326 1836 1395 erigamus
1864 1324 2156 1395 cogitatum
2181 1361 2198 1386 ,
2225 1325 2275 1383 Α
2302 1320 2421 1375 dem
2450 1326 2507 1374 et
2533 1315 2741 1388 lapides
2773 1314 2878 1371 hoc
2907 1313 3078 1381 ipsum
3114 1317 3173 1364 ut
3202 1316 3395 1365 essent
3450 1307 3672 1362 habent
3700 1322 3716 1359 :
3746 1301 3913 1359 arbo-

626 1425 742 1497 μω
794 1401 899 1480 non
944 1423 1298 1478 concedentes
1345 1420 1599 1490 cogitatui
1656 1417 1842 1486 fugere
1876 1427 1932 1473 et
1985 1416 2150 1469 vitare
2180 1429 2195 1467 :
2303 1424 2389 1465 res
2420 1418 2601 1462 autem
2637 1416 2691 1462 et
2719 1405 2913 1475 planta:
2936 1404 3004 1456 ad
3040 1402 3091 1456 id
3125 1402 3269 1497 quod
3313 1407 3449 1452 sunt
3478 1401 3909 1497 assumpseruot

633 1494 903 1586 parcimus
934 1516 1075 1569 enim
1110 1514 1360 1569 timenti:
1399 1526 1650 1581 urgemus
1679 1518 1857 1563 autem
1896 1524 2000 1563 non
2026 1522 2198 1576 quan-
2303 1510 2358 1557 ut
2404 1508 2460 1555 et
2487 1507 2869 1568 exsurgerent,
2906 1506 2962 1588 et
3004 1494 3417 1588 geminarent,
3446 1501 3505 1544 et
3531 1495 3903 1588 cra-ceret“,

638 1580 725 1664 tus
749 1617 829 1663 est
854 1606 993 1663 Deus
1018 1621 1138 1659 eum
1171 1619 1445 1675 quaerere,
1470 1580 1562 1659 sed
1591 1612 1847 1671 quantum
1877 1600 1977 1669 ipsi
2000 1598 2202 1667 cogita-
2301 1604 2355 1648 et
2406 1602 2757 1662 pascerentur
2786 1604 2804 1645 :
2841 1586 3093 1641 animalia
3140 1595 3323 1639 autem
3380 1580 3797 1635 irrationabiiia
3842 1582 3901 1630 ad

638 1704 711 1754 tui
749 1698 1001 1768 possibile
1048 1708 1132 1754 est
1166 1699 1451 1754 cstimare.
1497 1694 1690 1749 Multas
1730 1695 1872 1747 enim
1926 1692 2203 1748 adinvenit
2301 1700 2363 1740 ea
2389 1698 2510 1753 qua
2538 1683 2680 1737 dicta
2711 1689 2837 1735 sunt
2866 1680 3027 1734 etiam
3063 1678 3161 1731 hoc
3191 1684 3613 1768 assinnpserunt
3641 1715 3654 1733 ,
3682 1681 3739 1768 ut
3778 1687 3899 1723 sea-

635 1766 1117 1860 sibi'confugiones
1137 1832 1152 1857 ,
1182 1799 1237 1845 et
1266 1789 1548 1845 dilationes
1570 1828 1587 1854 ,
1614 1796 1667 1840 et
1691 1786 2072 1850 circuitiones,
2100 1784 2199 1838 bo-
2302 1775 2531 1831 Iibililﬂ
2558 1782 2700 1828 εεδει
2720 1774 2771 1826 in
2808 1772 2907 1827 εει
2938 1768 3047 1826 Νοε
3080 1785 3208 1823 *ετο
3232 1782 3355 1822 cum
3391 1767 3475 1819 his
3507 1766 3783 1860 9"”"W5
3812 1778 3893 1813 δί’

638 1897 761 1937 num
798 1858 981 1951 utpote
1016 1883 1400 1952 pertimescens
1434 1882 1705 1936 timorem.
1750 1878 1855 1934 Sed
1892 1878 2031 1933 sicut
2062 1891 2201 1944 equo
2302 1867 2540 1936 cepimus
2596 1863 2887 1933 οοεῖιὲιιιιῐῐι
2926 1871 2984 1916 ει
3036 1875 3255 1915 “mum
3281 1868 3390 1952 rel
3448 1858 3516 1909 ²ιί
3572 1870 3673 1907 “03
3729 1866 3899 1952 Lisci.“

636 1988 1017 2042 nonnunquam
1042 1974 1259 2039 territo,
1282 1984 1335 2029 et
1361 1973 1574 2028 nolente
1606 1982 1808 2027 rectum
1852 1971 1954 2026 iter
1987 1978 2199 2039 petere,

635 2078 692 2122 et
727 2066 876 2121 freno
903 2068 1007 2119 vim
1033 2067 1258 2123 facimus
1284 2110 1299 2135 ,
1325 2078 1379 2123 et
1405 2068 1672 2124 calcaneis
1704 2076 1996 2136 pungentes
2024 2065 2201 2120 corri-

638 2159 845 2225 gimus.
874 2168 927 2213 et
961 2160 1231 2215 refrenare
1284 2168 1554 2215 tentamus
1600 2160 1668 2213 ab
1717 2158 1799 2212 his
1828 2172 1945 2221 qua
1992 2157 2040 2211 ei
2097 2170 2199 2208 non

638 2250 992 2303 c0ncedimus
1025 2269 1038 2305 :
1072 2251 1145 2304 ita
1189 2260 1242 2305 et
1280 2267 1422 2306 nunc
1456 2250 1711 2305 extollere
1742 2250 1805 2303 ad
1853 2249 2016 2302 Deum
2052 2245 2201 2315 cogi-

639 2349 809 2392 tatum
838 2338 1129 2405 debemus,
1162 2352 1465 2409 quarentes
1495 2342 1583 2396 illa
1621 2355 1741 2409 qua
1762 2349 1815 2394 et
1837 2338 2116 2407 Scriptura
2138 2338 2203 2391 de

640 2429 751 2481 Deo
789 2428 955 2497 quaeri
983 2431 1245 2497 permittit
1276 2448 1288 2483 :
1318 2432 1441 2499 quia
1494 2446 1669 2499 neque
1716 2430 1768 2483 in
1824 2429 1984 2483 domo
2024 2428 2198 2487 Deus.

641 2532 819 2588 neque
846 2520 899 2573 in
950 2520 1271 2587 simulacro;
1298 2536 1402 2575 non
1436 2519 1488 2575 in
1524 2530 1705 2574 monte
1742 2529 1834 2573 aut
1878 2529 2056 2583 terra;
2094 2532 2199 2572 non

2304 1973 2514 2027 semper
2535 1956 2685 2027 quod
2713 1964 2833 2009 erat
2867 1955 3218 2016 honoratius,
3262 1951 3647 2005 additamenta
3698 1946 3868 1998 cilicia

2302 2048 2498 2102 bantur
2530 2043 2903 2099 honoratiora.
2937 2040 3104 2096 Nobis
3146 2051 3324 2094 autem
3360 2040 3426 2093 ad
3459 2042 3749 2107 superiora
3786 2040 3891 2104 iam

2301 2151 2405 2189 nou
2432 2150 2498 2187 ex
2534 2131 2914 2187 additamentis
2938 2130 3251 2201 agnoscitur
3271 2129 3507 2197 dignitas
3530 2168 3545 2189 .
3577 2130 3673 2181 sed
3711 2132 3754 2179 si
3786 2126 3893 2179 ior-

2304 2237 2353 2281 te
2380 2243 2409 2279 a
2456 2224 2881 2280 detractionibus
2916 2240 2930 2278 :
2964 2223 3352 2276 detractionem
3391 2232 3576 2273 autem
3610 2221 3735 2273 dico
3786 2236 3885 2271 non

2300 2335 2361 2374 es
2396 2318 2482 2373 his
2504 2332 2623 2387 quae
2648 2316 2757 2387 jam
2787 2322 2913 2369 sunt
2947 2324 3004 2369 et
3036 2314 3337 2378 habentur,
3364 2312 3705 2366 ablationem
3732 2349 3747 2371 ,
3796 2312 3885 2363 sed

2308 2412 2479 2479 ipsam
2514 2414 2763 2461 naturam
2787 2420 2907 2475 quae
2941 2419 3047 2459 non
3081 2404 3309 2473 indiguit
3340 2403 3494 2457 istis:
3532 2411 3591 2455 ut
3623 2412 3751 2470 puta
3784 2417 3884 2455 non

2300 2499 2463 2553 habet
2529 2510 2747 2551 necesse
2802 2493 3112 2565 angelorum
3178 2508 3423 2549 crescere
3454 2503 3655 2547 natura
3699 2510 3714 2545 :
3771 2508 3885 2560 quae

643 2610 697 2664 in
730 2581 859 2665 aere
888 2611 1021 2681 (52),
1055 2627 1151 2667 nec
1177 2612 1227 2665 in
1258 2581 1377 2682 ipso
1398 2622 1509 2668 toto
1540 2614 1714 2677 celo;
1755 2628 1928 2681 neque
1962 2581 2203 2668 reclusus

2311 2590 2446 2643 enim
2476 2601 2581 2641 non
2618 2594 2914 2656 augentur,
2945 2592 3001 2639 et
3035 2599 3140 2638 non
3170 2584 3515 2638 minuuntur.
3555 2581 3702 2648 Quid
3756 2596 3883 2653 ergo

641 2710 761 2766 est,
790 2716 963 2771 neque
989 2704 1287 2769 retinetur,
1318 2719 1490 2774 neque
1523 2704 1770 2759 conlisus
1810 2715 1895 2759 est
1922 2719 1937 2757 :
1967 2717 2059 2759 seu
2084 2721 2202 2759 om-

641 2793 729 2847 nia
760 2795 972 2862 quidem
998 2795 1405 2861 incorporaiiter
1429 2796 1663 2867 complet
1688 2836 1703 2860 ,
1731 2797 1797 2851 ab
1821 2798 2071 2851 omnibus
2102 2812 2203 2850 au-

644 2891 750 2935 tem
775 2883 1208 2938 inenarrabiliter
1232 2895 1316 2939 est
1338 2895 1638 2954 separatus.
1674 2885 1783 2941 Nos
1806 2895 1986 2943 autem
2020 2897 2074 2941 et
2097 2887 2205 2943 late

644 2972 931 3027 lrridemus
956 2989 1087 3037 eos,
1127 2976 1215 3043 qui
1261 2984 1447 3043 putant
1498 2991 1619 3031 esse
1650 2976 1846 3043 Deum,
1900 2986 1993 3031 aut
2039 2978 2203 3041 deos,

648 3070 904 3129 tanquam
937 3078 1153 3132 gregem
1205 3064 1487 3133 quemdam
1536 3065 1803 3120 reclusum
1846 3068 1898 3120 in
1936 3068 2155 3121 mandra
2189 3084 2204 3120 :

647 3151 844 3219 quippe
872 3152 1023 3204 valde
1064 3161 1117 3205 et
1164 3154 1607 3220 reprehendimus
1651 3169 1779 3221 eos,
1817 3156 1907 3223 qui
1939 3155 2119 3209 volunt
2154 3155 2208 3208 in

649 3238 959 3294 simulacris
997 3239 1223 3292 virtutes
1263 3240 1473 3293 divinas
1518 3240 1757 3293 reclusas
1795 3240 2017 3303 haberi,
2060 3255 2126 3295 ex
2158 3239 2210 3293 vi

653 3328 857 3385 scilicet
900 3330 1171 3383 hominum
1198 3330 1573 3396 malignorum.
1618 3328 1906 3385 lrridemus
1934 3331 2075 3385 enim
2119 3344 2212 3383 eos

654 3434 775 3475 cum
804 3419 1016 3473 habitus
1042 3421 1269 3489 appositi
1304 3420 1506 3474 fuerint
1542 3422 1593 3475 in
1636 3421 1967 3485 simulacris,
2000 3420 2212 3489 quidam

652 3510 868 3579 quidem
908 3511 1259 3576 feminarum,
1320 3513 1535 3581 quidam
1585 3522 1761 3566 autem
1815 3513 2215 3577 masculorum,

648 3612 705 3654 \J
731 3600 1169 3669 quadrupedum.
1196 3614 1250 3657 et
1290 3602 1643 3671 serpentium.
1678 3602 1907 3655 Tantum
1949 3603 2094 3655 enim
2134 3602 2216 3656 lu-

653 3705 803 3745 crum
826 3691 1066 3757 capimus
1099 3707 1161 3745 ex
1196 3692 1545 3758 iisdem,quia
1574 3706 1639 3744 ex
1672 3692 1754 3745 his
1785 3706 1905 3759 quae
1935 3690 2022 3744 alii
2062 3690 2221 3746 aliter

654 3792 707 3834 et
736 3782 922 3836 dicunt
944 3793 998 3837 et
1018 3792 1214 3853 agunt,
1241 3792 1295 3836 et
1326 3783 1558 3835 conﬂant
1593 3791 1647 3839 et
1692 3782 2049 3845 dissentiunt,
2093 3798 2222 3837 con-

2232 2666 2275 2722 Β
2304 2678 2533 2735 inferior
2565 2688 2649 2733 est
2680 2685 2873 2731 natura
2922 2676 3232 2747 angelorum
3253 2716 3271 2741 ,
3307 2675 3434 2744 quia
3483 2674 3719 2729 arbores
3771 2675 3885 2741 qni-

2303 2770 2423 2824 dem
2452 2778 2507 2823 et
2546 2767 2743 2838 plantas
2771 2777 3105 2837 pascuntur,
3139 2775 3194 2819 et
3237 2772 3521 2830 crescunt,
3573 2774 3629 2818 et
3682 2766 3884 2820 addita-

2307 2868 2491 2915 menta
2522 2859 2833 2927 accipiunt;
2876 2857 3186 2925 angelorum
3232 2864 3411 2911 autem
3463 2866 3659 2910 natura
3710 2871 3883 2926 neque

2307 2951 2611 3023 germinat,
2644 2964 2817 3019 neque
2850 2948 3256 3017 pullulationem
3306 2946 3534 3018 suscipit
3556 2987 3573 3011 ,
3611 2962 3791 3014 neque
3826 2956 3883 3000 ut

2310 3051 2569 3113 pascatur
2602 3050 2694 3095 aut
2726 3040 2956 3095 addatur
2977 3040 3001 3095 ἲ
3022 3040 3118 3095 Cui
3151 3039 3294 3094 enim
3329 3038 3531 3093 ablatio
3563 3037 3882 3092 incrementi

2310 3144 2395 3188 est
2420 3142 2474 3189 et
2504 3132 2733 3187 aliorum
2763 3144 2884 3200 qua
2934 3128 3202 3194 diximus,
3235 3143 3341 3184 non
3380 3137 3463 3184 est
3506 3129 3763 3183 damnum
3803 3128 3883 3183 bis

2311 3225 2402 3293 qui
2440 3224 2722 3294 possident
2750 3224 2867 3281 sine
2895 3222 3014 3277 istis
3042 3221 3094 3275 id
3120 3222 3265 3292 quod
3293 3230 3419 3276 sunt
3440 3259 3456 3285 ,
3487 3222 3582 3275 sed
3608 3220 3881 3289 dignitatis

2311 3316 2604 3370 eminentia
2639 3332 2655 3369 :
2688 3318 2853 3371 multa
2887 3315 3031 3370 enim
3070 3327 3174 3368 non
3222 3314 3405 3367 insunt
3443 3312 3681 3383 angelis,
3716 3329 3879 3383 neque

2314 3410 2511 3462 adsunt
2552 3424 2672 3477 qua:
2698 3410 2749 3463 in
2785 3406 2939 3461 nobis
2965 3409 3247 3463 habentur.
3283 3406 3349 3461 Et
3404 3421 3508 3460 non
3558 3408 3684 3475 quia
3739 3408 3877 3462 deest

2317 3500 2422 3554 illis
2444 3516 2563 3569 quae
2592 3517 2696 3555 non
2734 3501 2970 3563 habent,
3007 3499 3100 3553 sed
3131 3499 3253 3567 quia
3292 3514 3389 3553 nos
3427 3499 3734 3569 indigemus
3766 3500 3875 3562 his,

2321 3593 2438 3647 ideo
2464 3595 2618 3646 nobis
2648 3594 2800 3647 adest
2826 3594 2889 3646 ad
2922 3592 3171 3647 solatium
3199 3591 3249 3643 id
3288 3592 3429 3660 quod
3465 3593 3532 3645 ab
3566 3592 3755 3647 iisdem
3792 3592 3877 3646 de-

2322 3686 2550 3738 iicimus.
2584 3682 2701 3737 Non
2742 3692 2867 3737 sunt
2900 3685 3099 3752 nuptiz
3128 3683 3267 3753 apud
3299 3682 3537 3752 angelos.
3576 3683 3710 3736 Data
3728 3684 3873 3739 .enim

2322 3786 2403 3829 est
2442 3778 2559 3829 vim
2615 3776 2805 3829 mulier
2838 3776 2900 3829 ad
2951 3775 3273 3839 adiutorium
3312 3793 3326 3829 :
3360 3774 3677 3844 angelorum
3712 3783 3872 3829 autem

657 3872 878 3924 ﬁtentur
914 3871 1039 3939 quia
1088 3886 1210 3924 eum
1262 3871 1350 3939 qui
1406 3870 1665 3937 quaritur
1721 3869 1986 3937 ignorant.
2041 3865 2225 3936 Neque
2327 3870 2693 3937 unusquisque
2719 3868 2937 3937 propria
2964 3878 3151 3921 natura
3190 3864 3383 3921 sufﬁcit
3418 3867 3543 3920 sibi.
3596 3865 3711 3921 Non
3756 3880 3872 3921 coo-

653 3962 796 4015 enim
828 3977 1023 4030 corpus
1047 3972 1127 4015 est
1161 3963 1301 4016 Deus
1324 4002 1339 4025 ,
1370 3976 1547 4029 neque
1579 3962 1821 4027 corporis
1861 3960 2093 4029 aliquid,
2126 3958 2221 4011 ali-
2246 3992 2291 4053 ο
2330 3959 2583 4011 ficiuntur
2613 3958 2816 4027 angelis
2846 3961 3186 4025 indumenta,
3218 3968 3277 4012 ut
3319 3967 3618 4011 contexant
3644 3958 3755 4028 (55)
3772 3973 3874 4027 qu:

653 4048 775 4116 quis
797 4058 853 4101 ut
881 4059 1004 4117 puta
1037 4050 1217 4114 color;
1252 4063 1423 4119 neque
1454 4049 1507 4101 in
1541 4063 1785 4115 corpore.
1810 4049 1979 4117 qualis
2001 4056 2218 4117 putatur

655 4152 774 4191 esse
806 4138 1013 4202 anima;
1040 4152 1210 4207 neque
1236 4126 1378 4192 circa
1407 4154 1604 4206 corpus
1628 4179 1641 4203 ,
1678 4139 1817 4192 sicut
1855 4148 2072 4206 putatur
2104 4151 2219 4191 sen-

656 4242 778 4292 sus;
826 4228 921 4281 sed
961 4227 1092 4281 liber
1116 4238 1197 4281 est
1229 4238 1283 4281 et
1322 4242 1350 4281 a
1410 4240 1600 4282 natura
1632 4228 1876 4297 corporis
1911 4236 1966 4281 et
2010 4229 2214 4281 habitu.

656 4317 911 4385 Corporis
937 4318 1077 4369 enim
1113 4329 1307 4370 natura
1340 4320 1388 4370 in
1418 4320 1807 4385 compositione
1833 4318 2075 4371 habetur.
2092 4318 2219 4384 Quae

658 4418 835 4465 autem
863 4419 1290 4477 componuntur,
1321 4412 1498 4463 omnia
1520 4424 1584 4465 ea
1615 4426 1735 4480 qua:
1769 4421 1894 4465 ante
1921 4410 2032 4478 jam
2076 4410 2219 4465 facta

655 4511 803 4562 sunt.
836 4501 1277 4569 compositionem
1316 4503 1581 4569 accipiunt
1618 4522 1630 4556 :
1668 4512 1725 4555 ut
1757 4515 1881 4571 puta
1904 4504 2045 4571 quod
2076 4503 2219 4570 dico,

659 4588 862 4657 lapides
905 4597 1058 4642 erant
1094 4592 1288 4656 creati,
1322 4592 1641 4659 compositio
1685 4592 1924 4659 lapidum
1956 4590 2081 4645 fecit
2120 4592 2218 4646 do-

658 4696 823 4733 mum.
849 4680 987 4735 Deus
1018 4694 1190 4736 autem
1226 4684 1335 4752 ipse
1362 4694 1545 4737 auctor
1570 4694 1624 4738 et
1665 4684 1874 4738 initium
1903 4693 2009 4747 est,
2038 4694 2092 4737 et
2115 4700 2218 4737 non

659 4775 725 4826 ab
756 4774 837 4827 his
875 4789 991 4841 qua:
1021 4785 1179 4827 erant
1211 4776 1382 4840 facta,
1418 4777 1532 4845 ipse
1569 4778 1894 4844 compositus
1927 4777 2214 4831 invenitur.

662 4862 896 4930 Simplex
927 4866 1067 4918 enim
1098 4876 1149 4919 et
1181 4867 1467 4921 uniformis
1494 4877 1576 4922 est
1606 4869 1743 4923 Deus
1782 4869 1900 4938 (55)
1922 4910 1937 4936 ,
1974 4879 2024 4923 et
2072 4884 2221 4923 com-

660 4955 865 5021 positus
890 4956 942 5021 (5
958 4955 1023 5024 ι),
1050 4956 1246 5025 quippe
1295 4959 1480 5010 vivens
1515 4957 1630 5025 ipsa
1674 4974 1793 5027 qua
1847 4970 1949 5013 est.
1980 4959 2217 5027 Corpora

660 5047 801 5097 enim
835 5060 953 5113 qum
985 5048 1256 5115 accipiunt
1282 5048 1484 5112 vitam,
1510 5048 1620 5116 ipsa
1647 5058 1701 5103 et
1737 5049 2053 5103 fraudantur
2087 5050 2215 5103 vita.

664 5139 761 5202 Qui
792 5147 965 5191 autem
1000 5154 1097 5193 nec
1124 5140 1331 5193 initium
1360 5142 1567 5211 accepit
1608 5142 1777 5212 (Deus
1808 5145 1951 5196 enim
2008 5131 2217 5197 initium

664 5245 768 5280 non
797 5232 1001 5296 accepit
1042 5254 1054 5285 ;
1088 5233 1207 5299 quis
1237 5236 1375 5287 enim
1408 5244 1460 5287 et
1488 5234 1717 5304 daret?)
1744 5251 1847 5288 non
1882 5238 1990 5290 vita
2025 5237 2076 5289 in
2101 5252 2223 5291 cor-

2320 4050 2651 4104 cohabitant.
2680 4049 2791 4104 Non
2817 4050 3004 4105 domus
3026 4048 3453 4116 iisdem;suﬂicit
3481 4050 3627 4103 enim
3650 4049 3833 4106 calum
3858 4069 3868 4102 :

2320 4158 2422 4195 non
2459 4141 2611 4197 lectis
2655 4143 2858 4213 indiget
2901 4144 3018 4199 sine
3058 4159 3263 4199 sommo
3290 4153 3505 4197 natura.
3550 4142 3666 4197 Non
3702 4157 3869 4198 mensa

2319 4233 2457 4300 apud
2480 4247 2574 4287 eos
2610 4249 2624 4287 :
2658 4232 2800 4289 forte
2828 4245 3010 4288 autem
3052 4250 3151 4289 nec
3181 4242 3481 4303 pascuntur
3514 4250 3529 4287 :
3570 4250 3758 4287 aurum
3787 4248 3869 4289 as-

2322 4334 2425 4377 tem
2448 4332 2501 4378 et
2525 4334 2807 4393 argentum
2843 4333 2898 4380 et
2933 4324 3285 4379 atramentum
3326 4334 3381 4379 et
3424 4324 3629 4378 ferrum
3651 4364 3666 4388 ,
3694 4334 3745 4380 et
3771 4340 3870 4380 utn-

2320 4416 2407 4471 nia
2438 4433 2556 4486 quze
2600 4419 2861 4472 miramur
2893 4428 3073 4473 creata
3132 4427 3186 4471 et
3238 4418 3449 4471 inventa
3474 4456 3490 4482 ,
3523 4418 3665 4487 apud
3714 4434 3801 4475 nos
3824 4427 3869 4474 et

2321 4523 2452 4563 usus
2479 4507 2707 4575 habetur
2730 4550 2745 4575 ,
2785 4509 2890 4563 illic
2942 4519 3119 4562 autem
3149 4524 3248 4562 nec
3277 4510 3609 4578 nuncupatio
3649 4509 3869 4565 nomina-

2322 4608 2437 4665 tur,
2478 4615 2578 4654 nec
2606 4601 2895 4653 invenitur.
2927 4599 3065 4665 Quid
3096 4600 3264 4671 ergo?
3291 4617 3415 4655 num
3441 4616 3507 4656 ex
3562 4601 3727 4657 tantis
3768 4616 3867 4673 qua

2320 4700 2571 4759 putamus
2593 4706 2619 4744 a
2647 4692 2800 4745 nobis
2840 4692 2996 4745 honis
3026 4706 3344 4760 superamus
3384 4695 3698 4764 angelorum
3729 4702 3863 4751 uatu-

2322 4783 2484 4836 ram?
2524 4782 2631 4837 Nos
2660 4786 2803 4837 enim
2840 4784 3036 4837 divites
3069 4799 3203 4838 auro
3226 4801 3441 4850 sumus,
3473 4789 3652 4858 angeli
3689 4804 3857 4843 aurum

2324 4890 2427 4927 non
2459 4874 2654 4929 habent
2685 4893 2701 4930 :
2745 4888 2855 4929 non
2893 4876 3011 4930 ideo
3040 4892 3302 4947 pauperes
3352 4878 3730 4945 inveniuntur,
3755 4882 3859 4950 quia

2323 4984 2511 5021 aurum
2545 4970 2682 5039 apud
2711 4970 2829 5022 illos
2858 4984 2961 5023 non
2986 4979 3103 5034 est;
3136 4971 3228 5025 sed
3266 4971 3437 5041 magis
3464 4970 3537 5024 illi
3565 4971 3863 5043 divites,qui

2322 5070 2421 5111 nec
2448 5073 2580 5111 auro
2610 5058 2851 5127 indigent
2880 5068 3063 5113 nostro
3090 5074 3188 5115 nec
3212 5071 3455 5129 argento.
3486 5059 3624 5125 Quid
3655 5075 3778 5135 opus
3794 5072 3863 5135 est

2322 5147 2522 5202 ferrum
2556 5150 2610 5203 in
2640 5150 2835 5204 caelis?
2863 5160 3043 5203 utrum
3080 5151 3147 5205 ad
3175 5150 3477 5214 culturam,
3518 5160 3613 5205 aut
3643 5154 3708 5207 ad
3731 5155 3862 5207 nari-

2322 5240 2587 5310 gationem
2614 5264 2637 5308 ,λ
2660 5253 2749 5293 aut
2778 5242 2842 5292 ad
2879 5242 3074 5295 bellum
3101 5283 3117 5308 ,
3147 5254 3239 5296 aut
3272 5242 3339 5295 ad
3364 5242 3729 5297 medicinam?
3749 5244 3860 5311 Quid

669 5334 795 5384 pore
824 5330 901 5372 est
938 5322 1077 5374 Dens
1101 5364 1113 5383 ,
1147 5326 1235 5377 sed
1266 5326 1393 5379 vita.
1420 5327 1473 5379 in
1510 5336 1714 5381 unitum
1746 5328 1888 5381 enim
1924 5329 2114 5395 repetit
2136 5344 2225 5383 co-
2254 5331 2300 5390 D
2327 5347 2460 5401 opus
2490 5340 2573 5386 est
2600 5332 2943 5401 permistione
2978 5333 3120 5398 illis,
3168 5335 3257 5389 ubi
3290 5349 3394 5387 non
3435 5343 3564 5388 sunt
3594 5346 3855 5391 commuta-

669 5410 863 5474 gitatus
898 5418 1033 5479 quod
1084 5416 1183 5466 sibi
1216 5418 1348 5471 utile
1397 5419 1665 5473 invenitur
1699 5434 1713 5471 :
1742 5420 1864 5488 quia
1906 5430 2069 5489 petra!
2097 5422 2219 5490 qui-

670 5547 851 5666 .eiiil)
892 5548 984 5602 Ms.
1032 5562 1121 5602 aut
1194 5555 1244 5605 in
1310 5567 1468 5619 terra,
1515 5575 1614 5611 non
1680 5561 1734 5612 in
1788 5560 1956 5623 mari,
2019 5575 2119 5613 non
2167 5560 2221 5615 in

736 5632 803 5666 η’.

736 5632 803 5666 η’.

746 5684 859 5751 (55)
920 5685 1008 5741 iis.
1082 5688 1307 5759 Sum-ria:
1366 5696 1497 5752 enim
1533 5706 1576 5752 et
1604 5697 1838 5767 informis
1870 5709 1939 5755 ut
1972 5697 2128 5755 Deus.

2330 5424 2547 5480 tiones?
2571 5422 2675 5478 Sed
2711 5440 2809 5479 nec
2844 5425 3016 5480 servis
3047 5440 3184 5497 opus
3231 5434 3314 5480 est
3345 5426 3424 5480 eis
3450 5445 3465 5481 :
3497 5426 3695 5484 sollicit
3742 5427 3854 5483 estin

2400 5564 2510 5635 (58)
2545 5564 2894 5635 compositus.
2913 5562 3085 5635 forte
3104 5604 3119 5628 ,
3148 5564 3536 5631 incompositus.

2402 5632 2523 5707 (55')
2567 5632 2875 5691 Contemni.
2911 5633 3102 5703 Forte,
3138 5644 3429 5707 contegunt.
