4072 6432
169 277 312 338 “‘9

947 278 1039 335 DE
1089 278 1180 351 EO
1219 278 1411 349 QUOD
1447 277 1633 336 ΒΕἩὸ
1669 277 1903 335 PATER
1937 273 2444 336 INCOBPOBALIS
2481 271 2633 330 EST.

3303 267 3441 325 “50

168 389 546 461 unusquisque
594 390 716 446 sibi.
745 390 812 446 Et
840 406 960 462 qua
988 401 1243 463 putamus
1283 390 1440 446 nobis
1472 405 1594 445 esse
1637 403 1753 443 ma-
1787 389 1833 445 Α
1861 398 2113 459 pratum;
2146 397 2203 444 et
2226 387 2547 442 assistentes
2574 383 2747 455 pratis
2767 423 2784 449 ,
2825 384 3108 440 videamus
3147 399 3252 438 non
3295 400 3440 440 nunc

168 499 278 556 gna
295 524 314 552 ,
341 493 400 539 et
420 485 562 539 bona
582 523 598 549 ,
625 491 681 538 et
711 484 1020 539 necessaria
1045 498 1272 554 quaque
1308 491 1436 537 sunt
1463 481 1651 547 nobis;
1676 479 1751 534 illi

170 582 380 630 natura
399 573 578 630 omnia
601 583 726 630 sunt
745 574 926 628 otiosa
963 592 977 628 :
1012 584 1068 629 et
1089 586 1428 644 quaecunque
1455 586 1522 628 ex
1546 571 1753 624 anima-

171 665 316 720 libus
365 665 523 720 nobis
548 674 669 719 sunt
712 663 905 732 utilia,
955 664 1064 720 illis
1092 671 1222 719 sunt
1269 678 1376 718 non
1419 660 1747 717 necessaria.

171 755 385 811 Tauros
408 757 553 810 enim
581 758 648 811 ad
673 757 940 811 culturam
991 771 1101 812 non
1147 756 1348 812 habent
1373 769 1510 826 Opus
1529 795 1544 818 ,
1576 767 1752 822 neque

166 861 342 918 equos
369 848 438 902 ad
463 848 660 904 bellum
688 865 704 904 :
732 863 840 903 non
869 847 1112 918 indigent
1150 847 1276 918 igtte
1309 846 1376 901 ad
1423 844 1708 900 luminaria
1731 883 1747 907 ,

167 952 344 1007 neque
371 952 434 992 ea
471 953 590 1008 quae
611 954 712 1010 per
742 940 921 1010 ignem
961 939 1028 994 ad
1075 953 1286 993 curam.
1331 936 1448 992 Non
1498 951 1636 1007 aqua
1667 943 1753 990 est

164 1028 249 1082 eis
272 1029 577 1085 necessaria
601 1069 618 1095 ,
645 1045 751 1084 non
777 1045 844 1085 ex
874 1030 1034 1094 mari,
1058 1045 1167 1083 non
1200 1045 1269 1084 ex
1298 1039 1439 1083 terra
1471 1045 1487 1082 :
1519 1042 1626 1082 non
1658 1024 1748 1080 illa

165 1132 287 1187 qua:
311 1131 379 1172 ex
405 1118 669 1176 imbribus
691 1131 1031 1190 apportatur.
1061 1119 1182 1176 Non
1227 1134 1481 1175 somnum
1513 1119 1581 1172 ad
1610 1117 1750 1173 refe-

164 1209 404 1264 ctionem
435 1211 802 1266 necessarium
831 1211 1058 1277 habent,
1085 1225 1192 1266 non
1225 1225 1380 1266 escas
1399 1210 1467 1264 ad
1492 1207 1746 1265 salutem.

165 1296 336 1355 Forte
381 1308 562 1355 autem
589 1301 806 1369 quidem
855 1309 912 1356 et
965 1299 1238 1355 mirantur
1287 1299 1610 1364 audientes,
1653 1295 1746 1365 qui

167 1400 354 1448 mente
379 1393 447 1447 ad
475 1392 789 1463 angelorum
813 1394 1011 1449 choros
1054 1408 1160 1448 non
1194 1399 1579 1462 pervenerunt.
1621 1388 1748 1457 Qui-

161 1481 269 1540 bus
293 1482 442 1540 enim
481 1483 764 1540 beatitudo
784 1493 870 1539 est
897 1484 942 1539 si
968 1485 1296 1539 manducent
1336 1493 1393 1538 et
1438 1481 1660 1547 bibant,
1691 1489 1748 1536 et

168 1576 380 1645 nuptiis
405 1584 647 1642 utantur,
679 1584 733 1630 et
760 1574 1136 1644 possessiones
1163 1572 1431 1639 habeant,
1453 1581 1508 1627 et
1530 1573 1750 1627 thesau-

165 1681 262 1722 ros
278 1666 608 1730 recondant,
641 1675 697 1722 et
719 1664 1026 1735 jndiciariis
1065 1663 1424 1734 dignitatibus
1459 1661 1745 1734 perfruan-

1857 481 2022 536 flores
2049 488 2311 536 exeuntes
2332 517 2349 543 ,
2385 491 2556 546 neque
2579 475 2852 531 coloribus
2879 475 3061 530 varios
3079 517 3096 542 ,
3153 489 3330 540 neque
3383 475 3438 527 in

1854 573 2119 629 odoribus
2147 572 2428 636 diversos;
2461 569 2556 624 sed
2578 567 2858 623 videamus
2880 567 2987 622 illic
3016 565 3154 622 ctelo
3187 566 3437 635 superius

1868 668 2048 722 locum
2076 703 2092 726 .
2125 681 2222 734 per
2256 663 2477 734 angelos
2501 672 2684 718 autem
2714 660 3106 733 splendentem.
3144 657 3436 714 Multitudo

1860 760 2004 816 enim
2038 759 2150 816 illic
2183 774 2289 815 non
2327 766 2475 813 tanta
2500 766 2702 827 quanta
2728 763 2814 811 est
2839 755 3140 810 stellarum.
3177 752 3236 810 Si
3285 751 3432 808 enim

1853 860 1910 905 et
1946 849 2131 904 multa:
2165 858 2294 902 sunt
2321 847 2511 911 stellae,
2545 847 2640 900 sed
2668 845 2721 900 in
2755 844 3220 911 magnitudinibus
3241 852 3296 897 et
3318 856 3437 897 cor-

1855 941 2080 1011 poribus
2107 938 2420 994 constituta:
2441 977 2457 1004 ,
2500 937 2636 992 locis
2664 937 2903 1017 indigent
2923 977 2939 1002 ,
2965 945 3021 990 et
3045 949 3112 990 ex
3163 935 3434 1002 magnitu-

1858 1033 1986 1089 dine
2015 1032 2141 1088 cmli
2174 1030 2460 1086 multitudo
2484 1039 2834 1084 mensuratur
2850 1042 2912 1082 ea
2924 1043 3062 1083 rum.
3083 1025 3269 1079 Tanta:
3287 1022 3435 1078 enim

1851 1138 2016 1189 sunt,
2061 1132 2293 1191 quantas
2322 1122 2471 1191 capit
2515 1131 2572 1175 et
2617 1120 2838 1176 caelum.
2887 1117 3074 1187 Angeli
3111 1124 3289 1170 autem
3326 1129 3433 1168 non

1849 1219 2108 1289 indigent
2132 1215 2250 1272 loco
2272 1255 2289 1280 ,
2324 1216 2418 1269 sed
2451 1214 2604 1269 liberi
2636 1230 2666 1267 a
2721 1213 2853 1267 locis
2883 1212 3126 1265 viventes
3164 1222 3330 1275 sunt,
3379 1217 3437 1266 et

1851 1308 1906 1363 itt
1942 1308 2264 1363 alterutrum
2304 1315 2549 1375 agentes.
2587 1301 2706 1357 Non
2747 1304 2801 1358 in
2843 1300 3161 1357 confusione
3205 1301 3434 1370 quippe,

1851 1415 1954 1456 nec
1980 1396 2348 1453 exsultatione
2396 1411 2659 1466 corporea
2686 1435 2701 1460 ,
2741 1395 2834 1450 sed
2889 1407 3101 1462 semper
3146 1393 3200 1446 in
3233 1392 3438 1448 lumine

1849 1499 2019 1548 sunt:
2055 1491 2156 1560 ipsi
2183 1488 2364 1542 lumen
2401 1486 2504 1542 tale
2527 1526 2544 1553 ,
2583 1487 2772 1555 quales
2804 1493 2858 1539 et
2914 1492 3061 1538 sunt.
3111 1483 3266 1553 Apud
3318 1483 3438 1538 illos

1849 1583 1994 1639 enim
2019 1597 2123 1636 non
2150 1596 2257 1635 nox
2293 1580 2360 1634 ad
2404 1579 2767 1634 refeCtionem
2800 1577 3032 1631 habetur
3055 1617 3070 1640 ,
3096 1592 3202 1630 non
3231 1575 3346 1629 dies
3369 1573 3435 1627 ad

1851 1675 2340 1731 exsurrectionem.
2370 1671 2598 1740 Semper
2627 1668 2773 1723 enim
2796 1668 3001 1723 habent
3030 1665 3207 1720 lumen
3231 1708 3245 1732 ,
3279 1675 3332 1720 et
3356 1665 3438 1718 lu.

166 1766 292 1821 tur;
319 1756 406 1812 his
433 1755 594 1811 etiam
625 1770 688 1811 ea
717 1769 838 1825 qua:
864 1770 1026 1824 supra
1059 1754 1163 1810 ista
1201 1763 1330 1808 sunt
1349 1793 1364 1818 ,
1391 1753 1603 1807 minora
1645 1767 1747 1821 puo

1858 1781 1982 1822 men
2025 1781 2129 1820 non
2159 1765 2262 1819 hoc
2295 1761 2438 1832 quod
2492 1761 2631 1831 apud
2661 1774 2759 1814 nos
2799 1768 2900 1814 est.
2933 1758 3048 1812 Hoc
3091 1759 3237 1812 enim
3265 1757 3438 1811 sensi-

165 1857 380 1903 tantur.
412 1846 520 1904 Sed
554 1862 662 1902 non
710 1845 1148 1901 contaminemus
1178 1853 1427 1900 sanctum
1455 1843 1604 1898 illum
1647 1857 1746 1897 an-

161 1941 412 2012 gelorum
435 1941 658 1996 chorum
683 1955 700 2005 ;
738 1954 848 1995 non
880 1939 954 1993 sit
988 1937 1059 1994 ibi
1085 1936 1287 1992 femina
1310 1975 1326 2001 ,
1357 1936 1447 1991 ubi
1475 1934 1747 1991 successio

167 2031 484 2088 necessaria
523 2046 629 2088 non
676 2039 782 2086 est.
814 2028 932 2085 Non
974 2028 1102 2100 quia
1142 2035 1450 2084 creaturam
1491 2041 1691 2082 accuso
1727 2044 1742 2080 ε

159 2123 589 2194 unumquodque
616 2123 762 2177 enim
789 2118 1024 2176 ofﬁcium
1078 2120 1134 2175 in
1184 2133 1281 2175 sua
1337 2126 1527 2173 natura
1569 2117 1744 2187 jacet;

164 2212 306 2270 bene
329 2213 653 2268 translatum
690 2223 872 2268 autem
899 2226 929 2266 a
973 2211 1089 2267 suis
1113 2211 1284 2278 locis,
1328 2219 1386 2266 et
1433 2211 1747 2281 regionibus

166 2314 222 2362 et
252 2315 446 2361 natura
469 2307 538 2361 ad
567 2320 728 2375 quam
756 2305 1049 2360 constituta
1076 2313 1198 2370 est,
1240 2314 1464 2361 revocat
1487 2303 1556 2360 ad
1589 2317 1651 2359 se
1673 2302 1748 2358 le-

162 2400 253 2470 gis
281 2397 481 2453 divinae
505 2397 786 2450 virtutem.
811 2395 1094 2462 Quomodo
1123 2395 1268 2450 enim
1309 2393 1492 2450 decori
1523 2395 1576 2449 in
1609 2393 1746 2449 mari

166 2495 294 2545 sunt
325 2489 554 2560 piscium
605 2489 838 2558 greges?
885 2488 1158 2558 quomodo
1203 2487 1414 2542 decorat
1452 2497 1579 2542 sunt
1624 2486 1748 2541 illo~

163 2596 289 2637 rum
320 2593 375 2635 In
403 2581 674 2636 meatibus
697 2577 976 2633 ﬂuminum
1000 2578 1437 2636 exsultationesf
1476 2579 1748 2649 quomodo

167 2672 348 2728 nitent
381 2672 436 2727 in
466 2672 647 2727 exitus
675 2671 944 2727 fontium?
987 2670 1046 2726 Si
1089 2682 1272 2726 autem
1299 2670 1534 2727 volueris
1574 2671 1746 2735 istos,

164 2773 228 2821 ut
249 2765 388 2821 dans
408 2763 755 2831 beneficium,
780 2779 848 2819 ex
873 2763 1030 2834 aquis
1058 2763 1124 2818 ad
1150 2764 1442 2833 puritatem
1459 2764 1604 2819 aeris
1623 2762 1750 2818 edu-

163 2869 324 2924 cere,
346 2855 414 2912 ad
441 2856 796 2926 perditionem
827 2855 1056 2926 piscium
1091 2853 1412 2909 beneficium
1445 2852 1537 2909 flet
1565 2862 1741 2908 tuum.

169 2947 313 3020 Ergo
339 2947 507 3018 piscis
537 2946 755 3017 quidem
805 2947 877 3002 sit
931 2945 1018 3000 ubi
1067 2952 1182 3010 est;
1227 2945 1444 3013 quidam
1494 2945 1638 3001 enim
1693 2945 1748 3000 in

172 3041 309 3095 mari
348 3048 477 3095 sunt
504 3039 697 3109 positi;
725 3047 780 3094 et
807 3039 919 3094 sint
946 3037 1037 3093 ubi
1081 3037 1161 3092 eis
1199 3047 1283 3091 est
1312 3039 1493 3092 datum
1525 3053 1541 3092 :
1572 3037 1662 3092 alii
1694 3037 1747 3091 in

164 3130 484 3185 ﬂuminibus
513 3139 565 3185 et
594 3129 648 3183 in
677 3128 914 3184 fontibus
953 3139 1181 3194 natant,
1215 3129 1341 3198 quia
1367 3144 1475 3183 non
1509 3127 1748 3197 indigent

167 3224 279 3276 tuis
312 3219 592 3275 beneficiis
616 3222 684 3273 ad
714 3220 1213 3288 interemptionem.
1262 3218 1400 3286 Quid
1427 3220 1600 3290 ergo?
1623 3220 1749 3290 quia

167 3312 310 3364 bona
337 3321 420 3364 est
445 3325 582 3379 aqua
610 3311 847 3380 piscibus
873 3350 890 3376 ,
917 3310 1253 3380 deponamus
1276 3310 1386 3366 illic
1410 3311 1750 3366 exsultantes

168 3412 223 3457 et
258 3401 528 3455 homines.
556 3399 864 3456 Secundum
898 3402 1064 3455 istum
1092 3402 1258 3474 igitur
1284 3417 1621 3470 sermonem,
1640 3404 1750 3457 sint

169 3495 452 3550 masculus
475 3505 530 3551 et
553 3493 752 3550 femina
784 3494 943 3550 utiles
998 3495 1140 3564 apud
1191 3509 1290 3549 nos
1323 3503 1377 3549 et
1419 3494 1749 3562 necessarii,

170 3587 458 3639 hominum
488 3598 668 3638 autent
705 3595 954 3639 naturam
985 3595 1176 3660 contra
1216 3595 1464 3639 naturam
1496 3599 1608 3640 non
1659 3585 1752 3640 de-

170 3693 460 3747 ponamus.
501 3677 557 3732 Si
589 3678 735 3732 enim
765 3677 1058 3732 ascendere
1079 3691 1187 3730 non
1222 3686 1398 3746 potest
1427 3685 1620 3732 natura
1671 3679 1754 3747 pi-

170 3772 348 3825 scium
388 3785 550 3839 supra
574 3778 822 3823 naturam
842 3809 859 3834 ,
889 3769 1160 3839 quomodo
1183 3783 1292 3822 non
1330 3769 1504 3838 magis
1540 3768 1753 3824 timebi-

173 3879 330 3931 tnus,
364 3862 409 3918 si
461 3863 774 3934 angelorum
826 3871 1076 3917 naturam
1125 3863 1292 3916 verbo
1348 3861 1464 3915 ausi
1491 3859 1751 3915 fuerimus

171 3959 450 4028 deponere
471 3994 488 4020 ,
507 3970 629 4026 qua:
654 3969 762 4009 non
795 3953 1116 4010 descendit?
1144 3953 1294 4008 Alias
1318 3963 1499 4007 autem
1537 3962 1596 4006 et
1618 3950 1754 4005 nihil

172 4050 412 4121 amplius
439 4048 528 4104 fiet
572 4063 604 4103 a
645 4048 836 4113 nobis,
891 4048 995 4102 nisi
1034 4055 1097 4117 ut
1134 4045 1591 4115 blasphememus.
1641 4043 1754 4100 Nec

168 4141 321 4196 enim
352 4141 454 4195 etsi
481 4140 810 4195 voluerimus
834 4140 942 4195 vim
973 4141 1154 4196 facere
1181 4138 1256 4192 illi
1280 4149 1517 4204 naturae,
1559 4150 1751 4207 perur-

169 4232 392 4302 gebitur
428 4248 444 4285 :
475 4232 568 4286 sed
597 4231 676 4286 illi
707 4232 926 4302 quidem
951 4239 1170 4287 manent
1191 4230 1344 4285 liberi
1390 4231 1460 4285 ab
1505 4230 1612 4286 isto
1655 4228 1753 4283 ha-

169 4326 294 4379 bitu
321 4325 619 4395 corporali.
652 4323 840 4395 Neque
863 4325 1006 4379 enim
1039 4323 1314 4379 masculus
1340 4337 1516 4392 neque
1551 4322 1748 4377 femina

1779 3095 1822 3152 C

1852 1859 2162 1916 bilitatibus
2193 1864 2566 1911 mensuratum
2595 1863 2716 1919 est,
2744 1851 2874 1907 illud
2917 1859 3097 1904 autem
3135 1848 3277 1902 aliud
3336 1847 3440 1901 ali-

1853 1952 2005 2024 quid.
2030 1948 2174 2004 Nihil
2197 1964 2328 2003 sane
2349 1961 2448 2001 nos
2473 1946 2728 2016 prohibet
2753 1945 2804 1998 ln
2837 1942 3028 1998 iisdem
3054 1941 3187 2010 ipsis
3214 1955 3437 2009 compa-

1852 2043 2160 2102 rationibus
2195 2040 2460 2104 volutari,
2497 2038 2622 2108 quia
2647 2045 2702 2091 et
2731 2034 2970 2105 piscibus
2994 2033 3176 2086 lumen
3208 2031 3442 2085 habetur

1852 2151 1960 2192 non
1985 2143 2192 2190 tantum
2219 2140 2482 2202 quantum
2511 2138 2566 2184 et
2591 2128 2732 2198 apud
2763 2141 2880 2181 nos.
2910 2121 3262 2179 Commistum
3291 2119 3440 2174 enim

1852 2227 1985 2284 illud
2021 2235 2105 2281 est
2138 2225 2315 2279 lumen
2339 2261 2354 2288 ,
2386 2221 2530 2290 quod
2559 2218 2699 2290 apud
2749 2218 2930 2288 pisces
2965 2215 3196 2270 habetur
3236 2212 3437 2282 aquis;

1852 2329 1909 2375 et
1937 2318 2059 2373 ideo
2087 2330 2193 2370 non
2235 2316 2306 2368 ita
2354 2312 2496 2367 sicut
2546 2310 2686 2380 apud
2739 2324 2839 2363 nos
2871 2314 3157 2378 permanet
3204 2318 3442 2374 purum,

1852 2410 1952 2466 sed
1983 2409 2163 2463 lumen
2211 2416 2266 2460 et
2306 2404 2416 2460 illic
2468 2412 2556 2459 est
2587 2420 2602 2456 :
2635 2403 2883 2471 perlucet
2931 2398 3076 2453 enim
3125 2406 3182 2451 et
3234 2396 3308 2450 ibi
3344 2409 3444 2463 per

1855 2515 2028 2571 aquas
2061 2537 2078 2564 ,
2111 2498 2204 2552 sed
2230 2511 2338 2550 non
2366 2495 2541 2550 estita
2574 2507 2768 2564 purum
2793 2500 2852 2546 ut
2896 2489 3076 2544 nobis.
3124 2486 3194 2542 Et
3243 2487 3287 2540 si
3319 2485 3443 2554 quis

1853 2591 2146 2664 aliquando
2176 2589 2225 2644 vi
2255 2589 2446 2643 mersit
2474 2589 2530 2641 in
2557 2599 2726 2656 aquas
2747 2624 2764 2650 ,
2797 2592 2853 2639 et
2879 2583 2934 2638 iu
2965 2581 3123 2652 aquis
3161 2593 3291 2634 suos
3315 2593 3444 2647 ape-

1855 2685 1965 2740 ruit
1989 2683 2174 2739 oculos
2193 2721 2210 2744 ,
2245 2680 2378 2735 vidit
2400 2679 2602 2750 quippe
2624 2678 2768 2748 quod
2791 2675 2933 2748 apud
2983 2689 3084 2730 nos
3111 2679 3195 2728 est
3223 2672 3441 2738 lumen;

1855 2777 2034 2842 videt,
2071 2777 2291 2844 inquam
2314 2813 2329 2838 ,
2366 2771 2471 2826 hoc
2505 2772 2714 2825 clarum
2747 2770 2801 2825 in
2851 2767 3010 2838 aquis
3059 2766 3442 2834 caliginosum.

1861 2868 2090 2925 Utamur
2113 2873 2294 2919 autem
2335 2873 2390 2918 et
2411 2862 2518 2916 alia
2551 2859 2984 2930 comparatione.
3017 2856 3266 2911 Praesens
3294 2852 3441 2907 enim

1856 2959 2015 3014 istius
2051 2958 2198 3011 horae
2226 2954 2546 3011 constitutio
2567 2952 2944 3007 testimonium
2971 2946 3209 3004 sermoni
3242 2947 3445 3012 imper-

1859 3051 1975 3104 tiet.
2032 3046 2144 3101 Hoc
2174 3045 2319 3115 quod
2366 3043 2509 3112 apud
2567 3057 2667 3096 nos
2699 3054 2894 3109 purum
2927 3048 3015 3093 est
3065 3038 3285 3093 lumen:
3315 3032 3442 3102 quia

1859 3139 2002 3192 enim
2034 3136 2205 3191 nubes
2227 3133 2522 3188 adveniens
2557 3131 2806 3186 constitit
2830 3144 2994 3199 super
3023 3141 3147 3188 nos.
3179 3127 3335 3196 aquis
3357 3134 3445 3179 ut-

1859 3240 1982 3301 pote
1999 3229 2184 3297 plena;
2210 3241 2314 3282 non
2345 3222 2594 3294 permisit
2614 3232 2796 3277 autem
2823 3222 2928 3274 tale
2949 3220 3015 3274 ad
3036 3234 3135 3273 nos
3153 3217 3334 3270 lumen
3355 3230 3446 3270 ve-

1861 3326 1999 3388 nire,
2022 3321 2184 3391 quale
2202 3319 2317 3374 heri
2336 3327 2391 3372 et
2416 3317 2626 3388 pridem
2651 3315 2987 3369 habebamus
3005 3313 3056 3365 in
3082 3305 3446 3364 oculis.Aeris

1860 3412 2004 3467 enim
2026 3409 2243 3464 tristitia
2258 3408 2467 3478 pervisa
2487 3405 2934 3472 ostenditquanta
2954 3399 3256 3454 immutatio
3267 3397 3444 3452 eidem

1862 3505 1961 3576 ipsi
1992 3503 2180 3557 lumini
2208 3504 2275 3555 ab
2303 3497 2601 3566 interiectis
2633 3495 2866 3550 nubibus
2890 3491 3195 3563 perficitur,
3223 3502 3281 3542 ut
3305 3489 3447 3554 apud

1862 3613 1981 3652 nos.
2011 3594 2068 3650 Si
2101 3604 2286 3648 autem
2322 3601 2594 3662 praecepto
2627 3589 2723 3645 Dei
2756 3586 3032 3643 evacuatis
3062 3583 3217 3653 aquis
3250 3581 3447 3650 fugata

1861 3689 2064 3744 fuerint
2084 3689 2276 3749 nubes,
2293 3695 2347 3739 et
2370 3696 2564 3738 natura
2583 3682 2702 3751 ejus
2722 3690 2823 3745 est,
2845 3665 3036 3735 iterum
3057 3677 3212 3731 nobis
3229 3674 3450 3729 advenit

1862 3781 2068 3844 lumen,
2094 3793 2202 3833 non
2227 3777 2369 3830 aliud
2402 3777 2602 3844 quippe
2623 3774 2844 3835 factum,
2867 3774 2959 3826 sed
2980 3769 3267 3823 liberatum
3301 3782 3328 3818 a
3349 3780 3448 3819 nu-

1858 3873 2008 3926 bium
2027 3867 2378 3938 pcrmistione
2393 3910 2407 3928 ,
2431 3867 2589 3920 istam
2608 3881 2771 3936 quam
2789 3863 2983 3918 videtis
3003 3859 3446 3916 constitutionem

1861 3962 2209 4030 praebentem.
2253 3958 2395 4028 Ergo
2427 3966 2480 4011 et
2507 3957 2560 4010 in
2605 3956 2764 4021 mari,
2795 3966 2849 4011 et
2883 3955 2936 4008 in
2964 3953 3121 4022 aquis
3145 3961 3264 4005 erat
3302 3949 3449 4004 aliud

1862 4053 2080 4116 lumen;
2130 4066 2236 4105 non
2270 4049 2498 4104 alterum
2532 4049 2732 4118 quippe
2761 4057 2979 4112 natura,
3015 4045 3109 4099 sed
3145 4047 3247 4099 sub
3277 4044 3448 4097 intro-

1861 4145 2113 4201 ductione
2147 4144 2374 4198 aliorum
2409 4141 2789 4213 caliginosum.
2845 4142 2921 4194 lta
2950 4148 3004 4194 et
3051 4136 3193 4208 apud
3240 4150 3338 4191 nos
3381 4148 3450 4189 ex

1862 4248 2132 4292 conventu
2163 4235 2384 4289 nubium
2417 4243 2472 4288 et
2515 4247 2779 4302 aquarum
2811 4233 2912 4286 hoc
2943 4231 3142 4286 factum
3172 4239 3276 4292 est,
3307 4228 3450 4296 quod

1861 4329 2057 4384 videtis
2095 4344 2192 4398 per
2235 4327 2426 4385 nubes.
2480 4325 2787 4382 Secundum
2831 4327 2989 4380 istum
3038 4324 3202 4392 igitur
3243 4336 3451 4376 sermo-

174 4416 320 4486 apud
351 4425 587 4481 eosest,
615 4429 672 4470 et
703 4431 811 4471 non
853 4416 919 4471 de
950 4425 1115 4471 terra.
1159 4415 1223 4469 Et
1256 4417 1358 4470 hoc
1379 4457 1395 4480 ,
1437 4416 1574 4470 forte
1606 4415 1749 4470 enim
1788 4454 1831 4507 Β
1866 4434 2009 4482 nem,
2043 4428 2097 4473 et
2158 4434 2256 4489 per
2301 4433 2481 4472 aerem
2515 4426 2809 4487 penetrans
2843 4419 3021 4471 lumen
3066 4431 3171 4469 non
3215 4425 3298 4469 est
3348 4413 3452 4468 tale

171 4508 382 4562 audisti
417 4509 669 4563 mirabile
691 4507 823 4564 illud
851 4508 1091 4578 Apostoli
1117 4509 1321 4563 dictum
1342 4548 1357 4573 ,
1386 4510 1510 4579 quia
1540 4518 1596 4564 et
1617 4508 1756 4577 apud

172 4615 315 4670 quos
343 4608 539 4656 natura
592 4602 783 4656 statuit
824 4601 1122 4656 masculum
1175 4617 1297 4656 esse
1345 4611 1401 4656 et
1462 4599 1752 4668 feminam,

177 4694 325 4764 apud
358 4694 498 4748 istos
529 4693 673 4762 ipsos
696 4694 862 4760 fides,
892 4704 946 4749 et
973 4710 1070 4762 per
1121 4694 1280 4750 fidem
1327 4694 1636 4762 coniunctio
1675 4694 1758 4748 in-

176 4783 422 4835 venitur.
451 4781 505 4835 ln
537 4781 753 4837 Christo
774 4784 918 4837 enim
938 4824 955 4850 ,
985 4785 1194 4853 inquit,
1225 4800 1328 4838 non
1357 4796 1442 4840 est
1466 4784 1757 4849 masculus,

178 4887 359 4942 neque
390 4873 590 4928 femina
625 4875 692 4930 “.
723 4875 779 4930 Si
818 4877 981 4946 igitur
1012 4878 1100 4932 ubi
1164 4894 1228 4933 ex
1272 4888 1460 4932 natura
1505 4887 1590 4934 est
1638 4894 1755 4934 ma~

186 4963 376 5019 scnlus
411 4972 467 5018 et
501 4962 698 5019 femina
719 4948 819 5030 ,in
848 4966 1067 5022 Christo
1099 4968 1333 5023 efficitur
1360 4983 1534 5037 neque
1552 4983 1767 5023 mascu-

179 5054 268 5109 lus
305 5068 486 5124 neque
514 5053 736 5120 femina,
763 5061 856 5112 sed
891 5059 1122 5113 imitatio
1154 5060 1469 5130 angelorum
1494 5076 1509 5114 ε
1536 5075 1635 5113 cur
1659 5074 1763 5113 non

182 5147 358 5216 magis
383 5145 708 5214 suscipimus
738 5149 965 5216 gratiam
1025 5159 1082 5201 ut
1142 5165 1517 5216 assumantur,
1564 5159 1661 5202 aut
1707 5160 1766 5203 ut

183 5249 436 5292 naturam
471 5239 784 5309 angelorum
830 5241 1160 5310 deponamus
1218 5244 1284 5298 ad
1329 5241 1614 5297 nostram?
1654 5239 1760 5297 Sed

187 5346 290 5386 nos
317 5331 599 5401 erigamus
630 5335 1019 5404 nosmetipsos,
1069 5346 1122 5390 et
1173 5335 1239 5390 ad
1275 5335 1554 5406 superiora
1609 5334 1760 5403 cogi-

185 5435 357 5483 tatum
383 5425 742 5493 perducamus
767 5437 1010 5482 nostrum
1038 5469 1052 5493 ,
1094 5429 1158 5482 ad
1208 5428 1522 5500 angelorum
1554 5427 1765 5483 scilicet

256 5580 304 5614 ³⁴
338 5577 456 5633 Gal.
485 5593 542 5635 Ill
570 5616 584 5641 ,
618 5577 708 5635 28.

265 5716 381 5787 (bii)
425 5714 522 5770 Ms.
559 5716 723 5784 ipsum
755 5715 910 5770 solem
945 5715 1184 5784 inferius.

1863 4510 2021 4580 quale
2054 4526 2084 4565 a
2121 4511 2232 4566 sole
2279 4511 2565 4566 emittitur.
2616 4509 2674 4564 Si
2716 4511 2862 4566 enim
2915 4508 3152 4562 maxime
3199 4522 3263 4561 eo
3307 4506 3450 4575 quod

1866 4604 2183 4674 perspicuus
2213 4619 2307 4658 aer
2336 4603 2584 4667 habetur,
2619 4603 2749 4657 latet
2774 4603 3053 4672 permistio
3083 4623 3094 4656 :
3125 4602 3219 4656 sed
3249 4601 3292 4655 si
3328 4600 3452 4669 quis

1865 4695 2097 4748 voluerit
2128 4697 2362 4766 cogitatu
2395 4695 2629 4761 evolare,
2663 4705 2725 4756 (et
2756 4697 2903 4750 velut
2942 4696 2993 4748 in
3040 4695 3197 4763 aquis
3228 4693 3451 4746 nubium

1867 4801 1926 4842 se
1960 4800 2205 4854 mergere
2227 4827 2242 4851 ,
2282 4797 2336 4842 et
2367 4787 2536 4842 nubes
2576 4787 2840 4851 transire,
2870 4799 2924 4842 et
2956 4787 3099 4840 aeris
3145 4784 3453 4855 pcrmistio-

1868 4895 1989 4932 nem
2037 4879 2439 4943 transcendere,
2494 4879 2796 4947 pervidebit
2851 4879 3198 4948 purissimum
3248 4877 3450 4930 lumen.

1869 4970 2022 5025 Sicut
2050 4971 2194 5024 enim
2235 4970 2340 5026 hoc
2369 4971 2511 5040 quod
2539 4971 2678 5041 apud
2715 4987 2814 5026 nos
2845 4982 2927 5025 est
2959 4971 3159 5032 lumen,
3215 4969 3452 5035 regioni—

1870 5063 1970 5115 bus
1992 5070 2047 5115 et
2067 5061 2256 5130 spatiis
2283 5070 2338 5116 et
2380 5061 2767 5116 oﬂ'ensionibus
2801 5077 3014 5130 semper
3040 5062 3300 5114 minuitur
3328 5073 3344 5112 :
3381 5059 3454 5112 ita

1871 5153 2107 5218 rediens,
2140 5165 2193 5207 ct
2239 5153 2306 5209 ab
2353 5155 2509 5224 aquis
2557 5154 2738 5208 lumen
2772 5155 3107 5224 abstergens,
3140 5163 3193 5207 et
3228 5168 3257 5205 a
3302 5151 3460 5204 nuhi-

1868 5246 1968 5299 hus
2004 5256 2055 5300 te
2111 5260 2394 5316 separans,
2431 5258 2486 5300 et
2546 5262 2572 5300 a
2622 5248 2976 5316 pcrmistione
3023 5245 3166 5299 aeris
3201 5246 3459 5309 liberans,

1874 5341 2265 5392 transcenderis
2321 5347 2498 5391 autem
2560 5349 2614 5392 et
2668 5339 2826 5394 istius
2875 5339 3090 5392 luminis
3145 5339 3459 5408 puritatem,

1872 5428 2133 5499 relinquis
2184 5440 2238 5487 et
2288 5430 2459 5500 ipsum
2510 5433 2681 5488 solum
2736 5434 2962 5490 inferius
2995 5431 3129 5503 (56).
3167 5430 3462 5488 Transiens
