4072 6398
1322 386 1584 445 EUSEBII
1626 379 2107 441 CESARIENSIS
2147 378 2298 435 OPP.
2343 375 2521 431 PARS
2559 373 2646 428 iV.
2690 403 2757 416 -—
2795 363 3217 424 DOGMATICA.
3827 352 3949 407 llS‘:

2106 513 2210 549 nou
2248 503 2288 554 Α
2320 493 2650 546 contendens
2687 489 2946 544 exhibere
2984 484 3051 538 de
3099 475 3475 535 inenarrabili
3507 472 3629 528 Deo
3680 468 3947 537 loquitur,

2321 586 2499 638 lumen
2541 581 2790 636 habitans
2823 572 3193 631 inaccessibiie
3215 571 3295 636 “;
3331 562 3747 624 inaccessibiie
3778 564 3944 615 nomi-

2320 692 2481 738 nans,
2532 674 2588 729 id
2632 672 2765 727 dicit
2799 668 2942 737 quod
2973 664 3169 730 suscipi
3200 677 3308 716 non
3340 667 3554 730 potest.
3592 654 3823 709 Lumen
3858 651 3947 719 igi-

2324 775 2411 819 tur
2436 761 2644 833 angelis
2670 759 2798 813 illud
2826 766 2933 822 est,
2956 753 3113 823 cujus
3142 765 3321 819 neque
3343 758 3553 819 gustus
3580 756 3778 811 neque
3810 756 3947 795 eom-

2322 858 2536 929 paratio
2568 852 2708 927 apud
2742 867 2843 907 nos
2876 848 3170 904 invenitur.
3202 843 3375 914 Regio
3402 849 3599 895 autem
3628 837 3759 907 ejus
3785 850 3943 903 supra

2324 928 2543 1007 dorsum
2593 954 2677 1003 est
2717 945 2860 1004 cmli.
2904 939 3179 1012 possessio
3218 951 3363 1001 vero,
3400 944 3459 988 et
3507 931 3737 986 diviti:
3771 928 3939 999 ipsis:

2325 1061 2429 1101 non
2464 1043 2607 1098 enim
2640 1041 2780 1096 lecto
2812 1047 2868 1093 et
2901 1034 3165 1091 medicina
3212 1040 3269 1086 et
3311 1043 3534 1091 mensa,
3586 1036 3650 1079 et
3711 1039 3783 1077 ea
3832 1037 3942 1092 qn:

642 404 768 459 1151

640 520 835 586 quippe
866 524 918 567 et
964 511 1161 566 cmium
1208 508 1476 575 superius.
1520 516 1776 558 occurres
1819 499 2003 554 lumini
2048 518 2059 551 :

640 608 716 662 illi
745 607 836 676 qui
868 622 894 657 a
923 605 1036 659 sole
1066 614 1167 664 est,
1200 616 1297 655 nec
1325 600 1397 652 illi
1435 598 1519 653 cui
1551 594 1822 650 successio
1854 608 1958 647 nos
1983 601 2086 649 est.
2132 605 2221 643 ne-

640 714 744 767 que
784 697 858 751 illi
885 697 976 766 qui
1023 711 1050 749 a
1096 692 1394 764 parietibus
1422 687 1760 759 prohibetur,
1799 700 1899 739 nec
1925 684 1999 738 illi
2026 684 2111 738 cui
2139 683 2217 737 ol-

641 787 869 843 fendunt
901 785 1127 850 umbrae,
1166 798 1337 852 neque
1368 781 1441 834 illi
1476 779 1565 849 qui
1594 777 1981 847 permisceatur
2012 773 2123 828 aeri
2168 782 2217 825 et

640 878 819 947 hquis,
854 877 968 932 sive
1002 892 1097 946 per
1130 874 1299 929 nubes
1349 872 1464 927 sive
1519 880 1613 937 per
1669 882 1839 930 mare,
1890 864 1981 921 sed
2035 864 2220 917 lumini

642 982 797 1038 puro.
850 965 917 1021 Et
946 980 1013 1029 ne
1041 974 1194 1035 putes
1222 978 1307 1016 me
1353 976 1496 1014 nunc
1526 956 1743 1028 angelos
1779 956 1961 1011 dicere
1999 954 2178 1008 lumen
2207 970 2220 1007 :

642 1067 728 1112 est
755 1058 897 1112 enim
923 1062 975 1110 et
1001 1071 1163 1125 super
1196 1053 1299 1109 hoc
1321 1053 1522 1108 ciarum
1552 1050 1733 1103 iumen
1763 1042 1982 1103 clarius.
2030 1045 2087 1100 ln
2121 1047 2225 1101 isto

646 1151 811 1219 igitur
848 1150 1051 1203 lumine
1077 1150 1430 1215 sempiterno,
1464 1144 1516 1197 in
1568 1143 1671 1195 isto
1708 1140 1798 1209 qtii
1847 1152 1952 1193 non
1998 1136 2052 1190 in
2102 1151 2219 1191 suc-

646 1242 982 1297 ccssionibus
1022 1241 1271 1299 habetur,
1312 1237 1401 1303 qui
1428 1249 1532 1289 non
1563 1233 1851 1303 aliquando
1874 1229 2087 1300 quidem
2119 1239 2225 1293 est,

649 1333 940 1404 aliquando
974 1344 1149 1388 autem
1175 1348 1276 1385 non
1308 1338 1388 1384 est
1423 1348 1435 1383 :
1466 1328 1517 1381 in
1560 1327 1663 1380 isto
1689 1323 1780 1395 qui
1804 1314 1943 1380 cmlo
1975 1321 2226 1392 superius

649 1435 753 1490 est,
804 1435 857 1481 et
898 1442 1064 1482 nona
1097 1424 1233 1479 caelo
1285 1421 1409 1476 istic
1440 1439 1452 1473 :
1487 1419 1570 1473 cui
1598 1417 1680 1473 sol
1724 1432 1830 1471 non
1871 1424 1955 1469 est
1992 1414 2224 1482 genitor,

653 1534 759 1573 non
792 1516 912 1571 luna
942 1526 1113 1570 mater
1136 1555 1150 1573 .
1182 1530 1286 1568 non
1317 1511 1512 1567 caelum
1550 1523 1580 1563 a
1608 1507 1795 1571 stellis,
1832 1520 1939 1560 non
1980 1504 2228 1557 lucerna-

654 1625 772 1662 rum
804 1608 1134 1677 splendores,
1171 1603 1262 1659 sed
1295 1604 1472 1656 iumen
1511 1598 1659 1654 illud.
1686 1596 1765 1653 Tu
1798 1597 1941 1653 enim
1972 1594 2090 1650 sine
2116 1592 2227 1647 sole

655 1700 833 1753 iumen
868 1700 1047 1751 videre
1081 1712 1183 1748 non
1236 1705 1411 1762 potes,
1470 1708 1568 1746 nec
1614 1706 1673 1743 ea
1720 1705 1837 1759 qua-
1883 1685 2019 1741 infra
2061 1684 2227 1739 solem

658 1792 943 1851 habentur,
975 1800 1027 1844 et
1056 1804 1116 1841 ea
1145 1806 1261 1858 quae
1301 1797 1616 1856 quaeruntur
1640 1792 1698 1837 ut
1731 1789 2016 1836 teneantur
2045 1793 2225 1831 manu.

2328 1136 2467 1208 apud
2500 1150 2603 1189 nos
2630 1146 2829 1199 magna
2862 1136 3121 1197 putantur
3144 1166 3159 1188 ,
3207 1122 3551 1192 sempiterna
3593 1118 3693 1171 illa
3737 1116 3941 1184 indiget

2326 1242 2377 1288 et
2415 1237 2600 1301 sancta
2641 1236 2832 1281 natura
2868 1242 2882 1277 :
2926 1221 3030 1274 illis
3064 1218 3208 1274 enim
3248 1230 3478 1270 somnus
3519 1229 3635 1266 non
3685 1220 3803 1272 est,
3840 1225 3939 1262 non

2327 1324 2506 1388 dolor,
2559 1334 2664 1373 non
2706 1314 2879 1371 labor.
2922 1314 3059 1381 Quid
3107 1311 3277 1378 ergo?
3320 1309 3458 1363 Num
3506 1306 3698 1361 otiosa
3749 1318 3935 1356 eorum

2328 1427 2524 1472 natura
2561 1411 2690 1485 est?
2734 1407 2944 1463 Habent
2977 1412 3113 1474 opus
3146 1404 3361 1472 dignum
3408 1413 3526 1453 suae
3560 1393 3932 1451 substantiz:

2331 1510 2500 1565 Deum
2544 1505 2772 1560 laudant
2814 1514 2920 1555 non
2962 1496 3187 1553 vocibus
3231 1508 3409 1563 neque
3448 1490 3731 1547 clamore.
3792 1485 3933 1551 Qua-

2334 1602 2495 1657 modo
2527 1612 2660 1668 ergo
2698 1594 2828 1650 dicit
2858 1591 3139 1660 Scriptura
3178 1601 3356 1647 voces,
3396 1593 3469 1643 et.
3510 1582 3557 1637 si
3616 1578 3933 1650 permiserit

2334 1705 2565 1762 tempus,
2609 1690 2985 1758 contingemua
3013 1682 3314 1743 audientes,
3349 1687 3405 1732 et
3441 1678 3548 1731 ista
3574 1670 3812 1726 interim
3841 1684 3932 1721 au-

2336 1799 2439 1842 tem
2469 1795 2663 1839 natura
2696 1787 3044 1851 agnoscatur.
3096 1774 3152 1830 Si
3184 1783 3362 1828 autem
3402 1780 3458 1824 et
3500 1767 3670 1821 aliter
3695 1776 3931 1832 appara-

657 1886 771 1940 Non
823 1902 1007 1940 eorum
1061 1888 1149 1953 qui
1202 1892 1451 1954 qna‘runt
1490 1880 1617 1947 quid
1663 1889 1903 1947 gustent,
1947 1883 2036 1927 aut
2065 1874 2233 1927 odore
2265 1857 2305 1911 Β
2337 1880 2471 1934 verit
2504 1875 2784 1941 Scriptura
2820 1872 3028 1936 dicens,
3065 1867 3243 1936 agnita
3268 1873 3461 1918 natura
3502 1866 3855 1929 agnoscetnr
3886 1865 3931 1909 et

659 1986 977 2037 assumant;
1030 1992 1132 2029 non
1182 1989 1367 2027 eorum
1424 1971 1511 2038 qui
1564 1966 1786 2021 auribus
1812 1965 2126 2024 edocentur.
2177 1972 2234 2017 et

658 2069 830 2122 oculis
855 2068 1055 2129 vident,
1095 2067 1230 2118 sicut
1262 2066 1313 2116 in
1348 2063 1521 2131 aquis.
1562 2060 1673 2115 lilic
1698 2059 1842 2115 enim
1868 2057 1971 2111 alia
2002 2067 2233 2110 conver-

656 2156 799 2209 satio
826 2164 931 2215 est,
959 2166 1012 2209 et
1042 2156 1143 2207 alia
1173 2155 1225 2207 iu
1260 2164 1423 2215 terra,
1458 2162 1511 2205 et
1543 2150 1595 2204 in
1631 2164 1757 2204 aere
1789 2163 1894 2203 non
1930 2146 2140 2208 eadem,
2182 2152 2237 2198 et

659 2245 853 2299 οωιιιω
907 2244 1063 2298 aliam
1111 2244 1274 2299 habet
1325 2241 1787 2297 constitutionem.
1847 2238 1919 2291 Ita
1982 2245 2238 2291 maneant

660 2338 762 2392 ista
795 2338 934 2400 istic,
968 2337 1053 2391 illa
1094 2346 1273 2391 autem
1308 2348 1427 2403 qua:
1470 2335 1595 2389 inde
1637 2342 1763 2389 sunt
1804 2332 1914 2387 sint
1959 2327 2086 2390 alia,
2129 2343 2235 2381 non

660 2429 853 2484 horum
905 2443 1255 2497 congeneres.
1309 2425 1366 2481 Si
1415 2427 1557 2481 enim
1614 2423 1809 2479 clarior
1853 2420 2009 2477 stella
2066 2419 2239 2490 magis

660 2536 820 2593 quam
851 2520 1084 2575 lucernae
1131 2519 1309 2573 lumen
1342 2527 1445 2583 est,
1498 2532 1600 2571 non
1638 2525 1689 2571 te
1716 2514 1955 2576 seducet,
1999 2512 2124 2581 quia
2155 2509 2237 2564 lu-

664 2626 825 2666 oerna
851 2611 1067 2680 quidem
1098 2601 1403 2664 illuminare
1436 2609 1680 2671 videtur,
1712 2614 1765 2661 et
1797 2618 2132 2675 unaquaque
2159 2612 2240 2656 to-

666 2716 775 2761 tam
802 2705 1015 2758 domum
1055 2721 1068 2757 :
1112 2702 1278 2757 stella
1304 2710 1480 2755 autem
1510 2708 1669 2753 tanta
1703 2707 1914 2753 noctem
1952 2711 2059 2751 non
2083 2690 2237 2750 aule-

665 2804 989 2849 runtunam.
1012 2788 1067 2846 Si
1087 2792 1209 2859 quis
1234 2792 1374 2844 enim
1403 2788 1787 2843 volueritScire
1819 2785 2239 2842 lucernzeimbe-

663 2884 941 2940 cillitatem
962 2883 1025 2937 ad
1049 2883 1323 2937 stellarum
1344 2881 1568 2946 lumina,
1596 2881 1852 2935 ahstrahe
1880 2880 2152 2934 lucernam
2171 2876 2239 2930 ab

664 2978 860 3034 oculo:
891 2992 993 3032 non
1046 2987 1303 3046 quantum
1341 2976 1508 3029 distat
1536 2972 1731 3028 emittm
1759 2982 1923 3037 terra,
1967 2970 2094 3041 quia
2132 2982 2238 3023 non

665 3080 750 3128 est
786 3070 889 3125 hoc
923 3071 1012 3126 tibi
1051 3069 1349 3137 possibile;
1386 3077 1566 3123 tamen
1592 3074 1853 3136 quantum
1889 3062 2241 3134 poteslucer-

668 3176 793 3217 nam
821 3162 887 3218 ab
916 3162 1075 3217 oculo
1098 3176 1308 3231 separa,
1340 3159 1633 3214 intueberis
1657 3158 1782 3227 quia
1812 3156 2001 3225 spatiis
2043 3153 2240 3209 minui-

670 3266 779 3318 tur,
812 3263 865 3308 et
905 3253 1249 3325 caliginatur,
1295 3263 1348 3306 et
1399 3251 1665 3306 inlirmior
1697 3249 1941 3319 arguitur
1983 3246 2239 3302 lucerna-

671 3365 790 3404 rum
832 3350 1032 3404 lumen.
1090 3348 1146 3403 Si
1199 3362 1377 3402 autem
1423 3355 1567 3402 esset
1616 3344 1794 3412 aliqua
1825 3342 2157 3408 adinventio,
2186 3350 2245 3397 ut

670 3457 776 3498 non
806 3443 976 3496 solum
1002 3441 1161 3495 unius
1187 3441 1418 3495 lucerna!
1442 3481 1457 3501 .
1504 3439 1596 3494 sed
1624 3438 1866 3493 omnium
1898 3435 2241 3492 lucernarum

668 3534 961 3600 ﬂammam,
1002 3541 1055 3587 et
1100 3534 1339 3587 omnium
1381 3548 1502 3603 quae
1550 3531 1949 3595 accenduntur;
2001 3528 2048 3583 si
2101 3520 2243 3584 esSet

669 3628 915 3683 machina
949 3624 1189 3692 quaedam
1214 3665 1231 3690 ,
1260 3636 1315 3677 ut
1352 3637 1567 3679 omnem
1604 3622 1760 3675 istam
1804 3617 2075 3673 ﬂammam
2121 3618 2244 3690 quis

670 3726 853 3788 posset
896 3717 1171 3786 colligere,
1220 3724 1277 3771 et
1320 3718 1373 3769 in
1406 3713 1544 3770 caelo
1582 3711 1932 3774 constituere,
1966 3708 2059 3763 ubi
2088 3707 2243 3762 stella

670 3812 994 3880 parvissima
1037 3821 1121 3863 est
1174 3808 1371 3876 posita,
1418 3822 1519 3862 nec
1573 3818 1792 3876 prorsus
1825 3801 2004 3871 agnita
2053 3798 2245 3855 luisset

673 3893 911 3966 ﬂamma,
976 3902 1064 3956 ubi
1122 3899 1295 3968 posita
1354 3897 1661 3953 haberetur.
1725 3893 1835 3950 Cur
1887 3906 2017 3962 ergo
2052 3904 2244 3947 omnes

673 3994 845 4051 stella:
869 4010 972 4048 non
998 3994 1203 4062 pellunt
1228 3986 1479 4047 noctem?
1508 3988 1635 4059 quia
1662 3986 1848 4042 multis
1870 3983 2062 4055 spatiis
2085 3997 2117 4037 a
2149 3996 2245 4037 no-

672 4088 760 4142 bis
802 4087 1037 4147 distant,
1104 4094 1283 4142 tamen
1333 4099 1437 4137 non
1487 4079 1783 4151 quamlibet
1839 4074 2243 4148 permistionem

672 4178 892 4233 luminis
920 4178 973 4232 in
1007 4185 1166 4233 nocte
1223 4174 1618 4230 transmittunt.
1653 4168 1710 4226 Si
1761 4169 1882 4240 quis
1926 4175 2105 4222 autem
2146 4179 2243 4221 vo-

673 4272 841 4329 luerit
862 4271 1075 4335 intueri,
1106 4278 1161 4325 et
1187 4280 1501 4337 comparare
1525 4263 1757 4319 nubibus
1787 4271 2022 4321 noctem,
2059 4259 2244 4333 pervi-

675 4363 827 4420 dehit
848 4364 972 4432 quia
996 4360 1190 4421 nubes.
1219 4360 1347 4415 licet
1379 4375 1482 4413 non
1510 4372 1608 4427 per
1626 4355 1828 4415 omnia,
1858 4363 2035 4408 tamen
2062 4352 2243 4423 splen-

670 4455 857 4508 dorem
889 4453 1166 4508 stellarum
1208 4450 1511 4520 prohibent.
1543 4447 1610 4503 Et
1637 4462 1760 4502 cum
1792 4446 1895 4500 hoc
1927 4445 1998 4499 ita
2024 4446 2127 4508 sit,
2156 4444 2242 4497 in-

2336 1968 2535 2038 quibus
2599 1964 2879 2034 Scriptura
2932 1959 3249 2029 alloquitur.
3310 1954 3561 2021 Denique
3617 1960 3677 2004 et
3746 1958 3931 2003 orator

2336 2036 2520 2124 parvis
2557 2063 2652 2106 aut
2692 2066 2797 2105 non
2841 2046 3101 2117 loquitur,
3137 2054 3232 2099 aut
3280 2044 3361 2097 sic
3405 2040 3657 2108 loquitur
3686 2047 3751 2091 ut
3782 2036 3927 2106 parvi

2340 2156 2566 2213 possunt
2594 2143 2821 2210 audire;
2874 2149 2928 2196 et
2980 2138 3263 2208 Scriptura
3295 2135 3479 2189 divina
3520 2129 3847 2185 hominibus
3875 2138 3926 2177 ut

2337 2238 2572 2293 humane
2615 2237 2882 2303 loquatur,
2924 2237 3036 2284 aut-
3054 2229 3269 2283 silentio
3319 2226 3649 2281 honoretnr.
3705 2220 3828 2274 Non
3867 2236 3923 2271 ex

2340 2330 2421 2384 his
2448 2328 2613 2397 igitur
2643 2342 2710 2381 es
2740 2324 2936 2393 quibus
2962 2318 3403 2377 condescendens
3431 2316 3725 2385 Scriptura
3766 2313 3925 2382 loqui-

2339 2432 2431 2476 tur
2461 2421 2635 2482 nobis,
2684 2416 2940 2474 debemus
2970 2412 3138 2468 verbo
3178 2411 3446 2468 deducere
3491 2418 3548 2462 et
3583 2415 3847 2461 naturas.
3879 2418 3925 2456 et

2340 2516 2447 2569 vim
2506 2513 2689 2568 facere
2732 2507 3164 2577 nobismetipsis,
3205 2514 3262 2559 et
3309 2512 3370 2557 ut
3406 2500 3587 2572 pisces
3635 2497 3862 2553 exsilire
3898 2512 3923 2547 e

2340 2606 2497 2660 mari.
2530 2602 2701 2657 Erunt
2724 2600 2877 2655 enim
2909 2599 3066 2654 nobis
3096 2595 3442 2665 jactationes,
3473 2608 3585 2648 non
3628 2591 3701 2646 ad
3745 2590 3923 2661 perdi-

2343 2700 2543 2751 tionem
2597 2704 2657 2749 ut
2708 2693 2993 2765 piscibus:
3036 2690 3131 2745 sed
3176 2686 3444 2757 quomodo
3474 2700 3537 2739 ea
3573 2684 3787 2746 dicam,
3834 2696 3922 2756 ego

2338 2790 2558 2860 quidem
2598 2803 2703 2843 non
2732 2800 2974 2856 possunt.
3021 2783 3187 2837 Decet
3217 2789 3395 2835 autem
3424 2785 3739 2847 opportune
3773 2788 3918 2843 repe-

2342 2892 2458 2937 tere
2503 2896 2610 2935 non
2654 2878 2862 2933 Domini
2906 2890 3117 2941 vocem,
3144 2872 3236 2943 qui
3275 2872 3580 2941 piscatores
3609 2885 3643 2921 a
3693 2867 3833 2920 mari
3874 2878 3921 2920 et

2339 2973 2550 3044 stagnis
2576 2982 2629 3024 et
2658 2969 2831 3025 ﬂuviis
2859 2968 3201 3031 abstrahens,
3232 2965 3310 3018 ait
3346 2983 3361 3019 :
3404 2964 3449 2995 "
3484 2960 3690 3027 Venite,
3733 2960 3919 3028 facias:

2339 3084 2431 3123 vos
2464 3066 2752 3136 piscatores
2786 3063 3077 3117 hominum.
3116 3060 3280 3115 Decet
3316 3058 3483 3121 enim,
3518 3056 3721 3126 inquit,
3756 3053 3919 3107 homi-

2265 3186 2309 3249 α
2343 3175 2440 3216 nes
2470 3157 2777 3228 piscantini.
2808 3152 2872 3208 Et
2906 3170 3015 3209 non
3051 3152 3236 3217 tacuit,
3268 3165 3333 3203 ne
3360 3147 3598 3216 suspicio
3630 3146 3789 3200 ﬂeret
3815 3159 3921 3213 per-

2343 3251 2587 3313 ditionis,
2618 3249 2710 3306 sed
2733 3249 3003 3310 homines,
3026 3246 3220 3315 inquit,
3257 3240 3539 3314 piscamini
3574 3239 3643 3295 ad
3673 3238 3917 3294 salutem.

2342 3342 2633 3411 Erigamus
2677 3341 2841 3412 igitur
2885 3338 3265 3405 nosmetipsos,
3296 3334 3613 3389 exsiliamus
3640 3346 3673 3386 e
3706 3330 3839 3384 mari
3866 3340 3917 3382 et

2343 3449 2372 3495 δ
2414 3442 2559 3489 terra
2594 3433 2647 3486 in
2678 3447 2781 3502 qua
2814 3441 3041 3491 stamus,
3073 3437 3129 3484 et
3170 3427 3440 3481 incidatur
3468 3437 3501 3478 a
3532 3423 3692 3479 nobis
3717 3437 3833 3483 aer,
3867 3432 3916 3475 et

2344 3526 2627 3581 scindatur
2655 3524 2808 3579 nobis
2836 3533 2889 3577 et
2913 3520 3131 3576 cmlum.
3160 3519 3437 3589 Cogitatus
3462 3517 3610 3571 enim
3650 3529 3758 3569 non
3789 3512 3915 3569 deti-

2344 3622 2526 3679 netur,
2582 3625 2637 3668 et
2688 3614 2886 3685 pennis
2921 3610 3176 3667 desiderii
3214 3609 3356 3665 caelo
3402 3604 3657 3677 superius
3706 3606 3915 3659 acceda—

2343 3723 2487 3772 mus,
2519 3721 2717 3775 corpus
2768 3705 2889 3759 istic
2923 3704 2990 3757 ad
3039 3716 3373 3773 congeneres
3420 3698 3817 3767 relinquentes.
3867 3706 3914 3749 et

2343 3801 2509 3872 pedes
2549 3800 2603 3853 in
2641 3807 2805 3862 terra,
2840 3797 2965 3867 quia
2991 3796 3057 3850 ad
3080 3795 3276 3851 cmiutn
3308 3809 3414 3847 non
3442 3799 3692 3855 currunt,
3722 3798 3777 3843 et
3812 3802 3913 3842 ma-

2344 3909 2447 3949 nus
2480 3892 2603 3947 istic
2630 3890 2721 3945 ubi
2758 3898 2982 3960 possunt
3014 3896 3069 3945 et
3115 3898 3359 3956 tangere,
3402 3893 3460 3939 et
3502 3896 3665 3935 aures
3704 3880 3795 3935 hic
3837 3894 3914 3931 au-

2344 3984 2497 4043 diant
2524 3997 2706 4047 voces,
2734 3992 2792 4037 et
2826 3981 3076 4036 odoratio
3125 3978 3214 4033 ubi
3257 3977 3420 4032 habet
3446 3975 3910 4034 necessitatem,et

2343 4087 2535 4149 gestus
2563 4076 2704 4145 apud
2737 4088 2833 4132 eos
2868 4074 3304 4144 qui.pascuntur.
3332 4079 3388 4125 et
3413 4069 3555 4122 visio
3588 4082 3715 4121 cum
3749 4065 3911 4119 visibi-

2344 4169 2488 4225 lihus
2523 4176 2761 4222 maneat.
2804 4164 3085 4236 Cogitatus
3128 4173 3308 4218 autem
3356 4170 3504 4217 veste
3555 4175 3617 4215 se
3666 4158 3907 4224 spoliaras.

2344 4259 2591 4329 corporis
2618 4259 2771 4314 istius
2804 4258 3015 4329 pondus
3048 4256 3305 4325 deponat,
3333 4262 3387 4310 et
3419 4267 3548 4309 suas
3574 4266 3783 4319 pennas
3810 4263 3907 4302 mo-

2348 4359 2492 4414 veat,
2539 4358 2596 4403 et
2637 4362 2975 4417 quacunque
3007 4347 3349 4402 deducuntur
3393 4344 3660 4408 abscidat,
3707 4353 3763 4397 et
3803 4356 3906 4412 qua

2349 4449 2477 4497 sunt
2521 4440 2704 4511 gravia
2737 4448 2793 4494 et
2821 4440 3069 4495 detinere
3117 4447 3351 4504 tentant,
3387 4437 3652 4505 deponat;
3684 4443 3739 4490 et
3766 4433 3833 4489 sit
3857 4432 3899 4486 in

672 4543 866 4614 spiciet
895 4542 1022 4611 quid
1056 4550 1354 4610 operantur
1383 4537 1582 4601 stellae,
1617 4546 1672 4592 et
1700 4544 1965 4603 quantum
1998 4532 2246 4602 splendo-
2277 4528 2322 4587 D
2348 4533 2600 4588 dorsihus
2627 4530 2771 4597 cteli,
2806 4541 2862 4587 et
2891 4532 3001 4587 illic
3040 4531 3224 4586 l’at-tua
3260 4544 3382 4583 cum
3426 4527 3637 4596 angelis
3670 4535 3726 4581 et
3760 4542 3904 4595 ange-

674 4650 786 4703 rent
824 4634 1044 4689 mittnnt
1073 4634 1125 4689 in
1160 4642 1318 4687 nocte
1347 4649 1361 4686 :
1392 4640 1443 4687 et
1477 4640 1654 4685 tamen
1692 4627 1865 4683 stella
1898 4640 2087 4682 omnes
2117 4640 2238 4681 eum

674 4724 944 4779 universis
973 4722 1207 4777 lucernis
1232 4721 1434 4776 habent
1476 4719 1690 4789 quidem
1728 4716 2065 4781 aﬂinltatem,
2116 4716 2240 4784 quia

672 4815 937 4873 luminosa
962 4812 1413 4882 qualitercunque
1442 4819 1665 4877 utraque
1692 4816 1838 4862 sunt.
1880 4806 1985 4861 Sed
2012 4821 2116 4861 non
2151 4820 2242 4860 so-

672 4906 787 4977 lum
822 4924 852 4962 tt
892 4905 1123 4961 lucernis
1156 4902 1325 4957 stella:
1357 4901 1632 4964 dill‘ernni,
1667 4900 1760 4953 sed
1796 4909 1849 4953 et
1878 4897 2032 4952 stella
2076 4897 2244 4952 stella:

675 4999 853 5055 dil'ert
885 4998 937 5050 in
965 4996 1209 5050 claritate
1232 4995 1300 5050 ".
1352 4991 1533 5046 Stellis
1573 5000 1748 5045 autem
1798 4990 1956 5046 simul
1992 4989 2243 5043 omnibus

676 5089 946 5153 adunatis,
972 5087 1227 5158 splendor
1254 5086 1392 5138 lunt:
1432 5082 1745 5153 praefulget;
1784 5092 1839 5138 et
1878 5083 2035 5137 istam
2065 5081 2242 5137 lunam

677 5182 927 5237 omnibus
959 5179 1131 5233 stellis
1159 5178 1441 5239 addentes,
1484 5176 1771 5229 vincuntur
1797 5190 1984 5229 eorum
2010 5173 2245 5243 fulgores

677 5291 705 5325 a
740 5274 920 5328 radiis,
947 5271 1095 5327 solis.
1153 5271 1306 5325 Sicut
1338 5270 1479 5323 enim
1520 5267 1687 5322 stella:
1717 5267 1931 5337 quidem
1976 5267 2243 5329 lucernas,

679 5361 803 5417 luna
836 5372 1017 5417 autem
1049 5362 1255 5426 stellas,
1290 5371 1345 5417 et
1385 5363 1464 5416 sol
1501 5360 1752 5414 universa
1786 5359 1901 5414 haec
1936 5359 2242 5424 luminaria,

678 5464 731 5507 ct
771 5456 937 5521 ipsius
980 5454 1155 5508 noctis
1192 5464 1410 5521 superat
1446 5453 1697 5507 tenebras
1731 5465 1747 5504 :
1784 5452 1855 5506 ita
1902 5460 1956 5508 et
1997 5451 2075 5506 sol
2120 5466 2241 5505 cum

680 5545 931 5597 omnibus
961 5560 1081 5611 qua
1111 5545 1361 5613 praedicta
1388 5554 1514 5599 sunt
1536 5543 1769 5598 vincitur
1800 5560 1827 5598 a
1867 5545 2069 5599 lumine
2099 5543 2241 5614 quod

679 5635 818 5687 cmio
863 5636 1106 5703 superius
1138 5634 1385 5691 habetur.
1430 5636 1497 5691 Et
1518 5634 1786 5705 quomodo
1817 5637 2003 5692 eadem
2048 5636 2243 5691 Paulus

749 5807 795 5844 ’ν
832 5808 1219 5873 lCor.xv,il.

2345 4626 2521 4682 lorum
2546 4625 2735 4689 decies
2774 4624 3043 4687 millibus,
3089 4633 3145 4677 et
3195 4622 3649 4690 archangelorum
3693 4618 3902 4673 millibus

2346 4720 2400 4774 in
2434 4719 2538 4773 alia
2570 4718 2680 4777 vita
2710 4728 2767 4772 et
2814 4715 3205 4771 constitutione
3243 4723 3296 4770 et
3326 4711 3739 4770 conversatione
3778 4711 3903 4780 posic

2349 4823 2461 4876 tus,
2502 4809 2855 4865 obliviscatur
2888 4807 3069 4861 omnia
3112 4821 3234 4876 quae
3259 4804 3487 4867 dimisit,
3529 4817 3632 4858 nec
3661 4802 3900 4857 alienettu

2346 4902 2476 4956 illic.
2523 4897 2639 4955 Non
2670 4899 2995 4954 niieuabitur
3035 4906 3216 4951 autem
3260 4898 3304 4952 si
3344 4895 3431 4950 hic
3463 4900 3663 4963 putans
3697 4907 3754 4947 se
3778 4906 3897 4954 esse.

2347 4991 2581 5047 voluerit
2613 4992 2810 5059 sapius
2839 5005 3027 5045 eorum
3071 5003 3192 5058 quas
3226 4989 3315 5043 hic
3355 4995 3485 5042 sunt
3531 4984 3895 5058 ignobilitatem

2347 5086 2553 5149 videre,
2579 5095 2633 5138 et
2672 5084 2986 5147 motionem,
3019 5093 3074 5136 et
3123 5081 3557 5144 instabilitatem,
3587 5088 3643 5134 et
3671 5077 3895 5134 denario-

2347 5190 2491 5239 nem,
2530 5188 2585 5231 et
2623 5174 2977 5231 deiectionem
3005 5213 3019 5238 ,
3064 5182 3121 5229 et
3162 5173 3577 5228 diminutionem
3609 5188 3625 5225 :
3659 5173 3780 5239 quia
3818 5172 3893 5226 oh-

2347 5270 2657 5325 scurabitur
2699 5277 2755 5322 et
2803 5281 2908 5323 non
2954 5267 3158 5329 stabit;
3198 5265 3325 5333 quia
3356 5274 3415 5319 et
3448 5264 3675 5334 quando
3715 5263 3893 5317 videtur

2349 5375 2693 5430 promovere,
2740 5373 2834 5428 per
2879 5358 3076 5412 multos
3123 5372 3287 5414 casus
3315 5357 3470 5411 venit
3504 5356 3576 5411 ad
3624 5356 3890 5411 incremen-

2351 5461 2485 5505 tum.
2525 5452 2661 5506 Cum
2696 5452 2809 5505 inec
2841 5451 3022 5504 omnia
3061 5450 3476 5521 contempserit,
3506 5448 3596 5503 illa
3624 5438 3795 5503 autem
3817 5450 3887 5501 tle-

2358 5543 2723 5608 sideraverit;
2758 5552 2811 5597 et
2838 5540 2964 5598 hinc
2992 5540 3107 5611 jam
3148 5542 3253 5597 ista
3276 5542 3495 5613 quidem
3520 5540 3794 5611 despiciet,
3820 5538 3886 5592 illa

2352 5645 2527 5691 autem
2561 5634 2944 5702 considerabit,
2993 5646 3048 5690 et
3087 5634 3306 5692 evolane
3350 5633 3679 5705 pcrvidehit.
3729 5629 3886 5687 Factus

1294 5814 1339 5846 "
1373 5813 1548 5871 iTitn.
1579 5830 1651 5879 γι,
1691 5816 1771 5871 16.
1851 5819 1895 5851 ⁸¹
1934 5816 2122 5873 Matth.
2158 5833 2231 5885 tv,
2258 5817 2340 5872 l9.
