4072 6410
153 402 309 458 “55

1010 407 1099 464 DE
1138 406 1228 461 ΕΟ
1266 404 1456 473 QUOD
1496 404 1678 462 DEUS
1717 406 1950 462 PATER
1992 402 2510 460 INCORPORALIS
2551 401 2699 457 EST.

3379 409 3521 466 1156

156 525 338 591 igitur
377 539 519 580 cum
568 528 669 582 bis
717 529 790 584 ad
819 543 884 583 ea
925 541 1046 596 quae
1077 526 1373 590 desiderat,
1419 527 1560 582 sciet
1594 543 1713 593 quae
1744 537 1826 580 est
1855 533 1899 590 Α
1928 527 2059 596 quia
2113 523 2551 577 transcendinms
2585 531 2835 576 naturam
2874 538 2889 574 :
2935 521 3201 590 spiritalis
3231 520 3398 592 igitur
3425 529 3526 594 qui.

154 619 420 688 dignitas
443 622 774 690 cogitatus.
801 621 936 676 Cum
966 620 1175 692 angelis
1209 621 1460 676 homines
1495 620 1636 674 caelo
1665 637 1820 690 snpe-

156 711 282 765 rius
312 714 673 784 terrenique
705 715 960 770 machina
1004 714 1126 782 quis
1152 713 1256 768 erit
1285 713 1415 778 dux,
1445 713 1567 781 quis
1601 727 1818 767 sursum

157 803 446 867 adducet,
488 803 600 856 sed
643 819 764 858 non
795 803 1056 859 concedet
1085 811 1301 857 natura.
1353 800 1645 855 Descendit
1676 799 1821 855 Deus

159 892 262 947 Dei
288 893 482 948 Filius
511 895 683 962 inde,
720 906 777 952 et
800 895 1159 959 descendens,
1196 893 1323 964 quia
1353 893 1670 948 incredibile
1700 901 1819 946 erat

159 986 437 1041 homines
478 985 974 1052 illicascendere,
1014 986 1308 1054 assumpsit
1343 986 1446 1040 hoc
1479 985 1817 1048 incredibile,

161 1075 278 1131 hoc
315 1085 414 1130 est
443 1090 725 1135 nostrum
749 1093 968 1148 corpus,
998 1091 1029 1131 e
1071 1091 1286 1130 summo
1330 1075 1665 1131 descendens
1710 1090 1816 1130 non

163 1168 239 1222 ad
269 1167 703 1227 confusionem
728 1210 744 1236 ,
777 1171 873 1226 sed
906 1169 973 1223 ad
1022 1169 1255 1224 salutem
1295 1172 1414 1239 ejus
1446 1167 1536 1237 qui
1567 1183 1818 1221 assume-

164 1257 367 1313 batur.
411 1257 480 1315 Si
514 1261 704 1332 igitur
734 1262 876 1316 Deus
904 1275 1007 1313 non
1037 1259 1358 1328 assumpsit.
1387 1259 1478 1328 qui
1505 1273 1610 1314 non
1639 1261 1819 1312 credis

165 1350 216 1403 si
250 1351 476 1407 celum
514 1354 784 1407 concedit
813 1353 921 1413 his.
949 1352 1093 1420 quod
1141 1350 1362 1406 adducit
1400 1364 1618 1405 sursum
1649 1349 1694 1404 is
1723 1352 1816 1420 qui

168 1442 243 1496 de
279 1444 439 1498 ccelo
465 1444 806 1507 descendit,
831 1443 924 1497 scd
955 1443 1187 1496 nondum
1215 1457 1281 1496 ea
1307 1457 1425 1510 qua:
1455 1441 1632 1496 futura
1665 1452 1816 1505 sunt,

170 1533 273 1586 sed
311 1535 568 1588 interim
611 1549 678 1591 ea
721 1550 843 1604 quae
893 1544 1072 1602 potest
1106 1534 1402 1604 cogitatus,
1434 1534 1702 1602 siquidem
1732 1544 1819 1588 est

170 1637 232 1679 et
262 1628 619 1692 adrniratio,
669 1629 794 1698 quia
828 1629 880 1681 in
913 1641 1143 1696 corpore
1187 1627 1536 1689 constitutus,
1585 1639 1640 1681 et
1671 1628 1816 1682 circa

174 1728 398 1784 corpus
429 1726 635 1784 potest
675 1721 950 1786 deponere
979 1730 994 1768 :
1026 1731 1130 1769 non
1167 1724 1226 1770 ut
1258 1731 1362 1771 non
1405 1720 1693 1782 moriatur,
1722 1719 1818 1773 sed

177 1813 242 1856 nt
292 1819 429 1858 eam
477 1821 616 1873 quae
666 1822 792 1860 vere
841 1808 948 1858 vita
990 1818 1073 1860 est
1116 1806 1282 1860 vivat.
1338 1806 1500 1862 Forte
1541 1818 1726 1862 autem
1763 1819 1819 1862 et

177 1895 425 1961 quidam
467 1898 769 1952 audientes
795 1913 937 1953 nunc
965 1899 1096 1952 istos
1126 1913 1429 1964 sermones,
1454 1914 1578 1953 cum
1606 1914 1812 1953 sermo-

181 1985 362 2039 nibus
423 1989 661 2042 accensi
701 1987 827 2041 illud
863 1989 1081 2056 quidem
1133 1989 1275 2056 quod
1329 2000 1486 2042 erant
1552 1991 1816 2059 deposue-

185 2085 347 2141 runt,
380 2079 546 2143 quod
584 2091 768 2133 autem
799 2094 904 2134 non
940 2090 1097 2132 erant
1130 2079 1308 2134 eli'ecti
1332 2089 1632 2134 noscuntur
1659 2097 1673 2134 :
1703 2081 1817 2136 sic-

186 2176 254 2220 ut
312 2165 546 2222 ferrum
582 2167 852 2238 quoddam
880 2170 931 2223 in
963 2169 1085 2239 igne
1116 2169 1378 2236 iocatum,
1411 2181 1570 2240 negat
1596 2172 1815 2241 quidem

189 2258 456 2327 nigrum,
489 2271 659 2330 negat
684 2261 864 2316 album
894 2262 1154 2324 colorem,
1176 2273 1229 2316 et
1259 2272 1401 2316 totus
1426 2262 1654 2318 eliicitur
1677 2265 1817 2333 ignis

189 2364 253 2406 et
282 2355 488 2408 calore
522 2362 577 2408 et
604 2355 888 2421 incendio;
940 2355 1011 2407 ita
1047 2353 1183 2408 forte
1213 2356 1430 2423 quidam
1469 2354 1582 2426 (57)
1610 2370 1817 2410 sermu—

193 2445 371 2500 nibus
415 2446 546 2500 istis
571 2448 807 2514 accensi,
838 2462 1032 2516 corpus
1075 2449 1291 2517 quidem
1326 2459 1380 2501 et
1410 2449 1655 2513 corporis
1687 2464 1814 2518 gra-

197 2537 497 2604 vedinem,
543 2550 598 2592 et
644 2540 797 2605 vitia,
827 2549 883 2593 et
919 2541 1290 2607 promotiones
1332 2539 1641 2594 incidentes
1692 2555 1817 2609 pro-

195 2627 495 2694 iecerunt,
536 2630 637 2699 ipsi
674 2639 856 2683 autem
882 2631 1225 2684 sermonibus
1267 2629 1386 2684 istis
1411 2629 1693 2684 evolantes
1719 2632 1814 2685 de-

202 2707 438 2773 sursum
475 2735 573 2774 nos
604 2721 936 2791 respiciunt;
974 2722 1017 2775 si
1048 2732 1223 2774 tamen
1257 2720 1364 2774 illic
1394 2720 1573 2776 eﬂ'ecti
1603 2724 1817 2791 patiun-

208 2819 301 2865 tur
344 2813 632 2882 respicere
669 2811 814 2877 istic,
851 2823 905 2866 et
942 2827 1049 2865 non
1089 2814 1182 2866 toti
1217 2813 1329 2866 illic
1374 2814 1656 2868 constituti
1697 2828 1816 2883 pm-

211 2903 474 2957 nitentur
513 2904 638 2970 quia
678 2904 754 2958 ita
783 2906 936 2958 tarde
969 2913 1022 2958 et
1058 2919 1162 2958 non
1193 2913 1319 2960 ante
1349 2905 1470 2960 hoc.
1518 2905 1684 2961 Forte
1716 2921 1817 2960 au-

214 3003 329 3047 tem
363 3009 475 3050 nec
497 2997 746 3065 poeniteri
781 2995 886 3051 illis
918 2996 1028 3061 jam
1059 3007 1234 3061 vacat,
1269 2997 1361 3065 qui
1400 2999 1471 3051 ita
1517 2998 1654 3052 laetis
1697 3013 1819 3067 qua

215 3086 333 3142 illic
362 3100 496 3143 sunt
525 3088 686 3143 factis
710 3099 1032 3153 noscuntur,
1063 3103 1168 3143 non
1198 3092 1278 3144 eis
1301 3100 1384 3144 est
1417 3093 1586 3145 otium
1620 3091 1673 3144 in
1707 3105 1820 3145 me-

217 3181 464 3235 moriam
512 3182 760 3251 redigere
814 3196 900 3244 ea,
951 3197 982 3236 a
1037 3183 1232 3252 quibus
1273 3183 1484 3237 liberati
1540 3185 1815 3238 videntur.

219 3272 538 3329 Istiusmodi
578 3275 723 3330 enim
773 3275 1028 3329 homines
1075 3275 1184 3331 illic
1222 3291 1326 3329 non
1387 3284 1514 3330 sunt
1550 3275 1817 3330 homines.

223 3364 339 3421 Sed
371 3369 512 3422 sicut
545 3369 761 3422 domum
812 3369 1026 3436 plenam
1079 3368 1434 3438 thymiamate
1475 3369 1724 3440 ingressi,
1766 3381 1821 3423 et

218 3457 338 3526 jam
389 3461 660 3516 sensimus
683 3461 826 3529 quod
864 3474 1072 3524 sumus,
1108 3459 1466 3514 nihilominus
1522 3473 1704 3514 tamen
1736 3475 1820 3514 re-

227 3551 504 3618 dolemus,
557 3564 616 3607 ut
673 3553 968 3624 thymiama
1004 3552 1133 3607 facti
1172 3571 1184 3606 :
1221 3554 1293 3605 ita
1334 3562 1388 3608 et
1431 3554 1522 3622 qui
1556 3552 1664 3607 illic
1707 3553 1825 3622 jam.

229 3642 360 3698 lacti
402 3654 528 3699 sunt
578 3647 819 3709 accensi,
869 3645 1035 3700 veluti
1089 3662 1118 3700 a
1176 3655 1367 3699 natura
1399 3646 1601 3716 egressi
1631 3664 1644 3701 :
1674 3648 1820 3716 quod

231 3746 416 3789 autem
451 3737 685 3806 sapiunt,
713 3735 890 3791 eli'ecti
923 3746 1048 3791 sunt
1074 3737 1184 3791 illic
1211 3737 1410 3807 angeli.
1437 3736 1646 3803 Quibus
1674 3738 1820 3790 enim

232 3826 544 3881 intellectus
571 3845 634 3882 ex
669 3828 984 3882 imitatione
1022 3841 1207 3896 aequus
1234 3828 1439 3896 angelis
1471 3827 1702 3881 habetur
1728 3835 1822 3880 aut

232 3918 447 3984 similis,
495 3920 608 3972 istis
643 3936 748 3974 non
803 3918 1058 3988 prohibet
1098 3931 1293 3974 natura
1331 3920 1818 3974 conversationem.

235 4009 355 4076 Qua
385 4015 525 4068 enim
555 4011 619 4067 de
644 4029 808 4068 causa
837 4014 1087 4068 carnales
1121 4028 1217 4067 nos
1265 4024 1422 4068 vocat
1452 4013 1672 4077 Paulus,
1712 4027 1820 4066 nou

236 4104 500 4158 seducens
527 4115 741 4159 nostras
784 4105 1021 4170 animas,
1057 4106 1230 4175 magis
1267 4115 1449 4159 autem
1490 4105 1817 4159 subducens.

237 4193 368 4262 Quis
393 4199 535 4251 enim
575 4209 817 4252 mortuus
863 4196 1085 4254 eﬂ‘ectus
1125 4199 1430 4253 fornicatur
1469 4208 1564 4251 aut
1614 4197 1819 4252 adulte-

238 4288 363 4342 rat?
409 4287 547 4343 Dicit
598 4293 739 4343 enim
799 4291 916 4359 ipse
939 4290 1253 4360 Apostolus,
1301 4289 1655 4342 manifestans
1705 4287 1818 4360 (58)

238 4388 399 4442 opera
442 4375 622 4430 carnis
671 4392 789 4446 qua:
842 4386 970 4431 sunt
1016 4379 1386 4442 adulterium,
1440 4377 1816 4434 foruicatio“.

236 4464 432 4521 Carnis
467 4482 629 4538 opera
664 4470 767 4524 ista
804 4481 970 4524 sunt:
1011 4471 1137 4538 quis
1172 4471 1317 4524 enim
1350 4478 1596 4526 mortuus
1626 4470 1709 4526 his
1734 4471 1818 4525 in-

1926 617 2154 678 dicitur,
2185 615 2416 682 angelus
2467 609 2812 682 appelletur;
2857 625 2963 665 non
2998 611 3123 681 quia
3161 611 3232 664 ita
3272 612 3392 681 ejus
3419 629 3523 668 na-

1926 719 2047 762 tura
2079 716 2184 769 est,
2213 706 2309 759 sed
2345 704 2522 772 magis
2553 719 2658 757 non
2692 700 2993 756 eliiciamur
3025 717 3176 756 caro.
3225 702 3333 760 Nec
3363 705 3522 761 valde

1921 795 2262 851 confidamus
2292 795 2492 846 anima:
2521 809 2533 845 :
2570 790 2762 848 oculus
2803 790 2950 845 enim
2988 790 3106 846 sine
3134 790 3341 846 lumine
3372 803 3521 848 tene-

1920 888 2117 942 brosus
2148 893 2254 947 est,
2285 895 2338 938 et
2372 884 2649 952 cogitatus
2677 881 2798 936 sine
2823 879 3116 935 efﬁcientia
3149 897 3382 952 superna
3408 885 3525 940 vult

1919 979 2127 1044 videre,
2151 978 2296 1034 sicut
2326 976 2520 1032 oculus
2557 975 2612 1031 in
2661 987 2846 1040 nocte,
2887 981 2946 1028 et
2981 973 3280 1040 desiderat,
3321 986 3377 1032 et
3419 961 3525 1030 illi;

1920 1074 2097 1139 citur;
2137 1070 2352 1125 laborat
2397 1078 2604 1130 autem,
2651 1066 2778 1135 quia
2814 1081 2926 1121 non
2960 1065 3106 1120 valet
3135 1082 3152 1120 :
3185 1082 3308 1121 cum
3340 1075 3524 1122 autem

1921 1163 2206 1217 advenerit
2251 1160 2461 1224 lumen,
2503 1157 2736 1214 eﬂlcitur
2785 1159 3000 1214 oculus.
3055 1158 3133 1212 Ita
3169 1168 3224 1213 et
3254 1159 3532 1229 cogitatus

1917 1255 2038 1308 sine
2081 1253 2401 1324 operatione
2437 1249 2680 1321 Spiritus
2723 1250 2906 1304 sancti
2963 1249 3178 1320 palpat,
3231 1251 3526 1320 contingit,

1921 1353 2226 1412 promovet,
2259 1341 2489 1406 crescit,
2525 1348 2676 1410 putat
2703 1341 2834 1409 quia
2877 1340 2983 1395 iste
3023 1340 3162 1411 lapis
3201 1341 3342 1396 forte
3381 1343 3526 1398 Deus

1917 1443 2023 1499 est,
2056 1436 2199 1493 istud
2243 1449 2438 1489 aurum
2487 1432 2628 1489 forte
2658 1431 2825 1494 Deus,
2866 1439 2922 1486 et
2955 1432 3058 1487 hoc
3102 1432 3326 1502 lignum.
3385 1433 3527 1489 Dicit

1917 1528 2064 1583 enim
2095 1527 2237 1597 apud
2264 1541 2360 1581 se:
2393 1525 2562 1580 Putas
2604 1537 2754 1578 mare
2780 1520 2927 1576 Deus
2970 1531 3052 1576 est
3078 1521 3101 1574 ?
3130 1534 3293 1591 putas
3329 1531 3474 1576 terra
3501 1524 3526 1576 τ

1918 1633 2076 1690 putas
2099 1636 2192 1674 aer
2217 1619 2241 1673 i
2267 1617 2427 1674 Unde
2457 1626 2512 1674 et
2540 1627 2812 1672 creaturae
2851 1613 3250 1670 transtulerunt
3278 1615 3522 1676 nomina.

1919 1724 1976 1766 ut
2012 1728 2115 1768 non
2164 1712 2252 1767 his
2285 1726 2409 1781 qua
2455 1710 2510 1764 in
2560 1711 2957 1765 consuetudine
2997 1717 3128 1763 sunt
3168 1708 3521 1778 appellantes,

1920 1804 2014 1857 sed
2067 1818 2128 1856 ea
2174 1815 2296 1868 quin
2345 1800 2602 1854 colebant
2651 1799 3024 1863 nominantes,
3065 1799 3523 1853 convincerentur

1850 1888 1890 1941 Β
1917 1897 2040 1962 quia
2065 1896 2174 1950 vim
2209 1895 2488 1950 faciebant
2513 1892 2771 1964 opificiis.
2823 1892 2926 1960 Qui
2955 1902 3136 1948 autem
3171 1893 3326 1947 valde
3359 1905 3521 1964 puta-

1921 1997 2113 2043 verunt
2166 2002 2225 2042 se
2273 1987 2592 2051 ascendere,
2647 2000 2866 2040 sursum
2928 1986 3309 2054 pervenientes
3345 2001 3520 2056 usque

1921 2082 1987 2135 ad
2041 2079 2248 2142 stellas,
2303 2086 2669 2132 occurrerunt
2718 2077 2859 2131 lunae
2914 2087 2969 2130 et
3027 2077 3283 2129 viderunt
3322 2076 3516 2143 solem,

1921 2173 2060 2226 forte
2099 2187 2280 2225 autem
2329 2181 2383 2226 et
2429 2171 2652 2233 cmlum,
2709 2180 2764 2223 et
2820 2179 3248 2238 permanserunt
3292 2167 3419 2232 illic,
3464 2177 3522 2224 et

1921 2267 2066 2334 passi
2105 2274 2232 2319 sunt
2274 2263 2466 2316 vitium
2515 2261 2840 2316 sceleratum
2876 2277 2891 2314 :
2931 2260 3075 2314 sicut
3109 2260 3202 2328 qui
3237 2258 3306 2313 ad
3335 2274 3516 2327 regem

1922 2358 2158 2425 festinat,
2193 2357 2258 2410 ad
2302 2355 2449 2426 regia
2486 2353 2675 2423 palatii
2715 2354 3004 2415 accedens,
3044 2366 3239 2422 magna
3281 2361 3337 2406 et
3373 2353 3517 2406 clara

1921 2457 1976 2501 et
2003 2449 2114 2516 regi
2147 2446 2307 2517 digna
2339 2446 2680 2514 conspiciat;
2734 2455 2787 2498 et
2817 2459 2939 2498 cum
2985 2443 3178 2498 debeat
3223 2442 3398 2511 magis
3426 2445 3518 2499 do-

1920 2539 2174 2593 sideriutn
2204 2553 2360 2592 suum
2386 2538 2454 2591 ad
2485 2551 2606 2591 eum
2641 2535 2731 2605 qui
2767 2535 3032 2606 queritur
3063 2535 3366 2604 propalare,
3401 2546 3519 2588 stu-

1921 2646 2054 2698 pens
2084 2629 2267 2683 valvas
2318 2629 2516 2696 regias.
2566 2639 2621 2683 et
2669 2638 2867 2698 putans
2926 2627 3063 2682 nihil
3113 2626 3346 2696 amplius
3394 2642 3518 2682 esse

1923 2737 2104 2793 regem
2161 2737 2190 2775 a
2243 2721 2378 2785 suis,
2426 2721 2661 2776 resideat
2699 2723 2767 2776 ad
2794 2736 2858 2775 ea
2887 2736 3010 2791 qua:
3039 2721 3213 2791 prima
3259 2734 3518 2776 occurre-

1923 2823 2068 2880 rant,
2104 2812 2391 2866 fraudatur
2439 2813 2581 2882 regis
2632 2812 2844 2868 visione
2884 2824 2939 2868 et
2983 2823 3198 2868 natura.
3253 2811 3360 2869 Sed
3407 2825 3512 2870 nos

1923 2921 2029 2961 non
2064 2905 2299 2959 retineat
2345 2915 2511 2969 terra,
2544 2919 2649 2960 non
2681 2906 2940 2974 praefocet
2972 2919 3156 2966 mare;
3190 2920 3298 2958 non
3335 2903 3514 2960 offen-

1922 2999 2117 3053 damus
2150 2997 2203 3051 in
2232 2997 2425 3060 stellis,
2461 3012 2564 3051 non
2595 2997 3022 3051 obtenebremur
3068 3012 3098 3050 a
3138 2997 3289 3060 luna,
3338 3011 3516 3064 neque

1923 3103 2022 3144 nos
2056 3088 2312 3161 caliginet
2363 3088 2482 3155 sol;
2535 3104 2640 3143 non
2685 3089 2928 3143 detineat
2969 3088 3165 3144 cadum
3198 3107 3211 3143 :
3254 3088 3516 3144 Dominus

1923 3181 2067 3235 enim
2097 3190 2148 3235 et
2178 3180 2361 3250 opifex
2398 3191 2454 3235 et
2483 3190 2698 3235 creator
2732 3183 2977 3236 omnium
3006 3196 3192 3235 eorum
3216 3198 3337 3252 qua:
3365 3182 3512 3238 dicta

1923 3281 2049 3325 sunt
2081 3283 2138 3327 et
2171 3287 2278 3327 non
2329 3283 2456 3326 sunt
2486 3273 2626 3325 dicta
2654 3312 2671 3336 ,
2713 3283 2798 3325 est
2844 3271 2930 3325 ille
2968 3273 3060 3340 qui
3101 3274 3381 3340 quasritur.
3432 3275 3512 3327 Ad

1925 3361 2090 3418 Deum
2130 3365 2308 3433 igitur,
2369 3379 2402 3418 ο
2457 3365 2639 3428 homo,
2690 3365 2756 3417 ad
2805 3366 2969 3420 Deum
3014 3366 3210 3420 horum
3268 3365 3512 3420 omnium

1924 3470 2044 3524 quae
2075 3457 2211 3510 bona
2239 3467 2293 3511 et
2331 3457 2477 3510 clara
2515 3472 2663 3513 sunt.
2703 3456 2847 3512 Nihil
2885 3458 3138 3512 miserius
3161 3467 3427 3528 estquam
3454 3469 3515 3511 ut

1923 3549 2045 3617 quis
2086 3550 2136 3602 in
2173 3550 2375 3604 lumine
2416 3548 2654 3605 ol'fendat
2687 3568 2702 3606 :
2741 3551 2833 3605 sed
2869 3567 3136 3606 caecorum
3180 3553 3281 3606 hoc
3321 3551 3512 3606 vitium

1922 3651 2025 3696 est.
2055 3640 2168 3695 Non
2193 3645 2614 3698 obtenebremur
2632 3658 2661 3697 a
2683 3644 2829 3699 sole:
2861 3645 3012 3699 vides
3032 3659 3152 3699 eum
3170 3643 3439 3699 orientem
3462 3655 3518 3701 et

1925 3737 2290 3799 occidentem,
2333 3747 2389 3790 et
2419 3736 2701 3791 cedentem
2735 3738 3023 3793 mensuris.
3058 3737 3162 3791 Sed
3196 3738 3310 3806 ipse
3338 3751 3517 3805 praeco

1922 3838 2008 3882 est
2052 3829 2120 3881 ab
2155 3829 2366 3883 oriente
2412 3843 2583 3898 usque
2636 3827 2701 3882 ad
2745 3844 3024 3895 occasum,
3084 3829 3343 3897 prmdicat
3389 3843 3515 3882 eum

1923 3918 2013 3987 qui
2044 3933 2102 3972 se
2128 3918 2257 3972 fecit
2283 3929 2337 3972 et
2365 3920 2518 3983 dicit,
2549 3922 2593 3975 si
2628 3929 2806 3975 tamen
2845 3930 2899 3974 tu
2925 3922 3104 3985 audis,
3139 3923 3312 3994 magis
3333 3930 3514 3976 autem

1923 4011 1965 4064 si
1999 4011 2148 4065 vides
2176 4028 2189 4063 :
2221 4010 2338 4065 Non
2369 4027 2486 4066 sum
2520 4028 2621 4082 ego
2650 4012 2815 4075 Deus.
2844 4014 2938 4068 sed
2974 4015 3063 4068 ille
3108 4011 3264 4080 cujus
3313 4027 3429 4071 sum
3462 4023 3517 4068 et

1920 4115 2022 4170 ego
2051 4102 2350 4171 opilicium.
2396 4100 2478 4157 Me
2508 4103 2679 4168 vides,
2715 4103 2804 4158 ille
2837 4103 3131 4158 invisibilis
3157 4113 3256 4158 est.
3292 4101 3518 4158 visibile

1923 4195 1990 4248 ad
2040 4193 2314 4249 invisibile
2362 4195 2634 4249 contraria
2667 4206 2753 4250 est
2785 4206 3023 4250 natura:
3062 4211 3184 4248 nam
3233 4195 3340 4250 etsi
3394 4210 3514 4252 sum

1924 4288 2105 4342 clarus
2139 4289 2279 4342 sicut
2303 4303 2444 4353 sum,
2484 4289 2574 4343 sed
2607 4287 2787 4343 clarus
2816 4294 2906 4358 qut
2938 4289 3127 4344 videor
3161 4304 3175 4340 :
3213 4287 3302 4341 ille
3332 4298 3513 4343 autem

1924 4380 2296 4435 invisibilitate
2328 4382 2668 4436 transcendit
2694 4381 2997 4454 fulgoribus
3029 4381 3235 4435 omnia.
3277 4379 3394 4434 Non
3431 4395 3516 4434 me

1924 4472 2200 4525 honorans
2232 4471 2576 4527 dehonestes.
2628 4470 2741 4525 Non
2771 4488 2891 4526 sum
2926 4473 3174 4540 ingratus
3205 4472 3271 4524 ad
3313 4470 3514 4525 Condi-

243 4560 512 4615 volvitur?
544 4559 666 4615 Haec
689 4577 819 4631 ergo
845 4565 1091 4616 viventes
1121 4562 1322 4616 animis
1345 4576 1466 4616 cum
1493 4562 1816 4631 corporibus
1849 4574 1891 4628 ι)
1925 4572 2094 4615 torem
2123 4581 2134 4615 :
2179 4560 2452 4616 sulIiciunt
2485 4563 2613 4617 mihi
2665 4563 2931 4619 beneﬁcia
2965 4579 3084 4632 qua:
3134 4563 3320 4632 accepi
3353 4579 3370 4618 :
3401 4553 3514 4617 noli

239 4666 356 4706 cum
388 4652 625 4708 declives
671 4653 931 4707 fuerimus
963 4654 1027 4707 ad
1061 4668 1276 4716 carnes.
1303 4668 1434 4709 caro
1467 4663 1676 4708 tantum
1714 4669 1812 4710 vo-

240 4760 463 4811 canmr;
497 4761 616 4807 cum
648 4755 829 4800 autem
866 4747 1296 4815 promovetimus
1320 4749 1384 4800 ad
1412 4747 1675 4811 animam,
1697 4747 1816 4801 ani-

240 4837 390 4893 malis
418 4839 578 4895 homo
605 4838 834 4895 dicimur
873 4857 886 4892 :
925 4853 1047 4892 cum
1083 4849 1263 4892 autem
1317 4839 1816 4894 transcenderimus

241 4943 508 4994 naturam,
543 4933 805 5001 spiritalis
838 4933 998 4985 homo
1033 4933 1386 5001 appellamur.
1462 4933 1526 4986 Et
1567 4947 1671 4986 non
1701 4931 1814 4999 jam

239 5023 362 5090 quia
387 5024 620 5078 carnalis
650 5033 870 5078 vocatus
895 5032 997 5083 est,
1036 5023 1318 5080 fraudatus
1352 5035 1433 5078 est
1463 5023 1646 5077 anima
1679 5039 1692 5077 :
1733 5035 1819 5074 ne-

238 5129 340 5182 que
361 5114 494 5183 quia
519 5115 770 5170 animalis
792 5116 970 5169 dictus
993 5127 1096 5182 est,
1124 5117 1235 5186 jam
1262 5132 1365 5170 non
1397 5115 1558 5175 habet
1583 5127 1814 5184 corpus;

239 5206 510 5276 siquidem
533 5216 588 5261 et
621 5207 854 5277 spiritali
900 5208 1105 5262 homini
1136 5220 1191 5264 et
1216 5224 1416 5278 corpus
1459 5209 1598 5264 inest
1627 5219 1684 5262 ut
1720 5208 1817 5267 bo,-

241 5294 392 5348 mini-
416 5303 471 5349 et
500 5296 673 5348 anima
709 5304 768 5349 ut
795 5296 1010 5352 animm.
1055 5298 1112 5352 Si
1142 5308 1320 5352 autem
1356 5308 1413 5352 et
1456 5297 1581 5351 istic
1612 5296 1818 5352 consti-

243 5385 360 5447 tuti,
385 5384 604 5452 quidam
628 5385 847 5455 quidem
871 5400 1000 5440 caro
1033 5397 1238 5441 tantum
1267 5401 1478 5451 sumus,
1507 5385 1638 5460 quia
1661 5386 1817 5441 decli-

242 5489 332 5530 ves
366 5473 568 5530 fuimus
596 5477 664 5531 ad
697 5487 933 5542 terram;
969 5479 1057 5532 alii
1099 5480 1281 5533 anima
1311 5488 1541 5544 tantum,
1575 5479 1704 5549 quia
1736 5479 1816 5531 in-

243 5576 323 5620 ter
366 5578 656 5636 utrumque
722 5579 970 5633 stamus;
1037 5570 1126 5624 alii
1192 5570 1465 5641 spiritales
1529 5583 1789 5627 vocamur

309 5683 353 5712 ‘°
384 5681 502 5735 Gul.
542 5698 591 5748 V,
634 5686 686 5740 9.

309 5802 419 5869 (57)
459 5801 699 5870 Quidrm.
736 5801 916 5866 Forte,
955 5803 1191 5870 quidam.

311 5871 422 5943 (58)
461 5869 554 5924 Sis.
594 5869 870 5941 Manifesta
912 5883 1030 5925 sunt
1070 5888 1243 5942 opera.

1922 4652 2122 4708 addere
2157 4655 2297 4722 quod
2353 4670 2458 4707 non
2509 4655 2774 4724 suscipio.
2827 4655 3090 4710 Creatura
3139 4669 3288 4719 sum,
3321 4664 3374 4710 et
3407 4671 3514 4709 non

1921 4742 2190 4810 Creator;
2245 4743 2520 4812 opificium
2567 4757 2622 4800 et
2651 4762 2755 4800 non
2785 4747 3005 4816 opifex;
3063 4747 3240 4800 factus
3283 4762 3428 4811 sum,
3461 4755 3518 4800 et

1924 4850 2028 4889 non
2066 4838 2110 4889 is
2142 4839 2233 4903 qui
2270 4837 2432 4900 fecit;
2473 4838 2632 4892 istinc
2668 4852 2788 4892 sum
2812 4840 2974 4904 cmlo,
3010 4848 3066 4893 et
3094 4839 3226 4893 inde
3247 4837 3418 4893 oculis
3443 4839 3515 4892 vi-

1925 4929 2095 4981 deor:
2130 4927 2219 4982 ille
2272 4930 2556 4985 invisibilis
2606 4941 2707 4984 est.
2750 4932 2862 5002 Ego
2896 4931 2948 4985 in
3000 4930 3122 4985 loco
3161 4929 3517 4986 confirmatus

1925 5036 2042 5075 sum
2075 5039 2089 5076 :
2124 5023 2210 5076 ille
2240 5022 2376 5076 liber
2409 5025 2476 5078 ab
2501 5023 2652 5078 omni
2685 5034 2771 5078 est
2801 5025 2938 5080 loco.
2966 5024 3079 5095 Ego
3105 5025 3370 5094 parietem
3392 5023 3514 5078 caeli

1927 5122 2083 5168 teneo
2134 5116 2187 5169 in
2229 5131 2331 5185 qua
2390 5132 2510 5170 sum
2555 5127 2611 5171 et
2659 5118 2918 5187 positus:
2957 5117 3046 5174 ille
3097 5126 3279 5172 autem
3329 5115 3516 5184 implet

1925 5207 2128 5262 omnia.
2180 5207 2290 5278 Ego
2325 5223 2388 5262 ex
2421 5208 2538 5263 loco
2569 5209 2637 5263 ad
2670 5209 2849 5264 locum
2883 5213 3126 5264 accedo:
3171 5208 3272 5268 ille-
3293 5217 3347 5261 et
3381 5208 3513 5261 mihi

1923 5299 2198 5364 separavit
2226 5299 2424 5353 locum.
2466 5298 2596 5355 Vide
2619 5316 2728 5366 me,
2757 5311 2812 5353 et
2837 5301 2946 5355 noli
2975 5313 3367 5354 connumerare
3395 5313 3516 5369 qum

1927 5403 2034 5442 non
2060 5402 2548 5445 conmnnerantnr.
2587 5391 2883 5450 Invisibilis
2913 5401 2967 5447 et
2992 5391 3221 5446 visibilis
3243 5391 3516 5458 quomodo

1925 5487 2440 5539 eonnumerantur?
2476 5486 2576 5554 Qui
2609 5487 2660 5540 in
2695 5484 2800 5541 loci
2839 5485 2980 5557 (59),
3025 5492 3079 5540 el
3119 5487 3210 5552 qui
3248 5483 3362 5536 sine
3395 5480 3516 5538 loco

1924 5588 2084 5642 quam
2123 5577 2324 5631 habent
2354 5580 2796 5633 communionem
2846 5579 3093 5634 naturae?
3135 5577 3245 5648 Ego
3283 5574 3432 5634 orior
3458 5583 3518 5635 ct

1998 5803 2109 5876 (59)
2151 5803 2293 5860 Loci.
2330 5804 2515 5871 Forte,
2552 5805 2668 5860 loco
2706 5802 2789 5862 vel
2824 5803 2976 5861 locis.
