4072 6348
699 458 839 519 1155
1361 462 1628 522 EUSEBII
1665 467 2139 528 CESABIENSIS
2174 473 2323 531 OPP.
2366 476 2547 535 PARS
2583 481 2673 539 IV.
2703 513 2773 525 —
2812 482 3233 546 DOGMATICA.
3840 498 3939 552 “56

696 579 901 641 occido,
932 577 1053 647 quia
1083 585 1137 634 et
1166 593 1381 649 possum
1417 591 1646 654 utraque
1671 585 1738 640 ad
1766 586 1916 654 iussa
1942 594 2210 660 complere
2236 610 2250 647 :
2281 599 2328 655 Α
2357 599 2571 663 generis
2600 599 2745 655 enim
2773 603 3095 661 miseremur
3117 608 3315 663 nostri.
3366 608 3487 664 illis
3516 611 3729 683 quippe
3761 616 3844 685 qui
3869 632 3934 669 ve-

696 665 787 722 ille
808 666 1209 736 supereminet;
1260 683 1365 722 non
1420 669 1622 742 indiget
1652 683 1711 727 ut
1737 676 1965 742 oriatur,
2014 693 2121 735 non
2153 681 2254 735 int-
2356 686 2530 741 stibus
2556 691 2770 759 quidem
2807 708 2867 749 se
2890 697 3115 763 nudant,
3158 714 3325 756 caeno
3348 712 3551 756 autem
3598 719 3664 759 se
3696 708 3930 775 operiunt,

694 766 868 815 mutat
912 759 1107 826 locum,
1132 776 1344 832 semper
1388 764 1440 817 in
1484 780 1552 821 eo
1602 766 1719 835 ipso
1746 770 1885 838 quod
1915 782 1999 826 est
2025 787 2207 829 manet
2235 792 2250 841 ;
2353 778 2443 845 qui
2475 779 2680 849 lapides
2710 796 2950 853 portant,
2983 789 3076 859 qui
3099 759 3361 846 damnum
3414 794 3630 864 duplex
3661 759 3923 868 accipiunt,

691 862 901 918 semper
928 851 1040 920 ipse
1068 860 1150 907 est
1172 856 1262 923 qui
1297 863 1414 920 est;
1449 856 1517 911 ab
1543 856 1633 913 illo
1662 868 1720 913 et
1743 860 1896 916 calor
1918 870 2003 917 est
2026 903 2042 928 ,
2070 867 2138 919 ab
2162 866 2251 921 ilio
2350 875 2480 923 utet
2512 851 3021 945 aurum'proferant,
3050 890 3107 933 et
3140 894 3169 933 a
3200 880 3318 937 Deo
3356 851 3653 939 decidant.
3833 851 3928 945 res:

687 939 888 995 dantur
912 953 967 997 et
990 958 1179 999 cursus
1204 961 1489 1014 mensura,
1523 949 1591 1003 ab
1642 949 1734 1005 illo
1764 963 2131 1010 mensuratum
2168 967 2251 1012 est
2348 968 2433 1013 sat
2458 960 2537 1015 sol
2569 978 2669 1018 nec
2703 939 2830 1021 illud
2858 968 2911 1022 in
2941 939 3176 1025 medium
3205 973 3495 1042 proferre,
3522 978 3657 1048 quia
3705 986 3927 1048 putantes

687 1030 907 1086 omium.
966 1032 1100 1089 Nam
1142 1035 1242 1091 etsi
1288 1040 1462 1108 spatio
1494 1038 1650 1110 longe
1678 1056 1817 1106 sum,
1856 1054 2030 1100 tamen
2067 1047 2247 1103 calore
2346 1064 2467 1105 eum
2496 1052 2773 1125 demeare,
2804 1060 2857 1114 in
2884 1059 2971 1115 his
3000 1030 3233 1119 maxime
3255 1064 3313 1119 in
3346 1030 3567 1135 quibus
3608 1030 3921 1142 indignatur.

684 1121 943 1178 conﬁteor
965 1134 1249 1181 naturam:
1277 1128 1367 1185 ille
1394 1129 1677 1186 invisibilis
1692 1140 1793 1188 est.
1821 1133 1995 1190 Meum
2016 1138 2245 1196 intueris
2342 1142 2627 1201 Adducunt
2653 1121 2797 1204 enim
2830 1152 2897 1206 ad
2926 1166 3141 1209 omnem
3184 1156 3593 1227 malignitatem
3660 1162 3924 1219 hominum

684 1210 945 1280 habitum,
982 1214 1071 1271 ille
1096 1218 1211 1275 sine
1243 1219 1427 1275 habitu
1458 1230 1559 1277 est.
1603 1221 1777 1279 Tanta
1832 1228 1962 1282 mihi
2009 1241 2135 1284 sunt
2188 1241 2243 1287 et
2341 1249 2525 1303 opera,
2564 1246 2619 1293 et
2671 1239 2908 1297 malitias
2955 1245 3053 1300 soli
3098 1256 3154 1301 et
3183 1210 3619 1309 iunget—suas
3662 1254 3916 1310 iiliascri-

682 1302 806 1368 alia,
838 1320 905 1359 ex
956 1309 1151 1377 quibus
1192 1310 1323 1364 nihil
1372 1312 1438 1367 ad
1481 1312 1630 1367 illum
1677 1318 1947 1385 pertinere
1978 1321 2236 1377 videtur:
2339 1302 2498 1395 psere
2514 1328 2778 1387 luxurias.
2804 1331 2920 1389 Non
2948 1337 3071 1403 iste,
3120 1302 3539 1409 inquitph-om‘o
3576 1346 3802 1401 adulter
3826 1356 3918 1413 est,

681 1409 790 1449 non
830 1405 1030 1453 tactum
1066 1403 1311 1471 incurrit,
1355 1420 1461 1459 non
1512 1407 1630 1461 loco
1664 1409 1920 1474 ambitur,
1963 1427 2069 1468 non
2119 1415 2235 1470 loca
2335 1414 2430 1467 sed
2458 1416 2558 1472 sol.
2582 1418 2821 1477 Veniunt
2846 1425 2990 1479 enim
3017 1432 3083 1482 ad
3107 1403 3254 1484 illum
3290 1430 3498 1499 locum,
3543 1443 3602 1490 et
3654 1437 3795 1491 mala
3831 1439 3916 1494 ho-

676 1484 1005 1555 circumdat,
1039 1506 1142 1545 non
1174 1491 1387 1550 habitus
1414 1496 1557 1551 circa
1610 1498 1809 1568 ipsum,
1863 1517 1969 1556 non
2018 1520 2233 1575 compo-

674 1575 799 1631 sitio
830 1580 897 1633 ad
923 1580 1163 1649 gloriam.
1192 1580 1284 1639 Ille
1312 1595 1471 1641 natus
1521 1598 1719 1644 annato
1746 1602 1829 1645 est
1862 1592 1995 1663 (60),
2039 1610 2133 1664 per
2163 1598 2230 1651 il-

673 1672 783 1722 (mn
827 1679 881 1724 et
921 1686 1019 1740 ego
1042 1675 1295 1729 etomnia
1340 1676 1479 1734 facta
1504 1691 1643 1735 sunt.
1680 1680 1854 1741 Nolite
1885 1702 1970 1743 me
1996 1699 2229 1744 conver-

675 1766 790 1814 tere
831 1760 896 1814 ad
949 1762 1369 1832 blasphemiam,
1426 1785 1521 1839 per
1575 1787 1659 1827 me
1702 1775 2080 1845 blasphemare
2132 1796 2227 1836 no-

670 1848 783 1905 lite.
814 1849 1011 1905 Littera
1044 1868 1162 1908 sum
1184 1857 1249 1911 ad
1273 1858 1495 1929 gloriam
1523 1864 1641 1933 ejus
1668 1867 1758 1935 qui
1796 1883 1881 1924 me
1908 1872 2034 1925 fecit
2066 1890 2079 1927 :
2111 1889 2225 1929 ca:-

668 1939 775 1994 lum
820 1942 960 1997 enim
999 1943 1135 1999 liber
1172 1956 1255 2001 est
1277 1923 1570 2018 magnus;
1594 1923 1702 2024 egr;
1726 1968 1902 2012 autem
1947 1975 2067 2015 cum
2111 1965 2226 2017 alli-
2255 1923 2300 1982 Β

668 2026 822 2083 nibus
869 2032 1002 2087 meis
1036 2048 1218 2088 sumus
1266 2035 1455 2093 littera
1489 2042 1869 2111 religiositatis.
1916 2047 2097 2120 Legite
2146 2052 2228 2107 lu-

662 2132 745 2171 nas
790 2120 1081 2176 virtutem:
1122 2126 1313 2179 crescit
1368 2138 1421 2181 et
1454 2130 1730 2199 minuitur,
1777 2145 1832 2190 et
1880 2150 2090 2209 semper
2122 2141 2224 2195 im-

661 2217 919 2273 mutatur,
954 2223 1007 2266 et
1037 2215 1313 2269 annuntiat
1354 2218 1778 2277 immutabilem:
1807 2235 1861 2280 et
1903 2229 1954 2283 in
1988 2230 2074 2284 illa
2108 2233 2221 2289 ite-

655 2479 749 2535 lite
786 2497 885 2537 nec
933 2484 1088 2539 istam
1135 2502 1341 2543 mecum
1396 2495 1598 2561 pariter
1639 2496 2029 2567 blasphemare.
2078 2505 2217 2571 Quid

653 2585 753 2626 nos
780 2574 1214 2633 calumniamini?
1242 2582 1399 2637 modo
1433 2586 1646 2653 quidem
1689 2604 1775 2644 me
1839 2592 2078 2650 dicentes
2106 2596 2217 2651 for-

652 2662 888 2719 nicatum
925 2681 1063 2732 esse,
1097 2669 1253 2726 modo
1288 2682 1467 2728 autem
1494 2675 1697 2743 lunam,
1739 2682 1862 2749 quia
1890 2684 2211 2744 adulterium

650 2755 886 2809 admisit.
927 2754 1101 2812 Nolite
1140 2760 1403 2829 deponere
1435 2778 1531 2819 nos
1568 2780 1752 2823 contra
1790 2782 2065 2840 naturam,
2116 2796 2212 2835 ne-

646 2859 752 2915 que
786 2847 976 2901 iterum
1018 2849 1275 2906 extollere
1311 2866 1473 2922 supra
1510 2866 1779 2915 naturam.
1841 2864 2029 2921 Dicitis
2080 2872 2208 2937 quia

645 2949 745 3005 ego
778 2936 986 2992 mulieri
1009 2939 1385 3000 confabulatus
1410 2960 1527 3002 sum
1557 2966 1572 3001 :
1595 2951 1787 3019 quibus
1809 2936 2209 3025 operamentis?

643 3026 839 3093 quibus
859 3029 1113 3083 membris
1132 3030 1158 3083 7
1184 3047 1289 3099 quo
1307 3034 1530 3090 habitu?
1553 3043 2002 3109 quemadmodum
2029 3066 2202 3107 meam

578 3159 582 3166 .
640 3115 906 3171 ﬂammam
959 3120 1124 3187 potuit
1166 3122 1416 3180 sull'erre?
1458 3133 1902 3195 quemadmodum
1952 3140 2203 3207 splendo-

2336 1505 2538 1561 minum
2566 1510 2665 1564 soli
2689 1513 2987 1573 ascribunt.
3010 1518 3075 1573 Et
3096 1520 3403 1579 hominibus
3430 1527 3660 1595 quidem
3685 1530 3821 1584 nihil
3844 1548 3915 1584 re-

2333 1593 2579 1665 linquunt
2611 1602 2773 1669 mali,
2812 1619 2915 1660 non
2948 1606 3185 1665 luxurias
3230 1593 3562 1683 luxuriosis;
3600 1634 3711 1673 non
3747 1621 3911 1675 horni-

2331 1684 2468 1741 cidia
2529 1688 2856 1761 homicidia;
2902 1712 3006 1751 non
3060 1700 3378 1758 adulterium
3437 1706 3762 1773 adulteris;
3812 1728 3911 1766 non

2331 1776 2603 1831 mendacia
2638 1777 3017 1851 mendacibus;
3054 1805 3158 1844 non
3182 1791 3325 1846 furta
3355 1794 3571 1851 furibus
3599 1814 3618 1863 ;
3652 1801 3754 1855 sed
3783 1803 3910 1855 obl-i-

2330 1865 2368 1917 ti
2421 1880 2603 1919 eorutn
2642 1883 2765 1939 qua
2813 1874 3265 1945 blasphemabant
3322 1883 3572 1942 dicentes
3632 1892 3792 1955 deos,
3860 1904 3907 1948 et

2328 1961 2635 2017 amittentes
2665 1966 2910 2023 homines
2948 1970 3039 2037 qui
3072 1971 3407 2043 delinquunt,
3440 1991 3537 2031 eos
3576 1993 3724 2049 ques
3753 1996 3907 2037 voca-

2326 2052 2455 2105 bant
2507 2055 2635 2109 deos
2691 2071 2834 2113 nunc
2878 2060 3155 2115 hominum
3221 2064 3495 2132 latrones,
3561 2069 3901 2137 homicidas,

2325 2144 2633 2211 mendaces,
2670 2147 2951 2218 malignus,
2990 2154 3282 2221 adulteros,
3318 2158 3466 2215 fures
3506 2176 3610 2229 pro
3664 2163 3899 2219 homini-

2323 2235 2421 2291 bus
2448 2252 2568 2294 esse
2600 2242 2804 2297 volunt.
2860 2242 2966 2299 Sed
3021 2248 3159 2317 apud
3213 2266 3311 2305 nos
3360 2252 3636 2309 homicida
3686 2258 3733 2312 si
3770 2258 3903 2313 forts

2202 2354 2222 2366 -
2322 2343 2483 2383 unum
2520 2333 2738 2398 occidit,
2781 2345 2835 2389 et
2876 2337 3011 2393 forte
3042 2342 3288 2398 tristatus
3319 2354 3411 2399 aut
3441 2345 3668 2402 infamis
3700 2351 3892 2414 factas,

2194 2445 2217 2457 -
2318 2427 2373 2471 et
2424 2427 2680 2486 tremens,
2728 2433 2783 2478 et
2830 2428 3136 2496 compulsus
3182 2433 3251 2487 ob
3281 2444 3598 2504 egestatem,
3638 2451 3736 2494 aut
3764 2442 3890 2495 iram

2317 2519 2409 2564 aut
2456 2510 2800 2578 inimicitias,
2853 2519 2931 2571 soi
2983 2521 3181 2576 occidit
3226 2537 3348 2576 eum
3395 2525 3485 2593 qui
3543 2528 3890 2589 interﬁcitur.

2315 2598 2527 2677 Quare?
2552 2617 2671 2670 quae
2699 2605 2933 2660 vicinia?
2958 2624 3076 2675 qua:
3103 2610 3493 2669 cohereditas?
3530 2632 3658 2685 qua
3703 2623 3888 2674 condi-

2314 2692 2489 2747 visio?
2510 2676 2639 2763 quid
2672 2699 2906 2764 passus?
2932 2701 3059 2767 quid
3088 2704 3375 2759 admittens
3391 2706 3421 2759 ἲ
3443 2676 3575 2777 quid
3609 2710 3887 2781 indigensl

2310 2784 2436 2851 quid
2470 2790 2735 2842 commodi
2766 2792 2986 2845 sumus?
3019 2792 3133 2847 Non
3172 2811 3357 2853 smnus
3395 2814 3587 2854 canna:
3638 2804 3885 2858 manibus

2307 2875 2578 2930 stellarum
2622 2889 2780 2935 mota
2826 2883 2891 2936 ad
2927 2883 3151 2939 litteras.
3184 2885 3319 2951 Tua,
3350 2899 3437 2943 tua
3465 2902 3616 2957 sunt,
3672 2896 3880 2951 etiamsi

2306 2964 2650 3023 calumnieris
2677 2972 2865 3027 solem.
2901 2973 3048 3030 Luna
3086 2989 3266 3035 autem
3316 2998 3421 3038 non
3466 2998 3740 3055 operatur
3764 3006 3885 3061 quae

2304 3058 2654 3114 calumniaris
2687 3079 2701 3115 :
2735 3078 2841 3117 non
2899 3076 2952 3121 te
3000 3067 3195 3125 liberat
3228 3073 3495 3130 calumnia
3542 3094 3570 3132 a
3611 3058 3872 3151 peccatio:

2300 3148 2541 3215 acquiris
2563 3151 2654 3205 tibi
2678 3166 2732 3207 et
2754 3154 3138 3226 blasphemiam
3175 3181 3188 3217 :
3215 3164 3264 3217 in
3288 3180 3353 3218 eo
3378 3169 3521 3223 enim
3549 3148 3677 3226 dum
3703 3174 3870 3229 dicis:

639 3206 760 3259 res?
792 3206 846 3261 Si
868 3209 1010 3262 enim
1045 3219 1191 3265 tanto
1224 3215 1396 3281 spatio
1418 3217 1528 3289 (6|)
1562 3236 1737 3277 meum
1764 3206 2198 3289 radiumisull'er-
2224 3269 2266 3327 ε
2303 3206 2416 3292 Non
2445 3256 2547 3310 ego
2581 3206 3089 3314 adtnitto,vs;dV-Bei
3134 3206 3566 3325 opificiafouod
3586 3206 3869 3332 Qui;

639 3311 697 3332 In
729 3312 829 3332 nnn
862 3307 1035 3332 nnlncl
1083 3300 1136 3332 ἶη
1169 3303 1370 3332 ιῖιιὲιηι-
1402 3319 1617 3332 ..-_.-._-
1646 3328 1752 3332 .u-‘
1803 3331 1808 3332 γ
1968 3318 1979 3329 ο
2119 3325 2129 3332 .

2091 3598 2191 3652 itti-
2290 3610 2507 3667 rantur;
2539 3604 2611 3658 ita
2665 3622 2839 3677 neque
2886 3610 3099 3667 illorum
3151 3627 3274 3670 sunt
3305 3598 3528 3688 operai:
3579 3627 3867 3695 cqualiter

630 3666 681 3709 te
716 3671 798 3709 me
828 3662 947 3726 quia
989 3660 1123 3716 ﬁxus
1156 3678 1297 3727 sum,
1336 3682 1557 3724 cursum
1598 3674 1719 3729 caali
1744 3681 1989 3737 coniicio.
2014 3684 2188 3744 Nolite

625 3764 713 3803 me
739 3750 804 3803 ad
841 3760 1037 3805 terram
1072 3754 1338 3823 deponere
1383 3762 1583 3829 verbis,
1612 3779 1783 3835 neque
1817 3772 2079 3832 deducere
2107 3780 2187 3833 fa-

620 3836 780 3895 bulis.
811 3840 923 3895 Non
951 3846 1240 3913 prevarico
1278 3847 1449 3918 legem
1486 3870 1499 3906 :
1540 3869 1752 3912 sursum
1785 3876 1902 3917 sum
1942 3868 2179 3935 positus;

619 3945 726 3983 non
756 3932 977 3987 immuto
1008 3951 1222 3991 cursum
1250 3943 1596 3997 constitutum
1640 3949 1805 4014 mihi;
1842 3932 1957 4008 non'
1988 3932 2181 4015 recedo

618 4021 688 4073 ab
726 4021 930 4087 cilicio;
986 4024 1155 4093 legem
1202 4028 1379 4083 datam
1422 4034 1694 4103 custodio;
1728 4053 1960 4106 agnosco
2002 4051 2176 4116 spatia

615 4108 891 4177 cmii,quaa
915 4122 967 4165 et
989 4114 1139 4181 jussa
1167 4131 1443 4184 percurro.
1476 4121 1697 4180 Terram
1722 4129 1932 4186 calcare
1960 4151 2064 4189 non
2095 4149 2177 4193 est

612 4209 815 4253 natura:
840 4218 969 4257 mea:
995 4222 1007 4257 :
1038 4209 1251 4274 quando
1278 4225 1383 4265 nox
1411 4212 1550 4268 facta
1582 4227 1666 4271 est
1692 4218 2021 4289 importuna,
2050 4231 2172 4299 quia

610 4304 709 4359 ego
738 4290 982 4347 descendi
1012 4298 1077 4349 ad
1108 4298 1345 4355 mulieris
1374 4308 1912 4367 communicationem
1932 4315 2173 4377 ?cessate

610 4382 839 4447 turpiter
872 4384 1213 4454 honorantes,
1269 4390 1415 4448 foede
1454 4397 1782 4457 deducentes
1820 4422 1835 4457 :
1872 4409 2039 4466 nolite
2075 4428 2167 4469 ora

608 4484 786 4525 vestra
812 4474 863 4525 in
900 4476 1053 4531 benis
1074 4482 1315 4535 versibus
1342 4486 1497 4541 malis
1525 4492 1752 4557 negotiis
1774 4500 2004 4563 aperire.
2032 4501 2167 4567 Quid

604 4577 689 4614 me
720 4563 1019 4620 deducitis?

718 4654 901 4715 ierem,
932 4672 1034 4711 non
1076 4665 1307 4718 ascendo
1355 4671 1576 4738 aqualis
1624 4674 1752 4729 Deo.
1786 4678 1937 4744 Quod
1977 4695 2160 4740 autem

598 4751 716 4795 erat
745 4745 871 4798 mihi
898 4757 952 4800 et
984 4751 1149 4805 otium
1188 4755 1490 4826 relinquere
1516 4778 1731 4820 cursum
1756 4780 2019 4829 statutum
2053 4779 2157 4831 mi-

596 4827 688 4882 hi?
721 4835 932 4898 quando
979 4838 1304 4909 interruptus
1336 4856 1418 4899 est
1470 4850 1622 4905 dies?
1668 4866 1760 4909 aut
1799 4827 2019 4928 quando
2046 4827 2151 4922 non

594 4921 781 4977 adveni
808 4941 1030 4983 currens
1053 4933 1117 4983 ad
1142 4946 1411 5001 ornatum,
1436 4954 1725 5013 occupatus
1746 4921 2149 5013 ad-mulierem?

590 5011 657 5067 Et
687 5014 809 5070 luna
846 5018 1037 5075 fabulis
1060 5023 1391 5096 deturpatur,
1448 5035 1541 5086 sed
1570 5011 1763 5106 arguit
1795 5041 1988 5100 fabulis
2034 5011 2145 5121 (62)

588 5118 683 5159 sua
715 5120 925 5164 natura.
976 5112 1135 5169 Forte
1178 5128 1354 5173 autem
1404 5136 1503 5176 nec
1544 5124 1671 5181 illud
1716 5132 1913 5187 tacebit
1957 5112 2057 5189 sol.
2088 5112 2143 5193 Si

588 5208 763 5251 autem
793 5201 907 5269 ejus
941 5220 1043 5259 non
1078 5216 1159 5262 est
1185 5221 1376 5266 natura
1419 5228 1475 5267 ut
1502 5215 1769 5287 loquatur,
1820 5240 1917 5281 nos
1956 5241 2055 5295 pro
2078 5247 2143 5286 eo

585 5285 887 5360 loquemur,
921 5296 965 5349 sl
994 5306 1167 5353 tamen
1219 5318 1316 5372 pro
1352 5307 1467 5360 sole
1503 5285 1689 5365 etnon
1723 5285 1818 5383 pro
1849 5285 1992 5383 Deo-;
2031 5337 2135 5377 non

583 5384 705 5447 quia
757 5386 897 5443 Deus
934 5388 1135 5459 indiget
1179 5396 1445 5463 adjutorio
1489 5410 1674 5456 nostro
1720 5415 1772 5459 et
1801 5407 2132 5478 defensione,

583 5474 673 5525 sed
700 5476 943 5534 homines
972 5484 1246 5539 constituti
1271 5488 1589 5546 hominibus
1612 5499 1987 5565 cempatimur.
2038 5474 2131 5558 Vi;

580 5561 763 5622 dentes
787 5571 930 5624 enim
950 5571 1191 5629 volumus
1219 5578 1322 5633 iter
1342 5583 1627 5639 ostendere
1656 5561 1757 5642 non
1788 5590 2130 5663 videntibus;

670 5699 757 5774 ξφ)
787 5705 885 5758 Ms.
919 5705 1018 5760 llic
1046 5721 1197 5765 natus
1217 5731 1280 5769 ex
1301 5719 1479 5771 innato
1504 5732 1601 5774 est.

800 5774 896 5854 eis:
999 5778 1132 5854 enim
1154 5782 1205 5833 in
1233 5794 1376 5839 tanto
1399 5770 1584 5854 spolio.

673 5837 759 5907 62)
795 5838 1031 5895 Fatum.
1049 5844 1205 5902 Forte
1228 5837 1455 5920 ιαιέκιαὲᾳ

2286 3691 2429 3744 enim
2475 3693 2617 3750 Deus
2648 3700 2942 3757 constituit.
2989 3702 3122 3758 Vide
3151 3711 3290 3776 quod
3334 3711 3470 3766 dicis
3502 3734 3518 3767 :
3763 3733 3861 3773 no-

2287 3782 2462 3838 ntinas
2493 3800 2652 3855 quem
2698 3789 2841 3858 piget
2886 3808 3043 3848 nosse
3092 3797 3276 3863 Deum,
3310 3803 3401 3856 sed
3446 3804 3540 3859 tibi
3580 3806 3744 3864 facile
3777 3822 3857 3865 eat

2283 3876 2423 3942 apud
2457 3892 2620 3946 quem
2639 3890 2764 3935 sunt
2802 3883 3024 3937 dicere:
3061 3885 3371 3945 Coufundor
3420 3906 3474 3949 et
3529 3897 3684 3967 piger
3737 3916 3851 3954 sum

2288 3967 2667 4024 contaminare
2698 3987 2865 4027 meam
2904 3975 3159 4046 linguam,
3198 3989 3253 4036 et
3282 3984 3515 4037 maxime
3541 3990 3754 4045 catlesti
3777 3994 3858 4043 vi-

2278 4057 2429 4111 sione
2464 4059 2817 4119 descendens.
2860 4065 2995 4131 Quid
3040 4085 3190 4141 ergo,
3244 4088 3277 4127 o
3327 4076 3581 4142 sapiens?
3633 4080 3849 4151 Cygnus

2277 4149 2407 4202 deus
2432 4161 2517 4204 est
2558 4154 2645 4221 qui
2684 4156 2963 4212 adversum
2992 4160 3253 4232 virginem
3286 4166 3472 4221 calet?
3494 4149 3849 4227 Confundan-

2276 4246 2360 4289 tur
2381 4238 2471 4306 qui
2499 4238 2783 4308 aliquoties
2810 4246 3028 4315 quidem
3050 4259 3263 4305 taurum
3286 4255 3535 4323 adorant,
3559 4260 3851 4332 aliquoties

2273 4325 2385 4396 (65)
2415 4339 2590 4384 autem
2625 4341 2784 4387 tauro
2825 4335 2982 4390 deum
3010 4343 3449 4411 transﬁguratam
3476 4325 3706 4418 lingunt.
3730 4354 3840 4409 Sed

2270 4417 2434 4472 dicite
2474 4422 2629 4477 nobis
2675 4439 2771 4480 cur
2808 4428 3122 4486 immutatus
3148 4444 3233 4488 est
3284 4445 3346 4491 ut
3388 4417 3653 4511 virginem
3689 4446 3841 4503 vide.

2268 4509 2392 4562 ret?
2420 4509 2533 4565 Non
2560 4515 2702 4568 enim
2730 4517 2957 4573 habebat
2980 4518 3209 4580 feminas
3231 4526 3363 4582 deus
3391 4509 3691 4590 secundum
3718 4553 3835 4596 vos.

2881 4571 2886 4573 ~
2940 4571 2952 4573 -
2983 4571 3208 4580 κ-η-πη
3234 4571 3363 4582 -νυ-
3391 4571 3691 4590 “ww...”
3723 4571 3834 4596 νυ..

1059 4571 1185 4637 quid
1225 4588 1307 4627 me
1337 4578 1624 4634 extollitis?
1653 4582 1766 4639 Non
1798 4587 2069 4647 descendo
2096 4596 2160 4649 ad
2192 4607 2239 4667 ι)
2265 4597 2456 4656 Νοηηε
2502 4619 2738 4661 sororem
2777 4614 3200 4679 cuoperalricem
3246 4617 3454 4687 habuit,
3510 4635 3572 4678 ut
3604 4628 3834 4685 aliorum

1078 4665 1301 4687 ειμι--..ΔΑ
1358 4671 1542 4687 ..μυεῖν
1627 4674 1660 4687 λ
1792 4678 1823 4687 Α
1926 4683 1937 4687 Α

2254 4694 2533 4749 connubia
2558 4696 2869 4755 furaretur?
2891 4701 3006 4757 Non
3032 4704 3123 4759 isti
3150 4721 3429 4767 sermones
3466 4727 3596 4771 sunt
3634 4724 3826 4789 nostri,

2261 4782 2354 4836 sed
2386 4798 2579 4843 vestra:
2611 4789 2803 4846 fabula
2833 4794 3043 4862 scripta:
3081 4796 3140 4850 in
3167 4797 3317 4855 libris
3346 4801 3481 4876 (64),
3524 4806 3576 4861 in
3604 4782 3829 4867 simula;

2259 4875 2385 4942 cris,
2434 4878 2486 4931 in
2511 4881 2822 4948 parietibus,
2858 4884 2910 4937 in
2936 4885 3313 4948 saltationibus
3343 4875 3709 4958 theatrorum.
3746 4905 3827 4961 la-

2256 4968 2497 5035 dignaris
2529 4973 2648 5041 quia
2673 4976 2792 5030 dico
2814 4990 2876 5030 ea
2906 4991 3025 5045 quae
3048 4990 3100 5034 tu
3133 4983 3313 5052 legens
3349 4989 3569 5047 miraris
3592 5012 3609 5047 :
3631 4995 3828 5053 irasce-

2253 5056 2328 5111 rls
2356 5061 2481 5127 quia
2515 5062 2707 5134 loquor
2750 5067 2815 5120 de
2843 5069 2926 5124 bis
2957 5085 3075 5139 quae
3103 5074 3293 5131 videns
3324 5082 3628 5139 tutadoras.
3680 5087 3820 5144 ladi-

2249 5152 2429 5218 gnaris
2454 5156 2580 5222 quia
2615 5158 2735 5211 dico
2776 5174 2896 5229 quas
2944 5171 2997 5216 tu
3030 5164 3083 5218 in
3117 5166 3499 5227 saltationibus
3536 5176 3727 5235 videns
3763 5193 3815 5237 et

2246 5240 2467 5298 audiens
2498 5246 2800 5304 delectaris.
2837 5252 2961 5308 Dele
2982 5269 3043 5309 ea
3067 5272 3133 5311 es
3163 5262 3387 5328 poeticis
3415 5265 3590 5333 libris,
3626 5275 3816 5330 recede

2245 5343 2275 5382 a
2308 5333 2553 5402 theatris,
2592 5349 2648 5393 et
2674 5345 2973 5399 estermina
3007 5363 3070 5402 ea
3099 5365 3128 5404 a
3159 5356 3492 5425 parietibus;
3527 5366 3702 5419 conas
3725 5381 3808 5432 ea,

2242 5436 2270 5475 a
2300 5425 2606 5485 simulacris
2632 5433 2842 5501 recede,
2870 5446 2925 5491 et
2949 5446 3277 5511 eongandeo.
3299 5448 3355 5502 Si
3392 5460 3576 5508 autem
3599 5425 3807 5527 penna;

2239 5527 2336 5568 nes
2362 5516 2415 5571 in
2444 5522 2708 5588 crcitate,
2734 5526 2839 5581 noli
2864 5528 3136 5601 indignari
3160 5538 3208 5591 si
3235 5516 3617 5615 convinceria;
3642 5550 3806 5607 dicite

2238 5603 2283 5659 si
2307 5609 2435 5677 quid
2459 5612 2659 5669 addidi.
2690 5616 2747 5671 Si
2779 5629 2955 5676 autem
2990 5628 3129 5695 apud
3170 5638 3224 5685 te
3260 5643 3386 5688 sunt
3418 5603 3802 5711 scriptmaem

2295 5745 2407 5827 (ᾧ)
2560 5754 2834 5826 aliquoties
2857 5774 3028 5818 autem
3054 5770 3107 5822 in
3130 5779 3305 5827 tauro.

2293 5819 2404 5887 (64)
2437 5820 2531 5875 Ms.
2564 5819 2655 5879 sed
2684 5840 2861 5885 vostrae
2882 5819 3353 5903 [nbula-iniiiltris.
