4072 6412
161 486 309 546 “57

962 489 1057 578 DE.
1087 490 1177 548 EO
1215 489 1407 560 QUOD
1443 490 1624 550 DEUS
1663 493 1898 553 PATER
1937 494 2456 554 INCORPORALIS
2493 499 2650 559 EST.

3326 495 3468 554 H58

157 614 223 660 et
260 613 493 675 argento
520 615 576 661 et
599 603 877 676 «lapidibus
905 614 962 661 et
991 605 1294 676 parietibus
1329 617 1384 662 et
1411 609 1679 677 theatris;
1715 612 1760 667 si
1792 618 1839 677 Α
1866 627 1973 684 que
2004 623 2151 668 terra
2175 613 2401 686 iurgans
2429 622 2639 669 natura
2667 618 2954 668 alacritate
2970 594 3233 682 jurgavit,
3262 615 3358 686 sed
3380 614 3464 670 lex

160 714 270 770 ego
297 699 352 754 in
379 713 546 769 parva
569 697 702 753 hora
737 709 791 752 et
815 697 920 753 hoc
961 700 1153 770 pigens
1180 699 1395 769 loquor,
1419 710 1640 771 propter
1662 702 1765 757 mi-

160 791 504 846 serationem
564 800 744 845 autem
773 805 1093 846 commoneo
1124 809 1139 845 :
1171 792 1299 862 quia
1349 808 1471 863 qua:
1524 794 1695 863 vides,
1729 811 1764 852 o

166 886 360 947 homo,
391 892 446 938 et
479 883 656 938 oculis
713 891 770 938 et
818 898 981 938 sensu
1036 897 1147 938 non
1208 883 1462 952 intueris,
1525 887 1593 940 ad
1649 887 1765 944 haec

161 974 449 1030 irasceris.
477 972 534 1029 Si
570 974 655 1029 dei
681 983 828 1040 sunt,
858 975 1088 1030 adulleri
1114 990 1222 1030 non
1243 985 1403 1044 sunt;
1436 978 1483 1034 si
1508 978 1763 1048 adulteri,

165 1081 280 1122 non
324 1073 451 1122 sunt
476 1065 570 1122 dii.
588 1065 646 1122 Si
672 1076 854 1123 autem
880 1067 1067 1123 volunt
1095 1067 1299 1123 habere
1315 1070 1590 1128 adulteros
1607 1073 1761 1139 deos,

164 1171 274 1212 nos
303 1156 524 1230 quidem
561 1158 643 1213 eis
671 1173 780 1213 non
817 1157 1225 1224 maledicimus;
1258 1162 1369 1216 sint
1398 1170 1581 1219 autem
1614 1174 1676 1220 ut
1707 1166 1764 1222 hi

160 1247 263 1318 qui
288 1248 586 1304 adorantur
610 1249 678 1306 ab
703 1250 829 1306 illis.
874 1247 1090 1306 Primus
1117 1250 1330 1308 illorum
1361 1253 1506 1312 deus
1538 1272 1645 1314 non
1679 1268 1765 1315 est

159 1336 400 1394 satiatus
417 1339 662 1408 libidine,
689 1341 741 1396 in
769 1341 926 1410 cmlo,
949 1350 1008 1398 ut
1028 1343 1131 1414 ipsi
1155 1343 1342 1412 volunt
1362 1361 1504 1420 saepe
1527 1365 1650 1406 cum
1665 1366 1763 1408 sua

161 1429 401 1502 conjuge
425 1447 594 1504 agens
629 1449 643 1486 :
681 1433 854 1490 sicubi
880 1435 1026 1491 enim
1052 1450 1178 1492 cum
1225 1437 1329 1494 slia
1368 1440 1624 1506 inventus
1655 1453 1761 1513 est,

158 1523 356 1579 statim
383 1539 413 1579 a
440 1538 538 1580 sua
561 1525 712 1582 zelus
743 1540 1005 1584 accensus
1033 1537 1120 1584 est
1146 1546 1162 1584 :
1186 1545 1296 1586 non
1318 1533 1464 1589 enim
1504 1535 1762 1592 credebat

161 1618 272 1674 deo
301 1619 401 1674 dea
441 1620 584 1676 male
602 1620 672 1676 de
692 1635 760 1676 eo
787 1632 1062 1691 suspecta.
1094 1623 1152 1679 Si
1179 1627 1326 1681 enim
1361 1639 1419 1684 et
1459 1645 1489 1684 a
1515 1634 1763 1688 mortali-

159 1707 269 1764 bus
297 1724 358 1766 se
387 1726 493 1765 non
528 1712 867 1779 continebat,
919 1716 1194 1784 quomodo
1246 1717 1349 1774 iste
1382 1735 1413 1775 a
1448 1723 1765 1782 cmlestibus

161 1805 227 1852 ut
257 1799 449 1854 volunt
473 1799 872 1856 cessavitiﬁed
895 1802 1174 1859 concedite
1196 1804 1392 1875 linguae
1417 1826 1432 1862 :
1453 1823 1596 1864 nunc
1615 1812 1762 1866 enim

1868 682 2174 760 communis
2208 682 2420 758 Domini
2453 713 2538 760 est
2571 702 2747 774 posita
2773 702 2913 758 lines
2935 703 3150 768 sterni,
3180 715 3236 760 et
3258 682 3315 760 in
3341 715 3467 760 tan-

1868 797 1937 852 tis
1959 795 2172 852 saculis
2199 797 2400 865 digitus
2424 796 2644 852 additus
2665 810 2771 852 non
2801 805 2909 862 est,
2942 795 3264 853 ﬂuminibus
3294 797 3464 852 tantis

1866 895 1922 941 et
1950 884 2192 942 fontibus
2240 886 2294 941 in
2326 877 2495 942 maris
2537 885 2750 942 sinibus
2783 885 3216 943 incurrentibus.
3271 886 3467 943 Flante

1865 985 2027 1034 vento
2074 987 2372 1048 pascuntur
2429 977 2653 1034 flatibus
2703 992 2892 1045 naves,
2937 977 3005 1032 ad
3037 977 3238 1033 cmlum
3288 991 3465 1048 usque

1869 1068 2150 1124 tolluntur.
2187 1069 2256 1124 Et
2283 1070 2408 1141 quis
2431 1084 2823 1140 nonnunquam
2847 1069 3224 1140 pertransiens
3254 1069 3460 1133 timuit,

1866 1176 1937 1240 ne
1956 1172 2016 1216 ut
2044 1161 2309 1227 minatur,
2345 1161 2420 1217 ita
2441 1161 2672 1218 elfusum
2703 1160 3133 1234 comprehendat
3151 1167 3420 1216 astantem
3437 1160 3464 1214 τ

1865 1251 2265 1323 Nonnunquam
2301 1254 2446 1311 enim
2488 1263 2544 1309 et
2580 1252 2880 1309 declinavit
2905 1265 3079 1317 mare,
3109 1252 3258 1307 venit
3291 1250 3381 1306 ubi
3407 1251 3461 1306 ei

1865 1354 2128 1402 statutum
2162 1354 2268 1411 est,
2330 1345 2690 1418 legislaturem
2741 1355 2798 1402 et
2845 1352 3172 1401 statutorem
3211 1343 3339 1400 llnis
3386 1342 3460 1400 ti-

1866 1452 2052 1504 mens;
2080 1447 2135 1493 et
2158 1436 2414 1507 frangens
2444 1437 2640 1493 fluctus
2660 1436 2730 1493 ad
2749 1436 2924 1503 littus,
2950 1436 3192 1494 ostendit
3217 1435 3462 1492 invisibi-

1865 1529 1977 1606 lem_
1999 1544 2096 1600 per
2119 1544 2185 1585 ea
2211 1545 2332 1600 qua:
2357 1530 2630 1587 videntur.
2661 1530 2770 1585 Ista
2805 1530 2961 1586 decet
2987 1529 3038 1584 ei
3066 1530 3306 1593 cithara,
3337 1541 3461 1598 qua

1870 1614 1928 1669 in
1950 1612 2219 1669 frontibus
2253 1613 2534 1669 hominum
2565 1611 2883 1669 harmonias
2912 1612 3195 1678 describit,
3239 1611 3330 1666 ubi
3359 1610 3460 1667 de-

1869 1701 2035 1759 beant
2063 1717 2186 1759 esse
2207 1703 2370 1769 oculi,
2400 1713 2455 1760 et
2484 1703 2614 1774 quid
2650 1702 2796 1760 circa
2828 1704 3011 1774 ipsos;
3046 1703 3134 1758 ubi
3167 1703 3378 1768 dentes,
3402 1707 3460 1757 et

1871 1796 2094 1866 quanti;
2143 1794 2232 1851 ubi
2263 1809 2450 1862 aures,
2495 1805 2550 1850 et
2584 1805 2718 1866 quot
2745 1803 2802 1851 et
2827 1795 2899 1869 ad
2924 1795 3091 1866 quid;
3125 1795 3213 1850 ubi
3249 1794 3456 1866 lingua,

161 1906 362 1948 aurum
391 1901 477 1948 est
525 1893 578 1948 in
625 1893 780 1948 sinus
827 1893 1095 1963 virginum
1147 1896 1383 1967 liquens,
1440 1909 1502 1954 ut
1544 1900 1754 1956 furetur

1870 1898 1928 1943 et
1958 1889 2026 1943 ad
2051 1888 2216 1958 quid;
2247 1887 2372 1958 quis
2402 1886 2530 1943 usui
2556 1894 2640 1943 est
2673 1887 2954 1943 oculorum
2980 1903 2996 1953 ;
3030 1886 3120 1942 ubi
3149 1903 3379 1958 ungues,
3402 1900 3460 1944 et

159 1983 285 2055 ejus
307 1983 679 2054 virginitatem
717 2005 731 2039 :
763 1984 904 2039 forte
931 1991 1109 2040 autem
1147 1996 1201 2041 et
1235 1988 1373 2043 bene
1411 1987 1662 2060 liquescit
1688 1991 1757 2046 li-
1789 1967 1834 2023 Β
1860 1979 1930 2035 δά
1965 1991 2228 2051 (Ιυθῐηιηη
2254 1997 2269 2046 3
2303 1981 2392 2035 “bi
2418 1979 2622 2047 οερῑιιί.
2651 1988 2708 2035 ει
2728 1979 2817 2035 ubi
2838 1993 2942 2034 ηοη
2969 1978 3146 2048 capilli
3171 1996 3187 2043 ἱ
3215 1979 3344 2048 «ιυεά
3375 1979 3458 2034 in“

159 2073 293 2132 bido
325 2076 704 2144 dissoluta,'si
741 2085 925 2134 taurus
967 2079 1102 2133 deus
1136 2078 1374 2146 illorum,
1408 2082 1500 2152 qui
1535 2098 1641 2138 non
1667 2093 1753 2140 est

159 2167 249 2222 dei
271 2167 581 2240 progenies,
609 2167 807 2222 fabulae
850 2183 916 2223 ex
948 2169 1112 2224 corde
1161 2171 1474 2241 ﬁgmentum
1521 2175 1749 2230 mendax

161 2265 360 2312 natura
391 2267 580 2312 taurus
601 2267 721 2324 est;
747 2267 804 2314 et
853 2249 980 2328 quid
1012 2269 1171 2327 putas
1199 2262 1284 2315 vir
1321 2273 1376 2317 et
1407 2272 1597 2319 taurus
1626 2265 1750 2336 por-'-

158 2356 287 2404 tans
312 2349 577 2419 virginem
606 2348 846 2405 libidinis
871 2365 1082 2416 servus,
1110 2355 1567 2422 concupiscentia
1593 2357 1751 2412 mini—

157 2445 298 2506 ster,
351 2441 406 2494 in
441 2440 581 2495 collo
632 2441 785 2510 virgo
840 2456 964 2497 cum
1024 2442 1248 2498 iibidine
1291 2444 1747 2514 dominaiQuam

157 2533 308 2587 enim
338 2531 565 2600 figuram
618 2532 948 2598 intermisit,
1006 2538 1222 2604 quando
1271 2537 1477 2606 quievit
1528 2555 1599 2596 ne
1649 2541 1751 2596 im-

156 2631 472 2676 molaretur
507 2637 731 2694 cygnus,
762 2631 972 2687 taurus,
1002 2624 1206 2694 aquila,
1235 2628 1464 2681 aurum?
1497 2638 1592 2683 aut
1619 2645 1750 2685 con-

158 2709 342 2765 tinens
381 2709 559 2765 factus
582 2720 668 2766 est
713 2711 894 2766 nunc?
928 2710 1110 2769 Multis
1135 2717 1279 2768 enim
1306 2713 1419 2782 jam
1454 2718 1613 2772 annis
1642 2734 1747 2773 non

155 2809 244 2855 est
270 2799 452 2856 factus
474 2800 674 2872 aquila,
701 2810 756 2857 et
775 2811 924 2858 certe
965 2817 1070 2858 non
1096 2804 1254 2873 pauci
1281 2804 1374 2859 lilii
1401 2816 1453 2861 et
1480 2807 1604 2863 boni
1635 2809 1747 2864 nati

155 2900 288 2947 sunt
321 2894 376 2946 in
412 2893 652 2948 deserto.
686 2891 850 2948 Putas
880 2894 1062 2949 senuit
1085 2903 1140 2949 et
1165 2897 1599 2965 concupiscentia
1631 2915 1749 2956 ces-

155 2982 320 3049 savit,
347 2991 444 3038 aut
475 2985 846 3053 paenitentiam
873 2983 1110 3040 libidinis
1149 2985 1358 3052 habuit,
1403 2997 1459 3043 et
1507 3007 1651 3045 nunc
1688 3007 1748 3048 se

150 3073 268 3144 jam
294 3075 577 3130 continet?
597 3074 716 3131 Jam
743 3077 887 3131 enim
919 3092 1026 3133 non
1055 3079 1198 3150 rapit
1221 3061 1471 3149 puerum.
1505 3081 1747 3138 Confun-

154 3167 260 3222 dor
296 3176 356 3222 et
388 3167 570 3223 dicere
601 3169 702 3224 sub
731 3183 834 3238 qua
863 3171 1149 3226 occasione
1183 3187 1289 3226 non
1319 3173 1610 3229 suffecerat
1656 3193 1746 3232 so-

157 3273 252 3315 ror
272 3259 497 3331 cqnjux,
538 3262 908 3330 cooperatrix,
940 3277 1007 3318 ex
1050 3278 1157 3334 qua
1190 3267 1300 3321 nati
1335 3277 1460 3322 sunt
1497 3269 1740 3337 plurimi,

1861 2070 2152 2134 trinsecus,
2188 2070 2317 2140 quid
2349 2071 2748 2139 constringere,
2797 2067 2924 2138 quid
2977 2067 3276 2132 involvere.
3321 2070 3452 2140 quid

1857 2161 2062 2226 velare,
2087 2161 2214 2231 quid
2237 2159 2446 2229 jacere,
2486 2170 2540 2215 et
2568 2161 2633 2214 ad
2664 2161 2793 2230 quid
2827 2158 2992 2227 utile;
3023 2161 3145 2230 quis
3175 2161 3456 2234 suscipere

1857 2265 2016 2306 escas
2050 2262 2106 2306 et
2134 2250 2412 2316 dividere;
2442 2259 2673 2318 quantas
2699 2263 2984 2304 mensuras
3020 2249 3217 2305 debeat
3251 2252 3456 2306 habere

1857 2342 2033 2406 cibus,
2063 2351 2118 2397 et
2139 2351 2401 2412 quantum
2433 2342 2580 2395 intus
2603 2342 2796 2396 debeat
2825 2355 3172 2411 permanere,
3198 2350 3251 2397 et
3278 2357 3457 2413 quan-

1857 2433 1927 2486 do
1957 2431 2152 2487 debeat
2180 2446 2434 2502 purgare,
2461 2441 2515 2485 et
2557 2431 2604 2486 si
2635 2429 2920 2486 transierit
2971 2432 3186 2497 horam,
3216 2432 3456 2488 ostendit

1860 2537 2086 2577 noxam.
2139 2521 2248 2576 lsta
2303 2521 2421 2593 lyra
2472 2521 2631 2577 decet
2681 2521 2792 2578 Deo
2849 2522 3151 2591 composita
3206 2521 3456 2578 melodiis

1857 2612 2225 2665 membrorum
2256 2625 2270 2661 :
2303 2610 2466 2666 habet
2489 2610 2635 2666 enim
2657 2625 2854 2667 nervos
2880 2620 2935 2666 et
2959 2613 3156 2668 cordas
3179 2613 3235 2667 in
3256 2613 3453 2683 quibus

1855 2714 1913 2758 et
1939 2717 2003 2758 os
2033 2704 2101 2758 ad
2135 2717 2320 2759 essum
2346 2712 2456 2767 est,
2486 2710 2542 2757 et
2569 2702 2782 2758 viscera
2823 2704 2891 2758 ad
2921 2702 3154 2768 viscera,
3200 2715 3256 2760 et
3287 2719 3454 2768 mem-

1856 2797 1953 2852 bra
1990 2797 2058 2850 ad
2089 2797 2360 2862 membra,
2389 2811 2486 2865 per
2513 2809 2635 2866 qua:
2669 2796 3018 2866 deponuntur
3055 2808 3109 2854 et
3130 2798 3453 2868 aperiuntur

1856 2905 2050 2944 manus
2079 2907 2092 2944 :
2132 2904 2229 2959 per
2265 2904 2387 2959 qua
2423 2887 2738 2954 ﬂectuntur,
2780 2899 2838 2944 et
2873 2889 3070 2946 iterum
3100 2892 3331 2946 redeunt
3357 2906 3452 2961 pe—

1853 2981 1984 3046 des;
2010 2981 2340 3036 clauduntur
2367 2981 2511 3036 oculi
2540 2981 2608 3035 ad
2644 2981 3020 3047 refectionem,
3047 2993 3104 3038 et
3139 2985 3334 3039 iterum
3363 2997 3451 3038 re-

1853 3081 2116 3128 vocantur
2140 3074 2208 3128 ad
2226 3089 2381 3144 opus.
2416 3073 2482 3129 Et
2511 3075 2634 3145 quis
2658 3075 2858 3145 poterit
2890 3074 3243 3132 dinumerare
3270 3091 3450 3147 quan-

1855 3171 1924 3217 tze
1948 3163 2250 3219 istiusmodi
2277 3177 2494 3234 semper
2517 3163 2896 3232 percutiuntur
2931 3164 3086 3236 lyrae,
3121 3181 3231 3222 non
3262 3167 3316 3223 in
3339 3182 3450 3222 uno

1855 3264 2064 3310 tantum
2097 3254 2340 3319 homine,
2383 3269 2485 3309 nec
2516 3255 2568 3309 in
2600 3255 2912 3311 hominibus
2951 3256 3104 3323 solis,
3150 3259 3251 3338 sed
3287 3267 3344 3314 et
3392 3261 3447 3313 in

155 3352 251 3406 sed
279 3351 396 3422 jam
427 3365 572 3406 nunc
601 3368 708 3406 non
741 3363 1060 3408 nascuntur.
1086 3353 1386 3413 Consenuit
1410 3370 1591 3414 autem
1615 3375 1742 3415 con-
1773 3347 1816 3404 (ἶ
1847 3347 1995 3402 omni
2028 3346 2293 3400 animam
2321 3345 2575 3402 omnibus
2605 3347 2753 3402 enim
2784 3363 3073 3413 ωθηδυηεο
3099 3359 3310 3420 cum:
3339 3365 3453 3405 in"

149 3441 387 3512 jugium,
417 3457 516 3497 cur
537 3441 650 3510 jam
675 3458 778 3498 non
815 3443 1072 3512 pariunt?
1100 3445 1208 3501 Sed
1251 3461 1357 3501 non
1395 3447 1744 3516 sul‘l’ecitilla,

155 3533 290 3589 abiit
317 3534 386 3589 ad
418 3532 675 3588 mortales
707 3553 721 3590 :
753 3532 965 3590 sull‘ecit
995 3551 1099 3590 non
1126 3540 1364 3594 secunda
1407 3540 1596 3595 eodem
1633 3557 1748 3596 mo-

158 3639 253 3692 re;
287 3621 622 3679 multiforme
650 3629 795 3679 ollim
848 3636 934 3681 est
985 3626 1208 3683 malum.
1257 3627 1374 3682 Non
1424 3629 1747 3686 suffecerant

156 3713 417 3769 mortales
448 3727 463 3766 :
492 3713 560 3768 ad
591 3715 860 3770 masculos
883 3717 1150 3771 convertit
1183 3717 1478 3773 libidinem.
1505 3720 1742 3789 Opoeta,

153 3819 294 3875 quos
325 3803 701 3859 irridebimus?
728 3806 898 3877 magis
925 3816 1104 3861 autem
1129 3823 1268 3877 quos
1295 3807 1746 3867 lamentabimus‘l

152 3911 247 3952 eos
305 3896 400 3966 qui
429 3895 788 3966 scripserunt,
817 3907 909 3951 aut
934 3912 1031 3952 eos
1069 3901 1159 3969 qui
1197 3916 1340 3956 nunc
1370 3916 1542 3972 usque
1593 3904 1744 3959 illum

154 3988 247 4059 qui
293 3989 348 4043 in
387 3987 606 4043 dextera
645 3998 822 4057 portat
858 3989 1118 4058 aquilam,
1150 3991 1438 4048 adorantes
1477 4005 1530 4048 et
1573 3995 1748 4063 respi-

155 4081 384 4146 cientes,
414 4089 506 4136 aut
531 4078 774 4136 colentes
803 4081 964 4136 sunt?
987 4079 1095 4136 Sed
1126 4091 1282 4151 putas
1314 4085 1440 4154 quia
1469 4086 1571 4140 iste
1596 4087 1742 4142 solus

155 4173 360 4228 exstitit
384 4171 552 4227 talis?
580 4186 756 4230 nonne
778 4181 835 4226 et
862 4173 1149 4229 citharista
1190 4176 1278 4230 ille
1302 4175 1603 4232 honestus?
1634 4178 1741 4248 pri-

156 4277 245 4319 mo
275 4263 495 4333 quidem
526 4279 626 4319 cur
653 4263 962 4318 citliaristas
990 4265 1122 4321 deos
1149 4280 1436 4336 ponamus,
1468 4267 1593 4336 quia
1639 4267 1740 4322 ista

156 4353 308 4409 decet
337 4355 620 4409 harmonia
651 4355 890 4411 decora?
929 4357 1032 4411 ista
1078 4341 1224 4412 enim
1263 4368 1346 4414 est
1396 4359 1487 4414 illa
1529 4359 1584 4414 in
1630 4375 1736 4432 qua

155 4445 421 4517 Olympias
447 4462 461 4499 :
490 4444 772 4500 harmonia
797 4456 977 4502 autem
1005 4447 1090 4501 illa
1120 4457 1204 4502 est
1231 4464 1375 4513 vera,
1409 4450 1464 4504 in
1495 4465 1600 4520 qua
1630 4465 1739 4507 cat-

156 4537 267 4592 lnm
303 4546 409 4602 est,
451 4536 507 4593 et
542 4546 686 4592 terra
721 4547 804 4594 est
835 4539 1032 4608 posita,
1076 4555 1228 4596 mare
1260 4541 1493 4612 adjacet,
1544 4551 1600 4598 et
1644 4557 1740 4599 aer

156 4638 240 4686 est
264 4629 622 4700 compositus,
650 4640 705 4685 et
742 4632 1046 4701 percutitur
1083 4634 1396 4690 consensio.
1444 4633 1563 4691 Non
1589 4636 1735 4692 enim

157 4719 304 4792 pellit
330 4735 483 4776 mare
515 4731 716 4776 terram
761 4730 986 4792 propter
1016 4723 1360 4778 harmoniam
1405 4743 1420 4779 :
1467 4741 1576 4782 non
1625 4742 1734 4784 nox

158 4817 262 4873 diei
289 4815 417 4870 facit
436 4818 564 4881 vim,
590 4831 697 4872 non
722 4816 1040 4886 permittunt
1059 4820 1204 4873 enim
1235 4818 1380 4875 illius
1411 4819 1730 4876 harmoniai.

161 4909 365 4974 Dicitis,
391 4909 584 4964 cmlum
607 4909 873 4964 consentit
897 4910 983 4966 his
1001 4926 1120 4980 qua
1136 4912 1387 4968 deorsum
1417 4923 1565 4972 sunt.
1592 4914 1736 4969 Tan-

161 5009 268 5056 tum
297 5000 442 5056 enim
469 4998 697 5068 praebuit
725 4999 778 5054 in
803 5012 869 5054 eo
901 5000 980 5055 sol
1011 5001 1241 5070 positus,
1284 5013 1548 5072 quantum
1587 5014 1734 5060 esset

162 5092 286 5148 utile
305 5092 520 5161 parari;
545 5101 601 5146 et
628 5099 834 5144 tantum
864 5091 1130 5159 accendit,
1157 5104 1420 5162 quantum
1446 5104 1565 5152 erat
1598 5111 1731 5152 con-

161 5183 416 5249 veniens;
446 5193 501 5239 et
530 5183 705 5254 pergit
736 5191 792 5236 et
824 5183 984 5247 redit,
1029 5193 1090 5238 ut
1117 5199 1294 5255 neque
1327 5187 1614 5244 abundans
1643 5188 1732 5243 in-

162 5276 404 5331 cendium
425 5282 677 5329 exureret
707 5273 924 5342 omnia;
955 5288 1128 5343 neque
1158 5276 1350 5331 iterum
1375 5277 1422 5332 si
1450 5288 1734 5335 transcen-

164 5367 325 5430 deret,
365 5362 566 5435 frigore
602 5364 843 5434 perirsnt
885 5363 1162 5421 universa.
1198 5365 1303 5422 Sed
1327 5377 1383 5424 et
1413 5383 1734 5426 communes

166 5455 455 5510 harmonia:
486 5462 542 5509 et
566 5453 812 5524 partibus
841 5454 1048 5519 divisae,
1077 5457 1219 5512 sicut
1244 5457 1394 5512 brevi
1425 5459 1594 5514 silura
1618 5475 1733 5514 nta-

162 5545 271 5616 jora
314 5545 553 5610 cuidam,
601 5545 720 5600 alia:
765 5545 915 5600 siluri
947 5560 1148 5602 canore
1175 5547 1544 5604 consentiens.
1586 5548 1734 5604 Istud

165 5651 307 5693 mare
334 5650 592 5707 magnum
637 5645 692 5692 et
746 5637 1064 5706 spatiosum,
1106 5638 1262 5708 cujus
1299 5635 1490 5692 lluctus
1526 5637 1730 5693 caelum

163 5727 394 5799 pulsant,
435 5735 597 5782 terra
623 5727 882 5782 terminos
909 5739 1017 5780 non
1046 5727 1456 5782 transcendunt.
1497 5725 1604 5782 Sed
1639 5741 1727 5782 ne-

161 5947 211 6006 p.
228 5863 340 5936 (65)
372 5860 470 5920 Is.
501 5859 729 5918 Oranss.
761 5859 871 5917 Vox
895 5859 1079 5920 Graeca
1105 5864 1353 5937 οὐρανός,
1376 5863 1568 5921 Latine
1593 5865 1726 5921 scri-

215 5954 267 5990 id.

215 5954 267 5990 ilo

1851 3434 2182 3504 gnitudines,
2231 3436 2500 3501 dentium,
2539 3451 2828 3504 cornuum,
2875 3438 3204 3507 quibusdam
3250 3448 3447 3497 etnon

1850 3535 1977 3581 sunt
2004 3540 2225 3580 cornua.
2261 3526 2396 3580 Aliis
2444 3525 2542 3594 pili
2580 3536 2731 3594 sunt,
2774 3535 2829 3582 et
2884 3527 3186 3596 cnjusmodi
3239 3527 3444 3600 capilli,

1850 3633 2058 3688 ungues
2090 3629 2146 3673 et
2176 3618 2481 3688 cujusmodi
2523 3634 2756 3689 ungues,
2801 3635 2995 3691 pennae
3024 3630 3079 3676 et
3108 3623 3306 3677 iterum
3339 3637 3447 3679 non

1856 3726 2068 3781 pennas,
2100 3722 2156 3767 et
2194 3713 2248 3766 in
2281 3711 2460 3781 aquis,
2481 3720 2536 3767 et
2563 3712 2617 3767 in
2651 3728 2798 3780 aere,
2825 3724 2880 3769 et
2910 3716 2963 3767 in
3000 3715 3163 3780 mari,
3186 3725 3242 3769 et
3265 3716 3318 3770 in
3346 3717 3447 3771 llu-

1849 3801 1980 3867 viis,
2033 3809 2087 3856 et
2124 3801 2178 3856 in
2218 3795 2481 3866 fontibus,
2537 3811 2594 3857 et
2629 3803 3046 3859 innumerabilia
3097 3820 3218 3875 qum
3251 3819 3447 3863 exsur-

1845 3900 1998 3971 gunt,
2031 3905 2136 3945 una
2167 3901 2348 3946 tamen
2376 3900 2460 3947 est
2487 3891 2791 3947 harmonia.
2815 3891 2951 3948 Cum
2981 3893 3130 3949 enim
3167 3909 3323 3951 suam
3351 3910 3446 3953 ac-

1845 3984 2090 4039 cenderit
2123 3983 2426 4049 lucernam,
2473 3999 2598 4039 cum
2647 4000 2805 4039 suum
2834 3986 3042 4043 scilicet
3085 3988 3292 4044 orariis
3323 3988 3445 4063 (σε)

1846 4075 2008 4130 fuerit
2041 4076 2238 4142 solem,
2271 4091 2395 4132 cum
2424 4092 2454 4130 a
2486 4077 2682 4133 ﬁnibus
2705 4080 2936 4136 orientis
2963 4080 3126 4137 simul
3173 4081 3243 4139 ad
3281 4096 3434 4141 ocea-

1844 4181 1966 4222 sum
2017 4170 2384 4225 transmiserit
2432 4168 2650 4238 lumen;
2711 4185 2874 4226 omne
2921 4182 3171 4229 movetur
3213 4173 3440 4242 animal,

1843 4259 2266 4329 unumquodque
2307 4260 2373 4313 ad
2402 4261 2546 4331 quod
2576 4261 2626 4316 ei
2655 4270 2848 4316 natura
2874 4271 2983 4318 est.
3017 4264 3084 4318 Et
3107 4280 3290 4321 mensa
3317 4268 3442 4338 qni-

1844 4347 1964 4400 dem
1996 4348 2302 4402 communis
2328 4361 2412 4404 est
2441 4349 2621 4418 plena,
2665 4359 2720 4404 et
2758 4350 2904 4404 aliud
2932 4351 3134 4406 animal
3173 4352 3241 4406 ad
3275 4351 3441 4409 aliattt

1842 4447 2096 4510 properat
2121 4455 2325 4503 escam,
2351 4440 2496 4496 aliud
2526 4441 2656 4497 alibi
2683 4441 2922 4506 devitat;
2952 4454 3006 4498 et
3035 4458 3156 4513 qua:
3183 4444 3292 4500 illis
3329 4445 3440 4500 uti-

1842 4529 1914 4586 lia
1951 4547 2056 4586 non
2079 4540 2226 4598 sunt,
2266 4532 2389 4588 aliis
2444 4533 2825 4588 convenientia
2879 4532 3172 4590 habentur.
3219 4532 3442 4591 Eiciunt

1842 4621 1954 4694 (66)
1977 4623 2370 4680 irrationabilia
2411 4641 2509 4696 per
2553 4625 2855 4682 istiusmodi
2887 4627 3230 4681 harmoniam
3265 4627 3437 4683 addu-

1840 4728 1950 4785 cta,
1989 4719 2116 4789 quis
2149 4718 2265 4790 (67)
2293 4719 2490 4776 debeat
2517 4728 2760 4788 gustare,
2787 4729 2842 4774 et
2866 4732 2988 4789 qua
3021 4717 3214 4773 debeat
3236 4718 3428 4785 vitare,

1840 4821 2047 4869 etcum
2087 4813 2282 4882 quibus
2311 4811 2648 4867 conversari.
2676 4808 2784 4864 Ista
2817 4809 3018 4866 decens
3063 4809 3174 4867 Deo
3218 4811 3434 4868 harmo-

1842 4914 1932 4968 nia
1961 4921 2068 4976 est,
2096 4924 2191 4980 per
2218 4925 2380 4980 quam
2410 4908 2492 4964 sol
2526 4917 2762 4964 statutus
2782 4909 2853 4962 ad
2883 4922 3104 4963 cursum
3131 4916 3240 4975 est,
3269 4917 3324 4963 et
3345 4906 3433 4964 lu-

1843 5019 1914 5060 na
1948 5005 2016 5058 ad
2038 5002 2418 5066 crescendum,
2443 5011 2501 5058 et
2525 5000 2696 5056 stella
2724 5005 2793 5055 ad
2817 5001 3016 5070 spatia.
3053 4997 3216 5055 Istam
3239 5015 3434 5068 percu-

1841 5101 1908 5152 tit
1938 5110 2036 5166 per
2056 5095 2171 5149 dies
2198 5103 2253 5148 et
2282 5104 2487 5156 noctes,
2519 5081 2789 5162 siquidem
2814 5100 2870 5146 et
2893 5089 3227 5148 dormientes
3248 5101 3431 5162 auget,

1838 5194 1895 5240 et
1948 5182 2307 5240 efficientibus
2341 5182 2550 5238 otiosus
2603 5195 2710 5237 non
2753 5189 2861 5237 est.
2915 5179 2983 5236 Et
3028 5180 3174 5258 Deus
3209 5171 3429 5253 quidem

1838 5275 1999 5332 istam
2023 5275 2140 5331 sine
2165 5275 2348 5345 digitis
2369 5283 2424 5330 et
2447 5273 2636 5330 labore
2663 5272 2901 5348 percutit
2923 5272 3265 5329 harmoniam
3293 5293 3308 5330 :
3336 5273 3428 5332 ills

1837 5377 2017 5423 autem
2067 5367 2158 5437 qui
2188 5365 2348 5423 [lctus
2378 5374 2434 5422 et
2458 5379 2568 5421 non
2601 5365 2739 5422 deus
2760 5374 2867 5432 est,
2897 5365 3098 5436 accipit
3136 5366 3426 5438 virginem.

1837 5456 1882 5513 0
1912 5455 2195 5527 iniuriam!
2233 5455 2398 5527 Virgo
2423 5458 2494 5512 ob
2526 5455 2840 5527 pudicitiam
2869 5455 3006 5527 fugit
3035 5467 3052 5510 :
3079 5457 3212 5513 deus
3242 5467 3427 5514 autem

1837 5547 1930 5618 qui
1959 5548 2180 5613 dicitur,
2213 5548 2285 5603 ob
2309 5533 2554 5604 amorem
2592 5546 2831 5604 libidinis
2859 5547 3188 5619 insequitur,
3229 5556 3284 5603 et
3317 5563 3424 5604 non

1839 5641 2269 5711 comprehendit.
2302 5640 2613 5696 Velociores
2638 5641 2786 5698 enim
2824 5639 2989 5710 pedes
3018 5638 3173 5696 fuere
3198 5640 3430 5711 virginis

1841 5728 2118 5800 pudicitiae
2157 5743 2254 5798 per
2281 5728 2638 5795 voluntatem,
2660 5715 2830 5800 quam
2867 5728 2959 5787 ille
2996 5729 3088 5801 qui
3124 5743 3157 5785 a
3202 5728 3429 5789 libidine

1910 5865 2023 5939 (σε)
2058 5865 2289 5939 (Sicinini.
2316 5865 2498 5928 Forte,
2516 5875 2564 5920 st
2585 5865 2778 5939 sciunt.

1908 5933 2023 6011 (67)
2054 5933 2210 6006 Quis.
2245 5935 2409 5996 Forte
2433 5953 2574 6010 qua,
2604 5936 2687 5994 vel
2710 5935 2859 6010 quid.
