4072 6420
147 407 282 466 1181

947 401 1038 458 DE
1075 401 1168 458 EO
1205 397 1399 469 QUOD
1439 394 1623 454 DEUS
1662 393 1897 452 ρΑτειι
1935 388 2454 450 INCORPORALIS
2491 389 2645 447 EST.

143 529 279 603 quia
320 528 380 586 in
407 528 674 586 omnibus
698 523 970 598 providet.
1004 523 1071 579 Et
1093 522 1318 594 quidam
1353 519 1489 576 dicit
1516 518 1643 590 quia
1674 517 1761 573 in-
1786 523 1835 581 Α
1861 528 2132 586 quemque
2154 511 2482 603 prophetam
2512 509 2821 603 invenimus
2840 507 3068 603 dictum,
3087 505 3458 563 Dixit-Domi-

145 621 466 693 corporalis
496 629 605 686 est,
651 620 790 675 alius
813 617 939 688 quia
972 630 1172 685 corpus
1197 622 1304 670 est.
1339 611 1447 668 ista
1477 623 1756 666 commen-

144 714 303 771 datio
338 712 460 786 (Ἠ)
483 710 796 785 ignorantia
834 719 921 764 est
949 722 1163 769 eorum,
1196 705 1290 775 qui
1335 704 1588 759 nesciunt
1626 700 1757 772 quid

147 804 485 877 loquuntur.
530 802 640 858 Sed
672 802 745 857 illi
791 800 1012 872 quidem
1067 799 1353 860 audentes,
1384 805 1478 850 aut
1506 794 1670 849 aliter
1691 795 1760 849 de

150 899 263 955 Deo
284 899 617 963 sentientes,
633 911 823 953 omnes
838 902 1181 951 erraverunt.
1210 890 1321 946 Nec
1339 891 1490 948 enim
1507 906 1576 946 ex
1596 889 1761 946 corde

149 993 398 1049 humano
426 970 580 1048 neiis
604 989 833 1063 produci
861 987 1070 1053 debuit,
1113 986 1211 1042 sed
1241 1000 1272 1039 a
1307 984 1418 1039 Deo
1445 983 1662 1040 edoceri
1693 985 1762 1039 de

153 1084 288 1140 Deo.
336 1079 518 1138 Nobis
543 1090 726 1137 autem
761 1093 987 1136 necesse
1031 1086 1119 1134 est
1163 1089 1228 1132 ea
1269 1089 1496 1147 surgere
1536 1071 1654 1148 (72)
1705 1083 1764 1130 et

150 1183 424 1241 tractare,
449 1188 579 1244 qua
607 1189 675 1228 ex
715 1173 1012 1243 Scripturls
1040 1169 1337 1225 didicimus
1378 1167 1608 1234 sanctis,
1633 1165 1762 1237 quia

1859 623 1960 662 nus
2005 606 2075 660 ad
2117 621 2216 661 me.
2276 602 2333 658 in
2374 601 2667 674 Evangelio
2718 609 2880 657 etiam
2937 617 2955 657 :
3017 599 3306 656 Desursunt
3353 615 3460 658 vos

1861 699 2004 767 facta
2032 697 2211 763 est";
2239 703 2455 766 oportet
2491 697 2634 751 enim
2661 692 2957 750 immisceri
2978 708 3044 750 ea
3071 707 3193 762 qua
3205 706 3274 748 ex
3301 690 3459 750 Novo

1861 798 1989 844 sunt
2026 787 2398 852 Testamento,
2430 785 2647 854 Veteri,
2681 800 2751 841 ne
2790 785 2987 842 iterum
3028 785 3428 856 hiereticisopa

1863 890 2005 948 rent,
2043 889 2101 936 et
2135 880 2303 935 alinm
2342 878 2695 935 introducant
2745 878 2938 934 Deum.
2974 878 3241 950 Adjuncta
3271 888 3460 935 autem

1862 975 1975 1030 sint
2007 974 2109 1030 ista
2153 989 2220 1029 ex
2251 971 2558 1043 Scriptura,
2597 971 2742 1028 unde
2785 980 2842 1028 et
2884 971 3068 1026 omnia
3103 981 3250 1027 mota
3284 978 3456 1027 sunt:

1864 1064 2096 1122 Factum
2121 1076 2196 1121 est
2228 1074 2409 1120 autent
2424 1065 2514 1120 die
2547 1065 2722 1130 tertio,
2758 1080 2881 1118 sunt
2907 1080 3063 1118 mane
3085 1063 3287 1133 factum
3321 1063 3463 1134 fuis-

1863 1167 1963 1225 set,
1987 1170 2037 1214 et
2075 1158 2235 1229 [acta
2262 1165 2386 1213 sunt
2410 1172 2560 1212 voces
2584 1164 2634 1211 et
2665 1155 2905 1226 fulgura,
2946 1165 2995 1210 et
3031 1154 3190 1210 nubis
3223 1155 3458 1220 nimbus,

154 1240 533 1338 incorporalis
564 1273 646 1320 est
673 1240 970 1319 DeusiSed
994 1274 1101 1318 non
1143 1258 1345 1316 suillcit
1381 1259 1760 1329 pronuntiare,
1861 1261 1912 1349 1t
1958 1240 2127 1318 super
2159 1258 2392 1349 montem
2419 1245 2581 1349 ’δέκα
2616 1263 2716 1303 eos;
2753 1249 2907 1349 iubar
2938 1247 3160 1349 canebat
3206 1247 3361 1349 ualde
3387 1247 3461 1349 ’ξ

150 1336 341 1428 neque
369 1357 650 1412 rationem
675 1353 946 1424 cogitatus
971 1350 1146 1417 adire,
1188 1349 1284 1405 sed
1310 1349 1604 1405 ostendere
1629 1348 1761 1418 quia
1867 1340 2011 1411 Ergo
2031 1348 2088 1394 et
2121 1341 2250 1395 tuba
2280 1336 2514 1394 sonabat
2541 1351 2759 1408 magna,
2797 1348 2847 1393 et
2889 1347 3136 1394 turbatus
3162 1347 3240 1394 est
3291 1336 3467 1394 omnis

153 1455 212 1502 et
247 1445 378 1517 ipsi,
425 1456 486 1502 et
526 1446 618 1516 qui
666 1446 720 1500 in
773 1442 965 1499 iisdem
1013 1441 1286 1512 cogitatus
1334 1440 1626 1508 habentur,
1666 1453 1766 1510 per
1865 1432 2090 1502 populus
2111 1431 2167 1486 in
2199 1432 2415 1496 castris,
2469 1438 2522 1484 et
2569 1430 2826 1498 produxit
2872 1429 3084 1501 Hoyses
3115 1429 3369 1503 populant
3409 1431 3469 1486 in

149 1540 340 1596 omnia
394 1538 752 1594 consentiunt
791 1537 878 1591 bis
922 1546 1046 1604 qua:
1089 1530 1390 1603 Scriptum
1439 1529 1658 1588 Veteris
1708 1539 1768 1588 et

1871 1522 2072 1578 obuiam
2097 1522 2210 1578 Deo
2250 1523 2317 1578 de
2356 1523 2577 1588 castris,
2610 1533 2868 1592 tanquam
2906 1539 3029 1594 Jarn
3055 1532 3314 1592 praesente
3352 1523 3470 1578 illia

156 1631 294 1688 Novi
316 1630 674 1688 Testamenti
711 1629 777 1684 de
806 1629 916 1685 Deo
949 1609 1352 1700 pronuntiant:
1392 1624 1536 1681 torte
1581 1633 1764 1702 autem

1871 1614 2002 1682 Deo,
2028 1625 2084 1676 et
2110 1617 2384 1672 constituit
2414 1631 2502 1670 eos
2527 1617 2625 1670 sub
2655 1625 2908 1672 montem.
2941 1615 3099 1672 Mons
3127 1625 3305 1672 autern
3331 1613 3466 1672 Sina

153 1732 214 1781 et
253 1732 436 1778 totum
475 1719 848 1792 suspicabitur
876 1719 1120 1789 quidam,
1157 1725 1214 1772 et
1275 1714 1641 1782 corporaliter
1707 1707 1764 1770 in

1871 1707 2111 1777 fumabat
2133 1719 2297 1776 totus,
2334 1721 2548 1780 propter
2569 1711 2712 1783 quod
2739 1709 3097 1766 descendisset
3120 1708 3265 1766 Deus
3306 1723 3470 1779 super

159 1817 470 1887 Scripturis
524 1813 757 1886 proferri
789 1812 954 1868 Deum
1006 1811 1251 1882 putabit;
1308 1809 1455 1864 torte
1503 1808 1670 1864 etiam
1711 1816 1768 1861 et
1803 1871 1843 1887 _
1870 1815 1991 1855 eum
2019 1801 2077 1855 in
2092 1799 2290 1872 igne".
2319 1802 2377 1857 Si
2411 1802 2700 1858 descendit
2723 1810 2780 1857 et
2811 1802 2864 1858 in
2890 1810 3131 1858 montem
3156 1800 3464 1869 descendit,

155 1871 412 1981 partibus
423 1871 801 1978 compositum
830 1919 896 1960 ex
916 1871 1217 1975 Scripturis
1238 1871 1480 1973 putabit,
1502 1901 1764 1972 colligens

1872 1898 1928 1944 et
1961 1871 2290 1949 ascendebat
2341 1893 2523 1948 fumus
2578 1901 2839 1962 tanquam
2897 1891 3082 1946 fumus
3114 1889 3356 1946 fornacis
3408 1902 3472 1946 et“

161 2001 416 2056 membra
444 2014 570 2070 quae
598 1997 739 2053 dicta
778 2004 924 2052 sunt.
958 1994 1191 2067 Oportet
1219 1996 1385 2066 igitur
1409 1994 1644 2064 primum
1673 2009 1765 2048 su-

159 2092 510 2163 spicionem,
539 2105 644 2160 qua
680 2088 874 2143 dicunt
919 2087 972 2142 in
1018 2101 1248 2157 corpore
1288 2101 1412 2142 esse
1437 2085 1630 2149 Deum,
1674 2093 1769 2138 aut

157 2197 366 2253 corpus
398 2195 551 2246 esse,
586 2178 752 2235 diseri
791 2177 928 2250 (73),
977 2186 1038 2232 ut
1091 2177 1487 2250 apparentibus
1534 2175 1768 2232 vinculis

160 2285 504 2349 agnoscatur
545 2272 834 2330 solutionis
864 2271 1288 2342 magniﬁcentia.
1345 2268 1541 2326 Totum
1587 2271 1769 2339 itaque

163 2367 385 2424 videtur
407 2381 608 2436 corpus
622 2365 969 2420 introducere
989 2362 1270 2434 Scriptura
1287 2377 1407 2433 quia
1428 2362 1564 2418 dicit
1585 2381 1598 2416 :
1626 2361 1768 2428 Quia

164 2458 407 2513 ambulat
449 2458 504 2512 in
531 2457 782 2526 paradiso
803 2455 848 2487 “
878 2473 890 2509 :
926 2463 1020 2508 aut
1047 2469 1169 2524 quae
1193 2455 1388 2511 iterum
1411 2456 1545 2511 dicit
1571 2474 1588 2511 :
1635 2457 1767 2521 Quis

163 2559 243 2605 est
272 2551 369 2620 qui
399 2549 535 2604 venit
566 2564 633 2604 ea:
658 2545 830 2603 Edoni
849 2545 895 2579 “
911 2546 934 2601 τ
949 2555 1006 2602 et
1029 2561 1147 2616 qua:
1162 2545 1294 2602 dicit
1319 2544 1600 2616 Scriptura
1617 2564 1630 2600 :
1645 2544 1769 2600 Vidi

163 2640 438 2694 sedentem
464 2654 625 2708 supra
645 2640 818 2691 sedent
834 2633 1126 2705 majestatis
1147 2651 1259 2692 sua
1281 2635 1330 2667 “
1363 2653 1379 2689 :
1415 2644 1472 2690 et
1498 2634 1605 2689 alia
1648 2649 1770 2705 quin

165 2729 246 2784 ait
268 2746 289 2785 :
327 2729 495 2785 Sedes
520 2739 644 2784 sunt
666 2728 875 2798 posita',
919 2738 967 2781 et
1010 2724 1250 2782 Vetusius
1285 2728 1491 2781 dierum
1527 2729 1663 2782 sedit
1692 2728 1764 2782 ⁸⁸.

169 2822 274 2891 Qui
289 2823 443 2879 enim
465 2823 518 2877 in
540 2811 804 2894 paradiso
833 2821 1096 2887 ambulat,
1126 2830 1179 2876 et
1199 2821 1291 2891 qui
1317 2820 1462 2876 venit
1488 2835 1554 2876 ex
1573 2821 1768 2885 Edom,

170 2923 229 2970 et
261 2914 358 2986 qui
414 2923 641 2984 apparet
683 2923 742 2969 ut
779 2913 1030 2984 apparuit
1065 2911 1336 2976 Ezechiel,
1381 2921 1440 2967 et
1486 2911 1581 2981 qui
1633 2911 1772 2967 sedit

167 3003 477 3062 necandum
514 3003 809 3067 Danielem,
842 3013 899 3059 et
924 3003 1019 3074 qui
1059 3003 1201 3059 sedit
1223 3005 1520 3058 secundum
1547 3002 1767 3072 Isaiam,

173 3096 517 3167 corporalem
548 3096 838 3166 quamdam
874 3097 1225 3152 ambitionem
1255 3096 1495 3168 suggerit
1529 3094 1666 3167 (74).
1703 3096 1780 3151 Et-

176 3187 281 3242 hoc
303 3189 524 3259 quidem
557 3189 721 3246 veluti
744 3190 812 3245 de
833 3190 981 3245 omni
1008 3188 1328 3258 parentibus
1356 3197 1538 3244 autem
1565 3187 1680 3259 (75)
1711 3196 1771 3244 nt

175 3281 467 3337 videamur
499 3291 557 3336 et
583 3283 876 3354 depingere
907 3300 924 3337 :
955 3280 1110 3337 Oculi
1147 3279 1363 3335 Domini
1389 3297 1546 3350 super
1566 3281 1765 3352 justas,

174 3381 222 3424 et
243 3387 402 3426 aures
421 3371 538 3443 ejus
561 3374 631 3427 ad
662 3390 838 3440 preces
874 3390 1055 3429 eorum
1075 3373 1140 3426 “.
1183 3371 1257 3428 0s
1290 3371 1510 3429 Domini
1531 3373 1770 3431 Sabaoth

175 3462 414 3518 locutum
444 3475 519 3519 est
550 3465 654 3520 ista
677 3465 744 3531 ",
777 3464 987 3519 faciens
1018 3463 1131 3536 ('76)
1164 3463 1332 3520 Deum
1363 3464 1481 3536 (77)
1515 3475 1570 3522 et
1600 3481 1772 3523 mem-

180 3551 404 3622 bratim,
440 3565 501 3612 et
531 3563 647 3612 tota
687 3554 857 3612 facies
908 3557 1032 3613 istic
1074 3557 1348 3628 descripta
1398 3566 1606 3624 est,,et
1650 3567 1774 3628 post

179 3641 295 3700 hac
336 3660 466 3716 que
507 3645 888 3716 insequuntur.
931 3646 1072 3703 Dicit
1099 3647 1244 3703 enim
1269 3645 1598 3718 Scriptura:
1630 3648 1774 3705 Dea:-

188 3741 307 3790 ttra
343 3737 562 3792 Domini
587 3739 716 3808 fecit
738 3740 981 3795 virtutem
1009 3739 1097 3796 “t
1129 3747 1187 3795 et
1227 3735 1363 3797 Sede
1395 3741 1465 3794 ad
1495 3741 1774 3796 dexteram

181 3842 354 3883 meant
378 3829 448 3894 ",
471 3845 635 3900 quam
660 3847 776 3886 rem
806 3832 1116 3903 insequitur
1140 3847 1195 3888 et
1217 3847 1248 3888 a
1275 3831 1497 3888 sinistra
1537 3848 1677 3889 esse.
1707 3833 1773 3889 Et

184 3919 378 3976 Taurum
400 3940 414 3976 :
438 3920 635 3977 Caelum
655 3923 802 3979 sedes
821 3934 901 3979 est
931 3926 1083 3989 mihi,
1110 3936 1259 3982 terra
1281 3937 1459 3982 autent
1486 3925 1774 3981 scabellurn

181 4011 372 4077 pedum
400 4027 633 4067 meorum
651 4013 720 4069 ⁷⁸.
749 4012 855 4069 Per
899 4014 1002 4070 ista
1055 4015 1240 4086 itaque
1275 4017 1460 4071 omnia
1507 4032 1538 4070 a
1592 4016 1774 4088 capite

185 4114 356 4171 usque
388 4103 456 4156 ad
479 4103 642 4174 pedes
669 4103 886 4160 videtur
912 4105 1254 4162 membratim
1286 4106 1402 4162 fieri
1426 4109 1773 4178 compositio,

182 4203 447 4263 quantum
471 4194 540 4250 ad
562 4209 870 4252 sermonem
903 4207 1136 4266 spectat.
1178 4199 1452 4254 Addemus
1485 4209 1665 4255 autem
1690 4199 1776 4254 in-

183 4288 348 4343 certis
377 4287 490 4354 his,
524 4287 704 4358 capilli
735 4290 921 4359 capitis
944 4291 1060 4360 ejus
1081 4291 1152 4347 ".
1201 4291 1344 4363 Ergo
1377 4303 1432 4347 et
1473 4293 1677 4364 capilli,
1717 4303 1776 4349 et

183 4390 345 4450 caput
361 4380 517 4449 cujus
537 4389 593 4436 et
612 4382 890 4452 capilli,et
907 4385 1086 4440 adhuc
1127 4384 1360 4454 amplius
1406 4395 1669 4455 quantum
1703 4384 1775 4440 ad

183 4469 510 4527 exteriorem
558 4484 766 4544 partem
823 4477 1100 4533 invenitur
1149 4477 1560 4543 vestimentum,
1613 4478 1775 4533 modo

1863 1980 2148 2052 obstupuit
2200 1992 2347 2038 totus
2383 1981 2614 2054 populus
2645 1983 2822 2048 valde,
2876 1982 3083 2038 liebant
3110 1982 3259 2038 enim
3299 1997 3467 2040 voces

1870 2073 2010 2128 tubas
2034 2075 2369 2143 prodeuntes
2404 2072 2737 2139 fortissime;
2778 2074 2932 2131 valde
2956 2073 3174 2147 Moyses
3203 2076 3466 2145 loqueba-

1868 2173 1974 2230 tur,
2010 2175 2066 2220 et
2090 2166 2234 2222 Deus
2260 2167 2626 2238 respondebat
2650 2168 2700 2223 ei
2743 2182 2904 2222 voce:
2935 2179 2992 2224 et
3022 2168 3306 2224 descendit
3366 2165 3468 2224 Do-

1868 2259 2049 2314 minus
2102 2258 2156 2313 in
2194 2268 2379 2316 monte
2413 2259 2544 2315 Sina
2599 2274 2767 2331 super
2823 2276 3088 2316 cacumen
3127 2261 3366 2328 montis,
3409 2269 3471 2319 et

1870 2351 2082 2406 vocavit
2129 2351 2392 2407 Dominus
2441 2350 2661 2424 Moysen
2708 2353 2761 2408 in
2811 2353 3098 2409 cacumine
3143 2352 3368 2420 montis,
3411 2362 3473 2410 et

1868 2443 2110 2497 ascendit
2139 2441 2373 2515 Moyses,
2401 2452 2458 2499 et
2480 2441 2618 2499 dixit
2641 2442 2780 2498 Deus
2817 2445 2885 2500 ad
2923 2442 3169 2517 Moysen.
3197 2445 3325 2502 Bac
3345 2447 3471 2519 qi-

1870 2537 1990 2592 dein
2024 2535 2091 2591 de
2127 2551 2192 2592 eo
2220 2536 2266 2592 si
2298 2533 2600 2602 descendit,
2630 2545 2681 2593 et
2715 2536 2760 2591 si
2783 2537 3021 2604 videtur,
3053 2548 3110 2595 et
3158 2539 3206 2596 si
3241 2539 3473 2596 vocibus

1870 2627 2112 2698 loquitur
2143 2627 2306 2694 Deus,
2343 2638 2402 2686 et
2433 2629 2480 2684 si
2514 2631 2658 2685 tuba
2697 2629 2965 2696 aderant,
3013 2640 3072 2687 et
3112 2630 3161 2687 si
3200 2632 3255 2688 in
3283 2632 3469 2703 ignem

1871 2721 2176 2788 descendit,
2215 2722 2349 2794 quid
2386 2721 2495 2779 sibi
2557 2721 2673 2776 vult
2717 2719 2942 2779 fumus?
2971 2722 3114 2780 Sunt
3160 2733 3344 2781 autem
3400 2739 3474 2784 ex

1871 2815 2226 2887 sequentibus
2261 2814 2382 2872 alia
2415 2815 2745 2886 quaestiones
2781 2830 2796 2870 :
2839 2818 2936 2872 sed
2975 2815 3116 2875 bene
3150 2828 3234 2874 est
3264 2821 3474 2879 sensim

1872 2902 2135 2962 accedere
2167 2905 2236 2962 ad
2266 2904 2573 2977 proposita.
2607 2904 2675 2960 Et
2700 2905 2843 2962 sicut
2865 2907 2922 2962 hi
2949 2907 3042 2979 qui
3085 2909 3361 2965 aediﬁcare
3377 2910 3476 2967 de-

1871 2997 2138 3062 siderant,
2167 3006 2225 3054 et
2267 2998 2480 3068 lapides
2511 3000 2813 3057 transferre
2852 3001 3113 3071 cupiunt,
3141 3003 3189 3058 si
3224 3000 3477 3073 singulos

1874 3089 2280 3158 transtulerint,
2329 3091 2533 3148 multos
2584 3101 2844 3164 poterunt
2870 3093 3115 3150 adunare
3147 3094 3236 3150 :si
3281 3102 3472 3150 autem

1796 3221 1842 3283 ϐ
1876 3181 2076 3237 multos
2101 3181 2263 3238 simul
2293 3180 2634 3250 levaverint,
2671 3197 2775 3240 nec
2812 3184 3035 3256 quidem
3075 3200 3244 3241 unum
3285 3184 3478 3242 levare

1871 3281 2131 3343 poterunt
2167 3291 2183 3330 :
2223 3274 2296 3330 ita
2353 3284 2408 3331 et
2449 3289 2551 3332 nos
2600 3275 2860 3342 interim;
2918 3276 3098 3346 prima
3135 3291 3284 3333 enim
3323 3277 3475 3334 dicta

1872 3365 2202 3437 intercipere
2243 3366 2406 3427 facile
2455 3369 2670 3425 videtur
2721 3369 3081 3437 audentibus;
3111 3369 3316 3428 timidis
3372 3385 3468 3425 au-

1875 3467 1983 3514 tem
2023 3456 2260 3516 diﬂicile.
2312 3458 2370 3515 Si
2419 3460 2567 3516 enim
2625 3460 2859 3517 voluerit
2902 3462 3028 3533 quis
3059 3461 3264 3528 dicere,
3319 3461 3476 3520 locn-

1873 3559 1962 3605 tus
1991 3560 2103 3614 est,
2150 3566 2258 3606 nou
2311 3560 2398 3607 est
2440 3550 2656 3608 locutus
2687 3569 2701 3606 :
2734 3566 2861 3617 vox,
2920 3567 3027 3608 non
3079 3567 3228 3620 vox;
3264 3551 3475 3624 facies,

1873 3657 1981 3698 non
2034 3641 2255 3709 iacies;
2302 3643 2624 3714 simpliciter
2675 3643 2896 3701 videtur
2944 3645 3103 3702 facile
3145 3646 3277 3718 quid
3335 3662 3474 3718 ope-

1873 3734 2008 3803 rari,
2043 3735 2311 3792 audenter
2371 3749 2554 3794 autem
2604 3747 2887 3806 operatur.
2944 3739 3053 3794 Sed
3081 3749 3295 3810 oportet
3324 3756 3478 3800 nunc

1874 3827 1944 3882 ab
1991 3828 2106 3899 ipsa
2164 3828 2453 3900 Scriptura
2491 3831 2744 3900 accipere
2805 3829 3107 3888 solutiones
3139 3873 3157 3898 ,
3207 3841 3264 3888 et
3286 3843 3478 3888 osten-

1881 3921 2012 3976 dere
2063 3922 2191 3991 quia
2241 3921 2356 3978 isne
2412 3937 2577 3979 voces
2634 3923 2710 3978 ita
2749 3924 2969 3994 quidem
3026 3925 3319 3989 dicuntur,
3360 3942 3475 3983 non

1876 4010 1952 4066 ita
1987 4020 2168 4066 autem
2193 4012 2392 4068 debent
2421 3998 2683 4085 intelligi.
2713 4014 2772 4069 ln
2814 4014 2950 4085 ipsis
2990 4015 3135 4070 enim
3170 4017 3476 4088 iisdemque

1875 4104 2226 4160 sermonibus
2275 4106 2454 4175 primo
2481 4107 2709 4164 exhibet
2742 4109 3152 4176 necessitatem,
3202 4110 3271 4166 ob
3306 4124 3473 4180 quam

1879 4197 1950 4251 ita
1983 4198 2236 4269 apparuit
2259 4196 2422 4255 Deus.
2450 4198 2590 4256 Dicit
2610 4202 2756 4256 enim
2780 4221 2792 4256 :
2813 4199 2951 4256 Ecce
2972 4220 3065 4275 ego
3095 4203 3328 4258 venioad
3353 4213 3402 4258 ts
3419 4203 3477 4258 in

1877 4289 2125 4345 columna
2153 4292 2328 4357 nubis,
2357 4301 2415 4347 ut
2445 4295 2631 4349 audiat
2665 4295 2894 4365 populus
2933 4295 3229 4366 loquentem
3275 4294 3369 4350 me‘
3404 4298 3476 4351 ad

1879 4394 1949 4448 te,
1991 4393 2040 4437 et
2067 4385 2286 4438 credant
2319 4387 2416 4439 tibi
2457 4386 2516 4442 in
2562 4389 2940 4458 sempiternum
2964 4389 3030 4442 ⁷⁸.
3067 4389 3136 4444 Et
3181 4390 3379 4445 iterum
3407 4391 3479 4444 ad

1879 4476 2137 4552 populum
2186 4479 2362 4535 dicit:
2405 4477 2512 4535 Vas
2553 4480 2781 4548 vidistis,
2812 4482 2938 4552 quia
2971 4483 3037 4537 de
3093 4482 3222 4537 calo
3267 4483 3479 4539 locutus

184 4561 402 4630 quidem
437 4565 684 4633 rubrum,
715 4567 874 4623 modo
924 4577 1107 4622 autem
1156 4568 1358 4625 album.
1414 4568 1472 4623 Si
1523 4568 1691 4640 igitur
1717 4577 1773 4624 et
1800 4573 1855 4636 υ
1877 4586 1994 4624 sum
2017 4569 2161 4625 vobis
2188 4569 2256 4623 ".
2283 4569 2349 4625 Et
2379 4581 2533 4626 certe
2563 4587 2631 4628 ex
2665 4581 2847 4627 monte
2867 4571 3020 4628 Sina.
3040 4571 3323 4641 Quomodo
3343 4588 3485 4644 ergo

184 4654 570 4710 vestimentum
596 4657 744 4713 circa
791 4659 992 4729 ipsum,
1037 4660 1269 4730 quaestio
1297 4667 1380 4715 est
1427 4668 1487 4714 et
1517 4661 1584 4715 de
1614 4659 1773 4715 indu-

188 4754 392 4810 mento,
435 4753 612 4801 utrum
636 4748 827 4804 vivens
871 4749 1120 4821 quaedam
1168 4761 1362 4808 natura
1403 4759 1488 4807 est
1515 4761 1571 4807 et
1602 4752 1771 4808 vesti-

187 4845 451 4904 mentum,
488 4847 582 4893 aut
604 4840 876 4908 quomodo
926 4841 1037 4896 illic
1087 4843 1468 4898 vestimentum
1501 4843 1768 4910 habetur;

185 4937 240 4983 et
258 4942 594 4999 quacunque
616 4933 1054 4998 converterimus,
1087 4944 1143 4989 ut
1178 4936 1244 4990 de
1275 4934 1596 5003 indumento
1620 4935 1772 4990 dica-

188 5033 309 5074 mus
333 5029 551 5091 oportet
578 5024 807 5081 moveri.
833 5024 902 5079 Et
929 5030 1128 5081 iterum
1159 5043 1175 5080 :
1206 5028 1252 5083 si
1279 5039 1398 5081 ‘vox
1437 5025 1656 5081 Domini
1679 5026 1766 5094 [s-

1881 4670 2064 4732 potest
2085 4657 2204 4717 ﬂeri
2234 4659 2303 4715 de
2328 4662 2472 4716 ctelo
2514 4671 2570 4717 et
2617 4663 2684 4717 de
2715 4673 2901 4719 monte
2931 4663 3065 4719 Sina
3095 4666 3302 4721 simul?
3328 4663 3482 4721 Vidi-

1879 4755 1998 4819 stis,
2030 4752 2227 4824 inquit,
2261 4757 2386 4825 quia
2430 4755 2496 4809 de
2533 4755 2663 4811 calo
2696 4756 2904 4810 locutus
2932 4774 3052 4812 sum
3100 4760 3264 4814 vobis.
3294 4758 3482 4815 Nolite

1880 4847 2024 4900 vobis
2079 4847 2252 4915 Iacere
2309 4847 2711 4903 similitudinem
2772 4849 3007 4904 omnium
3063 4867 3183 4921 qua:
3236 4862 3359 4908 sunt
3421 4853 3483 4908 iu

1880 4947 2021 4990 terra
2044 4935 2114 4996 ".
2150 4937 2219 4993 Et
2250 4949 2401 4994 certe
2433 4939 2476 4994 si
2503 4941 2810 4998 similitudo
2850 4951 2972 4997 erat
3011 4943 3102 5014 qui
3153 4928 3479 5014 apparebat,

1879 5026 2144 5083 deberent
2167 5029 2414 5084 videntes
2445 5031 2630 5097 magis.
2649 5031 2844 5088 adduci
2878 5033 2946 5089 ad
2972 5033 3144 5105 ipsius
3172 5035 3483 5093 similitudi-

187 5109 281 5176 sit,
306 5111 352 5165 si
385 5125 484 5165 eos
507 5111 718 5168 Domini
755 5115 812 5169 in
841 5117 1030 5172 virtute
1055 5118 1125 5185 ",
1157 5127 1213 5174 et
1259 5133 1368 5174 vox
1404 5117 1620 5174 Domini
1658 5117 1768 5174 fre-
1871 5126 2019 5173 ue'm.
2041 5117 2309 5182 Siautem
2341 5122 2506 5177 dicit:
2531 5123 2605 5177 De
2628 5128 2755 5180 calo
2788 5124 2997 5181 locum
3026 5144 3147 5182 sunt
3174 5128 3352 5196 vobis,
3383 5131 3477 5198 qui

187 5210 418 5269 quenter
449 5201 503 5256 in
531 5203 624 5260 illo
654 5205 864 5275 psalmo
897 5207 1116 5272 dicitur,
1151 5219 1205 5265 et
1229 5211 1527 5266 secundum
1568 5224 1767 5265 unum-

259 5363 306 5396 "
331 5361 473 5436 Gen.
502 5381 586 5429 tit,
613 5367 667 5421 8.
767 5365 819 5400 ⁸³
843 5349 944 5422 lea.
981 5385 1134 5436 ant,
1171 5373 1224 5427 1.

191 5433 235 5508 ff
265 5434 415 5508 ραι.
441 5451 608 5500 cxm,
651 5435 738 5492 16.
833 5438 879 5472 ⁶¹
910 5438 1052 5494 Psal.
1075 5433 1185 5508 cix,
1216 5447 1264 5499 l.

191 5503 234 5537 "
264 5503 436 5560 Exod.
469 5522 587 5572 xix,
617 5507 706 5564 16.
779 5509 825 5541 ⁷⁸
849 5510 977 5566 ibid.
1014 5512 1101 5578 17,
1132 5503 1220 5569 18.

1331 5371 1376 5403 ⁸⁸
1409 5373 1511 5428 lsa.
1537 5389 1614 5438 Vl,
1639 5373 1691 5428 1.

411 5663 827 5738 Qomntendatio-
853 5669 1037 5738 Forte,
1069 5677 1463 5735 commentatio.

411 5734 492 5815 ξςςι
519 5754 750 5815 surgere.
781 5740 964 5815 Forte,
998 5733 1300 5815 exsurgere.

286 5735 356 5789 ἠ
411 5735 492 5790 Ea
519 5754 750 5809 surgere.
781 5740 964 5806 Forte,
998 5735 1300 5815 exsurgere.

319 5805 354 5861 3
415 5805 605 5863 Diserti.
638 5809 823 5875 Forte,
846 5813 1037 5866 disseri
1065 5817 1145 5868 vel
1184 5819 1376 5875 deseri.

260 5735 379 5949 ὲδξ
395 5875 775 5949 Πιριγραφήν,
793 5885 1066 5942 ambitum.

319 5873 376 5949 6)
395 5875 775 5953 Πιριγραφήν,
793 5873 1066 5942 ambitum.

511 5972 786 6038 Panos.
834 5975 954 6043 Gn.
1003 5978 1236 6045 XXIV.

1800 5373 1845 5406 ⁸⁸
1884 5373 2019 5430 Dan.
2061 5392 2156 5440 vri,
2198 5377 2253 5434 9.

1357 5444 1404 5474 "
1435 5446 1536 5499 lsa.
1574 5459 1726 5510 vat,
1753 5445 1805 5500 1.

1322 5515 1368 5545 ⁷⁸
1393 5511 1564 5571 Exod.
1591 5532 1702 5580 xix,
1740 5519 1790 5572 9.

1875 5210 2075 5267 dicitur
2110 5212 2238 5282 quia
2287 5213 2354 5269 de
2394 5226 2577 5271 monte
2625 5215 2757 5273 Sina
2797 5234 2811 5270 :
2852 5219 3200 5275 manifestum
3225 5232 3310 5277 est
3348 5221 3478 5292 quia

2357 5378 2403 5409 ⁸⁸
2431 5377 2572 5433 Psal.
2616 5395 2810 5446 xxxnt,
2856 5378 2945 5435 16.

3069 5380 3114 5411 ⁸⁷
3151 5380 3254 5437 isa.
3302 5396 3340 5445 t.
3378 5379 3474 5439 20.

1893 5447 1939 5477 ‘”
1965 5447 2100 5516 Dan.
2125 5463 2219 5513 vn,
2249 5448 2304 5502 9.
2395 5449 2440 5480 "
2465 5449 2606 5504 Psal.
2649 5465 2842 5516 xxvnt,
2877 5453 2933 5506 4.

3038 5451 3085 5483 ’³
3111 5450 3244 5508 an.
3270 5469 3353 5516 ιιι.
3380 5452 3474 5508 23.

1871 5516 1920 5549 "
1942 5515 2115 5573 Exod.
2151 5535 2247 5585 xx,
2278 5517 2371 5574 2‘2.
2449 5519 2494 5553 "
2524 5521 2658 5578 ibid.
2684 5522 2742 5578 4.

1953 5677 2066 5749 (75)
2100 5677 2263 5736 Forte
2295 5682 2374 5737 sic
2405 5682 2691 5754 legendum
2715 5725 2732 5752 ,
2769 5684 2835 5739 de
2873 5684 3018 5739 omni
3047 5699 3067 5737 :
3099 5684 3344 5755 partibus
3376 5699 3481 5739 au-

1873 5758 2004 5803 tun.

2098 5818 2200 5876 Ms.
2240 5832 2348 5879 est.
2393 5822 2506 5880 ista
2537 5825 2700 5906 facies
2733 5825 2946 5882 Domini
2969 5836 3018 5882 et
3051 5825 3404 5882 memoratitn.

2055 5890 2076 5960 )
2103 5889 2294 5949 Deum.
2318 5893 2420 5951 Ms.
2455 5895 2686 5952 Domini.

2055 5890 2076 5960 )
2103 5889 2294 5949 Deum.
2318 5893 2420 5951 Ms.
2455 5889 2686 5952 Domini.

3085 5991 3156 6052 3'1
