4072 6422
694 395 714 448 l
731 395 829 449 165
1360 382 1626 443 EUSEBll
1662 380 2138 441 CESARIENSIS
2176 379 2324 436 OPP.

2368 377 2547 434 PARS
2581 376 2675 434 IV.
2714 407 2785 418 —
2820 374 3255 434 θορωλτιω.
3857 377 3955 434 ll6l

690 506 1037 563 ambitionem
1074 504 1184 576 (78)
1233 504 1535 573 praesentia:
1561 517 1671 558 suae
1699 501 1939 558 ostendit
1968 501 2019 555 in
2052 510 2252 563 monte,
2284 506 2330 563 Α
2359 498 2656 569 prophetiae
2689 496 2852 553 facta:
2899 505 3029 551 sunt
3054 511 3085 549 a
3114 495 3228 550 Deo
3252 491 3726 564 prannntiantes
3761 494 3950 562 captivi-

690 600 804 669 ipse
827 608 1006 652 autem
1040 598 1092 651 in
1116 612 1209 651 sua
1243 596 1494 650 manebat
1536 598 1833 666 majestate.
1861 592 1969 648 Cur
1998 603 2179 647 autem
2206 603 2259 646 et

687 710 716 747 a
749 704 930 747 monte
966 692 1091 745 Siua
1121 701 1341 761 apparet
1396 690 1485 759 qui
1542 689 1609 743 de
1640 688 1779 743 calo
1803 728 1817 751 ,
1847 684 1928 739 Ne
1958 684 2255 749 timueritis,

690 786 883 855 inquit,
920 786 1042 855 quia
1084 794 1283 838 tentare
1319 798 1403 835 vos
1430 780 1562 835 venit
1587 780 1743 841 Deus,
1767 788 1822 831 ut
1846 778 1913 831 sit
1948 778 2104 829 timor
2144 776 2258 844 ejus

688 876 741 928 in
768 875 906 928 nobis
927 875 973 905 "
997 874 1018 927 ?
1047 873 1161 927 Non
1186 886 1316 940 ergo
1349 880 1539 925 natura
1568 878 1651 925 est
1677 882 1794 936 qua
1823 868 2141 936 apparebat,
2165 865 2259 918 sed

688 966 1020 1037 dispensatio
1054 979 1171 1030 qua:
1202 964 1529 1017 adducebat.
1582 960 1715 1027 Quia
1763 958 1904 1012 enim
1960 955 2260 1011 audacissi-

688 1075 809 1115 mus
832 1066 947 1115 erat
971 1057 1221 1127 pupulus,
1252 1056 1377 1124 quia
1412 1068 1626 1123 semper
1654 1051 1879 1105 declivis
1920 1050 1984 1103 ad
2032 1046 2259 1103 idolola-

686 1152 845 1205 triam
865 1151 1191 1215 habebatur;
1223 1149 1347 1217 quia
1364 1149 1506 1203 enim
1525 1146 1743 1201 humilis
1760 1155 1898 1207 erat,
1915 1154 1967 1198 et
1985 1145 2259 1199 desidera-

682 1242 1086 1311 batpermanus
1100 1243 1410 1309 contingere
1429 1242 1617 1301 Deum,
1645 1249 1699 1293 et
1717 1254 1809 1307 per
1823 1238 2005 1293 oculos
2026 1239 2210 1291 videre
2238 1255 2251 1291 :

683 1333 810 1402 quia
834 1332 979 1386 enim
1011 1332 1132 1387 talis
1151 1330 1527 1398 eratpopulus,
1563 1329 1868 1383 misericors
1898 1338 2078 1381 autem
2116 1326 2256 1381 Deus

682 1433 739 1479 et
753 1424 924 1478 bonus
939 1423 1065 1477 facit
1080 1424 1155 1478 eis
1168 1424 1432 1485 timorem,
1448 1422 1536 1489 qui
1552 1436 1650 1475 nec
1668 1429 1785 1491 post
1799 1419 2041 1474 timorem
2067 1419 2256 1473 timue-

682 1523 829 1571 runt.
844 1514 1039 1568 etdicit
1058 1529 1070 1564 :
1091 1512 1225 1577 Quia
1242 1512 1288 1564 si
1301 1512 1416 1579 quis
1435 1511 1945 1580 appropinquarerit,
1969 1518 2133 1563 morte
2147 1526 2257 1562 mo-

682 1604 852 1659 rietur
876 1605 942 1659 ⁸⁸.
978 1604 1041 1659 Et
1070 1614 1215 1658 certe
1240 1618 1370 1658 oves
1414 1612 1571 1656 erant
1610 1602 1721 1657 illic
1754 1613 1880 1656 ante
1906 1604 2026 1665 hoc,
2058 1612 2113 1657 et
2146 1618 2251 1657 non

681 1709 806 1752 sunt
841 1706 1085 1752 martum.
1121 1696 1333 1766 Moyses
1374 1695 1516 1749 enim
1551 1694 1658 1749 illic
1685 1696 1854 1765 pavit,
1889 1694 2103 1765 Moyses
2137 1704 2253 1749 erat

680 1787 792 1842 illic
816 1798 873 1841 ut
901 1795 1102 1857 pastor,
1148 1800 1245 1841 nec
1290 1786 1419 1840 dum
1455 1794 1538 1839 est
1596 1786 1875 1854 propheta,
1913 1796 1967 1839 et
2013 1802 2116 1840 non
2166 1797 2251 1842 est

2363 600 2529 645 tatem
2552 590 2730 659 populi
2761 606 2882 660 quae
2912 605 3009 658 per
3042 604 3169 644 eum
3213 588 3366 643 facta
3419 587 3701 654 videtur,
3744 600 3864 641 vasa
3890 602 3952 639 ss-

2358 682 2655 737 cerdotalia
2688 682 2987 751 accipiens,
3022 691 3079 736 et
3112 684 3215 735 hoc
3243 683 3538 751 superbus
3577 688 3891 741 eterectus,
3913 692 3949 733 et

2358 773 2463 827 alta
2489 774 2755 843 c0gitaus,
2788 784 2847 827 ut
2873 775 3135 843 propheta
3161 774 3229 827 de
3260 786 3329 827 eo
3361 772 3593 826 diceret
3633 788 3648 825 ε
3696 769 3775 824 Tu
3796 772 3947 823 dixith

2357 866 2411 919 in
2438 866 2592 919 corde
2624 877 2740 929 tuo,
2768 868 2847 919 Ad
2869 866 3019 919 eiulas
3050 867 3367 927 ascendam,
3388 880 3566 933 supra
3601 864 3771 917 nubes
3787 870 3945 931 posse

2359 959 2529 1012 sedem
2563 973 2755 1021 meam,
2790 970 2837 1011 et
2869 956 3053 1011 sedebo
3082 973 3249 1023 supra
3284 965 3501 1008 montes
3551 956 3851 1009 altissimos
3894 960 3944 1003 δέ

2358 1051 2677 1119 aquilonem,
2709 1060 2755 1103 et
2782 1068 2871 1104 ero
2895 1050 3084 1103 similis
3102 1050 3387 1103 Altissimo
3416 1048 3468 1080 ⁸³
3497 1064 3513 1102 :
3546 1050 3685 1119 quia
3727 1049 3851 1102 talia
3886 1063 3947 1101 sa-

2358 1144 2558 1213 piebat,
2592 1154 2646 1197 et
2683 1143 2809 1197 talia
2841 1142 3189 1211 loquebatur,
3243 1152 3299 1196 et
3332 1141 3468 1195 talia
3505 1141 3817 1210 cogitabat,
3865 1142 3946 1193 151:

2357 1235 2631 1304 accipiens
2664 1234 3018 1290 sacerdotalia
3040 1250 3169 1290 vasa
3197 1250 3302 1289 non
3334 1246 3418 1288 est
3447 1250 3624 1288 ausus
3646 1234 3724 1287 uti
3749 1234 3940 1293 iisdem,

2355 1326 2449 1381 sed
2481 1338 2740 1396 tanquam
2792 1328 2843 1381 iu
2889 1328 3099 1381 ratione
3150 1328 3379 1381 honoris
3414 1328 3606 1394 posuit
3638 1327 3692 1380 in
3722 1326 3944 1392 templis,

2355 1433 2460 1474 non
2479 1433 2810 1474 consecrans
2836 1418 3011 1481 idolis,
3033 1421 3177 1473 sicut
3199 1435 3321 1488 qua:
3345 1417 3725 1486 insequuntur
3741 1418 3944 1471 demon-

2354 1518 2549 1570 strant.
2582 1513 2677 1565 sed
2715 1525 2971 1566 recusans
2995 1512 3139 1564 vasis
3168 1512 3245 1563 uti
3282 1509 3624 1563 divinis.lsti
3655 1512 3942 1564 succedens

2352 1602 2495 1658 ﬁlius
2522 1603 2638 1670 ejus
2667 1604 2718 1657 in
2755 1619 2939 1673 regno,
2988 1619 3094 1658 non
3138 1604 3186 1657 ei
3241 1603 3515 1657 successit
3564 1612 3621 1656 et
3650 1603 3939 1655 secundum

2352 1696 2513 1751 istum
2550 1696 2836 1761 honorem,
2868 1696 2962 1750 sed
2990 1697 3259 1750 innovans
3294 1704 3629 1766 potestatem
3668 1696 3827 1764 regni
3850 1696 3938 1755 sui,

2351 1788 2559 1858 profert
2591 1804 2716 1844 vasa
2737 1789 3119 1852 sacerdotalia,
3142 1797 3199 1843 et
3228 1788 3370 1842 bibit
3419 1788 3474 1839 in
3514 1787 3677 1856 ipsis.
3722 1787 3789 1841 Et
3828 1785 3937 1859 quia

678 1888 946 1933 mortuus.
976 1878 1171 1948 Utique
1201 1886 1255 1933 et
1300 1878 1388 1931 alii
1436 1885 1560 1931 ante
1604 1876 1824 1946 Moysen
1851 1893 1865 1941 ;
1902 1877 1994 1931 sed
2023 1888 2243 1947 propter
2276 1873 2316 1927 Β
2344 1882 2457 1951 ipse
2484 1891 2537 1935 et
2567 1883 2648 1936 sui
2680 1881 2818 1936 male
2846 1884 3213 1937 extenderunt
3247 1898 3449 1936 manus
3484 1897 3619 1936 suas
3657 1882 3731 1934 ad
3791 1896 3937 1939 vasa.

677 1976 986 2037 adventum,
1013 1974 1135 2042 quis
1159 1973 1309 2039 dicit,
1341 1971 1430 2025 Dei
1464 1971 1619 2036 dixit,
1662 1972 1788 2041 quia
1818 1971 1864 2025 si
1895 1972 2016 2041 quis
2052 1987 2250 2041 appro-

678 2067 1023 2137 pinquaverit
1050 2066 1331 2120 morietur.
1372 2066 1560 2120 Nonne
1616 2067 1787 2133 magis
1816 2066 2036 2121 deberet
2065 2068 2248 2121 vivere

676 2160 768 2228 qui
805 2158 1195 2228 appropinquat
1228 2159 1475 2213 adventui
1525 2158 1617 2213 Dei
1655 2158 1678 2211 i
1710 2160 1814 2212 Sed
1869 2169 2076 2215 terrere
2134 2160 2247 2215 vult

672 2248 926 2318 populum
986 2250 1283 2313 audacem;
1329 2251 1466 2304 unde
1511 2261 1564 2305 et
1618 2250 1755 2305 tuba:
1813 2263 2002 2307 sonant
2048 2266 2245 2306 canen-

675 2341 827 2393 tium.
877 2339 1014 2405 Quid
1078 2340 1221 2393 enim
1276 2356 1525 2411 magnum
1588 2352 1670 2397 est
1727 2345 1836 2399 Deo
1894 2355 2245 2413 Operamenta

673 2444 861 2485 creare
895 2432 959 2485 ad
991 2431 1295 2486 istiusmodi
1338 2432 1741 2499 necessitatem,
1779 2444 1869 2488 aut
1917 2435 2037 2490 sine
2096 2437 2239 2492 tubis

672 2537 862 2578 sonum
888 2524 1044 2577 talem
1078 2524 1363 2578 emittere?
1400 2523 1510 2578 Non
1542 2524 1609 2579 ab
1638 2539 1699 2579 re
1744 2534 1924 2579 autem
1978 2536 2060 2579 est
2091 2542 2241 2596 quaa-

673 2617 796 2668 dam
832 2630 895 2670 ex
926 2614 1144 2669 Daniele
1170 2631 1459 2686 apponere,
1490 2617 1580 2671 sed
1615 2627 1670 2671 et
1702 2620 2236 2686 opportunissimum.

670 2708 806 2777 Quia
839 2711 983 2764 enim
1014 2710 1251 2764 diximus
1293 2710 1417 2778 quia
1455 2723 1559 2762 non
1593 2719 1715 2762 erat
1764 2711 2100 2777 impossibile
2130 2713 2238 2768 Deo

669 2801 829 2857 tubas
855 2814 1062 2864 creare,
1086 2810 1177 2855 aut
1202 2801 1319 2857 siue
1343 2800 1484 2855 tubis
1501 2815 1689 2855 sonum
1724 2802 1899 2856 audiri
1930 2824 1940 2857 :
1978 2803 2237 2871 scriptum

666 2892 809 2963 apud
843 2893 1117 2948 Danielem
1150 2904 1255 2959 est,
1296 2894 1442 2963 quia,
1469 2893 1661 2948 Manus
1693 2895 1929 2965 ingressa
1966 2895 2079 2949 sola
2105 2897 2235 2950 scri-

668 2985 819 3040 bebat
844 2986 897 3038 in
931 2986 1124 3054 pariete
1146 2986 1213 3041 ".
1252 2985 1357 3040 Ista
1385 3001 1575 3041 manus
1604 2985 1747 3041 Deus
1773 2996 1876 3052 est,
1915 2997 2010 3042 aut
2056 2988 2235 3059 angeli

666 3076 857 3133 inclaio
880 3077 999 3133 est?
1051 3076 1157 3132 Sed
1205 3078 1331 3146 quia
1382 3076 1603 3133 deberet
1658 3078 1831 3133 videri
1867 3094 1971 3134 non
2020 3090 2232 3145 tenens,

667 3169 806 3227 l’orte
858 3179 1033 3227 autem
1079 3184 1180 3224 nec
1205 3178 1566 3223 atramentum
1610 3170 1874 3237 bajulans,
1906 3187 2082 3241 neque
2126 3173 2233 3229 alio

2350 1972 2472 2041 quia
2504 1973 2645 2025 enim
2680 1974 2931 2027 manibus
2967 1973 3265 2042 tetigerunt
3300 1988 3363 2027 ea
3390 1988 3512 2042 qua:
3562 1972 3649 2025 eis
3680 1987 3792 2026 non
3823 1986 3939 2025 con-

2347 2064 2657 2131 tingebant;
2694 2078 2889 2117 manus
2942 2080 3037 2133 pro
3094 2080 3262 2117 manu
3310 2066 3501 2120 exiens
3541 2066 3934 2136 scripsitjuna

2345 2154 2640 2219 lucernam,
2673 2156 2842 2225 utqui
2881 2156 3111 2209 aderant
3147 2157 3403 2211 homines
3426 2158 3681 2212 viderent
3721 2169 3933 2214 senten-

2346 2247 2495 2299 tiam.
2526 2246 2656 2311 Quae
2686 2262 2816 2317 ergo
2845 2258 2929 2301 est
2959 2262 3153 2302 manus
3179 2249 3307 2301 illa?
3337 2248 3456 2303 Non
3491 2264 3729 2319 corpus,
3771 2266 3936 2319 neque

2341 2350 2404 2390 ex
2438 2351 2664 2406 corpore
2702 2339 2917 2403 incisio,
2962 2340 3058 2393 sed
3098 2339 3391 2394 ellicientia
3436 2343 3502 2395 ad
3537 2343 3815 2397 visionem
3849 2358 3932 2398 ve-

2343 2429 2519 2493 niens,
2547 2439 2607 2482 ut
2635 2441 3018 2500 agnosceretur
3046 2432 3317 2486 sententia
3370 2434 3716 2491 invisibibis.
3764 2434 3930 2489 Sude-

2340 2531 2488 2574 cerat
2512 2532 2692 2576 autem
2734 2532 2787 2576 et
2816 2538 3006 2577 manus
3029 2526 3319 2580 ostendere
3354 2529 3641 2593 virtutem,
3671 2538 3733 2582 et
3768 2528 3928 2581 inter-

2342 2614 2541 2682 pretari
2574 2614 2961 2680 obscuritates,
3007 2616 3220 2671 solvere
3252 2618 3657 2682 dubitationes,
3698 2622 3798 2675 sed
3832 2637 3925 2675 non

2339 2716 2420 2759 est
2466 2720 2666 2775 egenus
2727 2706 2899 2765 dives.
2950 2708 3260 2763 Invenimus
3309 2710 3457 2764 enim
3515 2714 3571 2765 in
3626 2712 3923 2782 Scripturis

2338 2806 2393 2857 et
2425 2797 2565 2852 forte
2590 2797 2781 2861 multa,
2818 2813 2942 2870 quae
2970 2813 3029 2854 ut
3054 2800 3386 2869 quaestiones
3418 2811 3583 2857 motae
3617 2816 3780 2871 sunt,
3812 2821 3925 2875 pos-

2338 2899 2461 2943 sunt
2492 2890 2647 2945 nobis
2670 2891 2736 2945 ad
2753 2890 3077 2947 solutionem
3102 2893 3382 2963 prodesse.
3413 2895 3686 2954 Novimus
3712 2901 3923 2956 enimet

2337 2981 2403 3035 de
2437 2980 2679 3048 Daniele,
2722 2982 2848 3053 quia
2886 2983 3020 3038 vidit
3054 2984 3213 3039 sedes
3258 2987 3485 3054 positas,
3526 2999 3584 3044 et
3627 2990 3918 3047 Vetustum

2336 3070 2545 3127 dierum
2580 3074 2927 3142 insidentem,
2969 3076 3121 3146 cujus
3156 3079 3262 3134 albi
3303 3090 3464 3135 erant
3493 3082 3707 3151 capilli,
3756 3098 3811 3139 et
3840 3101 3921 3140 ve-

2336 3165 2594 3221 stimenta
2620 3167 2845 3222 candida
2878 3168 2945 3223 ⁸³.
2988 3170 3055 3224 Et
3080 3183 3229 3227 certe
3276 3182 3331 3227 et
3383 3174 3490 3229 hoc
3547 3179 3921 3248 accipiebatur

665 3263 845 3332 aliquo
896 3270 1242 3331 operamento
1272 3262 1461 3325 abusa,
1514 3272 1601 3315 aut
1660 3234 1772 3331 ipsa
1829 3234 1956 3329 usa,
1996 3234 2226 3319 addatur
2260 3234 2303 3292 θ
2338 3266 2560 3325 propter
2614 3263 3029 3327 contumaciam,
3074 3275 3169 3318 aut
3220 3276 3443 3335 propter
3506 3234 3914 3342 negligentiam.

664 3363 722 3409 et
755 3368 950 3418 canna,
987 3362 1042 3406 et
1082 3360 1444 3406 atramentum
1470 3362 1733 3408 creatum.
1771 3356 1876 3409 Ant
1898 3356 1944 3410 si
1977 3358 2077 3411 hoc
2111 3358 2233 3427 quis

667 3444 894 3499 voluerit
928 3444 1189 3514 accipere,
1222 3443 1439 3512 scripsit
1470 3458 1683 3510 manus,
1725 3456 1778 3501 et
1823 3447 1949 3500 dum
1981 3449 2233 3517 scripsis-

663 3552 767 3607 set,
799 3540 1041 3595 recessit.
1086 3538 1224 3605 Quid
1269 3552 1461 3594 manus
1518 3540 1616 3594 ista
1645 3540 1881 3607 dicebat,
1926 3542 2085 3612 cujus
2135 3543 2226 3598 Dei

659 3633 774 3688 sola
809 3647 1021 3695 manu,
1068 3640 1121 3685 et
1167 3627 1257 3685 ubi
1291 3642 1375 3685 est
1421 3633 1629 3685 totum?
1671 3642 1762 3686 aut
1802 3632 2001 3703 angeli,
2052 3646 2105 3689 et
2136 3634 2226 3689 ubi

657 3733 743 3778 est
776 3720 989 3780 totum?
1029 3722 1221 3776 incisio
1269 3733 1389 3777 erat
1438 3723 1733 3792 passibilis.
1770 3724 1913 3795 Ergo
1959 3740 2065 3795 quo
2122 3726 2223 3781 ista

660 3816 999 3873 incisirest?
1032 3816 1168 3883 Quid
1203 3831 1334 3887 ergo
1368 3827 1453 3871 est
1485 3819 1763 3872 sententia
1789 3819 1953 3873 visa?‘
1983 3819 2051 3875 Ut
2075 3822 2223 3876 enim

654 3910 825 3963 scine!
858 3924 949 3962 rex
976 3909 1067 3977 qui
1102 3924 1266 3964 ausus
1292 3918 1400 3971 est,
1439 3909 1557 3961 ideo
1610 3925 1802 3964 manus
1842 3911 1907 3964 ad
1947 3910 2221 3967 lucernam

656 3997 923 4069 indigens,
947 4015 1065 4068 quae
1100 4015 1196 4055 nec
1222 4000 1390 4055 oculis
1417 4001 1525 4055 visa
1555 4012 1699 4055 sum.
1738 4002 1803 4055 Et
1831 4014 1979 4058 certe
2006 4013 2064 4057 ut
2087 4005 2221 4059 scri-

646 4090 910 4162 ‘batquis,
940 4092 1091 4147 valde
1122 4092 1348 4148 intentio
1387 4096 1692 4150 necessaria
1725 4106 1830 4163 est,
1848 4106 1903 4151 et
1922 4097 2220 4153 videntium

662 4184 967 4248 oculorum,
995 4194 1050 4239 et
1088 4195 1244 4239 acute
1274 4186 1591 4241 videntium.
1620 4186 1773 4243 Nunc
1818 4199 1993 4243 alitem
2032 4190 2221 4245 scribit

650 4276 772 4332 sine
803 4276 995 4343 oculis,
1023 4277 1141 4332 sine
1174 4282 1409 4342 tenente,
1454 4276 1567 4332 sive
1592 4292 1712 4331 cum
1750 4290 2079 4345 atramento,
2104 4283 2218 4336 sive

650 4368 768 4423 sine
789 4376 1111 4434 atramento,
1132 4368 1244 4423 sive
1264 4370 1384 4423 sine
1404 4368 1525 4424 aliis
1546 4371 1928 4438 operamentis,
1956 4372 2069 4427 sive
2092 4386 2214 4427 cum

647 4458 788 4522 aliis,
811 4459 1095 4517 admiratio
1113 4470 1195 4515 est
1218 4477 1233 4527 ;
1258 4460 1349 4529 qui
1384 4460 1535 4513 valde
1557 4476 1615 4515 ca
1626 4474 1746 4514 rues
1767 4471 1908 4527 sunt,
1921 4464 2009 4532 qui
2028 4478 2215 4533 corpo-

647 4550 820 4648 rales,
852 4552 945 4623 qui
999 4552 1181 4607 volunt
1228 4551 1335 4606 Deo
1386 4565 1585 4621 corpus
1634 4553 1785 4616 dare,
1848 4556 2208 4621 respondeant
2240 4593 2285 4648 ι)

646 4637 824 4708 nobis,
868 4643 961 4699 illa
1004 4658 1193 4699 manus
1220 4657 1420 4712 corpus
1451 4654 1569 4697 erat
1620 4652 1712 4695 aut
1743 4658 1845 4696 non
1880 4646 2120 4713 corpus?
2146 4646 2205 4700 Si

643 4748 875 4805 corpus;
910 4734 1027 4791 sine
1066 4734 1306 4789 humeris
1333 4750 1435 4787 non
1469 4746 1774 4800 moveatur,
1809 4734 1923 4788 sine
1947 4745 2060 4789 toto
2091 4751 2211 4791 cor-

639 4841 775 4896 pore
804 4842 909 4882 non
950 4828 1021 4883 sit
1050 4818 1266 4882 manus.
1294 4824 1353 4881 Si
1383 4837 1562 4881 autem
1594 4835 1820 4896 apparet
1869 4844 2058 4882 manus
2086 4868 2101 4893 ,
2152 4838 2207 4884 et

639 4916 829 4973 scribit
860 4932 1071 4985 manus,
1104 4926 1160 4973 et
1186 4917 1389 4973 recedit
1436 4931 1663 4982 manus;
1716 4931 2044 4988 agnoscatur
2088 4926 2205 4991 qua!

638 5018 724 5065 est
761 5018 951 5065 natura
1000 5010 1225 5065 visionis
1274 5008 1571 5079 praesentis.
1605 5008 1976 5080 Importunum
2019 5022 2201 5067 autem

637 5113 745 5155 non
770 5106 853 5155 est
878 5098 1189 5169 adiungere,
1223 5114 1320 5153 cur
1349 5105 1405 5153 et
1442 5110 1653 5153 manus.
1704 5097 1762 5153 Si
1799 5099 1944 5153 enim
1968 5099 2081 5168 jam
2122 5099 2204 5153 di-

634 5199 779 5246 ctum
804 5199 907 5257 est,
934 5192 1055 5261 quia
1072 5184 1709 5261 oportebat'seuteniiam
1742 5191 1930 5256 scribi,
1950 5192 2042 5246 sed
2062 5190 2204 5248 forte

634 5282 758 5338 ideo
779 5296 873 5353 per
895 5297 1131 5347 manum,
1165 5282 1292 5353 quia
1315 5291 1370 5335 et
1382 5288 1540 5352 pater
1555 5281 1716 5353 hujus
1741 5282 1889 5350 regis
1913 5282 2199 5337 adversum

637 5389 793 5445 quem
828 5376 929 5430 ista
975 5376 1241 5431 sententia
1278 5374 1478 5443 scripta
1506 5365 1727 5438 est/ob
1770 5375 1952 5445 populi
2004 5374 2200 5431 delicta

637 5469 809 5535 potuit
838 5477 891 5522 et
919 5467 1171 5536 populum
1220 5477 1487 5523 tenere‘et
1535 5468 1814 5535 templum.
1850 5468 1916 5521 Et
1941 5467 2196 5536 populum

634 5554 849 5625 quidem
881 5556 1105 5610 adduxit
1152 5560 1445 5627 captivum.
1499 5556 1803 5613 Condicens
1845 5566 2023 5611 autem
2069 5557 2193 5628 quia

704 5690 750 5721 "
776 5691 926 5746 Deut.
968 5706 1061 5756 vu,
1091 5692 1141 5746 3.
1218 5693 1265 5725 ⁸⁸
1295 5692 1464 5748 Exod.
1505 5708 1619 5757 att,
1650 5692 1736 5747 12.
1807 5692 1851 5726 ⁸⁸
1887 5692 2017 5754 Dan.
2044 5708 2094 5761 v,
2121 5693 2177 5750 5.
2250 5695 2296 5730 “
2322 5695 2423 5754 lsa.
2450 5714 2562 5768 xw,
2592 5702 2675 5759 l5.

704 5825 816 5897 (78)
849 5828 1212 5890 Antbitionem.
1235 5830 1289 5890 Id
1310 5843 1414 5901 est,
1447 5833 1717 5891 ambitum.

2334 3347 2414 3403 Ad
2466 3351 2879 3407 ostentationem
2932 3356 3129 3425 quippe
3170 3358 3297 3426 quia
3347 3374 3548 3429 corpus
3600 3374 3690 3419 est
3739 3364 3915 3433 Deus;

2332 3444 2597 3497 sententia
2636 3453 2817 3500 autem
2862 3446 3114 3503 virtutem
3149 3465 3460 3506 sermonum
3496 3440 3755 3523 exhibet,
3792 3461 3913 3529 quia

2332 3535 2568 3591 maxime
2598 3536 2794 3595 exhinc
2831 3537 3184 3610 incorporalis
3220 3545 3525 3600 ostenditur
3563 3547 3737 3605 Deus.
3788 3552 3913 3619 Quis

2328 3628 2471 3682 enim
2506 3628 2719 3698 ignorat
2750 3647 2962 3687 onmem
2999 3636 3089 3703 qui
3129 3636 3304 3692 oculis
3352 3639 3547 3706 utitur,
3584 3644 3719 3711 quia
3764 3644 3913 3699 oculo

2326 3724 2593 3794 contingit
2644 3739 2708 3779 ea
2754 3725 2937 3781 videre
2989 3741 3109 3795 qua:
3162 3730 3398 3784 adsunt?
3446 3748 3571 3801 qua:
3629 3745 3817 3790 autem
3861 3739 3909 3790 in

2327 3818 2620 3870 crastinum
2652 3826 2747 3871 aut
2785 3829 2907 3888 post
2941 3834 3160 3886 parvam
3207 3824 3417 3891 horam,
3459 3834 3558 3879 aut
3619 3840 3747 3897 post
3800 3846 3908 3885 mo-

2326 3919 2566 3963 mentum
2600 3910 2752 3975 llent,
2802 3929 2907 3968 non
2964 3916 3109 3972 videt
3160 3916 3392 3972 oculos:
3430 3918 3676 3977 Danielis
3734 3935 3905 3982 autem

2322 4002 2480 4069 visio,
2522 4005 2732 4059 initium
2760 4006 2974 4075 quidem
3008 4009 3169 4065 habet
3193 4024 3223 4064 a
3263 4009 3367 4072 lea.
3397 4022 3522 4080 post
3552 4012 3699 4069 leam
3733 4029 3906 4073 autem

2323 4092 2622 4151 introducit
2676 4113 2903 4166 ursum,
2986 4103 3203 4157 tertium
3260 4104 3463 4159 animal
3526 4116 3585 4160 ut
3643 4112 3904 4178 pardum,

2320 4196 2570 4271 quartum
2598 4189 2703 4245 tale
2732 4190 2885 4258 cujus
2919 4202 3109 4246 natura
3148 4195 3288 4263 apud
3328 4210 3429 4250 nos
3468 4211 3573 4251 non
3609 4199 3903 4259 invenitur.

2318 4274 2667 4349 lnterrogabo
2700 4282 2963 4337 volentem
2990 4286 3337 4349 contendere,
3388 4287 3472 4343 lea
3518 4303 3750 4361 regnum
3787 4297 3907 4350 est?

2319 4369 2376 4425 Si
2402 4372 2547 4426 enim
2588 4375 2729 4441 quod
2754 4375 2885 4429 vidit
2914 4376 3101 4433 Daniel
3127 4389 3245 4432 erat
3272 4380 3502 4448 visibile,
3552 4382 3696 4438 leam
3725 4400 3901 4443 autem

2315 4462 2487 4526 vidit;
2519 4479 2623 4519 non
2665 4466 2797 4521 vidit
2824 4483 3069 4539 regnum,
3097 4475 3191 4525 sed
3219 4471 3381 4526 leam.
3414 4472 3494 4529 Ne
3526 4475 3695 4547 igitur
3730 4495 3903 4534 remo—

2316 4568 2537 4610 veamus
2588 4556 2813 4621 dictum,
2871 4560 3209 4629 Scripturam
3270 4563 3579 4621 videamus.
3639 4569 3701 4623 Si
3759 4574 3896 4626 enim

2314 4643 2428 4714 ipse
2482 4643 2668 4701 Daniel
2736 4647 3145 4718 interpretans,
3214 4664 3307 4707 aut
3361 4654 3784 4727 interpretatam
3835 4668 3895 4717 ab

2313 4735 2505 4821 angelo
2555 4736 2813 4795 visionem
2840 4743 3012 4808 audit,
3080 4745 3207 4813 quia
3261 4746 3496 4815 primum
3542 4766 3774 4823 regnum
3816 4768 3893 4811 est

2310 4826 2707 4895 Chaldaeorum,
2765 4831 2994 4888 intueris
3033 4836 3160 4904 quia
3196 4838 3340 4906 quod
3387 4840 3565 4896 visum
3622 4854 3751 4911 est,
3814 4846 3888 4902 lea

2309 4912 2464 4983 erat;
2497 4920 2639 4986 quod
2669 4930 2847 4978 autem
2879 4924 3286 4996 interpretatur,
3319 4944 3568 5000 regnum.
3617 4938 3732 4990 Aut
3760 4939 3891 4993 dicat

2308 5007 2400 5095 qui
2430 5008 2682 5077 voluerit,
2708 5024 2867 5084 putas
2895 5014 3006 5070 fera
3036 5018 3213 5090 aliqua
3251 5032 3403 5087 erat,
3440 5034 3496 5079 et
3537 5026 3795 5097 vivebat;
3842 5043 3888 5086 et

2314 5099 2437 5154 talis
2465 5102 2673 5171 qualem
2705 5106 2838 5160 vidit
2884 5107 3116 5165 Daniel?
3173 5112 3229 5167 Si
3266 5123 3447 5169 autem
3485 5116 3725 5191 insignia
3767 5124 3887 5178 vidit

2311 5194 2497 5263 regni,
2567 5196 3065 5268 interpretationem
3116 5214 3295 5260 autem
3347 5211 3593 5279 agnovit,
3656 5215 3882 5271 visiones

2308 5296 2595 5353 corporeas
2623 5286 2802 5344 facere
2831 5307 2937 5352 non
2965 5294 3243 5352 debemus.
3285 5296 3459 5353 Ursus
3497 5310 3682 5355 autem
3730 5318 3881 5374 appa-

2308 5376 2462 5431 rebat
2483 5381 2753 5435 secundus
2783 5394 2898 5452 post
2925 5384 3084 5453 leam,
3111 5398 3165 5442 et
3201 5390 3305 5442 tria
3334 5388 3507 5445 latera
3533 5406 3697 5451 erant
3723 5397 3775 5451 in
3796 5414 3880 5453 ore

2304 5462 2452 5533 ejus.‘
2482 5466 2646 5524 Putas
2681 5472 2806 5542 quia
2848 5483 2901 5529 et
2946 5474 3115 5531 latera
3153 5478 3277 5533 viva
3319 5488 3497 5547 erant,
3531 5492 3592 5547 et
3634 5486 3777 5541 unde
3822 5501 3875 5541 ea

2304 5560 2499 5627 accipit
2542 5563 2745 5618 ursus?
2800 5564 2963 5623 Putas
3006 5569 3225 5642 aliquod
3291 5571 3499 5628 animal
3570 5590 3878 5651 expugnans

2764 5705 2808 5739 "
2836 5708 2968 5762 Dan.
3003 5723 3096 5776 vn,
3127 5709 3181 5765 9.
