4072 6416
139 430 296 487 1165

946 426 1037 480 DE
1076 424 1165 481 ΕΟ
1203 421 1392 492 QUOD
1426 418 1609 481 DEUS
1647 418 1877 475 PATER
1917 415 2426 474 lNCOllPORALlS
2463 415 2618 474 EST.

3317 415 3454 471 116ιὶ

133 549 302 618 quod
339 548 397 604 in
423 544 820 605 consuetudine
858 552 943 598 est
985 542 1129 613 apud
1170 555 1303 604 nos;
1339 547 1431 594 aut
1466 537 1758 607 signiﬁcat,
1786 542 1834 600 Α
1865 534 2049 589 futura
2081 541 2268 597 erant;
2322 529 2450 600 quia
2491 544 2615 600 qua:
2668 528 2859 599 incipit
2905 529 3107 593 videre,
3156 542 3264 583 non
3312 529 3460 586 videt

134 636 275 711 qtiia
319 656 420 712 per
459 641 564 696 tria
614 639 791 695 latera
878 645 989 692 tres
1050 633 1303 702 regiones
1355 630 1574 686 habebit
1629 629 1760 684 illud

135 739 458 791 secundum
510 747 758 805 regnum.
813 725 1034 787 Tertius
1086 737 1268 783 autem
1300 727 1502 795 pardus
1540 723 1757 794 quidem

134 837 271 884 erat
301 837 572 898 quantum
624 826 691 880 ad
720 825 1007 889 visionem,
1060 829 1296 891 quatuor
1341 828 1524 872 autem
1579 816 1758 884 capita

136 920 419 976 habebat.
480 919 690 988 Siquis
751 929 928 973 autem
982 925 1221 970 vestrum
1272 912 1409 967 vidit
1453 911 1507 965 in
1564 919 1757 964 natura

138 1022 399 1083 quatuor
450 1010 629 1081 capita
690 1009 916 1079 pardum
977 1006 1293 1071 habentem,
1341 1003 1412 1056 sit
1463 999 1677 1056 visibile
1703 1009 1759 1056 et

137 1105 362 1159 animal
384 1104 551 1160 istud.
599 1103 656 1158 Si
698 1111 877 1156 autem
910 1109 1162 1155 naturam
1195 1096 1485 1161 convertit,
1515 1092 1757 1148 forman-

141 1208 240 1254 tur
260 1207 449 1253 autem
477 1210 642 1267 regna
669 1210 764 1280 per
791 1191 1097 1249 istiusmodi
1128 1191 1393 1253 visiones,
1425 1188 1494 1242 ad
1527 1201 1755 1256 corpora

141 1302 263 1342 non
298 1279 711 1357 compellamus;
768 1283 960 1350 Quarti
991 1291 1174 1336 autem
1213 1279 1466 1334 animalis
1499 1279 1550 1332 in
1580 1286 1755 1333 totum

144 1396 256 1437 nec
301 1382 554 1453 ﬂguratio
591 1391 673 1436 est
721 1380 922 1450 posita,
983 1391 1049 1432 eo
1112 1375 1254 1447 quod
1304 1375 1650 1429 immutatum
1701 1381 1757 1428 et

143 1488 361 1528 novum
389 1487 421 1527 a
451 1473 663 1528 caeteris
695 1472 1002 1532 videbatur.
1030 1478 1088 1523 ut
1121 1483 1188 1523 ne
1212 1468 1430 1538 quidem
1459 1467 1755 1524 similitudo

142 1566 205 1621 in
233 1580 307 1623 eo
338 1563 565 1633 alicujus
591 1565 842 1620 animalis
871 1563 1180 1618 inveniatur
1208 1580 1220 1615 :
1249 1562 1364 1616 haec
1390 1561 1522 1614 vidit
1541 1557 1750 1613 Daniel.

145 1655 224 1710 Et
280 1665 414 1711 ante
471 1657 585 1711 haec
616 1671 632 1709 :
665 1652 812 1719 Vidi,
859 1653 1056 1722 inquit,
1118 1663 1354 1721 quatuor
1411 1659 1591 1705 ventos
1637 1647 1753 1702 ειειὶ

143 1746 494 1801 imminentes
518 1747 575 1800 in
601 1747 737 1798 mari
769 1759 960 1814 magno
1015 1742 1082 1796 “.
1133 1740 1298 1796 Putas
1337 1752 1392 1796 et
1439 1743 1582 1796 venti
1619 1740 1749 1794 visi-

144 1840 301 1896 biles
348 1838 536 1894 l‘uere?
569 1839 812 1905 Quatuor
854 1845 1034 1891 autem
1090 1834 1251 1890 simul
1299 1833 1667 1889 immittuntur
1695 1833 1749 1886 in

1872 641 1992 697 qua!
2027 625 2298 687 videntur,
2351 622 2447 677 sed
2493 622 2642 677 videt
2687 637 2805 692 qua:
2849 637 2957 676 non
3004 621 3276 677 videntur.
3333 619 3463 677 Ideo

1861 727 2050 772 autem
2113 726 2169 771 et
2214 714 2554 783 nuncupatio
2609 725 2728 768 erat
2777 715 3167 784 prophetarum
3217 713 3342 780 ista,
3403 723 3462 768 ut

1860 810 2172 865 dicerentur
2211 809 2304 877 qui
2340 807 2526 862 vident
2556 823 2569 859 :
2602 806 2730 875 quia
2771 807 2914 860 enim
2956 816 3010 860 et
3040 802 3178 875 apud
3216 820 3314 862 nos
3339 807 3463 876 qni-

1861 902 1984 958 dam
2016 902 2234 969 vident,
2287 900 2511 970 quidam
2548 914 2655 954 non
2686 898 2889 963 vident,
2922 906 2977 953 et
3010 899 3078 952 ad
3108 913 3284 954 cmcos
3310 914 3465 954 com--

1859 995 2074 1066 paratio
2101 1003 2184 1048 est
2211 1007 2401 1048 eorum
2425 990 2518 1062 qui
2547 991 2754 1054 vident.
2787 1001 2841 1046 et
2864 991 3158 1046 diversitas
3181 1001 3235 1046 et
3257 992 3461 1048 discre-

1860 1088 1937 1142 tio
1959 1095 2060 1142 est.
2101 1085 2300 1142 Sumus
2334 1098 2513 1142 autem
2557 1095 2823 1157 quantum
2851 1085 2917 1138 ad
2964 1082 3460 1140 considerationem

1860 1180 2130 1234 visionum
2183 1194 2288 1234 non
2339 1179 2605 1235 videntes.
2672 1177 2869 1233 Vident
2923 1185 3103 1230 autem
3154 1177 3456 1246 prophetae.

1859 1287 1981 1344 quae
2023 1287 2121 1326 nos
2169 1286 2274 1326 non
2333 1271 2605 1325 videmus.
2662 1270 2742 1323 Ex
2810 1269 2924 1337 ipsa
2978 1282 3107 1336 ergo
3164 1264 3458 1323 eﬂicientia

1858 1369 2190 1436 acceperunt
2229 1374 2286 1418 et
2328 1363 2785 1432 nuncupationem
2830 1361 2921 1430 qui
2970 1360 3303 1414 vocabantur
3329 1375 3459 1430 pro-

1855 1459 2033 1528 pheta
2081 1458 2381 1513 secundum
2451 1465 2698 1511 veterem
2762 1468 2982 1518 vocem,
3040 1469 3162 1508 cum
3221 1453 3460 1508 maxime

1855 1557 2186 1620 exceperunt
2237 1549 2322 1603 his
2364 1550 2455 1619 qui
2500 1548 2705 1603 vident.
2758 1545 2912 1602 Unde
2956 1555 3012 1601 et
3047 1545 3230 1602 multae
3262 1547 3458 1602 inscri-

1854 1644 2067 1713 ptiones
2102 1641 2236 1696 tales
2283 1642 2659 1703 inveniuntur,
2713 1639 2838 1693 dum
2891 1640 3068 1694 dicit:
3113 1637 3258 1694 Visio
3297 1656 3458 1710 quam

1854 1739 1983 1791 vidit
2038 1735 2217 1791 Isaias
2281 1736 2530 1789 adversus
2594 1732 2943 1805 Egyptumg
2979 1730 3121 1787 Visio
3177 1733 3461 1792 adversum

1853 1829 2207 1902 Babyloniam
2249 1829 2319 1882 ⁸⁸.
2353 1828 2489 1896 Quia
2537 1828 2708 1898 igitur
2745 1830 3021 1892 videbant,
3070 1839 3130 1883 ut
3179 1828 3461 1895 videbant,

145 1930 320 1984 mari.
363 1929 430 1983 Et
472 1943 625 1984 mare
662 1927 820 1991 vidit,
860 1926 950 1981 ubi
993 1940 1162 1997 agens
1188 1937 1427 1994 praesens
1455 1938 1625 1990 mare,
1662 1931 1756 1977 aut
1784 1916 1831 1976 Β
1859 1923 2120 1979 videbant
2159 1932 2342 1977 autem
2375 1936 2482 1976 non
2510 1929 2572 1974 ut
2606 1919 2877 1976 homines.
2930 1920 3059 1988 Quae
3118 1935 3247 1992 ergo
3287 1922 3462 1978 oculis

147 2035 266 2076 non
300 2034 539 2092 presens
567 2019 878 2090 conspexit.
936 2015 1005 2070 Et
1036 2027 1283 2088 quatuor,
1331 2015 1529 2084 inquit,
1571 2030 1756 2068 ascen-

145 2114 354 2168 debant
382 2113 510 2182 [erce
547 2113 612 2166 de
656 2113 796 2165 mari
826 2111 872 2144 ⁸⁸
904 2128 916 2164 :
951 2111 1034 2165 lea
1074 2125 1143 2164 ex
1187 2108 1344 2176 mari,
1375 2117 1431 2162 et
1480 2123 1641 2162 ursus
1685 2122 1753 2161 ex

149 2206 326 2272 mari,
358 2215 412 2260 et
435 2205 637 2276 pardus
658 2219 725 2258 ex
752 2203 912 2258 mari.
941 2202 1171 2257 Intueris
1188 2200 1316 2271 quia
1333 2201 1447 2270 ipsa
1471 2199 1752 2269 Scriptura

149 2312 257 2365 per
305 2312 368 2352 ea
402 2311 523 2367 quae
553 2297 772 2351 videtur
824 2295 1030 2366 ligare,
1092 2309 1190 2364 per
1237 2292 1428 2348 eadem
1475 2303 1529 2348 et
1569 2292 1750 2347 solvit.

153 2387 312 2445 ﬂare
352 2389 405 2444 in
440 2389 543 2444 illis
574 2403 680 2443 non
716 2397 835 2442 erat
862 2387 1021 2453 locis,
1071 2387 1162 2442 ubi
1193 2395 1314 2442 erat
1362 2386 1570 2442 Daniel.
1618 2385 1752 2441 Puta

150 2483 292 2552 quia
327 2490 448 2536 erat
494 2481 597 2546 lea,
639 2488 694 2535 et
719 2494 879 2534 ursus
919 2488 977 2535 et
1019 2478 1223 2548 pardus
1253 2486 1308 2535 et
1360 2493 1559 2532 novum
1617 2477 1746 2532 illud

152 2574 368 2629 animal
398 2592 413 2630 :
441 2589 510 2630 ex
540 2574 680 2630 mari
701 2571 977 2644 quomodo
1001 2571 1351 2627 ascendunt?
1384 2571 1543 2628 Venti
1574 2583 1752 2625 autem

154 2667 439 2738 quomodo
493 2667 787 2722 videntur?
853 2667 991 2723 Puta
1056 2667 1182 2736 quia
1259 2665 1373 2720 visa
1438 2673 1567 2718 sunt
1627 2663 1751 2719 ista.

153 2759 427 2816 Ascendit
453 2760 538 2816 lea
563 2776 632 2815 ex
659 2761 819 2828 mari,
857 2761 1130 2831 quomodo
1157 2774 1381 2830 regnum
1410 2758 1466 2813 in
1499 2768 1662 2814 terra.
1695 2757 1754 2812 Si

155 2863 344 2907 autem
369 2867 592 2922 regnum
620 2853 673 2907 in
703 2862 848 2907 terra
885 2862 990 2916 est,
1027 2867 1131 2906 non
1175 2860 1257 2905 est
1295 2851 1408 2920 jam
1457 2850 1538 2904 lea
1567 2873 1578 2904 ;
1610 2849 1758 2918 quod

154 2943 312 2997 enim
337 2942 512 2997 visum
535 2950 619 2996 est
651 2941 793 2996 aliud
823 2950 965 3006 erat,
1015 2942 1159 3011 quod
1197 2949 1378 2994 autem
1434 2940 1756 3009 interpreta-

158 3044 280 3090 tum
324 3035 491 3092 aliud.
546 3033 654 3089 Sed
707 3043 834 3105 puta
899 3034 1026 3104 quia
1075 3032 1334 3089 transfert
1371 3041 1427 3087 et
1486 3032 1624 3087 leam
1686 3032 1754 3086 ad

157 3140 392 3197 regnum
422 3143 438 3180 :
469 3127 863 3196 interpretatur
903 3127 1047 3181 enim
1083 3124 1310 3195 angelus
1335 3124 1384 3180 ei
1412 3125 1502 3195 qui
1547 3125 1757 3179 viderat

157 3231 215 3278 et
251 3221 492 3293 reliquas
521 3220 665 3276 feras
689 3220 1111 3290 unumquodque
1138 3220 1193 3274 in
1221 3234 1317 3274 sua
1341 3218 1750 3275 constitutione.

160 3311 225 3370 Si
252 3313 357 3368 ista
393 3313 537 3368 enim
570 3327 690 3382 quae
719 3315 860 3382 apud
904 3326 1003 3366 nos
1042 3321 1170 3367 sunt
1201 3319 1258 3366 et
1284 3312 1517 3367 visibilia
1546 3310 1751 3366 haben-

164 3414 279 3471 tur,
325 3403 717 3458 transferamus
747 3404 816 3457 ad
864 3402 1180 3469 invisibilia,
1235 3412 1289 3459 et
1335 3404 1580 3461 dicamus
1625 3405 1753 3474 quia

160 3513 272 3553 non
319 3498 562 3561 aderant,
613 3496 707 3552 sed
745 3498 858 3552 visa
910 3507 1072 3562 sunt;
1102 3507 1157 3552 et
1197 3498 1333 3552 visio
1367 3507 1490 3564 est,
1532 3509 1589 3553 et
1647 3514 1752 3553 non

162 3593 375 3643 natura:
405 3588 708 3657 progenies.
751 3587 1120 3645 Transeamus
1151 3590 1217 3644 ad
1253 3589 1445 3654 Deum,
1477 3590 1565 3645 ubi
1598 3591 1754 3646 sedes

161 3689 294 3735 sunt
345 3680 566 3749 positas;
628 3688 684 3734 et
747 3681 856 3751 jam
925 3696 1030 3735 non
1091 3681 1336 3738 dicamus
1399 3682 1556 3737 sedes
1607 3681 1754 3736 aliud

161 3770 397 3842 aliquid,
448 3775 541 3828 sed
583 3774 728 3844 ipsas
767 3776 924 3830 sedes
956 3783 1049 3831 :et
1076 3789 1180 3829 non
1212 3774 1322 3845 jam
1353 3775 1598 3830 dicamus
1626 3774 1753 3844 quia

163 3865 320 3920 visus
344 3874 427 3919 est
451 3864 542 3934 qui
574 3881 680 3919 non
704 3874 786 3920 est
817 3867 1068 3932 visibilis,
1096 3868 1191 3923 sed
1213 3868 1348 3924 visio
1369 3878 1470 3922 est.
1505 3865 1751 3922 Judicem

165 3954 512 4010 introducere
531 3955 728 4010 audeat
744 3957 834 4027 qui
856 3957 985 4025 vult,
1013 3959 1091 4013 sic
1108 3958 1354 4013 concedit
1380 3959 1428 4014 ei
1453 3957 1750 4028 Scriptura.

167 4048 480 4104 Meminisse
531 4059 710 4104 autem
764 4059 975 4119 oportet
1017 4050 1142 4120 quia
1198 4050 1564 4121 suggessimus
1610 4052 1754 4120 quod

166 4141 412 4212 suggerit
447 4148 503 4194 et
535 4150 751 4205 natura,
797 4142 922 4210 quia
967 4142 1109 4199 oculi
1163 4141 1345 4197 futura
1392 4158 1501 4198 non
1545 4143 1752 4198 vident.

165 4228 356 4300 Neque
412 4239 537 4300 post
595 4230 873 4301 quodlibet
954 4243 1290 4289 momentum
1367 4233 1448 4288 lea
1516 4233 1752 4304 primum

168 4338 394 4392 regnum
431 4333 558 4379 tunc
595 4324 694 4379 sub
739 4323 961 4381 Daniele
1013 4336 1150 4396 erat,
1179 4341 1445 4397 ursusque
1487 4324 1602 4395 ejus
1625 4341 1754 4382 suc-

167 4419 336 4474 cessit
387 4430 554 4487 regno
590 4419 834 4488 :pardus
870 4419 1092 4474 tertium
1139 4434 1384 4491 regnum.
1441 4419 1555 4476 Non
1607 4422 1753 4477 enim

167 4497 499 4579 unoquoque
541 4508 762 4564 animali
800 4524 1048 4579 regnum,
1105 4513 1201 4566 sed
1245 4527 1582 4583 unaquaque
1637 4514 1752 4570 fera

170 4615 396 4672 regnum
430 4609 516 4656 est
564 4600 771 4656 habens
812 4602 1009 4657 multos
1051 4616 1225 4674 reges.
1281 4603 1423 4676 Ergo
1465 4619 1635 4675 usque
1685 4606 1753 4661 ad

169 4703 426 4761 quartum
452 4704 676 4761 regnum
717 4691 870 4746 multi
904 4706 1078 4763 reges.
1115 4690 1245 4748 Post
1287 4704 1538 4763 quartum
1571 4706 1749 4750 autem

168 4797 395 4852 regnum
444 4781 706 4851 judicium
757 4784 1042 4838 adversum
1105 4796 1359 4854 quatuor,
1424 4793 1480 4841 et
1522 4795 1754 4856 quatuor

169 4887 278 4930 non
313 4873 600 4939 adversum
634 4874 889 4944 primum.
929 4874 1116 4930 Daniel
1145 4886 1326 4931 autem
1366 4885 1422 4932 et
1463 4877 1659 4945 primo,
1699 4889 1754 4933 et

168 4964 430 5028 secundo,
482 4972 537 5018 et
581 4964 763 5032 tertio,
797 4973 851 5019 et
891 4974 1088 5035 quarto
1122 4981 1291 5036 regno
1321 4966 1587 5036 judicium
1626 4981 1750 5040 post

170 5057 526 5112 novissimum
548 5067 797 5125 quartum
822 5098 837 5122 ,
867 5058 920 5110 in
957 5072 1065 5112 uno
1099 5070 1372 5115 momento
1405 5061 1562 5115 vidit.
1601 5060 1750 5116 Nun-

170 5148 300 5220 quid
337 5155 564 5219 possunt
591 5147 818 5202 adunari
841 5163 902 5203 ea
934 5164 1054 5218 quae
1085 5151 1244 5205 hodie
1274 5150 1415 5206 facta
1444 5161 1589 5220 sunt,
1622 5158 1748 5209 cum

171 5241 256 5297 his
275 5255 396 5311 qua
429 5240 670 5297 crastino
705 5239 856 5306 ﬂent,
902 5250 959 5296 et
1003 5243 1165 5297 tertio
1201 5253 1260 5297 et
1296 5254 1494 5315 quarto
1522 5245 1646 5312 die,
1691 5254 1752 5302 ut

172 5329 493 5387 vidcantur?
524 5329 581 5386 Si
608 5330 773 5402 igitur
793 5345 857 5386 ea
883 5345 1004 5401 qum
1029 5333 1082 5386 in
1114 5342 1345 5403 quatuor
1374 5334 1569 5391 diebus
1592 5336 1748 5405 (lunt,

172 5425 238 5479 ad
275 5435 444 5479 unum
486 5424 818 5478 momentum
849 5425 1144 5480 convenire
1173 5440 1279 5480 non
1307 5435 1535 5497 possunt
1571 5443 1586 5480 :
1617 5441 1753 5498 quo-

172 5517 418 5574 modooa
441 5529 564 5587 qua
592 5514 650 5570 in
680 5526 916 5585 quatuor
943 5517 1125 5588 regnis
1160 5517 1300 5574 facta
1337 5527 1485 5586 sunt,
1524 5529 1580 5576 et
1619 5519 1752 5576 ﬂent

172 5611 226 5666 in
256 5609 420 5666 tantis
459 5606 674 5663 saeculis
719 5617 775 5664 et
811 5609 1172 5680 temporibus,
1226 5611 1280 5666 in
1321 5625 1432 5667 uno
1473 5622 1752 5669 momento

171 5699 342 5756 oculis
396 5697 565 5754 videri
620 5701 957 5769 potuerunt?
1009 5699 1153 5773 Ergo
1201 5717 1325 5773 qua:
1363 5702 1498 5758 vidit
1549 5703 1746 5760 Daniel

237 5905 286 5938 “
325 5904 464 5963 Dan.
508 5921 604 5972 vu,
642 5905 700 5961 2.
773 5908 818 5940 ⁸⁸
851 5905 980 5964 ibid.
1054 5907 1102 5941 ⁸⁸
1140 5908 1244 5965 lsa.
1285 5925 1398 5978 χιι,
1437 5911 1500 5979 l;
1541 5926 1665 5980 xm,
1711 5910 1764 5966 l.

1858 2014 2138 2068 hominum
2175 2027 2279 2066 non
2310 2012 2589 2077 videntur,
2626 2026 2735 2066 non
2767 2021 2897 2066 sunt
2931 2013 3260 2081 corporalia.
3311 2011 3464 2069 Vidit

1857 2104 2047 2160 Daniel
2079 2124 2093 2160 :
2123 2105 2252 2176 quid
2277 2103 2449 2159 vidit?
2472 2106 2599 2174 quia
2631 2107 2778 2158 sedes
2802 2116 2924 2158 sunt
2943 2104 3152 2171 positae.
3189 2101 3461 2170 Quando?

1858 2195 1916 2251 Si
1961 2196 2105 2250 enim
2149 2194 2419 2266 judicium
2467 2195 2646 2262 vidit,
2689 2204 2817 2250 tunc
2859 2195 3048 2266 utique
3097 2211 3222 2252 cum
3275 2195 3456 2268 quarti

1859 2289 2008 2359 regni
2072 2289 2422 2359 interemptio
2471 2286 2656 2342 futura
2703 2297 2815 2344 est.
2863 2289 3064 2344 lterum
3109 2300 3288 2345 tamen
3332 2304 3459 2345 cum

1856 2380 1974 2436 hac
2023 2381 2262 2445 videret,
2320 2395 2428 2436 non
2476 2380 2681 2436 ﬁebant
2722 2395 2786 2437 ea
2841 2395 2964 2451 qua
3031 2381 3272 2437 videbat.
3348 2381 3460 2437 Cur

1856 2483 2037 2529 autem
2079 2485 2132 2530 et
2163 2475 2323 2529 sedes
2359 2474 2526 2539 videt,
2561 2474 2837 2527 Judicium
2883 2474 3043 2536 sedit,
3075 2473 3211 2527 visio
3237 2471 3304 2527 ad
3340 2469 3458 2527 eti-

1857 2567 2114 2623 cientiam
2141 2567 2286 2622 facta
2325 2576 2409 2622 est
2441 2567 2539 2622 rei.
2597 2565 2733 2633 Quia
2768 2566 2912 2620 enim
2939 2565 3080 2636 apud
3111 2580 3210 2620 nos
3245 2564 3458 2634 judices

1857 2661 1911 2714 in
1944 2659 2071 2715 sede
2094 2660 2348 2715 sedentes
2380 2659 2630 2716 subditos
2658 2658 2761 2714 sibi
2788 2657 3064 2727 judicant,
3103 2657 3256 2723 dicit,
3289 2655 3455 2710 Sedes

1857 2763 1976 2806 sunt
2011 2755 2218 2822 posita’.
2258 2754 2324 2808 Et
2377 2765 2526 2810 certe
2573 2753 2619 2807 si
2675 2753 2798 2808 talis
2844 2763 2992 2809 esset
3031 2753 3174 2808 Deus
3228 2760 3452 2814 natura,

1859 2861 1966 2900 non
2001 2846 2190 2902 debuit
2222 2847 2430 2912 dicere,
2481 2847 2670 2916 posita:
2715 2854 2842 2900 sunt
2885 2845 3065 2912 scdes,
3115 2845 3234 2911 sed,
3271 2854 3452 2900 erant.

1858 2937 1915 2992 Si
1939 2947 2122 2993 autem
2141 2941 2329 3010 positae
2358 2951 2483 2995 sunt
2504 2955 2626 3010 qua:
2652 2955 2758 2994 non
2783 2948 2935 2994 erant
2963 2949 3124 2993 antea
3151 2936 3452 3000 collocatas,

1858 3037 1911 3086 et
1945 3031 2086 3085 sedit
2116 3031 2208 3100 qui
2242 3041 2371 3087 ante
2408 3046 2514 3086 non
2549 3032 2806 3097 sedebat;
2829 3047 2961 3103 ergo
2983 3045 3083 3086 nec
3111 3039 3242 3084 tunc
3264 3029 3458 3100 posita:

1858 3131 2007 3188 sunt,
2035 3137 2135 3178 nec
2165 3133 2293 3180 tunc
2319 3127 2460 3181 sedit
2483 3143 2496 3178 :
2518 3128 2613 3182 sed
2640 3127 2878 3182 ostendit
2895 3140 2991 3194 per
3011 3139 3076 3178 ea
3097 3139 3216 3194 quas
3235 3122 3456 3193 cognita

1861 3225 1987 3269 sunt
2042 3215 2200 3270 nobis
2264 3217 2429 3272 verba
2482 3216 2830 3273 eﬂicientiam
2883 3217 2980 3272 Dei
3044 3217 3114 3270 ad
3166 3213 3456 3286 judicium.

1861 3307 2101 3378 Denique
2127 3320 2183 3364 et
2213 3311 2500 3380 descripsit
2535 3311 2646 3366 illic
2676 3311 2828 3367 albos
2872 3310 3118 3379 capillos,
3164 3309 3456 3365 candidam

1858 3410 2085 3469 vestem,
2128 3401 2306 3470 ignem
2353 3413 2482 3458 ante
2512 3403 2774 3473 judicem,
2835 3411 2892 3458 et
2938 3401 3162 3456 ﬂuvium
3208 3403 3451 3472 igneum.

1861 3495 2004 3550 Dicit
2023 3497 2166 3551 enim
2190 3497 2318 3567 quia
2354 3496 2609 3554 Vetustus
2635 3501 2842 3560 dierum
2873 3500 3031 3553 sedit.
3065 3497 3175 3555 Cur
3198 3508 3449 3553 vetustus

1858 3588 2110 3642 dierum?
2160 3589 2227 3642 Et
2273 3598 2422 3644 certe
2451 3604 2522 3645 ne
2551 3590 2768 3659 quidem
2805 3590 2920 3646 dies
2952 3605 3089 3656 opus
3119 3601 3250 3646 sunt
3286 3591 3399 3646 Deo
3437 3610 3451 3645 :

1858 3679 1949 3734 sed
1981 3681 2106 3750 quia
2151 3682 2477 3737 resurrectio
2509 3681 2672 3738 [iebat
2708 3682 2761 3737 in
2792 3684 2939 3738 exitu
2977 3693 3196 3738 aetatum
3231 3699 3454 3754 regum,

1859 3772 2087 3826 multum
2126 3783 2338 3843 tempus
2370 3775 2741 3830 necessarium
2773 3777 3099 3832 habebatur.
3144 3775 3278 3843 Quia
3307 3778 3456 3832 enim

1858 3879 1954 3934 per
1983 3865 2180 3921 multos
2213 3867 2332 3922 dies
2375 3867 2769 3936 expediebatur
2814 3869 2982 3934 istud,
3012 3868 3298 3925 Vetustum
3339 3870 3458 3924 die-

1858 3972 1978 4011 rum
2013 3959 2263 4012 nominat
2295 3957 2562 4028 judicem.
2605 3959 2669 4013 Et
2698 3960 2824 4028 quia
2862 3961 3124 4016 mundum
3155 3968 3274 4016 erat
3305 3960 3458 4030 judio

1856 4051 2000 4106 cium
2064 4061 2121 4106 et
2171 4052 2526 4121 purissimum
2561 4094 2577 4118 ,
2637 4062 2691 4107 et
2751 4052 3077 4121 inﬂexibile;
3114 4055 3224 4110 albi
3275 4055 3456 4127 capilli

1857 4145 2044 4200 mundi
2064 4145 2282 4214 jndicis,
2320 4155 2376 4201 et
2405 4146 2639 4201 candida
2673 4147 2793 4218 ejus
2825 4148 3147 4204 vestimenta
3179 4156 3234 4204 et
3258 4149 3457 4204 imma-

1855 4237 2035 4291 culata
2069 4236 2329 4292 dicuntur
2360 4253 2372 4288 :
2408 4236 2530 4292 ideo
2556 4245 2613 4292 et
2645 4237 2824 4307 capilli
2851 4237 2998 4304 albi,
3040 4238 3156 4294 sive
3205 4246 3454 4294 vetusta-

1859 4335 1966 4380 tem
2013 4327 2399 4383 annuntiantes
2451 4337 2512 4383 et
2550 4329 2691 4398 ipsi,
2739 4329 2854 4384 sive
2904 4329 3091 4399 judicii
3133 4331 3453 4400 puritatem.

1857 4417 1970 4487 Ego
1993 4429 2174 4474 autem
2205 4429 2261 4475 et
2293 4420 2610 4492 contingere
2647 4421 2961 4476 istiusmodi
3001 4421 3244 4478 habitum
3282 4422 3453 4493 perti-

1858 4525 2061 4565 mesco.
2114 4509 2173 4565 Si
2233 4521 2415 4566 autem
2465 4527 2573 4568 non
2632 4521 2754 4569 erat
2800 4513 2944 4583 quod
2983 4513 3275 4580 diceretur,
3306 4514 3455 4585 quod

1788 4635 1830 4688 D
1860 4609 2044 4671 posset
2067 4602 2322 4658 omnibus
2349 4603 2520 4657 videri
2554 4607 2812 4659 recedere
2853 4603 2922 4658 ah
2949 4603 3250 4659 istiusmodi
3287 4619 3455 4661 sensu

1861 4701 2120 4748 tacerem.
2161 4690 2266 4748 Sed
2314 4693 2552 4760 timidos,
2583 4695 2778 4764 inquit,
2811 4695 2992 4751 facitis
3019 4695 3158 4752 filios
3191 4695 3355 4764 Israel
3381 4696 3452 4752 ".

1858 4782 1974 4838 Cur
1999 4791 2178 4838 autem
2208 4792 2262 4837 et
2287 4781 2486 4837 ﬂuvius
2524 4783 2634 4839 illic
2676 4785 2866 4855 igneus
2907 4785 3118 4851 currit,
3156 4785 3284 4840 dicit
3323 4787 3454 4858 quia

1849 4874 2147 4931 interfecta
2183 4885 2266 4930 est
2294 4876 2492 4942 bestia,
2532 4885 2588 4932 et
2616 4891 2813 4946 corpus
2846 4876 2963 4945 ejus
2995 4877 3181 4933 datum
3219 4887 3306 4933 est
3341 4879 3453 4950 igni

1861 4968 1926 5022 ad
1955 4969 2316 5024 exurendum.
2350 4967 2466 5037 Qua
2508 4970 2654 5024 enim
2689 4971 2959 5025 sententia
2994 4971 3223 5026 bestiam
3265 4972 3454 5026 mitte-

1858 5060 1950 5114 bat
1999 5059 2054 5114 in
2094 5060 2298 5130 ignem,
2336 5063 2489 5132 prius
2525 5063 2851 5134 praeparavit
2900 5073 3308 5134 operamentum
3352 5079 3454 5135 per

1856 5151 2002 5220 quod
2037 5152 2280 5208 futurum
2310 5163 2429 5209 erat
2462 5153 2752 5224 judicium.
2812 5156 2888 5210 De
2929 5156 3016 5210 his
3055 5156 3221 5227 igitur
3244 5171 3365 5226 quae
3393 5157 3451 5214 in

1857 5241 2080 5300 Daniele
2116 5257 2244 5303 sunt
2277 5248 2451 5317 posita
2480 5288 2497 5314 ,
2539 5262 2606 5303 ex
2653 5247 2846 5304 bestiis
2899 5250 3005 5306 illis
3061 5262 3285 5305 manent
3327 5266 3453 5320 qua

1859 5336 1992 5392 visas
2035 5347 2164 5392 sunt
2214 5337 2381 5404 ferte,
2429 5354 2541 5395 non
2594 5343 2774 5396 autem
2820 5357 2942 5412 qua:
2985 5343 3453 5400 annuntiabantut‘

1858 5442 2026 5500 regna
2055 5468 2072 5496 ,
2102 5440 2159 5485 et
2187 5445 2253 5487 ex
2291 5432 2626 5510 temporibus
2655 5449 2776 5504 qua
2810 5435 3013 5490 habent
3052 5435 3228 5505 spatia
3270 5449 3452 5489 sacu.

1857 5521 2060 5590 lorum,
2095 5538 2218 5594 qua:
2247 5523 2539 5594 conjuncta
2580 5538 2707 5582 sunt
2753 5542 2849 5599 per
2895 5527 3163 5583 visionem
3190 5526 3255 5582 ad
3281 5542 3453 5586 unum

1856 5627 2214 5682 momentum,
2247 5625 2305 5673 et
2328 5631 2397 5673 ex
2437 5632 2504 5675 eo
2539 5620 2682 5690 quod
2730 5621 2995 5692 judicium
3044 5635 3152 5676 non
3199 5629 3326 5676 tunc
3363 5629 3454 5678 est

1855 5705 2082 5777 factum,
2113 5710 2332 5780 quando
2358 5723 2416 5769 et
2441 5714 2617 5771 visum
2659 5723 2778 5784 est;
2825 5729 2932 5774 non
2963 5713 3137 5772 solum
3169 5713 3236 5770 ad
3264 5714 3450 5788 suspi-

1841 5911 1887 5947 "
1943 5913 2121 5971 Lavit.
2175 5931 2269 5976 xv.
2319 5915 2412 5972 3t.
