4072 6404
632 410 761 468 H07

1290 398 1560 459 EUSEBII
1596 391 2069 453 CESARIENSIS
2108 387 2254 447 OPP.
2297 386 2474 443 PARS
2508 384 2599 443 Π.
2636 415 2707 427 —
2742 378 3165 442 DOGMA'HCA.

3734 374 3878 431 “68

631 532 853 589 tandum
890 527 1059 588 Deum
1088 540 1280 595 corpus
1324 538 1443 577 esse
1491 534 1595 572 nou
1632 516 1812 572 debuit
1846 530 1951 571 non
1985 515 2186 577 sinere,
2216 515 2262 573 Α
2290 509 2458 563 medio
2488 523 2691 575 campo,
2738 516 2785 561 et
2821 504 3050 559 surrexit
3076 518 3222 557 meas
3247 502 3584 571 manipulus,
3618 506 3667 553 et
3705 509 3878 551 rectus

630 625 720 687 scd
752 624 931 700 potius
972 622 1036 679 ad
1071 615 1493 674 satisfactionem
1542 610 1750 672 venire,
1780 606 1903 675 quia
1943 604 2192 673 incorpo-

632 693 771 778 ηιὶέ
790 729 871 773 est
897 716 1058 769 Deus.
1109 711 1201 764 Est
1250 719 1426 760 autem
1477 702 1703 757 rationis
1744 710 1800 754 et
1852 698 1937 753 his
1992 693 2189 751 similia

629 813 847 867 addere.
890 808 1004 877 Ipsa
1054 805 1197 859 enim
1231 799 1367 853 visio
1401 795 1634 850 Dauielis
1677 807 1796 863 quas
1842 804 1939 859 per
1989 786 2193 843 bestias

629 904 767 960 facta
798 908 901 963 est,
942 911 1090 952 soror
1137 902 1219 949 est
1260 892 1374 959 ejus
1397 903 1560 957 quam
1598 886 1734 939 vidit
1771 897 1868 952 per
1901 880 2189 949 imaginem

631 991 1143 1050 Nabuchodonosor,
1184 996 1238 1037 et
1282 981 1523 1035 salvatur
1565 993 1684 1030 cum
1724 972 2039 1043 pmniteutia
2077 968 2190 1039 (79)

631 1088 1023 1154 comparantur,
1055 1087 1107 1131 et
1139 1090 1170 1130 e
1197 1082 1384 1129 contra
1422 1077 1695 1139 ponuntur
1718 1078 1782 1119 ea
1814 1076 1934 1133 quae
1973 1062 2023 1113 in
2061 1060 2192 1112 ima-

629 1153 881 1247 gineivisa
905 1181 1047 1234 sunt,
1081 1177 1133 1223 et
1156 1183 1216 1222 ea
1235 1180 1353 1234 quae
1374 1178 1469 1232 per
1493 1162 1753 1215 visionem
1774 1157 1930 1211 istam
1955 1153 2191 1207 ferarum

628 1244 842 1323 Ostensa
901 1269 1215 1317 noscuntur.
1264 1256 1504 1322 Quatuor
1555 1251 1700 1306 enim
1750 1254 1907 1303 erant
1964 1253 2019 1299 et
2072 1244 2193 1298 istic

628 1361 755 1416 fera
778 1359 989 1412 diversa
1025 1362 1212 1407 natura
1241 1368 1257 1415 ;
1304 1356 1536 1419 quatuor
1572 1352 1750 1398 autem
1781 1350 1836 1396 et
1868 1340 1975 1395 illic
2022 1346 2194 1393 mate-

628 1453 724 1507 ria:
751 1455 1081 1505 concurrunt
1114 1444 1178 1497 ad
1220 1438 1667 1509 compositionem
1711 1433 1868 1487 unius
1915 1428 2191 1500 imaginis,

626 1553 684 1600 et
720 1542 852 1597 nihil
882 1554 977 1594 nos
1006 1536 1250 1607 prohibet
1282 1546 1446 1585 unum
1470 1531 1538 1583 ad
1565 1542 1731 1583 unum
1761 1526 2096 1593 interrogare
2137 1528 2192 1574 et

627 1637 830 1691 videre.
860 1632 965 1687 Lea
990 1642 1216 1698 regnans
1254 1624 1483 1680 habetur
1518 1621 1571 1674 in
1602 1618 1729 1673 leris
1756 1634 1769 1671 :
1796 1630 1983 1670 aurum
2012 1623 2199 1687 autem

627 1725 937 1798 praecedens
982 1722 1032 1775 in
1073 1715 1371 1773 istiusmodi
1418 1712 1659 1769 materiis
1690 1728 1702 1763 :
1731 1709 1891 1777 fulget
1940 1706 2104 1768 enim,
2138 1711 2194 1757 et

627 1824 768 1879 sicut
797 1815 931 1887 ignis
976 1830 1028 1867 in
1071 1821 1263 1876 nocte,
1308 1810 1379 1861 ita
1422 1819 1611 1860 aurum
1660 1804 1802 1857 inter
1841 1808 2030 1854 caetera
2075 1810 2194 1865 qua:

628 1909 989 1983 possidentur.
1038 1902 1382 1971 Accipiamus
1424 1897 1585 1965 igitur
1614 1894 1682 1948 ab
1714 1891 1945 1961 imagine
1976 1888 2193 1959 quidem

629 1979 787 2073 caput
834 2011 1089 2062 aureum;
1143 2010 1171 2048 a
1213 1992 1418 2046 visione
1471 1999 1651 2043 autem
1696 1986 1855 2039 istam
1905 1982 2067 2038 leam.
2128 1979 2196 2034 Et

628 2094 769 2150 forte
793 2093 911 2148 i'deo
940 2099 1170 2156 utraque
1204 2084 1429 2141 femineo
1475 2080 1712 2142 nomine,
1760 2077 1885 2147 quia
1922 2084 1977 2128 et
2008 2086 2195 2143 regna.

631 2183 761 2239 Inde
812 2182 1139 2237 acciniamus
1189 2183 1505 2246 argenteum
1559 2179 1772 2240 pectus,
1822 2176 1877 2223 et
1922 2165 2193 2221 brachia:

630 2283 751 2345 post
788 2284 998 2332 aurum,
1022 2275 1306 2336 argentum
1331 2304 1346 2329 ,
1384 2270 1510 2331 post
1536 2259 1697 2321 leam,
1722 2271 1905 2312 ursum
1941 2271 1955 2309 :
1992 2263 2047 2309 et
2073 2252 2196 2317 tria,

632 2342 743 2419 illic
781 2367 1151 2420 mramentum,
1194 2353 1319 2409 istic
1364 2349 1636 2421 pardum;
1684 2344 2005 2401 subducitur
2053 2342 2195 2397 enim

630 2454 922 2513 secundum
956 2447 1331 2523 paenitentiam
1368 2441 1481 2515 (80)
1522 2440 1874 2511 comparatio.
1926 2438 2053 2491 inde
2086 2440 2196 2505 jam

634 2547 951 2619 permistum
1000 2544 1199 2598 ferrum
1244 2553 1367 2594 cum
1409 2544 1589 2599 testa;
1648 2533 1775 2587 istic
1824 2530 1997 2585 bestia
2046 2528 2201 2597 cujus

634 2642 863 2709 ﬁguram
915 2644 1137 2707 propter
1173 2630 1488 2685 varietatem
1538 2642 1642 2682 non
1696 2622 2079 2678 manifestavit.
2134 2620 2201 2675 Et

634 2732 747 2787 illic
784 2729 920 2799 lapis
943 2724 1259 2783 wniminuit
1299 2721 1626 2789 imaginem;
1658 2716 1779 2771 istic
1803 2715 1968 2784 judex
1993 2712 2201 2783 judicat

636 2821 857 2878 bestias.
903 2819 960 2874 Si
1006 2816 1124 2887 quis
1174 2815 1337 2885 igitur
1386 2809 1759 2865 contentiosus
1804 2805 2036 2861 voluerit
2084 2804 2199 2858 hac

634 2910 861 2969 visibilia
890 2924 1041 2975 esse,
1077 2907 1221 2961 dicat
1252 2903 1405 2958 nobis
1435 2910 1610 2956 utrum
1652 2906 1815 2968 caput
1851 2906 1933 2953 est
1973 2908 2197 2950 aureum

636 3006 720 3061 lea
760 3022 773 3057 :
808 3013 1033 3069 utraque
1082 2998 1225 3051 enim
1280 2995 1347 3051 ad
1406 2994 1508 3049 hoc
1554 2992 1727 3061 ipsum
1759 2995 2109 3052 concurrunt,
2142 2994 2199 3041 et

636 3105 865 3163 utraque
908 3088 1009 3144 sibi
1048 3101 1153 3141 non
1205 3084 1426 3149 similia,
1477 3096 1651 3150 neque
1684 3081 1775 3151 qui
1822 3079 2195 3133 annuntiatur.

2291 601 2452 662 stetit,
2485 608 2533 651 et
2563 598 2792 651 conversi
2826 594 3083 663 manipuli
3120 594 3273 648 vestri
3306 594 3659 647 adoraeeruut
3702 603 3877 640 nam

2290 690 2617 757 manipulum
2662 687 2731 744 ⁸⁸.
2770 686 2836 742 Et
2870 687 3260 753 interpretatur
3290 692 3443 753 pater
3464 723 3479 747 ,
3505 689 3561 736 et
3585 678 3877 747 suspican-

2295 793 2380 837 tur
2423 780 2643 842 lratres,
2691 779 2821 849 quia
2878 776 3100 846 incipiet
3166 789 3396 845 regnare
3459 787 3629 842 super
3679 768 3877 824 fratrea

2292 891 2438 930 suos.
2464 872 2531 928 Et
2559 887 2700 926 nunc
2725 870 2947 941 quidem
2987 866 3243 939 manipuli
3272 882 3287 921 :
3320 868 3517 920 iterum
3540 873 3726 918 autem
3757 863 3876 930 ipse

2293 967 2458 1021 solem
2490 976 2544 1021 et
2584 964 2765 1017 lunam
2806 961 2951 1016 videt
2989 970 3047 1015 et
3084 958 3328 1015 undecim
3363 956 3565 1012 stellas.
3601 952 3794 1009 Diﬂert
3820 954 3874 1006 in

2293 1060 2458 1131 gloria
2490 1056 2668 1122 stella,
2712 1052 3019 1122 manipulus
3066 1067 3173 1106 non
3222 1047 3421 1103 diﬂ'ert.
3486 1047 3597 1103 Sed
3649 1052 3879 1116 apparet

2293 1152 2417 1221 quia
2453 1149 2607 1205 stella
2648 1146 2923 1217 manipulo
2967 1146 3035 1200 ad
3072 1143 3213 1213 quod
3252 1150 3476 1212 accepta
3512 1148 3621 1205 est,
3651 1154 3763 1193 non
3793 1148 3878 1194 est

2294 1245 2503 1301 melior.
2538 1242 2675 1298 Cum
2713 1240 2858 1297 enim
2919 1247 3073 1309 pater
3107 1236 3319 1307 positus
3359 1242 3443 1289 est
3479 1233 3533 1288 in
3559 1232 3685 1287 loco
3721 1230 3881 1295 solis,

2292 1347 2467 1394 mater
2504 1343 2683 1390 autem
2730 1334 2784 1388 in
2837 1332 2956 1387 loco
3004 1330 3179 1390 lunae,
3242 1328 3433 1381 fratres
3474 1334 3880 1393 consequenter

2292 1427 2662 1483 elliciebantur
2686 1426 2741 1481 in
2769 1425 2887 1481 loco
2914 1422 3191 1479 stellarum
3226 1439 3240 1474 :
3272 1419 3408 1475 [orte
3430 1433 3613 1474 autem
3646 1433 3750 1472 nec
3772 1417 3876 1471 ista

2294 1520 2617 1591 simpliciter
2676 1518 2936 1573 debemus
2992 1513 3231 1568 transire
3277 1530 3291 1567 :
3331 1513 3426 1568 sed
3469 1511 3603 1580 quia
3665 1510 3882 1565 occasio

2295 1612 2633 1669 adorationis
2662 1610 2799 1663 facta
2823 1617 2908 1663 est
2934 1606 3202 1661 fructuum
3239 1604 3593 1668 abundantia,
3622 1602 3751 1657 ideo
3778 1616 3882 1655 non

2296 1704 2364 1759 ab
2397 1705 2501 1758 alia
2527 1701 2817 1758 occasione
2862 1698 3001 1753 vidit
3033 1698 3324 1753 adorantes
3362 1709 3423 1749 se
3465 1693 3695 1756 fratres,
3720 1706 3882 1760 quam

2298 1815 2327 1852 a
2368 1794 2658 1867 manipulis
2692 1792 2975 1849 messium.
3045 1788 3102 1844 Si
3148 1787 3270 1857 quis
3324 1797 3503 1843 autem
3543 1784 3784 1840 voluerit
3831 1791 3887 1840 et

2300 1891 2503 1955 stellas,
2533 1897 2592 1941 et
2614 1886 2821 1951 lunam,
2858 1893 2909 1939 et
2940 1882 3112 1937 solem
3145 1880 3446 1950 requirere,
3479 1881 3546 1934 ad
3573 1879 3741 1933 istum
3765 1892 3884 1932 ser-

2301 1996 2513 2037 monem
2546 1978 2783 2033 inveniet
2818 1990 3171 2031 concurrere.
3214 1973 3345 2041 Quis
3386 1972 3533 2026 enim
3570 1971 3788 2042 ignorat
3820 1982 3883 2023 ex

2298 2074 2547 2129 omnibus
2570 2070 2739 2142 Moysi
2774 2083 2962 2124 vocem
2984 2110 2998 2134 ,
3026 2067 3151 2137 quia
3179 2082 3246 2121 ex
3276 2064 3517 2135 frugibus
3542 2078 3687 2133 quos
3718 2063 3884 2117 nutrit

2300 2167 2378 2222 sol
2418 2176 2471 2220 et
2504 2164 2629 2218 luna
2655 2205 2671 2227 ,
2711 2162 2854 2217 facta
2882 2162 3098 2217 occasio
3140 2168 3224 2214 est
3255 2158 3520 2213 visionis?
3577 2157 3723 2227 Ergo
3758 2156 3884 2225 quia

2300 2260 2569 2314 fructuum
2601 2265 2723 2312 erat
2747 2256 2987 2319 occasio,
3009 2269 3107 2324 per
3128 2268 3189 2307 ea
3217 2266 3338 2322 quae
3365 2250 3548 2321 fruges
3576 2252 3881 2315 enutriunt,

2302 2352 2445 2406 facta
2470 2360 2555 2406 est
2581 2359 2635 2403 et
2661 2348 2802 2404 visio
2833 2346 3053 2416 duplex.
3082 2344 3248 2400 Putas
3264 2359 3409 2415 ergo
3437 2346 3561 2414 quia
3588 2343 3792 2413 aliquis
3819 2358 3883 2398 ex

2302 2445 2386 2500 his
2407 2444 2500 2514 qui
2526 2442 2743 2506 adsunt,
2775 2440 3065 2511 invigilans
3092 2449 3149 2493 et
3176 2439 3409 2499 sobrius,
3447 2438 3716 2508 cogitavit
3742 2442 3879 2507 apud

2302 2551 2361 2591 se
2391 2545 2449 2590 ut
2483 2535 2719 2599 sobrius,
2752 2533 2881 2603 quia
2910 2534 3029 2589 ista
3060 2532 3301 2588 visiones
3331 2543 3427 2600 per
3450 2531 3726 2586 insomnia
3752 2538 3873 2584 sunt

2304 2629 2477 2691 facta,
2520 2634 2575 2682 et
2621 2627 2759 2683 forte
2804 2625 3172 2696 suspicabitur
3204 2624 3313 2679 vim
3355 2623 3536 2679 facere
3572 2639 3675 2679 nos
3721 2632 3777 2677 et
3804 2622 3883 2677 bis

2300 2719 2599 2773 visionibus
2634 2733 2757 2788 qua:
2806 2732 2904 2786 per
2948 2716 3218 2772 insomnia
3263 2716 3419 2770 facta
3468 2726 3795 2780 noscuntur,
3830 2724 3882 2769 et

2302 2811 2369 2866 ad
2400 2810 2723 2866 solutionem
2746 2823 2841 2864 eas
2861 2808 3128 2878 accipere,
3150 2823 3271 2878 quas
3303 2806 3557 2862 videntur
3584 2821 3683 2877 per
3706 2804 3887 2860 oculos

2302 2900 2431 2955 visa:
2463 2898 2532 2953 ab
2556 2896 2983 2969 invigilantibus.
3024 2896 3079 2953 Si
3106 2899 3255 2952 enim
3287 2897 3359 2951 ita
3398 2907 3567 2961 esset,
3603 2898 3885 2966 subripere

2302 2990 2578 3052 deberem,
2628 2996 2683 3043 et
2724 2987 2829 3042 hoc
2878 2986 3054 3057 ipsum
3109 2986 3341 3042 suadere
3382 2996 3436 3041 et
3475 2988 3665 3042 ludere
3702 3002 3715 3036 :
3750 2985 3885 3041 forte

2305 3091 2483 3136 autem
2511 3089 2565 3135 et
2593 3078 2638 3133 si
2676 3080 2986 3145 tacuissem,
3013 3078 3140 3149 quia
3173 3092 3271 3147 per
3300 3077 3565 3133 insomnia
3594 3077 3773 3133 lactus
3804 3086 3887 3133 est

636 3185 773 3254 Quid
803 3182 946 3237 enim
970 3180 1036 3234 ad
1071 3179 1208 3233 leam
1239 3175 1469 3232 aurum?
1500 3173 1641 3241 Quid
1672 3184 1851 3227 autem
1876 3182 2109 3241 utraque
2132 3170 2200 3225 ad
2230 3211 2275 3272 ο
2307 3172 2440 3227 mihi
2466 3185 2669 3239 sermo,
2702 3169 2918 3225 viderer
2950 3170 3032 3225 bis
3070 3170 3161 3240 qui
3195 3170 3373 3224 adhuc
3412 3170 3777 3236 somniantur,
3821 3179 3876 3226 et

639 3271 900 3346 regnum?
924 3284 979 3326 et
1005 3271 1078 3324 ita
1114 3282 1178 3323 ea
1207 3282 1327 3337 qum
1354 3266 1733 3335 insequuntur,
1752 3278 1871 3333 qua:
1897 3273 1951 3317 et
1972 3264 2041 3317 ab
2070 3263 2203 3316 ima-

638 3367 763 3437 gine
793 3362 1163 3433 proferuntur,
1190 3369 1242 3414 et
1270 3372 1388 3428 qua:
1416 3372 1445 3410 a
1479 3356 1665 3411 bestiis
1710 3356 2109 3410 discernuntur.
2142 3353 2207 3409 Et

640 3459 749 3514 illic
786 3457 921 3525 lapis
948 3456 1067 3509 sine
1094 3452 1359 3516 manibus,
1393 3459 1452 3503 ut
1488 3463 1590 3502 non
1629 3447 1859 3503 hominis
1914 3447 1985 3500 sit
2030 3459 2202 3515 opus;

641 3550 761 3607 istic
805 3548 987 3619 judex.
1037 3546 1101 3599 Et
1145 3545 1249 3599 illic
1272 3544 1395 3613 quia
1439 3540 1677 3595 materire
1729 3547 1919 3607 erant,
1973 3538 2198 3593 commi~

640 3652 910 3705 nuuntur;
946 3639 1065 3693 istic
1101 3637 1224 3706 quia
1270 3634 1437 3689 bestia
1482 3640 1615 3697 erat,
1654 3631 1705 3684 in
1738 3630 1914 3700 ignem
1947 3630 2202 3686 mittitur.

641 3731 719 3787 lta
749 3732 1007 3786 habemus
1035 3739 1089 3785 et
1116 3727 1411 3782 Pharaonis
1441 3724 1619 3793 spicas
1644 3763 1659 3789 ,
1696 3732 1751 3777 et
1781 3723 1945 3777 boves
1977 3730 2205 3791 septem,

643 3833 697 3877 et
730 3822 952 3891 pingues
991 3830 1045 3874 et
1082 3818 1417 3873 macilentas.
1454 3814 1522 3868 Et
1563 3824 1823 3885 quantum
1853 3815 1919 3869 ad
1956 3824 2205 3869 naturam

642 3924 890 3983 spectat,
939 3912 1104 3966 boves
1154 3910 1365 3979 quidem
1408 3908 1587 3977 spicas
1639 3908 1996 3972 manducant,
2046 3907 2211 3977 spicre

642 4016 822 4060 autem
853 4021 881 4057 a
924 4005 1092 4058 bubus
1139 4003 1517 4057 comeduntur.
1566 3999 1718 4067 Quod
1770 4010 1947 4054 autem
2001 3999 2211 4071 signiti-

643 4107 799 4152 catur
851 4105 905 4150 et
952 4095 1019 4149 ab
1073 4094 1155 4148 his
1184 4093 1272 4161 qui
1310 4091 1721 4155 manducantur,
1778 4101 1831 4146 et
1884 4094 1951 4147 ab
1997 4092 2086 4147 bis
2119 4091 2211 4162 qui

646 4189 1005 4251 manducant,
1062 4186 1231 4256 ipsam
1284 4184 1635 4252 eamdemque
1688 4184 1885 4237 habent
1929 4183 2209 4238 virtutem.

645 4281 725 4335 Ad
751 4278 893 4350 quod
918 4278 1057 4333 enim
1097 4277 1270 4330 iuerat
1309 4285 1586 4344 acceptum
1632 4288 1736 4329 non
1784 4274 2066 4343 dissentit,
2116 4275 2211 4329 sed

646 4384 703 4430 et
727 4372 1033 4429 necessaria
1060 4369 1195 4424 visio
1220 4377 1323 4423 est.
1357 4366 1494 4434 Quia
1530 4367 1671 4421 enim
1692 4367 1761 4421 de
1790 4366 1965 4431 annis,
1991 4376 2045 4421 et
2076 4367 2217 4421 nati-

648 4467 840 4533 vitate,
870 4472 925 4519 et
957 4462 1223 4517 fructibus
1249 4470 1387 4522 erat,
1424 4459 1587 4528 spicae
1631 4468 1812 4511 autem
1855 4458 2049 4512 horum
2094 4466 2219 4512 sunt

2309 3261 2612 3318 isiauditum
2662 3260 2879 3316 edicere
2912 3260 3041 3330 quid
3085 3268 3142 3315 et
3186 3260 3467 3315 exhibere.
3525 3260 3666 3324 Quia
3710 3270 3886 3316 autem

2310 3354 2558 3411 veritatis
2580 3361 2663 3409 est
2696 3352 2873 3420 locus,
2932 3362 2987 3408 et
3035 3368 3140 3407 non
3192 3368 3291 3409 nos
3341 3354 3607 3409 seducere
3653 3362 3887 3423 Oportet,

2310 3464 2486 3521 neque
2540 3447 2781 3504 suasioni
2840 3457 3087 3519 captare,
3150 3448 3388 3502 sciamus
3432 3447 3560 3517 quia
3616 3447 3736 3502 haec
3774 3460 3889 3517 qua

2309 3540 2452 3597 dicta
2479 3549 2606 3596 sunt
2629 3538 2812 3595 omnia
2842 3554 2937 3610 per
2974 3538 3243 3594 insomnia
3268 3539 3384 3593 visa
3420 3547 3547 3593 sunt
3572 3554 3586 3590 :
3623 3538 3888 3608 siquidem

2272 3662 2273 3665 η
2309 3643 2363 3688 et
2402 3631 2903 3688 Nabuchodonosor
2946 3630 3215 3685 somnium
3258 3630 3412 3698 vidit,
3456 3640 3513 3684 et
3542 3630 3731 3686 Daniel
3768 3630 3888 3685 illud

2310 3726 2454 3795 quod
2500 3724 2734 3779 diximus
2771 3736 2870 3791 per
2922 3723 3195 3777 somnium
3246 3722 3402 3785 vidit,
3448 3732 3504 3776 et
3551 3720 3893 3789 Pharao,.et

2320 3817 2521 3887 Josepb
2547 3831 2644 3886 per
2668 3814 2941 3871 insomnia
2966 3816 3275 3871 habuerunt
3304 3815 3438 3870 istas
3467 3815 3732 3871 visiones.
3754 3814 3891 3871 Nihil

2310 3924 2441 3981 ergo
2477 3908 2674 3963 mirum
2729 3907 2775 3962 si
2826 3918 2880 3961 et
2928 3908 3089 3963 nobis
3136 3922 3233 3979 per
3276 3908 3547 3963 insomnia
3598 3917 3891 3979 appareant

2312 4004 2435 4072 quae
2469 4001 2744 4055 videntur.
2794 3999 2913 4055 Alia
2944 4002 3090 4055 enim
3132 4000 3198 4056 de
3225 3999 3347 4057 aliis
3388 3999 3711 4070 frequenter
3754 4003 3891 4057 vide-

2313 4109 2455 4160 mus,
2486 4102 2576 4146 aut
2623 4100 2995 4161 tempestatem
3024 4091 3213 4157 maris,
3244 4100 3337 4145 aut
3364 4093 3731 4163 nosmetipsos
3763 4093 3890 4148 trahi

2316 4202 2345 4241 a
2379 4184 2577 4251 ﬂuviis,
2604 4192 2898 4254 autprata,
2935 4193 3030 4239 aut
3060 4184 3303 4249 fructus;
3347 4193 3440 4239 aut
3480 4186 3608 4254 quia
3639 4187 3711 4242 de
3748 4186 3894 4242 tectis

2316 4278 2627 4347 dejicimur,
2655 4286 2751 4331 aut
2777 4275 2903 4346 quia
2934 4276 3218 4332 thesauros
3251 4273 3585 4341 invenimus,
3638 4289 3736 4332 aut
3774 4278 3888 4349 quia

2317 4368 2598 4424 amisimus
2614 4368 2839 4439 aliquid,
2862 4376 2955 4422 aut
2976 4369 3111 4445 quia
3136 4368 3523 4438 subingressus
3548 4378 3635 4425 est
3656 4372 3891 4440 quidam,

2319 4468 2413 4513 aut
2443 4460 2570 4529 quia
2614 4459 2754 4516 alius
2787 4460 2973 4525 exivit,
3012 4468 3107 4515 aut
3148 4459 3276 4529 quia
3325 4460 3541 4515 locutus
3589 4471 3675 4516 est
3721 4464 3896 4517 nescio

650 4555 969 4627 genitrices;
1017 4566 1113 4622 per
1154 4550 1330 4619 spicas
1369 4549 1585 4617 quidem
1637 4547 1760 4600 anni
1804 4548 2211 4603 annuntiantur.
2248 4564 2294 4620 ι)
2322 4552 2465 4622 quis,
2502 4560 2593 4606 aut
2638 4552 2763 4622 quia
2795 4551 2944 4607 dedit
2990 4551 3210 4621 aliquis.
3264 4549 3434 4605 Erant
3482 4560 3669 4607 autem
3715 4568 3893 4608 omnes

650 4649 782 4715 Quia
818 4656 1115 4713 autemper
1144 4656 1306 4712 Opera
1333 4642 1493 4695 boum
1519 4650 1816 4693 nascuntur
1842 4639 2024 4709 spicae,
2050 4638 2216 4694 boves

650 4754 881 4813 quorum
903 4736 1146 4808 Operatio
1168 4734 1354 4805 fruges
1382 4741 1528 4800 sunt,
1564 4740 1619 4786 et
1647 4733 1810 4801 spica:
1837 4732 1996 4787 boum
2022 4733 2216 4788 nativi-

653 4846 827 4900 tates;
886 4839 1102 4899 accepta
1159 4827 1374 4897 quidem
1424 4834 1549 4880 sunt
1595 4826 1778 4892 varie,
1830 4827 2219 4881 annuntiarunt

652 4936 832 4981 autem
871 4922 1084 4978 eliectu.
1132 4918 1299 4974 Putas
1333 4933 1461 4987 ergo
1515 4917 1722 4972 fructus
1769 4917 1924 4973 bovis
1974 4924 2089 4985 est,
2127 4928 2221 4973 aut

655 5017 815 5087 spicea
864 5013 1070 5068 annus?
1106 5009 1208 5065 Sed
1244 5012 1343 5064 alia
1389 5010 1603 5079 quidem
1642 5018 1765 5062 sunt
1798 5024 1916 5079 qua:
1949 5009 2220 5075 videntur,

660 5107 764 5161 alia
800 5113 980 5160 autem
1011 5118 1128 5172 qua:
1156 5100 1569 5155 annuutiantur.
1597 5095 1797 5163 Josep'n
1830 5106 2011 5150 autem
2049 5097 2223 5150 mani-

657 5196 813 5265 pulos
855 5194 981 5249 vidit
1020 5212 1033 5247 :
1071 5208 1248 5246 nonne
1302 5191 1560 5245 deberent
1602 5198 1658 5241 et
1716 5188 1837 5242 istic
1877 5188 2005 5241 anni
2066 5188 2225 5242 esse?

662 5288 767 5341 Sed
800 5287 874 5341 ait
908 5304 921 5339 :
953 5284 1239 5339 Somniutit
1278 5292 1450 5333 autem
1480 5278 1735 5332 somnium
1761 5276 1974 5347 Ioseph,
2002 5288 2047 5331 et
2082 5287 2225 5331 retu-

663 5378 723 5429 lit
749 5378 998 5449 {ratribns
1037 5376 1167 5439 suis,
1212 5384 1259 5426 et
1286 5372 1418 5424 dixit
1446 5371 1519 5423 eis
1568 5370 1793 5423 :Audite
1824 5372 2085 5423 somnium
2128 5370 2225 5423 hoc

665 5469 799 5535 quod
832 5465 1107 5521 somniavi.
1151 5460 1415 5515 Putabam
1451 5476 1543 5513 nos
1580 5459 1797 5527 alligare
1835 5459 2127 5527 manipulos
2172 5460 2225 5511 in

737 5584 781 5615 ⁸⁸
805 5584 937 5638 Gen.
970 5597 1177 5640 xxxvii,
1207 5580 1257 5631 5.
1334 5579 1378 5610 ⁸⁸
1410 5578 1507 5631 lsa.
1539 5593 1686 5640 xxix,
1722 5578 1773 5630 8.

739 5703 849 5773 (79)
880 5702 1007 5756 Cum
1045 5701 1362 5773 paenitentia.
1388 5698 1663 5773 interpres
1694 5697 1905 5773 videtur
1941 5698 2226 5767 μετάνοιαν

670 5768 1022 5839 paenitentiam
1046 5770 1234 5838 legisse
1262 5784 1354 5839 pro
1383 5768 1620 5822 διάνοιαν
1648 5769 2029 5839 cogitationem.

746 5841 855 5912 (80)
889 5836 1273 5895 Paenitentiam.
1311 5838 1404 5895 ilic
1436 5852 1647 5909 quoque
1682 5836 1913 5893 διάνοιαν
1958 5839 2228 5908 cogitatio-

2322 4643 2440 4698 istze
2474 4643 2816 4707 ambitiones,
2866 4643 3013 4699 sicut
3044 4642 3177 4698 dicit
3223 4640 3390 4697 Isaias
3422 4657 3437 4695 :
3468 4640 3624 4698 Sicut
3653 4645 3749 4714 qui
3778 4644 3893 4699 vidit

2324 4738 2654 4804 semetipsum
2695 4736 3102 4789 manducantem
3125 4752 3217 4804 per
3238 4751 3476 4790 somnum
3498 4746 3589 4789 aut
3622 4735 3890 4801 bibentem,

2325 4827 2577 4896 euigilans
2610 4837 2784 4881 autem
2828 4827 3002 4881 adhuc
3045 4826 3209 4880 esurit
3235 4836 3326 4880 aut
3358 4827 3469 4880 sitit
3502 4827 3570 4880 ”.
3612 4826 3753 4883 Cum
3790 4843 3895 4883 ma-

2330 4918 2476 4971 xime
2509 4918 2607 4972 visi
2640 4933 2827 4974 sumus
2854 4917 3158 4973 exsolvisse
3185 4926 3239 4973 et
3270 4918 3371 4974 ista
3392 4959 3407 4983 ,
3439 4928 3494 4973 et
3533 4920 3895 4992 unusquisque

2332 5010 2665 5064 audientium
2687 5012 2800 5081 jam
2838 5026 2990 5068 suam
3024 5011 3293 5068 refecerat
3334 5021 3612 5080 mentem,
3652 5022 3892 5085 tanquam

2335 5101 2606 5157 solutione
2636 5101 2857 5157 inventa
2886 5102 3321 5159 etsollicitudine
3348 5102 3556 5169 soluta;
3582 5103 3768 5161 subito
3792 5119 3894 5175 qua

2335 5202 2531 5263 putata)
2558 5203 2687 5249 sunt
2710 5196 2945 5251 visiones
2978 5198 3207 5251 somniis
3236 5194 3509 5261 revelata,
3534 5196 3738 5252 iterum
3759 5196 3893 5253 nobis

2333 5287 2777 5342 constrinxerunt
2846 5287 3061 5343 vincula
3117 5270 3527 5359 quaestionum,
3600 5298 3659 5344 et
3707 5299 3893 5360 tempus

2334 5377 2688 5444 apprehendit
2714 5379 3124 5459 taciturnitatis.
3176 5378 3339 5434 Forte
3381 5393 3489 5434 non
3537 5380 3891 5452 importunum

2339 5476 2549 5536 tempus
2586 5484 2758 5539 neque
2790 5470 2979 5525 inutile
3008 5479 3113 5525 est.
3156 5469 3213 5525 Si
3244 5469 3389 5525 enim
3434 5483 3491 5527 et
3517 5472 3745 5543 quidam
3776 5486 3893 5543 pre.

2336 5718 2451 5825 Fam
2489 5702 2856 5829 potuistquam
2901 5703 3192 5774 μετάνοιαν
3225 5702 3585 5774 penitentiam
3633 5702 3892 5775 legendum

2360 5788 2500 5829 uisse
2537 5789 2585 5828 vi
2627 5788 2657 5829 e
2683 5788 2764 5829 ur.

2360 5788 2500 5829 υιδεε
2537 5788 2764 5830 νιαοιυτ.
