4072 6400
190 383 334 440 Ηϋθ

1573 383 1642 441 IN
1684 383 1946 443 IATTH.
1980 384 2051 453 Χ,
2086 384 2174 444 3-1.

3378 376 3514 433 ητο

185 502 435 558 sontium
462 517 580 570 est,
616 507 712 578 qui
755 508 948 564 horum
980 507 1264 563 scientiam
1297 519 1396 576 per
1419 513 1636 562 noctem
1674 505 1820 561 acci-
1846 514 1894 571 Α
1923 509 2038 565 sive
2078 508 2224 564 enim
2255 509 2380 580 quis
2425 509 2649 578 cogitat,
2683 506 2799 560 sive
2822 503 2947 573 quis
2981 502 3220 556 intentus
3253 507 3358 564 est,
3396 498 3516 555 sive

186 609 321 664 pere
358 596 603 668 incipiet
634 610 876 658 tractans
904 612 960 658 et
1005 599 1382 672 repercutiens
1427 599 1695 655 insomnia
1715 638 1730 663 ,
1760 607 1816 653 et

185 701 258 742 ne
305 689 546 759 quidem
595 692 707 764 ipsi
757 707 954 750 somno
992 692 1321 758 concedens,
1371 689 1514 746 forte
1564 698 1816 746 scrutans

185 795 286 853 per
313 793 546 840 noctem
577 801 709 842 cum
737 788 870 854 otio,
902 795 958 842 et
985 800 1015 840 a
1047 783 1252 839 lumine
1281 793 1550 840 nocturno
1573 782 1816 848 fulgores

185 873 506 944 accipiens,
559 887 776 949 qua-ret
819 877 1162 932 vinculorum
1210 875 1405 931 borum
1467 874 1810 931 solutiones:

184 975 245 1022 et
274 967 326 1024 si
372 968 611 1038 quidem
649 970 919 1028 invenerit
951 970 1195 1026 lucratus
1231 977 1352 1035 est,
1401 976 1458 1024 et
1496 982 1712 1023 sursum
1759 974 1816 1023 et

184 1058 460 1116 deorsum
498 1074 856 1130 convertens,
892 1072 951 1120 et
986 1076 1237 1132 quaerens
1276 1069 1333 1116 et
1384 1059 1657 1126 volutans,
1689 1075 1815 1133 per-

179 1150 339 1209 sistit
386 1154 447 1210 in
493 1155 743 1222 incerto,
792 1154 1081 1211 sollicitior
1125 1153 1274 1210 venit
1318 1153 1386 1209 ad
1442 1153 1812 1209 inventionem

184 1243 526 1303 solutionis.
590 1247 720 1304 Scio
767 1255 950 1302 autem
990 1245 1116 1318 quia
1172 1243 1550 1315 unusquisque
1591 1243 1684 1313 qui
1726 1241 1814 1298 hic

183 1337 435 1406 assistit,
473 1339 680 1395 exiens
710 1338 778 1394 de
809 1339 896 1394 his
921 1337 1140 1408 quidem
1167 1337 1276 1393 erit
1306 1335 1596 1401 sollicitus,
1621 1349 1809 1390 curam

181 1431 406 1486 ventris
455 1446 573 1488 non
603 1431 808 1488 iaciens
845 1445 862 1485 :
899 1431 1039 1487 forte
1083 1439 1267 1487 autem
1309 1428 1534 1499 quidam
1576 1437 1633 1483 et
1670 1426 1812 1483 indi-

181 1534 487 1594 gnantur,
547 1526 676 1594 quia
734 1525 1120 1597 protendimns
1177 1537 1533 1588 sermonem;
1590 1521 1808 1593 plurimi

179 1615 336 1672 enim
371 1618 804 1676 obdormientes
847 1631 903 1676 et
945 1621 998 1676 in
1053 1619 1196 1676 facie
1235 1617 1425 1674 volunt
1467 1631 1536 1673 ex
1580 1615 1808 1671 aliorum

183 1705 485 1766 laboribus
512 1719 573 1766 et
599 1711 890 1768 sudoribus
913 1712 1031 1768 sine
1062 1711 1251 1767 labore
1275 1719 1466 1782 parata
1492 1708 1806 1778 suscipere;

183 1799 232 1857 si
258 1810 458 1858 autem
488 1809 549 1859 et
573 1805 936 1875 susceperint,
965 1803 1058 1874 qui
1103 1811 1288 1859 autem
1321 1801 1663 1858 sdinveniant
1699 1815 1808 1857 non

1919 605 2042 671 quis
2074 603 2420 659 commodum
2455 599 2687 668 accepit,
2717 596 2835 654 sive
2865 593 2990 666 quis
3013 591 3286 649 convertit
3311 605 3514 662 oppro-

1919 693 2119 759 brium,
2151 692 2386 764 gaudeo.
2426 689 2485 746 Si
2530 698 2712 745 autem
2741 686 3020 758 negligant
3049 683 3143 754 qui
3174 682 3423 751 audiunt,
3455 688 3515 739 et

1917 785 2269 845 dissimulant
2298 785 2392 857 qui
2425 784 2714 848 docentur,
2745 795 2919 852 quam
2946 778 3213 833 rationem
3237 775 3392 832 dabit
3418 774 3510 846 qui

1915 879 2244 937 constitutus
2277 885 2364 934 est
2400 878 2683 947 magister,
2728 881 2786 929 et
2832 885 2939 927 non
2968 868 3322 941 quastiosum
3355 866 3510 932 dicit,

1915 971 2011 1028 sed
2037 985 2161 1042 qua
2199 968 2442 1039 impertit
2467 965 2618 1040 gregi
2654 963 2906 1020 Domini?
2928 961 3266 1034 lmprecatur
3289 957 3512 1031 quidem

1916 1062 1986 1119 sb
2010 1078 2077 1120 eo
2098 1076 2293 1119 omnes
2316 1060 2581 1118 sollicitos
2606 1072 2754 1122 esse,
2790 1065 2846 1111 et
2869 1053 3126 1120 scrutari,
3153 1061 3209 1109 et
3238 1062 3510 1123 quaerere,

1914 1165 1972 1214 et
2001 1165 2209 1222 tenere,
2254 1161 2312 1211 et
2352 1153 2584 1216 discere.
2632 1159 2688 1207 et
2720 1147 3078 1205 fructiﬁcare.
3107 1145 3168 1201 Si
3218 1152 3404 1198 autem
3455 1145 3516 1198 et

1915 1249 2134 1320 quidam
2175 1246 2480 1320 negligant.
2507 1242 2709 1316 quibus
2734 1254 2836 1295 nec
2872 1235 3170 1295 convenire
3198 1230 3514 1292 sollicitudo

1914 1350 2022 1408 est,
2057 1340 2193 1397 nihil
2235 1341 2339 1395 hoc
2373 1338 2440 1393 ad
2473 1351 2561 1393 me
2591 1353 2606 1388 :
2637 1345 2694 1390 et
2729 1343 2881 1389 certe
2908 1329 2976 1386 ad
3006 1344 3124 1396 me;
3164 1327 3337 1400 tangit
3363 1323 3513 1382 enim

1915 1449 2003 1490 me
2031 1441 2087 1489 et
2117 1432 2443 1498 contristat;
2478 1439 2662 1484 tamen
2697 1426 2815 1482 sive
2851 1424 3042 1496 paucis
3072 1421 3310 1478 edicitur
3331 1431 3516 1477 sermo

1911 1526 2032 1585 sive
2060 1525 2270 1592 multis,
2299 1523 2416 1580 sive
2441 1519 2779 1594 negligentes
2819 1525 2948 1573 sunt
2985 1516 3102 1572 sive
3123 1513 3369 1578 solliciti,
3404 1524 3513 1566 non

1913 1618 2085 1676 debeo
2111 1626 2333 1688 propter
2361 1612 2748 1686 negligentiam
2793 1621 2848 1666 et
2887 1611 3006 1676 ipse
3042 1607 3323 1678 negligens
3359 1604 3514 1660 inve-

1914 1711 2040 1768 niri.
2090 1709 2257 1766 Forte
2311 1717 2495 1763 autem
2547 1704 2768 1776 quidam
2806 1711 2861 1759 et
2914 1700 3246 1759 contendent
3309 1708 3510 1766 expro-

1914 1805 2052 1862 brati
2099 1824 2112 1860 :
2156 1811 2213 1858 et
2271 1801 2320 1858 si
2370 1813 2481 1854 non
2533 1804 2761 1867 propter
2825 1807 3069 1850 amorem
3137 1788 3400 1846 doctrinae
3455 1792 3514 1840 et

183 1890 486 1950 laborant.
538 1894 597 1951 Si
619 1906 820 1951 autem
854 1905 909 1952 et
953 1895 1314 1966 suscipientes
1362 1894 1658 1950 servabunt
1710 1892 1806 1964 qui
1837 1888 1882 1950 Β
1909 1893 2384 1961 studium,saltem
2403 1897 2628 1960 propter
2654 1886 2906 1942 ruborem
2925 1893 2980 1942 et
2999 1879 3375 1954 opprobrium,
3395 1884 3510 1935 etc.

184 1997 299 2039 non
350 1985 721 2054 sodaverunt,
772 1987 908 2043 nihil
960 1999 1140 2043 autem
1187 1987 1381 2042 horum
1429 1984 1798 2056 requirentes;

188 2103 3502 2160 ...Μ-*Μ

1188 2304 1760 2423 ΕΠΞΕΒΠ
1844 2304 2012 2419 PA
2033 2301 2542 2417 MPHlLI

958 2548 1106 2639 DE
1180 2547 1341 2642 ΕΟ
1415 2545 1753 2655 QUOD
1830 2548 2038 2638 AIT
2112 2543 2763 2640 DOMINUS:

1204 2698 1351 2761 Non
1390 2699 1536 2761 veni
1567 2715 1791 2779 pacem
1831 2697 2086 2760 mittere
2127 2697 2198 2756 in
2240 2707 2497 2775 terrent.

1534 2823 1772 2885 LIBER
1814 2822 2148 2886 SEXTUS.
2377 2787 2385 2831 ί

257 3126 330 3184 Et
359 3141 596 3199 sponsos
621 3128 710 3198 qui
743 3144 884 3185 nunc
922 3127 1016 3184 ﬁlii
1044 3127 1338 3198 habentur,
1365 3139 1655 3200 parentum
1692 3130 1792 3186 de-
1822 3139 1870 3202 ε
1902 3129 2136 3202 ﬁguram
2187 3129 2389 3186 debent
2444 3129 2768 3185 assumere?
2795 3129 3060 3184 Sustinet
3107 3141 3242 3184 sane
3272 3142 3506 3199 sponsus

183 3218 456 3276 sideriurn
504 3219 688 3286 trahit,
748 3230 803 3277 et
853 3231 1149 3292 properant
1186 3222 1251 3277 ad
1283 3223 1558 3294 genitores
1585 3238 1797 3278 annun-

187 3312 332 3368 tlare
355 3327 571 3383 sponsa:
599 3313 936 3370 honestatem
965 3323 1021 3368 et
1047 3315 1336 3386 colloquia.
1383 3316 1586 3386 quique
1612 3325 1669 3372 et
1695 3332 1797 3386 pa-

188 3403 446 3460 rentibus
475 3403 794 3459 manifestus
817 3415 901 3459 est
923 3421 1041 3460 mos
1075 3405 1222 3473 ejus,
1250 3418 1304 3460 et
1335 3407 1574 3474 habitus,
1593 3419 1650 3464 et
1675 3407 1800 3466 ειπε-

190 3501 334 3552 ctus.
370 3494 658 3551 Festinant
709 3506 889 3549 autem
938 3495 1132 3550 iterum
1172 3504 1226 3550 et
1261 3496 1327 3550 ad
1380 3513 1656 3566 sponsam,
1687 3514 1800 3554 me~

191 3600 383 3643 mores
434 3586 579 3641 illius
619 3588 686 3642 ab
728 3588 884 3642 initio
915 3590 1180 3652 mandati,
1225 3591 1318 3658 qui
1353 3590 1430 3644 ait
1464 3607 1476 3642 :
1520 3589 1798 3662 Relinquet

191 3680 354 3735 homo
395 3690 600 3746 patrem
634 3690 682 3735 et
729 3691 970 3746 matrem,
1012 3691 1062 3734 et
1097 3683 1449 3753 conjungetur
1482 3685 1718 3749 mulieri,
1750 3695 1799 3740 et

191 3784 350 3829 erunt
377 3773 533 3827 ambo
569 3775 623 3828 in
654 3791 813 3828 carne
844 3791 953 3830 una
992 3777 1062 3831 η.
1085 3775 1365 3832 Laetamur
1399 3787 1584 3833 autem
1607 3787 1664 3833 et
1701 3792 1800 3848 pa-

193 3871 386 3920 rentes
435 3864 683 3919 videntes
745 3864 887 3922 ﬁlios
923 3875 1128 3935 patres.
1185 3865 1252 3922 Et
1293 3869 1497 3924 scimus
1537 3883 1798 3938 sponsum

192 3967 388 4011 verum
427 3955 682 4012 Ecclesiae
698 3956 1009 4013 Dominum.
1044 3959 1150 4014 Sed
1183 3961 1309 4029 quia
1340 3960 1520 4021 lumen
1554 3960 1683 4018 illud
1709 3979 1801 4018 ve—

195 4063 318 4102 rum
358 4048 650 4103 luminaria
683 4049 836 4115 facit,
885 4060 940 4105 et
991 4055 1249 4122 magister
1276 4052 1394 4124 ipse
1421 4054 1568 4124 solus
1603 4055 1656 4111 in
1690 4056 1796 4112 Ec-

191 4139 363 4196 clesia
399 4141 580 4210 posuit
608 4151 664 4197 et
697 4143 1007 4213 magistros.
1040 4154 1092 4199 et
1120 4154 1309 4214 pastor
1349 4146 1463 4216 ipse
1495 4147 1671 4205 bonus
1695 4165 1796 4219 pa-

193 4238 376 4288 stores
402 4232 709 4295 constituit,
739 4248 972 4306 sponsus
1018 4237 1236 4304 quidem
1275 4237 1388 4306 ipse
1421 4252 1581 4292 verus
1597 4247 1703 4304 est,
1739 4247 1797 4294 ut

192 4331 282 4380 est
313 4338 568 4393 sponsus.
592 4322 726 4391 Quia
758 4335 937 4380 autem
975 4327 1306 4397 mysterialis
1344 4339 1448 4394 est,
1501 4332 1794 4402 mysteria-

1898 3229 2109 3294 quanta
2140 3223 2208 3278 ad
2231 3222 2632 3280 correctionem
2662 3231 2791 3277 sunt
2825 3221 3133 3278 necessaria
3165 3230 3222 3279 et
3245 3231 3502 3278 ornatum

1899 3330 2137 3385 sponsa,
2193 3315 2400 3386 patitur
2440 3323 2496 3372 et
2541 3315 2757 3371 labores
2804 3323 2860 3370 et
2889 3313 3102 3385 vigilias
3144 3322 3201 3369 et
3236 3312 3505 3368 adiuven-

1901 3409 2082 3466 tioues
2107 3425 2123 3463 :
2148 3409 2504 3479 vigilatenim
2535 3419 2595 3464 ut
2635 3407 2914 3464 reﬁcietur
2947 3421 3168 3477 sponsa,
3208 3414 3264 3462 et
3292 3404 3508 3461 laborat
3544 3453 3549 3460 .

1902 3510 1962 3555 ut
1999 3503 2321 3568 adornetur,
2346 3511 2402 3557 et
2429 3501 2637 3556 invenit
2676 3511 2733 3555 ut
2757 3507 3034 3570 pascatur.
3067 3496 3240 3554 Natus
3267 3496 3414 3552 enim
3438 3493 3507 3551 il-

1901 3594 2007 3651 lius
2066 3594 2298 3653 efﬁcitur
2341 3611 2554 3667 sponsae
2594 3606 2837 3651 ornatus.
2873 3593 3011 3662 Quid
3062 3603 3241 3647 autem
3273 3593 3395 3647 dico
3438 3589 3507 3648 de

1903 3687 2042 3743 Filio
2081 3687 2174 3758 qui
2204 3689 2271 3743 de
2304 3690 2444 3745 caelo
2474 3687 2777 3753 descendit,
2808 3697 2865 3741 ut
2898 3685 3168 3755 captivam
3200 3684 3302 3740 sibi
3352 3682 3506 3740 acci-

1902 3789 2056 3851 peret
2075 3795 2355 3850 sponsam,
2383 3780 2528 3834 illam
2552 3795 2672 3851 qua:
2696 3789 2822 3834 ante
2842 3787 2959 3832 erat
2985 3777 3223 3841 sordida,
3249 3791 3371 3847 quae
3386 3774 3509 3833 foe-

1901 3881 1984 3927 rat
2015 3870 2302 3936 iornieata,
2329 3886 2450 3941 qua:
2485 3886 2674 3927 comas
2725 3872 2959 3926 habebat
2989 3873 3251 3941 impuras,
3297 3883 3419 3940 qua
3449 3877 3508 3927 et

1901 3965 1969 4019 ab
2005 3964 2149 4019 intus
2180 3974 2236 4020 et
2269 3979 2298 4018 a
2336 3963 2469 4021 foris
2518 3980 2624 4021 non
2662 3974 2781 4020 erat
2820 3965 2982 4030 bona,
3022 3965 3074 4020 in
3111 3978 3274 4034 quam
3316 3961 3506 4018 illuse-

1901 4069 2029 4113 runt
2085 4058 2380 4125 damones,
2428 4075 2550 4129 qua:
2578 4058 2887 4116 ftedabatur
2920 4059 2972 4113 in
3019 4055 3318 4120 montibus,
3383 4069 3506 4125 qua

1902 4152 2043 4207 nuda
2071 4154 2345 4220 currebat,
2378 4169 2499 4223 qua:
2527 4154 2788 4209 lectiones
2817 4151 3208 4207 daemoniorum
3241 4148 3505 4215 habebat,

1900 4258 2021 4314 quae
2046 4245 2220 4313 turpia
2242 4246 2523 4313 cantabat,
2567 4244 3005 4317 turpialudebat,
3027 4244 3205 4314 turpia
3245 4242 3509 4315 loqueba-

1902 4341 1990 4387 tur
2022 4349 2035 4386 :
2069 4349 2190 4405 quae
2215 4349 2284 4390 ne
2318 4335 2537 4406 quidem
2580 4335 2634 4389 in
2674 4337 2868 4390 itinere
2893 4335 3201 4392 hominibus
3232 4334 3504 4391 concede-

193 4411 325 4471 iitas
356 4414 458 4470 ista
485 4430 592 4469 non
641 4416 944 4472 maculatur
983 4433 1201 4488 sponsa,
1232 4418 1276 4474 si
1305 4429 1358 4475 et
1397 4435 1586 4478 servos
1615 4423 1669 4477 in
1696 4422 1796 4479 ho-
1826 4495 1857 4500 Α
1897 4424 2012 4491 bat,
2053 4441 2174 4496 qua:
2206 4428 2458 4496 portabat
2486 4429 2710 4500 lapides,
2739 4439 2792 4484 et
2823 4427 3197 4484 fornicabatur
3229 4429 3298 4482 ad
3334 4427 3502 4498 ligna,

195 4525 331 4567 nore
364 4511 630 4581 suscipiat
656 4513 860 4580 sponsi.
903 4512 1122 4567 Dicebat
1165 4514 1308 4568 enim
1341 4529 1574 4583 sponsus
1608 4512 1792 4570 Domi-
1826 4495 1874 4554 θ
1901 4533 2023 4587 qua:
2069 4518 2332 4592 fumigata
2374 4532 2513 4586 erat,
2540 4495 2680 4592 iqum
2737 4522 3018 4578 redolebat
3056 4522 3246 4577 nidore
3288 4495 3504 4589 Reddo,

195 4618 323 4668 nus,
368 4613 429 4657 ut
463 4604 735 4662 audistis:
779 4605 885 4673 Qui
927 4623 1014 4661 ros
1056 4607 1294 4674 suscipit,
1345 4625 1426 4662 me
1477 4609 1696 4680 suscipit
1726 4609 1795 4664 ".

195 4696 440 4767 Apparet
471 4707 652 4751 autem
707 4708 968 4768 quantum
1019 4699 1349 4767 sponsalitas
1378 4701 1494 4770 ipsa
1533 4701 1796 4766 emineat,

196 4788 268 4845 ab
293 4802 356 4842 ea
391 4804 513 4858 qua:
541 4788 594 4843 in
624 4791 822 4846 mundo
857 4801 940 4848 est
961 4792 1300 4862 periculosa;
1335 4809 1438 4850 non
1465 4794 1609 4850 enim
1635 4796 1796 4851 istinc

197 4879 398 4936 mulier
453 4879 675 4948 adjuvat
705 4883 904 4948 virum,
934 4886 1029 4939 sed
1069 4902 1302 4956 sponsus
1336 4901 1592 4956 sponsam
1631 4906 1646 4944 :
1689 4904 1794 4945 non

195 4988 394 5044 sponsa
429 4975 601 5028 servit
623 4975 760 5042 viro,
793 4977 886 5031 sed
921 4992 1155 5047 sponsus
1197 4981 1364 5033 servit
1391 4989 1444 5034 et
1476 4980 1642 5036 dicit:
1679 4981 1792 5052 Ego

199 5065 432 5120 libenter
462 5079 561 5134 pro
593 5067 789 5120 animis
809 5067 1002 5121 vestris
1023 5070 1307 5138 erogabor.
1329 5079 1385 5124 et
1412 5074 1792 5144 memetipsutn

206 5156 438 5213 tradam.
470 5157 538 5212 Et
558 5157 760 5213 borum
787 5158 912 5227 quis
940 5168 1022 5213 est
1063 5161 1292 5232 dignus?
1323 5163 1380 5218 Si
1407 5163 1553 5219 enim
1582 5164 1672 5222 ille
1697 5169 1788 5237 qui

203 5264 332 5308 vere
381 5261 468 5308 est
519 5252 753 5320 sponsus
785 5251 1047 5307 Dominus
1101 5264 1158 5308 et
1207 5254 1351 5311 Deus
1398 5255 1492 5311 Dei
1524 5272 1631 5312 non
1684 5259 1795 5314 nati

203 5342 517 5414 unigenitus
534 5341 726 5407 Filius,
753 5345 843 5412 qui
876 5343 931 5397 in
968 5341 1136 5414 ﬁgura
1174 5346 1267 5402 Dei
1287 5349 1640 5416 constitutus,
1667 5369 1793 5422 pro-

201 5445 323 5505 pter
347 5436 674 5491 charitatem
709 5451 939 5506 sponsae,
989 5437 1218 5494 formam
1261 5442 1404 5496 servi
1431 5444 1640 5514 accepit
1677 5462 1690 5498 :
1749 5444 1794 5500 si

202 5527 464 5584 Dominus
517 5526 570 5581 in
615 5530 780 5600 ﬁgura
804 5530 947 5584 servi
988 5542 1210 5601 propter
1241 5533 1590 5590 dilectionem
1623 5553 1794 5608 spon-

201 5631 313 5682 sa;
377 5616 472 5686 qui
525 5627 716 5671 natura
803 5619 948 5674 servi
1010 5630 1172 5687 sunt,
1236 5623 1364 5692 quid
1423 5635 1581 5695 putas
1631 5643 1792 5696 quam

268 5712 318 5748 ⁸⁸
351 5710 492 5770 Gen.
533 5726 594 5779 tt,
619 5711 708 5768 24.
784 5714 828 5746 ’ί
861 5713 1048 5769 Matth.
1081 5730 1137 5782 ι,
1177 5717 1268 5772 40.

271 5831 388 5907 (81)
411 5830 713 5902 Suscipiiis.
737 5833 918 5896 Forte,
939 5834 1230 5905 suscipiens

1901 4625 2022 4680 qua:
2044 4612 2173 4682 quid
2213 4628 2318 4668 non
2351 4615 2478 4669 mali
2519 4615 2794 4671 habebat?
2822 4615 2922 4671 Cui
2953 4615 3100 4672 enim
3131 4623 3187 4671 et
3213 4613 3321 4670 alio
3344 4611 3508 4672 dece-

1899 4704 1994 4760 bat
2038 4704 2198 4762 talem
2236 4707 2337 4762 sibi
2368 4708 2569 4779 eligere
2613 4723 2894 4779 sponsam,
2939 4723 3102 4780 quam
3137 4707 3212 4763 illi
3243 4708 3334 4779 qui
3383 4717 3507 4764 erat

1902 4795 2216 4854 misericors
2249 4800 2525 4868 sponsus?
2564 4799 2698 4854 nihil
2731 4801 2879 4856 enim
2910 4800 3148 4856 habebat
3174 4800 3504 4855 hortamenti

1900 4888 1970 4945 ad
2007 4889 2356 4948 dilectionem
2393 4909 2512 4961 (piae
2547 4902 2826 4961 assumpta
2863 4903 2969 4949 est.
3025 4893 3161 4961 Quia
3202 4907 3332 4962 ergo
3369 4891 3505 4946 nihil

1900 4991 2022 5034 erat
2055 4983 2124 5036 ab
2156 4983 2254 5037 ista
2292 4983 2788 5048 adhortamentum,
2839 4985 2961 5041 ideo
3011 4985 3152 5040 facta
3193 4993 3277 5039 est
3329 4983 3504 5054 gratia

1901 5070 2019 5140 ejus
2048 5075 2139 5145 qui
2171 5080 2386 5143 accepit
2425 5076 2584 5134 talem
2616 5096 2630 5131 :
2663 5093 2761 5147 pro
2801 5077 2928 5134 odio
2955 5077 3099 5132 enim
3135 5092 3243 5146 quo
3266 5084 3385 5132 erat
3425 5075 3503 5131 di-

1900 5180 2028 5236 gna,
2067 5165 2253 5222 dilexit
2281 5183 2435 5232 eam;
2469 5185 2566 5239 pro
2608 5183 2769 5238 poena
2805 5169 3113 5234 honoravit,
3155 5184 3254 5240 pro
3282 5170 3503 5224 mortali

1903 5267 2149 5316 mortuus
2172 5269 2278 5325 est,
2312 5276 2409 5331 pro
2441 5261 2801 5317 condemnata
2843 5261 3238 5318 condemnatus
3263 5267 3367 5324 est,
3404 5273 3508 5328 pro

1902 5350 2158 5422 injuriosa
2181 5353 2298 5425 ipse
2331 5370 2524 5425 passus
2558 5355 2813 5424 injuriatn
2840 5364 2897 5412 et
2931 5356 3207 5425 accipiens
3238 5354 3508 5422 sputami-

1901 5458 1971 5498 na
2002 5446 2055 5501 in
2088 5457 2334 5502 sanctam
2362 5448 2579 5516 laciem,
2628 5460 2687 5505 ct
2717 5458 2845 5504 ante
2877 5449 3185 5519 sputamina
3211 5461 3330 5503 eam
3372 5459 3506 5504 sus-

1899 5534 2235 5608 cipitis(81).
2261 5539 2369 5597 Ista
2394 5541 2540 5596 enim
2566 5556 2789 5611 sponsa,
2822 5542 3018 5598 ancilla
3047 5557 3116 5597 ex
3137 5539 3314 5601 servis
3356 5549 3504 5605 erat.

1900 5645 1928 5681 a
1955 5642 2108 5700 patre
2148 5650 2256 5691 non
2305 5634 2468 5704 bono,
2505 5646 2560 5692 et
2594 5641 2769 5693 matre
2800 5650 2922 5709 qua:
2965 5645 3266 5704 erraverat,
3310 5643 3508 5693 contu-
