4072 6396
630 376 760 432 1171

1292 377 1562 435 EUSEBII
1599 379 2082 439 CESARIENSIS
2120 334 2269 438 Oi’f’.
2313 380 2492 437 PARS
2534 381 2618 435 ιγ.
2659 408 2728 424 -ν-
2766 374 3183 449 DOGMATICA.

3751 368 3881 421 H72

626 507 748 545 max
788 510 816 545 a
867 493 1296 557 contumacibus,
1353 496 1405 552 in
1460 494 1626 551 multo
1676 504 1914 566 tempore
1962 497 2183 566 capillos
2212 502 2259 559 Α
2288 498 2341 553 in
2406 508 2544 552 terra
2577 512 2605 550 a
2636 493 2971 549 mortalibus.
3002 489 3139 557 Quia
3163 501 3291 557 ergo
3318 500 3425 540 non
3452 494 3537 539 est
3560 482 3753 537 idonea
3787 502 3879 539 no-

630 581 834 635 habens
856 582 1095 650 captivos
1145 589 1197 636 et
1240 598 1466 651 ungues,
1496 595 1550 638 et
1585 586 1635 638 in
1673 588 1919 640 omnibus
1951 587 2185 641 sordida.

627 670 692 723 Et
720 671 858 739 quod
893 680 978 725 est
1021 672 1271 727 maximae
1299 676 1688 738 admirationis,
1716 675 1801 731 ille
1823 689 1941 730 erat
1975 688 2192 732 sanctus

626 761 679 815 'rn
712 760 914 815 sanctis
931 762 1199 825 habitans,
1225 764 1418 819 sedens
1444 766 1508 819 ad
1527 767 1798 821 dexteram
1820 765 2014 830 Patris,
2038 782 2193 820 mun-

624 854 723 905 dus
761 867 789 904 a
814 854 1013 907 mundo
1048 854 1363 921 procedens,
1396 856 1572 911 lumen
1610 873 1819 922 verum,
1848 858 2189 928 soljnstitite;

623 943 711 998 ille
742 944 832 1011 qui
864 944 930 999 ab
960 945 1163 1013 angelis
1194 947 1533 1011 adorabatur,
1565 962 1753 1016 passus
1783 959 1863 1003 est
1895 960 1951 1002 ut
1980 950 2046 1003 ab
2088 949 2190 1003 ho-

626 1034 859 1088 minibus
914 1035 1243 1090 illuderetur.
1300 1037 1362 1091 Et
1394 1051 1491 1107 ego
1545 1040 1753 1108 quidem
1797 1041 1962 1093 miror
2011 1054 2109 1094 nos
2139 1049 2194 1093 et

622 1142 900 1194 sponsam,
936 1128 1059 1195 quia
1090 1144 1193 1183 non
1225 1131 1529 1199 stnpuimus
1556 1131 1697 1185 illius
1724 1132 1813 1201 qui
1842 1132 2193 1201 advenitgraL

626 1218 776 1281 tiam,
808 1227 861 1271 et
890 1217 1031 1273 illius
1063 1219 1153 1289 qui
1182 1220 1327 1274 misit
1355 1221 1574 1287 donum,
1615 1230 1668 1275 et
1696 1237 1801 1275 non
1836 1224 2040 1287 statim,
2085 1238 2191 1277 non

624 1307 829 1360 insania
872 1309 1123 1376 quadam,
1160 1310 1253 1365 sed
1285 1311 1534 1379 religiosa
1580 1321 1755 1366 mente
1782 1321 1835 1367 et
1868 1314 2074 1367 tervido
2098 1315 2191 1368 de-

622 1399 821 1453 siderio
844 1400 1079 1469 spoliati,
1099 1415 1293 1471 corpus
1319 1412 1372 1456 et
1398 1401 1654 1466 animam,
1691 1413 1749 1457 ut
1779 1403 1851 1457 ita
1888 1403 2084 1470 dicam,
2110 1420 2192 1460 re-

623 1489 911 1546 tribuimus
961 1492 1069 1547 Deo
1116 1508 1213 1563 pro
1254 1495 1503 1551 omnibus
1547 1511 1668 1566 quae
1718 1497 1875 1553 nobis
1920 1498 2188 1554 retribuit.

623 1578 763 1644 Quid
791 1591 970 1637 autem
999 1591 1053 1637 et
1095 1583 1143 1637 ei
1183 1600 1471 1653 possumus
1513 1587 1851 1642 retribuere?
1904 1586 2193 1643 Moriemur

624 1686 723 1739 pro
765 1674 897 1743 ipso,
930 1675 1022 1729 sed
1051 1676 1167 1746 ipse
1192 1678 1395 1744 primus
1422 1693 1521 1748 pro
1542 1681 1697 1735 nobis
1731 1690 1975 1736 mortuus
1998 1690 2096 1735 est.
2128 1680 2192 1734 Et

624 1779 725 1820 nos
773 1766 985 1834 quidem
1041 1768 1085 1821 si
1116 1769 1430 1835 moriamur,
1493 1770 1817 1825 naturaliter
1867 1770 2189 1839 suscipimus

2297 601 2409 645 stra
2462 600 2648 643 natura
2703 586 2882 641 verbis
2921 583 3123 639 assumi
3170 582 3235 635 ad
3282 588 3492 634 tantum
3534 574 3631 631 Dei
3683 575 3877 631 Filium

2294 683 2485 747 Deum,
2514 682 2603 750 qui
2635 691 2690 735 ut
2717 693 2821 733 non
2846 678 3017 733 solum
3038 674 3220 728 verbis
3242 672 3520 733 edoceret,
3553 666 3653 722 sed
3676 676 3728 722 et
3754 681 3878 735 ope-

2292 774 2443 827 ribus
2478 771 2816 833 informaret,
2848 771 2990 824 venit
3022 766 3278 825 visibilis,
3314 771 3449 817 utet
3472 763 3602 817 dum
3636 760 3875 819 videtur,

2294 864 2601 920 ostenderet
2628 861 2966 915 invisibilcm.
2984 860 3047 913 Et
3074 859 3204 910 mihi
3231 855 3450 924 quidem
3484 855 3602 922 ipse
3620 863 3694 907 stt
3716 851 3867 906 testis

2295 956 2579 1013 sermonis.
2622 955 2754 1009 Cum
2785 954 2928 1006 enim
2964 953 3166 1005 lavaret
3200 949 3461 1003 Dominus
3495 948 3665 1014 pedes
3695 957 3876 998 servo-

2296 1064 2435 1115 rum,
2467 1048 2723 1117 magister
2748 1045 3154 1114 discipnlornm,
3190 1050 3244 1096 et
3273 1050 3575 1095 excusante
3605 1039 3770 1091 Petro
3792 1036 3873 1090 di-

2293 1141 2448 1197 cebat
2494 1139 2732 1194 formans
2761 1153 2854 1193 eos
2884 1145 2938 1192 et
2972 1137 3157 1191 dicens
3191 1156 3203 1188 :
3240 1134 3367 1189 [hec
3411 1150 3501 1201 ego
3550 1132 3667 1185 ideo
3711 1130 3872 1197 facio,

2293 1238 2351 1283 ut
2380 1241 2426 1283 et
2460 1245 2544 1283 vos
2567 1228 2888 1282 edoceamini
2921 1228 3137 1280 inuicem
3175 1225 3353 1279 eadem
3400 1223 3578 1291 facere
3605 1221 3675 1274 ”.
3719 1219 3875 1274 Sicut

2295 1321 2457 1390 igitur
2488 1321 2538 1373 in
2569 1318 2659 1373 illo
2701 1329 2823 1372 actu
2872 1317 3074 1371 dictum
3124 1327 3209 1371 est
3250 1315 3391 1385 quod
3428 1312 3745 1366 mandatum
3766 1322 3872 1371 est,

2293 1414 2419 1481 quia
2448 1412 2571 1467 ideo
2603 1411 2735 1465 facit
2770 1419 2828 1464 ut
2850 1410 3165 1464 ostenderet
3197 1417 3397 1471 totum;
3446 1406 3518 1458 ita
3560 1405 3689 1457 andi
3748 1401 3873 1471 quia

2292 1504 2691 1563 venitformare
2720 1504 2785 1557 ad
2812 1502 3069 1557 deitatem
3108 1500 3373 1554 homines.
3402 1495 3748 1551 Miscrabiles
3772 1509 3873 1548 au-

2293 1603 2399 1647 tem
2431 1593 2669 1661 suntqui
2704 1607 2809 1645 non
2838 1589 3326 1660 inspiciunt;beati
3356 1602 3488 1642 vero
3512 1586 3654 1640 oculi
3682 1599 3872 1639 eorum

2296 1685 2387 1752 qui
2415 1684 2621 1739 vident.
2663 1684 2886 1739 Videtur
2909 1684 3055 1740 enim
3079 1692 3132 1737 et
3166 1697 3312 1738 nunc
3344 1682 3605 1737 Dominus
3641 1680 3723 1737 :si
3752 1679 3875 1748 quis

2291 1780 2435 1832 enim
2462 1765 2624 1833 habet
2649 1777 2836 1833 oculos
2864 1777 3012 1831 videt
3036 1796 3049 1832 :
3081 1791 3354 1846 nunquam
3400 1774 3547 1828 enim
3578 1772 3670 1826 ille
3699 1771 3873 1827 disce-

624 1866 880 1923 tnortem;
909 1857 995 1911 ille
1034 1868 1213 1913 autem
1239 1869 1427 1915 contra
1462 1872 1707 1916 naturam
1751 1862 1965 1931 patiens
1993 1860 2091 1915 fuit
2120 1862 2187 1914 ad
2220 1852 2264 1909 Β
2293 1873 2388 1935 (ιη,
2415 1870 2553 1925 sic“;
2576 1871 2688 1940 ipse
2717 1870 2846 1925 dicit
2876 1886 2889 1921 ε
2926 1867 3060 1923 Ecce
3101 1885 3194 1938 ego
3223 1868 3487 1921 uobiscum
3522 1880 3663 1929 sum,
3708 1877 3870 1933 usque

624 1954 875 2002 mortem.
912 1946 976 2001 Et
1015 1963 1113 2004 nos
1148 1949 1361 2018 quidem
1390 1950 1433 2005 si
1472 1950 1736 2005 fuerimus
1766 1950 1987 2014 mortui,
2012 1949 2189 2005 lucra-

622 2038 802 2093 himur
834 2041 1190 2109 nosmetipsos
1226 2058 1241 2095 :
1279 2040 1366 2095 ille
1384 2050 1569 2137 futem
1609 2050 1854 2098 mortuus
1878 2049 1963 2097 est
1985 2057 2089 2097 non
2122 2042 2189 2097 ad

624 2127 908 2183 utilitatem
940 2130 1233 2198 propriam,
1262 2130 1357 2185 sed
1384 2127 1445 2185 ut
1479 2145 1577 2186 nos
1624 2130 1945 2185 lucraretur.
1978 2130 2045 2186 Et
2093 2145 2191 2186 nos

623 2220 887 2275 morimur
910 2225 975 2275 ad
1006 2236 1154 2291 spem
1190 2220 1313 2275 vita:
1344 2239 1361 2277 :
1397 2222 1487 2277 ille
1520 2232 1698 2277 autem
1727 2223 1837 2278 vita
1875 2232 1958 2277 est
1982 2222 2188 2276 vivens.

623 2309 689 2365 Et
713 2326 811 2366 nos
831 2312 882 2366 in
909 2314 1167 2384 martyrio
1186 2313 1443 2384 patimur,
1477 2323 1663 2369 utnon
1690 2329 1811 2369 cum
1839 2315 2039 2370 mundo
2058 2329 2193 2369 con-

621 2403 959 2471 demnentur,
988 2403 1255 2475 fugientes
1290 2420 1387 2477 per
1424 2416 1653 2463 mortem
1689 2407 2013 2477 gehennam,
2044 2416 2098 2463 et
2138 2406 2192 2462 in

623 2494 933 2550 inmeditate
966 2496 1291 2566 accipientes
1320 2512 1483 2569 regna
1506 2498 1788 2553 calorum.
1822 2496 1930 2552 Nos
1957 2498 2025 2553 ad
2054 2512 2195 2552 mer-

623 2584 842 2649 cedem;
874 2585 960 2639 ilie
993 2596 1210 2654 propter
1239 2586 1581 2642 charitatem.
1616 2588 1674 2643 Si
1704 2592 1835 2665 quis
1856 2599 2035 2644 autem
2066 2604 2195 2645 con-

622 2675 745 2730 silio
772 2675 999 2730 assentit
1028 2690 1168 2743 meo,
1215 2678 1284 2731 sit
1317 2678 1529 2746 quidem
1561 2693 1767 2735 merces
1814 2680 1882 2735 ab
1916 2682 2053 2751 ipso,
2088 2697 2193 2736 non

623 2769 695 2822 sit
741 2776 918 2823 autem
980 2767 1133 2823 nobis
1187 2784 1375 2824 cursus
1423 2770 1489 2824 ad
1521 2774 1824 2825 mercedem
1858 2788 1871 2825 :
1911 2788 2016 2828 non
2049 2774 2192 2829 enim

623 2860 748 2929 quia
767 2861 1028 2929 promittit
1059 2860 1178 2916 ideo
1211 2860 1369 2917 debet
1395 2872 1450 2917 et
1471 2862 1640 2933 diligi,
1674 2864 1767 2917 sed
1799 2864 1923 2934 quia
1950 2866 2073 2921 talis
2094 2866 2192 2920 ba-

624 2950 805 3015 hetur,
829 2960 882 3004 et
918 2950 1039 3005 talis
1059 2960 1141 3005 est
1168 2949 1338 3007 Filius
1368 2967 1506 3008 :non
1528 2955 1726 3023 quippe
1753 2954 2012 3025 diligatur
2039 2959 2108 3013 ob
2128 2972 2193 3013 ea

623 3056 745 3109 qua:
770 3042 955 3105 donat,
988 3044 1080 3098 sed
1111 3052 1325 3113 propter
1378 3055 1628 3099 naturam
1653 3047 1735 3100 sui
1779 3055 1833 3100 et
1866 3055 1989 3101 ante
2018 3048 2193 3103 dona-

567 3173 570 3175 λ
624 3135 818 3189 tiones.
858 3133 1132 3203 Siquidem
1167 3143 1221 3190 et
1252 3136 1355 3191 hoc
1382 3136 1562 3191 lumen
1606 3137 1885 3201 sensibile,
1916 3153 2022 3193 non
2069 3139 2194 3208 quia

624 3224 796 3293 pascit
822 3225 1005 3280 oculos
1036 3237 1267 3291 amatur,
1295 3226 1385 3283 sed
1416 3228 1542 3297 quia
1556 3227 1915 3283 clarissimum
1948 3229 2192 3286 habetur.

624 3314 1021 3387 Nonnunquam
1055 3316 1200 3371 enim
1223 3326 1278 3370 et
1312 3316 1489 3372 fontes
1517 3316 1768 3373 videntes
1805 3320 2119 3389 perspicuos
2143 3329 2199 3375 et

626 3425 811 3475 puros,
862 3418 918 3462 et
973 3410 1017 3463 si
1060 3424 1164 3462 non
1218 3409 1453 3465 admittit
1496 3419 1710 3477 tempus
1749 3411 1987 3477 bibendi,
2021 3421 2198 3467 tamen

629 3501 891 3554 miramur
915 3494 1389 3570 pulchritudinem,
1410 3502 1573 3557 etiam
1597 3516 1702 3556 non
1734 3502 2057 3558 adveniente
2075 3518 2194 3559 usu.

619 3592 694 3646 Et
744 3595 812 3646 ad
868 3592 1064 3647 cmlnm
1122 3593 1474 3662 respicientes
1509 3594 1863 3659 delectamur,
1921 3612 2026 3651 non
2064 3599 2193 3667 quia

628 3681 1032 3737 manducamus.
1063 3680 1118 3737 Si
1146 3681 1311 3751 igitur
1340 3698 1501 3751 opera
1536 3683 1654 3754 ejus
1680 3685 1751 3739 ita
1790 3695 1916 3740 sunt
1952 3688 2112 3753 bona,
2142 3697 2197 3743 et

627 3782 757 3828 ante
779 3781 991 3842 gustum
1023 3783 1077 3827 et
1106 3788 1284 3827 escam
1336 3775 1609 3830 delectant
1652 3792 1775 3831 cum
1829 3778 2098 3843 videntur,
2142 3787 2198 3834 et

627 3861 938 3919 coafiectari
964 3863 1200 3926 faciunt;
1236 3865 1349 3933 ipse
1371 3866 1461 3934 qui
1493 3880 1616 3922 vere
1638 3883 1801 3937 supra
1824 3884 2040 3925 omnem
2074 3870 2195 3941 pul-

630 3954 990 4009 rhritudinem
1050 3954 1299 4017 habetur,
1350 3967 1405 4010 et
1432 3971 1560 4012 vere
1610 3967 1694 4012 est
1746 3962 1941 4027 bonus,
1977 3978 2082 4018 non
2128 3977 2194 4019 ex

630 4048 877 4103 mercede
896 4049 1090 4103 habeat
1119 4049 1477 4112 dilectionem,
1506 4054 1598 4107 sed
1616 4069 1681 4107 ex
1714 4064 1905 4107 natura
1935 4071 2194 4114 amorem.
2231 4034 2235 4039 ’

630 4136 743 4205 Ego
776 4152 907 4192 sane
947 4152 1330 4209 nonnunquam
1363 4142 1417 4195 in
1451 4144 1690 4212 cogitatu
1727 4145 1830 4200 isto
1852 4146 2073 4211 adveni;
2106 4160 2199 4201 ve-

632 4229 743 4283 nite
795 4239 850 4283 et
877 4245 972 4285 vos
1025 4231 1094 4285 ad
1132 4232 1494 4300 suspicionem
1530 4233 1723 4288 bonam
1760 4250 1774 4288 :
1812 4250 1951 4304 saepe
1975 4238 2117 4292 enim
2166 4252 2196 4293 a

630 4322 833 4377 sanctis
860 4321 1162 4394 Evangeliis
1212 4334 1266 4377 et
1302 4339 1427 4380 vere
1474 4325 1672 4382 divinis
1711 4328 1778 4383 de
1810 4329 2033 4385 Domino
2071 4329 2195 4386 Jesu

630 4413 873 4471 audiens.
906 4413 1143 4468 auditum
1166 4416 1231 4468 ad
1265 4414 1439 4471 visum
1466 4419 1706 4472 converti
1741 4438 1753 4473 :
1780 4420 2027 4474 videbam
2053 4423 2195 4477 enim

2294 1962 2362 2013 ad
2388 1961 2882 2014 consummationem
2910 1958 3090 2013 stetisti
3114 1958 3180 2010 “.
3207 1958 3372 2011 Adest
3402 1956 3666 2011 Dominus
3704 1953 3751 2008 si
3780 1952 3873 2006 ha-

2293 2057 2387 2111 bes
2412 2054 2616 2118 oculos,
2644 2064 2697 2109 et
2723 2061 3014 2120 antequam
3051 2049 3241 2104 audias
3270 2049 3437 2102 vides.
3467 2045 3522 2101 Si
3554 2054 3738 2098 autem
3762 2055 3870 2097 non

2294 2145 2440 2200 vides
2467 2160 2497 2199 a
2538 2145 2842 2212 temetipso,
2896 2156 3115 2196 movere
3134 2154 3257 2195 cum
3288 2154 3353 2193 eo
3395 2135 3489 2207 qui
3521 2133 3789 2198 ostendit,
3818 2140 3872 2187 et

2292 2234 2517 2289 videbis.
2552 2231 2609 2288 Si
2641 2242 2821 2288 autem
2848 2241 2905 2287 et
2935 2246 3058 2285 cum
3088 2240 3367 2285 ostensum
3402 2225 3495 2281 tibi
3536 2222 3708 2279 fuerit
3757 2235 3868 2276 non

2292 2326 2464 2391 vides,
2530 2325 2826 2380 lamentare
2874 2322 3175 2377 cmcitatem
3224 2328 3370 2374 tuam
3421 2316 3668 2372 debebis.
3717 2311 3872 2368 Sicut

2292 2416 2435 2469 enim
2463 2428 2570 2470 non
2596 2422 2772 2484 potest
2793 2411 2983 2469 oculus
3019 2412 3137 2466 sine
3166 2408 3372 2464 lumine
3399 2408 3602 2469 videre,
3634 2406 3712 2460 ita
3764 2417 3874 2458 non

2294 2516 2472 2577 potest
2503 2521 2603 2562 nec
2656 2519 2810 2560 mens
2838 2504 2956 2559 sine
3007 2503 3114 2558 Deo
3142 2503 3361 2556 vivere:
3397 2498 3631 2553 celerius
3676 2495 3871 2565 quippe

2294 2598 2597 2653 salvabitur
2626 2597 2796 2667 piscis
2824 2595 2942 2649 sine
2967 2608 3128 2663 aqua,
3158 2607 3319 2661 quam
3355 2592 3534 2644 anima
3561 2588 3683 2643 sine
3713 2584 3869 2641 Chri-

2294 2699 2395 2743 sto.
2415 2686 2555 2754 Quid
2583 2686 2758 2756 ergoi
2784 2683 2921 2739 Num
2949 2698 3054 2738 non
3104 2681 3291 2737 vivunt
3312 2681 3557 2752 gentiles,
3590 2687 3648 2733 et
3675 2674 3869 2739 Judai,

2294 2790 2345 2835 et
2372 2778 2651 2834 haeretici?
2680 2777 2953 2844 Permitte,
2980 2775 3178 2847 inquit,
3227 2782 3463 2827 mortuos
3492 2771 3714 2839 sepelire
3750 2782 3869 2822 sus

2294 2882 2526 2925 mortuos
2550 2873 2620 2923 ".
2655 2869 2812 2924 Venit
2844 2868 2983 2923 Deus
3006 2875 3303 2937 apportans
3341 2862 3674 2926 hominibus,
3734 2858 3869 2929 quod

2295 2963 2472 3019 nullus
2501 2962 2781 3018 hominum
2812 2960 3037 3015 adduxit
3063 2974 3077 3012 :
3107 2972 3213 3014 non
3252 2955 3396 3012 enim
3442 2961 3558 3009 erat
3590 2964 3868 3007 servorum

2295 3070 2490 3126 magna
2522 3058 2747 3118 donare,
2778 3052 2870 3108 sed
2901 3065 3181 3107 servorum
3230 3058 3351 3104 erat
3380 3046 3544 3118 Regis
3579 3044 3867 3101 adventum

2298 3147 2667 3202 annuntiare:
2698 3144 2901 3200 donare
2928 3150 3112 3198 autem
3149 3141 3318 3212 ipsius
3364 3148 3481 3195 erat
3508 3136 3709 3209 Regis;
3752 3134 3868 3191 ideo

2297 3244 2351 3290 et
2378 3247 2746 3305 prmcursores
2770 3232 3023 3288 dicebant
3050 3248 3064 3286 :
3095 3231 3313 3287 Veniet.
3336 3228 3450 3300 Ipse
3475 3236 3655 3283 autem
3674 3224 3767 3297 qui
3792 3224 3868 3280 lo-

2296 3327 2561 3397 quebatur
2617 3323 2911 3379 adveniens
2968 3323 3234 3379 donavit:
3291 3335 3391 3392 per
3455 3317 3677 3389 Moysen
3722 3313 3865 3373 enim

2296 3417 2418 3471 data
2441 3426 2523 3473 est
2554 3419 2661 3481 lex,
2691 3415 2784 3470 sed
2825 3413 2960 3470 nihil
3004 3413 3208 3471 factum
3243 3424 3365 3480 est;
3398 3411 3573 3482 gratis
3602 3416 3784 3464 autem
3813 3414 3868 3463 et

2297 3510 2497 3564 veritas
2520 3524 2625 3564 non
2652 3508 2772 3563 data
2804 3516 2907 3572 est,
2930 3505 3025 3562 sed
3051 3505 3192 3561 facta
3216 3512 3318 3569 est,
3346 3510 3402 3559 et
3430 3500 3693 3559 correxit.
3719 3498 3866 3555 Sicut

2297 3602 2440 3657 enim
2475 3599 2666 3655 mulier
2696 3599 2783 3655 illa
2808 3613 2928 3669 qua:
2966 3596 3172 3653 fontem
3227 3593 3507 3667 sanguinis
3555 3599 3748 3648 contra
3776 3602 3867 3643 na-

2298 3705 2473 3747 turam
2494 3693 2749 3757 habebat,
2766 3690 2989 3763 fatigata
3012 3700 3098 3745 est
3130 3687 3367 3745 medelas
3387 3686 3673 3741 hominum
3707 3682 3864 3738 susi-

2299 3797 2465 3847 nens;
2498 3781 2703 3853 profuit
2730 3790 2913 3838 autem
2945 3780 2996 3835 ei
3023 3778 3181 3845 nihil,
3207 3777 3299 3834 sed
3346 3773 3724 3831 tantummodo
3744 3786 3864 3829 cou-

2297 3885 2613 3929 sumenatur
2637 3884 2691 3928 et
2714 3884 2943 3945 corpore
2980 3880 3037 3927 et
3063 3866 3409 3925 facultatibus
3437 3886 3451 3922 :
3481 3866 3555 3920 ita
3572 3864 3862 3921 secundum

2297 3965 2527 4021 formam
2569 3966 2728 4021 istam
2758 3965 2991 4020 humana
3021 3970 3213 4025 natura
3241 3956 3517 4028 accipiens
3543 3952 3811 4011 medelam
3834 3964 3863 4005 a

2296 4056 2575 4128 p‘r0phetis
2599 4068 2654 4112 et
2670 4054 3040 4111 sacerdotibus
3062 4060 3118 4108 et
3155 4066 3187 4107 a
3217 4050 3331 4121 lege
3364 4051 3502 4120 ipsa,
3538 4062 3645 4103 non
3670 4056 3755 4103 est
3775 4059 3864 4101 eu-

2297 4160 2452 4214 rata;
2485 4150 2581 4204 sed
2631 4148 2678 4203 is
2699 4149 2791 4219 qui
2820 4146 2938 4201 sine
2964 4145 3081 4217 lege
3112 4152 3235 4201 erat
3258 4142 3640 4213 subingressus
3666 4148 3772 4205 est,
3809 4146 3864 4193 ut

2297 4239 2601 4296 abund-aret
2633 4246 2933 4309 peccatum.
2967 4236 3103 4303 Quia
3155 4233 3317 4306 igitur
3346 4246 3452 4287 non
3490 4240 3611 4288 erat
3636 4228 3863 4286 hominis

2297 4332 2569 4401 corrigere
2601 4328 2873 4384 hominum
2929 4326 3207 4396 passiones
3233 4332 3289 4380 et
3313 4323 3464 4385 vitia,
3493 4322 3637 4377 Deus
3662 4318 3863 4389 accepit

2299 4422 2512 4477 infirme
2539 4424 2638 4476 hoc
2674 4421 2843 4491 ipsum
2868 4419 3011 4489 quod
3035 4418 3148 4488 jam
3171 4423 3289 4472 erat
3306 4423 3638 4477 emortuum,
3668 4423 3723 4467 et
3748 4412 3864 4466 sub-

631 4503 1036 4558 admirationem
1088 4522 1277 4561 novam
1328 4506 1443 4573 Dei,
1495 4508 1687 4563 Filium
1741 4510 1909 4565 Demn
1958 4512 2011 4567 in
2055 4523 2194 4569 terra
2228 4515 2549 4602 Dingressa
2591 4521 2677 4568 est
2707 4512 2833 4577 vita,
2875 4519 2933 4565 ut
2973 4507 3259 4579 praesentia
3310 4505 3526 4561 virtutis
3562 4510 3865 4574 repercute-

550 4586 553 4593 ί
629 4608 822 4665 corpus
854 4595 1138 4650 habentem
1176 4614 1189 4651 :
1222 4606 1276 4652 et
1313 4608 1509 4667 putans
1533 4602 1722 4657 adesse
1744 4604 2105 4673 spectaculum
2122 4621 2190 4662 cx

630 4685 921 4757 Scripturis
951 4702 1084 4758 pene
1124 4699 1178 4743 et
1206 4699 1453 4757 porrecta
1503 4708 1661 4746 manu
1699 4694 2031 4763 apprehendi
2068 4695 2189 4751 fim-

627 4776 802 4833 briam
833 4780 1131 4835 vestimenti
1158 4781 1291 4851 ejus,
1334 4797 1400 4836 ne
1425 4782 1562 4839 forte
1594 4794 1649 4839 et
1670 4801 1701 4839 a
1730 4790 1967 4856 peccatis
1998 4787 2193 4845 libera-

628 4885 740 4925 rer.
790 4870 906 4926 Non
952 4872 1116 4941 igitur
1157 4872 1466 4930 fraudemus
1523 4878 1880 4945 nosmetipsos
1916 4895 1946 4933 a
1988 4880 2194 4938 visione

630 4963 725 5018 Dei
754 4964 1036 5035 nnigeniti,
1066 4967 1154 5032 qui
1187 4981 1282 5035 pro
1314 4968 1467 5022 nobis
1494 4957 1561 5021 ad
1590 4984 1689 5025 nos
1719 4971 1865 5025 venit
1895 4988 1909 5024 :
1940 4987 2061 5026 nam
2090 4974 2194 5029 etsi

628 5055 683 5107 in
711 5068 936 5123 corpore
962 5057 1198 5117 advenit,
1230 5064 1407 5113 tamen
1440 5075 1542 5113 non
1573 5060 1730 5114 latuit
1757 5063 1897 5118 Deus
1919 5066 2059 5119 nube
2088 5064 2197 5120 cir-

628 5145 1005 5200 cnmamictus.
1033 5146 1089 5200 Si
1112 5148 1255 5202 enim
1284 5160 1339 5203 et
1373 5150 1514 5219 apud
1557 5166 1655 5207 nos
1680 5152 1874 5208 anima:
1906 5165 2078 5211 status
2102 5157 2196 5213 da-

631 5246 717 5290 tur
736 5237 804 5292 ad
827 5238 1000 5293 visum
1026 5256 1121 5310 per
1162 5244 1370 5308 oculos,
1402 5258 1498 5313 per
1530 5244 1749 5308 faciem,
1786 5259 1882 5316 per
1916 5248 2191 5315 maxillas;

628 5323 839 5390 qualem
872 5336 1027 5394 putas
1052 5342 1174 5383 esse
1211 5330 1360 5384 illam
1389 5331 1602 5397 faciem,
1633 5334 1843 5405 qualem
1885 5336 2029 5392 illam
2057 5339 2193 5395 divi-

629 5426 753 5469 nam
791 5419 1254 5486 constitutionem,
1295 5422 1445 5477 illum
1477 5426 1824 5494 tranquillum
1859 5431 2095 5499 oculum,
2129 5433 2189 5487 il-

626 5502 736 5560 lam
783 5508 1063 5565 honestam
1104 5513 1340 5579 linguam
1374 5525 1429 5572 et
1457 5522 1696 5575 motum?
1724 5519 1900 5577 Unum
1936 5534 2019 5578 est
2046 5527 2189 5592 quod

628 5597 843 5654 confert
869 5600 984 5670 ejus
1014 5605 1295 5673 adventus,
1346 5619 1407 5666 ut
1450 5612 1776 5683 suscipiatur
1809 5616 1927 5672 talis
1961 5618 2180 5673 habitus

2302 4616 2452 4661 retur
2484 4600 2636 4660 virus
2669 4604 2961 4677 serpentis,
3006 4603 3138 4671 Quis
3167 4617 3273 4657 non
3301 4600 3538 4656 movebit
3569 4600 3636 4652 ad
3664 4596 3864 4654 deside-

2300 4698 2438 4752 rium
2472 4695 2711 4751 Cbristi?
2735 4694 3013 4765 Siquidem
3048 4694 3251 4750 Christi
3290 4691 3472 4748 Pater.
3497 4689 3577 4746 illi
3608 4690 3759 4745 enim
3779 4690 3863 4743 de-

2299 4801 2384 4845 cet
2408 4789 2530 4844 talis
2553 4799 2607 4843 et
2635 4798 2781 4843 tanta
2805 4787 3023 4858 largitio
3052 4805 3069 4843 ι
3093 4785 3263 4841 Nemo
3300 4785 3458 4848 enim,
3481 4782 3681 4853 inquit,
3708 4790 3860 4852 potest

2298 4883 2472 4936 restire
2499 4882 2567 4934 ad
2598 4896 2700 4944 me,
2725 4881 2825 4935 nisi
2868 4879 3028 4934 Pater
3053 4896 3196 4934 meus
3238 4877 3516 4932 attraxerit
3540 4889 3663 4928 eum
3692 4872 3863 4944 quiest

2299 4974 2356 5028 in
2382 4972 2527 5028 salis
2555 4973 2624 5025 ".
2649 4970 2905 5043 Nonquia
2926 4972 3031 5027 vim
3062 4971 3194 5026 facit
3216 4972 3376 5035 Deus,
3412 4968 3506 5024 sed
3535 4968 3663 5037 quia
3691 4968 3862 5021 domat

2298 5064 2545 5121 homines
2579 5063 2853 5129 mortales,
2890 5078 2988 5133 pro
3033 5064 3231 5134 quibus
3276 5072 3506 5117 mortem
3549 5055 3860 5114 immortalis

2296 5158 2553 5230 gustavit.
2592 5156 2767 5212 Nolite
2798 5158 2849 5212 in
2884 5171 3107 5211 vacuum
3145 5156 3374 5227 gratiam
3406 5167 3630 5224 ponere,
3672 5167 3776 5208 non
3810 5150 3857 5205 in

2294 5264 2485 5305 somno
2507 5246 2857 5319 Evangelium
2889 5265 2904 5301 :
2938 5248 3034 5303 sed
3057 5246 3379 5318 evigilantes
3396 5251 3712 5314 computate
3742 5240 3855 5311 quid

2295 5339 2495 5394 factum
2528 5348 2631 5405 est,
2691 5340 2818 5409 quid
2855 5349 3041 5394 natum
3093 5348 3199 5402 est,
3233 5338 3365 5408 quid
3396 5336 3679 5391 donatum.
3732 5334 3856 5388 Deus

2294 5431 2488 5487 Filium
2524 5444 2678 5487 suum
2711 5431 2857 5485 misit
2884 5447 2899 5483 :
2940 5430 3031 5499 qui
3081 5445 3187 5485 non
3216 5427 3399 5484 obedit
3430 5425 3504 5492 ei,
3535 5424 3703 5480 habet
3731 5422 3856 5493 judi-

2294 5522 2459 5579 cium.
2481 5521 2644 5589 Ifisit,
2675 5522 2914 5593 inquam,
2938 5520 3132 5575 Filium
3148 5536 3303 5576 suum
3329 5518 3491 5583 Deus,
3511 5518 3773 5589 justitiam
3797 5515 3855 5569 ad

2296 5618 2525 5687 iniquos,
2553 5630 2675 5671 eum
2713 5618 2804 5686 qui
2851 5616 2970 5671 sine
3015 5624 3236 5685 peccato
3264 5613 3330 5667 ad
3369 5611 3854 5682 peccatores,obe-

700 5781 745 5813 "
776 5776 930 5837 Joau.
969 5798 1085 5852 xtn,
1121 5786 1207 5843 l5.
1280 5790 1325 5824 ”
1360 5791 1549 5851 Matth.
1586 5810 1776 5866 xxvut,
1807 5796 1900 5854 20.
1989 5798 2034 5833 ⁸⁵
2060 5798 2250 5860 Matth.
2277 5816 2393 5870 vin,
2422 5799 2511 5859 22.
2588 5802 2632 5835 "
2659 5798 2816 5859 Joan-
2847 5815 2925 5868 VI.
2959 5798 3045 5856 “-
