4072 6382
202 409 337 467 H73

1541 379 1611 436 IN
1649 374 1912 432 MATTU.
1955 371 2029 437 X,
2062 370 2150 425 54.

3326 354 3466 412 1174

200 529 434 582 dientem
491 518 557 573 ad
615 525 994 573 contumaces.
1050 507 1347 581 gloriosum
1403 500 1468 557 ad
1502 497 1783 571 ignobiles,
1814 497 1858 554 Δ
1887 491 2032 546 enim
2072 486 2361 582 imaginem
2389 485 2572 582 videt;
2617 498 2714 582 per
2745 480 3064 582 imaginem,
3114 473 3466 582 principalem

199 632 323 672 eum
353 613 442 684 qui
473 611 538 664 ad
567 610 850 665 dexteram
879 606 1056 660 Patris
1096 603 1160 656 ad
1187 615 1280 656 eos
1312 597 1401 666 qni
1433 597 1484 648 in
1513 604 1673 684 terra
1692 591 1778 660 ja-

199 710 419 769 cebant,
455 703 652 759 Filium
683 701 752 755 ad
806 713 1016 760 servos,
1038 695 1274 765 judicent
1307 683 1775 744 condemnandum

203 815 299 867 pro
352 800 434 851 his
475 795 566 864 qui
610 801 766 848 erant
809 787 1173 846 condemnati.
1203 784 1335 850 Quis
1367 796 1471 836 non
1521 777 1777 834 accenda-

204 891 326 946 tur?
365 890 493 956 Quis
542 904 647 943 non
679 885 928 950 stupeat?
955 882 1084 949 Quis
1117 895 1220 933 non
1254 892 1283 932 e
1325 876 1536 930 ﬂamma
1561 875 1658 926 ista
1694 871 1774 923 vi-

206 998 364 1038 seera
392 982 652 1035 accendat
697 979 830 1031 sua?
862 976 920 1031 Si
949 990 1052 1029 non
1084 987 1272 1028 sumus
1304 967 1520 1037 lapidci.
1573 975 1629 1018 et
1654 973 1778 1016 ante

205 1088 487 1128 sermones
527 1087 631 1125 non
678 1079 920 1131 movent,
950 1065 1154 1120 deﬂere
1201 1077 1298 1115 nos
1321 1057 1595 1120 convenit,
1647 1054 1776 1123 quia

206 1173 455 1231 putantes
501 1177 602 1215 nos
643 1161 845 1223 vivere,
892 1157 1086 1211 mortui
1132 1168 1338 1207 sumus.
1378 1149 1580 1218 Quibus
1623 1145 1777 1200 Jcsns

206 1270 312 1308 non
339 1255 510 1322 placet
543 1253 704 1315 Deus,
739 1252 833 1305 hos
869 1262 1026 1318 putas
1047 1249 1174 1318 quid
1230 1241 1554 1300 delectabit?
1591 1240 1644 1293 Si
1677 1256 1775 1293 au-

205 1357 313 1401 tem
345 1345 689 1416 pulchritudo
722 1345 774 1398 in
810 1357 973 1398 carne
1008 1352 1274 1403 emortua,
1306 1349 1361 1394 et
1413 1339 1617 1406 lapides
1661 1348 1778 1402 pre-

206 1439 354 1503 tiosi,
382 1449 434 1492 et
479 1437 780 1507 margaritae
811 1436 1054 1496 claritas,
1088 1441 1266 1489 movet
1309 1430 1643 1485 alacritatem
1683 1427 1778 1482 ho-

206 1530 396 1594 minis;
425 1544 545 1584 cum
582 1531 719 1583 Dens
747 1528 916 1583 Filius
956 1527 1116 1582 fuerit
1150 1527 1322 1588 visus,
1354 1541 1382 1609 ξι
1413 1539 1520 1592 quo
1552 1531 1607 1575 et
1636 1521 1775 1574 bona

207 1625 306 1676 ista
338 1631 461 1674 sunt
485 1620 652 1682 facta,
689 1622 958 1689 quomodo
979 1635 1084 1674 non
1114 1626 1239 1672 vere
1278 1609 1774 1683 veniet'passioilla

207 1712 261 1763 in
312 1711 550 1773 homine,
582 1711 650 1764 de
685 1725 788 1779 qua
839 1711 1042 1764 dictum
1079 1718 1198 1762 est:
1251 1706 1450 1776 Diliges
1499 1704 1777 1756 Dominum

205 1800 372 1855 Deum
418 1811 564 1854 tuum
615 1817 679 1854 ea;
719 1801 860 1854 omni
889 1803 1066 1853 anima
1097 1809 1207 1864 tua,
1241 1811 1286 1853 et
1329 1816 1393 1852 ea:
1417 1799 1559 1851 omni
1591 1798 1778 1850 virtute

1884 579 2148 652 agnoscit.
2177 576 2352 633 Filius
2388 575 2554 646 igitur
2587 575 2651 626 ad
2686 588 2787 627 nos
2817 570 2984 633 venit,
3015 583 3120 620 non
3156 576 3334 619 tamen
3367 578 3468 618 nos

1885 673 1953 728 ad
1999 673 2213 742 ipsum;
2255 667 2336 724 vel
2372 682 2512 721 nunc
2557 674 2738 718 autem
2780 678 2878 717 nos
2911 661 2979 716 ad
3027 660 3202 731 ipsum
3242 657 3414 713 simus
3447 669 3467 709 :

1889 761 2028 818 Deus
2055 772 2245 826 vocat;
2273 769 2327 815 et
2357 760 2442 814 his
2471 757 2562 828 qui
2596 773 2700 810 non
2737 755 3050 814 adveniunt,
3081 748 3276 805 suﬂicit
3305 762 3469 818 pmna

1885 857 2006 924 quia
2042 869 2146 908 non
2169 852 2446 907 obediunt.
2475 849 2644 904 Vocat
2672 850 2837 901 Deus.
2859 844 2940 898 Ad
2970 843 3122 912 quae?
3152 841 3230 894 Ad
3259 855 3321 894 ea
3347 853 3469 909 qua

1885 950 2076 1001 decent
2111 946 2298 1000 Deum.
2347 942 2413 996 Et
2449 953 2598 996 certe
2643 938 2918 993 Abraham
2950 935 3166 988 vocavit
3206 931 3366 994 Deus,
3413 940 3470 984 et

1886 1038 2144 1108 prmcepit
2176 1034 2509 1105 unigenitum
2561 1031 2752 1085 Filium
2798 1043 2954 1082 suum
2994 1025 3195 1081 offerre
3233 1023 3359 1080 sibi.
3401 1020 3470 1074 Et

1889 1135 2099 1186 videtur
2132 1128 2496 1199 perniciosum
2554 1126 2655 1179 hoc
2693 1138 2838 1186 esse,
2891 1122 3028 1175 forte
3061 1119 3158 1174 tibi
3181 1158 3196 1184 ,
3237 1132 3350 1171 non
3385 1124 3469 1170 ta-

1885 1235 2006 1273 men
2046 1216 2310 1282 Abrahae;
2347 1214 2618 1269 Abraham
2650 1213 2794 1266 enim
2844 1211 3054 1265 lucrum
3089 1207 3242 1262 duxit
3272 1229 3284 1262 :
3315 1205 3470 1260 vide-

1886 1315 2082 1367 bantur
2143 1309 2288 1365 enim
2335 1305 2542 1376 jnrgari
2596 1306 2805 1359 viscera
2850 1310 2908 1356 et
2962 1298 3311 1368 religiositas.
3357 1292 3466 1349 Sed

1884 1404 2061 1456 adhuc
2108 1399 2246 1468 apud
2281 1412 2378 1452 nos
2406 1396 2613 1466 iurgari
2651 1400 2912 1462 possunt;
2964 1390 3238 1444 Abraham
3284 1395 3464 1440 autem

1885 1509 1952 1546 ne
1982 1490 2201 1560 quidem
2237 1485 2503 1542 dubitatio
2553 1483 2682 1545 fuit,
2731 1495 2830 1536 nec
2876 1479 3166 1548 cogitatus,
3201 1492 3302 1533 nec
3334 1475 3468 1532 dila-

1888 1585 2004 1637 tio:
2040 1581 2134 1636 sed
2188 1579 2473 1635 laetabatur
2521 1574 2838 1636 Abraham,
2883 1572 3008 1641 quia
3057 1571 3303 1625 victurus
3349 1576 3471 1622 erat

1887 1676 2030 1729 tilius
2055 1673 2171 1742 ejus
2207 1671 2423 1727 oblatus
2453 1686 2466 1723 :
2499 1681 2653 1722 amor
2689 1676 2773 1721 est
2815 1666 2959 1718 enim
3011 1661 3368 1731 religiositas,
3413 1658 3468 1713 in

1885 1783 1992 1838 qua
2036 1777 2091 1822 et
2123 1766 2367 1821 charitas
2397 1769 2771 1822 mensuratur,
2799 1765 2856 1812 et
2896 1754 3126 1810 affectus
3172 1752 3468 1822 impletur:

202 1904 316 1956 tua,
351 1903 401 1948 et
422 1911 486 1948 ea:
514 1895 653 1947 omni
676 1894 904 1962 polentia
931 1905 1042 1949 tua.
1064 1904 1110 1946 ct
1144 1903 1311 1946 mente
1334 1901 1380 1946 et
1409 1906 1562 1944 senm
1592 1889 1778 1943 tuo"?
1811 1853 1854 1911 Β
1881 1862 1953 1962 δί-
1976 1859 2120 1962 am."
2173 1858 2420 1962 “fma?
2467 1867 2596 1962 “(:97
2615 1851 3007 1962 fama“???

201 1985 510 2052 Apparente
540 1983 683 2037 enim
739 1982 964 2035 Domino
1017 1980 1166 2046 Jesu,
1225 1996 1330 2036 non
1383 1978 1775 2048 derclinquitur

203 2087 328 2142 pars
357 2073 535 2143 aliqua
562 2074 866 2128 dilectionis
892 2073 1005 2136 ulli,
1048 2074 1172 2140 quia
1216 2088 1320 2125 non
1361 2071 1620 2126 dividitur
1644 2072 1776 2125 cha-

204 2164 336 2218 ritas
362 2164 430 2221 ad
462 2163 625 2217 Deum
657 2174 712 2217 et
744 2163 808 2216 ad
863 2163 1131 2227 homines,
1164 2173 1217 2217 et
1249 2163 1314 2217 ad
1346 2173 1592 2217 etuortua
1656 2175 1776 2230 quae

200 2256 255 2308 in
289 2262 434 2309 terra
473 2267 599 2308 sunt
640 2273 652 2307 :
681 2254 774 2308 sed
805 2255 944 2308 sicut
975 2264 1263 2322 antequam
1301 2261 1560 2322 appareat
1586 2253 1688 2317 sol,
1721 2263 1776 2307 et

201 2345 445 2401 lucernis
488 2344 739 2408 fruimur,
780 2356 833 2400 et
871 2347 1056 2400 stellas
1089 2348 1345 2415 patimur,
1377 2356 1429 2400 et
1469 2345 1592 2398 luna
1627 2343 1775 2400 dele-

197 2447 445 2504 etamur;
477 2454 598 2496 cum
644 2450 824 2494 autem
863 2439 942 2493 sol
977 2437 1138 2492 fuerit
1180 2439 1350 2501 visus,
1385 2436 1630 2508 quredam
1657 2436 1778 2507 qui-

201 2530 322 2583 dem
360 2544 463 2584 non
509 2540 719 2598 parcnt,
767 2530 1013 2598 qumtlam
1057 2541 1236 2582 autem
1290 2537 1345 2583 et
1410 2527 1774 2594 occultantur,

198 2635 392 2674 onmes
419 2629 599 2673 autem
630 2630 955 2675 convertunt
988 2621 1154 2674 facies
1197 2635 1325 2674 suas
1354 2619 1421 2675 ad
1468 2619 1670 2689 solem;
1723 2630 1777 2674 et

198 2726 322 2768 cum
345 2711 514 2767 multa
531 2713 642 2768 sint
672 2713 833 2779 bona,
860 2713 1044 2769 omnia
1073 2713 1218 2767 enim
1260 2713 1400 2768 bona
1430 2713 1626 2769 valde:
1653 2728 1775 2767 cum

197 2813 381 2859 autem
411 2807 721 2874 apparuait
740 2805 787 2860 is
815 2820 911 2875 per
929 2819 1088 2876 quem
1114 2805 1215 2860 ista
1246 2803 1411 2869 bona,
1440 2809 1614 2872 bona;
1644 2806 1778 2860 nihil

196 2909 389 2952 eorum
425 2897 566 2967 quod
616 2898 816 2953 bonum
865 2907 949 2953 est
989 2899 1100 2969 jam
1134 2897 1406 2954 videbitur
1444 2899 1666 2956 bonum.
1719 2899 1776 2954 Si

198 2989 324 3057 quis
353 2988 491 3042 vidit
523 2987 750 3060 efﬁgiem
796 2991 968 3054 audit,
1004 2991 1048 3045 si
1090 2991 1214 3060 quis
1244 3006 1351 3047 non
1379 2991 1594 3047 videtur
1619 2999 1674 3046 et
1722 3000 1781 3045 ιιι

197 3079 405 3148 videat,
461 3093 515 3137 et
568 3081 872 3136 consentiat
909 3082 992 3136 his
1042 3097 1162 3153 quae
1215 3082 1511 3137 dicuntur:
1565 3095 1780 3137 amores

197 3171 344 3227 enim
380 3171 542 3226 clara:
558 3171 942 3241 pulchritudini
976 3174 1340 3238 contendunt;
1358 3183 1617 3243 quantum
1635 3173 1778 3227 enim

201 3262 407 3318 bonum
430 3271 515 3318 est
543 3265 686 3332 quod
717 3263 982 3336 diligitur,
1016 3273 1162 3318 tanta
1179 3275 1234 3318 et
1262 3279 1515 3320 mensura
1544 3271 1628 3319 est
1651 3264 1780 3317 cha-

203 3353 405 3409 ritatis.
457 3352 516 3408 Si
569 3354 712 3410 enim
744 3355 886 3410 oculi
926 3354 1129 3412 fuerint
1181 3362 1232 3410 in
1268 3355 1409 3412 facie
1456 3357 1604 3418 boni.
1633 3363 1781 3410 tanta

205 3446 375 3502 motio
399 3445 653 3514 edicitur,
670 3457 928 3517 quantum
950 3456 1002 3501 et
1021 3446 1165 3501 oeuli
1190 3447 1390 3502 fuerint
1413 3446 1543 3502 moti
1565 3463 1578 3498 :
1599 3447 1647 3500 ei
1669 3445 1782 3516 (8-2)

207 3550 387 3595 autem
421 3541 568 3595 aliud
609 3541 811 3610 aliquid
843 3541 895 3595 in
939 3541 1136 3606 oculis,
1177 3541 1482 3610 duplicatur
1509 3555 1661 3594 amor
1692 3557 1706 3593 :
1737 3541 1781 3594 si

205 3642 315 3687 tota
342 3631 510 3687 {acies
549 3631 712 3687 fuerit
734 3632 896 3697 bona,
922 3632 1086 3686 totius
1104 3631 1282 3686 vultus
1304 3631 1544 3686 charitas
1562 3645 1782 3686 mensu-

206 3733 357 3778 ratur
389 3743 403 3777 :
441 3724 485 3777 si
511 3733 690 3778 autem
716 3732 770 3778 et
793 3723 896 3776 alia
918 3723 1159 3777 membra
1197 3721 1402 3778 fuerint
1430 3724 1592 3781 bona.
1629 3721 1785 3776 addi-

208 3822 259 3864 ta
278 3811 699 3882 pulchritudine,
731 3812 930 3868 crescit
950 3821 1005 3866 et
1034 3811 1382 3866 desiderium.
1408 3809 1568 3866 Jcsus
1605 3822 1784 3866 autem

209 3913 356 3957 totus
405 3913 492 3958 est
519 3904 714 3966 bonus,
759 3911 812 3957 et
861 3918 988 3958 vere
1019 3903 1214 3967 bonus,
1253 3903 1378 3956 boui
1419 3903 1563 3957 enim
1609 3900 1788 3956 Patris

207 3991 497 4062 progenies
525 4001 609 4046 est
643 3991 818 4055 bona;
875 3991 1028 4058 cuius
1074 3990 1534 4059 pulchritudinem
1585 3989 1787 4046 clamat

208 4081 408 4137 coelum
446 4095 544 4151 per
565 4096 718 4136 suam
740 4081 1163 4152 spcciositat‘em.
1211 4078 1377 4136 Istum
1418 4081 1691 4137 collaudat
1736 4093 1789 4136 et

209 4171 341 4226 solis
363 4170 638 4239 splendor,
666 4170 826 4225 istum
881 4171 1138 4240 prmdicat
1182 4169 1309 4225 luna
1337 4181 1393 4225 et
1419 4171 1706 4240 incipiens,
1733 4184 1788 4226 et

207 4265 390 4336 plena,
419 4274 475 4320 et
495 4264 771 4319 deficiens.
793 4264 1082 4319 Stellarum
1111 4275 1290 4318 autem
1318 4265 1468 4320 chori
1499 4267 1660 4319 istum
1693 4282 1783 4321 co-

210 4366 429 4423 ronant,
486 4356 580 4411 sed
616 4371 720 4411 non
764 4371 928 4425 opera
986 4358 1038 4408 in
1069 4355 1253 4418 istum,
1291 4363 1382 4410 aut
1413 4358 1481 4410 ab
1529 4357 1788 4424 operibus

208 4449 376 4520 gloria
398 4449 536 4519 ejus,
565 4447 658 4501 sed
695 4461 759 4502 ex
805 4448 886 4501 sui
930 4455 1140 4501 natura.
1174 4446 1322 4500 Mare
1346 4447 1508 4502 istum
1536 4447 1788 4504 [luctibus

207 4541 450 4611 przel’ert,
478 4550 619 4595 terra
638 4554 760 4594 eum
784 4539 1048 4594 fructibus
1064 4549 1292 4613 coronat
1324 4548 1377 4595 ct
1400 4539 1644 4604 ﬂoribus,
1667 4543 1790 4596 cho-
1823 4561 1866 4616 ι)

210 4649 298 4691 ros
320 4645 503 4690 autem
521 4635 569 4689 ei
596 4642 650 4688 et
666 4633 918 4687 animalia
938 4633 1062 4687 dum
1087 4633 1378 4699 exsultant,
1409 4633 1634 4688 iaciunt.
1654 4632 1788 4688 Cum

210 4735 389 4782 autem
442 4728 599 4782 audis
646 4728 773 4798 quia
807 4726 1143 4796 gloriﬁcatur
1179 4725 1352 4781 Filius
1407 4727 1475 4781 ab
1515 4727 1789 4791 omnibus,

209 4821 318 4876 noli
342 4820 586 4874 oblivisci
608 4817 782 4879 Patris
798 4834 956 4888 quem
981 4818 1250 4888 gloriﬁcat
1277 4817 1468 4873 Filius.
1491 4817 1597 4872 Sed
1623 4818 1688 4872 de
1708 4819 1790 4872 iu-

207 4910 503 4968 enarrabili
527 4921 583 4965 et
605 4927 711 4966 non
743 4922 868 4965 nata
901 4921 1091 4966 natura
1115 4910 1294 4965 Patris
1331 4912 1381 4964 in
1411 4912 1672 4966 memoria
1701 4927 1792 4966 \‘e-

208 5007 327 5058 nire
346 5005 510 5058 timor
541 5011 646 5057 est.
676 5001 812 5069 Quia
835 5017 966 5072 ergo
993 5002 1081 5057 ille
1115 5002 1437 5058 timorabilis
1460 5012 1542 5056 est
1573 5013 1792 5072 propter

209 5097 510 5152 bonitatem
530 5102 585 5148 et
608 5095 1107 5163 supereminentem
1145 5093 1554 5164 benignitatem.
1584 5105 1637 5148 et
1666 5095 1790 5164 quia

211 5203 313 5244 nos
333 5203 440 5243 non
465 5201 752 5258 possumus
766 5187 995 5242 ad'illum
1022 5201 1120 5241 nec
1135 5196 1313 5242 mente
1339 5187 1605 5255 respicere
1625 5201 1640 5249 ;
1660 5187 1795 5240 ima-

211 5281 388 5352 ginem
417 5277 535 5348 cjus
555 5277 964 5334 censiderantes
999 5278 1260 5332 miramur
1299 5277 1624 5333 iudicihilem
1645 5277 1790 5331 illam

213 5375 466 5427 virtutem
498 5369 924 5426 Patriszetideo
964 5386 1084 5424 eum
1110 5372 1199 5439 qui
1239 5372 1305 5424 ad
1346 5385 1444 5424 nos
1475 5369 1619 5422 venit
1664 5384 1794 5424 con-

211 5466 552 5528 sideremus,
592 5473 649 5518 et
693 5464 1012 5520 habebimus
1062 5465 1314 5518 fructum.
1363 5461 1506 5517 Dicit
1552 5463 1698 5516 enim
1739 5470 1794 5516 et

212 5561 327 5627 ipse
369 5575 383 5611 :
417 5555 475 5611 Si
511 5556 629 5624 quis
683 5573 761 5610 me
814 5557 979 5622 videt,
1028 5555 1162 5610 ridet
1205 5567 1251 5610 et
1303 5554 1512 5610 Patrem
1550 5555 1594 5587 ⁸⁷
1633 5572 1648 5610 :
1697 5553 1789 5622 qui

282 5669 330 5700 "
359 5668 514 5722 Deut.
535 5684 611 5731 vr,
642 5667 694 5720 5.
771 5669 814 5700 9’
855 5667 1010 5724 Joan.
1045 5684 1150 5737 xlv,
1176 5669 1229 5724 9.

287 5830 404 5897 (ΒΞ)
436 5827 524 5885 Ei.
555 5831 736 5892 Forte.
771 5837 836 5887 ai.

1880 1953 2097 2008 etiamsi
2133 1950 2483 2007 coaﬂectatus
2515 1945 2716 2011 fueris;
2769 1951 2994 2012 propter
3041 1941 3291 1995 timorem
3323 1938 3471 1992 enim

1882 2047 1927 2100 si
1975 2045 2270 2108 obedieris,
2304 2042 2582 2113 perfectus
2627 2053 2732 2094 non
2779 2035 2922 2099 eris;
2974 2042 3196 2103 propter
3243 2031 3474 2086 commi-

1884 2137 2158 2192 nationem
2212 2147 2394 2190 autem
2441 2135 2728 2204 gehennaz,
2760 2130 2887 2184 mali
2920 2129 3062 2185 set-.vi
3112 2125 3311 2180 malum
3343 2137 3472 2192 pro-

1885 2230 2118 2298 positum
2169 2227 2397 2283 habebis
2440 2214 2465 2279 ι
2508 2233 2731 2295 propter
2774 2230 2953 2276 autem
2999 2235 3161 2292 regna
3209 2217 3474 2276 caelorum

1885 2327 2136 2382 voluntas
2183 2335 2270 2381 est
2322 2325 2668 2381 mercenarii.
2724 2321 2858 2389 Qua:
2909 2333 3092 2375 autem
3136 2319 3335 2376 decora
3389 2325 3476 2371 est

1886 2420 2012 2474 viai
2047 2429 2265 2488 stupere
2321 2418 2561 2480 bonum,
2613 2415 2803 2470 mirari
2864 2413 3227 2478 immensum,
3287 2424 3476 2466 amare

1889 2514 2076 2569 Deum.
2112 2511 2168 2565 Si
2210 2512 2355 2566 enim
2400 2512 2530 2574 scis,
2561 2524 2665 2563 non
2701 2520 2853 2579 potes
2889 2523 2995 2564 non
3024 2507 3280 2575 diligere;
3312 2503 3358 2558 si
3387 2504 3476 2558 vi-

1885 2607 2049 2672 disti,
2093 2620 2199 2659 non
2249 2614 2402 2672 potes
2449 2619 2556 2656 non
2616 2601 2953 2658 coaﬂ'ectari.
3015 2599 3164 2655 Nihil
3212 2597 3360 2654 enim
3404 2611 3476 2651 ex

1885 2700 2138 2754 omniims
2180 2711 2300 2764 qua:
2345 2704 2503 2759 sunt,
2563 2709 2739 2763 neque
2790 2693 2972 2748 omnia
3021 2689 3215 2757 simul,
3261 2698 3474 2743 tantum

1889 2790 2140 2850 illiciunt,
2172 2797 2438 2859 quantum
2471 2785 2706 2841 delectat
2737 2800 2878 2840 unus
2911 2785 3155 2840 omnium
3188 2781 3474 2838 Dominus.

1887 2883 1962 2938 Ita
2003 2883 2160 2937 illicit
2198 2891 2254 2936 et
2298 2879 2460 2935 Pater
2498 2879 2540 2934 si
2583 2877 2750 2933 fuerit
2778 2877 2966 2934 visus:
3001 2885 3212 2932 tantum
3244 2874 3391 2930 enim
3425 2875 3476 2930 si

1887 2973 2234 3045 apparuerit,
2288 2971 2423 3026 nihil
2473 2970 2586 3039 jam
2639 2972 2762 3042 quis
2831 2968 3141 3049 sustinebit.
3193 2964 3478 3022 Videbitur

1889 3075 2070 3121 autem
2099 3065 2166 3118 ab
2196 3064 2280 3119 his
2309 3063 2400 3134 qui
2442 3063 2642 3119 mundo
2678 3073 2801 3118 sunt
2830 3060 3024 3124 corde;
3060 3061 3106 3116 si
3137 3059 3283 3115 enim
3313 3073 3474 3113 mun-

1887 3153 2016 3208 dum
2063 3153 2229 3207 fuerit
2267 3167 2383 3218 cor,
2425 3151 2645 3223 effulget
2676 3152 2802 3207 inde
2851 3153 3072 3216 lumen,
3115 3159 3171 3205 et
3202 3149 3477 3205 videbitur

1886 3246 2029 3314 quod
2060 3243 2301 3315 eti'ulget,
2329 3255 2386 3298 et
2415 3244 2603 3300 statim
2639 3255 2931 3314 martyres,
2961 3242 3327 3309 confessores,
3357 3255 3478 3296 san-

1888 3336 2245 3404 ctimonium,
2295 3335 2617 3407 virginitas.
2672 3344 2866 3389 natura
2918 3343 3176 3396 mortua,
3222 3333 3469 3388 membra

1886 3425 2147 3483 cruciﬁxa
2193 3445 2206 3481 :
2243 3427 2570 3484 desiderium
2635 3427 2779 3482 enim
2821 3425 2993 3480 fervet
3053 3425 3106 3479 in
3155 3424 3382 3491 animis,
3422 3433 3481 3480 et

1888 3520 2237 3591 eonjttngitur
2289 3520 2356 3575 ad
2405 3519 2773 3575 desideratum
2825 3537 2840 3574 :
2882 3533 3007 3574 cum
3062 3518 3210 3573 enim
3267 3517 3480 3573 adunav

1890 3615 2031 3669 verit
2084 3615 2211 3686 quis
2263 3615 2530 3669 bonorum
2581 3620 2915 3677 conventus,
2963 3611 3086 3666 cteli
3141 3609 3475 3679 magnitudi-

1892 3724 2041 3771 ucm,
2082 3720 2136 3761 et
2164 3722 2226 3762 ea
2258 3722 2378 3776 qua:
2410 3706 2463 3760 in
2498 3705 2618 3775 ipso
2657 3714 2785 3759 sunt
2817 3713 2898 3760 est
2941 3703 3308 3775 pulchritudo,
3348 3701 3480 3757 solis

1891 3800 2202 3870 praedictam
2235 3800 2562 3862 claritatem,
2589 3805 2644 3852 et
2674 3796 2902 3852 aliorum
2932 3795 3176 3851 omnium
3211 3809 3333 3864 quae
3365 3795 3478 3850 illic

1890 3903 2018 3946 sunt
2052 3893 2228 3956 bona;
2264 3906 2363 3946 nec
2404 3907 2508 3944 non
2537 3900 2592 3945 et
2625 3904 2687 3944 ea
2719 3904 2842 3958 qua:
2873 3890 2925 3943 in
2963 3899 3108 3942 terra
3144 3889 3476 3959 germinant,

1891 3983 2107 4048 ﬂorent,
2148 3985 2548 4052 expauduntnr,
2583 3983 2902 4052 procedunt,
2949 3991 3288 4050 nascuntur;
3332 3991 3386 4037 et
3412 3996 3478 4037 ea

1891 4092 2011 4145 qua:
2051 4079 2104 4130 in
2147 4091 2270 4130 aere
2305 4077 2509 4139 volant,
2552 4087 2608 4130 et
2643 4076 2693 4129 in
2729 4076 2886 4145 aquis
2928 4083 3155 4130 natant:
3188 4091 3312 4130 cum
3363 4076 3480 4131 lucc

1891 4169 2070 4223 omnia
2103 4167 2422 4221 adunaverit
2449 4176 2506 4220 ut
2549 4181 2883 4234 componens
2923 4167 2977 4221 in
3014 4182 3213 4232 unum,
3259 4183 3326 4222 ne
3358 4169 3481 4238 qui-

1892 4261 2015 4315 dem
2064 4270 2212 4330 gutta
2267 4267 2328 4312 ut
2378 4259 2446 4314 ad
2487 4257 2629 4312 illam
2681 4259 3138 4327 pulchritudinem
3184 4269 3376 4325 erunt,
3422 4269 3484 4314 ut

1893 4352 2216 4407 desiderium
2249 4361 2471 4422 stupore
2503 4350 2675 4419 magis
2704 4352 2795 4416 sit,
2835 4361 2891 4405 et
2923 4350 3187 4418 charitas,
3219 4361 3275 4406 et
3309 4351 3481 4407 admi-

1893 4445 2158 4509 ratio,~ut
2210 4443 2331 4497 talis
2370 4442 2483 4514 jam
2534 4441 2696 4498 homo
2741 4443 3016 4498 desideret
3049 4459 3248 4498 novam
3287 4459 3483 4514 quam-

1895 4535 2018 4588 dam
2065 4535 2511 4589 constitutionem
2553 4533 2635 4588 sui
2668 4532 2998 4588 invisibilem
3036 4533 3152 4589 lieri
3192 4550 3207 4588 :
3252 4533 3480 4590 allectus

1896 4625 2040 4678 enim
2082 4625 2149 4678 ad
2205 4623 2533 4678 invisibilem
2570 4622 2862 4678 invisibilis
2902 4623 3154 4691 habetur,
3196 4635 3253 4680 et
3285 4625 3481 4682 solitu-

1899 4718 2076 4772 dinem
2121 4719 2336 4786 quterit.
2375 4717 2476 4784 Qui
2519 4725 2698 4771 autem
2731 4718 2798 4772 ad
2832 4718 2992 4772 istam
3036 4719 3480 4776 constitutioneru

1897 4810 2218 4875 occurrerit,
2251 4810 2425 4864 nescit
2454 4810 2578 4880 quia
2621 4819 2676 4863 et
2714 4809 2913 4864 crelum
2937 4819 2990 4866 et
3028 4820 3224 4865 terran:
3252 4826 3357 4866 non
3403 4811 3484 4867 vi-

1899 4903 2020 4964 det,
2062 4919 2164 4956 nec
2198 4903 2348 4956 novit
2388 4903 2438 4957 in
2471 4917 2575 4971 quo
2603 4904 2654 4956 in
2701 4913 2844 4959 terra
2874 4915 2953 4960 est
2995 4908 3155 4960 loco:
3189 4906 3356 4962 maris
3385 4921 3483 4961 au-

1901 5004 2008 5049 tem
2054 5010 2122 5048 ne
2162 4997 2374 5064 quidem
2420 5012 2627 5050 ruemor
2676 5009 2795 5064 est,
2842 5007 2899 5052 et
2935 4998 3156 5054 ﬂumina
3202 4999 3482 5070 despicit:

1902 5089 2067 5143 solem
2103 5104 2208 5143 non
2244 5090 2422 5157 videt,
2467 5089 2649 5143 lunam
2686 5107 2790 5144 non
2823 5091 3153 5155 considerat.
3200 5094 3482 5148 stellarum

1899 5197 2110 5234 memor
2146 5196 2252 5235 non
2293 5191 2409 5248 est;
2444 5183 2671 5252 despicit
2705 5195 2886 5240 autem
2914 5195 2970 5241 et
3004 5187 3320 5254 angelorum
3351 5188 3483 5250 ch07

1897 5289 2026 5329 ros:
2063 5291 2200 5329 unus
2242 5275 2384 5328 enim
2423 5275 2511 5329 ille
2558 5292 2663 5330 non
2713 5277 2975 5344 permittit
3009 5279 3175 5334 dividi
3219 5279 3483 5336 visionem

1896 5371 1963 5422 ad
1997 5368 2186 5425 multa.
2226 5367 2327 5436 Qui
2373 5367 2516 5421 enim
2552 5369 2604 5422 in
2657 5369 2749 5424 tali
2797 5371 3188 5426 consdtutione
3227 5371 3481 5436 habetur,

1895 5459 2068 5515 nescit
2096 5459 2220 5529 quia
2245 5469 2299 5514 et
2319 5474 2538 5515 carnem
2572 5459 2756 5528 habet,
2781 5472 2837 5518 et
2868 5463 3010 5532 quod
3046 5475 3131 5518 est
3163 5466 3482 5529 maximum,

1895 5569 1994 5610 nec
2027 5553 2219 5609 anima:
2249 5568 2359 5610 sua:
2399 5566 2609 5610 memor
2641 5564 2727 5609 est
2769 5574 2783 5611 :
2820 5563 2968 5610 totus
3010 5539 3152 5609 enim
3190 5565 3486 5617 evacuatus
