4072 6404
660 434 797 492 1175

1323 419 1591 480 ευεειςιι
1630 408 2109 473 CESARIENSIS
2148 407 2203 464 Ol

2341 402 2519 460 PARS
2556 402 2647 458 IV.
2685 430 2756 442 —
2792 391 3213 455 DOGHATICA.

3753 386 3888 440 M70

652 554 707 610 in
748 555 893 608 illum
942 555 1028 605 est
1072 559 1230 617 quem
1266 542 1565 604 desiderat,
1608 546 1662 594 et
1694 536 1945 593 universa
1988 534 2036 589 ei
2078 539 2203 585 sunt
2232 533 2279 590 Α
2306 534 2410 580 tur.
2442 524 2582 580 Vere
2614 524 2863 617 beata.et
2898 514 3165 617 Petra,.in
3202 527 3321 617 qua.
3351 523 3550 617 sumus
3686 504 3845 617 positi

650 652 921 705 emortua,
948 648 1004 695 et
1040 638 1116 694 illi
1146 636 1277 691 vivit
1308 632 1429 689 soli.
1462 630 1529 687 Et
1559 632 1661 687 hoc
1690 637 1775 684 est
1820 625 1951 681 illud
1997 624 2208 693 insigne

648 735 791 808 quod
822 734 898 789 ait
942 729 1227 804 Apostolus
1263 746 1277 783 :
1334 725 1457 780 Vivo
1498 740 1628 794 ego,
1668 722 1786 791 jam
1828 735 1932 773 non
1977 731 2091 786 ego,
2119 716 2207 768 sed

648 828 770 883 uiuit
808 826 863 881 in
897 841 978 879 me
1024 821 1263 878 Christus
1283 819 1349 873 κ.
1382 814 1661 872 Desiderio
1689 812 1831 866 enim
1875 819 2016 866 totus
2046 808 2201 862 devoo

648 930 798 976 ratus
838 927 896 974 et
934 932 965 971 a
998 914 1285 982 semetipsa
1318 909 1629 970 discedens,
1675 904 1817 959 illius
1851 910 2029 957 autem
2077 900 2210 955 olfe-

648 1020 796 1076 ctus;
839 1010 976 1064 bona
1007 1006 1221 1076 quidem
1261 1011 1438 1057 morte
1472 1007 1556 1054 est
1590 1005 1853 1060 mortuus,
1884 994 2081 1049 bonam
2112 1008 2211 1048 au-

648 1111 757 1157 tem
786 1104 946 1155 vltam
980 1095 1328 1153 commutavit
1354 1102 1412 1146 ut
1435 1092 1579 1147 dicat
1610 1105 1624 1143 :
1664 1084 1789 1143 Vivo
1813 1088 1927 1157 jam
1961 1102 2065 1141 non
2090 1103 2205 1157 ego.

647 1191 853 1263 Siquis
878 1188 1147 1245 unanimis
1171 1198 1220 1241 et
1257 1186 1422 1252 ipsius
1459 1183 1652 1252 lingua:
1679 1195 1761 1236 est
1798 1179 1989 1245 Paulo,
2029 1180 2209 1236 audiet

645 1277 868 1333 Paulum
900 1277 1169 1331 dicentem
1198 1291 1212 1327 :
1252 1268 1398 1334 Vivo,
1418 1272 1534 1340 jam
1560 1288 1663 1325 non
1691 1285 1801 1340 ego.
1823 1269 1930 1325 Sed
1959 1285 2079 1340 qua
2116 1277 2206 1323 tua

645 1383 729 1428 est
760 1371 889 1435 vita,
916 1386 948 1423 ο
976 1368 1181 1423 Paule?
1211 1365 1316 1421 Sed
1349 1365 1489 1427 uiuit,
1522 1362 1713 1431 inquit,
1748 1362 1802 1416 in
1830 1378 1911 1415 me
1942 1361 2203 1416 Christus.

646 1462 702 1519 ln
726 1480 832 1534 quo
858 1462 990 1517 vivit
1016 1458 1288 1522 Christus,
1314 1458 1587 1512 Christum
1624 1456 1843 1511 indutus
1871 1464 1952 1510 est
1977 1472 1991 1509 :
2021 1454 2205 1509 istius-

645 1554 787 1612 modi
831 1554 992 1608 homo
1021 1554 1108 1621 qui
1140 1551 1359 1607 Christo
1392 1548 1613 1604 indutus
1643 1557 1749 1610 est,
1792 1563 1895 1601 non
1935 1545 2204 1609 tunicam,

642 1646 738 1700 sed
781 1645 918 1701 sicut
949 1644 1147 1698 ferrum
1176 1643 1298 1710 igne
1340 1652 1482 1698 totus
1530 1657 1626 1710 per
1669 1650 1838 1694 totum
1886 1639 2203 1703 incanduit,

644 1743 789 1790 totus
826 1749 922 1804 per
958 1743 1123 1788 totum
1166 1731 1502 1786 illuminatus
1534 1739 1637 1796 est,
1669 1729 1845 1783 nullus
1886 1728 1934 1785 ei
1970 1726 2082 1796 jam
2116 1744 2201 1782 re-

644 1826 803 1882 lictus
839 1836 921 1881 est
972 1839 1077 1879 non
1117 1834 1327 1889 motus,
1376 1838 1481 1878 non
1530 1820 1761 1876 all‘ectio.
1811 1820 1917 1875 Sed
1965 1834 2064 1874 nos
2110 1818 2199 1887 qui

2310 617 2451 673 beati
2488 625 2543 671 et
2574 614 2742 670 maris
2779 610 2971 666 ﬂuctus
3003 607 3097 677 qui
3132 605 3358 676 vestigia
3390 601 3608 657 Domini
3646 594 3876 653 osculati

2306 718 2464 767 sunt:
2507 717 2561 764 ct
2597 707 2776 778 pisces
2817 702 2907 773 qui
2960 708 3234 771 praecepto
3278 695 3457 751 educti
3495 702 3649 749 sunt.
3680 690 3879 744 Beatus

2308 812 2363 859 et
2400 801 2488 856 ille
2524 800 2689 871 piscis
2714 797 2804 867 qui
2842 794 2988 851 dedit
3019 806 3118 862 pro
3155 790 3383 845 Domino
3428 799 3677 842 censum.
3724 782 3885 837 Beata

2309 902 2365 959 et
2404 901 2547 947 terra
2599 899 2653 945 et
2702 903 2851 943 mare
2894 905 2909 943 :
2954 895 3183 954 utraque
3232 882 3375 936 enim
3427 893 3620 949 passus
3672 873 3884 930 Domini

2308 993 2680 1053 susceperunt.
2720 981 2917 1035 Beatus
2958 986 3014 1033 et
3057 974 3349 1032 laochazus
3387 972 3477 1042 qui
3518 969 3765 1026 cucurrit
3817 968 3883 1021 ad

2309 1078 2493 1142 ticum,
2518 1085 2574 1132 et
2609 1083 2834 1130 vocatus
2860 1073 2925 1126 ad
2954 1072 3173 1125 domum
3212 1074 3321 1122 est.
3351 1063 3420 1119 Et
3460 1059 3741 1133 peccatrix
3793 1058 3883 1114 illa

2308 1169 2524 1233 mulier,
2566 1183 2687 1237 quae
2728 1166 2868 1221 bona
2912 1159 3319 1233 importunitate
3363 1156 3605 1227 ingressa
3657 1164 3739 1209 est
3792 1165 3881 1207 re-

2306 1260 2719 1317 cumbentibus:
2756 1255 3123 1313 contaminata
3156 1251 3300 1317 enim
3333 1248 3599 1311 introivit,
3634 1254 3694 1301 ει
3728 1259 3883 1299 mun-

2306 1356 2429 1411 data
2468 1353 2653 1409 exivit.
2684 1350 2824 1420 Ergo
2852 1362 3040 1404 omnes
3081 1344 3220 1401 beati
3262 1357 3329 1397 ex
3369 1342 3605 1397 adventu
3650 1335 3882 1401 Christi,

2304 1458 2360 1503 et
2405 1446 2599 1502 mortui
2647 1443 2737 1515 qui
2776 1442 2884 1511 jam
2930 1455 3035 1495 non
3078 1437 3306 1499 mortui,
3344 1444 3398 1490 et
3439 1432 3573 1489 ccci
3609 1432 3725 1502 jam
3773 1443 3880 1483 non

2303 1540 2453 1603 caeci,
2482 1548 2538 1593 et
2571 1535 2743 1592 claudi
2793 1534 3073 1591 salientes.
3100 1539 3155 1585 et
3184 1529 3315 1583 muti
3353 1526 3664 1588 laudantes,
3702 1531 3759 1577 et
3795 1520 3881 1574 illc

2304 1634 2393 1704 qui
2420 1630 2640 1688 sedebat
2677 1629 2743 1683 ad
2776 1629 2962 1698 pedes,
3002 1624 3093 1694 qui
3125 1632 3252 1676 ante
3292 1635 3320 1674 a
3366 1617 3577 1687 legione
3616 1612 3883 1681 impulsos

2304 1723 2575 1780 currebat.
2623 1720 2770 1776 Beati
2810 1717 2901 1789 qui
2945 1717 2998 1771 in
3036 1712 3241 1781 nuptiis
3281 1711 3534 1765 biberunt
3581 1706 3770 1761 vinum
3813 1718 3879 1757 ex

2305 1825 2591 1889 praecepto.
2621 1812 2759 1881 Quid
2804 1825 2934 1882 ergo
2973 1822 3162 1864 omnes
3204 1802 3384 1864 beati.
3428 1810 3520 1855 aut
3562 1796 3790 1869 quidam
3827 1804 3881 1848 ετ

640 1916 836 1974 Christi
874 1931 1090 1973 sensum
1141 1915 1423 1981 habemus,
1471 1928 1573 1967 non
1608 1912 1810 1982 pigebit
1855 1925 1953 1965 nos
1997 1910 2199 1971 dicere,
2234 1890 2273 1948 Β
2304 1908 2673 1966 miserabiles?
2715 1904 2883 1963 ludas
2932 1901 3074 1957 enim
3131 1896 3223 1969 qui
3276 1896 3481 1949 utinam
3539 1897 3709 1945 natus
3770 1900 3878 1939 non

641 2010 765 2079 quia
796 2008 916 2063 talis
945 2008 1104 2062 homo
1135 2006 1382 2061 Christus
1410 2013 1492 2059 est
1524 2005 1716 2058 factus.
1741 2001 2199 2069 Quemadmodum

641 2111 841 2165 autem,
870 2099 1009 2154 sicut
1038 2097 1239 2152 dictum
1278 2108 1379 2160 est,
1414 2095 1673 2149 miscetur
1716 2092 1939 2147 aﬂectns
1984 2091 2201 2146 deside-

642 2193 811 2257 ranti,
856 2200 909 2247 et
956 2190 1144 2246 oculus
1193 2188 1374 2243 lumen
1425 2186 1728 2253 suscipiens
1770 2184 1998 2239 edicitur
2042 2182 2200 2236 lumi-

642 2299 807 2340 nosus
838 2306 847 2337 :
879 2291 933 2338 et
964 2281 1197 2345 ferrum;
1243 2279 1441 2349 saepius
1487 2278 1631 2333 enim
1668 2284 1985 2346 repetuntur
2026 2277 2196 2338 bona;

639 2385 763 2429 ante
811 2374 987 2444 ignem
1036 2371 1251 2441 quidem
1297 2369 1496 2425 ferrum
1543 2377 1691 2434 erat,
1736 2368 1790 2423 in
1845 2368 1967 2438 igne
2020 2378 2197 2421 autem

638 2467 777 2532 lanis
807 2466 977 2536 magis
1002 2479 1161 2532 quam
1193 2462 1392 2517 ferrum
1423 2469 1507 2516 est
1535 2459 1732 2514 factus.
1756 2459 1951 2514 Audite
1991 2458 2199 2513 deside-

636 2559 872 2615 rantium
908 2556 1068 2610 verba
1100 2569 1164 2609 ne
1195 2552 1335 2607 forte
1373 2562 1427 2606 et
1457 2567 1550 2607 vos
1585 2550 1906 2605 moveamini
1947 2550 2013 2603 ad
2053 2548 2198 2604 desi-

638 2651 871 2706 derium.
902 2647 1040 2703 Dicit
1070 2647 1172 2701 iste
1217 2645 1400 2699 ebrius
1444 2658 1549 2697 non
1588 2643 1733 2707 vino,
1762 2641 1855 2697 sed
1891 2656 2050 2711 quem
2086 2641 2200 2694 ine-

641 2741 837 2795 hriarit
876 2738 1120 2795 Christus
1159 2737 1464 2792 desiderio:
1497 2733 1633 2789 Mihi
1676 2745 1850 2787 autem
1901 2734 2037 2787 absit
2081 2732 2197 2803 glo-

634 2834 765 2888 riari
794 2832 895 2886 nisi
926 2832 981 2883 in
1021 2846 1172 2884 cruce
1208 2827 1401 2881 Christi
1422 2827 1467 2859 ⁹⁹
1496 2847 1509 2882 :
1547 2827 1599 2881 in
1633 2826 1827 2895 quibus
1861 2824 1935 2879 illi
1967 2824 2196 2879 confun-

633 2924 851 2986 duntur,
893 2922 981 2977 alii
1015 2922 1353 2992 gloriantur:
1386 2921 1476 2989 qui
1512 2920 1654 2974 enim
1693 2919 1876 2974 ebrius
1902 2926 1983 2973 est
2025 2918 2199 2973 nescit

634 3012 875 3074 irrideri,
910 3013 1001 3067 sed
1051 3011 1239 3069 irnidtu
1275 3012 1591 3076 irridentes,
1638 3020 1725 3066 est
1764 3012 1908 3066 enim
1964 3020 2105 3066 totus
2142 3009 2194 3063 in

632 3108 779 3160 vino.
821 3110 879 3162 Si
910 3116 1038 3176 ergo
1084 3106 1172 3175 qui
1218 3106 1271 3159 in
1302 3106 1427 3159 vino
1456 3115 1539 3158 est
1571 3119 1676 3158 non
1715 3104 2003 3169 irridetur;
2036 3112 2195 3173 putas

634 3199 724 3267 qui
755 3199 806 3253 in
842 3198 1057 3253 Christo
1093 3206 1175 3252 est
1203 3196 1302 3251 scit
1326 3197 1453 3266 quid
1485 3206 1565 3251 est
1604 3195 1887 3251 conlusio?
1920 3211 2023 3249 non
2052 3195 2192 3249 enim
2220 3233 2263 3288 ο

635 3291 710 3344 ita
745 3290 913 3360 tangit
940 3290 1120 3343 vinum
1158 3289 1448 3353 hominem,
1478 3297 1739 3357 quantum
1775 3288 1946 3357 tangit
1978 3287 2191 3339 virtus:

634 3396 809 3451 neque
849 3382 918 3434 ita
958 3381 1122 3450 tangit
1173 3380 1310 3449 ignis
1364 3392 1425 3431 ea
1472 3394 1591 3447 qua:
1630 3379 1681 3431 in
1733 3381 1906 3448 ipsum
1953 3392 2200 3433 Incurre—

634 3473 775 3538 rint,
814 3483 1070 3541 quantum
1116 3472 1382 3524 illuminat
1416 3469 1583 3524 Filius
1618 3484 1713 3524 eos
1764 3472 1855 3539 qui
1899 3487 1957 3525 se
2003 3470 2202 3524 fuerint

636 3562 827 3617 induti.
857 3562 987 3627 Quis
1028 3572 1181 3629 putas
1214 3562 1375 3615 habet
1420 3560 1692 3615 Christum
1724 3563 1815 3629 qui
1854 3563 2197 3631 praedicatur,

638 3660 698 3704 nt
726 3663 911 3705 noscat
950 3668 1010 3706 ea
1056 3667 1175 3720 qua:
1210 3652 1496 3712 dicuntur?
1521 3669 1643 3707 cum
1688 3655 1833 3708 enim
1885 3673 1990 3710 non
2042 3656 2203 3711 fuerit

639 3742 969 3799 conscientia
998 3743 1139 3797 intus
1170 3759 1287 3813 quae
1318 3745 1557 3799 sermoni
1599 3753 1849 3807 testetur,
1880 3748 2053 3801 otiosa
2084 3748 2201 3817 ejus

636 3834 725 3903 qui
770 3835 1009 3905 loquitur
1057 3836 1218 3890 verba
1273 3837 1632 3901 habebuntur,
1677 3849 1734 3893 et
1776 3839 2060 3905 eﬂicietur,
2108 3842 2199 3909 qui

636 3926 891 3996 loquitur,
922 3927 1180 3982 barbarus
1210 3930 1276 3984 iis
1306 3931 1396 3998 qui
1442 3945 1547 3984 non
1580 3930 1823 3985 audiunt.
1854 3931 1985 3985 Cum
2018 3943 2199 3987 autem

638 4018 970 4087 praeveniens
1009 4019 1184 4072 anima
1219 4020 1577 4075 recondiderit
1608 4022 1734 4084 sibi,
1770 4032 1824 4077 et
1856 4021 2003 4076 [inita
2041 4023 2203 4078 fuerit

639 4110 937 4175 desiderio;
975 4109 1116 4165 forte
1143 4122 1196 4166 et
1236 4112 1487 4167 irascitur
1522 4113 1588 4168 ad
1625 4114 1912 4177 dicentem,
1942 4116 2065 4183 quia
2096 4132 2201 4171 non

642 4209 790 4256 tanta
820 4200 1205 4271 interpretatur
1238 4212 1435 4273 quanta
1470 4205 1639 4273 ipsam
1673 4215 1907 4261 movent.
1938 4206 2041 4262 Sed
2074 4224 2203 4263 con-

647 4291 828 4347 cedite
874 4292 1183 4360 quicunque
1228 4293 1299 4345 ita
1359 4294 1755 4363 proposuistis;
1815 4295 2203 4366 ininterpreta-

638 4385 762 4439 bilis
804 4383 947 4439 enim
996 4394 1080 4439 est
1110 4386 1199 4453 qui
1243 4385 1600 4441 desideratur.
1649 4387 1761 4458 Ego
1815 4402 1947 4442 sane
1992 4387 2203 4443 beatam

642 4478 760 4532 dico
789 4476 971 4538 illam.
1016 4494 1133 4545 quae
1168 4478 1324 4546 digna
1368 4475 1606 4544 judicata
1657 4488 1741 4533 est
1776 4477 1940 4533 Deum
1990 4481 2205 4548 portare

2300 2002 2480 2060 esset!
2534 2011 2693 2072 putas
2752 1996 2877 2067 quia
2939 1993 3078 2063 apud
3135 1988 3483 2057 semetipsum
3537 1998 3649 2038 non
3703 1978 3876 2072 dixit;

2302 2068 2671 2153 Utinam—non
2705 2089 2977 2149 venisset,
3035 2093 3094 2138 ut
3136 2096 3237 2152 ego
3285 2094 3391 2135 non
3442 2068 3875 2131 condemnarcrl

2298 2184 2461 2241 Putas
2502 2191 2559 2238 et
2610 2181 2776 2239 Judaei
2840 2179 2884 2232 si
2932 2175 3230 2232 voluissent
3293 2171 3522 2225 fuissent
3590 2166 3779 2228 beati,
3825 2173 3876 2216 et

2297 2274 2503 2347 primi?
2548 2272 2687 2339 Quid
2737 2269 2904 2341 ergo?
2949 2267 3089 2335 Quia
3138 2264 3431 2319 noluerunt
3470 2258 3641 2315 Judazi
3682 2274 3699 2312 :
3734 2253 3876 2309 Nam

2296 2365 2642 2422 incredulitas
2685 2378 2865 2418 eorum
2927 2361 3087 2429 ﬁdem
3136 2355 3234 2411 Dei
3295 2352 3612 2409 evacuabit?
3655 2350 3873 2403 absit‘.

2295 2460 2394 2527 Qui
2425 2458 2569 2515 enim
2602 2456 2751 2512 venit
2784 2456 2851 2510 ad
2890 2451 3191 2507 faciendum
3232 2449 3390 2512 bene,
3417 2444 3568 2500 venit
3601 2441 3867 2512 siquidem

2296 2561 2353 2607 et
2388 2551 2569 2606 lumen
2605 2549 2797 2611 oritur,
2836 2560 2943 2599 non
2991 2552 3053 2598 ut
3094 2542 3405 2598 occidamus
3450 2538 3690 2606 aliquem
3730 2550 3745 2588 ε
3789 2532 3876 2586 ille

2295 2643 2437 2698 enim
2486 2640 2658 2695 malus
2703 2648 2816 2704 est,
2870 2636 2963 2707 qui
3012 2635 3158 2690 bono
3214 2633 3381 2686 utitur
3426 2628 3589 2683 male.
3634 2625 3773 2681 Nam
3824 2633 3875 2679 et

2296 2739 2499 2793 ferrum
2544 2737 2729 2793 datum
2776 2745 2859 2790 est
2900 2733 2965 2788 ad
3009 2731 3236 2787 culturae
3295 2728 3556 2785 medelam
3598 2744 3611 2778 :
3661 2725 3707 2778 si
3752 2723 3872 2794 quis

2296 2842 2474 2885 autem
2506 2829 2652 2885 ferro
2686 2844 2812 2882 usus
2842 2826 3125 2890 occiderit,
3160 2840 3263 2878 non
3308 2831 3390 2877 est
3426 2820 3734 2889 culpandus
3777 2818 3870 2887 qui

2296 2922 2539 2979 donavit.
2579 2921 2857 2992 Siquidem
2888 2927 2945 2974 et
2977 2917 3116 2988 ignis
3149 2918 3213 2970 ad
3244 2928 3423 2979 curas,
3455 2913 3523 2966 ad
3555 2908 3868 2973 luminaria,

2295 3019 2362 3073 ad
2391 3016 2746 3071 excoctiones
2775 3014 2929 3068 datus
2962 3020 3045 3066 est
3079 3010 3231 3065 nobis
3270 3027 3283 3063 :
3327 3008 3371 3062 si
3418 3006 3541 3078 quis
3587 3014 3771 3059 autem
3814 3014 3875 3054 an

2296 3112 2363 3166 ad
2405 3109 2793 3165 incendendam
2837 3103 3069 3173 proximi
3113 3103 3329 3156 domum
3376 3099 3537 3154 fuerit
3583 3111 3752 3162 usus,
3793 3094 3876 3149 ille

2297 3200 2471 3255 malus
2507 3208 2590 3253 est
2619 3198 2709 3267 qui
2753 3197 2921 3251 utitur
2961 3194 3123 3250 male.
3165 3194 3350 3263 Neque
3394 3206 3530 3260 aqua
3569 3190 3714 3246 mala
3750 3189 3875 3259 quia

2301 3290 2666 3363 przeforantur
2695 3289 2911 3361 quidam
2940 3306 2954 3341 :
2986 3288 3031 3342 si
3069 3288 3214 3342 enim
3248 3288 3418 3356 ipsam
3464 3299 3587 3354 qua:
3618 3285 3686 3337 ad
3723 3296 3873 3336 usum

2300 3384 2589 3453 plurimum
2631 3394 2682 3438 et
2714 3383 2780 3435 ad
2819 3380 3168 3436 refectionem
3205 3380 3328 3433 data
3358 3386 3475 3443 est,
3520 3378 3720 3431 bonam
3761 3374 3876 3441 qui-

2300 3478 2442 3538 dem,
2482 3477 2622 3530 male
2667 3478 2732 3529 ad
2780 3473 3217 3529 interﬁciendum
3268 3480 3516 3536 utuntur,
3554 3469 3657 3538 ipsi
3704 3467 3876 3537 potius

2300 3568 2587 3635 perniciosi
2620 3576 2779 3629 sunt,
2815 3582 2974 3637 quam
3020 3565 3317 3634 opificium.
3361 3563 3428 3619 Et
3469 3562 3607 3631 lapis
3640 3561 3709 3615 ad
3749 3574 3875 3615 cou-

2301 3659 2651 3713 structionem
2668 3668 2748 3715 est
2774 3661 2942 3724 datus,
2981 3656 3113 3713 Cain
3131 3668 3309 3712 autem
3346 3671 3411 3711 eo
3442 3656 3508 3709 ad
3546 3652 3875 3709 interiectio-

2303 3768 2423 3807 nem
2446 3751 2631 3805 fratris
2655 3759 2739 3807 est
2760 3766 2915 3805 usus:
2941 3759 3146 3805 tantum
3166 3750 3306 3805 enim
3326 3748 3448 3802 mali
3472 3759 3601 3803 sunt
3632 3746 3725 3815 qui
3757 3752 3875 3799 sunt

2306 3841 2456 3905 mali,
2486 3842 2611 3910 quia
2652 3840 2855 3895 bonum
2886 3840 2957 3894 ad
2991 3839 3188 3893 malum
3221 3846 3564 3893 convertunt.
3590 3833 3752 3890 Iesus
3779 3846 3871 3903 pas

2302 3943 2422 3997 est,
2463 3943 2517 3987 et
2553 3934 2701 3987 venit
2747 3931 3035 4002 paciﬁcare
3092 3946 3212 4001 qua:
3261 3930 3309 3983 in
3357 3928 3497 3983 coslo
3558 3935 3687 3981 sunt
3728 3935 3782 3979 et
3828 3925 3875 3979 in

2305 4034 2473 4079 terra.
2506 4024 2561 4079 Si
2590 4026 2707 4080 haec
2744 4039 2872 4079 vera
2903 4034 3050 4089 sunt,
3089 4023 3227 4077 sicut
3251 4036 3414 4085 vera;
3444 4020 3575 4090 quid
3617 4017 3873 4072 iaciemus

2304 4116 2389 4169 his
2420 4132 2541 4185 quae
2588 4116 2726 4172 lecta
2757 4126 2883 4171 sunt
2917 4116 3111 4171 hodie?
3144 4114 3279 4169 Dicit
3308 4114 3453 4169 enim
3486 4114 3604 4182 ipse
3633 4109 3871 4166 Salvator

2307 4208 2361 4261 in
2403 4208 2729 4279 Erangelio:
2773 4208 2955 4263 Nolite
2988 4218 3172 4275 putare
3216 4207 3337 4276 quia
3381 4206 3495 4258 veni
3546 4206 3752 4257 mittere
3787 4217 3871 4265 pa-

2308 4314 2414 4352 cem
2468 4301 2524 4353 in
2562 4310 2757 4354 terram
2785 4300 2827 4358 ⁸.
2876 4298 3129 4369 Nunquid
3186 4299 3270 4350 uix
3320 4295 3625 4350 calefacere
3671 4299 3872 4364 potest.

2308 4400 2401 4445 aut
2446 4392 2586 4462 ignis
2633 4392 2758 4448 dare
2796 4391 3092 4462 frigorem?
3131 4389 3379 4457 Nunquid
3414 4404 3516 4458 pax
3556 4395 3738 4455 potest
3778 4398 3873 4440 non

2314 4485 2527 4541 mittere
2592 4487 2821 4556 pacem?
2873 4488 3153 4553 Quomodo
3208 4500 3335 4557 ergo
3392 4483 3505 4549 ipse
3549 4496 3654 4549 pax
3715 4478 3871 4534 dicit:

641 4572 695 4623 in
741 4579 919 4625 utero.
965 4570 1075 4639 Ego
1126 4580 1178 4625 et
1225 4571 1543 4641 prasepium
1597 4570 1723 4624 illud
1771 4571 1965 4640 diligo,
2005 4571 2058 4624 in
2101 4586 2207 4639 quo
2237 4570 2282 4626 D
2313 4576 2498 4631 Nolite
2537 4588 2721 4648 putare
2753 4579 2877 4650 quia
2925 4580 3040 4633 veni
3086 4593 3263 4648 pacem
3310 4576 3517 4629 mittere
3548 4573 3602 4624 in
3652 4570 3873 4623 terrast!

640 4661 765 4717 vita:
795 4662 1025 4732 positum
1056 4672 1137 4716 est
1170 4662 1520 4717 medicamen.
1549 4661 1613 4716 Et
1643 4676 1829 4731 magos
1870 4664 2055 4717 beatos
2086 4664 2206 4718 dico
2304 4670 2373 4724 de
2404 4685 2509 4740 qua
2551 4686 2681 4726 sane
2728 4673 2926 4727 dictum
2961 4682 3074 4735 est,
3113 4681 3169 4725 et
3197 4670 3261 4724 de
3294 4683 3421 4737 quo,
3455 4666 3579 4735 quia
3623 4663 3762 4718 venit
3791 4678 3870 4731 pa-

637 4754 708 4809 ob
746 4755 1169 4810 immutationem
1217 4756 1370 4811 artis.
1416 4756 1582 4809 Beata
1611 4765 1665 4809 et
1712 4754 1967 4816 Rachael,
2000 4765 2052 4805 et
2093 4755 2206 4823 jam
2307 4760 2524 4828 ci/icare
2562 4778 2679 4832 qua:
2708 4764 2760 4816 in
2796 4762 2923 4817 ctelo
2959 4770 3077 4816 sunt
3116 4771 3163 4814 et
3195 4759 3249 4813 in
3283 4769 3422 4812 terra
3449 4758 3490 4810 δ.
3523 4754 3803 4825 Siquidem
3829 4762 3871 4806 et

638 4861 743 4901 non
799 4848 1011 4917 ploret,
1058 4848 1181 4916 quia
1237 4847 1353 4916 ejus
1403 4846 1496 4901 lilii
1548 4856 1813 4916 martyres
1883 4846 2211 4925 exstiterunt
2307 4850 2432 4906 alibi
2470 4852 2598 4907 dicit
2628 4852 3017 4921 Evangelium:
3067 4849 3235 4915 Venit,
3265 4866 3367 4904 non
3398 4850 3474 4902 uti
3498 4848 3709 4919 judieet
3739 4862 3872 4899 rusu-

638 4939 860 4995 Christi.
911 4938 1125 4995 Simeon
1175 4950 1353 4995 autem
1401 4939 1491 4993 ille
1536 4946 1590 4992 et
1634 4940 1788 4992 Anna
1836 4938 1955 4991 ideo
2003 4937 2205 5005 gratias
2305 4943 2467 5007 dum,
2512 4944 2602 4997 sed
2644 4955 2699 4997 ut
2746 4945 2972 4999 mundus
3016 4942 3190 4997 salvus
3229 4942 3321 5012 ﬁat
3369 4957 3465 5010 per
3508 4941 3679 5003 ipsum
3706 4941 3748 4994 '.
3786 4936 3873 5004 Qui

648 5032 897 5100 nitebant.
926 5034 1049 5101 quia
1096 5034 1239 5102 digni
1269 5030 1494 5101 iudicati
1541 5041 1664 5085 sunt
1700 5031 1881 5085 videre
1925 5044 2082 5098 quem
2113 5028 2206 5084 de-
2306 5036 2481 5091 credit
2509 5036 2789 5091 salvatur:
2821 5039 2907 5108 qui
2934 5046 3113 5093 autem
3141 5050 3245 5091 non
3273 5034 3448 5089 credit
3477 5032 3755 5103 judicatus
3780 5038 3871 5085 est.

643 5122 955 5178 siderabant
1018 5126 1171 5180 mulli
1236 5126 1493 5195 quidem,
1551 5126 1801 5179 viderunt
1860 5133 2040 5178 autem
2100 5138 2203 5177 non

2310 5129 2377 5183 Et
2419 5130 2655 5185 iterum:
2700 5128 2822 5185 Non
2857 5132 2973 5184 ueni
3012 5132 3111 5185 nisi
3158 5129 3226 5183 ad
3260 5143 3378 5183 oves
3427 5120 3664 5196 perditus
3704 5127 3873 5177 domus

642 5228 850 5268 omnes.
878 5214 1111 5272 Joannes
1153 5229 1329 5272 autem
1364 5218 1450 5272 ille
1485 5218 1575 5288 qui
1610 5219 1662 5271 in
1705 5227 1921 5287 pectore
1961 5216 2208 5271 recubuit
2318 5220 2485 5275 Israel
2524 5220 2545 5253 ⁶
2574 5244 2584 5278 :
2617 5232 2669 5277 et
2714 5235 2861 5279 certe
2904 5223 3071 5291 magis
3108 5220 3403 5292 perierunt.
3441 5217 3583 5284 Quid
3620 5231 3753 5289 ergo
3783 5215 3872 5271 ista

662 5304 895 5371 Domini,
924 5309 1045 5363 inde
1078 5310 1333 5366 hauriens
1362 5311 1519 5365 nobis
1548 5309 1819 5379 loquitur:
1853 5308 1921 5363 In
1951 5310 2208 5379 principio
2316 5316 2593 5369 contraria
2637 5315 2807 5369 sum?
2855 5314 2990 5368 Num
3040 5323 3098 5368 ιιι
3149 5311 3482 5375 dividantur,
3524 5308 3735 5364 verius
3780 5320 3871 5363 non

2316 5392 2619 5461 consentiet
2682 5407 2819 5463 sibi?
2867 5406 2922 5461 Si
2978 5407 3143 5478 igitur
3192 5404 3393 5460 veritas
3441 5402 3763 5458 discesserit
3806 5400 3871 5456 si-

2316 5498 2367 5553 bi
2399 5496 2537 5569 (83),
2575 5499 2761 5568 perdet
2784 5511 2839 5556 et
2873 5509 3156 5564 naturam;
3191 5498 3455 5555 mendacii
3504 5499 3651 5552 enim
3692 5506 3869 5551 natura

2318 5586 2369 5641 in
2401 5588 2736 5646 dissensione
2763 5600 2867 5654 est,
2895 5599 3138 5646 veritatts
3166 5598 3349 5645 autem
3379 5598 3572 5643 natura
3600 5585 3870 5643 consensio

2614 5704 2636 5735 ³
2674 5703 2863 5760 Matth.
2894 5719 2947 5771 ι,
2970 5704 3058 5761 5i.
3138 5704 3159 5735 ⁸
3195 5704 3401 5762 Coloss.
3431 5719 3470 5768 ι.
3501 5701 3595 5758 ΞΟ.
3672 5704 3695 5735 ⁸
3730 5700 3869 5761 loeu-

640 5408 753 5449 erat
815 5397 1035 5453 Verbum
1093 5404 1129 5455 ¹.
1192 5400 1383 5458 Petrus
1430 5417 1560 5457 vero
1601 5404 1690 5471 qui
1741 5418 1769 5455 a
1819 5399 1979 5455 Patre
2018 5403 2209 5470 dignus

640 5482 909 5549 iudicatus
968 5488 1346 5544 revelationem
1418 5490 1681 5558 accipere,
1732 5498 1786 5544 et
1842 5488 2023 5542 videre
2086 5503 2207 5542 eum

642 5587 797 5642 quem
845 5594 948 5631 non
984 5580 1224 5640 videbat,
1274 5589 1327 5633 et
1361 5594 1583 5635 noscere
1609 5595 1731 5636 eum
1764 5580 1853 5647 qui
1900 5580 2211 5637 occultabao

711 5690 757 5723 "
796 5691 915 5747 Gal.
944 5709 1001 5755 ιι,
1033 5693 1121 5748 20.
1197 5692 1243 5725 ⁹⁹
1275 5692 1399 5748 Gal.
1426 5710 1501 5761 Vl,
1534 5695 1620 5749 li.
1696 5696 1712 5727 '
1750 5693 1907 5752 Joan.
1938 5711 1976 5757 ι.
2011 5694 2060 5751 1.

645 5771 725 5827 m,
756 5762 838 5814 l7.
918 5765 936 5794 ι
971 5765 1156 5819 Matth.
1185 5780 1273 5826 xv.
1298 5763 1399 5819 2i.

708 5875 823 5941 (8'5)
865 5875 986 5944 Ms.,
1016 5878 1318 5935 dissenserit
1356 5879 1476 5935 sibi.

2140 5698 2158 5728 ’
2197 5697 2348 5755 Rom.
2379 5716 2460 5769 nl,
2483 5700 2537 5759 5.
