4072 6388
157 399 294 454 1177

1541 403 1608 459 IN
1652 400 1917 458 MATTH.
1959 401 2027 466 Χ.
2064 400 2155 459 3‘.

3321 405 3460 462 1178

153 524 256 570 est.
290 515 596 583 Quomodo
624 532 759 588 ergo
789 518 892 574 ista
925 519 1028 574 sibi
1059 519 1443 575 consentient?
1475 518 1632 575 lesus
1673 533 1772 588 pax
1803 524 1852 582 Α
1880 519 1933 573 in
1986 519 2126 575 rosis
2163 517 2394 574 habetur
2444 517 2770 582 diversitas,
2813 517 2869 573 in
2921 517 3106 574 colore
3151 517 3357 574 scilicet
3402 525 3464 577 et

154 616 261 672 est,
291 617 349 664 et
393 608 517 672 ipse
559 609 698 665 dicit
737 626 753 665 ε
793 608 973 666 Nolite
1030 622 1217 680 putare
1255 614 1384 682 quia
1436 629 1616 682 pacem
1658 612 1770 666 veni

155 703 365 755 mittere
410 701 468 754 in
516 711 742 756 terram.
776 702 985 757 Dictum
1036 713 1214 758 autem
1260 704 1415 759 deeo
1456 713 1578 758 est-:
1618 700 1768 757 Venit

152 793 447 862 paciﬁca"
490 810 559 848 ea
615 811 732 865 qua!
784 797 840 850 in
894 797 1034 851 cretis
1069 807 1186 851 sunt
1225 807 1273 852 et
1318 797 1374 851 in
1426 806 1587 851 terra.
1622 795 1767 863 Quo-

153 888 320 940 modo
351 901 497 956 ergo
530 902 649 943 non
678 889 826 942 venit
860 903 1046 957 pacem
1082 889 1134 942 in
1172 898 1372 944 terram
1414 889 1646 952 mittere,
1678 888 1768 956 qui

152 975 281 1031 ideo
322 977 506 1044 venit,
536 986 605 1032 ut
641 989 697 1034 et
726 993 789 1032 ea
830 993 951 1048 qua
1001 978 1055 1031 in
1102 977 1260 1033 cmlis
1285 987 1340 1032 et
1372 978 1425 1033 in
1462 989 1602 1032 terra
1649 986 1774 1032 sunt

153 1067 506 1136 paciﬁcaret,
539 1079 601 1126 et
630 1070 696 1124 ad
725 1084 855 1126 oves
897 1071 1134 1139 perditas
1167 1071 1360 1125 domus
1390 1067 1559 1124 israel
1597 1070 1764 1134 venit,

151 1167 209 1212 et
242 1159 490 1214 inventa
533 1173 667 1214 sum
715 1163 1041 1229 pereuntes?
1090 1160 1204 1216 Non
1253 1170 1340 1216 est
1387 1161 1584 1216 missus
1620 1161 1767 1232 judi-

153 1265 306 1315 care,
355 1262 416 1307 et
468 1252 756 1308 invenitur
795 1254 1179 1309 condemnare.
1228 1250 1285 1308 Si
1327 1253 1452 1322 quis
1495 1251 1773 1306 desiderat

154 1355 222 1396 ea
262 1356 395 1412 quae
447 1353 590 1400 sunt
634 1345 847 1400 Domini
897 1345 1150 1407 edoceri,
1188 1345 1444 1414 projiciat
1487 1344 1668 1397 omnia
1701 1358 1768 1398 ex

155 1436 328 1490 corde
364 1451 499 1501 suo,
528 1446 588 1494 et
617 1438 820 1493 mundo
859 1438 1016 1494 oculo
1049 1440 1244 1492 mentis
1279 1439 1542 1494 intendat.
1571 1436 1771 1506 Propo-

154 1527 326 1582 situm
362 1530 599 1598 quidem
629 1531 720 1586 Dei
746 1531 837 1600 qui
885 1531 1031 1584 misit
1061 1529 1254 1585 Filium
1291 1546 1448 1584 suum
1481 1529 1590 1584 tale
1619 1538 1768 1594 erat,

154 1627 220 1674 ut
269 1619 636 1676 selvarentur
679 1622 946 1677 homines.
968 1619 1285 1678 Obedientia
1333 1633 1515 1678 autem
1537 1621 1654 1690 ejus
1676 1621 1767 1692 qui

160 1710 376 1766 missus
416 1722 510 1766 est
554 1727 651 1776 ea,
694 1724 754 1768 ut
788 1728 889 1782 pax
921 1723 1068 1768 esset
1112 1714 1166 1768 in
1215 1713 1371 1769 caelis
1409 1723 1464 1769 et
1502 1715 1554 1767 in
1600 1722 1766 1768 terra.

163 1800 326 1857 Unde
357 1816 504 1874 ergo
535 1820 642 1857 non
677 1804 816 1872 pax?
843 1805 924 1858 Ab
959 1803 1272 1858 inﬁrmitate
1311 1803 1510 1873 quippe
1554 1817 1766 1867 eorum.

1872 613 2082 667 odore:
2125 620 2182 666 et
2225 610 2278 665 in
2315 609 2584 665 fructibus
2625 617 2713 665 est
2745 608 3004 674 varicus,
3048 615 3104 662 et
3136 608 3462 679 magnitudi-

1874 703 1980 769 nis,
2006 710 2062 757 et
2099 700 2321 766 coloris,
2350 707 2407 756 et
2453 709 2669 771 gustus,
2709 709 2768 755 et
2796 707 3015 754 tactus:
3052 706 3112 755 et
3155 698 3341 753 vinum
3390 715 3459 754 ex

1869 797 1984 849 vite
2013 802 2095 849 est
2138 806 2318 858 omne,
2357 791 2454 847 sed
2488 798 2679 861 gustus
2703 789 2907 846 diversi
2940 807 2955 845 :
2991 797 3047 844 et
3077 789 3211 846 olea:
3247 790 3456 846 fructus

1870 885 2244 941 varillcantur.
2273 882 2379 940 Sed
2403 883 2596 939 horum
2613 880 2855 938 omnium
2881 881 3139 948 varietas,
3165 889 3221 935 et
3251 883 3462 936 anima-

1869 977 2024 1045 lium,
2050 985 2314 1032 eteorum
2341 974 2431 1046 qui
2461 989 2529 1030 ex
2561 973 2675 1045 ipsa
2701 982 2828 1028 sunt
2856 974 3076 1044 specie:
3109 988 3282 1043 equus
3310 973 3456 1030 enim

1868 1084 2012 1140 equo
2044 1067 2304 1132 velocior.
2341 1075 2398 1122 et
2432 1081 2538 1121 non
2577 1074 2811 1129 tantum,
2852 1073 3118 1134 quantum
3155 1065 3318 1120 homo
3361 1065 3461 1120 ho-

1873 1162 2001 1218 mini
2040 1184 2052 1217 :
2088 1160 2265 1216 nullus
2311 1160 2455 1215 enim
2503 1173 2679 1230 equus
2729 1158 2905 1214 currit
2957 1167 3261 1214 retrorsum
3303 1174 3319 1212 :
3361 1157 3462 1213 ho-

1872 1255 2047 1309 mines
2085 1263 2265 1310 autem
2296 1252 2518 1323 quidam
2546 1260 2678 1307 sunt
2715 1249 2982 1320 religiosi,
3014 1250 3236 1319 quidam
3281 1249 3462 1307 sacri-

1869 1346 1998 1418 legi,
2031 1345 2120 1400 alii
2155 1345 2358 1416 pudici,
2389 1345 2478 1399 alii
2510 1344 2803 1409 luxuriosi,
2834 1343 2926 1398 alii
2957 1343 3220 1413 diripiunt
3249 1342 3458 1412 aliena,

1870 1440 1959 1494 alii
2004 1446 2266 1508 spargunt
2313 1452 2444 1499 sua,
2494 1435 2586 1491 alii
2631 1444 2954 1505 stuprantur
2989 1448 3096 1488 non
3150 1447 3284 1489 suas
3335 1447 3462 1487 mu-

1868 1531 2052 1597 lieres,
2080 1530 2169 1586 alii
2213 1545 2292 1586 ne.
2322 1529 2540 1599 quidem
2589 1543 2718 1583 suas
2753 1527 3100 1596 contingunt.
3154 1523 3274 1580 Non
3309 1525 3459 1580 enim

1870 1634 2018 1680 tanta
2059 1624 2354 1680 diversitas
2399 1629 2484 1676 est
2517 1632 2694 1684 terrae,
2736 1627 2938 1689 quanta
2977 1620 3214 1673 varietas
3253 1619 3462 1672 anima-

1871 1732 1989 1770 rum
2018 1735 2032 1770 :
2067 1715 2154 1771 ille
2187 1715 2333 1769 enim
2366 1723 2574 1784 martyr
2604 1716 2838 1778 exsistit,
2879 1713 3019 1768 alius
3067 1710 3457 1781 persequitur;

1871 1818 1924 1862 et
1964 1818 2154 1871 natura
2201 1805 2418 1876 quidem
2470 1804 2589 1875 ipsa
2635 1812 2752 1870 est,
2803 1803 3058 1858 voluntas
3115 1809 3296 1856 autem
3361 1799 3462 1855 ad-

158 1887 422 1963 qni'non
478 1905 770 1964 potuerunt
815 1897 1096 1964 suscipere
1157 1895 1501 1965 splendorem
1551 1893 1771 1950 luminis
1802 1886 1844 1941 Β
1876 1915 2030 1956 versa
2067 1899 2201 1971 (85).
2247 1897 2376 1954 lnde
2407 1905 2492 1953 est
2532 1906 2590 1951 ut
2635 1896 2724 1952 ille
2773 1895 2992 1963 quidem
3043 1894 3109 1949 ad
3162 1891 3462 1948 Ecclesiam

158 1986 304 2039 veri.
340 1985 470 2054 Ipse
519 1989 662 2041 enim
701 1999 889 2054 pacem
938 1986 1232 2056 praedicat,
1275 1995 1331 2040 et
1363 1985 1484 2040 ideo
1517 1987 1768 2040 hortatur

161 2074 270 2130 hoc
319 2075 536 2132 Paulus
581 2078 874 2147 apostolus,
912 2089 968 2133 et
1013 2078 1182 2133 dicit:
1217 2076 1337 2147 Ipse
1370 2086 1445 2130 est
1486 2077 1624 2131 enim
1662 2091 1770 2145 pax

161 2179 353 2223 nostra
383 2171 428 2223 '.
474 2170 674 2225 Eorum
707 2169 914 2226 scilicet
940 2171 1031 2240 qui
1079 2171 1312 2225 credunt
1343 2178 1399 2224 et
1441 2169 1766 2238 suscipiunt,

160 2273 269 2329 pax
320 2270 439 2319 est.
485 2261 764 2328 Quomodo
799 2276 930 2332 ergo
977 2277 1082 2316 non
1129 2276 1316 2331 pacem
1363 2261 1528 2315 mittit
1565 2262 1616 2315 in
1661 2270 1770 2314 ter-

163 2365 281 2404 ram
300 2350 490 2407 iFilia
519 2353 770 2419 credidit,
801 2363 964 2424 pater
983 2353 1294 2409 incredulus
1322 2354 1602 2409 remansit.
1632 2353 1765 2419 Qua:

160 2447 586 2500 communicatio
618 2457 695 2501 est
739 2447 884 2515 ﬁdeli
914 2446 983 2500 ad
1025 2445 1291 2515 inﬁdelem
1315 2446 1371 2500 'i
1428 2451 1578 2516 pacis
1621 2447 1766 2501 enim

163 2535 492 2603 praedicatio
521 2537 838 2592 divisionem
869 2547 1143 2606 operatur.
1179 2536 1347 2592 Filius
1374 2537 1576 2600 ﬁdelis,
1609 2547 1766 2607 pater

165 2624 492 2684 incredulus
531 2647 545 2683 :
575 2643 642 2684 ex
683 2630 1009 2684 necessitate
1046 2630 1112 2683 lis
1145 2640 1265 2693 est;
1309 2639 1365 2684 et
1410 2645 1532 2700 qua:
1565 2631 1767 2700 pnedi-

165 2728 330 2774 catur
359 2737 489 2790 pax,
520 2731 741 2792 operata
773 2733 858 2777 est
883 2723 1224 2785 divisionem,
1247 2735 1302 2778 ct
1327 2725 1522 2778 bonam
1545 2724 1768 2778 divisio-

166 2823 330 2877 nem;
377 2813 430 2866 in
465 2829 596 2883 pace
623 2823 803 2869 autem
845 2816 1034 2868 salvati
1079 2830 1285 2870 sumus.
1325 2813 1394 2870 Ut
1425 2832 1530 2870 non
1580 2828 1762 2870 autem

165 2913 270 2968 ego
300 2901 450 2958 illius
479 2903 837 2974 interpreter;
872 2906 1001 2960 nihil
1035 2907 1178 2960 enim
1211 2915 1294 2961 est
1322 2907 1464 2976 quod
1497 2922 1606 2962 non
1643 2907 1763 2975 ejus

169 2990 471 3048 debeamus
499 2995 728 3051 audire:
760 2995 872 3064 ipse
919 2995 1048 3050 dicit
1075 3014 1088 3051 :
1134 2993 1218 3050 Ne
1251 3000 1444 3066 putetis
1488 2998 1616 3068 quia
1647 2997 1762 3052 veni

168 3099 358 3150 pacem
411 3087 619 3142 mittere
667 3088 722 3142 in
772 3097 986 3142 terram.
1036 3088 1104 3144 Et
1155 3090 1334 3145 adhuc
1387 3090 1760 3144 vehementius

169 3173 324 3230 addit
351 3193 362 3230 :
395 3173 518 3230 Non
545 3178 657 3231 veni
679 3195 861 3246 parem
885 3182 1108 3245 mittere,
1132 3182 1222 3233 sed
1247 3179 1540 3250 gladium’.
1568 3180 1760 3246 Quem-

1873 2001 2057 2047 currat
2091 1991 2388 2055 manicans,
2435 1989 2576 2044 alius
2623 1991 2688 2042 ad
2741 1987 2950 2059 lapides
2992 1984 3232 2042 oﬂendat
3269 1999 3465 2041 exsur-

1873 2097 2006 2152 gens
2043 2083 2110 2137 ad
2154 2081 2354 2136 lumen.
2399 2080 2525 2135 Inde
2562 2089 2648 2135 est
2697 2091 2754 2133 ut
2803 2079 2891 2132 ille
2939 2079 3152 2132 laetetur
3189 2078 3335 2153 quod
3377 2085 3465 2132 est

1873 2173 2125 2242 pudicus,
2155 2169 2294 2226 alius
2345 2171 2579 2240 gaudeat
2622 2169 2766 2239 quod
2805 2169 2856 2222 in
2905 2166 3219 2222 libidinibus
3249 2166 3465 2222 voluta-

1875 2275 1978 2319 tur.
2022 2262 2150 2318 lnde
2177 2273 2262 2316 est
2297 2271 2355 2315 ut
2391 2260 2477 2315 ille
2520 2261 2573 2314 in
2619 2259 2733 2315 foro
2765 2259 2964 2314 vendat
3002 2269 3058 2313 ct
3091 2257 3461 2324 distrahatur,

1871 2358 2011 2414 alius
2049 2357 2116 2411 ad
2161 2353 2459 2410 Ecclesiam
2509 2353 2735 2408 veniens
2783 2353 3134 2422 semetipsum
3193 2351 3461 2406 lucretur.

1869 2451 2000 2507 inde
2028 2459 2111 2506 est
2141 2458 2201 2502 ut
2236 2448 2323 2503 ille
2353 2447 2525 2502 aliena
2556 2445 2720 2512 colat,
2767 2447 2904 2502 alius
2947 2446 3050 2501 sibi
3085 2455 3290 2514 parcat.
3320 2444 3452 2498 Inde

1870 2552 1958 2598 est
1991 2553 2050 2595 ut
2089 2540 2178 2595 ille
2227 2539 2434 2607 lapides
2478 2536 2735 2598 aedificet,
2765 2536 2903 2590 alius
2935 2536 3161 2590 virtutes
3197 2546 3462 2603 superpo-

1871 2641 1983 2686 nat.
2013 2629 2142 2684 Inde
2177 2639 2258 2684 est
2297 2637 2353 2682 ut
2383 2629 2470 2683 ille
2506 2642 2704 2697 corpus
2738 2628 3004 2698 detergat,
3044 2625 3183 2681 alius
3217 2625 3458 2679 animam

1869 2723 2080 2793 perdat.
2112 2722 2212 2776 ista
2242 2733 2327 2776 est
2363 2738 2466 2775 non
2503 2737 2628 2792 pax,
2675 2721 2770 2776 sed
2814 2720 3121 2786 dissensio;
3157 2718 3284 2790 quia
3323 2717 3464 2773 alius

1869 2811 2030 2866 aliter
2063 2812 2250 2876 sentit,
2292 2821 2348 2866 et
2387 2811 2531 2865 alius
2565 2810 2726 2865 aliter
2775 2811 2939 2881 sapit.
2982 2809 3093 2864 Nec
3142 2811 3289 2864 enim
3333 2822 3474 2862 cuui'

1866 2917 2044 2959 ortum
2076 2904 2180 2959 hoc
2220 2903 2478 2958 sensibile
2519 2903 2682 2957 fuerit
2716 2903 2924 2966 lumen,
2969 2918 3161 2958 omnes
3210 2901 3463 2958 similiter

1867 2997 2189 3066 suscipiunt.
2221 2995 2328 3050 Sed
2373 2995 2446 3050 illi
2481 2995 2698 3062 quidem
2741 2994 2834 3066 qui
2876 3009 3040 3051 sanos
3077 2994 3282 3049 habent
3329 3007 3460 3048 ocu-

1869 3089 1968 3151 los,
2005 3097 2062 3143 et
2105 3096 2432 3151 occurrunt,
2482 3096 2538 3141 et
2585 3089 2907 3151 attendunt,
2951 3095 3004 3140 et
3040 3085 3334 3140 fruuntur:
3365 3083 3458 3156 qui

1869 3189 2046 3236 autem
2099 3178 2444 3235 inlirmantur
2487 3178 2685 3245 oculis,
2717 3178 3002 3250 corrigunt
3037 3193 3118 3244 se,
3165 3186 3220 3233 et
3252 3176 3457 3241 vitant,

169 3265 463 3352 admodum
494 3284 600 3323 non
644 3283 858 3338 pacem,
899 3281 954 3325 et
984 3246 1440 3350 quemadmodum
1489 3272 1763 3340 gladium?
1791 3246 1923 3352 ciet
1966 3273 2200 3343 fugiunt.
2248 3270 2382 3325 Nam
2431 3280 2487 3325 et
2544 3271 2848 3326 latronibus
2874 3246 3188 3326 vonerosum
3239 3279 3324 3325 est
3371 3268 3459 3324 lu-

180 3350 312 3410 Vem
377 3359 516 3412 enim
591 3358 826 3413 incidere
898 3362 1160 3414 hominem
1246 3365 1494 3416 adversus
1559 3372 1763 3430 patrem

164 3453 326 3494 suum
353 3442 438 3498 ":
487 3445 692 3513 accipio
727 3445 875 3499 enim
942 3446 1107 3500 lilium
1160 3448 1309 3518 ejus,
1353 3460 1408 3502 et
1457 3465 1562 3502 non
1616 3448 1762 3501 dele-

164 3539 355 3589 ctatur
381 3544 554 3605 pater.
592 3537 832 3591 Adverte
863 3548 1038 3593 autem
1067 3551 1122 3594 et
1152 3539 1385 3610 ipsorum
1417 3540 1761 3594 efﬁcientiam

165 3637 519 3690 sermonum;
550 3628 675 3697 quia
718 3629 867 3683 enim
917 3633 1055 3685 dixit
1099 3632 1333 3701 gladium
1377 3632 1637 3695 incidere,
1668 3634 1764 3686 ad-

167 3714 281 3769 dit:
305 3715 482 3771 Nolite
513 3729 698 3786 putare
726 3722 852 3788 quia
888 3724 999 3774 verti
1027 3739 1206 3793 pacem
1237 3724 1439 3776 mittere
1466 3725 1516 3776 in
1543 3734 1760 3776 terram.

166 3805 285 3892 Non
323 3812 554 3880 suscipit
589 3823 765 3866 terra.
811 3812 926 3867 Non
978 3816 1098 3870 veni
1137 3831 1323 3885 pacem
1363 3817 1621 3869 mittere:
1663 3816 1765 3868 ite-

172 3915 292 3955 rum
329 3905 450 3956 amli
486 3905 537 3958 in
571 3916 776 3960 terram
805 3923 818 3960 :
849 3905 960 3974 Ego
988 3909 1156 3973 enim,
1185 3910 1376 3977 inquit,
1413 3924 1597 3978 parem
1632 3925 1763 3977 pra:-

168 3995 310 4058 «κω,
343 3997 435 4050 sed
485 4007 628 4051 terra
663 4014 773 4052 non
815 4001 1062 4068 suscipit.
1105 3999 1218 4055 Non
1266 4017 1396 4070 ergo
1443 4000 1762 4056 seminantis

168 4091 502 4158 proliositum
533 4107 544 4140 :
580 4089 697 4157 ipse
727 4091 876 4144 enim
909 4093 1171 4146 sustinuit
1206 4105 1263 4146 ut
1295 4093 1536 4148 lacerent
1571 4109 1755 4153 uvam,

165 4178 412 4235 iecerunt
454 4192 638 4235 autem
671 4184 879 4253 spinas.
929 4184 1110 4255 Neque
1148 4187 1191 4240 is
1231 4187 1282 4239 in
1322 4202 1484 4240 causa
1523 4198 1629 4253 est,
1665 4188 1753 4256 qui

163 4268 434 4328 benefacit
466 4275 638 4328 vinea:
667 4294 678 4331 :
731 4274 855 4328 Veni
888 4278 1053 4343 enim,
1089 4278 1284 4347 inquit,
1331 4280 1559 4331 incidere
1592 4281 1763 4332 homi-

166 4380 282 4419 nem
323 4366 573 4421 adversus
609 4381 818 4434 patrem
848 4385 1031 4434 suum,
1074 4381 1122 4423 et
1161 4387 1350 4424 nurum
1383 4374 1633 4426 adversus
1677 4389 1762 4426 so-

165 4474 313 4513 crum
351 4476 526 4515 suam.
582 4459 672 4514 Isti
727 4476 1009 4516 sermones
1054 4465 1214 4518 rebus
1264 4465 1393 4532 ipsis
1449 4466 1754 4520 ﬁrmantur.

1871 3381 2014 3428 men,
2063 3375 2118 3420 et
2149 3361 2363 3420 furibus
2415 3381 2523 3422 non
2559 3365 2838 3428 dilectum,
2887 3372 2942 3417 et
2994 3362 3262 3417 adulteris
3305 3360 3459 3417 odio-

1869 3475 2010 3512 sum.
2040 3457 2278 3526 Denique
2307 3466 2364 3512 et
2403 3471 2465 3511 ea
2497 3472 2617 3525 qua:
2663 3462 2855 3524 repunt
2886 3453 3127 3524 fugiunt;
3157 3463 3337 3508 ortum
3373 3461 3462 3507 est

1866 3551 2013 3605 enim
2059 3549 2274 3614 lumen;
2317 3559 2392 3604 et-
2413 3551 2504 3620 qui
2551 3559 2677 3602 sunt
2721 3546 2859 3602 ebrii
2893 3561 2998 3602 non
3045 3545 3278 3601 libenter
3315 3563 3457 3600 acci-

1867 3641 2040 3711 piunt,
2067 3640 2196 3710 quia
2235 3649 2390 3706 urget
2414 3653 2508 3692 eos
2539 3638 2717 3691 lmnen
2741 3651 3055 3706 exsurgere.
3087 3635 3227 3691 Sunt
3252 3650 3384 3690 sane
3405 3645 3460 3690 et

1866 3732 2112 3800 quzcdam
2153 3730 2406 3785 animalia
2446 3727 2852 3798 versipelliones
2881 3736 2937 3782 et
2968 3726 3183 3792 bellum,
3214 3736 3270 3782 et
3304 3741 3458 3797 qua--

1867 3837 2081 3891 cunque
2118 3822 2273 3876 istius
2305 3822 2523 3886 generis
2565 3821 2855 3880 habentur,
2894 3833 3015 3889 qua:
3049 3817 3102 3873 in
3136 3825 3308 3872 totum
3350 3831 3456 3870 non

1867 3917 2142 3970 sustinent
2195 3915 2417 3969 luminis
2451 3914 2654 3968 radios.
2699 3911 2836 3965 Sunt
2879 3919 3058 3966 autem
3094 3919 3150 3965 et
3179 3908 3457 3964 hominum

1867 4007 2020 4061 multi
2058 4007 2491 4075 versipelliones,
2521 4017 2576 4058 et
2599 4004 3074 4076 versipellionihus
3104 4002 3342 4071 pejores,
3377 4001 3458 4057 vi-

1865 4115 2008 4170 pera:
2036 4099 2210 4169 magis
2232 4114 2392 4170 quam
2425 4099 2700 4162 homines,
2730 4095 3139 4161 amari,invidi,
3173 4094 3454 4160 malitiosi,

1867 4208 2002 4262 quos
2033 4205 2226 4245 omnes
2263 4192 2411 4258 fugat
2445 4191 2623 4243 lumen
2653 4204 2775 4242 cum
2813 4187 2975 4242 fuerit
3015 4198 3220 4242 ortum.
3251 4186 3452 4242 lterum

1864 4297 2049 4340 autem
2083 4298 2267 4337 sermo
2308 4283 2543 4336 recurrit
2573 4281 2636 4332 ad
2666 4281 2840 4350 ipsum
2866 4288 3172 4342 certamen,
3200 4278 3286 4332 his
3335 4293 3455 4347 qua:

1867 4380 1981 4433 heri
2018 4388 2146 4432 sunt
2183 4376 2350 4430 dicta.
2389 4375 2588 4428 lterum
2625 4373 2768 4426 enim
2801 4371 3113 4442 pr0positus
3136 4380 3221 4424 est
3271 4369 3455 4424 Domi-

1867 4488 1969 4527 nus
1998 4471 2180 4532 Jesus,
2213 4477 2267 4522 et
2297 4466 2576 4537 proposita
2608 4474 2733 4519 sunt
2772 4463 2874 4516 alia
2916 4461 3106 4516 multa.
3142 4461 3306 4516 Pater
3338 4459 3452 4515 liti--

166 4549 362 4618 Quanti
387 4554 528 4608 enim
553 4569 620 4607 ex
641 4555 726 4608 his
745 4555 833 4622 qui
858 4555 941 4607 hic
966 4571 1108 4608 nunc
1141 4566 1525 4620 convenerunt,
1561 4557 1758 4612 habent
1789 4589 1833 4642 Β
1866 4581 2023 4635 gans,
2057 4571 2235 4617 mater
2283 4559 2686 4621 contradicens,
2716 4571 2873 4612 soror
2913 4555 3226 4625 increpans,
3282 4554 3455 4610 frater

168 4657 356 4700 eorum
425 4662 544 4716 quae
604 4649 859 4701 dicuntur
917 4648 1409 4717 experimentum?
1460 4650 1555 4703 Est
1609 4653 1753 4704 enim

168 4746 322 4803 pater
360 4737 646 4807 increpans
683 4737 825 4791 filios
859 4738 928 4792 ob
971 4739 1372 4804 credulitatem,
1399 4749 1455 4794 et
1502 4741 1596 4794 lilii
1641 4757 1755 4796 mo-

167 4839 360 4884 nentes
398 4839 582 4897 patres
625 4831 690 4883 ad
744 4831 936 4893 tidem,
981 4840 1036 4884 et
1081 4831 1201 4886 ﬁlia:
1235 4831 1492 4887 docentes
1527 4843 1750 4890 matres.

171 4922 225 4976 Si
258 4924 408 4977 enim
452 4933 507 4977 et
545 4937 611 4976 ex
662 4925 775 4992 ipsa
810 4932 1001 4977 natura
1033 4939 1244 4987 omnes,
1290 4927 1382 4980 sed
1426 4942 1529 4980 non
1562 4943 1626 4980 ex
1659 4943 1752 4982 eo-

171 5015 291 5072 dem
345 5019 642 5086 proposito.
710 5017 948 5085 Denique
994 5026 1050 5072 et
1088 5035 1152 5072 ex
1206 5019 1591 5087 conspersione
1644 5035 1750 5074 una

169 5105 428 5177 pollinis,
476 5105 720 5175 qttzedam
763 5106 981 5173 quidem
1045 5123 1168 5176 quae
1221 5109 1272 5162 in
1322 5108 1585 5164 fermento
1625 5121 1752 5165 sunt

171 5197 559 5263 dissolvuntur,
597 5199 840 5270 quadam
886 5207 1065 5251 autem
1095 5215 1214 5267 quae
1252 5200 1578 5256 fermentata
1623 5212 1752 5257 sunt

171 5290 512 5344 continentur
551 5307 563 5342 :
598 5299 653 5343 et
686 5303 878 5344 carnes
925 5289 1084 5344 aliter
1121 5301 1370 5345 tenentur
1415 5308 1535 5362 qua:
1580 5294 1746 5349 salem

173 5380 405 5445 habent,
447 5381 603 5434 aliter
647 5396 768 5450 qua:
797 5381 912 5434 sine
963 5381 1074 5436 sale
1119 5394 1560 5452 corrumpuntur.
1611 5385 1744 5440 Nam

169 5473 269 5528 etsi
290 5473 402 5542 ipsa
433 5482 623 5525 natura
647 5474 719 5526 sit
739 5475 944 5539 carnis,
973 5488 1077 5526 non
1105 5482 1282 5528 tamen
1309 5476 1418 5544 ipsa
1443 5477 1744 5544 permistio.

172 5564 326 5619 Aliud
357 5565 541 5618 vinum
577 5573 662 5620 est
693 5564 812 5620 sine
845 5581 1001 5636 aqua,
1031 5576 1085 5621 et
1124 5567 1268 5620 aliud
1309 5583 1431 5622 cum
1485 5583 1645 5638 aqua.
1682 5571 1748 5625 Et

174 5657 457 5729 ligulorum
492 5659 558 5712 ad
607 5660 986 5728 permistiones
1049 5662 1337 5725 diversitas
1385 5663 1659 5722 habetur:
1694 5678 1748 5722 et

244 5775 266 5801 '
308 5773 506 5844 Ephes.
533 5790 596 5838 ιι,
627 5775 716 5828 ll.
791 5776 814 5808 ⁸
850 5774 869 5828 l
899 5776 1024 5831 Cur.
1055 5795 1126 5848 vi,
1160 5781 1242 5836 15.
1322 5782 1341 5812 ’
1382 5781 1572 5840 Matth.
1603 5800 1656 5852 κ,
1689 5787 1778 5841 53.

249 5867 361 5940 (81)
401 5869 652 5928 Adversa.
687 5871 768 5925 An
796 5871 994 5926 dicerw
1019 5874 1043 5926 .’

1863 4658 2226 4728 exprobrans,
2249 4654 2389 4709 servi
2411 4661 2784 4721 exsurgentes,
2805 4649 3014 4704 ancillae
3035 4656 3451 4720 exaggerantes.

1865 4750 2253 4820 Unusquisque
2299 4748 2442 4802 enim
2473 4760 2627 4800 suam
2664 4744 2999 4798 voluntatem
3038 4751 3164 4797 ante
3218 4741 3450 4798 salutem

1863 4841 2099 4895 llliorum
2137 4851 2481 4908 praeponens,
2547 4834 2720 4890 trahit
2780 4836 2846 4889 ad
2904 4848 3061 4888 suum
3111 4833 3449 4903 propositum

1862 4934 2122 5003 ignorans
2153 4932 2548 5002 proditionem.
2579 4929 2893 4984 Certamina
2944 4942 3076 4997 ergo
3105 4941 3203 4996 pro
3232 4926 3455 4982 Christo

1862 5027 2018 5080 nobis
2051 5034 2182 5079 sunt
2218 5041 2230 5076 :
2264 5021 2519 5077 Christus
2553 5030 2762 5075 tantum
2792 5022 3001 5074 lucrum
3029 5029 3151 5073 est:
3183 5017 3272 5072 ille
3304 5019 3455 5072 enim

1859 5121 2006 5172 venit
2035 5117 2102 5171 ad
2130 5114 2451 5178 Ecclesiam,
2479 5113 2620 5168 alius
2675 5111 2934 5166 distrahit
2981 5120 3036 5164 et
3081 5110 3215 5190 emit
3250 5109 3458 5167 oblitus

1859 5209 2064 5265 Christi
2105 5224 2118 5261 :
2154 5207 2247 5262 ille
2270 5208 2421 5262 audit
2453 5206 2732 5263 Christum
2759 5220 2858 5274 per
2891 5203 3182 5273 Evangelia
3220 5203 3454 5272 loquen-

1861 5312 1992 5371 tem,
2021 5303 2159 5357 alius
2197 5312 2250 5355 et
2280 5301 2701 5370 adestpedibus,
2737 5310 2792 5356 et
2818 5308 2996 5354 mente
3029 5297 3177 5352 iuras
3204 5306 3450 5367 vagatur.

1860 5394 1952 5450 Ille
1984 5397 2125 5461 patri
2161 5394 2328 5449 donat
2361 5395 2722 5465 perditionem
2749 5408 2922 5455 suam,
2952 5391 3089 5445 alius
3125 5389 3287 5445 matri
3316 5405 3452 5444 con-

1859 5491 2029 5558 sentit
2061 5499 2119 5542 ut
2151 5502 2257 5542 non
2301 5488 2413 5544 Deo
2443 5487 2588 5556 quod
2615 5485 2871 5542 convenit
2898 5485 3173 5541 restituat.
3205 5484 3288 5539 Ad
3315 5483 3456 5538 mul-

1861 5589 1944 5636 tos
1983 5581 2152 5650 igitur
2177 5579 2432 5635 convenit
2459 5578 2700 5652 jurgari,
2740 5587 2800 5636 ut
2829 5577 3012 5632 multa
3038 5575 3457 5633 elIiciantureo-

1862 5688 2030 5728 ronzc.
2068 5674 2152 5727 Ad
2182 5672 2458 5732 diabolum
2505 5673 2710 5747 quippe
2756 5680 2810 5730 et
2839 5670 3041 5729 milites
3094 5669 3250 5741 eius:
3301 5669 3456 5728 multi

1859 5791 1904 5824 ‘°
1940 5791 2070 5850 ibid.
2104 5791 2192 5848 53.
