4072 6398
678 428 815 483 H79

1341 417 1609 475 EUSEUII
1646 413 2123 473 ειεδΑηιΕΝδις
2156 412 2238 467 ΟΡ

2348 405 2527 462 PARS
2567 404 2655 459 iV.
2696 434 2764 445 --
2804 400 3202 458 DOGMATICA

3714 80 4035 213 _"_'l

3800 398 3927 451 HSO

680 556 857 594 autem
888 550 1013 593 sunt
1042 546 1096 589 et
1133 537 1238 590 isti.
1267 534 1493 603 Urgetur
1517 548 1645 585 sane
1676 542 1729 585 et
1754 542 1925 599 pater,
1960 540 2013 584 et
2042 538 2232 590 mater,
2264 534 2309 589 Α
2339 524 2414 576 dit
2441 540 2453 575 :
2494 506 2739 574 mortuus
2770 519 2914 573 enim
2945 528 3050 571 est.
3073 514 3249 569 Timet
3278 523 3464 569 autem
3490 529 3560 569 ne
3582 516 3708 584 quis
3734 516 3925 567 aulam

680 645 733 689 et
754 632 969 692 fratres,
994 640 1048 682 et
1076 628 1310 696 cognati,
1338 636 1390 678 et
1416 625 1596 686 amici,
1626 634 1679 677 et
1711 624 1875 687 servi,
1907 634 1958 677 et
1996 620 2234 685 ancillae;

680 741 746 779 ex
783 724 966 776 multis
992 721 1133 774 enim
1162 718 1375 771 tristitia
1399 727 1501 779 est,
1545 716 1665 769 idco
1696 724 1753 769 ut
1776 724 1833 769 et
1858 724 2002 768 tanta
2036 712 2235 767 habes-

682 829 769 870 tur
805 815 1007 878 lautitia,
1056 820 1111 867 et
1158 812 1427 865 addantur
1477 810 1695 877 nuptiae,
1752 819 1807 862 et
1851 806 2239 875 promissiones

680 925 839 976 opum
874 906 1144 969 mortales,
1172 904 1266 957 sed
1291 916 1388 955 nec
1412 914 1635 955 mortuae
1667 920 1678 954 :
1727 914 1845 968 qua:
1904 899 2048 953 enim
2094 914 2237 952 lltln-

682 1013 839 1065 quam
876 1000 1144 1056 vixerunt,
1182 1008 1247 1046 ne
1278 994 1496 1061 quidem
1549 1004 1755 1044 mortua
1807 999 2091 1054 vocentur,
2142 990 2239 1044 sed

683 1090 782 1141 alia
813 1089 975 1155 pejori
1010 1088 1421 1153 nuncupatione.
1457 1088 1558 1139 Sed
1581 1088 1631 1137 in
1659 1086 1737 1138 liis
1762 1084 2024 1149 omnibus,
2065 1085 2238 1152 inquit

679 1179 988 1247 Apostolus,
1033 1178 1443 1243 superrincimus
1493 1186 1703 1243 propter
1732 1192 1848 1227 eum
1884 1176 1971 1240 qui
2018 1191 2111 1226 nos
2146 1190 2238 1227 su-

682 1269 961 1337 perdilexit
999 1270 1061 1323 ”.
1088 1269 1152 1322 Et
1178 1270 1220 1322 si
1270 1270 1388 1338 quis
1421 1266 1655 1335 Apostoli
1702 1267 1940 1319 imitator
1968 1274 2049 1319 est
2080 1282 2095 1331 ;
2147 1267 2236 1334 qui

680 1362 823 1413 enim
859 1360 1096 1412 imitatur
1130 1374 1274 1419 eum,
1318 1358 1556 1409 innitatur
1593 1356 1867 1411 Christum
1899 1374 1915 1423 ;
1951 1357 2143 1410 transit
2172 1356 2240 1410 ab

683 1450 985 1504 imitatione
1044 1448 1111 1503 ad
1167 1448 1534 1517 principalem.
1586 1448 1877 1515 Jurgeutur
1943 1448 2122 1501 omnia
2181 1457 2239 1503 ut

682 1558 1041 1607 coronemur;
1080 1543 1129 1594 in
1163 1542 1409 1595 omnibus
1443 1541 1513 1594 sit
1548 1541 1782 1609 jnrginm
1828 1542 1892 1593 ad
1942 1540 2239 1609 pulchritu—

681 1636 883 1701 dinem,
916 1637 981 1687 ad
1008 1634 1399 1703 possusiones,
1430 1635 1495 1687 ad
1522 1634 1761 1697 divitias,
1816 1634 1881 1685 ad
1938 1643 2196 1703 cognatos
2218 1672 2237 1700 ,

681 1728 749 1780 ad
782 1737 1010 1794 patrem,
1042 1727 1106 1779 ad
1143 1727 1476 1787 ntatrem,ad
1507 1728 1697 1779 fratres
1720 1766 1733 1787 ,
1768 1726 1834 1777 ad
1881 1740 2069 1781 servos
2107 1742 2123 1791 ;
2185 1734 2241 1780 et

684 1819 845 1871 vicini
874 1818 1273 1885 impugnatores
1308 1819 1569 1871 exsistant
1598 1836 1612 1871 :
1650 1817 1843 1871 sufﬁcit
1866 1818 2012 1871 enim
2060 1819 2242 1873 chari-

684 1920 765 1965 tas
813 1910 971 1963 unius
1016 1919 1075 1962 ut
1122 1910 1550 1978 superetomnia.
1585 1908 1693 1975 Ego
1720 1920 1896 1963 autem
1932 1918 1988 1963 et
2018 1909 2231 1963 misera-

682 1998 815 2053 biles
837 2007 983 2067 puto,
1014 2000 1101 2067 qui
1135 2014 1237 2051 non
1268 2008 1392 2051 sunt
1445 2000 1651 2067 experti
1705 2000 2003 2054 istiusmodi
2057 2001 2243 2054 turbe-

684 2090 762 2145 las
792 2100 1007 2160 propter
1041 2092 1324 2145 Dominum
1353 2091 1556 2143 lesum.
1586 2090 1694 2145 Illis
1737 2100 1916 2144 autem
1952 2100 2241 2158 congratu-

682 2180 766 2235 lor
796 2183 885 2250 qui
919 2182 1109 2237 habent
1134 2183 1189 2236 in
1233 2192 1410 2235 mente
1460 2191 1514 2233 et
1545 2182 1880 2234 conscientia
1905 2196 2002 2234 sua
2032 2181 2236 2237 dicere.

684 2271 824 2327 Ecce
857 2272 1133 2326 Dominum
1174 2274 1249 2327 tui
1285 2282 1505 2341 propter
1544 2271 1655 2343 (85)
1691 2274 1940 2327 inimicus
1976 2284 2059 2329 est
2112 2274 2242 2328 mihi

684 2368 836 2431 pater
862 2377 1031 2429 meus,
1058 2365 1413 2433 expugnatrix
1432 2373 1623 2428 mater,
1656 2363 1825 2420 frater
1854 2365 2080 2430 insistit,
2100 2366 2243 2419 servi

682 2455 1048 2518 contristant,
1115 2454 1325 2510 ancilla:
1357 2455 1669 2525 jurgantur,
1725 2466 1779 2509 et
1836 2457 2015 2510 nullus
2051 2457 2243 2511 borum

690 2548 822 2602 mihi
857 2556 915 2601 ut
942 2530 1189 2602 inimicus
1219 2555 1302 2601 est
1334 2556 1551 2616 propter
1578 2558 1721 2599 tuam
1750 2546 2118 2601 dilectionem.
2157 2545 2247 2601 Si-

688 2640 905 2710 quidem
936 2650 989 2695 et
1017 2640 1070 2694 in
1104 2639 1259 2695 bellis
1292 2638 1491 2694 milites
1517 2650 1749 2707 quantas
1780 2639 1963 2709 plagas
1990 2640 2061 2695 ob
2088 2654 2240 2693 amo-

686 2744 802 2786 rem
835 2730 975 2797 regis
1008 2730 1312 2799 accipiunt?
1336 2744 1717 2798 nonnunquam
1754 2731 1896 2784 enim
1923 2740 1978 2786 et
2008 2730 2244 2801 gauden-

684 2830 766 2876 tes
793 2821 1080 2877 ostendunt
1116 2832 1174 2878 et
1223 2822 1539 2892 sanguinum
1582 2820 1793 2885 ﬂuxus,
1849 2833 1905 2878 et
1966 2823 2243 2893 plagarum

683 2913 985 2979 cicatrices,
1014 2928 1113 2984 per
1135 2928 1255 2982 qua
1276 2914 1639 2981 experimenta
1669 2913 1875 2982 fulgent
1908 2929 2122 2969 amores
2146 2917 2240 2982 qui

684 3004 751 3058 ad
788 3020 965 3075 regem
986 3013 1110 3059 sunt
1132 3002 1325 3058 habiti.
1348 3002 1414 3057 Et
1441 3014 1588 3058 certe
1611 3014 1819 3072 quaerat
1851 3005 2241 3074 unusquisque,

682 3106 739 3151 et
768 3098 947 3169 pigeat
983 3111 1443 3167 unumquemque,
1481 3104 1541 3150 ut
1572 3096 1710 3151 alius
1743 3107 1999 3167 acceptus
2022 3098 2115 3154 sit.
2151 3095 2243 3152 llle

2339 614 2505 667 vitam
2530 613 2679 665 vivat
2708 629 2722 666 :
2752 610 2949 665 mortui
2978 610 3119 663 enim
3150 622 3361 661 sumus.
3397 605 3541 661 Nam
3572 616 3630 660 et
3660 607 3754 675 qui
3793 622 3927 658 moro

2340 706 2445 758 tuis
2468 704 2692 772 sepultis
2715 716 2931 758 mensas
2959 710 3234 770 apponunt
3265 710 3322 753 et
3353 714 3542 761 escas,
3574 699 3838 753 delirant.
3872 697 3924 752 Si

2339 795 2499 863 igitur
2525 808 2743 849 mensas
2774 806 3045 862 apponere
3072 791 3300 845 mortuis
3350 791 3790 845 deliramentum
3824 800 3922 853 est,

2338 893 2391 939 et
2414 883 2729 937 comminari
2751 883 2976 937 mortuis
2999 882 3178 937 irrisio
3200 893 3283 937 est
3311 899 3325 938 :
3356 893 3415 935 et
3442 892 3599 937 certe
3631 882 3924 936 adveniant

2337 982 2386 1027 et
2422 974 2599 1034 minae,
2631 984 2901 1026 acuantur
2934 973 3118 1041 gladii,
3142 982 3196 1026 et
3231 973 3538 1037 exercitus,
3567 980 3627 1026 et
3680 972 3850 1041 lega,
3873 982 3923 1025 et

2338 1063 2648 1117 civitatibus
2680 1073 2941 1132 appareat
2977 1061 3103 1117 Jesu
3132 1062 3337 1117 Christi
3390 1063 3613 1118 Domini
3648 1065 3845 1125 virtus,
3872 1072 3923 1116 et

2340 1172 2493 1209 amor
2543 1165 2597 1209 et
2649 1156 2885 1209 ﬂamma.
2934 1156 3131 1210 Audite
3187 1157 3350 1225 igitur
3402 1156 3499 1224 qui
3543 1155 3765 1209 Domini
3798 1152 3920 1210 Jesu

2339 1247 2627 1316 participes
2655 1248 3034 1316 mysteriorum
3063 1257 3193 1301 estis
3224 1248 3443 1300 :audite
3464 1247 3776 1313 Christum,
3808 1248 3919 1301 cul-

2341 1349 2486 1391 tores
2508 1339 2644 1404 ejus.
2672 1340 2811 1405 Quid
2835 1340 2966 1393 dicit
3005 1338 3182 1393 lumen
3230 1339 3459 1393 verum?
3483 1340 3620 1407 quid
3681 1338 3921 1408 loquitur

2340 1430 2467 1483 via?
2496 1431 2627 1500 quid
2654 1431 3027 1500 clamatjanua
3053 1431 3077 1483 ?
3105 1432 3230 1500 quid
3256 1430 3593 1486 vociferatur
3634 1431 3791 1484 vita?
3821 1430 3919 1495 Qui

2339 1524 2533 1593 diligit,
2566 1523 2761 1593 inquit,
2787 1534 2986 1588 patrem
3016 1533 3105 1575 aut
3134 1533 3353 1576 matrem
3379 1539 3544 1591 super
3572 1539 3677 1586 me,
3719 1536 3825 1574 non
3845 1530 3918 1574 est

2339 1630 2422 1667 me
2446 1615 2635 1684 dignus
2658 1614 2723 1666 ".
2755 1615 2819 1668 Et
2852 1628 2960 1668 nou
2986 1611 3177 1667 sullicit
3199 1614 3325 1667 hoc.
3350 1613 3552 1668 lterum
3584 1614 3734 1666 enim
3759 1612 3915 1666 dicit:

2342 1704 2412 1759 Et
2436 1708 2527 1775 qui
2550 1723 2657 1760 non
2694 1707 2880 1772 accipit
2914 1722 3120 1759 erucem
3144 1720 3315 1770 suam,
3352 1715 3401 1758 et
3422 1705 3666 1769 sequitur
3684 1720 3791 1769 me,
3818 1720 3918 1758 non

2341 1808 2415 1851 est
2450 1814 2531 1851 me
2563 1799 2754 1868 dignus
2786 1797 2854 1851 ⁸³.
2886 1799 2987 1852 Ista
3017 1808 3102 1853 est
3131 1801 3338 1851 vocatio
3380 1811 3575 1851 eorum
3637 1797 3733 1865 qui
3783 1796 3921 1849 mili-

2274 1870 2317 1925 Β
2349 1898 2464 1943 tare
2503 1890 2815 1943 desiderant
2852 1889 3096 1945 Christo.
3132 1887 3189 1943 Si
3220 1888 3341 1956 quis
3381 1889 3549 1958 igitur
3578 1892 3811 1957 paratus
3842 1899 3922 1941 est

2345 1978 2608 2046 crueiligi,
2638 1978 2856 2032 veniat:
2894 1978 2940 2033 si
2963 1980 3087 2048 quis
3113 1978 3293 2032 alacer
3331 1988 3417 2032 est
3462 1979 3530 2031 ad
3560 1987 3825 2041 mortem,
3875 1978 3918 2031 si

2344 2068 2465 2137 quis
2493 2079 2669 2137 potest
2693 2070 2759 2122 ad
2788 2070 3046 2139 gladium,
3074 2069 3119 2124 si
3154 2070 3277 2139 quis
3305 2070 3373 2123 ad
3405 2068 3704 2132 ﬂammam,
3734 2069 3783 2122 si
3804 2068 3922 2137 quis

2344 2162 2410 2215 ad
2440 2162 2639 2230 ignem,
2668 2162 2714 2215 si
2744 2163 2867 2231 quis
2908 2162 2975 2216 ad
3007 2164 3300 2226 exercitus,
3326 2161 3369 2215 si
3398 2162 3523 2230 quis
3552 2161 3622 2214 ad
3664 2158 3919 2228 concepi.

2345 2254 2603 2320 scentias,
2637 2254 2682 2307 si
2715 2255 2837 2324 quis
2862 2254 2929 2307 ad
2982 2254 3257 2317 libidines,
3307 2254 3349 2307 si
3380 2255 3503 2323 quis
3547 2252 3619 2306 ad
3666 2253 3835 2317 iram,
3876 2252 3922 2307 si

2345 2344 2467 2412 quis
2490 2346 2555 2395 ad
2582 2345 3031 2415 indignationem,
3062 2346 3107 2400 si
3140 2347 3261 2416 quis
3287 2346 3351 2399 ad
3381 2359 3513 2413 opes
3559 2354 3619 2399 et
3657 2345 3883 2398 divitia
3904 2382 3920 2408 ,

2348 2445 2401 2487 et
2432 2436 2820 2503 possessiones,
2860 2447 2915 2491 et
2946 2436 3199 2499 tediticia,
3242 2446 3294 2489 et
3319 2446 3681 2501 mercaturas,
3748 2444 3808 2489 et
3857 2436 3920 2487 ad

2356 2526 2689 2593 principatus
2718 2537 2771 2581 et
2798 2536 3119 2595 potestates,
3158 2528 3223 2580 ad
3254 2526 3496 2581 visibiles
3531 2536 3586 2579 et
3618 2526 3923 2581 invisibiles

2344 2617 2616 2679 inimicos,
2645 2618 2711 2671 ad
2741 2619 2965 2686 spiritus
3005 2633 3266 2688 nequam,
3292 2618 3359 2672 ad
3396 2631 3647 2683 carnem,
3680 2620 3752 2672 ad
3777 2620 3918 2685 cogi-

2347 2714 2516 2760 tatum
2554 2708 2770 2771 animae,
2801 2709 2867 2762 ad
2896 2716 3194 2761 nocturnas
3227 2707 3580 2771 ambitiones,
3620 2708 3690 2761 ad
3741 2719 3919 2763 motus

2346 2797 2695 2865 meridianos,
2730 2798 2797 2852 ad
2844 2798 3149 2867 juventutis
3178 2797 3468 2866 fervorem,
3508 2799 3577 2851 ad
3607 2797 3876 2867 impetum
3899 2839 3916 2863 ,

2350 2889 2416 2943 ad
2441 2887 2637 2943 famem
2673 2899 2728 2944 et
2755 2891 2931 2955 sitim,
2962 2889 3031 2944 ad
3064 2891 3336 2955 homines,
3368 2890 3435 2944 ad
3459 2889 3763 2960 languores
3788 2932 3805 2956 ,
3853 2889 3917 2943 ad

2345 2982 2633 3045 sanitates,
2665 2984 2732 3036 ad
2758 2982 2993 3037 divitias.
3027 2981 3131 3036 Per
3158 2983 3270 3037 haec
3289 2982 3433 3036 enim
3462 2982 3650 3036 omnia
3680 2984 3918 3036 vincitur

2348 3071 2677 3128 desiderium
2708 3090 2723 3127 :
2766 3076 2939 3144 magis
2962 3082 3142 3128 autem
3171 3074 3502 3129 desiderium
3534 3090 3715 3145 neque
3749 3076 3915 3131 vinci-

682 3188 902 3257 quidem
926 3188 999 3242 ita
1046 3188 1345 3258 proposuit,
1397 3186 1536 3243 alius
1563 3187 1721 3243 aliter
1773 3188 1955 3244 alacer
2006 3188 2125 3243 fuit.
2172 3188 2243 3243 Ut
2270 3208 2313 3265 ο
2349 3197 2457 3254 tur,
2489 3200 2663 3255 neque
2699 3185 3026 3251 deﬂectitur,
3066 3185 3161 3241 sed
3191 3200 3289 3256 per
3325 3186 3432 3241 ista
3484 3188 3670 3240 omnia
3704 3187 3909 3250 vincit.

685 3277 1023 3331 dinumerem
1055 3277 1287 3347 singula,
1320 3277 1449 3345 quid
1496 3278 1641 3331 enim
1693 3284 1748 3331 et
1780 3278 1955 3333 habeo
1989 3278 2253 3369 dinum‘
2346 3286 2401 3332 et
2425 3278 2617 3329 iterum
2644 3274 2933 3369 abundans
2960 3274 3012 3327 in
3036 3274 3419 3345 praedicatione
3459 3285 3565 3330 est.
3614 3275 3738 3331 Non
3766 3278 3904 3330 enim

684 3383 809 3423 rare
836 3380 1058 3438 propter
1090 3382 1211 3423 eum
1236 3370 1258 3422 ?
1288 3368 1419 3436 Quis
1471 3370 1616 3423 enim
1665 3384 1749 3423 me
1782 3384 2006 3425 exosum
2056 3363 2246 3424 habuit
2348 3376 2488 3420 tacet
2516 3364 2773 3431 Verbum,
2807 3363 3041 3420 Verbum
3064 3366 3239 3431 Dens;
3269 3381 3375 3421 non
3412 3377 3593 3422 tamen
3649 3383 3755 3422 vos
3785 3368 3913 3424 Ver-

683 3472 908 3532 propter
929 3461 1241 3517 Christum?
1266 3459 1396 3525 Quis
1430 3476 1514 3515 me
1544 3460 1829 3527 castigavit
1855 3468 2073 3530 propter
2097 3458 2246 3513 eum?

683 3555 817 3621 Quis
850 3569 937 3609 me
966 3565 1121 3623 pater
1174 3552 1475 3607 abdicavit?
1500 3552 1630 3619 Quae
1660 3562 1833 3605 mater
1883 3552 2111 3606 adversa
2156 3563 2243 3604 me

683 3646 815 3703 est?
850 3647 981 3713 Quis
1023 3645 1193 3700 frater
1224 3644 1512 3699 adversum
1546 3656 1631 3696 me
1668 3640 2023 3695 exsurrexit?
2065 3638 2110 3696 Ο
2138 3639 2240 3693 ωἰ-

678 3738 986 3797 serabilitas
1014 3751 1198 3791 eorum
1232 3736 1323 3805 qui
1355 3750 1459 3789 non
1489 3733 1687 3787 habent
1716 3732 1849 3787 ista!
1882 3730 2033 3786 Alius
2060 3739 2241 3786 autem

682 3830 833 3885 dives
862 3836 916 3883 et
940 3828 1147 3899 spissus
1180 3827 1232 3879 in
1258 3826 1471 3895 opibus,
1507 3824 1662 3878 laetus
1695 3833 1779 3879 est
1808 3833 2010 3886 mente,
2048 3822 2174 3892 quia
2210 3836 2241 3876 a

679 3921 994 3977 civitatibus
1020 3928 1073 3973 et
1104 3918 1409 3971 nationibus
1444 3918 1787 3979 decantatur,
1819 3914 1944 3983 quia
1970 3914 2241 3968 theatrum

682 4020 768 4066 est
796 4010 972 4065 factus
989 4018 1045 4063 et
1072 4008 1279 4078 angelis
1300 4016 1355 4061 et
1391 4006 1716 4060 hominibus.
1743 4004 1965 4073 Dignus.
1981 4005 2127 4059 enim
2158 4014 2242 4060 est

681 4103 773 4173 qui
797 4102 1152 4165 desideratur,
1185 4110 1241 4155 et
1270 4099 1395 4168 quia
1451 4098 1759 4167 increpatur
1786 4106 1840 4152 et
1874 4096 2077 4163 oditur,
2116 4096 2240 4166 quia

679 4194 886 4251 inimici
912 4192 1145 4249 hominis
1169 4190 1450 4246 domestici
1497 4189 1632 4257 ejus,
1656 4197 1710 4243 et
1734 4188 1859 4257 quia
1892 4187 2134 4243 abscisus
2158 4196 2243 4243 est

680 4286 751 4342 ab
778 4300 843 4341 eo
864 4293 1039 4356 pater,
1069 4292 1126 4340 et
1156 4300 1261 4338 non
1285 4284 1560 4337 consentit
1593 4291 1783 4347 mater,
1810 4281 1940 4351 quia
1992 4281 2241 4336 noctibus

677 4388 1037 4449 expugnatur,
1072 4386 1125 4432 et
1148 4391 1244 4446 per
1265 4375 1379 4431 dies
1426 4382 1739 4435 coronatur,
1772 4376 1902 4432 mihi
1924 4384 1979 4431 et
2004 4376 2138 4431 meis
2157 4375 2240 4429 vi-

2344 3459 2494 3524 bum,
2522 3458 2651 3526 quia
2688 3472 2787 3527 nec
2816 3455 3054 3514 Joannes
3081 3459 3174 3529 qui
3212 3470 3438 3515 vocatus
3483 3471 3571 3515 est
3629 3477 3760 3527 vos,
3815 3477 3909 3516 vos

2342 3559 2486 3614 erat,
2521 3550 2615 3604 sed
2647 3549 2904 3606 Joannes.
2946 3550 3086 3619 Quid
3114 3564 3295 3606 autem
3328 3553 3456 3607 dicit
3484 3557 3575 3624 qui
3618 3556 3766 3608 venit
3813 3557 3908 3608 sal-

2342 3643 2515 3697 vare?
2546 3644 2648 3708 Qui
2671 3644 2859 3699 invenit
2884 3645 3114 3698 animum
3135 3660 3306 3709 suum,
3324 3646 3506 3714 perdet
3533 3662 3655 3700 eam
3677 3647 3739 3704 “.
3755 3646 3908 3703 Forte

2341 3736 2631 3791 obscurum
2665 3738 2758 3792 tibi
2790 3737 3005 3792 videtur
3038 3736 3190 3807 quod
3216 3737 3419 3792 diutum
3444 3748 3529 3793 est
3560 3756 3576 3792 :
3610 3742 3743 3810 quia
3771 3742 3907 3795 enim

2344 3843 2451 3882 non
2484 3829 2651 3883 babes
2675 3839 3098 3896 sacramentum,
3129 3844 3300 3901 neque
3321 3845 3511 3886 oumes
3545 3834 3731 3887 omnia
3765 3834 3909 3888 intel-

2347 3920 2591 3991 ligimus,
2627 3936 2804 3991 neque
2830 3938 3022 3979 omnes
3050 3923 3118 3978 ab
3150 3923 3400 3979 omnibus
3432 3939 3744 3989 movemur,
3796 3928 3906 3981 ideo

2341 4022 2497 4081 putas
2512 4015 2674 4068 obscu
2684 4030 2738 4067 ra
2757 4013 2880 4078 :Qui
2896 4015 3082 4069 invenit
3099 4017 3328 4069 animum
3342 4032 3515 4082 suam,
3535 4019 3717 4086 perdet
3733 4021 3905 4087 ean",

2342 4104 2445 4158 hoc
2471 4113 2576 4167 est,
2611 4105 2705 4175 qui
2731 4106 2838 4159 vult
2878 4108 3122 4162 invenire
3172 4110 3378 4178 perdet.
3430 4109 3764 4177 Quomodo?
3790 4112 3905 4179 Qu:

2342 4196 2579 4252 inventio
2595 4207 2697 4264 est,
2721 4211 2775 4252 et
2796 4214 2915 4269 qua:
2940 4199 3201 4255 amissio?
3230 4200 3303 4254 De
3324 4204 3440 4271 ipsa
3464 4202 3771 4273 eademque
3796 4204 3901 4258 ani-

2342 4305 2426 4342 ma
2463 4289 2554 4359 qui
2583 4292 2902 4363 martyrium
2933 4294 3158 4362 patitur,
3217 4294 3359 4347 tollit
3416 4293 3757 4362 hominibus,
3807 4299 3903 4351 Deo

2339 4392 2519 4436 autem
2555 4383 2777 4436 invenit.
2811 4383 2917 4449 Qui
2956 4385 3241 4452 perdiderit
3266 4386 3498 4438 animam
3529 4402 3686 4440 suam
3710 4401 3903 4457 propter

679 4470 921 4526 secribus
974 4477 1029 4524 et
1080 4468 1219 4522 ossis
1249 4467 1385 4521 bella
1437 4480 1555 4534 qua:
1591 4480 1687 4534 pro
1717 4465 1936 4527 Christo
1974 4471 2120 4523 sunt.
2173 4466 2240 4521 Et
2270 4539 2309 4552 _
2342 4490 2447 4540 me,
2503 4474 2727 4529 inueniet
2773 4493 2889 4531 eam
2917 4477 2982 4531 “.
3044 4477 3498 4547 Interpretatione
3558 4492 3670 4535 nan
3714 4481 3901 4552 indiget

679 4560 823 4615 unde
855 4558 985 4614 mihi
1021 4559 1121 4616 hoc
1146 4575 1307 4630 supra
1334 4557 1651 4625 dignitatem
1689 4566 1771 4611 est
1827 4572 2023 4625 meam,
2067 4568 2127 4614 ut
2154 4559 2236 4615 vel
2270 4539 2314 4593 Ῑ)
2345 4539 2565 4632 seruio;
2594 4567 2683 4635 qui
2707 4566 2978 4623 desiderat
3004 4568 3117 4636 jam
3149 4539 3375 4623 audivit,
3414 4568 3527 4638 Ego
3552 4581 3740 4626 autem
3763 4539 3897 4626 min.

682 4651 934 4721 injuriam
965 4667 1063 4723 pro
1097 4650 1315 4707 Christo
1346 4648 1641 4705 sustineam
1668 4648 1691 4701 ?
1736 4648 1895 4705 Cruci
1930 4658 2110 4705 autem
2140 4650 2233 4722 ﬂgi

678 4752 736 4798 et
760 4744 976 4798 inverso
1004 4744 1199 4812 capite,
1216 4741 1360 4797 Petri
1381 4741 1549 4809 magis
1574 4752 1657 4797 est
1683 4757 1843 4811 quam
1876 4742 2099 4799 aliorum
2143 4744 2237 4799 ho-

680 4834 908 4889 minum.
946 4834 1215 4891 Ebrietate
1242 4850 1375 4905 opus
1399 4842 1481 4889 est
1504 4842 1557 4888 et
1579 4834 1814 4897 fervore,
1845 4833 2103 4889 ebrietate
2130 4852 2235 4892 non

679 4942 714 4983 a
740 4928 883 4991 vino,
910 4929 1001 4982 sed
1034 4943 1096 4984 ea
1124 4943 1241 4997 quae
1268 4927 1334 4981 ob
1350 4940 1583 4981 amorem
1606 4935 1689 4980 est
1711 4924 1931 4981 Christi.
1958 4926 2057 4993 Qui
2089 4929 2235 4982 enim

681 5030 883 5081 amant,
909 5018 1037 5073 nihil
1057 5020 1239 5074 vident
1267 5019 1370 5074 nisi
1385 5033 1506 5074 eum
1540 5032 1699 5088 quem
1720 5018 1965 5088 diligunt.
1986 5017 2241 5075 Nesciunt

680 5110 808 5180 quia
836 5118 919 5165 est
945 5111 1081 5167 alius
1116 5112 1168 5165 in
1200 5120 1391 5167 terra-2
1428 5110 1515 5164 ubi
1544 5111 1687 5165 enim
1738 5111 2025 5165 thesaurus
2076 5109 2239 5165 fuerit

682 5200 899 5265 mentis,
937 5200 1046 5255 illic
1076 5211 1131 5255 et
1160 5202 1338 5255 anima
1370 5200 1636 5268 habetur;
1667 5202 1769 5255 alia
1818 5209 1995 5254 autem
2032 5209 2238 5255 mortua

682 5299 802 5343 sunt
817 5290 885 5345 ei.
906 5288 962 5345 Si
994 5292 1254 5362 inerepas,
1273 5308 1451 5348 nonne
1466 5309 1584 5349 eum
1598 5294 1687 5363 qui
1712 5293 1889 5347 audit?
1909 5293 1964 5348 Si
1985 5294 2231 5363 castigas,

683 5394 857 5436 nonne
873 5397 993 5437 eum
1021 5385 1108 5453 qui
1136 5386 1330 5447 sentit?
1347 5384 1446 5453 Qui
1459 5385 1653 5443 Chrisn
1671 5389 1812 5443 enim
1831 5399 1975 5452 sunt,
1991 5389 2230 5445 cruciﬂxi

684 5470 963 5527 habentur.
998 5472 1137 5539 Quid
1165 5474 1280 5528 sine
1306 5490 1469 5531 causa
1502 5477 1749 5532 laboras?
1786 5489 2030 5534 mortuus
2057 5479 2099 5534 si
2126 5490 2234 5536 tor-

684 5572 908 5629 queatur
936 5580 1039 5620 nou
1073 5566 1257 5632 sentit,
1293 5567 1455 5621 etiam
1504 5568 1549 5622 si
1600 5569 1964 5639 increpaveris
1998 5585 2102 5625 non
2129 5587 2223 5624 au-

759 5655 796 5685 "
824 5654 975 5713 Rom.
1007 5674 1124 5722 vm,
1150 5659 1240 5713 57.
1320 5660 1570 5717 “Matth.
1623 5678 1675 5729 ι,
1735 5664 1819 5721 37.
1898 5666 1943 5696 ⁸³
1974 5664 2104 5721 ibid.
2131 5668 2217 5723 38.
2298 5672 2341 5701 “
2371 5672 2499 5727 ibid.
2536 5674 2623 5728 5').

2344 4659 2522 4727 patior
2554 4668 2752 4722 nostra:
2786 4670 3016 4725 natura,
3053 4661 3145 4731 qui
3177 4661 3248 4715 ita
3286 4675 3472 4716 sumus
3503 4662 3691 4733 egeni,
3724 4674 3893 4719 utnon

2344 4738 2618 4818 possimus
2645 4751 2876 4807 invicem
2914 4762 3105 4807 nostro
3136 4752 3321 4809 debito
3348 4757 3478 4809 dare
3516 4757 3744 4827 aliquid.
3772 4759 3892 4827 Quid

2345 4850 2523 4894 autem
2582 4851 2639 4895 et
2685 4857 2970 4912 possumus
3012 4844 3309 4899 retribuere
3354 4844 3576 4901 Christo
3630 4848 3888 4905 Domino?

2343 4931 2590 4984 Animam
2615 4947 2778 5002 quam
2817 4934 3041 4999 creavit,
3076 4950 3272 5004 corpus
3299 4936 3442 5005 quod
3497 4936 3780 5007 ﬁguravit,
3808 4956 3889 5011 pa-

2345 5022 2583 5078 dicitiatn
2622 5039 2717 5093 per
2745 5042 2907 5096 quam
2951 5027 3273 5082 beneficium
3323 5028 3532 5096 tribuit,
3589 5035 3888 5105 martyrium

2344 5130 2443 5185 per
2470 5118 2611 5185 quod
2635 5118 2957 5183 sanctificat,
2993 5118 3263 5186 justitiam
3312 5137 3407 5190 per
3454 5137 3621 5191 quam
3661 5124 3886 5181 honorat.

2340 5209 2472 5277 Quae
2498 5212 2740 5267 videmur
2762 5215 2809 5267 ei
2833 5215 3078 5279 reddere,
3107 5218 3279 5285 magis
3297 5218 3617 5284 accipimus.
3647 5222 3885 5278 Adveniet

2340 5302 2503 5373 igitur
2527 5303 2737 5360 ﬂamma
2756 5309 2819 5359 ad
2846 5307 3127 5370 medullas,
3151 5316 3395 5377 penetret
3410 5310 3553 5380 ignis
3578 5315 3651 5368 ad
3677 5317 3880 5378 viscera.

2338 5402 2391 5447 et
2416 5395 2743 5449 accendatur
2758 5398 2936 5451 anima
2955 5398 3022 5450 ad
3042 5398 3383 5467 martyrium,
3397 5400 3464 5453 ad
3482 5400 3882 5469 confessionem.

2342 5485 2407 5539 ad
2434 5487 2771 5555 pudicitiam,
2804 5493 2870 5543 ad
2895 5488 3184 5557 justitiam,
3229 5490 3295 5543 ad
3330 5491 3786 5559 misericordiam.
3822 5494 3874 5550 ad

2338 5579 2540 5648 jeiunia
2572 5597 2587 5644 ;
2631 5592 2688 5635 ut
2717 5593 2770 5636 et
2803 5582 3045 5637 diabolus
3068 5594 3371 5651 superetur,
3400 5592 3456 5636 et
3503 5582 3775 5642 daemones
3799 5589 3873 5640 de-

2721 5676 2763 5706 ¹⁸
2794 5676 2921 5729 ibid.

892 5749 1046 5845 fere
1062 5750 1337 5845 [ferinum
1367 5756 1442 5813 tui
1472 5766 1701 5826 propter,
1736 5767 1838 5817 etc.
1876 5758 2095 5817 Videtur
2130 5763 2265 5819 verti
2302 5765 2551 5824 debuisse
2602 5765 2764 5836 Ecce,
2810 5768 3049 5837 Domine,
3080 5781 3288 5839 propter
3344 5779 3414 5835 te,
3448 5782 3584 5838 εις..
3636 5774 3774 5845 quod
3809 5782 3869 5827 est

681 5819 722 5872 Ο
734 5832 864 5872 t'mt'e
891 5820 915 5873 ἕ
933 5837 1049 5875 taxa
1078 5820 1189 5874 σοῦ.
