4072 6412
125 405 256 460 H81

124 531 441 590 struantur,
482 533 540 580 et
579 523 742 579 homo
765 539 864 595 pro
897 523 1118 581 Christo
1150 523 1432 590 salvetur;
1473 533 1530 580 et
1579 541 1722 580 sem-

124 633 227 683 per
249 619 471 689 gratias
499 626 626 689 agat
657 616 768 673 Deo
795 617 943 675 Patri
980 634 1075 690 per
1103 619 1452 689 unigenitum
1498 618 1616 687 ejus
1637 617 1730 672 Fi-

125 707 283 775 lium,
313 722 415 780 per
442 723 605 780 quem
632 718 715 765 est
745 710 794 766 ei
816 709 1012 779 gloria,
1035 709 1230 776 honor,
1264 711 1572 780 imperium.
1603 727 1724 766 ma-

1486 405 1554 461 iN
1589 405 1849 462 MATTH.
1897 406 1961 473 Χ,
2002 409 2095 463 27.

3290 412 3428 468 Πεςῖ

1848 529 2035 598 festas,
2064 543 2185 584 cum
2221 528 2424 600 Spirittt
2454 540 2665 594 sancto,
2696 538 2752 585 ei
2790 546 2958 597 nunc,
2990 540 3046 589 et
3079 546 3318 604 semper,
3374 543 3426 588 et

1837 636 1936 691 per
1967 622 2149 676 omnia
2179 621 2378 676 saecula
2406 623 2753 679 seculorum.
2778 625 2975 680 Amen.

1118 1011 1680 1128 EUSEBII
1762 1013 2451 1126 PAMPHILI

692 1255 840 1343 DE
914 1249 1500 1344 MANDATO
1581 1248 2094 1373 DOMI‘NI,
2171 1249 2509 1358 QUOD
2584 1251 2870 1341 AIT:

885 1440 1071 1516 Quod
1112 1441 1255 1505 dico
1301 1439 1480 1502 vobis
1522 1439 1591 1500 in
1626 1457 1817 1513 aure,
1861 1456 2060 1518 supra
2102 1449 2268 1503 tecta
2301 1442 2686 1521 praedicata,

1441 1603 1680 1666 LIBER
1723 1603 2141 1668 SEPTIMUS.

208 1931 393 1988 Verba
425 1930 543 1985 hzec
574 1945 694 2001 qua:
723 1929 860 1984 lecta
885 1938 1038 1994 sunt,
1075 1928 1292 1984 Domini
1320 1939 1592 2001 martyres
1614 1943 1743 1996 pro-
1775 1932 1818 1991 Β
1853 1929 1969 2001 ipse
2005 1933 2226 2001 quidem
2256 1943 2567 2004 Opportune
2597 1943 2760 2002 tacet,
2783 1934 3064 2005 discipulis
3087 1946 3270 1992 antem
3290 1935 3439 2010 loqui

135 2027 426 2082 duxerunt
460 2027 528 2080 ad
569 2027 920 2096 passionem;
985 2040 1084 2096 per
1125 2027 1226 2082 hos
1275 2026 1418 2081 enim
1452 2039 1736 2080 sermones

138 2119 424 2176 ﬂammam
465 2119 520 2173 in
559 2135 749 2174 eorum
806 2118 1124 2190 prtecordiis
1176 2119 1569 2173 accenderunt.
1634 2116 1738 2172 Per

145 2213 316 2269 istam
341 2213 646 2268 doctrinam
669 2212 846 2266 erexit
901 2226 1015 2276 eos,
1049 2222 1108 2266 ut
1153 2220 1569 2267 contemnerent
1603 2225 1744 2280 pras-

144 2303 353 2370 sentia,
385 2312 771 2373 exspectarent
802 2312 981 2358 autent
1000 2302 1203 2358 futura.
1226 2301 1331 2357 Per
1371 2302 1529 2358 istam
1561 2302 1743 2358 erudi-

141 2397 356 2452 tionem
380 2397 616 2452 armavit
644 2411 738 2452 eos
764 2396 832 2452 ad
857 2405 1112 2452 mortem.
1139 2394 1322 2452 Utitur
1346 2405 1532 2452 autem
1558 2407 1613 2451 et
1636 2395 1741 2450 hoc

148 2487 355 2544 ordine
383 2502 611 2544 servans
627 2486 897 2542 cilicium:
931 2487 1188 2557 praecedit
1213 2495 1395 2540 autem
1433 2486 1740 2556 passionem

143 2590 461 2654 martyrum
498 2579 802 2636 constantia
828 2595 845 2634 :
873 2580 965 2650 qui
1004 2579 1149 2634 enim
1179 2593 1286 2633 non
1328 2579 1612 2649 praedicat,
1640 2592 1745 2633 nec

142 2675 472 2740 tenebitur;
509 2674 600 2744 qui
628 2690 736 2728 non
761 2689 889 2728 cum
924 2673 1117 2728 iiducia
1151 2671 1314 2728 fuerit
1359 2672 1596 2736 locutus,
1642 2685 1744 2726 nec

143 2767 417 2832 tristabit,
442 2767 538 2822 sed
573 2767 828 2834 prtecedit
854 2765 1184 2821 constantia
1218 2764 1553 2834 passionem.
1605 2762 1743 2818 Cum

140 2857 300 2914 enim
325 2857 507 2911 anima
537 2855 605 2910 de
630 2855 869 2910 adventu
929 2853 1024 2909 Dei
1080 2865 1166 2909 sat
1219 2853 1513 2920 habuerit,
1565 2852 1746 2908 aderit

142 2950 300 3008 enim
329 2948 550 3005 Densin
574 2948 925 3017 anima,qna
975 2947 1106 3002 dum
1133 2947 1316 3014 capiet
1366 2941 1579 3010 omnia,
1636 2959 1744 3001 non

141 3049 335 3113 potest
363 3039 693 3096 desiderium
720 3047 902 3096 tacere
931 3055 1116 3109 suum,
1149 3039 1244 3095 sed
1273 3040 1441 3095 sentit
1464 3037 1612 3110 quod
1642 3037 1744 3092 ha-

142 3135 263 3199 bet,
293 3133 550 3205 quodque
603 3146 711 3186 non
743 3131 930 3193 habet.
978 3131 1072 3202 qui
1117 3144 1242 3187 sese
1281 3130 1687 3186 fraudaverunt
1713 3142 1744 3182 a

147 3228 321 3284 bono.
346 3225 439 3281 ille
470 3233 656 3280 autem
675 3223 767 3295 qui
793 3232 1007 3278 amator
1039 3222 1134 3280 Dei
1159 3232 1244 3278 est
1290 3225 1643 3285 constitutus,
1693 3227 1748 3275 et

149 3279 559 3373 humanitatem,
587 3279 790 3377 set-ist,
823 3312 1005 3368 statim
1030 3323 1257 3382 propter
1303 3311 1473 3367 Deum
1522 3279 1745 3380 quidem
1773 3279 1816 3338 θ

146 3408 396 3472 letatur,
417 3415 642 3476 propter
663 3403 1056 3459 humanitatem
1086 3413 1269 3459 autem
1299 3417 1405 3459 non
1431 3410 1577 3458 tacet
1609 3417 1624 3456 :
1652 3401 1750 3458 bo-

147 3501 331 3558 mines
365 3508 547 3555 autem
565 3497 884 3554 beneﬁcium
910 3511 1020 3553 non
1046 3495 1310 3563 ferentes,
1336 3495 1589 3568 ignorant
1620 3495 1749 3567 quis

150 3594 430 3650 inhabitat
475 3592 531 3646 in
575 3592 855 3661 loquente,
917 3604 1029 3644 non
1063 3588 1252 3646 ierunt
1298 3604 1433 3646 sane
1477 3605 1582 3645 nec
1608 3605 1745 3646 con-

149 3686 437 3742 stantiam.
466 3682 576 3740 Sed
598 3684 741 3739 sicut
767 3679 941 3737 Judaei
969 3681 1248 3754 Stephano
1272 3682 1450 3752 primo
1477 3682 1623 3738 inter
1646 3681 1746 3738 ho-

153 3779 337 3835 mines
360 3785 603 3847 martyre
630 3773 832 3830 Christi
863 3773 1122 3844 loquente
1145 3775 1541 3830 obstruxerunt
1579 3789 1744 3831 aures

155 3884 313 3935 suas,
337 3883 407 3923 ne
437 3867 816 3936 ingrederetur
846 3866 1028 3931 Deus;
1081 3866 1155 3920 ita
1184 3875 1240 3921 et
1274 3865 1523 3920 nonnulli
1564 3865 1744 3922 homi-

156 3979 294 4018 num
319 3979 336 4016 :
365 3961 497 4032 quia
521 3959 667 4016 enim
691 3960 1001 4015 constantia
1065 3959 1342 4015 antecedit
1392 3960 1702 4031 passionem
1732 4000 1750 4027 ,

159 4055 310 4112 unde
337 4054 567 4110 deberet
592 4051 756 4109 istinc
783 4060 840 4107 et
877 4052 1070 4124 incipit
1121 4053 1404 4118 Dominus,
1429 4053 1521 4120 qui
1552 4053 1756 4124 produ-

158 4150 241 4204 cit
265 4131 548 4220 martyres
569 4148 636 4201 ad
665 4148 996 4216 passionem.
1043 4145 1185 4201 Dicit
1215 4146 1360 4200 enim
1387 4163 1401 4200 :
1429 4146 1584 4213 Quod
1632 4147 1752 4201 dico

162 4241 311 4297 nobis
332 4239 388 4294 in
417 4239 671 4302 tenebris,
705 4240 763 4293 in
797 4239 1000 4293 lumine
1027 4239 1188 4292 dicite
1210 4278 1225 4302 ,
1264 4248 1309 4292 et
1357 4239 1496 4308 quod
1539 4239 1594 4292 in
1626 4253 1754 4292 aure

163 4333 423 4398 audistis,
449 4333 507 4386 in
542 4333 688 4387 tectis
713 4334 1000 4402 prdidit-ate
1033 4334 1096 4390 “.
1151 4335 1429 4389 Assumite
1457 4375 1473 4400 ,
1534 4334 1711 4404 inquit
1736 4374 1753 4401 ,

161 4426 558 4491 constantiam,
580 4434 777 4480 exeant
795 4424 962 4479 verba
987 4437 1169 4480 vestra
1197 4439 1370 4494 usque
1399 4425 1466 4480 ad
1490 4427 1754 4484 terminos

161 4526 328 4574 terra
353 4535 371 4571 :
406 4531 476 4572 ne
512 4517 736 4572 taceatis
767 4517 820 4572 id
850 4518 917 4573 de
946 4526 1053 4588 quo
1084 4518 1182 4588 ipsi
1207 4517 1345 4575 certi
1369 4519 1504 4575 estis
1533 4517 1748 4575 elfecti:

1843 2037 1907 2079 ea
1940 2034 1999 2078 et
2025 2023 2268 2080 clamare
2295 2024 2594 2095 pmoepit;
2627 2040 2736 2081 non
2791 2027 2989 2091 timens
3040 2028 3278 2099 quippe;
3337 2030 3442 2088 hoc

1845 2115 1996 2170 enim
2034 2115 2404 2186 ignorantium
2439 2116 2723 2172 hominum
2761 2126 2842 2173 est
2870 2118 3192 2188 dignitatem
3219 2121 3436 2178 Domini

1841 2206 1968 2264 Jesu
1992 2246 2010 2274 ,
2053 2207 2149 2263 sed
2177 2209 2522 2278 dispensans,
2544 2219 2602 2263 ut
2630 2209 2746 2278 ipse
2776 2209 2992 2279 quidem
3023 2219 3202 2268 taceat
3231 2213 3286 2268 in
3304 2222 3441 2269 tem-

1845 2316 2002 2371 pore,
2039 2299 2297 2371 loquatur
2329 2311 2512 2356 autem
2542 2303 2594 2356 in
2623 2311 2889 2372 tempore.
2929 2300 3118 2372 Neque
3141 2303 3290 2359 enim
3342 2319 3441 2376 per

1843 2391 2026 2446 omnia
2054 2395 2224 2445 tacuit
2257 2390 2522 2446 Dominus
2547 2407 2562 2457 ;
2599 2408 2667 2448 ne
2688 2402 3015 2462 putarentur
3041 2394 3215 2450 aliena
3248 2394 3432 2465 aliqua

1856 2498 1888 2538 a
1911 2497 1973 2538 se
2003 2482 2218 2538 discere
2248 2483 2500 2554 discipuli
2529 2499 2756 2553 ;,neque
2802 2500 3023 2556 semper
3066 2486 3281 2544 locutus
3325 2498 3435 2557 est,

1845 2587 1914 2629 ne
1941 2583 2226 2643 putaretur
2255 2576 2398 2644 quod
2443 2575 2513 2631 de
2565 2590 2626 2632 se
2672 2577 2790 2648 ipse
2817 2585 3065 2633 testatur.
3118 2577 3258 2646 Quid
3290 2580 3440 2639 enim

1851 2673 1974 2722 erat
2005 2681 2228 2722 necesse
2255 2677 2309 2722 et
2337 2665 2549 2722 Joanne
2579 2669 2970 2740 praecursoria?
3011 2669 3128 2742 Ego
3155 2713 3171 2740 ,
3220 2672 3395 2742 inquit
3419 2709 3440 2738 .

1847 2775 1952 2813 non
1980 2758 2046 2814 ab
2079 2759 2289 2813 homine
2327 2760 2533 2828 accipio
2583 2762 2950 2827 testimonium
2978 2779 3179 2829 meum,
3209 2765 3299 2819 sed
3335 2765 3441 2821 Ita-

1846 2854 1938 2908 beo
1960 2853 2318 2908 testimonium
2341 2853 2516 2924 majus
2540 2871 2573 2908 a
2591 2853 2804 2910 Joanne
2833 2855 2897 2911 “.
2916 2853 3035 2911 Non
3064 2859 3209 2911 enim
3231 2871 3438 2928 quare,

1847 2946 2044 3016 inquit,
2073 2946 2532 3015 quemadmodum
2565 2961 2668 3018 ego
2696 2947 2961 3012 suadear,
3010 2949 3108 3003 sed
3164 2947 3441 3018 quomodo

1845 3053 1944 3093 vos
1975 3054 2082 3093 non
2113 3039 2238 3094 sitis
2265 3037 2545 3110 religiosi;
2582 3039 2855 3110 siquidem
2909 3055 3017 3095 non
3077 3039 3302 3096 lucerna
3346 3041 3442 3098 de-

1848 3129 1940 3185 bet
1971 3128 2160 3184 testari
2194 3129 2260 3184 de
2297 3128 2434 3195 sole,
2463 3129 2558 3184 sed
2588 3129 2665 3184 sol
2691 3128 2913 3186 ilrmare
2940 3130 3243 3187 lucernam.
3275 3131 3344 3188 Et
3370 3145 3442 3190 ne

1856 3221 1980 3291 quis
2008 3220 2255 3286 miretur,
2289 3231 2451 3290 putas
2507 3221 2853 3279 obscuriores
2881 3222 3022 3279 etiici
3077 3223 3328 3282 lucernas
3373 3241 3442 3282 es

1851 3313 2084 3366 adventu
2110 3311 2287 3367 solis?
2315 3309 2436 3367 Non
2466 3312 2614 3368 enim
2644 3315 2788 3385 quod
2812 3323 3069 3386 putamus
3097 3315 3200 3372 hoc
3225 3327 3281 3372 et
3315 3331 3444 3387 pro-

1851 3405 2022 3469 venit,
2056 3403 2152 3460 sed
2183 3405 2287 3460 hoc
2315 3404 2459 3474 quod
2490 3419 2598 3460 non
2635 3404 2913 3460 intuemur
2945 3416 3213 3476 superat:
3259 3406 3442 3464 lumen

1849 3497 2001 3551 enim
2040 3495 2275 3552 minusa
2302 3495 2495 3565 majori
2546 3497 2772 3563 lumine,
2807 3511 2915 3552 non
2963 3499 3145 3555 minus
3191 3499 3445 3557 dulcibus

1852 3588 2158 3642 immissum
2190 3587 2389 3642 minuit
2426 3588 2772 3646 dulcedinem
2809 3605 3046 3646 eorum:
3094 3605 3274 3662 neque
3315 3607 3442 3648 cum

1852 3679 2022 3736 stella:
2060 3693 2168 3733 non
2195 3689 2408 3749 parent.
2437 3689 2694 3751 tanquam
2718 3682 3024 3737 obscuratae
3056 3698 3086 3738 a
3113 3681 3319 3737 lumine
3337 3697 3445 3740 non

1853 3772 2146 3839 videntur;
2192 3772 2290 3827 sed
2324 3773 2376 3826 in
2414 3771 2609 3842 pelago
2634 3772 2860 3830 luminis
2906 3775 3115 3845 posita,
3152 3774 3447 3831 discretio-

1853 3877 1978 3919 nem
2001 3877 2107 3918 non
2132 3863 2393 3934 pmbent.
2418 3864 2536 3920 Non
2572 3865 2854 3936 indigebat
2901 3865 3068 3938 igitur
3095 3867 3178 3924 sol
3213 3867 3445 3937 iustitia

1854 3957 2075 4013 lucerna
2107 3960 2174 4015 ad
2215 3959 2622 4027 testimonium;
2676 3961 2808 4016 dicit
2829 3962 2974 4016 enim
3012 3957 3296 4018 Joannes:
3332 3959 3449 4031 Ego

1855 4069 1887 4106 a
1913 4062 1964 4108 te
1992 4052 2162 4106 debeo
2191 4050 2456 4122 baptizari
2474 4069 2494 4120 ,'
2520 4051 2614 4108 sed
2646 4053 2926 4122 indigebat
2968 4054 3191 4125 quidem
3223 4053 3315 4110 ille
3353 4054 3450 4126 qui

1855 4144 2078 4201 lucerna
2108 4154 2228 4200 erat
2252 4146 2451 4202 ardens
2481 4163 2496 4200 :
2548 4145 2772 4202 lucerna
2822 4147 3129 4203 immissum
3162 4147 3328 4204 habet
3363 4146 3450 4201 lu-

1857 4254 2014 4305 men;
2047 4253 2155 4294 non
2188 4247 2366 4294 tamen
2394 4239 2462 4295 ab
2499 4239 2646 4294 intus
2687 4239 3033 4296 etiicientiam
3058 4241 3201 4297 sicut
3243 4239 3328 4296 soi
3377 4240 3444 4296 ".

1863 4331 1991 4395 Vos,
2030 4332 2227 4403 inquit,
2252 4333 2466 4389 modice
2494 4334 2743 4392 voluistis
2788 4334 3014 4407 gloriari
3038 4333 3093 4390 in
3126 4333 3335 4391 lumine
3360 4333 3450 4389 lu-

1857 4434 2059 4488 cernae,
2085 4421 2239 4477 vobis
2265 4422 2489 4478 lucerna
2516 4433 2600 4480 est
2623 4424 2778 4480 utilis
2810 4443 2827 4481 :
2864 4423 2941 4480 illi
2973 4409 3157 4484 abtum
3187 4425 3265 4481 ita
3291 4433 3452 4483 erant

1857 4513 2012 4579 caci,
2041 4523 2100 4568 ut
2121 4528 2190 4569 ne
2219 4514 2438 4586 quidem
2458 4514 2692 4572 lucerna:
2722 4517 2967 4574 viderent
2990 4516 3159 4588 viam,
3183 4532 3363 4590 neque
3391 4517 3448 4574 in

162 4607 339 4664 nolite
389 4608 726 4664 abscondere
782 4609 1084 4676 talentum;
1143 4610 1342 4665 mittite
1386 4612 1648 4682 pecunias
1699 4611 1755 4668 in
1787 4604 2068 4689 plumine
2123 4606 2464 4663 ambularem
2512 4619 2662 4666 recte
2686 4610 2776 4664 “=
2829 4611 2984 4678 Ωαοά
3048 4611 3168 4667 άὲεο
3195 4612 3342 4668 υοῦίε
3390 4612 3449 4668 δη

167 4701 423 4758 mensis:
458 4700 674 4772 exigam
705 4701 852 4756 enim
888 4716 1007 4757 mea
1039 4702 1105 4756 ad
1130 4701 1364 4757 salutem
1407 4701 1627 4759 illorum
1661 4702 1754 4771 qui

165 4791 380 4848 iuerint
405 4790 638 4858 Operati.
673 4787 780 4845 Sed
807 4789 953 4845 dicet
980 4791 1105 4860 quis
1134 4806 1151 4845 :
1180 4789 1224 4845 si
1250 4790 1449 4845 bonum
1474 4799 1560 4846 est
1588 4790 1642 4844 in
1677 4788 1759 4843 lu-

171 4884 324 4940 mine
349 4882 558 4947 dicere,
593 4896 692 4936 cur
719 4881 834 4952 ipse
865 4882 918 4936 in
953 4882 1198 4937 tenebris
1229 4890 1314 4936 est
1334 4881 1585 4936 locutus?
1635 4888 1690 4936 et
1711 4880 1757 4936 si

168 4984 377 5041 bonum
401 4990 486 5037 est
507 4996 670 5052 supra
702 4990 843 5036 tecta
888 4981 1207 5051 praedicare,
1249 4996 1348 5034 cur
1379 4981 1492 5050 ipse
1539 4981 1592 5034 in
1629 4995 1760 5037 aure

171 5079 391 5134 locutus
415 5075 543 5132 est?
565 5074 621 5131 Si
643 5075 790 5130 enim
812 5074 928 5144 ipse
953 5075 1020 5129 de
1045 5075 1339 5144 semetipso
1359 5074 1541 5131 dicere
1562 5076 1750 5130 irau...

171 5173 221 5226 is
250 5170 443 5239 utique
472 5166 586 5239 (86)
613 5182 735 5237 qua:
763 5166 879 5235 jam
903 5167 1092 5222 dixere
1115 5168 1311 5229 Judmi.
1347 5164 1425 5221 Tu
1471 5168 1534 5223 de
1570 5179 1756 5223 temet-

171 5268 287 5332 ὄρσο
311 5262 635 5332 testiﬁcaris,
655 5269 706 5315 et
727 5261 1081 5315 testimonium
1099 5271 1246 5315 tuum
1274 5277 1376 5315 non
1398 5271 1472 5316 est
1495 5278 1671 5316 verum
1692 5262 1757 5315 ⁸⁷.

174 5355 254 5412 Ne
277 5357 444 5427 igitur
473 5355 588 5425 ipse
627 5353 907 5408 videretur
937 5353 1196 5406 honorem
1229 5353 1330 5407 sibi
1365 5353 1654 5408 ventlicare
1703 5362 1761 5407 et

174 5463 285 5504 non
317 5447 567 5504 veritatis
598 5459 761 5501 causa
797 5445 986 5514 loqui.
1031 5455 1088 5500 et
1121 5460 1188 5498 ne
1239 5445 1602 5513 pravenirent
1647 5455 1760 5499 sta-

176 5549 347 5596 tutam
371 5555 403 5596 a
433 5538 597 5596 Patre
615 5538 922 5610 passionem
945 5535 1116 5592 Judaei
1145 5537 1236 5608 qui
1261 5538 1442 5593 omnia
1461 5538 1757 5605 suntausi;

1863 4699 2112 4761 tenebris,
2147 4700 2304 4754 dicite
2354 4703 2410 4754 in
2451 4702 2691 4768 lumine;
2723 4703 2828 4759 hoc
2868 4711 2975 4770 est,
3026 4702 3298 4760 absconsa
3329 4718 3453 4775 qua

1859 4792 2117 4847 dicuntur
2147 4792 2380 4848 clamate
2411 4811 2427 4848 :
2467 4791 2535 4847 Et
2564 4795 2706 4865 quod
2725 4797 2778 4848 in
2807 4812 2937 4850 aure
2969 4797 3220 4861 audistis,
3255 4797 3454 4866 pradi-

1863 4898 1980 4940 cate
2010 4887 2064 4940 in
2087 4888 2281 4952 tectis;
2320 4889 2586 4943 assumite
2624 4889 2948 4944 constantiae
2980 4888 3257 4944 ﬁduciam.
3282 4890 3456 4945 Assu-

1881 4992 2093 5031 mamus
2123 4989 2178 5031 et
2209 4993 2307 5032 nos
2335 4979 2722 5033 constantiam.
2753 4979 2860 5034 Sed
2912 4979 3041 5049 quid
3085 4988 3172 5035 est
3194 4980 3338 5049 quod
3371 4979 3456 5036 in-

1865 5069 2157 5139 sequitur?
2216 5067 2498 5124 Timemus
2525 5068 2592 5124 ad
2629 5068 3010 5138 insequentem
3062 5069 3455 5140 suspicionem.

1866 5162 1976 5217 Sed
2013 5163 2091 5218 ait
2135 5161 2396 5216 Dominus
2423 5202 2439 5228 ,
2481 5160 2665 5215 Nolite
2711 5162 2896 5216 timere
2929 5159 2997 5216 “.
3033 5158 3150 5215 Non
3183 5160 3350 5232 igitur
3391 5159 3456 5216 ti-

1869 5270 2116 5313 meamus
2139 5269 2266 5312 cum
2299 5253 2660 5309 interilcimur
2693 5271 2708 5308 :
2736 5254 2851 5324 ipse
2883 5254 3028 5309 enim
3080 5253 3343 5308 Dominus
3369 5252 3456 5308 di-

1868 5347 1945 5402 cit
1986 5371 1998 5404 :
2038 5343 2228 5402 Nolite
2255 5346 2438 5400 timere
2465 5361 2552 5401 eos
2577 5346 2669 5417 qui
2694 5345 2936 5401 occidant
2969 5361 3182 5416 corpus,
3221 5348 3459 5400 animam

1867 5454 2044 5499 autem
2065 5458 2171 5498 non
2191 5451 2408 5512 possunt
2431 5441 2664 5496 occidere
2680 5443 2748 5497 ε’.
2770 5440 2962 5497 Divisit
2989 5441 3238 5497 timorem
3258 5457 3270 5504 ;
3291 5448 3348 5495 et
3373 5443 3460 5496 bo-

1870 5538 2110 5595 minibus
2141 5536 2362 5610 quidem
2391 5535 2540 5592 dedit
2558 5543 2882 5606 potestatem
2916 5535 3201 5590 adversum
3238 5548 3460 5605 corpus,

246 5657 293 5690 "
322 5656 514 5712 Matth.
548 5673 604 5722 ι,
634 5655 724 5711 27.
788 5655 830 5686 π
856 5652 1017 5711 Joan.
1051 5669 1168 5726 vtn,
1194 5654 1280 5712 15.
1343 5655 1383 5687 ’⁸
1417 5653 1570 5712 Joan.
1600 5670 1654 5724 v,
1683 5653 1772 5722 3i,
1798 5654 1886 5712 56.
1936 5658 1981 5692 "
2009 5655 2203 5716 Matth.
2245 5670 2332 5726 nt,
2365 5652 2449 5712 i4.
2501 5653 2546 5686 ”
2579 5650 2732 5710 Joan.
2753 5650 2917 5720 v,55.
2988 5652 3032 5685 ¹¹
3063 5649 3253 5708 Matth.
3284 5666 3339 5720 ι,
3366 5648 3461 5708 υ.

179 5729 228 5761 ⁸⁸
268 5728 405 5784 ibid.
439 5727 534 5783 9.8.

248 5847 366 5922 (86)
393 5846 494 5904 Iis.
524 5848 674 5916 fraus
696 5857 825 5904 esset
861 5848 1060 5916 utique.
