4072 6414
650 408 791 467 H83

1320 384 1589 465 susssh
1628 405 2106 466 CESARIENSIS
2145 403 2297 463 ore.
2337 404 2520 463 rans
2558 406 2649 463 tv.
2688 438 2756 449 —
2796 405 3219 464 DOGIIATICA.

3795 409 3913 463 1184

656 528 852 585 nabent
882 533 1066 585 enim:
1118 528 1229 593 Deo
1279 538 1458 584 autem
1509 528 1792 597 conjunxit
1820 529 2098 594 virtutem,
2147 529 2215 584 ti-
2241 531 2291 589 Δ
2321 542 2531 597 passer,
2566 540 2626 585 ut
2662 532 2803 601 quod
2848 531 3028 585 minus
3070 538 3189 595 est,
3236 544 3303 586 ex
3343 530 3532 602 pretio
3580 531 3909 588 «tendent.

656 624 805 676 more
850 620 1095 684 timorem
1116 620 1363 691 ejiciens,
1400 631 1456 677 et
1488 620 1677 689 majori
1710 630 1858 676 metu
1908 621 2054 692 quod
2098 629 2215 677 erat

655 715 829 770 minus
860 716 1206 785 repercussit.
1240 715 1296 769 Si
1327 716 1497 781 enim,
1532 715 1726 783 inquit,
1759 715 1948 769 timere
1976 722 2214 785 oportet,

2319 617 2452 687 Quae
2490 620 2636 675 enim
2669 620 2908 690 pretiosa
2951 629 3120 688 sunt,
3150 621 3205 675 in
3245 620 3618 677 distractione
3666 636 3833 677 unum
3861 634 3910 678 et

2319 725 2487 765 unum
2527 711 2799 775 venditur,
2852 720 2908 767 et
2959 710 3224 781 ampliore
3276 711 3456 783 pretio
3505 727 3521 766 :
3570 725 3909 782 quacunque

652 819 755 861 non
792 804 1102 871 hominem;
1130 804 1303 873 major
1330 807 1474 861 enim
1502 816 1585 861 est
1610 805 1751 861 Deus
1784 823 1799 858 :
1846 805 1942 860 sed
1999 818 2216 874 pcenam
2317 809 2497 855 autem
2530 800 2720 859 frivola
2749 813 2842 857 aut
2871 802 2985 874 (87)
3022 803 3169 859 olera
3202 804 3477 859 habentur
3505 843 3523 870 ,
3549 804 3728 859 multa
3762 804 3908 859 simul

651 894 841 950 mortis
862 894 1145 951 adversum
1176 911 1376 965 corpus
1429 898 1589 953 times
1619 914 1634 953 :
1674 896 1873 952 Timete
1899 899 2093 968 magis,
2133 898 2217 953 in-

650 987 789 1058 quit,
828 1004 946 1042 eum
972 989 1065 1056 qui
1096 998 1261 1058 potest
1288 999 1337 1043 et
1367 991 1597 1045 animam
1620 999 1668 1044 et
1695 1006 1883 1058 corpus
1914 992 2129 1060 perdere
2160 991 2219 1046 in

652 1081 939 1150 gehennam
974 1080 1058 1133 "z
1110 1081 1420 1137 hominibus
1448 1084 1591 1137 enim
1637 1093 1876 1153 potestas
1926 1083 2214 1139 adversum

652 1186 871 1242 corpus,
904 1182 956 1225 et
986 1172 1087 1227 hoc
1111 1174 1295 1240 semel,
1325 1182 1407 1228 est
1439 1175 1557 1229 data
1585 1190 1601 1227 :
1634 1174 1741 1231 Deo
1764 1186 1944 1231 autem
1982 1186 2219 1246 potestas

650 1272 735 1317 est
761 1272 815 1315 et
840 1264 1124 1319 adversum
1156 1280 1351 1335 corpus
1377 1266 1517 1335 quod
1544 1266 1814 1337 ﬁguravit,
1846 1278 1902 1323 et
1929 1268 2216 1326 adversum

652 1354 889 1407 animam
926 1371 1085 1425 quam
1112 1357 1352 1421 creavit,
1388 1367 1443 1413 et
1486 1358 1712 1429 perdere
1742 1374 1846 1413 non
1874 1359 2214 1430 simpliciter,

652 1446 747 1499 sed
778 1446 829 1499 in
859 1447 1121 1515 gehenna.
1180 1447 1350 1515 Major
1390 1450 1531 1504 enim
1569 1450 1729 1505 timor
1783 1460 1867 1505 est
1917 1455 2175 1522 gehennae
2199 1493 2216 1518 ,

654 1552 815 1605 quam
850 1540 1055 1594 mortis.
1090 1540 1197 1595 Cur
1227 1542 1440 1608 major?
1477 1543 1600 1613 quia
1632 1545 1824 1613 duplex
1859 1554 1943 1600 est
1965 1546 2217 1615 perditio,

646 1627 848 1681 animae
884 1639 939 1683 et
971 1630 1211 1696 corporis
1240 1649 1253 1686 :
1286 1632 1515 1702 simplex
1541 1644 1720 1688 autem
1778 1645 1832 1690 et
1877 1636 2173 1703 corporalis
2200 1677 2216 1701 ,

654 1735 776 1789 quae
808 1722 858 1774 in
888 1730 1059 1776 morte
1085 1723 1331 1779 habetur.
1362 1724 1546 1779 Primo
1577 1728 1721 1781 enim
1750 1738 1809 1783 et
1857 1729 1904 1783 si
1946 1731 2220 1786 dividatur

656 1811 979 1879 periculum,
1016 1822 1069 1867 et
1108 1815 1356 1870 homines
1383 1816 1599 1887 quidem
1639 1834 1865 1887 corpus,
1923 1820 2065 1877 Deus
2122 1838 2220 1876 au-

2326 891 2533 947 assario
2562 893 2969 950 venundantur.
3005 892 3202 951 Volens
3232 908 3365 966 ergo
3396 893 3633 950 frivolos
3661 909 3908 964 passeres

2320 983 2625 1049 ostendere,
2665 984 2910 1050 Assario,
2940 986 3133 1057 inquit,
3159 1001 3266 1042 uno
3288 987 3396 1042 duo
3422 1000 3692 1057 passeres
3718 987 3912 1042 distra-

2321 1073 2549 1129 huntur.
2581 1076 2805 1147 Accepit
2833 1077 2976 1147 quod
3008 1086 3126 1133 erat
3155 1078 3464 1143 minimum,
3500 1088 3564 1131 ιιι
3596 1078 3911 1132 hortaretur

2322 1180 2428 1224 eos.
2450 1167 2539 1235 qui
2586 1167 2640 1222 in
2678 1166 2883 1223 honore
2924 1168 3257 1224 habebantur
3304 1186 3317 1223 :
3353 1166 3420 1222 Et
3466 1184 3609 1222 unus
3656 1184 3730 1222 es
3768 1169 3909 1237 ipsis,

2320 1260 2428 1325 ait,
2467 1276 2571 1314 non
2598 1260 2738 1314 cadit
2766 1260 2821 1316 in
2854 1270 3050 1315 terram
3079 1262 3194 1317 sine
3218 1260 3382 1315 Patre
3406 1270 3586 1315 oestro
3617 1258 3715 1330 qui
3741 1268 3818 1314 est
3858 1261 3909 1312 ia

2322 1350 2469 1420 salis,
2489 1352 2557 1406 ".
2595 1350 2653 1407 Si
2686 1352 2850 1422 igitur
2878 1367 3130 1422 passeres
3164 1355 3254 1424 qui
3285 1368 3454 1423 parvo
3482 1354 3669 1423 pretio
3716 1351 3909 1407 distra-

2322 1444 2543 1507 huntur,
2586 1446 2811 1512 umbras,
2857 1455 2914 1499 ut
2943 1445 3020 1500 ita
3059 1446 3255 1509 dicam,
3287 1456 3343 1500 et
3390 1460 3495 1499 nec
3542 1444 3680 1500 dum
3718 1458 3909 1498 carnes

2323 1551 2429 1590 non
2474 1536 2765 1606 capiuntur
2814 1552 2991 1607 neque
3027 1538 3387 1607 accipiuntur,
3443 1553 3552 1592 non
3611 1539 3758 1593 dixit
3792 1538 3907 1595 sine

2324 1627 2454 1691 Deo,
2478 1628 2571 1682 sed
2602 1626 2718 1681 sine
2741 1626 2900 1682 Patre
2927 1636 3131 1690 vestro,
3162 1628 3355 1697 inquit,
3388 1636 3447 1681 ut
3481 1628 3797 1698 propositio
3818 1643 3907 1699 pa-

2324 1726 2489 1771 ternae
2516 1716 2820 1772 dilectionis
2853 1718 3201 1787 protenderet
3234 1716 3637 1781 defensionem,
3670 1728 3731 1772 et
3767 1718 3905 1772 radio

2323 1819 2475 1863 caret
2505 1808 2957 1864 adhortationem.
2999 1808 3073 1862 Ita
3117 1818 3173 1863 et
3202 1809 3256 1863 in
3293 1809 3400 1863 alio
3432 1808 3558 1863 loco
3604 1810 3905 1864 adhortans

657 1906 763 1952 tem
795 1908 849 1954 et
878 1902 1153 1965 animam;
1185 1920 1359 1974 neque
1401 1882 1484 1961 ita
1532 1882 1755 1978 aqualis
1782 1882 1866 1966 est
1905 1913 2087 1980 ιίηιοιι,
2123 1916 2217 1969 δραι
2256 1882 2294 1935 Β
2324 1899 2711 1971 frugalitatem,
2743 1911 2800 1955 et
2827 1901 3056 1970 cupiens
3091 1902 3392 1971 superﬂuas
3429 1901 3731 1957 sublevare
3762 1901 3903 1958 solli-

653 2000 916 2058 quantum
955 1993 1135 2048 anima
1164 1994 1534 2052 honorabilior
1590 2008 1693 2066 est,
1732 2008 1940 2055 tantum
1996 2012 2054 2057 et
2105 2020 2220 2059 ma-

648 2079 736 2149 jor
762 2081 924 2137 timor
956 2094 1037 2139 est
1081 2100 1109 2138 a
1146 2086 1360 2144 timore.
1392 2086 1530 2155 Quia
1554 2089 1697 2145 enim
1753 2101 1809 2146 et
1860 2107 2079 2163 corpus,
2126 2095 2221 2148 ad-

654 2187 868 2228 versum
909 2176 1049 2245 quod
1082 2177 1325 2235 homines
1389 2181 1589 2236 habent
1643 2192 1963 2253 potestatem
1992 2226 2009 2250 ,
2071 2201 2222 2241 com-

653 2267 976 2333 prehensum
1005 2276 1120 2335 est;
1146 2270 1326 2326 ethoc
1352 2272 1404 2326 in
1432 2274 1678 2329 manibus
1703 2274 1794 2328 Dei
1831 2287 1934 2341 est,
1965 2287 2018 2332 et
2042 2278 2221 2333 anima

652 2372 814 2426 quam
864 2359 1111 2416 homines
1155 2362 1367 2418 etiamsi
1413 2364 1607 2421 vellent
1650 2367 1902 2422 occidere
1941 2384 2046 2424 non
2094 2385 2221 2440 pos-

651 2458 793 2516 sent,
821 2460 876 2505 et
903 2461 1130 2522 utraque
1160 2455 1276 2509 hac
1306 2470 1413 2510 non
1436 2456 1503 2511 ad
1530 2468 1783 2524 mortem,
1808 2459 1901 2515 sed
1927 2460 1994 2515 ad
2016 2462 2222 2531 gehen-

654 2555 777 2595 nam
817 2542 1073 2598 dicuntur
1103 2546 1273 2602 abire.
1311 2546 1689 2618 Hultiplicatus
1721 2551 1884 2621 igitur
1920 2552 2082 2609 timor
2103 2564 2224 2620 est,

652 2641 708 2686 et
742 2632 1086 2690 multitudine
1124 2644 1181 2691 et
1211 2640 1613 2707 magnitudine,
1649 2642 1772 2698 ideo
1807 2658 1937 2715 ergo
1963 2645 2126 2702 timor
2158 2648 2227 2703 ti-

651 2737 857 2779 morem
888 2725 1075 2781 vincit.
1108 2724 1212 2783 Sed
1244 2729 1394 2785 dices
1425 2747 1439 2787 :
1476 2731 1937 2800 Quemadmodum
1967 2739 2226 2808 possibile

650 2828 735 2875 est
758 2820 935 2890 perire
974 2823 1207 2878 animam
1236 2824 1287 2879 in
1332 2826 1619 2897 gehenna‘l
1647 2830 1705 2886 Si
1734 2830 1877 2886 enim
1910 2834 2068 2903 perit,
2106 2849 2226 2888 ror-

651 2912 919 2983 rumpitur
958 2914 1074 2984 ejus
1110 2916 1506 2976 immortalitas.
1540 2921 2007 2990 Quemadmodum
2042 2937 2223 2982 autem

652 3011 707 3058 et
733 3006 964 3075 corpus?
992 3005 1049 3061 Si
1091 3009 1236 3065 enim
1265 3026 1475 3069 vermes
1504 3012 1614 3069 illic
1647 3025 1703 3070 et
1746 3017 1948 3073 stridor
1983 3016 2223 3074 dentium

655 3096 915 3163 habetur;
950 3114 1054 3153 non
1096 3100 1267 3156 solum
1318 3104 1496 3159 anima
1540 3106 1862 3164 immortalis
1910 3125 2015 3165 non
2061 3112 2223 3181 perit,

654 3188 749 3245 sed
788 3205 887 3246 nec
923 3206 1154 3262 corpus;
1196 3194 1435 3252 induitur
1476 3201 1618 3255 enim
1665 3203 2127 3261 immortalitatem
2172 3215 2293 3280 etc

653 3296 873 3351 corpus.
920 3282 976 3340 Si
1014 3284 1128 3341 haec
1166 3287 1381 3356 quidem
1422 3302 1705 3359 quierunt,
1736 3295 1927 3350 intenti
1971 3310 2095 3351 esse
2133 3295 2225 3351 de-

656 3373 785 3428 bent
810 3374 878 3428 ad
908 3378 1172 3431 sermonis
1198 3377 1465 3439 virtutem.
1498 3380 1621 3449 quia
1652 3382 1793 3451 quod
1816 3397 1957 3438 nunc
1998 3383 2075 3437 ait
2107 3397 2227 3453 per-

657 3463 804 3530 dere,
834 3482 933 3535 pro
962 3482 1026 3521 eo
1056 3476 1113 3522 ut
1141 3468 1284 3523 dicat
1306 3472 1519 3539 punire,
1554 3482 1832 3543 acceptum
1863 3484 1983 3540 est;
2011 3475 2056 3529 si
2083 3476 2225 3530 enim

656 3557 877 3627 periret,
929 3574 1032 3612 non
1067 3569 1212 3615 esset
1260 3561 1316 3615 in
1358 3564 1624 3632 gehenna.
1664 3565 1923 3621 Gehenna
1960 3568 2105 3623 enim
2147 3570 2226 3622 vi-

656 3647 895 3700 ventium
925 3663 1083 3717 pwna
1114 3659 1215 3715 est,
1242 3666 1344 3705 non
1386 3662 1563 3707 tamen
1597 3654 1940 3726 interemptio
1984 3658 2226 3727 perdito-

660 3751 798 3790 rum.
841 3735 973 3803 Quia
1007 3740 1149 3792 enim
1191 3741 1547 3808 perditionem
1581 3743 1844 3799 timebant
1875 3748 1965 3817 qui
1999 3757 2225 3802 mortem

661 3826 935 3881 hominum
966 3830 1438 3899 pertimescebant,
1467 3835 1585 3889 ideo
1609 3836 1722 3904 ipso
1748 3838 1956 3892 timoris
1980 3853 2230 3894 sermone

662 3918 833 3975 utitur
864 3919 1139 3983 Dominus,
1176 3930 1230 3976 et
1273 3924 1448 3979 dicit:
1507 3924 1701 3980 Timete
1756 3936 1931 3981 autem
1979 3946 2092 3984 eum
2141 3933 2231 3999 qui

662 4014 831 4073 potest
867 4016 919 4060 et
959 4010 1189 4063 animam
1221 4022 1271 4065 et
1314 4028 1501 4082 corpus
1540 4016 1755 4079 perdere
1800 4018 1858 4072 in
1904 4020 2133 4088 gelrenna
2161 4021 2229 4079 ".

664 4092 850 4162 Neque
870 4096 1010 4149 enim
1034 4100 1365 4154 convertitur
1386 4102 1560 4156 anima
1585 4106 1650 4158 ad
1673 4107 2048 4163 mortalitatem
2075 4126 2092 4175 ;
2116 4112 2233 4166 sine

666 4184 985 4253 paenitentia
1018 4188 1161 4241 enim
1205 4200 1332 4245 sunt
1375 4191 1467 4247 Dei
1500 4194 1659 4252 dona.
1702 4194 1885 4267 Neque
1920 4198 2112 4255 iterum
2148 4216 2231 4255 re-

668 4278 1020 4335 surrectionis
1058 4283 1415 4351 promissione
1464 4288 1797 4358 infringitur,
1835 4292 1930 4346 sed
1964 4292 2105 4347 sicut
2137 4308 2234 4363 per

665 4368 839 4441 Adam
861 4386 1050 4428 omnes
1074 4375 1358 4441 morimur,
1386 4377 1456 4431 ita
1480 4389 1535 4433 et
1560 4396 1653 4448 per
1676 4381 1959 4437 Dominum
1992 4395 2232 4441 nostrum

668 4460 940 4516 Christum
959 4478 1147 4520 omnes
1170 4468 1517 4538 resurgimus.
1537 4471 1884 4527 Communem
1910 4474 2050 4529 enim
2076 4476 2233 4531 istam

2323 1992 2614 2057 citudines,
2662 1990 2785 2046 ait:
2824 1992 2887 2047 Si
2924 1990 3103 2061 {suum
3146 1994 3265 2064 agri
3312 1994 3455 2063 quod
3502 1994 3667 2048 hodie
3713 2004 3815 2059 est,
3860 2006 3903 2048 et

2321 2084 2550 2137 crastino
2583 2084 2640 2137 in
2668 2082 2930 2137 clibamsm
2960 2085 3206 2149 mittitur,
3233 2083 3372 2139 Deus
3399 2086 3477 2139 ita
3506 2088 3688 2150 nestit,
3714 2098 3903 2155 quaso

2322 2179 2490 2247 magis
2524 2194 2629 2245 vos,
2658 2178 2879 2232 modicas
2898 2176 3022 2246 ﬁdei
3044 2177 3132 2231 ’τι
3156 2176 3202 2231 Δ
3232 2176 3472 2232 minimis
3501 2178 3767 2233 admonet
3794 2192 3903 2243 eos,

2322 2271 2413 2340 qui
2448 2270 2654 2325 meliori
2684 2280 2811 2325 sunt
2841 2270 3103 2340 dignitate
3130 2283 3146 2323 :
3179 2270 3251 2324 ita
3284 2278 3342 2326 et
3369 2285 3519 2327 nunc
3548 2272 3682 2340 quia
3711 2270 3906 2326 nullius

2324 2362 2479 2433 pretii
2522 2370 2648 2419 sunt
2677 2375 2949 2433 passeres,
2998 2371 3263 2432 quantum
3316 2361 3382 2416 ad
3434 2363 3902 2431 comparationem

2323 2454 2637 2517 hominum;
2692 2466 2858 2523 parvo
2908 2460 3091 2507 autem
3137 2452 3347 2521 pretio,
3379 2460 3439 2507 ut
3490 2451 3702 2507 nullius
3756 2452 3905 2522 pretii

2321 2543 2727 2609 distrahuntur;
2772 2543 2995 2614 cupiens
3040 2556 3139 2597 nos
3167 2541 3465 2597 admonere
3491 2539 3785 2611 dignitatis
3813 2557 3904 2597 no-

2322 2644 2474 2693 strae.
2506 2634 2754 2703 producit
2774 2642 3090 2689 constantes
3119 2632 3234 2688 lleri
3279 2632 3503 2688 debere.
3539 2632 3746 2687 Nam
3784 2635 3903 2697 ttae,

2325 2727 2527 2796 inquit,
2571 2742 2804 2796 passeres
2846 2726 3052 2779 assario
3092 2725 3489 2791 distrahuntur,
3536 2735 3588 2779 et
3629 2740 3803 2779 uisu
3847 2741 3903 2779 ss

2323 2819 2450 2887 ipsis
2470 2858 2485 2883 ,
2515 2834 2620 2872 non
2655 2819 2760 2872 duo
2790 2817 2974 2885 simul,
3007 2818 3104 2873 sed
3128 2832 3294 2872 unum
3322 2832 3391 2871 ex
3426 2816 3591 2886 ipsis,
3622 2833 3733 2871 nos
3767 2817 3902 2870 cadit

2326 2912 2381 2963 in
2414 2910 2650 2966 terram!
2677 2908 2905 2980 Propter
2932 2909 3168 2963 volatum
3205 2908 3303 2973 ait,
3332 2923 3430 2977 pro
3462 2922 3531 2963 eo
3576 2918 3640 2962 ut
3680 2907 3902 2972 diceret,

2326 3020 2431 3059 non
2464 3003 2706 3073 capietur
2760 3004 2877 3057 sine
2926 3001 3087 3056 Patre
3126 3010 3328 3056 vestro.
3366 2998 3423 3055 Si
3461 3000 3634 3070 igitur
3674 3014 3900 3069 quorum

2326 3113 2434 3154 non
2477 3107 2563 3153 est
2598 3097 2783 3161 Pater,
2827 3110 2928 3150 nec
2962 3094 3244 3148 minimum
3291 3092 3547 3162 proditur
3586 3092 3713 3147 sine
3753 3093 3898 3161 ipso;

2329 3188 2497 3244 multo
2535 3188 2705 3259 magis
2730 3187 2880 3242 vobis
2909 3200 3139 3256 quorum
3181 3192 3266 3238 est
3290 3184 3480 3249 Pater,
3520 3184 3900 3252 praebebitde-

2326 3282 2647 3337 l'ensionem.
2703 3280 2869 3334 Vestri
2918 3290 3124 3344 autem,
3174 3278 3383 3348 inquit,
3418 3286 3471 3332 et
3501 3276 3685 3341 capilli
3721 3276 3901 3346 capitis

2327 3374 2592 3428 uunterati
2628 3384 2745 3428 sunt
2765 3374 2831 3427 ’⁸.
2869 3372 3054 3427 Timor
3074 3372 3139 3427 de
3163 3372 3338 3425 anima
3374 3380 3529 3436 erat,
3556 3379 3654 3424 aut
3683 3372 3753 3426 de
3789 3383 3900 3425 eor-

2327 3466 2501 3534 pore?
2551 3464 2655 3521 Sed
2699 3465 2765 3520 de
2806 3465 3003 3528 anima,
3050 3463 3246 3533 inquit,
3286 3462 3455 3518 nolite
3495 3462 3694 3518 timere
3744 3477 3760 3516 :
3804 3475 3900 3515 non

2330 3567 2584 3626 poterunt
2614 3558 2784 3623 enim,
2819 3559 2916 3621 ait,
2947 3573 3017 3612 ne
3043 3556 3259 3627 quidem
3289 3555 3382 3625 qui
3419 3554 3731 3619 voluerint,
3768 3556 3898 3609 oeci-

2328 3649 2459 3703 dere
2505 3648 2763 3703 animam.
2800 3648 2903 3704 Sed
2941 3648 3009 3704 de
3038 3662 3264 3717 corpore
3296 3646 3541 3701 timetis?
3569 3646 3682 3702 Nec
3719 3647 3787 3703 de
3818 3662 3902 3702 ca-

2331 3741 2478 3809 pillis
2517 3743 2713 3812 capitis
2740 3742 2902 3796 vestri
2949 3742 3139 3796 timere
3178 3739 3415 3806 debetis;
3449 3741 3724 3794 numerati
3764 3749 3896 3795 sunt.

2338 3831 2395 3889 Si
2423 3836 2588 3906 igitur
2610 3850 2783 3905 neque
2810 3834 2876 3889 de
2904 3834 3105 3898 anima,
3150 3846 3326 3903 neque
3356 3833 3422 3887 de
3450 3847 3689 3902 corpore
3716 3833 3900 3887 timere

2334 3938 2582 4000 oportet;
2625 3937 2886 3997 quantum
2935 3928 3001 3981 ad
3045 3939 3144 3981 nos
3188 3932 3417 3994 spectat,
3453 3923 3672 3978 ablatus
3716 3933 3802 3978 est
3838 3924 3897 3976 ti-

2340 4035 2461 4075 mor
2494 4037 2511 4077 :
2545 4016 2715 4072 Vestri
2736 4020 2895 4080 enim,
2930 4018 3123 4087 inquit,
3149 4027 3199 4072 et
3225 4014 3410 4082 capilli
3429 4016 3623 4081 capitis
3655 4026 3898 4070 numerem

2332 4123 2479 4168 sunt.
2534 4110 2672 4165 Num
2726 4112 2897 4167 nostri
2942 4120 3147 4165 tantum
3192 4109 3408 4180 capilli?
3458 4108 3723 4163 Sabulum
3770 4108 3898 4164 enim

2340 4203 2509 4258 maris
2548 4202 2679 4257 latet
2711 4202 2994 4258 scientiam
3025 4201 3162 4257 Dei?
3193 4211 3287 4257 aut
3329 4202 3477 4257 enim
3527 4202 3741 4257 semina
3783 4201 3900 4267 leni,

2342 4304 2436 4349 aut
2464 4309 2656 4364 penum
2680 4309 2959 4365 passerum
2989 4295 3345 4365 ignorantur?
3370 4295 3652 4361 Quantum
3675 4299 3819 4351 enim
3842 4296 3900 4351 ad

2339 4402 2643 4444 sermonem
2696 4398 2935 4459 spectat,
2981 4388 3193 4443 videtur
3244 4387 3455 4452 dicere,
3511 4389 3646 4459 quia
3704 4396 3901 4445 vestros

2337 4479 2504 4533 etiam
2530 4476 2753 4546 capillos
2780 4478 2927 4533 novit
2956 4477 3120 4533 Deus.
3146 4476 3266 4533 Alia
3297 4487 3478 4532 autem
3509 4493 3635 4548 qua
3656 4488 3901 4550 putantur

673 4566 901 4607 mortem
926 4555 1095 4610 Adam
1125 4558 1419 4615 introduxit
1460 4564 1530 4617 ob
1562 4575 1839 4633 peccatum
1880 4584 1892 4619 :
1932 4568 2107 4623 erexit
2138 4586 2234 4624 au-
2268 4564 2311 4620 D
2343 4570 2768 4640 contemptibilia
2796 4586 2917 4627 esse
2942 4586 3048 4627 non
3082 4570 3399 4635 contemnit,
3427 4571 3525 4625 sed
3551 4572 3722 4626 habet
3741 4571 3901 4627 scien-

671 4650 779 4698 tem
808 4642 854 4698 is
882 4644 971 4714 qui
998 4647 1285 4717 assumpsit
1312 4650 1483 4704 Adam
1525 4653 1591 4706 ad
1622 4655 2093 4712 resurrectionem.
2141 4657 2234 4715 Ille

670 4734 813 4790 enim
842 4736 931 4806 qui
964 4737 1029 4790 de
1065 4747 1209 4793 terra
1238 4750 1353 4806 est,
1386 4742 1683 4799 introduxit
1716 4756 1979 4813 mortem;
2012 4749 2102 4819 qui
2139 4766 2235 4804 au-

673 4834 781 4880 tem
811 4820 1093 4882 desursum
1129 4832 1298 4895 venit,
1330 4832 1631 4890 introduxit
1663 4840 2135 4897 resurrectionem.
2169 4843 2238 4898 Et

671 4919 997 4974 resurrectio
1040 4920 1249 4991 quidem
1303 4927 1603 4981 communis
1634 4938 1720 4983 est
1753 4930 2032 4997 omnibus;
2068 4935 2237 4991 hatre-

673 5009 815 5065 ditas
859 5022 1039 5067 autem
1090 5029 1275 5069 eorum
1315 5018 1405 5085 qui
1451 5032 1514 5073 ex
1555 5021 1769 5079 viaticis
1815 5023 2017 5094 aliquid
2050 5027 2235 5097 profe-

672 5111 798 5157 runt
847 5104 978 5171 suis.
1018 5101 1376 5162 Prmcesserat
1408 5110 1569 5179 igitur
1606 5114 1888 5183 adventus,
1930 5118 2023 5173 sed
2055 5135 2236 5189 reper-

673 5194 841 5249 cussit
885 5210 1006 5250 eum
1042 5198 1234 5265 timor;
1268 5201 1479 5256 solutus
1510 5202 1594 5258 est
1629 5207 1789 5262 timor
1819 5223 1847 5261 a
1886 5208 2100 5268 timore.
2136 5211 2237 5266 Ne-

672 5286 907 5340 cessaria
947 5299 1123 5344 autem
1161 5305 1277 5348 erat
1331 5304 1384 5349 et
1435 5298 1755 5356 adhortatio.
1794 5300 1923 5369 Quae
1980 5305 2234 5359 adhorta-

678 5377 785 5431 tio?
817 5377 957 5434 Dicit
997 5383 1251 5440 Dominus
1299 5405 1311 5439 :
1365 5385 1556 5443 Nonne
1582 5390 1687 5444 duo
1720 5409 1995 5462 passeres;
2044 5398 2150 5452 duo
2183 5408 2237 5453 et

676 5482 780 5525 non
816 5472 965 5526 multi
1004 5493 1019 5527 :
1050 5484 1104 5529 et
1133 5493 1402 5545 passeres,
1432 5492 1487 5537 et
1522 5497 1627 5537 non
1666 5485 1897 5556 majores
1932 5503 2097 5556 aves;
2132 5507 2236 5544 uno

677 5563 879 5616 assario
934 5565 1301 5623 distrahuntur
1330 5570 1420 5624 "1'
1460 5588 1633 5645 neque
1679 5589 1785 5631 uno
1831 5580 2040 5635 assario
2094 5596 2230 5637 unus

2340 4664 2470 4718 tiam
2495 4663 2758 4719 omnium.
2795 4663 2928 4718 Nam
2960 4672 3016 4718 et
3045 4662 3173 4718 illud
3196 4663 3338 4733 quod
3364 4661 3569 4718 dicitur
3598 4665 3655 4719 in
3681 4664 3904 4734 Scriptu-

2342 4760 2439 4825 ris,
2468 4756 2661 4812 Omnia
2687 4760 2737 4813 ei
2770 4767 2892 4812 nota
2920 4769 3040 4813 sunt
3068 4772 3085 4812 :
3124 4772 3228 4811 non
3266 4756 3456 4812 l'rivole
3488 4758 3716 4829 quippe,
3747 4770 3900 4828 neqse

2343 4863 2470 4904 cum
2519 4848 2721 4913 labore,
2762 4858 2857 4904 aut
2908 4865 3035 4904 cum
3084 4849 3290 4913 dolore,
3341 4850 3438 4904 sed
3473 4850 3899 4908 inenarrabiliter

2340 4939 2523 4994 omnia
2558 4943 2814 5009 praevenit
2854 4941 3102 4996 scientia.
3145 4940 3280 5008 Quid
3314 4956 3444 5012 ergo
3478 4946 3742 5013 estquod
3764 4959 3899 5002 acce-

2346 5032 2423 5100 pit
2450 5030 2635 5086 dicens
2667 5049 2680 5085 :
2724 5031 2887 5086 Vestri
2917 5042 3089 5087 autem
3124 5045 3171 5087 et
3206 5034 3381 5104 capilli
3427 5037 3624 5105 capitis
3655 5039 3896 5094 numerati

2344 5124 2506 5177 sunt?
2534 5125 2657 5194 quia
2694 5126 2935 5195 provisor
2965 5138 3047 5182 est
3067 5128 3237 5183 vestri
3264 5143 3438 5199 usque
3484 5130 3555 5185 ad
3585 5133 3828 5202 capillos.
3850 5130 3897 5186 Si

2344 5215 2508 5285 igitur
2543 5218 2774 5272 animam
2802 5218 2911 5288 jam
2957 5222 3187 5275 armavit
3224 5220 3663 5292 immortalitate,
3701 5241 3894 5281 carnem

2344 5320 2525 5363 autem
2564 5326 2628 5365 ex
2667 5326 2732 5364 eo
2773 5314 2914 5381 quod
2960 5314 3241 5383 provideat
3265 5324 3321 5369 et
3356 5314 3618 5371 defendat
3648 5334 3816 5390 usque
3840 5319 3893 5371 ad

2343 5402 2601 5469 capillos;
2632 5404 2760 5473 quid
2802 5404 3120 5475 relinquitur
3153 5407 3222 5462 ad
3253 5407 3552 5463 timorem?
3582 5410 3719 5481 quid
3754 5413 3819 5467 ad
3843 5411 3895 5466 ιι.

2345 5511 2551 5551 morem
2606 5496 2944 5567 relinquitur,
3000 5506 3055 5552 ut
3112 5498 3422 5555 hominibus
3474 5515 3679 5571 casus,
3735 5513 3894 5576 utpote

2340 5601 2527 5657 Opum,
2551 5588 2880 5655 divitiarum,
2904 5590 3225 5657 amicorum,
3251 5602 3568 5664 parentum,
3591 5595 3893 5667 propinquo-

748 5698 792 5730 υ
824 5698 1008 5755 Matth.
1044 5719 1098 5770 χ,
1124 5705 1215 5761 es.
1291 5709 1488 5767 “ibid.
1566 5673 1889 5773 "ibid.29.
1966 5720 2010 5751 η
2041 5719 2170 5775 ibid.
2250 5720 2700 5790 "Matth.vt,30.
2780 5722 3223 5792 "Matth.x,50.

751 5840 862 5912 (87)
892 5842 1015 5899 Aul.
1038 5844 1223 5915 Forte,
1255 5858 1332 5905 ut.
