4072 6404
148 381 286 436 “85

1519 377 1581 430 IN
1628 376 1892 435 MATTH.
1931 379 1997 444 λ,
2033 382 2123 436 27.

3328 383 3466 436 illiti

140 510 265 550 rum
288 536 304 558 ,
345 496 552 567 patriae
578 497 693 567 ipse
729 493 990 551 aﬂectus?
1018 495 1145 551 lude
1184 505 1269 551 est
1313 503 1372 548 ut
1410 495 1556 550 dicat
1591 515 1604 550 :
1660 495 1764 563 Qui
1795 508 1842 561 Α
1873 513 2000 558 ante
2027 505 2132 560 sibi
2170 517 2398 574 parcere
2442 502 2754 558 noluerunt.
2787 499 2926 568 Quid
2957 499 3104 556 enim
3141 500 3316 557 defuit
3356 503 3468 560 illic

137 587 324 658 diligit
352 597 572 655 patrem
601 602 692 642 aut
725 600 945 642 matrem
977 605 1140 656 supra
1179 605 1282 654 me,
1312 605 1417 643 non
1447 601 1525 644 est
1559 607 1643 645 me
1671 593 1758 644 di-

139 699 279 749 qnus
296 684 370 739 ”.
405 681 546 738 Tria
579 684 723 738 enim
771 685 870 739 ista
914 694 1042 738 sunt
1086 698 1208 755 qua
1249 683 1394 738 circa
1442 697 1564 747 nos,
1611 693 1667 738 et
1705 685 1759 738 in

141 774 304 832 nobis
327 785 387 831 et
421 787 621 831 nostra
646 787 814 831 sunt:
847 778 991 846 quod
1025 776 1170 831 enim
1199 790 1410 843 sumus,
1442 775 1626 831 anima
1663 790 1747 830 sn-

140 885 292 925 mus.
329 868 391 924 Si
435 870 571 939 quis
597 879 777 924 autem
807 883 862 924 et
893 869 1248 940 semetipsum
1289 868 1539 936 agnoscit
1579 869 1759 922 inten-

139 962 276 1029 tius,
307 969 367 1018 et
400 961 580 1018 veluti
620 964 674 1017 in
716 964 958 1018 secundo
977 962 1122 1026 loco,
1170 976 1270 1015 nos
1302 975 1502 1031 corpus
1534 973 1758 1025 sumus;

141 1055 250 1110 tria
277 1070 422 1126 ergo
453 1066 588 1111 sunt
621 1070 742 1126 qua
771 1057 825 1110 in
862 1055 1018 1110 nobis
1044 1063 1169 1110 sunt
1203 1072 1218 1108 :
1248 1069 1370 1124 quin
1397 1063 1578 1109 autem
1613 1053 1760 1107 circa

139 1161 267 1212 nos,
291 1150 712 1218 possessiones,
737 1149 923 1212 amici,
956 1158 1208 1220 parentes
1238 1158 1294 1203 et
1327 1148 1525 1219 patria.
1556 1145 1663 1202 Sed
1696 1147 1763 1200 de

139 1240 330 1296 anima
384 1241 578 1298 nullus
629 1243 791 1298 timor
831 1251 947 1306 est,
988 1242 1114 1310 quia
1165 1241 1492 1298 immortalis
1523 1250 1631 1294 est.
1682 1239 1758 1294 De

139 1347 388 1402 corpore
421 1335 649 1390 ablatus
685 1343 770 1390 est
797 1335 982 1401 timor,
1011 1334 1142 1403 quia
1172 1345 1228 1388 et
1273 1332 1450 1401 capilli
1492 1332 1761 1386 numerati

140 1436 295 1482 sunt.
333 1427 416 1482 De
451 1429 544 1484 his
582 1437 765 1483 autem
789 1441 909 1498 qua:
930 1436 1086 1482 extra
1115 1436 1262 1492 sunt,
1291 1426 1422 1480 dicit
1446 1423 1713 1478 Dominus
1739 1442 1752 1478 :

140 1519 206 1576 Si
236 1524 364 1592 quis
397 1521 677 1592 reliquerit
716 1531 926 1591 propter
959 1536 1040 1574 me
1073 1530 1122 1575 et
1165 1536 1324 1590 regna
1354 1518 1640 1580 scelerum,
1668 1531 1764 1584 pa-

140 1623 302 1678 trem,
345 1624 444 1666 aut
495 1624 739 1677 matrem,
764 1621 857 1667 aut
897 1612 1112 1679 Intres,
1141 1622 1234 1665 aut
1271 1610 1443 1680 ‘ﬁlios,
1491 1618 1585 1663 aut
1627 1624 1762 1661 uxo-

139 1720 280 1773 rem,
332 1715 436 1758 aut
489 1717 768 1776 cognatos,
817 1715 910 1759 aut
959 1705 1198 1768 domum,
1232 1705 1441 1756 habebit
1479 1713 1526 1754 et
1561 1702 1616 1755 in
1667 1701 1763 1754 hoc

139 1799 352 1852 mundo
413 1797 760 1866 centuplum;
809 1799 866 1853 in
931 1798 1106 1869 futuro
1171 1808 1349 1850 autem
1402 1797 1562 1849 sitam
1613 1803 1764 1850 arter-

1859 597 1927 652 ad
1975 597 2292 657 patientiam
2339 595 2474 650 Dei?
2519 593 2713 649 Nonne
2768 608 3077 663 praeconem
3122 594 3464 665 pcenitentia

1861 689 2147 746 constituit
2177 689 2258 746 eis
2294 687 2408 745 Noe
2449 703 2550 758 per
2577 701 2754 742 annos
2783 697 3027 752 centum,
3052 697 3320 757 quantum
3359 685 3460 742 sui

1864 793 1970 837 tem
2007 782 2075 836 ad
2106 797 2260 836 suam
2314 780 2733 851 promissionem
2784 793 2884 849 per
2925 777 3068 833 cxx?
3108 777 3300 834 Nonne
3330 794 3458 835 arca

1862 875 2047 938 liehat,
2072 875 2191 942 ipso
2217 888 2388 944 opere
2412 871 2479 927 ad
2509 872 2895 942 paenitentiam
2922 871 3150 926 hortans
3172 871 3463 927 homines!

1862 975 1956 1021 aut
2005 966 2279 1020 modicum
2338 973 2459 1020 erat
2514 979 2646 1029 vas,
2704 964 2852 1034 quod
2905 974 3090 1033 posset
3137 965 3302 1018 etiam
3359 965 3464 1020 suh

1864 1069 2010 1114 tecto
2048 1056 2348 1112 fabricari?
2407 1056 2603 1113 Nonne
2651 1067 2818 1112 tantae
2863 1058 3084 1120 quidem
3133 1056 3461 1124 altitudinis,

1866 1160 2032 1206 tanta:
2065 1159 2247 1205 autem
2300 1148 2660 1220 longitudinis
2693 1157 2748 1206 et
2797 1148 3105 1205 latitudinis
3157 1150 3463 1205 secundum

1864 1241 2216 1296 mensuram?
2287 1240 2690 1296 Fabrichatur
2767 1247 2949 1294 autem
3023 1253 3152 1293 arca
3212 1248 3272 1294 ut
3332 1245 3465 1294 tuba

1866 1334 2100 1387 maxima
2125 1374 2139 1395 ,
2163 1333 2276 1402 jam
2303 1332 2566 1388 diluvium
2606 1331 2913 1400 praedicans
2958 1329 3232 1394 futurum,
3258 1339 3313 1384 et
3337 1336 3467 1384 ante

1864 1428 2123 1482 diluvium
2153 1426 2530 1497 penitentiam
2561 1425 2828 1481 clamans.
2861 1425 2921 1479 Si
2957 1425 3123 1494 igitur
3148 1439 3252 1478 cxx
3307 1426 3468 1478 annis

1866 1520 2108 1576 revocati
2133 1535 2162 1574 a
2195 1520 2422 1574 malitiis
2456 1535 2562 1574 non
2590 1529 2717 1573 sunt
2739 1518 2908 1584 suasi,
2945 1519 3046 1586 ipsi
3082 1519 3190 1571 vim
3221 1517 3466 1572 fecerunt

1867 1625 1927 1668 ut
1959 1629 2120 1683 supra
2146 1628 2242 1670 eos
2268 1613 2533 1667 diluvium
2560 1612 2866 1678 adveniret,
2902 1613 2994 1681 qui
3028 1611 3248 1666 suaderi
3278 1610 3467 1666 nolue-

1867 1698 1994 1761 rint.
2027 1705 2132 1760 Sed
2167 1704 2464 1760 Sodomam
2493 1704 2692 1760 evertit
2716 1703 2858 1759 Deus
2882 1747 2896 1769 ,
2927 1703 3056 1772 quia
3098 1703 3250 1772 prius
3297 1702 3466 1757 Sodov

1867 1800 2013 1852 mitte
2045 1807 2296 1852 naturam
2327 1813 2483 1853 suam
2528 1808 2912 1868 corruperant.
2961 1795 3029 1850 Et
3061 1807 3214 1852 certe
3245 1811 3312 1851 ne
3345 1796 3466 1866 qni-

140 1906 270 1944 nam
296 1891 366 1944 ”.
402 1891 556 1960 Ergo
579 1863 727 1944 nulla
760 1863 980 1945 occasio
1007 1889 1267 1944 derelicta
1309 1899 1395 1942 est
1442 1888 1646 1942 timori.
1687 1886 1762 1940 De
1797 1863 1838 1919 Β
1867 1890 1988 1944 dem
2030 1890 2153 1944 istic
2185 1889 2434 1960 despexit
2482 1890 2662 1956 Deus,
2697 1863 2790 1944 sed
2840 1904 3035 1959 passus
3075 1898 3164 1943 est
3207 1863 3375 1943 Loth'
3397 1888 3468 1942 ob

141 1983 330 2038 anima
357 1983 514 2039 enim
547 1984 742 2038 timere
767 1999 874 2039 non
904 1983 1071 2038 debes
1107 1982 1360 2036 timorem
1400 1981 1760 2042 insensatum,

140 2090 213 2132 ne
266 2079 492 2146 puteris
540 2075 825 2133 mortalem
878 2074 1065 2130 dicere
1104 2073 1496 2128 immortalem.
1543 2071 1649 2126 Sed
1694 2069 1762 2125 de

139 2179 387 2235 corpore
423 2165 593 2222 times
640 2183 654 2220 :
699 2174 929 2235 possunt
973 2163 1120 2219 enim
1148 2162 1402 2218 occidere
1451 2177 1464 2213 :
1515 2159 1761 2215 defendit

143 2273 324 2327 usque
354 2257 429 2312 ad
463 2256 692 2327 capillus
727 2257 818 2327 qui
861 2254 1094 2310 creavit.
1134 2253 1246 2320 Sed
1277 2250 1577 2307 amicitiam
1606 2265 1758 2321 quae-

142 2353 246 2419 ris,
276 2360 336 2407 et
376 2360 631 2422 patrem,
669 2359 723 2403 et
754 2360 983 2403 matrem
1017 2363 1032 2400 :
1078 2357 1196 2400 esto
1241 2360 1452 2400 memor
1506 2345 1624 2414 ejus
1665 2343 1757 2414 qui

143 2442 225 2498 ait
257 2461 271 2498 :
311 2441 425 2508 Qui
465 2442 643 2512 diligit
685 2451 886 2504 patrem
927 2449 1016 2492 aut
1057 2447 1278 2491 matrem
1308 2452 1477 2514 supra
1507 2451 1608 2500 me,
1653 2451 1759 2489 non

143 2546 224 2590 est
251 2552 337 2589 me
370 2537 572 2607 dignus
596 2534 663 2588 ³³.
692 2533 799 2588 Sed
829 2532 1070 2592 divitias.
1104 2539 1158 2585 et
1185 2545 1305 2600 quae
1328 2530 1411 2584 his
1445 2539 1574 2584 sunt
1601 2528 1754 2583 simi-

145 2626 216 2681 lia
248 2626 923 2697 desideras.‘Qnicunque
962 2623 1244 2693 reliquerit
1276 2631 1486 2694 patrem
1517 2631 1612 2675 aut
1639 2635 1756 2674 ma-

147 2729 314 2785 trem,
348 2730 445 2774 aut
470 2722 717 2786 domum,
750 2727 845 2772 aut
885 2729 1224 2787 quaecunque
1269 2722 1398 2770 sunt
1444 2728 1610 2784 supra
1644 2721 1755 2768 ter-

145 2826 266 2866 ram
315 2821 551 2883 propter
578 2823 664 2864 me
696 2818 751 2865 et
794 2823 962 2878 regna
991 2807 1280 2874 caelorum,
1309 2805 1622 2875 centuplum
1655 2804 1754 2858 ha-

145 2900 300 2957 behit
329 2917 347 2955 :
381 2902 530 2956 sicut
570 2899 625 2955 hi
667 2900 758 2969 qui
800 2899 1077 2954 sominant
1113 2898 1165 2950 in
1198 2897 1396 2952 bonam
1425 2905 1646 2958 terram,
1700 2895 1752 2950 in

147 2995 254 3049 isto
284 2994 513 3064 quidem
556 2991 760 3048 seculo
790 2990 1124 3061 centuplum,
1154 2990 1207 3044 in
1250 2988 1435 3044 futuro
1462 2999 1644 3043 autem
1673 2989 1754 3042 vi-

147 3095 258 3139 tam
308 3095 605 3141 aeternam.
659 3083 837 3138 Nolite
878 3097 1009 3150 ergo
1052 3081 1266 3135 timere.
1313 3080 1370 3134 Si
1414 3082 1562 3134 enim
1612 3094 1752 3135 unus

145 3194 344 3248 passer
375 3194 488 3236 non
515 3163 662 3232 cadit
691 3177 744 3231 in
771 3186 973 3232 terram
1003 3173 1122 3229 sine
1153 3182 1310 3243 patre
1341 3182 1526 3228 vestro
1549 3173 1640 3241 qui
1669 3181 1754 3227 est

145 3271 199 3326 in
237 3271 426 3336 ctelis,
465 3267 760 3326 multorum
807 3274 990 3322 autem
1035 3277 1319 3334 passerum
1363 3276 1460 3316 vos
1497 3261 1753 3318 meliores

144 3365 318 3433 estis;
359 3380 473 3420 non
511 3362 676 3418 habet
717 3360 901 3416 locum
934 3358 1120 3412 timor.
1165 3355 1301 3423 Quia
1351 3355 1514 3425 igitur
1541 3355 1751 3410 intere-

146 3457 247 3514 mit
279 3458 563 3522 timorem,
588 3454 790 3525 reperit
823 3451 938 3524 (88)
967 3449 1290 3506 constantia:
1324 3447 1580 3502 fiduciam
1621 3461 1750 3501 cum

142 3548 523 3615 confessione,
559 3556 615 3604 et
646 3547 776 3603 dicit
821 3564 836 3600 :
869 3543 1054 3599 Omnis
1080 3542 1377 3612 quicunque
1417 3556 1500 3593 me
1532 3539 1746 3609 confes-

143 3659 232 3697 sus
266 3645 431 3715 fuerit
462 3652 588 3698 ante
624 3641 896 3706 homines,
927 3637 1018 3693 isti
1063 3637 1208 3692 enim
1246 3643 1372 3690 sunt
1410 3635 1503 3703 qui
1545 3647 1746 3703 perse-

145 3747 409 3804 quuntur,
445 3735 731 3806 conﬁtebor
758 3744 806 3788 et
845 3749 938 3802 ego
971 3746 1091 3785 eum
1137 3738 1258 3783 ante
1298 3724 1519 3780 Patrem
1565 3742 1745 3779 meum

142 3827 333 3896 quiest
367 3829 428 3883 in
449 3828 594 3882 catis
626 3826 690 3880 ⁸³.
723 3826 785 3882 Et
815 3827 990 3897 primo
1017 3821 1240 3892 quidem
1270 3819 1550 3888 intercipit
1587 3819 1752 3874 timo-

146 3934 287 3989 rem,
322 3921 568 3982 secundo
595 3927 775 3974 autem
805 3917 1052 3974 immittit
1084 3930 1234 3986 spem
1263 3932 1276 3968 :
1309 3914 1633 3983 Quicunque
1664 3927 1751 3968 me

145 4013 438 4072 confessus
479 4013 643 4069 fuerit
689 4022 818 4068 ante
863 4011 1132 4076 homines.
1181 4007 1490 4064 conlttebor
1539 4017 1593 4062 et
1648 4021 1749 4078 ego

145 4118 268 4161 eum
303 4127 316 4163 :
369 4117 506 4176 puta
551 4106 676 4175 quia
702 4103 1018 4160 hominibus
1059 4101 1390 4158 conveniens
1433 4111 1518 4155 est
1572 4100 1742 4155 Deum

147 4199 425 4264 conﬁteri,
461 4199 629 4254 Deum
662 4198 914 4252 homines
957 4196 1239 4267 quomodo
1277 4196 1536 4250 convenit
1579 4193 1750 4248 confl-

149 4290 290 4346 teri?
318 4290 398 4345 De
427 4289 742 4346 hominibus
771 4301 830 4344 ut
855 4303 962 4344 non
992 4290 1140 4344 dicat
1169 4288 1239 4344 ad
1265 4303 1362 4344 eos
1397 4307 1412 4344 :
1443 4287 1693 4343 Recedite
1717 4307 1747 4343 a

147 4395 247 4446 me,
278 4385 462 4438 nescio
503 4398 589 4436 vos
612 4383 688 4450 ⁸³;
721 4382 817 4437 sed
858 4391 919 4435 ut
955 4382 1134 4452 magis
1163 4381 1312 4437 dicat
1342 4385 1408 4436 ad
1441 4397 1536 4438 eos
1572 4400 1585 4435 :
1633 4379 1736 4435 Ve-

149 4473 274 4540 nite,
307 4475 573 4530 benedicti
604 4474 786 4529 Patris
821 4476 924 4529 mei
949 4474 1014 4529 ⁸⁶.
1057 4474 1288 4531 Intueris
1331 4477 1744 4546 abnegationent

1867 1983 2280 2037 contentionem
2353 1993 2634 2052 pastorum
2711 1984 2779 2037 ab
2860 1982 3140 2035 Abraham
3199 1979 3468 2050 separari.

1867 2075 2027 2130 Forte
2078 2084 2261 2130 autem
2309 2084 2363 2130 ct
2403 2076 2756 2131 continentia:
2796 2073 2938 2128 sales
2990 2074 3142 2128 misit
3185 2073 3254 2127 ad
3297 2071 3470 2126 Sodo-

1864 2180 2009 2220 mam
2055 2165 2196 2222 Loth
2221 2167 2286 2232 ",
2335 2176 2397 2222 ut
2441 2166 2560 2235 ejus
2589 2156 2800 2237 iustitia
2853 2165 3296 2220 continerentur.
3328 2174 3386 2217 ut
3433 2177 3467 2218 a

1861 2257 1995 2326 sale,
2044 2269 2099 2313 et
2147 2273 2253 2314 non
2300 2270 2810 2330 corrumperentur.
2853 2258 2932 2312 Illi
2984 2267 3170 2312 autem
3223 2267 3278 2312 et
3324 2256 3469 2312 sales

1861 2352 2236 2418 calcaverunt,
2269 2361 2326 2409 et
2351 2353 2610 2408 dixerunt
2639 2358 2706 2408 ad
2746 2367 2876 2408 eum
2906 2353 2998 2422 qui
3034 2351 3325 2414 insalabat,
3354 2351 3464 2404 lla-

1861 2445 2038 2499 bitare
2068 2445 2293 2510 venisti,
2333 2462 2440 2501 non
2479 2455 2662 2501 tamen
2695 2458 2750 2502 et
2789 2446 3058 2518 judicium
3089 2444 3361 2514 judicare.
3397 2443 3467 2500 Et

1861 2539 1979 2593 haec
2005 2540 2254 2594 dicentes
2281 2539 2488 2606 justum
2525 2541 2816 2594 adversum
2851 2553 2908 2592 se
2934 2538 3204 2607 judicium
3249 2537 3462 2593 excita-

1859 2641 2013 2697 runt,
2039 2631 2133 2702 qui
2174 2646 2280 2686 non
2314 2631 2469 2686 fuere
2509 2631 2756 2687 conten-ti
2796 2632 3064 2685 adversus
3091 2629 3342 2686 homines
3377 2628 3463 2683 in-

1858 2725 2041 2795 digna,
2082 2725 2178 2781 sed
2223 2734 2278 2779 et
2328 2724 2676 2779 lnsanierunt
2719 2723 2986 2778 adversus
3039 2724 3189 2793 ipsos
3241 2734 3468 2779 sanctos

1857 2819 2100 2888 angelos,
2136 2818 2228 2888 qui
2270 2827 2535 2872 venerant
2567 2818 2850 2872 vindicare
2888 2816 3143 2883 iniuriam
3177 2815 3461 2870 hominum

1856 2913 1926 2968 ab
1953 2912 2160 2968 eisdem
2197 2912 2520 2966 admissam.
2556 2909 2665 2964 Sed
2693 2923 2873 2980 neque
2898 2909 3009 2963 Noe
3036 2909 3286 2977 despexit
3316 2907 3464 2964 Deus

1857 3006 1912 3061 in
1954 3004 2194 3069 diluvio;
2245 3004 2514 3059 numerati
2553 3003 2703 3056 enim
2739 3012 2900 3056 erant
2944 3001 3065 3068 ejus
3094 2999 3322 3069 capilli:
3367 3013 3466 3055 ne-

1857 3108 1963 3170 que
2002 3098 2142 3154 Loth
2190 3098 2331 3168 apud
2384 3095 2701 3152 Sodomam.
2749 3095 2856 3151 Alii
2905 3104 3090 3150 autem
3135 3095 3304 3150 Deum
3347 3108 3458 3149 non

1780 3213 1824 3273 ε
1858 3201 2043 3249 tamen
2072 3192 2324 3248 homines
2355 3189 2699 3246 oli‘enderunt
2724 3229 2741 3256 ,
2773 3188 2865 3259 qui
2901 3189 3329 3243 immntaverunt
3362 3187 3464 3241 hu-

1859 3299 2080 3338 manam
2125 3294 2400 3338 naturam.
2444 3281 2560 3335 Non
2596 3290 2681 3336 est
2710 3293 2842 3350 ergo
2890 3278 3288 3347 increpandum
3321 3277 3457 3341 Deo,

1857 3378 1985 3448 quia
2027 3391 2130 3432 nec
2163 3375 2209 3430 si
2243 3373 2383 3428 tauri
2429 3372 2756 3428 occiduntur
2795 3370 2862 3426 ad
2895 3385 3085 3434 usum,
3119 3383 3297 3440 neque
3333 3369 3462 3438 quia

1856 3487 1986 3528 oves
2014 3481 2070 3527 et
2098 3467 2401 3533 columbas;
2441 3465 2786 3520 varilicatum
2821 3464 2970 3519 enim
3003 3472 3087 3518 est
3132 3476 3296 3518 omne
3333 3461 3460 3528 hoc,

1854 3574 1912 3620 et
1955 3562 2291 3619 abundantia
2341 3569 2427 3616 est
2475 3558 2681 3622 multa,
2727 3566 2782 3610 et
2827 3555 2931 3610 alia
2977 3555 3100 3608 aliis
3143 3555 3459 3611 necessaria

1855 3666 2011 3723 sunt,
2062 3664 2117 3708 et
2150 3653 2254 3709 alia
2293 3652 2455 3707 aliter
2506 3661 2690 3705 creata
2739 3660 2888 3704 sunt.
2939 3648 3092 3702 Sicut
3137 3646 3304 3717 igitur
3358 3663 3461 3717 pro

1858 3750 2029 3805 tauris
2051 3748 2144 3818 qui
2168 3746 2497 3803 occiduntur
2527 3745 2592 3797 ad
2620 3758 2778 3798 usum
2803 3757 2909 3796 non
2936 3744 3251 3810 increpatur
3277 3740 3456 3808 Deus;

1856 3847 1910 3891 et
1943 3848 2091 3891 certe
2121 3836 2261 3888 tauri
2292 3849 2400 3888 non
2435 3840 2700 3903 peccant,
2735 3845 2919 3900 neque.
2950 3841 3033 3884 est
3067 3831 3454 3902 irreligiositas

1855 3928 1910 3981 in
1942 3928 2147 3991 tauris;
2182 3941 2288 3980 non
2331 3925 2506 3979 solum
2542 3937 2650 3978 non
2678 3931 2758 3976 est
2799 3923 3191 3991 increpandnm
3225 3922 3292 3975 de
3324 3937 3455 3992 per-

1853 4018 2126 4088 emptioue
2165 4017 2595 4086 irreligiosorum
2617 4055 2631 4077 ,
2666 4015 2762 4070 sed
2798 4027 2852 4068 et
2887 4013 3220 4068 mirandum.
3280 4013 3458 4069 Debet

1854 4107 1998 4163 enim
2046 4108 2252 4162 laudari
2309 4108 2473 4173 Deus,
2533 4109 2664 4178 quia
2730 4119 2932 4162 terrain
2991 4105 3149 4175 aquis
3203 4105 3375 4159 abluit
3425 4120 3460 4161 a

1855 4202 2134 4272 spurcitiis
2185 4201 2551 4257 habitantium
2613 4219 2626 4254 :
2683 4201 2845 4255 debet
2889 4199 3133 4269 probari.
3181 4199 3308 4269 quia
3360 4214 3461 4270 per

1855 4297 2033 4367 ignem
2085 4293 2341 4350 conflavit
2395 4303 2642 4349 nostram
2693 4303 2990 4357 naturam,
3040 4302 3095 4345 ut
3132 4302 3458 4348 evocaretur

1854 4397 2042 4443 nostra
2098 4388 2364 4458 legitima.
2420 4387 2498 4441 Ita
2555 4385 2731 4441 nescit
2788 4386 2932 4442 Deus
2984 4402 3121 4456 quos
3172 4403 3283 4442 non
3338 4389 3460 4444 vult

1854 4495 2050 4548 nosse,
2088 4480 2158 4534 ita
2204 4477 2480 4548 ignoravit
2510 4493 2606 4534 eos
2635 4478 2728 4548 qui
2763 4479 2869 4535 sub
2905 4477 3048 4544 Noe;
3104 4480 3175 4534 ita
3222 4480 3457 4536 nescivit

148 4562 268 4621 Filii
293 4568 365 4623 de
393 4569 727 4637 hominibus,
767 4579 823 4624 et
854 4567 1258 4625 confessionem
1288 4571 1378 4624 Dei
1410 4569 1478 4625 de
1517 4570 1749 4625 homini-
1779 4599 1824 4655 υ
1853 4585 1946 4624 eos
1975 4571 2065 4639 qni
2105 4569 2206 4626 snh
2242 4569 2406 4636 Loth,
2444 4578 2502 4626 et
2532 4584 2629 4624 eos
2661 4570 2755 4639 qui
2788 4582 3126 4639 negaverunt
3157 4585 3281 4625 eum
3327 4582 3456 4628 ante

149 4656 287 4716 bus?
331 4661 473 4716 Num
515 4660 775 4730 possibile
800 4669 886 4716 est
921 4661 973 4716 ei
1015 4660 1231 4727 dicere,
1262 4663 1447 4717 nescio
1478 4661 1744 4716 Patrem?

152 4746 265 4806 Scit
286 4753 494 4824 quippe
527 4759 582 4808 et
616 4752 887 4819 homines,
915 4762 970 4808 et
1004 4753 1104 4808 hos
1137 4764 1454 4824 peccatores
1482 4756 1694 4823 ignorat
1729 4774 1740 4808 :

148 4843 585 4902 additamentum
652 4845 798 4899 enim
858 4845 960 4901 hoc
1027 4845 1354 4901 solutionem
1419 4846 1743 4918 quaestionis

149 4934 390 5001 prebet;
416 4934 543 5004 quia
577 4936 722 4990 enim
751 4943 1071 5004 peccatores
1097 4937 1266 5007 ignoti
1295 4948 1443 5005 sunt,
1478 4954 1583 4992 non
1615 4937 1742 5006 quia

150 5023 494 5094 ignorantur,
541 5028 636 5081 sed
663 5029 790 5099 quia
833 5044 939 5084 non
985 5030 1054 5084 ab
1097 5044 1161 5084 eo
1204 5032 1540 5087 coulitentur
1589 5052 1602 5086 :
1645 5047 1741 5090 cos

149 5122 286 5178 enim
345 5122 437 5192 qui
489 5122 646 5178 mala:
691 5131 822 5178 sunt
872 5124 996 5180 vita:
1046 5125 1226 5180 nescit
1281 5124 1461 5180 sciens
1509 5141 1604 5182 eos
1649 5128 1739 5196 qui

153 5214 274 5271 sint.
322 5215 380 5271 Si
425 5215 570 5270 enim
599 5226 1050 5285 computarentur
1099 5217 1243 5272 inter
1266 5218 1417 5271 vivos
1447 5219 1598 5283 mali,
1633 5234 1737 5273 non

152 5308 385 5363 venisset
411 5306 671 5362 diluvium
705 5309 806 5362 sub
842 5306 958 5362 Noe
991 5329 1005 5362 :
1037 5318 1092 5362 et
1121 5309 1256 5363 alios
1283 5309 1501 5379 quidem
1534 5325 1752 5364 connu-'

154 5397 382 5454 meravit
424 5412 562 5467 quos
590 5400 787 5465 salvat,
820 5417 958 5471 quos
992 5410 1175 5456 autem
1216 5401 1414 5465 nescit,
1458 5401 1634 5470 perdit
1681 5413 1739 5457 ut

153 5499 343 5562 purget
387 5497 613 5544 terram.
655 5489 773 5546 Non
823 5507 952 5563 ergo
998 5492 1186 5548 debuit
1231 5495 1311 5548 eis
1357 5507 1608 5562 parcere,
1641 5493 1734 5564 qui

217 5633 262 5666 ¹⁹
286 5631 478 5688 Matth.
507 5633 666 5695 1,57.
744 5635 788 5667 ³ο
816 5633 1125 5695 Mattlutx,
1152 5634 1242 5691 29.
1320 5635 1360 5667 ³¹
1400 5632 1588 5690 Matth.
1622 5648 1714 5702 xv,
1739 5635 1828 5691 57.

155 5699 194 5734 ³³
218 5704 356 5761 Gen.
389 5719 507 5766 ιιι,
537 5703 590 5758 9.
665 5705 710 5737 ³⁸
731 5704 918 5759 Matth.
962 5721 1018 5770 ι,
1051 5705 1139 5760 33.

220 5841 330 5911 (88)
359 5838 586 5900 Reperit.
611 5843 794 5907 Forte,
827 5842 1034 5909 repetit.

1853 4663 2128 4731 homines,
2155 4664 2222 4720 de
2256 4663 2454 4732 quibus
2485 4675 2538 4718 et
2569 4661 2701 4716 dicit
2733 4679 2747 4716 :
2784 4661 3099 4734 Quicunque
3128 4680 3206 4718 me
3236 4682 3461 4734 negare-

1845 4757 1912 4809 rit
1940 4773 2116 4809 coram
2138 4755 2460 4820 hominibus,
2484 4753 2684 4824 negabo
2721 4763 2771 4808 et
2797 4771 2890 4824 ego
2919 4771 3036 4809 eum
3060 4771 3240 4809 coram
3282 4755 3448 4811 Patre

1845 4865 1959 4901 meo
1984 4850 2075 4919 qui
2101 4859 2178 4902 est
2211 4850 2267 4902 in
2298 4850 2440 4904 caelis
2468 4849 2538 4904 “.
2569 4849 2783 4918 Negant
2816 4861 2997 4904 autem
3029 4848 3308 4903 Christum
3342 4864 3451 4906 non

1844 4939 2020 4993 solum
2055 4940 2108 4994 hi
2146 4943 2236 5010 qui
2273 4942 2325 4996 in
2361 4941 2747 5012 persecutione
2781 4951 3003 5014 negant,
3043 4941 3313 5010 siquidem
3348 4958 3450 5000 nec

1851 5032 1940 5101 qui
1965 5032 2295 5088 confitentur
2321 5035 2374 5088 in
2407 5035 2908 5104 persecutionibus,
2947 5035 3047 5107 ipsi
3073 5034 3171 5088 soli
3204 5038 3451 5104 suntqui

1851 5123 2224 5181 conﬁtentur:
2276 5128 2371 5182 sed
2415 5129 2813 5184 descendamus
2855 5129 2922 5183 ad
2970 5129 3211 5197 negotia,
3252 5141 3309 5179 et
3364 5129 3454 5180 l‘n-

1850 5218 2061 5286 giamus
2091 5219 2575 5290 irreligiositatem.
2614 5221 2715 5288 Qui
2766 5232 2895 5276 sunt
2939 5236 3069 5291 ergo
3116 5225 3208 5289 qui
3249 5232 3455 5288 negant

1850 5309 2066 5376 Filium,
2100 5322 2156 5367 et
2187 5313 2300 5379 ubi,
2330 5325 2384 5369 et
2419 5315 2472 5370 in
2503 5315 2722 5384 quibus,
2750 5316 3125 5375 advertamus.
3158 5313 3294 5370 Cum
3329 5314 3453 5382 quis

1850 5403 2155 5472 ingreditur
2191 5405 2468 5462 civitatem
2506 5407 2790 5479 gentilium
2815 5447 2833 5474 ,
2882 5418 2938 5465 et
2965 5407 3230 5477 religione
3276 5421 3450 5474 espo-

1849 5503 2036 5552 scente
2081 5491 2245 5554 fronti
2276 5499 2558 5571 imponere
2598 5501 2939 5574 signaculum
2973 5499 3153 5556 crucis
3186 5497 3453 5554 confusus

1907 5635 1952 5668 ³¹
1988 5636 2181 5696 Matth.
2206 5642 2374 5709 1,5i.
2452 5641 2498 5674 ³³
2527 5641 2716 5698 Matth.
2754 5658 2884 5708 xxv,
2921 5639 3008 5696 12.
3107 5637 3155 5670 ⁸⁸
3182 5637 3314 5695 ibid.
3354 5637 3448 5693 54.
