4072 6398
675 390 810 444 Ιῐ87

1335 380 1599 440 EUSEBII
1635 377 2112 437 CESARIENSIS
2148 377 2299 434 OPP.
2342 376 2522 432 PARS
2560 376 2645 434 IV.
2685 407 2755 419 —
2791 370 3219 433 DOGMATICA.

3826 367 3943 423 “83

681 488 878 570 fuerit;
907 504 996 574 qui
1040 502 1340 572 ingreditur
1377 516 1529 556 suam
1565 498 2011 570 glorilicationem
2045 504 2100 553 et
2132 497 2237 550 vir-
2266 503 2314 559 Α
2339 496 2478 565 aequi
2523 494 2748 563 iudicii;
2799 491 3243 562 concupiscentia
3290 496 3499 544 autem
3541 500 3774 544 caenosa
3812 490 3941 558 turpi

636 605 842 676 .tutem
890 593 1067 647 crucis
1108 594 1161 647 in
1196 592 1371 647 fronte
1403 607 1505 645 non
1556 591 1878 655 ostenderit,
1927 590 2030 643 iste
2072 589 2234 643 etiam

673 687 790 741 sine
834 696 1103 739 tormento
1144 685 1357 754 negabit
1401 694 1454 737 et
1491 682 1841 737 sacriﬁcabit.
1876 680 2008 746 Quis
2048 688 2235 733 autem

671 788 726 832 et
769 776 905 830 alius
959 775 1174 845 negabit
1227 774 1541 830 Christum?
1586 772 1717 827 Cum
1767 772 1961 841 aliquis
2004 780 2232 824 vocatus

672 868 834 924 fuerit
866 870 931 924 ad
955 883 1163 923 cmnam
1206 869 1507 935 gentilium,
1544 877 1597 921 et
1627 865 1926 935 perrexerit
1958 879 1973 919 :
2008 863 2234 917 necdum

672 962 815 1015 enim
854 962 955 1016 hoc
986 970 1065 1014 est
1105 960 1468 1029 prohibitum;
1514 958 1695 1011 vinum
1742 966 1918 1010 autem
1972 954 2167 1009 viderit
2206 967 2235 1004 a

672 1060 919 1105 cmnante
970 1052 1021 1105 in
1070 1059 1275 1104 terram
1328 1048 1525 1103 eii‘undi
1579 1056 1633 1101 et
1661 1047 1858 1110 libari,
1907 1053 1962 1100 et
2012 1057 2237 1098 accenso

672 1142 1004 1212 blasphemio
1035 1142 1099 1195 ab
1131 1140 1217 1195 his
1246 1140 1337 1209 qui
1366 1154 1425 1192 ea
1458 1152 1577 1207 qua:
1610 1146 1737 1191 sunt
1774 1134 1987 1189 Domini
2028 1135 2238 1203 ingrate

675 1235 1039 1295 manducant,
1074 1231 1337 1299 coeperint
1375 1227 1750 1295 blasphemare
1789 1226 1839 1277 in
1886 1222 2051 1277 Deum
2101 1239 2115 1275 :
2152 1221 2238 1275 ille

674 1334 849 1379 autem
879 1332 934 1375 ut
965 1322 1208 1377 Herodes
1245 1328 1461 1389 propter
1486 1318 1884 1371 discumbentes
1911 1314 2074 1367 fuerit
2103 1328 2234 1367 con-

673 1412 823 1467 fusus
869 1421 923 1466 et
970 1410 1220 1473 tacuerit,
1278 1423 1382 1462 non
1440 1422 1645 1475 ponens
1698 1416 1821 1459 ante
1869 1404 2053 1458 oculos
2113 1417 2237 1456 suos

673 1504 995 1565 Christum,
1042 1510 1197 1569 negat
1249 1497 1490 1567 profecto
1536 1514 1692 1563 quem
1748 1512 1849 1549 non
1906 1491 2237 1561 reSpondeus

674 1591 981 1647 conﬁtetur.
1018 1590 1081 1641 Et
1122 1588 1241 1641 ideo
1286 1588 1411 1641 dicit
1444 1587 1699 1639 Dominus
1740 1606 1751 1638 :
1790 1586 2094 1653 Quicunque
2142 1599 2233 1635 ne-

675 1680 873 1749 gaverit
902 1694 981 1731 me
1003 1692 1177 1729 coram
1205 1675 1504 1727 hominibus
1529 1673 1764 1741 ,vuegabo
1793 1683 1837 1723 et
1863 1687 1953 1739 ego
1976 1686 2091 1721 eum
2117 1676 2236 1721 ante

677 1769 890 1824 Patrem
915 1785 1079 1823 meum
1112 1768 1201 1834 qui
1242 1779 1313 1820 est
1339 1769 1391 1818 in
1421 1767 1581 1819 cretis.
1610 1764 1774 1833 Negat
1798 1764 1937 1816 enim
1967 1775 2089 1815 eum
2118 1776 2233 1814 om-

2339 595 2514 641 meatu
2553 584 2822 657 jurgetur,
2868 595 2925 639 et
2974 580 3199 650 incipiat
3255 594 3584 651 suggerere
3631 588 3689 634 et
3744 580 3935 641 dicere,

2336 676 2561 744 Quando
2601 677 2705 730 erit
2732 672 3027 743 judicium?
3065 672 3295 741 quando
3348 672 3610 725 futurum
3657 670 3781 724 esti
3825 685 3936 723 nam

2336 770 2441 824 hoc
2470 768 2707 839 pertinet
2751 768 2818 821 ad
2862 765 3068 819 Deum?
3112 764 3218 818 iste
3256 763 3493 831 reliquit
3538 762 3769 827 calum,
3800 775 3852 816 et
3882 779 3934 815 ca

2336 875 2455 930 qua:
2484 860 2626 913 circa
2656 874 2743 913 me
2773 866 2902 911 sunt
2931 856 3110 912 videt?
3149 854 3420 926 Suggerit
3451 854 3609 909 enim
3656 855 3786 909 talia
3813 868 3935 909 con-

2338 952 2725 1022 cupiscentia:
2776 951 2871 1022 qui
2922 952 3089 1020 igitur
3138 949 3505 1004 consentiunt
3561 949 3650 1002 his
3680 990 3695 1013 ,
3750 964 3936 1018 negant

2338 1043 2525 1099 Deum.
2566 1042 2704 1109 Quid
2758 1053 2937 1097 autem
2985 1043 3040 1097 hi
3091 1042 3182 1111 qui
3228 1041 3580 1111 perjurant?
3621 1039 3744 1095 Non
3798 1044 3933 1093 enim

2337 1144 2544 1189 tantum
2563 1142 2786 1203 peccant
2804 1133 2856 1187 in
2883 1134 3153 1188 hominem
3171 1147 3333 1201 quem
3356 1141 3655 1201 spernunt,
3682 1142 3934 1201 quantum

2339 1226 2392 1281 in
2425 1226 2588 1281 Deum
2618 1240 2777 1296 quem
2809 1234 3164 1279 contemnunt
3198 1243 3211 1277 :
3242 1224 3337 1292 qui
3367 1224 3518 1278 enim
3562 1223 3933 1291 juramentum

2338 1318 2655 1385 contemnit,
2694 1319 2859 1372 Deum
2884 1326 3062 1387 negat.
3092 1317 3247 1371 Unde
3274 1325 3332 1371 et
3355 1329 3599 1385 parcens
3632 1316 3796 1369 nobis
3822 1314 3932 1368 Sal-

2340 1422 2511 1477 vator,
2540 1412 2604 1464 de
2631 1409 2753 1465 aliis
2799 1410 3010 1479 quidem
3040 1409 3277 1475 mandat,
3312 1417 3584 1479 quantum
3617 1416 3679 1461 et
3714 1406 3929 1460 deberet

2339 1503 2612 1556 mandare.
2654 1502 2731 1554 Ad
2754 1499 3114 1567 juramentum
3142 1499 3367 1553 veniens
3386 1499 3456 1552 ob
3482 1497 3706 1551 facilem
3737 1497 3927 1566 linguae

2338 1592 2566 1663 lapsum,
2596 1606 2701 1646 non
2730 1592 2883 1653 dixit,
2906 1590 3043 1645 Vere
3063 1589 3263 1659 jurate.
3295 1588 3391 1643 sed
3420 1590 3475 1642 in
3505 1598 3687 1643 totum
3715 1590 3815 1652 ait,
3838 1587 3929 1639 Jso

2339 1702 2457 1739 rare
2486 1685 2686 1748 nolite;
2720 1698 2787 1737 ne
2832 1683 2967 1737 forte
3016 1681 3193 1752 lingua
3223 1682 3533 1735 assuefacta
3566 1694 3704 1733 vere
3728 1679 3927 1747 jurare,

2339 1778 2407 1830 ob
2447 1775 2654 1829 facilem
2706 1775 2917 1843 lapsum
2968 1773 3051 1826 sui
3096 1774 3364 1827 oberrans
3408 1770 3842 1842 periclitaretur,
3882 1780 3929 1823 et

676 1862 760 1915 nis
791 1860 1096 1929 quicunque
1130 1857 1363 1910 audierit
1401 1854 1842 1921 biaspbemantes
1874 1861 1928 1906 et
1962 1852 2233 1904 tacuerit:

2344 1865 2791 1935 irreligiositatem
2826 1863 3145 1917 incurreret.
3189 1861 3505 1916 Certamina
3542 1862 3715 1929 igitur
3757 1861 3931 1930 quoti-

676 1958 835 2019 negat
863 1949 1036 2002 omnis
1067 1948 1375 2016 quicunque
1420 1946 1650 1998 audierit
1698 1958 1914 1997 crucem
1937 1982 1951 2006 ,
1982 1950 2038 1995 et
2069 1942 2234 2009 depo-

675 2040 845 2094 suerit
893 2038 1109 2092 oculum
1159 2052 1312 2091 suum
1346 2038 1722 2090 erubescens:
1775 2036 1865 2102 qui
1914 2033 2130 2095 dicunt,
2167 2031 2235 2085 ad

679 2144 813 2196 quos
846 2128 1031 2183 dicunt
1065 2142 1094 2181 a
1138 2126 1451 2197 parentibus
1484 2126 1690 2193 accepi,
1726 2132 1981 2191 tanquam
2023 2119 2240 2190 propel-

676 2220 846 2275 lentes
892 2234 921 2271 a
964 2234 1022 2273 se
1064 2220 1282 2281 bonum,
1319 2227 1376 2271 et
1425 2228 1481 2269 ut
1530 2218 1581 2270 in
1636 2215 1830 2269 malam
1869 2213 2235 2268 haareditatem

677 2313 1006 2375 incidentes;
1060 2311 1149 2379 qui
1194 2317 1485 2363 occurrunt
1534 2308 1850 2377 quibusdam
1899 2304 2238 2359 venientibus

676 2404 741 2458 ad
768 2402 1082 2466 Ecclesiam,
1117 2410 1171 2453 et
1205 2401 1471 2468 trepidant
1507 2400 1749 2468 pedibus,
1777 2396 1902 2466 quia
1931 2403 1984 2449 et
2028 2404 2235 2459 mente;

675 2494 767 2561 qui
814 2492 1085 2546 occultant
1133 2490 1399 2561 jejunium
1443 2498 1694 2557 tanquam
1741 2489 1807 2540 ad
1854 2485 2233 2554 opprobrium;

676 2584 769 2651 qui
800 2581 1203 2643 confunduntur
1244 2580 1393 2635 exire
1438 2579 1505 2633 ad
1545 2587 1833 2647 martyres,
1871 2577 1993 2645 quia
2045 2575 2235 2629 audie-

676 2684 803 2728 runt
850 2674 1105 2741 quosdam
1160 2672 1399 2725 dicentes
1455 2668 1575 2734 sibi,
1630 2668 1923 2722 debuerant
1978 2666 2232 2735 adjuvare

676 2774 941 2835 martyres
974 2763 1219 2817 Christi:
1260 2761 1349 2829 qui
1391 2760 1580 2813 nolunt
1624 2759 1837 2812 irrideri
1882 2759 1948 2811 ab
2001 2758 2235 2810 homini-

678 2856 798 2918 bus,
847 2854 1172 2908 sustinentes
1218 2858 1403 2919 utpote
1448 2848 1575 2902 illud
1607 2846 1746 2916 quod
1794 2846 1871 2899 ait
1916 2847 2174 2913 propheta
2212 2862 2226 2899 :

680 2943 782 3011 Qui
809 2945 1003 2996 habitat
1047 2946 1101 2995 in
1143 2942 1283 2995 cretis
1327 2940 1561 2993 irridebit
1591 2955 1675 2992 eos
1702 2938 1765 2991 ".
1795 2939 2017 3006 Semper
2047 2952 2231 3006 perse-

673 3035 820 3088 cutio
854 3043 956 3099 est,
999 3047 1210 3101 semper
1243 3030 1511 3085 invisibile
1550 3029 1747 3083 bellum
1788 3029 2035 3093 habetur,
2090 3043 2232 3081 sem-

673 3140 774 3194 per
812 3138 1045 3187 coronae,
1083 3136 1297 3190 semper
1343 3122 1647 3191 abnegatio.
1690 3120 1864 3174 Vultis
1897 3120 2084 3173 videre
2117 3133 2235 3173 cer-

2342 1959 2498 2012 diana
2523 1968 2647 2010 sunt
2670 1958 2794 2018 ista,
2825 1971 2944 2025 qua:
2972 1970 3071 2023 per
3101 1955 3217 2010 dies
3261 1970 3325 2009 ac
3352 1964 3540 2009 noctes
3570 1965 3703 2009 sunt
3738 1955 3926 2009 nobis;

2338 2047 2681 2117 pulchritudo
2706 2047 2847 2102 enim
2880 2046 3153 2115 proposita
3179 2054 3261 2100 est
3284 2046 3552 2110 mulieris,
3581 2056 3637 2101 et
3669 2046 3929 2117 effulgens

2340 2135 2536 2208 etiigies
2561 2135 2707 2192 Jesu.
2767 2136 2835 2192 Et
2895 2137 2985 2192 ille
3033 2139 3249 2207 quidem
3287 2139 3539 2194 deorsum
3599 2140 3843 2207 inspexit
3881 2152 3927 2193 et

2340 2227 2509 2297 perit;
2564 2228 2701 2281 alius
2734 2238 2907 2283 autem
2937 2244 3149 2284 sursum
3181 2231 3451 2300 respexit,
3482 2239 3539 2284 et
3562 2239 3881 2299 assumptus
3912 2249 3921 2282 :

2340 2317 2429 2373 ubi
2473 2319 2615 2373 enim
2651 2334 2767 2385 cor,
2798 2320 2906 2374 illic
2957 2332 3010 2375 et
3040 2321 3226 2376 oculos
3280 2312 3532 2377 habetur.
3570 2320 3919 2390 Propositum

2340 2420 2421 2465 est
2450 2426 2579 2465 sane
2617 2421 2670 2467 et
2697 2426 2887 2467 aurum
2922 2422 2975 2467 et
3002 2411 3180 2480 Jesus,
3213 2423 3265 2468 et
3308 2430 3414 2469 non
3444 2424 3528 2469 est
3557 2416 3785 2483 quidem
3812 2430 3925 2483 prs-

2337 2498 2533 2567 positio
2590 2502 2831 2567 aequalis.
2898 2498 3042 2566 Quid
3102 2513 3303 2564 autem,
3370 2503 3499 2572 quia
3564 2518 3671 2557 nec
3738 2506 3922 2573 aequali

2340 2590 2561 2656 utimur,
2619 2592 2712 2645 sed
2759 2590 3074 2647 decliviores
3114 2591 3376 2647 eﬂicimur
3443 2593 3509 2647 ad
3577 2593 3824 2660 minora,
3878 2605 3923 2648 et

2338 2681 2473 2733 adeo
2499 2679 2809 2736 fraudamur
2842 2684 2910 2737 ob
2962 2697 3027 2737 ea
3053 2699 3173 2753 quae
3224 2698 3328 2738 non
3355 2684 3566 2738 vivunt.
3597 2685 3657 2739 in
3692 2700 3921 2755 unoquo-

2338 2787 2441 2841 que
2498 2773 2658 2845 igitur
2712 2775 3012 2831 istiusmodi
3070 2785 3190 2830 actu
3226 2777 3524 2830 certamina
3567 2785 3701 2831 sunt
3731 2779 3921 2846 posita,

2338 2870 2392 2917 et
2454 2869 2748 2919 certamina
2808 2865 3119 2932 domestica,
3192 2866 3315 2937 quia
3380 2868 3447 2920 ab
3512 2866 3665 2921 intus
3733 2865 3918 2921 mulier

2338 2954 2565 3020 videtur,
2600 2966 2654 3010 et
2699 2956 3037 3026 pulchritudo
3088 2972 3154 3011 ex
3200 2958 3643 3026 concupiscentia
3700 2958 3918 3012 exarde-

2340 3045 2459 3110 scit,
2507 3055 2562 3099 et
2593 3060 2690 3100 nos
2737 3058 3012 3116 provocat,
3061 3057 3113 3101 et
3158 3047 3381 3102 ambitio
3412 3048 3677 3112 delectat,
3726 3060 3782 3104 et
3811 3065 3919 3105 ser-

2343 3152 2432 3192 mo
2485 3140 2748 3202 hortatur,
2804 3148 2855 3192 et
2904 3137 2967 3193 lis
3013 3150 3066 3193 et
3110 3138 3419 3193 colluctatio
3467 3154 3537 3194 ex
3590 3140 3713 3194 rixa
3765 3141 3920 3196 edici-

679 3216 880 3268 tamina
934 3212 1336 3283 religiositatis?
1382 3206 1773 3279 Nonnunquam
1832 3210 2081 3264 eﬂerbuit
2120 3211 2241 3278 quis
2268 3215 2310 3273 C
2347 3238 2451 3293 ιω..
2498 3240 2554 3283 ει
2582 3244 2684 3283 non
2713 3230 2974 3284 adversus
3024 3233 3338 3301 sanguine“,
3369 3232 3574 3302 quippe
3606 3242 3664 3287 et
3684 3248 3919 3297 amem,

675 3305 758 3362 ira
796 3306 1079 3359 adversum
1126 3304 1397 3358 subditum
1433 3303 1568 3367 sibi;
1623 3314 2015 3357 rememoratus
2053 3310 2233 3354 autem

679 3396 909 3459 Domini,
942 3396 1187 3463 deposuit
1215 3394 1563 3447 acerbitatem
1606 3410 1619 3446 :
1656 3394 1807 3461 pejus
1835 3394 1977 3447 enim
2012 3403 2093 3447 est
2124 3392 2234 3447 ier-

675 3488 793 3544 vori
846 3490 1078 3542 incensae
1133 3486 1224 3541 ine
1276 3486 1550 3548 resistere,
1600 3499 1762 3551 quam
1810 3484 2038 3539 ﬂammae
2092 3485 2229 3552 ignis

674 3592 792 3649 quae
818 3590 849 3630 a
892 3576 1021 3630 foris
1067 3573 1313 3628 habetur.
1354 3572 1486 3638 Quia
1536 3573 1698 3642 igitur
1752 3582 1954 3641 martyr
2004 3581 2084 3626 est
2122 3575 2217 3640 qui

674 3679 889 3741 propter
949 3666 1115 3720 Deum
1164 3669 1233 3719 ad
1283 3665 1606 3718 exteriorem
1654 3662 1925 3717 flammam
1967 3664 2170 3717 resistit
2216 3677 2230 3715 :

677 3785 881 3845 martyr
919 3781 973 3827 et
1002 3772 1152 3825 valde
1179 3782 1407 3840 martyr,
1448 3771 1537 3840 qui
1572 3771 1865 3841 exstinguit
1889 3772 2114 3826 interius
2152 3772 2234 3826 in-

673 3866 921 3919 cendium
953 3863 1163 3917 invidia:
1190 3874 1404 3931 propter
1430 3862 1709 3916 Dominum
1735 3861 1953 3929 Jesum;
1984 3877 2231 3917 nonnun-

674 3971 835 4025 quam
873 3954 1017 4008 enitn
1063 3954 1271 4008 videtur
1300 3954 1499 4022 aliquid
1533 3955 1733 4007 bonum
1783 3965 1874 4009 aut
1914 3956 2132 4022 malum,
2178 3967 2232 4011 et

674 4048 917 4115 exsurgit
957 4047 1175 4110 invidia,
1208 4061 1260 4101 et
1290 4060 1445 4099 nemo
1485 4046 1662 4111 videt;
1712 4046 1882 4101 latent
1926 4048 2070 4103 enim
2115 4063 2234 4117 qua:

676 4144 821 4191 intus
848 4146 993 4191 sunt.
1037 4136 1171 4203 Quia
1204 4145 1379 4191 autem
1416 4146 1643 4191 testatur
1676 4138 1815 4192 Deus
1840 4139 2123 4193 adversum
2149 4140 2232 4193 iu-

677 4230 871 4283 vidiam
923 4230 989 4283 ad
1041 4229 1187 4283 illum
1236 4228 1561 4297 respiciens,
1609 4230 1747 4283 sicut
1784 4229 2087 4301 Joses(88‘)
2123 4246 2228 4285 non

677 4320 895 4375 vidente
954 4320 1176 4375 Domino
1204 4318 1312 4391 (89)
1352 4322 1441 4389 qui
1465 4331 1582 4376 erat
1613 4322 1663 4375 in
1690 4329 1855 4385 terra,
1886 4324 1951 4377 ad
1994 4323 2233 4377 invisibi-

674 4411 779 4467 lem
809 4413 1076 4481 respexit,
1113 4422 1167 4465 et
1205 4412 1505 4466 mercedem
1547 4414 1805 4483 propositi
1840 4415 2089 4479 sumpsit.
2123 4413 2230 4471 lte-

675 4517 794 4558 rum
828 4504 919 4573 qui
954 4501 1190 4556 refrenat
1240 4502 1495 4557 invidiam
1542 4515 1749 4574 martyr
1784 4504 2015 4571 exsistit,
2062 4515 2115 4560 et
2141 4506 2231 4576 qui

2344 3322 2437 3377 sed
2465 3322 2747 3377 adversum
2786 3323 3081 3379 invisibiles
3117 3323 3369 3379 inimicos
3401 3324 3838 3381 invisibiliteret
3873 3329 3919 3380 in

2342 3411 2427 3465 his
2467 3411 2719 3467 omnibus
2749 3414 3045 3467 certamina
3078 3423 3200 3467 sunt
3249 3421 3303 3468 et
3331 3428 3557 3483 agones.
3618 3413 3757 3469 Cum
3783 3414 3912 3484 jeju-

2342 3504 2487 3559 nium
2519 3514 2573 3559 et
2595 3519 2720 3559 esca
2748 3507 3083 3575 proponitur,
3113 3521 3233 3559 cum
3257 3506 3375 3561 sitis
3403 3519 3457 3560 et
3480 3505 3777 3575 jejunium,
3803 3524 3914 3562 cum

2340 3598 2593 3666 pudicitia
2624 3608 2681 3654 et
2725 3597 2912 3661 libido,
2960 3614 3079 3653 cum
3129 3598 3371 3653 Ecclesia
3411 3610 3469 3654 et
3521 3601 3767 3666 theatra,
3804 3616 3913 3655 cum

2340 3690 2454 3744 dies
2477 3690 2683 3744 Domini
2702 3702 2755 3745 et
2780 3691 2892 3745 dies
2918 3691 3319 3757 daemoniorum,
3347 3707 3468 3745 cum
3491 3690 3725 3749 aﬂ'ectus
3740 3694 3805 3746 ad
3827 3696 3910 3747 δον

2340 3784 2511 3839 mines
2540 3792 2592 3837 et
2623 3783 2857 3838 charitas
2882 3785 2948 3837 ad
2981 3785 3168 3838 Deum.
3202 3784 3267 3837 Et
3307 3786 3359 3838 in
3385 3784 3474 3838 his
3508 3786 3772 3841 omnibus
3803 3785 3911 3854 qui-

2340 3875 2464 3929 dam
2499 3875 2712 3943 quidem
2748 3884 2969 3944 negant,
3018 3876 3234 3945 quidam
3261 3887 3438 3930 autem
3474 3876 3841 3941 conﬁtentur;
3866 3887 3909 3933 ei

2343 3968 2708 4037 unusquisque
2740 3968 2839 4021 sibi
2878 3976 3140 4036 procurat
3172 3965 3369 4021 bonum
3405 3976 3500 4021 aut
3529 3968 3909 4036 malum,judi-

2341 4058 2485 4112 cium
2518 4066 2609 4110 aut
2664 4056 2925 4126 requiem,
2957 4059 3255 4127 gehennam
3305 4065 3398 4111 aut
3430 4072 3599 4128 regna
3641 4061 3908 4114 ccelorum.

2340 4147 2478 4215 Quid
2511 4158 2688 4203 autem
2731 4149 2783 4203 hi
2841 4150 2930 4217 qui
2969 4150 3288 4216 sortiuntur,
3341 4150 3431 4219 qui
3462 4151 3529 4204 ad
3559 4162 3720 4206 vates
3755 4153 3907 4207 idolo-

2340 4257 2455 4296 rum
2485 4240 2750 4317 pergunt?
2788 4240 2881 4296 isti
2918 4240 3126 4296 occulte
3161 4240 3471 4295 sacrificant
3519 4242 3701 4303 idolis.
3740 4253 3793 4297 et
3822 4258 3905 4297 ne-

2339 4316 2468 4401 gant
2493 4329 2686 4385 Deum.
2727 4330 2864 4399 Qtﬂd
2907 4332 2960 4385 hi
3015 4332 3107 4401 qui
3135 4336 3362 4386 credunt
3400 4333 3529 4400 quia
3556 4347 3587 4385 a
3638 4332 3809 4387 stellis
3838 4336 3904 4387 eis

2340 4424 2478 4478 maia
2512 4423 2855 4494 proveniunt,
2910 4434 2967 4478 et
3018 4422 3187 4478 fatum
3228 4438 3348 4479 esse
3376 4422 3663 4478 fatentur?
3694 4424 3827 4491 Quid
3857 4424 3902 4478 hi

2339 4515 2429 4583 qui
2455 4515 2825 4582 auspicantur,
2854 4517 2945 4582 qui
2981 4514 3096 4569 dies
3118 4522 3173 4568 ct
3201 4527 3361 4567 voces
3384 4524 3437 4567 et
3458 4528 3657 4583 passus
3685 4515 3900 4569 vitantes

675 4593 955 4649 alacritate
978 4593 1298 4662 judicavcrit
1327 4593 1466 4647 male
1494 4591 1561 4648 de
1601 4594 1765 4649 fratre
1808 4594 1973 4663 loqui,
2003 4607 2056 4650 et
2082 4614 2219 4652 mea-
2263 4565 2312 4623 υ
2339 4565 2682 4658 Susiani...”
2709 4565 2946 4657 Aui'ujon
2991 4603 3161 4673 plena;
3190 4612 3316 4657 sum
3348 4603 3433 4656 his
3458 4565 3657 4657 ᾏωῃεε
3684 4602 3899 4656 maxime

678 4692 788 4737 tum
832 4696 1001 4751 usque
1040 4683 1106 4734 ad
1155 4680 1389 4750 linguam
1422 4684 1729 4753 protulerit,
1769 4701 1830 4742 os
1864 4698 2041 4743 autem
2074 4705 2229 4744 suum

676 4782 898 4842 propter
928 4770 1021 4825 Dei
1055 4771 1299 4827 timorem
1347 4788 1452 4829 non
1490 4778 1786 4844 aperuerit,
1837 4778 1945 4833 iste
1983 4782 2232 4836 invisibi-

2340 4695 2601 4749 mulieres
2623 4694 2975 4749 observantes
3021 4692 3182 4747 talia?
3231 4691 3363 4759 Quis
3396 4692 3614 4746 locutus
3650 4690 3771 4747 est?
3793 4690 3896 4760 quis

2331 4804 2428 4860 per
2472 4800 2633 4840 nares
2662 4785 2913 4856 spiritum
2962 4784 3225 4856 protulit?
3251 4785 3372 4855 quis
3420 4793 3604 4838 motus
3644 4783 3764 4838 est?
3791 4796 3894 4852 qua

676 4863 799 4918 liter
827 4864 1119 4919 conﬁtetur
1160 4862 1352 4920 Deum.
1383 4865 1450 4919 Et
1491 4869 1576 4921 cui
1612 4868 1822 4922 licitum
1872 4879 1956 4925 est
1983 4870 2238 4928 fraudare
2330 4880 2446 4935 avis
2479 4877 2700 4945 volavit,
2734 4889 2790 4933 et
2839 4878 3006 4943 unde,
3062 4886 3154 4931 aut
3179 4878 3472 4947 quomodo,
3523 4885 3621 4929 aut
3646 4870 3894 4944 qualiter?

675 4965 862 5010 etnon
896 4955 1141 5023 fraudat;
1168 4963 1223 5010 et
1248 4957 1334 5010 cui
1369 4955 1573 5011 licitum
1602 4970 1685 5014 est
1718 4961 1888 5015 iurari
1932 4962 2234 5033 conjugium
2329 4971 2454 5041 quis
2485 4968 2753 5023 ululavit?
2804 4968 2981 5024 Canes
3033 4968 3293 5022 debemus
3338 4966 3623 5021 recludere
3663 4965 3807 5031 tales,
3835 4977 3890 5018 ne

675 5045 943 5111 alienum,
999 5055 1055 5102 et
1101 5047 1274 5117 parcit
1324 5046 1377 5101 in
1430 5049 1682 5105 omnibus
1734 5051 1820 5105 his
1876 5066 1995 5121 quae
2047 5051 2235 5107 oculus
2330 5061 2625 5131 procedant
2654 5058 2982 5114 edomibus.
3008 5056 3151 5112 Fieri
3174 5057 3318 5112 enim
3345 5070 3452 5111 non
3482 5064 3684 5125 potest,
3722 5067 3779 5109 ut
3801 5069 3887 5108 non

676 5136 942 5192 sensibilis
991 5152 1097 5191 non
1155 5138 1335 5205 videt,
1387 5138 1672 5194 invisibilis
1727 5153 1909 5195 autem
1963 5142 2229 5210 intuetur,

2332 5149 2537 5221 aliquid
2567 5148 2675 5205 tale
2702 5156 2971 5221 occurrat.
3002 5147 3373 5217 Vosmetipsos
3410 5146 3663 5214 probate,
3692 5157 3745 5201 et
3772 5146 3888 5199 vide

676 5228 935 5300 martyris
952 5226 1393 5285 etconl‘essiones
1413 5232 1699 5286 habentur.
1717 5229 1925 5302 Negant
1952 5244 2133 5288 autem
2173 5245 2231 5288 re
2326 5218 2456 5296 hius
2489 5242 2701 5310 quoties
2728 5218 2800 5294 τιιῖ
2832 5238 3138 5295 ίειῑυεωοάί
3175 5236 3431 5293 cenasti:
3478 5237 3744 5308 auspicia,
3770 5250 3881 5305 quo.

676 5321 790 5392 ipsa
830 5330 886 5378 et
923 5336 1086 5391 opere
1116 5321 1216 5387 illi,
1248 5337 1382 5393 quos
1421 5338 1545 5381 cum
1580 5325 1813 5380 tenuerit
1850 5327 2233 5396 concupiscen-
2331 5331 2431 5385 ties
2463 5339 2608 5385 mota
2640 5340 2727 5386 est
2756 5329 3215 5400 concupiscentia,
3259 5330 3356 5383 sed
3384 5335 3440 5382 et
3460 5328 3727 5383 memoria
3754 5326 3837 5380 Dei
3865 5340 3877 5375 :

677 5415 784 5481 tia,
836 5424 891 5471 et
938 5424 1058 5485 post
1125 5416 1239 5472 haec
1300 5417 1511 5475 venerit
1581 5416 1883 5488 Scriptum
1936 5418 2234 5485 memoria,
2330 5430 2387 5478 et
2409 5430 2529 5477 erat
2553 5430 2850 5489 certamen,
2874 5431 2927 5477 et
2950 5422 3242 5489 contentio,
3267 5428 3555 5476 etcursus.
3591 5416 3877 5476 Etsicutia

678 5504 800 5574 quia
853 5515 941 5561 est
989 5506 1130 5565 Deus
1179 5509 1270 5582 qui
1322 5510 1470 5567 videt
1508 5515 1563 5567 et
1609 5510 1839 5582 judicat,
1874 5520 1927 5570 et
1981 5511 2105 5582 quia
2155 5518 2239 5568 est
2332 5510 2604 5584 palaestris
2634 5510 2773 5567 alius
2801 5510 3093 5582 aliquando
3145 5509 3396 5582 superior
3424 5506 3657 5566 edicitur
3700 5508 3879 5575 alio,et

744 5638 786 5671 "
809 5638 953 5695 Psal.
978 5656 1041 5710 ll,
1066 5643 1119 5699 6.

745 5791 880 5863 (ιε’)
925 5793 1093 5854 loses.
1122 5796 1304 5869 Forte,
1340 5798 1529 5855 loses.

2392 5798 2504 5871 (89)
2534 5797 2637 5856 Ms.
2660 5798 2792 5855 sicut
2819 5794 3014 5869 Ioseph
3037 5811 3141 5853 non
3166 5796 3364 5851 vidente
3382 5794 3635 5851 Domino.
