  <div class='ocr_page' id='page_1' title='image "/cluster/home/n/w/nwhite01/storage/ocr_20150623/24/uva.x004246623/610.png"; bbox 0 0 4072 6406; ppageno 0'>
   <div class='ocr_carea' id='block_1_1' title="bbox 71 407 247 462">
    <p class='ocr_par' dir='ltr' id='par_1_1' title="bbox 71 407 247 462">
     <span class='ocr_line' id='line_1_1' title="bbox 71 407 247 462; baseline -0.006 0"><span class='ocrx_word' id='word_1_1' title='bbox 71 407 247 462; x_wconf 75' lang='lat' dir='ltr'><strong>H89</strong></span> 
     </span>
    </p>
   </div>
   <div class='ocr_carea' id='block_1_2' title="bbox 1185 385 2462 454">
    <p class='ocr_par' dir='ltr' id='par_1_2' title="bbox 1185 385 2462 454">
     <span class='ocr_line' id='line_1_2' title="bbox 1185 385 2462 454; baseline -0.005 0"><span class='ocrx_word' id='word_1_2' title='bbox 1185 396 1275 454; x_wconf 78' lang='lat' dir='ltr'><strong>DE</strong></span> <span class='ocrx_word' id='word_1_3' title='bbox 1313 392 1660 452; x_wconf 71' lang='lat' dir='ltr'><strong>OPERIBUS</strong></span> <span class='ocrx_word' id='word_1_4' title='bbox 1698 389 1900 446; x_wconf 66' lang='lat' dir='ltr'><strong>BONIS</strong></span> <span class='ocrx_word' id='word_1_5' title='bbox 1938 389 2026 444; x_wconf 81' lang='lat' dir='ltr'><strong>ET</strong></span> <span class='ocrx_word' id='word_1_6' title='bbox 2067 388 2296 448; x_wconf 67' lang='lat' dir='ltr'><strong>HALIS.</strong></span> <span class='ocrx_word' id='word_1_7' title='bbox 2356 385 2358 390; x_wconf 41' lang='grc'><strong>“</strong></span> <span class='ocrx_word' id='word_1_8' title='bbox 2451 440 2462 448; x_wconf 86' lang='grc'><strong>.</strong></span> 
     </span>
    </p>
   </div>
   <div class='ocr_carea' id='block_1_3' title="bbox 3267 392 3450 459">
    <p class='ocr_par' dir='ltr' id='par_1_3' title="bbox 3267 392 3450 459">
     <span class='ocr_line' id='line_1_3' title="bbox 3267 392 3450 459; baseline 0.011 -13"><span class='ocrx_word' id='word_1_9' title='bbox 3267 392 3450 459; x_wconf 66' lang='grc'><strong>1190⁸</strong></span> 
     </span>
    </p>
   </div>
   <div class='ocr_carea' id='block_1_4' title="bbox 85 503 3419 597">
    <p class='ocr_par' dir='ltr' id='par_1_4' title="bbox 85 503 3419 597">
     <span class='ocr_line' id='line_1_4' title="bbox 85 503 3419 597; baseline -0.005 -16"><span class='ocrx_word' id='word_1_10' title='bbox 85 525 416 597; x_wconf 83' lang='lat' dir='ltr'><strong>aliquando</strong></span> <span class='ocrx_word' id='word_1_11' title='bbox 437 522 663 580; x_wconf 87' lang='lat' dir='ltr'><strong>inferior</strong></span> <span class='ocrx_word' id='word_1_12' title='bbox 686 520 856 590; x_wconf 77' lang='lat' dir='ltr'><strong>iacet.</strong></span> <span class='ocrx_word' id='word_1_13' title='bbox 881 529 935 574; x_wconf 86' lang='lat' dir='ltr'><strong>et</strong></span> <span class='ocrx_word' id='word_1_14' title='bbox 964 519 1018 574; x_wconf 92' lang='lat' dir='ltr'><strong>in</strong></span> <span class='ocrx_word' id='word_1_15' title='bbox 1045 517 1162 588; x_wconf 84' lang='lat' dir='ltr'><strong>ipsa</strong></span> <span class='ocrx_word' id='word_1_16' title='bbox 1191 513 1585 572; x_wconf 71' lang='lat' dir='ltr'><strong>colluctatione</strong></span> <span class='ocrx_word' id='word_1_17' title='bbox 1608 510 1719 566; x_wconf 83' lang='lat' dir='ltr'><strong>fre-</strong></span> <span class='ocrx_word' id='word_1_18' title='bbox 1749 516 1794 571; x_wconf 83' lang='grc' dir='ltr'><strong>Α</strong></span> <span class='ocrx_word' id='word_1_19' title='bbox 1824 509 1911 563; x_wconf 90' lang='lat' dir='ltr'><strong>nia</strong></span> <span class='ocrx_word' id='word_1_20' title='bbox 1979 507 2314 578; x_wconf 80' lang='lat' dir='ltr'><strong>dispendium</strong></span> <span class='ocrx_word' id='word_1_21' title='bbox 2363 503 2768 562; x_wconf 86' lang='lat' dir='ltr'><strong>obumbratum.</strong></span> <span class='ocrx_word' id='word_1_22' title='bbox 2826 504 2927 562; x_wconf 85' lang='lat' dir='ltr'><strong>Ubi</strong></span> <span class='ocrx_word' id='word_1_23' title='bbox 2981 514 3067 562; x_wconf 90' lang='lat' dir='ltr'><strong>est</strong></span> <span class='ocrx_word' id='word_1_24' title='bbox 3116 507 3419 565; x_wconf 87' lang='lat' dir='ltr'><strong>besternus</strong></span> 
     </span>
    </p>
   </div>
   <div class='ocr_carea' id='block_1_5' title="bbox 86 605 1714 690">
    <p class='ocr_par' dir='ltr' id='par_1_5' title="bbox 86 605 1714 690">
     <span class='ocr_line' id='line_1_5' title="bbox 86 605 1714 690; baseline -0.01 -16"><span class='ocrx_word' id='word_1_25' title='bbox 86 626 353 690; x_wconf 82' lang='lat' dir='ltr'><strong>quenter</strong></span> <span class='ocrx_word' id='word_1_26' title='bbox 396 615 686 672; x_wconf 77' lang='lat' dir='ltr'><strong>conversio</strong></span> <span class='ocrx_word' id='word_1_27' title='bbox 740 621 824 668; x_wconf 87' lang='lat' dir='ltr'><strong>est</strong></span> <span class='ocrx_word' id='word_1_28' title='bbox 866 611 1038 677; x_wconf 84' lang='lat' dir='ltr'><strong>facta;</strong></span> <span class='ocrx_word' id='word_1_29' title='bbox 1091 612 1164 665; x_wconf 89' lang='lat' dir='ltr'><strong>ita</strong></span> <span class='ocrx_word' id='word_1_30' title='bbox 1196 617 1250 663; x_wconf 87' lang='lat' dir='ltr'><strong>et</strong></span> <span class='ocrx_word' id='word_1_31' title='bbox 1285 622 1481 662; x_wconf 89' lang='lat' dir='ltr'><strong>sensus</strong></span> <span class='ocrx_word' id='word_1_32' title='bbox 1516 605 1714 673; x_wconf 69' lang='lat' dir='ltr'><strong>saepius</strong></span> 
     </span>
    </p>
   </div>
   <div class='ocr_carea' id='block_1_6' title="bbox 89 695 1712 774">
    <p class='ocr_par' dir='ltr' id='par_1_6' title="bbox 89 695 1712 774">
     <span class='ocr_line' id='line_1_6' title="bbox 89 695 1712 774; baseline -0.012 -7"><span class='ocrx_word' id='word_1_33' title='bbox 89 725 241 767; x_wconf 83' lang='lat' dir='ltr'><strong>cum</strong></span> <span class='ocrx_word' id='word_1_34' title='bbox 276 706 721 774; x_wconf 85' lang='lat' dir='ltr'><strong>concupiscentia</strong></span> <span class='ocrx_word' id='word_1_35' title='bbox 751 704 987 759; x_wconf 89' lang='lat' dir='ltr'><strong>luctatus</strong></span> <span class='ocrx_word' id='word_1_36' title='bbox 1022 709 1109 756; x_wconf 86' lang='lat' dir='ltr'><strong>est</strong></span> <span class='ocrx_word' id='word_1_37' title='bbox 1138 701 1193 755; x_wconf 91' lang='lat' dir='ltr'><strong>in</strong></span> <span class='ocrx_word' id='word_1_38' title='bbox 1220 697 1454 762; x_wconf 77' lang='lat' dir='ltr'><strong>lectulis,</strong></span> <span class='ocrx_word' id='word_1_39' title='bbox 1485 696 1539 750; x_wconf 89' lang='lat' dir='ltr'><strong>in</strong></span> <span class='ocrx_word' id='word_1_40' title='bbox 1574 695 1712 759; x_wconf 92' lang='lat' dir='ltr'><strong>foro,</strong></span> 
     </span>
    </p>
   </div>
   <div class='ocr_carea' id='block_1_7' title="bbox 97 787 1716 864">
    <p class='ocr_par' dir='ltr' id='par_1_7' title="bbox 97 787 1716 864">
     <span class='ocr_line' id='line_1_7' title="bbox 97 787 1716 864; baseline -0.008 -10"><span class='ocrx_word' id='word_1_41' title='bbox 97 800 160 854; x_wconf 84' lang='lat' dir='ltr'><strong>in</strong></span> <span class='ocrx_word' id='word_1_42' title='bbox 195 799 397 864; x_wconf 73' lang='lat' dir='ltr'><strong>domo,</strong></span> <span class='ocrx_word' id='word_1_43' title='bbox 433 798 485 850; x_wconf 93' lang='lat' dir='ltr'><strong>in</strong></span> <span class='ocrx_word' id='word_1_44' title='bbox 519 797 771 860; x_wconf 79' lang='lat' dir='ltr'><strong>theatris,</strong></span> <span class='ocrx_word' id='word_1_45' title='bbox 805 796 858 850; x_wconf 87' lang='lat' dir='ltr'><strong>in</strong></span> <span class='ocrx_word' id='word_1_46' title='bbox 902 792 1276 863; x_wconf 78' lang='lat' dir='ltr'><strong>lupanaribus.</strong></span> <span class='ocrx_word' id='word_1_47' title='bbox 1319 790 1385 844; x_wconf 84' lang='lat' dir='ltr'><strong>Et</strong></span> <span class='ocrx_word' id='word_1_48' title='bbox 1414 790 1530 844; x_wconf 66' lang='lat' dir='ltr'><strong>haec</strong></span> <span class='ocrx_word' id='word_1_49' title='bbox 1583 787 1716 841; x_wconf 81' lang='lat' dir='ltr'><strong>facit</strong></span> 
     </span>
    </p>
   </div>
   <div class='ocr_carea' id='block_1_8' title="bbox 97 878 1712 960">
    <p class='ocr_par' dir='ltr' id='par_1_8' title="bbox 97 878 1712 960">
     <span class='ocr_line' id='line_1_8' title="bbox 97 878 1712 960; baseline -0.009 -15"><span class='ocrx_word' id='word_1_50' title='bbox 97 905 244 960; x_wconf 66' lang='lat' dir='ltr'><strong>qua</strong></span> <span class='ocrx_word' id='word_1_51' title='bbox 295 898 352 944; x_wconf 89' lang='lat' dir='ltr'><strong>et</strong></span> <span class='ocrx_word' id='word_1_52' title='bbox 391 887 568 943; x_wconf 89' lang='lat' dir='ltr'><strong>oculis</strong></span> <span class='ocrx_word' id='word_1_53' title='bbox 603 888 847 942; x_wconf 78' lang='lat' dir='ltr'><strong>videmus</strong></span> <span class='ocrx_word' id='word_1_54' title='bbox 882 886 1168 940; x_wconf 89' lang='lat' dir='ltr'><strong>visibiliter</strong></span> <span class='ocrx_word' id='word_1_55' title='bbox 1197 902 1211 937; x_wconf 91' lang='lat'>:</span> <span class='ocrx_word' id='word_1_56' title='bbox 1249 883 1420 936; x_wconf 81' lang='lat' dir='ltr'><strong>tenuit</strong></span> <span class='ocrx_word' id='word_1_57' title='bbox 1450 878 1712 948; x_wconf 83' lang='lat' dir='ltr'><strong>concupi-</strong></span> 
     </span>
    </p>
   </div>
   <div class='ocr_carea' id='block_1_9' title="bbox 97 971 1717 1050">
    <p class='ocr_par' dir='ltr' id='par_1_9' title="bbox 97 971 1717 1050">
     <span class='ocr_line' id='line_1_9' title="bbox 97 971 1717 1050; baseline -0.009 -13"><span class='ocrx_word' id='word_1_58' title='bbox 97 981 364 1046; x_wconf 80' lang='lat' dir='ltr'><strong>scentia,</strong></span> <span class='ocrx_word' id='word_1_59' title='bbox 400 988 456 1034; x_wconf 91' lang='lat' dir='ltr'><strong>et</strong></span> <span class='ocrx_word' id='word_1_60' title='bbox 489 976 693 1050; x_wconf 84' lang='lat' dir='ltr'><strong>pepulit</strong></span> <span class='ocrx_word' id='word_1_61' title='bbox 725 994 964 1042; x_wconf 74' lang='lat' dir='ltr'><strong>sensum,</strong></span> <span class='ocrx_word' id='word_1_62' title='bbox 998 986 1053 1031; x_wconf 92' lang='lat' dir='ltr'><strong>et</strong></span> <span class='ocrx_word' id='word_1_63' title='bbox 1089 975 1288 1030; x_wconf 87' lang='lat' dir='ltr'><strong>occidit</strong></span> <span class='ocrx_word' id='word_1_64' title='bbox 1329 971 1624 1042; x_wconf 88' lang='lat' dir='ltr'><strong>cogitatus,</strong></span> <span class='ocrx_word' id='word_1_65' title='bbox 1661 977 1717 1024; x_wconf 93' lang='lat' dir='ltr'><strong>et</strong></span> 
     </span>
    </p>
   </div>
   <div class='ocr_carea' id='block_1_10' title="bbox 100 1063 1713 1145">
    <p class='ocr_par' dir='ltr' id='par_1_10' title="bbox 100 1063 1713 1145">
     <span class='ocr_line' id='line_1_10' title="bbox 100 1063 1713 1145; baseline -0.011 -13"><span class='ocrx_word' id='word_1_66' title='bbox 100 1072 478 1145; x_wconf 79' lang='lat' dir='ltr'><strong>superposuit</strong></span> <span class='ocrx_word' id='word_1_67' title='bbox 533 1087 594 1128; x_wconf 86' lang='lat' dir='ltr'><strong>se</strong></span> <span class='ocrx_word' id='word_1_68' title='bbox 634 1073 1087 1140; x_wconf 80' lang='lat' dir='ltr'><strong>concupiscentia.</strong></span> <span class='ocrx_word' id='word_1_69' title='bbox 1140 1070 1334 1124; x_wconf 90' lang='lat' dir='ltr'><strong>lterum</strong></span> <span class='ocrx_word' id='word_1_70' title='bbox 1381 1076 1564 1120; x_wconf 89' lang='lat' dir='ltr'><strong>autem</strong></span> <span class='ocrx_word' id='word_1_71' title='bbox 1610 1063 1713 1115; x_wconf 88' lang='lat' dir='ltr'><strong>vim</strong></span> 
     </span>
    </p>
   </div>
   <div class='ocr_carea' id='block_1_11' title="bbox 102 1152 1716 1226">
    <p class='ocr_par' dir='ltr' id='par_1_11' title="bbox 102 1152 1716 1226">
     <span class='ocr_line' id='line_1_11' title="bbox 102 1152 1716 1226; baseline -0.009 -8"><span class='ocrx_word' id='word_1_72' title='bbox 102 1164 342 1220; x_wconf 79' lang='lat' dir='ltr'><strong>faciens</strong></span> <span class='ocrx_word' id='word_1_73' title='bbox 387 1176 584 1216; x_wconf 82' lang='lat' dir='ltr'><strong>sensus</strong></span> <span class='ocrx_word' id='word_1_74' title='bbox 629 1168 908 1215; x_wconf 86' lang='lat' dir='ltr'><strong>correctus</strong></span> <span class='ocrx_word' id='word_1_75' title='bbox 962 1168 1061 1216; x_wconf 85' lang='lat' dir='ltr'><strong>est.</strong></span> <span class='ocrx_word' id='word_1_76' title='bbox 1125 1167 1176 1212; x_wconf 88' lang='lat' dir='ltr'><strong>et</strong></span> <span class='ocrx_word' id='word_1_77' title='bbox 1223 1155 1506 1226; x_wconf 88' lang='lat' dir='ltr'><strong>superbior</strong></span> <span class='ocrx_word' id='word_1_78' title='bbox 1541 1152 1716 1205; x_wconf 87' lang='lat' dir='ltr'><strong>factus</strong></span> 
     </span>
    </p>
   </div>
   <div class='ocr_carea' id='block_1_12' title="bbox 102 1246 1716 1325">
    <p class='ocr_par' dir='ltr' id='par_1_12' title="bbox 102 1246 1716 1325">
     <span class='ocr_line' id='line_1_12' title="bbox 102 1246 1716 1325; baseline -0.011 -13"><span class='ocrx_word' id='word_1_79' title='bbox 102 1264 230 1320; x_wconf 81' lang='lat' dir='ltr'><strong>est,</strong></span> <span class='ocrx_word' id='word_1_80' title='bbox 266 1255 546 1325; x_wconf 78' lang='lat' dir='ltr'><strong>superavit</strong></span> <span class='ocrx_word' id='word_1_81' title='bbox 578 1250 903 1308; x_wconf 87' lang='lat' dir='ltr'><strong>desiderium</strong></span> <span class='ocrx_word' id='word_1_82' title='bbox 946 1249 1290 1304; x_wconf 88' lang='lat' dir='ltr'><strong>libidinosum</strong></span> <span class='ocrx_word' id='word_1_83' title='bbox 1324 1261 1338 1298; x_wconf 89' lang='lat'><strong>:</strong></span> <span class='ocrx_word' id='word_1_84' title='bbox 1375 1246 1565 1299; x_wconf 85' lang='lat' dir='ltr'><strong>borum</strong></span> <span class='ocrx_word' id='word_1_85' title='bbox 1600 1257 1716 1295; x_wconf 87' lang='lat' dir='ltr'><strong>om-</strong></span> 
     </span>
    </p>
   </div>
   <div class='ocr_carea' id='block_1_13' title="bbox 105 1337 1716 1416">
    <p class='ocr_par' dir='ltr' id='par_1_13' title="bbox 105 1337 1716 1416">
     <span class='ocr_line' id='line_1_13' title="bbox 105 1337 1716 1416; baseline -0.009 -13"><span class='ocrx_word' id='word_1_86' title='bbox 105 1350 280 1403; x_wconf 87' lang='lat' dir='ltr'><strong>nium</strong></span> <span class='ocrx_word' id='word_1_87' title='bbox 310 1347 743 1416; x_wconf 82' lang='lat' dir='ltr'><strong>experimentum</strong></span> <span class='ocrx_word' id='word_1_88' title='bbox 772 1343 910 1412; x_wconf 89' lang='lat' dir='ltr'><strong>apud</strong></span> <span class='ocrx_word' id='word_1_89' title='bbox 938 1357 1036 1396; x_wconf 87' lang='lat' dir='ltr'><strong>vos</strong></span> <span class='ocrx_word' id='word_1_90' title='bbox 1066 1350 1174 1396; x_wconf 87' lang='lat' dir='ltr'><strong>est.</strong></span> <span class='ocrx_word' id='word_1_91' title='bbox 1205 1340 1372 1393; x_wconf 87' lang='lat' dir='ltr'><strong>Scitis</strong></span> <span class='ocrx_word' id='word_1_92' title='bbox 1401 1337 1545 1392; x_wconf 91' lang='lat' dir='ltr'><strong>enim</strong></span> <span class='ocrx_word' id='word_1_93' title='bbox 1577 1350 1716 1402; x_wconf 88' lang='lat' dir='ltr'><strong>quo-</strong></span> 
     </span>
    </p>
   </div>
   <div class='ocr_carea' id='block_1_14' title="bbox 110 1427 1717 1506">
    <p class='ocr_par' dir='ltr' id='par_1_14' title="bbox 110 1427 1717 1506">
     <span class='ocr_line' id='line_1_14' title="bbox 110 1427 1717 1506; baseline -0.007 -14"><span class='ocrx_word' id='word_1_94' title='bbox 110 1438 232 1493; x_wconf 84' lang='lat' dir='ltr'><strong>ties</strong></span> <span class='ocrx_word' id='word_1_95' title='bbox 287 1437 354 1491; x_wconf 93' lang='lat' dir='ltr'><strong>ad</strong></span> <span class='ocrx_word' id='word_1_96' title='bbox 398 1434 919 1506; x_wconf 85' lang='lat' dir='ltr'><strong>concupiscentiam,</strong></span> <span class='ocrx_word' id='word_1_97' title='bbox 951 1432 1162 1502; x_wconf 78' lang='lat' dir='ltr'><strong>quoties</strong></span> <span class='ocrx_word' id='word_1_98' title='bbox 1203 1430 1270 1484; x_wconf 88' lang='lat' dir='ltr'><strong>ad</strong></span> <span class='ocrx_word' id='word_1_99' title='bbox 1298 1429 1573 1484; x_wconf 86' lang='lat' dir='ltr'><strong>libidinem</strong></span> <span class='ocrx_word' id='word_1_100' title='bbox 1601 1427 1717 1480; x_wconf 84' lang='lat' dir='ltr'><strong>ille-</strong></span> 
     </span>
    </p>
   </div>
   <div class='ocr_carea' id='block_1_15' title="bbox 109 1519 1712 1598">
    <p class='ocr_par' dir='ltr' id='par_1_15' title="bbox 109 1519 1712 1598">
     <span class='ocr_line' id='line_1_15' title="bbox 109 1519 1712 1598; baseline -0.009 -12"><span class='ocrx_word' id='word_1_101' title='bbox 109 1530 194 1586; x_wconf 91' lang='lat' dir='ltr'><strong>cti</strong></span> <span class='ocrx_word' id='word_1_102' title='bbox 233 1530 396 1593; x_wconf 84' lang='lat' dir='ltr'><strong>estis,</strong></span> <span class='ocrx_word' id='word_1_103' title='bbox 423 1531 636 1598; x_wconf 88' lang='lat' dir='ltr'><strong>quoties</strong></span> <span class='ocrx_word' id='word_1_104' title='bbox 667 1527 732 1579; x_wconf 88' lang='lat' dir='ltr'><strong>ad</strong></span> <span class='ocrx_word' id='word_1_105' title='bbox 761 1525 1071 1589; x_wconf 82' lang='lat' dir='ltr'><strong>avaritiam,</strong></span> <span class='ocrx_word' id='word_1_106' title='bbox 1101 1522 1319 1592; x_wconf 82' lang='lat' dir='ltr'><strong>quoties</strong></span> <span class='ocrx_word' id='word_1_107' title='bbox 1343 1521 1410 1575; x_wconf 87' lang='lat' dir='ltr'><strong>ad</strong></span> <span class='ocrx_word' id='word_1_108' title='bbox 1441 1519 1712 1584; x_wconf 90' lang='lat' dir='ltr'><strong>fraudem,</strong></span> 
     </span>
    </p>
   </div>
   <div class='ocr_carea' id='block_1_16' title="bbox 109 1611 1716 1693">
    <p class='ocr_par' dir='ltr' id='par_1_16' title="bbox 109 1611 1716 1693">
     <span class='ocr_line' id='line_1_16' title="bbox 109 1611 1716 1693; baseline -0.008 -16"><span class='ocrx_word' id='word_1_109' title='bbox 109 1622 348 1693; x_wconf 85' lang='lat' dir='ltr'><strong>quoties</strong></span> <span class='ocrx_word' id='word_1_110' title='bbox 376 1621 442 1674; x_wconf 86' lang='lat' dir='ltr'><strong>ad</strong></span> <span class='ocrx_word' id='word_1_111' title='bbox 478 1621 638 1685; x_wconf 92' lang='lat' dir='ltr'><strong>iram,</strong></span> <span class='ocrx_word' id='word_1_112' title='bbox 673 1619 884 1687; x_wconf 91' lang='lat' dir='ltr'><strong>quoties</strong></span> <span class='ocrx_word' id='word_1_113' title='bbox 921 1617 986 1670; x_wconf 88' lang='lat' dir='ltr'><strong>ad</strong></span> <span class='ocrx_word' id='word_1_114' title='bbox 1035 1614 1458 1683; x_wconf 77' lang='lat' dir='ltr'><strong>indignationem</strong></span> <span class='ocrx_word' id='word_1_115' title='bbox 1495 1629 1509 1666; x_wconf 92' lang='lat'><strong>:</strong></span> <span class='ocrx_word' id='word_1_116' title='bbox 1547 1611 1716 1666; x_wconf 88' lang='lat' dir='ltr'><strong>decli-</strong></span> 
     </span>
    </p>
   </div>
   <div class='ocr_carea' id='block_1_17' title="bbox 109 1706 1716 1778">
    <p class='ocr_par' dir='ltr' id='par_1_17' title="bbox 109 1706 1716 1778">
     <span class='ocr_line' id='line_1_17' title="bbox 109 1706 1716 1778; baseline -0.004 -12"><span class='ocrx_word' id='word_1_117' title='bbox 109 1714 212 1769; x_wconf 73' lang='lat' dir='ltr'><strong>vis</strong></span> <span class='ocrx_word' id='word_1_118' title='bbox 231 1714 384 1769; x_wconf 89' lang='lat' dir='ltr'><strong>enim</strong></span> <span class='ocrx_word' id='word_1_119' title='bbox 408 1729 536 1768; x_wconf 87' lang='lat' dir='ltr'><strong>caro</strong></span> <span class='ocrx_word' id='word_1_120' title='bbox 569 1712 636 1766; x_wconf 89' lang='lat' dir='ltr'><strong>ad</strong></span> <span class='ocrx_word' id='word_1_121' title='bbox 670 1714 770 1765; x_wconf 90' lang='lat' dir='ltr'><strong>ista</strong></span> <span class='ocrx_word' id='word_1_122' title='bbox 795 1719 878 1765; x_wconf 89' lang='lat' dir='ltr'><strong>est</strong></span> <span class='ocrx_word' id='word_1_123' title='bbox 907 1710 1058 1773; x_wconf 90' lang='lat' dir='ltr'><strong>vitia,</strong></span> <span class='ocrx_word' id='word_1_124' title='bbox 1083 1719 1134 1763; x_wconf 90' lang='lat' dir='ltr'><strong>et</strong></span> <span class='ocrx_word' id='word_1_125' title='bbox 1169 1708 1335 1778; x_wconf 87' lang='lat' dir='ltr'><strong>ipsius</strong></span> <span class='ocrx_word' id='word_1_126' title='bbox 1355 1706 1538 1760; x_wconf 90' lang='lat' dir='ltr'><strong>carnis</strong></span> <span class='ocrx_word' id='word_1_127' title='bbox 1569 1719 1716 1760; x_wconf 87' lang='lat' dir='ltr'><strong>mea-</strong></span> 
     </span>
    </p>
   </div>
   <div class='ocr_carea' id='block_1_18' title="bbox 115 1797 1715 1872">
    <p class='ocr_par' dir='ltr' id='par_1_18' title="bbox 115 1797 1715 1872">
     <span class='ocr_line' id='line_1_18' title="bbox 115 1797 1715 1872; baseline -0.008 -11"><span class='ocrx_word' id='word_1_128' title='bbox 115 1815 236 1861; x_wconf 85' lang='lat' dir='ltr'><strong>tus.</strong></span> <span class='ocrx_word' id='word_1_129' title='bbox 267 1804 452 1860; x_wconf 81' lang='lat' dir='ltr'><strong>Vincit</strong></span> <span class='ocrx_word' id='word_1_130' title='bbox 491 1814 670 1860; x_wconf 90' lang='lat' dir='ltr'><strong>autem</strong></span> <span class='ocrx_word' id='word_1_131' title='bbox 703 1804 815 1857; x_wconf 81' lang='lat' dir='ltr'><strong>haec</strong></span> <span class='ocrx_word' id='word_1_132' title='bbox 843 1803 1112 1872; x_wconf 86' lang='lat' dir='ltr'><strong>cogitatus</strong></span> <span class='ocrx_word' id='word_1_133' title='bbox 1139 1802 1442 1855; x_wconf 74' lang='lat' dir='ltr'><strong>colluctatis</strong></span> <span class='ocrx_word' id='word_1_134' title='bbox 1474 1813 1570 1868; x_wconf 90' lang='lat' dir='ltr'><strong>per</strong></span> <span class='ocrx_word' id='word_1_135' title='bbox 1602 1797 1715 1866; x_wconf 78' lang='lat' dir='ltr'><strong>spi-</strong></span> 
     </span>
    </p>
   </div>
   <div class='ocr_carea' id='block_1_19' title="bbox 1819 597 3420 671">
    <p class='ocr_par' dir='ltr' id='par_1_19' title="bbox 1819 597 3420 671">
     <span class='ocr_line' id='line_1_19' title="bbox 1819 597 3420 671; baseline 0.002 -17"><span class='ocrx_word' id='word_1_136' title='bbox 1819 599 1957 664; x_wconf 87' lang='lat' dir='ltr'><strong>dies,</strong></span> <span class='ocrx_word' id='word_1_137' title='bbox 2015 610 2070 653; x_wconf 89' lang='lat' dir='ltr'><strong>ut</strong></span> <span class='ocrx_word' id='word_1_138' title='bbox 2101 600 2176 653; x_wconf 87' lang='lat' dir='ltr'><strong>sis</strong></span> <span class='ocrx_word' id='word_1_139' title='bbox 2215 597 2478 654; x_wconf 89' lang='lat' dir='ltr'><strong>sollicitus</strong></span> <span class='ocrx_word' id='word_1_140' title='bbox 2525 597 2591 652; x_wconf 90' lang='lat' dir='ltr'><strong>de</strong></span> <span class='ocrx_word' id='word_1_141' title='bbox 2645 598 2949 653; x_wconf 80' lang='lat' dir='ltr'><strong>hodierno?</strong></span> <span class='ocrx_word' id='word_1_142' title='bbox 2983 599 3070 654; x_wconf 90' lang='lat' dir='ltr'><strong>ubi</strong></span> <span class='ocrx_word' id='word_1_143' title='bbox 3128 611 3255 656; x_wconf 87' lang='lat' dir='ltr'><strong>sunt</strong></span> <span class='ocrx_word' id='word_1_144' title='bbox 3291 615 3420 671; x_wconf 73' lang='lat' dir='ltr'><strong>quae</strong></span> 
     </span>
    </p>
   </div>
   <div class='ocr_carea' id='block_1_20' title="bbox 1820 688 3419 761">
    <p class='ocr_par' dir='ltr' id='par_1_20' title="bbox 1820 688 3419 761">
     <span class='ocr_line' id='line_1_20' title="bbox 1820 688 3419 761; baseline 0.003 -18"><span class='ocrx_word' id='word_1_145' title='bbox 1820 688 1937 744; x_wconf 87' lang='lat' dir='ltr'><strong>beri</strong></span> <span class='ocrx_word' id='word_1_146' title='bbox 1988 689 2039 743; x_wconf 89' lang='lat' dir='ltr'><strong>in</strong></span> <span class='ocrx_word' id='word_1_147' title='bbox 2093 698 2335 743; x_wconf 86' lang='lat' dir='ltr'><strong>ventrem</strong></span> <span class='ocrx_word' id='word_1_148' title='bbox 2371 688 2535 741; x_wconf 89' lang='lat' dir='ltr'><strong>missa</strong></span> <span class='ocrx_word' id='word_1_149' title='bbox 2587 698 2734 754; x_wconf 91' lang='lat' dir='ltr'><strong>sunt,</strong></span> <span class='ocrx_word' id='word_1_150' title='bbox 2780 698 2840 742; x_wconf 92' lang='lat' dir='ltr'><strong>ut</strong></span> <span class='ocrx_word' id='word_1_151' title='bbox 2894 689 3086 744; x_wconf 89' lang='lat' dir='ltr'><strong>iterum</strong></span> <span class='ocrx_word' id='word_1_152' title='bbox 3139 706 3419 761; x_wconf 63' lang='lat' dir='ltr'><strong>praepares</strong></span> 
     </span>
    </p>
   </div>
   <div class='ocr_carea' id='block_1_21' title="bbox 1822 778 3412 849">
    <p class='ocr_par' dir='ltr' id='par_1_21' title="bbox 1822 778 3412 849">
     <span class='ocr_line' id='line_1_21' title="bbox 1822 778 3412 849; baseline 0.004 -14"><span class='ocrx_word' id='word_1_153' title='bbox 1822 780 2028 835; x_wconf 83' lang='lat' dir='ltr'><strong>multa?</strong></span> <span class='ocrx_word' id='word_1_154' title='bbox 2053 778 2245 849; x_wconf 79' lang='lat' dir='ltr'><strong>Figura</strong></span> <span class='ocrx_word' id='word_1_155' title='bbox 2277 787 2360 834; x_wconf 88' lang='lat' dir='ltr'><strong>est</strong></span> <span class='ocrx_word' id='word_1_156' title='bbox 2385 793 2625 848; x_wconf 64' lang='lat' dir='ltr'><strong>presens</strong></span> <span class='ocrx_word' id='word_1_157' title='bbox 2654 781 2934 846; x_wconf 67' lang='lat' dir='ltr'><strong>saeculum,</strong></span> <span class='ocrx_word' id='word_1_158' title='bbox 2965 791 3020 835; x_wconf 89' lang='lat' dir='ltr'><strong>et</strong></span> <span class='ocrx_word' id='word_1_159' title='bbox 3046 796 3150 836; x_wconf 91' lang='lat' dir='ltr'><strong>non</strong></span> <span class='ocrx_word' id='word_1_160' title='bbox 3175 785 3412 841; x_wconf 90' lang='lat' dir='ltr'><strong>veritas:</strong></span> 
     </span>
    </p>
   </div>
   <div class='ocr_carea' id='block_1_22' title="bbox 1823 871 3416 946">
    <p class='ocr_par' dir='ltr' id='par_1_22' title="bbox 1823 871 3416 946">
     <span class='ocr_line' id='line_1_22' title="bbox 1823 871 3416 946; baseline 0.003 -19"><span class='ocrx_word' id='word_1_161' title='bbox 1823 875 2029 927; x_wconf 70' lang='lat' dir='ltr'><strong>umbra:</strong></span> <span class='ocrx_word' id='word_1_162' title='bbox 2073 871 2317 926; x_wconf 82' lang='lat' dir='ltr'><strong>volantes</strong></span> <span class='ocrx_word' id='word_1_163' title='bbox 2361 883 2508 926; x_wconf 90' lang='lat' dir='ltr'><strong>sunt.</strong></span> <span class='ocrx_word' id='word_1_164' title='bbox 2551 871 2689 938; x_wconf 86' lang='lat' dir='ltr'><strong>Quid</strong></span> <span class='ocrx_word' id='word_1_165' title='bbox 2751 871 2992 928; x_wconf 83' lang='lat' dir='ltr'><strong>velocius</strong></span> <span class='ocrx_word' id='word_1_166' title='bbox 3043 875 3156 928; x_wconf 88' lang='lat' dir='ltr'><strong>sole</strong></span> <span class='ocrx_word' id='word_1_167' title='bbox 3214 877 3268 930; x_wconf 92' lang='lat' dir='ltr'><strong>in</strong></span> <span class='ocrx_word' id='word_1_168' title='bbox 3305 892 3416 946; x_wconf 90' lang='lat' dir='ltr'><strong>quo</strong></span> 
     </span>
    </p>
   </div>
   <div class='ocr_carea' id='block_1_23' title="bbox 1824 963 3411 1033">
    <p class='ocr_par' dir='ltr' id='par_1_23' title="bbox 1824 963 3411 1033">
     <span class='ocr_line' id='line_1_23' title="bbox 1824 963 3411 1033; baseline 0.003 -16"><span class='ocrx_word' id='word_1_169' title='bbox 1824 975 2170 1018; x_wconf 88' lang='lat' dir='ltr'><strong>mensuratur</strong></span> <span class='ocrx_word' id='word_1_170' title='bbox 2200 963 2354 1017; x_wconf 82' lang='lat' dir='ltr'><strong>vita?</strong></span> <span class='ocrx_word' id='word_1_171' title='bbox 2385 964 2667 1033; x_wconf 84' lang='lat' dir='ltr'><strong>Evigilate,</strong></span> <span class='ocrx_word' id='word_1_172' title='bbox 2702 964 2844 1031; x_wconf 87' lang='lat' dir='ltr'><strong>iusti,</strong></span> <span class='ocrx_word' id='word_1_173' title='bbox 2873 973 2928 1018; x_wconf 91' lang='lat' dir='ltr'><strong>et</strong></span> <span class='ocrx_word' id='word_1_174' title='bbox 2967 965 3133 1018; x_wconf 89' lang='lat' dir='ltr'><strong>nolite</strong></span> <span class='ocrx_word' id='word_1_175' title='bbox 3159 981 3411 1033; x_wconf 84' lang='lat' dir='ltr'><strong>peccare.</strong></span> 
     </span>
    </p>
   </div>
   <div class='ocr_carea' id='block_1_24' title="bbox 1823 1057 3412 1126">
    <p class='ocr_par' dir='ltr' id='par_1_24' title="bbox 1823 1057 3412 1126">
     <span class='ocr_line' id='line_1_24' title="bbox 1823 1057 3412 1126; baseline 0.001 -15"><span class='ocrx_word' id='word_1_176' title='bbox 1823 1057 2108 1111; x_wconf 88' lang='lat' dir='ltr'><strong>Peccatum</strong></span> <span class='ocrx_word' id='word_1_177' title='bbox 2164 1065 2347 1110; x_wconf 90' lang='lat' dir='ltr'><strong>autem</strong></span> <span class='ocrx_word' id='word_1_178' title='bbox 2395 1057 2625 1110; x_wconf 84' lang='lat' dir='ltr'><strong>ellicitur</strong></span> <span class='ocrx_word' id='word_1_179' title='bbox 2665 1057 2734 1110; x_wconf 93' lang='lat' dir='ltr'><strong>ob</strong></span> <span class='ocrx_word' id='word_1_180' title='bbox 2781 1059 3144 1126; x_wconf 77' lang='lat' dir='ltr'><strong>ignorantiam</strong></span> <span class='ocrx_word' id='word_1_181' title='bbox 3180 1057 3295 1112; x_wconf 91' lang='lat' dir='ltr'><strong>Dei.</strong></span> <span class='ocrx_word' id='word_1_182' title='bbox 3353 1058 3412 1113; x_wconf 90' lang='lat' dir='ltr'><strong>Si</strong></span> 
     </span>
    </p>
   </div>
   <div class='ocr_carea' id='block_1_25' title="bbox 1822 1145 3412 1218">
    <p class='ocr_par' dir='ltr' id='par_1_25' title="bbox 1822 1145 3412 1218">
     <span class='ocr_line' id='line_1_25' title="bbox 1822 1145 3412 1218; baseline 0.003 -18"><span class='ocrx_word' id='word_1_183' title='bbox 1822 1148 1968 1200; x_wconf 90' lang='lat' dir='ltr'><strong>enim</strong></span> <span class='ocrx_word' id='word_1_184' title='bbox 2027 1145 2243 1216; x_wconf 86' lang='lat' dir='ltr'><strong>agnitus</strong></span> <span class='ocrx_word' id='word_1_185' title='bbox 2276 1147 2444 1200; x_wconf 86' lang='lat' dir='ltr'><strong>fuerit</strong></span> <span class='ocrx_word' id='word_1_186' title='bbox 2496 1147 2636 1202; x_wconf 91' lang='lat' dir='ltr'><strong>Deus</strong></span> <span class='ocrx_word' id='word_1_187' title='bbox 2670 1149 2760 1218; x_wconf 91' lang='lat' dir='ltr'><strong>qui</strong></span> <span class='ocrx_word' id='word_1_188' title='bbox 2797 1148 2978 1201; x_wconf 86' lang='lat' dir='ltr'><strong>omnia</strong></span> <span class='ocrx_word' id='word_1_189' title='bbox 3023 1149 3284 1214; x_wconf 88' lang='lat' dir='ltr'><strong>intuetur,</strong></span> <span class='ocrx_word' id='word_1_190' title='bbox 3325 1165 3412 1206; x_wconf 83' lang='lat' dir='ltr'><strong>re-</strong></span> 
     </span>
    </p>
   </div>
   <div class='ocr_carea' id='block_1_26' title="bbox 1823 1238 3414 1307">
    <p class='ocr_par' dir='ltr' id='par_1_26' title="bbox 1823 1238 3414 1307">
     <span class='ocr_line' id='line_1_26' title="bbox 1823 1238 3414 1307; baseline 0.004 -15"><span class='ocrx_word' id='word_1_191' title='bbox 1823 1238 2127 1306; x_wconf 90' lang='lat' dir='ltr'><strong>percutitur</strong></span> <span class='ocrx_word' id='word_1_192' title='bbox 2157 1253 2320 1293; x_wconf 91' lang='lat' dir='ltr'><strong>omne</strong></span> <span class='ocrx_word' id='word_1_193' title='bbox 2364 1249 2671 1306; x_wconf 88' lang='lat' dir='ltr'><strong>peccatum.</strong></span> <span class='ocrx_word' id='word_1_194' title='bbox 2731 1241 2838 1294; x_wconf 84' lang='lat' dir='ltr'><strong>Deo</strong></span> <span class='ocrx_word' id='word_1_195' title='bbox 2868 1240 3015 1294; x_wconf 86' lang='lat' dir='ltr'><strong>enim</strong></span> <span class='ocrx_word' id='word_1_196' title='bbox 3053 1251 3319 1307; x_wconf 72' lang='lat' dir='ltr'><strong>przesente</strong></span> <span class='ocrx_word' id='word_1_197' title='bbox 3361 1253 3414 1299; x_wconf 88' lang='lat' dir='ltr'><strong>et</strong></span> 
     </span>
    </p>
   </div>
   <div class='ocr_carea' id='block_1_27' title="bbox 1823 1330 3415 1404">
    <p class='ocr_par' dir='ltr' id='par_1_27' title="bbox 1823 1330 3415 1404">
     <span class='ocr_line' id='line_1_27' title="bbox 1823 1330 3415 1404; baseline 0.005 -22"><span class='ocrx_word' id='word_1_198' title='bbox 1823 1331 2043 1385; x_wconf 87' lang='lat' dir='ltr'><strong>vidente</strong></span> <span class='ocrx_word' id='word_1_199' title='bbox 2072 1331 2195 1400; x_wconf 89' lang='lat' dir='ltr'><strong>quis</strong></span> <span class='ocrx_word' id='word_1_200' title='bbox 2220 1331 2351 1387; x_wconf 87' lang='lat' dir='ltr'><strong>velit</strong></span> <span class='ocrx_word' id='word_1_201' title='bbox 2398 1330 2611 1385; x_wconf 79' lang='lat' dir='ltr'><strong>furari?</strong></span> <span class='ocrx_word' id='word_1_202' title='bbox 2637 1330 2737 1397; x_wconf 88' lang='lat' dir='ltr'><strong>Qui</strong></span> <span class='ocrx_word' id='word_1_203' title='bbox 2769 1341 2951 1386; x_wconf 90' lang='lat' dir='ltr'><strong>autem</strong></span> <span class='ocrx_word' id='word_1_204' title='bbox 2982 1333 3226 1400; x_wconf 89' lang='lat' dir='ltr'><strong>furatur,</strong></span> <span class='ocrx_word' id='word_1_205' title='bbox 3263 1337 3415 1404; x_wconf 89' lang='lat' dir='ltr'><strong>prius</strong></span> 
     </span>
    </p>
   </div>
   <div class='ocr_carea' id='block_1_28' title="bbox 1826 1423 3414 1494">
    <p class='ocr_par' dir='ltr' id='par_1_28' title="bbox 1826 1423 3414 1494">
     <span class='ocr_line' id='line_1_28' title="bbox 1826 1423 3414 1494; baseline 0.004 -16"><span class='ocrx_word' id='word_1_206' title='bbox 1826 1423 2292 1494; x_wconf 90' lang='lat' dir='ltr'><strong>irreligiositatem</strong></span> <span class='ocrx_word' id='word_1_207' title='bbox 2327 1424 2586 1490; x_wconf 87' lang='lat' dir='ltr'><strong>admittit,</strong></span> <span class='ocrx_word' id='word_1_208' title='bbox 2619 1431 2673 1478; x_wconf 89' lang='lat' dir='ltr'><strong>et</strong></span> <span class='ocrx_word' id='word_1_209' title='bbox 2717 1425 2790 1478; x_wconf 91' lang='lat' dir='ltr'><strong>ita</strong></span> <span class='ocrx_word' id='word_1_210' title='bbox 2842 1435 3021 1480; x_wconf 90' lang='lat' dir='ltr'><strong>nocet.</strong></span> <span class='ocrx_word' id='word_1_211' title='bbox 3062 1426 3119 1481; x_wconf 91' lang='lat' dir='ltr'><strong>Si</strong></span> <span class='ocrx_word' id='word_1_212' title='bbox 3150 1429 3296 1481; x_wconf 91' lang='lat' dir='ltr'><strong>enim</strong></span> <span class='ocrx_word' id='word_1_213' title='bbox 3326 1444 3414 1484; x_wconf 90' lang='lat' dir='ltr'><strong>co-</strong></span> 
     </span>
    </p>
   </div>
   <div class='ocr_carea' id='block_1_29' title="bbox 1823 1517 3413 1589">
    <p class='ocr_par' dir='ltr' id='par_1_29' title="bbox 1823 1517 3413 1589">
     <span class='ocr_line' id='line_1_29' title="bbox 1823 1517 3413 1589; baseline 0.003 -19"><span class='ocrx_word' id='word_1_214' title='bbox 1823 1517 2050 1586; x_wconf 89' lang='lat' dir='ltr'><strong>gitasset</strong></span> <span class='ocrx_word' id='word_1_215' title='bbox 2096 1517 2229 1572; x_wconf 88' lang='lat' dir='ltr'><strong>Cain</strong></span> <span class='ocrx_word' id='word_1_216' title='bbox 2275 1518 2399 1586; x_wconf 88' lang='lat' dir='ltr'><strong>quia</strong></span> <span class='ocrx_word' id='word_1_217' title='bbox 2431 1519 2580 1573; x_wconf 90' lang='lat' dir='ltr'><strong>videt</strong></span> <span class='ocrx_word' id='word_1_218' title='bbox 2609 1519 2774 1582; x_wconf 85' lang='lat' dir='ltr'><strong>Deus,</strong></span> <span class='ocrx_word' id='word_1_219' title='bbox 2819 1533 3094 1589; x_wconf 85' lang='lat' dir='ltr'><strong>nunquam</strong></span> <span class='ocrx_word' id='word_1_220' title='bbox 3123 1519 3413 1574; x_wconf 83' lang='lat' dir='ltr'><strong>occidisset</strong></span> 
     </span>
    </p>
   </div>
   <div class='ocr_carea' id='block_1_30' title="bbox 1823 1606 3413 1678">
    <p class='ocr_par' dir='ltr' id='par_1_30' title="bbox 1823 1606 3413 1678">
     <span class='ocr_line' id='line_1_30' title="bbox 1823 1606 3413 1678; baseline 0.003 -18"><span class='ocrx_word' id='word_1_221' title='bbox 1823 1606 1978 1672; x_wconf 84' lang='lat' dir='ltr'><strong>Abel,</strong></span> <span class='ocrx_word' id='word_1_222' title='bbox 2009 1623 2170 1678; x_wconf 89' lang='lat' dir='ltr'><strong>quem</strong></span> <span class='ocrx_word' id='word_1_223' title='bbox 2216 1618 2272 1663; x_wconf 91' lang='lat' dir='ltr'><strong>et</strong></span> <span class='ocrx_word' id='word_1_224' title='bbox 2304 1609 2597 1677; x_wconf 84' lang='lat' dir='ltr'><strong>abnegavit</strong></span> <span class='ocrx_word' id='word_1_225' title='bbox 2645 1609 2892 1664; x_wconf 79' lang='lat' dir='ltr'><strong>fratrem.</strong></span> <span class='ocrx_word' id='word_1_226' title='bbox 2919 1607 2977 1664; x_wconf 89' lang='lat' dir='ltr'><strong>Si</strong></span> <span class='ocrx_word' id='word_1_227' title='bbox 3006 1609 3268 1666; x_wconf 81' lang='lat' dir='ltr'><strong>vidissent</strong></span> <span class='ocrx_word' id='word_1_228' title='bbox 3303 1611 3413 1665; x_wconf 84' lang='lat' dir='ltr'><strong>Eva</strong></span> 
     </span>
    </p>
   </div>
   <div class='ocr_carea' id='block_1_31' title="bbox 1824 1699 3414 1770">
    <p class='ocr_par' dir='ltr' id='par_1_31' title="bbox 1824 1699 3414 1770">
     <span class='ocr_line' id='line_1_31' title="bbox 1824 1699 3414 1770; baseline 0.002 -17"><span class='ocrx_word' id='word_1_229' title='bbox 1824 1709 1878 1753; x_wconf 92' lang='lat' dir='ltr'><strong>et</strong></span> <span class='ocrx_word' id='word_1_230' title='bbox 1922 1699 2094 1754; x_wconf 75' lang='lat' dir='ltr'><strong>Adam</strong></span> <span class='ocrx_word' id='word_1_231' title='bbox 2123 1699 2315 1763; x_wconf 89' lang='lat' dir='ltr'><strong>Deum,</strong></span> <span class='ocrx_word' id='word_1_232' title='bbox 2367 1715 2473 1756; x_wconf 86' lang='lat' dir='ltr'><strong>non</strong></span> <span class='ocrx_word' id='word_1_233' title='bbox 2520 1702 2785 1755; x_wconf 81' lang='lat' dir='ltr'><strong>vidissent</strong></span> <span class='ocrx_word' id='word_1_234' title='bbox 2848 1703 3120 1757; x_wconf 84' lang='lat' dir='ltr'><strong>arborem.</strong></span> <span class='ocrx_word' id='word_1_235' title='bbox 3162 1701 3414 1770; x_wconf 83' lang='lat' dir='ltr'><strong>Nunquid</strong></span> 
     </span>
    </p>
   </div>
   <div class='ocr_carea' id='block_1_32' title="bbox 1826 1792 3415 1860">
    <p class='ocr_par' dir='ltr' id='par_1_32' title="bbox 1826 1792 3415 1860">
     <span class='ocr_line' id='line_1_32' title="bbox 1826 1792 3415 1860; baseline 0.003 -15"><span class='ocrx_word' id='word_1_236' title='bbox 1826 1806 2116 1860; x_wconf 74' lang='lat' dir='ltr'><strong>possumus</strong></span> <span class='ocrx_word' id='word_1_237' title='bbox 2162 1792 2216 1848; x_wconf 92' lang='lat' dir='ltr'><strong>in</strong></span> <span class='ocrx_word' id='word_1_238' title='bbox 2245 1794 2380 1848; x_wconf 88' lang='lat' dir='ltr'><strong>duas</strong></span> <span class='ocrx_word' id='word_1_239' title='bbox 2403 1792 2571 1848; x_wconf 86' lang='lat' dir='ltr'><strong>facies</strong></span> <span class='ocrx_word' id='word_1_240' title='bbox 2605 1795 2764 1846; x_wconf 90' lang='lat' dir='ltr'><strong>simul</strong></span> <span class='ocrx_word' id='word_1_241' title='bbox 2806 1795 2978 1848; x_wconf 86' lang='lat' dir='ltr'><strong>visum</strong></span> <span class='ocrx_word' id='word_1_242' title='bbox 3006 1795 3286 1850; x_wconf 85' lang='lat' dir='ltr'><strong>intendere</strong></span> <span class='ocrx_word' id='word_1_243' title='bbox 3318 1811 3415 1849; x_wconf 89' lang='lat' dir='ltr'><strong>no-</strong></span> 
     </span>
    </p>
   </div>
   <div class='ocr_carea' id='block_1_33' title="bbox 118 1883 3416 1963">
    <p class='ocr_par' dir='ltr' id='par_1_33' title="bbox 118 1883 3416 1963">
     <span class='ocr_line' id='line_1_33' title="bbox 118 1883 3416 1963; baseline -0.004 -9"><span class='ocrx_word' id='word_1_244' title='bbox 118 1899 320 1954; x_wconf 88' lang='lat' dir='ltr'><strong>ritum.</strong></span> <span class='ocrx_word' id='word_1_245' title='bbox 354 1895 431 1951; x_wconf 85' lang='lat' dir='ltr'><strong>lta</strong></span> <span class='ocrx_word' id='word_1_246' title='bbox 469 1908 856 1963; x_wconf 87' lang='lat' dir='ltr'><strong>nonnunquam</strong></span> <span class='ocrx_word' id='word_1_247' title='bbox 892 1895 1139 1946; x_wconf 89' lang='lat' dir='ltr'><strong>videmus</strong></span> <span class='ocrx_word' id='word_1_248' title='bbox 1167 1905 1457 1962; x_wconf 84' lang='lat' dir='ltr'><strong>pauperem</strong></span> <span class='ocrx_word' id='word_1_249' title='bbox 1488 1909 1500 1942; x_wconf 93' lang='lat'>:</span> <span class='ocrx_word' id='word_1_250' title='bbox 1537 1897 1593 1944; x_wconf 76' lang='lat' dir='ltr'><strong>et</strong></span> <span class='ocrx_word' id='word_1_251' title='bbox 1621 1889 1718 1942; x_wconf 54' lang='lat' dir='ltr'><strong>mi.</strong></span> <span class='ocrx_word' id='word_1_252' title='bbox 1752 1883 1796 1936; x_wconf 87' lang='grc' dir='ltr'>Β</span> <span class='ocrx_word' id='word_1_253' title='bbox 1821 1897 1992 1940; x_wconf 78' lang='lat' dir='ltr'><strong>atrum</strong></span> <span class='ocrx_word' id='word_1_254' title='bbox 2017 1886 2040 1940; x_wconf 68' lang='lat' dir='ltr'><strong>l</strong></span> <span class='ocrx_word' id='word_1_255' title='bbox 2070 1886 2175 1942; x_wconf 88' lang='lat' dir='ltr'><strong>Sed</strong></span> <span class='ocrx_word' id='word_1_256' title='bbox 2203 1903 2309 1942; x_wconf 91' lang='lat' dir='ltr'><strong>non</strong></span> <span class='ocrx_word' id='word_1_257' title='bbox 2333 1887 2559 1956; x_wconf 82' lang='lat' dir='ltr'><strong>suscipit</strong></span> <span class='ocrx_word' id='word_1_258' title='bbox 2581 1886 2789 1940; x_wconf 91' lang='lat' dir='ltr'><strong>oculus.</strong></span> <span class='ocrx_word' id='word_1_259' title='bbox 2824 1886 2942 1940; x_wconf 82' lang='lat' dir='ltr'><strong>Non</strong></span> <span class='ocrx_word' id='word_1_260' title='bbox 2981 1902 3263 1954; x_wconf 86' lang='lat' dir='ltr'><strong>possumus</strong></span> <span class='ocrx_word' id='word_1_261' title='bbox 3285 1902 3416 1957; x_wconf 88' lang='lat' dir='ltr'><strong>ergo</strong></span> 
     </span>
    </p>
   </div>
   <div class='ocr_carea' id='block_1_34' title="bbox 119 1983 1715 2056">
    <p class='ocr_par' dir='ltr' id='par_1_34' title="bbox 119 1983 1715 2056">
     <span class='ocr_line' id='line_1_34' title="bbox 119 1983 1715 2056; baseline -0.006 -12"><span class='ocrx_word' id='word_1_262' title='bbox 119 1987 429 2044; x_wconf 86' lang='lat' dir='ltr'><strong>sericordia</strong></span> <span class='ocrx_word' id='word_1_263' title='bbox 464 1987 679 2056; x_wconf 83' lang='lat' dir='ltr'><strong>quidem</strong></span> <span class='ocrx_word' id='word_1_264' title='bbox 728 1983 920 2048; x_wconf 83' lang='lat' dir='ltr'><strong>ﬂectit,</strong></span> <span class='ocrx_word' id='word_1_265' title='bbox 951 1983 1177 2037; x_wconf 90' lang='lat' dir='ltr'><strong>avaritia</strong></span> <span class='ocrx_word' id='word_1_266' title='bbox 1227 1993 1407 2036; x_wconf 92' lang='lat' dir='ltr'><strong>autem</strong></span> <span class='ocrx_word' id='word_1_267' title='bbox 1460 1990 1715 2045; x_wconf 83' lang='lat' dir='ltr'><strong>revocat;</strong></span> 
     </span>
    </p>
   </div>
   <div class='ocr_carea' id='block_1_35' title="bbox 120 2071 1714 2142">
    <p class='ocr_par' dir='ltr' id='par_1_35' title="bbox 120 2071 1714 2142">
     <span class='ocr_line' id='line_1_35' title="bbox 120 2071 1714 2142; baseline -0.003 -14"><span class='ocrx_word' id='word_1_268' title='bbox 120 2082 179 2128; x_wconf 91' lang='lat' dir='ltr'><strong>et</strong></span> <span class='ocrx_word' id='word_1_269' title='bbox 209 2074 463 2130; x_wconf 86' lang='lat' dir='ltr'><strong>volumus</strong></span> <span class='ocrx_word' id='word_1_270' title='bbox 478 2083 835 2142; x_wconf 81' lang='lat' dir='ltr'><strong>agnoscentes</strong></span> <span class='ocrx_word' id='word_1_271' title='bbox 859 2087 980 2126; x_wconf 90' lang='lat' dir='ltr'><strong>cum</strong></span> <span class='ocrx_word' id='word_1_272' title='bbox 1004 2085 1172 2140; x_wconf 87' lang='lat' dir='ltr'><strong>gener</strong></span> <span class='ocrx_word' id='word_1_273' title='bbox 1189 2081 1274 2127; x_wconf 90' lang='lat' dir='ltr'><strong>est</strong></span> <span class='ocrx_word' id='word_1_274' title='bbox 1294 2071 1541 2126; x_wconf 86' lang='lat' dir='ltr'><strong>misereri</strong></span> <span class='ocrx_word' id='word_1_275' title='bbox 1567 2071 1714 2142; x_wconf 79' lang='lat'><strong>(90);</strong></span> 
     </span>
    </p>
   </div>
   <div class='ocr_carea' id='block_1_36' title="bbox 125 2163 1718 2234">
    <p class='ocr_par' dir='ltr' id='par_1_36' title="bbox 125 2163 1718 2234">
     <span class='ocr_line' id='line_1_36' title="bbox 125 2163 1718 2234; baseline -0.004 -13"><span class='ocrx_word' id='word_1_276' title='bbox 125 2167 182 2221; x_wconf 91' lang='lat' dir='ltr'><strong>id</strong></span> <span class='ocrx_word' id='word_1_277' title='bbox 214 2175 405 2222; x_wconf 89' lang='lat' dir='ltr'><strong>autem</strong></span> <span class='ocrx_word' id='word_1_278' title='bbox 442 2165 587 2234; x_wconf 90' lang='lat' dir='ltr'><strong>quod</strong></span> <span class='ocrx_word' id='word_1_279' title='bbox 635 2164 871 2218; x_wconf 89' lang='lat' dir='ltr'><strong>alienum</strong></span> <span class='ocrx_word' id='word_1_280' title='bbox 901 2175 986 2218; x_wconf 89' lang='lat' dir='ltr'><strong>est</strong></span> <span class='ocrx_word' id='word_1_281' title='bbox 1017 2178 1124 2218; x_wconf 92' lang='lat' dir='ltr'><strong>non</strong></span> <span class='ocrx_word' id='word_1_282' title='bbox 1154 2165 1304 2217; x_wconf 89' lang='lat' dir='ltr'><strong>sinit.</strong></span> <span class='ocrx_word' id='word_1_283' title='bbox 1336 2163 1413 2216; x_wconf 90' lang='lat' dir='ltr'><strong>lta</strong></span> <span class='ocrx_word' id='word_1_284' title='bbox 1438 2173 1718 2218; x_wconf 88' lang='lat' dir='ltr'><strong>certamen</strong></span> 
     </span>
    </p>
   </div>
   <div class='ocr_carea' id='block_1_37' title="bbox 125 2251 1722 2319">
    <p class='ocr_par' dir='ltr' id='par_1_37' title="bbox 125 2251 1722 2319">
     <span class='ocr_line' id='line_1_37' title="bbox 125 2251 1722 2319; baseline -0.004 -9"><span class='ocrx_word' id='word_1_285' title='bbox 125 2265 211 2310; x_wconf 88' lang='lat' dir='ltr'><strong>est</strong></span> <span class='ocrx_word' id='word_1_286' title='bbox 244 2255 544 2310; x_wconf 80' lang='lat' dir='ltr'><strong>maximum</strong></span> <span class='ocrx_word' id='word_1_287' title='bbox 569 2256 620 2308; x_wconf 91' lang='lat' dir='ltr'><strong>in</strong></span> <span class='ocrx_word' id='word_1_288' title='bbox 653 2254 953 2308; x_wconf 90' lang='lat' dir='ltr'><strong>istiusmodi</strong></span> <span class='ocrx_word' id='word_1_289' title='bbox 977 2253 1223 2319; x_wconf 86' lang='lat' dir='ltr'><strong>actibus;</strong></span> <span class='ocrx_word' id='word_1_290' title='bbox 1257 2252 1324 2306; x_wconf 91' lang='lat' dir='ltr'><strong>de</strong></span> <span class='ocrx_word' id='word_1_291' title='bbox 1355 2254 1464 2307; x_wconf 91' lang='lat' dir='ltr'><strong>Deo</strong></span> <span class='ocrx_word' id='word_1_292' title='bbox 1492 2251 1637 2306; x_wconf 92' lang='lat' dir='ltr'><strong>enim</strong></span> <span class='ocrx_word' id='word_1_293' title='bbox 1666 2260 1722 2308; x_wconf 89' lang='lat' dir='ltr'><strong>et</strong></span> 
     </span>
    </p>
   </div>
   <div class='ocr_carea' id='block_1_38' title="bbox 128 2340 1723 2411">
    <p class='ocr_par' dir='ltr' id='par_1_38' title="bbox 128 2340 1723 2411">
     <span class='ocr_line' id='line_1_38' title="bbox 128 2340 1723 2411; baseline -0.003 -10"><span class='ocrx_word' id='word_1_294' title='bbox 128 2348 198 2401; x_wconf 90' lang='lat' dir='ltr'><strong>de</strong></span> <span class='ocrx_word' id='word_1_295' title='bbox 232 2361 546 2402; x_wconf 86' lang='lat' dir='ltr'><strong>mammona</strong></span> <span class='ocrx_word' id='word_1_296' title='bbox 601 2354 874 2400; x_wconf 85' lang='lat' dir='ltr'><strong>certamen</strong></span> <span class='ocrx_word' id='word_1_297' title='bbox 913 2344 1164 2407; x_wconf 86' lang='lat' dir='ltr'><strong>habetur,</strong></span> <span class='ocrx_word' id='word_1_298' title='bbox 1198 2343 1323 2411; x_wconf 89' lang='lat' dir='ltr'><strong>quia</strong></span> <span class='ocrx_word' id='word_1_299' title='bbox 1364 2350 1420 2396; x_wconf 89' lang='lat' dir='ltr'><strong>et</strong></span> <span class='ocrx_word' id='word_1_300' title='bbox 1463 2340 1723 2396; x_wconf 86' lang='lat' dir='ltr'><strong>Dominus</strong></span> 
     </span>
    </p>
   </div>
   <div class='ocr_carea' id='block_1_39' title="bbox 130 2434 1720 2508">
    <p class='ocr_par' dir='ltr' id='par_1_39' title="bbox 130 2434 1720 2508">
     <span class='ocr_line' id='line_1_39' title="bbox 130 2434 1720 2508; baseline -0.004 -15"><span class='ocrx_word' id='word_1_301' title='bbox 130 2439 250 2508; x_wconf 86' lang='lat' dir='ltr'><strong>ipse</strong></span> <span class='ocrx_word' id='word_1_302' title='bbox 281 2439 418 2492; x_wconf 84' lang='lat' dir='ltr'><strong>dicit</strong></span> <span class='ocrx_word' id='word_1_303' title='bbox 449 2461 462 2494; x_wconf 90' lang='lat'>:</span> <span class='ocrx_word' id='word_1_304' title='bbox 507 2435 678 2491; x_wconf 84' lang='lat' dir='ltr'><strong>Nemo</strong></span> <span class='ocrx_word' id='word_1_305' title='bbox 713 2448 872 2504; x_wconf 79' lang='lat' dir='ltr'><strong>potest</strong></span> <span class='ocrx_word' id='word_1_306' title='bbox 920 2439 1121 2490; x_wconf 76' lang='lat' dir='ltr'><strong>duobus</strong></span> <span class='ocrx_word' id='word_1_307' title='bbox 1167 2437 1395 2488; x_wconf 82' lang='lat' dir='ltr'><strong>dominis</strong></span> <span class='ocrx_word' id='word_1_308' title='bbox 1426 2435 1616 2488; x_wconf 82' lang='lat' dir='ltr'><strong>servire</strong></span> <span class='ocrx_word' id='word_1_309' title='bbox 1641 2434 1720 2500; x_wconf 76' lang='lat'><strong>”;</strong></span> 
     </span>
    </p>
   </div>
   <div class='ocr_carea' id='block_1_40' title="bbox 131 2525 1722 2600">
    <p class='ocr_par' dir='ltr' id='par_1_40' title="bbox 131 2525 1722 2600">
     <span class='ocr_line' id='line_1_40' title="bbox 131 2525 1722 2600; baseline -0.003 -14"><span class='ocrx_word' id='word_1_310' title='bbox 131 2539 188 2586; x_wconf 81' lang='lat' dir='ltr'><strong>et</strong></span> <span class='ocrx_word' id='word_1_311' title='bbox 218 2529 452 2600; x_wconf 78' lang='lat' dir='ltr'><strong>opponit</strong></span> <span class='ocrx_word' id='word_1_312' title='bbox 486 2544 852 2584; x_wconf 87' lang='lat' dir='ltr'><strong>mammouam</strong></span> <span class='ocrx_word' id='word_1_313' title='bbox 886 2529 1079 2582; x_wconf 68' lang='lat' dir='ltr'><strong>anili-ae</strong></span> <span class='ocrx_word' id='word_1_314' title='bbox 1108 2525 1162 2580; x_wconf 89' lang='lat' dir='ltr'><strong>in</strong></span> <span class='ocrx_word' id='word_1_315' title='bbox 1203 2525 1314 2580; x_wconf 90' lang='lat' dir='ltr'><strong>Deo</strong></span> <span class='ocrx_word' id='word_1_316' title='bbox 1344 2527 1581 2592; x_wconf 85' lang='lat' dir='ltr'><strong>viventi;</strong></span> <span class='ocrx_word' id='word_1_317' title='bbox 1616 2543 1722 2582; x_wconf 88' lang='lat' dir='ltr'><strong>non</strong></span> 
     </span>
    </p>
   </div>
   <div class='ocr_carea' id='block_1_41' title="bbox 132 2618 1723 2691">
    <p class='ocr_par' dir='ltr' id='par_1_41' title="bbox 132 2618 1723 2691">
     <span class='ocr_line' id='line_1_41' title="bbox 132 2618 1723 2691; baseline -0.001 -15"><span class='ocrx_word' id='word_1_318' title='bbox 132 2622 263 2691; x_wconf 87' lang='lat' dir='ltr'><strong>quia</strong></span> <span class='ocrx_word' id='word_1_319' title='bbox 291 2621 719 2676; x_wconf 86' lang='lat' dir='ltr'><strong>commutatione</strong></span> <span class='ocrx_word' id='word_1_320' title='bbox 749 2620 948 2688; x_wconf 87' lang='lat' dir='ltr'><strong>aliqua,</strong></span> <span class='ocrx_word' id='word_1_321' title='bbox 980 2619 1077 2674; x_wconf 91' lang='lat' dir='ltr'><strong>sed</strong></span> <span class='ocrx_word' id='word_1_322' title='bbox 1107 2619 1230 2686; x_wconf 86' lang='lat' dir='ltr'><strong>quia</strong></span> <span class='ocrx_word' id='word_1_323' title='bbox 1256 2618 1483 2674; x_wconf 81' lang='lat' dir='ltr'><strong>eﬂlcitur</strong></span> <span class='ocrx_word' id='word_1_324' title='bbox 1505 2620 1556 2673; x_wconf 92' lang='lat' dir='ltr'><strong>id</strong></span> <span class='ocrx_word' id='word_1_325' title='bbox 1580 2621 1723 2690; x_wconf 89' lang='lat' dir='ltr'><strong>quod</strong></span> 
     </span>
    </p>
   </div>
   <div class='ocr_carea' id='block_1_42' title="bbox 135 2707 1724 2784">
    <p class='ocr_par' dir='ltr' id='par_1_42' title="bbox 135 2707 1724 2784">
     <span class='ocr_line' id='line_1_42' title="bbox 135 2707 1724 2784; baseline -0.001 -16"><span class='ocrx_word' id='word_1_326' title='bbox 135 2713 256 2768; x_wconf 80' lang='lat' dir='ltr'><strong>ﬁeri</strong></span> <span class='ocrx_word' id='word_1_327' title='bbox 288 2727 395 2768; x_wconf 91' lang='lat' dir='ltr'><strong>non</strong></span> <span class='ocrx_word' id='word_1_328' title='bbox 423 2712 664 2768; x_wconf 87' lang='lat' dir='ltr'><strong>deberet.</strong></span> <span class='ocrx_word' id='word_1_329' title='bbox 697 2707 837 2784; x_wconf 85' lang='lat' dir='ltr'><strong>Ergo</strong></span> <span class='ocrx_word' id='word_1_330' title='bbox 868 2721 1134 2782; x_wconf 85' lang='lat' dir='ltr'><strong>martyres</strong></span> <span class='ocrx_word' id='word_1_331' title='bbox 1175 2711 1476 2766; x_wconf 82' lang='lat' dir='ltr'><strong>eﬂlciamur</strong></span> <span class='ocrx_word' id='word_1_332' title='bbox 1514 2711 1630 2778; x_wconf 86' lang='lat' dir='ltr'><strong>Dei,</strong></span> <span class='ocrx_word' id='word_1_333' title='bbox 1669 2720 1724 2766; x_wconf 89' lang='lat' dir='ltr'><strong>et</strong></span> 
     </span>
    </p>
   </div>
   <div class='ocr_carea' id='block_1_43' title="bbox 139 2802 1724 2872">
    <p class='ocr_par' dir='ltr' id='par_1_43' title="bbox 139 2802 1724 2872">
     <span class='ocr_line' id='line_1_43' title="bbox 139 2802 1724 2872; baseline 0 -16"><span class='ocrx_word' id='word_1_334' title='bbox 139 2817 247 2857; x_wconf 91' lang='lat' dir='ltr'><strong>non</strong></span> <span class='ocrx_word' id='word_1_335' title='bbox 280 2817 470 2872; x_wconf 90' lang='lat' dir='ltr'><strong>parum</strong></span> <span class='ocrx_word' id='word_1_336' title='bbox 502 2815 752 2870; x_wconf 85' lang='lat' dir='ltr'><strong>putemus</strong></span> <span class='ocrx_word' id='word_1_337' title='bbox 773 2805 913 2872; x_wconf 86' lang='lat' dir='ltr'><strong>quod</strong></span> <span class='ocrx_word' id='word_1_338' title='bbox 937 2804 1014 2856; x_wconf 85' lang='lat' dir='ltr'><strong>ait</strong></span> <span class='ocrx_word' id='word_1_339' title='bbox 1043 2819 1058 2856; x_wconf 91' lang='lat'>:</span> <span class='ocrx_word' id='word_1_340' title='bbox 1082 2802 1385 2870; x_wconf 77' lang='lat' dir='ltr'><strong>Conﬁtebor</strong></span> <span class='ocrx_word' id='word_1_341' title='bbox 1407 2811 1458 2856; x_wconf 81' lang='lat' dir='ltr'><strong>et</strong></span> <span class='ocrx_word' id='word_1_342' title='bbox 1483 2818 1575 2872; x_wconf 87' lang='lat' dir='ltr'><strong>ego</strong></span> <span class='ocrx_word' id='word_1_343' title='bbox 1605 2818 1724 2856; x_wconf 82' lang='lat' dir='ltr'><strong>eum</strong></span> 
     </span>
    </p>
   </div>
   <div class='ocr_carea' id='block_1_44' title="bbox 139 2892 1727 2963">
    <p class='ocr_par' dir='ltr' id='par_1_44' title="bbox 139 2892 1727 2963">
     <span class='ocr_line' id='line_1_44' title="bbox 139 2892 1727 2963; baseline 0.002 -17"><span class='ocrx_word' id='word_1_344' title='bbox 139 2908 320 2946; x_wconf 84' lang='lat' dir='ltr'><strong>coram</strong></span> <span class='ocrx_word' id='word_1_345' title='bbox 353 2892 513 2947; x_wconf 84' lang='lat' dir='ltr'><strong>Patre</strong></span> <span class='ocrx_word' id='word_1_346' title='bbox 543 2909 656 2946; x_wconf 86' lang='lat' dir='ltr'><strong>meo</strong></span> <span class='ocrx_word' id='word_1_347' title='bbox 686 2895 775 2962; x_wconf 76' lang='lat' dir='ltr'><strong>qui</strong></span> <span class='ocrx_word' id='word_1_348' title='bbox 813 2907 888 2948; x_wconf 84' lang='lat' dir='ltr'><strong>est</strong></span> <span class='ocrx_word' id='word_1_349' title='bbox 915 2894 966 2948; x_wconf 81' lang='lat' dir='ltr'><strong>in</strong></span> <span class='ocrx_word' id='word_1_350' title='bbox 999 2894 1142 2948; x_wconf 68' lang='lat' dir='ltr'><strong>ralis</strong></span> <span class='ocrx_word' id='word_1_351' title='bbox 1165 2894 1231 2948; x_wconf 85' lang='grc'><strong>³⁹.</strong></span> <span class='ocrx_word' id='word_1_352' title='bbox 1284 2893 1390 2948; x_wconf 84' lang='lat' dir='ltr'><strong>ista</strong></span> <span class='ocrx_word' id='word_1_353' title='bbox 1428 2895 1573 2949; x_wconf 89' lang='lat' dir='ltr'><strong>enim</strong></span> <span class='ocrx_word' id='word_1_354' title='bbox 1607 2909 1727 2963; x_wconf 63' lang='lat' dir='ltr'><strong>quae</strong></span> 
     </span>
    </p>
   </div>
   <div class='ocr_carea' id='block_1_45' title="bbox 138 2985 1724 3056">
    <p class='ocr_par' dir='ltr' id='par_1_45' title="bbox 138 2985 1724 3056">
     <span class='ocr_line' id='line_1_45' title="bbox 138 2985 1724 3056; baseline 0.001 -17"><span class='ocrx_word' id='word_1_355' title='bbox 138 2985 233 3040; x_wconf 82' lang='lat' dir='ltr'><strong>hic</strong></span> <span class='ocrx_word' id='word_1_356' title='bbox 273 2996 420 3049; x_wconf 87' lang='lat' dir='ltr'><strong>sunt,</strong></span> <span class='ocrx_word' id='word_1_357' title='bbox 449 2987 729 3045; x_wconf 87' lang='lat' dir='ltr'><strong>nobiscum</strong></span> <span class='ocrx_word' id='word_1_358' title='bbox 777 3002 882 3042; x_wconf 89' lang='lat' dir='ltr'><strong>non</strong></span> <span class='ocrx_word' id='word_1_359' title='bbox 905 2998 1165 3056; x_wconf 88' lang='lat' dir='ltr'><strong>pergent;</strong></span> <span class='ocrx_word' id='word_1_360' title='bbox 1209 2987 1255 3042; x_wconf 87' lang='lat' dir='ltr'><strong>si</strong></span> <span class='ocrx_word' id='word_1_361' title='bbox 1287 2998 1467 3042; x_wconf 90' lang='lat' dir='ltr'><strong>autem</strong></span> <span class='ocrx_word' id='word_1_362' title='bbox 1502 2988 1724 3054; x_wconf 86' lang='lat' dir='ltr'><strong>vadunt,</strong></span> 
     </span>
    </p>
   </div>
   <div class='ocr_carea' id='block_1_46' title="bbox 138 3077 1726 3150">
    <p class='ocr_par' dir='ltr' id='par_1_46' title="bbox 138 3077 1726 3150">
     <span class='ocr_line' id='line_1_46' title="bbox 138 3077 1726 3150; baseline 0.004 -21"><span class='ocrx_word' id='word_1_363' title='bbox 138 3077 502 3136; x_wconf 72' lang='lat' dir='ltr'><strong>convincatur</strong></span> <span class='ocrx_word' id='word_1_364' title='bbox 529 3093 746 3144; x_wconf 87' lang='lat' dir='ltr'><strong>sermo;</strong></span> <span class='ocrx_word' id='word_1_365' title='bbox 789 3094 975 3134; x_wconf 89' lang='lat' dir='ltr'><strong>verum</strong></span> <span class='ocrx_word' id='word_1_366' title='bbox 1009 3080 1170 3136; x_wconf 85' lang='lat' dir='ltr'><strong>isthic</strong></span> <span class='ocrx_word' id='word_1_367' title='bbox 1205 3089 1452 3148; x_wconf 88' lang='lat' dir='ltr'><strong>manent;</strong></span> <span class='ocrx_word' id='word_1_368' title='bbox 1485 3096 1604 3150; x_wconf 69' lang='lat' dir='ltr'><strong>qua:</strong></span> <span class='ocrx_word' id='word_1_369' title='bbox 1627 3095 1726 3135; x_wconf 84' lang='lat' dir='ltr'><strong>au-</strong></span> 
     </span>
    </p>
   </div>
   <div class='ocr_carea' id='block_1_47' title="bbox 140 3170 1728 3240">
    <p class='ocr_par' dir='ltr' id='par_1_47' title="bbox 140 3170 1728 3240">
     <span class='ocr_line' id='line_1_47' title="bbox 140 3170 1728 3240; baseline 0.003 -17"><span class='ocrx_word' id='word_1_370' title='bbox 140 3178 254 3224; x_wconf 81' lang='lat' dir='ltr'><strong>tem</strong></span> <span class='ocrx_word' id='word_1_371' title='bbox 302 3185 371 3223; x_wconf 82' lang='lat' dir='ltr'><strong>ex</strong></span> <span class='ocrx_word' id='word_1_372' title='bbox 418 3170 548 3238; x_wconf 86' lang='lat' dir='ltr'><strong>ipsis</strong></span> <span class='ocrx_word' id='word_1_373' title='bbox 597 3179 725 3225; x_wconf 87' lang='lat' dir='ltr'><strong>sunt</strong></span> <span class='ocrx_word' id='word_1_374' title='bbox 767 3183 1014 3240; x_wconf 89' lang='lat' dir='ltr'><strong>peccata,</strong></span> <span class='ocrx_word' id='word_1_375' title='bbox 1064 3172 1343 3227; x_wconf 85' lang='lat' dir='ltr'><strong>nobiscum</strong></span> <span class='ocrx_word' id='word_1_376' title='bbox 1369 3183 1424 3227; x_wconf 91' lang='lat' dir='ltr'><strong>et</strong></span> <span class='ocrx_word' id='word_1_377' title='bbox 1476 3183 1602 3227; x_wconf 90' lang='lat' dir='ltr'><strong>ante</strong></span> <span class='ocrx_word' id='word_1_378' title='bbox 1629 3188 1728 3228; x_wconf 90' lang='lat' dir='ltr'><strong>nos</strong></span> 
     </span>
    </p>
   </div>
   <div class='ocr_carea' id='block_1_48' title="bbox 134 3261 1726 3334">
    <p class='ocr_par' dir='ltr' id='par_1_48' title="bbox 134 3261 1726 3334">
     <span class='ocr_line' id='line_1_48' title="bbox 134 3261 1726 3334; baseline 0.001 -17"><span class='ocrx_word' id='word_1_379' title='bbox 134 3271 396 3331; x_wconf 76' lang='lat' dir='ltr'><strong>pergunt.</strong></span> <span class='ocrx_word' id='word_1_380' title='bbox 440 3261 581 3328; x_wconf 84' lang='lat' dir='ltr'><strong>Quid</strong></span> <span class='ocrx_word' id='word_1_381' title='bbox 611 3263 680 3317; x_wconf 90' lang='lat' dir='ltr'><strong>ad</strong></span> <span class='ocrx_word' id='word_1_382' title='bbox 713 3263 908 3316; x_wconf 89' lang='lat' dir='ltr'><strong>damna</strong></span> <span class='ocrx_word' id='word_1_383' title='bbox 947 3265 1347 3334; x_wconf 79' lang='lat' dir='ltr'><strong>properamus?</strong></span> <span class='ocrx_word' id='word_1_384' title='bbox 1381 3263 1640 3320; x_wconf 80' lang='lat' dir='ltr'><strong>Venimus</strong></span> <span class='ocrx_word' id='word_1_385' title='bbox 1671 3263 1726 3319; x_wconf 90' lang='lat' dir='ltr'><strong>in</strong></span> 
     </span>
    </p>
   </div>
   <div class='ocr_carea' id='block_1_49' title="bbox 145 3353 1730 3424">
    <p class='ocr_par' dir='ltr' id='par_1_49' title="bbox 145 3353 1730 3424">
     <span class='ocr_line' id='line_1_49' title="bbox 145 3353 1730 3424; baseline 0.003 -16"><span class='ocrx_word' id='word_1_386' title='bbox 145 3358 286 3408; x_wconf 88' lang='lat' dir='ltr'><strong>hanc</strong></span> <span class='ocrx_word' id='word_1_387' title='bbox 317 3353 518 3419; x_wconf 86' lang='lat' dir='ltr'><strong>vitam;</strong></span> <span class='ocrx_word' id='word_1_388' title='bbox 574 3363 786 3409; x_wconf 80' lang='lat' dir='ltr'><strong>utamur</strong></span> <span class='ocrx_word' id='word_1_389' title='bbox 846 3355 1066 3410; x_wconf 89' lang='lat' dir='ltr'><strong>lumine.</strong></span> <span class='ocrx_word' id='word_1_390' title='bbox 1103 3355 1242 3422; x_wconf 88' lang='lat' dir='ltr'><strong>Quid</strong></span> <span class='ocrx_word' id='word_1_391' title='bbox 1301 3367 1482 3411; x_wconf 91' lang='lat' dir='ltr'><strong>autem</strong></span> <span class='ocrx_word' id='word_1_392' title='bbox 1525 3357 1730 3424; x_wconf 67' lang='lat' dir='ltr'><strong>praebet</strong></span> 
     </span>
    </p>
   </div>
   <div class='ocr_carea' id='block_1_50' title="bbox 145 3444 1730 3516">
    <p class='ocr_par' dir='ltr' id='par_1_50' title="bbox 145 3444 1730 3516">
     <span class='ocr_line' id='line_1_50' title="bbox 145 3444 1730 3516; baseline 0.003 -18"><span class='ocrx_word' id='word_1_393' title='bbox 145 3444 326 3499; x_wconf 91' lang='lat' dir='ltr'><strong>lumen</strong></span> <span class='ocrx_word' id='word_1_394' title='bbox 359 3446 443 3501; x_wconf 78' lang='lat' dir='ltr'><strong>liis</strong></span> <span class='ocrx_word' id='word_1_395' title='bbox 482 3447 574 3516; x_wconf 91' lang='lat' dir='ltr'><strong>qui</strong></span> <span class='ocrx_word' id='word_1_396' title='bbox 611 3447 814 3502; x_wconf 83' lang='lat' dir='ltr'><strong>habent</strong></span> <span class='ocrx_word' id='word_1_397' title='bbox 841 3445 1072 3500; x_wconf 77' lang='lat' dir='ltr'><strong>oculos?</strong></span> <span class='ocrx_word' id='word_1_398' title='bbox 1122 3447 1511 3502; x_wconf 88' lang='lat' dir='ltr'><strong>Discretiouem</strong></span> <span class='ocrx_word' id='word_1_399' title='bbox 1545 3448 1730 3516; x_wconf 87' lang='lat' dir='ltr'><strong>utique</strong></span> 
     </span>
    </p>
   </div>
   <div class='ocr_carea' id='block_1_51' title="bbox 147 3535 1729 3607">
    <p class='ocr_par' dir='ltr' id='par_1_51' title="bbox 147 3535 1729 3607">
     <span class='ocr_line' id='line_1_51' title="bbox 147 3535 1729 3607; baseline 0.003 -16"><span class='ocrx_word' id='word_1_400' title='bbox 147 3537 507 3607; x_wconf 80' lang='lat' dir='ltr'><strong>negotiorum.</strong></span> <span class='ocrx_word' id='word_1_401' title='bbox 549 3535 604 3590; x_wconf 92' lang='lat' dir='ltr'><strong>Si</strong></span> <span class='ocrx_word' id='word_1_402' title='bbox 633 3537 764 3607; x_wconf 90' lang='lat' dir='ltr'><strong>quid</strong></span> <span class='ocrx_word' id='word_1_403' title='bbox 810 3536 972 3607; x_wconf 78' lang='lat' dir='ltr'><strong>igitur</strong></span> <span class='ocrx_word' id='word_1_404' title='bbox 1019 3539 1304 3594; x_wconf 88' lang='lat' dir='ltr'><strong>honestum</strong></span> <span class='ocrx_word' id='word_1_405' title='bbox 1343 3550 1449 3604; x_wconf 88' lang='lat' dir='ltr'><strong>est,</strong></span> <span class='ocrx_word' id='word_1_406' title='bbox 1495 3555 1616 3594; x_wconf 89' lang='lat' dir='ltr'><strong>cum</strong></span> <span class='ocrx_word' id='word_1_407' title='bbox 1650 3540 1729 3596; x_wconf 83' lang='lat' dir='ltr'><strong>fe-</strong></span> 
     </span>
    </p>
   </div>
   <div class='ocr_carea' id='block_1_52' title="bbox 147 3627 1725 3697">
    <p class='ocr_par' dir='ltr' id='par_1_52' title="bbox 147 3627 1725 3697">
     <span class='ocr_line' id='line_1_52' title="bbox 147 3627 1725 3697; baseline 0 -13"><span class='ocrx_word' id='word_1_408' title='bbox 147 3627 438 3684; x_wconf 84' lang='lat' dir='ltr'><strong>stinatione</strong></span> <span class='ocrx_word' id='word_1_409' title='bbox 489 3635 741 3697; x_wconf 81' lang='lat' dir='ltr'><strong>petatur;</strong></span> <span class='ocrx_word' id='word_1_410' title='bbox 791 3643 896 3684; x_wconf 89' lang='lat' dir='ltr'><strong>non</strong></span> <span class='ocrx_word' id='word_1_411' title='bbox 932 3629 1076 3684; x_wconf 91' lang='lat' dir='ltr'><strong>enim</strong></span> <span class='ocrx_word' id='word_1_412' title='bbox 1127 3639 1187 3683; x_wconf 93' lang='lat' dir='ltr'><strong>ut</strong></span> <span class='ocrx_word' id='word_1_413' title='bbox 1230 3629 1564 3697; x_wconf 89' lang='lat' dir='ltr'><strong>decipiamus</strong></span> <span class='ocrx_word' id='word_1_414' title='bbox 1607 3645 1725 3695; x_wconf 89' lang='lat' dir='ltr'><strong>vos,</strong></span> 
     </span>
    </p>
   </div>
   <div class='ocr_carea' id='block_1_53' title="bbox 149 3719 1726 3790">
    <p class='ocr_par' dir='ltr' id='par_1_53' title="bbox 149 3719 1726 3790">
     <span class='ocr_line' id='line_1_53' title="bbox 149 3719 1726 3790; baseline 0.001 -16"><span class='ocrx_word' id='word_1_415' title='bbox 149 3720 527 3790; x_wconf 70' lang='lat' dir='ltr'><strong>presidemus;</strong></span> <span class='ocrx_word' id='word_1_416' title='bbox 579 3729 685 3775; x_wconf 82' lang='lat' dir='ltr'><strong>non</strong></span> <span class='ocrx_word' id='word_1_417' title='bbox 715 3725 774 3774; x_wconf 65' lang='lat' dir='ltr'><strong>ut</strong></span> <span class='ocrx_word' id='word_1_418' title='bbox 810 3734 1075 3790; x_wconf 84' lang='lat' dir='ltr'><strong>pauperes</strong></span> <span class='ocrx_word' id='word_1_419' title='bbox 1107 3735 1202 3774; x_wconf 82' lang='lat' dir='ltr'><strong>vos</strong></span> <span class='ocrx_word' id='word_1_420' title='bbox 1228 3719 1510 3784; x_wconf 86' lang='lat' dir='ltr'><strong>faciamus,</strong></span> <span class='ocrx_word' id='word_1_421' title='bbox 1539 3735 1726 3776; x_wconf 88' lang='lat' dir='ltr'><strong>mone-</strong></span> 
     </span>
    </p>
   </div>
   <div class='ocr_carea' id='block_1_54' title="bbox 151 3807 1727 3880">
    <p class='ocr_par' dir='ltr' id='par_1_54' title="bbox 151 3807 1727 3880">
     <span class='ocr_line' id='line_1_54' title="bbox 151 3807 1727 3880; baseline -0.001 -17"><span class='ocrx_word' id='word_1_422' title='bbox 151 3823 290 3874; x_wconf 85' lang='lat' dir='ltr'><strong>mus,</strong></span> <span class='ocrx_word' id='word_1_423' title='bbox 321 3810 416 3864; x_wconf 84' lang='lat' dir='ltr'><strong>sed</strong></span> <span class='ocrx_word' id='word_1_424' title='bbox 445 3809 639 3865; x_wconf 87' lang='lat' dir='ltr'><strong>divites</strong></span> <span class='ocrx_word' id='word_1_425' title='bbox 673 3809 855 3879; x_wconf 83' lang='lat' dir='ltr'><strong>potius</strong></span> <span class='ocrx_word' id='word_1_426' title='bbox 902 3809 956 3864; x_wconf 88' lang='lat' dir='ltr'><strong>in</strong></span> <span class='ocrx_word' id='word_1_427' title='bbox 983 3822 1152 3880; x_wconf 87' lang='lat' dir='ltr'><strong>regno</strong></span> <span class='ocrx_word' id='word_1_428' title='bbox 1199 3809 1475 3864; x_wconf 65' lang='lat' dir='ltr'><strong>caelorum.</strong></span> <span class='ocrx_word' id='word_1_429' title='bbox 1509 3807 1626 3864; x_wconf 77' lang='lat' dir='ltr'><strong>Non</strong></span> <span class='ocrx_word' id='word_1_430' title='bbox 1664 3816 1727 3863; x_wconf 91' lang='lat' dir='ltr'><strong>ut</strong></span> 
     </span>
    </p>
   </div>
   <div class='ocr_carea' id='block_1_55' title="bbox 153 3900 1727 3972">
    <p class='ocr_par' dir='ltr' id='par_1_55' title="bbox 153 3900 1727 3972">
     <span class='ocr_line' id='line_1_55' title="bbox 153 3900 1727 3972; baseline 0.001 -17"><span class='ocrx_word' id='word_1_431' title='bbox 153 3900 463 3969; x_wconf 76' lang='lat' dir='ltr'><strong>dejiciamus</strong></span> <span class='ocrx_word' id='word_1_432' title='bbox 489 3915 687 3971; x_wconf 90' lang='lat' dir='ltr'><strong>corpus</strong></span> <span class='ocrx_word' id='word_1_433' title='bbox 712 3909 947 3957; x_wconf 86' lang='lat' dir='ltr'><strong>vestrum</strong></span> <span class='ocrx_word' id='word_1_434' title='bbox 970 3901 1212 3972; x_wconf 86' lang='lat' dir='ltr'><strong>jejuniis,</strong></span> <span class='ocrx_word' id='word_1_435' title='bbox 1236 3903 1330 3956; x_wconf 86' lang='lat' dir='ltr'><strong>sed</strong></span> <span class='ocrx_word' id='word_1_436' title='bbox 1358 3911 1418 3956; x_wconf 91' lang='lat' dir='ltr'><strong>ut</strong></span> <span class='ocrx_word' id='word_1_437' title='bbox 1436 3900 1727 3956; x_wconf 82' lang='lat' dir='ltr'><strong>induamus</strong></span> 
     </span>
    </p>
   </div>
   <div class='ocr_carea' id='block_1_56' title="bbox 155 3991 1724 4062">
    <p class='ocr_par' dir='ltr' id='par_1_56' title="bbox 155 3991 1724 4062">
     <span class='ocr_line' id='line_1_56' title="bbox 155 3991 1724 4062; baseline -0.001 -18"><span class='ocrx_word' id='word_1_438' title='bbox 155 4005 249 4046; x_wconf 86' lang='lat' dir='ltr'><strong>vos</strong></span> <span class='ocrx_word' id='word_1_439' title='bbox 277 3991 719 4060; x_wconf 88' lang='lat' dir='ltr'><strong>immortalitate;</strong></span> <span class='ocrx_word' id='word_1_440' title='bbox 756 4006 863 4046; x_wconf 88' lang='lat' dir='ltr'><strong>non</strong></span> <span class='ocrx_word' id='word_1_441' title='bbox 897 4001 956 4046; x_wconf 92' lang='lat' dir='ltr'><strong>ut</strong></span> <span class='ocrx_word' id='word_1_442' title='bbox 985 3993 1300 4048; x_wconf 89' lang='lat' dir='ltr'><strong>occidamus</strong></span> <span class='ocrx_word' id='word_1_443' title='bbox 1342 3993 1397 4046; x_wconf 89' lang='lat' dir='ltr'><strong>in</strong></span> <span class='ocrx_word' id='word_1_444' title='bbox 1431 3992 1724 4062; x_wconf 78' lang='lat' dir='ltr'><strong>martyrio,</strong></span> 
     </span>
    </p>
   </div>
   <div class='ocr_carea' id='block_1_57' title="bbox 156 4083 1725 4154">
    <p class='ocr_par' dir='ltr' id='par_1_57' title="bbox 156 4083 1725 4154">
     <span class='ocr_line' id='line_1_57' title="bbox 156 4083 1725 4154; baseline -0.001 -16"><span class='ocrx_word' id='word_1_445' title='bbox 156 4088 248 4150; x_wconf 71' lang='lat' dir='ltr'><strong>sed</strong></span> <span class='ocrx_word' id='word_1_446' title='bbox 295 4094 351 4139; x_wconf 89' lang='lat' dir='ltr'><strong>ut</strong></span> <span class='ocrx_word' id='word_1_447' title='bbox 399 4099 506 4138; x_wconf 91' lang='lat' dir='ltr'><strong>non</strong></span> <span class='ocrx_word' id='word_1_448' title='bbox 551 4083 690 4138; x_wconf 89' lang='lat' dir='ltr'><strong>eatis</strong></span> <span class='ocrx_word' id='word_1_449' title='bbox 727 4085 781 4139; x_wconf 91' lang='lat' dir='ltr'><strong>in</strong></span> <span class='ocrx_word' id='word_1_450' title='bbox 817 4087 1114 4154; x_wconf 81' lang='lat' dir='ltr'><strong>gehennam</strong></span> <span class='ocrx_word' id='word_1_451' title='bbox 1163 4099 1389 4154; x_wconf 87' lang='lat' dir='ltr'><strong>corpore</strong></span> <span class='ocrx_word' id='word_1_452' title='bbox 1417 4094 1473 4140; x_wconf 91' lang='lat' dir='ltr'><strong>et</strong></span> <span class='ocrx_word' id='word_1_453' title='bbox 1516 4087 1725 4140; x_wconf 82' lang='lat' dir='ltr'><strong>anima.</strong></span> 
     </span>
    </p>
   </div>
   <div class='ocr_carea' id='block_1_58' title="bbox 161 4172 1729 4244">
    <p class='ocr_par' dir='ltr' id='par_1_58' title="bbox 161 4172 1729 4244">
     <span class='ocr_line' id='line_1_58' title="bbox 161 4172 1729 4244; baseline 0.001 -16"><span class='ocrx_word' id='word_1_454' title='bbox 161 4172 268 4229; x_wconf 76' lang='lat' dir='ltr'><strong>Non</strong></span> <span class='ocrx_word' id='word_1_455' title='bbox 292 4190 476 4230; x_wconf 86' lang='lat' dir='ltr'><strong>sumus</strong></span> <span class='ocrx_word' id='word_1_456' title='bbox 511 4174 676 4244; x_wconf 90' lang='lat' dir='ltr'><strong>igitur</strong></span> <span class='ocrx_word' id='word_1_457' title='bbox 703 4175 907 4229; x_wconf 90' lang='lat' dir='ltr'><strong>inimici</strong></span> <span class='ocrx_word' id='word_1_458' title='bbox 941 4176 1140 4242; x_wconf 88' lang='lat' dir='ltr'><strong>vestri;</strong></span> <span class='ocrx_word' id='word_1_459' title='bbox 1173 4191 1276 4230; x_wconf 91' lang='lat' dir='ltr'><strong>non</strong></span> <span class='ocrx_word' id='word_1_460' title='bbox 1303 4178 1446 4230; x_wconf 88' lang='lat' dir='ltr'><strong>enim</strong></span> <span class='ocrx_word' id='word_1_461' title='bbox 1478 4185 1538 4230; x_wconf 92' lang='lat' dir='ltr'><strong>ut</strong></span> <span class='ocrx_word' id='word_1_462' title='bbox 1571 4175 1729 4230; x_wconf 86' lang='lat' dir='ltr'><strong>frau-</strong></span> 
     </span>
    </p>
   </div>
   <div class='ocr_carea' id='block_1_59' title="bbox 163 4266 1728 4336">
    <p class='ocr_par' dir='ltr' id='par_1_59' title="bbox 163 4266 1728 4336">
     <span class='ocr_line' id='line_1_59' title="bbox 163 4266 1728 4336; baseline 0.004 -18"><span class='ocrx_word' id='word_1_463' title='bbox 163 4266 342 4320; x_wconf 85' lang='lat' dir='ltr'><strong>demus</strong></span> <span class='ocrx_word' id='word_1_464' title='bbox 369 4280 464 4321; x_wconf 89' lang='lat' dir='ltr'><strong>vos</strong></span> <span class='ocrx_word' id='word_1_465' title='bbox 493 4267 736 4334; x_wconf 88' lang='lat' dir='ltr'><strong>patribus</strong></span> <span class='ocrx_word' id='word_1_466' title='bbox 768 4277 825 4320; x_wconf 91' lang='lat' dir='ltr'><strong>et</strong></span> <span class='ocrx_word' id='word_1_467' title='bbox 853 4267 1041 4321; x_wconf 88' lang='lat' dir='ltr'><strong>amicis</strong></span> <span class='ocrx_word' id='word_1_468' title='bbox 1076 4269 1190 4322; x_wconf 64' lang='lat' dir='ltr'><strong>hac</strong></span> <span class='ocrx_word' id='word_1_469' title='bbox 1219 4267 1510 4336; x_wconf 88' lang='lat' dir='ltr'><strong>loquimur,</strong></span> <span class='ocrx_word' id='word_1_470' title='bbox 1542 4270 1640 4322; x_wconf 89' lang='lat' dir='ltr'><strong>sed</strong></span> <span class='ocrx_word' id='word_1_471' title='bbox 1667 4278 1728 4324; x_wconf 92' lang='lat' dir='ltr'><strong>ut</strong></span> 
     </span>
    </p>
   </div>
   <div class='ocr_carea' id='block_1_60' title="bbox 164 4356 1727 4422">
    <p class='ocr_par' dir='ltr' id='par_1_60' title="bbox 164 4356 1727 4422">
     <span class='ocr_line' id='line_1_60' title="bbox 164 4356 1727 4422; baseline 0.002 -11"><span class='ocrx_word' id='word_1_472' title='bbox 164 4372 263 4412; x_wconf 82' lang='lat' dir='ltr'><strong>non</strong></span> <span class='ocrx_word' id='word_1_473' title='bbox 289 4357 590 4413; x_wconf 83' lang='lat' dir='ltr'><strong>escidatisa</strong></span> <span class='ocrx_word' id='word_1_474' title='bbox 621 4358 729 4412; x_wconf 90' lang='lat' dir='ltr'><strong>Deo</strong></span> <span class='ocrx_word' id='word_1_475' title='bbox 751 4356 929 4422; x_wconf 81' lang='lat' dir='ltr'><strong>Patre.</strong></span> <span class='ocrx_word' id='word_1_476' title='bbox 961 4360 1243 4415; x_wconf 91' lang='lat' dir='ltr'><strong>lucremini</strong></span> <span class='ocrx_word' id='word_1_477' title='bbox 1276 4368 1458 4414; x_wconf 87' lang='lat' dir='ltr'><strong>autem</strong></span> <span class='ocrx_word' id='word_1_478' title='bbox 1486 4369 1727 4415; x_wconf 87' lang='lat' dir='ltr'><strong>vosmet-</strong></span> 
     </span>
    </p>
   </div>
   <div class='ocr_carea' id='block_1_61' title="bbox 167 4449 1723 4520">
    <p class='ocr_par' dir='ltr' id='par_1_61' title="bbox 167 4449 1723 4520">
     <span class='ocr_line' id='line_1_61' title="bbox 167 4449 1723 4520; baseline 0.001 -16"><span class='ocrx_word' id='word_1_479' title='bbox 167 4449 338 4520; x_wconf 87' lang='lat' dir='ltr'><strong>ipsos:</strong></span> <span class='ocrx_word' id='word_1_480' title='bbox 369 4451 473 4506; x_wconf 88' lang='lat' dir='ltr'><strong>hoc</strong></span> <span class='ocrx_word' id='word_1_481' title='bbox 511 4451 656 4505; x_wconf 89' lang='lat' dir='ltr'><strong>enim</strong></span> <span class='ocrx_word' id='word_1_482' title='bbox 680 4453 851 4506; x_wconf 88' lang='lat' dir='ltr'><strong>solum</strong></span> <span class='ocrx_word' id='word_1_483' title='bbox 885 4461 967 4507; x_wconf 90' lang='lat' dir='ltr'><strong>est</strong></span> <span class='ocrx_word' id='word_1_484' title='bbox 997 4452 1229 4519; x_wconf 89' lang='lat' dir='ltr'><strong>lucrum,</strong></span> <span class='ocrx_word' id='word_1_485' title='bbox 1255 4453 1361 4508; x_wconf 89' lang='lat' dir='ltr'><strong>alia</strong></span> <span class='ocrx_word' id='word_1_486' title='bbox 1389 4463 1570 4508; x_wconf 89' lang='lat' dir='ltr'><strong>autem</strong></span> <span class='ocrx_word' id='word_1_487' title='bbox 1601 4469 1723 4508; x_wconf 92' lang='lat' dir='ltr'><strong>om-</strong></span> 
     </span>
    </p>
   </div>
   <div class='ocr_carea' id='block_1_62' title="bbox 1825 1977 3414 2034">
    <p class='ocr_par' dir='ltr' id='par_1_62' title="bbox 1825 1977 3414 2034">
     <span class='ocr_line' id='line_1_62' title="bbox 1825 1977 3414 2034; baseline 0.001 -2"><span class='ocrx_word' id='word_1_488' title='bbox 1825 1977 1879 2032; x_wconf 91' lang='lat' dir='ltr'><strong>in</strong></span> <span class='ocrx_word' id='word_1_489' title='bbox 1910 1977 2079 2032; x_wconf 91' lang='lat' dir='ltr'><strong>Deum</strong></span> <span class='ocrx_word' id='word_1_490' title='bbox 2108 1987 2163 2034; x_wconf 89' lang='lat' dir='ltr'><strong>et</strong></span> <span class='ocrx_word' id='word_1_491' title='bbox 2194 1980 2248 2033; x_wconf 93' lang='lat' dir='ltr'><strong>in</strong></span> <span class='ocrx_word' id='word_1_492' title='bbox 2289 1979 2575 2034; x_wconf 90' lang='lat' dir='ltr'><strong>mulierem</strong></span> <span class='ocrx_word' id='word_1_493' title='bbox 2615 1979 2774 2032; x_wconf 89' lang='lat' dir='ltr'><strong>simul</strong></span> <span class='ocrx_word' id='word_1_494' title='bbox 2820 1979 3003 2033; x_wconf 90' lang='lat' dir='ltr'><strong>videre</strong></span> <span class='ocrx_word' id='word_1_495' title='bbox 3032 1996 3048 2033; x_wconf 93' lang='lat'><strong>:</strong></span> <span class='ocrx_word' id='word_1_496' title='bbox 3083 1981 3223 2034; x_wconf 85' lang='lat' dir='ltr'><strong>sicut</strong></span> <span class='ocrx_word' id='word_1_497' title='bbox 3268 1981 3414 2034; x_wconf 90' lang='lat' dir='ltr'><strong>enim</strong></span> 
     </span>
    </p>
   </div>
   <div class='ocr_carea' id='block_1_63' title="bbox 1824 2071 3418 2142">
    <p class='ocr_par' dir='ltr' id='par_1_63' title="bbox 1824 2071 3418 2142">
     <span class='ocr_line' id='line_1_63' title="bbox 1824 2071 3418 2142; baseline 0.003 -19"><span class='ocrx_word' id='word_1_498' title='bbox 1824 2084 1984 2125; x_wconf 88' lang='lat' dir='ltr'><strong>nemo</strong></span> <span class='ocrx_word' id='word_1_499' title='bbox 2010 2078 2188 2141; x_wconf 85' lang='lat' dir='ltr'><strong>potest</strong></span> <span class='ocrx_word' id='word_1_500' title='bbox 2218 2072 2431 2127; x_wconf 86' lang='lat' dir='ltr'><strong>duobus</strong></span> <span class='ocrx_word' id='word_1_501' title='bbox 2468 2071 2706 2126; x_wconf 90' lang='lat' dir='ltr'><strong>dominis</strong></span> <span class='ocrx_word' id='word_1_502' title='bbox 2747 2073 2978 2136; x_wconf 89' lang='lat' dir='ltr'><strong>servire,</strong></span> <span class='ocrx_word' id='word_1_503' title='bbox 3022 2073 3094 2126; x_wconf 89' lang='lat' dir='ltr'><strong>ita</strong></span> <span class='ocrx_word' id='word_1_504' title='bbox 3127 2088 3287 2127; x_wconf 88' lang='lat' dir='ltr'><strong>nemo</strong></span> <span class='ocrx_word' id='word_1_505' title='bbox 3322 2088 3418 2142; x_wconf 82' lang='lat' dir='ltr'><strong>po-</strong></span> 
     </span>
    </p>
   </div>
   <div class='ocr_carea' id='block_1_64' title="bbox 1824 2163 3415 2234">
    <p class='ocr_par' dir='ltr' id='par_1_64' title="bbox 1824 2163 3415 2234">
     <span class='ocr_line' id='line_1_64' title="bbox 1824 2163 3415 2234; baseline 0.002 -18"><span class='ocrx_word' id='word_1_506' title='bbox 1824 2171 1931 2216; x_wconf 84' lang='lat' dir='ltr'><strong>test</strong></span> <span class='ocrx_word' id='word_1_507' title='bbox 1965 2163 2097 2217; x_wconf 90' lang='lat' dir='ltr'><strong>duos</strong></span> <span class='ocrx_word' id='word_1_508' title='bbox 2127 2164 2306 2217; x_wconf 83' lang='lat' dir='ltr'><strong>vultus</strong></span> <span class='ocrx_word' id='word_1_509' title='bbox 2344 2163 2504 2218; x_wconf 89' lang='lat' dir='ltr'><strong>simul</strong></span> <span class='ocrx_word' id='word_1_510' title='bbox 2546 2163 2838 2232; x_wconf 77' lang='lat' dir='ltr'><strong>inspicere.</strong></span> <span class='ocrx_word' id='word_1_511' title='bbox 2869 2163 3103 2218; x_wconf 86' lang='lat' dir='ltr'><strong>Tantum</strong></span> <span class='ocrx_word' id='word_1_512' title='bbox 3145 2180 3415 2234; x_wconf 87' lang='lat' dir='ltr'><strong>propona-</strong></span> 
     </span>
    </p>
   </div>
   <div class='ocr_carea' id='block_1_65' title="bbox 1821 2254 3420 2324">
    <p class='ocr_par' dir='ltr' id='par_1_65' title="bbox 1821 2254 3420 2324">
     <span class='ocr_line' id='line_1_65' title="bbox 1821 2254 3420 2324; baseline 0.001 -16"><span class='ocrx_word' id='word_1_513' title='bbox 1821 2263 1910 2308; x_wconf 84' lang='lat' dir='ltr'><strong>tur</strong></span> <span class='ocrx_word' id='word_1_514' title='bbox 1929 2261 2057 2309; x_wconf 86' lang='lat' dir='ltr'><strong>ante</strong></span> <span class='ocrx_word' id='word_1_515' title='bbox 2079 2254 2267 2324; x_wconf 84' lang='lat' dir='ltr'><strong>oculos</strong></span> <span class='ocrx_word' id='word_1_516' title='bbox 2293 2254 2455 2320; x_wconf 89' lang='lat' dir='ltr'><strong>Deus,</strong></span> <span class='ocrx_word' id='word_1_517' title='bbox 2483 2264 2537 2309; x_wconf 90' lang='lat' dir='ltr'><strong>et</strong></span> <span class='ocrx_word' id='word_1_518' title='bbox 2554 2255 2735 2308; x_wconf 87' lang='lat' dir='ltr'><strong>omnia</strong></span> <span class='ocrx_word' id='word_1_519' title='bbox 2763 2256 2813 2307; x_wconf 93' lang='lat' dir='ltr'><strong>in</strong></span> <span class='ocrx_word' id='word_1_520' title='bbox 2846 2254 3236 2324; x_wconf 87' lang='lat' dir='ltr'><strong>tranquillitate</strong></span> <span class='ocrx_word' id='word_1_521' title='bbox 3252 2264 3420 2320; x_wconf 61' lang='lat' dir='ltr'><strong>sunt:</strong></span> 
     </span>
    </p>
   </div>
   <div class='ocr_carea' id='block_1_66' title="bbox 1823 2345 3412 2416">
    <p class='ocr_par' dir='ltr' id='par_1_66' title="bbox 1823 2345 3412 2416">
     <span class='ocr_line' id='line_1_66' title="bbox 1823 2345 3412 2416; baseline 0 -14"><span class='ocrx_word' id='word_1_522' title='bbox 1823 2348 1918 2402; x_wconf 84' lang='lat' dir='ltr'><strong>sed</strong></span> <span class='ocrx_word' id='word_1_523' title='bbox 1959 2363 2061 2402; x_wconf 91' lang='lat' dir='ltr'><strong>nec</strong></span> <span class='ocrx_word' id='word_1_524' title='bbox 2122 2347 2310 2402; x_wconf 86' lang='lat' dir='ltr'><strong>labore</strong></span> <span class='ocrx_word' id='word_1_525' title='bbox 2351 2356 2437 2401; x_wconf 83' lang='lat' dir='ltr'><strong>est</strong></span> <span class='ocrx_word' id='word_1_526' title='bbox 2471 2361 2628 2416; x_wconf 84' lang='lat' dir='ltr'><strong>opus,</strong></span> <span class='ocrx_word' id='word_1_527' title='bbox 2670 2345 2865 2400; x_wconf 85' lang='lat' dir='ltr'><strong>sulIicit</strong></span> <span class='ocrx_word' id='word_1_528' title='bbox 2911 2348 3053 2400; x_wconf 84' lang='lat' dir='ltr'><strong>enim</strong></span> <span class='ocrx_word' id='word_1_529' title='bbox 3100 2348 3191 2416; x_wconf 89' lang='lat' dir='ltr'><strong>qui</strong></span> <span class='ocrx_word' id='word_1_530' title='bbox 3235 2348 3412 2402; x_wconf 88' lang='lat' dir='ltr'><strong>adest.</strong></span> 
     </span>
    </p>
   </div>
   <div class='ocr_carea' id='block_1_67' title="bbox 1825 2436 3412 2507">
    <p class='ocr_par' dir='ltr' id='par_1_67' title="bbox 1825 2436 3412 2507">
     <span class='ocr_line' id='line_1_67' title="bbox 1825 2436 3412 2507; baseline 0.001 -19"><span class='ocrx_word' id='word_1_531' title='bbox 1825 2436 1924 2504; x_wconf 91' lang='lat' dir='ltr'><strong>Qui</strong></span> <span class='ocrx_word' id='word_1_532' title='bbox 1961 2439 2184 2507; x_wconf 78' lang='lat' dir='ltr'><strong>respicit</strong></span> <span class='ocrx_word' id='word_1_533' title='bbox 2220 2436 2288 2490; x_wconf 93' lang='lat' dir='ltr'><strong>ad</strong></span> <span class='ocrx_word' id='word_1_534' title='bbox 2317 2437 2508 2501; x_wconf 86' lang='lat' dir='ltr'><strong>Deum,</strong></span> <span class='ocrx_word' id='word_1_535' title='bbox 2554 2438 2786 2506; x_wconf 91' lang='lat' dir='ltr'><strong>primum</strong></span> <span class='ocrx_word' id='word_1_536' title='bbox 2822 2436 3040 2503; x_wconf 90' lang='lat' dir='ltr'><strong>quidem</strong></span> <span class='ocrx_word' id='word_1_537' title='bbox 3072 2437 3233 2490; x_wconf 87' lang='lat' dir='ltr'><strong>habet</strong></span> <span class='ocrx_word' id='word_1_538' title='bbox 3261 2436 3412 2506; x_wconf 68' lang='lat' dir='ltr'><strong>adjuo</strong></span> 
     </span>
    </p>
   </div>
   <div class='ocr_carea' id='block_1_68' title="bbox 1826 2526 3414 2598">
    <p class='ocr_par' dir='ltr' id='par_1_68' title="bbox 1826 2526 3414 2598">
     <span class='ocr_line' id='line_1_68' title="bbox 1826 2526 3414 2598; baseline 0.001 -17"><span class='ocrx_word' id='word_1_539' title='bbox 1826 2528 2023 2582; x_wconf 92' lang='lat' dir='ltr'><strong>torium</strong></span> <span class='ocrx_word' id='word_1_540' title='bbox 2069 2541 2098 2579; x_wconf 85' lang='lat' dir='ltr'><strong>a</strong></span> <span class='ocrx_word' id='word_1_541' title='bbox 2136 2534 2440 2596; x_wconf 60' lang='lat' dir='ltr'><strong>praesente;</strong></span> <span class='ocrx_word' id='word_1_542' title='bbox 2491 2526 2732 2598; x_wconf 71' lang='lat' dir='ltr'><strong>posthaec</strong></span> <span class='ocrx_word' id='word_1_543' title='bbox 2775 2538 2957 2582; x_wconf 87' lang='lat' dir='ltr'><strong>autem</strong></span> <span class='ocrx_word' id='word_1_544' title='bbox 2993 2538 3049 2582; x_wconf 91' lang='lat' dir='ltr'><strong>et</strong></span> <span class='ocrx_word' id='word_1_545' title='bbox 3095 2528 3414 2598; x_wconf 87' lang='lat' dir='ltr'><strong>possibilem</strong></span> 
     </span>
    </p>
   </div>
   <div class='ocr_carea' id='block_1_69' title="bbox 1825 2618 3412 2687">
    <p class='ocr_par' dir='ltr' id='par_1_69' title="bbox 1825 2618 3412 2687">
     <span class='ocr_line' id='line_1_69' title="bbox 1825 2618 3412 2687; baseline 0.001 -13"><span class='ocrx_word' id='word_1_546' title='bbox 1825 2621 1928 2676; x_wconf 88' lang='lat' dir='ltr'><strong>sibi</strong></span> <span class='ocrx_word' id='word_1_547' title='bbox 1959 2620 2318 2674; x_wconf 81' lang='lat' dir='ltr'><strong>imitationem</strong></span> <span class='ocrx_word' id='word_1_548' title='bbox 2351 2628 2408 2673; x_wconf 90' lang='lat' dir='ltr'><strong>et</strong></span> <span class='ocrx_word' id='word_1_549' title='bbox 2436 2619 2686 2673; x_wconf 89' lang='lat' dir='ltr'><strong>timorem</strong></span> <span class='ocrx_word' id='word_1_550' title='bbox 2737 2618 2900 2687; x_wconf 91' lang='lat' dir='ltr'><strong>boni;</strong></span> <span class='ocrx_word' id='word_1_551' title='bbox 2933 2632 2988 2676; x_wconf 90' lang='lat' dir='ltr'><strong>et</strong></span> <span class='ocrx_word' id='word_1_552' title='bbox 3031 2621 3083 2676; x_wconf 92' lang='lat' dir='ltr'><strong>in</strong></span> <span class='ocrx_word' id='word_1_553' title='bbox 3114 2621 3278 2676; x_wconf 76' lang='lat' dir='ltr'><strong>tutela</strong></span> <span class='ocrx_word' id='word_1_554' title='bbox 3303 2631 3412 2685; x_wconf 83' lang='lat' dir='ltr'><strong>est,</strong></span> 
     </span>
    </p>
   </div>
   <div class='ocr_carea' id='block_1_70' title="bbox 1826 2711 3420 2785">
    <p class='ocr_par' dir='ltr' id='par_1_70' title="bbox 1826 2711 3420 2785">
     <span class='ocr_line' id='line_1_70' title="bbox 1826 2711 3420 2785; baseline 0.002 -17"><span class='ocrx_word' id='word_1_555' title='bbox 1826 2722 1882 2768; x_wconf 91' lang='lat' dir='ltr'><strong>et</strong></span> <span class='ocrx_word' id='word_1_556' title='bbox 1908 2727 2024 2768; x_wconf 90' lang='lat' dir='ltr'><strong>non</strong></span> <span class='ocrx_word' id='word_1_557' title='bbox 2051 2711 2265 2766; x_wconf 80' lang='lat' dir='ltr'><strong>acuedil</strong></span> <span class='ocrx_word' id='word_1_558' title='bbox 2297 2722 2580 2781; x_wconf 90' lang='lat' dir='ltr'><strong>peccatum</strong></span> <span class='ocrx_word' id='word_1_559' title='bbox 2614 2714 2671 2768; x_wconf 83' lang='lat' dir='ltr'><strong>in</strong></span> <span class='ocrx_word' id='word_1_560' title='bbox 2702 2714 2825 2768; x_wconf 89' lang='lat' dir='ltr'><strong>isto.</strong></span> <span class='ocrx_word' id='word_1_561' title='bbox 2874 2712 3047 2768; x_wconf 89' lang='lat' dir='ltr'><strong>Unum</strong></span> <span class='ocrx_word' id='word_1_562' title='bbox 3077 2728 3146 2769; x_wconf 82' lang='lat' dir='ltr'><strong>ex</strong></span> <span class='ocrx_word' id='word_1_563' title='bbox 3171 2715 3256 2768; x_wconf 86' lang='lat' dir='ltr'><strong>bis</strong></span> <span class='ocrx_word' id='word_1_564' title='bbox 3279 2728 3420 2785; x_wconf 83' lang='lat' dir='ltr'><strong>opus</strong></span> 
     </span>
    </p>
   </div>
   <div class='ocr_carea' id='block_1_71' title="bbox 1827 2803 3420 2873">
    <p class='ocr_par' dir='ltr' id='par_1_71' title="bbox 1827 2803 3420 2873">
     <span class='ocr_line' id='line_1_71' title="bbox 1827 2803 3420 2873; baseline 0.003 -15"><span class='ocrx_word' id='word_1_565' title='bbox 1827 2812 1927 2868; x_wconf 91' lang='lat' dir='ltr'><strong>est,</strong></span> <span class='ocrx_word' id='word_1_566' title='bbox 1972 2814 2029 2856; x_wconf 89' lang='lat' dir='ltr'><strong>ut</strong></span> <span class='ocrx_word' id='word_1_567' title='bbox 2059 2812 2316 2857; x_wconf 82' lang='lat' dir='ltr'><strong>credatur</strong></span> <span class='ocrx_word' id='word_1_568' title='bbox 2359 2805 2485 2873; x_wconf 88' lang='lat' dir='ltr'><strong>quia</strong></span> <span class='ocrx_word' id='word_1_569' title='bbox 2515 2814 2600 2860; x_wconf 87' lang='lat' dir='ltr'><strong>est</strong></span> <span class='ocrx_word' id='word_1_570' title='bbox 2652 2803 2812 2872; x_wconf 80' lang='lat' dir='ltr'><strong>Deus,</strong></span> <span class='ocrx_word' id='word_1_571' title='bbox 2843 2819 2898 2861; x_wconf 91' lang='lat' dir='ltr'><strong>et</strong></span> <span class='ocrx_word' id='word_1_572' title='bbox 2929 2807 3083 2861; x_wconf 85' lang='lat' dir='ltr'><strong>adest</strong></span> <span class='ocrx_word' id='word_1_573' title='bbox 3111 2813 3164 2861; x_wconf 90' lang='lat' dir='ltr'><strong>et</strong></span> <span class='ocrx_word' id='word_1_574' title='bbox 3183 2805 3329 2861; x_wconf 84' lang='lat' dir='ltr'><strong>videt</strong></span> <span class='ocrx_word' id='word_1_575' title='bbox 3361 2814 3420 2864; x_wconf 76' lang='lat' dir='ltr'><strong>et</strong></span> 
     </span>
    </p>
   </div>
   <div class='ocr_carea' id='block_1_72' title="bbox 1826 2893 3418 2963">
    <p class='ocr_par' dir='ltr' id='par_1_72' title="bbox 1826 2893 3418 2963">
     <span class='ocr_line' id='line_1_72' title="bbox 1826 2893 3418 2963; baseline -0.001 -13"><span class='ocrx_word' id='word_1_576' title='bbox 1826 2905 2103 2952; x_wconf 87' lang='lat' dir='ltr'><strong>scrutatur</strong></span> <span class='ocrx_word' id='word_1_577' title='bbox 2130 2911 2192 2951; x_wconf 85' lang='lat' dir='ltr'><strong>et</strong></span> <span class='ocrx_word' id='word_1_578' title='bbox 2241 2893 2373 2948; x_wconf 90' lang='lat' dir='ltr'><strong>nihil</strong></span> <span class='ocrx_word' id='word_1_579' title='bbox 2401 2903 2486 2948; x_wconf 89' lang='lat' dir='ltr'><strong>est</strong></span> <span class='ocrx_word' id='word_1_580' title='bbox 2520 2895 2666 2962; x_wconf 89' lang='lat' dir='ltr'><strong>quod</strong></span> <span class='ocrx_word' id='word_1_581' title='bbox 2714 2908 2838 2948; x_wconf 89' lang='lat' dir='ltr'><strong>eum</strong></span> <span class='ocrx_word' id='word_1_582' title='bbox 2886 2894 3058 2963; x_wconf 85' lang='lat' dir='ltr'><strong>possit</strong></span> <span class='ocrx_word' id='word_1_583' title='bbox 3110 2894 3318 2961; x_wconf 88' lang='lat' dir='ltr'><strong>latere;</strong></span> <span class='ocrx_word' id='word_1_584' title='bbox 3362 2903 3418 2948; x_wconf 89' lang='lat' dir='ltr'><strong>et</strong></span> 
     </span>
    </p>
   </div>
   <div class='ocr_carea' id='block_1_73' title="bbox 1827 2983 3417 3042">
    <p class='ocr_par' dir='ltr' id='par_1_73' title="bbox 1827 2983 3417 3042">
     <span class='ocr_line' id='line_1_73' title="bbox 1827 2983 3417 3042; baseline 0.001 -2"><span class='ocrx_word' id='word_1_585' title='bbox 1827 2986 2010 3040; x_wconf 89' lang='lat' dir='ltr'><strong>omnia</strong></span> <span class='ocrx_word' id='word_1_586' title='bbox 2056 2985 2238 3042; x_wconf 82' lang='lat' dir='ltr'><strong>facilia</strong></span> <span class='ocrx_word' id='word_1_587' title='bbox 2273 2993 2456 3040; x_wconf 89' lang='lat' dir='ltr'><strong>erunt.</strong></span> <span class='ocrx_word' id='word_1_588' title='bbox 2499 2983 2558 3039; x_wconf 88' lang='lat' dir='ltr'><strong>Si</strong></span> <span class='ocrx_word' id='word_1_589' title='bbox 2610 2996 2792 3040; x_wconf 89' lang='lat' dir='ltr'><strong>autem</strong></span> <span class='ocrx_word' id='word_1_590' title='bbox 2843 2985 3170 3042; x_wconf 80' lang='lat' dir='ltr'><strong>subduxeris</strong></span> <span class='ocrx_word' id='word_1_591' title='bbox 3220 2985 3417 3041; x_wconf 79' lang='lat' dir='ltr'><strong>funda-</strong></span> 
     </span>
    </p>
   </div>
   <div class='ocr_carea' id='block_1_74' title="bbox 1831 3076 3414 3148">
    <p class='ocr_par' dir='ltr' id='par_1_74' title="bbox 1831 3076 3414 3148">
     <span class='ocr_line' id='line_1_74' title="bbox 1831 3076 3414 3148; baseline 0.001 -16"><span class='ocrx_word' id='word_1_592' title='bbox 1831 3087 2096 3144; x_wconf 89' lang='lat' dir='ltr'><strong>mentum,</strong></span> <span class='ocrx_word' id='word_1_593' title='bbox 2139 3077 2277 3132; x_wconf 85' lang='lat' dir='ltr'><strong>niuil</strong></span> <span class='ocrx_word' id='word_1_594' title='bbox 2319 3076 2483 3132; x_wconf 87' lang='lat' dir='ltr'><strong>stabit</strong></span> <span class='ocrx_word' id='word_1_595' title='bbox 2523 3092 2592 3133; x_wconf 80' lang='lat' dir='ltr'><strong>ex</strong></span> <span class='ocrx_word' id='word_1_596' title='bbox 2627 3077 2710 3132; x_wconf 88' lang='lat' dir='ltr'><strong>bis</strong></span> <span class='ocrx_word' id='word_1_597' title='bbox 2745 3091 2867 3147; x_wconf 72' lang='lat' dir='ltr'><strong>qua:</strong></span> <span class='ocrx_word' id='word_1_598' title='bbox 2899 3079 3238 3148; x_wconf 65' lang='lat' dir='ltr'><strong>superposita</strong></span> <span class='ocrx_word' id='word_1_599' title='bbox 3267 3088 3414 3135; x_wconf 87' lang='lat' dir='ltr'><strong>sunt.</strong></span> 
     </span>
    </p>
   </div>
   <div class='ocr_carea' id='block_1_75' title="bbox 1832 3166 3418 3239">
    <p class='ocr_par' dir='ltr' id='par_1_75' title="bbox 1832 3166 3418 3239">
     <span class='ocr_line' id='line_1_75' title="bbox 1832 3166 3418 3239; baseline 0.003 -17"><span class='ocrx_word' id='word_1_600' title='bbox 1832 3167 1889 3222; x_wconf 92' lang='lat' dir='ltr'><strong>Si</strong></span> <span class='ocrx_word' id='word_1_601' title='bbox 1921 3169 2047 3238; x_wconf 89' lang='lat' dir='ltr'><strong>quis</strong></span> <span class='ocrx_word' id='word_1_602' title='bbox 2079 3183 2218 3238; x_wconf 89' lang='lat' dir='ltr'><strong>ergo</strong></span> <span class='ocrx_word' id='word_1_603' title='bbox 2244 3166 2548 3239; x_wconf 88' lang='lat' dir='ltr'><strong>irreligioso</strong></span> <span class='ocrx_word' id='word_1_604' title='bbox 2575 3169 2856 3236; x_wconf 87' lang='lat' dir='ltr'><strong>pr0posito</strong></span> <span class='ocrx_word' id='word_1_605' title='bbox 2884 3169 3201 3226; x_wconf 76' lang='lat' dir='ltr'><strong>subduxerit</strong></span> <span class='ocrx_word' id='word_1_606' title='bbox 3223 3171 3418 3239; x_wconf 84' lang='lat' dir='ltr'><strong>Deum,</strong></span> 
     </span>
    </p>
   </div>
   <div class='ocr_carea' id='block_1_76' title="bbox 1824 3260 3416 3332">
    <p class='ocr_par' dir='ltr' id='par_1_76' title="bbox 1824 3260 3416 3332">
     <span class='ocr_line' id='line_1_76' title="bbox 1824 3260 3416 3332; baseline 0.003 -18"><span class='ocrx_word' id='word_1_607' title='bbox 1824 3260 1935 3330; x_wconf 82' lang='lat' dir='ltr'><strong>jam</strong></span> <span class='ocrx_word' id='word_1_608' title='bbox 1966 3268 2025 3314; x_wconf 87' lang='lat' dir='ltr'><strong>ut</strong></span> <span class='ocrx_word' id='word_1_609' title='bbox 2051 3263 2169 3315; x_wconf 89' lang='lat' dir='ltr'><strong>sine</strong></span> <span class='ocrx_word' id='word_1_610' title='bbox 2207 3260 2412 3313; x_wconf 83' lang='lat' dir='ltr'><strong>lumine</strong></span> <span class='ocrx_word' id='word_1_611' title='bbox 2451 3274 2614 3329; x_wconf 86' lang='lat' dir='ltr'><strong>agens</strong></span> <span class='ocrx_word' id='word_1_612' title='bbox 2647 3260 2847 3329; x_wconf 89' lang='lat' dir='ltr'><strong>unique</strong></span> <span class='ocrx_word' id='word_1_613' title='bbox 2885 3260 3128 3316; x_wconf 78' lang='lat' dir='ltr'><strong>offendit.</strong></span> <span class='ocrx_word' id='word_1_614' title='bbox 3165 3261 3271 3317; x_wconf 87' lang='lat' dir='ltr'><strong>Sed</strong></span> <span class='ocrx_word' id='word_1_615' title='bbox 3294 3277 3416 3332; x_wconf 79' lang='lat' dir='ltr'><strong>nos,</strong></span> 
     </span>
    </p>
   </div>
   <div class='ocr_carea' id='block_1_77' title="bbox 1829 3350 3420 3426">
    <p class='ocr_par' dir='ltr' id='par_1_77' title="bbox 1829 3350 3420 3426">
     <span class='ocr_line' id='line_1_77' title="bbox 1829 3350 3420 3426; baseline 0.003 -20"><span class='ocrx_word' id='word_1_616' title='bbox 1829 3352 2049 3417; x_wconf 84' lang='lat' dir='ltr'><strong>fratres,</strong></span> <span class='ocrx_word' id='word_1_617' title='bbox 2085 3350 2154 3406; x_wconf 91' lang='lat' dir='ltr'><strong>ad</strong></span> <span class='ocrx_word' id='word_1_618' title='bbox 2187 3353 2360 3407; x_wconf 82' lang='lat' dir='ltr'><strong>Deum</strong></span> <span class='ocrx_word' id='word_1_619' title='bbox 2387 3352 2680 3417; x_wconf 88' lang='lat' dir='ltr'><strong>viventem,</strong></span> <span class='ocrx_word' id='word_1_620' title='bbox 2704 3352 2771 3404; x_wconf 93' lang='lat' dir='ltr'><strong>ad</strong></span> <span class='ocrx_word' id='word_1_621' title='bbox 2801 3366 2923 3406; x_wconf 89' lang='lat' dir='ltr'><strong>eum</strong></span> <span class='ocrx_word' id='word_1_622' title='bbox 2955 3353 3047 3422; x_wconf 91' lang='lat' dir='ltr'><strong>qui</strong></span> <span class='ocrx_word' id='word_1_623' title='bbox 3084 3363 3187 3417; x_wconf 88' lang='lat' dir='ltr'><strong>est,</strong></span> <span class='ocrx_word' id='word_1_624' title='bbox 3221 3357 3313 3426; x_wconf 92' lang='lat' dir='ltr'><strong>qui</strong></span> <span class='ocrx_word' id='word_1_625' title='bbox 3337 3355 3420 3412; x_wconf 85' lang='lat' dir='ltr'><strong>fe-</strong></span> 
     </span>
    </p>
   </div>
   <div class='ocr_carea' id='block_1_78' title="bbox 1831 3441 3418 3516">
    <p class='ocr_par' dir='ltr' id='par_1_78' title="bbox 1831 3441 3418 3516">
     <span class='ocr_line' id='line_1_78' title="bbox 1831 3441 3418 3516; baseline 0.005 -18"><span class='ocrx_word' id='word_1_626' title='bbox 1831 3443 1906 3498; x_wconf 88' lang='lat' dir='ltr'><strong>cit</strong></span> <span class='ocrx_word' id='word_1_627' title='bbox 1944 3443 2153 3506; x_wconf 89' lang='lat' dir='ltr'><strong>omnia,</strong></span> <span class='ocrx_word' id='word_1_628' title='bbox 2196 3443 2288 3511; x_wconf 85' lang='lat' dir='ltr'><strong>qui</strong></span> <span class='ocrx_word' id='word_1_629' title='bbox 2323 3441 2501 3497; x_wconf 88' lang='lat' dir='ltr'><strong>salvat</strong></span> <span class='ocrx_word' id='word_1_630' title='bbox 2543 3443 2814 3506; x_wconf 86' lang='lat' dir='ltr'><strong>universa,</strong></span> <span class='ocrx_word' id='word_1_631' title='bbox 2860 3456 3276 3516; x_wconf 83' lang='lat' dir='ltr'><strong>convertamur;</strong></span> <span class='ocrx_word' id='word_1_632' title='bbox 3312 3451 3418 3506; x_wconf 91' lang='lat' dir='ltr'><strong>alia</strong></span> 
     </span>
    </p>
   </div>
   <div class='ocr_carea' id='block_1_79' title="bbox 1829 3533 3414 3607">
    <p class='ocr_par' dir='ltr' id='par_1_79' title="bbox 1829 3533 3414 3607">
     <span class='ocr_line' id='line_1_79' title="bbox 1829 3533 3414 3607; baseline 0.006 -20"><span class='ocrx_word' id='word_1_633' title='bbox 1829 3533 1974 3588; x_wconf 87' lang='lat' dir='ltr'><strong>enim</strong></span> <span class='ocrx_word' id='word_1_634' title='bbox 2002 3533 2180 3586; x_wconf 83' lang='lat' dir='ltr'><strong>omnia</strong></span> <span class='ocrx_word' id='word_1_635' title='bbox 2202 3533 2410 3586; x_wconf 70' lang='lat' dir='ltr'><strong>sanitas</strong></span> <span class='ocrx_word' id='word_1_636' title='bbox 2443 3533 2730 3586; x_wconf 71' lang='lat' dir='ltr'><strong>sanitatem</strong></span> <span class='ocrx_word' id='word_1_637' title='bbox 2751 3544 2872 3588; x_wconf 74' lang='lat' dir='ltr'><strong>suat</strong></span> <span class='ocrx_word' id='word_1_638' title='bbox 2902 3533 2949 3568; x_wconf 71' lang='lat'><strong><em>“</em></strong></span> <span class='ocrx_word' id='word_1_639' title='bbox 2979 3552 2993 3589; x_wconf 91' lang='lat'><strong>:</strong></span> <span class='ocrx_word' id='word_1_640' title='bbox 3023 3539 3242 3607; x_wconf 83' lang='lat' dir='ltr'><strong>sapiens</strong></span> <span class='ocrx_word' id='word_1_641' title='bbox 3269 3541 3414 3597; x_wconf 86' lang='lat' dir='ltr'><strong>enim</strong></span> 
     </span>
    </p>
   </div>
   <div class='ocr_carea' id='block_1_80' title="bbox 1835 3625 3418 3701">
    <p class='ocr_par' dir='ltr' id='par_1_80' title="bbox 1835 3625 3418 3701">
     <span class='ocr_line' id='line_1_80' title="bbox 1835 3625 3418 3701; baseline 0.006 -21"><span class='ocrx_word' id='word_1_642' title='bbox 1835 3633 1970 3687; x_wconf 85' lang='lat' dir='ltr'><strong>erat.</strong></span> <span class='ocrx_word' id='word_1_643' title='bbox 2017 3626 2110 3696; x_wconf 91' lang='lat' dir='ltr'><strong>qui</strong></span> <span class='ocrx_word' id='word_1_644' title='bbox 2131 3625 2247 3680; x_wconf 68' lang='lat' dir='ltr'><strong>hcc</strong></span> <span class='ocrx_word' id='word_1_645' title='bbox 2279 3625 2708 3694; x_wconf 87' lang='lat' dir='ltr'><strong>proclamaverat</strong></span> <span class='ocrx_word' id='word_1_646' title='bbox 2739 3645 2754 3680; x_wconf 90' lang='lat'><strong>:</strong></span> <span class='ocrx_word' id='word_1_647' title='bbox 2785 3626 2855 3679; x_wconf 78' lang='lat' dir='ltr'><strong>Et</strong></span> <span class='ocrx_word' id='word_1_648' title='bbox 2881 3637 3056 3683; x_wconf 79' lang='lat' dir='ltr'><strong>omnia</strong></span> <span class='ocrx_word' id='word_1_649' title='bbox 3088 3635 3313 3701; x_wconf 78' lang='lat' dir='ltr'><strong>uanitas,</strong></span> <span class='ocrx_word' id='word_1_650' title='bbox 3360 3647 3418 3691; x_wconf 88' lang='lat' dir='ltr'><strong>et</strong></span> 
     </span>
    </p>
   </div>
   <div class='ocr_carea' id='block_1_81' title="bbox 1836 3714 3417 3793">
    <p class='ocr_par' dir='ltr' id='par_1_81' title="bbox 1836 3714 3417 3793">
     <span class='ocr_line' id='line_1_81' title="bbox 1836 3714 3417 3793; baseline 0.008 -24"><span class='ocrx_word' id='word_1_651' title='bbox 1836 3729 2008 3770; x_wconf 88' lang='lat' dir='ltr'><strong>unum</strong></span> <span class='ocrx_word' id='word_1_652' title='bbox 2041 3725 2125 3771; x_wconf 89' lang='lat' dir='ltr'><strong>est</strong></span> <span class='ocrx_word' id='word_1_653' title='bbox 2157 3729 2369 3769; x_wconf 77' lang='lat' dir='ltr'><strong>verum.</strong></span> <span class='ocrx_word' id='word_1_654' title='bbox 2424 3714 2538 3769; x_wconf 82' lang='lat' dir='ltr'><strong>Non</strong></span> <span class='ocrx_word' id='word_1_655' title='bbox 2566 3716 2732 3784; x_wconf 88' lang='lat' dir='ltr'><strong>igitur</strong></span> <span class='ocrx_word' id='word_1_656' title='bbox 2775 3717 2896 3774; x_wconf 85' lang='lat' dir='ltr'><strong>sine</strong></span> <span class='ocrx_word' id='word_1_657' title='bbox 2934 3734 3094 3775; x_wconf 87' lang='lat' dir='ltr'><strong>causa</strong></span> <span class='ocrx_word' id='word_1_658' title='bbox 3126 3737 3417 3793; x_wconf 87' lang='lat' dir='ltr'><strong>erogemus</strong></span> 
     </span>
    </p>
   </div>
   <div class='ocr_carea' id='block_1_82' title="bbox 1835 3808 3418 3884">
    <p class='ocr_par' dir='ltr' id='par_1_82' title="bbox 1835 3808 3418 3884">
     <span class='ocr_line' id='line_1_82' title="bbox 1835 3808 3418 3884; baseline 0.003 -20"><span class='ocrx_word' id='word_1_659' title='bbox 1835 3815 2080 3864; x_wconf 85' lang='lat' dir='ltr'><strong>nostram</strong></span> <span class='ocrx_word' id='word_1_660' title='bbox 2111 3809 2275 3862; x_wconf 86' lang='lat' dir='ltr'><strong>vitam</strong></span> <span class='ocrx_word' id='word_1_661' title='bbox 2309 3825 2322 3863; x_wconf 91' lang='lat'>:</span> <span class='ocrx_word' id='word_1_662' title='bbox 2375 3808 2477 3863; x_wconf 89' lang='lat' dir='ltr'><strong>erit</strong></span> <span class='ocrx_word' id='word_1_663' title='bbox 2507 3808 2648 3863; x_wconf 78' lang='lat' dir='ltr'><strong>cnim</strong></span> <span class='ocrx_word' id='word_1_664' title='bbox 2698 3818 2912 3878; x_wconf 83' lang='lat' dir='ltr'><strong>ternpus</strong></span> <span class='ocrx_word' id='word_1_665' title='bbox 2951 3827 3074 3867; x_wconf 87' lang='lat' dir='ltr'><strong>cum</strong></span> <span class='ocrx_word' id='word_1_666' title='bbox 3107 3828 3418 3884; x_wconf 69' lang='lat' dir='ltr'><strong>quaeremus</strong></span> 
     </span>
    </p>
   </div>
   <div class='ocr_carea' id='block_1_83' title="bbox 1835 3899 3418 3977">
    <p class='ocr_par' dir='ltr' id='par_1_83' title="bbox 1835 3899 3418 3977">
     <span class='ocr_line' id='line_1_83' title="bbox 1835 3899 3418 3977; baseline 0.006 -22"><span class='ocrx_word' id='word_1_667' title='bbox 1835 3900 1956 3956; x_wconf 84' lang='lat' dir='ltr'><strong>dies</strong></span> <span class='ocrx_word' id='word_1_668' title='bbox 1995 3899 2120 3967; x_wconf 85' lang='lat' dir='ltr'><strong>bos,</strong></span> <span class='ocrx_word' id='word_1_669' title='bbox 2151 3900 2207 3954; x_wconf 86' lang='lat' dir='ltr'><strong>in</strong></span> <span class='ocrx_word' id='word_1_670' title='bbox 2240 3899 2438 3970; x_wconf 85' lang='lat' dir='ltr'><strong>quibus</strong></span> <span class='ocrx_word' id='word_1_671' title='bbox 2469 3900 2574 3955; x_wconf 89' lang='lat' dir='ltr'><strong>Deo</strong></span> <span class='ocrx_word' id='word_1_672' title='bbox 2610 3900 2890 3958; x_wconf 86' lang='lat' dir='ltr'><strong>debuimus</strong></span> <span class='ocrx_word' id='word_1_673' title='bbox 2924 3906 3128 3960; x_wconf 88' lang='lat' dir='ltr'><strong>vivere.</strong></span> <span class='ocrx_word' id='word_1_674' title='bbox 3172 3907 3287 3977; x_wconf 88' lang='lat' dir='ltr'><strong>Ipse</strong></span> <span class='ocrx_word' id='word_1_675' title='bbox 3320 3925 3418 3966; x_wconf 82' lang='lat' dir='ltr'><strong>au-</strong></span> 
     </span>
    </p>
   </div>
   <div class='ocr_carea' id='block_1_84' title="bbox 1839 3992 3418 4072">
    <p class='ocr_par' dir='ltr' id='par_1_84' title="bbox 1839 3992 3418 4072">
     <span class='ocr_line' id='line_1_84' title="bbox 1839 3992 3418 4072; baseline 0.006 -24"><span class='ocrx_word' id='word_1_676' title='bbox 1839 4003 1946 4048; x_wconf 89' lang='lat' dir='ltr'><strong>tem</strong></span> <span class='ocrx_word' id='word_1_677' title='bbox 1993 3995 2088 4064; x_wconf 85' lang='lat' dir='ltr'><strong>qui</strong></span> <span class='ocrx_word' id='word_1_678' title='bbox 2131 3993 2305 4049; x_wconf 86' lang='lat' dir='ltr'><strong>bonus</strong></span> <span class='ocrx_word' id='word_1_679' title='bbox 2337 4003 2422 4049; x_wconf 84' lang='lat' dir='ltr'><strong>est</strong></span> <span class='ocrx_word' id='word_1_680' title='bbox 2467 3992 2629 4056; x_wconf 88' lang='lat' dir='ltr'><strong>Deus,</strong></span> <span class='ocrx_word' id='word_1_681' title='bbox 2677 3995 2917 4051; x_wconf 89' lang='lat' dir='ltr'><strong>omnium</strong></span> <span class='ocrx_word' id='word_1_682' title='bbox 2951 4008 3188 4054; x_wconf 88' lang='lat' dir='ltr'><strong>vestrum</strong></span> <span class='ocrx_word' id='word_1_683' title='bbox 3241 4004 3418 4072; x_wconf 85' lang='lat' dir='ltr'><strong>erigat</strong></span> 
     </span>
    </p>
   </div>
   <div class='ocr_carea' id='block_1_85' title="bbox 1835 4087 3418 4166">
    <p class='ocr_par' dir='ltr' id='par_1_85' title="bbox 1835 4087 3418 4166">
     <span class='ocr_line' id='line_1_85' title="bbox 1835 4087 3418 4166; baseline 0.006 -25"><span class='ocrx_word' id='word_1_684' title='bbox 1835 4088 2050 4142; x_wconf 86' lang='lat' dir='ltr'><strong>animas</strong></span> <span class='ocrx_word' id='word_1_685' title='bbox 2086 4087 2154 4142; x_wconf 89' lang='lat' dir='ltr'><strong>ad</strong></span> <span class='ocrx_word' id='word_1_686' title='bbox 2191 4087 2521 4157; x_wconf 88' lang='lat' dir='ltr'><strong>agnitionem</strong></span> <span class='ocrx_word' id='word_1_687' title='bbox 2565 4104 2754 4153; x_wconf 72' lang='lat' dir='ltr'><strong>suam;</strong></span> <span class='ocrx_word' id='word_1_688' title='bbox 2792 4092 2880 4149; x_wconf 89' lang='lat' dir='ltr'><strong>cui</strong></span> <span class='ocrx_word' id='word_1_689' title='bbox 2926 4102 3010 4147; x_wconf 91' lang='lat' dir='ltr'><strong>est</strong></span> <span class='ocrx_word' id='word_1_690' title='bbox 3046 4109 3144 4162; x_wconf 86' lang='lat' dir='ltr'><strong>per</strong></span> <span class='ocrx_word' id='word_1_691' title='bbox 3172 4093 3418 4166; x_wconf 79' lang='lat' dir='ltr'><strong>unigeni-</strong></span> 
     </span>
    </p>
   </div>
   <div class='ocr_carea' id='block_1_86' title="bbox 1834 4177 3418 4258">
    <p class='ocr_par' dir='ltr' id='par_1_86' title="bbox 1834 4177 3418 4258">
     <span class='ocr_line' id='line_1_86' title="bbox 1834 4177 3418 4258; baseline 0.006 -25"><span class='ocrx_word' id='word_1_692' title='bbox 1834 4191 1948 4233; x_wconf 90' lang='lat' dir='ltr'><strong>tum</strong></span> <span class='ocrx_word' id='word_1_693' title='bbox 1975 4194 2136 4234; x_wconf 89' lang='lat' dir='ltr'><strong>suunt</strong></span> <span class='ocrx_word' id='word_1_694' title='bbox 2166 4177 2383 4243; x_wconf 85' lang='lat' dir='ltr'><strong>Filium,</strong></span> <span class='ocrx_word' id='word_1_695' title='bbox 2426 4179 2620 4248; x_wconf 84' lang='lat' dir='ltr'><strong>gloria,</strong></span> <span class='ocrx_word' id='word_1_696' title='bbox 2663 4181 2857 4247; x_wconf 90' lang='lat' dir='ltr'><strong>honor,</strong></span> <span class='ocrx_word' id='word_1_697' title='bbox 2897 4183 3204 4252; x_wconf 90' lang='lat' dir='ltr'><strong>imperium,</strong></span> <span class='ocrx_word' id='word_1_698' title='bbox 3244 4188 3418 4258; x_wconf 87' lang='lat' dir='ltr'><strong>maje-</strong></span> 
     </span>
    </p>
   </div>
   <div class='ocr_carea' id='block_1_87' title="bbox 1831 4269 3417 4350">
    <p class='ocr_par' dir='ltr' id='par_1_87' title="bbox 1831 4269 3417 4350">
     <span class='ocr_line' id='line_1_87' title="bbox 1831 4269 3417 4350; baseline 0.006 -24"><span class='ocrx_word' id='word_1_699' title='bbox 1831 4281 1945 4326; x_wconf 89' lang='lat' dir='ltr'><strong>stas</strong></span> <span class='ocrx_word' id='word_1_700' title='bbox 1970 4286 2091 4328; x_wconf 90' lang='lat' dir='ltr'><strong>cum</strong></span> <span class='ocrx_word' id='word_1_701' title='bbox 2121 4269 2328 4340; x_wconf 86' lang='lat' dir='ltr'><strong>Spiritu</strong></span> <span class='ocrx_word' id='word_1_702' title='bbox 2359 4280 2572 4337; x_wconf 81' lang='lat' dir='ltr'><strong>sancto,</strong></span> <span class='ocrx_word' id='word_1_703' title='bbox 2602 4281 2657 4328; x_wconf 89' lang='lat' dir='ltr'><strong>et</strong></span> <span class='ocrx_word' id='word_1_704' title='bbox 2687 4288 2850 4342; x_wconf 89' lang='lat' dir='ltr'><strong>nunc,</strong></span> <span class='ocrx_word' id='word_1_705' title='bbox 2881 4285 2936 4330; x_wconf 87' lang='lat' dir='ltr'><strong>et</strong></span> <span class='ocrx_word' id='word_1_706' title='bbox 2967 4289 3202 4348; x_wconf 88' lang='lat' dir='ltr'><strong>semper,</strong></span> <span class='ocrx_word' id='word_1_707' title='bbox 3231 4289 3286 4333; x_wconf 87' lang='lat' dir='ltr'><strong>et</strong></span> <span class='ocrx_word' id='word_1_708' title='bbox 3315 4278 3417 4350; x_wconf 87' lang='lat' dir='ltr'><strong>per</strong></span> 
     </span>
    </p>
   </div>
   <div class='ocr_carea' id='block_1_88' title="bbox 1832 4361 2838 4420">
    <p class='ocr_par' dir='ltr' id='par_1_88' title="bbox 1832 4361 2838 4420">
     <span class='ocr_line' id='line_1_88' title="bbox 1832 4361 2838 4420; baseline 0.001 -1"><span class='ocrx_word' id='word_1_709' title='bbox 1832 4364 2016 4419; x_wconf 86' lang='lat' dir='ltr'><strong>omnia</strong></span> <span class='ocrx_word' id='word_1_710' title='bbox 2035 4361 2236 4418; x_wconf 65' lang='lat' dir='ltr'><strong>sarcula</strong></span> <span class='ocrx_word' id='word_1_711' title='bbox 2267 4363 2612 4420; x_wconf 61' lang='lat' dir='ltr'><strong>seculorum.</strong></span> <span class='ocrx_word' id='word_1_712' title='bbox 2643 4363 2838 4420; x_wconf 82' lang='lat' dir='ltr'><strong>Amen.</strong></span> 
     </span>
    </p>
   </div>
   <div class='ocr_carea' id='block_1_89' title="bbox 176 4606 3384 4637">
    <p class='ocr_par' dir='ltr' id='par_1_89' title="bbox 176 4606 3384 4637">
     <span class='ocr_line' id='line_1_89' title="bbox 176 4606 3384 4637; baseline 0.001 -12"><span class='ocrx_word' id='word_1_713' title='bbox 176 4606 3384 4637; x_wconf 62' lang='lat'><strong>—-———————————_——————-—————-———‘</strong></span> 
     </span>
    </p>
   </div>
   <div class='ocr_carea' id='block_1_90' title="bbox 1117 4779 2462 4922">
    <p class='ocr_par' dir='ltr' id='par_1_90' title="bbox 1117 4779 2462 4922">
     <span class='ocr_line' id='line_1_90' title="bbox 1117 4779 2462 4922; baseline -0.001 -28"><span class='ocrx_word' id='word_1_714' title='bbox 1117 4781 1690 4897; x_wconf 86' lang='lat' dir='ltr'><strong>EUSEBII</strong></span> <span class='ocrx_word' id='word_1_715' title='bbox 1774 4779 2462 4922; x_wconf 87' lang='lat' dir='ltr'><strong>PAMPHILI</strong></span> 
     </span>
    </p>
   </div>
   <div class='ocr_carea' id='block_1_91' title="bbox 789 5019 2766 5158">
    <p class='ocr_par' dir='ltr' id='par_1_91' title="bbox 789 5019 2766 5158">
     <span class='ocr_line' id='line_1_91' title="bbox 789 5019 2766 5158; baseline 0.002 -46"><span class='ocrx_word' id='word_1_716' title='bbox 789 5024 938 5115; x_wconf 89' lang='lat' dir='ltr'><strong>DE</strong></span> <span class='ocrx_word' id='word_1_717' title='bbox 1013 5019 2059 5122; x_wconf 70' lang='lat' dir='ltr'><strong>OPERIBUSBONIS</strong></span> <span class='ocrx_word' id='word_1_718' title='bbox 2129 5025 2282 5138; x_wconf 87' lang='lat' dir='ltr'><strong>ET</strong></span> <span class='ocrx_word' id='word_1_719' title='bbox 2353 5023 2766 5158; x_wconf 83' lang='lat' dir='ltr'><strong>MALIS,</strong></span> 
     </span>
    </p>
   </div>
   <div class='ocr_carea' id='block_1_92' title="bbox 1446 5213 2114 5279">
    <p class='ocr_par' dir='ltr' id='par_1_92' title="bbox 1446 5213 2114 5279">
     <span class='ocr_line' id='line_1_92' title="bbox 1446 5213 2114 5279; baseline 0.004 -3"><span class='ocrx_word' id='word_1_720' title='bbox 1446 5213 1681 5276; x_wconf 75' lang='lat' dir='ltr'><strong>LIBER</strong></span> <span class='ocrx_word' id='word_1_721' title='bbox 1723 5213 2114 5279; x_wconf 80' lang='lat' dir='ltr'><strong>OCTAVUS.</strong></span> 
     </span>
    </p>
   </div>
   <div class='ocr_carea' id='block_1_93' title="bbox 243 5513 1735 5586">
    <p class='ocr_par' dir='ltr' id='par_1_93' title="bbox 243 5513 1735 5586">
     <span class='ocr_line' id='line_1_93' title="bbox 243 5513 1735 5586; baseline -0.003 -12"><span class='ocrx_word' id='word_1_722' title='bbox 243 5516 506 5584; x_wconf 64' lang='lat' dir='ltr'><strong>[alterum</strong></span> <span class='ocrx_word' id='word_1_723' title='bbox 541 5515 826 5571; x_wconf 80' lang='lat' dir='ltr'><strong>hominum</strong></span> <span class='ocrx_word' id='word_1_724' title='bbox 848 5518 960 5571; x_wconf 85' lang='lat' dir='ltr'><strong>vita</strong></span> <span class='ocrx_word' id='word_1_725' title='bbox 991 5516 1046 5571; x_wconf 90' lang='lat' dir='ltr'><strong>in</strong></span> <span class='ocrx_word' id='word_1_726' title='bbox 1083 5525 1230 5571; x_wconf 86' lang='lat' dir='ltr'><strong>terra</strong></span> <span class='ocrx_word' id='word_1_727' title='bbox 1261 5525 1345 5570; x_wconf 92' lang='lat' dir='ltr'><strong>est</strong></span> <span class='ocrx_word' id='word_1_728' title='bbox 1369 5515 1578 5586; x_wconf 86' lang='lat' dir='ltr'><strong>posita;</strong></span> <span class='ocrx_word' id='word_1_729' title='bbox 1606 5513 1735 5569; x_wconf 86' lang='lat' dir='ltr'><strong>eda-</strong></span> 
     </span>
    </p>
   </div>
   <div class='ocr_carea' id='block_1_94' title="bbox 189 5607 1732 5679">
    <p class='ocr_par' dir='ltr' id='par_1_94' title="bbox 189 5607 1732 5679">
     <span class='ocr_line' id='line_1_94' title="bbox 189 5607 1732 5679; baseline -0.003 -15"><span class='ocrx_word' id='word_1_730' title='bbox 189 5611 406 5666; x_wconf 86' lang='lat' dir='ltr'><strong>citatibns</strong></span> <span class='ocrx_word' id='word_1_731' title='bbox 431 5608 579 5675; x_wconf 68' lang='lat' dir='ltr'><strong>enim</strong></span> <span class='ocrx_word' id='word_1_732' title='bbox 607 5618 664 5665; x_wconf 93' lang='lat' dir='ltr'><strong>et</strong></span> <span class='ocrx_word' id='word_1_733' title='bbox 683 5607 1001 5664; x_wconf 87' lang='lat' dir='ltr'><strong>libidinibus</strong></span> <span class='ocrx_word' id='word_1_734' title='bbox 1033 5617 1090 5664; x_wconf 85' lang='lat' dir='ltr'><strong>et</strong></span> <span class='ocrx_word' id='word_1_735' title='bbox 1121 5607 1578 5679; x_wconf 87' lang='lat' dir='ltr'><strong>concupiscentiis</strong></span> <span class='ocrx_word' id='word_1_736' title='bbox 1607 5621 1732 5678; x_wconf 84' lang='lat' dir='ltr'><strong>gra-</strong></span> 
     </span>
    </p>
   </div>
   <div class='ocr_carea' id='block_1_95' title="bbox 253 5719 1740 5786">
    <p class='ocr_par' dir='ltr' id='par_1_95' title="bbox 253 5719 1740 5786">
     <span class='ocr_line' id='line_1_95' title="bbox 253 5719 1740 5786; baseline -0.002 -7"><span class='ocrx_word' id='word_1_737' title='bbox 253 5724 289 5757; x_wconf 86' lang='grc'><strong>³⁸</strong></span> <span class='ocrx_word' id='word_1_738' title='bbox 311 5720 696 5786; x_wconf 59' lang='grc' dir='ltr'><strong>ιιυιιιωκιι.</strong></span> <span class='ocrx_word' id='word_1_739' title='bbox 772 5721 818 5754; x_wconf 76' lang='grc'><strong>³⁸</strong></span> <span class='ocrx_word' id='word_1_740' title='bbox 842 5721 1036 5778; x_wconf 68' lang='lat' dir='ltr'><strong>Matth.</strong></span> <span class='ocrx_word' id='word_1_741' title='bbox 1064 5739 1122 5786; x_wconf 79' lang='grc' dir='ltr'><strong>ι.</strong></span> <span class='ocrx_word' id='word_1_742' title='bbox 1155 5720 1245 5776; x_wconf 74' lang='lat'><strong>32.</strong></span> <span class='ocrx_word' id='word_1_743' title='bbox 1322 5720 1368 5753; x_wconf 77' lang='lat'>“</span> <span class='ocrx_word' id='word_1_744' title='bbox 1397 5720 1572 5776; x_wconf 82' lang='lat' dir='ltr'><strong>Eccle.</strong></span> <span class='ocrx_word' id='word_1_745' title='bbox 1609 5735 1649 5786; x_wconf 84' lang='lat' dir='ltr'><strong>t,</strong></span> <span class='ocrx_word' id='word_1_746' title='bbox 1686 5719 1740 5776; x_wconf 79' lang='grc' dir='ltr'><strong>Ι.</strong></span> 
     </span>
    </p>
   </div>
   <div class='ocr_carea' id='block_1_96' title="bbox 251 5835 1560 5914">
    <p class='ocr_par' dir='ltr' id='par_1_96' title="bbox 251 5835 1560 5914">
     <span class='ocr_line' id='line_1_96' title="bbox 251 5835 1560 5914; baseline -0.002 -20"><span class='ocrx_word' id='word_1_747' title='bbox 251 5837 348 5914; x_wconf 81' lang='lat'><strong>(90)</strong></span> <span class='ocrx_word' id='word_1_748' title='bbox 372 5839 490 5902; x_wconf 68' lang='lat'><strong>“5.,</strong></span> <span class='ocrx_word' id='word_1_749' title='bbox 528 5847 897 5910; x_wconf 70' lang='lat' dir='ltr'><strong>cognoscentes</strong></span> <span class='ocrx_word' id='word_1_750' title='bbox 933 5853 1275 5907; x_wconf 68' lang='lat' dir='ltr'><strong>coagmenta</strong></span> <span class='ocrx_word' id='word_1_751' title='bbox 1299 5835 1560 5893; x_wconf 77' lang='lat' dir='ltr'><strong>misereri.</strong></span> 
     </span>
    </p>
   </div>
   <div class='ocr_carea' id='block_1_97' title="bbox 1845 5495 3430 5592">
    <p class='ocr_par' dir='ltr' id='par_1_97' title="bbox 1845 5495 3430 5592">
     <span class='ocr_line' id='line_1_97' title="bbox 1845 5495 3430 5592; baseline 0.003 -24"><span class='ocrx_word' id='word_1_752' title='bbox 1845 5517 1974 5582; x_wconf 90' lang='lat' dir='ltr'><strong>vati,</strong></span> <span class='ocrx_word' id='word_1_753' title='bbox 2011 5495 2186 5588; x_wconf 78' lang='lat' dir='ltr'><strong>neque</strong></span> <span class='ocrx_word' id='word_1_754' title='bbox 2216 5518 2489 5592; x_wconf 89' lang='lat' dir='ltr'><strong>respicere</strong></span> <span class='ocrx_word' id='word_1_755' title='bbox 2516 5532 2734 5590; x_wconf 87' lang='lat' dir='ltr'><strong>sursum</strong></span> <span class='ocrx_word' id='word_1_756' title='bbox 2758 5518 2825 5571; x_wconf 87' lang='lat' dir='ltr'><strong>ad</strong></span> <span class='ocrx_word' id='word_1_757' title='bbox 2851 5515 3023 5575; x_wconf 90' lang='lat' dir='ltr'><strong>Deum</strong></span> <span class='ocrx_word' id='word_1_758' title='bbox 3048 5525 3275 5584; x_wconf 83' lang='lat' dir='ltr'><strong>possunt</strong></span> <span class='ocrx_word' id='word_1_759' title='bbox 3303 5515 3430 5587; x_wconf 89' lang='lat' dir='ltr'><strong>quia</strong></span> 
     </span>
    </p>
   </div>
   <div class='ocr_carea' id='block_1_98' title="bbox 1840 5608 3434 5687">
    <p class='ocr_par' dir='ltr' id='par_1_98' title="bbox 1840 5608 3434 5687">
     <span class='ocr_line' id='line_1_98' title="bbox 1840 5608 3434 5687; baseline 0.001 -23"><span class='ocrx_word' id='word_1_760' title='bbox 1840 5608 2048 5678; x_wconf 83' lang='lat' dir='ltr'><strong>nolunt,</strong></span> <span class='ocrx_word' id='word_1_761' title='bbox 2088 5610 2453 5687; x_wconf 76' lang='lat' dir='ltr'><strong>neque&#39;Opera</strong></span> <span class='ocrx_word' id='word_1_762' title='bbox 2497 5612 2618 5683; x_wconf 69' lang='lat' dir='ltr'><strong>eius</strong></span> <span class='ocrx_word' id='word_1_763' title='bbox 2641 5613 2850 5676; x_wconf 84' lang='lat' dir='ltr'><strong>videre.</strong></span> <span class='ocrx_word' id='word_1_764' title='bbox 2883 5620 3070 5680; x_wconf 87' lang='lat' dir='ltr'><strong>neque</strong></span> <span class='ocrx_word' id='word_1_765' title='bbox 3089 5624 3157 5666; x_wconf 85' lang='lat' dir='ltr'><strong>es</strong></span> <span class='ocrx_word' id='word_1_766' title='bbox 3181 5611 3434 5678; x_wconf 83' lang='lat' dir='ltr'><strong>operibus</strong></span> 
     </span>
    </p>
   </div>
  </div>
