4072 6396
1334 358 1605 417 EUSEBII
1639 354 2113 416 CESARIENSIS
2145 351 2296 413 OPP.
2336 354 2519 413 PARS
2551 352 2644 415 IV.
2684 385 2756 399 —
2793 354 3218 414 DOGHATICA.

3822 356 3946 411 "99

667 475 918 546 opiﬁcem
943 484 1236 542 agnoscere
1260 488 1274 525 :
1296 470 1386 525 ubi
1416 472 1559 525 enim
1586 469 1811 525 declivis
1840 468 2005 525 fuerit
2033 468 2237 530 anima,
2267 471 2315 528 Α
2339 467 2589 524 diabolus
2616 480 2721 523 non
2766 484 2889 524 cum
2940 476 3099 524 nocet
3145 478 3275 522 tunc
3311 464 3499 522 solum
3538 474 3601 521 et
3642 466 3818 524 malus
3848 482 3944 525 est.

669 567 820 631 illuc,
852 575 911 620 ut
941 564 1013 621 ita
1048 562 1242 624 dicam,
1272 569 1329 615 et
1352 558 1585 615 ecitur
1608 561 1751 631 quod
1777 559 2071 615 desiderat.
2095 559 2248 614 Sicut

667 657 812 715 enim
840 669 904 709 ea
930 667 1053 724 que
1080 650 1148 706 ab
1182 651 1305 719 igne
1333 648 1607 715 caieiiunt,
1637 646 1958 713 emciuntur,
1984 659 2043 701 ut
2069 648 2140 700 ita
2166 648 2248 702 di-

668 763 814 813 cant,
847 747 1019 817 ignis;
1050 753 1105 799 et
1130 757 1250 812 qua
1277 740 1521 797 oderatis
1539 741 1729 810 juncta
1760 738 1978 801 iuerint.
2003 737 2248 795 ciliciun-

672 849 782 904 tur,
809 839 1066 903 odorata;
1109 844 1165 889 et
1197 849 1320 903 quas
1370 832 1683 897 contrariis,
1724 830 1994 886 contraria
2038 848 2053 884 :
2092 831 2164 884 ita
2194 838 2249 883 et

670 933 851 988 anima
882 930 972 985 ubi
1016 927 1237 984 declivis
1277 925 1573 990 exstiterit,
1624 923 1690 976 ad
1744 923 1846 977 hoc
1877 922 2159 977 deducitur
2192 930 2249 976 et

671 1035 885 1081 natura.
914 1021 1160 1091 Tingitur
1211 1018 1353 1073 enim
1385 1015 1778 1080 alacritatibus,
1810 1023 1866 1068 et
1906 1013 2097 1069 similis
2129 1026 2246 1066 ruo-

673 1116 909 1171 tionibus
935 1114 1162 1167 eiﬁcitur
1212 1111 1346 1176 suis,
1380 1119 1433 1164 et
1467 1108 1784 1178 dignitatem
1826 1116 2009 1175 utpote
2041 1114 2247 1159 natura:

670 1223 780 1265 non
813 1206 1049 1270 saivans,
1078 1206 1131 1259 in
1166 1203 1324 1259 malis
1357 1200 1590 1255 edicitur
1645 1199 1810 1255 mala.
1848 1199 1905 1253 Si
1950 1209 2130 1251 autem
2177 1194 2245 1251 ad

670 1314 734 1357 ea
788 1313 911 1369 qua
954 1311 1117 1369 supra
1162 1300 1371 1351 sesunt
1417 1293 1735 1361 respexerit,
1785 1305 1997 1346 sursum
2029 1286 2243 1351 eﬂecta,

670 1392 1026 1450 constituitur
1078 1390 1144 1443 ad
1177 1403 1237 1442 ea
1274 1400 1391 1455 qu:e
1426 1395 1482 1440 et
1525 1384 1852 1441 desideravit
1889 1399 1903 1436 :
1953 1380 2243 1434 multorum

672 1489 816 1542 enim
846 1484 1186 1542 conversatio
1233 1497 1340 1537 non
1369 1480 1672 1544 hominum,
1713 1479 1807 1534 sed
1845 1491 2098 1547 pecorum
2138 1482 2241 1527 est.

674 1578 818 1635 Nihil
851 1578 993 1633 enim
1037 1576 1179 1631 aliud
1226 1575 1487 1644 cogitant,
1538 1570 1639 1626 nisi
1676 1580 1734 1624 ut
1765 1570 2111 1629 manducent,
2148 1575 2243 1619 aut

672 1669 883 1735 bibant,
913 1674 1005 1723 aut
1028 1666 1263 1736 rapiant,
1301 1674 1392 1719 aut
1422 1663 1778 1727 iraudntur;
1824 1661 1875 1714 in
1909 1660 1991 1713 his
2020 1659 2165 1713 enim
2189 1666 2244 1712 et

674 1764 880 1823 vivunt.
906 1761 951 1815 si
1002 1768 1180 1813 tamen
1230 1765 1286 1812 et
1315 1758 1478 1811 vitam
1516 1757 1673 1809 istam
1712 1762 1925 1823 oportet
1944 1752 2056 1821 jam
2082 1752 2185 1806 dici
2222 1769 2237 1804 :

2346 556 2441 613 aed
2468 559 2594 621 quia
2625 560 2909 628 proposuit
2946 574 3161 626 nocere,
3204 559 3375 615 habet
3403 558 3685 614 malitiam
3717 573 3775 615 et
3799 572 3944 618 ante-

2348 663 2509 719 quam
2548 646 2767 705 eiﬁciat.
2814 648 2883 705 Et
2930 649 3165 719 maligno
3208 647 3418 705 sumcit
3448 649 3669 705 malitia
3706 664 3831 705 sua.
3863 650 3942 707 Si-

2345 741 2561 812 quidem
2591 752 2647 797 et
2694 755 2974 814 agrotans,
3006 742 3219 797 etiamsi
3253 756 3364 797 non
3403 744 3739 813 castigetur,
3768 754 3943 800 tamen

2348 835 2511 889 habet
2534 834 2735 888 malum
2768 835 3123 904 languorem:
3156 834 3228 888 ita
3258 843 3312 889 et
3338 835 3433 904 qui
3470 837 3703 905 languet
3728 836 3939 897 anima,

2346 925 2559 980 etiamsi
2596 939 2702 980 non
2736 925 2935 981 missus
2960 925 3123 981 fuerit
3151 925 3205 981 in
3244 927 3587 997 gehennam,
3618 940 3805 982 tamen
3824 942 3939 997 pro-

2346 1025 2501 1071 curat
2526 1015 2628 1071 sihi
2654 1016 2881 1072 malum.
2912 1014 3049 1084 Quis
3092 1026 3273 1072 autem
3308 1025 3365 1072 et
3401 1016 3779 1073 exhortaer
3803 1015 3941 1072 Tas-

2349 1114 2457 1161 tum
2480 1113 2564 1162 est
2588 1107 2736 1163 enim
2777 1108 2979 1161 malum
3011 1108 3232 1175 malum,
3280 1109 3437 1179 cujus
3474 1117 3824 1164 tentameata
3855 1123 3941 1178 ge.

2346 1199 2580 1254 bennam
2618 1208 2836 1270 parant.
2862 1198 3075 1255 Etcum
3100 1202 3214 1257 hac
3254 1201 3330 1256 ita
3365 1202 3503 1267 sint,
3538 1214 3642 1256 nos
3675 1209 3863 1257 tamen
3888 1209 3941 1255 ut

2348 1292 2551 1347 inimici
2586 1292 2815 1362 proprii,
2860 1292 2930 1345 ita
2970 1291 3218 1346 videmur
3240 1292 3445 1347 vivere.
3488 1291 3589 1346 ille
3620 1293 3773 1347 enim
3798 1290 3944 1346 ictae

2346 1390 2456 1447 tur,
2484 1381 2611 1452 quia
2645 1383 2901 1438 mentitus
2934 1382 3117 1447 latuit;
3161 1384 3297 1438 alius
3337 1383 3561 1454 gaudet,
3592 1383 3728 1452 quia
3751 1394 3940 1451 prove-

2346 1476 2427 1531 nit
2454 1476 2506 1533 ei
2541 1477 2818 1547 decipere.
2866 1475 2935 1530 Et
2972 1476 3194 1531 avaritia
3220 1476 3431 1532 lucrum
3466 1485 3663 1545 putata
3697 1484 3784 1529 est
3819 1488 3937 1528 cum

2344 1569 2416 1623 sit
2442 1568 2732 1634 damnum;
2762 1576 2817 1622 et
2858 1566 3024 1622 libido
3053 1567 3319 1638 voluptas,
3355 1581 3480 1622 cum
3532 1566 3608 1621 sit
3642 1565 3833 1620 luctus
3862 1563 3939 1619 his

2342 1660 2436 1730 qui
2486 1662 2706 1729 sapiunt
2737 1660 2894 1715 bene.
2950 1659 3017 1713 Et
3048 1672 3308 1715 convena
3360 1666 3491 1713 sunt
3537 1658 3706 1714 nobis
3731 1659 3936 1723 omnia,

2344 1752 2469 1822 quia
2499 1750 2941 1821 circumscriptus
2986 1766 3015 1804 s
3048 1751 3207 1805 nobis
3232 1757 3315 1805 est
3338 1751 3635 1821 cogitatus.
3697 1750 3768 1805 Et
3796 1760 3939 1806 certe

674 1869 782 1911 non
806 1852 1133 1907 suiiicientes
1174 1850 1319 1905 enim
1367 1848 1523 1902 malis
1574 1848 1657 1901 his
1691 1861 1811 1915 qua
1859 1860 1887 1898 a
1933 1844 2066 1899 foris
2092 1854 2243 1909 sunt,
2276 1830 2319 1885 Β
2349 1843 2491 1915 cogit
2515 1852 2571 1898 et
2592 1843 2871 1899 contendit
2892 1856 3108 1909 sensus,
3149 1853 3209 1897 ut
3234 1857 3341 1897 non
3365 1841 3623 1911 ejiciatur
3649 1855 3684 1895 a
3720 1855 3939 1912 posses-

672 1944 780 2015 ]aut
809 1952 864 1998 et
890 1957 1108 1997 carnem
1140 1955 1293 1995 suam
1326 1940 1699 1995 comaminare
1729 1937 1977 2004 student;
2010 1936 2090 1991 sic
2115 1950 2247 2007 gau-

672 2035 800 2090 dent
832 2032 977 2087 enim
1012 2031 1064 2085 in
1103 2029 1279 2095 malis,
1308 2038 1368 2082 ut
1421 2026 1623 2083 inimici
1671 2027 1774 2081 sibi
1801 2044 1816 2092 ;
1849 2036 1903 2079 et
1930 2040 2050 2079 cum
2079 2026 2247 2079 debeo

674 2132 797 2178 rent
823 2121 1027 2191 lugere,
1064 2120 1189 2190 quia
1222 2132 1328 2173 non
1360 2118 1495 2173 bene
1521 2118 1731 2182 vivunt,
1768 2116 2017 2172 latantur
2050 2115 2102 2190 in
2129 2126 2247 2170 ma-

674 2212 741 2269 lis
770 2222 826 2267 et
859 2214 1141 2267 tristantur
1172 2212 1227 2265 in
1268 2210 1423 2266 bonis
1451 2226 1466 2265 :
1498 2210 1764 2280 duplicem
1801 2220 1982 2278 utpote
2024 2209 2245 2264 oscita-

675 2313 784 2359 tetn
822 2304 1105 2367 habentes,
1154 2311 1211 2357 et
1261 2301 1402 2372 quod
1450 2301 1719 2357 malorum
1776 2316 1885 2355 non
1939 2298 2247 2369 intelligunt

675 2393 957 2457 malitiam,
988 2402 1043 2447 et
1083 2392 1227 2461 quod
1262 2392 1529 2447 bonorum
1570 2405 1675 2445 non
1722 2398 2005 2444 assumunt
2030 2386 2247 2443 iruitio-

675 2499 835 2548 stem;
866 2494 1201 2540 concurrunt
1224 2484 1368 2537 enim
1395 2482 1684 2537 adversum
1708 2496 1793 2547 se,
1818 2490 1871 2535 et
1899 2481 1999 2535 sibi
2029 2492 2247 2537 contra-

674 2578 757 2632 ria
798 2584 1109 2645 operantur.
1151 2574 1379 2629 Plurimi
1428 2572 1571 2627 enim
1629 2587 2011 2641 nonnunquam
2064 2587 2248 2642 proce-

673 2668 813 2723 dunt
838 2666 971 2735 leti,
1010 2667 1137 2736 quia
1162 2674 1409 2721 ventrem
1448 2661 1723 2732 replerunt
1764 2678 1941 2726 suum,
1974 2674 2029 2718 et
2067 2673 2247 2718 mente

578 2802 585 2807 .
672 2759 927 2815 exierunt
951 2771 1049 2813 sua
1089 2756 1202 2829 (9i)
1241 2766 1337 2811 :et
1369 2755 1585 2810 beatum
1629 2754 1771 2809 diem
1819 2756 2006 2811 dicunt
2048 2756 2101 2811 in
2136 2770 2247 2827 quo

675 2863 783 2905 non
817 2849 1089 2904 vixerunt.
1141 2846 1261 2903 Vita
1290 2847 1433 2903 enim
1487 2846 1769 2902 hominum
1800 2846 1903 2902 ista
1933 2856 2018 2902 est
2058 2855 2116 2902 ut
2158 2863 2247 2902 ra-

676 2944 824 2999 tione
869 2950 1115 3005 utantur,
1159 2940 1286 3010 quia
1327 2949 1383 2995 et
1408 2938 1756 2995 rationabiles
1796 2939 2077 2996 habentur.
2110 2939 2246 2996 Cum

675 3042 856 3088 autem
888 3032 1115 3088 obrutus
1167 3030 1329 3087 fuerit
1375 3043 1590 3094 sensus,
1640 3031 1856 3087 transiit
1910 3031 2032 3088 sine
2081 3045 2245 3087 causa

675 3125 812 3189 dies,
841 3132 896 3180 et
1053 3124 1214 3224 debet
1241 3122 1545 3224 computari
1574 3124 1628 3224 in
1656 3122 1786 3191 vita,
1838 3124 1893 3179 in
1917 3137 2025 3195 quo
2055 3139 2245 3180 sensus
2271 3165 2316 3224 ϐ

675 3230 786 3274 non
818 3217 1057 3286 respexit
1094 3216 1162 3271 ad
1212 3230 1471 3286 superna.
1504 3214 1718 3270 Utinam
1772 3224 1953 3270 autem
1983 3231 2157 3287 neque
2180 3218 2246 3271 ad

675 3308 870 3372 vitam,
894 3322 1069 3375 neque
1090 3307 1156 3361 ad
1190 3304 1391 3361 tnalam
1421 3305 1633 3360 videret
1661 3303 1800 3378 (93).
1826 3305 1985 3360 Aliud
2000 3316 2082 3360 est
2103 3306 2247 3361 enim

677 3398 913 3455 Otiosum
944 3408 1067 3451 esse
1094 3410 1124 3449 a
1148 3394 1293 3450 maio
1317 3403 1372 3449 et
1400 3394 1563 3460 bono,
1599 3404 1653 3449 et
1677 3409 1797 3448 esse
1831 3403 2087 3464 tanquam
2119 3396 2249 3451 dor-

680 3489 936 3543 mientem
960 3496 1056 3541 aut
1075 3496 1384 3554 mortuum;
1418 3496 1473 3542 et
1502 3488 1649 3543 aliud
1679 3487 1814 3545 bone
1852 3488 2061 3561 quidem
2087 3491 2245 3559 mori,

678 3580 822 3635 male
851 3588 1028 3634 autem
1061 3578 1259 3634 vivere.
1300 3578 1364 3633 Et
1394 3593 1568 3649 neque
1614 3590 1805 3635 natura
1852 3582 2086 3640 hominis
2124 3598 2249 3639 sua-

678 3675 768 3730 det
792 3686 905 3733 eos.
937 3685 1110 3741 neque
1143 3670 1461 3742 Scriptura:
1493 3682 1547 3727 et
1572 3682 1791 3741 errant;
1820 3689 1994 3746 neque
2015 3691 2250 3746 praesen-

679 3766 777 3829 tla,
804 3779 976 3834 neque
1000 3764 1178 3818 futura
1206 3765 1450 3819 suadent.
1481 3762 1735 3831 Quadam
1774 3767 1915 3822 enim
1958 3770 2250 3840 reprehen-

679 3862 889 3916 sionem
926 3858 1184 3928 praahent,
1213 3860 1459 3927 quadam
1490 3866 1670 3913 autem
1706 3870 1924 3929 propter
1952 3876 2099 3932 spem
2129 3878 2249 3918 sur-

680 3965 797 4007 sur~
837 3950 1134 4004 adducunt.
1191 3947 1442 4004 Videmus
1470 3950 1612 4004 enim
1640 3958 1694 4004 et
1732 3954 2059 4020 morientes;
2103 3957 2253 4011 vide-

683 4056 803 4097 mus
840 4050 895 4095 et
918 4041 1157 4111 sepultos
1184 4052 1238 4095 et
1269 4055 1373 4097 non
1405 4044 1663 4114 sepultos,
1692 4057 1747 4100 et
1784 4060 1877 4100 eos
1906 4048 1995 4115 qui
2028 4046 2249 4114 deflent,

680 4142 738 4191 et
762 4132 967 4199 dolent,
995 4142 1052 4187 et
1078 4132 1445 4190 lamentantur
1464 4151 1478 4189 :
1496 4148 1621 4191 vere
1650 4136 1721 4190 ita
1743 4151 1929 4193 sumus
1951 4149 2009 4193 ut
2036 4154 2141 4195 non
2173 4140 2254 4194 vi-

681 4225 873 4282 dentes
904 4240 1019 4280 eos.
1050 4222 1127 4278 lia
1170 4225 1312 4279 enim
1337 4234 1585 4297 putamus
1608 4228 1771 4283 vitam
1811 4244 1932 4285 esse
1957 4244 2099 4297 eam,
2133 4246 2254 4302 qua:

682 4331 790 4371 non
820 4326 904 4371 est
924 4316 1031 4371 vita
1061 4332 1075 4371 :
1111 4331 1231 4371 nam
1270 4326 1326 4371 et
1359 4319 1743 4375 ntanducantes
1772 4318 2033 4389 laedimur,
2068 4332 2123 4377 et
2152 4324 2256 4379 ite-

684 4425 806 4465 rum
838 4410 1229 4465 desideramus.
1281 4411 1381 4478 Qui
1412 4411 1720 4468 libidinibus
1747 4428 1946 4484 corpus
1986 4417 2255 4473 maculant

2348 1938 2499 1992 sione
2528 1950 2646 1992 sua.
2685 1935 2819 1990 Nam
2850 1936 2951 1991 etsi
2988 1935 3356 2006 unusquisque
3403 1944 3658 1989 nostrum
3688 1934 3940 1988 obruitur

2349 2043 2377 2083 a
2406 2027 2749 2099 passionibus
2777 2027 3053 2093 vitiorum,
3082 2037 3258 2082 tamen
3288 2026 3358 2081 ad
3404 2026 3511 2081 alia
3539 2039 3745 2081 sensus
3768 2025 3940 2093 digni-

2352 2128 2513 2174 tatem
2551 2132 2707 2174 suam
2739 2118 3019 2174 vindicans
3049 2127 3273 2189 apparet
3303 2139 3316 2173 :
3354 2127 3413 2173 ut
3435 2127 3594 2188 puta,
3640 2132 3755 2173 non
3781 2116 3937 2171 video

2349 2225 2466 2265 mea
2508 2210 2675 2274 mala,
2713 2212 2806 2263 sed
2836 2208 3013 2263 aliena
3052 2206 3193 2262 mala
3243 2210 3486 2264 irascens
3516 2206 3816 2264 consentio
3861 2207 3936 2260 io-

2350 2302 2535 2359 teriori
2570 2302 2797 2369 homini,
2844 2302 2944 2372 legi
2972 2311 3156 2371 utpote
3201 2300 3313 2355 Dei.
3350 2299 3416 2354 Et
3445 2300 3579 2369 quia
3628 2301 3818 2353 anima
3845 2312 3937 2352 na—

2350 2406 2468 2451 tura
2491 2395 2662 2465 magis
2693 2393 2879 2464 juncta
2906 2401 2990 2448 est
3020 2394 3197 2460 bonis,
3228 2393 3353 2463 quia
3382 2393 3500 2447 odit
3528 2391 3713 2447 malos
3733 2402 3792 2446 et
3820 2389 3936 2445 lau-

2347 2492 2437 2545 dat
2478 2487 2672 2553 honos,
2716 2487 2908 2558 duplex
2936 2486 3304 2542 testimonium
3345 2488 3511 2543 habet
3538 2487 3609 2541 ad
3638 2498 3935 2556 utrumque

2346 2592 2402 2637 et
2460 2580 2722 2636 malorum
2773 2589 2826 2634 et
2874 2579 3159 2634 bonorum.
3206 2578 3410 2648 Duplex
3464 2578 3589 2633 ideo
3638 2579 3773 2647 quia
3803 2578 3933 2643 odit.

2345 2673 2554 2728 etiamsi
2589 2673 2704 2743 ipsa
2734 2685 2841 2727 non
2874 2657 3215 2725 commodum
3239 2684 3396 2725 suum
3420 2676 3609 2737 amat;
3638 2677 3701 2723 et
3723 2683 3797 2724 ex
3836 2669 3932 2725 hoc

2344 2765 2581 2820 ostendit
2612 2764 2741 2834 quia
2769 2778 2875 2819 non
2903 2763 3207 2819 delectatur
3235 2772 3429 2817 natura
3453 2759 3575 2830 ejus
3604 2762 3675 2816 ad
3712 2760 3929 2817 malum.

2347 2854 2406 2911 Si
2433 2856 2595 2927 igitur
2637 2854 2840 2922 anima,
2885 2862 2946 2909 ut
2979 2861 3263 2909 ostensum
3290 2860 3396 2917 est,
3446 2851 3517 2906 ad
3565 2848 3777 2906 bonum
3814 2865 3931 2921 pro-

2346 2947 2541 3003 clivior
2564 2953 2668 3011 est,
2699 2958 2797 3001 cur
2829 2958 2936 3000 non
2974 2943 3029 2999 in
3067 2944 3184 2999 suis
3212 2943 3431 2999 manet?
3454 2954 3683 3015 propter
3714 2945 3932 3013 placibi-

2346 3040 2553 3095 litatem
2585 3039 2784 3109 quippe
2805 3037 2887 3093 sui
2921 3054 2936 3091 :
2971 3035 3072 3092 sibi
3103 3036 3247 3092 enim
3275 3036 3514 3107 placere,
3550 3037 3794 3094 tenebrz
3813 3048 3933 3093 suat

2348 3134 2577 3203 animai;
2614 3132 2709 3187 sed
2755 3143 2877 3202 quas
2925 3130 3066 3201 apud
3093 3128 3342 3185 homines
3384 3128 3651 3200 putantur
3701 3131 3929 3199 placida.

2351 3222 2684 3281 contrariam
2738 3219 2941 3278 habent
2968 3220 3256 3285 virtutem;
3301 3219 3488 3275 odium
3532 3222 3685 3277 enim
3717 3230 3776 3277 et
3829 3238 3929 3278 nos

2353 3316 2679 3389 placibilitas
2703 3327 2807 3372 est.
2843 3311 2903 3370 Si
2933 3314 3080 3371 enim
3114 3323 3242 3371 vere
3272 3327 3541 3381 amemus,
3575 3328 3687 3368 non
3717 3324 3930 3369 contra-

2354 3411 2435 3463 ria
2462 3424 2582 3480 quae
2605 3423 2748 3463 nunc
2773 3407 2931 3464 nobis
2954 3406 3218 3462 donamus
3239 3407 3589 3462 donaremus.
3616 3404 3741 3463 Non
3768 3408 3932 3465 ebrio

2355 3510 2519 3556 tatem
2546 3501 2767 3571 quippe,
2806 3499 2903 3555 sed
2935 3496 3199 3570 jejunium
3242 3515 3256 3552 :
3291 3512 3397 3553 non
3434 3499 3675 3566 theatra,
3713 3501 3813 3557 sed
3843 3516 3929 3558 ec-

2353 3593 2576 3651 clesiam
2624 3611 2639 3647 :
2688 3606 2798 3646 non
2842 3590 3065 3660 lapides,
3098 3591 3193 3645 sed
3229 3590 3392 3645 Deum
3449 3609 3469 3646 :
3517 3606 3627 3647 non
3661 3591 3809 3663 lites,
3844 3596 3930 3650 sed

2354 3702 2543 3759 pacem
2582 3704 2595 3742 :
2631 3699 2738 3741 non
2772 3681 3143 3749 homicidium,
3175 3681 3268 3738 sed
3299 3682 3521 3737 tutelam
3553 3683 3754 3741 salutis
3786 3704 3804 3741 :
3832 3701 3928 3741 nea

2355 3779 2795 3844 fornicationem,
2827 3777 2924 3834 sed
2947 3770 3281 3847 pudicitiam.
3311 3768 3368 3829 Si
3400 3775 3545 3829 enim
3573 3778 3930 3849 nosmetipsos

2354 3885 2691 3935 amarentus,
2716 3884 2844 3926 vere
2873 3871 3200 3925 donaremus
3224 3867 3379 3924 nobis
3406 3867 3574 3924 bona.
3627 3868 3769 3935 Quia
3794 3870 3927 3925 enim

2356 3964 2590 4028 odimus,
2620 3964 2883 4017 donamus
2932 3968 2987 4015 et
3030 3973 3384 4029 procuramus
3435 3959 3598 4014 nobis
3637 3960 3805 4014 mals.
3835 3958 3927 4015 Sed

2358 4058 2502 4112 sicut
2527 4063 2750 4119 matres,
2783 4055 2855 4107 ita
2879 4061 2933 4108 et
2966 4066 3120 4107 mens
3136 4052 3381 4107 habetur.
3414 4050 3774 4122 Quacunque
3799 4055 3928 4108 enim

2358 4157 2565 4204 matres
2596 4153 2819 4214 parcent
2852 4144 2965 4200 suis
2998 4143 3144 4212 ﬁliis,
3168 4158 3272 4199 non
3308 4142 3591 4199 mittentes
3618 4159 3716 4199 eos
3741 4144 3807 4200 ad
3830 4157 3927 4201 stu-

2361 4242 2482 4301 dia;
2534 4240 2601 4293 ad
2653 4237 2945 4293 utilitatem
2989 4236 3189 4307 quippe
3235 4237 3359 4290 dum
3395 4234 3662 4293 videntur
3718 4239 3928 4306 donare,

2360 4339 2560 4387 nocent
2598 4351 2611 4385 :
2651 4330 2724 4385 ita
2758 4338 2813 4385 et
2844 4343 2943 4386 nos
2971 4343 3067 4399 per
3093 4329 3391 4384 caecitatem
3443 4328 3651 4386 mentis
3690 4342 3927 4400 putantes

2364 4423 2569 4493 aliquid
2615 4420 2770 4475 nobis
2813 4420 3037 4483 donare,
3084 4419 3383 4489 decipimus
3425 4433 3528 4473 nos
3562 4429 3625 4474 et
3660 4436 3927 4477 uocemus.

680 4512 741 4557 et
771 4502 964 4557 anima:
994 4511 1210 4567 nocent,
1247 4517 1352 4557 non
1388 4504 1645 4558 recedunt
1672 4518 1703 4559 a
1736 4520 1911 4572 noxa;
1957 4509 2051 4562 sed
2081 4519 2137 4563 et
2159 4525 2250 4565 ac-

2359 4517 2426 4572 Et
2453 4524 2603 4569 certe
2628 4513 2911 4567 incurrunt
2942 4511 3100 4567 nobis
3125 4518 3180 4565 et
3214 4510 3510 4565 adveniunt
3544 4528 3925 4585 nonnunquam

682 4596 907 4662 cedunt,
957 4602 1018 4650 ut
1070 4610 1304 4665 aucupes
1343 4596 1629 4662 malorum,
1684 4598 1911 4653 multum
1968 4599 2257 4669 vigilantes

685 4699 782 4757 per
833 4694 1045 4741 noctem
1076 4685 1215 4740 male
1267 4703 1282 4739 :
1315 4698 1406 4740 aut
1445 4690 1585 4741 enim
1619 4687 1999 4746 ambitionibus
2048 4692 2258 4761 inquie-

689 4787 891 4843 tantur,
936 4788 1029 4832 aut
1068 4792 1098 4831 a
1134 4779 1580 4849 concupiscentiis
1614 4779 1930 4847 iliiciuntur,
1974 4791 2067 4838 aut
2092 4801 2121 4839 a
2158 4797 2254 4841 co-

685 4870 1037 4941 gitationibus
1068 4869 1225 4926 malis
1260 4872 1588 4927 excitantur.
1628 4871 1683 4926 Si
1710 4883 1891 4928 autem
1936 4884 1989 4930 et
2043 4884 2258 4946 oportet

687 4962 958 5031 cogitatus
988 4961 1195 5029 vocari,
1225 4968 1279 5015 et
1318 4961 1572 5015 meditata
1622 4974 1717 5031 per
1746 4973 1959 5019 noctem
2000 4965 2256 5022 festinant

688 5054 1002 5125 procedere,
1038 5062 1096 5107 ut
1128 5065 1191 5108 ea
1216 5067 1335 5123 qua:
1355 5066 1451 5121 per
1478 5062 1691 5111 noctem
1717 5056 2021 5126 cogitarunt
2052 5058 2254 5113 admit-

690 5153 805 5199 tant
836 5154 1090 5214 tanquam
1146 5144 1457 5214 ignorantes
1495 5167 1509 5201 :
1550 5147 1683 5217 quia
1726 5150 1816 5217 qui
1850 5147 1979 5202 facit
2025 5149 2251 5216 malum,

688 5234 918 5304 amplius
948 5235 1110 5291 habet
1161 5236 1378 5298 malum,
1418 5251 1582 5306 quam
1627 5239 1673 5292 is
1724 5239 1818 5309 qui
1872 5253 1902 5293 a
1938 5255 1999 5295 se
2050 5242 2255 5313 patitur

692 5328 911 5385 malum.
953 5326 1106 5383 Sicut
1153 5328 1296 5382 enim
1334 5328 1473 5395 ignis
1500 5330 1605 5383 alia
1636 5330 1849 5400 quidem
1878 5333 2166 5398 comburit,
2198 5334 2254 5389 in

690 5418 981 5487 setuctipso
1033 5425 1210 5471 autem
1256 5418 1505 5483 ardorem
1560 5420 1795 5473 incendii
1834 5422 2039 5490 primus
2068 5422 2249 5491 habet,

695 5504 768 5560 ita
790 5514 846 5561 et
866 5507 1066 5562 malitia
1094 5508 1327 5578 primum
1357 5510 1693 5579 possidentes
1714 5522 1892 5565 nocet.
1935 5512 2175 5585 Denique
2198 5525 2252 5569 et

763 5727 875 5863 Pi)
904 5729 1002 5787 iis.
1028 5742 1193 5785 mente
1219 5733 1523 5788 exstiterunt
1547 5752 1663 5793 sua.

788 5798 880 5863 θ’)
908 5799 1002 5857 Ms.
1036 5803 1105 5854 ad
1150 5807 1344 5856 tantum
1388 5805 1566 5861 vitam.
1600 5804 1663 5863 Fc

864 5799 1002 5863 )Ms.
1036 5803 1105 5854 ad
1150 5807 1344 5856 tantum
1388 5805 1566 5861 vitam.
1600 5804 1760 5865 i-‘orte
1806 5804 2088 5878 legendum
2132 5816 2242 5877 est.

2359 4617 2416 4665 et
2446 4606 2676 4675 vestigia
2714 4604 3001 4668 bonorum,
3028 4612 3085 4657 et
3124 4611 3407 4673 gustamus
3435 4601 3736 4673 aliquoties
3762 4615 3816 4661 et
3843 4623 3924 4661 nos

2357 4698 2770 4756 delectationem
2793 4708 2862 4752 ex
2892 4694 3172 4766 pudicitia.
3218 4693 3276 4749 Si
3307 4703 3492 4750 autem
3523 4705 3580 4753 et
3610 4697 3923 4754 voluerimus

2356 4801 2707 4861 perseverare
2731 4788 2783 4841 in
2814 4793 2994 4859 gustu,
3022 4794 3078 4839 et
3100 4799 3438 4856 comparare,
3469 4796 3745 4857 quantum
3783 4790 3921 4845 vehe-

2359 4882 2593 4937 mentior
2612 4889 2699 4934 est
2718 4881 2956 4935 suavitas
2983 4893 3051 4933 ex
3076 4880 3357 4953 pudicitia,
3381 4895 3545 4949 quam
3574 4896 3641 4937 ea
3672 4897 3793 4951 qua
3816 4897 3845 4937 a
3873 4878 3920 4936 il-

2356 4974 2549 5029 bidine
2583 4972 2748 5026 venit.
2782 4970 3036 5026 Suavitas
3060 4974 3209 5027 enim
3233 4985 3303 5032 ex
3331 4972 3593 5041 pudicitia
3623 4976 3744 5029 sine
3770 4975 3919 5046 pruni-

2357 5063 2525 5119 tentia
2544 5071 2651 5127 est,
2666 5062 3009 5117 immaculata
3027 5073 3130 5131 est,
3149 5064 3527 5131 immutabilis,
3544 5068 3771 5133 munda,
3788 5082 3918 5137 pura,

2354 5161 2565 5219 sancta,
2583 5163 2636 5207 et
2661 5155 2882 5209 nomine
2904 5165 2959 5208 et
2983 5169 3149 5224 opere
3168 5165 3225 5212 et
3244 5157 3481 5213 actibus.
3505 5158 3586 5212 Ex
3604 5158 3827 5216 libidine
3842 5175 3911 5214 au-

2362 5254 2467 5300 tem
2494 5259 2679 5309 suave,
2710 5254 2883 5316 turpe,
2912 5247 3312 5314 absconditum,
3348 5249 3467 5304 sine
3498 5250 3725 5318 ﬁducia,
3757 5262 3914 5308 conta-

2363 5339 2647 5401 minatum,
2673 5338 2945 5393 turbidum
2965 5349 3015 5393 et
3035 5353 3263 5409 corpore
3281 5349 3335 5395 et
3353 5342 3561 5406 anima,
3582 5358 3712 5398 cum
3734 5345 3913 5405 timore.

2358 5442 2481 5481 cum
2510 5430 2740 5496 turbela,
2772 5446 2891 5485 cum
2920 5432 3209 5502 sanguine,
3234 5447 3358 5487 cum
3382 5443 3624 5491 tremore
3654 5451 3814 5492 suave
3836 5446 3911 5491 est

2358 5516 2820 5580 Quemadmodum
2840 5538 2968 5593 ergo
2980 5524 3181 5579 suave?
3196 5523 3255 5580 Si
3273 5527 3397 5596 quis
3410 5537 3597 5583 autem
3614 5530 3841 5584 suaviter
3852 5536 3904 5581 se

2355 5750 2553 5862 alterm
2590 5750 2762 5794 autent
2800 5754 2963 5812 neque
2999 5752 3067 5793 au
3095 5748 3300 5809 mttunt,
3335 5756 3503 5813 neque
3536 5745 3608 5797 ad
3647 5746 3836 5799 metu.
3858 5743 3908 5798 u-

2355 5822 2467 5863 κη
2490 5846 2503 5863 .

2350 5823 2503 5864 verer.
