4072 6406
163 249 332 311 “93

1290 248 1381 304 DE
1415 245 1756 306 OPERIBUS
1795 245 1995 302 BONIS
2031 245 2120 302 ET
2157 245 2386 303 IALIS.

3300 243 3440 308 HN

170 373 383 432 haesuri
414 375 586 445 cupit,
621 386 754 432 veru
780 374 1086 432 secundum
1140 372 1388 446 Apostoli
1428 386 1616 429 vocem
1675 373 1773 428 ba-
1801 375 1848 433 Α
1875 386 2005 426 num
2034 369 2302 435 mulieris,
2332 377 2390 426 et
2415 365 2682 438 decerpsit
2727 367 2798 424 de
2847 369 3044 425 arbore
3087 365 3347 430 fructum,
3381 377 3437 422 et

171 465 281 520 bet
315 467 484 520 viam.
515 464 695 520 Suave
729 465 817 521 est
846 464 993 520 enim
1019 463 1068 522 si
1099 462 1370 519 liberetur
1407 463 1532 534 quis
1565 479 1596 519 a
1629 478 1768 519 con-

1875 464 1926 516 vi
1953 464 2012 519 in
2043 461 2162 529 eius
2181 475 2280 520 ore
2301 460 2597 530 imposuit:
2626 459 2720 519 sed
2746 460 3008 529 scriptum
3034 469 3138 524 est,
3163 460 3288 529 quia
3318 473 3438 513 mu-

173 554 433 621 fusione,
463 570 495 610 a
525 555 761 619 turbela,
798 571 829 610 a
862 557 1193 627 auspicibus.
1250 555 1346 611 lati
1376 559 1539 626 ,enlm
1574 558 1770 614 oculus
1871 553 1973 609 lier
2015 566 2177 610 suasa
2227 549 2502 620 protendit
2542 564 2765 607 manum
2812 552 2881 605 ad
2934 552 3203 616 arborem,
3259 559 3316 606 et
3369 562 3437 606 os

172 661 302 703 non
332 645 490 707 lotus
512 656 617 712 est,
652 648 1053 720 sedsapientia
1108 646 1376 718 gaudens,
1423 657 1481 703 et
1531 648 1680 704 visus
1715 656 1771 704 et
1871 641 2124 710 aperiens
2169 655 2349 706 suum,
2392 641 2621 697 immisit
2670 639 2927 700 fructum.
2985 640 3201 697 Utinam
3248 651 3432 697 autem

175 751 368 806 purus
415 745 472 793 et
508 737 765 801 mundus.
823 738 926 796 Ubi
967 746 1146 793 autem
1185 739 1526 795 conscientia
1576 740 1765 808 luerit,

175 826 575 894 circumspicit
605 830 794 885 oculus
843 844 914 885 ne
949 829 1070 898 quis
1113 829 1292 885 vidit:
1338 829 1460 886 sitit
1491 846 1612 898 cor,
1640 847 1767 902 pro-

176 923 316 985 pter
367 913 481 986 (93)
525 929 598 972 .ea
646 931 770 988 qua
810 918 1142 986 suspicatur,
1180 929 1236 974 et
1285 920 1338 974 in
1386 920 1638 990 plurimis
1679 931 1767 978 tu—

180 1003 301 1061 tela
339 1004 456 1078 (94)
489 1020 599 1075 est,
627 1018 707 1065 ‘et
751 1024 860 1066 non
911 1021 999 1065 est
1046 1011 1152 1066 iste
1207 1013 1499 1068 suavitatis
1548 1022 1764 1083 gustus.

179 1093 338 1164 Quid
365 1099 515 1153 enim
542 1113 709 1156 suave
737 1109 824 1156 est
849 1100 905 1156 in
929 1101 1008 1155 ira
1037 1101 1062 1156 Υ
1104 1112 1161 1156 et
1195 1115 1346 1160 certe
1383 1104 1768 1161 contudimus

150 1182 247 1244 ὀι
278 1189 380 1245 irae
414 1191 700 1247 adversum
727 1206 828 1248 nos
853 1194 1080 1250 donare.
1114 1193 1258 1262 Quid
1291 1211 1459 1252 suave
1489 1205 1575 1253 est
1608 1199 1660 1252 in
1688 1199 1767 1254 in-

181 1281 338 1337 vidia
375 1280 866 1353 (95)?Tabeseunt
914 1284 1060 1340 enim
1100 1298 1156 1342 et
1204 1303 1352 1353 ossa,
1403 1299 1460 1344 et
1495 1304 1670 1355 mens,
1710 1298 1767 1344 et

179 1371 430 1427 medulla
469 1373 852 1431 invidentium.
882 1375 991 1432 Sed
1031 1378 1078 1432 si
1121 1388 1451 1450 apparerent
1476 1382 1764 1451 passiones

180 1478 312 1521 cu
348 1463 565 1534 ﬂuent,
593 1482 703 1524 non
728 1477 918 1525 esset“
947 1471 1254 1541 passiones.
1281 1471 1446 1528 Sicut
1464 1475 1610 1529 enim
1656 1477 1762 1529 do-

181 1555 310 1611 lens
345 1557 672 1615 oculusnon
709 1561 874 1626 videt,
915 1573 974 1617 et
1007 1563 1060 1618 iu
1094 1573 1362 1634 quantum
1411 1563 1583 1630 dolet,
1636 1574 1763 1619 tan-

182 1659 303 1706 tu
331 1662 389 1707 et
422 1666 454 1708 a
479 1652 686 1708 visione
715 1653 1051 1722 impeditur:
1079 1653 1160 1709 ita
1187 1664 1245 1710 et
1272 1654 1456 1710 anima
1487 1669 1610 1726 qua
1642 1669 1765 1723 pas-

1871 733 2199 790 fuissetvisl
2240 734 2324 788 vis
2371 733 2514 788 enim
2571 747 2679 788 non
2723 741 2983 803 procurat
3028 741 3282 799 mortem,
3334 732 3431 788 sed

1871 827 1967 881 dat
1995 837 2054 884 ut
2077 828 2409 898 ignoscatur.
2443 825 2549 885 Sed
2579 825 3032 896 quemadmodum
3062 823 3438 894 scriptumust

1868 918 2164 986 videamus,
2221 928 2286 974 ut
2345 919 2561 979 edoceri
2622 917 2894 987 possimus
2939 923 3201 986 quantum
3254 921 3434 985 potest

1868 1011 2132 1067 diabolus.
2154 1011 2465 1070 Amicitiam
2494 1009 2670 1074 licuit,
2694 1009 2934 1066 ostendit
2950 1007 3430 1078 pulchritudinem,

1867 1102 2057 1165 suasit,
2083 1103 2352 1172 promisit,
2386 1101 2507 1157 ideo
2539 1100 2663 1171 quis
2691 1102 2798 1156 vim
2823 1100 3008 1155 iacere
3039 1113 3149 1154 non
3194 1095 3431 1157 valebat.

1865 1190 1934 1245 Et
1960 1206 2106 1246 nunc
2132 1191 2287 1246 multi
2323 1193 2553 1247 suadent
2576 1190 2703 1254 sibi,
2736 1189 2863 1260 quia
2916 1179 3216 1242 tr'abuntur
3239 1200 3271 1242 a
3305 1184 3431 1254 qui-

1864 1281 2111 1338 busdam.
2147 1281 2228 1337 llli
2255 1282 2402 1338 enim
2425 1283 2521 1353 qui
2546 1281 2682 1336 ieris
2705 1290 2855 1346 sunt,
2903 1278 3043 1335 forte
3094 1286 3270 1334 autem
3324 1277 3430 1331 ali-

1866 1375 1958 1445 qui
1985 1383 2045 1430 et
2069 1387 2141 1430 ea
2170 1373 2259 1430 liis
2283 1374 2376 1442 qui
2412 1374 2554 1428 intus
2581 1381 2728 1439 sunt,
2751 1381 2946 1441 putant
2965 1387 3026 1426 se
3070 1385 3099 1426 a
3145 1369 3317 1428 stellis
3349 1378 3434 1426 at-

1866 1462 2032 1530 trahi,
2055 1461 2255 1518 malum
2280 1459 2425 1516 malo
2448 1469 2704 1517 curantes
2727 1475 2743 1526 ;
2769 1471 2962 1515 etcum
2991 1461 3253 1516 deberent
3276 1474 3430 1518 suam

1867 1556 2127 1612 malitiam
2152 1553 2424 1618 conﬁteri,
2460 1550 2609 1611 sibi!
2643 1554 2819 1625 majus
2867 1552 3066 1608 malum
3100 1549 3428 1622 procedenti

1868 1647 2011 1703 malo
2038 1657 2433 1717 suprapouunt.
2457 1645 2781 1702 Creaturam
2808 1644 3009 1715 quippe
3047 1643 3284 1714 propriis
3316 1657 3437 1700 ma-

181 1741 375 1800 lim
415 1743 672 1810 ίηοιιηείι.
859 1745 1105 1800 intuetur
1149 1710 1522 1816 ignominiam.
1555 1710 1712 1802 suam
1741 1760 1760 1801 :
1795 1710 1838 1767 Β
1864 1737 1930 1792 lis
1958 1710 2412 1800 curitatniuautes,
2433 1735 2583 1792 aliud
2620 1743 2800 1790 autem
2827 1710 2959 1789 eum
2979 1710 3220 1803 superati
3243 1747 3274 1787 a
3301 1745 3434 1787 con-

180 1835 463 1906 siquidem
498 1851 598 1892 nec
621 1834 806 1892 ebrius
833 1836 1000 1892 sentit
1025 1852 1148 1893 cum
1186 1839 1466 1895 irridetur.
1502 1838 1765 1910 Evigilate

181 1925 357 1996 igitur
405 1934 461 1980 et
514 1925 859 1994 resipiscite;
903 1927 1300 1983 coniundimini
1351 1928 1477 1997 quia
1525 1930 1594 1984 ab
1640 1928 1764 1984 aliis

182 2015 453 2075 eilia-itis.
493 2015 812 2088 Quicunque
836 2017 984 2075 enim
1012 2028 1144 2089 post
1175 2019 1488 2089 passionem
1531 2033 1761 2087 percus-

182 2117 381 2163 serunt
413 2123 508 2164 cor
529 2110 882 2180 pmuiteutes,
910 2110 1124 2165 liberati
1155 2121 1306 2167 sunt.
1349 2110 1409 2165 Si
1439 2121 1621 2165 autem
1655 2125 1762 2164 non

184 2208 598 2267 percusserunt,
645 2201 873 2255 necdum
926 2201 1143 2256 liberati
1189 2203 1260 2257 ab
1312 2200 1580 2255 ebrietate
1611 2209 1760 2256 sunt.

183 2287 298 2344 Sed
321 2288 580 2345 illicimur.
607 2290 724 2345 visu
751 2290 818 2345 ad
852 2291 1308 2360 pulchritudium
1330 2291 1599 2354 vultuum.
1619 2289 1763 2358 Quid

183 2380 328 2437 colo
357 2392 446 2437 est
473 2380 688 2448 melius,
715 2382 890 2452 quid?
934 2381 1130 2438 Melius
1156 2391 1242 2439 est
1269 2384 1498 2439 credere
1534 2383 1645 2438 Deo
1678 2383 1762 2438 di-

184 2473 331 2528 centi
368 2489 385 2528 :
417 2470 671 2543 Respicite
701 2475 757 2530 in
785 2473 952 2529 altum
975 2475 1149 2531 Deum
1176 2475 1351 2532 oculis
1373 2477 1578 2541 uestris,
1601 2486 1657 2530 et
1688 2475 1764 2530 ui-

183 2563 306 2619 dete
329 2564 451 2633 quia
484 2564 722 2619 condidit
755 2568 937 2621 omnia
967 2567 1072 2621 ista
1103 2567 1170 2620 “.
1196 2567 1337 2634 Quid
1371 2567 1442 2620 ita
1476 2567 1763 2637 pulchrum

185 2653 241 2708 in
268 2656 428 2712 oculo
447 2664 534 2710 est
563 2657 826 2720 mulieris,
857 2667 1120 2728 quantum
1150 2657 1231 2714 sol
1261 2658 1427 2714 habet
1452 2658 1505 2712 in
1540 2655 1761 2728 fulgori-

185 2747 472 2806 besalis?
504 2749 644 2816 Quid
679 2750 750 2804 ita
789 2749 947 2806 ﬂoret
973 2750 1024 2805 in
1054 2749 1240 2807 fronte
1288 2750 1530 2815 mortali,
1586 2765 1762 2820 quan-

189 2847 304 2894 tum
346 2841 400 2896 in
439 2841 588 2896 omni
635 2840 775 2897 cmlo
811 2841 1058 2911 splendet
1094 2841 1242 2912 quod
1268 2841 1521 2896 videtur?
1549 2841 1675 2910 quia
1708 2848 1764 2896 et

188 2929 313 2985 aliis
342 2930 585 2986 varietas
613 2930 902 3001 vestigium
947 2929 1107 2986 illicit
1157 2939 1217 2984 ut
1247 2929 1438 2985 stellae.
1489 2927 1595 2984 Sed
1623 2927 1763 2984 forte

1865 1829 2215 1899 cupiscestiis
2246 1828 2470 1894 fuerint,
2501 1826 2816 1884 remiserint
2842 1836 3024 1884 autem
3059 1823 3238 1884 fenum
3271 1824 3425 1893 cnci-

1867 1931 2012 1978 tatus
2035 1921 2142 1986 sui,
2168 1930 2362 1991 putant
2391 1919 2711 1976 inﬁrmitate
2736 1917 3053 1988 frequenter
3077 1931 3139 1972 se
3169 1916 3334 1982 vinci,
3377 1925 3438 1977 et

1865 2029 1972 2069 non
2011 2029 2111 2069 suo
2159 2013 2437 2084 proposito
2489 2010 2809 2082 negligenti.
2858 2009 2918 2065 Si
2943 2009 3068 2079 quis
3095 2016 3275 2062 autem
3309 2006 3432 2064 vult

1865 2113 2113 2158 naturam
2140 2116 2456 2173 agnoscere,
2492 2118 2598 2158 non
2633 2102 2718 2157 bis
2749 2116 2870 2172 quae
2903 2099 3211 2171 praseribit
3261 2115 3434 2171 agno-

1865 2202 2022 2259 scat;
2063 2193 2188 2263 quia
2226 2208 2325 2249 nec
2352 2191 2516 2249 debet
2563 2194 2806 2248 accusari
2839 2191 3036 2264 regalis
3071 2207 3322 2250 nummus
3362 2193 3435 2250 ab

1865 2285 2130 2341 adultero.
2186 2285 2338 2340 illam
2378 2283 2755 2340 fortitudinem
2789 2295 3000 2342 natura
3035 2295 3091 2341 et
3131 2287 3428 2357 cogitatum

1864 2377 2067 2443 videat,
2103 2391 2227 2432 cum
2272 2376 2717 2448 concupiscentia
2769 2376 3043 2444 hortatur,
3089 2392 3213 2432 cum
3266 2377 3434 2432 libido

1866 2479 2041 2539 rogat,
2075 2477 2129 2522 et
2163 2483 2270 2527 uox
2299 2469 2644 2528 occasionem
2671 2467 2876 2538 prabet
2903 2486 2916 2522 :
2964 2467 3238 2537 quomodo
3278 2468 3427 2538 cogi-

1866 2570 2014 2616 tatus
2044 2575 2075 2615 e
2099 2569 2288 2616 contra
2312 2559 2583 2616 obstruit:
2613 2558 2742 2629 quia
2765 2567 2821 2613 et
2841 2559 2893 2613 in
2921 2557 3263 2629 passiouibus
3291 2573 3433 2614 mar-

1866 2662 2069 2724 tyrum,
2101 2666 2294 2708 manus
2318 2651 2532 2721 quidem
2566 2651 2793 2717 radunt,
2827 2650 2970 2706 oculi
3001 2659 3183 2705 autem
3216 2650 3431 2705 minan-

1864 2751 1972 2810 tur,
2003 2751 2059 2798 et
2091 2743 2283 2799 dentes
2311 2745 2439 2798 dum
2470 2742 2707 2799 strident
2751 2752 2975 2809 terrent,
3015 2752 3073 2800 et
3117 2743 3353 2814 tyranni,
3381 2757 3432 2799 ei

1862 2836 2046 2908 gladii,
2075 2844 2130 2891 et
2161 2836 2402 2906 ignis,.et
2429 2835 2576 2892 mille
2601 2837 2812 2907 species
2838 2837 3033 2892 mortis
3067 2845 3432 2906 apponuntur.

1862 2939 1920 2985 et
1943 2926 2216 2997 cogitatus
2240 2943 2347 2981 non
2386 2926 2647 2984 ﬂectitur.
2676 2926 2784 2984 Sed
2810 2927 2950 2983 alius
2985 2929 3162 2984 victus
3187 2936 3272 2983 est
3297 2945 3313 2982 :
3339 2929 3434 2983 sed

187 3021 232 3076 si
258 3030 451 3078 essem
479 3021 533 3076 in
560 3021 761 3087 medio,
787 3030 846 3075 ut
873 3020 942 3075 ad
969 3020 1431 3090 comparationem
1469 3018 1613 3085 dico,
1664 3019 1764 3073 ali-
1790 3042 1833 3101 ο
1866 3033 1975 3074 non
2007 3033 2038 3074 a
2071 3018 2230 3074 victis
2267 3019 2464 3076 debent
2498 3020 2714 3088 agmina
2748 3018 3009 3075 militaria
3044 3019 3301 3090 iudicari.
3344 3019 3438 3076 Ille

187 3114 383 3169 nuntia:
408 3114 675 3180 diversa;
703 3123 758 3167 et
791 3113 837 3168 si
873 3111 1133 3184 possibile
1159 3121 1306 3166 esset
1331 3119 1384 3166 et
1418 3111 1618 3165 artium
1645 3111 1763 3180 pul-

187 3203 530 3261 cbritudines
557 3204 710 3275 poni,
730 3205 1108 3260 eadunarentur
1134 3212 1315 3257 autem
1343 3210 1400 3257 et
1427 3201 1762 3285 omnia.ani-

189 3296 375 3363 malia,
404 3305 459 3352 et
483 3305 882 3366 proponeretur
913 3295 1076 3351 lectio
1101 3293 1215 3367 (96)
1245 3311 1262 3350 :
1298 3293 1484 3350 statim
1511 3297 1662 3364 porci
1695 3294 1764 3349 ad

186 3400 398 3445 stercus
424 3395 732 3453 currerent,
762 3401 948 3443 mures
973 3385 1040 3441 ad
1066 3385 1170 3441 alia
1203 3385 1508 3441 istiusmodi
1561 3399 1763 3440 conve-

188 3481 394 3537 nientia
423 3481 523 3536 sibi
553 3490 610 3537 et
632 3480 809 3535 amica
841 3496 856 3534 :
890 3479 1028 3535 asini
1075 3488 1282 3545 autem,
1316 3488 1373 3532 et
1402 3478 1506 3531 alia
1541 3493 1661 3546 qua:
1689 3478 1763 3532 ita

189 3582 317 3630 sunt
343 3573 495 3628 tarda
528 3571 807 3638 animalia,
863 3571 954 3626 illa
1001 3572 1223 3642 quidem
1268 3569 1452 3624 fenum
1490 3579 1761 3639 peterent,

189 3666 293 3721 alia
319 3666 388 3720 ad
420 3679 486 3722 ea
520 3679 644 3736 qua
680 3672 1010 3720 consuerunt
1041 3677 1102 3718 se
1121 3661 1431 3732 iungerent.
1463 3659 1635 3716 Homo
1665 3677 1761 3714 au-

189 3764 297 3814 tem
330 3755 645 3828 dignitatem
687 3756 927 3812 hominis
945 3755 1173 3810 salvans
1203 3752 1273 3809 ad
1300 3763 1448 3809 artes
1492 3762 1761 3815 curreret,

187 3862 242 3906 et
268 3851 336 3905 ad
363 3846 675 3918 spectacula
701 3847 901 3901 artium
929 3853 1268 3916 properaret.
1321 3842 1380 3898 Si
1432 3842 1552 3913 quis
1579 3852 1763 3895 autem

190 3951 334 3999 esset
379 3943 543 3998 homo
581 3954 711 3996 vere
757 3949 813 3994 et
859 3939 1100 3995 hominis
1123 3937 1344 3994 salvans
1375 3951 1634 4003 sensum;
1665 3939 1761 3990 de-

191 4035 422 4106 spiciens
452 4045 508 4089 et
523 4033 789 4090 derideus
816 4032 1157 4101 relinqueret
1193 4031 1385 4101 utique
1434 4027 1760 4085 sollicitudi-

191 4140 312 4182 nem
334 4127 707 4196 propositam;
741 4121 1042 4192 respiceret
1078 4128 1264 4175 autem
1294 4133 1514 4174 sursum
1551 4117 1618 4173 ad
1643 4129 1761 4172 coe-

195 4219 324 4282 lunt,
347 4224 402 4270 et
430 4214 637 4270 videret
662 4227 783 4283 quis
814 4214 868 4268 iu
896 4211 1040 4268 ctelo
1080 4220 1136 4266 et
1186 4210 1444 4280 superius
1480 4209 1624 4265 cmlo
1665 4209 1762 4262 ha-

193 4309 405 4372 bentur,
456 4321 569 4361 .uon
619 4305 792 4361 oculis
834 4304 928 4363 sed
982 4313 1186 4368 mente,
1233 4310 1289 4356 et
1329 4316 1436 4356 non
1486 4308 1763 4369 pateretur

1867 3111 2013 3167 enim
2046 3112 2138 3181 qui
2172 3111 2348 3166 victus
2377 3121 2478 3176 est,
2507 3111 2716 3168 ordinis
2740 3113 2913 3168 aciem
2963 3112 3211 3175 dimisit;
3253 3113 3322 3167 ab
3352 3112 3437 3167 bis

1867 3214 2050 3258 autem
2078 3202 2170 3270 qui
2209 3211 2487 3272 superant,
2519 3201 2716 3260 debent
2759 3202 2981 3270 agnosci
3016 3204 3258 3271 agmlues
3291 3202 3434 3256 mili.

1869 3305 2031 3350 tares.
2059 3294 2195 3362 Quia
2228 3308 2402 3364 neque
2427 3309 2457 3348 a
2491 3293 2652 3350 caecis
2679 3292 2871 3349 oculus
2905 3293 3215 3363 iudicatur,
3261 3308 3436 3365 neque

1867 3399 1897 3440 a
1930 3384 2109 3443 surdis
2142 3385 2314 3451 auris,
2344 3396 2522 3457 neque
2552 3385 2621 3442 ab
2645 3386 3038 3456 :egrotantibus
3083 3393 3299 3451 natura,
3334 3402 3436 3441 nec

1867 3478 1936 3533 ab
1962 3477 2320 3535 iniructuosis
2363 3478 2650 3537 arboribus
2691 3477 2849 3548 culpa
2882 3487 3090 3536 natura:
3137 3478 3298 3534 debet
3341 3494 3431 3533 as-

1867 3568 2001 3624 cribi
2031 3587 2047 3622 :
2079 3570 2208 3640 quia
2243 3583 2344 3624 nec
2374 3569 2573 3624 mortui
2601 3569 2848 3624 homines
2873 3569 3123 3624 homines
3151 3577 3302 3632 sunt,
3336 3583 3436 3623 nee

1867 3660 1920 3715 in
1959 3660 2095 3716 vivis
2125 3660 2411 3731 irreligiosi
2439 3671 2496 3716 et
2522 3661 2692 3731 impii,
2721 3676 2899 3731 neque
2935 3669 3218 3730 assumpta
3283 3660 3434 3716 dele-

1867 3752 2032 3808 ctatio
2076 3752 2381 3809 libidinosis
2426 3761 2729 3823 reputatur.
2781 3751 2907 3808 Hzec
2947 3752 3090 3807 enim
3143 3762 3228 3809 est
3270 3768 3433 3808 noxa.

1864 3840 1932 3899 Et
1962 3845 2165 3900 utinam
2189 3845 2467 3916 expediret
2495 3843 2694 3914 aliquid
2718 3857 2919 3907 sermo,
2954 3853 3014 3898 ut
3031 3854 3087 3899 et
3118 3844 3314 3898 iterum
3338 3845 3436 3899 ﬂe-

1865 3946 1968 3992 ret.
2021 3935 2160 4004 Quia
2211 3937 2358 3992 enim
2413 3949 2800 4018 nonnunquam
2847 3944 3109 4018 putantur
3158 3948 3438 3995 sermones

1866 4027 2170 4083 contrarios
2225 4028 2295 4082 ob
2354 4016 2747 4099 spectationem
2795 4026 2909 4099 (97)
2961 4016 3168 4082 fructus
3215 4027 3438 4092 aﬂ'erre.

1867 4121 2007 4176 sicut
2053 4117 2197 4176 Deus
2237 4119 2405 4175 lsrael
2431 4119 2652 4190 culpans
2691 4118 2862 4174 dicit:
2895 4117 3137 4174 Sustinui
3160 4127 3218 4173 ιιι
3245 4119 3438 4189 {cura

1865 4226 2042 4277 suam,
2098 4211 2220 4280 fecit
2268 4219 2448 4268 autem
2478 4211 2658 4278 spinas
2699 4209 2786 4275 δίς
2827 4213 3136 4266 exhortatio
3191 4213 3437 4282 quaedam

1866 4302 2101 4360 eﬁicitur
2142 4304 2209 4358 ad
2267 4302 2593 4368 docendum,
2643 4317 2709 4356 eo
2758 4304 2906 4371 quod
2959 4317 3065 4358 non
3111 4302 3441 4358 i'ructiilcant

197 4405 441 4458 deorsum
497 4399 550 4455 iu
595 4411 756 4454 coeno
801 4395 1059 4451 volutari.
1097 4393 1205 4450 Sed
1257 4393 1387 4463 quid
1444 4393 1707 4448 iaciemus
1738 4390 1762 4444 τ
1793 4377 1838 4432 Ῑ)
1867 4397 2052 4452 verba.
2088 4395 2368 4466 Siquidem
2387 4403 2443 4449 et
2466 4392 2578 4448 illic
2604 4393 2734 4451 dicit
2765 4395 2904 4448 Deus
2931 4409 2947 4448 :
2976 4393 3168 4448 Omnia
3195 4410 3442 4464 quacun-

199 4495 333 4552 Deua
360 4491 605 4563 superius
630 4489 771 4546 emlo
796 4498 880 4544 est
924 4496 978 4542 et
1027 4484 1250 4556 ubique.
1285 4485 1536 4541 Mortalia
1582 4493 1762 4537 autem

197 4587 334 4642 circa
366 4583 507 4639 latus
536 4582 792 4648 illicinnt,
824 4590 881 4635 et
907 4593 1084 4650 neque
1115 4580 1384 4640 dicentes,
1438 4589 1615 4645 neque
1665 4589 1764 4626 au-

198 4679 403 4735 dientes
445 4674 751 4732 excitamur
795 4688 827 4726 a
871 4684 1064 4728 somno
1105 4687 1123 4737 ;
1177 4670 1272 4725 sed
1315 4667 1457 4723 sicut
1504 4681 1628 4722 cera
1674 4674 1768 4725 aint

199 4771 468 4842 plumbum
497 4767 734 4824 infusum
763 4767 988 4821 auribus
1024 4762 1225 4819 nostris
1250 4760 1470 4816 obturat
1496 4759 1769 4815 sermoiiis

203 4868 520 4935 ingressum,
542 4870 598 4915 et
624 4860 930 4916 clamamus
967 4856 1088 4911 sine
1120 4869 1285 4910 causa
1315 4870 1329 4907 :
1364 4852 1586 4907 trahunt
1619 4851 1764 4905 eiiim

204 4972 316 5026 qua:
345 4957 626 5010 attrahunt
652 4967 758 5008 non
789 4965 913 5007 cum
943 4949 1018 5014 vi,
1051 4947 1320 5017 siquidem
1376 4960 1476 5000 nec
1531 4945 1708 5014 pisces
1734 4958 1763 4996 a

204 5047 400 5122 laqueis
444 5061 569 5102 cum
604 5045 654 5100 vi
688 5045 986 5100 trahuntur
1035 5039 1276 5111 quandiu
1324 5047 1380 5092 et
1424 5037 1762 5104 capiuntur:

205 5155 364 5210 neque
392 5138 637 5195 diabolus
669 5142 776 5194 vim
807 5138 939 5192 facit
968 5131 1302 5196 hominibus,
1340 5128 1433 5184 sed
1491 5128 1760 5182 hortatur.

203 5230 309 5292 Non
333 5235 475 5290 enim
499 5231 762 5301 scriptum
795 5237 902 5292 est,
952 5228 1075 5295 quia
1109 5223 1321 5291 accepit
1356 5219 1602 5280 diabolus
1642 5215 1762 5272 ma-

268 5352 307 5386 “
332 5351 436 5409 lea.
461 5368 550 5419 an,
572 5353 664 5407 26.
741 5350 787 5382 “
811 5350 914 5405 lsa.
942 5363 997 5412 v,
1031 5347 1086 5400 4.
1164 5343 1211 5376 ⁵⁸
1237 5340 1368 5396 ibid.

270 5445 372 5518 (95)
394 5445 520 5518 at...
546 5445 678 5518 aelii
700 5461 791 5500 cor
821 5455 1055 5518 propter.

271 5512 372 5587 (οι)
402 5515 609 5587 Tutela.
635 5512 1072 5587 Forte,tsrbeia.

269 5577 372 5660 i95)
402 5583 530 5649 Με..
556 5587 684 5652 quid
709 5577 868 5639 suave
893 5592 969 5637 est
992 5584 1049 5636 in
1074 5578 1270 5635 invidis
1293 5577 1317 5632 7

510 5683 783 5742 ΡΑτιιοι..
834 5679 952 5740 Gn.
1002 5674 1232 5739 XXIV.

1867 4503 1967 4558 que
1995 4486 2148 4540 debui
2171 4487 2342 4556 facere
2369 4485 2472 4556 [sci
2505 4486 2668 4538 vinea:
2701 4499 2832 4538 mea
2861 4481 2928 4538 “.
2964 4483 3098 4551 Quia
3137 4483 3284 4538 enim
3311 4499 3443 4538 con-

1871 4579 2067 4635 trarius
2093 4578 2484 4649 exspectationi
2515 4578 2693 4632 attulit
2721 4575 2952 4641 fructus,
2984 4577 3081 4642 ait,
3127 4574 3440 4630 Subducam

1869 4670 2096 4726 imbrem
2127 4671 2194 4724 ab
2209 4684 2274 4725 ea
2300 4687 2316 4724 :
2347 4668 2533 4738 ιιιψιίά
2564 4667 2707 4721 enim
2728 4665 2939 4737 pluvias
2968 4666 3018 4721 ei
3045 4666 3214 4720 vinea:
3253 4665 3305 4719 in
3332 4679 3440 4734 qua

1872 4777 1978 4817 non
2010 4768 2310 4832 exsurgunt
2332 4760 2356 4813 i
2359 4758 2579 4816 ructus?
2609 4758 2676 4813 Et
2700 4756 2830 4823 alia,
2862 4758 3058 4829 inquit,
3085 4757 3270 4811 omnia
3299 4771 3446 4826 quasi

1872 4866 2085 4923 cunque
2113 4851 2214 4907 ieci
2247 4851 2313 4905 ad
2339 4849 2817 4905 iructiiicationem
2847 4848 2984 4916 ejus,
3017 4848 3266 4919 quaedam
3312 4848 3437 4917 ιιιιί-

1872 4945 1993 5000 dem
2028 4941 2293 5008 auferam,
2324 4941 2569 5011 quaedam
2603 4949 2784 4994 autem
2818 4947 3092 5001 evertam:
3116 4946 3174 4990 ut
3214 4951 3318 4992 non
3343 4953 3436 4991 cu-

1870 5032 2084 5088 stodita
2131 5033 2299 5103 spina:
2341 5041 2396 5085 et
2439 5030 2611 5085 imbre
2643 5027 2830 5099 rigata
2879 5027 3166 5084 ﬂorescant
3203 5044 3218 5083 :
3251 5036 3346 5083 aut
3372 5041 3444 5083 ex

1872 5124 2107 5197 negotiis
2138 5137 2230 5178 aut
2256 5139 2323 5179 ex
2356 5116 2656 5191 Scripturis
2701 5122 3083 5177 condiseamus
3117 5118 3442 5190 religiosita-

1872 5227 2001 5274 tem.
2037 5217 2082 5271 Α
2125 5217 2356 5288 negotiis
2387 5217 2604 5286 quidem
2632 5215 2909 5270 videamus
2932 5211 3180 5269 mortalia
3213 5224 3270 5267 ut
3302 5225 3446 5269 mor

1942 5423 2055 5495 (99)
2087 5421 2278 5495 Lydia.
2346 5421 2506 5495 orte
2533 5421 2730 5495 electio

1943 5483 2058 5562 (97')
2114 5493 2302 5548 Grzece
2349 5492 2514 5548 fuisse.
2582 5493 2812 5557 videtur,
2875 5487 3027 5561 παρὰ
3089 5483 3450 5557 προσδοκίαν,

1871 5575 2059 5638 praeter
2082 5566 2542 5633 exspectationem.

3045 5649 3128 5716 88
