4072 6440
662 238 800 295 ﬂ”

1312 233 1590 296 -ευδειιιι
1627 236 2100 296 CESARIENSIS
2134 237 2286 296 OPP.
2327 238 2510 295 PARS
2545 238 2634 295 ιν.
2667 271 2735 284 -
2771 236 3218 297 DOGMATICA.

660 356 810 420 talia.
845 352 1182 410 trsaseuntla
1207 357 1617 414 nttrauseuntia
1663 377 1676 413 :
1725 374 1829 415 non
1865 359 2017 417 vides
2050 360 2219 417 hone-
2244 370 2293 428 Α
2320 362 2497 417 visio!
2533 362 2624 417 ubi
2676 370 2801 418 sunt
2838 361 3029 418 oeuli?
3064 376 3101 418 o
3152 360 3339 416 bona:
3394 353 3878 414 adhortationis.»-

659 456 742 502 sta
788 456 883 501 aut
933 444 1240 513 Inhonesta‘,
1274 446 1356 503 vel
1388 463 1418 503 a
1451 452 1680 519 negotiis
1723 462 1781 507 et
1812 450 2073 520 alitteris
2105 452 2219 525 (98)

658 537 975 603 vide.,Deus
1008 547 1230 606 propter
1260 541 1687 597 misericordiam
1717 543 1799 597 sui
1830 544 2021 599 scribit
2044 545 2221 601 homi-

658 642 759 683 nes
787 628 1157 684 inobedientes
1180 643 1305 685 esse
1332 646 1439 687 non
1468 633 1690 689 debere.
1730 630 1897 688 Putas
1925 631 2223 705 fatigantur

660 719 879 789 quidam
910 734 1031 775 esse
1050 721 1275 790 pudici?
1306 722 1421 779 Non
1451 726 1643 779 mirum
1668 735 1848 779 autem
1879 724 1924 779 si
1947 724 2222 781 libidinosi

663 828 773 870 non
804 814 989 869 satiati
1014 816 1126 884 iam
1163 829 1402 874 cessant.
1442 818 1500 875 Si
1535 819 1678 874 enim
1702 819 1785 873 his
1808 819 1901 888 qui
1935 819 2069 877 bene
2093 834 2223 876 eur-

660 919 792 963 runt
834 910 987 964 labor
1028 919 1134 975 est,
1185 912 1268 967 his
1302 913 1391 982 qui
1430 911 1569 966 male
1598 922 1825 967 currunt
1872 926 1969 967 cur
1997 912 2225 967 satietas

660 1015 767 1055 non
818 1001 1095 1056 habetur?
1141 1001 1419 1075 Fatigatur
1450 1001 1573 1071 quis
1620 1000 1827 1058 faciens
1858 1003 2037 1070 bene;
2083 1001 2225 1058 male

659 1102 839 1145 autem
868 1090 1077 1147 faciens
1118 1091 1520 1147 nonsatiatur‘l
1573 1091 1757 1160 Equus
1792 1093 1845 1147 in
1886 1107 2051 1147 cursu
2104 1090 2221 1147 em-

658 1179 801 1234 eitur
832 1181 1033 1236 sudans
1060 1198 1076 1249 ;
1107 1190 1162 1237 et
1182 1180 1354 1235 malus
1388 1195 1615 1236 currens
1644 1191 1803 1251 putas
1828 1196 1933 1235 non
1965 1180 2227 1252 fatigatur

660 1270 717 1325 in
736 1272 971 1327 sudore?
988 1272 1103 1327 Non
1126 1273 1267 1328 enim
1294 1280 1497 1325 tantum
1516 1272 1772 1341 exprimit
1786 1285 1980 1328 cursus
2000 1286 2223 1341 equum,

660 1372 921 1431 quantum
948 1377 1041 1418 eos
1073 1362 1164 1431 qui
1213 1360 1418 1416 malitia
1467 1371 1715 1417 utuntur.
1760 1362 1979 1419 Cessate
2009 1378 2041 1417 a
2072 1362 2228 1417 mali-

660 1453 753 1507 tiis
796 1454 1015 1517 vestris,
1070 1459 1125 1504 et
1176 1452 1372 1506 iterum
1418 1453 1667 1509 odientes
1711 1454 1910 1509 malum
1934 1452 2225 1525 jungimini

658 1544 823 1596 bono.
863 1539 978 1596 Non
1012 1540 1230 1609 prodest
1263 1541 1470 1598 malitia
1497 1544 1678 1608 malo;
1713 1544 1913 1599 malum
1938 1543 2222 1607 enimest,

660 1633 870 1688 etiamsi
898 1633 1196 1689 sentiamus
1234 1644 1327 1688 aut
1354 1650 1461 1689 non
1493 1636 1816 1691 sentiamus.
1849 1635 2019 1707 Magis
2043 1644 2222 1691 autem

2321 468 2413 510 sus
2437 456 2451 510 ι
2487 454 2580 510 ubi
2604 450 2799 510 sensus
2819 454 2843 509 τ
2866 454 2958 509 ubi
2993 452 3297 524 cogitatus
3320 441 3378 503 1⁸
3403 445 3553 515 Quid
3591 447 3880 516 reprehendi-

2327 546 2398 602 sti
2430 545 2519 600 illa
2547 544 2572 600 τ
2600 546 2732 615 quid
2768 544 3033 615 agnovisti
3071 541 3302 597 in-istis
3327 540 3355 593 τ
3392 538 3488 595 ubi
3512 538 3879 596 annotinasesr-

2323 652 2439 700 sus,
2467 646 2528 691 ut
2558 646 2615 691 et
2636 650 2949 706 perseveres
2981 635 3035 690 in
3078 632 3372 704 prasenti
3422 645 3574 684 anno
3609 630 3661 684 in
3693 644 3823 685 cano
3844 640 3879 687 ta

2322 730 2545 784 volvens
2590 728 2615 784 2
2669 729 2759 785 ubi
2809 738 2935 782 sunt
2986 741 3111 798 qua
3177 723 3549 782 manducasti
3609 732 3724 777 ante
3764 723 3879 777 istum

2324 820 2487 885 diem,
2521 828 2583 875 ut
2632 818 2856 876 festines
2901 816 3015 891 (99)
3066 828 3127 872 et
3171 814 3411 871 hodie?
3441 828 3608 884 quem
3636 812 3832 867 fructum
3859 828 3880 869 ι

2326 910 2552 965 libidine
2604 911 2887 983 accepisti,
2942 920 3002 965 ut
3058 909 3286 964 iterum
3344 906 3420 960 ad
3479 905 3650 973 ipsam
3684 904 3882 971 injurias

2326 1000 2558 1057 curras?
2608 1001 2667 1056 Si
2721 1012 2899 1056 autem
2957 1015 3057 1056 nos
3106 998 3352 1054 hortari
3406 1000 3595 1050 vestra
3640 994 3881 1049 obedientil

2324 1092 2510 1159 vultis,
2540 1092 2831 1146 ostendere
2860 1091 2938 1164 (Ι)
2966 1093 3082 1160 ipso
3124 1103 3320 1159 opere
3379 1086 3601 1141 fructus
3651 1084 3882 1138 aerisonis.

2325 1180 2477 1238 Nunc
2508 1194 2687 1236 autem
2726 1190 2782 1237 et
2811 1196 2906 1236 vos
2950 1178 3341 1235 adhortamini
3392 1193 3410 1232 :
3442 1176 3545 1231 sed
3592 1185 3781 1244 tempus
3808 1187 3882 1227 non

2328 1274 2613 1345 permittit.
2662 1270 2805 1328 Deus
2832 1282 3013 1327 autem
3058 1271 3271 1327 liberet
3299 1283 3407 1324 vos
3434 1268 3508 1323 ab
3539 1266 3682 1321 omni
3712 1265 3883 1328 maritis,

2327 1372 2382 1418 et
2429 1361 2636 1432 repleat
2684 1374 2783 1416 vos
2836 1361 2949 1415 suis
2994 1360 3180 1425 bonis,
3223 1370 3292 1415 ut
3328 1355 3585 1413 alentis
3627 1353 3882 1411 fruetnuin

2325 1455 2625 1510 centesimo
2654 1462 2710 1509 et
2736 1450 3072 1521 sexagesimo
3106 1460 3167 1506 et
3206 1450 3516 1505 tricesimo
3542 1460 3775 1508 numero.
3816 1460 3884 1515 per

2326 1545 2606 1601 Christum
2664 1541 2805 1611 ejus,
2857 1554 2955 1612 per
3002 1553 3167 1610 quem
3221 1548 3321 1595 est
3372 1538 3495 1594 Deo
3540 1535 3685 1591 Patri
3729 1536 3877 1607 gloria,

2327 1639 2523 1703 honor,
2575 1635 2885 1704 imperium,
2939 1633 3233 1703 maiestas,
3287 1646 3427 1687 eum
3475 1628 3680 1698 Spiritu
3715 1636 3880 1694 sancto,

3785 238 3877 295 ιιιι
3962 236 3963 257 ‘

661 1724 1023 1780 sentientibus
1062 1726 1292 1796 simplex
1336 1734 1441 1791 est,
1494 1740 1599 1781 non
1635 1727 1997 1781 sentientibus
2042 1735 2222 1781 autem
2256 1708 2297 1762 Β
2329 1737 2384 1784 et
2416 1741 2563 1782 nune
2607 1733 2663 1781 et
2702 1738 2937 1795 semper,
2973 1734 3029 1781 et
3068 1739 3167 1796 per
3212 1723 3423 1781 omnia
3479 1719 3675 1777 secula
3705 1717 3882 1775 scralt-

658 1816 877 1884 duplex.
912 1814 1171 1885 Respicite
1211 1818 1265 1869 in
1304 1817 1474 1871 altum
1513 1817 1684 1871 oculis
1724 1816 1929 1882 nostris,
1958 1826 2008 1871 et
2053 1817 2225 1872 ridete
2330 1833 2471 1874 rum.
2497 1817 2690 1870 Amen.

656 1905 774 1975 quis
812 1908 1081 1963 constituit
1110 1909 1285 1961 omnia
1320 1910 1421 1962 ista
1456 1908 1521 1962 “.
1548 1908 1593 1964 0
1630 1910 1785 1964 bona:
1822 1907 2215 1964 adhortationis

689 2042 3871 2087 Μ

1630 2257 2187 2374 EUSEBII
2263 2255 2954 2371 PAMPHILI

1442 2495 1621 2583 DE
1725 2492 2541 2586 OPERIBUS
2646 2492 3134 2588 BONIS

1542 2684 1651 2748 Ea:
1680 2682 1971 2763 Epistola
2000 2680 2191 2745 Pauli
2218 2683 2299 2745 ad
2327 2683 2693 2747 Corinthios
2721 2683 3018 2760 secunda,

2004 2849 2241 2913 LIBER
2282 2849 2567 2912 NONUS.

724 3144 1203 3205 Resurrectionem
1256 3144 1471 3203 Domini
1523 3153 1579 3201 et
1622 3155 1931 3215 regressum
1978 3142 2098 3211 ejus
2154 3143 2222 3200 ad
2250 3150 2293 3208 α
2329 3153 2495 3199 tutem
2526 3154 2791 3215 quantum
2824 3145 2890 3200 ad
2918 3159 3041 3201 eum
3077 3144 3170 3217 qui
3207 3144 3529 3201 videbatur.
3564 3139 3627 3199 Et
3654 3154 3749 3195 xxx
3770 3134 3867 3193 totis

652 3238 822 3294 celos
854 3237 985 3307 ipsis
1014 3234 1185 3291 oculis
1240 3233 1487 3289 videntes
1533 3232 1785 3303 apostoli,
1831 3231 2224 3289 dubitationem
2328 3231 2488 3287 annis
2519 3246 2628 3288 non
2665 3230 2869 3289 fecerat
2902 3234 3135 3305 signum,
3178 3243 3243 3289 ut
3290 3234 3479 3306 primo
3526 3229 3859 3287 suaderetno-

654 3344 816 3401 quam
872 3327 1352 3398 ante-passionem
1404 3328 1678 3381 habebant
1733 3326 2124 3394 deposuerunt,
2173 3332 2228 3378 et
2328 3323 2413 3378 bis
2449 3323 2576 3393 quia
2628 3338 2855 3381 carnem
2916 3327 3230 3397 assumpsit,
3280 3336 3340 3381 et
3389 3325 3704 3381 concederet
3742 3316 3858 3375 carni

652 3435 869 3475 omnem
906 3419 1350 3473 incredulitatem
1386 3433 1415 3471 a
1450 3432 1511 3471 se
1537 3416 1881 3485 pepulerunt.
1920 3412 2042 3485 lpso
2079 3415 2226 3470 enim
2328 3415 2589 3484 proiicere
2618 3416 2672 3470 in
2703 3426 2886 3481 aetate,
2915 3425 3098 3471 etnon
3141 3419 3208 3472 de
3256 3432 3318 3473 se
3373 3414 3638 3485 suspicari
3667 3410 3790 3482 quod
3819 3418 3860 3463 et

654 3514 774 3567 visu
808 3510 909 3566 sibi
941 3510 1075 3565 satis
1111 3509 1376 3564 facientes
1412 3507 1536 3577 quia
1562 3508 1862 3562 resurrexit
1912 3516 1969 3562 et
2017 3522 2231 3563 assum-

653 3613 778 3673 ptus
802 3602 869 3656 ad
902 3600 1070 3656 oculos
1094 3609 1179 3655 est
1218 3600 1499 3665 Dominus,
1530 3597 1620 3651 alii
1650 3612 1748 3667 pro
1771 3598 1892 3652 aliis
1919 3596 2096 3654 ell'ecti
2123 3614 2227 3653 no-

654 3701 900 3747 scuntur.
932 3689 1125 3745 Petrus
1146 3688 1292 3745 enim
1327 3704 1424 3759 pro
1446 3689 1777 3756 juramentis
1819 3698 1875 3743 et
1906 3689 2226 3759 abnegatio-

656 3784 836 3845 nibus,
876 3794 1055 3850 praeco
1107 3778 1290 3834 mundi
1340 3777 1562 3833 effectus
1588 3786 1690 3833 est.
1743 3776 1893 3833 Visio
1923 3778 2066 3833 enim
2102 3793 2228 3833 eum

656 3874 1023 3929 ﬁrmissimam
1058 3881 1267 3941 petram
1295 3869 1493 3936 ell‘ecit,
1530 3870 1602 3924 ita
1637 3879 1697 3923 ut
1725 3869 1778 3923 in
1806 3884 1927 3925 eum
1957 3882 2012 3924 et
2038 3870 2229 3925 Eccle-

662 3969 742 4020 sia
774 3965 1155 4027 mdilicaretur,
1186 3974 1238 4018 et
1266 3964 1381 4033 ipse
1408 3970 1616 4032 martyr
1661 3962 1954 4016 exsisteret
1994 3959 2221 4017 Christi.

664 4056 905 4111 Thomas
943 4068 1177 4124 quoque,
1213 4054 1301 4122 qui
1338 4061 1394 4106 et
1443 4061 1565 4121 post
1614 4054 2096 4121 resurrectionem,
2127 4067 2227 4107 an-

660 4160 876 4218 tequam
907 4149 1335 4216 experimentum
1370 4146 1662 4213 acciperet,
1696 4144 1894 4199 dubius
1929 4154 2072 4215 erat,
2103 4144 2228 4216 quia

663 4238 813 4294 misit
842 4238 1038 4309 digitos
1067 4251 1193 4291 suos
1226 4237 1277 4289 in
1325 4233 1682 4290 foraminibus
1713 4234 2018 4298 clavorum,
2054 4244 2111 4290 et
2147 4235 2228 4290 si-

650 4331 821 4386 bimet
854 4329 955 4400 ipsi
992 4328 1127 4383 salis
1156 4326 1303 4393 fecit,
1336 4326 1618 4379 Dominum
1646 4340 1771 4379 eum
1800 4333 1856 4380 et
1889 4324 2056 4380 Deum
2092 4339 2229 4381 con-

654 4422 836 4477 fessus
889 4428 991 4475 est.
1042 4420 1174 4474 Erat
1222 4418 1369 4473 enim
1411 4416 1727 4472 incredibile
1751 4417 1918 4472 Deum
1946 4417 2231 4475 advenisse

2329 3508 2673 3575 suspicavere
2698 3507 2915 3579 quidam
2948 3508 3189 3565 haeretici
3219 3525 3235 3563 :
3262 3519 3321 3564 et
3365 3510 3471 3564 ista
3498 3501 3855 3576 dispensatione

2330 3600 2470 3656 facta
2507 3601 2782 3671 praebebat
2809 3612 2865 3657 et
2911 3602 3014 3658 hoc
3058 3602 3530 3658 incredulitatem.
3568 3596 3707 3654 Nihil
3744 3594 3860 3651 enim

2334 3692 2564 3763 amplius
2612 3693 2906 3762 Putabatur
2940 3709 3081 3760 esse,
3132 3710 3297 3765 quam
3356 3694 3407 3750 is
3452 3692 3547 3763 qui
3602 3689 3855 3745 videbatur.

2328 3785 2467 3841 Nam
2519 3794 2575 3840 et
2637 3787 2707 3843 ad
2756 3787 3085 3857 baptismum
3129 3784 3359 3842 Joannis
3404 3774 3862 3845 veniebat:hapti-

2331 3893 2505 3935 smum
2545 3887 2724 3934 autem
2760 3892 2865 3932 non
2910 3887 3031 3934 erat
3066 3876 3291 3948 simplex
3336 3895 3351 3932 :
3392 3872 3711 3947 ptenitentiz
3746 3866 3858 3922 enim

2331 3978 2451 4026 erat
2470 3970 2820 4038 baptismum,
2843 3969 3096 4038 quodque
3122 3967 3298 4022 adhuc
3325 3966 3502 4037 magis
3523 3962 3769 4019 hominem
3790 3970 3858 4011 os-

2331 4062 2606 4125 tendebat,
2642 4076 2806 4133 quam
2843 4075 2967 4115 eum
3000 4060 3093 4129 qui
3124 4058 3514 4114 occultabatur
3560 4054 3611 4109 in
3654 4046 3851 4106 homine.

2334 4158 2504 4211 Erant
2538 4156 2705 4228 igitur
2731 4158 2833 4213 ista
2877 4158 3269 4228 impedimenta
3301 4154 3455 4220 ﬁdei,
3486 4165 3603 4222 qua
3639 4143 3848 4202 videban-

2336 4259 2444 4313 tur,
2478 4264 2598 4319 quae
2628 4249 2852 4312 liebant,
2879 4263 3029 4317 esca,
3076 4261 3324 4313 somnus,
3381 4243 3655 4316 provectio
3695 4233 3850 4295 aetatis.

2334 4340 2387 4394 in
2422 4350 2564 4395 terra
2592 4340 2979 4397 deambulatio.
3025 4339 3082 4395 Si
3121 4348 3300 4395 autem
3327 4338 3492 4394 vellet
3518 4344 3571 4391 et
3594 4331 3743 4386 later
3784 4325 3846 4378 di-

2334 4445 2477 4497 cere,
2509 4431 2646 4499 Quia
2672 4433 2827 4501 virgo
2860 4447 3087 4488 manens
3133 4446 3259 4486 eum
3305 4431 3473 4486 enixa
3531 4439 3641 4482 sum
3671 4440 3685 4490 ;
3722 4418 3846 4473 unius

653 4517 706 4569 in
734 4528 982 4585 corpore,
1012 4521 1066 4569 et
1088 4513 1364 4568 hominem
1394 4510 1563 4566 videri
1598 4509 1878 4567 cmlestem
1908 4527 1924 4563 :
1950 4520 2068 4565 erat
2120 4526 2226 4566 non

2339 4524 2585 4579 mulieris
2616 4535 2805 4579 contra
2834 4535 3089 4583 naturam
3141 4523 3511 4579 testimonium
3540 4517 3704 4574 minus
3737 4507 3847 4562 vale-

652 4609 1006 4673 credendum,
1038 4606 1164 4678 quia
1190 4622 1257 4662 ex
1286 4606 1496 4677 virgine
1544 4613 1663 4659 erat
1700 4601 1955 4658 nativitas
1986 4602 2103 4672 ejus
2140 4618 2231 4660 se-

650 4703 885 4760 cundum
906 4716 1147 4758 carnem.
1162 4702 1256 4757 isti
1276 4702 1421 4756 enim
1440 4697 1787 4755 conscientia:
1804 4696 2228 4753 satisfactionem

652 4793 767 4849 sola
817 4792 1053 4848 habebat
1079 4807 1199 4862 qua:
1229 4790 1711 4861 pepereratvirgo.
1754 4787 1998 4843 Necdum
2050 4796 2228 4843 autem

654 4896 849 4941 natura
896 4881 1221 4946 testabatur,
1276 4896 1453 4950 neque
1503 4889 1678 4934 mater
1731 4879 1969 4934 habebat
2025 4876 2229 4948 aliquid

650 4976 758 5031 tale
805 4975 1117 5045 semetipsa,
1167 4988 1342 5042 neque
1388 4972 1455 5026 de
1500 4970 1585 5028 his
1623 4986 1743 5041 quae
1791 4971 2069 5033 deorsum,
2133 4968 2229 5025 sed

648 5069 837 5124 omnia
866 5077 1023 5123 erant
1049 5066 1414 5123 incredibilia.
1445 5064 1635 5120 Gratia
1660 5064 1806 5119 enim
1837 5072 1958 5119 erat
2007 5064 2230 5119 inenar-

650 5158 861 5223 rabilis,
891 5168 945 5212 et
976 5156 1310 5227 indulgentia
1343 5152 1701 5209 incredibilis.
1745 5152 1864 5207 Alia
1896 5151 2039 5207 enim
2070 5159 2232 5206 erant

648 5267 771 5322 quae
795 5250 1159 5307 videbantur:
1209 5248 1302 5321 qui
1350 5247 1495 5303 enim
1548 5246 1852 5313 videbatur,
1886 5258 2013 5300 vere
2043 5252 2097 5298 et
2126 5244 2227 5299 ho-

650 5346 854 5401 minem
908 5342 1252 5400 ostendebat.
1302 5340 1447 5397 Nihil
1495 5342 1641 5396 euim
1694 5338 1980 5396 diﬂ'erebat
2026 5338 2094 5394 ab
2122 5337 2228 5393 alio

642 5437 872 5493 homine
906 5446 1173 5506 quantum
1202 5435 1268 5489 ad
1295 5436 1469 5491 visum
1496 5453 1508 5488 :
1540 5435 1667 5505 quia
1704 5431 2025 5490 continebat
2057 5431 2232 5487 rirtu-

719 5530 765 5561 “
803 5531 903 5585 lsa.
936 5546 1028 5592 xu,
1067 5528 1157 5584 26.

719 5622 834 5695 (98>
861 5622 1117 5695 Γραφῶν.
1150 5621 1462 5695 Sm'pmris-

721 5694 832 5763 [99)
860 5692 917 5749 Id
956 5703 1060 5757 est,
1090 5692 1334 5761 epalrris.
1369 5692 1483 5749 Vox
1512 5692 1765 5749 barbara.

2338 4625 2442 4681 ret,
2468 4624 2524 4669 et
2550 4617 2784 4670 maxime
2817 4616 2960 4686 apud
2994 4614 3231 4671 ludens.
3276 4612 3377 4670 llis
3405 4613 3568 4685 igitur
3603 4603 3746 4662 tantis
3772 4599 3848 4653 im-

2339 4706 2668 4775 pedimentis
2698 4706 3010 4761 constitutis
3048 4706 3115 4760 ad
3145 4705 3327 4771 ﬁdem,
3358 4704 3457 4760 ard
3471 4715 3593 4757 unm
3644 4701 3745 4749 erat
3779 4703 3844 4741 su-

2338 4796 2471 4865 scipi
2499 4798 2934 4865 praedicationem
2963 4815 2978 4854 :
3008 4805 3063 4852 et
3094 4796 3329 4851 maxime
3360 4796 3487 4866 quia
3504 4791 3589 4862 qui
3620 4783 3845 4841 videbatur

2337 4902 2445 4941 non
2472 4896 2588 4941 erat
2618 4888 2713 4958 qui
2748 4896 2803 4942 et
2827 4887 3142 4943 dicebatur:
3170 4887 3607 4958 praedicationem
3628 4870 3843 4949 prabobﬂl

2338 4979 2475 5033 nihil
2508 4982 2705 5052 suscipi
2744 4980 2942 5037 debere
2968 4997 3093 5053 qua
3138 4980 3467 5036 videbantur
3502 4995 3517 5032 :
3553 4970 3840 5053 credent”

2340 5082 2449 5125 tem
2497 5070 2623 5140 quia
2677 5071 2730 5125 in
2780 5070 3050 5142 principio
3106 5080 3225 5125 erat
3267 5066 3531 5131 Verbum,
3571 5073 3620 5117 et
3655 5052 3837 5142 Verbum

2337 5170 2457 5216 erat
2501 5162 2717 5226 vivens.
2769 5141 2825 5219 et
2873 5141 3016 5219 Deus
3064 5170 3182 5218 erat
3228 5158 3515 5225 Verbum;
3545 5156 3647 5211 hcc
3683 5145 3739 5203 ad
3771 5141 3833 5196 m1

2335 5267 2456 5321 qua:
2482 5252 2933 5324 inspiciebantgr,
2968 5251 3171 5307 nullam
3202 5248 3524 5306 videbantur
3546 5244 3719 5301 habere

2336 5344 2668 5399 seusionem.
2719 5321 3188 5411 Quemadmodum
3222 5354 3361 5416 ergo
3402 5342 3455 5398 id
3496 5321 3830 5419 quod

2338 5434 2445 5489 bile
2483 5444 2566 5492 est
2594 5408 2826 5492 edicit—ur
2853 5433 3138 5507 credibile,
3183 5408 3320 5509 Ipse.
3346 5434 3481 5493 dicit
3516 5408 3737 5488 Domial
3760 5408 3830 5472 τε

2316 5646 2329 5655 ο
2412 5620 2491 5692 ιι)
2520 5618 2730 5688 Helius,
2754 5621 3027 5675 ostendite.
