4072 6408
126 417 282 472 119⁵1

1482 412 1570 470 DE
1608 411 1952 470 OPERIBUS
1992 408 2207 466 BONlS.

125 549 308 602 apere
347 552 456 591 non
491 536 636 604 facio
670 552 784 606 qum
813 532 993 588 nullus
1022 534 1162 587 alius
1189 534 1344 602 facit,
1365 533 1525 589 nolite
1549 532 1759 587 credere
1788 537 1836 590 Α
1863 527 1959 598 qui
1989 525 2156 582 etiam
2185 521 2481 579 mandabat
2509 519 2716 576 curatis
2756 533 2822 574 ne
2858 517 3102 576 dicerent
3136 516 3298 574 alicui
3325 531 3450 588 quc

127 629 278 683 mihi
321 630 396 684 ".
441 629 602 686 Sicut
655 631 798 684 enim
851 629 996 698 quod
1039 627 1335 682 videbatur
1375 627 1542 682 dabat
1591 623 1752 680 ﬁdem

126 721 271 790 quia
333 721 510 776 homo
566 729 708 782 erat,
768 720 838 773 ita
898 722 1025 772 dum
1073 724 1423 788 operaretur,
1477 717 1755 787 prabebat

126 813 498 884 agnitionem
553 816 681 886 quia
739 814 901 869 Deus.
952 813 1288 878 Dormiebat,
1333 811 1754 866 describebatur

124 904 319 962 homo
348 926 369 974 ;
406 907 682 962 suscitans
700 918 879 960 autem
907 915 1177 971 mortuos,
1203 904 1534 959 ostendebat
1556 904 1747 957 Deum.

126 997 263 1056 Non
305 1003 465 1056 enim
499 1015 724 1056 somnus
755 999 973 1068 quidem
1005 999 1335 1069 suggerebat
1383 995 1620 1052 hominis
1655 1009 1753 1048 na-

125 1100 364 1158 turam,
397 1093 729 1148 resurrectio
758 1101 939 1146 autem
971 1100 1312 1145 mortuorum
1351 1104 1461 1144 non
1494 1087 1754 1142 ostende-

130 1188 237 1238 bat
280 1185 464 1240 Deum
490 1185 670 1238 vivum
690 1199 755 1239 ex
783 1185 1002 1238 vivente
1027 1183 1137 1239 Deo
1163 1202 1175 1236 :
1214 1197 1388 1250 neque
1412 1181 1753 1236 manducans

129 1277 383 1343 quidem
429 1277 724 1332 exhibebat
775 1277 1074 1340 hominem,
1136 1291 1203 1331 ex
1255 1275 1447 1344 paucis
1494 1275 1640 1327 enim
1672 1270 1752 1343 (ε)

131 1364 400 1432 panibus
449 1379 680 1434 pascens
728 1365 894 1418 millia
970 1366 1250 1419 hominum
1299 1379 1405 1418 non
1455 1362 1757 1417 exhibebat

137 1457 330 1510 Deum
379 1474 392 1509 :
447 1471 625 1526 neque
674 1459 795 1512 navi
849 1458 1070 1528 quidem
1116 1458 1376 1526 navigare
1429 1455 1756 1512 ostendebat

132 1548 482 1614 hominem;
543 1549 595 1603 in
633 1550 865 1606 summis
915 1559 1094 1605 autem
1147 1550 1405 1604 ﬂuctibus
1447 1549 1752 1615 ambulare,

134 1654 262 1693 non
320 1639 646 1696 ostendebat
689 1641 856 1696 Deum
918 1643 1102 1697 maris.
1159 1642 1280 1697 Sed'
1315 1644 1457 1698 sicut
1501 1641 1754 1696 humanae

138 1739 377 1785 natura:
414 1729 754 1785 formabatur
787 1743 848 1787 ut
871 1732 1151 1788 diceretur
1195 1732 1381 1810 homo,
1435 1733 1506 1788 ita
1554 1731 1756 1786 divini-

141 1823 292 1877 tatis
327 1823 447 1890 ejus
475 1838 640 1894 opera
670 1824 1076 1880 abscondebam
1099 1834 1154 1882 et
1177 1825 1478 1882 hominem.
1513 1825 1620 1881 Sed
1653 1827 1751 1879 ad-

141 1913 440 1968 mirabilia
478 1889 695 1983 quidem
723 1929 844 1985 quar
872 1925 1004 1970 ante
1032 1915 1343 1984 passionem
1381 1930 1535 1970 suam
1581 1914 1751 1970 facie-
1785 1889 1826 1944 Β

140 2004 275 2070 bat,
311 2005 639 2061 ostendebat
671 2006 798 2075 quia
843 2007 1042 2063 divinae
1077 2009 1300 2064 virtutis
1343 2020 1488 2065 esset
1545 2010 1749 2064 adven-

144 2107 245 2152 tus
288 2116 304 2152 :
347 2098 416 2154 de
447 2100 848 2155 resurrectione
903 2115 1082 2158 autem
1119 2101 1235 2170 ejus
1267 2103 1418 2174 signa
1461 2118 1582 2173 qua.-
1612 2118 1752 2173 pra!-

143 2196 472 2254 cesserant,
508 2204 613 2244 non
643 2189 898 2246 omnibus
937 2191 1272 2247 exhibebant
1323 2194 1580 2247 virtutem
1611 2201 1665 2247 et
1690 2191 1754 2247 ﬁ-

146 2280 287 2335 dem
326 2282 748 2337 resurrectionis
772 2282 912 2358 ejus,
942 2283 1038 2339 sed
1070 2298 1210 2353 opus
1241 2292 1364 2338 erat
1409 2284 1534 2339 aliis
1583 2284 1754 2354 signis

146 2389 287 2443 qua
324 2388 387 2430 ea
421 2372 708 2429 ﬁrmarent
749 2392 762 2428 :
819 2374 947 2444 quia
974 2389 1084 2430 non
1111 2375 1289 2430 solum
1334 2390 1573 2446 praesens
1599 2385 1754 2431 ante-

146 2481 329 2538 quam
365 2475 648 2536 pateretur
670 2476 930 2536 operatus
962 2475 1048 2522 est
1072 2467 1348 2522 mirabilia
1373 2483 1389 2522 :
1417 2467 1514 2524 sed
1545 2469 1673 2538 quia
1699 2478 1754 2524 et

144 2568 409 2614 mortuos
450 2558 758 2624 suscitavit,
805 2567 860 2614 et
909 2559 1026 2629 ipse
1082 2573 1374 2631 resurgens
1404 2560 1749 2616 miriﬁcatur.

145 2648 270 2705 L'bi
291 2663 427 2720 ergo
459 2649 560 2703 ista
593 2657 716 2703 sunt
745 2649 1017 2705 mirabilia
1058 2664 1180 2720 quae
1231 2659 1352 2720 post
1392 2656 1755 2709 resurrectio-

147 2757 287 2798 nem
353 2752 516 2798 erant
576 2742 826 2798 facienda
873 2744 896 2798 ἲ
953 2759 1132 2814 neque
1203 2744 1347 2799 enim
1401 2747 1752 2818 semetipsum

147 2834 366 2890 mundo
411 2835 675 2899 ostendit,
725 2849 902 2906 neque
935 2833 1162 2892 Judais.
1219 2834 1279 2891 Si
1327 2836 1495 2905 igitur
1522 2850 1628 2893 non
1659 2852 1752 2894 os—

154 2927 336 2981 tendit
364 2928 750 2997 semetipsum,
776 2926 1052 2997 quomodo
1070 2937 1250 2998 potest
1270 2928 1394 2998 quis
1417 2929 1601 2985 dicere
1625 2929 1752 3000 quia

155 3018 373 3074 iaciens
412 3019 684 3075 mirabilia
735 3019 1054 3076 credibilem
1110 3020 1244 3076 fecit
1284 3021 1751 3078 resurrectionem

153 3125 316 3165 suam
341 3111 366 3165 ?
396 3109 600 3167 Judaeis
631 3113 777 3168 enim
803 3114 1155 3182 semetipsum
1188 3128 1292 3168 non
1334 3115 1748 3182 demonstravit,

1857 619 2001 689 passi
2037 617 2268 673 fuissent
2296 615 2435 671 bene
2468 615 2568 685 (5).
2596 612 2974 670 Conservabat
3017 610 3164 668 enim
3212 610 3446 680 dignitao

1857 718 1966 765 tem
1998 705 2440 769 resurrectionis.
2481 713 2536 761 et
2565 702 2928 776 regressionis
2958 716 3074 759 sua
3103 703 3171 757 ad
3200 700 3447 765 Patrem.

1856 811 1910 857 et
1938 800 2206 855 adventus
2233 797 2469 869 Spiritus
2490 797 2689 853 sancti.
2726 795 2869 864 Quid
2908 795 3055 850 enim
3098 795 3274 866 magis
3314 808 3447 849 sua-

1856 892 2021 947 debat
2048 889 2345 960 discipulos
2383 888 2526 958 ejus,
2566 888 2611 942 si
2637 887 2762 958 .ipse
2804 884 3010 942 faceret
3046 885 3225 958 signa,
3267 893 3363 941 aut
3400 885 3448 942 si

1855 997 1922 1038 ex
1957 980 2090 1052 ipsis
2113 980 2381 1049 przeberet
2405 979 2659 1033 virtutem
2684 975 2864 1032 facere
2891 977 3100 1048 majora
3130 991 3296 1048 quam
3331 976 3451 1046 ipse

1856 1074 2125 1130 faciebat?
2153 1073 2332 1143 lpsum
2361 1071 2508 1127 enim
2554 1071 2739 1126 facere
2772 1071 2948 1141 signa,
2983 1079 3043 1125 ut
3077 1078 3206 1141 puta
3248 1069 3450 1142 ejicere

1856 1166 2124 1222 daemonia
2156 1181 2187 1219 a
2215 1165 2544 1234 corporibus
2586 1162 2878 1233 possessis,
2922 1171 3238 1232 suspectum
3285 1177 3316 1216 a
3348 1159 3452 1217 Ju-

1857 1260 1986 1315 daeis
2007 1258 2237 1328 estquia
2272 1257 2324 1310 in
2359 1255 2667 1311 Beelzebub
2694 1255 2797 1310 hoc
2824 1253 2974 1308 facit.
3001 1254 3238 1325 Cupiens
3261 1264 3448 1309 autem

1858 1366 2084 1423 arguere
2113 1351 2236 1420 quia
2267 1349 2361 1403 Dei
2388 1362 2551 1417 opera
2579 1346 2813 1417 principi
2845 1346 3240 1401 daemoniorum
3267 1346 3450 1401 ascri-

1857 1445 1990 1499 bunt
2023 1445 2218 1508 Judaei,
2269 1452 2324 1498 et
2370 1440 2611 1496 maxime
2651 1454 2714 1495 ea
2765 1453 2888 1508 qua:
2933 1440 3226 1495 adversum
3265 1439 3447 1510 ipsum

1855 1537 2154 1607 principem
2195 1535 2588 1591 damoniorum
2617 1539 2674 1586 et
2700 1530 2823 1600 ejus
2856 1531 3160 1586 exercitum
3204 1529 3433 1597 ﬁebant,

1857 1629 2082 1684 adduxit
2113 1629 2164 1682 in
2199 1627 2438 1682 medium
2475 1626 2544 1680 de
2575 1621 2858 1693 discipulis
2897 1622 3034 1684 suis,
3079 1629 3136 1677 et
3171 1621 3312 1679 dixit
3342 1638 3356 1675 :
3389 1621 3456 1678 Si

1855 1739 1949 1791 ego
1978 1721 2033 1775 in
2073 1719 2362 1775 Beelzebub
2395 1719 2551 1790 ejici.
2583 1716 2874 1780 daemonio,
2921 1715 3022 1784 ﬁlii
3065 1715 3224 1770 vestri
3259 1715 3314 1769 in
3349 1729 3455 1785 quo

1856 1815 2071 1884 ejicisnt
2110 1814 2194 1867 “‘l
2226 1812 2341 1869 Hoc
2369 1821 2474 1879 est,
2509 1811 2597 1866 isti
2633 1811 2740 1865 mei
2789 1808 3040 1879 discipuli
3063 1809 3157 1877 qui
3193 1823 3263 1864 ex
3297 1809 3457 1865 vobis

1856 1919 2004 1975 sunt,
2038 1909 2089 1961 in
2119 1922 2226 1977 quo
2264 1904 2527 1974 ejiciunt‘l
2557 1903 2694 1972 Quia
2732 1902 2901 1974 igitur
2939 1916 3002 1958 ea
3048 1915 3172 1978 quae
3216 1899 3284 1956 ab
3330 1901 3456 1971 ipso

1858 2001 2079 2062 llebant,
2115 2007 2340 2070 propter
2383 1997 2654 2052 malitiam
2703 1993 3124 2065 suscipientium
3172 1993 3451 2049 aliis.ba-

1857 2087 2060 2142 hebant
2099 2087 2472 2156 suspiciones:
2511 2084 2794 2154 discipulis
2837 2085 2951 2140 suis
3002 2085 3186 2140 omnia
3231 2098 3457 2139 conser-

1857 2179 2040 2243 vabat,
2073 2187 2133 2232 ut
2187 2190 2468 2248 praecones
2514 2175 2939 2232 resurrectionis
2982 2185 3230 2232 mortuos
3276 2175 3458 2232 susci-

1858 2282 2054 2338 tantes,
2099 2288 2273 2328 caecos
2320 2271 2586 2329 facientes
2640 2273 2863 2341 videre,
2919 2272 3131 2329 claudis
3182 2273 3456 2330 donantes

1857 2364 2160 2430 ambulare,
2184 2375 2239 2419 et
2263 2366 2505 2436 leprosos
2530 2365 2913 2434 emundantes,
2937 2380 3256 2422 sermonum
3278 2366 3459 2440 digni-

1857 2466 2019 2513 tatem
2073 2474 2172 2528 per
2224 2457 2494 2513 mirabilia
2547 2460 2924 2514 ostenderent.
2985 2460 3127 2525 Quid
3176 2459 3324 2515 enim
3376 2460 3456 2515 ita

1856 2559 2068 2620 poterat
2089 2548 2331 2604 Lazarus
2363 2559 2486 2619 post
2511 2557 2751 2619 quatuor
2771 2550 2888 2606 dies
2929 2564 3225 2620 resurgens
3246 2564 3278 2604 a
3305 2564 3456 2606 mor-

1859 2647 1968 2703 tuis
2003 2646 2246 2719 praebere
2276 2646 2344 2701 ad
2369 2644 2528 2701 ﬁdem
2564 2645 2650 2700 his
2678 2645 2769 2715 qui
2799 2644 3074 2710 viderant,
3095 2660 3262 2716 quam
3302 2653 3364 2699 ut
3398 2657 3458 2700 et

1859 2743 1960 2816 ipsi
1988 2741 2236 2814 discipuli
2274 2756 2398 2797 cum
2439 2740 2578 2797 alios
2610 2741 2948 2797 suscitarent
2990 2754 3090 2811 per
3129 2740 3458 2808 semetipsos

1859 2845 2105 2893 mortuos
2146 2833 2500 2906 pmbebant?
2524 2832 2604 2888 ‘Et
2645 2833 2774 2904 quid
2825 2833 2931 2889 tale
2960 2834 3026 2888 ad
3065 2832 3230 2888 ﬁdem
3259 2833 3455 2895 valuit,

1860 2936 1919 2982 ut
1958 2926 2219 2983 Dominus
2245 2940 2351 2982 non
2395 2924 2624 2982 edoctus
2668 2925 2884 2982 litteras
2920 2925 3150 2997 legeret,
3187 2935 3458 2995 quantum

1862 3019 2054 3076 Petrus
2084 3035 2191 3076 non
2227 3020 2455 3076 edoctus
2476 3019 2716 3092 linguam
2748 3019 2933 3085 ullam,
2970 3018 3111 3074 forte
3136 3033 3204 3072 ne
3235 3017 3460 3088 quidem

1856 3123 1912 3169 et
1933 3113 2193 3184 patriam,
2242 3114 2380 3169 bene
2422 3114 2572 3170 omni
2626 3114 2945 3184 loqueretur
2987 3112 3190 3184 lingua,
3238 3121 3296 3167 et
3333 3126 3460 3165 nm-

153 3219 232 3260 ne
263 3204 460 3276 duplex
497 3207 566 3260 ab
597 3205 676 3261 eis
702 3205 1082 3277 irreligiositas
1117 3215 1443 3262 tentaretur.
1496 3205 1606 3262 Sed
1643 3221 1749 3260 non
1780 3235 1822 3293 C
1858 3222 1984 3263 nem
2018 3205 2270 3262 audiret?
2305 3206 2463 3264 Unde
2488 3215 2543 3263 et
2572 3207 2784 3262 Lazaro
2835 3217 3176 3276 resurgente,
3227 3215 3284 3259 et
3331 3203 3458 3259 aliis

154 3307 418 3365 poterant
451 3297 671 3354 nolente
699 3298 833 3364 Deo,
868 3308 1052 3354 etnon
1078 3299 1411 3354 concedente
1436 3297 1748 3368 Unigenito,

154 3389 400 3445 secundo
441 3404 565 3446 eum
592 3389 808 3462 afﬁgere
834 3389 983 3446 cruci
1011 3407 1025 3444 :
1053 3390 1329 3460 siquidem
1365 3405 1468 3446 nec
1518 3389 1752 3460 primam

153 3481 445 3538 audaciam
482 3483 854 3553 perfecissent,
900 3481 1005 3538 nisi
1056 3481 1225 3537 Pater
1269 3483 1656 3546 concessisset,
1699 3493 1753 3538 et

150 3574 327 3630 Filius
368 3575 728 3646 permisisset.
773 3575 878 3631 Sed
929 3575 1152 3630 interim
1184 3575 1445 3631 alacritas
1489 3575 1627 3630 mala
1655 3575 1753 3629 du-

153 3665 282 3735 plex
321 3665 609 3722 habuisset
639 3666 864 3720 malitiae
909 3665 1152 3720 fructum
1192 3683 1206 3719 :
1246 3664 1361 3720 sive
1395 3665 1540 3719 enim
1571 3664 1752 3736 allige-

155 3770 285 3812 rent
321 3757 546 3822 iterum,
577 3757 693 3812 sive
727 3773 836 3811 non
869 3755 1174 3827 aﬁigerent,
1197 3755 1398 3811 vellent
1427 3765 1642 3820 autem;
1673 3756 1754 3809 in-

157 3851 322 3906 terim
351 3851 454 3921 ipsi
490 3849 760 3920 duplicem
785 3850 1055 3906 baberent
1089 3849 1458 3918 iniquitatem.
1489 3848 1624 3904 Erat
1656 3864 1754 3904 au-

160 3951 273 4000 tem
295 3943 516 4015 etquod
543 3941 704 3998 ﬁebat
738 3942 981 3998 secundo
1002 3940 1336 4012 superﬂuum
1360 3960 1372 3995 :
1402 3941 1571 3998 semel
1595 3942 1742 3998 enim

161 4037 508 4094 reconditum
540 4044 658 4092 erat
688 4045 748 4090 ut
771 4035 1109 4105 dispensatio
1126 4034 1497 4105 compleretur
1526 4034 1605 4090 :si
1632 4035 1753 4105 qui-

163 4135 288 4188 dem
319 4145 421 4187 nec
461 4129 720 4200 possibile
753 4137 872 4183 erat
895 4136 1018 4199 post
1047 4127 1506 4184 resurrectionem
1553 4143 1754 4197 corpus

166 4227 316 4295 quod
337 4223 453 4293 jam
487 4221 951 4277 immortalitatem
1002 4221 1180 4277 fuerat
1227 4221 1509 4290 adeptum,
1547 4221 1749 4275 iterum

170 4319 460 4373 incurrere
490 4325 740 4370 mortem.
776 4313 883 4369 Sed
918 4314 1061 4369 sicut
1085 4313 1322 4368 animam
1365 4314 1552 4370 nullus
1575 4323 1756 4384 potest

163 4410 418 4466 occidere
450 4407 577 4478 quia
607 4417 691 4463 est
713 4407 1058 4472 immortalis,
1082 4407 1159 4462 ita
1191 4418 1246 4462 et
1262 4422 1482 4478 corpus,
1513 4422 1636 4463 cum
1670 4407 1753 4461 in-

162 4503 358 4558 dutum
430 4499 594 4556 fuerit
668 4499 1113 4566 immortalitate,
1174 4500 1335 4556 istam
1388 4501 1756 4572 babetjpost

1861 3298 2155 3370 aliquantis
2207 3299 2439 3355 mortuis
2477 3298 2758 3354 suscitatis
2809 3297 2974 3354 etiam
3013 3297 3173 3354 cacis
3219 3296 3455 3353 videnti-

1860 3393 1984 3457 bus,
2022 3392 2118 3447 sed
2143 3401 2198 3446 et
2230 3389 2320 3445 illo
2351 3389 2445 3462 qui
2493 3389 2566 3446 ita
2609 3388 2791 3446 fuerat
2841 3404 3004 3446 natus
3051 3387 3348 3460 recipiente
3378 3387 3458 3441 vi-

1863 3496 2003 3549 sum,
2030 3481 2140 3535 imo
2171 3479 2510 3549 accipiente,
2555 3481 2866 3537 emundatis
2901 3481 3068 3536 etiam
3104 3479 3353 3551 plurimis
3379 3478 3458 3532 le-

1860 3575 2061 3642 prosis,
2119 3583 2176 3630 et
2236 3573 2444 3628 sanatis
2506 3573 2750 3630 millibus
2823 3573 3140 3638 hominum,
3224 3573 3461 3644 negabat

1864 3666 2078 3734 Petrus,
2101 3678 2157 3723 et
2183 3668 2405 3736 jurabat
2433 3683 2500 3725 ne
2524 3667 2742 3738 quidem
2785 3675 2846 3721 ut
2877 3666 3155 3722 hominem
3195 3680 3256 3721 se
3286 3666 3457 3721 scire.

1863 3761 1999 3830 Quia
2033 3773 2216 3818 autem
2245 3765 2396 3820 venit
2448 3763 2690 3834 Spiritus
2732 3770 2956 3818 sanctus
2995 3761 3195 3817 missus
3231 3775 3259 3814 a
3295 3759 3456 3824 Filio,

1863 3867 1919 3911 et
1943 3855 2192 3912 coeﬁ'ecit
2237 3857 2383 3912 intus
2416 3855 2768 3912 sanctiﬁcans
2798 3856 3012 3921 virtus,
3048 3853 3186 3910 alius
3219 3870 3321 3925 pro
3352 3854 3460 3910 alio

1865 3948 2040 4004 factus
2080 3949 2297 4016 Petrus,
2344 3961 2400 4006 et
2437 3952 2550 4021 jam
2598 3948 2805 4018 Spiritu
2855 3948 3186 4018 baptizatus,
3222 3963 3328 4003 non
3372 3963 3462 4003 so-

1864 4041 1975 4097 lum
2007 4058 2111 4096 nun
2138 4051 2302 4114 negat
2331 4043 2397 4098 ad
2415 4058 2600 4098 vocem
2625 4042 2838 4113 puellae,
2861 4045 2956 4098 sed
2992 4049 3049 4095 et
3085 4041 3233 4096 omni
3267 4041 3464 4111 populo

1864 4132 2074 4188 resistit
2115 4142 2217 4189 :et
2246 4134 2337 4204 qui
2384 4143 2546 4190 antea
2599 4149 2659 4189 se
2707 4134 3102 4199 abscondebat,
3152 4147 3297 4188 nunc
3338 4147 3464 4189 cum

1866 4223 2063 4280 ﬁducia
2095 4225 2163 4279 ad
2200 4225 2464 4282 terminos
2496 4241 2671 4297 usque
2702 4237 2863 4281 terra
2904 4225 3188 4295 praedicat,
3215 4233 3274 4279 et
3300 4227 3465 4282 docet

1865 4317 2172 4374 universos.
2206 4317 2284 4373 lta
2317 4320 2585 4375 adventus
2617 4318 2858 4390 Spiritus
2882 4321 3084 4387 sancti,
3115 4318 3209 4389 qui
3247 4319 3464 4389 ingres-

1868 4421 1963 4463 sus
2010 4409 2184 4464 estin
2244 4409 2560 4479 discipulos,
2613 4421 2672 4466 et
2715 4409 2930 4476 eﬁecit,
2985 4411 3457 4466 resurrectionem

1868 4499 2084 4557 Domini
2109 4510 2166 4557 et
2195 4503 2624 4573 assumptionem
2667 4503 2842 4560 visam
2891 4503 3232 4576 pradicavit,
3265 4515 3321 4560 et
3346 4503 3467 4574 ejus

163 4596 626 4652 resurrectionem
649 4593 1085 4665 promissionem.
1109 4591 1264 4660 Quod
1285 4593 1428 4648 enim
1448 4592 1758 4648 immortale
1791 4611 1836 4668 ι)
1867 4594 2124 4650 virtutem
2164 4597 2528 4651 annuntiavit.
2573 4597 2710 4652 Cum
2741 4597 2887 4651 enim
2924 4597 3174 4653 coeﬁ‘ecit
3198 4597 3463 4667 Spiritus,

165 4688 504 4758 indulgentia
533 4686 739 4742 factum
766 4696 871 4750 est,
901 4702 1006 4742 non
1037 4688 1348 4758 potestiam
1381 4687 1757 4757 interemptio-

166 4795 289 4835 nem
323 4781 393 4834 ab
412 4779 724 4834 hominibus
751 4777 1105 4848 patiJudatis
1147 4777 1313 4848 igitur
1339 4789 1463 4850 post
1508 4794 1758 4834 resurre-

166 4871 370 4928 tionem
414 4886 523 4926 non
571 4884 628 4926 se
668 4872 955 4926 ostendere
997 4871 1308 4935 Dominum,
1363 4872 1638 4942 parcentis
1673 4878 1760 4926 est

163 4967 368 5024 Judreis
395 4983 409 5021 :
440 4965 534 5035 qui
573 4966 715 5020 enim
768 4964 1198 5035 Hierosolymam
1241 4963 1480 5030 deﬂevit,
1523 4979 1755 5035 procur-

166 5077 290 5116 rere
342 5059 577 5130 duplicia
611 5060 787 5122 mala;
834 5075 942 5113 nor.
983 5060 1165 5115 facere
1210 5066 1393 5113 autem
1442 5059 1618 5128 signa,
1668 5067 1763 5113 aut

167 5153 442 5208 modicum
473 5151 600 5221 quid
640 5150 920 5222 discipulis
946 5150 1254 5214 ostendere,
1280 5159 1338 5204 ut
1365 5159 1492 5220 puta
1523 5149 1756 5220 piscium

166 5241 351 5297 subito
374 5240 775 5317 multitudinem
802 5251 1039 5312 captam,
1064 5251 1158 5296 aut
1189 5241 1338 5296 aliud
1370 5241 1574 5312 aliquid
1608 5243 1751 5307 tale;

165 5351 272 5391 non
313 5344 436 5391 erat
480 5334 863 5390 ostentationis
900 5343 1131 5404 tempus,
1177 5348 1352 5404 neque
1399 5333 1754 5404 semetipsum

165 5426 526 5481 ostendentis.
562 5423 747 5495 Neque
776 5425 923 5480 enim
960 5439 1083 5479 eum
1122 5424 1328 5480 laceret
1375 5433 1503 5480 ante
1544 5427 1754 5492 passio-

169 5531 289 5574 nem
345 5517 619 5573 mirabilia
675 5518 970 5582 Dominus,
1024 5526 1309 5571 ostentans
1363 5532 1422 5572 se
1482 5516 1754 5585 faciebat,

234 5701 280 5734 ⁵⁸
305 5700 465 5757 Joan.
490 5715 544 5766 x,
571 5701 673 5766 '57;
708 5717 796 5767 xv,
823 5700 913 5754 Ἡ.
992 5700 1034 5730 ⁸⁸
1066 5698 1199 5757 Luc.
1231 5717 1308 5768 XI,
1344 5702 1426 5757 l9.

239 5822 318 5894 (Ξ)
358 5821 537 5894 Enim.
574 5822 762 5885 Forte,
789 5832 985 5877 autem.

1869 4696 2268 4746 transmutatus
2304 4698 2390 4746 est
2428 4690 2619 4745 Petrus
2656 4708 2671 4744 :
2717 4699 2863 4746 totus
2909 4691 3132 4757 clamat,
3181 4689 3295 4759 jam
3355 4706 3463 4746 non

1870 4797 2094 4853 negans,
2131 4783 2225 4838 sed
2267 4782 2570 4854 praedicans
2615 4782 2980 4840 Salvatorem.
3017 4783 3333 4855 Stephanus
3365 4801 3464 4840 au-

1872 4883 1980 4929 tem
2004 4883 2060 4928 et
2089 4874 2205 4945 ipse
2248 4875 2376 4930 silet
2409 4876 2475 4932 ad
2519 4876 2744 4947 lapides,
2799 4888 2856 4933 et
2907 4877 3196 4933 Dominum
3248 4894 3470 4936 annun-

1871 4965 1989 5031 tiat,
2017 4980 2180 5035 quem
2230 4969 2296 5023 ad
2331 4969 2614 5024 dexteram
2657 4969 2838 5025 Patris
2876 4979 3114 5026 stantem
3160 4985 3471 5040 conspexe-

1863 5068 1949 5111 rat
1997 5074 2010 5110 :
2068 5067 2125 5112 et
2174 5059 2314 5115 alius
2367 5060 2511 5116 aliud
2570 5061 2948 5131 eloquebatur,
2986 5073 3043 5119 et
3085 5063 3208 5119 sine
3257 5063 3465 5120 solatio

1863 5158 2021 5203 erant
2057 5152 2267 5222 negotia
2312 5151 2652 5210 Iudaeorum.
2716 5155 2873 5210 Sicut
2944 5160 3090 5211 enim
3153 5157 3208 5212 in
3260 5157 3471 5212 diluvio

1868 5242 2091 5298 interim
2131 5245 2351 5311 quidem
2401 5245 2511 5301 Noe
2553 5262 2659 5302 non
2706 5249 3035 5316 credebatur
3075 5249 3203 5305 dum
3264 5249 3474 5306 iaceret

1869 5349 2058 5390 arcam
2094 5359 2105 5393 :
2139 5352 2261 5393 cum
2294 5349 2476 5394 autem
2509 5341 2694 5398 subito
2723 5351 2896 5398 totum
2941 5342 3140 5398 cmlum
3188 5343 3471 5398 emitteret

1870 5427 2087 5497 ﬂuvios,
2121 5441 2267 5488 terra
2303 5442 2483 5490 autem
2521 5447 2802 5494 eructaret
2822 5452 3015 5510 aquas,
3040 5447 3093 5492 et
3119 5436 3247 5493 inde
3280 5444 3470 5491 arcta-

1876 5529 2032 5578 retur
2062 5526 2420 5585 incredulitas
2470 5539 2527 5588 et
2562 5531 2628 5588 de
2657 5531 2797 5590 coelo
2828 5540 2883 5588 et
2915 5530 2980 5587 de
3020 5539 3164 5586 terra
3203 5529 3272 5586 ab
3312 5526 3476 5600 aquis

237 5895 318 5969 (ὅ)
362 5893 584 5951 Pltrasis
621 5894 835 5960 Gneca,
878 5894 1037 5947 ἅτινα.
1069 5895 1126 5948 εὖ
1169 5895 1231 5950 ἃν
1277 5896 1500 5961 ἔπαθον,
1531 5910 1653 5969 qua
1687 5898 1754 5959 be

1861 5897 1950 5957 .cia
1976 5897 2342 5971 accepissent.
