4072 6404
676 429 813 485 ηνθ

668 558 729 601 ut
766 542 1149 614 prnfocaretur
1189 554 1206 593 :
1252 530 1328 602 ita
1366 546 1421 593 et
1479 551 1574 604 per
1604 535 1879 604 apostolos
1911 532 2080 590 Judzei
2139 550 2235 589 an-

665 635 1037 708 gustiabantut:
1092 644 1198 686 non
1248 628 1555 693 credentes,
1611 636 1667 683 et
1722 626 2063 682 admirabilia
2099 627 2238 681 indi-

663 733 930 797 gnantes:
964 722 1208 777 videntes
1234 722 1376 777 enim
1418 721 1507 777 isti
1531 734 1600 776 ne
1622 720 1700 792 (4)
1727 719 1945 791 quidem
1994 728 2235 774 mortuos

661 817 953 874 suscitatus
1016 815 1084 871 ab
1138 814 1400 885 Apostolo
1453 822 1841 885 exsurgentes,
1900 828 2000 884 per
2069 813 2233 867 alium

659 904 885 966 claudos
922 903 1281 971 ambulantes,
1322 918 1419 975 per
1462 903 1690 961 alterum
1722 903 1827 958 alia
1876 903 2026 973 signa
2082 918 2234 959 com-

661 997 833 1070 pleta,
864 1006 921 1055 et
941 1011 1041 1069 per
1072 996 1235 1051 alium
1271 994 1485 1067 linguas
1522 996 1802 1052 audientes
1837 994 2235 1065 pluritnas;ar-

659 1093 793 1147 stati
822 1091 1088 1147 meatibus
1112 1090 1418 1147 istiusmodi
1448 1090 1886 1161 signorumque
1922 1089 1988 1145 de
2018 1104 2230 1146 sursum

660 1182 923 1253 apostolis
944 1181 1160 1238 fuerant
1181 1183 1402 1247 donata,
1429 1181 1615 1236 eadem
1641 1197 1761 1252 qua:
1784 1181 1837 1236 in
1868 1190 2011 1237 terra
2042 1182 2233 1235 viden-

660 1286 741 1329 tes
775 1272 1061 1341 mirabilia,
1112 1273 1201 1343 qui
1235 1271 1349 1327 ausi
1395 1270 1611 1326 fuerant
1654 1271 1969 1342 magistrum
2014 1268 2231 1343 angere

652 1367 828 1432 cruci,
868 1366 1061 1421 incerti
1093 1374 1247 1421 erant
1290 1366 1419 1435 quid
1460 1363 1704 1420 facerent
1759 1363 2038 1434 discipulis
2081 1366 2225 1433 ejus.

657 1460 770 1527 Qua
798 1461 967 1531 igitur
1001 1460 1067 1516 de
1094 1471 1276 1519 una.
1308 1457 1407 1513 sub
1431 1456 1721 1527 praemia
1745 1455 1959 1525 quidem
1991 1453 2224 1521 Domini,

1332 417 1601 476 EUSEBII
1642 414 2117 473 CESARIENSIS
2150 414 2301 472 OPP.
2343 414 2524 469 PARS
2562 414 2647 469 IV.
2688 442 2751 453 -—
2792 414 3214 471 DOGMAJICA.

3826 420 3930 474 13-40

2336 530 2452 587 Non
2475 534 2620 587 enim
2655 533 2922 588 insomnia
2954 544 3110 588 erant
3145 532 3308 602 regni
3343 546 3480 600 spes
3516 550 3531 587 :
3578 533 3680 588 sed
3711 548 3931 606 suspecta

2339 621 2536 677 fuisset
2584 623 2921 691 praedicatio,
2976 624 3021 678 si
3074 637 3239 692 regna
3302 623 3544 692 quidem
3594 625 3931 693 praedicarent

2337 716 2597 781 coelestia,
2622 717 2688 771 de
2733 717 2817 772 his
2856 726 3035 772 autem
3081 732 3267 773 essent
3325 720 3560 775 solliciti
3610 735 3738 786 qua:
3772 722 3823 777 iu
3851 723 3931 777 hac

2335 811 2443 865 vita
2476 810 2748 866 habentur
2791 828 2806 865 :
2844 813 2938 868 sed
2970 813 3154 867 atatim
3205 815 3479 883 operibus
3528 815 3928 887 foratantesw)

2334 903 2667 967 suasionem,
2698 904 2935 972 undique
2974 904 3040 959 ad
3082 920 3243 960 unam
3273 908 3657 967 concordiam
3707 908 3929 963 conﬁse.

2334 994 2487 1051 bant.
2518 994 2760 1064 Apostoli
2794 995 3011 1064 quidem
3039 1010 3133 1065 per
3166 997 3449 1053 mirabilia
3480 1000 3927 1069 ﬁrmabantpra»

2332 1085 2656 1141 dicationetu
2688 1105 2703 1141 :
2728 1087 3011 1143 credentes
3031 1074 3259 1155 autem,
3286 1105 3356 1145 ex
3381 1106 3454 1147 eo
3484 1093 3646 1161 quod
3680 1091 3925 1147 distrahe-

2330 1176 2460 1231 bant
2485 1192 2579 1231 sua
2605 1217 2621 1242 ,
2651 1191 2717 1233 ex
2760 1192 2826 1233 eo
2864 1179 3009 1249 quod
3035 1180 3217 1235 omnia
3250 1180 3460 1255 dabant
3497 1184 3839 1250 prasentia,
3866 1201 3920 1239 ex

2330 1282 2395 1323 eo
2436 1271 2579 1338 quod
2627 1273 2807 1327 omnia
2842 1273 2910 1325 ad
2950 1286 3113 1344 regna
3166 1273 3440 1328 emiorum
3475 1274 3917 1339 transferebant;

2330 1370 2457 1415 ante
2486 1361 2777 1417 adventum
2809 1363 2977 1431 ipsius
3006 1363 3155 1433 regni
3186 1363 3562 1431 testabantur.
3602 1365 3709 1422 His
3752 1368 3918 1438 itaque

2327 1451 2497 1520 gestis
2542 1462 2853 1522 repetamus
2907 1469 3148 1522 sensum,
3194 1464 3250 1510 et
3305 1456 3605 1513 videamus
3663 1462 3763 1529 qui
3812 1472 3917 1515 erat

652 1562 709 1606 et
738 1551 969 1623 apostoli
1000 1551 1310 1606 dubitantes
1332 1547 1535 1605 fuerint
1561 1547 1852 1617 aliquoties
1875 1546 2090 1602 oblatos
2114 1546 2220 1600 sibi
2330 1553 2458 1597 tunc
2482 1544 2622 1611 apud
2652 1541 3085 1615 Hierosolymam
3119 1552 3318 1610 status,
3345 1562 3472 1618 qua
3522 1548 3774 1615 turbela,
3810 1552 3916 1618 quis

654 1658 759 1698 non
814 1642 1053 1713 potuisse
1095 1654 1321 1704 curare;
1370 1647 1492 1709 post
1536 1637 1993 1694 resurrectionem
2043 1646 2223 1690 autem
2326 1632 2507 1689 fervor
2539 1634 2918 1689 insanientium
2942 1633 3292 1691 Judaeorum:
3326 1638 3611 1708 siquidem
3662 1650 3725 1695 et
3768 1642 3858 1696 lilii
3887 1657 3911 1695 a

652 1745 709 1789 et
768 1734 973 1804 majora
1022 1747 1184 1804 quam
1246 1732 1505 1788 Dominus
1540 1730 1686 1787 fecit
1733 1729 1885 1799 signa
1938 1726 2116 1784 facere
2145 1727 2223 1798 (5)
2323 1727 2568 1794 patrihus
2616 1726 2931 1783 recedentes
2994 1727 3210 1782 sibilant
3261 1729 3327 1783 ad
3381 1729 3581 1797 fidem,
3622 1740 3685 1787 et
3735 1733 3855 1788 lilia
3885 1750 3912 1789 e

653 1827 942 1898 discipuli?
971 1827 1071 1882 sub
1104 1826 1217 1896 ejus
1234 1829 1378 1881 enim
1404 1824 1699 1895 praesentia
1728 1823 1849 1878 ideo
1880 1820 2013 1877 nihil
2043 1820 2223 1876 facere
2328 1817 2539 1872 sinibus
2568 1826 2801 1873 matrum
2837 1818 2903 1872 ad
2936 1818 3094 1873 fidem
3126 1820 3419 1875 currebant
3449 1820 3699 1885 Christi,
3729 1834 3787 1879 et
3809 1834 3910 1878 tur-

651 1928 963 1990 potueruut,
1001 1920 1125 1989 quia
1152 1920 1441 1989 oportebat
1466 1916 1723 1986 ampliora
1766 1916 1921 1986 signa
1950 1914 2018 1969 ad
2054 1915 2222 1969 satis-
2242 1936 2293 1993 Β
2321 1907 2438 1963 bela
2462 1917 2583 1963 erat
2607 1909 2749 1980 apud
2772 1909 3020 1966 inﬁdeles
3048 1910 3267 1981 ubique.
3308 1911 3405 1968 ille
3453 1915 3612 1969 enim
3641 1916 3911 1974 irasceba-

644 2010 938 2066 factionem
994 2008 1409 2072 resurrectionis
1453 2008 1678 2062 servari.
1734 2005 1790 2060 Si
1828 2006 1973 2060 enim
2024 2004 2219 2060 antici-
2325 2010 2411 2054 tur
2449 1999 2579 2061 ﬁliO.
2623 2000 2747 2070 quia
2806 2001 3102 2071 sapientior
3150 2004 3290 2073 patri
3339 2020 3442 2061 suo
3484 2010 3800 2078 apparuit:
3830 2010 3907 2065 in:

644 2078 839 2174 pautes
864 2102 965 2157 sub
1005 2101 1290 2171 praesentia
1340 2098 1552 2155 Domini
1596 2097 1888 2165 fecissent;
1931 2113 2053 2165 qua
2093 2108 2217 2169 post
2319 2103 2497 2148 autem
2539 2092 2828 2159 abjiciebat
2880 2094 3069 2161 lilium,
3119 2095 3245 2166 quia
3294 2098 3489 2153 matris
3546 2100 3907 2157 incredulitas

647 2193 1097 2249 resurrectionem
1149 2191 1265 2259 eius
1310 2190 1504 2246 fecisse
1553 2190 1828 2256 videntur,
1866 2189 2217 2245 habebantet
2318 2198 2423 2239 non
2476 2186 2852 2241 consenliebal
2902 2185 3061 2253 ﬁdeli
3131 2196 3188 2244 ει
3216 2188 3386 2244 frater
3416 2191 3754 2249 minabatur
3803 2195 3905 2249 fra-

645 2285 750 2342 iata
788 2286 1067 2342 destruere
1096 2282 1289 2348 :Iudaei,
1331 2291 1589 2353 quantum
1614 2282 1681 2338 ad
1713 2283 1856 2353 ipsos
1898 2292 1953 2338 et
1986 2282 2104 2337 aliis
2149 2298 2213 2338 ea
2318 2285 2423 2343 tn;
2447 2277 2559 2347 jam
2610 2290 2879 2335 autemet
2905 2280 3158 2338 dominus
3211 2296 3391 2337 servo.
3428 2283 3581 2353 ignis
3626 2287 3781 2341 enim
3826 2286 3903 2341 ille

640 2376 825 2432 valere
854 2376 1271 2447 suspicionibus.
1303 2374 1461 2431 Nunc
1482 2385 1661 2431 autem
1694 2391 1799 2431 non
1830 2386 2076 2445 possunt.
2099 2374 2214 2431 Sub

2333 2385 2473 2440 luem
2502 2370 2935 2429 misitDominus
2955 2373 3139 2443 Jesus,
3184 2376 3395 2446 διες-ξοδ
3440 2377 3689 2447 quidem
3712 2380 3900 2450 tetigit,

638 2470 923 2540 prasentia
956 2468 1098 2523 enim
1127 2467 1338 2522 Domini
1365 2482 1532 2522 unum
1558 2469 1855 2523 daemonem
1883 2468 2080 2539 ejicere
2105 2483 2209 2523 non

2333 2461 2525 2532 iliquos
2559 2472 2739 2518 autem
2768 2464 3036 2534 despexit,
3063 2477 3119 2523 et
3144 2468 3389 2536 implevit
3425 2470 3650 2524 turbela
3708 2472 3893 2527 civita-

638 2572 890 2633 poterant
922 2560 1148 2630 apostoli
1186 2576 1203 2615 :
1234 2570 1355 2629 post
1386 2556 1823 2616 resurrectionen
1853 2570 2032 2615 autem
2068 2558 2208 2628 ejus,
2317 2565 2444 2620 tem,
2476 2555 2650 2621 vicos,
2678 2556 2928 2628 regiones
2960 2568 3015 2614 et
3047 2560 3256 2616 domos.
3286 2559 3420 2615 Erat
3462 2571 3653 2619 autem
3698 2565 3896 2621 turbela

636 2669 747 2710 non
775 2651 1061 2719 solumilli,
1087 2653 1179 2707 sed
1208 2652 1335 2706 ethi
1361 2652 1453 2721 qui
1483 2652 1552 2707 ab
1580 2651 1686 2707 illis
1708 2652 1862 2708 istius
1886 2654 2099 2708 virtutis
2124 2669 2210 2708 se-
2309 2644 2627 2713 q'ﬁbusdam
2663 2648 2879 2716 quidem
2912 2648 2979 2705 ad
3004 2649 3227 2715 bonum.
3254 2652 3591 2722 quibusdam
3623 2664 3814 2711 autem
3836 2660 3895 2711 ad

635 2760 760 2815 mea
792 2742 1468 2815 acceperum,ejiciunt.8i
1491 2744 1635 2799 enim
1657 2744 1890 2800 “dubi.
1914 2752 2208 2813 οηηιαυω
2309 2736 2506 2805 duplex
2530 2737 2752 2793 malum.
2787 2737 2865 2793 illi
2885 2742 3029 2795 enim
3066 2742 3158 2811 qui
3200 2742 3601 2812 ligurubautur,
3641 2754 3894 2811 etperse-

631 2812 763 2895 ante
823 2812 1131 2909 passionem
1166 2812 1623 2907 praedicabantur,
1685 2838 2205 2910 protensiouem(6)
2307 2831 2576 2885 cntionem
2601 2831 2959 2897 sustinebant,
2984 2842 3173 2889 etcum
3217 2834 3401 2890 laetitia
3441 2839 3632 2892 omnia
3655 2840 3730 2895 ob
3752 2854 3890 2910 spera

630 2928 822 2982 nahuit
855 2928 1202 2985 incredulitas
1230 2924 1491 2994 majorem
1514 2936 1635 2995 post
1655 2930 1988 2998 passionem.
2021 2929 2203 2986 Incre-

2333 2922 2457 2992 egni
2486 2922 2727 3007 celestis
2752 2925 3127 2993 patiebantur;
3153 2927 3289 2981 mala
3318 2943 3439 2997 quae
3454 2930 3816 2997 putabantur,
3844 2933 3889 2985 in

636 3021 943 3078 dibilissimi
968 3022 1114 3080 enim
1142 3020 1338 3085 Judaei.
1361 3030 1622 3090 ponentes
1657 3022 1758 3077 sibi
1795 3024 2107 3079 scandalum
2142 3025 2197 3079 in

2333 3014 2464 3068 mnis
2508 3014 2612 3073 sibi
2650 3014 2921 3070 thesauris
2963 3017 3340 3073 recondebam.
3385 3018 3723 3091 Quicunque
3756 3022 3887 3076 enim

632 3113 749 3184 ipsa
777 3115 1025 3184 μεςῑοηε
1050 3113 1281 3177 Domini,
1310 3114 1563 3169 dicebant
1595 3131 1611 3166 ι
1655 3112 1718 3169 Si
1752 3112 1929 3168 Fas“
1966 3114 2063 3170 οσί
2099 3125 2199 3183 ατ,
2303 3104 2626 3161 videbantur
2652 3105 2822 3178 legem
2864 3108 3141 3163 vindicare
3185 3107 3412 3179 lloysei,
3441 3109 3581 3180 legis
3613 3125 3889 3166 sermones

631 3206 909 3260 dum“,
942 3222 1079 3259 "ne
1098 3206 1161 3259 άε
1182 3220 1333 3259 mm
1354 3205 1422 3258 δν,
1460 3205 1517 3261 εί
1540 3206 1684 3261 enim
1707 3216 1815 3261 non
1837 3205 2198 3277 ducendam,
2303 3195 2621 3265 ignorantes
2652 3199 2925 3253 contraria
2966 3199 3064 3270 legi
3096 3199 3478 3268 operabantur.
3510 3201 3621 3257 Per
3642 3218 3710 3258 ea
3747 3203 3885 3258 enim

637 3296 731 3350 sed
760 3304 1003 3350 mortuus
1032 3293 1212 3358 fuerit,
1240 3294 1509 3365 inquiunt,
1534 3304 1744 3350 mortua
1782 3295 1892 3351 erit
1910 3303 1967 3351 et
1993 3298 2193 3354 virtus.
2226 3296 2232 3333 ‘

2333 3294 2421 3343 me
2448 3288 2945 3363 gloriabantur,per
2967 3294 3077 3363 ipsa
3101 3299 3554 3367 etarguebantur.
3576 3298 3711 3352 Erat
3730 3299 3881 3370 igitur

630 3386 771 3455 Quia
804 3400 935 3457 ergo
966 3386 1146 3455 passio
1179 3386 1444 3456 protendit
1487 3386 1565 3457 (7)
1602 3400 1787 3441 eorum
1840 3387 2196 3453 incl-edulia-
2256 3404 2257 3407 η
2299 3377 2499 3435 Iudaeis
2533 3382 2646 3450 ipsa
2686 3384 2891 3439 veritas
2941 3398 3066 3439 nox.
3110 3383 3509 3444 lnterfecerunt
3530 3391 3684 3445 enim
3707 3401 3763 3447 et
3796 3391 3885 3447 ob-

634 3488 765 3542 tcm,
793 3477 1003 3546 majora
1038 3485 1216 3531 autem
1250 3477 1404 3547 signa
1438 3476 1746 3533 elﬁciuntur
1770 3494 1867 3548 per
1905 3479 2200 3551 discipulos

2333 3480 2604 3543 urgarunt,
2634 3480 2692 3527 et
2717 3474 3065 3530 descendenti
3087 3475 3153 3532 de
3179 3491 3343 3533 cruce
3369 3478 3632 3533 dixerunt
3659 3483 3734 3539 ei.
3785 3495 3884 3536 non

630 3570 699 3623 ad
733 3568 1197 3625 continuationem
1224 3570 1487 3625 adventus
1524 3569 1683 3640 ejus;
1709 3572 1883 3643 magis
1916 3583 2096 3629 autem
2130 3578 2199 3633 ad
2298 3566 2599 3622 descendit.
2642 3567 2934 3623 Descendit
2978 3578 3158 3625 autem
3191 3569 3259 3624 ad
3302 3569 3534 3639 inferos,
3570 3584 3631 3628 et
3681 3576 3881 3645 majora

630 3660 1093 3715 confirmationem
1159 3655 1495 3717 incredibilis
1534 3664 2003 3734 ,resurrectionis,
2057 3667 2200 3723 acci—
2296 3668 2384 3714 est
2434 3668 2712 3730 operatus.
2792 3659 2849 3715 Si
2915 3662 3061 3716 enim
3123 3662 3502 3720 descendisset
3568 3668 3638 3720 de
3705 3682 3881 3731 cruce,

631 3751 841 3821 pientes
873 3749 1299 3807 satisfactionem
1345 3765 1409 3807 ex
1460 3753 1693 3809 adventu
1731 3748 1973 3825 Spiritus
1996 3759 2195 3823 sancti,

2338 3760 2557 3805 olerent
2585 3752 2765 3807 dicere
2789 3753 2915 3822 quia
2947 3742 3244 3809 moriturus
3274 3766 3363 3810 est
3402 3756 3455 3809 in
3496 3771 3565 3811 eo
3590 3757 3731 3829 (l0),
3763 3774 3879 3813 cum

629 3853 687 3897 et
723 3841 947 3911 apostoli
992 3841 1200 3898 fuerant
1258 3845 1457 3907 vocati,
1508 3847 1695 3901 statim
1738 3848 1995 3916 operibus
2054 3851 2195 3919 ipsis
2298 3857 2405 3898 non
2440 3848 2586 3899 esse!
2624 3855 2891 3901 mortuus.
2932 3845 3192 3903 Illiitiose
3210 3849 3355 3904 enim
3391 3858 3446 3904 et
3482 3849 3734 3908 Iudaicae
3776 3868 3882 3907 tua-

628 3935 985 3989 ostendebant
1040 3943 1299 4004 quantum
1360 3945 1542 4006 posset
1598 3942 1888 4007 prasentia
1962 3942 2199 4011 Spiritus
2299 3936 2633 3991 chinationis
2657 3949 2776 3993 erat
2804 3939 3093 4011 suspicari,
3128 3950 3186 3994 ut
3212 3941 3376 3996 etiam
3402 3943 3518 3997 haec
3538 3943 3882 4013 ﬁngerentet

627 4023 831 4078 sancti.
864 4021 1047 4078 Primo
1065 4024 1283 4092 quidem
1306 4026 1431 4094 quia
1454 4024 1591 4080 dum
1610 4037 1798 4081 essent
1831 4029 2007 4096 multi,
2032 4048 2195 4088 unum

2335 4028 2568 4083 udirent.
2598 4027 2751 4082 Nunc
2778 4039 2959 4085 autem
3002 4030 3131 4100 quia
3175 4045 3353 4102 neque
3393 4032 3616 4089 diabolo
3676 4050 3877 4107 propo-

624 4120 783 4165 erant
812 4111 1003 4182 spiritu
1054 4122 1109 4188 et
1142 4114 1334 4168 anima
1376 4130 1387 4165 :
1433 4115 1563 4185 quia
1611 4131 1749 4172 unus
1786 4127 1842 4172 et
1892 4120 2054 4175 idem
2082 4132 2199 4179 erat
2298 4119 2447 4172 neuti
2497 4120 2772 4187 possibilia
2814 4122 3095 4185 obedient,
3143 4137 3318 4194 neque
3343 4122 3461 4192 ejus
3503 4125 3634 4180 liliis
3675 4129 3768 4197 qui
3798 4142 3880 4181 vo-

626 4202 883 4271 Spiritus,
916 4204 1005 4273 qui
1042 4206 1139 4259 has
1162 4204 1482 4262 elﬁcientias
1522 4208 1821 4264 dividebat.
1857 4209 2011 4266 Sicut
2052 4216 2194 4269 enim
2296 4208 2504 4264 illnlate
2535 4209 2654 4280 ejus
2685 4210 2778 4266 lilii
2835 4214 3196 4283 habebantur.
3244 4215 3477 4285 praebuit
3511 4220 3661 4289 quod
3716 4220 3877 4275 locuti

627 4293 832 4359 lapides
866 4302 921 4347 et
965 4294 1163 4349 lateres
1192 4295 1341 4349 multi
1384 4297 1662 4364 conjuncti
1714 4308 1768 4353 et
1812 4304 2094 4373 compositi
2142 4306 2195 4360 in
2296 4313 2444 4357 sunt.
2477 4301 2612 4357 Cum
2644 4305 2786 4359 enim
2818 4316 3003 4376 posset
3037 4308 3389 4375 descendere,
3432 4324 3542 4366 non
3575 4312 3875 4378 demeruit,

626 4379 923 4436 aediﬁcatus
957 4380 1037 4453 (8)
1074 4398 1239 4436 unum
1275 4394 1329 4438 et
1381 4387 1620 4441 membra
1690 4388 1846 4458 plura
1924 4404 2196 4465 precepts
2297 4410 2366 4448 ne
2405 4396 2752 4453 intercideret
2801 4399 3223 4470 dispensationis
3273 4404 3483 4471 curam,
3523 4419 3708 4476 neque
3746 4423 3877 4477 pra-

630 4473 946 4567 wdilicantis
976 4476 1027 4528 in
1053 4490 1211 4529 unam
1246 4478 1618 4567 compaginem
1656 4482 1971 4539 adunantur
2005 4504 2017 4539 :
2046 4486 2120 4541 ita
2143 4498 2198 4543 et
2296 4486 2453 4544 heret
2502 4489 2702 4545 ludatis
2756 4501 2814 4546 ut
2849 4492 3035 4546 iisdem
3088 4494 3337 4549 obedisse
3386 4473 3685 4553 videretur.
3741 4473 3875 4567 Quid

627 4564 857 4632 apostoli
898 4580 1005 4619 uno
1052 4568 1307 4633 baptizati
1347 4566 1550 4637 Spiritu
1591 4573 1981 4639 separationem
2010 4577 2194 4632 multi-
2224 4637 2259 4658 __
2299 4581 2445 4633 enim
2476 4591 2594 4635 erat
2632 4581 2898 4639 difﬁcilius
2925 4599 2956 4639 e
2999 4598 3159 4640 cruce
3198 4586 3527 4644 descendere
3552 4564 3869 4658 Deum,‘aut

625 4656 833 4755 tudinis
869 4658 1251 4725 deposuerunt.
1301 4658 1698 4729 Coniunctione
1739 4677 1916 4720 autem
1971 4669 2191 4738 spiritus
2226 4649 2268 4704 θ
2295 4671 2365 4726 ab
2408 4673 2598 4730 inferis
2648 4678 2940 4735 ascendere
2985 4678 3294 4735 viventem?
3324 4681 3467 4751 Ergo
3516 4698 3627 4739 non
3659 4649 3873 4756 propter

624 4744 1047 4847 arctati,.unum
1091 4758 1248 4803 erant
1281 4765 1471 4809 omnes
1499 4762 1556 4807 et
1591 4755 1786 4824 spiritu
1824 4767 1878 4811 et
1928 4760 2109 4813 anima
2138 4771 2193 4815 et
2293 4767 2788 4835 impossibilitatem
2821 4772 3101 4827 excusatio
3128 4774 3353 4838 exstitit,
3514 4744 3740 4848 propier
3762 4744 3872 4835 dia—

623 4837 982 4940 consensione
1018 4848 1074 4894 et
1120 4843 1435 4901 concordia.
1491 4845 1557 4899 Et
1611 4861 1717 4902 non
1780 4848 1952 4904 solum
2003 4852 2059 4906 in
2109 4852 2193 4908 bis
2293 4859 2671 4927 pensationem
2697 4864 2985 4933 permissio
3020 4866 3182 4920 morti
3205 4866 3325 4929 fuit,
3359 4876 3419 4922 ut
3448 4837 3661 4940 majora
3692 4883 3867 4926 osteno

625 4944 745 5033 qua
773 4928 841 4985 ab
868 4930 1011 4987 intus
1027 4941 1154 5033 sunt
1181 4949 1373 5033 untun,
1402 4938 1497 4993 sed
1521 4938 1684 4993 etiam
1714 4948 1770 5023 et
1797 4941 1864 4995 ab
1892 4943 1977 4997 his
2006 4958 2126 5013 quae
2158 4960 2189 5000 a
2294 4951 2447 5007 deret
2474 4968 2637 5023 quam
2670 4928 2742 5010 illi
2786 4959 2990 5028 precati
3038 4968 3184 5016 sunt.
3248 4959 3361 5033 Ego
3410 4928 3596 5019 autent
3642 4965 3868 5022 libenter

624 5022 761 5077 foris
786 5032 935 5087 sunt,
966 5024 1362 5094 praedicabatur
1381 5042 1569 5085 eorum
1598 5033 1778 5086 anima
1799 5042 1853 5088 et
1872 5038 2188 5115 concordia,
2295 5022 2752 5103 menteirecurro
2788 5022 2867 5104 ad
2917 5050 3069 5119 illud,
3117 5068 3238 5107 cum
3278 5022 3456 5110 adhuc
3507 5071 3704 5115 recens
3760 5072 3865 5116 erat

622 5116 945 5209 Quicunque
963 5119 1131 5185 enim,
1162 5118 1360 5190 inquit,
1407 5136 1569 5199 agros
1605 5124 1883 5203 habebant
1930 5138 2026 5183 aut
2056 5129 2190 5187 alias
2294 5137 2479 5205 passio
2505 5136 2733 5205 Christi,
2765 5157 2959 5198 recens
2988 5116 3152 5200 etiam
3190 5154 3247 5201 et
3268 5144 3584 5206 Judcorum
3623 5155 3859 5209 audacia.

620 5222 784 5283 opes,
795 5207 915 5313 iam.
933 5225 1039 5265 non
1082 5226 1180 5268 sua
1221 5213 1649 5313 ρυιδδοριηηιιιαξ
1696 5217 1981 5313 aliquando
2033 5230 2188 5313 erant
2294 5226 2491 5287 Petrus
2515 5231 2659 5286 enim
2688 5233 3009 5304 loquebatur
3038 5250 3143 5292 non
3174 5252 3236 5293 ea
3261 5254 3381 5308 que
3404 5252 3537 5297 ante
3561 5207 3858 5313 passionem

625 5314 751 5365 sua;
779 5300 872 5356 sed
899 5302 959 5401 in
986 5316 1273 5358 commune
1298 5303 1659 5401 proferentes,
1685 5318 1739 5363 et
1772 5309 1902 5379 ipsis
1931 5312 2186 5395 operibus
2296 5321 2535 5387 dicebat,
2575 5332 2631 5377 et
2664 5300 2892 5393 apostoli
2926 5300 3295 5395 testabantur,
3316 5341 3373 5386 et
3392 5300 3857 5401 Iuda-dolebant,

624 5404 771 5495 spem
821 5392 1655 5495 confirm.antes,_distrahebant
1692 5414 1875 5470 agros,
1910 5390 2189 5459 venunda-
2294 5420 2349 5464 et
2384 5410 2494 5480 jam
2544 5428 2653 5470 non
2698 5390 2972 5472 habebant
3023 5420 3111 5473 cui
3160 5390 3453 5492 erogarent
3499 5390 3861 5495 pecunias,

622 5480 753 5536 bant
799 5497 949 5552 opes,
1003 5486 1375 5541 distrahebant
1417 5490 1595 5543 omnia
1642 5504 1761 5561 qua:
1816 5494 2185 5563 possidebant.
2302 5505 2631 5559 resurrectio
2654 5507 3064 5565 occultaretur:
3102 5480 3301 5571 muan
3326 5514 3471 5570 enim
3499 5480 3856 5576 custodientes

694 5577 738 5609 δ’
771 5577 957 5633 Matth.
997 5593 1167 5645 xxvn,
1204 5582 1295 5635 ιο.

692 5668 769 5733 μ)
798 5665 899 5724 Na.
936 5665 1096 5724 Forte
1113 5689 1271 5728 nunc.

1016 5688 1096 5759 rt:
1108 5689 1296 5759 nunc.‘
2362 5689 2437 5759 (8‘;
2469 5688 2594 5759 bis"
2613 5691 2872 5759 adiﬁciis.

715 5736 770 5794 5)
804 5736 1021 5794 Furere;
1053 5739 1235 5811 Forte,
1267 5745 1461 5817 facere.

711 5805 768 5873 ο)
804 5807 1100 5864 Ἐπίτασιν.

674 5740 767 5956 ὲ)
812 5874 1115 5935 Ἐπιτιενει.

2359 5756 2434 5830 (9)
2467 5757 2563 5830 Ms.
2576 5799 2588 5819 ,
2618 5756 2904 5830 (irruamus.

752 5807 1100 5899 2155,33,,
1221 5807 1280 5817 --
2356 5807 2903 5899 no)"‘r:'.'.'raiza'.;:

724 5874 767 5945 ἲ)
812 5874 1115 5935 Ἐπιτιενει.
