4072 6410
186 360 343 416 ἱὶἶέἱ

1544 351 1632 404 DE
1671 347 2016 407 OPERIBUS
2057 345 2280 402 BONIS.

3361 350 3502 407 1!"!

186 481 546 542 acceperant
583 483 708 539 ista,
745 472 886 526 sicut
926 481 978 525 ct
1026 467 1269 541 proditor
1315 471 1504 528 ludas.
1541 469 1802 526 Sciebant
1828 473 1883 536 Δ
1907 471 2168 529 cedonas.
2199 465 2332 534 Qu:
2375 475 2558 522 autem
2586 465 2872 536 proastio?
2901 467 3028 538 quia
3084 467 3327 523 tribuisti
3379 481 3487 523 non

185 568 362 624 cnim
407 563 576 620 Judaei
599 565 887 620 adversum
913 578 972 618 se
1007 563 1198 633 dupias
1233 564 1362 618 dare
1393 563 1666 633 pecunias.
1697 562 1799 618 De-

185 659 415 715 derunt
443 664 498 711 et
519 653 919 725 ad-negandam
949 654 1367 710 resurrectionis
1394 653 1552 709 iidem
1578 671 1592 708 :
1621 653 1799 709 sciunt

189 750 416 822 quippe
443 757 498 805 et
531 750 665 804 dare
712 747 878 812 male,
913 756 968 803 et
997 748 1250 815 accipere
1283 761 1389 802 non
1420 747 1580 804 bene.
1614 746 1798 816 Siqui-

191 843 330 899 dem
368 851 427 897 et
458 839 658 909 Joseph
711 839 1079 895 distrahentes
1122 848 1452 910 acceperunt
1495 852 1602 894 non
1637 837 1795 905 bene,

185 944 252 990 et
311 933 606 988 Dominum
653 947 816 988 causa
854 933 1180 1003 proditionis
1232 942 1504 997 emerunt,
1536 942 1594 987 et
1630 933 1799 988 abue-

188 1028 430 1095 gatione
478 1025 902 1084 resurrectionis
954 1026 1244 1080 adversum
1283 1038 1344 1080 se
1387 1033 1794 1092 compararunt.

185 1113 252 1171 lu
289 1117 440 1172 maia
471 1119 615 1172 enim
644 1117 966 1172 mercatoria
989 1118 1256 1182 meditati,
1293 1117 1654 1186 perditionem
1690 1115 1796 1173 sibi

189 1219 574 1280 procurarunt
603 1220 940 1279 perpetuam.
971 1210 1077 1266 Sed
1105 1211 1172 1265 ad
1196 1208 1392 1265 ludam
1441 1211 1660 1282 quidem
1709 1211 1798 1266 fu-

192 1316 322 1358 rem
367 1302 478 1356 vim
535 1301 808 1356 habebant
857 1301 1134 1372 pecuniae;
1191 1302 1260 1357 ad
1311 1315 1434 1356 eum
1489 1309 1667 1356 autem
1702 1303 1795 1370 qui

190 1395 441 1454 dicebat.
488 1392 730 1448 Pecunia
773 1403 828 1448 et
874 1407 1063 1446 aurum
1110 1407 1218 1448 non
1267 1401 1354 1448 est
1401 1393 1554 1458 mihi,
1592 1392 1794 1448 nullam

194 1485 449 1540 habebat
486 1483 691 1540 malitia
720 1484 1020 1550 virtutem,
1076 1487 1174 1538 sed
1235 1486 1670 1556 angnstabantur
1700 1500 1792 1541 sa-

192 1577 462 1631 cerdotes
480 1574 804 1644 etopopulus.
831 1583 886 1629 et
911 1574 1119 1628 turbela
1145 1584 1266 1628 erat
1289 1574 1574 1630 bonorum.
1606 1573 1795 1646 Neque

192 1668 350 1722 enim
381 1681 543 1735 quem
583 1665 1108 1744 comprehenderunt
1130 1666 1244 1732 jant
1276 1667 1578 1732 habebant,
1613 1681 1794 1738 neque

188 1773 364 1829 quem
385 1758 736 1813 detinuernnt
755 1774 768 1810 :
788 1757 1023 1826 undique
1055 1759 1201 1813 enim
1227 1758 1454 1829 spiritus
1484 1759 1793 1814 scaturieus

1901 569 2192 624 cesserunt
2228 557 2509 617 charitati.
2553 555 2656 626 Qui
2709 558 2858 613 enim
2906 572 3015 614 non
3071 558 3420 626 tribulatur,-
3449 562 3498 618 si

1903 653 2426 717 subministraverit,
2476 651 2672 707 similis
2711 662 2800 706 est
2829 648 2906 706 illi
2948 651 3044 721 qui
3081 651 3210 708 dum
3263 653 3500 709 mandu-

1900 759 2014 816 cat,
2044 761 2107 804 ea
2139 759 2262 817 qua
2303 742 2645 814 superaverit
2691 741 2877 799 donat.
2927 743 3031 812 Qui
3084 753 3266 801 autem
3323 744 3502 802 adhuc

1900 838 2073 899 esurit
2127 845 2185 893 et
2238 833 2566 905 compatitur
2603 848 2647 889 e.
2685 846 2829 903 pane
2872 848 2994 901 suo,
3045 833 3138 890 ille
3181 843 3266 890 est
3309 832 3500 890 fratris

1846 950 1862 966 α
1899 939 2112 988 amator
2142 949 2156 985 :
2181 927 2449 998 siquidem
2473 934 2530 982 et
2556 925 2660 980 sub
2693 925 2921 982 Domino
2943 923 3098 994 Iesu,
3126 941 3251 982 cum
3276 926 3498 997 quidam

1897 1027 2189 1082 'tnitterent
2221 1020 2389 1077 multa
2432 1018 2487 1074 in
2534 1019 2736 1090 templo
2784 1033 2852 1075 ex
2899 1020 2985 1075 bis
3020 1034 3143 1090 qua
3194 1019 3496 1087 habebant,

1902 1119 2063 1174 vidua
2101 1117 2220 1172 duo'
2243 1114 2467 1170 mittens
2504 1111 2716 1167 minuta
2753 1125 2947 1168 omnes
2987 1113 3272 1182 superavit
3303 1111 3358 1166 in
3397 1111 3498 1168 do-

1901 1211 2007 1266 nis.
2043 1209 2109 1265 Et
2135 1215 2287 1263 certe
2320 1205 2449 1277 quid
2473 1213 2629 1262 erant
2661 1204 2752 1259 illa
2792 1204 2899 1259 duo
2927 1204 3136 1260 minuta
3177 1219 3300 1274 qua:
3333 1202 3500 1259 vidua

1899 1300 2094 1358 misit?
2121 1298 2394 1366 Quantum
2425 1295 2492 1351 ad
2523 1309 2636 1350 rem
2667 1293 2891 1367 quidem
2923 1297 3060 1352 satis
3088 1311 3258 1368 parva
3285 1314 3302 1351 :
3332 1310 3502 1366 quan-

1901 1405 2014 1450 tum
2052 1392 2118 1448 ad
2150 1391 2487 1446 alacritatem
2527 1396 2713 1443 autem
2757 1387 2915 1444 valde
2945 1403 3162 1458 magna.
3193 1387 3314 1444 Non
3345 1387 3496 1442 enim

1898 1485 1965 1540 ad
2007 1485 2060 1539 id
2123 1482 2394 1552 inspicere
2442 1480 2706 1535 debemus
2751 1479 2898 1550 quod
2949 1479 3137 1534 datum
3171 1489 3277 1545 est,
3314 1481 3408 1537 sed
3446 1483 3493 1536 si

1898 1577 2028 1648 quid
2055 1577 2234 1631 eidem
2283 1575 2600 1631 derelictum
2643 1582 2745 1629 est.
2793 1571 2860 1627 Et
2890 1572 2969 1626 ita
3011 1572 3352 1645 admirabilis
3405 1573 3496 1630 ille

1898 1669 1989 1738 qui
2020 1675 2263 1737 superat.
2292 1665 2412 1720 Non
2437 1665 2636 1735 quippe
2659 1662 3012 1733 quaerendum
3037 1673 3121 1717 est
3145 1664 3192 1719 si
3216 1664 3493 1720 modicum

1898 1769 1980 1816 est
2010 1760 2153 1830 quod
2183 1773 2214 1812 a
2252 1759 2416 1813 vidua
2445 1760 2629 1820 datur,
2662 1757 2758 1812 sed
2789 1757 2834 1811 si
2883 1755 3089 1825 aliquid
3127 1757 3178 1812 ei
3238 1756 3491 1813 relictum

189 1849 524 1905 fonticabat.
556 1847 624 1901 Et
647 1845 840 1902 Petrus
866 1848 1084 1917 quidem
1103 1847 1269 1903 istinc
1301 1848 1523 1902 aliunde
1548 1849 1711 1914 alius,
1737 1859 1792 1906 et
1824 1847 1868 1902 Β
1897 1861 2000 1905 cst.
2044 1848 2104 1904 Si
2133 1849 2278 1904 enim
2313 1847 2454 1903 facta
2488 1847 2659 1902 fuerit
2682 1847 3026 1915 comparatio
3053 1846 3122 1901 de
3148 1845 3229 1901 eis
3248 1861 3371 1915 qua:
3398 1861 3490 1900 re-

190 1943 343 2000 alter
374 1957 444 1996 ex
469 1939 558 1994 illa
589 1947 766 2008 parte,
789 1949 840 1995 et
885 1940 975 2008 qui
1005 1943 1232 1995 necdum
1273 1941 1583 1996 crediderat
1609 1941 1790 1997 initia-

191 2035 291 2089 bat
318 2033 583 2090 clamare.
619 2033 848 2088 Etiiiius
871 2031 1087 2102 quidem
1111 2031 1273 2095 iiiius,
1306 2031 1528 2086 alterius
1551 2032 1684 2096 illia,
1716 2032 1792 2086 ai-

192 2125 377 2182 terius
415 2126 650 2196 eoujux;
693 2135 742 2180 et
771 2125 916 2179 illius
950 2125 1142 2178 domus
1171 2124 1285 2192 ipse
1314 2123 1707 2191 paterfamilias
1738 2133 1793 2178 ct

191 2231 396 2274 servus
465 2229 518 2272 et
561 2217 762 2271 {amula
823 2216 971 2286 (ii);
1013 2216 1251 2284 undique
1290 2213 1527 2284 Spiritus
1579 2214 1792 2270 fructus

191 2309 535 2366 scaturiebat
590 2325 742 2366 suus.
801 2307 918 2362 Non
979 2316 1189 2362 tantum
1241 2308 1386 2362 euitn
1440 2309 1794 2377 permittebat

190 2399 404 2458 Iudaeis
438 2401 732 2465 visionem,
761 2410 1028 2472 quantum
1066 2400 1428 2470 perditionem
1469 2415 1787 2469 agnoscere.

193 2489 327 2549 Hac
352 2507 476 2547 cum
524 2494 599 2547 ita
647 2491 841 2547 tierent
888 2494 1029 2562 apud
1067 2491 1342 2555 Judzeam;
1386 2500 1606 2562 oportet
1641 2492 1788 2547 enim

191 2584 488 2642 ostendere
517 2598 618 2639 nos
656 2584 800 2638 unde
827 2585 895 2639 ad
933 2584 1036 2640 bos
1063 2599 1252 2640 sumus
1289 2584 1540 2640 conversi
1574 2599 1790 2640 sermo-

193 2691 328 2744 nes;
372 2678 486 2748 jam
537 2692 646 2732 non
692 2686 812 2732 erat
851 2677 1110 2747 possibile
1159 2677 1244 2732 his
1293 2678 1384 2748 qui
1441 2679 1789 2734 crediderant

194 2768 446 2832 Christo,
507 2767 651 2838 apud
703 2767 944 2824 Judcam
999 2769 1145 2839 pasci
1181 2791 1191 2824 :
1225 2770 1491 2838 siquidem
1547 2769 1592 2824 si
1643 2778 1791 2825 esset

195 2862 323 2930 quis
351 2859 516 2925 illius,
547 2859 875 2926 ejiciebatur
914 2873 946 2915 e
990 2861 1154 2916 domo
1203 2862 1332 2931 quia
1378 2861 1554 2917 iactus
1613 2861 1791 2918 fuerat

197 2951 378 3008 ildciis
418 2953 506 3008 :si
533 2953 726 3018 frater,
772 2968 880 3008 non
933 2954 1168 3010 habebat
1213 2957 1518 3025 portionem
1553 2954 1788 3011 haeredi-

200 3045 355 3110 tatis,
414 3044 541 3114 quia
592 3044 706 3112 iam
756 3045 992 3102 habebat
1043 3057 1253 3117 partem
1300 3048 1452 3118 regni
1498 3048 1785 3103 cmiestis:

195 3143 252 3190 et
316 3133 445 3190 lilia:
499 3134 932 3200 abdicabantur,
986 3147 1043 3192 et
1106 3137 1250 3192 servi
1319 3139 1786 3205 emcndabantur,

1901 1944 2028 1998 ficta
2055 1951 2206 2010 sunt,
2245 1940 2496 1997 invenies
2543 1939 2740 1996 divites
2785 1939 3006 2010 quidem
3058 1939 3192 1994 nihil
3234 1940 3489 2006 dedisse;

1895 2035 2055 2102 plura
2089 2038 2236 2091 enim
2280 2044 2408 2091 sunt
2435 2048 2559 2104 qua:
2594 2033 2788 2089 relicta
2818 2041 2948 2088 sunt
2993 2032 3103 2098 eis;
3143 2032 3362 2088 viduam
3394 2047 3496 2087 au-

1898 2138 2006 2184 tem
2064 2136 2238 2183 totam
2298 2127 2623 2182 substantiae
2674 2124 2993 2182 facultatem
3050 2126 3288 2183 dedisse.
3348 2126 3493 2198 Ergo

1897 2220 2033 2276 nihil
2072 2222 2248 2292 magis
2282 2229 2387 2284 est,
2421 2221 2466 2275 si
2502 2221 2626 2290 quis
2654 2220 2864 2274 habens
2895 2220 3062 2275 donat
3093 2238 3111 2278 :
3149 2221 3244 2277 sed
3275 2220 3321 2276 si
3366 2220 3494 2291 quis

1898 2329 2004 2369 non
2054 2314 2242 2380 habet,-
2282 2319 2443 2381 urget
2493 2312 2822 2368 charitatem
2869 2321 2930 2367 ut
2981 2313 3165 2368 faciat.
3209 2311 3285 2367 ita
3311 2323 3369 2368 et
3399 2311 3490 2367 ilia

1893 2406 2078 2472 vidua,
2123 2419 2247 2474 quas
2279 2401 2519 2472 suscepit
2553 2402 2722 2456 Eliam
2752 2402 3007 2457 infamem
3048 2393 3189 2475 (i3),
3225 2418 3256 2457 a
3288 2401 3492 2474 pugillo

1895 2501 2115 2573 pollinis
2149 2499 2424 2570 primitias
2461 2497 2696 2553 oiierens
2733 2498 3034 2567 prophetae,
3078 2506 3134 2554 et
3179 2499 3296 2569 ipsa
3335 2507 3490 2568 pasta

1893 2602 1973 2648 est
2002 2601 2056 2646 et
2087 2590 2210 2662 plus
2238 2589 2454 2645 cateris
2481 2588 2689 2643 habuit.
2715 2587 2792 2643 ita
2827 2597 2883 2644 et
2917 2587 3265 2654 Macedones,
3297 2589 3393 2658 qui
3429 2587 3487 2643 in

1892 2683 2063 2738 multo
2105 2683 2483 2749 experimento
2520 2679 2887 2736 tribulationis
2919 2678 3088 2750 :quia
3130 2679 3279 2735 enim
3316 2678 3491 2735 multa

1893 2782 2012 2830 erat
2033 2775 2175 2845 apud
2203 2774 2323 2828 illos
2347 2772 2628 2827 tribulatio
2660 2772 2966 2826 inediarutn
2989 2789 3005 2838 ;
3031 2770 3320 2826 incurrunt
3338 2770 3488 2826 enim

1892 2879 2287 2934 nonnunquam
2336 2863 2471 2918 tales
2512 2862 2825 2916 hominibus
2865 2859 3282 2924 tribulationes;
3330 2857 3489 2913 altis-

1891 2958 2029 3012 sima
2052 2956 2334 3012 tribulatio
2367 2969 2637 3011 summam
2670 2953 2995 3010 charitatem
3027 2951 3268 3008 ost’eudit
3295 2971 3311 3007 :
3358 2952 3489 3021 quia

1890 3047 1948 3101 in
1978 3045 2145 3102 metito
2171 3045 2552 3115 experimento,
2586 3044 2791 3114 inquit,
2819 3043 3193 3098 tribulationis
3209 3041 3494 3098 abundan-

1894 3140 1969 3192 tia
1985 3139 2172 3209 gaudii
2193 3153 2375 3193 eorum
2394 3138 2464 3191 “.
2505 3135 2782 3204 Quantum
2817 3135 2970 3193 enim
2991 3136 3062 3192 ad
3095 3143 3490 3206 opesspectat,

197 3226 530 3284 sustinentes
608 3240 802 3298 poenas
861 3227 990 3298 quia
1056 3227 1264 3283 lideles.
1328 3227 1454 3284 Haec
1513 3243 1637 3284 cum
1704 3231 1782 3285 ita
1812 3225 1857 3285 ϐ
1895 3229 2176 3286 tribulatio
2207 3230 2432 3285 erateis
2468 3247 2482 3283 :
2514 3238 2781 3299 quantum
2813 3238 3006 3288 autem,
3034 3228 3103 3283 ad
3133 3227 3488 3293 charitatem,

197 3327 509 3386 agerentur,
545 3327 602 3374 et
622 3316 737 3387 jam
766 3333 874 3373 non
914 3315 1228 3374 subicerent
1266 3319 1453 3376 iideies
1499 3321 1641 3390 apud
1682 3319 1782 3376 Ju-

196 3411 367 3465 deam
420 3423 648 3479 pascere
699 3408 1102 3464 multitudinem
1152 3411 1492 3464 credentium
1526 3411 1780 3475 Christo;

197 3499 422 3570 apostoli
457 3499 816 3570 praedicantes
836 3502 1080 3570 gentium
1111 3501 1563 3572 complacuerunt
1589 3511 1646 3559 et
1678 3503 1786 3559 hoc

201 3593 405 3648 donare
437 3593 687 3648 iid'elibus
705 3594 799 3663 qui
829 3594 882 3648 in
905 3593 1158 3665 gentibus
1189 3595 1560 3663 habebantur,
1589 3605 1649 3651 ut
1673 3596 1785 3652 coi-

202 3684 428 3756 iigerent
464 3686 731 3754 quasdam
765 3686 1020 3756 pecunias
1045 3694 1103 3742 et
1143 3700 1296 3756 opes,
1319 3696 1374 3742 ct
1401 3688 1682 3743 mitterent
1715 3691 1786 3744 ad

197 3775 435 3831 Jndzam
484 3776 840 3832 credentibus
871 3776 1090 3834 Christo
1122 3797 1138 3833 :
1168 3789 1228 3834 ut
1262 3795 1356 3835 eos
1396 3795 1534 3850 quos
1559 3780 1785 3836 abdicao

201 3877 388 3924 verant
423 3878 680 3938 parentes
709 3869 782 3924 ob
805 3867 988 3935 iidem,
1025 3885 1120 3926 eos
1159 3883 1448 3941 poscerent
1475 3882 1663 3942 gentes
1691 3888 1789 3929 ne-

198 3959 438 4018 cessaria
458 3960 820 4018 destinantes.
845 3960 913 4016 Et
938 3961 1268 4034 colligebant
1302 3967 1566 4034 pecunias
1591 3966 1686 4037 qui
1713 3981 1785 4022 ex

201 4053 447 4122 gentibus
470 4053 540 4108 ob
569 4053 862 4108 alimonias
890 4055 1100 4109 scilicet
1136 4066 1454 4111 sanctorum
1505 4059 1602 4127 qui
1638 4059 1786 4129 apud

201 4143 628 4216 Hierosolymam
654 4146 1031 4200 morabantur.
1074 4146 1146 4202 Et
1182 4147 1286 4203 ista
1329 4163 1476 4203 nunc
1521 4165 1648 4219 pars
1700 4159 1787 4205 est

200 4251 316 4306 quae
361 4237 522 4292 hodie
575 4236 714 4292 lecta
759 4237 815 4292 in
865 4237 1109 4307 Epistola
1157 4237 1334 4305 Pauli,
1379 4242 1638 4297 videtur:
1674 4257 1784 4298 non

201 4329 350 4384 valde
402 4344 532 4384 cara
595 4328 754 4400 (i2),
817 4331 961 4385 sicut
1043 4331 1189 4387 facta
1265 4343 1396 4388 sunt
1460 4351 1581 4406 qua:
1657 4345 1786 4393 ante

202 4421 479 4490 medicata
528 4432 676 4475 sunt.
732 4420 1128 4492 Evangelizans
1157 4424 1322 4494 igitur
1352 4426 1647 4496 Apostolus
1677 4427 1784 4484 Co-

204 4515 423 4570 :inthios
480 4531 577 4584 per
642 4515 874 4570 aliorum
950 4515 1406 4581 sollicitudinem,
1466 4532 1670 4588 eosque
1714 4519 1784 4574 ad

203 4603 424 4658 similem
479 4603 842 4658 imitationem
891 4603 1212 4672 adhortans,
1276 4615 1335 4660 ut
1379 4581 1636 4663 alacriter
1674 4610 1782 4664 im-
1813 4581 1861 4638 θ

204 4697 460 4765 pertirent
534 4695 789 4750 ﬁdelibus
865 4698 956 4766 qui
1029 4699 1171 4766 apud
1251 4696 1498 4755 Iudaeam
1583 4712 1780 4771 erant,

205 4787 391 4858 quique
463 4788 698 4844 abdicati
766 4802 799 4842 a
863 4789 980 4843 suis
1043 4792 1369 4846 necessariis
1441 4791 1780 4864 indigebant,

205 4895 296 4936 nec
343 4879 478 4934 ullas
537 4881 934 4960 promissiones
976 4879 1232 4937 Judnicas
1278 4895 1372 4939 aut
1429 4885 1780 4945 haereditates

206 4971 462 5046 habebant
500 4990 513 5024 :
554 4971 676 5026 ideo
708 4972 958 5026 scribens
989 4973 1058 5026 ad
1093 4988 1188 5028 eos
1232 4973 1433 5028 Paulus
1469 4977 1539 5030 ita
1590 4978 1720 5032 dicit
1758 4998 1772 5034 :

209 5064 390 5119 Notam
417 5075 592 5117 autem
628 5063 770 5118 vobis
810 5064 970 5134 facio,
1007 5067 1222 5133 fratres,
1257 5070 1485 5136 gratiam
1523 5067 1620 5122 Dei
1661 5087 1779 5140 qua:

206 5161 320 5211 data
345 5167 417 5211 est
450 5160 503 5211 in
538 5157 792 5210 Ecclesiis
824 5155 1178 5224 Macedoniw,
1222 5161 1349 5229 quia
1392 5161 1447 5213 in
1481 5161 1644 5215 mu!to
1686 5178 1778 5216 ea:-

207 5259 476 5316 pertmento
505 5250 862 5302 tribulationis
893 5251 1223 5306 abundantia
1257 5253 1441 5323 gaudii
1486 5268 1691 5318 eorum,
1726 5263 1778 5308 et

208 5343 453 5396 altissima
474 5352 759 5412 paupertas
793 5357 977 5394 eorum
1009 5342 1297 5398 abundavit
1327 5346 1381 5398 in
1409 5343 1623 5399 divitias
1649 5348 1779 5400 sim-

209 5433 437 5501 plicitatis
471 5451 652 5490 eorum
680 5433 748 5492 "‘.
786 5434 1044 5492 Scribens
1084 5436 1380 5494 Corinthiis
1420 5439 1613 5506 probat
1659 5437 1775 5494 Ma-

273 5575 313 5607 “
333 5572 369 5627 ΙΙ
395 5572 521 5629 Cor.
557 5590 676 5640 vm,
703 5577 815 5643 ΗΞ.
893 5577 937 5610 δ’
969 5577 1096 5634 ibid.
1126 5577 1180 5633 2.
1256 5579 1302 5612 ⁸⁸
1329 5579 1461 5636 ibid.
1539 5579 1580 5612 "
1610 5580 1738 5640 ibid.
1767 5581 1819 5638 4.

274 5715 373 5788 (Hi
401 5715 522 5788 bis"
560 5721 789 5788 familia.

277 5787 377 5856 ῌῖ)
407 5787 565 5845 Cum.
604 5790 786 5854 Furio,
822 5794 989 5845 dum.

1886 3323 2168 3395 gaudium.
2205 3324 2347 3379 Dare
2389 3325 2535 3380 enim
2565 3339 2634 3379 ex
2666 3324 2752 3380 his
2780 3339 2902 3394 qua
2930 3325 3047 3394 ipse
3077 3337 3185 3378 non
3216 3323 3400 3387 habet,
3432 3335 3489 3378 et

1889 3433 2012 3472 cum
2036 3419 2235 3489 gaudio
2260 3419 2414 3485 dare,
2443 3421 2557 3476 hac
2595 3429 2680 3475 est
2701 3434 2916 3475 summa
2953 3418 3252 3476 credulitas
3279 3420 3346 3475 de
3369 3432 3486 3476 co-

1890 3506 2121 3565 iestibus
2159 3509 2367 3581 regnis.
2417 3511 2658 3581 Cupiens
2687 3525 2820 3583 ergo
2854 3513 3147 3566 ostendere
3193 3511 3493 3581 Apostolus

1887 3609 2094 3668 quanta
2141 3602 2224 3657 eis
2263 3610 2382 3656 erat
2433 3603 2725 3672 angustia,
2776 3610 2833 3657 et
2878 3613 3142 3673 quantum
3178 3601 3491 3673 gaudebant

1889 3693 2083 3747 dantes
2133 3708 2201 3749 es
2236 3707 2302 3748 eo
2330 3693 2474 3761 quod
2527 3707 2634 3748 non
2663 3691 2981 3760 habebant;
3034 3693 3090 3748 in
3139 3694 3309 3748 multo
3353 3693 3491 3749 dicit

1887 3785 2266 3856 experimento
2297 3786 2668 3841 tribulationis
2698 3785 3036 3841 abundantia
3061 3786 3244 3858 gaudii
3269 3801 3485 3849 eorum,

1891 3885 1946 3932 et
1976 3877 2242 3933 altissima
2293 3887 2590 3948 paupertas
2617 3893 2838 3934 eorum.
2875 3878 3158 3934 Altissima
3192 3890 3490 3950 paupertas

1891 3970 2155 4026 radicitus
2186 3985 2282 4026 eos
2315 3971 2447 4025 nihil
2472 3971 2678 4027 habere
2704 3971 3002 4042 signiﬁcat.
3047 3971 3374 4035 Abundarit,
3401 3971 3490 4026 iu-

1891 4063 2033 4132 quit,
2066 4064 2120 4116 in
2148 4065 2350 4119 diuitiis
2387 4065 2754 4135 simplicitatis
2801 4081 3004 4121 eorum.
3033 4063 3201 4120 Multa
3238 4065 3491 4135 probatio

1893 4155 2260 4212 tribulationis
2290 4173 2304 4210 :
2337 4157 2432 4212 sed
2483 4157 2771 4215 abundans
2793 4199 2808 4223 ,
2851 4157 3050 4228 inquit,
3081 4158 3339 4228 gaudium
3392 4172 3491 4213 eo-

1891 4256 2106 4313 rum,et
2135 4247 2402 4304 altissima
2438 4259 2734 4321 paupertas
2764 4265 2955 4305 eorum
2990 4267 3005 4304 :
3038 4257 3096 4304 et
3127 4249 3490 4313 abundantia,

1891 4340 2106 4411 inquit,
2143 4341 2459 4396 divitiarum
2492 4342 2864 4411 simplicitatis
2896 4355 3108 4397 eorum.
3133 4342 3218 4398 Ab
3245 4343 3493 4398 adversis

1890 4434 2101 4502 accepit
2146 4433 2628 4502 comparationem,
2678 4433 2976 4490 ostendens
3004 4434 3133 4502 quia
3168 4434 3333 4489 multa
3367 4434 3493 4503 qui-

1891 4524 2012 4578 dem
2043 4525 2326 4580 tribulatio
2349 4533 2473 4580 erat
2501 4525 2646 4594 apud
2687 4541 2786 4581 eos
2818 4525 3147 4589 inediarum,
3191 4540 3299 4579 non
3336 4534 3489 4579 tanta

1890 4625 2070 4671 autem
2104 4627 2370 4686 quantum
2420 4625 2477 4672 et
2523 4617 2804 4688 gaudium.
2855 4615 2925 4671 Et
2968 4615 3236 4672 altissima
3265 4618 3488 4687 quidem

1889 4722 2218 4780 paupertas,
2267 4711 2362 4766 sed
2390 4709 2593 4766 divitia
2621 4709 3014 4779 simplicitatis,
3041 4711 3171 4776 quia
3195 4709 3488 4764 secundum

1889 4803 2138 4857 uirtutem
2170 4814 2244 4858 tes
2263 4802 2539 4855 (insaniunt
2565 4802 2835 4872 perhibeo,
2865 4810 2915 4855 et
2946 4816 3106 4868 super
3129 4803 3262 4855 uires
3285 4801 3354 4855 ”.
3377 4803 3490 4856 iiut:

1888 4897 2037 4950 enim
2086 4907 2210 4962 est,
2260 4905 2315 4950 et
2340 4894 2696 4950 tribulatione
2735 4893 3028 4950 voluntarii
3077 4893 3344 4948 fuerunt:
3382 4907 3488 4947 non

1887 4988 1997 5040 vim
2045 4988 2236 5056 passi,
2273 4987 2366 5041 sed
2397 5001 2520 5040 cum
2567 4985 2736 5040 multa
2769 4984 3162 5039 exhortatione
3190 4985 3492 5038 obsecran-

1887 5088 1992 5133 tcs.
2025 5077 2142 5132 Non
2181 5079 2354 5134 solum
2388 5078 2538 5132 enim
2581 5092 2612 5132 a
2665 5077 2826 5132 nobis
2860 5090 2968 5132 non
2998 5085 3126 5130 sunt
3172 5073 3489 5138 obsecrati,

1889 5172 1983 5225 sed
2015 5180 2070 5225 et
2103 5172 2204 5242 ipsi
2231 5174 2615 5226 obsecrarunt.
2657 5169 2765 5224 Sed
2798 5185 2918 5222 cum
2949 5168 3143 5232 multa,
3167 5168 3365 5236 inquit,
3396 5181 3492 5218 ex-

1889 5263 2191 5316 hortatione
2239 5263 2572 5315 obsecrantes
2621 5271 2871 5332 rogantes
2904 5276 2996 5314 nos
3019 5259 3088 5312 ⁸¹.
3145 5258 3283 5326 Quia
3339 5257 3494 5311 enim

1887 5369 2013 5407 cum
2066 5354 2232 5408 multa
2278 5353 2658 5408 obsecratione
2694 5353 2942 5418 dictum,
2978 5351 3205 5404 dubium
3259 5349 3489 5402 videba-

1889 5455 2000 5511 tur,
2037 5455 2222 5501 utrum
2254 5445 2574 5500 Macedones
2607 5454 2894 5516 rogassent
2929 5443 3210 5513 apostolos
3237 5440 3506 5510 suscipe-

1965 5724 2077 5795 (l3)
2111 5724 2395 5793 Infantem.
2429 5723 2612 5794 Forte,
2648 5727 2699 5781 in
2730 5726 2890 5795 (ante.
