4072 6330
133 326 341 386 1205

1442 333 1534 389 DE
1572 335 1922 394 OPERIBUS
1958 338 2183 400 BONiS.

3353 358 3496 417 1206

128 441 443 509 presenti
470 451 699 510 tempore
730 444 796 498 θ’.
838 442 949 499 Non
981 484 996 510 ,
1050 445 1226 514 inquit
1257 486 1271 512 ,
1306 447 1410 503 hoc
1447 450 1571 507 dico
1596 491 1612 517 ,
1649 453 1786 508 Date
1818 457 1863 514 Α
1893 453 2073 508 dinem
2103 467 2345 511 nostram
2371 458 2437 513 ".
2461 457 2519 513 In
2565 473 2681 528 qua’
2702 476 2761 517 re
2785 462 2867 518 sic
2893 479 2996 520 nos
3023 469 3380 539 arctavimus,
3415 492 3486 532 ne

131 537 380 590 omnia
407 550 527 604 quae
559 536 771 592 habetis
798 576 815 603 ,
860 548 914 592 et
941 554 1039 593 vos
1069 539 1342 596 elﬁcimini
1381 559 1654 612 pauperes
1680 587 1696 609 ,
1735 556 1791 602 et

133 625 337 683 alios
361 630 547 684 ditate.
588 628 695 685 Sed
735 634 866 700 quid
898 635 1032 690 aio?
1061 635 1159 701 Qui
1190 635 1354 690 habet
1387 638 1520 692 duas
1555 639 1788 706 tunicas,

135 723 394 779 habeat
442 740 604 780 unam
632 767 648 792 ,
676 725 768 780 det
803 737 980 781 autem
1016 745 1121 782 non
1159 729 1381 784 habenti
1427 746 1613 793 unam,
1649 743 1700 786 et
1730 731 1791 786 lit

134 816 497 884 aequalitas.
558 815 662 871 Sed
693 835 758 871 ea:
796 821 1120 887 wqualitale.
1163 821 1378 890 inquit,
1432 824 1486 876 in
1539 824 1788 891 prtesenti

138 912 446 974 tempore.
501 906 558 962 ln
622 910 897 977 praesenti,
957 911 1148 978 inquit,
1184 914 1289 969 vita
1330 925 1508 968 vestra
1545 917 1789 970 abundat

134 997 239 1052 ad
289 999 506 1054 illorum
541 1001 800 1070 inopiam.
828 1001 929 1069 Qui
964 1003 1147 1069 habet,
1198 1006 1414 1077 inquit,
1465 1007 1599 1062 duas
1632 1009 1782 1064 tuni-

139 1107 307 1160 cas,
336 1110 496 1150 unam
543 1096 871 1167 superﬂuam
894 1140 910 1164 ,
955 1100 1004 1155 is
1033 1103 1124 1170 qui
1161 1119 1259 1157 nec
1291 1119 1453 1158 unam
1485 1104 1646 1161 habet
1676 1124 1783 1163 nun

143 1182 443 1249 fraudet;
473 1200 531 1241 ut
563 1205 668 1242 una
709 1201 796 1244 tua
848 1191 1116 1262 superﬂua
1171 1212 1273 1249 non
1314 1196 1387 1252 sit
1415 1197 1512 1251 tibi
1557 1199 1781 1266 inutilis,

141 1274 279 1330 sed
327 1276 414 1331 ﬂat
445 1278 553 1332 alio
585 1279 747 1336 utilis.
772 1279 872 1336 Sea
897 1299 961 1338 eo;
978 1286 1277 1354 «qualitate
1309 1288 1363 1341 in
1384 1293 1630 1356 prementi
1660 1302 1786 1347 tem-

144 1381 321 1434 pore
343 1377 515 1422 vestra
560 1373 887 1427 abundantia
908 1377 1146 1444 suppleat
1188 1378 1401 1433 illorum
1437 1382 1667 1450 inopiam
1702 1385 1786 1438 “:

147 1455 295 1512 hoc
327 1470 412 1513 est
436 1500 452 1524 ,
489 1463 729 1517 abundat
774 1465 858 1519 his
891 1468 982 1535 qui
1014 1484 1078 1522 ex
1110 1471 1361 1540 gentibus
1387 1485 1514 1528 sunt
1551 1494 1564 1530 :
1600 1477 1783 1532 mitta-

150 1558 275 1603 tur
313 1551 400 1605 bis
423 1553 515 1620 qui
557 1564 685 1610 sunt
728 1557 869 1626 apud
901 1557 1144 1616 Iudaeam
1171 1603 1187 1627 ,
1219 1566 1310 1634 qui
1359 1579 1586 1637 propter
1611 1569 1775 1626 Chri-

148 1650 330 1697 stum
365 1647 796 1714 persecutionem
827 1651 1136 1708 sustinent:
1173 1667 1228 1709 ut
1276 1669 1324 1712 et
1362 1659 1578 1715 illorum
1612 1664 1781 1717 abun-

151 1735 397 1800 dantia,
428 1738 656 1807 spiritus
689 1749 878 1809 utpote
907 1745 1102 1816 gratia,
1135 1747 1205 1800 sit
1227 1750 1293 1803 ad
1323 1763 1518 1806 vestra:
1539 1753 1776 1822 inopiam

1895 544 2026 613 quis
2060 561 2160 603 nos
2192 548 2469 614 vituperet
2499 551 2554 605 in
2599 552 2702 607 hac
2745 556 3107 625 amplitudine
3156 575 3277 630 quae
3332 565 3497 620 mini-

1893 642 2103 690 stratur
2155 652 2254 708 per
2303 655 2426 697 nos.
2467 635 2612 710 Quia
2649 643 2796 698 enim
2857 647 3114 718 colligere
3163 654 3431 719 pecunias
3465 674 3497 711 a

1891 723 2156 784 fratribus
2178 742 2432 802 acceptas
2461 733 2752 788 videbatur
2768 735 2926 789 malis
2953 739 3324 809 suspicionem
3341 744 3492 810 dare,

1890 813 2027 868 dicit
2051 817 2174 870 ideo
2213 821 2336 886 quia
2368 821 2718 878 sollicitiores
2747 823 3014 894 eligentes
3045 830 3291 887 misimus
3319 849 3333 886 :
3365 837 3492 904 quia

1889 906 2274 978 circumspecti
2303 911 2506 968 luimus
2544 929 2612 968 ne
2649 914 2773 984 quis
2800 919 3228 986 reprehenderet
3260 924 3314 978 id
3346 929 3492 995 quod

1889 1000 2094 1066 liebat;
2135 1018 2206 1057 ne
2231 1005 2355 1073 quis
2377 1003 2547 1062 Judas
2573 1008 2832 1064 inventus
2855 1009 3158 1080 iuraretur,
3187 1024 3244 1069 et
3275 1019 3492 1089 vitupe-

1887 1103 2037 1148 raret
2085 1097 2446 1152 ministerium
2491 1111 2762 1156 nostrum.
2813 1102 3161 1160 Proridemus
3195 1110 3333 1161 enim
3368 1126 3490 1180 qua

1887 1187 2024 1242 bona
2053 1200 2200 1254 sunt,
2243 1207 2346 1244 non
2391 1203 2601 1246 tantum
2635 1212 2814 1250 coram
2871 1198 2982 1252 Deo
3032 1199 3120 1268 qui
3151 1201 3302 1255 novit
3355 1218 3490 1258 con-

1886 1285 2194 1349 scientiam,
2236 1285 2330 1339 aed
2370 1295 2419 1339 et
2445 1303 2630 1342 coram
2683 1289 2986 1346 hominibus
3018 1294 3063 1324 ⁶⁸
3097 1312 3111 1347 :
3147 1302 3205 1347 ut
3241 1310 3308 1348 ne
3339 1297 3486 1363 quis,

1887 1373 2083 1441 inquit,
2113 1379 2458 1431 occasionem
2503 1379 2783 1446 acciperet
2813 1382 3189 1449 vituperandi.
3235 1383 3486 1440 llisimus

1886 1475 2060 1519 autem
2103 1481 2223 1518 cum
2259 1466 2366 1520 illis
2399 1476 2446 1520 et
2482 1467 2708 1536 fratrem
2742 1485 3010 1537 nostrum,
3043 1492 3201 1544 quem
3236 1481 3488 1546 probari-

1883 1575 2000 1613 mus
2028 1560 2082 1613 in
2116 1560 2298 1616 multis
2348 1579 2485 1632 sirpe
2532 1565 2825 1619 sollicitum
2857 1583 2972 1622 esse
3003 1569 3070 1623 ".
3103 1570 3298 1624 Statim
3336 1574 3483 1630 enim

1885 1649 1976 1716 qui
2022 1649 2260 1705 dedisset
2290 1655 2553 1722 pecunias
2591 1665 2806 1726 poterat
2867 1673 2989 1714 esse
3035 1673 3321 1730 suspectus
3353 1666 3483 1734 quia

1884 1741 1976 1808 qui
2012 1741 2209 1812 accipit
2244 1743 2509 1808 lucratur.
2539 1757 2594 1802 et
2621 1763 2727 1802 non
2765 1748 2973 1820 perfert
3006 1755 3072 1806 ad
3115 1770 3228 1808 rem
3261 1757 3329 1810 ad
3357 1773 3482 1826 quae

151 1825 335 1892 ﬁdei.
363 1836 423 1883 ιιι
450 1828 544 1884 σει
581 1832 864 1901 aquam”
891 1851 1031 1891 nos
1059 1852 1124 1893 ει
1155 1839 1241 1894 ωε
1271 1857 1391 1909 quae
1423 1845 1638 1924 ιηυθιίε
1679 1861 1768 1915 pe-
1811 1837 1853 1898 Β
1883 1835 2051 1902 dedit,
2075 1850 2130 1891 et
2159 1837 2364 1907 pigrior
2396 1839 2734 1896 eﬂiciehatur
2755 1844 2822 1896 ad
2857 1844 3093 1899 dandum
3126 1865 3140 1901 :
3173 1848 3294 1902 ideo
3327 1825 3480 1906 com-

154 1922 383 1989 cuniis,
410 1924 484 1979 illi
515 1938 583 1978 ex
609 1927 810 1996 quibus
831 1928 1031 1986 habent
1061 1933 1239 1988 donis.
1265 1933 1329 1989 Et
1347 1936 1562 1993 illorum
1592 1922 1774 2012 inopia

152 2014 487 2084 replebitur
527 2027 709 2073 vestra
738 2021 1115 2092 abundantia;
1148 2038 1325 2082 vestra
1373 2040 1554 2087 autem
1591 2035 1773 2107 inopia

155 2101 516 2158 abundantia
559 2105 630 2161 sit
655 2107 896 2176 illorum,
931 2123 989 2165 ut
1025 2114 1116 2168 llat
1143 2118 1463 2188 aequalitas;
1517 2101 1775 2194 pecunia-

155 2209 304 2250 rum
337 2196 558 2266 quidem
586 2213 616 2253 s
657 2203 811 2257 vobis
840 2203 894 2258 in
924 2204 1062 2272 illos,
1095 2209 1452 2269 donationum
1495 2227 1674 2274 autem
1704 2222 1774 2276 ab

156 2282 289 2339 illis
323 2285 377 2340 in
413 2302 510 2341 vos
533 2329 549 2353 ,
587 2291 723 2344 sicut
777 2296 1030 2362 scriptum
1065 2309 1141 2352 est
1182 2315 1202 2355 :
1236 2300 1341 2368 Qui
1379 2307 1639 2377 multum,
1670 2328 1774 2367 non

160 2378 510 2442 abundavit;
549 2390 598 2433 et
627 2382 718 2450 qui
754 2385 1042 2450 modicum,
1076 2406 1179 2443 non
1210 2393 1383 2460 defuit
1405 2397 1488 2450 illi
1519 2399 1586 2453 “.
1625 2401 1773 2458 Scri-

161 2475 330 2536 ptum
365 2478 471 2534 est,
499 2473 622 2542 quia
662 2475 916 2543 populus,
952 2479 1078 2532 dum
1121 2485 1405 2540 transisset
1435 2505 1607 2554 mare,
1631 2503 1775 2549 esset

161 2554 229 2610 in
267 2557 533 2626 deserto,
581 2572 639 2616 et
688 2579 863 2634 neque
919 2569 1215 2625 seminaret
1272 2590 1452 2645 neque
1503 2591 1768 2648 meteret;

161 2647 327 2704 Deus
374 2653 609 2710 reddens
653 2658 822 2711 vicem
875 2660 1016 2728 patri
1064 2677 1253 2720 eorum
1286 2667 1564 2726 Abraham
1599 2714 1615 2738 ,
1671 2692 1771 2746 pro

163 2754 365 2797 mensa
397 2745 606 2801 scilicet
636 2747 727 2804 illa
767 2765 888 2819 quae
915 2765 1201 2826 susceptos
1227 2760 1452 2830 angelos
1477 2766 1641 2832 pavit,
1670 2745 1771 2838 pro

164 2846 317 2930 pane
360 2836 506 2904 quod
533 2841 740 2928 angelis
762 2845 1034 2913 apposuit,
1064 2861 1262 2916 panem
1294 2855 1609 2921 angelorum
1628 2836 1768 2930 prm-

166 2924 293 2980 buit
323 2927 450 2984 liliis
473 2922 712 2988 Abrahae
736 2975 752 3001 ,
789 2951 889 3004 pro
916 2951 982 2993 eo
1011 2944 1157 3010 quod
1191 2945 1305 3014 ipse
1335 2949 1544 3018 angelis
1574 2922 1768 3021 panem

163 3019 454 3077 hominum
501 3025 556 3079 in
614 3032 960 3099 susceptione
1023 3050 1382 3106 apposuerat.
1445 3019 1771 3117 latorigitur

163 3109 351 3168 fructu
401 3130 612 3173 manna:
660 3120 970 3179 advenienti
1019 3124 1088 3181 de
1127 3129 1271 3184 caelo
1317 3134 1503 3188 exibat
1537 3109 1768 3208 populus

163 3203 431 3276 colligens
451 3220 644 3278 parata
689 3228 788 3282 pro
819 3228 983 3270 cursu
1009 3216 1249 3274 Abrahae
1279 3203 1566 3283 etsudore.
1603 3203 1766 3285 helli-

163 3309 360 3366 gentes
389 3311 570 3356 autem
615 3313 673 3357 ut
698 3303 869 3360 Judaei
901 3322 1007 3362 non
1045 3308 1393 3370 sufﬁciebant
1424 3317 1476 3372 in
1511 3336 1764 3376 mensura

165 3400 290 3454 qua
342 3387 561 3447 fuerant
593 3407 864 3465 praecepta
893 3400 1156 3471 colligere
1184 3444 1200 3469 ,
1244 3407 1341 3460 sed
1395 3409 1616 3476 quidam
1644 3428 1762 3466 am-

167 3479 337 3549 plius,
364 3480 455 3536 alii
496 3486 679 3541 minus
703 3489 1034 3556 colligebant
1061 3509 1304 3565 manna;
1353 3501 1636 3557 venientes
1662 3519 1761 3558 au-

166 3575 276 3624 tein
299 3581 358 3625 ut
384 3588 786 3647 mensurarent,
818 3585 885 3636 ad
918 3586 1300 3654 aequalitatem
1345 3593 1764 3651 adducebantur

164 3660 344 3718 inviti.
378 3662 480 3733 Qui
515 3669 661 3724 enim
691 3675 844 3742 plura
878 3675 1176 3749 collegerat
1222 3681 1277 3736 in
1321 3700 1593 3751 mensura,
1640 3705 1761 3742 am-

166 3753 312 3823 plius
330 3771 436 3813 non
467 3760 702 3818 habebat
730 3781 744 3831 ;
774 3771 864 3837 qui
911 3779 1094 3824 autem
1143 3775 1350 3840 minus,
1385 3777 1520 3832 nihil
1551 3781 1761 3835 minue.

164 3846 327 3902 batur
355 3865 476 3904 cutn
515 3867 918 3915 meusurarent.
979 3861 1086 3917 lsta
1140 3863 1312 3936 igitur
1346 3872 1762 3939 comparatione

164 3950 465 4009 opportune
494 3959 624 4000 usus
655 3959 738 4003 est
768 3950 1063 4020 Apostolus
1091 3954 1310 4023 dicens,
1340 3959 1475 4013 sicut
1504 3964 1761 4032 scriptum

165 4040 242 4087 at
270 4047 290 4087 :
324 4031 430 4100 Qui
469 4037 718 4103 multum,
755 4059 860 4097 non
907 4047 1239 4115 abundavit;
1281 4062 1332 4105 et
1355 4055 1446 4122 qui
1470 4031 1757 4121 modicum,

167 4137 271 4178 non
309 4127 478 4196 defuit
513 4130 615 4186 illi.
647 4132 749 4198 Qui
802 4137 947 4190 enim
1001 4140 1229 4196 multum
1282 4144 1501 4215 collegit
1537 4163 1756 4214 manna,

169 4230 273 4272 non
308 4218 644 4288 abundavit;
680 4232 1048 4285 tuensurando
1078 4236 1222 4289 enim
1278 4235 1345 4291 ad
1393 4238 1757 4308 aequalitatem

169 4310 314 4364 venit
347 4323 444 4368 :et
473 4316 567 4386 qui
617 4320 892 4374 modicum
949 4323 1211 4396 collegit,
1259 4342 1364 4383 non
1404 4329 1576 4386 deluit
1625 4331 1701 4386 illi
1737 4351 1755 4400 ;

171 4402 291 4459 dum
317 4420 737 4466 mensuraretur
761 4413 928 4477 enim,
954 4417 1268 4487 replebatur
1296 4423 1344 4476 ei
1373 4425 1518 4494 quod
1548 4425 1753 4481 deerat.

1881 1927 2102 1980 mendat
2133 1943 2231 1983 eos
2256 1929 2346 1998 qui
2382 1931 2534 1986 missi
2559 1943 2706 1997 sunt,
2744 1943 2803 1987 ut
2839 1949 2943 1988 non
2969 1935 3346 1993 destrueretur
3377 1941 3478 1997 do-

1877 2017 2125 2073 nantium
2171 2021 2451 2078 alacritas.
2496 2023 2748 2079 Misimus
2799 2038 2976 2081 autem
3003 2069 3018 2090 ,
3063 2030 3182 2094 ait,
3214 2048 3333 2084 cum
3366 2033 3477 2088 illis

1877 2113 2096 2182 fratrem
2142 2126 2380 2170 nostrum
2420 2132 2576 2185 quem
2619 2119 2957 2185 probavimus
3012 2121 3066 2174 in
3119 2123 3299 2175 multis
3339 2140 3479 2192 stupe

1875 2203 2168 2257 sollicitum
2205 2221 2339 2269 esse,
2375 2223 2518 2259 nunc
2553 2220 2729 2261 autem
2756 2207 3125 2262 sollicitiorem
3156 2211 3477 2280 confidentia

1876 2297 2043 2350 multa
2072 2298 2126 2350 in
2160 2315 2270 2363 vos,
2295 2299 2403 2354 sive
2426 2315 2521 2368 pro
2555 2299 2677 2354 Tito
2707 2303 2798 2365 qui
2823 2311 2901 2356 est
2938 2304 3117 2357 socius
3147 2320 3292 2358 meus
3340 2314 3389 2358 et
3422 2306 3475 2358 iu

1876 2391 2018 2446 vobis
2048 2392 2265 2464 adjutor
2308 2396 2374 2448 ad
2415 2409 2655 2462 pmsens
2684 2399 3048 2453 ministerium
3077 2441 3091 2464 ,
3117 2401 3224 2456 sive
3278 2402 3476 2469 fratrea

1876 2482 2044 2535 nostri
2075 2483 2298 2549 apostoli
2330 2481 2693 2540 Ecclesiarum
2720 2486 2908 2556 gloria
2944 2487 3166 2544 Christi.
3198 2490 3339 2561 Ergo
3364 2508 3473 2546 non

1875 2589 1974 2631 vos
2000 2577 2179 2648 pigeat
2214 2578 2279 2632 ad
2305 2581 2753 2645 ostentationem,
2781 2597 2904 2651 quae
2922 2585 2996 2637 sit
3021 2583 3263 2639 charitas
3293 2596 3474 2641 vestra

1873 2675 1928 2721 et
1957 2677 2141 2722 nostra
2172 2668 2344 2738 gloria
2374 2687 2472 2739 pro
2519 2674 2695 2730 vobis.
2730 2674 3142 2733 Prtevenientes
3175 2678 3346 2746 enim,
3388 2679 3475 2735 iu-

1873 2760 2016 2828 quit,
2052 2759 2270 2830 gloriati
2319 2777 2512 2818 sumus
2548 2767 2600 2820 in
2633 2766 2757 2823 illos
2782 2771 3138 2825 ostendentes
3190 2771 3241 2825 in
3277 2770 3473 2827 faciem

1873 2851 2246 2925 Ecclesiarum
2291 2878 2302 2910 :
2328 2866 2385 2911 et
2415 2859 2663 2914 homines
2686 2861 2906 2930 quidem
2935 2865 3363 2918 commendavit.
3399 2864 3476 2920 De

1878 2941 1996 3010 ipso
2052 2953 2235 2999 autem
2291 2948 2509 3013 negotio
2539 2949 2837 3004 exhortans
2879 2965 2975 3005 eos
3003 2952 3176 3008 dicit:
3214 2953 3358 3009 Nam
3409 2956 3478 3011 de

1871 3033 2169 3088 ministerio
2199 3037 2340 3105 quod
2371 3038 2430 3105 ﬁt
2465 3039 2520 3091 in
2563 3049 2778 3093 sanctos
2816 3041 2966 3108 ipsos
3002 3042 3094 3111 qui
3146 3054 3304 3097 erant
3331 3046 3474 3115 apud

1873 3121 2310 3196 Hierosolymam
2335 3167 2350 3194 ,
2382 3144 2448 3181 ea:
2477 3130 2776 3183 abundanti
2822 3142 2899 3185 est
2947 3134 3076 3186 mihi
3122 3136 3352 3190 scribere
3382 3153 3478 3190 tto-

1871 3218 1952 3270 bis
1983 3215 2049 3271 "°.
2073 3217 2187 3273 Cur
2214 3234 2278 3272 ex
2315 3219 2663 3275 abundanti?
2697 3221 2824 3277 Scio
2860 3226 2999 3278 enim
3033 3238 3332 3296 promptum
3350 3233 3473 3283 ani-

1869 3323 2013 3362 mum
2041 3323 2290 3365 oestrum.
2323 3311 2495 3379 Quem
2528 3330 2632 3368 non
2669 3313 2844 3368 solum
2873 3317 3009 3383 scio,
3043 3321 3136 3373 sed
3175 3332 3225 3374 et
3271 3325 3336 3375 de
3369 3337 3475 3390 quo

1867 3399 2070 3468 glorior
2086 3402 2152 3455 de
2170 3403 2310 3456 vobis
2335 3412 2477 3471 apud
2508 3403 2853 3470 Macedonas,
2875 3409 3005 3478 quia
3024 3409 3229 3464 Achaia
3254 3428 3474 3483 μητρα-

1869 3502 1988 3546 rata
2014 3503 2090 3546 est
2120 3494 2185 3547 ab
2213 3510 2353 3549 anno
2383 3497 2582 3564 priore.
2619 3497 2687 3551 Et
2721 3512 2828 3552 non
2853 3499 2978 3555 dico
3008 3517 3135 3571 quia
3167 3503 3472 3559 secundum

1865 3584 2270 3640 mtnulalionem
2323 3586 2682 3644 Macedonum
2738 3593 2951 3647 debetis
2989 3609 3088 3647 vos
3137 3595 3472 3664 adhortari;

1866 3679 1962 3731 sed
1998 3678 2274 3732 emutatio
2309 3692 2483 3735 vestra
2529 3695 2778 3751 prouocat
2807 3686 3091 3753 plurimos.
3132 3685 3276 3755 Ergo
3304 3690 3476 3746 nolite

1868 3770 1982 3824 lieri
2017 3771 2247 3825 secundi
2278 3773 2373 3828 sed
2408 3774 2572 3842 primi
2603 3816 2620 3840 ,
2673 3775 2938 3831 habentes
2979 3778 3358 3834 secundarios.
3412 3781 3472 3837 Si

1866 3863 2034 3932 igitur
2069 3878 2178 3919 non
2221 3874 2307 3919 est
2335 3881 2564 3922 necesse
2609 3870 2880 3934 scribere,
2916 3871 3046 3939 quid
3083 3871 3257 3925 mittis
3290 3872 3316 3927 τ
3345 3873 3475 3928 Misi

1866 3966 2042 4010 autem
2069 3957 2303 4025 fratres,
2334 3974 2397 4011 ne
2426 3959 2482 4011 in
2506 3976 2568 4015 eo
2590 3964 2730 4031 quod
2757 3963 3057 4033 gloriamur
3076 3964 3141 4017 de
3169 3964 3477 4029 vobis,eua-

1861 4060 2048 4102 cuetur
2073 4050 2127 4103 in
2158 4049 2258 4102 hac
2280 4059 2431 4118 parte
2452 4066 2475 4116 ;
2506 4063 2586 4115 ut,
2609 4055 3059 4123 quemadmodum
3084 4055 3348 4125 dixeram,
3375 4075 3474 4128 pa-

1862 4143 1967 4196 rati
1992 4143 2107 4196 sitis
2128 4143 2195 4197 ".
2227 4142 2485 4200 Dubietas
2533 4146 2678 4201 enim
2713 4163 2727 4200 :
2758 4145 2861 4213 Ne,
2899 4150 2944 4201 si
2967 4151 3203 4203 venerint
3229 4189 3244 4215 ,
3272 4151 3470 4220 inquit,

1862 4253 2066 4291 mecum
2091 4235 2431 4308 Macedones,
2459 4250 2507 4291 et
2543 4240 2834 4294 inuenerint
2867 4257 2959 4296 vos
2993 4244 3308 4310 imparatos,
3333 4261 3470 4300 con-

1864 4328 2156 4396 fundantur
2203 4345 2342 4392 nos;
2374 4333 2650 4399 quomodo
2685 4347 2784 4386 nos
2815 4335 2906 4402 qui
2965 4336 3132 4390 luerit
3178 4335 3467 4406 gloriatus,

1861 4433 1955 4476 aut
1982 4423 2198 4478 dicatur
2225 4423 2299 4477 ita
2327 4434 2382 4477 ut
2410 4440 2516 4478 non
2543 4426 2786 4479 dicamus
2814 4443 2903 4481 vos
2940 4429 2995 4481 in
3027 4432 3328 4485 substantia
3360 4433 3467 4486 ista

171 4492 244 4549 lla
279 4505 334 4552 ει
382 4513 530 4554 nunc
557 4501 653 4556 ﬁat
701 4506 983 4574 mqualitas
1023 4525 1088 4564 ex
1120 4526 1317 4568 manna
1346 4492 1450 4571 isio
1489 4517 1610 4572 ﬁdei
1649 4539 1661 4572 ε
1699 4528 1756 4574 et
1787 4542 1833 4598 Β
1862 4514 2278 4585 gloriﬁcationis
2334 4516 2481 4570 dico.
2540 4515 2920 4572 Necessarium
2974 4536 3098 4587 ergo
3166 4524 3466 4575 existimavi

173 4587 361 4655 quibus
409 4591 690 4648 abundant
738 4610 870 4664 opes
901 4639 916 4662 ,
949 4599 1172 4655 mittant
1203 4603 1290 4659 his
1317 4606 1407 4674 qui
1457 4607 1703 4678 indigent
1737 4626 1751 4662 :

174 4678 358 4747 quibus
382 4692 565 4736 autem
593 4688 840 4742 abundat
869 4694 1068 4761 gratia,
1095 4699 1506 4754 communicent
1543 4699 1628 4755 his
1661 4702 1755 4770 qui

175 4785 270 4826 non
290 4775 488 4831 habent
504 4781 752 4847 gratiam.
780 4780 997 4840 Gratias
1015 4797 1189 4843 autem
1211 4790 1317 4844 Deo
1341 4794 1434 4862 qui
1459 4786 1604 4848 dedit
1619 4811 1757 4849 eant-

175 4869 279 4920 dem
312 4869 727 4928 sollicitudinem
765 4893 862 4944 pro
894 4881 1036 4934 robis
1074 4885 1126 4938 in
1156 4888 1314 4939 corde
1353 4885 1461 4940 Titi
1493 4888 1538 4920 “
1575 4907 1588 4941 ε
1621 4905 1756 4954 quoa

176 4961 304 5014 niam
337 4963 756 5022 exhortationem
781 4972 992 5040 quidem
1037 4979 1266 5046 suscepit
1289 4995 1309 5043 ;
1337 4980 1427 5033 sed
1458 4996 1575 5034 cum
1602 4975 1751 5034 solida

176 5051 318 5105 citior
343 5065 476 5108 esset
517 5057 581 5111 de
617 5061 760 5115 vobis
783 5103 796 5127 ,
848 5065 987 5119 ultro
1034 5070 1304 5139 profectus
1343 5085 1420 5125 est
1474 5075 1542 5125 ad
1573 5090 1659 5126 vos
1685 5073 1749 5126 “.

176 5139 350 5197 Omnia
393 5144 558 5210 ultro,
614 5148 940 5210 Macedones
971 5157 1134 5224 ultro,
1169 5159 1323 5216 Titus
1359 5163 1522 5218 ultro.
1571 5162 1754 5217 Ellici-

177 5235 314 5303 mini,
365 5236 566 5307 inquit,
597 5252 652 5297 et
688 5259 785 5300 vos
815 5245 978 5303 ultro.
1019 5249 1153 5308 Post
1179 5254 1295 5310 [nec
1320 5265 1504 5313 autem
1538 5257 1669 5311 dicit
1695 5266 1750 5312 et

178 5420 270 5474 niis
297 5429 687 5488 commendans
710 5450 849 5503 quos
881 5437 1129 5504 miserat,
1157 5443 1305 5497 addit
1339 5458 1355 5498 ε
1386 5443 1455 5497 In
1488 5446 1590 5498 hac
1624 5459 1750 5512 θνα-

178 5514 244 5566 tia
270 5517 608 5576 ministratur
629 5543 722 5593 per
756 5545 851 5585 nos
881 5533 936 5587 in
979 5535 1209 5606 gloriam
1232 5536 1354 5607 Dei,
1396 5549 1447 5593 et
1480 5538 1749 5594 sollicitu-

241 5730 633 5798 "llCor.vm,
665 5737 752 5800 l3,
789 5738 871 5793 14.
950 5740 994 5770 ⁸³
1037 5740 1169 5797 ibid.
1195 5741 1287 5797 22.
1393 5742 1438 5774 “
1471 5744 1600 5798 ibid.
1639 5744 1722 5798 l5.

1831 5749 1875 5781 "
1910 5748 2037 5803 ibid.
2080 5750 2166 5806 16.

1863 4625 2054 4678 rogare
2077 4608 2269 4675 fratres
2293 4619 2349 4662 ut
2375 4623 2596 4679 pergant
2632 4611 2703 4663 ad
2731 4626 2841 4679 vos,
2895 4623 2943 4665 et
2989 4623 3291 4682 prwparent
3339 4624 3467 4668 ante

1863 4703 2180 4773 promissam
2239 4701 2652 4756 benedictionem
2712 4718 2816 4756 non
2866 4705 3019 4773 quasi
3077 4707 3360 4759 auaritiam
3391 4707 3461 4760 ⁷⁸.

1864 4795 1967 4862 Qui
2003 4796 2150 4851 enim
2188 4797 2304 4860 dat,
2347 4797 2547 4865 accipit
2577 4796 2785 4867 magis;
2821 4806 2875 4851 et
2921 4797 3011 4867 qui
3039 4797 3258 4852 videtur
3291 4799 3465 4854 dona-

1861 4905 1945 4956 re,
1978 4889 2342 4944 benedicitur.
2373 4886 2742 4959 Praeparatam
2776 4899 2961 4944 autem
2987 4905 3130 4952 esse,
3163 4891 3364 4962 inquit,
3385 4893 3462 4947 ita

1861 4990 1919 5037 ut
1945 4981 2380 5038 benedictionem
2412 4998 2519 5038 non
2551 4985 2708 5053 quasi
2756 4985 3067 5038 avaritiam.
3098 4982 3177 5040 Ne
3212 4987 3336 5054 quis
3363 5001 3464 5055 pu-

1861 5083 1958 5142 tet,
1991 5075 2091 5140 ait,
2122 5076 2405 5130 avaritiam
2433 5091 2555 5132 esse
2578 5077 2720 5146 quod
2744 5077 3010 5148 accipitur
3049 5079 3116 5132 ad
3143 5081 3454 5135 necessita-

1865 5175 1974 5221 tem
2007 5177 2344 5222 sanctorum.
2376 5165 2497 5222 Hoc
2526 5178 2705 5222 autem
2735 5170 2856 5223 dico
2890 5171 3143 5242 quoniam
3167 5175 3256 5242 qui
3303 5187 3462 5242 parce

1863 5259 2109 5325 seminat,
2145 5276 2304 5329 parce
2326 5269 2376 5314 et
2396 5271 2550 5316 metet
2575 5275 2594 5313 :
2631 5263 2724 5327 qui
2756 5264 2979 5317 seminat
3011 5264 3454 5325 benedictionem,

1862 5352 2273 5407 benedictionem
2313 5363 2360 5408 et
2394 5364 2571 5409 metet.
2603 5353 2976 5426 Unusquisque
3012 5357 3152 5411 sicut
3183 5357 3460 5427 proposuit

1863 5446 2022 5500 corde
2051 5446 2217 5516 faciat
2241 5446 2310 5500 ⁷³.
2366 5444 2484 5501 Νοιι
2514 5448 2660 5502 enim
2691 5449 2865 5504 virtus
2913 5464 3050 5518 opus
3075 5461 3190 5517 est,
3219 5450 3318 5504 sed
3345 5448 3462 5503 ani-

1865 5554 1986 5594 mus
2041 5548 2349 5610 promptus.
2407 5537 2880 5607 Quemadmodum
2936 5556 3065 5613 ergo
3113 5543 3276 5599 debet
3334 5542 3461 5612 quis

2277 5752 2322 5783 ⁸⁵
2364 5749 2494 5808 ibid.
2525 5752 2606 5807 17.
2685 5751 2729 5783 ⁸⁷
2755 5750 2889 5807 ibid.
2929 5750 3010 5808 l9.
3123 5752 3169 5785 “
3195 5751 3324 5809 ibid.
3361 5750 3454 5808 2|.

184 5798 488 5859 "mitti.
568 5807 612 5838 το
642 5807 684 5863 ιι
736 5798 859 5868 Cor.
899 5811 1146 5884 tx,l,‘2.
1223 5813 1424 5873 "ibid.
1471 5816 1524 5872 δ.
1606 5817 1768 5872 “ibit?

1877 5798 2183 5878 ("ﬁniti
2216 5821 2269 5877 ο.
