4138 6404
1374 646 2687 823 ΕΥΣΕΒΙΟΥ

2659 456 3600 473 m‘
2685 456 3014 467 ——'—-—
3294 471 3319 473 ξ
3430 470 3461 473 .-

1581 951 1809 1037 ΤοΥ
1862 946 2463 1073 ΠΑΜΦΙΑΟΥ

993 1154 1307 1283 ΕΙΣ
1418 1146 1949 1280 ΤΟΥΣ
2053 1139 3049 1279 ΨΑΛΜΟΥΣ

1696 1378 1834 1429 ΛΠΟ
1871 1376 1996 1428 ΡΙΘΙ
2034 1377 2161 1430 ΕΩΣ
2197 1377 2324 1429 PN'.

1068 1709 1071 1712 ’
1138 1725 1899 1887 EUSEBII
1982 1722 2906 1879 PAMPHILI

746 2017 2262 2154 COMMENTARIORUM
2342 2017 2504 2143 IN
2584 2012 3304 2144 PSALMOS

1777 2276 1815 2317 Δ
1861 2274 2017 2317 CXIX
2060 2274 2143 2315 ΔΙ)
2188 2274 2262 2315 CL

1004 2424 1404 2499 RELIQUUE
1445 2420 1973 2485 SUPERSTITES
2016 2420 2098 2480 IN
2142 2417 2559 2481 CODICIBUS
2604 2418 3052 2482 VATICANIS.

563 2593 669 2668 (Ex
700 2592 1025 2649 Bibliotheca
1052 2606 1185 2645 nova
1211 2587 1437 2642 Patrum
1474 2583 1770 2642 cardinalis
1801 2582 2009 2654 Angelo
2054 2581 2181 2650 MAI,
2213 2591 2252 2638 t.
2298 2581 2387 2648 IV,
2430 2597 2484 2651 p.
2519 2581 2608 2636 67.
2639 2580 2768 2654 Ejus
2796 2582 3170 2653 praefationem
3206 2587 3477 2657 superiori

1730 2689 1877 2733 tonio
1906 2678 2316 2749 praemisimus.)

940 2979 1233 3034 ΨΑΛΜῦΣ
1273 2978 1421 3032 ΡΙΘ’.

835 3072 975 3143 ’ῼδὴ
1004 3071 1124 3125 τῶν
1156 3069 1533 3138 ἀναϐαθμῶν.

458 3170 522 3222 Oi
553 3166 956 3229 καταπεσόντες
989 3164 1097 3219 άπὸ
1142 3163 1251 3216 τῶν
1295 3161 1388 3215 τοῦ
1434 3160 1569 3214 Θεοῦ
1604 3158 1807 3222 καλῶν,
1838 3159 1973 3212 ἀνα-

389 3260 663 3315 6αίνουσιν
695 3260 785 3312 ἐπὶ
811 3256 1003 3320 ταῦτα,
1040 3254 1559 3326 παρασκευάσαντες
1595 3252 1674 3314 εἰς
1706 3251 1805 3321 τὴν
1840 3251 1975 3304 ἀνά-

391 3355 548 3407 ϐασιν
575 3352 826 3415 ἑαυτούς·
855 3351 951 3422 τὴν
980 3346 1070 3403 οὖν
1095 3346 1447 3421 παρασκευὴν
1476 3343 1673 3407 ἱκανῶς
1704 3340 1978 3407 ἐπιδείξας

392 3447 422 3499 ό
462 3444 769 3517 Ψαλμῳδὸς
816 3444 903 3497 διὰ
957 3442 1052 3495 τοῦ
1105 3439 1321 3513 πρώτου
1371 3433 1587 3507 ψαλμοῦ
1634 3434 1842 3502 εἰσάγει
1876 3434 1975 3503 τὴν

392 3539 655 3594 ἀνάϐασιν
680 3536 779 3609 τὴν
808 3536 895 3590 διὰ
927 3535 1034 3588 τῶν
1062 3532 1310 3603 θλίψεων.

829 3720 969 3776 Ἀπὸ
1007 3719 1294 3789 γλώσσης
1320 3715 1455 3770 δολί
1458 3730 1549 3779 ας.

464 3816 753 3869 Τουτέστιν
799 3813 906 3866 ἀπὸ
959 3812 1141 3882 πάσης
1190 3806 1534 3880 ψευδοδοξίας
1591 3803 1685 3857 καὶ
1728 3801 1973 3871 ἀπάτης⁶

392 3912 565 3963 δεῖται
628 3907 737 3979 γὰρ
786 3906 814 3957 ὁ
863 3907 919 3957 ὲν
952 3904 1094 3975 ἀρχῇ
1156 3901 1439 3972 προκοπῆς
1489 3896 1772 3967 τυγχάνων
1828 3894 1977 3955 ὅπως

399 4001 586 4072 μηδεὶς
621 3999 781 4053 αὐτὸν
816 3993 1250 4067 παραλογίζηται
1284 3994 1341 4045 ὲν
1378 3987 1746 4058 πιθανολογίᾳ.

825 4180 884 4233 Τί
920 4177 1125 4246 δοθείη
1156 4177 1302 4237 ’σοι;
1330 4192 1384 4227 κ.
1417 4190 1469 4226 τ.
1501 4172 1551 4229 λ.

473 4275 813 4339 Ἐπαγούσας
845 4277 873 4328 ὁ
897 4273 1068 4343 Λόγος
1097 4270 1191 4323 τοῦ
1226 4264 1689 4342 προσευξαμένου,
1718 4263 1862 4319 κατὰ
1892 4262 1974 4327 τὸ,

2005 2980 2052 3034 Α

2598 2969 2937 3028 PSALMUS’
2957 2969 3144 3027 CXIX.

2436 3066 2597 3121 Vens.
2632 3066 2682 3119 l.
2712 3066 2990 3119 Canticum
3022 3063 3304 3134 graduum.
3427 3122 3434 3129 _

2150 3160 2255 3228 Qui
2289 3175 2319 3213 a
2349 3159 2442 3213 Dei
2476 3160 2632 3214 bonis
2658 3158 3001 3222 exciderunt,
3028 3159 3094 3210 ad
3124 3157 3238 3211 haec
3271 3157 3448 3213 denuo
3474 3171 3656 3213 assur-

2077 3263 2231 3325 gunt,
2289 3253 2335 3309 si
2387 3253 2453 3307 ad
2507 3251 2817 3323 hujusmodi
2875 3249 3245 3306 ascensionem
3297 3258 3468 3305 semet
3501 3265 3653 3305 com—

2076 3347 2414 3416 paraverint.
2488 3344 2639 3399 Hanc
2701 3360 2829 3415 ergo
2900 3342 3351 3413 pratparationem
3423 3356 3536 3411 prze
3596 3356 3657 3396 se

2078 3439 2264 3494 ferens
2320 3437 2643 3502 Psalmista,
2717 3438 2894 3509 primo
2960 3435 3063 3490 hoc
3123 3437 3388 3504 graduum
3447 3433 3658 3503 psalmo

2079 3529 2491 3594 ascensionem,
2564 3543 2685 3599 quze
2762 3543 2860 3598 per
2926 3526 3337 3582 tribulationem
3383 3524 3486 3589 fit,
3554 3538 3655 3578 ex-

2078 3621 2252 3693 ponit.
2293 3640 2299 3647 -

2462 3708 2629 3763 Vens.
2664 3706 2720 3760 2.
2771 3708 2815 3761 Α
2852 3707 3033 3777 lingua
3059 3706 3266 3761 dolosa.

2149 3804 2204 3858 ld
2262 3813 2344 3858 est
2394 3801 2464 3855 ab
2514 3800 2662 3856 omni
2713 3798 2890 3853 fallaci
2935 3798 3204 3854 sententia
3231 3805 3285 3851 et
3312 3795 3650 3865 deceptione.

2079 3896 2306 3966 Oportet
2359 3894 2501 3949 enim
2560 3909 2685 3948 eum
2752 3892 2841 3960 qui
2907 3891 3122 3945 initium
3183 3887 3505 3959 proficiendi
3572 3888 3656 3940 fa-

2079 3990 2196 4055 cit,
2249 4003 2282 4042 a
2326 3986 2547 4042 nemine
2599 3984 2751 4039 falsis
2815 3982 3253 4054 persuasionibus
3304 3980 3356 4034 in
3409 3992 3654 4035 errorem

2079 4080 2293 4137 abducL

2400 4169 2565 4222 VEns.
2598 4166 2651 4221 5.
2698 4164 2837 4231 Quid
2870 4164 3023 4217 detur
3059 4163 3200 4216 tibi?
3226 4171 3335 4215 etc.

2151 4260 2352 4314 Audito
2372 4267 2566 4311 orante
2580 4256 2743 4318 Deus,
2759 4254 2923 4308 veluti
2945 4252 3097 4313 illud,
3112 4250 3296 4303 Adhuc
3318 4260 3366 4302 te
3391 4248 3653 4319 loquente,

394 4327 910 4431 Ἔτι-..Ξαλούγῖτός
959 4327 1096 4426 dou,
1144 4327 1280 4415 ἰδοὺ¹
1324 4327 1582 4429 πάρειμι,
1623 4327 1976 4430 ἀποκρίνεται

2080 4370 2195 4410 ecce
2248 4352 2435 4407 adsum
2464 4352 2481 4382 ¹
2507 4392 2521 4416 ,
2555 4347 2849 4418 respondet
2872 4346 2944 4407 ei.
2983 4344 3219 4412 dicitque
3252 4361 3266 4397 :
3305 4341 3480 4398 Macte
3530 4343 3654 4397 ani-

393 4462 544 4534 αὐτῷ
582 4461 674 4515 καί
705 4476 837 4529 φησι
857 4475 869 4488 °
898 4456 1123 4528 Θάρσει,
1150 4447 1195 4506 ὦ
1233 4446 1408 4515 οὗτος,
1445 4448 1601 4512 εἰδὼς
1622 4449 1704 4501 ὅτι
1739 4444 1979 4518 προστά-

392 4575 491 4629 την
521 4557 616 4610 καὶ
644 4556 960 4624 ὑπέρμαχον
1011 4550 1151 4620 ἔχεις
1192 4546 1445 4609 δυνατὸν,
1479 4544 1664 4607 ὅπλοις
1694 4540 1977 4613 χρώμενον

393 4651 531 4723 ὑπὲρ
562 4648 656 4701 σοῦ
687 4645 827 4700 κατὰ
857 4644 965 4697 τῶν
994 4641 1101 4695 σῶν
1136 4639 1410 4710 πολεμίων
1434 4656 1446 4667 ’
1481 4636 1608 4707 βέλη
1634 4653 1694 4687 τε
1718 4635 1825 4705 γὰρ
1849 4632 1978 4702 ὴκό-

391 4760 554 4812 νησεν
585 4741 703 4794 κατ’
730 4736 907 4791 αὐτῶν
929 4775 943 4800 ,
991 4734 1084 4787 καὶ
1128 4731 1404 4802 ἄνθρακας
1434 4730 1730 4800 ἡτοίμασεν
1777 4728 1978 4796 ἐρημο-

397 4836 581 4897 ποιοὺς
628 4834 715 4895 εἰς
754 4829 973 4892 αὐτοὺς,
1024 4825 1403 4897 μετελεύσεται
1458 4824 1515 4875 ὲν
1548 4822 1667 4884 ταῖς
1713 4821 1835 4873 κατ’
1885 4818 1981 4872 αύ-

396 4925 503 4978 τῶν
534 4921 856 4993 τιμωρίαις·
890 4918 943 4971 τί
983 4912 1076 4969 οὖν
1116 4914 1279 4967 πλέον
1313 4915 1486 4974 αἰτεῖς
1526 4906 1744 4979 δοθῆναί
1790 4923 1907 4971 σοις
1944 4904 1977 4975 ἢ

398 5019 449 5070 τί
473 5017 632 5088 θέλῃς
661 5010 1013 5084 προστιθέναι
1048 5025 1128 5061 σοι
1163 5005 1301 5078 μετὰ
1327 5005 1426 5074 τὴν
1456 4999 1724 5071 τοσαύτην
1758 4996 1852 5073 τοῦ
1882 5002 1982 5051 Δυ-

396 5107 556 5164 νατοῦ
591 5104 733 5159 κατὰ
761 5103 868 5156 τῶν
894 5100 1105 5155 ἀσεϐῶν
1136 5095 1530 5168 παρασκευήν;

632 5195 794 5251 Μετὰ
814 5192 934 5247 τῶν
969 5187 1378 5259 σκηνωμάτων
1405 5181 1605 5253 Κηδάρ
1635 5182 1733 5254 (1).

462 5289 653 5361 Κηδὰρ
683 5288 855 5355 πάγος
885 5285 1079 5353 γενεᾶς
1093 5282 1317 5336 δύναται
1335 5278 1429 5332 καὶ
1454 5272 1764 5345 σκοτασμός
1782 5289 1796 5303 ο
1819 5272 1973 5325 Κατ-

392 5383 677 5452 εσκήνωσα
702 5374 815 5443 οὖν,
850 5377 1004 5448 φησὶ,
1037 5373 1177 5447 μετὰ
1204 5372 1311 5425 τῶν
1342 5367 1715 5441 σκηνωμάτων
1734 5362 1828 5418 τοῦ
1846 5379 1973 5415 σκο-

390 5470 622 5543 τασμοῦ,
658 5471 794 5540 ὅπερ
825 5471 939 5523 ἐστὶ
965 5466 1057 5520 τοῦ
1096 5464 1346 5535 σώματος
1375 5460 1469 5513 τοῦ
1510 5457 1741 5512 θανάτου
1761 5473 1775 5485 ο
1820 5454 1970 5523 καὶὴ

389 5564 533 5638 ψυχή
569 5580 669 5635 μου
701 5548 863 5633 αὐτὴ,
895 5561 1050 5631 φησι,
1089 5557 1259 5611 πολλὰ
1288 5552 1576 5615 πλεονάκις
1617 5548 1966 5622 παρῴκησεν.

463 5676 480 5706 ¹
510 5674 612 5729 lsa.
648 5688 803 5739 um,
847 5673 882 5727 9

2076 4461 2185 4513 nio,
2220 4460 2253 4500 ο
2294 4444 2488 4509 homo;
2537 4442 2679 4495 nosti
2712 4439 2858 4493 enim
2902 4436 3138 4491 validum
3188 4444 3239 4490 te
3287 4444 3655 4503 protectorem

2075 4536 2522 4603 defensoremque
2551 4532 2772 4598 habere,
2807 4528 2973 4583 armis
2998 4543 3106 4594 pro
3136 4537 3189 4582 te
3236 4528 3500 4583 adversus
3550 4529 3653 4582 ho-

2074 4636 2187 4683 stes
2213 4627 2581 4681 decertantem
2610 4641 2624 4677 :
2668 4636 2792 4675 nam
2841 4620 3067 4689 sagittas
3093 4629 3278 4673 contra
3308 4620 3453 4687 ipsos
3487 4619 3655 4684 acuit,

2076 4717 2435 4773 desolatorios
2462 4715 2730 4770 carbones
2758 4713 3017 4766 adversus
3045 4726 3140 4765 eos
3176 4712 3423 4781 paravit,
3468 4719 3523 4763 et
3566 4709 3654 4763 in-

2078 4816 2317 4862 structus
2356 4804 2637 4875 suppliciis
2666 4814 2927 4858 venturus
2960 4811 3065 4859 est.
3089 4800 3228 4869 Quid
3272 4816 3402 4870 ergo
3436 4800 3657 4867 insuper

2079 4897 2175 4952 tibi
2219 4895 2335 4951 dari
2388 4893 2670 4966 postulas?
2718 4893 2803 4947 vel
2846 4893 3106 4963 quidnam
3162 4891 3257 4946 tibi
3319 4892 3439 4946 addi
3492 4889 3650 4955 velis,

2078 4995 2201 5056 post
2258 4994 2470 5041 tantum
2522 4985 2764 5054 potentis
2817 4982 2910 5037 Dei
2952 4990 3146 5036 contra
3196 4982 3392 5052 impios
3420 4994 3654 5051 appara-

2081 5088 2195 5132 tum
2219 5077 2242 5131 ?

2368 5168 2532 5222 Vens.
2561 5166 2613 5220 5.
2642 5166 2774 5219 Cum
2800 5164 3155 5219 tabernaculis
3179 5162 3370 5219 Cedar.

2154 5259 2329 5316 Cedar
2348 5260 2470 5330 gelu
2501 5257 2870 5329 generationis
2895 5264 2949 5312 et
2971 5255 3325 5315 obscuritatis
3355 5249 3652 5323 signiﬁcat.

2083 5350 2336 5407 Habitari
2364 5352 2570 5421 itaque,
2601 5351 2697 5413 ait,
2724 5352 2774 5403 ili
2804 5346 3168 5404 tabernaculis
3194 5343 3570 5406 obscuritatis.
3592 5341 3657 5397 id

2083 5456 2166 5501 est
2195 5445 2248 5499 in
2289 5444 2503 5499 mortali
2534 5457 2767 5512 corpore
2797 5459 2811 5495 :
2844 5454 2902 5497 et
2931 5443 3115 5496 anima
3156 5453 3274 5493 mea
3329 5438 3445 5509 ipsa
3486 5449 3651 5505 saepe,

2082 5539 2276 5609 inquit,
2308 5538 2505 5608 diuque
2532 5536 2708 5592 incola
2749 5536 2870 5592 fuit.

463 5792 538 5865 (l)
575 5793 742 5851 Recte
780 5791 908 5847 cod.
943 5790 1009 5846 C.
1044 5789 1416 5846 tantummodo
1461 5788 1583 5843 sic:
1644 5785 1701 5837 Ὀ
1739 5779 1976 5836 Εὑσέϐιο‹

2080 5775 2216 5849 ηδὰρ
2244 5772 2604 5845 ἑρμηνεύεται
2642 5767 2995 5838 σκοτασμόν
3032 5766 3085 5837 (a
3110 5763 3261 5836 Tm).

756 5891 1031 5955 Pnnon.
1065 5887 1185 5949 Gn.
1230 5884 1465 5949 XXIV.

3212 5934 3217 5937 _
3311 5862 3342 5921 1
