4138 6400
454 362 543 419 ’11
1188 362 1454 419 EUSEBll
1493 361 1959 419 CESARIENSTS
1990 362 2027 419 0

2128 405 2140 418 .
2182 360 2363 419 PARS
2398 364 2489 421 Ill.
2532 398 2594 408 --
2633 365 3037 421 EXEGETICA.
3610 379 3716 435 ἠ

1009 455 1326 512 ΡδΑιιΜυε
1352 457 1513 512 CXX.

677 548 842 602 Vens.
870 549 918 602 l.
952 546 1140 602 Levavi
1162 548 1338 602 oculos
1366 566 1505 603 meus
1536 550 1589 601 in
1618 559 1839 603 montes.

548 639 630 695 Ab
659 638 839 695 hostili
868 639 1130 694 servitute
1162 642 1463 707 expeditus,
1497 630 1662 711 atque
1695 642 1749 695 in
1784 642 1894 711 ipsa
1926 644 2039 711 jam

477 735 560 790 via
586 714 930 796 constitutus,
965 748 1080 799 qua!
1108 733 1174 788 ad
1204 734 1296 787 Dei
1323 734 1600 790 civitatem
1646 734 1820 800 ducit,
1855 737 2042 793 oculos

477 830 544 884 ad
581 838 794 883 montes
828 830 923 881 bac
958 827 1077 879 illac
1111 826 1329 889 attollit,
1361 829 1661 882 observans
1689 838 1851 896 atque
1880 826 2043 880 vesti-

474 933 643 990 gans,
679 920 945 973 undenam
987 915 1087 971 sibi
1129 916 1387 972 auxilium
1410 917 1481 971 sit
1507 917 1839 973 adfuturum.
1872 917 2041 975 Porro

472 1011 685 1066 cunctis
707 1008 887 1064 mundi
917 1007 1162 1079 partibus
1193 1022 1260 1063 ac
1288 1009 1695 1064 summitatibus
1710 1009 2037 1078 exploratis,

475 1103 616 1157 nulla
644 1103 697 1157 in
733 1117 791 1158 re
829 1101 1072 1157 sensibili
1099 1116 1215 1156 rem
1239 1101 1524 1172 quaesitam
1549 1102 1836 1171 comperit.
1863 1101 2042 1158 Mente

476 1195 641 1263 igitur
676 1195 979 1263 animmque
1001 1194 1176 1249 oculis
1214 1194 1282 1249 ad
1321 1202 1598 1250 auctorem
1624 1205 2040 1266 creatoremque

474 1302 652 1342 rerum
676 1287 914 1341 omnium
937 1287 1275 1356 confugiens,
1305 1286 1379 1342 ibi
1405 1285 1569 1348 sistit.
1586 1286 1923 1355 alterumque
1937 1288 2041 1343 hoc

471 1379 740 1434 canticum
761 1379 995 1433 concinit
1013 1379 1198 1433 dicens
1222 1397 1234 1432 :
1260 1376 1528 1433 Auxilium
1542 1393 1712 1431 meum
1736 1394 1769 1432 a
1794 1377 2035 1441 Domino,

468 1472 559 1540 qui
586 1470 707 1540 fecit
731 1470 914 1524 celum
938 1478 987 1524 et
1015 1479 1229 1525 terram.

788 1630 948 1686 Vens.
980 1630 1032 1685 5.
1071 1629 1325 1684 Dominus
1358 1631 1618 1685 custodiet
1651 1642 1718 1685 te.

536 1718 671 1774 Eum
719 1724 812 1790 qui
864 1734 1080 1790 semper
1112 1720 1177 1775 ad
1229 1719 1394 1775 Dento
1445 1730 1677 1789 spectat.
1721 1720 1838 1791 ipse
1906 1721 2035 1792 vigil

2071 493 2119 549 Λ

2703 459 2989 514 ΨΛΛΜΟΣ
3026 462 3156 515 PK'.

2314 547 2459 618 Ἦρα
2493 550 2636 616 τοὺς
2668 551 3011 620 ὀφθαλμούς
3037 570 3156 620 μου
3188 555 3267 619 είς
3302 553 3376 608 τὰ
3415 555 3541 625 ὅρη.

2227 642 2284 694 Ὀ
2310 642 2408 713 τῆς
2433 641 2672 706 δουλείας
2707 643 2812 695 ὑπὸ
2839 644 2951 705 τοῖς
2982 643 3195 713 ἐχθροῖς
3226 645 3585 716 ἀπαλλαγεὶς,
3621 649 3720 704 καὶ⁵

2144 733 2262 788 κατ’
2290 732 2457 803 αὐτὴν
2500 732 2602 803 ἤδη
2631 732 2869 801 γεγονὼς
2904 735 3002 802 τὴν
3046 734 3165 787 ὁδὸν
3203 737 3303 807 τὴν
3344 738 3584 805 ἄγουσαν
3622 742 3716 794 ἐπὶ

2140 825 2236 897 τὴν
2259 824 2354 878 τοῦ
2375 823 2510 877 Θεοῦ
2536 825 2706 889 πόλιν,
2734 826 2846 879 ἀνω
2869 827 2995 889 τοὺς
3021 825 3335 899 ὀφθαλμοὺς
3360 824 3465 884 ὧδε
3491 833 3716 888 κάκεῖσε

2139 919 2220 981 είς
2269 916 2336 970 τά
2374 916 2473 989 δρη
2519 918 2754 988 ἐπαίρει,
2791 917 3068 971 κατανοῶν
3113 922 3206 972 καὶ
3244 921 3718 994 πολυπραγμονῶν

2142 1007 2303 1060 πόθεν
2347 1005 2496 1077 αὐτῷ
2533 1006 2650 1077 ἡξει
2694 1005 2943 1077 βοήθεια·
2997 1006 3068 1060 τὰ
3115 1008 3257 1079 μέρη
3299 1009 3356 1062 δὲ
3391 1010 3570 1065 πάντα
3620 1012 3716 1069 τοῦ

2139 1097 2343 1168 κόσμου
2394 1097 2489 1150 καὶ
2537 1096 2609 1150 τὰ
2665 1096 2771 1167 ὕψη
2828 1098 3221 1169 περιαθρήσας,
3268 1100 3327 1153 ὲν
3381 1102 3556 1155 οὐδενὶ
3605 1104 3717 1159 τῶν

2138 1188 2409 1261 αἰσθητῶν
2440 1187 2681 1261 εὑρίσκει
2708 1190 2771 1242 τὸ
2811 1190 3143 1261 ζητούμενον
3162 1208 3176 1222 ·
3222 1190 3299 1263 νῷ
3327 1192 3383 1246 δὲ
3414 1194 3507 1248 καὶ
3534 1195 3715 1267 ψυχῆς

2136 1280 2431 1351 ὀφθαλμοῖς
2460 1279 2553 1331 ἐπὶ
2587 1278 2678 1333 τὸν
2711 1282 2939 1352 ποιητὴν
2979 1282 3053 1351 (9.)
3096 1281 3189 1335 καὶ
3224 1281 3556 1355 δημιουργὸν
3604 1286 3715 1339 τῶν

2136 1374 2273 1425 ὅλων
2306 1369 2653 1443 ἀναδραμὼν,
2678 1371 2911 1426 ἐνταῦθα
2941 1373 3174 1439 ἵσταται,
3201 1374 3296 1428 καὶ
3327 1374 3425 1445 τὴν
3453 1376 3715 1450 δευτέραν

2136 1464 2279 1536 ᾠδὴν
2311 1463 2426 1535 ᾄδει
2456 1462 2630 1530 λέγων
2648 1479 2662 1493 ·
2706 1462 2779 1517 Ἠ
2795 1463 3047 1532 βοήθειά
3064 1482 3183 1534 μου
3199 1466 3357 1533 παρὰ
3371 1469 3590 1537 Κυρίου
3603 1470 3714 1525 τοῦ

2139 1556 2511 1626 ποιήσαντος
2526 1557 2635 1610 τὸν
2650 1556 2861 1625 οὐρανοί
2872 1573 2911 1609 ν
2925 1557 3021 1609 καί
3042 1556 3157 1623 τὴν
3172 1557 3308 1626 γῆν.

2608 1648 2821 1715 Κύριος
2848 1647 3107 1719 φυλάξει
3134 1665 3229 1703 σε.

2205 1734 2308 1791 Τὸν
2344 1734 2634 1799 διαπαντὸς
2677 1737 2758 1800 είς
2806 1737 2895 1790 τὸν
2943 1735 3076 1790 Θεὸν
3136 1738 3425 1811 ἀφορῶντα
3473 1740 3635 1807 αὐτὸς
3679 1742 3713 1797 ὁ

465 1810 703 1865 custodit
727 1806 890 1874 licus,
924 1812 1147 1882 ejusque
1186 1811 1466 1866 dexteram
1510 1813 1742 1883 protegit
1786 1829 2027 1879 manum,

2137 1828 2344 1890 ἄϋπνος
2381 1825 2638 1895 φυλάττει
2670 1827 2821 1890 Θεὸς,
2846 1827 2942 1880 καὶ
2968 1826 3158 1881 τούτου
3188 1806 3300 1900 τὴν
3340 1829 3520 1896 δεξιὰν
3552 1833 3712 1904 χεῖρα

464 1904 591 1972 quia
611 1913 666 1959 et
692 1905 779 1960 ille
810 1906 1048 1961 dexteris
1080 1907 1289 1961 actibus
1318 1909 1504 1969 utitur,
1550 1917 1606 1959 et
1652 1906 1902 1962 inimicos
1933 1923 2029 1962 sua

464 1995 688 2049 dextera
742 1996 976 2065 repellit.
1043 1996 1207 2051 Certe
1266 1997 1372 2052 Deo
1426 1998 1749 2053 (illectorum
1797 1997 2030 2055 dextera:

464 2085 786 2139 insidiantur
822 2085 1163 2154 potissimum
1193 2087 1395 2141 hostes.
1444 2085 1536 2139 Sic
1593 2087 1778 2155 itaque
1827 2086 2029 2141 dictum

466 2173 566 2229 luit
597 2191 612 2228 :
646 2171 716 2227 Et
738 2174 892 2230 Jesus
918 2177 1133 2230 indutus
1158 2188 1270 2229 erat
1303 2176 1524 2231 restibus
1545 2176 1797 2243 sordidis,
1828 2176 2031 2231 stabat-

457 2281 558 2334 que
596 2265 839 2321 diabolus
889 2283 922 2319 α
975 2267 1176 2321 dextris
1226 2268 1340 2337 ejus
1383 2272 1428 2326 '.
1466 2298 1541 2311 --
1568 2266 1849 2336 Praecipue
1899 2283 2029 2323 vero

456 2357 601 2412 Deus
652 2373 683 2413 a
731 2359 972 2437 nequitia
1040 2370 1249 2425 tuetur,
1306 2361 1516 2417 etiamsi
1570 2359 1708 2416 forte
1757 2361 2028 2415 exteriora

459 2459 646 2507 nostra
680 2465 775 2506 seu
813 2465 1014 2521 corpus
1061 2451 1283 2523 allligat.
1334 2451 1700 2519 Quamobrem
1722 2462 1778 2506 et
1804 2451 1870 2507 de
1894 2450 2030 2507 Jobo

457 2543 738 2598 mandavit
765 2560 780 2596 :
809 2544 1054 2597 Animam
1100 2544 1213 2613 ejus
1247 2554 1450 2599 tantum
1476 2561 1623 2600 serva
1650 2544 1690 2600 ⁸.
1720 2543 1892 2599 Porro
1913 2545 2031 2599 ani-

459 2648 546 2687 ma
574 2633 778 2704 indiget
816 2633 1010 2697 tutela,
1080 2649 1200 2689 cum
1231 2636 1354 2690 vita:
1381 2637 1562 2691 exitus
1596 2646 1811 2704 tempus
1836 2637 2027 2702 instat,

458 2737 515 2785 et
569 2742 693 2784 cum
757 2727 823 2782 ad
886 2726 979 2781 Dei
1038 2727 1315 2781 civitatem
1347 2727 1452 2781 iter
1481 2726 1679 2794 carpit.
1712 2725 1851 2794 Quid
1882 2727 2027 2780 enim

459 2820 756 2891 proderit,
814 2817 860 2873 si
911 2818 1181 2889 quispiam
1236 2820 1288 2874 in
1341 2818 1516 2874 medio
1567 2818 1765 2874 itinere
1824 2819 2026 2873 cadens

461 2909 690 2980 pereat?
746 2908 934 2980 itaque
1002 2909 1271 2968 neruinem
1321 2920 1450 2965 ante
1509 2924 1739 2965 mortem
1806 2910 2024 2965 beatum

463 3004 633 3058 dicas.

670 3092 836 3151 Vens.
869 3094 922 3150 6.
975 3092 1078 3149 Per
1123 3093 1261 3147 diem
1308 3093 1389 3146 sol
1436 3108 1538 3146 non
1580 3102 1692 3146 uret
1741 3101 1809 3146 te.

2135 1917 2348 1980 σκέπει,
2403 1916 2499 1970 ἀτε
2545 1916 2746 1983 δεξιαῖς
2802 1916 3033 1982 πράξεσι
3086 1919 3390 1990 χρωμένου,
3441 1922 3536 1975 καὶ
3583 1923 3710 1986 τοὺς

2131 2010 2358 2082 ἐχθροὺς
2381 2010 2694 2074 ἐλαύνοντος
2720 2013 2786 2081 τῇ
2811 2010 3006 2064 ἑαυτοῦ
3031 2011 3183 2082 δεξιᾷ
3199 2027 3213 2041 ο
3245 2011 3480 2083 μάλιστα
3503 2013 3612 2085 γὰρ
3638 2016 3706 2087 τῇ

2128 2102 2277 2173 δεξιᾷ
2299 2102 2407 2156 τῶν
2435 2101 2696 2171 θεοφιλῶν
2717 2101 3085 2155 ἐπιϐουλεύειν
3113 2102 3408 2173 πειρῶνται
3431 2105 3479 2158 oi
3503 2105 3706 2176 ἐχθροί·

2128 2193 2272 2248 οὕτω
2315 2192 2448 2263 γοῦν
2493 2195 2741 2264 εῐρηταιο
2778 2193 2887 2246 Καὶ
2935 2194 3165 2261 Ἰησοῦς
3208 2191 3288 2264 ἦν
3314 2194 3708 2264 ἐνδεδυμένος

2127 2285 2326 2355 ἱμάτια
2350 2284 2612 2354 ῥυπαρὰ,
2647 2284 2743 2338 καί
2774 2287 2807 2338 ό
2834 2283 3111 2351 διάϐολος
3137 2284 3375 2352 ἑστήκει
3391 2286 3459 2340 ἐκ
3486 2285 3699 2351 δεξιῶν

2127 2374 2336 2429 αὑτοῦ.
2374 2404 2445 2417 -
2480 2374 2730 2430 Μάλιστα
2773 2374 2830 2427 δὲ
2863 2374 2994 2438 Θεὸς
3035 2376 3143 2429 ἀπὸ
3184 2375 3381 2440 κακίας
3423 2376 3705 2446 φυλάττει,

2129 2465 2232 2519 κᾶν
2266 2464 2335 2519 τά
2365 2464 2519 2529 ἐκτὸς
2550 2465 2583 2535 ἢ
2612 2466 2674 2519 τὸ
2707 2465 2866 2537 σῶμα
2896 2465 3037 2537 λυπῇ
3059 2483 3072 2496 ⁸
3095 2468 3220 2537 περὶ
3251 2467 3381 2537 γοῦν
3416 2467 3534 2521 ’1ὼό
3564 2486 3708 2541 παρα-

2133 2556 2377 2627 ήγγειλεο
2413 2558 2621 2625 Μόνην
2660 2556 2776 2625 τὴν
2835 2554 3049 2625 ψυχὴν
3073 2556 3258 2609 αὐτοῦ
3299 2556 3702 2626 διαφύλαεονσ

2126 2648 2298 2704 δεῖται
2324 2647 2382 2702 δὲ
2419 2647 2665 2718 φυλακῆς
2708 2649 2742 2719 ἡ
2774 2647 2921 2718 ψυχὴ
2966 2646 3108 2700 κατά
3142 2646 3235 2700 τὸν
3266 2646 3368 2716 τῆς
3397 2645 3574 2711 ἐξόδου
3606 2646 3704 2701 τοῦ

2129 2738 2243 2809 βίου
2270 2737 2587 2809 καιρὸν,καὶ
2614 2737 2757 2792 κατά
2770 2738 2869 2808 τὴν
2893 2738 3095 2792 εἴσοδον
3108 2736 3206 2809 τὴν
3222 2738 3301 2799 είς
3326 2737 3425 2808 τὴν
3448 2737 3541 2790 τοῦ
3569 2736 3704 2791 Θεοῦ

2126 2830 2282 2884 πόλιν
2301 2847 2315 2862 ⁸
2358 2830 2412 2883 τί
2442 2830 2553 2901 γὰρ
2581 2829 2771 2899 ὄφελος
2794 2830 2843 2882 εί
2886 2831 2943 2882 ὲν
2974 2828 3123 2900 μέσῳ
3157 2829 3257 2899 τῆς
3283 2828 3398 2883 ὁδοῦ
3422 2830 3600 2884 πεσών
3619 2848 3705 2896 τις

2124 2921 2406 2987 ἀπώλετος
2434 2923 2515 2977 διὸ
2560 2923 2635 2994 μὴ
2678 2920 2991 2993 μακαρίσῃς
3021 2920 3307 2991 ἄνθρωπον
3339 2922 3446 2993 πρὸ
3478 2922 3575 2993 τῆς
3615 2939 3703 2975 τε·

2121 3013 2321 3086 λευτῆς
2357 3013 2546 3069 αὑτοῦ.

2364 3105 2606 3177 Ἡμέρας
2639 3106 2672 3159 ὁ
2702 3102 2874 3173 ἣλιος
2906 3104 2977 3157 οὐ
3009 3102 3341 3173 συγκαύσει
3370 3120 3463 3158 σε.

528 3183 813 3255 Splendida
834 3189 1002 3241 nubes
1027 3186 1166 3240 baud
1183 3200 1277 3240 eos
1300 3184 1430 3241 sinit
1452 3185 1534 3239 uri
1562 3185 1696 3247 sole,
1720 3186 1810 3255 qui
1829 3188 1893 3239 ad
1915 3183 2022 3239 De-

2192 3200 2407 3269 Νεφέλη
2425 3197 2656 3269 φωτεινὴ
2680 3196 2781 3250 οὐκ
2803 3196 2869 3266 ἑᾷ
2899 3193 3247 3265 συγκαίεσθαι
3270 3194 3375 3248 ὑπὸ
3395 3195 3545 3266 ἡλίου
3576 3197 3705 3260 τοὺς

458 3294 545 3330 nm
575 3289 826 3347 pergunt.
847 3277 1073 3348 Parique
1094 3278 1302 3332 ratione
1317 3292 1472 3346 opem
1492 3276 1618 3341 fert,
1638 3279 1931 3347 quominus
1951 3293 2021 3334 ne

455 3385 484 3423 υ
521 3377 783 3423 nocturno
799 3369 1013 3439 quidem
1044 3366 1297 3419 Iuntinari
1317 3366 1699 3420 detrimentum
1720 3366 2017 3438 patiantur.

976 3457 1297 3515 PSALMUS
1323 3456 1507 3514 CXXI.

459 3553 619 3610 Vens.
644 3554 695 3608 l.
717 3551 950 3608 Lwtuttts
968 3569 1084 3606 sum
1111 3555 1163 3605 in
1186 3552 1268 3606 Itis
1296 3568 1412 3619 qua:
1432 3553 1571 3606 dictu
1595 3564 1715 3607 sunt
1739 3552 1884 3619 mihi,
1910 3563 2018 3606 etc.

527 3648 661 3704 Dum
700 3647 784 3702 via
817 3646 1176 3716 proﬁciscitur
1204 3646 1271 3701 ad
1299 3645 1463 3701 Deum
1504 3649 1757 3714 ducente,
1803 3647 2023 3718 cognito

452 3741 570 3812 eius
620 3738 872 3803 termino,
931 3738 1130 3807 gaudio
1178 3737 1439 3808 repletur,
1496 3738 1798 3792 futurarum
1840 3753 2020 3792 rerum

454 3831 640 3886 nuntio
682 3829 887 3885 audito.
935 3827 1115 3895 Quare
1158 3837 1215 3883 et
1259 3827 1540 3898 praedicat,
1572 3844 1632 3884 se
1666 3829 1837 3883 bonos
1861 3843 2020 3898 egre-

453 3925 681 3994 giosque
714 3919 1006 3990 magistros
1039 3927 1257 3973 nactum
1282 3934 1425 3987 esse,
1454 3920 1545 3989 qui
1588 3918 1691 3974 sibi
1738 3918 1924 3972 aiunt:
1958 3916 2022 3970 In

449 4012 666 4067 domum
691 4010 908 4065 Domini
934 4010 1143 4064 ibimus.
1170 4008 1399 4077 Ideoque
1421 4011 1590 4080 magis
1616 4008 1859 4075 festinat,
1881 4009 2019 4062 viam

451 4119 575 4157 cum
607 4102 804 4173 gaudio
836 4099 1398 4171 carpens.—-lllorum
1443 4101 1534 4169 qui
1581 4100 1856 4171 Babylone
1906 4101 2024 4154 red-

451 4197 601 4250 ibant
623 4209 751 4265 pars
790 4194 983 4265 major,
1021 4196 1248 4265 populus
1280 4191 1524 4247 novellus
1550 4202 1671 4247 erat
1704 4193 1758 4247 in
1795 4192 1906 4261 ipsa
1938 4207 2023 4260 ge-

454 4286 599 4340 nitus
626 4283 920 4356 Babylone.
966 4280 1129 4338 Pauci
1161 4298 1288 4338 vero
1319 4280 1538 4352 quidam
1573 4280 1721 4336 inter
1745 4296 1839 4335 eos
1867 4290 2021 4334 erant

452 4378 613 4446 prisci
638 4378 761 4442 viri,
802 4392 961 4433 senes
1011 4375 1324 4438 admodum,
1352 4376 1441 4444 qui
1471 4373 1862 4445 Hierosolymis
1888 4372 2016 4426 illuc

452 4467 865 4534 descenderant,
900 4476 976 4531 et,
1011 4468 1347 4537 septuaginta
1391 4467 1463 4520 ibi
1509 4465 1666 4520 antiis
1710 4466 2019 4530 transactis,

2124 3294 2266 3346 κατά
2293 3291 2425 3344 Θεὸν
2455 3287 2738 3351 ὁδεύοντας
2755 3303 2770 3318 ·
2797 3287 2890 3341 καὶ
2917 3285 3265 3354 ἀναλογοῦντι
3289 3286 3493 3358 ταύτης
3514 3286 3704 3357 βοηθεῖ

2123 3382 2204 3446 είς
2222 3381 2283 3434 τὸ
2311 3379 2445 3452 μηδὲ
2479 3377 2586 3431 ὑπὸ
2613 3375 2927 3447 νυκτερινοῦ
2957 3376 3242 3448 φωστῆρος
3270 3376 3460 3431 παθεῖν
3479 3376 3697 3442 αὐτούς.

2655 3468 2946 3521 ΨᾹΛΜΟΣ
2994 3469 3173 3522 PKA'.

2230 3561 2595 3630 Εὐφράνθην
2624 3558 2724 3613 ἐπὶ
2767 3559 2894 3625 τοῖς
2924 3560 3191 3626 εὶρηκόσι
3213 3576 3336 3628 μοι,
3371 3576 3427 3612 κ.
3456 3575 3508 3612 τ.
3539 3559 3590 3613 λ.

2194 3654 2307 3725 Τὴν
2330 3652 2450 3706 όδὸν
2495 3651 2725 3722 βαδίζων
2752 3652 2850 3720 τὴν
2879 3650 2971 3703 ἐπὶ
2997 3650 3088 3702 τὸν
3126 3650 3257 3703 Θεὸν
3285 3650 3541 3718 ἄγουσαν,
3572 3666 3701 3703 παι-

2122 3743 2409 3814 δευόμενος
2446 3741 2575 3815 περὶ
2623 3739 2721 3794 τοῦ
2769 3740 2956 3804 τέλους
2995 3740 3185 3811 αὐτῆς,
3235 3741 3570 3811 εὐφροσύνης
3611 3739 3702 3795 ἐπ’

2123 3837 2259 3908 αὐτῇ
2301 3838 2366 3908 τῇ
2417 3834 2526 3888 τῶν
2569 3832 2868 3905 μελλόντων
2911 3832 3047 3904 ἀκοῇ
3098 3830 3434 3902 πληροῦται·
3479 3831 3560 3885 διὸ
3605 3832 3701 3885 καὶ

2122 3929 2372 3999 ὁμολογεῖ
2397 3926 2576 3982 καλῶν
2609 3924 2706 3980 καὶ
2748 3924 2970 3993 ἀγαθῶν
3007 3923 3344 3978 διδασκάλων
3375 3922 3558 3993 τυχὼν
3590 3922 3701 3976 τῶν

2080 4052 2085 4055 -
2124 4017 2420 4090 εἰρηκότων
2449 4014 2617 4087 αὐτῷ’
2654 4015 2760 4080 Εἰς
2791 4010 2959 4067 οἷκον
2992 4013 3211 4081 Κυρίου
3238 4010 3698 4081 πορευσώμεθα·

2122 4111 2216 4165 καὶ
2248 4108 2445 4180 μᾶλλον
2474 4107 2770 4175 ἐπείγεται,
2798 4103 2897 4177 τὴν
2946 4105 3170 4176 πορείαν
3206 4104 3324 4174 μετ’
3356 4101 3698 4174 εὐφροσύνης

2123 4199 2457 4271 ποιούμενος.
2502 4228 2569 4240 ——
2613 4196 2735 4250 Τῶν
2782 4195 3111 4248 ἐπανιόντων
3142 4193 3252 4246 ἀπὸ
3300 4190 3637 4255 Βαϐυλῶνος,
3672 4194 3704 4247 ὁ

2126 4292 2223 4363 μὲν
2264 4291 2430 4356 πολὺς
2483 4290 2605 4353 νέος
2648 4284 2718 4359 ἦν
2764 4287 2891 4350 λαὸς
2925 4288 2983 4338 ὲν
3015 4284 3153 4355 αὐτῇ
3202 4282 3482 4355 γεννηθεὶς
3522 4283 3702 4337 Βαϐυ-

2122 4381 2252 4435 λῶνι
2272 4398 2286 4414 ·
2337 4381 2559 4453 βραχεῖς
2598 4379 2657 4433 δέ
2688 4394 2833 4441 τινες
2875 4377 2934 4429 ὲν
2967 4376 3151 4439 αὐτοῖς
3201 4373 3449 4445 ὑπῆρχον
3480 4375 3701 4429 παλαιοὶ

2124 4472 2315 4545 ἄνδρες
2342 4471 2437 4525 καὶ
2469 4469 2674 4541 σφόδρα
2706 4466 3089 4540 πρεσϐύτεροι,
3118 4467 3170 4519 oi
3201 4464 3310 4520 ἀπὸ
3352 4465 3704 4537 Ἰερουσαλὴμ

453 4569 639 4628 postea
686 4573 808 4614 cum
848 4573 984 4615 novo
1018 4558 1215 4629 populo
1266 4559 1703 4612 revertebantur.
1741 4555 1803 4609 lli
1836 4565 2015 4611 autem

2128 4563 2560 4636 καταὸεὸηκότες
2586 4563 2718 4624 ἐκεῖ,
2755 4560 2850 4614 καὶ
2887 4558 3323 4631 παραμείναντες
3354 4556 3447 4610 τὸν
3472 4555 3706 4628 ἑϐδομή-

453 4665 484 4702 a
517 4663 657 4706 novo
681 4649 878 4719 populo
914 4645 1271 4717 interrogati,
1305 4660 1541 4718 quonam
1577 4645 1681 4699 iter
1706 4646 2014 4710 tenderent,

2122 4673 2286 4710 κοντα
2301 4655 2494 4721 ἐτιιῒ)
2523 4653 2733 4726 χρόνον,
2764 4651 2882 4723 μεθ’
2911 4649 2971 4703 δν
2999 4649 3337 4721 ὑπέστρεφον
3354 4648 3470 4719 ἀμα
3496 4647 3575 4718 τῷ
3597 4648 3708 4719 νέῳ

454 4739 1188 4811 respoudentquodammodo
1209 4738 1416 4792 aientes
1438 4755 1451 4791 :
1475 4735 1543 4791 In
1563 4735 1775 4790 domum
1802 4736 2016 4791 Domini

2128 4740 2242 4812 λαῷ
2263 4759 2275 4771 ·
2325 4741 2529 4793 τούτων
2587 4738 2768 4793 τοίνυν
2827 4736 3193 4809 ὲρωτωμένων
3239 4736 3390 4808 παρὰ
3435 4735 3532 4792 τοῦ
3577 4736 3703 4789 νέου

453 4833 663 4887 ibimus.
725 4831 951 4897 Rursus,
1009 4831 1114 4888 hoc
1170 4832 1378 4894 audito,
1432 4843 1605 4884 novus
1650 4827 1740 4883 ille
1793 4830 2020 4900 populus

2128 4832 2254 4886 λαοῦ
2305 4832 2439 4886 ὅπου
2486 4830 2586 4901 τὴν
2642 4828 2870 4900 πορείαν
2928 4830 3193 4889 ποιοῖντο,
3243 4826 3705 4897 ἀποκρινομένους

451 4923 807 4989 exhilaratus,
835 4924 1015 4981 denuo
1042 4922 1312 4979 sciscitari
1336 4922 1569 4986 videtur,
1603 4922 1874 4975 undenatn
1911 4921 2019 4974 illis

2128 4924 2285 4979 οἱονεὶ
2328 4922 2422 4976 καὶ
2461 4920 2722 4991 λέγοντας
2747 4938 2761 4951 ·
2801 4923 2907 4987 Είς
2948 4917 3118 4975 οἶκον
3155 4920 3376 4987 Κυρίου
3403 4916 3705 4987 πορευσώ-

454 5018 571 5073 lnec
627 5017 813 5071 notitia
839 5014 1021 5071 esset?
1064 5013 1129 5069 Hi
1178 5029 1340 5084 porro
1391 5013 1761 5083 respondent:
1805 5012 2018 5068 Stantes

2128 5018 2291 5085 μεθα.
2334 5014 2458 5067 Ἐπὶ
2486 5012 2543 5067 δὲ
2571 5012 2797 5086 τοιαύτῃ
2825 5014 2962 5083 ἀκοῇ
3008 5013 3100 5065 τὸν
3136 5010 3257 5063 νέον
3292 5010 3422 5063 λαὸν
3462 5010 3704 5081 εὐφραν-

450 5117 599 5162 erant
622 5108 774 5177 pedes
809 5106 976 5161 nostri
1015 5107 1069 5158 in
1121 5105 1273 5158 atriis
1309 5103 1607 5158 Jerusalem
1636 5119 1656 5167 ;
1686 5103 1738 5157 bi
1769 5103 2021 5156 nimirum

2128 5105 2309 5169 θέντα,
2339 5104 2587 5177 δεύτερον
2614 5103 2863 5171 ἐξετάσαι
2890 5102 3055 5156 πόθεν
3079 5103 3193 5165 τοῖς
3223 5099 3475 5168 λέγουσιν
3504 5099 3541 5168 ἡ
3564 5094 3704 5165 735-

451 5199 551 5268 ipsi
599 5199 764 5269 pedes
800 5198 889 5268 ιιιιί
930 5199 1206 5262 vobiscum
1235 5211 1377 5250 nunc
1401 5193 1746 5265 gradiuntur,
1773 5193 1827 5245 in
1860 5194 2018 5246 atriis

2130 5214 2247 5262 σις;
2279 5197 2418 5261 Τοὺς
2447 5197 2504 5251 δὲ
2535 5196 2935 5269 ἀποκρίνασθαι
2970 5194 3106 5266 πρὸς
3122 5193 3341 5257 αὐτοὺς,
3376 5190 3471 5245 καὶ
3501 5189 3700 5242 εἰπεῖν’

450 5291 579 5344 o‘lim
628 5298 832 5346 stetere
909 5286 1232 5344 Jerusalem.
1283 5285 1647 5353 Quamobrem
1702 5284 1784 5339 rei
1843 5287 2013 5355 probe

2140 5287 2428 5354 Ἐστῶτες
2476 5283 2639 5358 ἦσαν
2677 5290 2731 5341 ot
2760 5286 2944 5352 πόδες
2991 5284 3160 5354 ἡμῶν
3201 5284 3273 5337 ἐν
3317 5281 3447 5347 ταῖς
3487 5278 3702 5344 αὐλαῖς

451 5362 680 5446 conscii,
706 5394 827 5436 eam
862 5380 1010 5435 vobis
1039 5379 1351 5435 nuntiaums
1384 5394 1398 5432 :
1430 5393 1553 5431 nam
1587 5386 1641 5433 et
1668 5377 2020 5432 aediﬁciorqu

2140 5374 2565 5449 Ἰερουσαλήμ·
2620 5379 2712 5432 καὶ
2742 5379 2794 5432 oi
2840 5376 2999 5440 πόδες
3040 5367 3189 5429 οὗτοι
3224 5375 3274 5427 ot
3318 5371 3415 5425 νῦν
3467 5366 3702 5424 ἐνταῦθα

457 5473 609 5527 urbis
648 5472 936 5535 rationem,
994 5471 1223 5537 ejusque
1270 5480 1455 5542 typum
1519 5484 1584 5523 ac
1632 5469 2019 5538 propemodum

2128 5468 2245 5539 ἅμα
2289 5469 2416 5540 ὑμῖν
2450 5467 2785 5539 βαδίζοντες,
2836 5467 3069 5530 ἑστῶτες
3113 5482 3243 5520 ποτε
3298 5463 3592 5535 ἐτύγχανον
3643 5463 3702 5510 ὲν

462 5564 911 5626 delineationem,
963 5564 1221 5615 memoria
1276 5571 1534 5615 acettrate
1586 5569 1851 5615 tenemus.
1901 5559 2019 5615 Non

2128 5566 2248 5626 ταῖς
2304 5565 2493 5627 αὐλαῖς
2552 5563 2939 5635 Ἰερουσαλήμ·
2993 5561 3116 5616 ὅθεν
3166 5558 3410 5633 ἀκριϐῶς
3458 5555 3702 5619 εἰδότας.

528 5647 743 5710 ίΖειςὶι.
794 5670 878 5720 ιιι,
931 5656 985 5710 ’5.
1062 5652 1210 5711 'Job
1257 5670 1323 5720 ιι,
1362 5654 1419 5710 6.

523 5749 599 5817 (ει
624 5750 738 5803 Duo
760 5747 921 5820 codd.
944 5747 1194 5820 Σωτῆρα.

525 5812 622 5889 (2')
675 5812 1117 5887 Ἐδδομήκοντᾶ
1159 5819 1263 5873 ἔτι.
1307 5817 1398 5875 Sic
1435 5818 1563 5875 editi
1604 5835 1617 5872 :
1665 5828 1723 5871 ut
1778 5818 1916 5873 forte
1948 5817 2027 5887 leg

2128 5815 2228 5871 lum
2253 5816 2322 5871 sit
2358 5813 2846 5882 ὲὸδομηκονταετῆ.
2880 5812 3040 5868 Eon.
