4138 6402
370 424 373 427 ’
405 428 473 481 15
1525 407 1996 470 (ΞΟΜΜΕΝΤΑΒΙ.

2101 401 2135 459 Ν
2178 406 2305 460 PSA
2314 404 2511 461 LMOS.
3584 404 3650 458 14

401 537 573 593 ταῦτα
609 534 754 605 ὑμᾶς
782 529 1275 601 εὐαγγελιζόμεθα,
1314 529 1408 582 καὶ
1441 529 1529 581 τὸν
1558 528 1757 598 τρόπον
1790 526 1844 577 δὲ
1879 524 1973 593 τῆς

2101 524 2228 578 :nim
2264 531 2382 575 erat
2412 520 2543 575 urbs
2569 518 2670 573 hac
2705 516 2830 570 illac
2859 529 3069 583 sparsa,
3097 524 3152 567 et
3185 528 3375 575 setssa,
3410 524 3571 582 atque
3601 516 3653 570 in

402 628 686 698 οἰκοδομῆς
726 625 827 695 τῆς
858 624 1065 685 πόλεως
1084 665 1098 686 ,
1133 621 1227 674 καὶ
1252 620 1342 674 τὸν
1371 621 1540 673 τύπον
1582 619 1761 678 αὑτὸν,
1804 615 1879 679 ὡς
1909 616 1973 667 ἂν

401 719 545 772 εἴποι
578 734 680 781 τις,
716 716 808 768 καὶ
844 713 903 766 τὸ
935 712 1139 782 σχῆμα,
1175 710 1418 783 ἀκριϐῶς
1450 710 1684 781 φέρομεν
1716 706 1806 760 διὰ
1842 707 1977 776 μνή-

407 824 547 883 μης·
581 804 648 880 ἧν
676 808 785 880 γὰρ
815 807 891 871 ὡς
928 805 1079 868 πόλις
1108 804 1167 857 οὐ
1197 802 1567 874 διεσπαρμένη
1598 794 1699 854 ὧδε
1728 800 1975 860 κάκεῖσε,

401 902 524 955 οὐδὲ
549 898 926 969 άπεσχισμένη
955 898 1048 949 καὶ
1072 895 1338 949 διεστῶσα
1368 896 1448 957 εἰς
1480 893 1618 964 μέρη
1647 888 1836 952 πολλὰ,
1864 886 1976 941 ἀλλ’

403 990 575 1055 οὕτως
602 988 668 1062 ἦν
691 987 1083 1060 ᾠκοδομημένη
1113 987 1187 1051 ὡς
1217 986 1391 1039 δοκεῖν
1416 985 1512 1037 ἕνα
1542 980 1676 1035 εἶναι
1698 976 1866 1043 οἷκον,
1893 978 1980 1033 διὰ

2083 613 2279 671 multas
2314 622 2493 681 partes
2522 620 2696 674 secta,
2732 608 2825 662 sed
2857 608 2929 660 ita
2953 606 3239 669 :ediﬁcata,
3275 617 3331 660 ut
3360 622 3467 660 una
3503 608 3651 660 v.de-

2088 715 2238 760 retur
2259 706 2471 766 domus,
2499 711 2719 771 propter
2743 699 3094 753 aediﬁciorum
3131 695 3245 764 ejus
3269 698 3654 751 coltmrentiam

2088 807 2254 866 atque
2295 796 2656 849 harmoniam.
2686 790 2810 845 Ideo
2840 792 3044 844 dictum
3084 800 3169 844 est
3197 806 3210 842 :
3235 786 3304 841 Ut
3334 791 3537 851 civitas,
3568 806 3662 841 cu-

2079 885 2170 956 jus
2220 886 2556 955 participatio
2606 886 2718 955 ejus
2745 885 2809 949 in
2855 884 3110 951 idipsum.
3168 879 3479 948 Ilujusmodi
3510 888 3657 949 sunt,

2090 978 2157 1030 ad
2191 976 2520 1031 sententiam
2574 976 2717 1044 quod
2770 977 2997 1035 attinet,
3049 982 3260 1027 cuncta:
3298 973 3440 1041 apud
3491 972 3657 1027 Deum
3700 988 3701 991 ‘

403 1087 501 1155 τὴν
535 1084 829 1151 συνάφειαν
869 1082 964 1133 καὶ
1012 1079 1277 1151 ἁρμονίαν
1303 1077 1410 1130 τῶν
1439 1068 1666 1144 ὲνάὑτῇ
1702 1072 1985 1142 οἰκοδομη-

2101 1068 2425 1122 diversantes
2459 1066 2682 1131 animae,
2727 1065 2834 1118 vivi
2878 1064 3103 1133 lapides,
3134 1064 3331 1133 quibus
3353 1079 3539 1119 verum
3566 1062 3657 1119 Dei

408 1182 617 1251 μάτων·
654 1178 733 1231 διὸ
758 1178 1026 1231 λέλεκται·
1046 1177 1139 1240 Ὠς
1173 1173 1349 1237 πόλις
1374 1166 1452 1240 ἦν
1478 1171 1517 1236 ὴ
1541 1164 1764 1237 μετοχὴ
1795 1160 1985 1229 αὐτῆς

2101 1159 2352 1229 templum
2382 1158 2705 1220 aediﬁcatur,
2762 1173 2868 1211 una
2917 1167 3094 1211 mente
3140 1171 3352 1224 unaque
3400 1157 3659 1210 concordi

403 1250 503 1325 ἐπὶ
542 1271 609 1324 τὸ
638 1272 785 1324 αὑτό
805 1287 817 1299 ·
856 1267 1100 1323 τοιαῦται
1139 1266 1195 1318 δέ
1241 1266 1347 1316 εἰσι
1375 1260 1516 1314 κατὰ
1545 1258 1782 1311 διάνοιαν
1812 1255 1986 1307 πᾶσαι

2101 1250 2360 1305 sententia
2390 1259 2752 1319 compactum.

409 1367 463 1419 αἱ
506 1364 656 1435 παρὰ
686 1364 804 1434 Θεῷ
838 1364 1035 1433 ψυχαὶ,
1085 1361 1178 1415 καὶ
1224 1361 1273 1410 οἱ
1332 1357 1532 1421 ζῶντες
1578 1350 1715 1404 λίθοι
1778 1350 1845 1403 δι’
1892 1341 1967 1401 ὧν
2027 1344 2428 1415 ᾠκοδόμηταιὸ
2456 1341 2707 1412 ἀληθινὸς
2767 1340 2903 1404 νεὼς
2948 1341 3041 1394 τοῦ
3088 1340 3244 1405 Θεοῦ,
3277 1341 3353 1411 τῷ
3386 1341 3535 1412 αὐτῷ
3581 1341 3662 1395 νοτ

409 1454 546 1526 [nail
571 1457 636 1525 τῇ
665 1455 799 1524 αὐτῇ
832 1453 1021 1522 γνώμῃ
1053 1446 1505 1519 κατηρτισμένος.

424 1543 574 1595 Ἐκεῖ
594 1543 703 1611 γὰρ
725 1543 1031 1607 ἀνέϐησαν
1052 1543 1109 1594 αἱ
1134 1535 1553 1611 φυλαὶλερυλαὶ
1581 1533 1822 1611 Κυρίου,
1843 1547 1994 1609 gap:

480 1602 685 1680 τύρὶοὖ
724 1612 803 1676 τῷ
847 1602 1271 1678 Ἰο-ραὴλ,’τοῦ
1306 1602 1871 1676 ἐξομολογήσασθαι
1913 1602 1995 1667 τῷ

481 1684 723 1752 ὀνόματι
750 1684 990 1749 Κυρίου.

492 1775 641 1828 Ἐκεῖ
664 1773 774 1845 γὰρ
814 1772 979 1838 θύειν,
1014 1771 1300 1842 εῦχεσθαι,
1337 1766 1748 1838 πανηγυρίζειν,
1777 1763 1994 1817 ἐκέλευ-

416 1884 532 1922 σεν·
565 1867 641 1930 ὡς
667 1866 732 1920 ἂν
762 1866 835 1938 μὴ
864 1864 1139 1935 πανταχοῦ
1172 1860 1535 1932 πλανώμενοι,
1568 1858 1839 1930 πρόφασιν
1860 1855 1996 1925 ἒχω-

2104 1522 2272 1576 Vnns.
2301 1518 2355 1573 4.
2392 1517 2531 1571 Illuc
2572 1519 2710 1569 enim
2753 1516 3100 1568 ascenderunt
3133 1516 3320 1578 tribus,
3357 1520 3522 1571 tribus
3556 1518 3634 1573 lio

2169 1591 2319 1651 mini,
2366 1589 2723 1641 testimonium
2767 1585 2936 1639 Israel
2969 1589 3034 1639 ad
3079 1584 3436 1652 conﬁtendum
3468 1594 3665 1644 nomini

2168 1660 2400 1714 Domini.

2168 1750 2282 1806 Illic
2315 1750 2460 1805 enim
2491 1747 2839 1811 sacriﬁcare,
2890 1761 3071 1813 orare,
3134 1764 3319 1804 saoros
3372 1764 3670 1806 conventus

2098 1856 2262 1913 agere
2292 1840 2457 1910 jussit
2489 1840 2655 1903 Deus;
2689 1854 2756 1892 ne
2783 1836 2891 1891 late
2913 1837 3162 1904 dispersi,
3186 1841 3524 1895 occasionem
3550 1857 3669 1910 per.

415 1977 497 2014 σιν
526 1959 739 2023 ἐξόδους
776 1957 1044 2011 ποιεῖσθαι
1082 1956 1218 2023 πρὸς
1258 1952 1482 2007 εῖδωλα·
1515 1951 1651 2004 Θεοῦ
1686 1950 1795 2021 γὰρ
1834 1948 1992 2001 τοῦτο

2101 1935 2249 2006 gendi
2280 1935 2345 1989 ad
2375 1933 2515 1987 idola
2541 1931 3008 1986 nanciscerentur.
3035 1930 3127 1985 Dei
3156 1947 3286 1986 vero
3313 1936 3668 1987 testimonium

408 2051 744 2123 μαρτυρίαν
773 2049 1027 2104 ἐκάλεσεν
1049 2065 1062 2077 ·
1091 2047 1191 2115 τῆς
1222 2045 1329 2115 γὰρ
1357 2042 1523 2096 αὑτοῦ
1554 2041 1811 2111 προνοίας
1842 2036 1999 2090 τοῦτο

417 2143 673 2215 μέγιστον
706 2142 1005 2211 τεκμήριον
1040 2134 1142 2209 ἦν·
1185 2138 1278 2190 καὶ
1324 2134 1433 2206 γὰρ
1471 2136 1587 2187 ἐκεῖ
1625 2134 1653 2185 ὁ
1693 2132 1855 2201 νόμος
1902 2130 1997 2182 άν-

418 2234 773 2304 εγινώσκετο,
818 2229 1133 2302 διηγήματά
1166 2246 1225 2281 τε
1268 2224 1709 2297 κατορθωμάτων
1735 2220 1996 2293 ἀρχαίων,

416 2326 511 2380 καὶ
560 2324 778 2379 σύνοδον
818 2321 1100 2375 ἐποιοῦντο
1143 2318 1241 2391 τὴν
1293 2317 1429 2389 πρὸς
1475 2315 1738 2387 ἀλλήλους
1780 2313 1999 2382 ἀγάπην

419 2418 845 2488 συσφίγγουσαν.

432 2511 795 2577 Ἐρωτήσατε
821 2507 897 2575 δὴ
933 2509 1006 2560 τὰ
1033 2509 1119 2572 εὶς
1148 2503 1398 2573 εἰρήνην
1428 2502 1544 2570 τὴν
1579 2498 1994 2568 Ἰερουσαλήμ.

502 2602 613 2652 Ἀεὶ
639 2601 773 2671 γὰρ,
809 2599 963 2669 φησὶ,
987 2599 1081 2651 καὶ
1102 2597 1329 2650 πάντοτε
1354 2592 1784 2666 μνημονεύοντές
1807 2608 1922 2653 σου,
1955 2584 1999 2643 ὧ

429 2688 803 2761 Ἰερουσαλὴμ,
836 2689 905 2742 τά
939 2689 1066 2759 περὶ
1108 2689 1207 2757 τῆς
1256 2687 1353 2757 σῆς
1383 2686 1605 2758 εἰρήνης
1637 2682 1999 2754 διαλεγόμεθα

416 2782 530 2843 τοῖς
555 2779 803 2850 ἀδελφοῖς
844 2782 955 2843 τοῖς
986 2778 1276 2851 ἡμετέροις
1304 2778 1398 2832 καὶ
1428 2780 1540 2839 τοῖς
1570 2774 1795 2846 πλησίον
1820 2774 1997 2846 ἡμῶν,

416 2871 662 2925 τουτέστι
690 2871 767 2942 τῷ
806 2872 909 2942 νέῳ
945 2871 1081 2941 λαῷ,
1116 2873 1195 2934 εἰς
1231 2869 1393 2923 πόθον
1429 2868 1627 2932 αὐτοὺς
1658 2866 1880 2936 ἄγοντες
1908 2866 1999 2919 τὸν

419 2963 546 3034 περὶ
589 2964 649 3015 σὲ
692 2962 780 3017 διὰ
813 2966 910 3035 τῆς
943 2964 1071 3034 περὶ
1115 2961 1208 3015 σοῦ
1245 2960 1620 3023 διδασκαλίας·
1660 2957 1797 3013 ἀλλὰ
1837 2958 1932 3011 καὶ
1965 2958 1999 3028 ἡ

422 3056 571 3108 πᾶσα
594 3053 751 3125 ἡμῶν
776 3055 910 3125 εὐχὴ
934 3054 1097 3107 ἕνεκα
1124 3051 1218 3105 τοῦ
1246 3053 1394 3106 οἴκου
1426 3051 1518 3105 τοῦ
1546 3050 1681 3104 Θεοῦ
1709 3049 1865 3121 ἡμῶν
1891 3048 2001 3118 ἐγί-

420 3162 562 3210 νετο,
607 3144 911 3216 ζητούντων
946 3144 1125 3212 ἀγαθά
1156 3161 1236 3197 σοι
1270 3143 1338 3196 τά
1369 3141 1520 3214 παρὰ
1569 3139 1663 3193 τοῦ
1703 3137 1860 3192 Θεοῦ.

950 3235 1242 3288 ΨΑΛΜΟΣ
1290 3232 1463 3285 ΡΚΒ’.

2101 2028 2279 2081 locum
2310 2025 2459 2079 illum
2487 2022 2804 2092 appellavit,
2836 2022 3035 2092 quippe
3060 2024 3201 2091 quod
3226 2034 3345 2077 erat
3368 2027 3670 2079 maximum

2098 2118 2459 2189 providentiae
2498 2117 2637 2170 illius
2683 2114 2941 2168 indicium
2975 2131 2991 2168 :
3028 2131 3263 2184 namque
3306 2117 3377 2171 ibi
3412 2117 3495 2172 lex
3530 2119 3673 2185 lege-

2101 2216 2294 2278 batur,
2330 2222 2386 2267 et
2412 2211 2628 2282 egregia
2658 2209 2835 2278 prisca
2864 2206 3107 2261 facinora
3132 2210 3516 2274 narrabantur,
3537 2227 3669 2281 gen-

2102 2308 2279 2376 tisque
2309 2313 2606 2359 conventus
2624 2302 2787 2356 ﬁebat
2804 2313 2911 2370 quo
2928 2299 3166 2357 charitas
3194 2311 3377 2356 mutua
3402 2305 3674 2357 consu-En-

2101 2401 2351 2469 gebatur.
3462 2386 3469 2391 D

2103 2489 2263 2543 Vens.
2295 2487 2348 2543 6.
2394 2487 2590 2558 Rogate
2617 2526 2622 2533 -
2654 2505 2771 2557 qua:
2817 2503 2883 2543 aa
2939 2507 3118 2558 pacem
3184 2498 3302 2543 sunt
3353 2489 3670 2543 Jerusalem.

2181 2581 2407 2650 Semper
2440 2582 2584 2634 enim
2615 2592 2667 2635 et
2700 2582 2845 2635 omni
2896 2592 3137 2651 tempore
3184 2582 3259 2636 tui
3315 2596 3604 2646 memores,
3639 2596 3672 2635 ο

2099 2672 2400 2729 Jerusalem
2428 2715 2442 2737 ,
2486 2674 2552 2727 de
2594 2687 2729 2743 pace
2758 2682 2846 2727 tua
2878 2689 2998 2727 cum
3036 2672 3299 2727 fratribus
3322 2674 3524 2727 nostris
3555 2688 3676 2742 pro-

2104 2765 2371 2835 ximisque
2405 2765 2701 2834 loquimur,
2729 2764 2783 2818 id
2813 2775 2896 2819 est
2920 2780 3040 2818 cum
3084 2765 3281 2834 populo
3313 2781 3474 2831 novo,
3511 2776 3569 2819 ut
3598 2766 3672 2819 tui

2101 2857 2430 2913 desiderium
2493 2858 2607 2931 haec
2655 2869 2945 2915 narrantes
2984 2860 3063 2913 eis
3096 2859 3422 2914 excitemus.
3476 2858 3581 2914 Sed
3621 2870 3676 2913 et

2104 2966 2293 3021 preces
2319 2960 2519 3005 nostrae
2547 2966 2738 3005 omnes
2787 2951 2857 3007 ob
2896 2952 2989 3007 Dei
3018 2952 3235 3007 domum
3264 2953 3463 3009 ﬁebant
3484 2993 3498 3017 ,
3550 2953 3676 3025 quia

2103 3042 2230 3097 huic
2250 3043 2393 3099 bona
2423 3044 2605 3124 omnia
2639 3057 2669 3096 a
2701 3042 2813 3098 Deo
2842 3043 3296 3113 imprecabamur.

2600 3213 2923 3293 essurus
2964 3213 3171 3269 cxxu.
3252 3188 3257 3191 ’

422 3327 576 3396 Πρὸς
596 3327 670 3381 σὲ
691 3323 805 3398 ἦρα
826 3324 966 3391 τοὺς
987 3325 1332 3405 opacantde
1346 3341 1464 3402 ρίου
1486 3323 1594 3376 τὸν
1614 3320 1996 3375 κατοικοῦντα

2106 3306 2269 3362 VERS.
2303 3306 2356 3360 I.
2396 3307 2477 3360 Ad
2525 3316 2574 3361 te
2614 3308 2782 3362 levavi
2816 3306 2992 3405 oculos
3025 3323 3167 3362 meos
3192 3347 3208 3373 ,
3254 3310 3344 3378 qui
3377 3309 3581 3364 habitas
3624 3313 3676 3364 in

984 3397 1055 3448 ἐν
1077 3397 1155 3460 τῷ
1178 3397 1428 3462 οὐρανῷ.

504 3488 764 3560 Ἐπείπερ
796 3487 1025 3560 οὐρανὸς
1056 3486 1242 3559 θρόνος
1264 3486 1380 3538 ἐστὶ
1407 3484 1500 3538 τοῦ
1538 3484 1696 3547 Θεοῦ,
1727 3484 1813 3537 διὰ
1844 3483 2003 3537 τοῦτο

421 3584 696 3634 κατοικεῖν
730 3580 946 3649 λέγεται
978 3580 1035 3632 ὲν
1062 3578 1139 3648 τῷ
1165 3576 1381 3649 οὐρανῷ
1399 3594 1411 3606 ·
1446 3576 1622 3638 οὐδεὶς
1659 3575 1716 3628 δὲ
1744 3575 2002 3647 θησαυρί-

421 3671 528 3736 ζων
564 3672 655 3724 ἐπὶ
698 3671 820 3742 γῆς,
863 3669 1006 3723 εἴποι
1042 3669 1107 3724 ἂν
1132 3669 1209 3740 τῷ
1240 3668 1358 3739 Θεῷ
1379 3683 1391 3697 ⁸
1425 3668 1581 3737 Πρὸς
1611 3667 1687 3721 σὲ
1718 3663 1834 3737 ἦρα
1861 3666 2003 3733 τοὺς

422 3766 766 3833 ὀφθαλμούς
790 3781 908 3833 μου
943 3762 1051 3816 τὸν
1082 3760 1473 3815 κατοικοῦντα
1500 3759 1570 3812 ἐν
1611 3759 1693 3825 τῷ
1735 3757 1999 3827 οὐρανῷ·

421 3857 558 3909 ὅπου
590 3855 699 3927 γὰρ
737 3858 769 3908 ὀ
792 3855 1097 3922 θησαυρός
1116 3869 1256 3913 σου,
1292 3851 1417 3905 ἐκεῖ
1430 3853 1599 3906 ἔσται
1616 3851 1714 3904 καὶ
1737 3849 2004 3919 ήκαρδία

420 3956 573 3998 σου·
600 3944 669 3995 ὀἱ
708 3943 803 4012 μὲν
854 3938 947 3995 οὖν
988 3941 1257 4011 ὀφθαλμοὶ
1295 3940 1387 3993 τοῦ
1439 3940 1693 4012 ἄφρονος,
1740 3942 1825 3993 ἐπ’
1858 3940 2004 4011 άκρα

424 4035 547 4105 γῆς,
590 4034 624 4104 ἢ
673 4035 755 4101 ἐφ’
800 4032 1084 4102 ὁτιδήποτε
1131 4027 1191 4086 οὗ
1246 4030 1535 4101 ἐπιθυμεῖ·
1585 4032 1848 4103 ἐμϐλέπει
1893 4032 2003 4103 γάρ

426 4138 555 4178 ποτε
595 4127 825 4193 γυναῖκα
860 4123 995 4194 πρὸς
1034 4122 1094 4175 τὸ
1124 4121 1461 4194 ἐπιθυμῆσαι
1500 4124 1698 4195 αὐτῆς·
1738 4126 1788 4178 οἱ
1814 4125 1872 4178 δὲ
1907 4123 2002 4179 τοῦ

421 4216 648 4279 δικαίου,
672 4215 963 4278 διαπαντὸς
992 4216 1130 4287 πρὸς
1153 4216 1245 4268 τὸν
1271 4215 1421 4268 Θεόν.

435 4308 586 4362 ἰδοὺ
612 4310 691 4374 ὡς
712 4308 1003 4377 ὀφθαλμοὶ
1032 4307 1270 4396 6025.22003-
1292 4310 1380 4373 εὶς
1408 4306 1610 4376 χεῖρας
1638 4306 1759 4360 τῶν
1785 4309 2004 4376 κιῬίων

1105 4395 1322 4432 auctor.

494 4470 913 4540 Εὑαγγελισθεὶς
940 4471 968 4522 ό
993 4470 1111 4535 νέος
1140 4470 1293 4543 παρὰ
1326 4470 1433 4524 τῶν
1464 4470 1848 4545 πρεσϐυτέρων
1877 4472 2004 4537 λαὸς

420 4563 507 4617 διὰ
546 4564 648 4635 τῆς
693 4564 800 4636 πρὸ
840 4564 1043 4635 ταύτης
1087 4564 1249 4635 ᾠδῆς,
1285 4566 1400 4619 Οὐκ
1444 4567 1530 4619 ἐπ’
1566 4566 1691 4621 ἄλλο
1716 4585 1787 4632 τι,
1815 4570 2000 4638 φησὶν,

2773 3377 2919 3431 caelo.
3026 3436 3033 3447 ι

2176 3486 2311 3555 Quia
2345 3490 2544 3543 ctehtm
2576 3491 2802 3544 thronus
2834 3490 2925 3543 Dei
2962 3500 3067 3556 est,
3103 3490 3307 3546 idcirco
3338 3492 3427 3546 hic
3454 3492 3503 3547 in
3537 3492 3675 3548 cosio

2104 3577 2353 3633 habitare
2396 3581 2614 3634 dicitur.
2650 3579 2819 3636 Nemo
2862 3592 3040 3635 autem
3090 3582 3179 3651 qui
3233 3582 3285 3636 in
3345 3592 3488 3639 terra
3537 3601 3668 3652 epes

2104 3670 2367 3739 congerit,
2399 3672 2507 3726 Deo
2545 3673 2689 3726 dicet
2717 3690 2731 3727 :
2766 3674 2846 3725 Ad
2880 3683 2928 3725 te
2961 3673 3124 3725 levavi
3171 3675 3349 3728 oculos
3382 3691 3551 3747 .meos,
3587 3679 3677 3743 qui

2104 3760 2308 3815 habitas
2337 3763 2392 3815 in
2419 3762 2546 3816 coelo
2573 3779 2591 3816 :
2628 3779 2881 3829 namque,
2909 3766 2998 3817 ubi
3030 3767 3305 3820 thesaurus
3352 3774 3497 3831 tuus,
3524 3769 3592 3819 ibi
3627 3780 3674 3822 et

2104 3868 2195 3905 cor
2244 3863 2388 3906 tuum
2434 3855 2534 3907 erit
2567 3854 2609 3908 ⁸.
2661 3854 2806 3926 Ergo
2856 3856 3161 3926 insipientis
3233 3857 3470 3913 hominis
3531 3863 3670 3913 oculi

2108 3951 2267 3997 terra:
2297 3943 2643 4013 superﬁciem
2688 3954 2955 4014 spectant,
2989 3945 3068 4000 vel
3103 3946 3249 4000 aliud
3286 3948 3502 4016 quidvis
3546 3966 3678 4001 cun-

2106 4035 2346 4105 cupitum
2376 4054 2391 4090 :
2435 4053 2556 4090 nam
2597 4047 2654 4091 et
2687 4038 2971 4095 mulierem
3004 4041 3335 4109 quandoque
3370 4041 3584 4110 aspicit,
3621 4055 3675 4094 ut

2104 4142 2224 4181 eam
2270 4129 2638 4197 concupiscat.
2684 4129 2822 4187 Justi
2867 4143 3043 4186 tamen
3075 4132 3312 4186 hominis
3340 4132 3479 4186 oculi
3510 4133 3674 4186 Deum

2106 4232 2321 4287 semper
2351 4230 2617 4287 spectant.

2108 4308 2270 4363 Vens.
2299 4310 2358 4366 2.
2388 4309 2520 4365 Ecce
2549 4313 2683 4393 sicut
2732 4314 2870 4366 oculi
2917 4331 3185 4368 seruorum
3221 4316 3274 4368 in
3307 4315 3548 4370 manibus
3580 4320 3677 4371 do-

2598 4399 2861 4436 mtnorum
2907 4400 3142 4437 ειιονιιηι.

2178 4468 2435 4523 Eruditus
2460 4485 2488 4522 a
2515 4472 2820 4527 senioribus
2848 4488 3021 4528 novus
3048 4474 3276 4543 populus
3309 4476 3361 4529 in
3395 4478 3675 4545 superiore

2106 4560 2333 4627 psalmo,
2367 4559 2424 4613 In
2459 4561 2629 4628 nulla,
2657 4563 2851 4632 inquit,
2874 4579 2931 4619 re
2949 4580 3095 4630 spem
3120 4568 3347 4631 colloco,
3380 4568 3483 4623 nisi
3514 4569 3566 4622 in
3604 4582 3674 4633 te,

424 4653 645 4720 ἐλπίζω,
690 4654 722 4725 ἢ
755 4655 845 4706 ἐπὶ
885 4656 944 4708 σὲ
975 4655 1065 4707 τὸν
1105 4656 1204 4708 οὐκ
1232 4658 1291 4709 ὲν
1322 4659 1388 4728 τῇ
1436 4656 1586 4710 κάτω
1627 4657 1996 4729 Ἰερουσαλὴμ,

2108 4650 2199 4717 qui
2240 4664 2345 4703 non
2375 4650 2686 4707 inferiorem
2737 4651 3062 4720 Jerusalem,
3107 4657 3200 4710 sed
3257 4657 3536 4711 caelestem
3592 4660 3676 4712 iu-

420 4744 534 4797 ἀλλ’
564 4748 621 4798 ὲν
652 4745 868 4816 οὐρανῷ
894 4745 1253 4801 κατοικοῦντα
1278 4764 1289 4776 ·
1336 4748 1515 4818 μόνοις
1544 4749 1601 4802 δὲ
1630 4749 1787 4803 τοῦτο
1824 4750 2003 4819 λέγειν

423 4835 682 4906 ἁρμόττει
719 4838 832 4899 τοῖς
881 4835 1319 4905 ἀπηλλαγμένοις
1366 4840 1765 4909 αἰχμαλωσίας,
1811 4843 1905 4895 καὶ
1942 4840 2004 4894 τὸ

419 4927 520 4996 τῆς
546 4926 723 4997 ψυχῆς
746 4926 1053 4999 διορατικὸν
1076 4930 1426 5000 ἐρρωμένοις·
1449 4931 1626 5002 ψυχῆς
1646 4932 1702 4985 δὲ
1723 4932 2002 5004 ὀφθαλμὸς

420 5017 532 5069 ἄνω
559 5017 656 5086 μὲν
687 5015 849 5084 ὁρῶν,
877 5017 1165 5085 ὠφελεῖται
1189 5035 1202 5047 ο
1233 5018 1384 5072 κάτω
1428 5019 1505 5083 δὲ,
1537 5019 1855 5089 βλάπτεται.

958 5108 1252 5163 ΨΑΛΜΟΣ
1286 5112 1455 5164 ΡΚΓν.

537 5195 642 5250 Ἐν
668 5196 747 5263 τῷ
777 5199 1191 5269 ἐπανωτῆναι
1221 5202 1569 5269 ἀνθρώπους
1595 5203 1688 5272 ἐφ’
1719 5203 1893 5273 ἡμᾶς.

497 5289 560 5341 0i
596 5291 890 5361 φήσαντες,
937 5290 1233 5358 Ἐλέησον
1278 5291 1453 5360 ἡμᾶς,
1497 5293 1693 5360 Κύριε,
1740 5292 2004 5361 ἐλέησον

421 5383 602 5453 ἡμᾶς,
620 5385 714 5438 νῦν
742 5386 819 5451 ὼς
850 5385 1281 5447 ὲπακουσθέντες
1310 5384 1689 5456 εὐχαριστοῦσι
1705 5384 1844 5454 Θεῷ·
1862 5384 1931 5437 τὰ
1945 5385 2002 5437 δὲ

424 5474 669 5545 παρόντα
688 5474 994 5529 διδάσκεται
1012 5475 1193 5543 λέγειν
1209 5477 1237 5529 ὁ
1256 5475 1579 5546 διορατικὸς,
1597 5474 1688 5528 τὸν
1710 5476 1842 5527 Θεὸν
1866 5475 2005 5544 ἔχων

424 5567 530 5638 πρὸ
568 5565 895 5637 ὀφθαλμῶν·
936 5568 1109 5630 οὕτως
1142 5568 1252 5639 γὰρ
1300 5567 1516 5637 Ἰσραὴλ
1558 5566 1820 5620 ἐπινίκιον
1858 5565 1999 5637 ᾠδὴν

421 5659 500 5729 τῷ
548 5656 809 5727 νικοποιῷ
865 5658 1157 5729 προσάγων
1199 5656 1353 5727 Θεῷ·
1400 5657 1712 5710 διδάσκουσι
1761 5656 1817 5709 δὲ
1873 5660 1999 5721 τοὺς

498 5840 738 5899 ‘Matth.
795 5857 870 5906 vr,
916 5840 1005 5895 2|.
1086 5842 1106 5873 '
1148 5840 1288 5896 Psal.
1340 5860 1506 5907 cxxtt,
1554 5844 1606 5897 5.

2110 4744 2265 4799 colis.
2300 4745 2380 4798 Ab
2414 4745 2481 4798 iis
2510 4758 2691 4799 autem
2718 4750 3093 4802 tantummodo
3115 4750 3230 4803 haec
3256 4750 3360 4804 diei
3400 4750 3557 4805 decet
3584 4753 3675 4821 qui

2106 4836 2368 4891 servitute
2414 4848 2535 4890 sunt
2568 4839 2823 4906 expediti,
2855 4840 3136 4909 validaque
3175 4842 3370 4895 animae
3408 4841 3599 4898 visuali
3628 4843 3680 4897 \i

2106 4935 2232 4979 sunt
2256 4924 2487 4993 praediti.
2534 4925 2704 4983 Porro
2725 4930 2918 4984 anima:
2946 4930 3133 4984 oculus
3154 4931 3199 4985 si
3218 4945 3428 4985 sursum
3448 4941 3677 5000 spectet.

2105 5017 2246 5072 bene
2277 5016 2348 5069 illi
2372 5027 2487 5084 est;
2521 5019 2603 5073 sin
2636 5020 2916 5087 deorsum,
2949 5022 3329 5077 detrimentum
3350 5024 3571 5092 patitur.

2600 5111 2921 5169 PSALMUS
2947 5113 3182 5169 CXXIII.

2106 5203 2271 5258 Vsus.
2320 5204 2374 5258 2.
2428 5202 2560 5258 Cum
2594 5215 2926 5273 exsurgerent
2972 5207 3206 5260 homines
3239 5207 3519 5259 adversum
3561 5220 3674 5260 nos.

2178 5294 2280 5361 Qui
2314 5297 2586 5362 dixerant,
2616 5297 2866 5353 Miserere
2909 5299 3097 5362 nostri,
3142 5298 3394 5359 Domine,
3432 5297 3680 5349 miserere

2106 5387 2347 5452 nostri';
2397 5405 2541 5443 nunc
2577 5403 2678 5444 ceu
2728 5391 2985 5458 precibus
3045 5390 3160 5443 suis
3207 5388 3427 5453 auditis,
3477 5389 3680 5458 gratias

2105 5478 2215 5533 Deo
2245 5489 2430 5549 agunt.
2468 5480 2593 5534 Haec
2628 5490 2807 5534 autem
2836 5480 3017 5535 dicere
3061 5481 3283 5534 docetur
3332 5479 3495 5534 homo
3560 5495 3683 5547 pcr-

2107 5571 2314 5640 spicas,
2333 5572 2421 5641 qui
2441 5572 2606 5627 Deum
2621 5574 2826 5628 scilicet
2839 5570 3129 5641 pmoculis
3149 5572 3328 5627 habet.
3348 5571 3438 5627 Sic
3459 5574 3602 5626 enim
3622 5582 3682 5625 sc

2108 5664 2271 5718 habet
2285 5663 2446 5720 Israel
2463 5664 2836 5735 triumphalem
2856 5665 3111 5737 hymnum
3127 5664 3236 5719 Deo
3250 5665 3488 5720 victoriae
3505 5663 3680 5722 datez‘i
