4138 6404
491 385 562 441 15
1194 381 1461 439 EUSEBII
1499 382 1967 442 CESARIENSIS
2004 386 2154 443 OPP.
2189 386 2373 445 PARS
2408 390 2497 446 ΙΙΙ.
2533 422 2604 433 -
2640 392 3051 452 EKEGETICA.
3666 402 3755 462 ιε·

489 503 805 557 concinens.
831 502 1002 558 Porro
1028 504 1100 558 ita
1129 505 1372 560 seniores
1392 505 1588 561 docent
1608 508 2057 573 adolescentulos,
2088 518 2123 572 Α

2094 518 2135 572 Α
2163 510 2318 576 νέους
2340 513 2392 566 οι
2431 514 2817 584 γεγηρακότες,
2857 518 2952 570 καὶ
2981 518 3032 570 οἱ
3065 517 3306 589 μαθηταὶ
3332 519 3695 576 ὑπακούουσιν
3712 539 3728 554 ·

488 596 579 663 qni
621 595 1010 665 discipulorum
1043 595 1214 649 instar
1245 598 1575 652 auscultant.
1616 598 1801 655 lsraeli
1848 611 2055 665 autem,

2173 600 2389 673 Ἰσραὴλ
2424 602 2481 656 δὲ
2513 604 2607 657 τοῦ
2659 606 2873 676 ἔχοντος
2908 609 2968 661 ἐν
3007 609 3183 679 ἑαυτῷ
3223 609 3316 663 τὸν
3349 610 3501 673 Θεὸν.
3535 613 3597 666 τὸ
3636 613 3730 668 δύο

490 690 656 743 Dcum
704 689 841 741 intra
896 702 955 742 se
1001 688 1322 755 possidenti,
1363 689 1543 745 dicere
1597 691 1892 762 congruit:
1931 690 2055 745 Nisi

2157 689 2348 743 νασθαι
2372 690 2569 761 λέγειν·
2585 695 2655 747 El
2674 695 2761 764 μὴ
2790 694 2877 748 ὅτι
2904 698 3116 765 Κύριος
3140 695 3219 769 ἦν
3242 699 3313 752 ἐν
3332 701 3496 770 ἡμῖν.
3542 703 3730 759 Τοιοῦ-

487 779 744 851 Dominus
818 778 1004 847 [uisset
1067 780 1120 831 in
1179 781 1349 836 nobis.
1418 780 1736 852 Hujusmodi
1785 792 1904 836 eral.
1954 784 2055 839 sub

2153 795 2245 844 τος
2274 776 2342 851 ἦν
2373 783 2402 834 6
2440 782 2545 836 ὑπὸ
2588 786 2866 850 Μωῡσέως
2900 788 3193 858 γενόμενος
3249 789 3484 863 Ἰσραὴλ,
3524 786 3568 862 ᾧ
3615 795 3732 850 ἐλέ-

486 871 671 939 Moyse
747 868 908 924 Israel
940 910 956 937 ,
1022 870 1108 925 cui
1177 872 1515 927 dicebatur:
1571 870 1704 939 Sile,
1755 882 1805 927 et
1873 875 2051 939 audi,

2153 888 2279 940 γετο
2297 888 2310 901 ·
2340 872 2558 938 Σιώπα,
2581 877 2679 929 καὶ
2706 875 2910 941 ἄκουε,
2952 877 3221 947 Ἰσραήλ’
3251 883 3350 935 καὶ
3376 884 3593 950 Κύριος
3618 899 3727 938 πο-

484 960 678 1016 Israel.
726 961 983 1017 Dominus
1043 980 1138 1032 pro
1184 965 1327 1018 vobis
1377 967 1664 1036 pugnabit,
1702 978 1748 1019 et
1804 981 1890 1019 vos
1929 966 2055 1020 sile-

1880 984 1890 1018 ι
1929 966 2055 1020 sileo
2151 960 2401 1031 λεμήσει
2434 963 2586 1032 ὑπὲρ
2611 965 2800 1034 ὑμῶν,
2835 967 2935 1021 καὶ
2963 968 3133 1037 ὑμεῖς
3162 969 3514 1040 σιγήσεσθε.

484 1055 607 1108 bilis
639 1053 680 1106 ⁸.

658 1146 818 1201 Vens.
848 1145 903 1201 5.
937 1144 1189 1202 Fortasse
1214 1149 1354 1203 vivos
1399 1148 1738 1219 deglutissent
1766 1166 1880 1208 nos.

1806 1167 1880 1208 os.
2437 1145 2576 1211 Ἄρα
2605 1142 2826 1213 ζῶντας
2849 1146 2927 1202 ἂν
2948 1148 3234 1204 κατέπιον
3262 1148 3440 1220 ἡμᾶς.

548 1235 890 1291 Calamitatis
926 1246 1159 1305 tempus,
1186 1240 1434 1307 quamvis
1458 1239 1532 1293 sit
1560 1240 1871 1303 vehemens,
1903 1239 2049 1295 nibi-

2220 1232 2329 1285 Καὶ
2379 1234 2407 1286 6
2446 1237 2828 1306 περιστατικὸς
2868 1237 2925 1291 δὲ
2972 1238 3181 1310 καιρὸς,
3233 1242 3282 1293 εί
3326 1241 3421 1294 καὶ
3472 1240 3722 1314 σφοδρὸς,

480 1326 717 1382 lotninus
746 1328 1008 1380 torrentis
1043 1327 1216 1382 instar
1258 1329 1423 1384 breve
1451 1339 1557 1383 est.

2147 1325 2285 1379 ἀλλὰ
2314 1327 2612 1399 χειμάρρου
2645 1328 2800 1402 δίκην
2836 1330 3213 1404 ὀλιγοχρόνιος.

759 1416 919 1471 Vens.
951 1416 1003 1472 6.
1036 1417 1352 1474 Benedictus
1378 1420 1654 1486 Dominus,
1692 1430 1800 1480 etc.

1730 1430 1800 1480 lc.
2504 1420 2851 1489 Εὐλογητὸς
2875 1424 3111 1492 Κύριος,
3150 1441 3205 1479 κ.
3231 1441 3282 1478 τ.
3316 1425 3364 1480 λ.

547 1512 724 1580 Quem
750 1524 880 1565 vero
905 1510 1128 1566 laudare
1154 1513 1480 1583 bymnisque
1513 1515 1795 1571 celebrare
1834 1524 2047 1583 oporte-

2218 1507 2327 1560 Καὶ
2344 1509 2466 1562 τίνα
2495 1511 2739 1580 εὐλογεῖν
2772 1514 2864 1568 καὶ
2892 1515 3079 1585 ὑμνεῖν
3112 1515 3221 1569 ἔδει
3259 1516 3353 1570 ἐπὶ
3374 1516 3451 1587 τῷ
3478 1518 3552 1590 μὴ
3581 1518 3722 1574 ἀλῶ-

475 1602 590 1666 bat,
616 1609 900 1674 propterea
953 1602 1093 1667 quod
1116 1603 1309 1671 praeda:
1330 1620 1436 1660 non
1464 1602 1723 1661 fuerimus
1737 1607 2045 1664 hominibus

2145 1614 2232 1652 ναι
2267 1602 2381 1665 τοῖς
2441 1601 2788 1674 βουλομένοις
2834 1605 3043 1670 ζῶντας
3080 1613 3369 1662 καταπιεῖν
3417 1612 3565 1682 ἡμᾶς
3620 1613 3719 1667 άν-

475 1697 566 1767 qui
603 1696 872 1766 deglutire
897 1711 995 1751 nos
1020 1695 1297 1761 volebant,
1331 1697 1433 1752 nisi
1471 1697 1753 1753 Dominum
1779 1699 1871 1770 qui
1902 1699 2044 1769 apud

2144 1689 2403 1761 θρώποις,
2434 1693 2466 1765 ἢ
2497 1694 2587 1748 τὸν
2630 1696 2954 1767 Κύριοντὸν
2980 1698 3108 1752 ὅντα
3132 1701 3191 1753 ὲν
3221 1702 3385 1772 ἡμῖνς
3422 1703 3485 1754 Ol
3524 1702 3616 1755 ἐπὶ
3657 1702 3721 1758 τὸ

476 1801 576 1841 nos
610 1786 738 1840 est?
774 1785 968 1855 Utique
996 1785 1070 1840 illi
1102 1787 1169 1841 ad
1206 1798 1488 1855 capturam
1522 1800 1760 1843 nostram
1799 1802 2040 1856 ruentes,
2076 1843 2110 1862 ,,

2081 1843 2116 1862 ἢ
2144 1780 2406 1853 θηρεῦσαι
2436 1784 2582 1854 ἡμᾶς
2608 1786 2973 1858 ὁρμήσαντες,
3004 1789 3090 1843 ἵνα
3128 1792 3513 1859 καταφάγωσιν
3548 1793 3715 1862 ἡμᾶς,

475 1885 533 1930 ιιι
562 1890 660 1928 nos
685 1843 1030 1938 devora'rent,
1071 1875 1298 1929 consilia
1349 1890 1448 1930 sua
1500 1878 1727 1946 exsequi
1770 1879 1911 1933 baud
1948 1894 2043 1948 po—
2076 1843 2109 1898 Β

2084 1843 2117 1898 Β
2142 1843 2662 1944 οὺ”δεδύνηνταινὼς
2678 1843 2972 1932 ’ἔσπευδονΙ
2993 1880 3253 1934 διαθεῖναι
3269 1843 3292 1911 Ἰ

477 1971 718 2019 tuerunt.
771 1961 1091 2030 Exasperati
1140 1963 1285 2017 enim
1338 1966 1544 2019 crudeli
1592 1969 1775 2024 animo
1830 1968 2038 2034 leones,

2143 1964 2250 2037 γάρ
2282 1966 2331 2019 oi
2355 1965 2636 2038 ὼμόθυμοι
2674 1968 2885 2034 λέοντες
2911 1974 3025 2035 τοῖς
3055 1971 3265 2025 ὀδοῦσιν
3302 1973 3480 2026 αὐτῶν
3517 1973 3715 2045 θηρεῦ-

471 2054 726 2110 dentibus
754 2054 867 2108 suis
892 2069 991 2109 nos
1021 2069 1217 2124 capere
1246 2054 1514 2121 avebant;
1542 2058 1637 2112 sed
1671 2068 1848 2113 tamen
1874 2076 2039 2127 scopo

2142 2072 2231 2110 σαι
2266 2058 2412 2128 ἡμᾶς
2452 2058 2754 2130 ἐγλίχοντο-
2802 2061 2918 2115 ἀλλ’
2955 2063 3055 2116 οὐκ
3097 2064 3361 2134 ἐπέτυχον
3408 2063 3502 2117 τοῦ
3546 2081 3716 2118 σπου-

471 2159 574 2200 suo
604 2144 766 2215 poliri
797 2144 1177 2215 nequiverunt,
1210 2145 1350 2199 haud
1375 2161 1473 2200 nos
1504 2146 1609 2202 illis
1641 2148 1887 2204 tradente
1931 2151 2037 2205 Do»

2137 2148 2454 2220 δαξομένου,
2497 2150 2571 2223 μὴ
2612 2151 2793 2216 δόντος
2826 2155 2975 2223 ἡμᾶς
3013 2153 3110 2207 τοῦ
3144 2155 3348 2227 Κυρίου
3370 2171 3383 2184 ·
3409 2153 3468 2208 δν
3499 2156 3593 2208 καὶ
3621 2156 3714 2209 εὐ-

460 2239 618 2317 ,ηιίηο
649 2255 663 2291 :
694 2237 780 2291 cui
810 2240 975 2291 etiam
1002 2236 1393 2295 benedicimus.
1421 2237 1512 2307 qui
1542 2254 1640 2294 nos
1670 2254 1700 2293 a
1733 2233 2037 2299 furentibus

2137 2239 2400 2311 λογοῦμεν
2452 2242 2757 2312 ῥυσάμενον
2803 2244 2951 2314 ἡμᾶς
2996 2244 3103 2297 ἀπὸ
3147 2242 3255 2297 τῶν
3309 2245 3545 2313 φονικῶν
3592 2243 3715 2298 καθ’

456 2329 719 2385 Jtost’ibtts
741 2326 999 2382 liberavit.

2138 2329 2293 2401 ἡμῶν
2318 2331 2689 2387 διατεθέντων.

954 2418 1272 2476 PSALMUS
1308 2417 1545 2475 CXXlV.

1531 2461 1545 2475 .
2667 2425 2960 2479 ΨΑΛΜΟΣ
2988 2427 3156 2480 ΡΚΔ’.

750 2510 910 2566 Vens.
942 2511 995 2567 2.
1033 2510 1234 2566 Montes
1265 2513 1321 2567 in
1361 2514 1586 2566 circuitu
1616 2514 1752 2583 ejus.

1616 2514 1752 2583 ejus.
2616 2517 2756 2584 Ὅρη
2788 2518 2990 2581 κύκλῳ
3014 2517 3226 2585 αὐτῆς.

524 2603 659 2660 Ἠεεε
691 2603 845 2658 aiunt
877 2606 965 2674 qui
1008 2605 1164 2675 longa
1200 2619 1421 2659 emensa
1461 2604 1544 2657 via
1589 2606 1660 2659 ad
1696 2606 2034 2661 materialem

2206 2605 2393 2660 Ταῦτά
2434 2623 2600 2676 φασιν
2645 2609 2695 2660 oi
2740 2607 2884 2678 μετά
2928 2609 3028 2679 τὴν
3065 2608 3284 2680 μακρὰν
3329 2610 3714 2675 ἐπανελθόντες

444 2695 760 2753 Jerusalem
802 2696 1003 2751 reversi
1049 2705 1209 2763 sunt,
1262 2711 1358 2750 ceu
1401 2694 1515 2761 jam
1558 2695 1611 2749 in
1664 2705 1779 2751 tuto
1824 2697 2033 2751 consti-

2134 2696 2441 2769 ὁδοιπορίαν
2488 2700 2580 2752 ἐπὶ
2610 2698 2709 2771 τὴν
2750 2698 3016 2771 αἰσθητὴν
3074 2700 3451 2773 Ἰερουσαλὴμ,
3499 2703 3575 2767 ὡς
3608 2703 3712 2776 ήδη

465 2789 587 2856 tuti,
620 2803 719 2844 uec
750 2797 855 2842 tam
881 2791 997 2843 loco
1026 2803 1187 2859 quam
1216 2787 1412 2843 ﬁducia
1443 2803 1570 2859 erga
1604 2787 1893 2842 Dominum
1918 2788 2034 2843 ala-

2135 2787 2319 2841 λοιπδν
2362 2790 2421 2841 ὲν
2453 2790 2721 2862 ἀσφαλείᾳ
2769 2792 3072 2862 γενόμενοι,
3102 2793 3165 2845 οὐ
3215 2792 3292 2865 τῷ
3333 2796 3502 2863 τόπῳ,
3542 2798 3609 2865 τῇ
3655 2796 3711 2849 δὲ

446 2895 621 2945 ιεγεικ
655 2880 799 2949 quod
825 2895 952 2934 sane
981 2881 1176 2935 melius
1206 2888 1290 2934 est
1315 2894 1479 2950 quam
1513 2879 1663 2933 urbis
1693 2878 2029 2935 Hierusalem

2134 2879 2456 2951 πεποιθήσει
2502 2880 2596 2934 τοῦ
2638 2882 2845 2953 Κυρίου
2898 2881 3249 2954 θαρροῦντες*
3296 2884 3429 2958 δηδὴ
3464 2889 3711 2959 κρεῖττον

452 2972 749 3029 ’ἰιιεοιοιιιε.
772 2970 1044 3027 Praeterea
1080 2970 1301 3026 ubinam
1338 2970 1533 3024 melius
1564 2986 1627 3025 se
1674 2970 1900 3027 haberet
1935 2988 2032 3041 po-

2130 2973 2226 3026 τοῦ
2254 2979 2527 3030 κατοικεῖν
2577 2977 2965 3049 Ἰερουσαλήμο
3003 2979 3099 3031 καὶ
3134 2979 3257 3031 ἐπεὶ
3314 2978 3473 3032 τοῦτο
3492 2980 3571 3049 (5)
3605 2980 3709 3033 ποῦ

456 3063 657 3133 pulus?
698 3063 832 3118 Nam
867 3062 1041 3119 locum
1067 3064 1285 3132 quidem
1311 3063 1670 3118 circumstare
1704 3074 1913 3121 montes
1941 3066 2028 3121 bic

2134 3066 2396 3136 κρείττων
2444 3063 2513 3139 ἦν
2554 3070 2583 3121 6
2627 3067 2788 3133 λαός;
2830 3068 2923 3122 τοῦ
2974 3070 3074 3141 μὲν
3121 3069 3287 3123 τόπου
3339 3070 3439 3142 ὅρη
3493 3070 3709 3140 λέγεται

460 3157 751 3225 dicuntur;
800 3156 981 3228 populi
1023 3165 1229 3222 autem,
1276 3157 1432 3225 cujus
1457 3171 1621 3212 causa
1658 3158 1826 3212 etiam
1874 3157 2027 3214 locus
2053 3193 2094 3253 α

2072 3193 2098 3253 3
2132 3161 2343 3233 κύκλῳο
2389 3161 2487 3216 τοῦ
2520 3162 2577 3215 δὲ
2617 3161 2769 3230 λαοῦ,
2802 3162 2868 3217 δι’
2902 3162 2960 3215 δν
2995 3165 3089 3217 καὶ
3126 3164 3155 3216 6
3193 3163 3355 3227 τόπος
3396 3165 3706 3236 τετίμηται,

449 3248 782 3313 honoratur,
816 3265 938 3304 vere
966 3248 1114 3305 Deus
1143 3258 1225 3304 est
1268 3259 1474 3316 custos,
1501 3250 1772 3321 simulque
1820 3251 1948 3320 loci,
1979 3256 2023 3309 si
2064 3248 2083 3253 ⁷

2073 3248 2096 3253 ”
2130 3251 2298 3316 ὅντως
2329 3254 2359 3307 6
2382 3252 2535 3317 Θεὸς,
2573 3253 2603 3307 6
2636 3254 2731 3307 καὶ
2759 3252 2852 3307 τὸν
2883 3253 3047 3307 τόπον
3077 3253 3380 3323 φυλάττων,
3428 3254 3518 3308 ὅτε
3557 3254 3707 3321 ἄξιος

460 3345 619 3397 modo
648 3342 872 3412 populus
901 3343 1094 3411 dignus
1125 3341 1307 3397 fuerit.

699 3342 872 3412 npulus
901 3343 1094 3411 dignus
1125 3341 1307 3397 fuerit.
2128 3343 2157 3395 6
2189 3342 2333 3406 λαός.

562 3433 719 3487 Vsus.
751 3431 804 3488 5.
850 3432 1085 3513 Abducet
1125 3431 1381 3513 Dominus
1417 3447 1540 3487 cunt
1591 3436 1931 3503 operantibus
2142 3433 2196 3487 ‘A

1065 3511 1417 3571 iniquitatem.

2142 3432 2382 3499 Ἀπάξει
2434 3434 2648 3503 Κύριος
2719 3434 2887 3560 μεὶῖ
2886 3434 3057 3574 "11$?-
3122 3434 3523 3505 ἐργαζομένων
3590 3435 3710 3505 τὴν

534 3589 768 3647 Verbum
800 3591 1020 3645 abducet
1046 3590 1139 3646 hic
1170 3591 1442 3662 signiﬁcat
1477 3594 1683 3660 tradet;
1713 3609 1907 3667 nempe
1934 3599 2028 3653 ab-

2202 3594 2276 3648 T6
2317 3595 2553 3661 ἀπάξει,
2591 3596 2650 3649 τὸ
2672 3596 3011 3665 παραδώσει
3043 3597 3218 3668 δηλοῖ·
3239 3600 3319 3663 είς
3348 3599 3445 3672 τὴν
3460 3597 3705 3669 ἀκαθαρ-

458 3684 617 3738 ducet
646 3684 697 3737 in
731 3684 1128 3738 immunditiam
1155 3699 1314 3752 quam
1346 3684 1451 3739 sibi
1487 3685 1786 3753 elegerunt,
1819 3687 1871 3741 in
1900 3704 2028 3758 pas-

2130 3687 2249 3740 σίαν
2287 3690 2353 3758 ῆν
2386 3687 2607 3753 εἴλοντο,
2641 3689 2720 3753 εἰς
2773 3688 2920 3761 πάθη
2951 3707 3012 3744 τε
3056 3692 3281 3763 ἀτιμίας
3317 3694 3410 3747 καὶ
3451 3692 3708 3764 ἀδόκιμον

455 3779 634 3834 siones
670 3778 985 3850 ignominiae
1020 3777 1415 3849 reprobatnque
1455 3788 1724 3844 mentem,
1758 3789 1819 3835 ut
1863 3791 2028 3851 agant

1406 3792 1415 3832 ι
1455 3788 1724 3844 mentem,
1758 3789 1819 3835 ut
1863 3791 2028 3851 agam
2126 3777 2271 3841 νοῦν,
2307 3780 2478 3831 ποιεῖν
2511 3778 2579 3830 τὰ
2606 3778 2680 3849 μὴ
2710 3778 3040 3849 καθήκοντα.

455 3890 573 3944 qua:
604 3875 824 3929 minime
848 3883 1084 3945 oportet.
1838 3876 1846 3884 “

948 3965 1072 4020 PSA
1084 3966 1268 4023 LMUS
1315 3966 1528 4023 CXXV.

1522 4010 1528 4023 _
2656 3958 2951 4012 ΨΑΛΜΟΣ
2984 3947 3156 4013 PKE'.

457 4054 616 4111 Vens.
649 4056 701 4110 1.
726 4054 857 4109 Cum
890 4068 1203 4110 converteret
1233 4055 1485 4110 Dominus
1507 4058 1859 4126 captivitatem
1875 4056 2023 4112 Sion.

2140 4048 2235 4101 Ἐν
2250 4048 2328 4115 τῷ
2348 4048 2702 4119 ἐπιστρέψαι
2725 4052 2945 4119 Κύριον
2963 4050 3077 4119 τὴν
3099 4051 3515 4120 αἰχμαλωσίαν
3538 4050 3703 4105 Σιών.

522 4150 765 4218 Apostoli
799 4149 1170 4203 vaticinantnr
1197 4148 1311 4202 haec
1344 4150 1413 4202 de
1444 4163 1503 4203 se
1534 4149 1737 4203 dictum
1776 4149 1842 4203 iri
1870 4158 1922 4205 et
1962 4151 2029 4202 de

2197 4141 2262 4193 Οἱ
2307 4142 2592 4195 ἀπόστολοι
2641 4142 2814 4197 ταῦτα
2861 4142 3296 4214 προφητεύονται
3346 4142 3521 4207 λέξειν
3575 4145 3705 4213 περὶ

449 4244 736 4311 gentibus;
788 4242 982 4297 deinde
1032 4257 1124 4296 res
1154 4250 1447 4296 eventuras
1501 4241 1696 4295 semini
1745 4250 1800 4294 et
1841 4239 2026 4295 messi.

2127 4234 2333 4288 ἑαυτῶν
2363 4234 2585 4290 καὶτῶν
2614 4236 2671 4289 ὲν
2700 4237 2812 4297 τοῖς
2843 4234 3044 4297 ἔθνεσι,
3080 4234 3175 4286 καὶ
3208 4234 3346 4303 μετά
3373 4233 3545 4287 ταῦτα
3572 4236 3707 4289 ἀπο-

450 4333 608 4389 Certe
640 4333 861 4388 Davidis
897 4343 1141 4403 tempore
1167 4332 1311 4387 nulla
1345 4331 1636 4402 captivitas
1660 4330 1798 4399 fuit;
1831 4346 2025 4401 quam-

2128 4325 2407 4394 φανεῖσθαι
2438 4329 2567 4399 περί
2597 4326 2798 4397 σπόρου
2832 4325 2925 4378 καὶ
2958 4323 3245 4393 θερισμοῦ·
3278 4324 3417 4378 κατὰ
3452 4327 3577 4391 τοὺς
3608 4324 3703 4379 τοῦ

452 4427 642 4481 obrem
675 4426 741 4480 de
777 4425 1006 4494 spiritali
1046 4424 1283 4479 fortasse
1328 4438 1511 4479 sermo
1547 4432 1651 4477 est.
1697 4421 1851 4477 Alius
1882 4424 2026 4478 dicet

2126 4419 2287 4473 Δαϐιδ
2314 4420 2538 4492 χρόνους
2570 4419 2670 4471 οὐκ
2696 4413 2762 4489 ἧν
2795 4420 2828 4489 ἡ
2864 4416 3211 4489 αἰχμαλωσία
3233 4433 3248 4447 ο
3280 4415 3422 4487 τάχα
3453 4413 3546 4471 οὖν
3579 4419 3706 4491 περὶ

450 4521 565 4574 Ιιωο
595 4518 911 4587 prophetiae
943 4496 1242 4584 signiﬁcari
1277 4515 1481 4570 futura.
1510 4512 1715 4584 Nempe
1750 4514 2020 4583 aliquanta
2055 4529 2084 4584 ε

2073 4530 2099 4583 )
2126 4513 2227 4584 τῆς
2255 4512 2451 4584 νοητῆς
2473 4510 2650 4564 ταῦτά
2678 4526 2840 4581 φησιν
2861 4527 2872 4539 ·
2898 4512 3014 4581 ὲρεῖ
3029 4509 3085 4561 δὲ
3117 4509 3295 4572 ἀλλος,
3325 4510 3407 4562 ὃτι
3440 4527 3707 4582 προφητι-

447 4610 785 4680 captivorum
822 4623 948 4680 pars
983 4605 1257 4677 Babylone
1306 4606 1504 4672 redux,
1569 4613 1885 4675 recuperata
1925 4602 2018 4659 Je-

2126 4604 2238 4667 κῶς
2263 4604 2325 4656 τὸ
2358 4602 2547 4674 μέλλον
2582 4601 2834 4673 δηλοῦται
2862 4602 2981 4674 (5⁵).
3001 4633 3068 4641 -
3089 4600 3267 4673 Μέρος
3294 4617 3347 4652 τι
3376 4600 3475 4671 τῆς
3502 4603 3707 4672 αἰχμα-

449 4703 705 4766 rusalem,
746 4703 813 4756 de
861 4701 928 4755 iis
960 4701 1051 4770 qui
1085 4699 1354 4770 Babylone
1401 4704 1798 4763 remanserant,
1843 4696 2019 4751 canti-

2126 4695 2327 4759 λωσίας
2356 4695 2649 4749 ὲπανελθὸν
2673 4694 2782 4748 ἀπὸ
2808 4695 2908 4766 τῆς
2940 4694 3279 4761 Βαϐυλῶνος,
3311 4695 3403 4748 καὶ
3432 4694 3704 4747 ἀπολαῦον

444 4811 569 4850 cum
602 4796 703 4849 hoc
738 4810 842 4848 non
880 4793 1000 4847 sine
1026 4793 1167 4846 bona
1201 4790 1610 4860 esspectatione
1650 4790 1761 4844 Deo
1786 4789 2015 4844 extollit.

2126 4791 2224 4863 τὴν
2264 4792 2638 4864 Ἰερουσαλὴμ,
2676 4790 2801 4861 περὶ
2833 4790 2940 4843 τῶν
2986 4788 3397 4860 ἀπομεινάντων
3440 4789 3497 4840 ὲν
3531 4787 3707 4841 Βαϐυ-

442 4887 610 4941 Aiuut
628 4901 757 4956 ergo
787 4884 1022 4939 nondum
1052 4897 1211 4938 suum
1236 4881 1494 4953 gaudium
1510 4894 1631 4935 esse
1656 4880 2018 4951 completum;

2127 4881 2256 4935 λῶνι
2283 4882 2381 4953 τὴν
2410 4883 2775 4954 προκειμένην
2803 4881 2945 4954 ᾠδὴν
2969 4881 3054 4934 ἐπ’
3086 4880 3319 4949 ἀγαθαῖς
3363 4878 3706 4951 προσδοκίαις

442 4982 561 5047 fore
592 4991 797 5045 autem,
832 4993 956 5033 cum
987 4975 1241 5031 universa
1265 4976 1414 5029 natio
1451 4988 1521 5028 ex
1566 4974 1751 5030 hostili
1800 4972 2022 5043 regione

2129 4974 2442 5045 ἀναπέμπει
2464 4989 2482 5008 ο
2526 4976 2661 5042 φασι
2702 4973 2759 5026 δὲ
2781 5014 2796 5036 ,
2832 4975 2912 5027 ὅτι
2940 4972 3093 5026 οὔπω
3133 4972 3231 5043 μὲν
3260 4970 3481 5033 τελείως
3507 4968 3577 5022 τά
3605 4969 3705 5037 τῆς

443 5076 512 5128 ad
544 5073 821 5143 propriam
868 5070 1107 5124 redierit.
1161 5067 1312 5122 Hanc
1351 5066 1609 5122 nimirum
1647 5065 1750 5121 loci
1798 5077 2019 5119 senten-

2104 5065 2402 5137 ⁸ἡμετέρας
2432 5068 2609 5137 χαρᾶς
2645 5067 3031 5137 πεπλήρωται’
3065 5064 3221 5117 ἔσται
3249 5061 3305 5115 δὲ
3339 5060 3497 5114 τοῦτο
3528 5060 3617 5114 ὅτε
3647 5059 3706 5111 τὸ

446 5168 574 5220 tiam
606 5163 801 5234 reliqui
826 5163 1149 5229 interpretes
1185 5160 1421 5215 sistunt:
1459 5174 1583 5213 nam
1611 5173 1733 5228 pro,
1763 5155 1893 5224 [acti
1924 5170 2020 5207 su-

2129 5157 2237 5208 πᾶν
2279 5154 2431 5221 ἔθνος
2468 5156 2581 5210 ἀπὸ
2620 5157 2716 5226 τῆς
2767 5156 3027 5225 πολεμίας
3071 5154 3163 5207 ἐπὶ
3211 5153 3310 5223 τὴν
3357 5150 3562 5205 οἰκείαν
3604 5149 3705 5218 γῆν

442 5275 559 5314 onus
581 5260 716 5313 sicut
756 5256 1050 5319 consolati,
1093 5252 1434 5309 concorditer
1465 5266 1657 5307 omnes
1696 5250 1885 5302 aiunt:
1930 5247 2019 5316 [α-

2124 5249 2395 5321 ὲπανέλθῃ
2414 5266 2427 5279 ·
2454 5250 2657 5322 ταύτην
2685 5250 2742 5303 δὲ
2770 5252 2867 5322 τὴν
2897 5249 3136 5303 διάνοιαν
3169 5246 3499 5317 παρίστησιν
3533 5242 3567 5312 ἡ
3598 5240 3706 5294 τῶν

441 5351 515 5405 cti
536 5366 719 5403 sumus
757 5350 903 5419 quasi
934 5348 1289 5410 somniantes;
1325 5360 1429 5400 non
1462 5354 1644 5397 autem
1677 5355 1807 5394 vera
1853 5339 2018 5393 liber-

2124 5340 2326 5395 λοιπῶν
2354 5342 2617 5414 ἑρμηνεία
2640 5359 2653 5372 ·
2671 5343 2792 5395 ἀντὶ
2820 5342 2926 5413 γὰρ
2951 5340 3067 5404 τοῦ,
3091 5335 3460 5408 ἐγενήθημεν
3494 5334 3572 5399 ὡς
3597 5350 3706 5402 πᾳ·

437 5452 608 5499 atem
672 5449 915 5498 nostram
960 5441 1169 5496 visione
1230 5446 1557 5506 spectantes.
1621 5431 1793 5487 Porro
1842 5430 2016 5484 instar

2113 5432 2570 5500 ρακεκλημένοι,
2590 5432 2892 5503 συμφώνως
2925 5432 2975 5484 οἱ
2995 5431 3194 5493 πάντες
3229 5428 3411 5498 φασὶν,
3425 5425 3706 5497 ἐγενήθη-

439 5550 584 5591 verae
610 5509 1017 5603 perspicuaeque
1040 5529 1264 5586 visionis
1285 5529 1388 5585 erit
1417 5527 1599 5582 laetitia
1629 5532 1839 5589 nostra,
1866 5529 2015 5592 post~

2116 5539 2233 5590 μεν
2259 5524 2339 5589 ὡς
2373 5525 2878 5595 ἐνυπνιαζόμενοι,
2903 5522 3017 5577 ἀλλ’
3052 5524 3151 5593 οὐχ
3190 5520 3339 5591 ὕπαρ
3362 5518 3461 5591 τὴν
3488 5515 3704 5571 ἐλευθε-

524 5630 547 5661 ⁶
581 5629 751 5685 Esod.
784 5643 897 5697 xw,
938 5627 1028 5682 14.

514 5728 590 5799 (ὅ)
647 5725 801 5799 Ἐπεὶ
830 5723 1058 5799 τοῦτο..
1117 5723 1391 5790 Interpres
1436 5718 1637 5799 legisse
1686 5715 1921 5799 videtur
1951 5714 2044 5799 επ),

2214 5714 2315 5799 (ξδ’)
2352 5710 2654 5799 Nonnullis
2670 5709 2934 5799 Patribu's‘
2940 5750 2955 5773 ,
2993 5710 3092 5799 qui
3111 5705 3698 5799 graduali‘utnhqupq-ue

442 5780 646 5869 «064.2...
696 5798 779 5852 vel
823 5798 918 5848 ἐπὶ
968 5791 1220 5858 τούτοις,
1267 5780 1326 5845 ut
1377 5799 1432 5845 et
1485 5780 1754 5845 sententia
1809 5788 2045 5858 postulat

2144 5780 2475 5853 psalmorum
2533 5793 2815 5869 uictorem
2896 5780 3154 5838 Davidem
3225 5780 3703 5836 existimaverunt,

448 5850 608 5925 lists:
634 5850 646 5863 ’
710 5850 751 5852 ἡ
1164 5850 1176 5853 ⁷
1207 5850 1218 5858 ’
1810 5850 1825 5858 ’
2147 5850 2294 5912 nunc
2330 5857 2560 5912 addatur
2587 5850 2873 5909 Eusebius.
