4138 6400
384 348 450 403 Π
1513 333 2015 392 COMMENTARIA
2056 330 2123 387 IN
2164 328 2503 385 PSALMOS.
3570 318 3637 373 18

382 471 505 536 ρίαν
535 466 689 538 ἡμῶν
735 464 1159 535 φανταζόμενοι·
1197 461 1348 514 ἔσται
1386 460 1438 513 δὲ
1483 459 1630 531 ὕπαρ
1664 458 1759 511 καὶ
1808 459 1967 527 ἐναρ-

2078 470 2236 521 quam
2273 451 2464 519 reliqui
2517 459 2729 518 quoque
2773 443 2968 496 fratres
3019 440 3187 495 nostri
3242 455 3270 492 a
3324 438 3639 508 captivitate

379 559 483 629 τὴς
500 555 653 627 ἡμῶν
677 557 709 626 ὴ
730 554 893 625 χαρὰ,
916 554 1134 607 ἐπειδὰν
1162 552 1255 604 καὶ
1282 552 1331 603 οἱ
1359 550 1537 602 λοιποί
1562 547 1719 619 ἡμῶν
1743 546 1962 615 ἀδελφοὶ

380 648 490 703 ἀπὸ
530 648 627 716 τῆς
668 644 1046 716 αἰχμαλωσίας
1098 640 1484 696 ἐπανέλθωσιν·
1542 641 1625 708 ἐφ’
1669 632 1712 705 ᾧ
1754 639 1848 691 καὶ
1892 636 1963 690 τά

382 738 507 810 ἔθνη
548 735 912 810 μακαριοῦσιν
947 736 1115 806 ἡμᾶς,
1141 734 1218 797 ὡς
1244 733 1352 787 ἴδια
1378 732 1510 803 μέλη
1541 731 1957 802 κομισαμένους·

383 830 442 884 ἓν
468 830 577 901 γὰρ
603 829 663 882 τὸ
688 828 849 899 σῶμα
881 827 990 881 τῶν
1022 826 1364 897 σωζομένων.

569 919 706 972 Τότε
736 918 1014 984 ἐπλήσθη
1048 915 1237 983 χαρᾶς
1264 913 1331 966 τὸ
1366 914 1561 981 στόμα
1596 909 1785 979 ἡμῶν.

453 1009 594 1070 Τοὺς
621 1007 886 1076 λέγοντας
919 1010 994 1080 (4)
1026 1009 1094 1061 τὰ
1135 1008 1255 1061 θεῖα
1302 1008 1386 1076 ἐφ’
1422 1003 1503 1069 οἷς
1549 1003 1761 1076 καρπός
1805 1003 1965 1058 πνεύ-

387 1115 575 1168 ματος,
616 1099 759 1170 χαρὰ
807 1100 918 1161 τοῖς
965 1099 1254 1150 ἀκούουσιν
1286 1098 1345 1150 τὸ
1395 1096 1492 1167 μὲν
1539 1096 1711 1166 στόμα
1758 1088 1965 1163 γίνεται

385 1193 479 1244 καὶ
521 1192 813 1263 ἐπληρώοη
865 1192 1073 1261 χαρᾶς,
1123 1192 1154 1260 ἡ
1204 1190 1261 1242 δὲ
1310 1189 1530 1257 γλῶσσα
1570 1187 1964 1255 ἀγαλλιάσεως,

383 1284 475 1351 ἀφ’
505 1276 579 1336 ὧν
616 1286 699 1353 ῥεῖ
727 1282 869 1352 χαρά
897 1283 989 1334 καὶ
1018 1280 1368 1349 ἀγαλλίασις·
1408 1280 1613 1333 τούτων
1644 1280 1701 1332 δὲ
1748 1278 1965 1350 γινομέ-

384 1393 512 1438 νων,
542 1376 592 1427 οί
622 1374 729 1427 ἀπὸ
762 1374 868 1426 τῶν
908 1372 1076 1425 ἐθνῶν
1110 1372 1481 1443 διδασκόμενοι
1514 1370 1968 1441 λέγουσιν·⁴Εμε-

384 1466 579 1534 γὰλυνε
629 1466 831 1537 Κύριος
871 1464 965 1518 τοῦ
1008 1464 1231 1534 ποιῆσαι
1283 1465 1399 1535 μετ’
1435 1462 1647 1517 αὐτῶν·
1693 1462 1788 1515 καὶ
1839 1462 1967 1533 περὶ

386 1556 595 1610 ἑαυτῶν
626 1557 681 1609 δέ
705 1574 865 1625 φασιν
886 1554 1351 1627 εὐχαριστοῦντες·
1372 1554 1734 1623 Ἐμεγάλυνε
1752 1557 1968 1622 Κύριος

385 1647 495 1702 τοῦ
511 1646 759 1716 ποιῆσαι
781 1648 909 1716 μεθ’
926 1646 1113 1715 ἡμῶν·
1162 1645 1499 1716 ἐγενήθημεν
1528 1645 1962 1717 εὐφραινόμενοι.

397 1740 530 1793 Ἐπί
556 1738 654 1810 μὲν
670 1738 787 1791 τῶν
811 1737 1092 1806 ποταμῶν
1109 1734 1470 1800 Βαϐυλῶνος
1486 1736 1849 1804 ἐκαθίσαμεν
1869 1735 1968 1788 καὶ

2071 545 2271 599 fuerint
2318 542 2543 599 reversi.
2587 542 2759 606 Quam
2815 550 2928 589 rem
2978 543 3165 605 gentes
3217 545 3433 600 quoque
3484 527 3638 582 nobis

2069 636 2505 707 gratulabuntur,
2536 648 2633 688 ceu
2684 631 2775 701 qui
2818 630 3059 682 membra
3114 633 3296 679 nostra
3347 635 3637 688 recupera—

2069 731 2325 784 verimus.
2370 726 2549 783 Unum
2589 724 2789 795 quippe
2819 721 3150 775 salvatorum
3195 714 3473 769 hominum
3515 725 3639 766 cor-

2072 839 2170 893 pus
2202 832 2305 875 est.

2136 912 2298 965 Vens.
2337 910 2392 964 ‘2.
2427 906 2571 962 Tunc
2608 905 2857 975 repletum
2892 914 2963 957 est
2998 900 3190 970 gaudio
3229 914 3284 951 os
3318 904 3593 949 nostrum-

2145 1006 2367 1067 Eorum,
2399 1002 2489 1071 qui
2519 999 2703 1054 divina
2728 998 3076 1066 eloquuntur,
3116 995 3166 1046 in
3194 992 3391 1060 quibus
3419 990 3639 1056 spiritus

2075 1101 2280 1156 fructus
2313 1105 2419 1161 est,
2449 1094 2703 1165 gaudium
2735 1088 3080 1145 audientibus
3106 1094 3256 1138 creat
3288 1098 3350 1137 os
3383 1081 3638 1152 jucundi-

2077 1202 2186 1247 tate
2218 1187 2546 1249 redundans,
2580 1193 2635 1239 et
2669 1182 2849 1249 lingua
2881 1176 3072 1231 dillluit
3099 1174 3481 1230 exsultatione.
3510 1170 3639 1236 Quae

2073 1297 2194 1337 cum
2245 1279 2358 1332 lieri
2396 1284 2585 1346 gentes
2629 1278 2999 1342 cognoscunt,
3034 1266 3226 1320 aiunt:
3280 1261 3640 1333 Magniﬁcavit

2076 1371 2339 1426 Dominus
2387 1366 2568 1419 facere
2612 1377 2734 1416 cum
2767 1360 2866 1414 eis.
2903 1357 3015 1410 lmo
3056 1364 3110 1410 et
3152 1355 3218 1409 de
3259 1369 3317 1409 se
3347 1353 3475 1422 ipsis
3515 1366 3637 1406 cum

2074 1457 2370 1527 gratiarum
2435 1450 2649 1505 actione
2695 1447 2924 1502 dicunt:
2975 1444 3333 1513 Magniﬁcauit
3384 1442 3639 1495 Dominus

2076 1550 2247 1619 facere
2290 1547 2596 1607 nobiscum;
2633 1541 2861 1609 ideoque
2912 1539 3072 1592 laetati
3121 1551 3327 1592 sumus.
3370 1533 3439 1587 Et
3484 1549 3640 1603 super

2074 1643 2297 1711 ﬂumina
2329 1638 2546 1708 quidem
2578 1635 2862 1706 Babylonis
2902 1631 3090 1699 (Judaai
3119 1627 3387 1697 inquiunt)
3415 1627 3641 1681 sedimus

2076 1749 2138 1785 ac
2168 1732 2407 1801 ﬂeuimus
2435 1731 2495 1795 ";
2530 1744 2655 1784 cum
2682 1736 2864 1782 autem
2898 1724 3040 1778 Deus
3072 1722 3315 1791 captivos
3344 1719 3641 1783 revocavit,

383 1831 800 1898 ἐκλαύσαμεν·
842 1831 899 1883 ὲν
947 1828 1003 1881 δὲ
1047 1827 1124 1898 τῷ
1150 1826 1475 1896 ἐπιστρέψαι
1508 1826 1599 1879 τὸν
1630 1825 1834 1896 Κύριον
1872 1826 1970 1897 τὴν

2078 1822 2327 1890 repletum
2358 1831 2435 1876 est
2468 1821 2664 1891 gaudio
2695 1835 2750 1872 as
2791 1828 3023 1871 nostrum
3048 1814 3086 1866 ⁸.
3121 1811 3336 1867 Similes
3366 1825 3525 1879 porro
3562 1810 3640 1862 lo-

384 1922 780 1993 αίχμαλωσίαν,
810 1919 1088 1987 ἐπλήσθη
1122 1917 1311 1990 χαρᾶς
1359 1919 1423 1972 τὸ
1467 1919 1661 1988 στόμα
1690 1918 1967 1987 ἡμῶν(5)’

398 2014 592 2068 Ἐπὰν
619 2012 962 2083 ποιήσωμεν
992 2010 1072 2075 τῷ
1110 2012 1358 2079 στόματι
1402 2009 1688 2079 φυλακήν
1708 2026 1721 2040 ·
1770 2010 1865 2062 καὶ
1889 2009 1970 2069 τὸ,

385 2106 583 2174 Στόμα
614 2105 846 2158 δικαίου
894 2100 1123 2174 μελετᾷ
1172 2103 1429 2171 σοφίαν·
1490 2102 1584 2154 καὶ
1626 2102 1707 2163 τὸ,
1748 2102 1975 2169 Ἀνοιγε

386 2198 502 2249 σόν
547 2199 762 2266 στόμα,
817 2196 978 2265 λέγει
1038 2196 1213 2260 Θεός·
1262 2193 1600 2265 καὶιὸμοια·
1662 2193 1733 2247 Τὸ
1782 2195 1976 2262 στόμα

386 2286 555 2355 ἡμῶν
574 2288 799 2357 ἀνέῳγε
820 2287 972 2354 πρὸς
992 2283 1169 2353 ὑμᾶς,
1196 2285 1488 2352 Κορίνθιοι
1506 2301 1521 2315 ·
1549 2284 1669 2337 τότε
1690 2282 1976 2354 ἀληθεύον-

387 2394 479 2441 τες
506 2380 749 2448 φήσομεν
766 2394 779 2406 ·
805 2378 940 2429 Τότε
962 2374 1239 2443 ἐπλήσθη
1263 2375 1453 2444 χαρᾶς
1477 2374 1544 2427 τό
1567 2376 1759 2442 στόμα
1784 2372 1971 2443 ἡμῶν.

389 2470 500 2524 Καὶ
533 2472 648 2539 μετ’
684 2469 860 2537 ὀλίγα·
915 2467 1084 2521 Ὲπάν
1122 2468 1178 2520 δὲ
1236 2467 1561 2537 φυλάξωμεν
1583 2466 1680 2529 τὰς
1707 2466 1859 2529 ὁδοὺς
1880 2465 1973 2518 τοῦ

393 2562 466 2630 μὴ
501 2560 856 2630 ἁμαρτάνειν,
883 2558 1003 2611 τότε
1052 2557 1472 2630 πληρωθήσεται
1499 2559 1531 2629 ἡ
1566 2556 1788 2626 γλῶσσα
1817 2557 1974 2627 ἡμῶν

387 2650 794 2719 ἀγαλλιάσεως·
835 2648 1079 2721 ἐπλήσθη
1123 2649 1178 2700 δὲ
1232 2650 1409 2719 χαρᾶς
1460 2648 1554 2700 καὶ¹
1602 2646 1662 2699 τὸ
1708 2645 1973 2699 Φίλιπποι)

390 2745 584 2815 στόμα,
634 2745 722 2797 ὅτε
759 2742 975 2809 ἀνοίξας
1019 2742 1081 2795 τὸ
1111 2742 1284 2812 στόμα
1318 2740 1504 2806 αὐτοῦ,
1543 2742 1635 2794 καὶ
1672 2739 1976 2812 ἀρξάμενος

389 2837 497 2890 ἀπὸ
519 2835 632 2900 τοῦ,
677 2836 772 2900 Ὡς
796 2836 1093 2903 πρόϐατον
1112 2832 1212 2886 ἐπὶ
1240 2832 1489 2902 σφαγὴν
1526 2831 1707 2900 ἤχθη,
1741 2832 1975 2901 εὐηγγε-

389 2929 575 2981 λίσατο
601 2926 691 2980 τὸν
733 2924 937 2997 Ἰησοῦν
965 2926 1043 2996 τῷ
1073 2924 1312 2995 εὐνούχῳ
1339 2924 1577 2976 Αἰθίοπι.

492 3018 857 3089 Ἑμεγπάλυνε
886 3021 1099 3087 Κύριος
1122 3017 1231 3071 τοῦ
1261 3016 1512 3085 ποιῆσαι
1530 3018 1660 3085 μεθ’
1691 3014 1878 3084 ἡμῶν.

471 3110 753 3181 Ἀνωτέρω
789 3109 886 3179 μὲν
908 3108 983 3172 ὡς
1009 3108 1108 3178 ήδη
1144 3107 1480 3178 ἐπιστροφῆς
1510 3104 1617 3158 ἀπὸ
1645 3105 1745 3175 τῆς
1775 3106 1977 3175 αἰχμα-

2072 1918 2319 1972 cutiones
2352 1923 2513 1970 sunt:
2562 1911 2695 1967 Cum
2738 1927 2987 1981 ponemus
3037 1909 3117 1962 ori
3174 1905 3469 1961 custodiam
3490 1907 3532 1969 °;
3566 1914 3643 1968 et,

2076 2007 2149 2063 03
2173 2008 2309 2076 justi
2336 2007 2620 2060 meditatur
2654 2004 2969 2071 sapientiam
2995 2001 3067 2052 ‘°:
3093 2009 3170 2067 et,
3200 1998 3355 2067 Aperi
3391 2013 3447 2050 os
3477 2006 3642 2056 tuum,

2075 2099 2203 2151 dicit
2236 2097 2489 2151 Dominus
2512 2097 2585 2160 “;
2624 2096 2836 2163 aliaque
2861 2090 3163 2158 hujusmudi
3190 2088 3407 2152 :veluti,
3450 2086 3520 2139 Os
3553 2101 3647 2136 nc-

2074 2201 2241 2244 strum
2269 2197 2409 2258 patet
2434 2188 2502 2241 ad
2531 2204 2642 2249 vos,
2667 2185 2926 2239 Corinthii
2953 2187 3016 2238 “.
3049 2184 3183 2237 Tum
3214 2196 3340 2235 vere
3364 2180 3640 2233 dicemus:

2078 2282 2225 2335 Tunc
2251 2282 2502 2349 repletum
2530 2289 2605 2333 est
2638 2278 2833 2348 gaudio
2869 2294 2925 2331 os
2956 2286 3209 2330 nostrum.
3245 2272 3311 2325 Et
3344 2270 3529 2340 paucis
3564 2270 3646 2321 in-

2078 2375 2323 2444 terjectis
2345 2393 2358 2428 :
2381 2373 2516 2428 Cum
2553 2370 2971 2427 custodierimus
2994 2370 3111 2421 vias
3146 2374 3382 2427 nostras,
3411 2377 3475 2416 ne
3509 2362 3647 2417 forte

2077 2482 2400 2535 peccemus,
2442 2475 2573 2520 tunc
2605 2464 2784 2533 lingua
2833 2471 3017 2515 nostra
3064 2458 3359 2529 replebitur
3406 2452 3644 2510 exsulta-

2080 2560 2247 2617 tione.
2278 2558 2489 2613 Gaudio
2524 2569 2739 2625 quoque
2771 2551 3001 2623 Philippi
3039 2566 3101 2606 os
3138 2548 3483 2610 redundavit,
3521 2561 3646 2599 cum

2076 2651 2207 2705 illud
2246 2649 2517 2719 aperiens,
2551 2647 2917 2716 incipiensque
2940 2658 2970 2698 a
2997 2643 3177 2697 verbis
3212 2640 3339 2705 illis,
3375 2638 3646 2708 Tanquam
3712 2706 3719 2709 _

2078 2743 2185 2796 ovis
2238 2743 2308 2795 ad
2347 2741 2661 2794 occisionem
2705 2737 2895 2791 ductus
2950 2745 3027 2791 est
3075 2736 3136 2798 ",
3165 2732 3346 2788 Jesunt
3400 2731 3650 2785 eunucho

2078 2834 2317 2904 :Ethiopi
2340 2831 2729 2902 evangelizavit
2758 2830 2846 2882 ιδ’.

2114 2927 2283 2983 Vens.
2314 2926 2367 2979 5.
2408 2923 2772 2994 Magniﬁcavit
2818 2920 3073 2974 Dominus
3108 2918 3281 2987 facere
3320 2916 3609 2969 nobiscum.

2151 3017 2413 3089 Superius
2457 3031 2557 3071 ceu
2598 3025 2720 3085 post
2764 3012 2992 3067 reditum
3048 3026 3076 3064 a
3119 3009 3470 3080 captivitate,
3520 3006 3647 3060 dicti

2085 3111 2237 3166 fuere
2278 3110 2386 3163 duo
2426 3107 2702 3162 versiculi.
2746 3105 2897 3161 Nunc
2930 3114 3182 3171 tanquam
3220 3100 3396 3154 adhuc
3446 3099 3499 3151 in
3555 3112 3649 3151 ca-

389 3201 593 3264 λωσίας
637 3200 952 3271 γινομένης,
1008 3198 1254 3269 εἴρηνται
1296 3199 1345 3250 οἱ
1392 3196 1486 3249 δύο
1529 3196 1733 3266 στίχοι·
1793 3194 1890 3249 νῦν
1917 3194 1973 3247 δὲ

2087 3205 2337 3271 ptivitate
2363 3203 2637 3265 detentus,
2666 3200 2784 3254 haec
2811 3199 2883 3253 ait
2907 3196 3210 3266 Propheta;
3245 3204 3402 3248 antea
3430 3190 3648 3261 quidem

389 3293 466 3356 ὡς
500 3291 580 3345 ἐτι
606 3294 665 3345 ὲν
694 3284 1039 3361 αἰχμαλωσίᾳ
1063 3288 1161 3352 ὢν,
1201 3287 1374 3341 ταῦτὰ
1402 3303 1567 3356 φησιν
1596 3288 1624 3340 ὁ
1660 3286 1973 3357 Προφήτης,

390 3382 452 3435 τὸ
481 3383 579 3453 μὲν
592 3382 853 3454 πρότερον
871 3378 1249 3451 προφητεύων,
1276 3375 1593 3450 οἷμαι,περὶ
1616 3377 1725 3431 τῶν
1754 3378 1980 3431 ἀποστό-

390 3473 521 3537 λων,
556 3472 618 3526 τδ
647 3473 703 3527 δὲ
734 3472 984 3545 δεύτερον
1012 3473 1077 3524 ὲκ
1107 3470 1400 3542 προσώπου
1426 3470 1600 3539 λέγων
1631 3469 1738 3523 τῶν
1772 3469 1941 3523 ἐθνῶν
1960 3486 1974 3499 ·

389 3564 499 3619 τῶν
515 3564 623 3636 γὰρ
643 3567 700 3619 ἐν
715 3566 826 3628 τοῖς
849 3563 1057 3617 ἐθνεσίν
1077 3564 1224 3617 ἐστιν
1252 3563 1321 3617 τὰ
1337 3563 1444 3617 ἀπὸ
1473 3560 1592 3625 τοῦ,
1625 3559 1980 3630 Ἐμεγάλιινε

391 3658 607 3724 Κύριος
636 3657 743 3711 τοῦ
782 3657 1032 3725 ποιῆσαι
1068 3659 1198 3726 μεθ’
1223 3656 1414 3727 ἡμῶν,
1454 3657 1560 3721 ἕως
1605 3656 1723 3722 τοῦ,
1753 3657 1834 3722 ὡς
1862 3672 1980 3724 χει-

387 3749 655 3820 μάῤῥους
685 3751 755 3803 ὲν
787 3749 871 3815 τῷ
902 3751 1073 3817 νότῳ.

456 3842 873 3910 Ἑπίστρεψον,
903 3844 1110 3910 Κύριε,
1136 3840 1252 3909 τὴν
1280 3840 1698 3911 αἰχμαλωσίαν
1736 3836 1921 3906 ἡμῶν.

476 3931 808 3995 ’Δκολούθως
835 3930 932 3985 καὶ
957 3929 1131 3985 ταῦτα
1163 3930 1515 4001 προσέθηκαν
1555 3932 1668 3992 τοῖς
1700 3925 1939 3999 πρώτοις
1962 3942 1975 3955 ·

396 4024 457 4076 οὐ
484 4022 592 4091 γὰρ
619 4021 1091 4093 ἀναισθητοῦντες,
1112 4022 1266 4091 φησι,
1284 4021 1381 4092 τῆς
1411 4023 1489 4084 εἰς
1517 4021 1664 4091 ἡμᾶς
1696 4019 1797 4089 ήδη
1826 4034 1981 4086 γενο-

400 4113 568 4184 μένης
600 4112 937 4184 εὐεργεσίας,
980 4113 1153 4167 ταῦτά
1185 4129 1389 4182 φαμεν,
1420 4110 1533 4164 ἀλλ’
1563 4107 1975 4180 ὁμολογοῦντες,

394 4205 474 4257 ὅτι
504 4204 718 4275 μεγάλα
765 4204 865 4275 μὲν
900 4203 1121 4274 ἐποίησε
1168 4202 1285 4274 μεθ’
1330 4201 1487 4274 ήμῶν
1513 4202 1541 4253 ὁ
1576 4200 1728 4265 Θεὸς,
1760 4200 1853 4253 καὶ
1880 4198 1979 4270 ήδη

394 4298 698 4368 γεγόναμεν
748 4299 807 4350 ὲν
862 4298 1202 4371 εὐφροσύνῃ·
1247 4296 1390 4350 οὕτω
1435 4297 1494 4351 δὲ
1546 4295 1782 4367 ἔχοντες,
1832 4295 1983 4363 ὅμως

395 4388 535 4460 ὑπὲρ
568 4389 675 4441 τῶν
711 4388 1055 4442 καταλοίπων
1091 4388 1267 4459 μελῶν
1296 4387 1453 4459 ἡμῶν
1480 4385 1714 4458 δεόμεθα
1743 4385 1837 4439 καὶ
1873 4386 1982 4437 ἱκε-

393 4480 624 4548 τεύομεν
648 4479 896 4548 λέγοντες
920 4497 933 4510 ·
982 4480 1400 4547 Ἐπίστρεψον,
1419 4479 1620 4546 Κύριε,
1640 4476 1755 4544 τὴν
1773 4477 1983 4544 αἰχμα-

2091 3297 2160 3352 de
2211 3294 2494 3363 apostolis,
2535 3303 2594 3347 ut
2642 3302 2793 3363 puto,
2829 3291 3130 3345 vaticinans
3155 3330 3169 3351 ,
3194 3286 3385 3342 deinde
3423 3298 3550 3337 vero
3582 3295 3651 3335 ex

2083 3388 2426 3442 ethnicorum
2465 3399 2694 3456 persona
2737 3384 2981 3451 loquens.
3030 3380 3276 3449 Namque
3308 3377 3652 3433 ethnicorum

2080 3483 2410 3546 suntverba,
2431 3495 2461 3533 a
2496 3478 2853 3548 Magniﬁcavit
2886 3476 3142 3530 Dominus
3157 3474 3331 3544 facere
3359 3464 3652 3530 nobiscum,

2081 3586 2254 3642 usque
2284 3571 2384 3638 ad,
2423 3572 2556 3624 sicut
2587 3581 2790 3625 torrens
2831 3573 2887 3623 in
2926 3576 3124 3623 austro.

2112 3840 2277 3893 VEns.
2308 3838 2362 3890 4.
2400 3836 2672 3898 Converte,
2705 3833 2943 3897 Domine,
2973 3830 3324 3898 captivitatem
3362 3836 3613 3879 nostram.

2152 3931 2525 3985 Consentanea
2548 3925 2976 3997 praecedentibus
2996 3925 3110 3978 haec
3124 3920 3476 3990 subiungunt.
3499 3916 3655 3970 llaud

2083 4021 2343 4092 equidem
2368 4020 2555 4077 collati
2595 4017 2753 4073 nobis
2781 4015 3029 4071 beneﬁcii
3057 4015 3400 4068 immemores
3429 4011 3541 4061 hmc
3575 4008 3656 4059 di-

2083 4120 2296 4180 cimus,
2332 4113 2426 4169 sed
2458 4112 2685 4182 grandia
2730 4111 3013 4165 nobiscum
3047 4106 3240 4161 fecisse
3270 4104 3436 4158 Deum
3482 4098 3657 4154 faten-

2084 4222 2187 4275 tes,
2218 4207 2413 4279 gaudio
2440 4203 2737 4259 efferimur.
2779 4200 2965 4254 Nihilo
3002 4206 3181 4252 tamen
3214 4196 3393 4249 minus
3433 4205 3530 4260 pro
3567 4205 3654 4243 re-

2082 4301 2248 4372 liquis
2273 4295 2552 4357 tmembris
2587 4291 2793 4347 nostris
2832 4302 3054 4343 oramus
3078 4330 3093 4353 ,
3148 4284 3532 4355 supplicesque
3572 4281 3658 4333 di-

2084 4395 2291 4449 cimus:
2320 4388 2593 4451 Converte,
2611 4384 2853 4447 Domine,
2876 4380 3233 4449 captivitatem
3262 4386 3520 4437 nostram,
3552 4374 3658 4426 sic-

2086 4496 2142 4539 ut
2173 4495 2375 4538 torrens
2404 4482 2459 4533 in
2489 4485 2696 4531 austro.
2723 4473 3034 4528 Absurdum
3073 4468 3218 4523 enim
3249 4468 3410 4531 foret,
3448 4467 3493 4521 si
3530 4466 3655 4519 dum

394 4569 627 4621 λωσίαν
658 4568 827 4639 ἡμῶν
851 4570 929 4635 ὡς
956 4568 1313 4639 χειμάρῤους
1345 4568 1416 4620 ἑν
1453 4565 1533 4632 τῷ
1562 4568 1715 4633 νότῳ
1734 4582 1747 4595 ·
1781 4566 1973 4618 ἄτοπον

2086 4574 2290 4632 ethnici
2327 4572 2523 4627 divinat
2572 4567 2776 4621 notitiae
2809 4563 3016 4632 ignari,
3062 4560 3408 4615 clementiam
3457 4558 3511 4612 in
3561 4570 3661 4609 nos

395 4660 504 4732 γὰρ
524 4662 650 4724 τοὺς
685 4662 785 4731 μὲν
811 4662 909 4732 τῆς
956 4661 1106 4724 θείας
1133 4660 1387 4730 γνώσεως
1431 4658 1851 4731 ἐστερημένους,
1880 4657 1978 4729 τὴν

394 4752 475 4815 είς
532 4754 678 4823 ἡμᾶς
739 4753 1111 4823 γεγενημένην
1163 4752 1574 4823 φιλανθρωπίαν
1632 4749 1974 4820 θαυμάζειν,

395 4844 542 4913 ἡμᾶς
562 4843 620 4897 δὲ
640 4844 767 4907 τοὺς
786 4845 884 4915 τῆς
900 4845 1182 4907 εὐσεϐείας
1224 4844 1611 4915 τετυχηκότας,
1655 4841 1977 4913 ἀχαριστίαν

396 4937 592 4989 νοσεῖν.

613 5030 677 5079 Οἱ
707 5027 1061 5096 σπείροντες
1091 5027 1162 5078 ἐν
1193 5026 1506 5094 δάκρυσιν,
1540 5042 1594 5077 κ.
1636 5041 1686 5076 τ.
1719 5023 1767 5075 λ.

476 5118 536 5170 'O
564 5118 802 5191 σπείρων
833 5122 892 5172 ὲν
918 5118 1172 5189 δάκρυσι,
1204 5120 1283 5181 είς
1306 5118 1366 5173 τὸ
1391 5116 1608 5187 πνεῦμα
1630 5115 1844 5186 σπείρει
1869 5111 1977 5165 τῶν

397 5208 487 5259 ἐπὶ
533 5212 645 5272 τοῖς
693 5209 921 5280 δάκρυσι
955 5210 1406 5281 μακαριζομένων
1427 5229 1438 5241 ·
1472 5212 1530 5263 ἐν
1560 5208 1876 5278 ἀγαλλιάσει
1920 5206 1977 5259 δὲ

399 5298 601 5370 θερίζει
630 5301 773 5373 ζωὴν
800 5302 1039 5369 αἰώνιον,
1069 5307 1097 5357 ό
1126 5304 1412 5373 τυγγάνων
1451 5303 1551 5375 ἤδη
1584 5301 1677 5354 τοῦ
1707 5300 1872 5370 γελᾷν
1900 5298 1978 5369 τῷ

396 5391 687 5461 πνεύματι.
704 5426 769 5435 -
785 5394 910 5457 Τοῖς
936 5398 1063 5466 περὶ
1085 5396 1192 5449 τῶν
1215 5393 1417 5448 λοιπῶν
1444 5392 1800 5464 αἰχμαλώτων
1826 5392 1980 5461 αἰτή-

399 5499 522 5537 σασι
558 5484 617 5536 τὸ
640 5485 789 5539 Θεῖον
805 5488 1160 5559 ἀποκρίνεται
1176 5488 1257 5551 τὸ,
1273 5486 1560 5555 Μακάριοι
1584 5488 1637 5538 οὶ
1658 5485 1977 5548 κλαίοντες

466 5594 485 5664 ’Ῐ
538 5593 576 5648 Ρ
611 5594 682 5649 al.
730 5611 968 5664 cxxxvt,
1007 5598 1054 5653 1.
1134 5599 1155 5630 ⁸
1200 5597 1345 5653 Psal.
1396 5613 1573 5660 csxv,
1620 5595 1675 5648 2.

473 5781 550 5850 (4)
584 5779 659 5837 Ita
687 5784 844 5839 codd.

2086 4668 2336 4723 collatam
2378 4662 2754 4720 admirantur,
2805 4670 2905 4709 nos
2941 4668 3129 4708 veram
3172 4650 3495 4719 religionem
3543 4662 3667 4702 sor-

2096 4757 2203 4821 titi,
2242 4751 2441 4826 ingrati
2469 4749 2633 4804 animi
2677 4747 2869 4801 morbo
2896 4743 3287 4797 laboraremus.

2251 5019 2416 5073 Vens.
2455 5016 2508 5069 5.
2544 5014 2647 5079 Qui
2685 5012 2944 5066 seminam
2981 5010 3038 5061 in
3065 5004 3338 5075 lact-ginis,
3380 5010 3484 5055 etc.

2156 5114 2257 5181 Qui
2288 5108 2521 5166 seminat
2552 5106 2605 5160 in
2636 5104 2912 5175 lacrymis,
2944 5099 3243 5155 secundum
3278 5094 3531 5163 spiritum
3568 5103 3658 5144 sa-

2087 5206 2258 5259 minat
2290 5202 2503 5257 illorum
2527 5197 2619 5268 qui
2648 5197 2719 5252 ob
2746 5196 3014 5265 lacrymas
3040 5189 3182 5246 beati
3207 5188 3497 5247 dicuntur;
3529 5194 3674 5235 cum-

2081 5296 2438 5352 exsultatione
2455 5300 2633 5347 autem
2658 5292 2822 5344 vitam
2844 5297 3100 5340 astet-nava
3113 5283 3299 5347 metit;
3324 5275 3521 5344 quippe
3543 5272 3657 5341 qui,

2083 5399 2141 5444 ut
2186 5388 2377 5456 spiritu
2430 5385 2637 5448 rideat,
2668 5381 2779 5451 jam
2828 5387 3153 5435 consecutus
3201 5383 3303 5427 est.
3340 5397 3407 5408 —
3443 5367 3509 5421 Iis
3566 5365 3659 5432 qui

2084 5493 2184 5549 pro
2217 5454 2443 5546 reliquis
2471 5475 2701 5545 captivis
2724 5479 2970 5532 orarunt,
3002 5469 3143 5523 Deus
3172 5460 3462 5531 respondet
3497 5454 3662 5510 etiam

400 5594 502 5696 ’,ξι
611 5594 682 5649 ³¹ο
730 5598 1083 5696 εκλικινι,¹ξ.¹
1134 5599 1155 5630 ⁸
1200 5595 1675 5696 Ρεει.ηοςχ¹ξ,Α2.
1768 5598 1788 5628 ⁹
1841 5594 1990 5696 Ρεοιὲ
2015 5607 2249 5658 xxxvm,
2284 5591 2341 5645 2.
2421 5590 2463 5620 ¹⁰
2498 5587 2643 5643 Psal.
2695 5601 2880 5651 xxxvi,
2930 5583 3020 5639 50.
3098 5579 3139 5611 ”
3175 5576 3319 5633 Psal.
3381 5570 3665 5638 unﬁt.

583 5680 645 5696 ""
709 5681 759 5696 ν·
1091 5687 1144 5696 nn
1207 5684 1304 5696 ....
1550 5672 1562 5688 ι
1638 5677 1686 5696 ,η
1755 5681 1846 5696 "In
1917 5666 1948 5696 π

466 5662 504 5717 ll
540 5667 663 5718 Cor.
709 5681 785 5731 vi,
824 5668 910 5722 11.
955 5662 1033 5701 ⁷¹³
1065 5669 1172 5726 lsa.
1206 5684 1326 5735 LIII,
1360 5668 1413 5721 7.
1498 5668 1562 5700 ¹³⁸
1586 5670 1710 5723 Act.
1755 5681 1884 5731 vui,
1917 5664 2012 5719 ‘55.

2156 5772 2235 5843 (5)
2267 5772 2431 5827 Deest
2467 5766 2690 5838 aliquid.
