4138 6408
496 277 566 334 10
1181 281 1448 340 EUSEBII
1483 283 1846 342 CESARIEN
1855 287 1958 344 SIS
1994 287 2037 345 Ο

2139 331 2145 345 .
2185 289 2361 346 PARS
2400 291 2491 349 111.
2533 323 2601 334 -
2634 293 3039 352 EXEGETICA.
3663 301 3734 358 20

496 398 590 453 illo
619 416 632 450 :
670 399 822 453 Beati
857 402 949 469 qui
978 401 1177 472 lugent,
1217 405 1341 474 quia
1372 403 1610 458 ridebunt
1637 406 1700 460 ¹¹⁵.
1729 407 1882 474 Quod
1933 411 1976 464 si
2021 411 2034 464 i

2165 411 2250 465 ὅτι
2283 414 2451 467 αὐτοὶ
2474 414 2858 483 γελάσονται·
2895 420 3032 489 ὅπερ
3055 420 3103 470 εἰ
3131 421 3446 488 ποιήσουσιν
3472 423 3520 474 οἰ
3538 424 3596 476 ἐν
3623 424 3732 479 Βα-

498 490 703 545 facient
738 492 832 561 qui
862 493 1130 564 Babylone
1161 495 1338 550 adhuc
1375 507 1522 562 sunt,
1563 500 1759 554 bonam
1789 516 1939 570 spem
1981 502 2037 557 lu

2161 501 2380 566 6υλῶνι,
2412 504 2620 572 ἀγαθὰς
2654 507 2872 572 ἐλπίδας
2917 508 2984 560 δι’
3013 503 3086 561 ὧν
3119 509 3360 563 κλαίουσι
3396 513 3730 584 σπείροντες,

497 583 673 647 geudo
717 592 962 637 serentes
987 621 1004 645 ,
1039 586 1292 650 gaudium
1345 596 1576 653 metent;
1631 589 1886 661 lacrymis
1925 608 2037 662 qua:

2160 593 2430 664 θεριοῦσιν
2483 596 2838 664 ἀγαλλίασιν·
2913 598 3034 651 ἀντὶ
3081 599 3330 670 δακρύων
3380 583 3537 672 ἅπερ
3575 603 3730 674 ἔσχον

500 671 752 726 fuderunt
773 688 1010 727 amorem
1044 676 1280 746 indepti,
1316 689 1370 732 et
1419 680 1620 734 reditus
1667 684 1918 752 gaudium
1968 701 2057 739 re-

389 821 397 830 _
498 764 730 831 cepturi.
762 764 830 819 Et
873 766 916 819 si
949 767 1164 834 quidem
1213 783 1436 838 germen
1469 772 1685 840 aliquod
1715 788 1855 829 verm
1891 776 2060 844 pieta-

499 855 570 908 tis
611 856 980 917 servaverint,
1044 858 1253 911 animas
1319 874 1447 914 suas
1493 861 1659 916 veluti
1713 863 2052 930 excolentes.

497 951 722 1006 multum
771 951 824 1005 in
875 953 1047 1007 reditu
1095 953 1330 1009 fructum
1393 957 1711 1026 percipient.
1763 958 1943 1028 Usque
1990 963 2056 1016 sd

497 1045 599 1098 hoc
637 1045 924 1113 septimum
957 1045 1230 1100 canticum
1261 1086 1278 1110 ,
1311 1047 1378 1103 de
1407 1049 1634 1117 captivis
1675 1049 1873 1106 Judznis
1918 1055 2058 1108 vati-

493 1135 635 1189 cinia
663 1134 902 1192 fuerunt.

978 1225 1298 1284 PSALMUS
1327 1229 1558 1284 CXXVI.

563 1314 868 1370 Secundum
918 1317 1236 1375 llebraicam
1279 1321 1572 1376 editionem
1620 1338 1918 1396 omnesque
1970 1329 2052 1382 iu-

491 1414 780 1471 terpretes,
809 1421 1047 1476 praesens
1097 1411 1369 1465 canticum
1409 1410 1714 1470 Salomonis
1739 1429 1824 1472 est
1863 1419 2048 1487 (sicuti

486 1495 577 1548 alii
617 1497 741 1550 aliis
765 1496 1132 1553 inscribuntur
1163 1505 1476 1560 auctoribus
1507 1507 1748 1579 psalmi),
1779 1513 1924 1577 quod
1962 1513 2050 1568 di-

484 1595 628 1638 ctum
669 1587 766 1641 fuit
791 1601 856 1643 eo
889 1599 1125 1659 tempore
1153 1607 1261 1659 quo
1285 1595 1542 1665 templum
1571 1598 1876 1655 aedificavit.
1913 1601 2046 1658 Nam

484 1691 604 1729 cum
640 1675 814 1732 Judaei
863 1680 932 1734 ob
959 1681 1077 1747 ejus
1103 1682 1313 1738 aedilicii
1365 1686 1558 1742 molem
1599 1688 1754 1744 valde
1795 1694 2042 1761 superbi-

2157 681 2530 753 ἀγαπώμενοι,
2556 684 2828 756 δεξόμενοι
2858 687 2955 758 τὴν
2978 689 3077 758 τῆς
3100 689 3358 742 ἐπανόδου
3387 691 3562 763 χαράν
3587 709 3600 722 ·
3637 695 3732 748 καὶ

2157 775 2204 826 εἰ
2235 773 2352 828 τότε
2379 775 2552 846 βραχύ
2581 793 2635 830 τι
2668 779 2887 850 σπέρμα
2911 779 3217 844 θεοσεϐείας
3247 781 3561 850 ἐφύλαττον,
3594 785 3730 838 ἀλλὰ

2156 864 2253 927 τὰς
2269 865 2473 920 ἐαυτῶν
2496 868 2614 921 ἐκεῖ
2638 868 2814 938 ψυχὰς
2829 872 3265 940 γεωργήσαντες,
3298 872 3523 937 πολλοὺς
3558 877 3727 928 ἐπαν-

2160 957 2326 1021 ιόντες
2353 960 2558 1012 οἴσουσι
2615 961 2741 1024 τοὺς
2771 963 3035 1032 καρπούς.
3071 964 3250 1035 Μέχρι
3277 964 3374 1034 τῆς
3411 966 3460 1029 ζ’
3488 965 3632 1036 ᾠδῆς
3659 968 3726 1020 τὰ

2157 1046 2418 1116 περὶτῶν
2458 1050 2524 1101 ἐκ
2571 1051 2867 1121 περιτομῆς
2902 1051 3262 1120 αἰχμαλώτων
3301 1055 3724 1128 προεθεσπίσθη.

2682 1227 2978 1278 mmo:
3002 1229 3190 1296 9K7.

2221 1312 2374 1367 Κατὰ
2402 1313 2464 1365 τὸ
2504 1312 2788 1384 Ἐὄραῖκὸν
2815 1317 2909 1368 καὶ
2934 1317 3058 1380 τοὺς
3085 1318 3526 1388 ἑρμηνεύσαντας
3552 1321 3723 1377 ἆπαν·

2149 1419 2265 1465 τας,
2301 1403 2333 1472 ἡ
2371 1403 2621 1474 παροῦσα
2652 1403 2747 1458 νῦν
2777 1406 2888 1477 ᾠδὴ
2928 1407 3268 1478 Σολομῶντος
3332 1415 3478 1465 ἐστιν
3517 1413 3724 1486 (ὥσπερ

2148 1492 2296 1546 ἄλλοι
2328 1494 2501 1547 ἄλλων
2535 1496 2671 1548 εἰσὶν
2702 1498 3170 1570 ἐπιγεγραμμένοι
3196 1501 3421 1573 ψαλμοὶ)
3457 1522 3723 1577 προφητι-

2149 1585 2258 1647 κῶς
2280 1587 2370 1639 ὑπ’
2392 1587 2555 1640 αὐτοῦ
2572 1589 2820 1659 λεχθεῖσα
2835 1593 3070 1662 ὁπηνίκα
3086 1595 3174 1647 τὸν
3191 1597 3315 1649 ναὸν
3331 1600 3718 1663 κατεσκεύαζε·

2146 1676 2255 1728 τῶν
2303 1675 2413 1748 γὰρ
2465 1678 2736 1732 Ἰουδαίων
2771 1683 3316 1755 μεγαλοφρονούντων
3365 1691 3459 1743 ἐπὶ
3501 1691 3580 1762 τῷ
3620 1693 3722 1764 τῆς

485 1776 626 1832 rent,
673 1768 787 1836 ipse
837 1769 1018 1826 divino
1049 1771 1254 1842 Spiritu
1292 1777 1595 1844 prrevidens
1640 1795 1946 1848 supremam
1981 1785 2037 1836 il-

2147 1770 2489 1841 κατασκευῆς
2545 1772 2758 1844 ὀχυρῷ,
2817 1774 2945 1847 θείῳ
2998 1779 3273 1849 Πνεύματι
3330 1783 3566 1854 συνορῶν
3622 1785 3721 1857 τὴν

487 1857 593 1911 lius
622 1859 1032 1931 desolationem,
1084 1881 1292 1922 necnon
1331 1867 1566 1926 futuram
1597 1872 1890 1929 Ecclesiam
1928 1892 2037 1946 qua

2147 1861 2379 1932 ἐσχάτην
2416 1863 2651 1934 ἐρημίαν
2699 1866 2887 1930 αὑτοῦ,
2934 1870 3027 1921 καὶ
3069 1870 3167 1942 τὴν
3218 1872 3322 1925 ὑπὸ
3371 1874 3464 1927 τοῦ
3516 1876 3719 1947 Κυρίου

490 1963 518 2000 a
573 1949 801 2007 Domino
839 1962 950 2007 toto
985 1958 1119 2010 orbe
1154 1965 1417 2013 terrarum
1443 1961 1754 2018 aediﬁcanda
1783 1981 1936 2029 erat,
1970 1969 2045 2023 fa-

486 2052 570 2092 eta
600 2057 721 2094 cum
753 2037 1036 2100 exstructo
1063 2049 1262 2117 templo
1287 2055 1708 2122 comparatione,
1735 2057 1878 2110 illam
1904 2073 2043 2126 prm-

485 2129 587 2185 fert
629 2135 905 2203 magisque
946 2138 1273 2204 admiratur,
1320 2157 1432 2196 rem
1472 2156 1795 2213 praesentem
1833 2151 2044 2220 vitupe-

481 2234 610 2276 rans
645 2238 738 2278 ceu
787 2229 1156 2295 temporalem,
1185 2246 1360 2300 neque
1411 2234 1494 2288 vel
1526 2237 1800 2308 paulisper
1839 2241 2044 2310 absque

483 2309 575 2362 Dei
621 2314 863 2368 custodia
904 2317 1239 2373 duraturam.
1271 2320 1399 2385 Qum
1433 2339 1574 2378 nunc
1611 2338 1914 2396 opportune
1954 2345 2043 2385 ce-

476 2403 826 2460 cinitJudzeis
849 2407 1122 2478 Babylone
1152 2415 1435 2483 regressis,
1479 2427 1534 2470 et
1562 2421 1882 2475 restituendi
1914 2432 2043 2478 tem-

475 2495 546 2564 pli
585 2498 864 2565 studiosis,
909 2511 1072 2569 atque
1111 2503 1180 2559 ob
1211 2521 1331 2561 eam
1367 2523 1481 2561 rem
1531 2507 1669 2564 fastu
1721 2513 1900 2570 elatis.
1951 2516 2043 2572 Ait

477 2603 608 2658 ergo
635 2604 648 2640 :
688 2590 750 2645 Si
777 2602 950 2649 tamen
981 2596 1240 2653 Dominus
1272 2601 1619 2667 custodierit;
1653 2620 1779 2658 nam
1822 2611 2043 2663 custode

475 2680 786 2746 recedente,
826 2683 1101 2739 desertum
1144 2688 1269 2751 ﬁet.
1309 2700 1364 2745 et
1410 2694 1616 2759 qumvis
1647 2696 1925 2750 hominum
1957 2713 2043 2754 se-

476 2767 677 2823 dulitas
723 2786 859 2825 vana
914 2776 1040 2830 erit.
1094 2775 1160 2829 Et
1213 2780 1394 2847 templi
1443 2782 1661 2848 quidem
1713 2794 2038 2841 structorem

475 2857 607 2912 dicit
657 2860 978 2928 Dominum;
1037 2869 1185 2922 urbis
1229 2881 1406 2924 autem
1457 2874 1814 2930 aediﬁcatores
1862 2878 2038 2932 homio

474 2965 592 3014 nes,
633 2958 727 3006 sed
773 2955 938 3011 Deum
971 2963 1267 3016 cuSIodem.
1306 2962 1444 3019 Utile
1482 2965 1583 3021 ltoc
1611 2968 1810 3023 dictum
1847 2970 2041 3026 adver-

473 3055 570 3097 sus
597 3048 862 3114 superbiae
893 3053 1266 3122 cogitationes.

639 3224 796 3280 Vnus.
838 3226 894 3282 2.
936 3227 1040 3293 Qui
1080 3233 1410 3286 manducetis
1437 3251 1622 3301 panem
1651 3236 1872 3291 doloris.

545 3338 842 3394 'l‘hendotio
873 3351 927 3396 et
955 3343 1140 3409 quinta
1161 3346 1349 3410 editio,
1374 3365 1559 3414 panem
1581 3349 1867 3415 idolorum,
1895 3353 2036 3408 scri-

469 3441 716 3498 pseruut.
757 3432 823 3486 Et
853 3437 1066 3496 merito,
1102 3451 1334 3505 namque
1379 3437 1674 3495 Hebraicus
1717 3449 1898 3496 textus
1939 3445 2035 3497 ha-

469 3523 581 3585 bet,
612 3521 902 3592 irreligiose
933 3541 1106 3593 agere,
1152 3529 1421 3594 quomodo
1444 3528 1566 3582 aliis
1619 3530 1783 3584 etiam
1821 3532 1872 3584 in
1900 3531 2033 3588 locis

467 3613 670 3666 idolum
705 3613 1121 3682 interpretatum
1166 3618 1431 3673 videmus.
1466 3620 1727 3676 Praevidet
1769 3633 1948 3676 autem
1981 3625 2032 3678 in

466 3705 656 3774 spiritu
694 3705 948 3763 Salomon
994 3711 1108 3763 fore
1156 3720 1212 3764 ut
1257 3711 1346 3778 qui
1387 3713 1642 3782 templum
1687 3729 1716 3767 a
1748 3729 1807 3769 se
1844 3715 2035 3768 condi-

467 3808 577 3850 tum
629 3799 896 3861 iucolent.
935 3800 1092 3856 idolis
1141 3803 1414 3867 studeant,
1467 3807 1739 3861 diemonas
1786 3807 1924 3860 intra
1973 3807 2033 3860 il-

468 3887 556 3942 lud
603 3892 862 3946 colentes.
923 3893 1012 3946 Ait
1061 3909 1189 3963 ergo
1241 3910 1299 3950 se
1337 3908 1456 3964 post
1509 3899 1853 3962 abscessum,
1906 3899 2032 3953 illuc

465 3982 642 4034 denuo
682 3984 1020 4048 rediturum,
1073 3996 1236 4054 atque
1280 3987 1330 4039 id
1373 4002 1438 4040 ex
1486 3988 1770 4042 intervallo
1818 4005 2032 4057 semper

468 4072 762 4125 iacturum.
806 4073 945 4139 Quid
986 4077 1128 4130 enim
1160 4080 1382 4147 prpdcst
1440 4078 1612 4132 locum
1660 4080 1915 4134 honorari
1961 4081 2031 4133 ab

467 4164 556 4223 iis,
592 4163 681 4230 qui
722 4165 792 4218 ob
834 4165 1190 4223 idololatriam
1233 4170 1412 4237 procul
1463 4185 1522 4224 se
1553 4171 1660 4224 Deo
1705 4171 2032 4226 removent?

469 4253 619 4309 Unde
662 4255 1021 4326 Symmachus
1049 4259 1220 4314 dixit:
1262 4259 1464 4315 Vanum
1507 4273 1581 4316 est
1628 4263 1770 4316 vobis
1809 4264 2026 4316 matuti-

459 4360 556 4396 nos
617 4361 831 4413 surgere
884 4349 954 4400 ad
1014 4350 1393 4414 habitandum,
1441 4354 1518 4406 re!
1565 4354 1632 4406 ad
1683 4355 1902 4422 hymnos
1943 4356 2027 4408 di-

463 4437 675 4487 candos.

943 4529 1266 4588 PSALMUS
1295 4533 1546 4589 CXXVII.

532 4615 909 4674 Cnnsentauee
948 4623 1214 4690 superiori
1260 4627 1473 4680 cantico
1519 4629 1731 4682 vocatio
1783 4631 2023 4700 gentium

462 4710 512 4762 in
556 4713 808 4780 praesenti
843 4715 1189 4782 praedicatur.
1217 4716 1316 4782 Qui
1343 4733 1472 4789 ergo
1500 4721 1691 4774 timent
1720 4723 2025 4786 Dominum,

461 4803 662 4855 diversi
707 4818 830 4858 esse
876 4806 1131 4861 dicuntur
1177 4811 1242 4863 ab
1293 4811 1528 4876 israele,
1575 4826 1627 4867 et
1681 4833 1708 4867 a
1763 4816 2027 4869 nobiliore

465 4895 603 4959 apud
637 4893 890 4948 lsraelem
931 4901 1141 4960 ordine.
1190 4902 1238 4953 id
1287 4914 1367 4955 est
1411 4907 1750 4960 sacerdotali.
1797 4909 2028 4961 Demon-

466 4993 642 5037 stram
691 4985 743 5038 id
795 4988 959 5043 verba
1016 4991 1150 5044 illa:
1206 4993 1421 5049 Israelis
1482 5001 1666 5050 (lamus
1704 4999 1929 5066 speravit
1971 4998 2025 5051 in

467 5073 689 5129 Domino
717 5077 781 5130 ¹⁸.
822 5079 887 5135 Et
934 5093 1158 5149 postea:
1209 5085 1468 5142 Timentes
1517 5091 1803 5143 Dominum
1847 5106 2027 5156 spera-

459 5177 640 5219 uerunt
675 5167 730 5222 in
760 5185 821 5221 eo
845 5169 907 5222 ".
942 5172 1006 5224 Et
1039 5189 1255 5228 rursus:
1303 5175 1556 5231 Dominus
1600 5179 1768 5230 nostri
1806 5195 2022 5241 memor,

460 5257 718 5312 benedixit
751 5261 921 5315 nobis.
953 5261 1228 5320 Benedixit
1261 5268 1439 5321 domui
1471 5267 1713 5333 Israelis,
1752 5271 2023 5323 'bencdixit

459 5348 636 5398 domui
692 5348 916 5403 Aaronis
969 5353 1032 5406 ".
1089 5355 1152 5408 Et
1192 5374 1355 5410 mox:
1400 5356 1682 5412 Benedixit
1727 5360 2023 5413 timentibus

460 5437 744 5491 Dominum
783 5441 844 5494 ¹⁸.
884 5440 964 5495 Ex
995 5460 1187 5499 norma
1223 5448 1390 5516 igitur
1414 5449 1791 5514 praedictarum
1827 5449 2020 5504 dictio-

535 5593 578 5623 "
612 5594 740 5652 Luc.
775 5613 853 5661 vt,
891 5596 979 5653 2|.
1060 5601 1103 5632 ⁵⁵
1128 5601 1268 5658 Psal.
1302 5619 1454 5667 cmi,
1480 5605 1531 5660 9.
1612 5610 1653 5638 ’⁸
1682 5608 1808 5664 ibid.
1841 5609 1921 5662 ll.

530 5715 605 5785 (6)
627 5718 708 5770 ΑΙ.
740 5719 1176 5790 προθεσπίξεται.

2061 4446 2109 4502 D

2149 1951 2446 2021 μέλλουσαν
2475 1955 2802 2027 Ἐκκλησίαν
2854 1959 2975 2012 καθ’
3026 1961 3152 2032 ὅλης
3195 1963 3587 2035 οἰκοδομεῖσθαι
3621 1968 3721 2040 τῆς

2144 2045 2485 2116 οίκουμένης,
2507 2049 2948 2119 ἀντιπαρατιθεὶς
2975 2056 3040 2122 τῇ
3069 2057 3196 2125 παρ’
3220 2055 3383 2110 αὐτοῦ
3408 2064 3717 2134 κατασκευῇ

2142 2133 2237 2186 τοῦ
2265 2136 2414 2203 ναοῦ,
2445 2140 2661 2212 ἐκείνην
2687 2159 2747 2194 τε
2782 2144 3060 2214 προκρίνει
3096 2148 3189 2200 καὶ
3223 2149 3586 2219 ύπεράγαται,
3619 2153 3718 2224 τὴν

2141 2227 2260 2280 τότε
2314 2232 2613 2300 παρουσίαν
2660 2228 2898 2304 ἐλὲγχων
2945 2237 3020 2300 ὡς
3068 2238 3400 2312 πρόσκαιρον
3438 2243 3531 2296 καὶ
3583 2243 3716 2314 μηδὲ

2144 2321 2279 2390 πρὸς
2313 2321 2485 2392 βραχὺ
2518 2325 2910 2395 συνισταμένην
2943 2327 3069 2380 ἄνευ
3099 2329 3234 2382 Θεοῦ
3267 2332 3544 2403 φυλακῆς·
3576 2333 3718 2406 ἅπερ

2142 2410 2236 2465 νῦν
2268 2414 2346 2475 είς
2378 2415 2568 2485 καιρὸν
2604 2411 2702 2488 ᾖσε
2747 2417 2854 2470 τῶν
2897 2421 2960 2472 ἐκ
3013 2420 3332 2486 Βαϐυλῶνος
3368 2426 3719 2492 ἐπανιόντων,

2143 2503 2551 2559 ἐσπουδακότων
2585 2510 2712 2580 περὶ
2734 2510 2830 2580 τὴν
2857 2512 3136 2565 ἀνάκτισιν
3166 2514 3256 2567 τοῦ
3283 2516 3434 2579 ναοῦ,
3473 2519 3563 2570 καὶ
3590 2536 3719 2588 ippo-

2143 2595 2376 2649 νούντων
2407 2598 2498 2650 ἐπὶ
2517 2599 2688 2670 τούτῳ
2707 2601 2914 2670 μεγάλα
2957 2603 3076 2672 μέν.
3113 2605 3173 2656 Εἰ
3199 2606 3306 2676 γάρ
3333 2625 3516 2677 φησιν,
3548 2610 3716 2662 Ἕστ⁶

2142 2687 2218 2742 ἂν
2250 2693 2282 2743 ὀ
2318 2692 2530 2758 Κύριος
2561 2693 2832 2762 φυλάττῃ
2862 2737 2876 2757 ,
2906 2695 3000 2748 τοῦ
3045 2698 3101 2750 δὲ
3151 2699 3387 2766 φύλακος
3429 2701 3714 2773 ἀναχωρή-

2143 2795 2352 2844 σαντος,
2378 2781 2582 2853 ἕρημος
2608 2784 2782 2847 ἔσται,
2824 2789 3058 2856 ματαίας
3092 2791 3354 2861 ἐσομένης
3382 2793 3480 2861 τῆς
3522 2793 3582 2857 ἐξ
3619 2794 3715 2846 ἀν-

2140 2871 2373 2943 θρώπων
2402 2874 2667 2945 σπουδῆς·
2703 2878 2797 2931 ἐπὶ
2858 2881 2956 2949 μὲν
2992 2881 3082 2933 τοῦ
3113 2882 3265 2946 ναοῦ,
3295 2884 3573 2954 οἰκοδόμον
3605 2887 3717 2939 εἰσ-

2140 2963 2262 3030 άγει
2295 2965 2386 3018 τὸν
2422 2966 2625 3037 Κύριον
2645 2985 2657 2997 ·
2691 2970 2782 3021 ἐπὶ
2813 2970 2870 3023 δὲ
2900 2972 2999 3040 τῆς
3015 2973 3242 3037 πόλεως,
3262 2973 3578 3046 ἀνθρώπους
3616 2977 3715 3046 μὲν

2138 3055 2470 3124 οἰκοδόμους,
2502 3056 2717 3125 φύλακα
2749 3059 2805 3113 δὲ
2834 3061 2924 3115 τὸν
2958 3063 3124 3116 Θεόν·
3159 3065 3426 3135 χρήσιμον
3458 3067 3519 3120 τὸ
3552 3069 3712 3139 ῥητὸν

2139 3147 2274 3217 πρὸς
2302 3149 2426 3211 τοὺς
2453 3150 2550 3219 τῆς
2581 3150 2956 3220 ὑπερηφανίας
2982 3152 3293 3224 λογισμούς.

2477 3244 2544 3293 Οἱ
2571 3242 2878 3309 ἐσθίοντες
2909 3244 3090 3312 ἄρτον
3121 3246 3365 3314 ὀδύνης.

2204 3349 2514 3411 Θεοδοτίων.
2544 3354 2638 3406 καὶ
2675 3356 2706 3424 ή
2747 3362 2787 3407 ε’
2825 3356 3009 3424 ἄρτον
3038 3359 3298 3414 εἰδώλων
3335 3362 3600 3427 ἐξέδωκαν
3631 3366 3710 3418 εί-

2135 3441 2305 3504 κότως
2324 3460 2337 3472 ·
2369 3443 2428 3496 τὸ
2458 3443 2567 3515 γὰρ
2607 3445 2895 3518 Ἐϐραῖκὸν
2922 3450 2982 3502 τὸ
3006 3451 3248 3505 ἀσεϐεῖν
3274 3453 3404 3524 ἔχει,
3449 3457 3586 3527 ὅπερ
3616 3458 3712 3510 καὶ

2134 3532 2193 3583 ἐν
2243 3532 2448 3604 ἑτέροις
2503 3533 2756 3589 εἴδωλον
2804 3539 3196 3608 ἑρμηνεύεται·
3253 3545 3462 3614 προορᾷ
3510 3544 3569 3597 δὲ
3631 3545 3711 3614 τῷ

2137 3622 2407 3692 πνεύματι
2448 3624 2717 3695 Σολομῶν,
2769 3628 2844 3692 ὡς
2887 3631 2935 3681 οἰ
2991 3630 3272 3700 μέλλοντες
3299 3634 3466 3686 οἰκεῖν
3491 3635 3581 3687 τὸν
3617 3637 3710 3688 ὑπ’

2132 3713 2296 3768 αὑτοῦ
2329 3715 2610 3786 γινόμενον
2644 3712 2811 3781 οἷκον,
2847 3720 3086 3784 εἰδώλοις
3117 3724 3555 3793 προσκείσονται,
3589 3727 3708 3780 δαί-

2136 3823 2260 3877 μοσι
2301 3807 2649 3879 λατρεύοντες
2690 3812 2748 3864 ἐν
2787 3813 2965 3882 αύτῷ·
3007 3814 3152 3883 λέγει
3190 3817 3389 3879 τοίνυν,
3434 3819 3570 3888 μετὰ
3611 3820 3710 3890 τὴν

2131 3899 2478 3970 ἀναχώρησιν
2505 3897 2660 3965 αὖθις
2684 3904 2776 3956 ἐπὶ
2803 3903 2990 3958 τοῦτον
3044 3906 3236 3971 ἐλθεῖν,
3276 3909 3367 3961 καὶ
3394 3909 3550 3962 τοῦτο
3580 3927 3705 3963 συν-

2129 3991 2270 4060 εχῶς
2294 3993 2357 4044 ἐκ
2377 3993 2778 4065 διαλειμμάτων
2804 4001 2992 4050 ποιεῖν·
3011 3997 3063 4050 τί
3089 3998 3194 4070 γὰρ
3219 4000 3409 4069 ὄφελος
3433 4002 3521 4054 τὸν
3546 4003 3708 4055 τόπον

2128 4086 2311 4155 τιμᾷν,
2341 4088 2454 4149 τοῖς
2478 4086 2564 4140 διὰ
2593 4088 2690 4158 τῆς
2717 4090 3155 4162 εἰδωλολατρείας
3187 4094 3551 4163 μακρύνουσιν
3581 4095 3705 4146 ἐαυο

2129 4177 2252 4238 τοὺς
2288 4175 2382 4229 τοῦ
2416 4175 2581 4240 Θεοῦ;
2623 4179 2784 4232 Ὅθεν
2827 4182 2856 4232 ό
2911 4180 3201 4250 Σύμμαχος
3253 4182 3393 4250 ἔφη·
3444 4183 3707 4237 Μάταιον

2132 4267 2274 4335 ὑμῖν
2301 4268 2371 4332 ἐξ
2405 4269 2619 4337 ὄρθρου
2647 4270 3010 4324 ἀνίστασθαι
3042 4274 3129 4334 εἰς
3156 4271 3222 4324 τὸ
3248 4273 3510 4339 οἰκῆσαι,
3546 4276 3582 4344 ἢ
3615 4279 3706 4342 εἰς

2129 4357 2194 4410 τὸ
2220 4358 2505 4427 ὑμνῆσαι.

2669 4535 2810 4587 ΨᾹᾹ
2819 4535 2960 4588 MOE
2991 4537 3079 4588 PK
3089 4537 3158 4589 Z'.

2215 4624 2545 4690 ’Λκολούθως
2597 4629 2663 4697 τῇ
2717 4627 2822 4697 πρὸ
2873 4626 3074 4695 ταύτης
3130 4625 3239 4698 ᾠδῇ
3283 4629 3314 4698 ἡ
3364 4629 3553 4699 κλησις
3593 4629 3704 4684 τῶν

2129 4713 2297 4767 ἐθνῶν
2325 4714 2410 4768 διὰ
2439 4715 2639 4786 ταύτης
2666 4716 2998 4786 κηρύσσεται
3028 4716 3122 4785 (6)·
3150 4719 3199 4769 οἰ
3222 4717 3350 4784 γοῦν
3378 4718 3703 4788 φοϐούμενοι

2130 4805 2220 4858 τὸν
2247 4807 2470 4878 Κύριον,
2511 4809 2684 4879 ἓτεροι
2713 4809 2960 4876 λέγονται
2987 4804 3124 4863 εἶναι
3149 4810 3300 4881 παρὰ
3332 4811 3420 4863 τὸν
3466 4812 3699 4882 Ἰσραὴλ,

2133 4898 2225 4948 καὶ
2265 4899 2414 4968 παρὰ
2455 4898 2516 4952 τὸ
2556 4901 2799 4970 κρεῖττον
2841 4902 2900 4952 ἐν
2945 4900 3022 4971 τῷ
3063 4901 3278 4972 Ἰσραὴλ
3319 4901 3526 4972 τάγμα,
3561 4903 3704 4972 λέγω

2131 4987 2187 5039 δέ
2208 4987 2264 5039 τὸ
2290 4989 2558 5058 ἱερατικόν
2577 5005 2590 5018 ”
2615 4988 2840 5058 δηλοῖδέ
2865 4991 3021 5043 τοῦτο
3035 4991 3063 5043 ὁ
3079 4991 3300 5058 φάσκων
3322 4992 3502 5061 λόγος·
3529 4989 3704 5058 Οτκος

2147 5078 2390 5144 Ἰσραὴλ
2430 5078 2692 5148 ἤλπισεν
2731 5081 2827 5133 ἐπὶ
2875 5082 3127 5149 Κύριον·
3164 5083 3259 5136 καὶ
3311 5085 3452 5153 μετὰ
3496 5085 3698 5137 ταῦτα·

2137 5173 2198 5222 Οἱ
2227 5172 2576 5240 φοϐούμενοι
2612 5171 2718 5224 τὸν
2755 5173 2974 5240 Κύριον
3033 5175 3304 5241 ἤλπισαν
3331 5176 3428 5228 ἐπὶ
3454 5177 3700 5243 Κύριον·

2131 5265 2224 5316 καὶ
2277 5263 2468 5317 πάλιν·
2530 5266 2744 5332 Κύριος
2793 5267 3088 5334 μνησθεὶς
3146 5265 3312 5334 ἡμῶν
3366 5270 3704 5338 εὐλόγησεν

2127 5353 2316 5424 ἡμᾶς·
2362 5357 2660 5424 εὐλόγησε
2707 5355 2816 5408 τὸν
2857 5353 3024 5410 οἷκον
3081 5357 3359 5424 Ἰσραήλ·
3407 5361 3703 5429 εὐλότησε

2128 5449 2234 5502 τὸν
2279 5444 2448 5502 οἷκον
2508 5447 2759 5516 Ἀαρὼν·
2805 5451 2899 5502 κα)⁸
2953 5449 3090 5520 μετὰ
3139 5448 3337 5504 ταῦτα·
3385 5452 3703 5523 Eudemus

2005 5610 2045 5642 ’⁷
2069 5609 2195 5665 ibid.
2233 5609 2314 5662 12.
2400 5610 2440 5641 “'
2463 5609 2590 5691 ibid.
2626 5610 2706 5664 l3.
