4138 6400
363 329 425 383 ﬁl
1502 315 2015 374 COMMENTARIA
2051 314 2120 371 IN
2161 313 2240 370 PS
2252 312 2507 371 ALMOS.
3252 346 3266 361 .
3570 297 3642 351 εἳ

367 463 509 528 τοὺς
559 460 966 530 φοϐουμένους
1016 458 1124 512 τὸν
1173 458 1416 526 Κύριον.

367 554 577 614 τούτοις
601 552 818 622 νοήσεις
847 553 975 615 τοὺς
1004 551 1095 603 ἐπὶ
1129 550 1229 621 τῆς
1276 549 1560 621 παρούσης
1601 549 1747 620 ᾠδῆς
1783 564 1960 618 μακα-

372 645 690 718 ριζομένους
715 663 727 674 ·
762 639 909 697 οῦτοι
942 642 999 695 δὲ
1027 639 1167 714 ἦσαν
1200 641 1403 704 πάντες
1434 643 1482 695 οἱ
1520 642 1843 713 φοϐούμενοι
1870 643 1962 695 τὸν

374 739 605 811 Κύριονο
645 736 910 810 κρείττων
948 736 1007 788 δέ
1051 737 1217 800 ἐστιν,
1261 736 1356 788 καὶ
1384 734 1810 806 ἐπαναϐεϐηκίος
1838 736 1965 798 τοὺς

373 829 744 901 φοϐουμένους
780 828 871 882 τὸν
905 827 1131 898 Κύριον,
1175 828 1204 879 6
1254 828 1311 881 ὲν
1359 826 1544 898 τελείᾳ
1592 827 1965 898 γεγενημένος

336 960 337 963 η
373 921 591 994 ἀγάπῃ·
631 921 788 985 Ἕξω
820 920 930 990 γὰρ
985 917 1270 972 ἐκϐάλλει
1302 920 1340 986 ἡ
1372 919 1572 972 τελεία
1630 917 1829 987 ἀγάπη
1859 918 1964 971 τὸν

374 1017 589 1085 φόϐον·
626 1014 720 1068 καὶ
751 1016 799 1066 οί
835 1013 935 1084 μὲν
965 1010 1311 1082 φοϐούμενοι,
1345 1013 1403 1064 ἐν
1436 1010 1659 1073 πολλαῖς
1701 1010 1837 1074 ὁδοῖς
1869 1027 1966 1063 πο-

377 1107 695 1180 ρεύσονται·
734 1106 875 1175 τάχα
905 1106 962 1159 δὲ
995 1107 1023 1158 6
1069 1103 1299 1171 ἀγαπῶν
1335 1105 1391 1157 ὲν
1440 1104 1556 1173 μιᾷ,
1590 1101 1667 1171 τῷ
1693 1103 1961 1174 εἰρηκότι,

391 1200 530 1269 Ἐγώ
556 1202 671 1269 εἰμι
707 1201 744 1268 ή
780 1199 940 1265 ὁδὸς,
978 1198 1063 1265 ἐφ’
1098 1198 1163 1268 ἣν
1207 1197 1299 1249 καὶ
1346 1197 1402 1248 αἱ
1436 1195 1626 1248 πολλαὶ
1657 1193 1845 1267 ὥσπερ
1889 1197 1967 1260 εἰς

376 1293 572 1363 λιμένα
596 1292 934 1344 καταντῶσιν
952 1307 966 1321 ο
993 1289 1088 1342 καὶ
1107 1288 1288 1351 καλῶς
1306 1283 1456 1340 εἶπεν
1474 1304 1487 1316 ·
1510 1285 1793 1354 Μακάριοι
1814 1284 1964 1339 πάν-

381 1400 508 1450 τες’
547 1384 651 1436 κᾶν
685 1383 889 1446 δοῦλος,
945 1380 1049 1435 κᾶν
1083 1365 1370 1448 δεσπότης,
1413 1378 1517 1431 κᾶν
1558 1378 1617 1431 τὸ
1651 1377 1809 1448 σῶμα
1841 1378 1970 1431 ἀνά-

381 1493 576 1549 πηρος,
613 1477 717 1530 κᾶν
762 1475 964 1538 ὁτιοῦν,
1018 1474 1172 1527 οὐδὲν
1213 1473 1417 1527 τούτων
1452 1470 1649 1524 κωλύει
1678 1471 1770 1525 τὸν
1802 1488 1970 1541 μακα-

384 1570 576 1641 ρισμὸν
605 1566 811 1630 τοῦτον,
834 1566 893 1620 ὃν
920 1566 1081 1630 αὑτός
1102 1582 1266 1637 φησιν
1285 1582 1298 1594 ·
1345 1565 1373 1617 6
1396 1563 1452 1616 δὲ
1478 1563 1628 1635 παρά
1662 1562 1970 1633 ἀνθρώποις

385 1661 754 1733 μακαρισμὸς,
773 1660 1079 1729 ἐπισφαλής
1100 1676 1159 1711 τε
1184 1660 1277 1712 καὶ
1300 1658 1683 1729 περίτρεπτος,
1712 1656 1804 1708 καὶ
1825 1655 1968 1724 λόγῳ

386 1755 530 1825 μόνῳ
561 1751 947 1823 πλαττόμενος,
988 1751 1211 1822 μυρίαις
1238 1752 1295 1805 δὲ
1331 1748 1685 1821 περιστάσεσι
1739 1763 1967 1817 περιαν-
2005 1789 2043 1843 Β

382 1845 697 1915 τλούμενος·
734 1844 846 1897 ἀλλ’
876 1845 974 1915 οὐχ
1001 1845 1029 1896 ὁ
1056 1843 1145 1897 τὸν
1175 1843 1307 1896 Θεὸν
1341 1839 1672 1911 φοϐούμενος
1704 1836 1966 1901 τοιοῦτος,

383 1938 516 1992 ἀλλά
541 1937 649 1990 τῶν
674 1937 931 2007 κυμάτων
965 1936 1173 1988 τούτων
1211 1932 1631 2004 ἀπηλλαγμένος
1674 1932 1730 1983 ὲν
1764 1929 1972 1999 γαλήνη

384 2029 618 2100 κάθηται
651 2029 747 2082 καὶ
776 2028 977 2099 λιμένι,
1014 2026 1112 2099 τὴν
1140 2026 1309 2090 ὅντως
1341 2024 1677 2098 δρεπόμενος
1710 2020 1974 2092 μακαριό-

381 2142 538 2197 τητα.

531 2215 675 2282 Τοὺς
705 2215 931 2278 πόνους
958 2210 1079 2264 τῶν
1113 2208 1357 2278 καρπῶν
1400 2224 1516 2261 σου
1554 2205 1830 2276 φάγεσαι.

457 2373 521 2423 Οί
552 2371 731 2424 λοιποὶ
758 2370 952 2422 κόπον
984 2362 1198 2434 χειρῶν
1225 2362 1495 2430 ἐξέδωκαν
1518 2379 1531 2391 ·
1572 2360 1648 2423 ὡς
1674 2358 1770 2411 ἐπὶ
1798 2374 1974 2427 γεωρ-

388 2462 485 2530 γοῦ
511 2462 566 2515 δέ
594 2478 756 2530 φασιν
793 2460 937 2529 ἆπερ
964 2456 1280 2527 ὲγεὼργησε
1316 2471 1529 2525 καρπου
1538 2452 1699 2523 μένου
1720 2467 1733 2479 ·
1765 2449 1861 2503 καὶ
1887 2449 1976 2500 τὸν

387 2552 711 2607 ὲναθλοῦντα
754 2553 820 2621 τῇ
867 2552 965 2620 τῆς
1010 2547 1319 2610 Θεοσεϐείας
1365 2546 1494 2616 ὁδῷ,
1541 2543 1749 2616 τροφὴν
1799 2541 1978 2611 ἐαυτῷ

388 2642 787 2715 θησαυρίζοντα
811 2642 949 2714 πρὸς
975 2642 1075 2713 τὴν
1104 2638 1403 2711 μέλλουσαν
1434 2635 1579 2707 ζωὴν
1608 2631 1979 2702 ἀναλογοῦσαν

386 2734 467 2803 οἷς
489 2735 819 2790 κατεϐάλετο
843 2735 1026 2799 πόνοις
1047 2750 1059 2763 ·
1085 2733 1179 2787 καὶ
1210 2729 1381 2805 ἀρετὴ
1398 2730 1455 2783 δὲ
1482 2729 1576 2782 καὶ
1600 2728 1759 2791 πόνος
1783 2728 1811 2780 6
1837 2725 1979 2779 κατά

388 2830 541 2892 Θεὸν,
575 2829 690 2881 ἔστι
739 2828 913 2898 τροφὴ
959 2827 1056 2880 καὶ
1087 2824 1231 2898 χαρὰ
1266 2827 1331 2895 τῇ
1375 2822 1520 2892 ψυχῇ
1543 2835 1555 2848 ’
1589 2818 1829 2881 τοιοῦτος
1881 2816 1978 2888 μὲν

389 2923 417 2974 6
451 2920 783 2993 φοϐούμενος
825 2921 917 2973 τὸν
950 2918 1155 2992 Κύριον
1176 2935 1188 2948 ·
1227 2921 1255 2971 ὁ
1286 2917 1343 2970 δὲ
1371 2913 1621 2984 ἀγαπῶν,
1652 2912 1728 2973 ὡς
1757 2910 1858 2981 ἢδη
1894 2909 1981 2961 τέ-

389 3013 531 3077 λειος
562 3013 794 3082 φάγεται
820 3011 912 3063 τὸν
940 3008 1191 3080 οὐράνιον
1238 3008 1402 3079 ἄρτον
1424 3024 1437 3035 ·
1476 3003 1614 3057 κατὰ
1647 3002 1728 3063 τὸ,
1773 2997 1979 3052 Μακά-

384 3124 517 3174 ριος
548 3105 617 3171 ὃς
664 3105 910 3176 φάγεται
942 3103 1124 3170 ἄρτον
1155 3102 1226 3155 ἐν
1257 3099 1330 3168 τῇ
1366 3098 1655 3164 ,ϐασιλείᾳ
1684 3091 1975 3162 οὐρανῶν.

580 3378 645 3431 Ἠ
673 3375 826 3447 γυνή
866 3390 983 3430 σου
1025 3375 1105 3441 ὡς
1137 3373 1404 3443 ἄμπελος
1436 3369 1795 3437 εὺθιηνοῦσα.

467 3468 575 3520 Καὶ
607 3466 752 3520 κατά
797 3466 858 3519 τὸ
902 3465 1085 3536 ῥητὸν,
1116 3464 1191 3527 ὡς
1222 3464 1403 3517 ἀτελεῖ
1432 3462 1635 3515 δίδοται
1678 3458 1851 3513 ταῦτα
1886 3476 1980 3529 φο-

395 3558 641 3629 ϐουμένῳ
672 3558 763 3611 τὸν
807 3557 1034 3628 Κύριον,
1082 3554 1193 3608 ἀλλ’
1230 3555 1350 3624 ούχί
1383 3552 1459 3623 τῷ
1494 3551 1781 3620 ἀγαπῶντι
1815 3551 1978 3603 αὑτὸν

395 3650 458 3714 ἐξ
484 3650 611 3720 ὅλης
638 3647 813 3719 ψυχῆς
848 3648 941 3701 καὶ
972 3647 1032 3713 ἐξ
1058 3646 1189 3716 ὅλης
1234 3645 1333 3715 τῆς
1360 3643 1587 3712 καρδίας
1618 3644 1713 3694 καὶ
1747 3642 1845 3711 τῆς
1886 3642 1977 3693 δυ-

395 3740 642 3811 νάμεωςο
695 3737 1024 3808 Ὀφθαλμὸς
1066 3737 1177 3807 γὰρ
1228 3738 1340 3789 οὐκ
1379 3734 1559 3797 εἶδεν,
1596 3734 1691 3786 καὶ
1718 3733 1787 3787 τὰ
1819 3731 1978 3801 ἑξῆς·

396 3832 473 3903 τῷ
500 3832 555 3886 δὲ
586 3829 902 3902 φοϐουμένῳ
924 3830 1014 3883 τὸν
1042 3829 1246 3901 Κύριον
1270 3828 1465 3882 δίδοται
1493 3826 1741 3893 σύζυγος,
1769 3826 1895 3896 περὶ
1916 3820 1982 3895 ἧς

396 3943 531 3996 φησι
556 3926 635 3990 τὸ,
686 3924 858 3991 Γυνὴ
887 3922 1103 3992 ἀγαθὴ,
1126 3921 1298 3991 μερὶς
1324 3918 1514 3989 ἀγαθή
1534 3937 1546 3950 ·
1574 3920 1689 3983 καὶ,
1715 3917 1984 3972 Γυναῖκα

400 4016 682 4084 ἀνδρείαν
707 4016 799 4081 τίς
839 4014 1117 4083 similar-2t;
1146 4012 1450 4083 τιμιωτέρα
1481 4013 1539 4066 δέ
1564 4013 1682 4064 ἐστι
1705 4009 1870 4063 λίθων
1891 4026 1986 4062 ποι-

400 4107 636 4161 λυτελῶν
673 4110 706 4178 ἡ
738 4106 989 4177 τοιαύτη³
1018 4105 1190 4169 οὕτως
1219 4107 1252 4176 ἡ
1282 4104 1494 4176 πονηρά
1522 4103 1754 4171 σύζυγος
1804 4102 1887 4173 εἴη
1919 4101 1984 4154 ἂν

398 4199 535 4272 ὀργὴ
561 4201 624 4253 ὲκ
648 4198 804 4252 Θεοῦ.

682 4314 746 4365 Ol
778 4311 897 4365 υἱοί
920 4327 1037 4363 σου
1060 4311 1141 4377 ὠς
1167 4312 1432 4380 νεόφυτα
1461 4310 1699 4363 ἐλαιων.

472 4400 631 4458 Οῦτω
664 4402 757 4455 καὶ
782 4402 891 4455 υἱοὶ
924 4403 987 4455 ὲκ
1012 4399 1149 4453 Θεοῦ
1178 4400 1409 4455 δίδονται
1442 4400 1519 4469 τῷ
1544 4399 1868 4468 φοϐουμένῳ
1898 4395 1988 4449 τὸν

1486 455 1820 518 Ἀκολούθως
1866 451 1959 507 οῦν

2082 448 2216 498 tum,
2248 431 2544 487 mstimabis
2577 444 2673 484 eos
2709 426 2804 495 qui
2837 429 3103 495 prmsente
3138 420 3353 477 cantico
3384 417 3525 472 beati
3560 416 3641 469 dio

2066 536 2282 581 cuntur.
2322 525 2382 579 lli
2434 534 2588 578 erant
2624 523 2884 578 nimirum
2933 525 3205 589 quotquot
3250 513 3537 569 Dominum
3575 511 3643 563 ti-

2067 620 2305 674 mebant.
2350 618 2530 671 Potior
2576 625 2754 671 autem
2796 621 2914 677 est,
2943 619 2999 665 et
3046 609 3140 663 Dei
3172 608 3319 677 ipsos
3354 607 3643 659 timoratos

2066 726 2353 780 superans,
2398 710 2488 777 qui
2532 709 2771 779 perfecta
2810 706 2861 759 iu
2894 703 3163 759 charilate
3202 708 3473 754 versatur.
3510 695 3649 749 Nam

2064 804 2293 873 perfecta
2328 802 2560 854 rharitas
2593 798 2824 854 excludit
2856 797 3097 849 timorem
3119 793 3184 846 ¹⁹.
3216 791 3282 846 Et
3317 789 3534 858 quidem
3571 785 3645 837 ti-

2068 894 2291 958 morati,
2344 894 2540 948 multas
2587 902 2770 945 terunt
2818 892 2967 952 vias;
3017 900 3208 941 iuuans
3253 893 3435 938 autem
3478 894 3641 935 uuam

2067 988 2300 1042 fortasse
2327 1027 2342 1051 ,
2370 985 2540 1051 illam,
2580 986 2825 1053 inquam,
2878 978 2965 1037 de
2992 996 3097 1051 qua
3150 977 3325 1042 dixit,
3373 973 3487 1045 Ego
3527 988 3655 1026 sum

2066 1082 2153 1135 via
2184 1081 2251 1143 ὀ,
2288 1080 2341 1133 iu
2379 1093 2541 1149 quam
2577 1088 2837 1146 tanquam
2867 1077 2920 1129 in
2962 1086 3176 1143 portum
3209 1070 3391 1124 multa:
3429 1080 3649 1138 quoque

2070 1177 2172 1233 illa:
2201 1175 2479 1231 desinunt.
2525 1173 2876 1241 Pulchreque
2918 1171 3084 1223 dixit:
3119 1168 3266 1221 Beati
3294 1182 3493 1228 omnes,
3525 1163 3646 1219 sive

2070 1270 2304 1326 {atuulus
2347 1272 2440 1335 sit,
2480 1270 2597 1325 sive
2627 1268 2903 1332 dominus,
2932 1267 3047 1321 sive
3076 1266 3240 1317 etiam
3276 1276 3506 1332 corpore
3535 1275 3647 1315 mu-

2069 1364 2218 1427 tilus,
2247 1364 2366 1417 sive
2389 1362 2528 1417 alius
2561 1361 2774 1432 quivis;
2811 1358 2943 1414 nihil
2991 1358 3135 1413 enim
3171 1353 3477 1424 hujusmodi
3508 1354 3647 1407 hanc

2073 1457 2300 1527 impedit
2343 1454 2765 1516 beatitudinem,
2800 1453 2868 1506 de
2900 1465 3005 1522 qua
3048 1450 3093 1504 is
3138 1446 3396 1516 loquitur.
3450 1444 3654 1499 Verum

2071 1564 2236 1619 quam
2271 1548 2425 1602 nobis
2466 1547 2773 1602 attribuunt
2816 1544 3066 1600 homines
3114 1539 3536 1599 beatitudinem,
3585 1550 3653 1588 ea

2074 1642 2233 1696 fallax
2266 1652 2372 1704 est,
2415 1649 2470 1695 et
2505 1640 2781 1701 volubilis,
2820 1648 2877 1693 et
2918 1637 3103 1691 verbis
3134 1642 3344 1689 tantum
3388 1632 3651 1687 conﬁcta,

2073 1732 2346 1787 sexcentis
2390 1746 2518 1787 vero
2562 1733 2807 1786 adversis
2851 1729 3071 1784 casibus
3122 1725 3381 1782 obnoxia.
3428 1720 3500 1775 At
3545 1735 3654 1774 nou

2073 1825 2143 1878 ita
2184 1840 2244 1878 se
2292 1824 2455 1878 habet
2491 1824 2583 1893 qui
2632 1823 2798 1877 Deum
2835 1822 3012 1882 timet,
3055 1819 3148 1873 sed
3184 1816 3270 1871 his
3297 1814 3548 1868 ﬂuctibus
3592 1811 3659 1862 Ii-

2075 1916 2316 1981 heratus,
2354 1915 2404 1967 iu
2446 1929 2578 1982 pace
2608 1922 2879 1983 portuque
2926 1908 3100 1972 sedet,
3138 1920 3266 1961 vera
3304 1904 3490 1958 fruens
3523 1902 3654 1956 bea-

2076 2009 2247 2061 litate.

2080 2183 2239 2238 \‘Ens.
2279 2183 2333 2236 2.
2377 2180 2608 2236 Labore:
2660 2180 2898 2234 volarum
2937 2189 3147 2231 marum
3194 2173 3312 2246 (vel
3349 2168 3659 2242 fructuum)

2691 2249 3056 2301 manducabis.

2691 2265 3056 2303 manaueaots.

2149 2344 2342 2399 Cteteri
2387 2344 2715 2413 interpretes
2771 2340 3058 2392 ediderunt
3101 2337 3334 2390 laborem
3378 2348 3654 2387 manuum.

2082 2439 2283 2507 Nempe
2324 2449 2580 2507 tanquam
2622 2438 2689 2491 de
2723 2433 2959 2504 agricola
3002 2433 3304 2500 loquentes,
3336 2431 3428 2499 qui
3461 2430 3528 2483 de
3558 2445 3654 2483 sua

2083 2534 2416 2606 agricultura
2467 2529 2703 2587 fructum
2760 2529 3009 2599 percipit.
3050 2526 3458 2597 Designantque
3511 2524 3659 2576 Ialm-

2083 2636 2293 2681 rautem
2329 2625 2381 2678 iu
2416 2622 2638 2695 pietatis
2669 2620 2776 2680 via.
2825 2619 3040 2689 sibique
3074 2632 3254 2673 escam
3290 2613 3656 2671 cumulantem

2082 2719 2148 2775 ad
2201 2717 2438 2771 futuram
2482 2715 2684 2778 vitam,
2731 2727 2854 2780 qua:
2895 2709 3183 2766 exantlatis
3229 2708 3501 2761 laboribus
3555 2706 3663 2760 erit

2083 2820 2471 2866 consentanea.
2515 2807 2649 2862 Nam
2685 2806 2861 2860 virtus
2898 2814 2955 2860 et
2989 2812 3211 2873 propter
3255 2800 3420 2854 Deum
3462 2798 3662 2852 tolera-

2086 2914 2173 2958 tus
2202 2903 2376 2966 labor,
2407 2899 2561 2955 cibus
2588 2898 2955 2967 gaudiumque
2990 2896 3188 2950 animae
3222 2903 3325 2948 est.
3362 2891 3436 2945 lla
3474 2905 3532 2946 se
3562 2890 3661 2943 ha-

2085 2996 2176 3050 bet
2212 2994 2302 3063 qui
2340 2993 2489 3046 timet
2528 2990 2833 3045 Dominum.
2873 2987 3261 3042 Verumtamen
3303 2983 3349 3038 is
3373 2983 3463 3053 qui
3494 2990 3661 3043 amat,

2084 3102 2182 3142 ceu
2223 3086 2337 3155 jam
2387 3081 2695 3153 perfectus,
2739 3078 3019 3134 caelestem
3071 3090 3263 3142 panem
3329 3072 3662 3134 manducet;

2009 3150 2052 3205 C
2084 3179 2380 3232 secundum
2415 3190 2478 3228 ea
2511 3175 2709 3229 verba:
2754 3171 2949 3224 Belum
2995 3170 3084 3239 qui
3117 3183 3304 3236 panem
3343 3166 3451 3218 edit
3494 3165 3546 3216 in
3583 3178 3663 3216 re-

2083 3287 2184 3341 gno
2231 3268 2480 3323 cmlorum
2506 3268 2549 3298 ²¹
2573 3268 2586 3319 l

2272 3362 2435 3416 Vens.
2471 3360 2525 3415 ὅ.
2564 3358 2713 3413 Uxor
2744 3371 2836 3410 tua
2865 3356 3001 3409 sicut
3037 3354 3155 3409 vitis
3190 3353 3487 3407 abundans.

2158 3459 2311 3512 Sicut
2344 3458 2456 3524 jam
2490 3454 2761 3517 diximus,
2806 3450 3007 3505 dantur
3051 3449 3164 3503 haec
3204 3446 3522 3513 imperfecto
3572 3445 3667 3500 ho-

2088 3551 2247 3613 mini,
2300 3549 2585 3603 Dominum
2638 3546 2887 3610 timenti,
2929 3543 3069 3597 haud
3110 3541 3159 3596 ei
3210 3540 3299 3607 qui
3353 3540 3500 3592 illum
3556 3548 3666 3590 tota

2087 3642 2268 3696 anima
2306 3650 2527 3709 totoque
2576 3639 2739 3694 corde
2778 3652 2842 3691 ac
2895 3636 3104 3689 viribus
3146 3644 3332 3687 amat;
3369 3629 3490 3684 Non
3531 3632 3671 3684 enim

2089 3732 2272 3785 oculus
2306 3732 2519 3797 uidit",
2552 3740 2606 3785 et
2634 3729 2865 3796 reliqua.
2897 3723 3135 3778 Timenti
3168 3732 3351 3777 autem
3381 3721 3669 3775 Dominum

2090 3829 2249 3879 datur
2284 3842 2442 3887 uxor,
2488 3826 2556 3880 de
2596 3840 2703 3894 qua
2753 3826 2955 3880 dictum
3000 3832 3118 3877 est:
3154 3821 3307 3875 Bona
3351 3834 3506 3881 uxor,
3548 3833 3670 3886 pars

2091 3920 2225 3972 bona
2248 3919 2313 3972 ’³.
2355 3917 2421 3972 Ει
2448 3918 2759 3973 :Mulierem
2791 3918 2979 3986 fortem
3009 3917 3129 3987 quis
3164 3915 3387 3969 inveniet
3415 3913 3460 3943 “
3483 3912 3506 3965 ?
3526 3912 3674 3964 aesti-

2094 4014 2346 4068 mabilior
2377 4023 2461 4067 est
2499 4012 2771 4082 lapidibus
2800 4010 3059 4080 pretiosis
3098 4023 3220 4077 quae
3257 4016 3341 4060 est
3383 4003 3669 4073 ejusmodi.

2095 4102 2348 4157 Vicissim
2380 4102 2519 4156 mala
2554 4118 2709 4163 uxor,
2740 4103 2823 4154 ira
2871 4100 2961 4153 Dei
3005 4110 3109 4154 est.

2279 4303 2436 4358 Vens.
2480 4302 2532 4358 5.
2567 4301 2696 4355 Filii
2730 4302 2807 4354 tui
2837 4301 2969 4355 sicut
3007 4298 3220 4353 novella:
3243 4298 3498 4351 olearum.

2178 4397 2270 4451 Sic
2298 4399 2464 4451 etiam
2515 4396 2606 4450 lilii
2656 4396 2852 4449 dantur
2895 4395 3106 4448 timenti
3167 4392 3480 4457 Dominum,
3535 4390 3678 4445 haud

400 4494 626 4567 Κύριον,
652 4495 749 4564 οὐχ
784 4495 959 4565 ὅμοιοι
986 4496 1097 4558 τοῖς
1122 4492 1335 4555 πολλοῖς
1363 4495 1517 4556 υἱοῖς,
1540 4491 1674 4546 ἀλλά
1699 4493 1749 4546 οἱ
1770 4492 1846 4555 ὠς
1873 4492 1980 4545 νεό-

2098 4490 2304 4544 similes
2342 4489 2615 4559 plerisque
2645 4487 2899 4551 filiorum,
2938 4485 3031 4541 sed
3063 4484 3229 4540 veluti
3278 4485 3520 4539 olearum
3559 4498 3681 4539 sur-

399 4604 542 4655 φυτα
575 4585 769 4638 ἐλαιῶν
802 4584 1105 4639 κυκλοῦντα
1132 4585 1225 4638 καὶ
1255 4583 1623 4652 στεφανοῦντα
1649 4584 1747 4654 τὴν
1780 4583 1987 4652 τράπε-

399 4677 495 4743 ζαν
519 4676 713 4731 αὐτοῦ’
748 4677 796 4729 εἰ
819 4676 879 4729 δέ
914 4694 997 4739 τις
1031 4676 1105 4746 μὴ
1136 4673 1502 4745 φοϐουμένους
1535 4674 1625 4726 τὸν
1651 4673 1854 4744 Κύριόν
1882 4691 1987 4744 φη-

400 4788 473 4833 σι,
501 4770 762 4832 πολλάκις
792 4771 850 4822 ὲν
884 4768 1172 4840 περιουσίᾳ
1204 4768 1334 4821 υἱῶν
1365 4767 1632 4837 ὑπάρχειν
1665 4766 1759 4820 καὶ
1805 4769 1862 4820 ὲν
1902 4766 1991 4819 εὐ-

402 4863 564 4934 θηνίᾳ
597 4856 879 4929 γυναικὸς,
918 4860 1031 4914 ἀλλ’
1091 4860 1324 4931 ἐροῦμεν
1364 4860 1447 4912 ὅτι
1474 4862 1501 4913 6
1531 4857 1721 4929 παρὼν
1755 4874 1991 4929 μακαρι-

401 4954 536 5024 σμὸς
556 4955 654 5024 οὐχ
680 4953 865 5016 ἁπλῶς
882 4954 1114 5021 γυναῖκα
1140 4952 1233 5005 καὶ
1247 4953 1409 5005 τέκνα
1436 4950 1851 5019 ἐπαγγέλλεται,
1879 4949 1994 5003 ἀλλ’

403 5046 523 5099 ὅλον
555 5046 685 5099 αὐτὸ
711 5045 887 5110 τοῦτο,
921 5043 1151 5116 ἀμπέλῳ
1180 5045 1278 5115 μὲν
1308 5046 1715 5117 ἀπεικασμένην
1737 5046 1991 5113 γυναῖκα,

403 5137 681 5205 νεοφύτοις
713 5136 769 5191 δὲ
801 5136 996 5189 ἐλαιῶν
1032 5136 1233 5189 ’τέκνα⁸
1270 5139 1329 5190 οὐ
1361 5132 1583 5191 τοιαῦτα
1609 5137 1666 5189 δὲ
1688 5138 1756 5189 τὰ
1788 5136 1896 5188 τῶν
1930 5138 1993 5190 ἁ-

405 5229 576 5281 σεϐῶν
604 5229 700 5297 (7).

475 5363 515 5394 ¹⁹
551 5363 746 5421 lJoan.
781 5380 856 5431 tv,
892 5365 980 5419 18.
1058 5366 1104 5397 ⁸ο
1129 5364 1286 5419 Joan.
1322 5379 1432 5430 xw,
1450 5365 1503 5418 6.
1580 5365 1624 5396 ²¹
1657 5364 1786 5419 Luc.
1822 5361 2038 5428 xw,l’5.

477 5488 554 5559 (Ἰ)
596 5488 758 5540 Paulo
784 5489 942 5559 aliter
984 5489 1194 5559 inrcml.
1237 5487 1299 5541 Ε.
1336 5486 1377 5559 Γ,
1409 5486 1515 5559 2η
1551 5488 1693 5559 ικαὶ
1734 5486 1840 5559 υἱοὶ
1871 5487 1984 5559 δια-

409 5557 670 5646 φέροντες
693 5559 815 5638 τῶν
842 5558 1016 5646 ἄλλων
1044 5558 1273 5646 δίδονται
1297 5557 1389 5646 ,τῷ
1416 5557 1735 5646 φοϐουμένω
1762 5556 1993 5646 Ξδνβύῖ

412 5626 548 5710 ριονς
576 5629 683 5682 ἀπὸ
722 5627 818 5710 τοῦ
867 5629 1072 5683 τελείου
1119 5628 1212 5710 τοῦ
1237 5626 1526 5710 λέγοντος·
1589 5626 1731 5697 Ἐγὼ
1759 5627 1827 5681 δὲ
1849 5626 1994 5680 ὡσεὶ

409 5696 585 5753 Mala
624 5698 1027 5767 κατάχαρπος,
1054 5699 1148 5751 καὶ
1192 5698 1262 5751 τὰ
1291 5699 1437 5768 ἑξῆς*
1470 5699 1570 5769 τῆς
1601 5696 1709 5769 γὰρ
1744 5696 2000 5769 τοιαύτης

416 5717 585 5753 mala
624 5717 1027 5767 καταχαρπος,
1054 5717 1148 5751 και
1192 5717 1262 5751 τα
1291 5717 1437 5768 εςης⁹
1470 5717 1500 5751 τ
1543 5717 1570 5761 ς
1601 5717 1709 5769 γαρ
1744 5717 2000 5764 τοιαυτης

416 5770 603 5834 ἐλαίας
654 5769 723 5823 τὰ
782 5771 1067 5840 γενήματα
1096 5769 1170 5832 ὡς
1224 5769 1458 5839 νεόφυτα
1499 5717 1693 5822 ἐλαιῶν
1727 5764 1869 5823 εἶναι
1916 5767 2000 5819 λέ⁴

2095 4582 2201 4637 culi
2232 4580 2694 4636 circumsistentes
2719 4589 3148 4645 eoronantesque
3195 4591 3435 4630 mensam
3486 4575 3677 4644 patris.

2095 4675 2247 4741 Quod
2278 4675 2322 4727 si
2360 4674 2481 4744 quis
2513 4672 2657 4726 dicat
2691 4670 2811 4725 illos
2839 4672 3000 4725 etiam
3034 4671 3124 4739 qui
3145 4670 3432 4725 Dominum
3460 4668 3691 4722 minime

2100 4769 2315 4829 timent,
2363 4779 2506 4833 saepe
2566 4763 2748 4817 liberis
2803 4762 3082 4815 abundare
3112 4771 3166 4815 et
3204 4760 3389 4814 uxoris
3436 4758 3681 4813 fecundi-

2102 4865 2247 4919 tate;
2314 4852 2784 4923 respondebimus,
2834 4851 2937 4905 dici
2988 4853 3091 4906 hoc
3133 4850 3252 4905 loco
3293 4849 3687 4903 beatitudinem

2101 4947 2241 5001 haud
2265 4944 2511 4999 absolute
2538 4944 2604 4997 tle
2627 4960 2795 4998 uxtire
2821 4952 2875 4996 et
2900 4943 3105 5008 liberis,
3134 4942 3228 4995 sed
3256 4940 3351 4996 viti
3377 4941 3686 5009 comparari

2102 5055 2349 5106 uxorem,
2387 5037 2612 5092 novellis
2640 5054 2771 5092 vero
2798 5035 3042 5090 olearum
3090 5035 3316 5090 liberos.
3376 5032 3539 5102 Atqui
3583 5031 3685 5084 im-

2101 5134 2311 5206 piorum
2358 5132 2561 5185 familia
2600 5147 2704 5185 non
2732 5140 2817 5185 est
2848 5128 3179 5197 hujusn'todi.

2097 5362 2143 5392 ¹²
2173 5358 2192 5413 l
2219 5358 2347 5413 Cor.
2381 5373 2442 5424 ιι,
2476 5357 2529 5411 9.
2588 5357 2635 5387 "
2661 5355 2827 5409 Eccli.
2862 5369 3012 5417 xxvi,
3046 5353 3098 5405 5.
3154 5350 3200 5381 ’⁸
3221 5349 3565 5431 Ριιιινηχχχι,
3595 5344 3683 5401 10.

2098 5500 2274 5552 γεται·
2310 5480 2364 5533 τί
2398 5475 2522 5552 οῦν;
2554 5476 3029 5552 ούκΔείσὶνμᾶδικοι
3061 5475 3126 5552 ἐν
3156 5470 3383 5552 ebori/ig.
3411 5466 3683 5549 γυναικῶν

2097 5538 2158 5607 τε
2186 5555 2282 5607 καὶ
2318 5538 2546 5604 παιδίων
2584 5565 2597 5603 :
2653 5546 2767 5599 ἀλλ’
2798 5547 2897 5598 οὐκ
2925 5544 3163 5615 ἀμπέλῳ-
3344 5538 3683 5615 axungia:

2099 5642 2198 5695 νην
2228 5623 2409 5692 ἔχουσι
2447 5611 3012 5695 γυναῖκαλνεοφύτοις
3042 5614 3099 5667 δὲ
3124 5611 3319 5694 ἐλαιῶν
3348 5614 3531 5695 τέκνα,
3552 5611 3683 5662 Filii

2106 5683 2312 5763 quoque
2344 5709 2376 5743 α
2412 5683 2615 5763 εάίίειςίε
2657 5689 2867 5763 diversi.
2899 5686 3341 5763 dantur_timenti
3379 5683 3682 5759 Dominum,

2108 5754 2139 5819 ὰ
2191 5754 2420 5834 perfecto
2476 5761 2565 5830 qui
2614 5760 2723 5812 ait:
2762 5775 2779 5807 ι
2826 5758 2936 5826 Ισὶρο
2970 5756 3123 5825 φιαδὶ
3160 5759 3272 5809 olea
3318 5754 3618 5826 fructifera.
3660 5768 3683 5800 ι
